1999 3076
167 154 236 188 2571

833 150 1010 182 PROCOPII
1030 148 1152 181 GAZEI

1733 129 1804 180 237a

167 220 183 240 a
200 213 248 241 De:
262 217 362 247 pecore
376 209 459 243 lupos
476 214 581 235 arcere.
598 206 652 233 Sed
669 207 715 241 qui
735 214 766 234 se
779 206 858 241 primi
873 214 960 233 erm-

1027 205 1139 240 ηληϐινὺν
1156 205 1193 241 μὴ
1208 204 1352 241 δεξάμενοι
1366 213 1374 240 ;
1392 195 1482 233 καίτοι
1500 205 1595 241 σαφῶς
1610 205 1674 233 ἐϐόα
1684 214 1691 221 ·
1712 215 1722 232 ‹
1734 205 1805 239 Ἐγώ

166 262 275 291 carunt,
305 261 452 289 veramque
483 254 572 280 lucem
600 261 653 279 non
685 252 867 286 adntiserunt,
896 260 958 280 cum

169 308 264 340 aperte
277 302 452 333 clamantem,
471 309 480 325 ι
501 299 556 334 Ego
577 307 638 327 sunt
651 299 695 326 lux
712 299 805 326 tnundi
823 299 856 332 σί,
882 309 890 324 ι
911 307 961 326 au-

169 348 288 377 dierint?
307 347 340 374 Et
363 354 474 374 rursum
494 355 501 372 :
522 354 531 370 ι
552 344 604 378 Qui
621 344 746 379 sequitur
764 352 807 371 me
832 352 886 371 non
902 352 962 371 atu-

169 394 277 423 bttlabit
297 394 324 420 in
348 392 480 424 tenebris.
502 391 549 418 sed
566 390 678 417 habebit
698 390 790 417 lumen
808 390 871 418 vitae
893 390 926 417 θ’.
950 399 960 416 ι

169 441 209 470 De
227 441 271 468 his
291 439 422 467 nimirum
441 438 487 465 illa
515 442 590 470 sunt,
613 444 674 472 quat
698 436 769 471 apud
799 435 962 472 prophetam

170 488 316 523 reperias:
340 496 349 513 ι
366 486 435 514 Cum
460 486 551 513 lut-em
567 489 773 520 exspectarent,
799 485 878 512 iactae
898 489 963 512 sunt

172 534 228 562 illis
245 533 373 561 tenebrat.
391 531 460 558 Cum
478 530 664 566 splendorem,
683 530 709 557 in
732 530 848 565 caligine
865 531 963 557 amhu-

174 576 343 605 laverunt“.
362 585 370 601 ι
387 574 418 602 Et
435 575 488 602 ista
501 574 583 601 etiam
603 574 773 601 Salvatoris:
792 583 801 600 ι
817 573 964 602 Caecisunt

173 629 310 650 czecorum
328 621 413 648 duces
427 620 467 652 6‘;
484 628 494 646 ι
509 619 582 654 quod
596 624 637 646 est
652 618 685 646 ad
700 622 820 646 mentem
840 618 963 647 referen-

172 668 249 695 dum.
268 667 358 701 Atque
377 665 441 692 hinc
460 669 502 691 est
525 664 599 699 quod
619 671 667 691 eos
683 663 734 691 hoc
752 664 813 691 loco
830 665 962 699 propheta

173 720 265 747 sapere
279 720 331 738 non
348 711 449 738 nouisse
465 709 566 743 adjecit
583 719 589 737 ε
608 709 642 737 ad
660 709 733 744 quod
753 710 796 737 his
812 710 903 738 verbis
916 710 964 737 ad-

175 758 302 786 hortatur
310 761 337 783 et
352 755 456 782 David:
472 764 481 781 ι
501 747 707 790 Apprehendite
717 754 904 790 disciplinam,
916 764 964 784 ne-

174 805 286 841 quando
303 805 441 831 irascatur
457 803 601 835 Dominus,
619 806 646 830 et
666 803 786 838 pereatis
802 803 835 831 de
851 804 894 831 via
914 804 965 838 ju-

175 857 216 879 sta
233 852 266 878 ".
283 859 292 876 ι
314 849 391 877 Sicut
405 849 562 876 inﬁdelibus
587 849 713 884 contigit,
729 849 775 884 qui
791 857 806 876 ιι
824 849 865 876 νίςι
882 857 965 876 evan-

176 895 263 931 gelica
291 894 453 922 aberrantes
487 892 522 920 ob
551 892 577 919 id
603 882 676 920 cum‘
699 882 781 929 grege
812 882 1004 929 perierunt,B

173 939 246 975 quod
261 946 315 967 non
332 938 434 970 solum.
460 942 489 964 ut
511 945 601 970 canes.
620 945 682 965 eum
698 946 752 965 non
770 939 964 971 custodirent;

174 986 222 1013 sed
235 984 317 1021 642
339 984 467 1019 luporum
482 991 559 1011 more
575 983 602 1010 in
623 984 749 1012 eumdem
773 984 901 1011 saevirent
921 985 964 1018 ⁶⁶;

174 1029 266 1064 qualia
286 1030 320 1056 de
351 1028 419 1062 ipsis
445 1027 517 1055 hunc
535 1027 563 1054 itt
583 1027 695 1055 tnodum
713 1028 829 1063 legimus
847 1038 854 1055 :
878 1039 887 1054 ‹
912 1029 960 1056 Sa-

175 1075 302 1103 cerdotes
327 1074 366 1102 tui
384 1081 440 1101 non
457 1073 588 1101 dixerunt
606 1082 613 1101 :
629 1073 680 1101 Ubi
693 1077 736 1102 est
752 1073 885 1102 Dominus
899 1075 911 1102 ’ἔ
938 1079 962 1102 et

175 1121 222 1156 qui
252 1121 342 1155 legem
359 1123 455 1147 tenent
471 1126 514 1146 me
529 1118 694 1154 ignorarunt
706 1119 739 1146 ⁸⁷.
763 1129 772 1145 ι
795 1119 828 1146 Et
841 1124 967 1155 pastores

176 1167 259 1202 impie
277 1167 304 1194 in
335 1173 379 1193 me
403 1168 528 1200 egerunt,
550 1165 597 1200 qui
631 1172 666 1192 ne
697 1165 731 1192 ad
756 1165 885 1193 latratum
906 1165 967 1201 qui-

176 1213 238 1241 dem
265 1219 354 1246 usque
378 1211 517 1247 progressi
546 1215 630 1239 sunt:
662 1211 709 1239 sed
738 1211 806 1238 nihil
824 1212 937 1239 omnino
954 1220 969 1239 ιι

1013 252 1071 285 ειμι
1082 251 1113 278 τὸ
1129 251 1188 286 φῶς
1203 251 1252 278 τοῦ
1268 251 1384 287 κόσμου.
1403 262 1413 278 ι
1428 252 1484 279 Kal.
1502 252 1595 279 πάλιν·
1616 261 1625 278 ι
1645 253 1675 278 Ὀ
1692 252 1805 279 ἀκολου-

1013 298 1068 325 θῶν
1084 297 1148 333 ἐμοὶ
1163 298 1192 324 οὺ
1212 297 1250 333 μὴ
1267 299 1447 334 περιπατήσῃ
1465 299 1493 324 ὲν
1506 299 1539 333 τῇ
1554 298 1659 333 σκοτίᾳ,
1676 297 1735 324 ἀλλ’
1750 296 1806 329 ἓξει

1012 344 1045 371 τὺ
1071 344 1130 379 φῶς
1159 344 1209 378 τῆς
1224 343 1312 378 ζωῆς·
1330 353 1339 370 ι
1364 344 1429 379 περὶ
1454 340 1491 372 ὧν
1513 345 1528 370 ὁ
1540 344 1686 379 προφήτης
1702 344 1785 378 φησιν
1797 351 1805 358 υ

1016 400 1025 417 ι
1037 390 1259 426 ’Υπομεινάντων
1275 390 1366 418 αὐτῶν
1383 390 1452 425 φῶς,
1465 390 1574 424 ἐγένετο
1588 390 1681 421 αὐτοῖς
1693 389 1788 421 σκότος
1797 396 1815 413 ι

1015 438 1166 473 μεινάντων
1182 437 1281 472 αὐγὴν,
1300 437 1329 464 ὲν
1346 437 1437 472 ἁωρίᾳ
1459 437 1678 473 περιεπάτησαν.
1695 445 1704 462 ι
1722 437 1778 462 Καὶ
1793 436 1808 462 ὁ

1013 482 1148 519 Σωτὴρδὲ
1164 491 1232 518 φησι
1258 479 1271 509 ἰ
1282 474 1384 518 Τῦφλοί
1397 477 1450 509 εἰσι
1466 482 1575 517 τυφλῶν
1592 482 1695 517 ὁδηγοὶ,
1711 481 1808 516 δηλον-

1014 529 1056 556 ότι
1087 530 1136 564 τὴν
1151 521 1282 556 διάνοιαν.
1296 538 1306 556 ›
1323 529 1405 555 Ὅθεν
1420 520 1608 564 ἐπήγαγε-νῦν
1623 526 1807 567 οἱπροφιῖτης,

1015 576 1062 604 καὶ
1077 576 1134 602 οὐκ
1151 569 1290 610 ἔγνωσαν
1310 574 1472 610 φρονῆσαι.
1492 575 1530 601 Δι’
1546 575 1615 610 ὅπερ
1632 573 1723 605 αὐτοῖς
1739 581 1810 608 παρ-

1015 621 1158 648 εκελεύετο
1173 619 1332 648 καὶΔαόίδο
1356 630 1365 646 ι
1381 620 1522 655 Δράξασθε
1537 619 1674 651 παιδείας,
1692 620 1730 654 μή
1743 627 1810 646 ποτε

1014 666 1129 702 ὀργισθῇ
1147 665 1250 702 Κύριος
1281 666 1331 693 καὶ
1351 665 1497 693 ἀπολεῖσθε
1525 665 1554 698 ἐξ
1577 664 1638 691 ὁδοῦ
1662 664 1781 694 δικαίας.
1798 672 1808 688 ι

1022 713 1066 745 Ὠς
1083 712 1122 748 μὴ
1137 712 1296 744 πεισθέντες
1308 713 1341 739 ἐκ
1355 711 1405 747 τῆς
1417 711 1476 739 ὀδοῦ
1489 712 1539 746 τῆς
1551 710 1732 745 εὖαγγελικῆς
1743 710 1812 736 ἀπο-

1015 758 1118 786 λώλασι
1135 751 1185 785 σὺν
1197 759 1300 792 αὐτοῖς,
1318 755 1360 790 οἷς
1376 758 1550 793 ἓποίμαινον,
1567 757 1637 793 πρὸς
1651 756 1690 791 τῷ
1706 756 1744 792 μὴ
1759 765 1812 791 φυ-

1016 805 1124 833 λάττειν
1136 805 1176 838 ὡς
1189 805 1291 838 κύνες,
1307 804 1342 831 τὰ
1355 804 1409 832 τῶν
1424 804 1516 831 λύκων
1529 804 1703 839 ποιήσαντες,
1717 803 1754 834 ὡς
1767 802 1812 829 λέ-

1017 851 1113 886 γεσθαι
1127 850 1314 887 περὶαύτῶν·
1335 860 1344 876 ι
1356 851 1387 878 Οἱ
1402 851 1486 886 ἱερεῖς
1499 850 1550 877 οὐκ
1565 848 1643 876 εἷπον
1653 870 1661 881 ,
1678 848 1734 875 Ποῦ
1750 849 1812 875 ἔστι

1018 896 1139 932 Κύριος;
1166 896 1215 922 καὶ
1240 896 1266 923 οἱ
1290 895 1469 931 ἀντεχόμενοι
1494 894 1542 921 τοῦ
1564 894 1659 929 νόμου,
1676 894 1726 920 οὐκ
1749 892 1814 928 ὴπὶο

1021 941 1117 969 σταντό
1130 934 1174 977 με.
1190 934 1199 968 ι
1212 941 1267 969 Καὶ
1283 942 1308 968 οἱ
1324 941 1452 977 ποιμένες
1462 940 1577 977 ἠσέϐουν
1586 941 1626 972 εἰς
1639 940 1698 976 ἐμέ.
1709 939 1740 966 Οἳ
1755 939 1814 966 οὐδὲ

1022 987 1104 1023 μέχρι
1118 986 1165 1014 τοῦ
1182 986 1328 1014 ὑλακτεῖν
1343 986 1568 1025 ὲχώρουν,ιάλλὰ
1590 986 1638 1013 καὶ
1653 985 1730 1012 οὐδὲν
1746 986 1816 1011 κιιθ-

1020 1033 1171 1061 ευδόντων
1184 1033 1357 1069 διαφέροντες
1368 1033 1535 1068 φαντασίαις
1552 1034 1698 1068 προσεῖχον
1721 1031 1816 1066 μόναις

1020 1080 1115 1116 ὥσπερ
1133 1079 1391 1114 ἐνυπνιαζόμενοι.
1413 1080 1459 1106 Διδ
1475 1078 1625 1114 Σύμμαχος
1638 1078 1700 1113 Δμέν
1715 1085 1815 1112 φησιν·

1022 1124 1217 1160 opu/tartara!
1224 1116 1413 1159 κοιμώμενοι,¹
1419 1124 1594 1160 ἀγαπῶντες
1603 1122 1772 1153 νυστάζειν.
1787 1122 1817 1149 '0

1023 1171 1052 1197 δὲ
1072 1161 1200 1203 ’Δκύλαξ-
1215 1170 1430 1206 φανταζόμενοι
1445 1170 1631 1206 κοιμώμενοι,
1645 1168 1819 1204 ἀγαπῶντες

1024 1215 1186 1247 νυστάξαι.

176 1258 370 1286 dormientibus
384 1256 555 1289 diﬂ‘erentes,
573 1257 652 1285 vanis
689 1260 795 1284 tantum
831 1257 1087 1293 imaginationibus,
1121 1261 1206 1288 veluti
1231 1262 1276 1297 qui
1310 1262 1456 1293 somniant,
1484 1261 1678 1293 attenderunt;
1697 1268 1753 1296 quo
1777 1260 1819 1288 fa-

176 1310 250 1333 ctum
275 1309 328 1337 est,
352 1309 381 1330 ut
409 1303 471 1330 visis
496 1303 622 1330 delectari
642 1303 835 1339 Symmachus,
865 1306 969 1332 somnia
1010 1311 1102 1335 autem
1131 1308 1233 1343 ﬁngere
1258 1307 1428 1341 Theodotio;
1454 1312 1571 1344 uterque
1599 1309 1682 1336 simul
1708 1309 1820 1343 quietem

176 1357 202 1380 et
214 1351 432 1379 dormitationem
448 1359 540 1378 amare
554 1351 686 1378 dixerint.

214 1399 296 1426 Tales
317 1399 403 1434 igitur
417 1399 444 1426 in
458 1405 604 1426 extraneos
622 1403 720 1426 contra
739 1406 810 1434 quos
824 1398 972 1434 vigilantes

178 1450 206 1474 et
222 1444 332 1472 sobrios
350 1452 413 1472 esse
427 1444 560 1478 oportuit,
586 1445 638 1479 ipsi
664 1452 693 1472 se
715 1445 916 1479 praestiterunt,
941 1445 971 1472 in

179 1490 348 1519 domesticos
370 1495 462 1518 autem
479 1490 665 1525 impudentes,
681 1491 727 1526 qui
753 1491 902 1519 commissa
920 1491 972 1519 sibi

181 1543 292 1571 pecora,
313 1542 412 1570 magna
431 1537 459 1562 et
484 1534 644 1569 inexplebili
668 1535 818 1570 cupiditate
835 1535 971 1570 depasce-

181 1585 252 1610 rent.
277 1579 343 1609 Jura
360 1581 434 1609 enim
460 1581 584 1617 corrupti
607 1582 690 1610 donis
710 1582 882 1614 evertebaut,
901 1582 973 1610 sicut

183 1633 226 1656 est
242 1636 256 1655 a
277 1627 408 1663 propheta
424 1627 501 1662 prius
518 1627 726 1662 exprobratum,
750 1628 795 1655 ubi
818 1636 866 1655 eos
883 1628 974 1655 furum

183 1674 277 1702 socios
299 1682 372 1707 esse,
389 1674 516 1709 donaque
530 1673 644 1710 diligere
660 1679 829 1709 conquestus
839 1679 891 1702 est.
905 1674 977 1707 Quin

181 1724 210 1747 ct
225 1727 287 1746 cum
320 1718 374 1745 Deo
390 1717 532 1746 Habacum
558 1718 739 1753 expostulans
763 1718 791 1745 in
817 1718 874 1745 haec
893 1718 978 1746 verba

182 1763 265 1792 etiant
280 1762 401 1798 crttmpit
415 1772 422 1790 :
440 1772 449 1789 (
467 1762 508 1790 Ex
526 1762 642 1791 adverso
659 1764 711 1791 mei
727 1763 829 1791 factum
847 1767 890 1792 est
903 1764 978 1799 judi-

184 1809 276 1842 cium;
294 1813 322 1836 et
337 1809 422 1844 judex
438 1809 549 1844 accipit,
567 1816 628 1836 eam
649 1810 685 1837 ob
708 1817 764 1837 rem
788 1809 920 1845 dissipata
937 1813 980 1837 est

184 1856 239 1887 lex,
256 1863 345 1889 neque
371 1855 398 1882 in
424 1854 504 1881 linem
532 1854 660 1882 educitur
675 1855 830 1890 judicium;
846 1855 910 1890 quia
927 1855 979 1882 im-

184 1902 247 1936 pius
264 1900 393 1936 prmvalet
410 1900 543 1927 adversus
556 1899 663 1934 justum
677 1900 710 1926 ⁸⁸.
731 1909 740 1925 ι
752 1899 792 1926 Eo
808 1900 868 1934 ipso
881 1899 980 1927 deinde

185 1947 258 1982 quod
274 1947 396 1974 decimas
416 1950 523 1972 tantum
541 1945 575 1972 de
599 1945 735 1973 fructibus
764 1945 906 1980 percipere
929 1946 978 1973 de-

186 1993 298 2024 bebant,
327 1991 471 2024 anethum,
492 1995 520 2018 et
547 1990 696 2022 mentham,
724 1990 921 2026 cuminumque
939 1991 981 2026 ip-

186 2046 248 2067 sttm
264 2037 441 2065 decimabant
466 2045 473 2063 :
495 2035 634 2070 justitiam
658 2043 740 2068 vero,
760 2036 979 2064 misericordiam

186 2089 214 2110 et
237 2083 330 2113 tidem,
351 2085 423 2110 teste
439 2081 584 2109 Salvatorc
600 2081 622 2096 "
633 2102 640 2114 ,
654 2081 839 2116 negligebant.
856 2081 917 2115 Quo
939 2082 980 2109 fa-

187 2133 263 2154 ctum
281 2132 334 2159 est,
353 2130 385 2154 ut
404 2135 492 2153 omnes
505 2127 560 2153 vias
573 2134 651 2158 suas,
671 2134 724 2153 non
744 2126 790 2154 Dei
806 2132 909 2154 secutos
926 2135 982 2155 esse

188 2173 301 2201 dixerit.
317 2169 411 2207 Neque
426 2179 490 2199 vero
507 2172 575 2199 tales
591 2179 620 2199 se
636 2176 743 2198 tantum
756 2173 896 2207 sigillatim
912 2181 982 2208 pra:-

189 2220 329 2252 stitcrunt,
349 2219 396 2246 sed
419 2227 501 2245 unum
518 2226 614 2245 ontncs
630 2219 787 2253 opinionem
805 2219 892 2246 secuti
910 2220 982 2246 mala

188 2265 306 2293 concilia
324 2265 466 2292 inierunt:
489 2263 569 2298 cujus
597 2263 706 2299 generis
722 2264 767 2290 illa
792 2263 904 2291 fuerunt
922 2274 983 2300 qum

1063 1399 1118 1426 Kal.
1140 1397 1259 1425 τοιοῦτοι
1276 1398 1326 1434 μὲν
1340 1395 1411 1434 ἦσαν
1428 1397 1497 1433 πρὸς
1512 1398 1577 1429 τοὺς
1594 1396 1684 1429 ἐκτὸς,
1701 1396 1763 1423 καθ’
1783 1392 1822 1423 ὧν

1027 1444 1079 1471 ἔδει
1095 1444 1308 1480 διεγρηγορὲναι
1318 1444 1366 1471 καὶ
1381 1444 1489 1480 νήφειν.
1499 1443 1571 1478 Πρὸς
1586 1443 1614 1470 δὲ
1626 1443 1689 1474 τοὺς
1704 1442 1823 1473 οἰκείους

1026 1490 1161 1522 ἀναιδεῖς,
1182 1489 1372 1522 κατεσθίοντες
1401 1490 1435 1516 τὰ
1469 1489 1639 1524 ὑποκείμενα
1662 1488 1820 1524 θρέμματα,

1029 1537 1077 1563 καὶ
1103 1535 1181 1563 τοῦτο
1207 1536 1269 1563 λῑαν
1299 1536 1459 1572 ἀπλήστως.
1489 1535 1675 1571 Παρεδίκαζον
1701 1536 1755 1570 γὰρ
1778 1535 1823 1561 διὰ

1027 1582 1111 1616 δῶρα,
1135 1581 1263 1617 καθάπερ
1282 1581 1334 1617 ἔψη
1362 1581 1510 1616 προλαϐὼν
1522 1582 1680 1617 προφήτης
1699 1581 1825 1608 κοινωνοὶ

1027 1627 1162 1660 κλέπτων,
1180 1627 1344 1662 ἀγαπῶντες
1358 1628 1443 1664 δῶρα.
1460 1628 1517 1655 Καὶ
1532 1627 1696 1663 Ἀμϐακοὺμ
1711 1628 1740 1654 δὲ
1756 1627 1824 1662 πρὸς

1029 1673 1074 1700 τὸν
1103 1673 1419 1709 Θεὸν-ὰγανακτητικὰς
1450 1673 1536 1701 εἰπὼν
1553 1674 1644 1708 φωνὰς
1679 1674 1822 1709 ἐπιφέρει·

1034 1729 1042 1744 ε
1055 1719 1100 1751 Ἐξ
1110 1714 1234 1751 ἐναντίας
1251 1728 1302 1755 μου
1317 1719 1414 1754 γέγονε
1427 1720 1529 1754 κρίσις,
1542 1720 1590 1746 καὶ⁸
1609 1721 1624 1746 ὁ
1644 1720 1742 1755 κριτὴς
1756 1719 1826 1754 λαμ-

1031 1763 1175 1791 6ἀνει.Διὰ
1186 1763 1566 1799 τοῦτο’διεσκέδασταινόμος,
1574 1765 1621 1792 καὶ
1636 1765 1686 1791 οὐκ
1695 1765 1826 1800 ἐξάγεται

1031 1811 1071 1842 εἰς
1085 1811 1164 1843 τέλος
1190 1812 1289 1846 κρῖμα,
1305 1812 1346 1838 ὃτι
1369 1811 1383 1837 ὁ
1399 1811 1502 1847 ἀσεϐὴς
1528 1811 1761 1838 καταδυναστεύει
1779 1811 1826 1838 τὸν

1031 1856 1145 1884 δίκαιον.
1160 1867 1169 1883 ι
1187 1857 1242 1883 Kal.
1252 1858 1300 1883 τοῦ
1308 1857 1337 1884 δὲ
1353 1856 1529 1892 καρποῦσθαι
1545 1856 1594 1889 τὰς
1606 1857 1722 1889 δεκάτας
1735 1857 1825 1892 μόνον,

1031 1903 1153 1937 ἐγίνοντο
1169 1902 1402 1934 ἅποδεκατοῦντες
1419 1903 1448 1929 τὸ
1464 1902 1564 1939 ἄνηθον
1578 1904 1627 1930 καὶ
1640 1903 1672 1930 τὸ
1688 1903 1825 1939 ἡδύοσμον

1032 1949 1080 1976 καὶ
1096 1949 1127 1975 τὺ
1142 1948 1267 1984 κύμινον,
1282 1950 1328 1976 καὶ
1342 1949 1520 1985 παρορῶντες
1535 1950 1585 1984 τὴν
1610 1949 1715 1985 κρίσιν,
1730 1950 1779 1976 καὶ
1795 1949 1827 1976 τὸ

1031 1994 1107 2026 ἕλεος
1126 1995 1173 2021 καὶ
1189 1995 1239 2030 τὴν
1254 1995 1356 2029 πίστιν,
1371 1995 1441 2022 καθά
1456 2003 1538 2030 φησιν
1553 1996 1567 2022 ό
1588 1996 1696 2030 Σωτήρ.
1718 1995 1827 2031 Ταύτης

1032 2040 1114 2067 ’ἑνεκα
1143 2041 1193 2076 τῆς
1217 2041 1308 2073 αἰτίας
1329 2041 1441 2074 πάντες
1458 2041 1527 2076 φησὶ
1546 2041 1610 2074 ταῖς
1625 2041 1708 2073 ὁδοῖς
1727 2040 1828 2068 αὐτῶν

1032 2087 1308 2121 ἠκολούθησαν,ὀύ
1323 2089 1384 2120 ταῖς
1404 2088 1473 2119 ὁδοῖς
1494 2086 1542 2114 τοῦ
1554 2087 1699 2114 Θεοῦ.Καὶ
1713 2087 1745 2113 οὑ
1763 2086 1826 2114 καθ’

1033 2131 1081 2159 ἕνα
1094 2133 1175 2167 μόνον
1187 2130 1258 2169 ἦσαν
1268 2133 1396 2166 τοιοῦτοι,
1406 2133 1474 2161 ἀλλὰ
1483 2133 1530 2160 καὶ
1537 2132 1645 2160 κατὰτὸ
1653 2132 1719 2160 αὐτὸ
1734 2133 1828 2160 συνέδ-

1036 2187 1081 2213 ρια
1099 2179 1257 2214 ποιούμενοι
1282 2179 1399 2215 πονηρὰ,
1419 2178 1462 2207 οἷα
1480 2180 1515 2207 τὰ
1534 2180 1606 2206 κατὰ
1628 2179 1759 2215 Χριστοῦ,
1781 2179 1829 2205 καὶ

1034 2224 1089 2250 τῶν
1103 2225 1271 2252 ἀποστόλων.
1294 2225 1362 2258 Ταῖς
1383 2225 1436 2261 γὰρ
1453 2226 1534 2260 ὁδοῖς
1549 2225 1650 2253 αὐτῶν
1681 2225 1830 2253 ἀκολουθ-

1035 2269 1141 2303 οῦντες
1156 2270 1291 2305 φιλήδονοι
1310 2270 1410 2306 μᾶλλον
1425 2268 1506 2306 ἦσαν,
1521 2271 1537 2307 ἢ
1556 2271 1685 2306 φιλόθεοιη

189 2311 217 2338 itt
247 2309 390 2338 Cluistum
421 2314 447 2336 et
475 2308 617 2343 apostolos
646 2307 811 2336 habuerunt.
846 2309 914 2336 Cum
935 2310 1008 2338 enim
1025 2321 1087 2341 suas
1108 2315 1150 2341 illi
1166 2313 1223 2342 viae
1259 2321 1441 2351 sequerentur,
1455 2317 1627 2351 voluptatum
1651 2324 1681 2345 se
1704 2323 1828 2349 suarutn,

188 2366 270 2394 quam
291 2357 337 2384 Dei
357 2356 524 2383 amantiores
542 2355 729 2390 prmhuerunt.

494 2401 572 2429 CAP.
591 2400 671 2429 LVII.

225 2451 310 2479 Vens.
346 2447 429 2476 1-H.
460 2447 548 2475 Videte
572 2447 704 2482 quomodo
728 2447 818 2482 justus
841 2447 930 2482 periit,
959 2453 982 2475 et

191 2497 279 2524 nullus
307 2496 345 2522 vir
368 2494 479 2529 suscipit
505 2493 594 2521 corde.
613 2492 646 2519 Et
673 2493 722 2520 viri
745 2494 815 2528 justi
840 2494 982 2526 tolluntur,

190 2550 271 2578 neque
288 2549 428 2577 quaquam
444 2544 495 2571 est,
513 2540 559 2575 qui
585 2539 742 2566 consideret.
763 2541 784 2565 Λ
812 2540 881 2574 facie
902 2541 985 2575 siqui-

190 2589 249 2615 dem
265 2587 415 2623 iniquitatis
434 2586 555 2613 sublatus
570 2591 608 2612 est
622 2586 724 2619 justus.
747 2585 807 2612 Erit
822 2587 848 2613 in
863 2594 926 2621 pace
945 2595 986 2613 se-

190 2633 299 2668 pultura
338 2632 406 2665 eius,
443 2630 551 2658 sublata
573 2635 611 2657 est
638 2631 669 2657 de
691 2631 786 2658 medio.
821 2631 872 2658 Vos
897 2638 985 2659 autem.

192 2677 308 2704 accedite
332 2677 391 2707 huc,
421 2676 471 2711 lilii
497 2676 599 2711 iniqui,
625 2685 712 2703 semen
737 2677 935 2709 adulterorum,
959 2683 984 2704 et

193 2724 339 2750 meretricis
348 2743 354 2755 ,
376 2727 431 2750 etc.

230 2769 324 2803 Itaque
341 2767 446 2795 nefaria
462 2775 558 2795 eorum
577 2768 754 2796 inChristutn
772 2772 797 2795 et
812 2767 902 2803 juslos
916 2775 983 2796 con-

230 2847 251 2863 ⁶¹
270 2846 348 2873 Joan.
366 2854 433 2878 vuI,
451 2847 482 2873 1?.
518 2847 541 2861 θ’
565 2847 632 2874 ibid.
668 2847 691 2862 ⁸⁵³
711 2847 763 2874 lsa.
791 2856 845 2879 nx,
866 2849 892 2875 9.

195 2881 219 2897 ⁸⁷
241 2882 362 2916 Sophon.
379 2889 421 2914 ttt,
438 2882 465 2908 4.
504 2881 526 2897 ⁸⁸
542 2881 645 2910 Hahae.
664 2891 691 2916 ι,
706 2883 731 2915 '5,
748 2884 775 2912 -ί,

943 2849 965 2864 ⁵⁵
978 2848 1073 2876 Matth.
1091 2857 1136 2882 xv,
1153 2850 1196 2878 Μ.

825 2885 846 2900 ⁵⁸
866 2884 960 2912 Matth.
979 2892 1045 2911 xxm
1059 2904 1065 2917 ,
1081 2885 1125 2912 “25.

1324 2404 1448 2431 ΚΕΦᾹΛ.
1473 2404 1536 2431 ΝΖ’.

1070 2449 1145 2476 α-ιδ’.
1165 2449 1254 2477 Ἴδετε
1272 2450 1312 2483 ὡς
1327 2452 1343 2477 ὀ
1355 2451 1473 2484 λίκαιος
1489 2450 1637 2483 ἀπώλετο,
1662 2450 1712 2477 καὶ
1730 2451 1830 2486 οὐδεὶς

1035 2494 1114 2529 ἀνὴρ
1140 2495 1293 2530 ἐκδέχεται
1317 2496 1355 2531 τῇ
1379 2496 1496 2531 καρδίᾳ.
1521 2496 1576 2523 Καὶ
1599 2497 1708 2531 ἄνδρες
1722 2497 1831 2525 δίκαιοι

1036 2541 1182 2575 αἴρονται,
1197 2541 1248 2569 καὶ
1267 2541 1367 2574 οὐδεὶς
1396 2542 1545 2569 κατανοεῖ.
1558 2543 1632 2569 Ἀπὸ
1656 2543 1710 2578 γὰρ
1735 2552 1831 2578 προσ-

1036 2587 1120 2614 ώπου
1134 2588 1252 2621 ἀδικίας
1273 2587 1358 2622 ἦρται
1374 2591 1390 2615 ό
1408 2589 1535 2622 δίκαιος.
1551 2589 1659 2616 Ἔσται
1675 2590 1711 2616 ἐν
1725 2590 1831 2625 εἱριξνῃ

1037 2635 1057 2668 ἡ
1079 2633 1158 2668 ταφὴ
1179 2634 1283 2660 αὑτοῦ.
1302 2631 1403 2668 Ἦρται
1427 2635 1460 2661 ἑκ
1480 2635 1534 2662 τοῦ
1553 2635 1662 2670 μέσου.
1683 2636 1782 2671 ἠιεῖς
1798 2637 1833 2663 δὲ

1038 2678 1247 2713 προσαγάγετε
1273 2675 1332 2705 ὧδε
1354 2679 1414 2706 υἱοὶ
1437 2679 1554 2715 ἄνομοι,
1578 2680 1699 2715 σπέρμα
1717 2680 1832 2716 μοιχῶν

1036 2725 1086 2751 καὶ
1103 2724 1230 2758 πόρνης,
1245 2734 1271 2752 κ.
1284 2734 1311 2752 τ.
1329 2725 1354 2751 λ.

1072 2769 1112 2796 Δι’
1129 2770 1198 2806 ὅπερ
1218 2771 1299 2803 εὐθὺς
1316 2770 1408 2799 αὐτῶν
1423 2771 1456 2798 τὰ
1484 2772 1555 2800 κατὰ
1569 2773 1690 2808 Χριστοῦ
1711 2773 1759 2800 καὶ
1774 2772 1830 2801 τῶν

1241 2852 1262 2867 ⁵⁵
1278 2850 1350 2879 Psal.
1380 2858 1410 2884 ll,
1432 2851 1476 2878 12.
1516 2851 1539 2868 ⁸⁸
1563 2851 1662 2881 Ezech.
1685 2861 1758 2886 xxtt,
1779 2853 1828 2881 26.
