1999 3076
169 174 241 206 2573

737 171 1002 203 COMMENTARII
1034 172 1074 203 ΙΝ
1106 174 1248 204 ISAIAM.

1727 174 1797 205 9574

165 231 279 257 δικαίων
307 230 434 264 ἐπιφέρει
458 230 624 266 τολμήματα
649 230 753 264 λέγων’
780 229 875 256 Ἴδετε
888 229 927 262 ὡς
947 238 957 256 ί

1014 230 1078 257 cilia
1104 231 1195 258 statim
1220 230 1335 262 addidit,
1358 239 1418 258 cum
1439 230 1531 258 dixit:
1557 231 1645 259 Videte
1672 233 1803 266 quomodo

167 277 283 310 δίκαιος
299 276 424 310 αἴρεται,
443 277 493 303 καὶ
508 277 610 310 οὐδεὶς
625 277 778 312 ἐκδέχεται
793 276 830 311 τῇ
848 275 967 310 καρδίᾳ.

168 323 223 349 Καὶ
241 322 300 353 πῶς
324 322 379 358 γὰρ
406 322 525 357 ἤμελλον
551 322 626 349 ἰδεῖν
643 323 667 349 οἱ
690 320 833 358 τυφλοίςῆ
854 321 908 356 γὰρ
933 321 967 348 ἃν

167 368 260 404 ἑώρων
277 369 370 400 αὑτὸν,
380 369 428 403 τὴν
446 368 511 395 κατ’
529 368 622 395 αὐτῶν
636 369 792 404 οἰκονομίαν
806 369 963 409 νοήσαντεςΙ

166 415 213 441 καὶ
227 415 276 442 οὑκ
291 415 325 442 ἂν
344 417 376 442 ἐκ
394 415 448 442 τῶν
472 415 604 442 ἐναντίων
620 415 713 449 ἔλεγον
723 423 730 430 ·
750 424 759 440 ι
771 416 902 450 Δήσωμεν
919 414 965 440 τὸν

166 461 270 487 δίκαιον
285 461 328 487 ὅτι
341 461 510 497 δύσχρηστος
524 462 591 497 ἡμῖν
607 462 698 494 ἐστιν;
716 471 724 486 ι
744 461 862 494 Δίκαιος
872 460 901 487 δὲ
919 458 963 495 ἦν,

166 508 204 539 ὡς
220 508 270 534 οὐκ
294 507 372 539 εἰδὼς
401 508 560 544 ἁμαρτίαν·
583 508 614 535 οὐ
635 508 649 528 d
680 508 841 543 μετέχοντες
861 508 909 534 καὶ
938 507 963 533 οἱ

169 553 289 588 μαθηταὶ
303 554 503 589 χρηματίζουσι
517 554 637 586 δίκαιοι,
664 554 710 586 οὒς
735 554 783 581 καὶ
797 553 894 585 αὐτοὺς
909 553 962 580 ἀπ-

169 600 295 627 έκτειναν
308 601 354 628 τὸν
365 601 544 635 εὑαγγελικδν
554 601 648 633 αὐτοῖς
656 601 858 637 πρεσϐεύοντας
870 600 961 635 λόγον.

172 646 351 673 ’Λπέκτειναν
362 646 429 681 γοῦν
446 647 575 674 Ἰάκωϐον
596 647 642 674 τὸν
655 647 771 682 ἀδελφὸν
784 647 831 674 τοῦ
846 647 959 683 Κυρίου,

166 692 213 718 καὶ
237 691 387 725 Στέφανον,
417 692 448 718 τὸ
476 694 526 727 τῆς
554 692 682 723 ἀσεϐείας
714 692 765 718 οὐκ
790 691 960 726 ἐννοούμενοι

167 736 299 773 μέγεθος·
316 737 385 773 ὅπερ
413 737 473 764 ἐστὶ
498 738 538 771 τὸ,
562 737 606 773 μὴ
621 737 800 772 ἐκδέχεσθαι
824 737 862 772 τῇ
889 746 959 772 καρ-

165 785 214 811 διά
219 805 225 812 .

199 871 300 907 *Ηρται
315 873 342 899 δὲ
356 873 403 899 καὶ
423 872 456 899 ὲκ
468 871 631 906 προσώπου
646 871 765 903 ἀδικίας
783 871 800 898 ό
812 870 929 902 δίκαιος
946 877 952 884 ·

164 918 237 945 τοῦτ’
250 917 334 950 ἐστιν,
347 918 372 944 oi
386 918 472 945 ἄδικοι
486 918 709 952 κατηγωνίσαντο
721 917 792 950 τοὺς
805 917 952 950 δικαίους.

171 963 253 998 Ὁμοῦ
272 963 301 989 δὲ
321 963 368 990 καὶ
391 963 437 990 τὸν
454 963 580 997 θάνατον,
598 962 645 990 καὶ
666 962 716 998 τὴν
740 963 887 991 ἀνάστασιν
910 961 958 989 τοῦ

164 1007 269 1043 Κυρίου
288 1007 436 1043 δεδήλωκε.
447 1008 498 1036 Διὰ
515 1008 564 1043 μὲν
580 1008 635 1043 τῆς
648 1007 758 1043 ταφῆς,
774 1008 820 1036 τὸν
831 1008 957 1035 θάνατον·

165 1053 210 1080 διὰ
232 1053 261 1080 δὲ
276 1053 324 1080 τοῦ
345 1050 433 1089 ἦρθαι
455 1053 556 1089 ταύτην
572 1054 605 1080 ἐκ
627 1053 721 1089 μέσου,
734 1054 785 1089 τὴν
798 1053 957 1081 ἀνάστασιν.

171 1099 291 1135 Ἀφανὴς
307 1099 363 1135 γὰρ
380 1100 476 1134 γέγονε
489 1100 526 1136 μὴ
544 1100 687 1135 μείναντος
702 1101 732 1127 ὲν
749 1100 817 1137 αὐτῇ
840 1100 888 1127 τοῦ
910 1109 957 1128 τα-

164 1145 271 1179 φέντος,
286 1145 325 1177 ὡς
338 1145 385 1171 καὶ
398 1145 443 1172 τὸν
461 1146 577 1180 ἄγγελον
591 1145 681 1180 λέγειν
691 1153 698 1160 ·
718 1145 812 1178 Δεῦτε,
829 1145 898 1173 ίδετε
912 1145 959 1172 τδν

163 1190 246 1217 τόπον
261 1190 328 1216 ὅπου
346 1189 445 1216 ἔκειτο.
466 1190 528 1221 Πῶς
550 1189 579 1217 δὲ
604 1190 717 1225 γέγονεν
731 1191 751 1225 ἡ
767 1190 847 1225 ταφὴ
864 1190 958 1217 αὑτοῦ

163 1234 198 1261 ἐν
211 1235 326 1270 εἰρήνῃ,
339 1234 356 1270 ἢ
370 1235 412 1261 ὄτι
425 1235 545 1269 σιωπῶν,
566 1235 614 1263 καὶ
637 1236 720 1271 μηδὲν
739 1236 888 1270 ἀντιλέγων
901 1237 958 1270 [hv-

165 1289 284 1316 ῃρηται;
301 1281 316 1316 ἢ
339 1282 380 1308 ὃτι
403 1280 454 1308 οὐκ
469 1281 651 1309 ἐπεδικάσατο
667 1281 750 1309 αὑτοῦ
771 1283 785 1310 ὁ
804 1282 896 1318 ἄρχων
910 1281 958 1308 τοῦ

164 1327 267 1362 κόσμου
286 1326 393 1361 τούτου,
410 1327 494 1363 μηδὲν
508 1327 597 1363 εὑρὼν
611 1328 641 1355 ὲν
652 1328 745 1364 αὒτῷ;
768 1328 785 1364 ἢ
805 1328 843 1360 ὥς
863 1337 957 1364 φασιν,

164 1372 258 1408 ιπειδὴ
276 1372 378 1405 πάντες
403 1373 427 1399 oi
452 1372 609 1409 amomum!
633 1374 695 1406 τῶν,
718 1374 863 1408 Ἰουδαίων,
889 1374 959 1410 μετὰ

163 1419 220 1446 τῶν
236 1418 376 1454 ὑπηκόων,
397 1419 563 1448 ἀπέκτειναν
583 1419 665 1447 αὑτὸν
682 1419 797 1456 ὁμονοίᾳ
817 1420 959 1457 χρησάμε-

164 1474 215 1497 νοι,
237 1465 351 1500 μηδενὸς
366 1465 564 1500 ἀντιλέγοντος.
586 1466 633 1493 Ἐκ
651 1465 754 1502 πολλῆς
773 1466 802 1493 δὲ
820 1466 958 1502 φιλοθεῖας

163 1509 256 1537 λοιπὸν
270 1512 284 1537 ὁ
299 1511 446 1547 προφήτης
461 1512 554 1543 αὺτοῖς
565 1511 737 1548 ἐπιφέρεται,
756 1510 797 1544 οἷς
810 1512 860 1539 οὐκ
873 1513 955 1549 ἠρκε-

164 1565 194 1583 σε
212 1556 267 1583 τῶν
288 1556 437 1592 προφητῶν
453 1557 484 1584 τὸ
500 1555 579 1592 αἷμα,
604 1557 674 1592 πρὸς
690 1557 757 1585 αὐτὸ
770 1557 800 1585 δὲ
814 1558 864 1593 τῆς
880 1567 956 1594 μιαι-
970 1576 992 1605 c

163 1603 261 1637 φονίας
286 1602 440 1639 ἀνέδραμον
469 1603 500 1630 τὸ
527 1603 685 1638 κεφάλαιον.
706 1604 798 1631 Δεινδν
825 1603 875 1639 μὲν
902 1604 957 1640 γὰρ

162 1643 204 1674 ὅτι
229 1648 277 1675 καὶ
291 1647 375 1675 πάλαι
398 1649 463 1680 τοὺς
486 1649 631 1684 προφήτας
654 1649 865 1684 ἐσυκοφάντουν.
883 1649 958 1684 Πλὴν

163 1694 221 1721 ἀλλ’
235 1692 304 1730 ἦσαν
325 1694 464 1730 ἄνθρωποι
484 1695 561 1727 τάξιν
584 1695 723 1730 οἰκετικὴν
749 1695 955 1731 περιφέροντεςι

164 1738 197 1767 Τί
210 1741 232 1768 δ’
251 1740 284 1768 ἂν
297 1741 396 1773 εἴποις,
413 1741 506 1776 φησὶν,
525 1741 566 1768 ὅτι
583 1742 644 1768 κατ’
671 1741 755 1769 αὑτοῦ
781 1741 829 1769 τοῦ
847 1743 956 1769 πάντων

165 1786 301 1813 Δεσπότου
315 1786 368 1819 τὰς
383 1786 528 1821 γλώσσας
543 1787 691 1823 ὲκίνησαν;
712 1787 888 1823 Σαμαρείτην
901 1787 955 1824 γὰρ

163 1833 265 1867 ἔλεγον,
281 1833 329 1860 καὶ
341 1833 495 1869 οίνοπότην,
508 1833 556 1860 καὶ
576 1834 609 1860 ὲκ
633 1834 764 1869 πορνείας
785 1834 956 1870 γεγεννημέ-

162 1888 217 1911 νον,
235 1879 284 1906 καὶ
295 1879 440 1915 δαιμονᾷν.
454 1879 510 1906 Καὶ
522 1879 598 1911 τέλος
611 1879 719 1916 Πιλάτῳ
733 1880 955 1916 προσαγαγόντες

161 1925 291 1959 ἔφασκον·
321 1934 331 1951 ι
344 1921 428 1958 Οὗτος
441 1925 562 1952 ἀνασείει
575 1925 639 1957 τοὺς
658 1925 763 1961 ὄχλους,
782 1925 830 1953 καὶ
854 1925 955 1953 κωλύει

162 1971 262 2006 φόρους
275 1971 376 1998 διδόναι
391 1971 539 2007 Καίσαρι.»
558 1971 711 2007 Τοιγαροῦν
724 1971 759 1999 δι’
774 1972 886 1999 Ἠσαῖου
902 1981 955 2007 φη-

162 2016 205 2044 σὶν
225 2017 240 2043 ὁ
259 2017 372 2052 Σωτήρ·
399 2017 490 2044 «om
512 2017 613 2050 αὐτοῖς,
639 2017 680 2044 ὅτι
703 2011 883 2053 ἀπεπήδησαν
907 2017 955 2044 ἀπ’

160 2062 240 2097 ἐμοῦ.
256 2062 372 2090 Δείλαιοί
384 2063 463 2094 εἰσιν,
478 2063 520 2090 ὅτι
535 2062 680 2098 ἠσέϐησαν
690 2063 730 2095 εἰς
743 2062 806 2098 ἐμέ.
829 2062 903 2097 Ἐγὼ
923 2062 953 2090 δὲ

162 2109 362 2145 ὲλυτρωσάμην
387 2107 496 2140 αὐτούς.
521 2108 604 2135 Αὐτοὶ
628 2108 657 2135 δὲ
678 2108 867 2145 κατελάλησαν
893 2109 954 2136 κατ’

160 2155 227 2190 ἐμοῦ
242 2155 336 2191 ψευδῆ.
351 2164 360 2181 ι
379 2154 476 2182 Καίτοι
492 2154 546 2190 γὰρ
557 2155 659 2187 εἰδότες
673 2155 714 2181 ὅτι
731 2155 813 2187 αὐτὸς
827 2156 841 2182 ὁ
854 2155 953 2191 κληροο

160 2201 243 2236 νόμος
259 2201 343 2235 ἐστὶν,
359 2200 468 2235 ελεγον·
487 2210 496 2227 ι
509 2201 605 2233 Δεῦτε,
621 2201 828 2237 ἀποκτείνωμεν
840 2201 949 2228 αὐτόν.»

1014 276 1104 311 justus
1128 278 1244 310 tollitur,
1264 281 1290 304 et
1313 285 1388 304 nemo
1407 277 1518 312 suscipit
1535 278 1623 304 corde.
1645 277 1698 306 Sed
1712 279 1803 310 enim,

1018 322 1065 356 qui
1079 322 1167 349 uidere
1182 327 1319 358 poterant,
1335 322 1382 358 qui
1396 322 1461 350 caeci
1477 323 1574 350 erant?
1597 324 1697 350 Annon
1718 322 1803 355 enim.

1017 367 1040 394 si
1058 367 1147 401 ipsum
1163 372 1256 395 essent
1282 368 1386 400 intuiti,
1403 375 1537 396 converso
1553 368 1585 396 ad
1610 369 1803 401 oeconomiam,

1016 421 1077 448 qua:
1095 417 1191 441 contra
1207 422 1237 441 se
1259 417 1312 445 est,
1328 413 1430 445 animo,
1454 421 1509 440 non
1526 421 1558 440 ex
1579 413 1694 441 adverso
1716 413 1804 441 dixisv

1016 462 1078 485 sent
1094 467 1101 485 :
1121 468 1130 484 ι
1149 458 1278 493 Ligemus
1290 459 1406 492 justum,
1429 458 1558 493 quoniam
1577 458 1682 486 inutilis
1697 463 1739 486 est
1752 466 1803 485 no-

1015 503 1058 530 bis
1082 503 1126 529 "?
1147 513 1156 527 ι
1181 502 1245 530 Erat
1260 511 1324 531 vero
1340 503 1363 530 is
1375 503 1477 538 justus,
1493 502 1574 538 653
1591 504 1637 536 qui
1661 509 1802 538 peccatum

1014 548 1176 576 nesciebat:
1195 549 1274 583 cujus
1302 553 1329 576 et
1356 549 1404 584 qui
1429 549 1510 576 etiam
1540 549 1689 584 participes
1713 549 1802 576 effecti

1014 599 1089 628 sunt,
1114 595 1254 630 discipuli,
1279 595 1345 630 justi
1368 603 1478 630 quoque
1498 599 1707 629 nuncupantur;
1733 602 1802 630 quos

1013 639 1070 673 isti,
1095 648 1157 668 cum
1183 641 1370 676 evangelicum
1391 647 1545 668 sermonem
1577 640 1801 675 promulgarent,

1012 685 1223 714 interemerunt.
1250 686 1451 714 Intertererunt
1478 686 1562 721 igitur
1586 683 1717 713 Iacobum
1745 685 1803 712 fra-

1012 736 1082 760 trem
1110 732 1240 765 Domini,
1265 737 1292 760 et
1323 732 1505 766 Stephanum,
1533 739 1595 759 cum
1624 731 1658 759 ad
1686 733 1802 760 sceleris

1010 777 1217 814 impietatisque
1229 779 1445 814 magnitudinem
1460 786 1514 805 non
1527 777 1700 805 adverterent
1713 785 1720 811 ;
1731 778 1803 813 quod

1010 821 1101 860 ipsum
1117 827 1160 853 est
1175 833 1342 860 nequaquam
1358 823 1436 851 corde
1450 824 1593 858 suscipere.

1046 869 1097 897 Est
1113 878 1178 898 vero
1195 870 1275 898 etiam
1289 878 1306 897 (ι
1321 870 1389 904 facie
1400 869 1548 905 iniquitatis
1563 869 1684 896 sublatus
1695 869 1803 904 justus;

1009 915 1083 951 quod
1106 915 1179 943 idem
1202 915 1283 951 plane
1305 919 1359 947 est,
1376 922 1408 942 ac
1431 915 1454 942 si
1473 915 1508 942 ab
1526 914 1636 950 iniustis
1658 920 1803 951 superatos

1009 969 1070 990 esse
1089 962 1178 997 justas
1207 961 1320 989 diceret.
1348 961 1437 988 Simul
1460 964 1551 988 autem
1579 965 1608 990 et
1634 966 1751 989 mortem
1776 967 1803 988 et

1008 1007 1239 1036 resurrectionem
1257 1007 1364 1035 Domini
1381 1006 1558 1042 signiﬁcavit.
1574 1007 1626 1035 Per
1638 1007 1802 1042 sepulturam

1008 1054 1131 1089 quidem,
1148 1057 1264 1082 mortem
1285 1053 1385 1088 ipsam.
1402 1053 1636 1081 resurrectionem
1660 1057 1752 1081 autem
1770 1061 1805 1080 eo

1007 1099 1084 1134 ipso,
1111 1099 1185 1135 quod
1212 1107 1272 1127 eam
1299 1099 1333 1127 de
1363 1099 1453 1126 medio
1482 1098 1616 1126 sublatam
1636 1106 1698 1127 esse
1721 1099 1801 1127 dixit.

1008 1146 1130 1173 Obscura
1146 1145 1218 1173 enim
1236 1144 1297 1175 fuit.
1311 1151 1374 1172 cum
1394 1145 1421 1172 in
1438 1151 1482 1176 ea.
1498 1144 1544 1179 qui
1560 1145 1685 1180 sepultus
1700 1144 1801 1176 fuerat,

1010 1199 1064 1218 non
1083 1191 1273 1222 remansisset,
1291 1190 1351 1225 ipso
1366 1194 1486 1218 testante
1509 1190 1619 1226 angelo,
1640 1197 1704 1218 cum
1723 1198 1804 1218 acce-

1009 1237 1085 1268 dere.
1106 1237 1254 1272 locumque
1280 1236 1326 1264 ubi
1353 1235 1489 1270 iacuisset
1512 1235 1648 1270 inspicere
1676 1236 1802 1264 hortare~

1009 1287 1055 1310 tur
1068 1282 1101 1310 ⁷¹,
1119 1282 1170 1316 Qui
1187 1286 1278 1310 autem
1295 1282 1322 1308 in
1337 1289 1399 1316 pace
1411 1282 1469 1316 ejus
1485 1281 1567 1316 fuisse
1581 1281 1719 1317 sepultura
1729 1282 1804 1310 dica-

1009 1333 1054 1355 tur
1071 1337 1077 1355 :
1095 1328 1147 1356 nisi
1164 1328 1207 1356 vel
1220 1327 1285 1363 quia
1304 1333 1410 1360 tacens,
1426 1327 1551 1363 nihilque
1561 1331 1659 1355 contra
1672 1327 1801 1360 aﬂ'erens,

1008 1374 1191 1410 interemptus
1207 1378 1266 1407 est;
1281 1373 1470 1409 velquiajure
1483 1373 1510 1401 in
1526 1381 1588 1402 eum
1605 1381 1661 1402 non
1679 1374 1803 1402 decerta-

1008 1421 1047 1448 vit
1071 1421 1153 1456 huius
1178 1419 1273 1447 mundi
1298 1419 1435 1455 princeps,
1452 1420 1498 1455 qui
1523 1419 1591 1447 nihil
1612 1419 1640 1448 in
1657 1427 1692 1448 eo
1712 1420 1801 1456 culpa:

1009 1466 1121 1502 reperit,
1136 1466 1178 1494 vel
1192 1466 1288 1498 etiam,
1302 1465 1389 1496 aiunt.
1412 1465 1479 1501 quia
1495 1465 1530 1493 ab
1547 1465 1676 1493 omnibus
1691 1464 1804 1493 Iudaeo-

1008 1520 1070 1540 rum
1093 1512 1222 1545 dueibus,
1244 1512 1348 1547 populo
1367 1511 1429 1547 ipso
1450 1511 1652 1547 consentiente,
1672 1512 1803 1548 nulloque

1010 1561 1199 1593 repugnante,
1226 1557 1382 1585 trucidatus
1410 1556 1471 1585 est?
1496 1557 1584 1585 Multo
1611 1557 1743 1593 deinceps
1772 1557 1801 1586 in

1011 1604 1094 1631 Deum
1117 1610 1211 1631 amore
1233 1603 1368 1638 propheta
1391 1602 1523 1630 incensus
1537 1603 1565 1631 in
1584 1610 1633 1632 eos
1652 1604 1801 1638 invehitur,

1008 1649 1055 1685 qui
1084 1649 1206 1677 nondum
1234 1647 1432 1684 prophetarum
1461 1648 1597 1683 sanguine
1624 1649 1738 1682 satiati.
1766 1650 1801 1677 ad

1008 1702 1146 1724 summum
1170 1693 1345 1722 crudelitatis
1366 1694 1472 1730 apicem
1494 1695 1689 1723 ascenderunt.
1710 1694 1801 1723 Grave

1008 1742 1081 1770 enim
1104 1744 1164 1769 erat
1186 1741 1252 1768 olim
1272 1741 1423 1777 prophetas
1438 1741 1473 1769 ab
1495 1742 1536 1770 eis
1558 1741 1629 1770 falso
1645 1743 1768 1770 accusari
1791 1754 1798 1770 :

1007 1788 1053 1823 qui
1081 1791 1173 1815 tamen
1197 1791 1225 1815 et
1250 1786 1269 1814 ii
1294 1787 1424 1815 mortales
1442 1791 1534 1820 erant,
1548 1795 1746 1824 servorumque
1771 1788 1799 1816 in

1006 1841 1123 1861 numero
1136 1832 1232 1860 habiti.
1248 1832 1302 1860 Sed
1325 1833 1390 1868 quid
1408 1833 1443 1861 ad
1467 1833 1534 1862 illud
1559 1835 1738 1870 respondeas,
1754 1835 1797 1862 in-

1007 1879 1077 1914 quit,
1093 1877 1167 1913 quod
1185 1886 1265 1906 suum
1290 1879 1423 1907 adversus
1439 1879 1489 1912 illi,
1508 1879 1687 1915 omniumque
1708 1880 1800 1908 Domi‘

1008 1931 1073 1951 num
1102 1923 1222 1959 linguam
1247 1923 1400 1952 acuerunt?
1433 1923 1638 1952 Samaritanum
1663 1926 1685 1941 "
1712 1926 1796 1958 enim,

1006 1969 1145 2002 vinosum,
1166 1970 1281 1997 nothum
1305 1973 1332 1997 et
1352 1969 1479 1998 insanum
1494 1977 1557 1998 esse
1570 1971 1603 2004 ⁷³,
1622 1970 1655 1998 ad
1676 1971 1795 1999 Pilatum

1007 2015 1106 2043 deinde
1126 2015 1318 2051 pertrahentes
1339 2015 1434 2043 turbas
1456 2023 1518 2043 eum
1541 2016 1673 2050 excitare,
1693 2016 1796 2045 Caesari

1007 2061 1126 2097 denique
1149 2069 1184 2089 ne
1207 2061 1353 2097 vectigalia
1384 2061 1569 2095 solverentur,
1595 2063 1743 2098 prohibere
1760 2064 1796 2096 ⁷⁸,

1006 2107 1066 2135 ausi
1093 2111 1157 2135 sunt
1179 2106 1326 2136 aﬂirmare.
1347 2106 1417 2135 Hinc
1444 2108 1490 2135 illa
1517 2107 1611 2143 igitur,
1636 2116 1697 2144 quae
1722 2110 1795 2145 apud

1005 2154 1103 2182 Isaiam
1115 2154 1182 2181 dicit
1199 2154 1228 2181 in
1244 2153 1317 2181 hunc
1331 2153 1441 2181 modum
1460 2153 1587 2182 Salvator
1604 2163 1610 2181 :
1629 2164 1638 2181 ι
1653 2154 1700 2182 Vae
1715 2155 1793 2190 ipsis.

1005 2199 1134 2235 quoniam
1150 2196 1326 2228 recesserunt
1341 2208 1356 2227 a
1373 2208 1417 2228 me
1433 2210 1439 2229 :
1454 2201 1549 2229 miseri
1570 2205 1645 2234 sunt,
1663 2203 1794 2236 quoniam

159 2246 215 2273 Καὶ
229 2246 274 2273 διὰ
286 2246 333 2273 τοῦ
355 2246 463 2282 ψαλμοῦ
485 2246 514 2273 δέ
535 2254 619 2282 φησιν
632 2253 638 2260 ·
662 2255 671 2272 ι
681 2245 755 2273 ’Λντὶ
773 2245 821 2273 τοῦ
835 2246 953 2283 Δἀγαπᾷν

1010 2246 1033 2273 in
1054 2253 1097 2273 me
1116 2245 1199 2280 impie
1224 2250 1348 2281 egerunt.
1368 2240 1425 2282 Ego
1439 2240 1553 2274 redemi
1574 2254 1634 2281 eos,
1654 2247 1705 2283 ipsi
1730 2256 1794 2276 vero

161 2301 206 2328 με,
226 2292 393 2319 ὲνδιὲδαλλὸν
418 2301 462 2328 με.
480 2301 489 2318 ι
521 2292 613 2319 Τέκνα
625 2292 654 2319 δὲ
669 2292 747 2319 καλεῖ
770 2292 923 2325 ἀπωλείας
941 2312 949 2325 ,

158 2339 197 2371 ὼς
212 2339 249 2374 μὴ
263 2338 429 2374 δεξαμένους
451 2338 498 2365 τὸν
515 2338 636 2370 σώζοντα
646 2346 654 2353 ·
679 2337 728 2365 καί
743 2336 863 2373 σπέρμα
879 2337 950 2365 ἄνο-

158 2393 216 2420 μον
226 2393 233 2400 ·
248 2394 257 2410 ι
273 2385 340 2420 Περὶ¹
352 2383 420 2420 ὲμοῦ
434 2384 488 2419 γάρ
502 2392 570 2419 φησι
585 2383 708 2420 γέγραφε
722 2383 835 2419 Μωσῆςι
850 2393 860 2410 ι
878 2382 950 2411 ὥστε

160 2431 264 2458 καὶτὸν
280 2427 361 2466 νόμον
378 2431 547 2467 παρέϐησαν.

1004 2291 1090 2319 locuti
1117 2296 1182 2319 sunt
1204 2292 1233 2319 in
1251 2299 1294 2320 me
1319 2291 1389 2320 falsa
1402 2292 1435 2320 ".
1455 2302 1464 2319 ι
1491 2292 1551 2320 Etsi
1574 2293 1709 2322 haeredem
1732 2302 1795 2322 esse

1004 2345 1058 2364 ιιοιι
1083 2337 1244 2377 ignorarent
1265 2347 1273 2365 :
1294 2347 1302 2364 ι
1328 2332 1435 2372 Venite,
1456 2339 1615 2368 occitlamus
1640 2348 1703 2368 eum
1719 2340 1755 2372 ".
1779 2350 1789 2365 ι

1003 2385 1135 2413 dixerunt
1150 2390 1252 2413 tamen.
1270 2384 1341 2412 Sunt
1359 2386 1424 2413 etin
1447 2379 1564 2415 Psalmis
1579 2388 1631 2415 ista
1646 2388 1767 2423 ejusdem
1783 2397 1792 2415 :

1007 2441 1016 2457 ι
1035 2430 1088 2458 Pro
1107 2438 1140 2458 co
1158 2435 1188 2457 ut
1202 2430 1349 2466 diligerent
1367 2437 1422 2464 me,
1441 2432 1624 2460 detrahebant
1640 2433 1707 2461 mihi
1726 2434 1762 2461 ⁷⁷.
1778 2443 1789 2460 ι

160 2480 247 2508 Vocat
282 2485 372 2508 autent
391 2479 556 2516 ﬁlicem
587 2479 744 2513 perditionis
777 2484 802 2506 et
820 2487 908 2506 semen
931 2479 1062 2514 iniquum.
1097 2483 1229 2513 tanquam
1251 2479 1297 2514 qui
1324 2480 1424 2508 salutis
1448 2486 1590 2508 auctorem
1614 2489 1669 2509 non
1702 2482 1792 2510 admi-

159 2527 258 2558 serint,
273 2526 307 2553 dc
331 2533 386 2560 quo
403 2524 492 2553 Moses
514 2524 567 2552 sibi
587 2531 640 2552 non
662 2523 807 2552 tacendum
828 2524 935 2559 putavit
952 2533 959 2550 :
980 2524 1053 2552 unde
1067 2529 1094 2550 et
1111 2524 1197 2559 legem
1214 2532 1262 2551 eos
1273 2524 1378 2552 violare
1392 2525 1557 2553 constiterit.

194 2573 264 2607 Φησὶ
280 2572 307 2598 δὲ
323 2571 423 2603 αὐτοὺς
437 2571 484 2598 καὶ
499 2570 618 2605 σπέρμα
640 2569 757 2605 μοιχῶν
770 2568 820 2597 καὶ
834 2570 949 2604 πόρνης

159 2619 271 2655 μοιχούς
286 2627 363 2653 φησι,
384 2617 471 2644 καλῶν
495 2619 524 2644 ὲν
540 2617 646 2649 τούτοις
659 2617 722 2648 τοὺς
744 2616 798 2643 τῶν
815 2616 949 2643 Ἰουδαίων

157 2665 329 2700 καθηγητὰς.
344 2664 434 2690 υἱονεὶ
454 2663 507 2698 γὰρ
533 2664 683 2699 ὲμοιχῶντο
705 2663 754 2698 τὴν
767 2662 948 2698 Συναγωγὴν,

192 2742 215 2757 ""
229 2741 294 2776 Sap.
315 2749 351 2774 tt,
371 2741 413 2768 l2.
466 2742 488 2757 ’ί
507 2741 605 2769 Matth.
622 2748 716 2773 xxvnt,
736 2741 762 2767 6.

157 2776 225 2804 Osee
241 2775 286 2809 vti,
303 2778 343 2804 13.
389 2776 413 2792 "
432 2777 527 2805 Matth.
546 2784 602 2811 XXI,
617 2777 661 2804 58.
700 2777 722 2793 "
738 2775 810 2804 Psal.
824 2784 899 2807 cvnt.
916 2775 943 2802 4.

1039 2563 1140 2605 Adjicit
1165 2578 1230 2597 vero
1253 2575 1280 2598 et
1304 2578 1391 2598 semen
1414 2569 1597 2598 adulterorum
1617 2579 1689 2605 esse,
1707 2581 1791 2601 ntere-

1005 2616 1129 2651 lricisque
1154 2616 1305 2650 adulteros,
1332 2621 1362 2644 ut
1385 2624 1481 2644 eorum
1506 2618 1588 2645 etiam
1615 2618 1650 2646 de
1674 2627 1790 2647 numero

1003 2661 1162 2690 Judaeorum
1186 2661 1272 2690 duces
1300 2669 1362 2690 esse
1386 2662 1533 2698 signiﬁcet.
1554 2661 1622 2691 Cum
1646 2663 1789 2700 Synagoga

816 2741 838 2757 "'
855 2740 934 2767 Joan.
951 2749 957 2765 ι

1027 2739 1071 2766 48.
1110 2734 1132 2756 θ’
1148 2738 1245 2768 Matth.
1267 2747 1304 2774 ιιι,
1322 2737 1366 2768 i9.
1407 2741 1428 2757 "
1442 2739 1509 2768 Luc.
1527 2749 1605 2775 χχιιι,
1620 2741 1648 2770 2.
1687 2741 1787 2776 "lino,

812 2853 930 2882 VARIIE
947 2854 1154 2883 LECTIONES.

196 2900 209 2920 ⁸
227 2909 273 2934 γρ.
290 2900 334 2930 οὗ.
