1999 3076
183 180 255 213 2575

850 177 1024 208 PROCOPII
1044 177 1163 208 GAZIEI

1759 175 1830 207 2576

184 235 258 262 enim
275 233 361 262 veluti
385 226 609 266 fornicabantur,
627 232 675 268 qui
699 232 828 260 mandata
847 241 908 267 sua,
924 240 979 260 non

1034 232 1188 269 ἐντάλματα
1204 232 1269 267 ίδια,
1291 231 1322 259 οὗ
1335 231 1370 259 τὰ
1392 231 1425 259 ἐκ
1439 230 1524 267 νόμον
1547 229 1733 263 διδάσκοντες.
1749 226 1799 258 *ον
1813 232 1830 268 ὴ

185 282 272 316 legem
299 280 432 308 docerent
447 288 455 308 :
472 286 529 314 quo
555 279 659 307 factum
687 283 740 312 est,
757 284 787 307 ut
808 287 862 306 non
881 279 929 307 abs
949 287 979 308 re

184 325 310 354 meretrix
327 332 358 353 ea
378 324 521 352 nominata
543 325 589 357 sit,
605 332 667 360 qua:
685 324 786 352 horum
810 325 911 352 semina
932 333 979 352 ex-

185 372 304 409 ceperit.
320 371 388 399 Cum
405 371 506 399 deinde
517 370 663 399 Dominum
680 371 838 399 trucidasse
851 371 978 404 dixisset,

183 418 346 454 jamdudum
368 417 433 445 odio
469 418 497 445 in
521 417 605 445 Deum
628 418 755 446 laborare
775 425 825 446 eos
845 418 978 450 Ostendit,

186 467 232 500 qui
256 465 290 492 ad
311 463 384 491 idola
403 463 470 491 olim
493 468 592 491 contra
614 463 702 499 legem
723 463 796 499 (quae
811 462 896 490 Deum
914 463 980 490 ado-

186 518 261 543 rare,
275 510 356 545 eique
370 509 418 536 uni
432 509 537 537 servire
549 509 628 544 jubet
641 509 675 545 ⁷⁸)
692 509 813 537 solerent
828 508 980 541 adhortari;

188 560 359 591 crateresque
376 555 470 588 etiam,
487 561 522 582 ne
544 555 612 583 solis
634 554 732 589 impios
749 560 810 582 esse
832 554 884 582 sibi
906 554 980 582 sulii-

186 605 271 634 ceret,
283 602 379 630 eadem
392 601 505 629 docere.
520 599 582 628 Eris
596 601 690 636 igitur,
705 601 755 634 ait,
767 609 830 635 pars
845 600 979 636 vulpium,

186 647 214 675 id
226 650 269 675 est
283 646 450 678 daemonum,
464 643 567 680 quibus
582 645 644 680 ipsa
661 644 799 672 servivisti
813 653 819 671 :
835 651 905 677 quos
919 643 980 671 ideo

186 694 269 721 etiam
285 692 406 721 tenebrae
421 695 536 720 manent
550 691 714 723 exteriores,
730 691 804 726 quod
819 689 852 717 ad
869 693 897 717 te
909 697 980 726 quo-

186 747 240 775 quo
256 739 378 775 ﬁliorum
401 738 564 771 immolatio,
591 737 717 765 hostibus
739 737 825 772 ipsam
844 736 980 764 inducen-

187 786 272 816 tibus,
282 789 447 820 perventura
461 784 651 819 est.Sequitnr
661 790 727 810 vero
740 791 746 808 :
763 782 796 809 Et
808 787 879 809 retro
893 787 980 817 postea

187 832 268 860 hostii
283 831 397 866 posuisti
414 831 568 858 memoriale
579 835 672 862 tuum;
686 829 835 856 simulacra
850 829 980 856 nimirum

186 885 238 912 pro
263 876 437 911 pbylaclerio
453 876 482 903 in
510 875 611 911 pignus
641 874 804 902 idololatria:
829 876 979 909 usurpans,

1033 279 1184 315 Συναγωγὴ
1199 278 1333 316 δεχομένη
1354 279 1390 306 τὰ
1411 278 1579 313 σπέρματα,
1606 277 1719 309 δικαίως
1743 278 1829 314 ἐχρη-

1032 326 1131 362 μάτισε
1145 327 1252 361 πόρνη.
1280 324 1484 361 Κυριοκτόνους
1510 323 1538 350 δὲ
1558 323 1657 356 αὐτοὺς
1674 323 1829 359 ἀποφήνας,

1030 374 1167 401 δείκνυσιν
1179 375 1214 401 ἐκ
1229 371 1347 401 παλαιοῦ
1368 371 1516 403 νοσοῦντας
1534 371 1634 403 αὐτοὺς
1647 370 1678 397 τὸ
1693 370 1828 406 μισόθεον.

1035 420 1131 455 Ὑμεῖς
1157 419 1210 456 γὰρ
1224 420 1250 446 οι
1268 418 1317 446 καὶ
1343 417 1428 445 πάλαι
1445 415 1696 451 παρακαλοῦντες
1722 415 1772 443 ἐπὶ
1794 415 1830 442 τὰ

1031 465 1154 498 εἴδωλα,
1174 466 1223 492 καὶ
1245 464 1334 492 ταῦτα
1346 463 1393 490 τοῦ
1409 462 1494 498 νόμου
1507 462 1665 494 διδάξαντος
1675 469 1682 477 ·
1702 471 1712 488 ‹
1727 462 1831 497 Κύριον

1029 514 1076 541 τὸν
1088 514 1156 541 Θεόν
1169 521 1217 540 σου
1234 511 1445 549 προσκυνήσεις,
1461 510 1510 537 καὶ
1531 509 1607 544 αὐτῷ
1627 508 1701 544 μόνῳ
1715 508 1830 545 λατρεύ-

1031 569 1098 591 σεις.
1111 569 1120 586 ι
1134 560 1189 587 Καὶ
1202 560 1252 586 οὐκ
1271 559 1352 595 ἢρκει
1365 557 1463 594 μόνοις
1478 555 1598 587 ἀσεϐεῖν,
1616 554 1685 582 ἀλλὰ
1704 555 1753 582 καὶ
1766 554 1831 586 τοὺς

1030 606 1127 639 ἄλλους
1140 606 1290 633 ἐδίδασκον.
1316 605 1388 641 "Eon
1401 603 1493 630 τοίνυν
1506 601 1591 637 μερὶς
1606 600 1769 632 ἀλωπέκων,
1782 600 1831 635 δη·

1030 653 1119 681 λονότι
1139 652 1276 688 δαιμόνων
1294 649 1335 682 οἷς
1361 658 1415 685 περ
1431 649 1609 684 ἐλάτρευσας,
1628 645 1669 679 οἷς
1685 646 1717 673 τὸ
1735 646 1831 677 σκότος

1030 699 1198 736 ἡτοίμασται
1213 698 1244 724 τὸ
1261 696 1395 732 ἐξώτερον
1406 704 1413 712 ·
1434 701 1443 711 ’⁵
1459 696 1476 730 ὴ
1490 695 1544 730 ἄρα
1557 693 1617 728 τὴν
1633 691 1757 728 σφαγὴν
1771 691 1830 718 τῶν·

1029 746 1145 773 τέκνων
1168 744 1251 780 φησὶν
1268 744 1308 776 είς
1329 741 1429 773 αὐτοὺς
1459 739 1720 777 περι[ελεύσ]εσθαι,
1748 737 1830 764 πολε-

1032 791 1103 826 μίων
1117 790 1203 825 αὐτὴν
1217 788 1388 823 ἐπαγόντων.
1401 787 1472 823 Φησὶ
1484 786 1523 819 δὲ,
1535 786 1577 812 ὅτι
1591 785 1641 812 καὶ
1657 785 1754 811 ὀπίσω
1769 782 1831 810 τῶν

1030 834 1173 871 σταθμῶν
1192 834 1249 870 τῆς
1266 835 1360 868 θύρας
1382 833 1494 867 ἔθηκας
1507 829 1691 867 μνημόσυνά
1705 836 1775 863 σου,
1794 828 1830 855 τὰ

1031 882 1092 909 ἀντὶ
1105 881 1231 917 φυλακτη
1236 880 1294 917 ρίου
1308 879 1395 914 λέγων
1409 878 1569 913 ἀγάλματα,
1599 875 1759 911 μνημόσυνα
1779 873 1830 908 τῆς

186 930 248 956 «lira:
263 925 293 949 ut
309 921 335 948 in
351 921 512 949 memoriam
533 928 643 956 semper
665 920 797 952 redirent,
811 920 853 946 Vel
875 918 981 946 foribus

1034 928 1258 963 εἰδωλολατρείας
1273 927 1443 962 ὑπάρχοντα,
1459 923 1528 959 πρὸς
1544 923 1575 950 τὺ
1596 921 1752 958 μεμνῆσθαι
1769 920 1831 947 τοὺ-

187 969 257 1004 ipsis
272 967 410 1002 insculpta
434 971 525 995 erant.
556 966 677 994 Putabo:
705 973 825 1000 namque
847 966 899 992 ista
920 972 983 993 esse

187 1015 286 1048 meipso
314 1014 364 1042 tibi
391 1014 514 1041 utiliora.
540 1013 592 1046 Qui
617 1012 691 1040 enim
722 1014 795 1048 quod
815 1012 918 1039 malum
939 1015 982 1039 est

187 1065 347 1096 appetatur,
362 1059 416 1088 nisi
439 1060 538 1088 saltent
563 1058 656 1087 colore
675 1062 756 1086 tenus
773 1058 831 1094 ipsa
848 1057 981 1085 bonitatis

187 1107 294 1142 species
315 1106 465 1142 appareat?
481 1105 596 1137 Deinde,
611 1104 685 1139 quod
706 1111 784 1138 super
804 1109 918 1130 montem
936 1110 981 1129 ea:-

187 1150 286 1179 celsum
304 1151 341 1178 ibi
365 1149 452 1177 cubile
479 1154 555 1177 tuum
581 1149 637 1182 ait,
661 1149 738 1184 jurla
766 1148 839 1176 idola
869 1153 981 1184 propter

187 1197 324 1226 insomnia
336 1196 502 1225 dormivisse
516 1195 665 1231 signiﬁcat.
677 1196 768 1231 Atque
779 1195 837 1222 haec
849 1195 959 1230 quidem
971 1203 979 1222 :

190 1243 225 1271 In
253 1243 374 1272 custode]
401 1252 504 1276 caecos,
533 1247 671 1278 mutosque
694 1249 869 1277 crinemque
889 1247 978 1269 autem

187 1289 319 1325 deinceps
335 1293 500 1324 sequuntur,
520 1292 652 1323 tanquam
677 1287 812 1315 adversus
827 1285 979 1315 Jerusalem

188 1335 286 1371 ipsam,
304 1334 518 1370 Judaeorumque
540 1342 701 1370 synagogam
717 1333 849 1361 dicuntur
869 1343 875 1361 :
897 1340 979 1368 quam

187 1382 347 1409 dormientes
361 1389 461 1414 secum,
477 1380 518 1408 vel
535 1380 579 1416 (ut
594 1380 811 1415 interpretantur
825 1378 882 1414 alii)
895 1379 981 1406 cubile

187 1435 289 1460 eorum,
312 1426 461 1455 custodum
480 1425 622 1458 nimirum,
640 1425 674 1453 de
690 1425 793 1460 quibus
813 1432 904 1452 sermo
925 1428 979 1458 est,

188 1471 315 1498 dilexisse
340 1470 492 1506 signiﬁcat,
503 1469 635 1505 omnique
657 1477 720 1497 eum
743 1469 784 1497 eis
804 1469 876 1497 viam
901 1477 979 1498 suam

189 1517 378 1552 fornicatione,
401 1516 429 1543 id
453 1519 507 1549 est,
525 1515 694 1549 idololatria,
712 1516 915 1552 necyomantia,
932 1523 981 1544 au-

189 1563 288 1598 guriis,
305 1562 469 1597 caeteristh
482 1561 619 1597 ejusmodi
634 1561 794 1594 refersisse;
810 1565 838 1589 et
853 1561 891 1589 ita
908 1562 980 1589 mul-

190 1612 230 1635 tos
251 1616 267 1634 a
286 1615 313 1635 se
334 1607 486 1635 removisse.
511 1607 580 1634 Cum
599 1607 673 1635 enim
698 1606 894 1643 Hierosolymis
916 1614 981 1643 pro-

189 1655 279 1690 phetae
297 1653 348 1689 ipsi
367 1654 460 1689 piiqne
476 1653 528 1681 viri
547 1653 732 1686 discederent,
755 1660 838 1681 voces
856 1653 926 1682 istas
952 1654 981 1682 in

189 1709 249 1729 eam
267 1700 348 1736 645
361 1700 505 1735 jactabant
522 1708 529 1728 :
549 1709 559 1726 ι
577 1699 744 1727 Curavimus
759 1699 939 1736 Babylonem,
955 1704 983 1728 et

191 1755 246 1775 non
272 1751 315 1775 est
341 1751 450 1774 sanata.
482 1745 681 1782 Relinquamus
705 1753 778 1779 earn,
795 1751 823 1774 et
851 1747 983 1775 abeamus

190 1793 310 1829 quisque
328 1793 355 1820 in
375 1796 478 1820 terram
496 1799 575 1821 suam
592 1793 630 1826 7’;
648 1802 658 1819 ι
674 1792 711 1819 ita
723 1791 875 1821 Jerusalem
894 1793 984 1829 Baby-

192 1839 264 1867 lonis
287 1838 402 1866 nomine
420 1841 625 1873 nuncupantcs.
642 1836 691 1866 Vel
716 1843 791 1866 certe
816 1840 926 1867 curiosa
943 1839 983 1866 vi-

191 1884 248 1912 cini
267 1884 359 1912 cultus
377 1884 564 1915 mulatione.
590 1883 729 1919 ingentem
756 1883 872 1911 deorum
892 1883 983 1911 multi-

193 1931 310 1958 tudinem
324 1939 340 1958 α
354 1939 382 1959 se
396 1931 471 1966 longe
485 1935 613 1958 remotam
628 1930 781 1966 amplexam
797 1937 860 1958 esse
873 1937 906 1958 eo
923 1930 984 1966 ipso

192 1978 340 2013 signillt'at,
353 1977 428 2012 quod
452 1976 553 2012 legatos
572 1976 646 2004 ultra
669 1976 795 2003 terminos
810 1984 873 2003 suos
888 1975 983 2003 eadem

192 2022 305 2050 miserit.
330 2021 418 2050 liabet
440 2026 532 2050 autem
557 2021 585 2049 in
607 2022 682 2049 hunc
699 2021 810 2048 modum
827 2020 984 2056 Symmachi

192 2069 386 2104 interpretatio
406 2077 414 2096 :
435 2067 626 2102 Multiplices“
647 2068 782 2103 pigmenta
805 2071 862 2094 tua.
884 2065 986 2094 Misisti

191 2114 271 2143 vades
286 2119 346 2143 tuo:
360 2122 443 2150 usque
463 2113 549 2150 longe.

228 2172 275 2200 Est
291 2179 356 2199 vero
374 2175 504 2206 tanquam
523 2171 557 2198 ad
578 2171 752 2200 meretricem
773 2172 807 2204 “,
828 2179 889 2207 quae
904 2178 934 2199 se
951 2170 986 2198 ad

191 2225 305 2250 eorum,
329 2216 376 2252 qui
403 2216 478 2243 illam
507 2216 629 2251 adeunt,
653 2217 824 2253 voluptatem
852 2221 985 2250 exornet,

191 2263 298 2297 oratio;
316 2262 388 2290 unde
406 2265 434 2290 et
455 2261 490 2288 ad
511 2261 611 2297 inferos
631 2270 713 2298 usque
733 2262 903 2289 humiliatam
918 2270 985 2295 esse,

192 2308 334 2342 ntultisquc
347 2307 486 2335 itineribus
498 2307 555 2335 suis
571 2307 706 2336 laborasse
726 2308 806 2336 dixit.
820 2308 890 2336 Cum
911 2309 985 2335 enim

193 2355 221 2382 in
235 2352 409 2381 celsitudinis
428 2353 516 2389 gradu
531 2353 605 2392 apud
620 2353 706 2382 Deum
730 2362 784 2382 non
803 2353 983 2389 perstitisset,

193 2399 337 2427 humiliata
361 2404 411 2427 est.
441 2398 538 2434 Itaque
563 2399 697 2428 dicebat:
716 2408 726 2425 ι
744 2399 828 2427 Filios
852 2399 935 2435 genui
959 2402 988 2427 et

193 2446 332 2480 cxaltavi;
352 2445 406 2481 ipsi
427 2450 518 2473 autent
536 2453 580 2474 me
588 2440 741 2482 “aspernati
765 2450 831 2474 sunt
842 2445 878 2475 ⁸¹.
895 2455 905 2472 ι
922 2445 989 2479 Qui-

195 2499 258 2520 nam
277 2496 369 2519 autem
389 2497 432 2520 est
443 2491 606 2520 huntilitatis
621 2491 742 2520 modus?
759 2491 891 2520 Itinerum
902 2492 988 2520 varie-

195 2543 247 2565 tas.
262 2537 321 2566 Non
338 2538 411 2566 enim
427 2537 499 2565 viam
513 2546 607 2572 unam,
620 2543 647 2567 et
664 2539 787 2574 regiam;
807 2539 856 2567 sed
874 2539 986 2572 multas,

194 2589 222 2613 et
241 2585 404 2613 aberrantes
419 2589 515 2613 secuta
530 2593 579 2619 es;
597 2593 659 2620 qua:
673 2585 709 2613 ab
725 2585 790 2614 aliis
811 2593 931 2622 semper,
953 2585 987 2613 ad

195 2631 265 2659 alios
287 2630 353 2659 deos
364 2631 485 2660 transire
499 2632 690 2660 consueveris.
701 2631 788 2666 Quale
799 2632 871 2660 solet
887 2631 914 2660 in
933 2631 988 2659 im-

195 2676 300 2705 mensis
311 2677 394 2705 ctiam
408 2677 598 2712 voluptatibus
613 2677 784 2713 contingere,
797 2685 861 2706 cum
873 2677 987 2710 divitia‘,

195 2729 258 2750 cum
271 2722 433 2758 petulantia,
448 2730 512 2751 cum
527 2731 598 2751 vana
623 2723 711 2759 gloria
739 2723 902 2752 obturbant.
917 2723 988 2751 Hinc

232 2803 255 2819 "
273 2801 352 2831 Deut.
367 2810 405 2835 Vl,
421 2802 466 2831 15.

1031 983 1087 1001 των
1101 974 1145 1001 διὰ
1159 973 1262 1005 παντὸς
1276 971 1490 1008 παρεστηκότων
1508 969 1518 989 ί
1535 969 1552 1005 ἢ
1567 970 1627 1000 ταῖς
1639 967 1735 1003 θύραις
1750 968 1831 1001 ἐγγεο

1032 1019 1209 1055 γλυμμένων.
1226 1019 1299 1053 ’ῼου
1313 1018 1368 1052 γὰρ
1384 1015 1460 1052 ἐμοῦ
1484 1013 1572 1042 ταῦτα
1587 1014 1732 1049 τυγχάνειν
1755 1012 1830 1047 ὠφε-

1031 1064 1182 1101 λιμώτερα.
1199 1064 1261 1095 Πῶς
1277 1063 1331 1099 γὰρ
1345 1063 1378 1090 ἂν
1392 1062 1438 1089 καὶ
1453 1063 1560 1096 γένοιτο
1574 1060 1605 1086 τὺ
1619 1059 1704 1086 κακὸν
1716 1058 1828 1094 αἱρετὸν

1033 1111 1072 1148 μὴ
1098 1110 1256 1146 φαινομένῳ
1278 1108 1403 1145 χρωσθὲν
1427 1107 1540 1143 ἀγαθῷ;
1567 1106 1604 1133 Τὸ
1626 1105 1666 1137 δὲ,
1685 1104 1731 1132 ἐπ’
1761 1104 1829 1138 ὅρος

1030 1156 1155 1192 ὑψηλὸν
1178 1155 1243 1183 ἐκεῖ
1258 1162 1318 1182 σου
1339 1154 1359 1188 ἠ
1382 1154 1478 1188 κοίτη,
1502 1152 1597 1187 ἐπειδὴ
1625 1153 1681 1183 τοῖς
1709 1150 1829 1181 είδὼλοις

1031 1202 1165 1229 ἐνυπνίων
1181 1201 1264 1229 ἕνεκα
1284 1199 1499 1237 παρεκάθευδον.
1524 1198 1616 1225 Ταῦτα
1634 1197 1684 1232 μὲν
1707 1197 1744 1229 ὡς
1760 1196 1828 1232 πρός

1030 1247 1093 1278 τοὺς
1108 1246 1270 1282 εἰρημένους
1286 1245 1424 1278 σκοποὺς
1438 1243 1574 1279 τυφλοὺς
1588 1243 1639 1270 καὶ
1651 1242 1723 1275 τοὺς
1733 1241 1830 1274 κύνας

1030 1293 1103 1327 τοὺς
1117 1293 1233 1326 ἐνδούς.
1253 1292 1296 1319 Τὰ
1308 1291 1337 1318 δὲ
1357 1291 1422 1326 ἑξῆς
1435 1290 1474 1323 ὡς
1495 1289 1564 1325 πρὸς
1584 1289 1670 1324 αὐτὴν
1689 1288 1829 1324 Ἰερουσα-

1030 1338 1097 1374 λὴμ,
1114 1339 1163 1366 καὶ
1187 1339 1238 1373 τὴν
1254 1337 1309 1366 τῶν
1335 1336 1471 1364 Ἰουδαίων
1491 1335 1617 1370 ἐπιφέρει
1633 1332 1827 1368 συναγωγὴν,

1030 1384 1193 1421 Ἠγᾶπησας
1218 1384 1307 1419 λέγων
1333 1384 1400 1415 τοὺς
1426 1381 1631 1417 κοιμωμένους
1654 1380 1729 1416 μετὰ
1756 1378 1828 1408 σοῦ.

1030 1431 1110 1459 Κατὰ
1125 1431 1154 1458 δὲ
1168 1431 1234 1463 τοὺς
1254 1430 1379 1462 λοιποὺς,
1394 1428 1560 1464 ἠγάπησας
1582 1427 1642 1462 τὴν
1657 1428 1764 1460 κοίτην
1774 1428 1829 1453 αὑ-

1030 1477 1101 1511 τῶν,
1122 1477 1177 1504 τῶν
1191 1476 1303 1504 σκοπῶν
1326 1475 1448 1510 δηλονότι
1461 1474 1517 1502 τῶν
1533 1475 1699 1511 είρημένων,
1717 1473 1777 1508 μεθ’
1789 1469 1828 1500 ὧν

1030 1524 1122 1559 πάσης
1151 1523 1294 1558 πορνείας
1320 1523 1460 1559 ἐπλήρους
1484 1521 1554 1554 όδδν,
1586 1520 1827 1555 είδωλολατρείας,

1031 1569 1256 1606 νεκυομαντείας,
1272 1569 1441 1605 οἱωνισμῶν,
1457 1569 1505 1596 καὶ
1523 1567 1578 1595 τῶν
1593 1567 1645 1595 ὅσα
1656 1567 1779 1598 Iota-31a,
1789 1562 1830 1593 ὧν

1032 1616 1193 1652 γινομένων,
1213 1615 1350 1649 πολλοὺς
1363 1615 1511 1648 ἐποίησας
1522 1613 1582 1641 ἀπὸ
1599 1612 1670 1641 σοῦ·
1682 1612 1829 1648 φεύγοντες

1033 1663 1087 1698 γὰρ
1102 1663 1126 1689 οἱ
1151 1662 1291 1698 προφῆται
1314 1662 1363 1689 καὶ
1379 1663 1403 1689 οἱ
1425 1661 1561 1693 θεοσεϐεῖς
1581 1659 1632 1696 τὴν
1651 1657 1830 1695 Ἰερουσαλὴμ.

1033 1708 1137 1743 ἔλεγονσ
1149 1717 1158 1734 ι
1169 1707 1364 1744 Ἰατρεύσαμεν
1377 1707 1427 1743 τὴν
1439 1707 1598 1738 Βαὸυλῶνα,
1613 1704 1662 1732 καὶ
1673 1705 1722 1732 οὐκ
1737 1704 1827 1739 latina

1040 1754 1284 1790 Ἐγκαταλίπωμεν
1301 1753 1399 1790 αὐτὴν,
1413 1753 1461 1780 καὶ
1475 1752 1641 1787 ἀπέλθωμεν
1660 1750 1777 1782 ἕκαστος
1791 1749 1831 1781 είς

1034 1801 1085 1836 τὴν
1107 1800 1160 1836 γῆν
1185 1799 1288 1833 αὑτοῦ,
1315 1800 1354 1831 ὡς
1374 1798 1561 1834 δεισιδαίμονα
1582 1797 1633 1834 τὴν
1651 1796 1831 1833 Ἰερουσαλὴμ

1035 1846 1185 1874 Βαϐυλῶνα
1209 1846 1385 1877 καλέσαντες.
1415 1845 1521 1880 Ἤγουν
1549 1845 1648 1880 φησὶν,
1677 1843 1833 1878 ἐπλήθυνε

1034 1893 1104 1928 παρ’
1118 1891 1212 1927 ἑαυτῇ
1228 1892 1313 1924 Θεοὺς
1325 1892 1388 1924 τοὺς
1400 1891 1521 1927 μακρὰν
1532 1890 1584 1919 ἀπ’
1599 1889 1705 1925 αὐτῆς,
1720 1898 1833 1926 περιερ-

1034 1938 1174 1975 γαζομένη
1189 1938 1225 1965 τὰ
1238 1938 1294 1965 τῶν
1317 1937 1427 1974 ὁμόρων
1442 1937 1614 1973 σεϐάσματα.
1636 1937 1669 1963 Ὀ
1690 1936 1767 1972 δηλοῖ
1785 1935 1833 1962 καὶ

1035 1985 1076 2018 τὺ,
1098 1985 1289 2018 ἀπέστελλες
1313 1984 1452 2019 πρέσϐεις
1475 1983 1553 2017 ὑπὲρ
1574 1982 1611 2010 τὰ
1633 1982 1700 2016 opici
1713 1989 1783 2009 σου.
1804 1981 1833 2008 '0

1035 2032 1064 2060 δὲ
1077 2031 1229 2067 Σύμμαχος
1242 2026 1329 2067 oft-rio;
1361 2030 1478 2063 ἐξέδωκε
1490 2037 1498 2045 '
1527 2029 1582 2057 Kal
1606 2028 1778 2062 ὲπλήθυνες
1796 2028 1834 2054 τὰ

1033 2066 1167 2113 μυρέψὶά
1195 2084 1266 2104 σου.
1296 2066 1492 2109 ’Χπέστειλας
1517 2075 1614 2111 ὅμηρά
1634 2083 1692 2102 σου
1708 2074 1764 2107 ἕως
1774 2081 1834 2109 μα-

1037 2123 1125 2159 κράν.
1157 2123 1159 2126 ’

1077 2170 1123 2202 Ὠς
1147 2175 1218 2206 προς
1236 2169 1350 2205 ἑταίραν
1363 2168 1392 2196 δὲ
1408 2166 1651 2203 καλλωπιζομένην
1669 2167 1684 2194 ὸ
1697 2165 1775 2200 λόγος
1790 2164 1834 2199 ἐφ’

1037 2217 1120 2254 ἡδονῇ
1136 2216 1190 2244 τῶν
1214 2216 1285 2252 αὐτῇ
1311 2215 1491 2251 προσιόντων.
1509 2214 1592 2241 Ὅθεν
1614 2213 1698 2249 φησιν
1717 2213 1833 2240 ἐταπει-

1038 2264 1137 2298 νώθης
1155 2263 1212 2297 ἕως
1228 2262 1313 2297 ᾅδου.
1343 2261 1412 2295 Ταῖς
1430 2260 1608 2293 πολυοὸίαις
1628 2268 1688 2287 σου
1712 2258 1836 2286 ἐκοπία-

1038 2317 1107 2342 σας.
1120 2308 1167 2345 Μὴ
1182 2308 1298 2344 μείνασα
1311 2307 1364 2342 γὰρ
1379 2306 1469 2343 ὑψηλὴ
1485 2306 1561 2342 παρὰ
1572 2304 1641 2341 Θεῷ,
1656 2304 1834 2332 τεταπείνω-

1038 2364 1097 2383 ται.
1114 2355 1161 2382 Διό
1181 2363 1234 2390 περ
1250 2354 1343 2389 ἔλεγεν
1356 2362 1364 2369 ·
1382 2353 1481 2386 «Υἱοὺς
1501 2353 1637 2388 ἐγέννησα
1651 2352 1699 2379 καὶ
1724 2351 1832 2387 ὕψωσα,

1040 2401 1118 2428 αὐτοὶ
1127 2400 1155 2428 δέ
1171 2410 1206 2437 με
1218 2400 1367 2436 ἠθέτησαν.
1385 2409 1395 2426 ›
1419 2399 1468 2431 Τίς
1482 2399 1511 2426 δὲ
1527 2399 1579 2434 τῆς
1593 2398 1806 2431 ταπεινότητος
1819 2398 1836 2424 ὀ

1040 2447 1159 2484 τρόποςς
1178 2446 1198 2481 ἡ
1210 2445 1368 2474 πολυοδιά.
1383 2444 1420 2472 οὗ
1435 2444 1491 2480 γὰρ
1515 2444 1582 2481 μίαν
1595 2444 1706 2477 ὦδευες
1717 2444 1766 2479 τὴν
1784 2443 1836 2479 βα-

1043 2493 1150 2529 σιλικὴν
1166 2492 1236 2525 ὁδὸν,
1258 2491 1328 2519 ἀλλὰ
1348 2491 1450 2524 πολλὰς
1475 2490 1523 2518 καὶ
1546 2489 1771 2526 πεπλανημένας,
1787 2489 1838 2515 ἀπ’

1040 2539 1129 2567 ἄλλων
1143 2539 1185 2572 είς
1199 2538 1297 2570 ἄλλους
1315 2538 1360 2566 ἀεὶ
1381 2537 1460 2569 θεοὺς
1475 2536 1688 2573 μεταϐαίνουσα.
1701 2534 1787 2562 Τοῦτο
1806 2534 1838 2562 δὶ

1040 2586 1088 2612 καὶ
1098 2585 1146 2613 ἐπὶ
1157 2585 1213 2613 τῶν
1228 2584 1353 2611 ἐκτόπων
1364 2581 1434 2610 οἶδεν
1453 2582 1612 2610 ἀκολουθεῖν
1625 2581 1738 2618 ἡδονῶν.
1751 2580 1838 2607 πλοῦ-

1040 2639 1100 2663 τον,
1113 2630 1162 2657 καὶ
1171 2628 1328 2664 ἀσελγείας,
1341 2629 1390 2655 καὶ
1397 2629 1482 2664 κενῆς
1491 2627 1571 2663 δόξης
1584 2625 1838 2662 παρενοχλούντων.

1041 2677 1087 2704 Διό
1113 2685 1197 2712 φησιν
1223 2675 1360 2712 Ἱερεμίας
1373 2682 1380 2689 ·
1401 2675 1466 2702 (Ἐν
1488 2673 1625 2710 ἐπιθυμίᾳ
1642 2673 1732 2709 ψυχῆς
1753 2671 1839 2699 αὑτοῦ

1041 2723 1321 2759 ἐπνευματοφορεῖτο.
1327 2732 1337 2750 ι
1349 2721 1440 2758 Ὅπερ
1452 2719 1578 2750 παθοῦσα
1585 2720 1659 2757 ψυχὴ
1666 2718 1839 2754 δυσανάκλη-

523 2802 547 2819 ⁷⁹
561 2801 662 2832 Jerom.
680 2810 717 2836 ιι,
734 2802 761 2831 9.
799 2802 822 2820 ⁸⁸
838 2802 892 2831 lsa.
904 2809 925 2835 ι,
939 2801 985 2830 21.
1023 2801 1046 2817 ’ί
1072 2800 1140 2829 ibid.
1156 2800 1184 2828 2.

853 2857 970 2886 νΛΒΙίΕ
987 2857 1190 2887 LECTIONES.

252 2909 264 2923 ο
281 2903 385 2938 ἐπειδὴ.
426 2901 435 2922 ¹
452 2904 494 2931 ἵσ.
507 2904 564 2933 καὶ.
