1999 3076
154 167 226 200 2577

712 172 980 204 COMMENTARII
1012 175 1053 205 IN
1077 175 1220 206 ISAIAM.

1720 171 1791 204 2578

154 235 210 260 τος.
229 225 312 254 Ὅθεν
335 227 451 263 ἐπάγει·
469 228 637 264 «Παρεδόθη,
655 229 698 261 τίς
717 230 884 266 ἀποστρέψει
905 232 954 259 αὺ-

1011 232 1051 259 llla
1063 231 1187 259 Ieremia:
1205 239 1255 258 vox
1274 239 1280 257 :
1297 240 1307 257 ι
1330 230 1358 258 lu
1370 229 1521 266 cupiditate
1530 227 1634 257 iunium
1648 236 1707 257 sua
1722 228 1793 256 fcre-

154 273 205 307 τήν
215 280 223 303 ς
235 282 244 299 ι
259 273 313 300 Καὶ
325 273 504 310 Ἰερουσαλὴμ
514 274 542 301 δὲ
551 275 644 311 φησὶν,
655 275 770 308 ἐντόνως
783 277 947 314 ἐπικειμένη

154 320 212 350 τοῖς
228 320 322 352 κακοῖς
336 320 387 347 οὐκ
399 320 537 349 ἐπαύετο.
554 321 625 357 Πρὸς
641 322 675 358 ἢν
694 321 788 357 λέγει’
811 324 858 350 ὀὐ
877 332 948 350 κατ-

156 365 283 401 εδεήθης
291 375 362 401 μου.
378 368 414 394 Ἦ
429 369 499 396 κατὰ
513 369 560 396 τὸν
576 369 772 402 ’Δκύλαν,οὺκ
785 369 944 397 ἐλιτάνευ-

157 418 227 444 σας,
240 411 280 445 ὣς
296 421 328 439 τε
340 413 445 449 τυχεῖν
455 414 602 449 ἀφέσεως.
622 415 660 442 To
676 415 727 452 μὲν
745 415 799 452 γὰρ
815 415 844 449 ἐξ
860 415 948 451 ἀρχῆς

159 458 197 492 μὴ
211 457 307 485 παθεῖν
329 459 534 496 σωφρονούσης.
550 461 587 488 Τὸ
605 460 634 488 δὲ
659 462 708 489 καὶ
732 461 874 497 ἐπιμεῖναι
888 461 950 489 λίαν

157 504 384 541 ἁπεγνωσμένης,
409 506 483 542 Πρὸς
506 506 521 534 ὁ
543 506 689 534 λέλεκταιο
719 507 786 543 (Μὴ
808 509 822 534 ὁ
841 507 950 535 πίπτων

157 550 209 577 οὐκ
222 550 382 585 ἀνίσταται;
397 552 414 588 ἢ
436 553 451 580 ό
467 553 648 589 ἀποστρέφων
676 553 726 580 οὐκ
738 553 917 589 ἐπιστρέφεις
936 562 946 580 s

159 597 360 632 μετανοοῦντας
384 598 439 634 γὰρ
459 598 569 634 ἕτοιμος
587 598 715 635 δέχεσθαι
737 599 772 626 δι’
789 599 848 632 ἐνὸς
864 599 952 627 εἰπὼν

157 644 212 670 τῶν
226 644 375 681 προφητῶν
387 653 395 660 ·
421 654 431 672 ι
443 645 646 682 Ἑπιστράφητε
663 646 716 673 υίοὶ
730 646 950 682 ἐπιστρέφοντες,

146 690 206 716 ’καὶ
233 690 346 725 ίάσομαι
374 691 410 718 τὰ
433 691 628 728 συντρίμματα
651 691 739 727 ὑμῶν.
759 700 769 718 ι
801 692 833 719 Ol
857 692 887 719 δὲ
914 692 952 724 ὡς

158 735 353 769 ἀδυνατοῦντος
379 736 466 764 σῶσαι
487 737 576 771 Θεοῦ,
603 737 836 774 προσδοκωμένων
863 738 952 766 B360-

159 781 274 816 λωνίων,
290 782 340 817 τὴν
352 783 574 819 είδωλολατρείαν
586 783 739 811 ὲπὲτειναν.

1002 276 1085 304 batur
1101 276 1174 311 quod
1200 283 1263 309 qua:
1287 275 1393 311 patitur
1413 275 1507 302 anima
1528 281 1582 302 non
1601 273 1681 301 facile
1703 277 1795 308 potest

1001 323 1124 351 revocari
1140 323 1176 351 θ’.
1192 332 1203 349 ι
1222 322 1341 357 Ideoque
1357 322 1428 349 idem
1439 341 1447 354 ,
1466 321 1530 356 quis
1551 328 1611 348 eum
1627 324 1701 348 esset
1714 325 1794 346 aver—

1001 377 1096 400 surus,
1114 368 1273 404 postulavit.
1297 367 1392 403 Neque
1416 374 1482 394 vero
1506 365 1672 397 Jerusalem.
1691 364 1794 400 inquit,

1000 416 1080 443 enixe
1098 416 1178 443 malis
1190 415 1349 443 incumbere
1362 415 1517 447 desinebat;
1540 422 1623 449 quum
1644 413 1688 442 his
1702 412 1794 440 verbis

1002 463 1150 498 alloquitur
1166 471 1174 488 :
1196 462 1258 490 Non
1276 471 1315 490 me
1330 463 1451 498 rogasti;
1469 465 1518 489 aut
1542 460 1693 489 secundum
1711 459 1796 494 Aqui-

1003 509 1075 537 lam:
1109 509 1171 536 Non
1195 514 1305 544 precata
1331 517 1369 543 es,
1398 512 1428 536 ut
1455 509 1559 536 ueniam
1586 506 1793 541 consequereris.

1002 554 1104 582 Fuerat
1120 556 1192 582 enim
1221 554 1299 582 initio
1325 554 1393 582 nihil
1413 560 1529 589 peccare
1549 553 1673 588 quidem,
1690 556 1795 586 tempe-

1003 600 1254 627 rantistmorari
1270 605 1361 627 autem
1376 598 1466 631 valde,
1486 603 1514 627 et
1542 605 1730 634 perseverare,
1748 596 1796 624 de-

1005 651 1131 682 speratae.
1148 646 1310 682 Cuiusmodi
1324 650 1405 675 estet
1422 645 1506 674 illud:
1519 654 1530 671 ι
1545 643 1640 672 Nouue
1653 644 1700 679 qui
1711 642 1795 676 cadit,
1840 675 1844 679 ι

1005 700 1060 720 non
1079 691 1216 727 resurgit?
1232 692 1287 719 Aut
1299 691 1346 726 qui
1365 690 1474 724 avertit,
1489 698 1546 718 non
1565 690 1712 718 revertitur
1721 689 1764 716 "‘i
1784 698 1794 715 ι

1005 737 1055 766 Est
1067 738 1140 765 enim
1155 736 1188 764 ad
1204 744 1313 770 eorum,
1337 737 1384 773 qui
1402 737 1581 773 resipiscunt,
1597 735 1798 763 admissionem

1005 785 1096 813 facilis
1109 790 1137 814 et
1151 790 1307 821 promptus,
1327 786 1375 821 qui
1396 793 1445 821 per
1471 785 1633 821 prophetam
1650 783 1798 819 quemdam

159 829 233 856 hunc
255 828 282 856 in
300 829 409 857 modum
430 829 571 866 loquitur:
588 839 597 856 ι
618 830 830 864 Convertimini,
870 830 919 858 ﬁlii
955 835 1137 864 revertentes,
1159 836 1187 860 et
1214 833 1317 860 sanabo
1340 831 1523 860 contritiones
1560 836 1668 859 vestras
1679 829 1712 857 ⁸⁸.
1736 838 1745 854 ι
1763 829 1799 856 At

159 874 211 904 illi.
232 879 362 910 tanquam
383 884 496 904 servare
514 877 584 905 Deus
598 885 653 905 non
667 882 772 913 posset,
787 885 850 906 cum
864 877 1006 915 Babylonii
1021 879 1183 914 ingruereut
1196 878 1290 916 646,
1306 879 1490 907 idololatriam
1504 878 1687 906 adduxerunt.

195 924 242 950 Διό
265 932 347 960 φησιο
372 926 442 952 Τίνα
460 926 627 960 φοϐηθεῖσα
650 927 773 962 ἐψεύσω
783 935 841 962 ys;
857 927 884 954 τί
899 926 955 964 γὰρ

1042 927 1114 956 Hinc
1124 933 1165 955 est
1181 928 1254 963 quod
1273 927 1311 955 ait
1327 937 1334 954 :
1346 927 1429 961 Quem
1443 928 1537 954 timens
1552 927 1663 954 mentita
1674 934 1702 952 es
1714 923 1799 952 mihi?

160 971 230 1006 πρὸς
255 970 331 998 θείαν
360 971 476 1008 δύναμιν
503 973 648 1009 ἄνθρωπος
673 973 711 1001 ὣν
742 974 756 1000 ό
781 973 954 1006 Βαϐυλώνιος

161 1014 273 1050 ῐσχυενς
290 1016 446 1052 γέγραπται
458 1017 512 1053 γὰρ
526 1018 592 1054 περὶ
602 1018 671 1046 Θεοῦ
683 1026 691 1034 ·
709 1028 720 1045 ι
733 1019 762 1047 '0
773 1020 897 1055 κατέχων
908 1019 955 1047 τὸν

161 1061 195 1094 γύ
201 1069 246 1096 ρον
257 1062 307 1097 τῆς
321 1062 384 1097 γῆς,
397 1062 444 1089 καὶ
456 1063 481 1090 ol
495 1063 664 1096 ἐνοικοῦντες
678 1064 708 1091 ὲν
725 1065 806 1100 αῡτῇ,
819 1064 858 1097 ὡς
873 1065 955 1102 ἀκρί-

161 1107 217 1139 δες.
235 1117 245 1134 ›
262 1108 317 1135 Καὶ
338 1108 452 1140 Ἡσαΐας
468 1109 497 1136 δέ
513 1116 597 1145 φησιν
609 1117 616 1125 ·
633 1119 643 1136 ι
654 1110 721 1146 Οὐχὶ
738 1111 828 1138 πάντα
845 1110 879 1138 τὰ
891 1110 956 1147 ἔθνη

161 1153 200 1186 ὡς
215 1154 324 1189 σταγὼν
336 1154 390 1181 ἀπὸ
408 1155 502 1188 κάδου,
520 1156 568 1182 καὶ
580 1155 619 1188 ὡς
631 1155 723 1188 σίαλος
736 1155 956 1192 λογισθήσονται,

163 1200 211 1226 καὶ
229 1200 268 1232 ὼς
285 1200 355 1236 ῥοπὴ
375 1200 458 1235 ζυγοῦ
484 1201 686 1237 ὲλογίσθησαν;
709 1202 762 1229 τίνι
794 1202 957 1237 ὡμοιὼσατε

163 1246 287 1282 Κύριον;
308 1256 317 1273 r
336 1247 350 1274 ὀ
372 1247 401 1274 δι
428 1247 543 1279 Ἀκύλας
556 1248 616 1275 ἀντὶ
632 1247 679 1275 τοῦ
702 1249 770 1276 τίνα
792 1248 959 1284 φοϐηθεῖσα

163 1293 286 1328 ἐψεύσω
299 1302 348 1328 με,
363 1294 514 1329 Διέμεινες
528 1294 557 1321 δέ
569 1303 663 1330 φησιν,
677 1294 712 1327 ἐξ
723 1294 833 1329 αιῶνος
845 1295 959 1330 ἀφοϐος

164 1339 213 1365 καὶ
228 1338 302 1365 ἄνευ
320 1338 418 1372 λαϐῆς
432 1347 438 1354 ·
455 1339 563 1372 δεικνὺς
573 1340 622 1374 ὡς,
638 1341 663 1367 εἰ
679 1341 726 1368 καί
739 1349 806 1368 ποτε
823 1341 960 1368 θεοσεϐεἶν

165 1384 259 1417 ἔδοξας
289 1385 526 1420 ἐπαγγέλλεσθαι,
552 1386 601 1413 καὶ
629 1386 690 1413 τότε
713 1386 764 1421 τὴν
789 1386 960 1421 ἐπαγγελίαν

165 1431 298 1465 ἐψεύσω,
326 1431 393 1458 Οὐδὲ
417 1431 471 1466 γὰρ
486 1431 538 1467 πρὸ
558 1431 671 1464 τούτους
687 1434 700 1453 ³
711 1432 819 1466 ἔλαϐές
831 1441 869 1467 με
884 1432 961 1467 πρὸς

164 1477 300 1513 μνήμην.
317 1477 366 1504 καὶ
376 1477 391 1498 Ιι
408 1477 437 1504 δὲ
451 1477 499 1505 νῦν
508 1478 621 1514 τοιαύτη
635 1479 816 1514 παρέμεινας.
834 1479 884 1506 Διὰ
898 1479 961 1506 τοῦ-

168 1533 200 1550 το
218 1523 378 1558 καταλείψω
393 1531 423 1549 σε
446 1523 561 1558 ἔρημον.
577 1524 625 1550 καὶ
648 1523 741 1550 λοιπὸν
761 1523 870 1554 ἔκδικος
891 1523 961 1559 ὀργή

168 1579 198 1596 σε
214 1569 414 1604 καταλήψεται,
429 1569 466 1596 τὰ
479 1569 521 1596 σὰ
536 1570 614 1596 κακὰ
633 1569 817 1604 διελέγχουσα.
845 1568 901 1595 Καὶ
919 1568 962 1600 τίς

169 1624 199 1642 σε
217 1615 277 1642 τότε
291 1602 347 1642 τῶν
368 1614 423 1640 σῶν
438 1613 586 1646 ἐξελεῖται
604 1614 694 1648 θεῶν;
721 1602 769 1640 καὶ
792 1613 909 1648 ἀλλαχοῦ
930 1613 960 1640 δέ
973 1602 995 1630 C

169 1670 254 1696 φησιν
265 1669 272 1676 ·
295 1661 365 1688 «Καὶ
381 1661 410 1687 ιν
423 1661 462 1697 τῷ
478 1660 567 1696 καιρῷ
577 1659 631 1687 τῶν
641 1659 736 1687 κακῶν
749 1658 852 1695 ἐροῦσι,
866 1659 960 1694 φησιν,

170 1707 299 1739 Ἀνάστα,
315 1707 404 1734 σῶσον
419 1707 505 1742 ἡμᾶς.
518 1715 527 1732 s
547 1706 620 1733 ’Δντὶ
635 1705 663 1732 δὲ
673 1705 732 1738 τοῦ,
749 1704 962 1738 ὲξελέσθωσάν

169 1762 206 1781 σε
223 1754 258 1781 ἐν
268 1753 307 1789 τῇ
321 1754 423 1788 θλίψει
443 1760 513 1781 σουο
530 1752 677 1788 Σύμμαχος
688 1750 901 1784 ὲξελέσθωσὰν
913 1758 961 1784 σε,

172 1801 265 1835 φησὶν,
289 1801 319 1827 at
340 1799 515 1835 συναγωγαί
538 1805 597 1826 σου
615 1807 623 1814 ·
648 1798 742 1833 σαφῶς
763 1797 898 1826 διδάσκων
913 1797 962 1825 ἀν-

128 1880 133 1886 .
170 1846 286 1881 ωφελεῖς
300 1843 370 1872 εἶναι
385 1845 436 1877 τὰς
449 1844 540 1872 αὐτῶν
553 1843 744 1879 συναγωγάς·
762 1845 786 1870 εί
798 1843 836 1879 μὴ
844 1844 899 1879 ἄρα
907 1843 963 1870 τῶν

172 1892 354 1928 συνηγμένων
378 1892 469 1923 αὺτοῖς
485 1891 603 1918 εἰδώλων
618 1891 690 1918 οὕτω
701 1890 731 1917 τὺ
750 1890 853 1925 πλῆθος
865 1890 964 1917 ἐκάλε-

173 1947 229 1965 σξν.
255 1937 382 1970 Τούτους
398 1936 437 1969 δὲ,
449 1936 546 1972 φησὶν,
565 1935 676 1970 ἄνεμος
698 1934 839 1969 λήψεται,
861 1935 879 1970 ἦ
899 1935 962 1966 τοὺς

172 1985 251 2016 οεοὺς
260 2004 267 2016 ,
284 1983 300 2020 ἢ
320 1984 383 2015 τοὺς
397 1982 639 2018 κατηγορηθέντας
651 1982 750 2016 λέγων.
763 1982 818 2009 Καὶ
831 1982 866 2008 δι’
883 1981 964 2014 Ἱεζε-

172 2029 236 2065 κιὴλ
251 2029 303 2064 γάρ
318 2037 386 2064 φηςι
403 2028 473 2065 πρὸς
487 2029 538 2063 τὴν
553 2027 655 2055 τούτων
669 2027 854 2063 Συναγωγὴν
864 2034 872 2043 ⁸
891 2028 964 2054 «Κα-

174 2075 227 2106 οὼς
251 2075 393 2110 ἐποίησας,
417 2074 503 2105 οὕτως
528 2073 606 2100 ἔσται
630 2082 682 2100 σοι.
701 2083 710 2099 s
730 2074 785 2101 Kal
805 2073 920 2105 Ἡσαΐας
935 2072 965 2099 δέ

174 2128 257 2155 φησιν
269 2128 276 2135 ·
295 2128 304 2145 ι
319 2120 387 2146 Οὐαὶ
398 2119 438 2155 τῷ
451 2119 545 2155 ἀνόμῳ
557 2127 564 2133 ·
580 2118 650 2146 κατὰ
663 2118 696 2146 τὰ
711 2118 780 2154 ἔργα
795 2119 850 2145 τῶν
864 2118 966 2154 χειρῶν

174 2165 258 2193 αὐτοῦ
287 2166 457 2202 συμϐήσεται
484 2165 567 2200 αὐτῷ.
586 2175 596 2192 s
627 2166 683 2192 Καὶ
709 2165 756 2192 νῦν
777 2165 807 2192 δέ
830 2173 914 2200 φησιν
928 2164 965 2196 ὡς

176 2212 328 2247 παριδοῦσα
344 2220 378 2247 με
403 2211 596 2247 παροραθήσῃ,
619 2211 681 2238 ἀντὶ
703 2211 762 2238 τῶν
778 2210 843 2238 σῶν
864 2209 967 2238 κακῶν

1005 973 1078 1007 Quid
1101 974 1176 1001 enim
1195 974 1296 1001 virium
1320 973 1445 1001 mortalis
1470 973 1554 1001 habet
1576 971 1754 1007 Babylonius.
1774 970 1798 998 si

1006 1025 1070 1046 cum
1087 1017 1142 1045 Deo
1153 1017 1336 1045 conferatur?
1354 1016 1495 1045 Scribilur
1513 1017 1585 1044 enim
1604 1016 1637 1043 de
1653 1014 1709 1043 Deo
1725 1013 1798 1049 apud

1006 1065 1168 1100 prophetam
1181 1066 1207 1091 iu
1218 1065 1276 1092 lucc
1282 1064 1365 1091 verba
1375 1062 1455 1097 “Qui
1467 1063 1592 1090 contines
1604 1061 1698 1089 orhem
1708 1065 1798 1092 terras,

1007 1111 1195 1139 ethabitautes
1206 1110 1234 1138 iu
1242 1117 1286 1142 ea,
1295 1114 1424 1145 tauquam
1432 1110 1545 1137 locusta:
1552 1108 1586 1135 ⁸³.
1593 1107 1639 1134 »Ει
1646 1106 1717 1142 apud
1727 1114 1801 1135 eum-

1008 1157 1070 1185 dem
1082 1157 1206 1185 :(Nonne
1217 1160 1312 1192 gentes
1326 1163 1434 1188 omnes,
1449 1160 1581 1190 tauquam
1589 1158 1665 1190 gutta
1674 1154 1708 1180 de
1719 1151 1800 1185 cado,

1007 1208 1035 1231 et
1044 1207 1175 1238 tauquam
1185 1203 1283 1235 saliva;
1292 1201 1406 1236 etquasi
1415 1205 1583 1229 momentum
1596 1203 1706 1228 staterae
1720 1205 1802 1234 repu-

1009 1249 1116 1277 tantur‘i
1129 1248 1181 1277 Cui
1193 1248 1339 1276 Dominum
1354 1246 1536 1282 comparastis
1548 1245 1593 1273 "T
1605 1254 1615 1272 s
1629 1244 1664 1272 At
1674 1243 1800 1279 Aquilas.

1009 1303 1060 1331 pro
1067 1302 1133 1331 quo,
1143 1294 1227 1328 Quem
1233 1294 1327 1321 timens
1336 1294 1475 1328 perterrita
1484 1301 1522 1324 es.
1532 1291 1649 1327 legimus
1659 1299 1665 1317 :
1677 1289 1802 1317 Hausisti

1010 1341 1112 1376 inquit,
1130 1348 1147 1368 a
1162 1340 1260 1368 uetula
1275 1340 1332 1368 sine
1348 1343 1431 1372 metu,
1454 1342 1480 1366 et
1504 1339 1561 1365 sine
1584 1337 1699 1372 pietate;
1721 1336 1801 1370 quasi

1010 1375 1103 1415 dicat:
1117 1386 1303 1420 Quantumvis
1316 1386 1375 1421 ipsa
1391 1385 1458 1413 olim
1474 1375 1548 1420 piam
1564 1387 1591 1412 te
1604 1383 1664 1411 fore
1678 1381 1802 1418 polliceri

1011 1434 1070 1461 visa
1082 1433 1134 1465 sis,
1145 1440 1201 1460 nou
1215 1431 1368 1468 prtcstitisti
1384 1436 1475 1458 tamen
1488 1438 1496 1464 ;
1509 1429 1558 1458 sed
1571 1429 1681 1457 mentita
1693 1435 1731 1460 es,
1741 1434 1803 1462 quae

1012 1480 1063 1507 mei
1076 1484 1156 1508 antea
1173 1486 1228 1507 non
1243 1479 1279 1506 sis
1297 1477 1438 1506 recordata
1455 1485 1464 1505 :
1480 1477 1536 1505 imo
1552 1483 1586 1504 ne
1602 1483 1677 1503 nunc
1691 1473 1803 1510 quidem

1013 1527 1076 1554 talis
1091 1525 1279 1562 permansisti.
1291 1523 1357 1552 Eam
1372 1525 1408 1552 ob
1423 1531 1482 1552 rem
1498 1523 1653 1558 relinquam
1669 1525 1696 1549 te
1711 1520 1805 1548 descr-

1013 1578 1078 1605 tam,
1100 1577 1182 1607 leque
1199 1571 1331 1606 deinceps
1352 1571 1428 1606 justa
1453 1570 1493 1597 ira
1516 1577 1577 1597 mea
1603 1567 1804 1603 apprehendet,

1012 1625 1074 1652 qua:
1092 1617 1166 1644 mata
1191 1622 1238 1644 tua
1266 1618 1397 1644 rcviucat.
1417 1615 1451 1644 Et
1480 1615 1543 1650 quis
1565 1620 1592 1642 te
1612 1618 1670 1641 tum
1690 1614 1803 1640 deormu

1011 1665 1106 1692 eruet?
1120 1663 1191 1691 Dicit
1208 1671 1273 1691 vero
1294 1663 1321 1690 in
1350 1662 1425 1690 hunc
1442 1662 1553 1689 modum
1575 1661 1658 1688 etiam
1676 1658 1777 1686 alicubi
1797 1666 1803 1684 :

1014 1719 1025 1737 ι
1044 1709 1077 1738 Et
1101 1710 1128 1746 in
1149 1710 1283 1737 malorum
1313 1713 1438 1745 tempore
1461 1709 1575 1736 dicent:
1598 1707 1697 1742 Surge,
1725 1713 1805 1732 serva

1012 1764 1064 1786 nos
1080 1756 1115 1785 ⁸⁷.
1137 1766 1147 1783 ι
1162 1756 1298 1784 Caaterum
1322 1763 1376 1791 quo
1389 1755 1469 1783 loco:
1484 1753 1589 1781 Eruaut
1602 1758 1626 1780 te
1645 1753 1674 1780 in
1695 1752 1806 1779 tribula-

1015 1804 1085 1831 tione
1098 1807 1156 1837 tua,
1173 1802 1309 1830 habemus
1321 1809 1331 1830 :
1349 1801 1454 1829 Ernant
1467 1806 1491 1828 te
1503 1807 1645 1837 synagogas
1659 1803 1712 1826 tua»
1725 1799 1807 1826 iutcr-

1014 1853 1139 1887 pretatur
1153 1849 1347 1885 Symmachus,
1366 1848 1479 1876 inutiles
1497 1847 1550 1875 illis
1570 1854 1632 1875 esse
1657 1852 1805 1881 synagogas

1014 1900 1108 1932 aperte
1120 1896 1315 1924 demonstrans
1333 1902 1340 1920 :
1358 1894 1413 1922 nisi
1429 1893 1511 1920 malis
1525 1893 1617 1928 potius
1632 1891 1670 1919 ita
1690 1898 1806 1926 congre-

1014 1947 1140 1979 gatorum
1156 1941 1291 1969 idolorum
1310 1939 1512 1968 multitudinem
1526 1938 1618 1967 vocari
1633 1937 1805 1965 existimare.

1015 1990 1087 2018 Istos
1101 1996 1203 2019 autem.
1221 1989 1269 2021 ait,
1286 1987 1359 2016 toltet
1373 1991 1485 2020 uentus,-
1496 1989 1545 2013 aut
1554 1986 1621 2013 deos
1635 1991 1744 2019 nempe.
1759 1987 1807 2010 aut

1016 2040 1171 2065 accusatos.
1186 2034 1255 2062 Nam
1269 2038 1296 2062 et
1313 2033 1386 2068 apud
1403 2032 1574 2060 Ezechielem
1591 2030 1708 2067 istorum
1724 2037 1807 2064 syna-

1015 2091 1110 2119 gogam
1129 2081 1279 2117 alloquitur
1295 2080 1323 2108 in
1344 2080 1419 2107 hunc
1444 2078 1554 2106 modum
1570 2087 1576 2105 :
1594 2087 1603 2104 ι
1625 2076 1808 2111 Quemadmo-

1016 2130 1081 2158 dum
1105 2128 1205 2160 fecisti.
1227 2127 1269 2155 sic
1298 2127 1352 2154 erit
1378 2126 1428 2153 tibi
1444 2125 1479 2153 ⁸⁸.
1497 2134 1506 2150 ι
1528 2124 1561 2152 Ει
1582 2123 1654 2159 apud
1682 2122 1779 2155 Isaiam
1798 2131 1806 2150 ε

1019 2185 1030 2202 ι
1047 2174 1093 2202 ναξ
1105 2174 1207 2210 impio!
1225 2173 1376 2201 secundum
1386 2179 1469 2207 opera
1483 2178 1613 2198 manuum
1628 2169 1688 2204 ejus
1703 2168 1809 2196 contin-

1017 2225 1062 2258 get
1080 2221 1105 2249 ei
1118 2221 1152 2248 ".
1174 2229 1184 2246 ι
1201 2219 1259 2247 Hoc
1279 2227 1344 2246 vero
1367 2218 1429 2246 loco
1453 2218 1535 2245 etiam
1561 2216 1719 2251 despectum
1737 2214 1807 2246 fore,

176 2258 302 2286 παθοῦσα
321 2257 442 2290 δικαίως.
458 2258 514 2284 Καὶ
528 2257 616 2284 ταῦτα
629 2257 678 2292 μὲν
694 2257 811 2289 τούτοις.
832 2257 864 2284 Ol
876 2257 905 2283 δὲ
918 2256 960 2292 τὴν

1019 2256 1128 2301 quando
1141 2264 1176 2292 ab
1191 2271 1224 2292 ea
1239 2263 1390 2298 despectus
1408 2261 1466 2297 ipse
1487 2262 1535 2292 sit.
1548 2261 1709 2295 justamque
1724 2258 1809 2285 malo-

176 2306 262 2342 καλὴν
281 2305 470 2341 ἐπιλεξάμενοι
493 2305 600 2342 μερίδα,
622 2305 669 2332 τὸν
685 2305 762 2338 Θεὸν,
781 2305 831 2340 τὴν
843 2305 966 2341 πρέπου-

177 2361 227 2379 σαν
250 2352 356 2385 ἕξουσιν
388 2351 518 2388 ἀμοιϐήν.
538 2351 708 2386 Κτήσονται
731 2351 787 2387 γὰρ
807 2351 856 2387 τὴν
880 2351 968 2386 ἐπηγ-

177 2398 312 2433 γελμένην
326 2398 383 2430 τοῖς
398 2398 498 2434 πραέσι
516 2397 586 2432 γῆν,
603 2397 650 2424 καί
666 2397 735 2432 ὄρος
748 2397 843 2432 ἅγιον.
855 2398 905 2434 τὴν
919 2398 969 2424 επ-

176 2444 301 2479 ουράνιον
316 2443 409 2471 πόλιν·
426 2444 451 2470 oi
465 2444 514 2470 κα1⁵
529 2443 632 2479 ἑτέρων
643 2443 790 2478 φανοῦνται
800 2443 966 2474 διδάσκαλοι,

177 2490 376 2526 παραινοῦντες
395 2490 486 2522 αὐτοῖς
507 2489 695 2525 ἐξομαλίζειν
719 2491 775 2523 τὰς
800 2489 890 2523 ὀδοὺς
919 2489 967 2516 τοῦ

176 2536 255 2566 λαοῦ.
270 2536 394 2572 καθαρὰς
408 2536 589 2571 ποιουμένους
607 2537 617 2557 ι
635 2536 684 2563 καὶ
698 2536 773 2568 λείας
792 2535 968 2568 διδασκαλίας

179 2582 285 2610 σκολιὸν
306 2583 422 2618 ἐχούσας
447 2583 543 2620 μηδέν.
570 2582 609 2610 οὗ
640 2582 778 2618 φροντίζει
805 2582 860 2618 γὰρ
884 2581 970 2618 μόνης

177 2628 228 2662 τῆς
237 2629 336 2656 ἑαυτοῦ
349 2629 488 2665 σωτηρίας
498 2630 512 2656 ό
527 2628 704 2665 κατορθώσας
717 2628 793 2664 παρὰ
803 2627 873 2663 Θεῷ,
882 2636 969 2664 προσ-

177 2675 272 2702 τάττει
296 2675 325 2702 δὲ
350 2676 398 2703 καὶ
438 2676 488 2712 τὴν
521 2675 573 2711 τῆς
614 2675 771 2707 Θεοσεϐείας
801 2674 974 2710 ἐξομαλίζειν

179 2723 264 2757 ὁδὸν,
275 2723 322 2751 καὶ
333 2724 367 2751 τὰ
378 2724 509 2752 δοκοῦντα
521 2723 740 2759 προσκόμματα
748 2723 803 2750 τῶν
815 2722 896 2750 θείων
908 2722 975 2750 ἀνα-

1017 2319 1077 2339 rnm
1091 2318 1200 2338 suorum
1213 2310 1345 2338 ultionem
1371 2316 1444 2341 esse,
1468 2307 1616 2342 signiﬁcat.
1643 2307 1732 2339 Mque
1752 2304 1810 2332 luec

1017 2357 1128 2392 quidem
1151 2357 1221 2384 istis.
1245 2355 1380 2384 Caeterum
1401 2355 1449 2390 qui
1470 2354 1570 2381 bonam
1587 2356 1704 2388 partem.
1722 2351 1747 2378 id
1767 2353 1808 2378 est

1020 2403 1118 2434 Deum.
1138 2403 1291 2438 elegerunt,
1304 2401 1408 2437 justam
1425 2405 1454 2428 et
1470 2400 1508 2428 illi
1523 2398 1678 2427 mercedem
1698 2404 1811 2432 quoque

1019 2452 1086 2476 sunt
1102 2447 1235 2475 habituri.
1250 2447 1361 2475 Terram
1377 2447 1463 2479 enim,
1478 2452 1542 2480 qua:
1565 2443 1678 2471 mitibus
1697 2443 1812 2478 promit-

1019 2493 1097 2526 titur,
1123 2497 1289 2527 montemque
1309 2497 1444 2523 sanctum.
1465 2490 1605 2518 cmlestem
1629 2487 1759 2516 nimirum
1775 2487 1812 2514 ci-

1019 2538 1144 2572 vitatem,
1160 2537 1344 2573 possidebunt.
1360 2537 1535 2570 aliorumque
1549 2542 1584 2562 eo
1606 2534 1667 2570 ipso
1684 2533 1810 2569 magistri

1019 2584 1198 2616 videbuntur,
1220 2583 1294 2618 quod
1317 2589 1366 2610 eos
1388 2581 1424 2610 ad
1447 2582 1504 2608 vias
1527 2579 1621 2615 populi
1642 2577 1810 2614 purgandus.

1021 2630 1099 2667 puris
1120 2634 1148 2658 et
1173 2629 1278 2662 rectis,
1302 2629 1435 2663 nullaque
1459 2625 1622 2661 obliquitate
1650 2623 1810 2660 depravatis

1020 2676 1103 2712 647
1122 2675 1353 2711 ῃιιιιεεριὶοιιίιηιε
1367 2672 1596 2701 adhortabuntur.
1619 2669 1714 2705 Neque
1734 2669 1809 2696 enim

1029 2721 1065 2749 de
1076 2727 1126 2748 sua
1145 2723 1253 2748 tantum
1269 2719 1358 2748 salute
1381 2722 1424 2746 est
1447 2716 1593 2749 sollicitus,
1614 2715 1661 2750 qui
1682 2718 1756 2742 recto
1775 2713 1810 2742 ad

214 2781 238 2797 "‘
252 2780 351 2808 Jerem.
367 2789 396 2810 ir.
412 2780 458 2808 21.
495 2781 518 2797 ⁸³
535 2780 637 2807 Jerem.
657 2787 717 2810 vui,
731 2778 758 2805 ι.
796 2777 820 2796 ⁸⁸
832 2777 932 2806 Ierem.
950 2785 957 2805 ι

1011 2775 1055 2804 22.
1072 2775 1095 2793 ⁸⁸
1110 2774 1164 2804 lsa.
1178 2783 1223 2811 xu,
1235 2775 1281 2804 2‘3.
1296 2776 1319 2793 ⁸⁸
1334 2775 1385 2804 lsa.
1404 2782 1473 2810 xvu,
1498 2772 1541 2801 18.
1561 2772 1583 2789 ⁵⁷
1597 2770 1699 2799 Jerom.
1718 2777 1748 2804 ιι,
1763 2769 1808 2797 27.

179 2816 203 2832 ⁸⁸
217 2816 316 2844 Ezech.
332 2824 403 2844 xxxv
415 2816 469 2848 ,ll.
506 2816 529 2832 ”
543 2815 645 2843 Jerem.
660 2823 702 2848 In,
724 2814 767 2842 11.

813 2859 935 2889 νΑῐιιδΕ
952 2857 1151 2888 ιΕΟΤΙΟΝΕδ.

218 2909 350 2937 Statirae.
389 2910 400 2930 δ
418 2902 502 2936 οὑδὶξ
549 2909 556 2929 ί
577 2917 620 2944 rp.
638 2907 805 2945 ποιούμενοι.
