1999 3076
190 164 260 195 2579

187 218 266 244 "eum
281 217 382 246 itinch
401 219 543 247 contendit
560 227 568 249 ι
591 219 639 247 sed
658 218 735 254 jubet
758 219 840 247 etiam
863 219 975 255 pietatis
990 223 1012 251 Α

185 272 255 292 vtam
271 265 411 292 consterni
427 265 548 298 caeteris,
564 270 592 293 et
603 274 665 301 qua).
683 266 812 294 videntur
831 266 858 293 in
876 265 980 294 divinis

185 307 392 342 Scripturarnm
411 309 577 338 lectionibus
597 318 657 338 esse
672 311 843 345 o/fendicula,
870 319 902 339 ea
920 312 980 346 ipsa

185 354 305 391 planiori
323 354 553 390 interpretatione
568 357 674 385 tollere.

220 399 374 429 Conveniat
399 409 464 429 vero
486 406 513 429 ct
539 403 592 430 ista
617 402 651 430 de
681 405 870 439 apostolorum
895 405 979 433 choro

181 447 235 473 dici
261 447 423 475 existimare
444 456 450 474 :
481 449 534 482 Qui
551 450 640 476 sancti
669 451 766 477 montis
792 451 976 478 Itwreditatem

185 493 322 525 adierunt,
337 494 371 521 de
391 501 446 529 quo
467 494 508 522 sic
528 499 555 522 et
569 495 640 530 apud
663 495 793 523 Davidcm
811 497 897 532 qtueri
913 497 980 533 legi-

182 546 263 566 mus:
284 548 293 565 ι
311 539 379 572 Quis
392 540 522 568 ascendet
547 541 575 568 in
601 535 722 569 montem
740 542 848 570 Domini
860 544 903 570 90?
920 553 930 570 ι
951 548 980 571 et

183 592 245 619 qua:
257 584 399 620 deinceps.
421 586 442 613 li
464 587 608 621 nimirum,
627 587 673 622 qui
692 587 935 617 vehementissimo
951 590 978 616 in

183 629 270 658 Deum
287 638 382 659 amore
393 636 554 665 aestuantes,
579 633 642 668 quis
654 641 706 661 sea
718 633 821 662 Christi
833 635 981 664 dilectione

183 680 363 710 scparaturus
383 681 467 709 esset,
485 678 664 712 postulabant
677 679 718 712 “;
739 679 841 714 quibus
857 684 884 707 ct
901 680 978 714 illud,

183 721 233 753 ait.
250 722 461 757 respondebitur
479 732 486 750 :
505 733 516 752 (
534 724 633 752 Parate
651 725 723 752 viam
750 725 868 759 Domini,
888 733 980 755 rectas

183 767 266 795 facite
278 769 390 799 semitas
404 769 464 804 cjus
481 770 517 797 ".
538 780 546 796 ι
565 770 709 804 Quomodo
719 776 810 800 autem
827 772 886 800 tolli
896 773 981 808 οΙΤεηη

182 814 275 841 αἰτοίη
291 815 437 850 ιιι-ιιιρίρὶιῖ
462 815 511 844 Via
529 816 661 844 nimirum
690 818 752 846 ﬁdei
780 819 918 854 expedita,
938 819 978 848 le-

182 859 280 895 gisque
311 861 458 894 mandatis,
491 869 552 897 qtue
582 863 627 890 vix
662 863 807 899 adimpleri
839 870 978 900 poterant,

183 905 301 933 sublatis
327 910 353 934 et
372 906 499 941 abjectis.
521 907 607 945 Cujus
631 898 746 943 generis,
769 915 811 938 est
832 898 859 937 et
884 911 951 941 illud
969 920 975 938 :
993 898 1016 929 B

185 960 196 977 ι
220 951 366 980 Ambulate
383 961 431 988 per
443 958 538 988 portas
554 962 640 988 meas,
654 960 681 983 et
694 956 799 991 lapides
812 957 846 984 de
858 958 899 987 via
913 966 977 993 pro-.

181 997 298 1031 jiCilE.J
318 998 396 1032 Quod
415 999 486 1030 idem
503 1005 546 1029 est
576 1008 608 1028 ac
626 1002 649 1028 si
672 1002 797 1030 molestia
819 1003 890 1031 viam
911 1004 977 1032 libe—

181 1053 245 1072 rare
260 1046 430 1081 prmciperet.
443 1046 476 1075 At
493 1052 568 1080 sunt,
582 1048 629 1082 qui
645 1053 731 1078 totam
745 1049 826 1077 istam
842 1050 977 1080 orationis

184 1091 283 1119 seriem
313 1091 387 1119 hunc
416 1092 443 1119 in
464 1093 575 1120 modum
604 1095 752 1130 explicent.
780 1095 848 1124 Post
874 1095 976 1124 iactam

184 1145 290 1171 eorum,
313 1146 375 1173 qua:
398 1140 527 1174 superius
549 1140 622 1168 dicta
640 1146 716 1174 sunt,
740 1142 975 1177 promissionem;

183 1191 238 1219 qua
253 1184 309 1219 jam
326 1185 386 1212 vita:
404 1185 512 1213 ratione
536 1186 590 1214 illis
610 1187 761 1222 potiantur,
784 1188 976 1222 demonstrat;

183 1230 354 1265 advenasque
375 1231 516 1266 deinceps,
538 1237 560 1259 et
577 1233 711 1260 eunuchos
734 1234 906 1268 consolatur,
929 1235 977 1271 qui

182 1277 282 1309 semine
303 1277 329 1305 in
351 1277 496 1306 benedicta
522 1286 624 1314 genere
648 1280 753 1315 privari
779 1282 978 1309 exsecrationis

184 1323 245 1350 loco
260 1323 408 1357 habebant,
425 1332 517 1360 neque
531 1333 561 1354 se
586 1325 649 1354 ideo
670 1324 837 1362 promissam
854 1328 881 1355 in
905 1334 978 1356 terra

183 1369 366 1402 hereditatem
381 1371 457 1402 adire
477 1378 559 1406 posse
581 1372 727 1407 putabant.
752 1372 916 1401 Necessario
930 1383 979 1402 au-

183 1420 238 1442 tem
259 1414 312 1445 ista
332 1415 375 1445 eis
393 1416 524 1449 consulit,
547 1417 594 1452 qui
625 1424 760 1452 responso
785 1417 838 1451 illi,
853 1421 926 1454 quod
944 1420 978 1447 ad

183 1459 329 1491 Ezechiam
346 1461 480 1497 perlatum
496 1466 549 1495 est,
566 1462 653 1490 futuri
666 1467 747 1492 erant
762 1464 892 1499 obnoxii;
914 1473 978 1492 cum

156 1519 159 1522 -
183 1506 218 1533 de
240 1513 341 1541 genere
361 1507 449 1542 ipsius
473 1508 612 1543 spadones
638 1515 702 1536 esse
729 1509 876 1538 etl‘ecturos
898 1510 978 1538 audi-

183 1553 222 1583 vit
244 1553 278 1581 “.
295 1553 355 1587 Quo
372 1561 435 1582 cum
455 1554 637 1583 devenissth
662 1554 770 1587 Daniel,
791 1555 900 1592 ipsique
921 1560 978 1583 tres

184 1597 282 1632 pueri,
315 1599 532 1633 consolationem
557 1608 589 1627 ex
618 1599 662 1628 his
690 1601 782 1628 verbis
813 1600 975 1633 hauserunt,

183 1649 313 1680 tanquam
324 1645 372 1680 qui
387 1644 490 1678 frustra
501 1645 549 1674 Dei
560 1646 697 1680 mandatis
709 1655 763 1677 non
773 1647 932 1683 paruissent
942 1646 977 1674 ".

184 1691 237 1728 Qui
252 1691 323 1720 tales
335 1691 418 1727 igitur
435 1691 520 1719 futuri
538 1697 614 1724 sunt.
629 1700 677 1721 eos
691 1700 721 1720 se
737 1701 799 1721 cum
820 1693 978 1728 alienigenis

185 1738 314 1772 pietatem
330 1738 487 1766 colentibus
501 1739 673 1766 collecturum
689 1740 828 1775 signiﬁcat
845 1748 852 1766 ι
870 1740 979 1768 caeteris

184 1788 276 1817 autem
292 1784 345 1820 ﬁde
361 1785 519 1814 carentibus
537 1793 551 1812 ιι
568 1785 706 1814 Chaldaeis
724 1786 804 1821 ipsis,
820 1787 868 1822 qui
884 1786 911 1814 in
929 1794 979 1815 eos

185 1829 306 1863 ferarum
321 1839 398 1864 more
411 1832 529 1865 irruent,
547 1832 669 1869 ingentia
684 1833 755 1861 mala
774 1833 836 1861 ideo
847 1841 909 1861 esse
928 1841 976 1861 ex-

184 1878 346 1914 spectanda,
359 1879 434 1914 quod
451 1879 541 1909 insani
560 1883 658 1916 sponte
674 1880 776 1912 eﬁecti,
796 1880 979 1915 rabiososque

185 1934 264 1954 canes
280 1926 390 1960 imitati,
407 1936 443 1958 ne
458 1928 584 1958 dominos
599 1927 710 1963 quidem
726 1936 802 1961 suos,
823 1929 865 1956 vel
897 1935 956 1961 eos,
982 1935 997 1955 a

848 161 1025 192 l'ROCOPIl
1047 163 1170 193 GAZ/El

1027 220 1200 255 γνωσμάτων
1221 221 1377 255 περιαιρεῖν
1402 219 1446 246 διὰ
1470 220 1516 255 τῆς
1538 220 1585 248 East
1605 219 1635 247 τὸ
1660 220 1829 257 σαφέστερον

1032 266 1123 293 αὐτῶν
1140 266 1299 302 ἑρμηνείας.

1069 403 1173 438 Πρέποι
1191 403 1216 430 δ’
1233 403 1267 430 ἃν
1291 403 1420 439 εἰρῆσθαι
1437 403 1525 431 ταῦτα
1546 404 1610 439 περὶ
1625 404 1673 431 τοῦ
1693 404 1747 430 τῶν
1761 404 1829 430 ἀπο-

1033 449 1133 475 στόλων
1149 448 1242 484 χοροῦ,
1257 449 1286 476 οἳ
1308 449 1341 476 τὸ
1366 449 1453 484 ἅγιον
1478 450 1734 484 ἐκληρονόμησὰν
1751 450 1829 484 ὅρος.

1032 495 1101 530 Περὶ
1124 492 1154 521 οὗ
1182 503 1249 530 φησι
1265 495 1313 522 καὶ
1330 495 1430 522 Δαϐίδ·
1459 495 1528 527 «Τίς
1548 495 1717 531 ἀναϐήσεται
1739 497 1779 527 είς
1800 497 1831 523 τὸ

1031 541 1093 575 ὅρος
1109 540 1155 567 τοῦ
1174 540 1298 575 κυρίους
1316 549 1324 566 ι
1351 539 1400 566 καὶ
1422 539 1458 566 τὰ
1477 540 1523 566 ὲπὶ
1547 539 1644 575 τούτῳ.
1671 540 1702 566 Οἳ
1726 541 1775 575 τῆς
1791 541 1831 571 είς

1032 587 1150 620 Χριστὸν
1165 587 1276 622 ἀγάπης
1293 585 1418 622 σφοδρῶς
1441 586 1617 622 ἀντεχόμενοι
1640 585 1744 621 ἔλεγον,
1767 587 1831 618 «Τίς

1031 633 1106 668 ἡμᾶς
1128 633 1240 668 χωρίσει
1266 633 1321 660 ἀπὸ
1345 633 1395 668 τῆς
1405 633 1519 668 ἀγάπης
1543 632 1591 659 τοῦ
1608 633 1727 668 Χριστοῦ
1741 641 1764 665 ;ι
1790 630 1831 664 οἷς

1032 679 1192 714 ῥηθήσεται,
1203 679 1297 714 φησὶν,
1310 679 1351 712 τὸ,
1369 689 1378 705 ι
1393 679 1573 714 Ἑτοιμάσατε
1586 679 1636 714 τὴν
1644 679 1703 705 ὁδὸν
1716 678 1841 715 Κυρίου(

1032 725 1148 757 Εὐθείας
1167 727 1271 752 ποιεῖτε
1293 726 1342 758 τὰς
1364 725 1474 761 τρίϐους
1500 725 1595 752 αὑτοῦ.
1613 735 1621 750 ι
1640 725 1708 751 Τίνα
1726 725 1753 751 δὲ
1768 725 1831 760 ’τρὸ-

1031 779 1082 797 πον
1095 772 1203 806 Ἀρατε
1214 770 1330 805 οκῶλα,
1343 771 1425 807 φησιν
1436 780 1443 805 ;
1455 771 1528 798 τοῦτ’
1536 771 1593 797 ἐστι
1605 770 1655 805 τὴν
1663 771 1737 798 λείαν
1746 770 1828 802 ὁδὸν,

1030 817 1080 852 τὴν
1094 817 1138 844 διὰ
1153 817 1271 849 πίστεως
1286 817 1446 851 ὑποδείξαιτε
1457 817 1610 852 αἰρομένων
1626 817 1658 844 ὲκ
1676 817 1761 852 μέσου
1775 816 1829 843 τῶν

1032 863 1152 896 νομικῶν
1164 863 1354 899 ὲνταλμάτων,
1368 864 1440 899 ἅπερ
1452 861 1486 898 ἦν
1499 863 1720 898 δυσκατόρθωτα.
1735 863 1829 889 Τοιοῦ-

1030 910 1075 936 τόν
1090 911 1148 937 ἐστι
1161 910 1209 938 καὶ
1219 910 1260 942 τὸ,
1279 909 1448 946 «Πορεύεσθε
1465 910 1509 937 διὰ
1524 911 1579 936 τῶν
1595 909 1686 937 πυλῶν
1703 918 1765 944 μου,
1783 910 1829 936 καὶ

1029 955 1093 988 τοὺς
1112 955 1205 988 λίθους
1221 955 1265 983 διὰ
1284 956 1334 991 τῆς
1354 955 1414 983 ὀδοῦ
1432 955 1540 991 ῥίψατε.
1557 964 1566 980 ι
1584 955 1664 982 Τοῦτ’
1684 955 1742 982 ἔστι
1764 955 1830 982 δυσ.

1029 1002 1141 1038 χερείας
1175 1001 1351 1034 ἀπαλλάξατε
1367 1001 1418 1037 τὴν
1435 1002 1504 1029 ὁδόν.
1522 1002 1615 1029 Ἀλλοι
1630 1002 1658 1028 δὲ
1673 1001 1722 1037 τὴν
1738 1003 1830 1030 πᾶσαν

1028 1047 1115 1080 οὕτως
1126 1048 1297 1084 ἐξηγήσαντο
1310 1048 1390 1084 ῥῆσιν
1401 1055 1409 1064 ⁸
1425 1048 1503 1075 Μετὰ
1517 1048 1569 1083 τὴν
1596 1048 1650 1075 τῶν
1666 1048 1829 1084 προλεχθέν-

1028 1094 1083 1120 τῶν
1106 1094 1286 1129 ἐπαγγελίαν,
1316 1094 1494 1121 ὑποδείκνυσι
1518 1094 1577 1126 πῶς
1602 1093 1722 1129 βιοῦντες
1738 1094 1829 1121 αὐτῶν

1029 1140 1227 1173 ὲπιτεύξονται.
1244 1139 1312 1168 Μεθ’
1324 1139 1343 1167 ἃ
1355 1140 1563 1176 παραμυθεῖται
1587 1140 1658 1174 τοὺς
1676 1141 1830 1175 προσηλύ-

1028 1197 1101 1221 τους
1113 1195 1119 1202 '
1134 1185 1194 1214 εἶτα
1210 1187 1275 1219 τοὺς
1299 1187 1469 1222 εὐνούχους
1484 1186 1609 1222 κατάραν
1633 1187 1772 1223 οἰομένους
1798 1187 1830 1215 τδ

1030 1233 1068 1270 μὴ
1094 1233 1215 1268 σπέρμα
1241 1234 1270 1260 ὲν
1295 1233 1335 1269 τῷ
1359 1234 1538 1269 εὐλογημένῳ
1563 1233 1638 1267 γένει
1666 1234 1827 1268 κεκτῆσθαι,

1030 1281 1098 1316 μηδὲ
1118 1280 1325 1315 κληρονομίαν
1349 1279 1479 1307 δύνασθαι
1499 1279 1593 1307 λαϐεῖν
1613 1279 1648 1306 ἐν
1662 1279 1700 1313 τῇ
1716 1278 1755 1314 γῇ
1776 1279 1829 1313 τῆς

1028 1325 1208 1360 ἐπαγγελίας.
1233 1325 1404 1360 Ἀναγκαίως
1421 1326 1449 1353 δὲ
1470 1325 1557 1353 ταῦτα
1574 1324 1753 1353 συνεὸούλευε
1770 1325 1828 1355 τοῖς

1030 1373 1173 1408 μέλλουσιν
1191 1372 1245 1400 ὑπὸ
1270 1372 1320 1408 τὴν
1353 1372 1492 1406 ἀπόφασιν
1520 1371 1630 1400 κεῖσθαι
1655 1371 1706 1407 τὴν
1733 1370 1827 1407 ῥηθεῖ-

1030 1426 1080 1445 σαν
1100 1417 1169 1453 πρὸς
1189 1417 1326 1450 Ἐζεκίαν,
1353 1417 1392 1449 ὡς
1415 1418 1446 1444 ὲκ
1463 1417 1510 1445 τοῦ
1532 1417 1628 1452 γένους
1644 1416 1726 1444 αὑτοῦ
1747 1417 1828 1452 ποιή-

1030 1471 1106 1490 σουσι
1116 1463 1280 1495 σπάδοντας·
1293 1460 1369 1499 ᾗπερ
1379 1462 1525 1490 ὑποπεσὼν
1537 1461 1704 1498 Δανιὴ).,ξκαὶ
1717 1461 1741 1488 οἱ
1752 1462 1828 1496 τρεῖς

1029 1510 1136 1543 παῖδες,
1160 1509 1342 1545 παραμυθίας
1363 1509 1408 1537 διὰ
1428 1509 1533 1536 τούτων
1550 1510 1711 1545 ἐτύγχανον,
1728 1508 1767 1540 ὡς
1789 1509 1827 1544 μὴ

1029 1556 1167 1591 ἁνονήτως
1182 1555 1229 1582 τοῦ
1245 1555 1312 1582 Θεοῦ
1330 1555 1471 1591 μετιόντες
1483 1555 1534 1588 τὰς
1549 1556 1669 1587 ἐντολάς.
1690 1555 1760 1586 Τοὺς
1779 1552 1828 1581 οὖν

1028 1602 1167 1635 τοιούτους
1185 1603 1254 1638 μετὰ
1278 1603 1333 1629 τῶν
1361 1602 1545 1630 εὐσεϐούντων
1568 1601 1745 1637 ἀλλογενῶν
1766 1601 1828 1628 ἐπιε

1029 1649 1177 1681 συνάξειν
1191 1648 1268 1684 φησι.
1292 1649 1356 1681 Τοῖς
1367 1648 1403 1677 res
1423 1648 1514 1680 ἄλλοις
1536 1648 1682 1676 ἀπειθοῦσι
1699 1647 1828 1683 προλέγει

1030 1696 1065 1723 τὰ
1086 1695 1282 1730 συμϐησόμενα
1304 1695 1381 1731 παρὰ
1393 1694 1536 1722 Χαλδαίων
1559 1694 1637 1731 δίκην
1656 1694 1760 1730 θηρίων
1774 1694 1827 1729 ἑμ-

1030 1741 1179 1778 πηδὼντων
1196 1741 1301 1772 αὐτοῖς.
1327 1741 1364 1767 Τὸ
1380 1740 1409 1767 δὲ
1436 1740 1534 1772 αἴτιον,
1556 1740 1598 1767 ὅτι
1627 1740 1738 1771 ἑκόντες
1753 1740 1828 1775 ἔμω-

1031 1787 1181 1824 ράνθησαν,
1203 1786 1272 1819 τοὺς
1290 1787 1386 1820 κύνας
1400 1787 1466 1819 τοὺς
1484 1786 1640 1819 λυττῶντας
1664 1786 1827 1822 μιμησάμε-

1031 1843 1083 1867 νοι,
1093 1834 1158 1866 τοὺς
1166 1835 1203 1870 μὴ
1211 1833 1343 1865 δεσπότας
1352 1833 1545 1870 γνωρίζοντας,
1557 1834 1594 1869 μή
1602 1841 1633 1860 τε
1643 1833 1706 1865 τοὺς
1716 1833 1828 1868 τρέψον-

1031 1889 1091 1913 τας,
1109 1880 1179 1916 μήθ’
1201 1880 1346 1908 ὑλακτεῖν
1361 1879 1559 1915 δυναμένους-⁸
1574 1879 1588 1906 ὃ
1603 1879 1635 1915 δὴ
1646 1879 1825 1906 πεπόνθασιν.

1029 1929 1131 1964 quibus
1159 1933 1324 1965 pascuntur,
1359 1931 1551 1964 agnoverunt;
1580 1927 1635 1956 imo
1663 1935 1697 1955 ne
1725 1927 1828 1954 latrare

186 1973 297 2008 quidem
324 1975 468 2003 valuerunt
487 1984 497 2003 :
518 1976 603 2012 648
627 1977 700 2011 quod
721 1980 796 2003 certe
815 1980 841 2003 et
857 1983 906 2004 eos
927 1977 984 2012 pati
997 1977 1125 2012 contigit.

221 2020 289 2049 Cum
306 2020 391 2054 enim,
407 2026 536 2056 tanquam
566 2023 593 2050 in
620 2031 718 2051 somno
736 2027 763 2050 et
779 2023 866 2056 lectis,
885 2023 919 2050 ad
932 2031 976 2056 ea,

185 2074 246 2099 quae
263 2075 277 2093 a
290 2067 460 2097 daemonibus
479 2069 654 2102 dicebantur.
671 2070 858 2103 adverterent,
879 2069 978 2097 dormi-

186 2118 243 2139 tare
262 2120 290 2140 se
309 2114 465 2149 ﬁngebant;
491 2123 578 2150 eaque
607 2116 770 2151 rejiciebant
804 2124 865 2152 qua:
882 2117 934 2144 sibi
961 2125 977 2145 a

185 2157 241 2188 Deo
261 2166 294 2187 ex
313 2163 378 2187 nota
397 2164 425 2188 et
452 2162 597 2196 perspicua
624 2170 716 2190 rerum
735 2163 786 2190 lidc
807 2163 909 2198 (qualis
935 2167 979 2191 est

185 2205 219 2232 de
236 2205 303 2233 solis
330 2214 426 2241 gressu
451 2213 584 2242 retracto,
604 2209 693 2244 deque
717 2214 828 2236 centum
847 2214 875 2237 et
900 2215 978 2238 octo-

1072 2023 1233 2055 ’Δκούοντες
1261 2023 1326 2059 γὰρ,
1352 2023 1390 2055 ὡς
1421 2023 1451 2051 ὲν
1478 2023 1567 2059 ὕπνῳ,
1592 2023 1640 2050 καὶ
1663 2022 1778 2054 κοίταις,
1791 2023 1827 2048 τὰ

1031 2071 1108 2107 παρὰ
1122 2070 1177 2098 τῶν
1191 2070 1329 2106 δαιμόνων
1344 2070 1491 2105 λεγόμενα,
1516 2067 1730 2105 προσεποιοῦντο
1748 2074 1825 2093 νυσ-

1030 2117 1154 2152 τατμὸν,
1174 2117 1290 2151 ἀφέντες
1305 2116 1338 2143 τὰ
1350 2117 1426 2151 παρὰ
1440 2114 1486 2142 τοῦ
1502 2114 1570 2142 ε’)εοῦ
1587 2115 1647 2149 μετ’
1662 2113 1828 2145 ἀποδείξεως

1030 2164 1086 2190 τῶν
1101 2163 1130 2190 ὲν
1153 2163 1219 2189 ποσὶ
1240 2162 1440 2198 προλεγόμενα,
1462 2160 1511 2188 τοῦ
1538 2160 1588 2196 μὲν
1602 2160 1678 2194 ἡλίου
1698 2158 1827 2186 ἀναποδί-

1032 2219 1139 2244 σαντος,
1165 2210 1219 2237 τῶν
1239 2209 1267 2236 δὲ
1294 2209 1392 2235 ἑκατὸν
1410 2208 1577 2244 ὀγδοήκοντα
1601 2207 1683 2234 πέντε
1697 2205 1828 2242 χιλιάδων

185 2252 262 2286 ginta
291 2253 416 2288 quinque
450 2254 572 2283 millibus
603 2255 773 2291 interemptis
801 2256 917 2284 historia
933 2258 977 2292 "),

1031 2256 1223 2293 ἀνῃρημένων.
1238 2254 1311 2291 Πρὸς
1323 2254 1341 2281 ἃ
1359 2254 1572 2289 τυφλώττοντες,
1595 2254 1649 2279 τῶν
1672 2252 1764 2279 κακῶν
1777 2251 1828 2278 οὐκ

184 2302 316 2326 eventura
333 2307 395 2327 esse
407 2301 629 2335 praedicebantur
645 2310 651 2329 :
669 2303 702 2329 ad
718 2310 779 2338 qua:
795 2309 858 2330 cum
873 2302 911 2330 illi
927 2311 980 2331 ca:-

184 2345 315 2376 cutirent.
334 2346 410 2374 nulla
425 2347 558 2374 malorum
573 2349 699 2377 satietate
715 2349 904 2384 capiebantur.
921 2350 978 2378 lmo

185 2398 250 2418 vero
275 2399 337 2419 cum
358 2393 530 2422 calamitates
547 2394 731 2428 intuerentur,
753 2403 813 2430 qua:
841 2396 935 2431 probis
951 2399 979 2423 et

182 2437 266 2472 justis
277 2439 427 2472 accidunt;
444 2448 505 2467 cum
524 2440 558 2468 ad
576 2445 690 2468 mortem
709 2441 791 2469 etiam
809 2441 835 2469 vi
854 2441 978 2477 pertrahi

184 2483 328 2518 viderent;
346 2486 440 2513 virtuti
456 2487 539 2515 etiam
563 2487 627 2522 ipsi,
643 2491 774 2522 tanquam
794 2488 862 2515 nihil
878 2488 978 2516 habeat

186 2531 322 2566 utilitatis,
341 2532 533 2562 detrahebant.
559 2534 648 2569 Atque
669 2534 733 2562 inde
749 2538 801 2567 cst,
822 2535 896 2569 quod
914 2542 977 2562 cum

183 2577 217 2605 dc
231 2577 265 2606 iis
285 2583 359 2607 esset
381 2585 460 2608 antea
477 2581 598 2613 locutus,
620 2580 666 2614 qui
684 2581 790 2614 justum
809 2581 920 2615 periisse
934 2581 978 2608 di-

184 2629 296 2657 cerent.
319 2626 562 2660 reprehensionem
598 2627 718 2662 adjecit;
754 2627 847 2655 videre
879 2634 978 2662 nempe

185 2671 261 2704 ipsos
282 2671 455 2707 corporalem
479 2672 592 2707 quidem
619 2681 716 2701 eorum
747 2673 908 2706 interitUm;
929 2673 977 2703 sed

185 2717 225 2744 eis
244 2717 336 2745 utilem
358 2726 420 2746 csse
444 2722 598 2754 temporqu
614 2720 833 2747 contractionem
852 2719 980 2755 bonaque

221 2774 244 2790 ’θ
258 2773 358 2803 Psalm.
372 2784 450 2805 xvtxt.
469 2777 495 2804 5.

188 2813 237 2839 iet
250 2817 289 2842 ιιι,
326 2812 349 2827 ⁸³
367 2811 400 2839 ιν
418 2812 483 2854 ltcg.
498 2820 552 2843 xix,
572 2813 582 2839 l
606 2821 682 2848 seqq.

547 2777 569 2792 ‘“
586 2776 664 2804 Itoni.
681 2786 737 2809 vnt,
757 2777 801 2805 35.
839 2778 862 2795 ⁸³
881 2776 932 2804 lsa.
952 2785 994 2809 xc,
1014 2775 1050 2808 3;
1068 2774 1163 2802 Matth.
1184 2782 1225 2806 Ill,
1240 2773 1267 2806 2i.

1032 2302 1188 2338 ἐλάμϐανον
1204 2301 1284 2335 κόρον
1295 2310 1302 2317 ·
1325 2300 1394 2328 ἀλλὰ
1415 2300 1463 2327 καὶ
1485 2300 1535 2332 τὰς
1551 2299 1728 2334 περιστάσεις
1741 2297 1827 2333 ὁρῶν-

1030 2357 1087 2380 τες,
1104 2347 1133 2375 αἳ
1148 2349 1204 2379 τοῖς
1222 2347 1338 2378 δικαίοις
1360 2346 1552 2381 συμϐαίνουσι,
1577 2345 1624 2372 καὶ
1643 2345 1707 2376 τοὺς
1726 2346 1828 2378 ἐπαγο-

1033 2394 1130 2430 μένους
1148 2393 1194 2429 βίᾳ
1209 2393 1353 2424 θανάτους,
1373 2392 1547 2428 διεϐέῃληντο
1563 2390 1632 2426 πρὸς
1655 2391 1705 2426 τὴν
1725 2390 1828 2426 ἀρετὴν

1030 2441 1068 2472 ὡς
1087 2439 1170 2475 μηδὲν
1194 2438 1363 2474 ὠφελοῦσαν.
1382 2438 1464 2465 Ὅθεν
1480 2437 1514 2464 τὰ
1537 2437 1602 2472 παρ’
1619 2436 1710 2464 αὐτῶν
1726 2436 1828 2471 προτὰ-

1032 2486 1080 2519 ξας
1088 2485 1142 2512 τῶν
1154 2485 1288 2519 λεγόντων
1307 2483 1499 2512 ἀπολωλέναι
1518 2483 1572 2509 τὸν
1585 2482 1713 2512 δίκαιον,
1728 2481 1827 2515 ἐπάγει

1034 2532 1209 2568 μεμφόμενος
1223 2531 1263 2557 ὅτι
1276 2531 1326 2561 τὰς
1342 2530 1392 2565 μὲν
1409 2528 1570 2564 σωματικὰς
1587 2528 1676 2555 αὐτῶν
1689 2527 1828 2558 ἀπωλείας

1031 2580 1126 2615 ὁρῶσι,
1143 2578 1174 2605 τὸ
1191 2578 1220 2605 δὲ
1235 2577 1303 2613 πρὸς
1316 2577 1410 2612 ὄνησιν
1425 2577 1517 2607 αὐτοῖς
1531 2573 1602 2602 εἶναι
1615 2575 1646 2601 τὺ
1661 2574 1826 2607 συσταλῆναι

1031 2626 1077 2652 τὸν
1092 2625 1199 2661 χρόνον,
1226 2624 1273 2650 καὶ
1295 2623 1383 2649 πόνων
1399 2622 1499 2654 αὐτοὺς
1526 2622 1570 2648 ἐπ’
1586 2621 1693 2648 ἐλπίσιν
1710 2619 1827 2654 ἀγαθαῖς

1031 2669 1250 2698 ἀπαλλάττεσθαι
1269 2668 1276 2694 ι
1305 2670 1418 2696 σκοπεῖν
1429 2668 1480 2695 οὐκ
1503 2667 1641 2694 ἐθέλουσιν
1663 2666 1757 2697 ἁπλῶς
1772 2664 1826 2691 τοῦ

1032 2717 1151 2745 δικαίου
1179 2715 1394 2751 κατατρέχοντες
1425 2713 1494 2749 βίου.
1522 2711 1590 2741 Εἶτα
1616 2713 1750 2747 διελέγχει
1775 2711 1826 2743 τὰς

1324 2773 1345 2790 ⁵³
1364 2771 1395 2800 lV
1417 2770 1483 2807 [ἱείς.
1502 2780 1547 2805 xx,
1568 2771 1578 2798 Ι
1597 2779 1674 2806 seqq.
1714 2771 1737 2785 ⁵⁵
1756 2768 1823 2795 Dan.

840 2857 956 2885 νΑιιωι
977 2853 1180 2885 ιιισιιυκιιδ.

226 2902 272 2928 t.t
297 2902 322 2930 ὅ.
