  <div class='ocr_page' id='page_1' title='image "/cluster/home/n/w/nwhite01/storage/ocr_20150623/87, pt.2/njp.32101010943809/558.png"; bbox 0 0 1999 3076; ppageno 0'>
   <div class='ocr_carea' id='block_1_1' title="bbox 191 137 257 169">
    <p class='ocr_par' dir='ltr' id='par_1_1' title="bbox 191 137 257 169">
     <span class='ocr_line' id='line_1_1' title="bbox 191 137 257 169; baseline 0.03 -2"><span class='ocrx_word' id='word_1_1' title='bbox 191 137 257 169; x_wconf 81' lang='lat'><strong>2581</strong></span> 
     </span>
    </p>
   </div>
   <div class='ocr_carea' id='block_1_2' title="bbox 751 140 1091 172">
    <p class='ocr_par' dir='ltr' id='par_1_2' title="bbox 751 140 1091 172">
     <span class='ocr_line' id='line_1_2' title="bbox 751 140 1091 172; baseline 0.003 -1"><span class='ocrx_word' id='word_1_2' title='bbox 751 140 1015 172; x_wconf 77' lang='lat' dir='ltr'><strong>COMMENTARII</strong></span> <span class='ocrx_word' id='word_1_3' title='bbox 1049 142 1091 172; x_wconf 84' lang='lat' dir='ltr'><strong>IN</strong></span> 
     </span>
    </p>
   </div>
   <div class='ocr_carea' id='block_1_3' title="bbox 1125 141 1831 175">
    <p class='ocr_par' dir='ltr' id='par_1_3' title="bbox 1125 141 1831 175">
     <span class='ocr_line' id='line_1_3' title="bbox 1125 141 1831 175; baseline 0.001 -3"><span class='ocrx_word' id='word_1_4' title='bbox 1125 143 1257 174; x_wconf 77' lang='lat' dir='ltr'>ISAIAM</span> <span class='ocrx_word' id='word_1_5' title='bbox 1262 168 1268 174; x_wconf 92' lang='lat'><strong>.</strong></span> <span class='ocrx_word' id='word_1_6' title='bbox 1757 141 1831 175; x_wconf 75' lang='lat'><strong>2582</strong></span> 
     </span>
    </p>
   </div>
   <div class='ocr_carea' id='block_1_4' title="bbox 190 193 986 235">
    <p class='ocr_par' dir='ltr' id='par_1_4' title="bbox 190 193 986 230">
     <span class='ocr_line' id='line_1_4' title="bbox 190 193 986 230; baseline 0.006 -11"><span class='ocrx_word' id='word_1_7' title='bbox 190 193 318 225; x_wconf 72' lang='grc' dir='ltr'>ἀσεϐείας</span> <span class='ocrx_word' id='word_1_8' title='bbox 338 193 440 227; x_wconf 81' lang='grc' dir='ltr'>αὐτῶν,</span> <span class='ocrx_word' id='word_1_9' title='bbox 457 194 508 227; x_wconf 82' lang='grc' dir='ltr'><strong>τὰς</strong></span> <span class='ocrx_word' id='word_1_10' title='bbox 527 195 561 222; x_wconf 77' lang='grc' dir='ltr'>ἐν</span> <span class='ocrx_word' id='word_1_11' title='bbox 585 195 678 230; x_wconf 76' lang='grc' dir='ltr'>ὄρεσι,</span> <span class='ocrx_word' id='word_1_12' title='bbox 695 198 742 222; x_wconf 68' lang='grc' dir='ltr'><strong>καὶ</strong></span> <span class='ocrx_word' id='word_1_13' title='bbox 765 198 825 223; x_wconf 81' lang='grc' dir='ltr'>κατ’</span> <span class='ocrx_word' id='word_1_14' title='bbox 839 205 913 224; x_wconf 82' lang='grc' dir='ltr'>οικον</span> <span class='ocrx_word' id='word_1_15' title='bbox 939 198 986 224; x_wconf 75' lang='grc' dir='ltr'><strong>ἐπὶ</strong></span> 
     </span>
    </p>
   </div>
   <div class='ocr_carea' id='block_1_5' title="bbox 1040 193 1834 235">
    <p class='ocr_par' dir='ltr' id='par_1_5' title="bbox 1040 199 1834 235">
     <span class='ocr_line' id='line_1_5' title="bbox 1040 199 1834 235; baseline 0.003 -9"><span class='ocrx_word' id='word_1_16' title='bbox 1040 206 1087 234; x_wconf 85' lang='lat' dir='ltr'><strong>spe</strong></span> <span class='ocrx_word' id='word_1_17' title='bbox 1103 199 1216 228; x_wconf 79' lang='lat' dir='ltr'><strong>liberari</strong></span> <span class='ocrx_word' id='word_1_18' title='bbox 1232 200 1438 229; x_wconf 61' lang='lat' dir='ltr'><strong>difficultatibus</strong></span> <span class='ocrx_word' id='word_1_19' title='bbox 1452 208 1458 226; x_wconf 94' lang='lat'>:</span> <span class='ocrx_word' id='word_1_20' title='bbox 1476 200 1548 235; x_wconf 91' lang='lat' dir='ltr'><strong>quod</strong></span> <span class='ocrx_word' id='word_1_21' title='bbox 1562 200 1660 227; x_wconf 89' lang='lat' dir='ltr'><strong>nolunt</strong></span> <span class='ocrx_word' id='word_1_22' title='bbox 1673 199 1692 227; x_wconf 93' lang='lat' dir='ltr'><strong>ii</strong></span> <span class='ocrx_word' id='word_1_23' title='bbox 1706 201 1834 228; x_wconf 77' lang='lat' dir='ltr'><strong>conside-</strong></span> 
     </span>
    </p>
   </div>
   <div class='ocr_carea' id='block_1_6' title="bbox 190 239 984 279">
    <p class='ocr_par' dir='ltr' id='par_1_6' title="bbox 190 239 984 279">
     <span class='ocr_line' id='line_1_6' title="bbox 190 239 984 279; baseline 0.006 -14"><span class='ocrx_word' id='word_1_24' title='bbox 190 239 245 266; x_wconf 83' lang='grc' dir='ltr'><strong>τῶν</strong></span> <span class='ocrx_word' id='word_1_25' title='bbox 257 239 332 266; x_wconf 74' lang='grc' dir='ltr'>ἰδίων</span> <span class='ocrx_word' id='word_1_26' title='bbox 346 240 473 276; x_wconf 80' lang='grc' dir='ltr'>σταθμῶν</span> <span class='ocrx_word' id='word_1_27' title='bbox 488 241 596 276; x_wconf 74' lang='grc' dir='ltr'>βωμοὺς</span> <span class='ocrx_word' id='word_1_28' title='bbox 613 242 785 277; x_wconf 77' lang='grc' dir='ltr'>ἐγειρόντων,</span> <span class='ocrx_word' id='word_1_29' title='bbox 797 243 844 270; x_wconf 83' lang='grc' dir='ltr'>καὶ</span> <span class='ocrx_word' id='word_1_30' title='bbox 861 243 984 279; x_wconf 75' lang='grc' dir='ltr'>σύμϐολα</span> 
     </span>
    </p>
   </div>
   <div class='ocr_carea' id='block_1_7' title="bbox 190 279 985 324">
    <p class='ocr_par' dir='ltr' id='par_1_7' title="bbox 190 279 985 324">
     <span class='ocr_line' id='line_1_7' title="bbox 190 279 985 324; baseline 0.006 -13"><span class='ocrx_word' id='word_1_31' title='bbox 190 285 402 321; x_wconf 83' lang='grc' dir='ltr'>κρεμαννύντων</span> <span class='ocrx_word' id='word_1_32' title='bbox 423 287 588 322; x_wconf 80' lang='grc' dir='ltr'>οἰωνισμῶν,</span> <span class='ocrx_word' id='word_1_33' title='bbox 613 279 713 323; x_wconf 68' lang='grc' dir='ltr'>Διόπερ</span> <span class='ocrx_word' id='word_1_34' title='bbox 731 289 771 320; x_wconf 81' lang='grc' dir='ltr'>εὶς</span> <span class='ocrx_word' id='word_1_35' title='bbox 794 289 985 324; x_wconf 73' lang='grc' dir='ltr'><strong>αἰχμαλωσίαν</strong></span> 
     </span>
    </p>
   </div>
   <div class='ocr_carea' id='block_1_8' title="bbox 191 332 985 369">
    <p class='ocr_par' dir='ltr' id='par_1_8' title="bbox 191 332 985 369">
     <span class='ocr_line' id='line_1_8' title="bbox 191 332 985 369; baseline 0.004 -10"><span class='ocrx_word' id='word_1_36' title='bbox 191 332 439 367; x_wconf 79' lang='grc' dir='ltr'><strong>παραδοθήσονται.</strong></span> <span class='ocrx_word' id='word_1_37' title='bbox 465 333 511 359; x_wconf 82' lang='grc' dir='ltr'><strong>Ἐν</strong></span> <span class='ocrx_word' id='word_1_38' title='bbox 534 333 589 369; x_wconf 85' lang='grc' dir='ltr'><strong>γὰρ</strong></span> <span class='ocrx_word' id='word_1_39' title='bbox 603 335 694 366; x_wconf 76' lang='grc' dir='ltr'>αὐτοῖς</span> <span class='ocrx_word' id='word_1_40' title='bbox 709 336 765 366; x_wconf 87' lang='grc' dir='ltr'>τοῖς</span> <span class='ocrx_word' id='word_1_41' title='bbox 776 335 872 367; x_wconf 78' lang='grc' dir='ltr'><strong>δεινοῖς</strong></span> <span class='ocrx_word' id='word_1_42' title='bbox 886 334 897 354; x_wconf 76' lang='grc' dir='ltr'>¹ί</span> <span class='ocrx_word' id='word_1_43' title='bbox 915 335 985 362; x_wconf 79' lang='grc' dir='ltr'>πάν-</span> 
     </span>
    </p>
   </div>
   <div class='ocr_carea' id='block_1_9' title="bbox 190 377 985 417">
    <p class='ocr_par' dir='ltr' id='par_1_9' title="bbox 190 377 985 417">
     <span class='ocr_line' id='line_1_9' title="bbox 190 377 985 417; baseline 0.006 -14"><span class='ocrx_word' id='word_1_44' title='bbox 190 386 224 404; x_wconf 82' lang='grc' dir='ltr'><strong>τα</strong></span> <span class='ocrx_word' id='word_1_45' title='bbox 240 377 340 412; x_wconf 75' lang='grc' dir='ltr'>μᾶλλον</span> <span class='ocrx_word' id='word_1_46' title='bbox 355 377 371 413; x_wconf 86' lang='grc' dir='ltr'>ἢ</span> <span class='ocrx_word' id='word_1_47' title='bbox 384 378 453 414; x_wconf 75' lang='grc' dir='ltr'>πρὸς</span> <span class='ocrx_word' id='word_1_48' title='bbox 471 379 522 414; x_wconf 68' lang='grc' dir='ltr'><strong>ἐμὲ</strong></span> <span class='ocrx_word' id='word_1_49' title='bbox 541 380 740 415; x_wconf 77' lang='grc' dir='ltr'>κατεφεύγετε,</span> <span class='ocrx_word' id='word_1_50' title='bbox 754 381 904 416; x_wconf 75' lang='grc' dir='ltr'>πρεσϐείας</span> <span class='ocrx_word' id='word_1_51' title='bbox 921 383 985 417; x_wconf 83' lang='grc' dir='ltr'>περὶ</span> 
     </span>
    </p>
   </div>
   <div class='ocr_carea' id='block_1_10' title="bbox 191 423 985 463">
    <p class='ocr_par' dir='ltr' id='par_1_10' title="bbox 191 423 985 463">
     <span class='ocr_line' id='line_1_10' title="bbox 191 423 985 463; baseline 0.008 -14"><span class='ocrx_word' id='word_1_52' title='bbox 191 423 352 458; x_wconf 71' lang='grc' dir='ltr'>συμμαχίας</span> <span class='ocrx_word' id='word_1_53' title='bbox 378 425 418 459; x_wconf 80' lang='grc' dir='ltr'>εἰς</span> <span class='ocrx_word' id='word_1_54' title='bbox 437 424 578 459; x_wconf 76' lang='grc' dir='ltr'>Αἴγυπτον</span> <span class='ocrx_word' id='word_1_55' title='bbox 604 427 826 459; x_wconf 79' lang='grc' dir='ltr'><strong>ἀποστέλλοντες,</strong></span> <span class='ocrx_word' id='word_1_56' title='bbox 850 427 898 454; x_wconf 66' lang='grc' dir='ltr'>καὶ</span> <span class='ocrx_word' id='word_1_57' title='bbox 918 429 985 463; x_wconf 67' lang='grc' dir='ltr'>πρὸς</span> 
     </span>
    </p>
   </div>
   <div class='ocr_carea' id='block_1_11' title="bbox 190 468 987 509">
    <p class='ocr_par' dir='ltr' id='par_1_11' title="bbox 190 468 987 509">
     <span class='ocr_line' id='line_1_11' title="bbox 190 468 987 509; baseline 0.009 -16"><span class='ocrx_word' id='word_1_58' title='bbox 190 468 224 494; x_wconf 73' lang='grc' dir='ltr'><strong>τὰ</strong></span> <span class='ocrx_word' id='word_1_59' title='bbox 249 469 390 504; x_wconf 73' lang='grc' dir='ltr'>πόρρωθεν</span> <span class='ocrx_word' id='word_1_60' title='bbox 414 469 491 506; x_wconf 77' lang='grc' dir='ltr'>ἔθνη.</span> <span class='ocrx_word' id='word_1_61' title='bbox 506 472 573 501; x_wconf 41' lang='grc' dir='ltr'>,Καὶ</span> <span class='ocrx_word' id='word_1_62' title='bbox 594 472 793 507; x_wconf 74' lang='grc' dir='ltr'><strong>ἀντιλεγόντων</strong></span> <span class='ocrx_word' id='word_1_63' title='bbox 816 473 860 508; x_wconf 77' lang='grc' dir='ltr'><strong>ἐφ’</strong></span> <span class='ocrx_word' id='word_1_64' title='bbox 875 473 987 509; x_wconf 77' lang='grc' dir='ltr'>ἐτέρους</span> 
     </span>
    </p>
   </div>
   <div class='ocr_carea' id='block_1_12' title="bbox 190 513 985 555">
    <p class='ocr_par' dir='ltr' id='par_1_12' title="bbox 190 513 985 555">
     <span class='ocr_line' id='line_1_12' title="bbox 190 513 985 555; baseline 0.009 -16"><span class='ocrx_word' id='word_1_65' title='bbox 190 513 327 548; x_wconf 79' lang='grc' dir='ltr'>ὲτρέχετε.</span> <span class='ocrx_word' id='word_1_66' title='bbox 344 515 398 541; x_wconf 73' lang='grc' dir='ltr'><strong>Καὶ</strong></span> <span class='ocrx_word' id='word_1_67' title='bbox 413 516 506 542; x_wconf 83' lang='grc' dir='ltr'>κόπων</span> <span class='ocrx_word' id='word_1_68' title='bbox 521 517 568 543; x_wconf 73' lang='grc' dir='ltr'><strong>καὶ</strong></span> <span class='ocrx_word' id='word_1_69' title='bbox 578 518 770 553; x_wconf 71' lang='grc' dir='ltr'>ταλαιπωρίας</span> <span class='ocrx_word' id='word_1_70' title='bbox 782 519 864 554; x_wconf 82' lang='grc' dir='ltr'>κόρος</span> <span class='ocrx_word' id='word_1_71' title='bbox 879 519 928 546; x_wconf 75' lang='grc' dir='ltr'>οὐκ</span> <span class='ocrx_word' id='word_1_72' title='bbox 942 518 985 555; x_wconf 85' lang='grc' dir='ltr'><strong>ἦν.</strong></span> 
     </span>
    </p>
   </div>
   <div class='ocr_carea' id='block_1_13' title="bbox 191 557 989 600">
    <p class='ocr_par' dir='ltr' id='par_1_13' title="bbox 191 557 989 600">
     <span class='ocr_line' id='line_1_13' title="bbox 191 557 989 600; baseline 0.009 -15"><span class='ocrx_word' id='word_1_73' title='bbox 191 557 258 586; x_wconf 76' lang='grc' dir='ltr'>Εἶτα</span> <span class='ocrx_word' id='word_1_74' title='bbox 285 561 334 592; x_wconf 80' lang='grc' dir='ltr'><strong>τὰς</strong></span> <span class='ocrx_word' id='word_1_75' title='bbox 350 563 494 597; x_wconf 77' lang='grc' dir='ltr'>συμφορὰς</span> <span class='ocrx_word' id='word_1_76' title='bbox 513 564 605 595; x_wconf 73' lang='grc' dir='ltr'>αὐτοῖς</span> <span class='ocrx_word' id='word_1_77' title='bbox 626 565 790 600; x_wconf 80' lang='grc' dir='ltr'>ἀπειλήσας,</span> <span class='ocrx_word' id='word_1_78' title='bbox 807 566 925 598; x_wconf 80' lang='grc' dir='ltr'>ἀνέσεως</span> <span class='ocrx_word' id='word_1_79' title='bbox 940 574 989 592; x_wconf 83' lang='grc' dir='ltr'>τυ-</span> 
     </span>
    </p>
   </div>
   <div class='ocr_carea' id='block_1_14' title="bbox 191 607 990 645">
    <p class='ocr_par' dir='ltr' id='par_1_14' title="bbox 191 607 990 645">
     <span class='ocr_line' id='line_1_14' title="bbox 191 607 990 645; baseline 0.01 -14"><span class='ocrx_word' id='word_1_80' title='bbox 191 607 249 640; x_wconf 83' lang='grc' dir='ltr'>χεῖν</span> <span class='ocrx_word' id='word_1_81' title='bbox 276 607 339 638; x_wconf 81' lang='grc' dir='ltr'>τοὺς</span> <span class='ocrx_word' id='word_1_82' title='bbox 359 607 433 642; x_wconf 75' lang='grc' dir='ltr'>αὐτῷ</span> <span class='ocrx_word' id='word_1_83' title='bbox 460 610 676 644; x_wconf 70' lang='grc' dir='ltr'><strong>προσκειμένους</strong></span> <span class='ocrx_word' id='word_1_84' title='bbox 700 611 911 645; x_wconf 80' lang='grc' dir='ltr'>ἐπαγγέλλεται.</span> <span class='ocrx_word' id='word_1_85' title='bbox 936 612 990 638; x_wconf 69' lang='grc' dir='ltr'><strong>Καὶ</strong></span> 
     </span>
    </p>
   </div>
   <div class='ocr_carea' id='block_1_15' title="bbox 1039 243 1832 280">
    <p class='ocr_par' dir='ltr' id='par_1_15' title="bbox 1039 243 1832 280">
     <span class='ocr_line' id='line_1_15' title="bbox 1039 243 1832 280; baseline 0.003 -9"><span class='ocrx_word' id='word_1_86' title='bbox 1039 251 1112 276; x_wconf 88' lang='lat' dir='ltr'><strong>rare,</strong></span> <span class='ocrx_word' id='word_1_87' title='bbox 1131 245 1179 279; x_wconf 89' lang='lat' dir='ltr'><strong>qui</strong></span> <span class='ocrx_word' id='word_1_88' title='bbox 1195 245 1265 279; x_wconf 81' lang='lat' dir='ltr'><strong>justi</strong></span> <span class='ocrx_word' id='word_1_89' title='bbox 1277 244 1338 272; x_wconf 79' lang='lat' dir='ltr'><strong>vine</strong></span> <span class='ocrx_word' id='word_1_90' title='bbox 1353 245 1462 280; x_wconf 77' lang='lat' dir='ltr'><strong>penitus</strong></span> <span class='ocrx_word' id='word_1_91' title='bbox 1481 244 1674 272; x_wconf 76' lang='lat' dir='ltr'><strong>adversantur.</strong></span> <span class='ocrx_word' id='word_1_92' title='bbox 1686 243 1832 280; x_wconf 81' lang='lat' dir='ltr'><strong>Deinceps.</strong></span> 
     </span>
    </p>
   </div>
   <div class='ocr_carea' id='block_1_16' title="bbox 1039 290 1832 326">
    <p class='ocr_par' dir='ltr' id='par_1_16' title="bbox 1039 290 1832 326">
     <span class='ocr_line' id='line_1_16' title="bbox 1039 290 1832 326; baseline 0 -8"><span class='ocrx_word' id='word_1_93' title='bbox 1039 299 1101 326; x_wconf 77' lang='lat' dir='ltr'><strong>quze</strong></span> <span class='ocrx_word' id='word_1_94' title='bbox 1119 291 1270 326; x_wconf 84' lang='lat' dir='ltr'><strong>impietatis</strong></span> <span class='ocrx_word' id='word_1_95' title='bbox 1285 291 1390 319; x_wconf 86' lang='lat' dir='ltr'><strong>scelera</strong></span> <span class='ocrx_word' id='word_1_96' title='bbox 1407 298 1440 318; x_wconf 86' lang='lat' dir='ltr'><strong>eo</strong></span> <span class='ocrx_word' id='word_1_97' title='bbox 1452 291 1512 326; x_wconf 91' lang='lat' dir='ltr'><strong>ipso</strong></span> <span class='ocrx_word' id='word_1_98' title='bbox 1528 290 1700 322; x_wconf 81' lang='lat' dir='ltr'><strong>admiserint,</strong></span> <span class='ocrx_word' id='word_1_99' title='bbox 1716 291 1789 326; x_wconf 91' lang='lat' dir='ltr'><strong>quod</strong></span> <span class='ocrx_word' id='word_1_100' title='bbox 1804 291 1832 318; x_wconf 93' lang='lat' dir='ltr'><strong>in</strong></span> 
     </span>
    </p>
   </div>
   <div class='ocr_carea' id='block_1_17' title="bbox 1039 334 1833 370">
    <p class='ocr_par' dir='ltr' id='par_1_17' title="bbox 1039 334 1833 370">
     <span class='ocr_line' id='line_1_17' title="bbox 1039 334 1833 370; baseline 0 -8"><span class='ocrx_word' id='word_1_101' title='bbox 1039 334 1172 362; x_wconf 73' lang='lat' dir='ltr'><strong>montibus</strong></span> <span class='ocrx_word' id='word_1_102' title='bbox 1194 335 1369 370; x_wconf 89' lang='lat' dir='ltr'><strong>propriisque</strong></span> <span class='ocrx_word' id='word_1_103' title='bbox 1398 335 1529 362; x_wconf 81' lang='lat' dir='ltr'><strong>domibus</strong></span> <span class='ocrx_word' id='word_1_104' title='bbox 1561 341 1625 362; x_wconf 87' lang='lat' dir='ltr'><strong>aras</strong></span> <span class='ocrx_word' id='word_1_105' title='bbox 1649 335 1702 362; x_wconf 88' lang='lat' dir='ltr'><strong>sibi</strong></span> <span class='ocrx_word' id='word_1_106' title='bbox 1728 335 1833 362; x_wconf 75' lang='lat' dir='ltr'><strong>excita-</strong></span> 
     </span>
    </p>
   </div>
   <div class='ocr_carea' id='block_1_18' title="bbox 1039 380 1834 416">
    <p class='ocr_par' dir='ltr' id='par_1_18' title="bbox 1039 380 1834 416">
     <span class='ocr_line' id='line_1_18' title="bbox 1039 380 1834 416; baseline -0.001 -8"><span class='ocrx_word' id='word_1_107' title='bbox 1039 382 1105 414; x_wconf 85' lang='lat' dir='ltr'><strong>rint,</strong></span> <span class='ocrx_word' id='word_1_108' title='bbox 1122 381 1196 416; x_wconf 88' lang='lat' dir='ltr'><strong>quod</strong></span> <span class='ocrx_word' id='word_1_109' title='bbox 1212 381 1391 408; x_wconf 82' lang='lat' dir='ltr'><strong>divinationis</strong></span> <span class='ocrx_word' id='word_1_110' title='bbox 1410 384 1438 408; x_wconf 82' lang='lat' dir='ltr'><strong>et</strong></span> <span class='ocrx_word' id='word_1_111' title='bbox 1461 380 1570 416; x_wconf 77' lang='lat' dir='ltr'><strong>augurii</strong></span> <span class='ocrx_word' id='word_1_112' title='bbox 1588 380 1714 416; x_wconf 87' lang='lat' dir='ltr'><strong>symbola</strong></span> <span class='ocrx_word' id='word_1_113' title='bbox 1734 388 1834 415; x_wconf 86' lang='lat' dir='ltr'><strong>appen-</strong></span> 
     </span>
    </p>
   </div>
   <div class='ocr_carea' id='block_1_19' title="bbox 1040 427 1832 463">
    <p class='ocr_par' dir='ltr' id='par_1_19' title="bbox 1040 427 1832 463">
     <span class='ocr_line' id='line_1_19' title="bbox 1040 427 1832 463; baseline -0.001 -8"><span class='ocrx_word' id='word_1_114' title='bbox 1040 428 1142 460; x_wconf 84' lang='lat' dir='ltr'><strong>(leriut,</strong></span> <span class='ocrx_word' id='word_1_115' title='bbox 1160 427 1231 455; x_wconf 88' lang='lat' dir='ltr'><strong>unde</strong></span> <span class='ocrx_word' id='word_1_116' title='bbox 1246 432 1274 454; x_wconf 89' lang='lat' dir='ltr'><strong>et</strong></span> <span class='ocrx_word' id='word_1_117' title='bbox 1289 427 1342 462; x_wconf 87' lang='lat' dir='ltr'><strong>ipsi</strong></span> <span class='ocrx_word' id='word_1_118' title='bbox 1358 428 1385 454; x_wconf 91' lang='lat' dir='ltr'><strong>in</strong></span> <span class='ocrx_word' id='word_1_119' title='bbox 1403 428 1591 463; x_wconf 85' lang='lat' dir='ltr'><strong>captivitatem</strong></span> <span class='ocrx_word' id='word_1_120' title='bbox 1606 427 1732 455; x_wconf 80' lang='lat' dir='ltr'><strong>tradendi</strong></span> <span class='ocrx_word' id='word_1_121' title='bbox 1756 431 1832 459; x_wconf 86' lang='lat' dir='ltr'><strong>sunt,</strong></span> 
     </span>
    </p>
   </div>
   <div class='ocr_carea' id='block_1_20' title="bbox 1040 473 1835 509">
    <p class='ocr_par' dir='ltr' id='par_1_20' title="bbox 1040 473 1835 509">
     <span class='ocr_line' id='line_1_20' title="bbox 1040 473 1835 509; baseline -0.001 -8"><span class='ocrx_word' id='word_1_122' title='bbox 1040 474 1220 502; x_wconf 78' lang='lat' dir='ltr'><strong>demonstrat.</strong></span> <span class='ocrx_word' id='word_1_123' title='bbox 1233 473 1301 501; x_wconf 86' lang='lat' dir='ltr'><strong>Cum</strong></span> <span class='ocrx_word' id='word_1_124' title='bbox 1325 474 1398 500; x_wconf 89' lang='lat' dir='ltr'><strong>enim</strong></span> <span class='ocrx_word' id='word_1_125' title='bbox 1415 481 1473 505; x_wconf 86' lang='lat' dir='ltr'><strong>vos,</strong></span> <span class='ocrx_word' id='word_1_126' title='bbox 1495 474 1595 509; x_wconf 85' lang='lat' dir='ltr'><strong>inquit,</strong></span> <span class='ocrx_word' id='word_1_127' title='bbox 1614 481 1706 501; x_wconf 89' lang='lat' dir='ltr'><strong>rerum</strong></span> <span class='ocrx_word' id='word_1_128' title='bbox 1723 478 1835 508; x_wconf 82' lang='lat' dir='ltr'><strong>urgeret</strong></span> 
     </span>
    </p>
   </div>
   <div class='ocr_carea' id='block_1_21' title="bbox 1041 519 1834 555">
    <p class='ocr_par' dir='ltr' id='par_1_21' title="bbox 1041 519 1834 555">
     <span class='ocr_line' id='line_1_21' title="bbox 1041 519 1834 555; baseline -0.003 -7"><span class='ocrx_word' id='word_1_129' title='bbox 1041 520 1204 552; x_wconf 76' lang='lat' dir='ltr'><strong>necessitas,</strong></span> <span class='ocrx_word' id='word_1_130' title='bbox 1219 519 1412 555; x_wconf 83' lang='lat' dir='ltr'><strong>adquemlibet</strong></span> <span class='ocrx_word' id='word_1_131' title='bbox 1428 521 1511 547; x_wconf 87' lang='lat' dir='ltr'><strong>alium</strong></span> <span class='ocrx_word' id='word_1_132' title='bbox 1528 520 1620 555; x_wconf 87' lang='lat' dir='ltr'><strong>potius</strong></span> <span class='ocrx_word' id='word_1_133' title='bbox 1648 527 1728 554; x_wconf 83' lang='lat' dir='ltr'><strong>quam</strong></span> <span class='ocrx_word' id='word_1_134' title='bbox 1742 520 1775 546; x_wconf 90' lang='lat' dir='ltr'><strong>ad</strong></span> <span class='ocrx_word' id='word_1_135' title='bbox 1790 527 1834 547; x_wconf 89' lang='lat' dir='ltr'><strong>me</strong></span> 
     </span>
    </p>
   </div>
   <div class='ocr_carea' id='block_1_22' title="bbox 1038 564 1833 600">
    <p class='ocr_par' dir='ltr' id='par_1_22' title="bbox 1038 564 1833 600">
     <span class='ocr_line' id='line_1_22' title="bbox 1038 564 1833 600; baseline 0 -8"><span class='ocrx_word' id='word_1_136' title='bbox 1038 564 1213 600; x_wconf 79' lang='lat' dir='ltr'><strong>conlugistis,</strong></span> <span class='ocrx_word' id='word_1_137' title='bbox 1233 564 1394 599; x_wconf 79' lang='lat' dir='ltr'><strong>legatosque</strong></span> <span class='ocrx_word' id='word_1_138' title='bbox 1413 564 1441 591; x_wconf 92' lang='lat' dir='ltr'><strong>in</strong></span> <span class='ocrx_word' id='word_1_139' title='bbox 1461 564 1610 600; x_wconf 63' lang='lat' dir='ltr'><strong>(Egyptum</strong></span> <span class='ocrx_word' id='word_1_140' title='bbox 1638 569 1665 591; x_wconf 89' lang='lat' dir='ltr'><strong>ct</strong></span> <span class='ocrx_word' id='word_1_141' title='bbox 1688 564 1721 591; x_wconf 87' lang='lat' dir='ltr'><strong>ad</strong></span> <span class='ocrx_word' id='word_1_142' title='bbox 1736 570 1833 600; x_wconf 82' lang='lat' dir='ltr'><strong>gentes</strong></span> 
     </span>
    </p>
   </div>
   <div class='ocr_carea' id='block_1_23' title="bbox 1037 610 1833 645">
    <p class='ocr_par' dir='ltr' id='par_1_23' title="bbox 1037 610 1833 645">
     <span class='ocr_line' id='line_1_23' title="bbox 1037 610 1833 645; baseline 0.001 -8"><span class='ocrx_word' id='word_1_143' title='bbox 1037 611 1238 638; x_wconf 89' lang='lat' dir='ltr'><strong>rcmotissimas</strong></span> <span class='ocrx_word' id='word_1_144' title='bbox 1263 611 1297 638; x_wconf 89' lang='lat' dir='ltr'><strong>de</strong></span> <span class='ocrx_word' id='word_1_145' title='bbox 1321 611 1425 637; x_wconf 75' lang='lat' dir='ltr'><strong>auxilio</strong></span> <span class='ocrx_word' id='word_1_146' title='bbox 1450 610 1575 642; x_wconf 83' lang='lat' dir='ltr'><strong>misistis,</strong></span> <span class='ocrx_word' id='word_1_147' title='bbox 1606 618 1621 637; x_wconf 95' lang='lat' dir='ltr'><strong>a</strong></span> <span class='ocrx_word' id='word_1_148' title='bbox 1644 611 1746 645; x_wconf 83' lang='lat' dir='ltr'><strong>quibus</strong></span> <span class='ocrx_word' id='word_1_149' title='bbox 1769 618 1833 639; x_wconf 79' lang='lat' dir='ltr'><strong>cum</strong></span> 
     </span>
    </p>
   </div>
   <div class='ocr_carea' id='block_1_24' title="bbox 191 651 986 692">
    <p class='ocr_par' dir='ltr' id='par_1_24' title="bbox 191 651 986 692">
     <span class='ocr_line' id='line_1_24' title="bbox 191 651 986 692; baseline 0.011 -16"><span class='ocrx_word' id='word_1_150' title='bbox 191 651 403 685; x_wconf 72' lang='grc' dir='ltr'>καταλαϐόντες,</span> <span class='ocrx_word' id='word_1_151' title='bbox 415 654 492 689; x_wconf 73' lang='grc' dir='ltr'>φησὶ,</span> <span class='ocrx_word' id='word_1_152' title='bbox 507 655 540 681; x_wconf 84' lang='grc' dir='ltr'>τὸ</span> <span class='ocrx_word' id='word_1_153' title='bbox 555 655 641 690; x_wconf 77' lang='grc' dir='ltr'>ἅγιόν</span> <span class='ocrx_word' id='word_1_154' title='bbox 651 665 711 691; x_wconf 81' lang='grc' dir='ltr'><strong>μου</strong></span> <span class='ocrx_word' id='word_1_155' title='bbox 725 657 794 691; x_wconf 79' lang='grc' dir='ltr'>ὄρος</span> <span class='ocrx_word' id='word_1_156' title='bbox 803 657 986 692; x_wconf 79' lang='grc' dir='ltr'>συμϐουλεύ-</span> 
     </span>
    </p>
   </div>
   <div class='ocr_carea' id='block_1_25' title="bbox 1040 651 1834 692">
    <p class='ocr_par' dir='ltr' id='par_1_25' title="bbox 1040 657 1834 692">
     <span class='ocr_line' id='line_1_25' title="bbox 1040 657 1834 692; baseline 0 -8"><span class='ocrx_word' id='word_1_157' title='bbox 1040 657 1178 692; x_wconf 76' lang='lat' dir='ltr'><strong>repulsam</strong></span> <span class='ocrx_word' id='word_1_158' title='bbox 1195 657 1269 692; x_wconf 90' lang='lat' dir='ltr'><strong>passi</strong></span> <span class='ocrx_word' id='word_1_159' title='bbox 1286 657 1397 688; x_wconf 83' lang='lat' dir='ltr'><strong>essetis,</strong></span> <span class='ocrx_word' id='word_1_160' title='bbox 1415 657 1448 683; x_wconf 88' lang='lat' dir='ltr'><strong>ad</strong></span> <span class='ocrx_word' id='word_1_161' title='bbox 1465 657 1534 683; x_wconf 88' lang='lat' dir='ltr'><strong>alios</strong></span> <span class='ocrx_word' id='word_1_162' title='bbox 1552 664 1663 684; x_wconf 89' lang='lat' dir='ltr'><strong>rursum</strong></span> <span class='ocrx_word' id='word_1_163' title='bbox 1682 664 1834 692; x_wconf 65' lang='lat' dir='ltr'><strong>properam</strong></span> 
     </span>
    </p>
   </div>
   <div class='ocr_carea' id='block_1_26' title="bbox 190 699 986 736">
    <p class='ocr_par' dir='ltr' id='par_1_26' title="bbox 190 699 986 736">
     <span class='ocr_line' id='line_1_26' title="bbox 190 699 986 736; baseline 0.009 -13"><span class='ocrx_word' id='word_1_164' title='bbox 190 705 283 725; x_wconf 82' lang='grc' dir='ltr'>σουσι</span> <span class='ocrx_word' id='word_1_165' title='bbox 298 699 352 725; x_wconf 84' lang='grc' dir='ltr'><strong>πᾶν</strong></span> <span class='ocrx_word' id='word_1_166' title='bbox 372 699 481 726; x_wconf 83' lang='grc' dir='ltr'>εἴδωλον</span> <span class='ocrx_word' id='word_1_167' title='bbox 505 701 634 736; x_wconf 85' lang='grc' dir='ltr'>ἀρθῆναι.</span> <span class='ocrx_word' id='word_1_168' title='bbox 656 703 709 730; x_wconf 79' lang='grc' dir='ltr'><strong>Καὶ</strong></span> <span class='ocrx_word' id='word_1_169' title='bbox 727 702 790 731; x_wconf 78' lang='grc' dir='ltr'>πᾶν</span> <span class='ocrx_word' id='word_1_170' title='bbox 803 702 927 730; x_wconf 69' lang='grc' dir='ltr'>σκῶλον</span> <span class='ocrx_word' id='word_1_171' title='bbox 939 712 986 730; x_wconf 82' lang='grc' dir='ltr'><strong>κα-</strong></span> 
     </span>
    </p>
   </div>
   <div class='ocr_carea' id='block_1_27' title="bbox 1040 699 1832 736">
    <p class='ocr_par' dir='ltr' id='par_1_27' title="bbox 1046 702 1832 736">
     <span class='ocr_line' id='line_1_27' title="bbox 1046 702 1832 736; baseline -0.001 -6"><span class='ocrx_word' id='word_1_172' title='bbox 1046 708 1097 736; x_wconf 87' lang='lat' dir='ltr'><strong>tes,</strong></span> <span class='ocrx_word' id='word_1_173' title='bbox 1113 703 1207 731; x_wconf 89' lang='lat' dir='ltr'><strong>nullus</strong></span> <span class='ocrx_word' id='word_1_174' title='bbox 1231 711 1279 730; x_wconf 87' lang='lat' dir='ltr'><strong>vos</strong></span> <span class='ocrx_word' id='word_1_175' title='bbox 1295 703 1424 730; x_wconf 87' lang='lat' dir='ltr'><strong>itinerum</strong></span> <span class='ocrx_word' id='word_1_176' title='bbox 1448 702 1535 734; x_wconf 85' lang='lat' dir='ltr'><strong>labor,</strong></span> <span class='ocrx_word' id='word_1_177' title='bbox 1554 702 1628 729; x_wconf 88' lang='lat' dir='ltr'><strong>nulla</strong></span> <span class='ocrx_word' id='word_1_178' title='bbox 1658 703 1832 730; x_wconf 84' lang='lat' dir='ltr'><strong>miseriarum</strong></span> 
     </span>
    </p>
   </div>
   <div class='ocr_carea' id='block_1_28' title="bbox 190 743 986 785">
    <p class='ocr_par' dir='ltr' id='par_1_28' title="bbox 190 743 986 785">
     <span class='ocr_line' id='line_1_28' title="bbox 190 743 986 785; baseline 0.008 -15"><span class='ocrx_word' id='word_1_179' title='bbox 190 743 370 778; x_wconf 79' lang='grc' dir='ltr'>θαρισθῆναι</span> <span class='ocrx_word' id='word_1_180' title='bbox 398 745 457 772; x_wconf 79' lang='grc' dir='ltr'>ἀπὸ</span> <span class='ocrx_word' id='word_1_181' title='bbox 483 746 544 774; x_wconf 86' lang='grc' dir='ltr'>τῶν</span> <span class='ocrx_word' id='word_1_182' title='bbox 571 747 724 779; x_wconf 28' lang='grc' dir='ltr'>ὀδῶνντοῦ</span> <span class='ocrx_word' id='word_1_183' title='bbox 751 749 842 781; x_wconf 83' lang='grc' dir='ltr'><strong>Θεοῦ,</strong></span> <span class='ocrx_word' id='word_1_184' title='bbox 865 749 934 785; x_wconf 79' lang='grc' dir='ltr'>πρὸς</span> <span class='ocrx_word' id='word_1_185' title='bbox 962 749 986 776; x_wconf 78' lang='grc' dir='ltr'><strong>τί</strong></span> 
     </span>
    </p>
   </div>
   <div class='ocr_carea' id='block_1_29' title="bbox 1040 743 1834 785">
    <p class='ocr_par' dir='ltr' id='par_1_29' title="bbox 1042 747 1834 783">
     <span class='ocr_line' id='line_1_29' title="bbox 1042 747 1834 783; baseline 0.001 -9"><span class='ocrx_word' id='word_1_186' title='bbox 1042 748 1203 783; x_wconf 73' lang='lat' dir='ltr'><strong>magnitudo</strong></span> <span class='ocrx_word' id='word_1_187' title='bbox 1219 747 1378 774; x_wconf 77' lang='lat' dir='ltr'><strong>retardavit.</strong></span> <span class='ocrx_word' id='word_1_188' title='bbox 1398 747 1512 780; x_wconf 82' lang='lat' dir='ltr'><strong>Deinde,</strong></span> <span class='ocrx_word' id='word_1_189' title='bbox 1531 751 1676 782; x_wconf 78' lang='lat' dir='ltr'><strong>postquam</strong></span> <span class='ocrx_word' id='word_1_190' title='bbox 1694 748 1834 775; x_wconf 89' lang='lat' dir='ltr'><strong>calamita-</strong></span> 
     </span>
    </p>
   </div>
   <div class='ocr_carea' id='block_1_30' title="bbox 189 791 986 831">
    <p class='ocr_par' dir='ltr' id='par_1_30' title="bbox 189 791 861 831">
     <span class='ocr_line' id='line_1_30' title="bbox 189 791 861 831; baseline 0.009 -14"><span class='ocrx_word' id='word_1_191' title='bbox 189 791 395 826; x_wconf 77' lang='grc' dir='ltr'><strong>ἀνεμποδίστως</strong></span> <span class='ocrx_word' id='word_1_192' title='bbox 410 793 439 819; x_wconf 80' lang='grc' dir='ltr'><strong>ὲν</strong></span> <span class='ocrx_word' id='word_1_193' title='bbox 458 795 519 826; x_wconf 83' lang='grc' dir='ltr'>ταῖς</span> <span class='ocrx_word' id='word_1_194' title='bbox 537 795 608 826; x_wconf 72' lang='grc' dir='ltr'>ὁδοῖς</span> <span class='ocrx_word' id='word_1_195' title='bbox 620 804 672 831; x_wconf 87' lang='grc' dir='ltr'><strong>μου</strong></span> <span class='ocrx_word' id='word_1_196' title='bbox 685 796 861 831; x_wconf 79' lang='grc' dir='ltr'>πορεύεσθαι.</span> 
     </span>
    </p>
   </div>
   <div class='ocr_carea' id='block_1_31' title="bbox 1040 791 1834 831">
    <p class='ocr_par' dir='ltr' id='par_1_31' title="bbox 1045 792 1834 827">
     <span class='ocr_line' id='line_1_31' title="bbox 1045 792 1834 827; baseline 0 -6"><span class='ocrx_word' id='word_1_197' title='bbox 1045 798 1087 821; x_wconf 86' lang='lat' dir='ltr'><strong>tes</strong></span> <span class='ocrx_word' id='word_1_198' title='bbox 1104 793 1246 821; x_wconf 87' lang='lat' dir='ltr'><strong>minitatus</strong></span> <span class='ocrx_word' id='word_1_199' title='bbox 1270 796 1322 825; x_wconf 91' lang='lat' dir='ltr'><strong>est,</strong></span> <span class='ocrx_word' id='word_1_200' title='bbox 1342 792 1532 820; x_wconf 85' lang='lat' dir='ltr'><strong>remissionem</strong></span> <span class='ocrx_word' id='word_1_201' title='bbox 1552 793 1624 826; x_wconf 92' lang='lat' dir='ltr'><strong>illos,</strong></span> <span class='ocrx_word' id='word_1_202' title='bbox 1642 793 1688 827; x_wconf 89' lang='lat' dir='ltr'><strong>qui</strong></span> <span class='ocrx_word' id='word_1_203' title='bbox 1710 792 1763 820; x_wconf 87' lang='lat' dir='ltr'><strong>Deo</strong></span> <span class='ocrx_word' id='word_1_204' title='bbox 1786 793 1834 821; x_wconf 85' lang='lat' dir='ltr'><strong>ad-</strong></span> 
     </span>
    </p>
   </div>
   <div class='ocr_carea' id='block_1_32' title="bbox 189 839 1832 881">
    <p class='ocr_par' dir='ltr' id='par_1_32' title="bbox 189 839 1832 881">
     <span class='ocr_line' id='line_1_32' title="bbox 189 839 1832 881; baseline 0.001 -16"><span class='ocrx_word' id='word_1_205' title='bbox 189 839 326 872; x_wconf 74' lang='lat' dir='ltr'><strong>ltzereant,</strong></span> <span class='ocrx_word' id='word_1_206' title='bbox 343 847 542 881; x_wconf 85' lang='lat' dir='ltr'><strong>consecuturos</strong></span> <span class='ocrx_word' id='word_1_207' title='bbox 573 850 635 871; x_wconf 86' lang='lat' dir='ltr'><strong>esse</strong></span> <span class='ocrx_word' id='word_1_208' title='bbox 649 845 796 879; x_wconf 87' lang='lat' dir='ltr'><strong>promittit.</strong></span> <span class='ocrx_word' id='word_1_209' title='bbox 811 845 878 872; x_wconf 91' lang='lat' dir='ltr'><strong>Cum</strong></span> <span class='ocrx_word' id='word_1_210' title='bbox 905 852 992 871; x_wconf 83' lang='lat' dir='ltr'><strong>meum</strong></span> <span class='ocrx_word' id='word_1_211' title='bbox 1013 843 1142 878; x_wconf 82' lang='lat' dir='ltr'><strong>denique,</strong></span> <span class='ocrx_word' id='word_1_212' title='bbox 1162 841 1261 877; x_wconf 82' lang='lat' dir='ltr'><strong>inquit,</strong></span> <span class='ocrx_word' id='word_1_213' title='bbox 1278 841 1330 875; x_wconf 89' lang='lat' dir='ltr'><strong>ipsi</strong></span> <span class='ocrx_word' id='word_1_214' title='bbox 1354 845 1469 868; x_wconf 86' lang='lat' dir='ltr'><strong>montem</strong></span> <span class='ocrx_word' id='word_1_215' title='bbox 1488 846 1611 868; x_wconf 81' lang='lat' dir='ltr'><strong>sanctum</strong></span> <span class='ocrx_word' id='word_1_216' title='bbox 1642 840 1743 868; x_wconf 80' lang='lat' dir='ltr'><strong>fuerint</strong></span> <span class='ocrx_word' id='word_1_217' title='bbox 1766 847 1832 867; x_wconf 86' lang='lat' dir='ltr'><strong>con-</strong></span> 
     </span>
    </p>
   </div>
   <div class='ocr_carea' id='block_1_33' title="bbox 188 885 1831 924">
    <p class='ocr_par' dir='ltr' id='par_1_33' title="bbox 188 885 1831 924">
     <span class='ocr_line' id='line_1_33' title="bbox 188 885 1831 924; baseline 0.001 -12"><span class='ocrx_word' id='word_1_218' title='bbox 188 885 287 918; x_wconf 87' lang='lat' dir='ltr'><strong>secuti,</strong></span> <span class='ocrx_word' id='word_1_219' title='bbox 302 893 384 913; x_wconf 89' lang='lat' dir='ltr'><strong>omne</strong></span> <span class='ocrx_word' id='word_1_220' title='bbox 398 894 513 921; x_wconf 87' lang='lat' dir='ltr'><strong>prorsus</strong></span> <span class='ocrx_word' id='word_1_221' title='bbox 537 887 637 916; x_wconf 79' lang='lat' dir='ltr'><strong>auferri</strong></span> <span class='ocrx_word' id='word_1_222' title='bbox 662 889 778 923; x_wconf 90' lang='lat' dir='ltr'><strong>idolum,</strong></span> <span class='ocrx_word' id='word_1_223' title='bbox 806 890 928 924; x_wconf 82' lang='lat' dir='ltr'><strong>omnique</strong></span> <span class='ocrx_word' id='word_1_224' title='bbox 956 887 1116 922; x_wconf 74' lang='lat' dir='ltr'><strong>offendicula</strong></span> <span class='ocrx_word' id='word_1_225' title='bbox 1146 895 1191 914; x_wconf 85' lang='lat' dir='ltr'><strong>vas</strong></span> <span class='ocrx_word' id='word_1_226' title='bbox 1219 886 1326 913; x_wconf 78' lang='lat' dir='ltr'><strong>Domini</strong></span> <span class='ocrx_word' id='word_1_227' title='bbox 1354 886 1474 921; x_wconf 80' lang='lat' dir='ltr'><strong>purgari,</strong></span> <span class='ocrx_word' id='word_1_228' title='bbox 1495 894 1550 921; x_wconf 89' lang='lat' dir='ltr'><strong>quo</strong></span> <span class='ocrx_word' id='word_1_229' title='bbox 1580 885 1670 914; x_wconf 81' lang='lat' dir='ltr'><strong>facilis</strong></span> <span class='ocrx_word' id='word_1_230' title='bbox 1685 885 1733 913; x_wconf 85' lang='lat' dir='ltr'><strong>ﬁat</strong></span> <span class='ocrx_word' id='word_1_231' title='bbox 1751 886 1777 914; x_wconf 90' lang='lat' dir='ltr'><strong>in</strong></span> <span class='ocrx_word' id='word_1_232' title='bbox 1790 887 1831 915; x_wconf 87' lang='lat' dir='ltr'><strong>eis</strong></span> 
     </span>
    </p>
   </div>
   <div class='ocr_carea' id='block_1_34' title="bbox 188 933 778 970">
    <p class='ocr_par' dir='ltr' id='par_1_34' title="bbox 188 933 778 970">
     <span class='ocr_line' id='line_1_34' title="bbox 188 933 778 970; baseline 0.008 -11"><span class='ocrx_word' id='word_1_233' title='bbox 188 933 349 966; x_wconf 81' lang='lat' dir='ltr'><strong>ambulatio,</strong></span> <span class='ocrx_word' id='word_1_234' title='bbox 364 935 519 968; x_wconf 83' lang='lat' dir='ltr'><strong>consuleut,</strong></span> <span class='ocrx_word' id='word_1_235' title='bbox 534 941 616 970; x_wconf 83' lang='lat' dir='ltr'><strong>atque</strong></span> <span class='ocrx_word' id='word_1_236' title='bbox 632 937 778 964; x_wconf 86' lang='lat' dir='ltr'><strong>curabunt.</strong></span> 
     </span>
    </p>
   </div>
   <div class='ocr_carea' id='block_1_35' title="bbox 224 974 986 1018">
    <p class='ocr_par' dir='ltr' id='par_1_35' title="bbox 224 979 985 1018">
     <span class='ocr_line' id='line_1_35' title="bbox 224 979 985 1018; baseline 0.007 -13"><span class='ocrx_word' id='word_1_237' title='bbox 224 983 316 1006; x_wconf 83' lang='grc' dir='ltr'>ιε-κα¹.</span> <span class='ocrx_word' id='word_1_238' title='bbox 344 979 417 1007; x_wconf 80' lang='grc' dir='ltr'>Τάδε</span> <span class='ocrx_word' id='word_1_239' title='bbox 438 981 520 1015; x_wconf 74' lang='grc' dir='ltr'>λέγει</span> <span class='ocrx_word' id='word_1_240' title='bbox 537 982 646 1015; x_wconf 84' lang='grc' dir='ltr'>Κύριος</span> <span class='ocrx_word' id='word_1_241' title='bbox 664 983 682 1009; x_wconf 85' lang='grc' dir='ltr'><em>ὁ</em></span> <span class='ocrx_word' id='word_1_242' title='bbox 696 982 828 1017; x_wconf 71' lang='grc' dir='ltr'>ὕψιστος</span> <span class='ocrx_word' id='word_1_243' title='bbox 851 983 886 1010; x_wconf 84' lang='grc' dir='ltr'>ἐν</span> <span class='ocrx_word' id='word_1_244' title='bbox 903 984 985 1018; x_wconf 69' lang='grc' dir='ltr'><strong>ὑψη-</strong></span> 
     </span>
    </p>
   </div>
   <div class='ocr_carea' id='block_1_36' title="bbox 1040 974 1833 1018">
    <p class='ocr_par' dir='ltr' id='par_1_36' title="bbox 1072 974 1833 1016">
     <span class='ocr_line' id='line_1_36' title="bbox 1072 974 1833 1016; baseline -0.007 -9"><span class='ocrx_word' id='word_1_245' title='bbox 1072 980 1156 1016; x_wconf 63' lang='lat' dir='ltr'><strong>m</strong></span> <span class='ocrx_word' id='word_1_246' title='bbox 1175 978 1258 1006; x_wconf 74' lang='lat' dir='ltr'><strong>Vens.</strong></span> <span class='ocrx_word' id='word_1_247' title='bbox 1279 976 1376 1008; x_wconf 64' lang='lat' dir='ltr'><strong>lii-2|,</strong></span> <span class='ocrx_word' id='word_1_248' title='bbox 1404 976 1467 1003; x_wconf 77' lang='lat' dir='ltr'><strong>Ha&#39;c</strong></span> <span class='ocrx_word' id='word_1_249' title='bbox 1489 976 1554 1003; x_wconf 82' lang='lat' dir='ltr'><strong>dicit</strong></span> <span class='ocrx_word' id='word_1_250' title='bbox 1575 975 1703 1003; x_wconf 77' lang='lat' dir='ltr'><strong>Dominus</strong></span> <span class='ocrx_word' id='word_1_251' title='bbox 1728 974 1833 1002; x_wconf 74' lang='lat' dir='ltr'><strong>altissi-</strong></span> 
     </span>
    </p>
   </div>
   <div class='ocr_carea' id='block_1_37' title="bbox 187 1024 986 1064">
    <p class='ocr_par' dir='ltr' id='par_1_37' title="bbox 187 1024 986 1064">
     <span class='ocr_line' id='line_1_37' title="bbox 187 1024 986 1064; baseline 0.006 -13"><span class='ocrx_word' id='word_1_252' title='bbox 187 1024 253 1057; x_wconf 71' lang='grc' dir='ltr'>,ἰοῖς</span> <span class='ocrx_word' id='word_1_253' title='bbox 272 1025 419 1052; x_wconf 77' lang='grc' dir='ltr'><strong>κατοικῶν</strong></span> <span class='ocrx_word' id='word_1_254' title='bbox 437 1026 492 1053; x_wconf 77' lang='grc' dir='ltr'>τὸν</span> <span class='ocrx_word' id='word_1_255' title='bbox 504 1026 606 1059; x_wconf 74' lang='grc' dir='ltr'>αἰῶνα,</span> <span class='ocrx_word' id='word_1_256' title='bbox 626 1027 710 1062; x_wconf 75' lang='grc' dir='ltr'>ἅγιος</span> <span class='ocrx_word' id='word_1_257' title='bbox 723 1028 759 1055; x_wconf 81' lang='grc' dir='ltr'>ἐν</span> <span class='ocrx_word' id='word_1_258' title='bbox 784 1028 880 1064; x_wconf 77' lang='grc' dir='ltr'>ἁγίοις</span> <span class='ocrx_word' id='word_1_259' title='bbox 893 1029 986 1063; x_wconf 83' lang='grc' dir='ltr'>ὄνομα</span> 
     </span>
    </p>
   </div>
   <div class='ocr_carea' id='block_1_38' title="bbox 187 1070 984 1110">
    <p class='ocr_par' dir='ltr' id='par_1_38' title="bbox 187 1070 984 1110">
     <span class='ocr_line' id='line_1_38' title="bbox 187 1070 984 1110; baseline 0.009 -14"><span class='ocrx_word' id='word_1_260' title='bbox 187 1070 267 1103; x_wconf 85' lang='grc' dir='ltr'>αὐτῷ</span> <span class='ocrx_word' id='word_1_261' title='bbox 282 1071 389 1105; x_wconf 79' lang='grc' dir='ltr'>Κύριος</span> <span class='ocrx_word' id='word_1_262' title='bbox 417 1072 559 1106; x_wconf 71' lang='grc' dir='ltr'>ὕψιστος,</span> <span class='ocrx_word' id='word_1_263' title='bbox 579 1074 614 1100; x_wconf 77' lang='grc' dir='ltr'>ἐν</span> <span class='ocrx_word' id='word_1_264' title='bbox 629 1074 725 1109; x_wconf 72' lang='grc' dir='ltr'>ἁγίοις</span> <span class='ocrx_word' id='word_1_265' title='bbox 742 1075 984 1110; x_wconf 77' lang='grc' dir='ltr'><strong>ἀναπαυόμενος,</strong></span> 
     </span>
    </p>
   </div>
   <div class='ocr_carea' id='block_1_39' title="bbox 188 1117 986 1156">
    <p class='ocr_par' dir='ltr' id='par_1_39' title="bbox 188 1117 986 1156">
     <span class='ocr_line' id='line_1_39' title="bbox 188 1117 986 1156; baseline 0.009 -14"><span class='ocrx_word' id='word_1_266' title='bbox 188 1117 237 1143; x_wconf 74' lang='grc' dir='ltr'><strong>καὶ</strong></span> <span class='ocrx_word' id='word_1_267' title='bbox 263 1117 461 1153; x_wconf 71' lang='grc' dir='ltr'>ὀλιγοψύχοίς</span> <span class='ocrx_word' id='word_1_268' title='bbox 488 1118 592 1153; x_wconf 84' lang='grc' dir='ltr'>διδοὺς</span> <span class='ocrx_word' id='word_1_269' title='bbox 619 1121 837 1156; x_wconf 79' lang='grc' dir='ltr'>μακροθυμίαν,</span> <span class='ocrx_word' id='word_1_270' title='bbox 864 1122 914 1148; x_wconf 77' lang='grc' dir='ltr'><strong>καὶ</strong></span> <span class='ocrx_word' id='word_1_271' title='bbox 941 1121 986 1149; x_wconf 85' lang='grc' dir='ltr'>δι-</span> 
     </span>
    </p>
   </div>
   <div class='ocr_carea' id='block_1_40' title="bbox 187 1163 984 1203">
    <p class='ocr_par' dir='ltr' id='par_1_40' title="bbox 187 1163 984 1203">
     <span class='ocr_line' id='line_1_40' title="bbox 187 1163 984 1203; baseline 0.009 -14"><span class='ocrx_word' id='word_1_272' title='bbox 187 1163 261 1196; x_wconf 76' lang='grc' dir='ltr'>δοὺς</span> <span class='ocrx_word' id='word_1_273' title='bbox 286 1163 364 1199; x_wconf 80' lang='grc' dir='ltr'>ζωὴν</span> <span class='ocrx_word' id='word_1_274' title='bbox 384 1165 447 1199; x_wconf 75' lang='grc' dir='ltr'>τοῖς</span> <span class='ocrx_word' id='word_1_275' title='bbox 468 1167 738 1202; x_wconf 78' lang='grc' dir='ltr'><strong>συντετριμμένοις</strong></span> <span class='ocrx_word' id='word_1_276' title='bbox 767 1167 825 1203; x_wconf 82' lang='grc' dir='ltr'>τὴν</span> <span class='ocrx_word' id='word_1_277' title='bbox 848 1168 984 1203; x_wconf 73' lang='grc' dir='ltr'>καρδίαν,</span> 
     </span>
    </p>
   </div>
   <div class='ocr_carea' id='block_1_41' title="bbox 189 1215 294 1236">
    <p class='ocr_par' dir='ltr' id='par_1_41' title="bbox 189 1215 294 1236">
     <span class='ocr_line' id='line_1_41' title="bbox 189 1215 294 1236; baseline 0.019 -2"><span class='ocrx_word' id='word_1_278' title='bbox 189 1217 218 1235; x_wconf 76' lang='grc' dir='ltr'><strong>κ.</strong></span> <span class='ocrx_word' id='word_1_279' title='bbox 232 1217 257 1236; x_wconf 92' lang='grc' dir='ltr'>τ.</span> <span class='ocrx_word' id='word_1_280' title='bbox 271 1215 294 1236; x_wconf 78' lang='grc' dir='ltr'><strong>Α.</strong></span> 
     </span>
    </p>
   </div>
   <div class='ocr_carea' id='block_1_42' title="bbox 226 1255 987 1294">
    <p class='ocr_par' dir='ltr' id='par_1_42' title="bbox 226 1255 987 1294">
     <span class='ocr_line' id='line_1_42' title="bbox 226 1255 987 1294; baseline 0.011 -13"><span class='ocrx_word' id='word_1_281' title='bbox 226 1255 297 1290; x_wconf 79' lang='grc' dir='ltr'>Πρὸς</span> <span class='ocrx_word' id='word_1_282' title='bbox 315 1256 379 1288; x_wconf 78' lang='grc' dir='ltr'>τοὺς</span> <span class='ocrx_word' id='word_1_283' title='bbox 395 1257 530 1292; x_wconf 77' lang='grc' dir='ltr'>ἄρχοντας</span> <span class='ocrx_word' id='word_1_284' title='bbox 544 1258 592 1285; x_wconf 83' lang='grc' dir='ltr'>τοῦ</span> <span class='ocrx_word' id='word_1_285' title='bbox 604 1257 740 1286; x_wconf 82' lang='grc' dir='ltr'>Ἰουδαίων</span> <span class='ocrx_word' id='word_1_286' title='bbox 755 1259 861 1293; x_wconf 76' lang='grc' dir='ltr'>ἔθνους,</span> <span class='ocrx_word' id='word_1_287' title='bbox 874 1261 922 1294; x_wconf 79' lang='grc' dir='ltr'>οὓς</span> <span class='ocrx_word' id='word_1_288' title='bbox 938 1261 987 1288; x_wconf 85' lang='grc' dir='ltr'><strong>κύ-</strong></span> 
     </span>
    </p>
   </div>
   <div class='ocr_carea' id='block_1_43' title="bbox 188 1301 987 1341">
    <p class='ocr_par' dir='ltr' id='par_1_43' title="bbox 188 1301 987 1341">
     <span class='ocr_line' id='line_1_43' title="bbox 188 1301 987 1341; baseline 0.011 -15"><span class='ocrx_word' id='word_1_289' title='bbox 188 1309 236 1332; x_wconf 83' lang='grc' dir='ltr'><strong>νας</strong></span> <span class='ocrx_word' id='word_1_290' title='bbox 249 1301 342 1333; x_wconf 78' lang='grc' dir='ltr'>ἐνεοὺς</span> <span class='ocrx_word' id='word_1_291' title='bbox 357 1303 403 1329; x_wconf 75' lang='grc' dir='ltr'><strong>καὶ</strong></span> <span class='ocrx_word' id='word_1_292' title='bbox 419 1304 553 1337; x_wconf 76' lang='grc' dir='ltr'>τυφλοὺς,</span> <span class='ocrx_word' id='word_1_293' title='bbox 570 1304 618 1331; x_wconf 79' lang='grc' dir='ltr'>καὶ</span> <span class='ocrx_word' id='word_1_294' title='bbox 632 1306 667 1331; x_wconf 74' lang='grc' dir='ltr'>τὰ</span> <span class='ocrx_word' id='word_1_295' title='bbox 681 1305 794 1333; x_wconf 81' lang='grc' dir='ltr'>τοιαῦτα</span> <span class='ocrx_word' id='word_1_296' title='bbox 810 1307 919 1341; x_wconf 75' lang='grc' dir='ltr'>ἐκάλει,</span> <span class='ocrx_word' id='word_1_297' title='bbox 938 1308 987 1334; x_wconf 72' lang='grc' dir='ltr'><strong>καὶ</strong></span> 
     </span>
    </p>
   </div>
   <div class='ocr_carea' id='block_1_44' title="bbox 187 1346 985 1387">
    <p class='ocr_par' dir='ltr' id='par_1_44' title="bbox 187 1346 985 1387">
     <span class='ocr_line' id='line_1_44' title="bbox 187 1346 985 1387; baseline 0.01 -15"><span class='ocrx_word' id='word_1_298' title='bbox 187 1346 257 1381; x_wconf 69' lang='grc' dir='ltr'>πρὸς</span> <span class='ocrx_word' id='word_1_299' title='bbox 281 1347 345 1379; x_wconf 81' lang='grc' dir='ltr'>τοὺς</span> <span class='ocrx_word' id='word_1_300' title='bbox 367 1348 413 1374; x_wconf 86' lang='grc' dir='ltr'><strong>ὑπ’</strong></span> <span class='ocrx_word' id='word_1_301' title='bbox 426 1349 525 1381; x_wconf 80' lang='grc' dir='ltr'>αὐτοὺς</span> <span class='ocrx_word' id='word_1_302' title='bbox 543 1350 627 1382; x_wconf 86' lang='grc' dir='ltr'>λαοὺς</span> <span class='ocrx_word' id='word_1_303' title='bbox 643 1350 677 1377; x_wconf 77' lang='grc' dir='ltr'><strong>τὰ</strong></span> <span class='ocrx_word' id='word_1_304' title='bbox 701 1352 755 1387; x_wconf 79' lang='grc' dir='ltr'>πρὸ</span> <span class='ocrx_word' id='word_1_305' title='bbox 770 1352 874 1379; x_wconf 78' lang='grc' dir='ltr'>τούτων</span> <span class='ocrx_word' id='word_1_306' title='bbox 889 1353 985 1386; x_wconf 78' lang='grc' dir='ltr'>εὶπὼν,</span> 
     </span>
    </p>
   </div>
   <div class='ocr_carea' id='block_1_45' title="bbox 187 1389 987 1433">
    <p class='ocr_par' dir='ltr' id='par_1_45' title="bbox 187 1389 987 1433">
     <span class='ocr_line' id='line_1_45' title="bbox 187 1389 987 1433; baseline 0.011 -15"><span class='ocrx_word' id='word_1_307' title='bbox 187 1392 235 1418; x_wconf 77' lang='grc' dir='ltr'>νῦν</span> <span class='ocrx_word' id='word_1_308' title='bbox 251 1393 320 1428; x_wconf 75' lang='grc' dir='ltr'>πρὸς</span> <span class='ocrx_word' id='word_1_309' title='bbox 334 1389 398 1424; x_wconf 76' lang='grc' dir='ltr'>τοὺς</span> <span class='ocrx_word' id='word_1_310' title='bbox 411 1395 440 1420; x_wconf 81' lang='grc' dir='ltr'><strong>ἐν</strong></span> <span class='ocrx_word' id='word_1_311' title='bbox 453 1395 546 1427; x_wconf 80' lang='grc' dir='ltr'>αὐτοῖς</span> <span class='ocrx_word' id='word_1_312' title='bbox 562 1396 689 1429; x_wconf 76' lang='grc' dir='ltr'>εὐλαϐεῖς</span> <span class='ocrx_word' id='word_1_313' title='bbox 699 1417 706 1430; x_wconf 87' lang='grc'><strong>,</strong></span> <span class='ocrx_word' id='word_1_314' title='bbox 723 1398 771 1424; x_wconf 85' lang='grc' dir='ltr'>καὶ</span> <span class='ocrx_word' id='word_1_315' title='bbox 788 1399 987 1433; x_wconf 72' lang='grc' dir='ltr'>μετανοοῦντας</span> 
     </span>
    </p>
   </div>
   <div class='ocr_carea' id='block_1_46' title="bbox 187 1435 987 1481">
    <p class='ocr_par' dir='ltr' id='par_1_46' title="bbox 187 1435 987 1481">
     <span class='ocr_line' id='line_1_46' title="bbox 187 1435 987 1481; baseline 0.013 -18"><span class='ocrx_word' id='word_1_316' title='bbox 187 1437 231 1471; x_wconf 66' lang='grc' dir='ltr'><strong>ἐφ’</strong></span> <span class='ocrx_word' id='word_1_317' title='bbox 245 1435 285 1469; x_wconf 75' lang='grc' dir='ltr'>οἷς</span> <span class='ocrx_word' id='word_1_318' title='bbox 299 1438 425 1474; x_wconf 82' lang='grc' dir='ltr'>ἥμαρτον</span> <span class='ocrx_word' id='word_1_319' title='bbox 439 1441 557 1468; x_wconf 82' lang='grc' dir='ltr'>ποιεῖται</span> <span class='ocrx_word' id='word_1_320' title='bbox 576 1442 622 1468; x_wconf 80' lang='grc' dir='ltr'>τὸν</span> <span class='ocrx_word' id='word_1_321' title='bbox 638 1442 719 1476; x_wconf 83' lang='grc' dir='ltr'>λόγον</span> <span class='ocrx_word' id='word_1_322' title='bbox 729 1463 737 1476; x_wconf 87' lang='grc'><strong>,</strong></span> <span class='ocrx_word' id='word_1_323' title='bbox 754 1443 802 1481; x_wconf 78' lang='grc' dir='ltr'>οὓς</span> <span class='ocrx_word' id='word_1_324' title='bbox 820 1445 867 1471; x_wconf 78' lang='grc' dir='ltr'><strong>καὶ</strong></span> <span class='ocrx_word' id='word_1_325' title='bbox 880 1453 987 1473; x_wconf 84' lang='grc' dir='ltr'>συντε-</span> 
     </span>
    </p>
   </div>
   <div class='ocr_carea' id='block_1_47' title="bbox 187 1484 989 1529">
    <p class='ocr_par' dir='ltr' id='par_1_47' title="bbox 187 1484 989 1529">
     <span class='ocr_line' id='line_1_47' title="bbox 187 1484 989 1529; baseline 0.011 -20"><span class='ocrx_word' id='word_1_326' title='bbox 187 1484 365 1519; x_wconf 68' lang='grc' dir='ltr'>τριμμένους</span> <span class='ocrx_word' id='word_1_327' title='bbox 379 1485 437 1519; x_wconf 78' lang='grc' dir='ltr'>τὴν</span> <span class='ocrx_word' id='word_1_328' title='bbox 448 1487 575 1522; x_wconf 78' lang='grc' dir='ltr'><strong>καρδίαν</strong></span> <span class='ocrx_word' id='word_1_329' title='bbox 585 1488 671 1515; x_wconf 84' lang='grc' dir='ltr'>καλεῖ·</span> <span class='ocrx_word' id='word_1_330' title='bbox 679 1487 751 1524; x_wconf 84' lang='grc' dir='ltr'>ἦσαν</span> <span class='ocrx_word' id='word_1_331' title='bbox 762 1490 851 1526; x_wconf 27' lang='grc' dir='ltr'>γὰρνεὶ</span> <span class='ocrx_word' id='word_1_332' title='bbox 863 1491 910 1518; x_wconf 80' lang='grc' dir='ltr'><strong>καὶ</strong></span> <span class='ocrx_word' id='word_1_333' title='bbox 923 1491 989 1529; x_wconf 82' lang='grc' dir='ltr'>βρα-</span> 
     </span>
    </p>
   </div>
   <div class='ocr_carea' id='block_1_48' title="bbox 187 1529 987 1570">
    <p class='ocr_par' dir='ltr' id='par_1_48' title="bbox 187 1529 987 1570">
     <span class='ocr_line' id='line_1_48' title="bbox 187 1529 987 1570; baseline 0.014 -16"><span class='ocrx_word' id='word_1_334' title='bbox 187 1529 245 1563; x_wconf 85' lang='grc' dir='ltr'>χεῖς</span> <span class='ocrx_word' id='word_1_335' title='bbox 264 1530 293 1555; x_wconf 79' lang='grc' dir='ltr'>ὲν</span> <span class='ocrx_word' id='word_1_336' title='bbox 310 1530 403 1561; x_wconf 84' lang='grc' dir='ltr'>αὐτοῖς</span> <span class='ocrx_word' id='word_1_337' title='bbox 418 1530 594 1567; x_wconf 80' lang='grc' dir='ltr'>ἀνακείμενοι</span> <span class='ocrx_word' id='word_1_338' title='bbox 608 1533 647 1569; x_wconf 85' lang='grc' dir='ltr'><strong>τῷ</strong></span> <span class='ocrx_word' id='word_1_339' title='bbox 661 1534 721 1569; x_wconf 84' lang='grc' dir='ltr'><strong>Θεῷ</strong></span> <span class='ocrx_word' id='word_1_340' title='bbox 734 1535 876 1570; x_wconf 70' lang='grc' dir='ltr'>προφῆται</span> <span class='ocrx_word' id='word_1_341' title='bbox 886 1545 927 1568; x_wconf 82' lang='grc' dir='ltr'><strong>τε,</strong></span> <span class='ocrx_word' id='word_1_342' title='bbox 938 1534 987 1565; x_wconf 77' lang='grc' dir='ltr'>καὶ</span> 
     </span>
    </p>
   </div>
   <div class='ocr_carea' id='block_1_49' title="bbox 187 1571 991 1611">
    <p class='ocr_par' dir='ltr' id='par_1_49' title="bbox 187 1571 991 1611">
     <span class='ocr_line' id='line_1_49' title="bbox 187 1571 991 1611; baseline 0.014 -11"><span class='ocrx_word' id='word_1_343' title='bbox 187 1573 291 1602; x_wconf 82' lang='grc' dir='ltr'>τούτων</span> <span class='ocrx_word' id='word_1_344' title='bbox 309 1575 443 1611; x_wconf 65' lang='grc' dir='ltr'>μαθηταὶ,</span> <span class='ocrx_word' id='word_1_345' title='bbox 456 1577 571 1610; x_wconf 79' lang='grc' dir='ltr'>ἑαυτούς</span> <span class='ocrx_word' id='word_1_346' title='bbox 583 1587 612 1605; x_wconf 85' lang='grc' dir='ltr'><strong>τε</strong></span> <span class='ocrx_word' id='word_1_347' title='bbox 625 1580 672 1605; x_wconf 80' lang='grc' dir='ltr'><strong>καὶ</strong></span> <span class='ocrx_word' id='word_1_348' title='bbox 686 1571 733 1606; x_wconf 80' lang='grc' dir='ltr'><strong>τὸν</strong></span> <span class='ocrx_word' id='word_1_349' title='bbox 746 1581 811 1608; x_wconf 74' lang='grc' dir='ltr'>λαὸν</span> <span class='ocrx_word' id='word_1_350' title='bbox 824 1582 991 1610; x_wconf 77' lang='grc' dir='ltr'>ἀποκλαίον-</span> 
     </span>
    </p>
   </div>
   <div class='ocr_carea' id='block_1_50' title="bbox 187 1621 986 1665">
    <p class='ocr_par' dir='ltr' id='par_1_50' title="bbox 187 1621 986 1665">
     <span class='ocr_line' id='line_1_50' title="bbox 187 1621 986 1665; baseline 0.003 -14"><span class='ocrx_word' id='word_1_351' title='bbox 187 1629 244 1651; x_wconf 73' lang='grc' dir='ltr'><strong>τΞς,</strong></span> <span class='ocrx_word' id='word_1_352' title='bbox 259 1621 463 1657; x_wconf 67' lang='grc' dir='ltr'>ὑστερούμενοι,</span> <span class='ocrx_word' id='word_1_353' title='bbox 480 1623 646 1659; x_wconf 79' lang='grc' dir='ltr'>θλιϐόμενοι,</span> <span class='ocrx_word' id='word_1_354' title='bbox 661 1626 710 1652; x_wconf 63' lang='grc' dir='ltr'><strong>καὶ</strong></span> <span class='ocrx_word' id='word_1_355' title='bbox 723 1627 920 1665; x_wconf 14' lang='grc' dir='ltr'>τὰςέιρεξῆς.»¹0</span> <span class='ocrx_word' id='word_1_356' title='bbox 932 1629 986 1665; x_wconf 81' lang='grc' dir='ltr'><strong>γὰρ</strong></span> 
     </span>
    </p>
   </div>
   <div class='ocr_carea' id='block_1_51' title="bbox 1038 1020 1830 1061">
    <p class='ocr_par' dir='ltr' id='par_1_51' title="bbox 1038 1020 1830 1061">
     <span class='ocr_line' id='line_1_51' title="bbox 1038 1020 1830 1061; baseline -0.008 -8"><span class='ocrx_word' id='word_1_357' title='bbox 1038 1035 1109 1057; x_wconf 83' lang='lat' dir='ltr'><strong>mus,</strong></span> <span class='ocrx_word' id='word_1_358' title='bbox 1121 1026 1167 1061; x_wconf 85' lang='lat' dir='ltr'><strong>qui</strong></span> <span class='ocrx_word' id='word_1_359' title='bbox 1182 1026 1208 1052; x_wconf 88' lang='lat' dir='ltr'><strong>in</strong></span> <span class='ocrx_word' id='word_1_360' title='bbox 1222 1024 1332 1052; x_wconf 73' lang='lat' dir='ltr'><strong>excelsis</strong></span> <span class='ocrx_word' id='word_1_361' title='bbox 1351 1024 1455 1051; x_wconf 81' lang='lat' dir='ltr'><strong>habitat</strong></span> <span class='ocrx_word' id='word_1_362' title='bbox 1470 1023 1497 1050; x_wconf 84' lang='lat' dir='ltr'><strong>in</strong></span> <span class='ocrx_word' id='word_1_363' title='bbox 1515 1027 1654 1054; x_wconf 79' lang='lat' dir='ltr'><strong>teteruum,</strong></span> <span class='ocrx_word' id='word_1_364' title='bbox 1676 1026 1785 1048; x_wconf 82' lang='lat' dir='ltr'><strong>sanctus</strong></span> <span class='ocrx_word' id='word_1_365' title='bbox 1803 1020 1830 1048; x_wconf 79' lang='lat' dir='ltr'><strong>in</strong></span> 
     </span>
    </p>
   </div>
   <div class='ocr_carea' id='block_1_52' title="bbox 1037 1068 1829 1103">
    <p class='ocr_par' dir='ltr' id='par_1_52' title="bbox 1037 1068 1829 1103">
     <span class='ocr_line' id='line_1_52' title="bbox 1037 1068 1829 1103; baseline -0.005 -4"><span class='ocrx_word' id='word_1_366' title='bbox 1037 1073 1138 1101; x_wconf 80' lang='lat' dir='ltr'><strong>sanctis</strong></span> <span class='ocrx_word' id='word_1_367' title='bbox 1153 1080 1246 1099; x_wconf 82' lang='lat' dir='ltr'><strong>nomen</strong></span> <span class='ocrx_word' id='word_1_368' title='bbox 1262 1073 1295 1099; x_wconf 76' lang='lat' dir='ltr'><strong>ei.</strong></span> <span class='ocrx_word' id='word_1_369' title='bbox 1316 1071 1446 1099; x_wconf 78' lang='lat' dir='ltr'><strong>Dominus</strong></span> <span class='ocrx_word' id='word_1_370' title='bbox 1462 1069 1623 1101; x_wconf 76' lang='lat' dir='ltr'><strong>altissimus,</strong></span> <span class='ocrx_word' id='word_1_371' title='bbox 1634 1068 1679 1103; x_wconf 84' lang='lat' dir='ltr'><strong>qui</strong></span> <span class='ocrx_word' id='word_1_372' title='bbox 1692 1068 1720 1094; x_wconf 85' lang='lat' dir='ltr'><strong>in</strong></span> <span class='ocrx_word' id='word_1_373' title='bbox 1728 1068 1829 1095; x_wconf 69' lang='lat' dir='ltr'><strong>sanctis</strong></span> 
     </span>
    </p>
   </div>
   <div class='ocr_carea' id='block_1_53' title="bbox 1037 1112 1830 1152">
    <p class='ocr_par' dir='ltr' id='par_1_53' title="bbox 1037 1112 1830 1152">
     <span class='ocr_line' id='line_1_53' title="bbox 1037 1112 1830 1152; baseline -0.008 -8"><span class='ocrx_word' id='word_1_374' title='bbox 1037 1117 1188 1152; x_wconf 74' lang='lat' dir='ltr'><strong>requiescit,</strong></span> <span class='ocrx_word' id='word_1_375' title='bbox 1203 1121 1228 1143; x_wconf 87' lang='lat' dir='ltr'><strong>et</strong></span> <span class='ocrx_word' id='word_1_376' title='bbox 1247 1115 1430 1151; x_wconf 79' lang='lat' dir='ltr'><strong>pusillanimis</strong></span> <span class='ocrx_word' id='word_1_377' title='bbox 1448 1113 1494 1140; x_wconf 87' lang='lat' dir='ltr'><strong>dat</strong></span> <span class='ocrx_word' id='word_1_378' title='bbox 1509 1113 1680 1148; x_wconf 77' lang='lat' dir='ltr'><strong>patientiam,</strong></span> <span class='ocrx_word' id='word_1_379' title='bbox 1703 1117 1727 1139; x_wconf 76' lang='lat' dir='ltr'><strong>et</strong></span> <span class='ocrx_word' id='word_1_380' title='bbox 1748 1112 1830 1139; x_wconf 82' lang='lat' dir='ltr'><strong>vitam</strong></span> 
     </span>
    </p>
   </div>
   <div class='ocr_carea' id='block_1_54' title="bbox 1037 1161 1516 1197">
    <p class='ocr_par' dir='ltr' id='par_1_54' title="bbox 1037 1161 1516 1197">
     <span class='ocr_line' id='line_1_54' title="bbox 1037 1161 1516 1197; baseline -0.008 -7"><span class='ocrx_word' id='word_1_381' title='bbox 1037 1163 1078 1190; x_wconf 84' lang='lat' dir='ltr'><strong>Itis</strong></span> <span class='ocrx_word' id='word_1_382' title='bbox 1092 1162 1137 1197; x_wconf 83' lang='lat' dir='ltr'><strong>qui</strong></span> <span class='ocrx_word' id='word_1_383' title='bbox 1155 1162 1233 1189; x_wconf 90' lang='lat' dir='ltr'><strong>corde</strong></span> <span class='ocrx_word' id='word_1_384' title='bbox 1250 1161 1359 1188; x_wconf 78' lang='lat' dir='ltr'><strong>contriti</strong></span> <span class='ocrx_word' id='word_1_385' title='bbox 1373 1164 1446 1192; x_wconf 80' lang='lat' dir='ltr'><strong>sunt,</strong></span> <span class='ocrx_word' id='word_1_386' title='bbox 1462 1163 1516 1187; x_wconf 86' lang='lat' dir='ltr'><strong>etc.</strong></span> 
     </span>
    </p>
   </div>
   <div class='ocr_carea' id='block_1_55' title="bbox 1073 1253 1831 1290">
    <p class='ocr_par' dir='ltr' id='par_1_55' title="bbox 1073 1253 1831 1290">
     <span class='ocr_line' id='line_1_55' title="bbox 1073 1253 1831 1290; baseline -0.005 -8"><span class='ocrx_word' id='word_1_387' title='bbox 1073 1255 1222 1290; x_wconf 80' lang='lat' dir='ltr'><strong>Postquam</strong></span> <span class='ocrx_word' id='word_1_388' title='bbox 1233 1254 1356 1282; x_wconf 70' lang='lat' dir='ltr'><strong>Iudaicae</strong></span> <span class='ocrx_word' id='word_1_389' title='bbox 1369 1253 1458 1290; x_wconf 77' lang='lat' dir='ltr'><strong>gentis</strong></span> <span class='ocrx_word' id='word_1_390' title='bbox 1472 1253 1610 1289; x_wconf 84' lang='lat' dir='ltr'><strong>principes</strong></span> <span class='ocrx_word' id='word_1_391' title='bbox 1635 1253 1724 1288; x_wconf 89' lang='lat' dir='ltr'><strong>(quos</strong></span> <span class='ocrx_word' id='word_1_392' title='bbox 1746 1258 1831 1279; x_wconf 85' lang='lat' dir='ltr'><strong>canes</strong></span> 
     </span>
    </p>
   </div>
   <div class='ocr_carea' id='block_1_56' title="bbox 1037 1295 1830 1336">
    <p class='ocr_par' dir='ltr' id='par_1_56' title="bbox 1037 1295 1830 1336">
     <span class='ocr_line' id='line_1_56' title="bbox 1037 1295 1830 1336; baseline -0.005 -8"><span class='ocrx_word' id='word_1_393' title='bbox 1037 1305 1131 1329; x_wconf 89' lang='lat' dir='ltr'><strong>mutos</strong></span> <span class='ocrx_word' id='word_1_394' title='bbox 1153 1304 1181 1328; x_wconf 87' lang='lat' dir='ltr'><strong>et</strong></span> <span class='ocrx_word' id='word_1_395' title='bbox 1191 1304 1449 1336; x_wconf 71' lang='lat' dir='ltr'><strong>caecos,ctetcraque</strong></span> <span class='ocrx_word' id='word_1_396' title='bbox 1457 1299 1604 1335; x_wconf 86' lang='lat' dir='ltr'><strong>ejusmodi,</strong></span> <span class='ocrx_word' id='word_1_397' title='bbox 1618 1295 1830 1333; x_wconf 81' lang='lat' dir='ltr'><strong>nuncupavit&quot;)</strong></span> 
     </span>
    </p>
   </div>
   <div class='ocr_carea' id='block_1_57' title="bbox 1038 1342 1832 1382">
    <p class='ocr_par' dir='ltr' id='par_1_57' title="bbox 1038 1342 1832 1382">
     <span class='ocr_line' id='line_1_57' title="bbox 1038 1342 1832 1382; baseline -0.008 -8"><span class='ocrx_word' id='word_1_398' title='bbox 1038 1350 1185 1382; x_wconf 85' lang='lat' dir='ltr'><strong>postquam</strong></span> <span class='ocrx_word' id='word_1_399' title='bbox 1200 1346 1285 1374; x_wconf 85' lang='lat' dir='ltr'><strong>etiam</strong></span> <span class='ocrx_word' id='word_1_400' title='bbox 1301 1345 1460 1380; x_wconf 87' lang='lat' dir='ltr'><strong>subjectum</strong></span> <span class='ocrx_word' id='word_1_401' title='bbox 1477 1344 1544 1380; x_wconf 88' lang='lat' dir='ltr'><strong>ipsis</strong></span> <span class='ocrx_word' id='word_1_402' title='bbox 1570 1343 1701 1379; x_wconf 89' lang='lat' dir='ltr'><strong>populum</strong></span> <span class='ocrx_word' id='word_1_403' title='bbox 1723 1342 1832 1369; x_wconf 62' lang='lat' dir='ltr'><strong>allocu«</strong></span> 
     </span>
    </p>
   </div>
   <div class='ocr_carea' id='block_1_58' title="bbox 1039 1387 1831 1427">
    <p class='ocr_par' dir='ltr' id='par_1_58' title="bbox 1039 1387 1831 1427">
     <span class='ocr_line' id='line_1_58' title="bbox 1039 1387 1831 1427; baseline -0.008 -7"><span class='ocrx_word' id='word_1_404' title='bbox 1039 1397 1084 1421; x_wconf 91' lang='lat' dir='ltr'><strong>tus</strong></span> <span class='ocrx_word' id='word_1_405' title='bbox 1096 1397 1139 1420; x_wconf 84' lang='lat' dir='ltr'><strong>est</strong></span> <span class='ocrx_word' id='word_1_406' title='bbox 1157 1401 1164 1419; x_wconf 94' lang='lat'><strong>:</strong></span> <span class='ocrx_word' id='word_1_407' title='bbox 1182 1391 1216 1419; x_wconf 89' lang='lat' dir='ltr'><strong>ad</strong></span> <span class='ocrx_word' id='word_1_408' title='bbox 1234 1392 1359 1427; x_wconf 84' lang='lat' dir='ltr'><strong>eosjam,</strong></span> <span class='ocrx_word' id='word_1_409' title='bbox 1371 1391 1417 1426; x_wconf 88' lang='lat' dir='ltr'><strong>qui</strong></span> <span class='ocrx_word' id='word_1_410' title='bbox 1432 1391 1505 1418; x_wconf 88' lang='lat' dir='ltr'><strong>inter</strong></span> <span class='ocrx_word' id='word_1_411' title='bbox 1520 1390 1595 1425; x_wconf 83' lang='lat' dir='ltr'><strong>ipsos</strong></span> <span class='ocrx_word' id='word_1_412' title='bbox 1609 1389 1713 1425; x_wconf 87' lang='lat' dir='ltr'><strong>pietate</strong></span> <span class='ocrx_word' id='word_1_413' title='bbox 1741 1387 1831 1415; x_wconf 86' lang='lat' dir='ltr'><strong>scele-</strong></span> 
     </span>
    </p>
   </div>
   <div class='ocr_carea' id='block_1_59' title="bbox 1040 1434 1827 1474">
    <p class='ocr_par' dir='ltr' id='par_1_59' title="bbox 1040 1434 1827 1474">
     <span class='ocr_line' id='line_1_59' title="bbox 1040 1434 1827 1474; baseline -0.009 -8"><span class='ocrx_word' id='word_1_414' title='bbox 1040 1446 1157 1474; x_wconf 87' lang='lat' dir='ltr'><strong>rumque</strong></span> <span class='ocrx_word' id='word_1_415' title='bbox 1185 1445 1298 1466; x_wconf 88' lang='lat' dir='ltr'><strong>suorum</strong></span> <span class='ocrx_word' id='word_1_416' title='bbox 1329 1437 1507 1473; x_wconf 66' lang='lat' dir='ltr'><strong>plenitudine</strong></span> <span class='ocrx_word' id='word_1_417' title='bbox 1534 1436 1693 1463; x_wconf 83' lang='lat' dir='ltr'><strong>alliciuntur</strong></span> <span class='ocrx_word' id='word_1_418' title='bbox 1729 1434 1827 1468; x_wconf 84' lang='lat' dir='ltr'><strong>(quos</strong></span> 
     </span>
    </p>
   </div>
   <div class='ocr_carea' id='block_1_60' title="bbox 1039 1480 1832 1520">
    <p class='ocr_par' dir='ltr' id='par_1_60' title="bbox 1039 1480 1832 1520">
     <span class='ocr_line' id='line_1_60' title="bbox 1039 1480 1832 1520; baseline -0.006 -8"><span class='ocrx_word' id='word_1_419' title='bbox 1039 1485 1159 1520; x_wconf 86' lang='lat' dir='ltr'><strong>appellat</strong></span> <span class='ocrx_word' id='word_1_420' title='bbox 1191 1485 1322 1512; x_wconf 76' lang='lat' dir='ltr'><strong>contritas</strong></span> <span class='ocrx_word' id='word_1_421' title='bbox 1368 1481 1467 1520; x_wconf 83' lang='lat' dir='ltr'><strong>corde)</strong></span> <span class='ocrx_word' id='word_1_422' title='bbox 1501 1489 1655 1511; x_wconf 89' lang='lat' dir='ltr'><strong>sermonem</strong></span> <span class='ocrx_word' id='word_1_423' title='bbox 1684 1480 1832 1509; x_wconf 86' lang='lat' dir='ltr'><strong>convertit.</strong></span> 
     </span>
    </p>
   </div>
   <div class='ocr_carea' id='block_1_61' title="bbox 1041 1524 1834 1564">
    <p class='ocr_par' dir='ltr' id='par_1_61' title="bbox 1041 1524 1834 1564">
     <span class='ocr_line' id='line_1_61' title="bbox 1041 1524 1834 1564; baseline -0.008 -6"><span class='ocrx_word' id='word_1_424' title='bbox 1041 1531 1128 1558; x_wconf 83' lang='lat' dir='ltr'><strong>Erant</strong></span> <span class='ocrx_word' id='word_1_425' title='bbox 1143 1530 1216 1558; x_wconf 90' lang='lat' dir='ltr'><strong>enim</strong></span> <span class='ocrx_word' id='word_1_426' title='bbox 1233 1530 1317 1557; x_wconf 85' lang='lat' dir='ltr'><strong>etiam</strong></span> <span class='ocrx_word' id='word_1_427' title='bbox 1340 1529 1413 1557; x_wconf 89' lang='lat' dir='ltr'><strong>inter</strong></span> <span class='ocrx_word' id='word_1_428' title='bbox 1428 1530 1515 1564; x_wconf 87' lang='lat' dir='ltr'><strong>ipsos,</strong></span> <span class='ocrx_word' id='word_1_429' title='bbox 1531 1528 1595 1555; x_wconf 89' lang='lat' dir='ltr'><strong>licet</strong></span> <span class='ocrx_word' id='word_1_430' title='bbox 1609 1527 1700 1563; x_wconf 87' lang='lat' dir='ltr'><strong>pauci,</strong></span> <span class='ocrx_word' id='word_1_431' title='bbox 1714 1526 1771 1554; x_wconf 88' lang='lat' dir='ltr'><strong>Deo</strong></span> <span class='ocrx_word' id='word_1_432' title='bbox 1784 1524 1834 1552; x_wconf 78' lang='lat' dir='ltr'><strong>ad-</strong></span> 
     </span>
    </p>
   </div>
   <div class='ocr_carea' id='block_1_62' title="bbox 1040 1573 1831 1612">
    <p class='ocr_par' dir='ltr' id='par_1_62' title="bbox 1040 1573 1831 1612">
     <span class='ocr_line' id='line_1_62' title="bbox 1040 1573 1831 1612; baseline -0.006 -9"><span class='ocrx_word' id='word_1_433' title='bbox 1040 1577 1108 1605; x_wconf 89' lang='lat' dir='ltr'><strong>dicti</strong></span> <span class='ocrx_word' id='word_1_434' title='bbox 1124 1576 1274 1612; x_wconf 70' lang='lat' dir='ltr'><strong>prophette,</strong></span> <span class='ocrx_word' id='word_1_435' title='bbox 1300 1576 1558 1611; x_wconf 87' lang='lat' dir='ltr'><strong>prophetarumque</strong></span> <span class='ocrx_word' id='word_1_436' title='bbox 1584 1573 1726 1608; x_wconf 83' lang='lat' dir='ltr'><strong>discipuli,</strong></span> <span class='ocrx_word' id='word_1_437' title='bbox 1752 1579 1831 1600; x_wconf 88' lang='lat' dir='ltr'><strong>suam</strong></span> 
     </span>
    </p>
   </div>
   <div class='ocr_carea' id='block_1_63' title="bbox 1040 1620 1833 1657">
    <p class='ocr_par' dir='ltr' id='par_1_63' title="bbox 1040 1620 1833 1657">
     <span class='ocr_line' id='line_1_63' title="bbox 1040 1620 1833 1657; baseline -0.005 -8"><span class='ocrx_word' id='word_1_438' title='bbox 1040 1623 1163 1657; x_wconf 90' lang='lat' dir='ltr'><strong>ipsorum</strong></span> <span class='ocrx_word' id='word_1_439' title='bbox 1184 1621 1336 1656; x_wconf 87' lang='lat' dir='ltr'><strong>populique</strong></span> <span class='ocrx_word' id='word_1_440' title='bbox 1357 1621 1540 1649; x_wconf 83' lang='lat' dir='ltr'><strong>calamitatem</strong></span> <span class='ocrx_word' id='word_1_441' title='bbox 1557 1620 1694 1656; x_wconf 83' lang='lat' dir='ltr'><strong>lugentes,</strong></span> <span class='ocrx_word' id='word_1_442' title='bbox 1708 1623 1833 1654; x_wconf 81' lang='lat' dir='ltr'><strong>egentes,</strong></span> 
     </span>
    </p>
   </div>
   <div class='ocr_carea' id='block_1_64' title="bbox 187 1663 1831 1711">
    <p class='ocr_par' dir='ltr' id='par_1_64' title="bbox 187 1663 1831 1711">
     <span class='ocr_line' id='line_1_64' title="bbox 187 1663 1831 1711; baseline 0.004 -19"><span class='ocrx_word' id='word_1_443' title='bbox 187 1666 265 1700; x_wconf 70' lang='grc' dir='ltr'>Θεὸς,</span> <span class='ocrx_word' id='word_1_444' title='bbox 282 1667 305 1693; x_wconf 74' lang='grc' dir='ltr'>εἰ</span> <span class='ocrx_word' id='word_1_445' title='bbox 326 1667 374 1694; x_wconf 77' lang='grc' dir='ltr'><strong>καὶ</strong></span> <span class='ocrx_word' id='word_1_446' title='bbox 397 1668 508 1697; x_wconf 79' lang='grc' dir='ltr'>πάντων</span> <span class='ocrx_word' id='word_1_447' title='bbox 532 1669 606 1696; x_wconf 70' lang='grc' dir='ltr'>ἐστὶν</span> <span class='ocrx_word' id='word_1_448' title='bbox 630 1671 771 1705; x_wconf 66' lang='grc' dir='ltr'>ἐπέκεινα,</span> <span class='ocrx_word' id='word_1_449' title='bbox 787 1673 838 1709; x_wconf 63' lang='grc' dir='ltr'>ορχ</span> <span class='ocrx_word' id='word_1_450' title='bbox 862 1663 986 1711; x_wconf 78' lang='grc' dir='ltr'>ὑπερορᾷ</span> <span class='ocrx_word' id='word_1_451' title='bbox 999 1665 1021 1695; x_wconf 77' lang='lat' dir='ltr'><strong>C</strong></span> <span class='ocrx_word' id='word_1_452' title='bbox 1044 1666 1246 1701; x_wconf 57' lang='grc' dir='ltr'>διιευειὶειιίπκ</span> <span class='ocrx_word' id='word_1_453' title='bbox 1262 1670 1290 1693; x_wconf 72' lang='grc' dir='ltr'><strong>ει</strong></span> <span class='ocrx_word' id='word_1_454' title='bbox 1308 1673 1371 1700; x_wconf 72' lang='grc' dir='ltr'>(ιυεε</span> <span class='ocrx_word' id='word_1_455' title='bbox 1388 1665 1530 1700; x_wconf 69' lang='grc' dir='ltr'>ἀθῖηοθρδι</span> <span class='ocrx_word' id='word_1_456' title='bbox 1547 1664 1620 1692; x_wconf 67' lang='lat' dir='ltr'><strong>Deus</strong></span> <span class='ocrx_word' id='word_1_457' title='bbox 1639 1663 1724 1696; x_wconf 68' lang='lat' dir='ltr'><strong>enim:</strong></span> <span class='ocrx_word' id='word_1_458' title='bbox 1739 1670 1831 1698; x_wconf 62' lang='grc' dir='ltr'>(μηθ’</span> 
     </span>
    </p>
   </div>
   <div class='ocr_carea' id='block_1_65' title="bbox 188 1711 989 1757">
    <p class='ocr_par' dir='ltr' id='par_1_65' title="bbox 188 1711 989 1757">
     <span class='ocr_line' id='line_1_65' title="bbox 188 1711 989 1757; baseline 0.012 -19"><span class='ocrx_word' id='word_1_459' title='bbox 188 1711 260 1745; x_wconf 82' lang='grc' dir='ltr'>τοὺς</span> <span class='ocrx_word' id='word_1_460' title='bbox 274 1713 445 1747; x_wconf 81' lang='grc' dir='ltr'>ταπεινοὺς,</span> <span class='ocrx_word' id='word_1_461' title='bbox 460 1715 530 1742; x_wconf 78' lang='grc' dir='ltr'>ἀλλὰ</span> <span class='ocrx_word' id='word_1_462' title='bbox 550 1718 598 1742; x_wconf 71' lang='grc' dir='ltr'><strong>καὶ</strong></span> <span class='ocrx_word' id='word_1_463' title='bbox 619 1717 711 1757; x_wconf 77' lang='grc' dir='ltr'>δίδωσι</span> <span class='ocrx_word' id='word_1_464' title='bbox 726 1718 807 1754; x_wconf 80' lang='grc' dir='ltr'>χάριν</span> <span class='ocrx_word' id='word_1_465' title='bbox 832 1720 936 1753; x_wconf 80' lang='grc' dir='ltr'>αὐτοῖς,</span> <span class='ocrx_word' id='word_1_466' title='bbox 948 1722 989 1753; x_wconf 69' lang='grc' dir='ltr'>εἰς</span> 
     </span>
    </p>
   </div>
   <div class='ocr_carea' id='block_1_66' title="bbox 189 1757 988 1800">
    <p class='ocr_par' dir='ltr' id='par_1_66' title="bbox 189 1757 988 1800">
     <span class='ocr_line' id='line_1_66' title="bbox 189 1757 988 1800; baseline 0.011 -17"><span class='ocrx_word' id='word_1_467' title='bbox 189 1757 266 1793; x_wconf 66' lang='grc' dir='ltr'>ὕψος.</span> <span class='ocrx_word' id='word_1_468' title='bbox 281 1759 408 1794; x_wconf 79' lang='grc' dir='ltr'>ὲγεὶρων,</span> <span class='ocrx_word' id='word_1_469' title='bbox 425 1761 440 1787; x_wconf 87' lang='grc' dir='ltr'>ὁ</span> <span class='ocrx_word' id='word_1_470' title='bbox 458 1762 515 1792; x_wconf 88' lang='grc' dir='ltr'>τοῖς</span> <span class='ocrx_word' id='word_1_471' title='bbox 536 1761 725 1798; x_wconf 85' lang='grc' dir='ltr'>ὑπερηφάνοις</span> <span class='ocrx_word' id='word_1_472' title='bbox 747 1764 988 1800; x_wconf 76' lang='grc' dir='ltr'>ἀντιτασσόμενος,</span> 
     </span>
    </p>
   </div>
   <div class='ocr_carea' id='block_1_67' title="bbox 189 1803 990 1845">
    <p class='ocr_par' dir='ltr' id='par_1_67' title="bbox 189 1803 990 1845">
     <span class='ocr_line' id='line_1_67' title="bbox 189 1803 990 1845; baseline 0.011 -16"><span class='ocrx_word' id='word_1_473' title='bbox 189 1803 260 1830; x_wconf 77' lang='grc' dir='ltr'>κατὰ</span> <span class='ocrx_word' id='word_1_474' title='bbox 283 1803 331 1830; x_wconf 75' lang='grc' dir='ltr'>τὸο</span> <span class='ocrx_word' id='word_1_475' title='bbox 350 1804 401 1831; x_wconf 76' lang='grc' dir='ltr'><strong>«Ὀ</strong></span> <span class='ocrx_word' id='word_1_476' title='bbox 422 1806 559 1834; x_wconf 86' lang='grc' dir='ltr'>ταπεινῶν</span> <span class='ocrx_word' id='word_1_477' title='bbox 582 1803 690 1840; x_wconf 74' lang='grc' dir='ltr'>ἑαυτὸν,</span> <span class='ocrx_word' id='word_1_478' title='bbox 702 1808 888 1845; x_wconf 75' lang='grc' dir='ltr'>ὑψωθήσεται,</span> <span class='ocrx_word' id='word_1_479' title='bbox 904 1820 913 1836; x_wconf 77' lang='grc' dir='ltr'><strong>ι</strong></span> <span class='ocrx_word' id='word_1_480' title='bbox 943 1813 990 1838; x_wconf 75' lang='grc' dir='ltr'><strong>καὶ</strong></span> 
     </span>
    </p>
   </div>
   <div class='ocr_carea' id='block_1_68' title="bbox 190 1848 988 1895">
    <p class='ocr_par' dir='ltr' id='par_1_68' title="bbox 190 1848 988 1895">
     <span class='ocr_line' id='line_1_68' title="bbox 190 1848 988 1895; baseline 0.013 -20"><span class='ocrx_word' id='word_1_481' title='bbox 190 1848 309 1883; x_wconf 63' lang='grc' dir='ltr'>ὑψωθεὶς</span> <span class='ocrx_word' id='word_1_482' title='bbox 333 1850 491 1879; x_wconf 76' lang='grc' dir='ltr'>ἐνοικοῦντα</span> <span class='ocrx_word' id='word_1_483' title='bbox 518 1852 653 1888; x_wconf 75' lang='grc' dir='ltr'>λαμϐάνει</span> <span class='ocrx_word' id='word_1_484' title='bbox 676 1854 754 1882; x_wconf 86' lang='grc' dir='ltr'>Θεόν.</span> <span class='ocrx_word' id='word_1_485' title='bbox 773 1856 824 1884; x_wconf 88' lang='grc' dir='ltr'>Διά</span> <span class='ocrx_word' id='word_1_486' title='bbox 838 1856 920 1884; x_wconf 80' lang='grc' dir='ltr'>τοῦτο</span> <span class='ocrx_word' id='word_1_487' title='bbox 934 1859 988 1895; x_wconf 85' lang='grc' dir='ltr'>γὰρ</span> 
     </span>
    </p>
   </div>
   <div class='ocr_carea' id='block_1_69' title="bbox 190 1895 983 1939">
    <p class='ocr_par' dir='ltr' id='par_1_69' title="bbox 190 1895 983 1939">
     <span class='ocr_line' id='line_1_69' title="bbox 190 1895 983 1939; baseline 0.015 -19"><span class='ocrx_word' id='word_1_488' title='bbox 190 1895 236 1921; x_wconf 83' lang='grc' dir='ltr'><strong>καὶ</strong></span> <span class='ocrx_word' id='word_1_489' title='bbox 256 1895 303 1922; x_wconf 77' lang='grc' dir='ltr'>νῦν</span> <span class='ocrx_word' id='word_1_490' title='bbox 324 1896 416 1929; x_wconf 79' lang='grc' dir='ltr'>αὐτοῖς</span> <span class='ocrx_word' id='word_1_491' title='bbox 441 1897 607 1933; x_wconf 80' lang='grc' dir='ltr'>διαλέγεται,</span> <span class='ocrx_word' id='word_1_492' title='bbox 632 1900 671 1933; x_wconf 86' lang='grc' dir='ltr'>ὡς</span> <span class='ocrx_word' id='word_1_493' title='bbox 695 1901 729 1928; x_wconf 83' lang='grc' dir='ltr'><strong>ἃν</strong></span> <span class='ocrx_word' id='word_1_494' title='bbox 749 1903 871 1939; x_wconf 75' lang='grc' dir='ltr'><strong>ὑψώσῃ,</strong></span> <span class='ocrx_word' id='word_1_495' title='bbox 888 1905 936 1932; x_wconf 81' lang='grc' dir='ltr'><strong>καὶ</strong></span> <span class='ocrx_word' id='word_1_496' title='bbox 954 1905 983 1932; x_wconf 82' lang='grc' dir='ltr'>ὲν</span> 
     </span>
    </p>
   </div>
   <div class='ocr_carea' id='block_1_70' title="bbox 189 1940 990 1981">
    <p class='ocr_par' dir='ltr' id='par_1_70' title="bbox 189 1940 990 1981">
     <span class='ocr_line' id='line_1_70' title="bbox 189 1940 990 1981; baseline 0.015 -15"><span class='ocrx_word' id='word_1_497' title='bbox 189 1940 278 1974; x_wconf 77' lang='grc' dir='ltr'>ἁγίοις</span> <span class='ocrx_word' id='word_1_498' title='bbox 295 1943 435 1976; x_wconf 85' lang='grc' dir='ltr'>γεγονόσιν</span> <span class='ocrx_word' id='word_1_499' title='bbox 449 1944 689 1981; x_wconf 78' lang='grc' dir='ltr'>ἐπαναπαύηται.</span> <span class='ocrx_word' id='word_1_500' title='bbox 705 1947 741 1975; x_wconf 87' lang='grc' dir='ltr'><strong>Οὐ</strong></span> <span class='ocrx_word' id='word_1_501' title='bbox 757 1949 871 1977; x_wconf 79' lang='grc' dir='ltr'>τοπικδν</span> <span class='ocrx_word' id='word_1_502' title='bbox 884 1948 930 1977; x_wconf 86' lang='grc' dir='ltr'><strong>οὖν</strong></span> <span class='ocrx_word' id='word_1_503' title='bbox 944 1951 990 1978; x_wconf 72' lang='grc' dir='ltr'><strong>ἐπὶ</strong></span> 
     </span>
    </p>
   </div>
   <div class='ocr_carea' id='block_1_71' title="bbox 190 1987 989 2030">
    <p class='ocr_par' dir='ltr' id='par_1_71' title="bbox 190 1987 989 2030">
     <span class='ocr_line' id='line_1_71' title="bbox 190 1987 989 2030; baseline 0.015 -17"><span class='ocrx_word' id='word_1_504' title='bbox 190 1987 268 2019; x_wconf 84' lang='grc' dir='ltr'>Θεοῦ,</span> <span class='ocrx_word' id='word_1_505' title='bbox 287 1989 411 2024; x_wconf 81' lang='grc' dir='ltr'>σχετικὸν</span> <span class='ocrx_word' id='word_1_506' title='bbox 427 1990 456 2017; x_wconf 77' lang='grc' dir='ltr'>δὲ</span> <span class='ocrx_word' id='word_1_507' title='bbox 472 1991 505 2018; x_wconf 83' lang='grc' dir='ltr'>τὸ</span> <span class='ocrx_word' id='word_1_508' title='bbox 522 1991 604 2026; x_wconf 72' lang='grc' dir='ltr'>ὕψος</span> <span class='ocrx_word' id='word_1_509' title='bbox 615 2013 622 2025; x_wconf 83' lang='grc'><strong>,</strong></span> <span class='ocrx_word' id='word_1_510' title='bbox 638 1993 673 2020; x_wconf 85' lang='grc' dir='ltr'>δι’</span> <span class='ocrx_word' id='word_1_511' title='bbox 689 1991 722 2030; x_wconf 81' lang='grc' dir='ltr'>ἦς</span> <span class='ocrx_word' id='word_1_512' title='bbox 735 1993 743 2014; x_wconf 73' lang='grc' dir='ltr'>ι</span> <span class='ocrx_word' id='word_1_513' title='bbox 765 1996 823 2027; x_wconf 87' lang='grc' dir='ltr'>τοῖς</span> <span class='ocrx_word' id='word_1_514' title='bbox 839 1996 926 2029; x_wconf 73' lang='grc' dir='ltr'>ἀξίοις</span> <span class='ocrx_word' id='word_1_515' title='bbox 940 1998 989 2025; x_wconf 75' lang='grc' dir='ltr'>καὶ</span> 
     </span>
    </p>
   </div>
   <div class='ocr_carea' id='block_1_72' title="bbox 190 2033 989 2077">
    <p class='ocr_par' dir='ltr' id='par_1_72' title="bbox 190 2033 989 2077">
     <span class='ocr_line' id='line_1_72' title="bbox 190 2033 989 2077; baseline 0.011 -16"><span class='ocrx_word' id='word_1_516' title='bbox 190 2033 291 2070; x_wconf 72' lang='grc' dir='ltr'><strong>αὺτῷηι</strong></span> <span class='ocrx_word' id='word_1_517' title='bbox 317 2035 462 2071; x_wconf 81' lang='grc' dir='ltr'>πάρεστιν.</span> <span class='ocrx_word' id='word_1_518' title='bbox 485 2036 595 2070; x_wconf 87' lang='grc' dir='ltr'>Ὀποῖος</span> <span class='ocrx_word' id='word_1_519' title='bbox 620 2039 668 2066; x_wconf 80' lang='grc' dir='ltr'><strong>καὶ</strong></span> <span class='ocrx_word' id='word_1_520' title='bbox 692 2040 707 2065; x_wconf 84' lang='grc' dir='ltr'><strong><em>ὁ</em></strong></span> <span class='ocrx_word' id='word_1_521' title='bbox 730 2042 922 2077; x_wconf 80' lang='grc' dir='ltr'>ταπεινόφρων</span> <span class='ocrx_word' id='word_1_522' title='bbox 941 2043 989 2070; x_wconf 69' lang='grc' dir='ltr'><strong>ἐπὶ</strong></span> 
     </span>
    </p>
   </div>
   <div class='ocr_carea' id='block_1_73' title="bbox 190 2081 481 2118">
    <p class='ocr_par' dir='ltr' id='par_1_73' title="bbox 190 2081 481 2118">
     <span class='ocr_line' id='line_1_73' title="bbox 190 2081 481 2118; baseline 0.014 -12"><span class='ocrx_word' id='word_1_523' title='bbox 190 2081 248 2112; x_wconf 84' lang='grc' dir='ltr'>τοῖς</span> <span class='ocrx_word' id='word_1_524' title='bbox 263 2081 481 2118; x_wconf 85' lang='grc' dir='ltr'>ἡμαρτημένοις.</span> 
     </span>
    </p>
   </div>
   <div class='ocr_carea' id='block_1_74' title="bbox 225 2214 987 2254">
    <p class='ocr_par' dir='ltr' id='par_1_74' title="bbox 225 2214 987 2254">
     <span class='ocr_line' id='line_1_74' title="bbox 225 2214 987 2254; baseline 0.009 -14"><span class='ocrx_word' id='word_1_525' title='bbox 225 2214 257 2241; x_wconf 83' lang='grc' dir='ltr'><strong>Εἰ</strong></span> <span class='ocrx_word' id='word_1_526' title='bbox 273 2214 301 2240; x_wconf 83' lang='grc' dir='ltr'>δὲ</span> <span class='ocrx_word' id='word_1_527' title='bbox 317 2214 364 2241; x_wconf 80' lang='grc' dir='ltr'><strong>καὶ</strong></span> <span class='ocrx_word' id='word_1_528' title='bbox 375 2214 514 2250; x_wconf 77' lang='grc' dir='ltr'>ἂνθρωποι</span> <span class='ocrx_word' id='word_1_529' title='bbox 531 2216 607 2248; x_wconf 72' lang='grc' dir='ltr'>ὄντες</span> <span class='ocrx_word' id='word_1_530' title='bbox 626 2217 762 2245; x_wconf 79' lang='grc' dir='ltr'>Θλίὸονται</span> <span class='ocrx_word' id='word_1_531' title='bbox 784 2219 819 2246; x_wconf 80' lang='grc' dir='ltr'>δι’</span> <span class='ocrx_word' id='word_1_532' title='bbox 831 2220 987 2254; x_wconf 77' lang='grc' dir='ltr'>εὖσέΰειαν,</span> 
     </span>
    </p>
   </div>
   <div class='ocr_carea' id='block_1_75' title="bbox 191 2255 988 2304">
    <p class='ocr_par' dir='ltr' id='par_1_75' title="bbox 191 2255 988 2304">
     <span class='ocr_line' id='line_1_75' title="bbox 191 2255 988 2304; baseline 0.01 -18"><span class='ocrx_word' id='word_1_533' title='bbox 191 2260 377 2295; x_wconf 76' lang='grc' dir='ltr'>καρτερικοὺς</span> <span class='ocrx_word' id='word_1_534' title='bbox 391 2261 492 2293; x_wconf 79' lang='grc' dir='ltr'>αὐτοὺς</span> <span class='ocrx_word' id='word_1_535' title='bbox 508 2255 697 2298; x_wconf 77' lang='grc' dir='ltr'>ἀπεργάζεται</span> <span class='ocrx_word' id='word_1_536' title='bbox 713 2265 915 2301; x_wconf 78' lang='grc' dir='ltr'>(μακρόθυμος</span> <span class='ocrx_word' id='word_1_537' title='bbox 933 2267 988 2304; x_wconf 84' lang='grc' dir='ltr'>γὰρ</span> 
     </span>
    </p>
   </div>
   <div class='ocr_carea' id='block_1_76' title="bbox 191 2304 986 2348">
    <p class='ocr_par' dir='ltr' id='par_1_76' title="bbox 191 2304 986 2348">
     <span class='ocr_line' id='line_1_76' title="bbox 191 2304 986 2348; baseline 0.013 -18"><span class='ocrx_word' id='word_1_538' title='bbox 191 2304 238 2337; x_wconf 80' lang='grc' dir='ltr'>ὢν,</span> <span class='ocrx_word' id='word_1_539' title='bbox 261 2306 472 2341; x_wconf 80' lang='grc' dir='ltr'>μιικροθύμους</span> <span class='ocrx_word' id='word_1_540' title='bbox 489 2309 584 2344; x_wconf 84' lang='grc' dir='ltr'>ποιεῖ)·</span> <span class='ocrx_word' id='word_1_541' title='bbox 604 2309 673 2336; x_wconf 77' lang='grc' dir='ltr'><strong>ἀλλά</strong></span> <span class='ocrx_word' id='word_1_542' title='bbox 686 2311 733 2337; x_wconf 77' lang='grc' dir='ltr'>καὶ</span> <span class='ocrx_word' id='word_1_543' title='bbox 758 2310 831 2346; x_wconf 82' lang='grc' dir='ltr'>ζωῆς</span> <span class='ocrx_word' id='word_1_544' title='bbox 854 2312 986 2348; x_wconf 78' lang='grc' dir='ltr'>ὑπάρχων</span> 
     </span>
    </p>
   </div>
   <div class='ocr_carea' id='block_1_77' title="bbox 190 2351 985 2394">
    <p class='ocr_par' dir='ltr' id='par_1_77' title="bbox 190 2351 985 2394">
     <span class='ocr_line' id='line_1_77' title="bbox 190 2351 985 2394; baseline 0.011 -18"><span class='ocrx_word' id='word_1_545' title='bbox 190 2351 278 2387; x_wconf 81' lang='grc' dir='ltr'>πηγὴ,</span> <span class='ocrx_word' id='word_1_546' title='bbox 297 2351 373 2386; x_wconf 81' lang='grc' dir='ltr'>ζωὴν</span> <span class='ocrx_word' id='word_1_547' title='bbox 387 2351 496 2380; x_wconf 79' lang='grc' dir='ltr'>αἰώνιον</span> <span class='ocrx_word' id='word_1_548' title='bbox 509 2354 629 2388; x_wconf 81' lang='grc' dir='ltr'>δίδωσιν,</span> <span class='ocrx_word' id='word_1_549' title='bbox 642 2357 656 2382; x_wconf 85' lang='grc' dir='ltr'><strong><em>ὁ</em></strong></span> <span class='ocrx_word' id='word_1_550' title='bbox 671 2356 799 2390; x_wconf 76' lang='grc' dir='ltr'>καρδίαν</span> <span class='ocrx_word' id='word_1_551' title='bbox 808 2365 985 2394; x_wconf 76' lang='grc' dir='ltr'>συντετριμ-</span> 
     </span>
    </p>
   </div>
   <div class='ocr_carea' id='block_1_78' title="bbox 188 2397 989 2438">
    <p class='ocr_par' dir='ltr' id='par_1_78' title="bbox 188 2397 989 2438">
     <span class='ocr_line' id='line_1_78' title="bbox 188 2397 989 2438; baseline 0.009 -13"><span class='ocrx_word' id='word_1_552' title='bbox 188 2397 286 2433; x_wconf 76' lang='grc' dir='ltr'>μένην</span> <span class='ocrx_word' id='word_1_553' title='bbox 308 2399 356 2426; x_wconf 76' lang='grc' dir='ltr'><strong>καὶ</strong></span> <span class='ocrx_word' id='word_1_554' title='bbox 372 2401 616 2438; x_wconf 82' lang='grc' dir='ltr'>τεταπεινωμένην</span> <span class='ocrx_word' id='word_1_555' title='bbox 635 2403 686 2430; x_wconf 79' lang='grc' dir='ltr'><strong>οὐκ</strong></span> <span class='ocrx_word' id='word_1_556' title='bbox 698 2403 859 2435; x_wconf 84' lang='grc' dir='ltr'>ὲξουδενῶν.</span> <span class='ocrx_word' id='word_1_557' title='bbox 878 2403 926 2437; x_wconf 85' lang='grc' dir='ltr'>Ὃς</span> <span class='ocrx_word' id='word_1_558' title='bbox 941 2404 989 2432; x_wconf 83' lang='grc' dir='ltr'>και</span> 
     </span>
    </p>
   </div>
   <div class='ocr_carea' id='block_1_79' title="bbox 191 2445 988 2486">
    <p class='ocr_par' dir='ltr' id='par_1_79' title="bbox 191 2445 988 2486">
     <span class='ocr_line' id='line_1_79' title="bbox 191 2445 988 2486; baseline 0.011 -17"><span class='ocrx_word' id='word_1_559' title='bbox 191 2453 258 2479; x_wconf 80' lang='grc' dir='ltr'>φησι</span> <span class='ocrx_word' id='word_1_560' title='bbox 273 2445 343 2480; x_wconf 68' lang='grc' dir='ltr'>πρὸς</span> <span class='ocrx_word' id='word_1_561' title='bbox 354 2446 464 2479; x_wconf 81' lang='grc' dir='ltr'>αὐτοὺς,</span> <span class='ocrx_word' id='word_1_562' title='bbox 482 2446 519 2479; x_wconf 83' lang='grc' dir='ltr'>ὡς</span> <span class='ocrx_word' id='word_1_563' title='bbox 536 2448 573 2474; x_wconf 81' lang='grc' dir='ltr'><strong>Οὐ</strong></span> <span class='ocrx_word' id='word_1_564' title='bbox 585 2448 694 2475; x_wconf 84' lang='grc' dir='ltr'>πάντων</span> <span class='ocrx_word' id='word_1_565' title='bbox 709 2449 764 2476; x_wconf 84' lang='grc' dir='ltr'>τῶν</span> <span class='ocrx_word' id='word_1_566' title='bbox 780 2449 818 2481; x_wconf 81' lang='grc' dir='ltr'>ὡς</span> <span class='ocrx_word' id='word_1_567' title='bbox 832 2450 988 2486; x_wconf 84' lang='grc' dir='ltr'>ἀνθρώποις</span> 
     </span>
    </p>
   </div>
   <div class='ocr_carea' id='block_1_80' title="bbox 192 2491 987 2530">
    <p class='ocr_par' dir='ltr' id='par_1_80' title="bbox 192 2491 987 2530">
     <span class='ocr_line' id='line_1_80' title="bbox 192 2491 987 2530; baseline 0.01 -15"><span class='ocrx_word' id='word_1_568' title='bbox 192 2491 400 2526; x_wconf 76' lang='grc' dir='ltr'>ἡμαρτημένων</span> <span class='ocrx_word' id='word_1_569' title='bbox 409 2491 532 2527; x_wconf 72' lang='grc' dir='ltr'>λήψομαι</span> <span class='ocrx_word' id='word_1_570' title='bbox 547 2493 627 2529; x_wconf 83' lang='grc' dir='ltr'>δίκην</span> <span class='ocrx_word' id='word_1_571' title='bbox 637 2501 644 2510; x_wconf 76' lang='grc'><strong><em>⁸</em></strong></span> <span class='ocrx_word' id='word_1_572' title='bbox 663 2494 768 2530; x_wconf 81' lang='grc' dir='ltr'>βραχέα</span> <span class='ocrx_word' id='word_1_573' title='bbox 781 2495 810 2523; x_wconf 83' lang='grc' dir='ltr'>δὲ</span> <span class='ocrx_word' id='word_1_574' title='bbox 825 2496 987 2530; x_wconf 80' lang='grc' dir='ltr'>παιδεύσας,</span> 
     </span>
    </p>
   </div>
   <div class='ocr_carea' id='block_1_81' title="bbox 190 2536 984 2576">
    <p class='ocr_par' dir='ltr' id='par_1_81' title="bbox 190 2536 984 2576">
     <span class='ocr_line' id='line_1_81' title="bbox 190 2536 984 2576; baseline 0.009 -14"><span class='ocrx_word' id='word_1_575' title='bbox 190 2536 237 2562; x_wconf 79' lang='grc' dir='ltr'>καὶ</span> <span class='ocrx_word' id='word_1_576' title='bbox 260 2538 509 2573; x_wconf 80' lang='grc' dir='ltr'>συγκακουχεῖσοαι</span> <span class='ocrx_word' id='word_1_577' title='bbox 531 2540 592 2572; x_wconf 85' lang='grc' dir='ltr'>ταῖς</span> <span class='ocrx_word' id='word_1_578' title='bbox 618 2540 767 2576; x_wconf 78' lang='grc' dir='ltr'>ἁμαρτίαις</span> <span class='ocrx_word' id='word_1_579' title='bbox 792 2541 914 2576; x_wconf 84' lang='grc' dir='ltr'>παριδὼν</span> <span class='ocrx_word' id='word_1_580' title='bbox 936 2542 984 2570; x_wconf 83' lang='grc' dir='ltr'>τοῦ</span> 
     </span>
    </p>
   </div>
   <div class='ocr_carea' id='block_1_82' title="bbox 189 2581 982 2622">
    <p class='ocr_par' dir='ltr' id='par_1_82' title="bbox 189 2581 982 2622">
     <span class='ocr_line' id='line_1_82' title="bbox 189 2581 982 2622; baseline 0.008 -15"><span class='ocrx_word' id='word_1_581' title='bbox 189 2581 267 2614; x_wconf 77' lang='grc' dir='ltr'>λαοῦ,</span> <span class='ocrx_word' id='word_1_582' title='bbox 284 2583 348 2614; x_wconf 76' lang='grc' dir='ltr'>τοὺς</span> <span class='ocrx_word' id='word_1_583' title='bbox 365 2583 425 2618; x_wconf 80' lang='grc' dir='ltr'>μὲν,</span> <span class='ocrx_word' id='word_1_584' title='bbox 439 2585 476 2616; x_wconf 84' lang='grc' dir='ltr'>ὡς</span> <span class='ocrx_word' id='word_1_585' title='bbox 487 2585 595 2619; x_wconf 81' lang='grc' dir='ltr'>ἀληθῶς</span> <span class='ocrx_word' id='word_1_586' title='bbox 610 2586 729 2618; x_wconf 76' lang='grc' dir='ltr'>ἀσεϐεῖς,</span> <span class='ocrx_word' id='word_1_587' title='bbox 741 2586 779 2621; x_wconf 87' lang='grc' dir='ltr'>μὴ</span> <span class='ocrx_word' id='word_1_588' title='bbox 797 2588 982 2622; x_wconf 84' lang='grc' dir='ltr'>μετανοήσαν-</span> 
     </span>
    </p>
   </div>
   <div class='ocr_carea' id='block_1_83' title="bbox 189 2627 983 2667">
    <p class='ocr_par' dir='ltr' id='par_1_83' title="bbox 189 2627 983 2667">
     <span class='ocr_line' id='line_1_83' title="bbox 189 2627 983 2667; baseline 0.009 -15"><span class='ocrx_word' id='word_1_589' title='bbox 189 2636 239 2658; x_wconf 81' lang='grc' dir='ltr'><strong>τας</strong></span> <span class='ocrx_word' id='word_1_590' title='bbox 256 2627 359 2663; x_wconf 70' lang='grc' dir='ltr'>αἰωνίῳ</span> <span class='ocrx_word' id='word_1_591' title='bbox 376 2629 533 2664; x_wconf 82' lang='grc' dir='ltr'>παραδώσω</span> <span class='ocrx_word' id='word_1_592' title='bbox 547 2630 658 2657; x_wconf 78' lang='grc' dir='ltr'>κολάσει</span> <span class='ocrx_word' id='word_1_593' title='bbox 669 2640 675 2646; x_wconf 90' lang='grc'>·</span> <span class='ocrx_word' id='word_1_594' title='bbox 699 2631 764 2666; x_wconf 82' lang='grc' dir='ltr'>ὑμῖν</span> <span class='ocrx_word' id='word_1_595' title='bbox 781 2631 810 2658; x_wconf 85' lang='grc' dir='ltr'>δὲ</span> <span class='ocrx_word' id='word_1_596' title='bbox 823 2632 873 2666; x_wconf 82' lang='grc' dir='ltr'>τὴν</span> <span class='ocrx_word' id='word_1_597' title='bbox 888 2632 983 2667; x_wconf 79' lang='grc' dir='ltr'>ὀργὴν</span> 
     </span>
    </p>
   </div>
   <div class='ocr_carea' id='block_1_84' title="bbox 191 2673 984 2713">
    <p class='ocr_par' dir='ltr' id='par_1_84' title="bbox 191 2673 984 2713">
     <span class='ocr_line' id='line_1_84' title="bbox 191 2673 984 2713; baseline 0.009 -14"><span class='ocrx_word' id='word_1_598' title='bbox 191 2673 348 2701; x_wconf 80' lang='grc' dir='ltr'>ὑπεκλύσω.</span> <span class='ocrx_word' id='word_1_599' title='bbox 362 2674 447 2702; x_wconf 80' lang='grc' dir='ltr'>Μέλει</span> <span class='ocrx_word' id='word_1_600' title='bbox 465 2676 520 2712; x_wconf 85' lang='grc' dir='ltr'>γὰρ</span> <span class='ocrx_word' id='word_1_601' title='bbox 542 2676 581 2709; x_wconf 82' lang='grc' dir='ltr'>ὡς</span> <span class='ocrx_word' id='word_1_602' title='bbox 603 2677 770 2713; x_wconf 85' lang='grc' dir='ltr'>Δημιουργῷ</span> <span class='ocrx_word' id='word_1_603' title='bbox 793 2677 841 2705; x_wconf 82' lang='grc' dir='ltr'><strong>τοῦ</strong></span> <span class='ocrx_word' id='word_1_604' title='bbox 861 2677 984 2712; x_wconf 84' lang='grc' dir='ltr'>δοθέντος</span> 
     </span>
    </p>
   </div>
   <div class='ocr_carea' id='block_1_85' title="bbox 227 2768 745 2801">
    <p class='ocr_par' dir='ltr' id='par_1_85' title="bbox 227 2768 745 2801">
     <span class='ocr_line' id='line_1_85' title="bbox 227 2768 745 2801; baseline 0 -6"><span class='ocrx_word' id='word_1_605' title='bbox 227 2768 251 2785; x_wconf 77' lang='grc'><strong>’⁶</strong></span> <span class='ocrx_word' id='word_1_606' title='bbox 269 2768 321 2796; x_wconf 85' lang='lat' dir='ltr'><strong>Isa.</strong></span> <span class='ocrx_word' id='word_1_607' title='bbox 338 2775 392 2800; x_wconf 81' lang='lat' dir='ltr'><strong>Lvt,</strong></span> <span class='ocrx_word' id='word_1_608' title='bbox 410 2768 453 2796; x_wconf 79' lang='grc'><strong>10.</strong></span> <span class='ocrx_word' id='word_1_609' title='bbox 493 2769 525 2785; x_wconf 70' lang='grc'><strong><em>⁸⁵⁸</em></strong></span> <span class='ocrx_word' id='word_1_610' title='bbox 541 2768 623 2797; x_wconf 84' lang='lat' dir='ltr'><strong>Hebr.</strong></span> <span class='ocrx_word' id='word_1_611' title='bbox 641 2777 682 2801; x_wconf 71' lang='grc' dir='ltr'>ιι,</span> <span class='ocrx_word' id='word_1_612' title='bbox 699 2769 745 2796; x_wconf 80' lang='grc'><strong>57.</strong></span> 
     </span>
    </p>
   </div>
   <div class='ocr_carea' id='block_1_86' title="bbox 1041 1709 1835 1747">
    <p class='ocr_par' dir='ltr' id='par_1_86' title="bbox 1041 1709 1835 1747">
     <span class='ocr_line' id='line_1_86' title="bbox 1041 1709 1835 1747; baseline -0.004 -8"><span class='ocrx_word' id='word_1_613' title='bbox 1041 1711 1142 1740; x_wconf 80' lang='lat' dir='ltr'><strong>tumvis</strong></span> <span class='ocrx_word' id='word_1_614' title='bbox 1157 1712 1281 1738; x_wconf 85' lang='lat' dir='ltr'><strong>omnium</strong></span> <span class='ocrx_word' id='word_1_615' title='bbox 1298 1718 1456 1747; x_wconf 90' lang='lat' dir='ltr'><strong>supremus,</strong></span> <span class='ocrx_word' id='word_1_616' title='bbox 1473 1718 1528 1738; x_wconf 90' lang='lat' dir='ltr'><strong>non</strong></span> <span class='ocrx_word' id='word_1_617' title='bbox 1555 1710 1669 1737; x_wconf 77' lang='lat' dir='ltr'><strong>humiles</strong></span> <span class='ocrx_word' id='word_1_618' title='bbox 1681 1714 1773 1737; x_wconf 77' lang='lat' dir='ltr'><strong>tamen</strong></span> <span class='ocrx_word' id='word_1_619' title='bbox 1788 1709 1835 1736; x_wconf 86' lang='lat' dir='ltr'><strong>de-</strong></span> 
     </span>
    </p>
   </div>
   <div class='ocr_carea' id='block_1_87' title="bbox 1041 1755 1833 1794">
    <p class='ocr_par' dir='ltr' id='par_1_87' title="bbox 1041 1755 1833 1794">
     <span class='ocr_line' id='line_1_87' title="bbox 1041 1755 1833 1794; baseline -0.005 -8"><span class='ocrx_word' id='word_1_620' title='bbox 1041 1758 1145 1794; x_wconf 80' lang='lat' dir='ltr'><strong>spicit;</strong></span> <span class='ocrx_word' id='word_1_621' title='bbox 1160 1758 1209 1786; x_wconf 85' lang='lat' dir='ltr'><strong>sed</strong></span> <span class='ocrx_word' id='word_1_622' title='bbox 1224 1758 1313 1794; x_wconf 77' lang='lat' dir='ltr'><strong>gratia</strong></span> <span class='ocrx_word' id='word_1_623' title='bbox 1327 1758 1483 1785; x_wconf 78' lang='lat' dir='ltr'><strong>cumulatas</strong></span> <span class='ocrx_word' id='word_1_624' title='bbox 1506 1757 1533 1784; x_wconf 92' lang='lat' dir='ltr'><strong>in</strong></span> <span class='ocrx_word' id='word_1_625' title='bbox 1560 1757 1645 1784; x_wconf 86' lang='lat' dir='ltr'><strong>altum</strong></span> <span class='ocrx_word' id='word_1_626' title='bbox 1669 1755 1772 1788; x_wconf 85' lang='lat' dir='ltr'><strong>evehit,</strong></span> <span class='ocrx_word' id='word_1_627' title='bbox 1784 1763 1833 1784; x_wconf 83' lang='lat' dir='ltr'><strong>su-</strong></span> 
     </span>
    </p>
   </div>
   <div class='ocr_carea' id='block_1_88' title="bbox 1040 1800 1832 1841">
    <p class='ocr_par' dir='ltr' id='par_1_88' title="bbox 1040 1800 1832 1841">
     <span class='ocr_line' id='line_1_88' title="bbox 1040 1800 1832 1841; baseline -0.005 -8"><span class='ocrx_word' id='word_1_628' title='bbox 1040 1800 1189 1841; x_wconf 71' lang='lat' dir='ltr'><strong>perbisque</strong></span> <span class='ocrx_word' id='word_1_629' title='bbox 1206 1804 1312 1832; x_wconf 89' lang='lat' dir='ltr'><strong>resistit</strong></span> <span class='ocrx_word' id='word_1_630' title='bbox 1327 1805 1367 1836; x_wconf 72' lang='lat'><strong>’7;</strong></span> <span class='ocrx_word' id='word_1_631' title='bbox 1382 1804 1463 1839; x_wconf 68' lang='lat' dir='ltr'><strong>juxta</strong></span> <span class='ocrx_word' id='word_1_632' title='bbox 1483 1803 1551 1831; x_wconf 93' lang='lat' dir='ltr'><strong>illud</strong></span> <span class='ocrx_word' id='word_1_633' title='bbox 1567 1812 1574 1831; x_wconf 73' lang='grc' dir='ltr'>ε</span> <span class='ocrx_word' id='word_1_634' title='bbox 1593 1812 1602 1829; x_wconf 76' lang='grc' dir='ltr'><strong>ι</strong></span> <span class='ocrx_word' id='word_1_635' title='bbox 1627 1803 1678 1836; x_wconf 84' lang='lat' dir='ltr'><strong>Qui</strong></span> <span class='ocrx_word' id='word_1_636' title='bbox 1695 1810 1725 1831; x_wconf 91' lang='lat' dir='ltr'><strong>se</strong></span> <span class='ocrx_word' id='word_1_637' title='bbox 1742 1802 1832 1830; x_wconf 84' lang='lat' dir='ltr'><strong>humi-</strong></span> 
     </span>
    </p>
   </div>
   <div class='ocr_carea' id='block_1_89' title="bbox 1040 1848 1832 1885">
    <p class='ocr_par' dir='ltr' id='par_1_89' title="bbox 1040 1848 1832 1885">
     <span class='ocr_line' id='line_1_89' title="bbox 1040 1848 1832 1885; baseline -0.006 -5"><span class='ocrx_word' id='word_1_638' title='bbox 1040 1852 1100 1885; x_wconf 88' lang='lat' dir='ltr'><strong>liat,</strong></span> <span class='ocrx_word' id='word_1_639' title='bbox 1110 1851 1279 1880; x_wconf 80' lang='lat' dir='ltr'><strong>exaltabitur</strong></span> <span class='ocrx_word' id='word_1_640' title='bbox 1288 1851 1322 1884; x_wconf 80' lang='grc'><strong>³⁵,</strong></span> <span class='ocrx_word' id='word_1_641' title='bbox 1338 1860 1347 1877; x_wconf 74' lang='grc' dir='ltr'><strong><em>ι</em></strong></span> <span class='ocrx_word' id='word_1_642' title='bbox 1362 1855 1389 1878; x_wconf 88' lang='lat' dir='ltr'><strong>et</strong></span> <span class='ocrx_word' id='word_1_643' title='bbox 1401 1850 1447 1885; x_wconf 89' lang='lat' dir='ltr'><strong>qui</strong></span> <span class='ocrx_word' id='word_1_644' title='bbox 1460 1850 1599 1878; x_wconf 82' lang='lat' dir='ltr'><strong>exaltatus</strong></span> <span class='ocrx_word' id='word_1_645' title='bbox 1611 1855 1663 1881; x_wconf 91' lang='lat' dir='ltr'><strong>cst,</strong></span> <span class='ocrx_word' id='word_1_646' title='bbox 1672 1848 1832 1876; x_wconf 52' lang='lat' dir='ltr'><strong>inliabitar‘.‘</strong></span> 
     </span>
    </p>
   </div>
   <div class='ocr_carea' id='block_1_90' title="bbox 1040 1895 1833 1933">
    <p class='ocr_par' dir='ltr' id='par_1_90' title="bbox 1040 1895 1833 1933">
     <span class='ocr_line' id='line_1_90' title="bbox 1040 1895 1833 1933; baseline -0.005 -7"><span class='ocrx_word' id='word_1_647' title='bbox 1040 1903 1094 1926; x_wconf 85' lang='lat' dir='ltr'><strong>tem</strong></span> <span class='ocrx_word' id='word_1_648' title='bbox 1110 1897 1196 1926; x_wconf 84' lang='lat' dir='ltr'><strong>Deum</strong></span> <span class='ocrx_word' id='word_1_649' title='bbox 1210 1898 1322 1933; x_wconf 88' lang='lat' dir='ltr'><strong>accipit.</strong></span> <span class='ocrx_word' id='word_1_650' title='bbox 1338 1897 1405 1925; x_wconf 91' lang='lat' dir='ltr'><strong>ldeo</strong></span> <span class='ocrx_word' id='word_1_651' title='bbox 1430 1897 1503 1924; x_wconf 88' lang='lat' dir='ltr'><strong>enim</strong></span> <span class='ocrx_word' id='word_1_652' title='bbox 1521 1900 1549 1924; x_wconf 88' lang='lat' dir='ltr'><strong>et</strong></span> <span class='ocrx_word' id='word_1_653' title='bbox 1574 1903 1650 1924; x_wconf 90' lang='lat' dir='ltr'><strong>nunc</strong></span> <span class='ocrx_word' id='word_1_654' title='bbox 1672 1903 1735 1923; x_wconf 89' lang='lat' dir='ltr'><strong>eum</strong></span> <span class='ocrx_word' id='word_1_655' title='bbox 1765 1895 1833 1931; x_wconf 85' lang='lat' dir='ltr'><strong>ipsis</strong></span> 
     </span>
    </p>
   </div>
   <div class='ocr_carea' id='block_1_91' title="bbox 1040 1940 1831 1979">
    <p class='ocr_par' dir='ltr' id='par_1_91' title="bbox 1040 1940 1831 1979">
     <span class='ocr_line' id='line_1_91' title="bbox 1040 1940 1831 1979; baseline -0.005 -8"><span class='ocrx_word' id='word_1_656' title='bbox 1040 1943 1219 1979; x_wconf 85' lang='lat' dir='ltr'><strong>colloquitur,</strong></span> <span class='ocrx_word' id='word_1_657' title='bbox 1239 1947 1269 1970; x_wconf 94' lang='lat' dir='ltr'><strong>ut</strong></span> <span class='ocrx_word' id='word_1_658' title='bbox 1287 1950 1336 1970; x_wconf 89' lang='lat' dir='ltr'><strong>eos</strong></span> <span class='ocrx_word' id='word_1_659' title='bbox 1361 1943 1420 1978; x_wconf 87' lang='lat' dir='ltr'><strong>ipse</strong></span> <span class='ocrx_word' id='word_1_660' title='bbox 1444 1941 1567 1973; x_wconf 63' lang='lat' dir='ltr'><strong>exultet;</strong></span> <span class='ocrx_word' id='word_1_661' title='bbox 1593 1944 1620 1969; x_wconf 89' lang='lat' dir='ltr'><strong>et</strong></span> <span class='ocrx_word' id='word_1_662' title='bbox 1645 1941 1673 1968; x_wconf 90' lang='lat' dir='ltr'><strong>in</strong></span> <span class='ocrx_word' id='word_1_663' title='bbox 1700 1941 1753 1973; x_wconf 91' lang='lat' dir='ltr'><strong>eis,</strong></span> <span class='ocrx_word' id='word_1_664' title='bbox 1783 1940 1831 1976; x_wconf 90' lang='lat' dir='ltr'><strong>qui</strong></span> 
     </span>
    </p>
   </div>
   <div class='ocr_carea' id='block_1_92' title="bbox 1040 1987 1830 2025">
    <p class='ocr_par' dir='ltr' id='par_1_92' title="bbox 1040 1987 1830 2025">
     <span class='ocr_line' id='line_1_92' title="bbox 1040 1987 1830 2025; baseline -0.003 -8"><span class='ocrx_word' id='word_1_665' title='bbox 1040 1990 1130 2023; x_wconf 82' lang='lat' dir='ltr'><strong>sancti</strong></span> <span class='ocrx_word' id='word_1_666' title='bbox 1149 1995 1226 2023; x_wconf 86' lang='lat' dir='ltr'><strong>sunt,</strong></span> <span class='ocrx_word' id='word_1_667' title='bbox 1252 1989 1412 2025; x_wconf 72' lang='lat' dir='ltr'><strong>requiescat.</strong></span> <span class='ocrx_word' id='word_1_668' title='bbox 1432 1988 1491 2016; x_wconf 82' lang='lat' dir='ltr'><strong>Non</strong></span> <span class='ocrx_word' id='word_1_669' title='bbox 1514 1992 1558 2017; x_wconf 85' lang='lat' dir='ltr'><strong>est</strong></span> <span class='ocrx_word' id='word_1_670' title='bbox 1576 1988 1661 2023; x_wconf 78' lang='lat' dir='ltr'><strong>igitur</strong></span> <span class='ocrx_word' id='word_1_671' title='bbox 1683 1988 1754 2021; x_wconf 89' lang='lat' dir='ltr'><strong>loco,</strong></span> <span class='ocrx_word' id='word_1_672' title='bbox 1783 1987 1830 2015; x_wconf 77' lang='lat' dir='ltr'><strong>sed</strong></span> 
     </span>
    </p>
   </div>
   <div class='ocr_carea' id='block_1_93' title="bbox 1041 2033 1830 2071">
    <p class='ocr_par' dir='ltr' id='par_1_93' title="bbox 1041 2033 1830 2071">
     <span class='ocr_line' id='line_1_93' title="bbox 1041 2033 1830 2071; baseline -0.005 -7"><span class='ocrx_word' id='word_1_673' title='bbox 1041 2037 1137 2065; x_wconf 87' lang='lat' dir='ltr'><strong>habitu</strong></span> <span class='ocrx_word' id='word_1_674' title='bbox 1154 2035 1295 2064; x_wconf 83' lang='lat' dir='ltr'><strong>censenda</strong></span> <span class='ocrx_word' id='word_1_675' title='bbox 1314 2035 1397 2071; x_wconf 78' lang='lat'><strong>650</strong></span> <span class='ocrx_word' id='word_1_676' title='bbox 1412 2035 1439 2062; x_wconf 92' lang='lat' dir='ltr'><strong>in</strong></span> <span class='ocrx_word' id='word_1_677' title='bbox 1458 2034 1514 2063; x_wconf 89' lang='lat' dir='ltr'><strong>Deo</strong></span> <span class='ocrx_word' id='word_1_678' title='bbox 1533 2033 1660 2067; x_wconf 80' lang='lat' dir='ltr'><strong>altitudo,</strong></span> <span class='ocrx_word' id='word_1_679' title='bbox 1677 2041 1725 2069; x_wconf 87' lang='lat' dir='ltr'><strong>per</strong></span> <span class='ocrx_word' id='word_1_680' title='bbox 1748 2041 1830 2068; x_wconf 86' lang='lat' dir='ltr'><strong>quam</strong></span> 
     </span>
    </p>
   </div>
   <div class='ocr_carea' id='block_1_94' title="bbox 1039 2080 1832 2119">
    <p class='ocr_par' dir='ltr' id='par_1_94' title="bbox 1039 2080 1832 2119">
     <span class='ocr_line' id='line_1_94' title="bbox 1039 2080 1832 2119; baseline -0.004 -8"><span class='ocrx_word' id='word_1_681' title='bbox 1039 2084 1081 2111; x_wconf 90' lang='lat' dir='ltr'><strong>eis</strong></span> <span class='ocrx_word' id='word_1_682' title='bbox 1097 2084 1167 2119; x_wconf 88' lang='lat' dir='ltr'><strong>ipse,</strong></span> <span class='ocrx_word' id='word_1_683' title='bbox 1185 2082 1233 2118; x_wconf 91' lang='lat' dir='ltr'><strong>qui</strong></span> <span class='ocrx_word' id='word_1_684' title='bbox 1247 2082 1321 2118; x_wconf 78' lang='lat' dir='ltr'><strong>digiti</strong></span> <span class='ocrx_word' id='word_1_685' title='bbox 1334 2085 1409 2114; x_wconf 81' lang='lat' dir='ltr'><strong>sunt,</strong></span> <span class='ocrx_word' id='word_1_686' title='bbox 1427 2081 1524 2110; x_wconf 89' lang='lat' dir='ltr'><strong>adesse</strong></span> <span class='ocrx_word' id='word_1_687' title='bbox 1546 2081 1713 2109; x_wconf 83' lang='lat' dir='ltr'><strong>consuevit:</strong></span> <span class='ocrx_word' id='word_1_688' title='bbox 1736 2080 1832 2115; x_wconf 71' lang='lat' dir='ltr'><strong>cujus~</strong></span> 
     </span>
    </p>
   </div>
   <div class='ocr_carea' id='block_1_95' title="bbox 1041 2127 1871 2163">
    <p class='ocr_par' dir='ltr' id='par_1_95' title="bbox 1041 2127 1871 2163">
     <span class='ocr_line' id='line_1_95' title="bbox 1041 2127 1871 2163; baseline -0.004 -7"><span class='ocrx_word' id='word_1_689' title='bbox 1041 2129 1114 2157; x_wconf 89' lang='lat' dir='ltr'><strong>modi</strong></span> <span class='ocrx_word' id='word_1_690' title='bbox 1136 2129 1176 2156; x_wconf 92' lang='lat' dir='ltr'><strong>illi</strong></span> <span class='ocrx_word' id='word_1_691' title='bbox 1191 2128 1275 2156; x_wconf 84' lang='lat' dir='ltr'><strong>etiam</strong></span> <span class='ocrx_word' id='word_1_692' title='bbox 1298 2127 1411 2160; x_wconf 81' lang='lat' dir='ltr'><strong>fuerint,</strong></span> <span class='ocrx_word' id='word_1_693' title='bbox 1428 2128 1475 2163; x_wconf 91' lang='lat' dir='ltr'><strong>qui</strong></span> <span class='ocrx_word' id='word_1_694' title='bbox 1497 2128 1530 2156; x_wconf 90' lang='lat' dir='ltr'><strong>de</strong></span> <span class='ocrx_word' id='word_1_695' title='bbox 1543 2135 1574 2155; x_wconf 89' lang='lat' dir='ltr'><strong>se</strong></span> <span class='ocrx_word' id='word_1_696' title='bbox 1587 2127 1615 2155; x_wconf 90' lang='lat' dir='ltr'><strong>in</strong></span> <span class='ocrx_word' id='word_1_697' title='bbox 1635 2127 1670 2155; x_wconf 89' lang='lat' dir='ltr'><strong>iis</strong></span> <span class='ocrx_word' id='word_1_698' title='bbox 1685 2134 1746 2162; x_wconf 71' lang='lat' dir='ltr'><strong>quae</strong></span> <span class='ocrx_word' id='word_1_699' title='bbox 1768 2134 1832 2161; x_wconf 81' lang='lat' dir='ltr'><strong>pec-</strong></span> <span class='ocrx_word' id='word_1_700' title='bbox 1859 2146 1871 2154; x_wconf 82' lang='lat'><strong>.</strong></span> 
     </span>
    </p>
   </div>
   <div class='ocr_carea' id='block_1_96' title="bbox 1039 2173 1457 2208">
    <p class='ocr_par' dir='ltr' id='par_1_96' title="bbox 1039 2173 1457 2208">
     <span class='ocr_line' id='line_1_96' title="bbox 1039 2173 1457 2208; baseline 0 -6"><span class='ocrx_word' id='word_1_701' title='bbox 1039 2178 1150 2208; x_wconf 82' lang='lat' dir='ltr'><strong>caruut,</strong></span> <span class='ocrx_word' id='word_1_702' title='bbox 1166 2173 1308 2201; x_wconf 85' lang='lat' dir='ltr'><strong>humiliter</strong></span> <span class='ocrx_word' id='word_1_703' title='bbox 1323 2173 1457 2202; x_wconf 79' lang='lat' dir='ltr'><strong>sentiant.</strong></span> 
     </span>
    </p>
   </div>
   <div class='ocr_carea' id='block_1_97' title="bbox 1076 2217 1829 2254">
    <p class='ocr_par' dir='ltr' id='par_1_97' title="bbox 1076 2217 1829 2254">
     <span class='ocr_line' id='line_1_97' title="bbox 1076 2217 1829 2254; baseline -0.004 -8"><span class='ocrx_word' id='word_1_704' title='bbox 1076 2219 1125 2246; x_wconf 88' lang='lat' dir='ltr'><strong>Sin</strong></span> <span class='ocrx_word' id='word_1_705' title='bbox 1141 2222 1233 2246; x_wconf 84' lang='lat' dir='ltr'><strong>autem</strong></span> <span class='ocrx_word' id='word_1_706' title='bbox 1249 2223 1280 2246; x_wconf 89' lang='lat' dir='ltr'><strong>ut.</strong></span> <span class='ocrx_word' id='word_1_707' title='bbox 1296 2219 1432 2251; x_wconf 85' lang='lat' dir='ltr'><strong>homines,</strong></span> <span class='ocrx_word' id='word_1_708' title='bbox 1456 2224 1569 2254; x_wconf 80' lang='lat' dir='ltr'><strong>propter</strong></span> <span class='ocrx_word' id='word_1_709' title='bbox 1588 2217 1718 2253; x_wconf 82' lang='lat' dir='ltr'><strong>pietatem</strong></span> <span class='ocrx_word' id='word_1_710' title='bbox 1747 2217 1829 2245; x_wconf 85' lang='lat' dir='ltr'><strong>etiam</strong></span> 
     </span>
    </p>
   </div>
   <div class='ocr_carea' id='block_1_98' title="bbox 1039 2263 1830 2301">
    <p class='ocr_par' dir='ltr' id='par_1_98' title="bbox 1039 2263 1830 2301">
     <span class='ocr_line' id='line_1_98' title="bbox 1039 2263 1830 2301; baseline -0.003 -9"><span class='ocrx_word' id='word_1_711' title='bbox 1039 2265 1194 2301; x_wconf 78' lang='lat' dir='ltr'><strong>amigautur</strong></span> <span class='ocrx_word' id='word_1_712' title='bbox 1205 2286 1213 2299; x_wconf 88' lang='lat'><strong>,</strong></span> <span class='ocrx_word' id='word_1_713' title='bbox 1233 2265 1344 2293; x_wconf 88' lang='lat' dir='ltr'><strong>eosdem</strong></span> <span class='ocrx_word' id='word_1_714' title='bbox 1360 2264 1447 2292; x_wconf 79' lang='lat' dir='ltr'><strong>fortes</strong></span> <span class='ocrx_word' id='word_1_715' title='bbox 1464 2269 1491 2292; x_wconf 86' lang='lat' dir='ltr'><strong>et</strong></span> <span class='ocrx_word' id='word_1_716' title='bbox 1505 2264 1656 2292; x_wconf 87' lang='lat' dir='ltr'><strong>tolerantes</strong></span> <span class='ocrx_word' id='word_1_717' title='bbox 1673 2264 1749 2291; x_wconf 82' lang='lat' dir='ltr'><strong>facit.</strong></span> <span class='ocrx_word' id='word_1_718' title='bbox 1766 2263 1830 2290; x_wconf 83' lang='lat' dir='ltr'><strong>Elli-</strong></span> 
     </span>
    </p>
   </div>
   <div class='ocr_carea' id='block_1_99' title="bbox 1040 2310 1831 2346">
    <p class='ocr_par' dir='ltr' id='par_1_99' title="bbox 1040 2310 1831 2346">
     <span class='ocr_line' id='line_1_99' title="bbox 1040 2310 1831 2346; baseline -0.004 -7"><span class='ocrx_word' id='word_1_719' title='bbox 1040 2312 1078 2339; x_wconf 87' lang='lat' dir='ltr'><strong>cit</strong></span> <span class='ocrx_word' id='word_1_720' title='bbox 1092 2311 1166 2339; x_wconf 89' lang='lat' dir='ltr'><strong>enim</strong></span> <span class='ocrx_word' id='word_1_721' title='bbox 1181 2311 1322 2346; x_wconf 73' lang='lat' dir='ltr'><strong>patientes,</strong></span> <span class='ocrx_word' id='word_1_722' title='bbox 1339 2311 1384 2346; x_wconf 91' lang='lat' dir='ltr'><strong>qui</strong></span> <span class='ocrx_word' id='word_1_723' title='bbox 1402 2311 1505 2346; x_wconf 76' lang='lat' dir='ltr'><strong>patiens</strong></span> <span class='ocrx_word' id='word_1_724' title='bbox 1521 2316 1563 2339; x_wconf 89' lang='lat' dir='ltr'><strong>est</strong></span> <span class='ocrx_word' id='word_1_725' title='bbox 1578 2319 1585 2338; x_wconf 93' lang='lat'><strong>:</strong></span> <span class='ocrx_word' id='word_1_726' title='bbox 1602 2315 1630 2338; x_wconf 91' lang='lat' dir='ltr'><strong>et</strong></span> <span class='ocrx_word' id='word_1_727' title='bbox 1643 2310 1724 2338; x_wconf 79' lang='lat' dir='ltr'><strong>vitam</strong></span> <span class='ocrx_word' id='word_1_728' title='bbox 1747 2310 1831 2345; x_wconf 78' lang='lat' dir='ltr'><strong>largi-</strong></span> 
     </span>
    </p>
   </div>
   <div class='ocr_carea' id='block_1_100' title="bbox 1041 2357 1830 2393">
    <p class='ocr_par' dir='ltr' id='par_1_100' title="bbox 1041 2357 1830 2393">
     <span class='ocr_line' id='line_1_100' title="bbox 1041 2357 1830 2393; baseline -0.004 -8"><span class='ocrx_word' id='word_1_729' title='bbox 1041 2362 1086 2385; x_wconf 86' lang='lat' dir='ltr'><strong>tur</strong></span> <span class='ocrx_word' id='word_1_730' title='bbox 1101 2360 1272 2393; x_wconf 86' lang='lat' dir='ltr'><strong>perpetuam,</strong></span> <span class='ocrx_word' id='word_1_731' title='bbox 1287 2357 1335 2392; x_wconf 90' lang='lat' dir='ltr'><strong>qui</strong></span> <span class='ocrx_word' id='word_1_732' title='bbox 1356 2357 1417 2384; x_wconf 68' lang='lat' dir='ltr'><strong>vitaz</strong></span> <span class='ocrx_word' id='word_1_733' title='bbox 1432 2357 1492 2384; x_wconf 80' lang='lat' dir='ltr'><strong>fons</strong></span> <span class='ocrx_word' id='word_1_734' title='bbox 1506 2362 1559 2390; x_wconf 87' lang='lat' dir='ltr'><strong>est,</strong></span> <span class='ocrx_word' id='word_1_735' title='bbox 1578 2357 1681 2392; x_wconf 88' lang='lat' dir='ltr'><strong>quique</strong></span> <span class='ocrx_word' id='word_1_736' title='bbox 1698 2365 1745 2384; x_wconf 88' lang='lat' dir='ltr'><strong>cor</strong></span> <span class='ocrx_word' id='word_1_737' title='bbox 1765 2364 1830 2383; x_wconf 81' lang='lat' dir='ltr'><strong>con-</strong></span> 
     </span>
    </p>
   </div>
   <div class='ocr_carea' id='block_1_101' title="bbox 1040 2401 1828 2438">
    <p class='ocr_par' dir='ltr' id='par_1_101' title="bbox 1040 2401 1828 2438">
     <span class='ocr_line' id='line_1_101' title="bbox 1040 2401 1828 2438; baseline -0.004 -8"><span class='ocrx_word' id='word_1_738' title='bbox 1040 2403 1132 2431; x_wconf 80' lang='lat' dir='ltr'><strong>tritum</strong></span> <span class='ocrx_word' id='word_1_739' title='bbox 1155 2410 1210 2430; x_wconf 93' lang='lat' dir='ltr'><strong>non</strong></span> <span class='ocrx_word' id='word_1_740' title='bbox 1229 2403 1358 2437; x_wconf 90' lang='lat' dir='ltr'><strong>despicit.</strong></span> <span class='ocrx_word' id='word_1_741' title='bbox 1390 2402 1447 2431; x_wconf 89' lang='lat' dir='ltr'><strong>Eos</strong></span> <span class='ocrx_word' id='word_1_742' title='bbox 1467 2403 1562 2438; x_wconf 86' lang='lat' dir='ltr'><strong>itaque</strong></span> <span class='ocrx_word' id='word_1_743' title='bbox 1581 2403 1656 2430; x_wconf 86' lang='lat' dir='ltr'><strong>hunc</strong></span> <span class='ocrx_word' id='word_1_744' title='bbox 1674 2402 1700 2429; x_wconf 93' lang='lat' dir='ltr'><strong>in</strong></span> <span class='ocrx_word' id='word_1_745' title='bbox 1717 2401 1828 2428; x_wconf 85' lang='lat' dir='ltr'><strong>modum</strong></span> 
     </span>
    </p>
   </div>
   <div class='ocr_carea' id='block_1_102' title="bbox 1038 2447 1829 2484">
    <p class='ocr_par' dir='ltr' id='par_1_102' title="bbox 1038 2447 1829 2484">
     <span class='ocr_line' id='line_1_102' title="bbox 1038 2447 1829 2484; baseline -0.004 -8"><span class='ocrx_word' id='word_1_746' title='bbox 1038 2449 1187 2484; x_wconf 89' lang='lat' dir='ltr'><strong>alloquitur</strong></span> <span class='ocrx_word' id='word_1_747' title='bbox 1205 2458 1212 2476; x_wconf 90' lang='lat'><strong>:</strong></span> <span class='ocrx_word' id='word_1_748' title='bbox 1233 2447 1294 2476; x_wconf 86' lang='lat' dir='ltr'><strong>Non</strong></span> <span class='ocrx_word' id='word_1_749' title='bbox 1310 2456 1371 2477; x_wconf 86' lang='lat' dir='ltr'><strong>sum</strong></span> <span class='ocrx_word' id='word_1_750' title='bbox 1387 2448 1422 2477; x_wconf 90' lang='lat' dir='ltr'><strong>de</strong></span> <span class='ocrx_word' id='word_1_751' title='bbox 1441 2449 1567 2484; x_wconf 86' lang='lat' dir='ltr'><strong>peccatis</strong></span> <span class='ocrx_word' id='word_1_752' title='bbox 1593 2447 1734 2478; x_wconf 88' lang='lat' dir='ltr'><strong>omnibus,</strong></span> <span class='ocrx_word' id='word_1_753' title='bbox 1767 2454 1829 2481; x_wconf 69' lang='lat' dir='ltr'><strong>qua:</strong></span> 
     </span>
    </p>
   </div>
   <div class='ocr_carea' id='block_1_103' title="bbox 1038 2490 1822 2530">
    <p class='ocr_par' dir='ltr' id='par_1_103' title="bbox 1038 2490 1822 2530">
     <span class='ocr_line' id='line_1_103' title="bbox 1038 2490 1822 2530; baseline -0.006 -8"><span class='ocrx_word' id='word_1_754' title='bbox 1038 2499 1067 2523; x_wconf 92' lang='lat' dir='ltr'><strong>ut</strong></span> <span class='ocrx_word' id='word_1_755' title='bbox 1081 2495 1209 2523; x_wconf 86' lang='lat' dir='ltr'><strong>homines</strong></span> <span class='ocrx_word' id='word_1_756' title='bbox 1221 2494 1384 2528; x_wconf 83' lang='lat' dir='ltr'><strong>admisistis,</strong></span> <span class='ocrx_word' id='word_1_757' title='bbox 1400 2501 1499 2530; x_wconf 68' lang='lat' dir='ltr'><strong>poenas</strong></span> <span class='ocrx_word' id='word_1_758' title='bbox 1515 2497 1692 2528; x_wconf 89' lang='lat' dir='ltr'><strong>sumpturus,</strong></span> <span class='ocrx_word' id='word_1_759' title='bbox 1712 2491 1760 2519; x_wconf 87' lang='lat' dir='ltr'><strong>sed</strong></span> <span class='ocrx_word' id='word_1_760' title='bbox 1777 2490 1822 2518; x_wconf 91' lang='lat' dir='ltr'><strong>ubi</strong></span> 
     </span>
    </p>
   </div>
   <div class='ocr_carea' id='block_1_104' title="bbox 1037 2538 1828 2576">
    <p class='ocr_par' dir='ltr' id='par_1_104' title="bbox 1037 2538 1828 2576">
     <span class='ocr_line' id='line_1_104' title="bbox 1037 2538 1828 2576; baseline -0.005 -7"><span class='ocrx_word' id='word_1_761' title='bbox 1037 2549 1085 2569; x_wconf 89' lang='lat' dir='ltr'><strong>vos</strong></span> <span class='ocrx_word' id='word_1_762' title='bbox 1113 2540 1209 2568; x_wconf 86' lang='lat' dir='ltr'><strong>leviter</strong></span> <span class='ocrx_word' id='word_1_763' title='bbox 1235 2541 1382 2576; x_wconf 82' lang='lat' dir='ltr'><strong>castigaro,</strong></span> <span class='ocrx_word' id='word_1_764' title='bbox 1415 2541 1507 2576; x_wconf 90' lang='lat' dir='ltr'><strong>populi</strong></span> <span class='ocrx_word' id='word_1_765' title='bbox 1534 2539 1656 2576; x_wconf 87' lang='lat' dir='ltr'><strong>peccatis</strong></span> <span class='ocrx_word' id='word_1_766' title='bbox 1679 2538 1828 2566; x_wconf 85' lang='lat' dir='ltr'><strong>condolere</strong></span> 
     </span>
    </p>
   </div>
   <div class='ocr_carea' id='block_1_105' title="bbox 1036 2584 1826 2623">
    <p class='ocr_par' dir='ltr' id='par_1_105' title="bbox 1036 2584 1826 2623">
     <span class='ocr_line' id='line_1_105' title="bbox 1036 2584 1826 2623; baseline -0.005 -8"><span class='ocrx_word' id='word_1_767' title='bbox 1036 2594 1182 2622; x_wconf 88' lang='lat' dir='ltr'><strong>respuens,</strong></span> <span class='ocrx_word' id='word_1_768' title='bbox 1205 2587 1255 2614; x_wconf 89' lang='lat' dir='ltr'><strong>hos</strong></span> <span class='ocrx_word' id='word_1_769' title='bbox 1277 2587 1409 2623; x_wconf 90' lang='lat' dir='ltr'><strong>quidem,</strong></span> <span class='ocrx_word' id='word_1_770' title='bbox 1442 2591 1575 2622; x_wconf 85' lang='lat' dir='ltr'><strong>tanquam</strong></span> <span class='ocrx_word' id='word_1_771' title='bbox 1598 2592 1695 2614; x_wconf 86' lang='lat' dir='ltr'><strong>revera</strong></span> <span class='ocrx_word' id='word_1_772' title='bbox 1713 2584 1826 2619; x_wconf 87' lang='lat' dir='ltr'><strong>impios,</strong></span> 
     </span>
    </p>
   </div>
   <div class='ocr_carea' id='block_1_106' title="bbox 1035 2630 1825 2668">
    <p class='ocr_par' dir='ltr' id='par_1_106' title="bbox 1035 2630 1825 2668">
     <span class='ocr_line' id='line_1_106' title="bbox 1035 2630 1825 2668; baseline -0.006 -7"><span class='ocrx_word' id='word_1_773' title='bbox 1035 2633 1082 2668; x_wconf 89' lang='lat' dir='ltr'><strong>qui</strong></span> <span class='ocrx_word' id='word_1_774' title='bbox 1099 2640 1154 2660; x_wconf 90' lang='lat' dir='ltr'><strong>non</strong></span> <span class='ocrx_word' id='word_1_775' title='bbox 1175 2633 1355 2668; x_wconf 87' lang='lat' dir='ltr'><strong>resipuerint,</strong></span> <span class='ocrx_word' id='word_1_776' title='bbox 1370 2633 1469 2660; x_wconf 87' lang='lat' dir='ltr'><strong>ultioni</strong></span> <span class='ocrx_word' id='word_1_777' title='bbox 1486 2631 1594 2660; x_wconf 84' lang='lat' dir='ltr'><strong>tradam</strong></span> <span class='ocrx_word' id='word_1_778' title='bbox 1623 2630 1798 2666; x_wconf 68' lang='lat' dir='ltr'><strong>sempiterna!</strong></span> <span class='ocrx_word' id='word_1_779' title='bbox 1816 2637 1825 2656; x_wconf 89' lang='lat'><strong><em>:</em></strong></span> 
     </span>
    </p>
   </div>
   <div class='ocr_carea' id='block_1_107' title="bbox 1037 2675 1821 2715">
    <p class='ocr_par' dir='ltr' id='par_1_107' title="bbox 1037 2675 1821 2715">
     <span class='ocr_line' id='line_1_107' title="bbox 1037 2675 1821 2715; baseline -0.006 -8"><span class='ocrx_word' id='word_1_780' title='bbox 1037 2679 1116 2708; x_wconf 87' lang='lat' dir='ltr'><strong>vobis</strong></span> <span class='ocrx_word' id='word_1_781' title='bbox 1132 2683 1223 2706; x_wconf 89' lang='lat' dir='ltr'><strong>autem</strong></span> <span class='ocrx_word' id='word_1_782' title='bbox 1238 2679 1308 2706; x_wconf 84' lang='lat' dir='ltr'><strong>iram</strong></span> <span class='ocrx_word' id='word_1_783' title='bbox 1321 2679 1380 2715; x_wconf 86' lang='lat' dir='ltr'><strong>ipse</strong></span> <span class='ocrx_word' id='word_1_784' title='bbox 1394 2679 1545 2708; x_wconf 88' lang='lat' dir='ltr'><strong>remittam.</strong></span> <span class='ocrx_word' id='word_1_785' title='bbox 1573 2678 1622 2706; x_wconf 80' lang='lat' dir='ltr'><strong>Esi.</strong></span> <span class='ocrx_word' id='word_1_786' title='bbox 1647 2676 1719 2705; x_wconf 88' lang='lat' dir='ltr'><strong>enim</strong></span> <span class='ocrx_word' id='word_1_787' title='bbox 1746 2675 1821 2708; x_wconf 57' lang='lat' dir='ltr'><strong>mili,</strong></span> 
     </span>
    </p>
   </div>
   <div class='ocr_carea' id='block_1_108' title="bbox 794 2769 1291 2804">
    <p class='ocr_par' dir='ltr' id='par_1_108' title="bbox 794 2769 1291 2804">
     <span class='ocr_line' id='line_1_108' title="bbox 794 2769 1291 2804; baseline -0.002 -6"><span class='ocrx_word' id='word_1_788' title='bbox 794 2770 816 2786; x_wconf 81' lang='grc'><strong>⁹⁷</strong></span> <span class='ocrx_word' id='word_1_789' title='bbox 837 2771 846 2797; x_wconf 91' lang='grc'><strong>1</strong></span> <span class='ocrx_word' id='word_1_790' title='bbox 864 2769 972 2804; x_wconf 69' lang='grc' dir='ltr'>Ροιιο.ζν,</span> <span class='ocrx_word' id='word_1_791' title='bbox 987 2770 1014 2797; x_wconf 84' lang='lat'><strong>5.‘</strong></span> <span class='ocrx_word' id='word_1_792' title='bbox 1053 2770 1074 2787; x_wconf 80' lang='lat'>&quot;</span> <span class='ocrx_word' id='word_1_793' title='bbox 1091 2770 1158 2798; x_wconf 89' lang='lat' dir='ltr'><strong>Luc.</strong></span> <span class='ocrx_word' id='word_1_794' title='bbox 1176 2778 1233 2804; x_wconf 77' lang='lat' dir='ltr'><strong>xlv,</strong></span> <span class='ocrx_word' id='word_1_795' title='bbox 1248 2770 1291 2798; x_wconf 85' lang='grc'><strong>11.</strong></span> 
     </span>
    </p>
   </div>
   <div class='ocr_carea' id='block_1_109' title="bbox 840 2815 1180 2846">
    <p class='ocr_par' dir='ltr' id='par_1_109' title="bbox 840 2815 1180 2846">
     <span class='ocr_line' id='line_1_109' title="bbox 840 2815 1180 2846; baseline 0.009 -3"><span class='ocrx_word' id='word_1_796' title='bbox 840 2815 957 2844; x_wconf 78' lang='lat' dir='ltr'><strong>VARl/E</strong></span> <span class='ocrx_word' id='word_1_797' title='bbox 982 2815 1180 2846; x_wconf 79' lang='lat' dir='ltr'><strong>LECTIUNES.</strong></span> 
     </span>
    </p>
   </div>
   <div class='ocr_carea' id='block_1_110' title="bbox 227 2857 842 2896">
    <p class='ocr_par' dir='ltr' id='par_1_110' title="bbox 227 2857 842 2896">
     <span class='ocr_line' id='line_1_110' title="bbox 227 2857 842 2896; baseline 0.003 -8"><span class='ocrx_word' id='word_1_798' title='bbox 227 2860 238 2880; x_wconf 77' lang='grc' dir='ltr'><strong>¹ί</strong></span> <span class='ocrx_word' id='word_1_799' title='bbox 256 2863 284 2889; x_wconf 82' lang='lat' dir='ltr'><strong>.t.</strong></span> <span class='ocrx_word' id='word_1_800' title='bbox 299 2861 376 2896; x_wconf 74' lang='grc' dir='ltr'>πρός.</span> <span class='ocrx_word' id='word_1_801' title='bbox 438 2861 444 2879; x_wconf 86' lang='lat'><strong><em>‘</em></strong></span> <span class='ocrx_word' id='word_1_802' title='bbox 461 2870 503 2896; x_wconf 55' lang='lat'><strong>31».</strong></span> <span class='ocrx_word' id='word_1_803' title='bbox 520 2862 553 2889; x_wconf 79' lang='grc' dir='ltr'>δι’</span> <span class='ocrx_word' id='word_1_804' title='bbox 574 2857 615 2890; x_wconf 71' lang='grc' dir='ltr'><strong>οὗ.</strong></span> <span class='ocrx_word' id='word_1_805' title='bbox 655 2865 673 2877; x_wconf 74' lang='grc'><strong>’⁵</strong></span> <span class='ocrx_word' id='word_1_806' title='bbox 689 2870 734 2896; x_wconf 76' lang='grc' dir='ltr'>γρ.</span> <span class='ocrx_word' id='word_1_807' title='bbox 752 2861 842 2894; x_wconf 69' lang='grc' dir='ltr'>αὐτὸς.</span> 
     </span>
    </p>
   </div>
  </div>
