1999 3076
154 134 226 168 2533

810 126 990 170 PROCOPII
1005 139 1127 170 cum

1726 138 1798 174 2584

153 191 323 228 utopilicein
345 191 435 227 decet,
453 193 564 229 spiritus
585 193 631 222 ille
645 201 731 224 eum.
759 201 842 229 quem
870 193 948 221 vobis

1002 195 1068 230 ὑμῖν
1078 195 1252 230 Πνεύματος
1266 203 1302 222 πα
1309 195 1422 232 ρ’ὲμοῦ,
1432 196 1447 223 δ
1458 196 1506 223 καὶ
1520 196 1622 229 κτίζων
1638 196 1797 233 ἄνθρωπον,

151 237 212 274 ipse
225 239 340 275 largitus
355 246 428 272 sum.
442 247 593 275 quemque,
617 247 681 267 cum
703 239 844 268 hominem
866 247 947 268 crea-

152 293 222 317 rent.
238 287 265 314 in
281 286 402 314 animam
419 287 559 316 viventem
574 287 717 322 inspiravi,
733 287 768 314 de
787 294 841 322 qua
863 287 948 314 etiam

153 331 258 358 diu-tum
270 337 312 359 est
329 341 336 359 :
351 341 361 358 ι
376 331 474 360 Omnis
492 333 607 367 spiritus
621 332 713 360 laudet
727 331 873 360 Dominum
886 332 921 359 ".
935 339 945 357 ι

154 376 187 404 Ει
202 377 274 411 apud
289 375 409 405 Jobum:
429 386 440 404 ι
454 377 575 413 Spiritus
590 378 710 411 Domini,
724 377 769 413 qui
785 377 948 413 superestin

153 422 268 449 naribus
287 422 366 450 meis.
383 422 504 458 Spiritus
524 427 616 451 autem
630 422 889 458 omnipotentisest,
900 422 949 458 qui

154 468 235 496 docet
250 476 293 496 me
307 469 327 496 ‘.
347 479 358 496 ο
380 468 476 504 Itaque
489 473 516 497 ct
528 476 578 497 vos
598 477 660 497 cum
676 469 735 504 ipse
750 469 868 504 castigo,
885 473 949 496 tan-

154 522 237 551 quam
253 515 336 543 Pater
352 515 380 543 id
396 515 479 544 facio.
498 525 508 542 ι
531 515 619 549 Quem
648 515 722 543 enim
751 515 843 550 diligit
865 514 948 547 Deus,

154 560 304 595 castigat‘.
324 569 335 587 ι
353 560 431 594 Quod
451 560 563 596 quando
579 560 652 596 passi
665 561 746 593 estis,
760 564 855 596 aperte
867 560 949 588 valde

154 613 267 633 armore
281 613 326 639 eo,
339 606 387 640 qui
399 607 553 634 secundum
572 607 658 634 Deum
675 612 728 639 est.
741 613 790 634 vos
807 605 876 633 allici
891 613 949 641 pra

153 654 234 682 vobis
246 653 360 688 tulistis,
377 661 440 681 cum
453 654 490 681 ob
507 658 619 689 peccata
632 654 720 682 tristes
733 654 836 682 essetis.
853 655 948 690 Itaque

155 699 203 735 qui
217 699 281 726 vitae
297 699 522 735 resipiscentiam
540 700 668 732 uiderem,
684 699 748 735 jure
761 708 810 728 vos
830 700 888 736 ipse
899 709 947 728 sa—

154 743 228 775 nari,
248 751 361 779 veraque
389 744 496 780 adjecta
527 745 707 772 ronwiatione
734 745 845 781 (neque
873 747 946 773 enim

153 796 225 816 vana
243 793 318 822 sunt,
334 797 396 825 qua
408 797 424 817 a
449 797 493 818 me
521 791 690 826 prodeunt).
708 799 802 826 pacem
829 791 948 826 largitus

154 842 228 868 sum,
244 842 299 862 non
316 835 455 871 vulgarem
473 835 565 869 illam;
592 836 641 864 sed
665 844 728 872 qua!
755 844 819 864 cum
841 837 946 869 uicinis,

154 879 279 915 longeque
292 881 400 908 remotis
416 881 526 916 populis
540 881 700 910 haberetur.
717 882 808 918 Atque
822 883 866 910 hic
878 883 946 918 qui-
960 873 985 904 Β

153 927 216 954 dem
229 927 292 956 linis
307 935 402 956 eorum
417 927 510 960 fuerit,
529 929 576 964 qui
604 936 665 957 mea
693 928 876 965 castigatione
903 929 949 964 ju-

152 978 261 1002 vantur.
280 974 333 1007 Qui
354 978 446 1003 autem
468 975 537 1003 tales
560 983 615 1003 non
634 975 749 1008 fuerint,
769 975 948 1011 ﬂuctuabunt.

154 1020 300 1054 Quomodo
317 1021 403 1054 enim,
425 1021 526 1056 inquit,
554 1022 699 1057 quiescere,
721 1026 746 1049 et
767 1022 882 1057 gaudere
901 1030 949 1049 va-

151 1066 240 1100 leant,
255 1067 302 1102 qui
320 1074 335 1095 a
351 1066 408 1095 Deo
423 1067 544 1103 separati
562 1067 651 1095 sunt?
665 1066 718 1095 Sed
733 1068 814 1095 habet
829 1068 856 1095 in
875 1068 949 1095 hunc

151 1113 265 1140 modum
298 1112 455 1149 Symmachi
484 1113 703 1150 interpretatio:
736 1113 818 1148 [mpii
845 1118 945 1147 autem,

151 1166 281 1195 umquam
296 1168 370 1187 mare
384 1159 498 1192 iuerint.
514 1160 585 1196 quod
599 1161 702 1189 ebullit.
721 1160 863 1194 Quiescere
876 1161 945 1188 enim

152 1214 206 1234 non
224 1210 358 1240 poterunt,
376 1211 401 1234 et
425 1207 567 1241 ejicienlur
582 1206 617 1234 ad
634 1215 718 1242 aquas
734 1207 828 1243 ipsius,
850 1213 945 1235 erunt-

152 1259 207 1287 que
223 1252 400 1285 concute-alio,
419 1257 444 1280 et
460 1253 556 1280 lutum.
574 1252 682 1289 Aquila!
698 1258 790 1281 autem
806 1263 814 1281 :
828 1253 863 1281 El
875 1252 947 1281 ebul-

999 242 1041 274 είς
1056 242 1148 278 ψυχὴν
1162 241 1317 278 ἑνεφύσησα
1332 242 1436 275 ζῶσαν,
1456 243 1524 279 περὶ
1539 240 1574 279 ἧς
1596 242 1644 270 καὶ
1666 242 1775 279 εἴρηται
1787 250 1796 260 ⁶

1002 295 1012 314 ι
1028 288 1106 315 Πᾶσα
1129 288 1199 323 πνοὴ
1215 288 1353 315 αἰνεσάτω
1376 289 1423 315 τὸν
1440 288 1557 324 Κύριον.
1573 298 1583 314 ι
1610 289 1666 315 Καὶ
1684 288 1746 316 Ίὼδ
1768 288 1797 315 δέ

1000 340 1084 369 φησι·
1099 341 1108 359 ι
1124 332 1237 368 Πνεῦμα
1253 333 1357 369 Κυρίου
1378 333 1408 360 τὸ
1425 333 1520 369 περιόν
1537 342 1582 369 μοι
1596 334 1625 360 ὲν
1643 334 1710 369 ῥισὶ,
1729 335 1797 368 πνοὴ

998 378 1028 406 δὲ
1045 379 1270 415 παντοκῴτορὸς
1288 380 1363 407 ἐστιν
1383 380 1400 415 ἡ
1421 379 1590 408 διδάσκουσα
1606 388 1651 415 με.
1666 389 1675 406 ι
1692 379 1798 407 Οὐκοῦν

999 426 1048 452 καὶ
1065 424 1204 452 παιδεύων
1229 426 1313 461 ὑμᾶς,
1338 426 1376 458 ὡς
1396 426 1512 462 Πατὴρ,
1527 426 1607 453 τοῦτο
1630 425 1714 453 ποιῶο
1731 425 1798 451 ι’(ιν

999 470 1054 505 γὰρ
1079 470 1174 506 ἀγαπᾷ
1197 470 1311 506 Κύριος,
1331 470 1465 498 παιδεύει.
1481 481 1490 497 ι
1506 470 1593 497 Τοῦτο
1610 470 1639 497 δὲ
1651 469 1796 501 παθόντες,

999 515 1172 551 εὐαισθήτως
1195 516 1266 551 ἄγαν
1290 516 1342 553 τὴν
1357 517 1429 544 κατὰ
1444 517 1512 543 θεὸν
1525 517 1630 551 λύπην
1643 515 1797 551 ὲλυπήθηπ

999 562 1046 589 ἐπὶ
1061 563 1118 593 τοῖς
1133 562 1344 598 ἡμαρτημένοις
1365 561 1608 597 στυγνάσαντες.
1623 561 1679 589 Καὶ
1699 561 1746 588 τὸν
1766 562 1798 588 ἑκ

998 608 1049 642 ’τῆς
1075 608 1223 643 μετανοίας
1252 608 1310 644 βίον
1337 608 1418 641 ἰδὼν,
1435 608 1550 640 εἰκότως
1571 607 1704 643 lucri;th
1719 606 1799 641 ὑμᾶς

998 653 1122 688 ἀληθῶς
1137 655 1365 689 παρακαλέσας.
1374 655 1476 690 Ἀληθῆ
1492 655 1548 690 γὰρ
1562 655 1598 681 τὰ
1625 655 1692 689 παρ’
1708 653 1776 688 ὲμοῦ
1789 673 1796 680 .

998 699 1049 726 καὶ
1063 698 1125 731 δοὺς
1136 699 1274 734 εὶρήνην,
1288 700 1340 735 οὺχ
1363 700 1470 732 ἁπλῶς,
1485 700 1545 727 ἀλλ’
1559 700 1597 731 ὡς
1611 699 1659 727 καὶ
1673 699 1728 726 ἀπὺ
1743 699 1798 725 τῶν

998 745 1089 780 ἐγγὺς
1106 745 1194 780 ’ἔχειν
1216 745 1315 782 αὐτὴν,
1330 747 1379 773 καὶ
1401 745 1462 773 τῶν
1485 746 1585 780 πόρῤω
1598 746 1672 772 λίαν
1687 745 1799 778 ἀπῳκι-

998 790 1130 825 σμένων.
1148 791 1202 817 Καὶ
1217 790 1296 818 τοῦτο
1307 791 1393 827 πέρας
1406 792 1462 823 τοῖς
1475 791 1508 818 ὲκ
1521 791 1571 826 τῆς
1587 791 1657 826 ἐμῆς
1673 791 1798 822 παιδείας

999 837 1090 872 ὠφελη
1097 837 1199 871 μένοις.
1217 838 1250 864 Ol.
1266 837 1296 865 δὲ
1306 838 1361 873 δὴν
1375 837 1508 870 τοιοῦτοι,
1528 836 1798 870 κλυδωνισθήσον-

998 892 1056 911 ται.
1081 883 1143 915 Πῶς
1172 884 1228 919 γὰρ
1259 883 1317 918 ἔχει
1342 883 1453 918 ξφύσινο
1470 903 1478 916 ,
1506 883 1717 910 ἀναπαύεσθαι
1747 880 1798 908 καὶ

998 930 1116 965 χαίρειν
1125 930 1189 962 τοὺς
1201 929 1436 965 ἁλλοτριωθέντας
1449 928 1517 956 Θεοῦ
1530 937 1538 960 ;
1554 928 1626 955 κατὰ
1639 928 1668 955 δὲ
1683 927 1798 963 Σύμμαι

998 983 1064 1012 χον·
1084 976 1117 1002 Ol
1140 975 1169 1002 δὲ
1193 975 1313 1008 ἀσεϐεῖς
1339 975 1380 1009 ὡς
1396 975 1540 1003 θάλασσα
1554 974 1796 1008 ἐκὸρασσομένη.

1004 1022 1171 1058 Ἡσυχάσαι
1193 1022 1250 1057 τὰρ
1279 1022 1315 1049 οὺ
1338 1020 1538 1055 δυνήσονται,
1550 1019 1601 1048 καὶ
1627 1017 1796 1054 ἐκϐρασθῆ-

999 1076 1107 1096 σονται
1124 1067 1205 1102 παρὰ
1220 1067 1257 1094 τὰ
1272 1066 1369 1094 ὕδατα
1388 1066 1484 1100 αὐτῆς
1494 1085 1503 1096 .
1518 1066 1566 1095 καί
1589 1064 1797 1099 καταπάτημα.

999 1114 1049 1141 καί
1073 1115 1183 1148 πηλός.
1191 1113 1221 1140 Ὀ
1234 1113 1263 1140 δὲ
1283 1113 1419 1146 Ἀκύλας·
1440 1112 1496 1141 Kal.
1517 1112 1680 1146 ἐκϐράσσει
1703 1111 1799 1138 ὕδατα

999 1160 1095 1194 αὐτῆς
1118 1159 1316 1194 καταπάτημιι
1338 1158 1388 1186 καί
1411 1159 1611 1193 πηλόν-,Ὥστε
1629 1158 1654 1184 εἰ
1671 1157 1747 1192 λέγοι
1769 1157 1799 1184 τό

999 1215 1077 1240 ποτε,
1091 1207 1130 1238 ὡς
1147 1207 1213 1242 περὶ
1230 1205 1370 1241 θαλάσσης
1391 1204 1545 1240 Αἰγύπτου,
1563 1205 1580 1241 ἢ
1604 1204 1671 1241 περὶ
1693 1204 1800 1232 ὑδάτων

998 1252 1090 1286 τινῶν,
1109 1252 1140 1279 τὺ
1154 1251 1260 1287 πλῆθος
1275 1251 1330 1278 τῶν
1346 1251 1455 1278 ἀσεϐῶν
1469 1250 1650 1286 ὲκδεξόμεθα,

152 1298 216 1326 lien!
226 1306 303 1334 aqua
314 1298 373 1333 ejus
383 1298 608 1330 contuli-aliorum
621 1298 701 1335 651
716 1303 740 1326 et
761 1299 861 1332 lutum;
872 1302 1002 1335 tanquam
1022 1299 1170 1334 aliquando
1183 1298 1258 1335 quod
1274 1298 1390 1326 habetur
1407 1297 1441 1326 de
1454 1297 1524 1325 mari
1546 1296 1686 1333 Egyptio,
1707 1295 1749 1323 vel
1765 1294 1800 1322 de

151 1345 316 1381 quibusdam
329 1347 410 1383 aquis
426 1346 573 1382 impiorqu
590 1347 794 1375 multitudinem
807 1346 965 1383 excepturis
980 1346 1101 1375 dicatur.

189 1392 322 1419 Nonnulli
345 1399 412 1420 vero
427 1392 598 1427 propositam
623 1393 770 1420 verborum
794 1393 895 1419 seriem
912 1391 947 1419 de

152 1441 212 1465 toto
225 1437 326 1465 Israele
349 1437 404 1466 dici
428 1439 577 1471 atlirmant,
595 1438 677 1473 cujus
699 1446 729 1466 se
752 1438 884 1473 reliquias
899 1445 948 1473 per
979 1447 981 1449 ’

153 1484 234 1512 ﬁdem
251 1485 278 1512 in
289 1483 402 1512 Christo
417 1489 591 1512 servaturum
608 1485 771 1520 polliceatur
786 1485 807 1512 '.
823 1484 858 1511 At
873 1483 947 1519 quod

154 1529 182 1557 in
196 1529 310 1557 excelsis
325 1530 449 1557 habitare
458 1531 540 1563 dixit,
556 1530 692 1558 naturalis
705 1530 767 1565 ejus
775 1529 947 1557 excellentiae

154 1576 229 1612 (etim
253 1576 289 1604 sit
315 1576 361 1604 Dei
377 1580 476 1604 natura
497 1577 567 1604 nihil
587 1576 744 1607 sublimius)
759 1575 862 1603 nullam
887 1575 945 1602 ﬁeri

155 1622 369 1651 diminutionem
388 1623 603 1651 demonstravit:
623 1622 671 1650 sed
696 1623 821 1650 eamdem
838 1628 947 1657 semper

155 1676 282 1702 manere,
304 1669 484 1704 quantumvis
514 1668 589 1696 illam
612 1667 708 1702 Israel,
728 1676 761 1696 eo
782 1668 855 1703 ipso,
875 1666 949 1702 quod

156 1723 219 1743 eum
237 1723 300 1743 cum
321 1715 403 1743 idolis
421 1715 550 1748 contulit,
570 1715 736 1743 imminuere
759 1717 877 1742 conatus
901 1712 949 1741 sit.

157 1759 275 1796 lmpuris
291 1767 358 1796 ergo
365 1767 428 1788 euui
441 1759 658 1794 cogitationibus
669 1759 754 1786 veluti
766 1757 951 1794 profanarum

159 1809 206 1843 qul
223 1811 332 1834 sanctus
347 1811 398 1840 est,
418 1806 521 1845 quiquo
538 1806 565 1833 in
581 1805 736 1841 puriﬁcatis
753 1813 800 1840 per
816 1804 896 1832 [idem
913 1811 951 1831 re-

159 1852 271 1888 quiesci!
287 1860 297 1880 :
313 1859 384 1888 quos
398 1853 421 1880 sl
431 1851 655 1887 pusillanimilate
669 1851 769 1878 viderit
781 1850 950 1881 laborantes,

157 1899 191 1927 ad
219 1898 319 1927 virium
340 1898 544 1930 collectionem,
569 1898 708 1933 cordisque
726 1898 810 1925 robur
825 1897 950 1925 excitan-

157 1946 224 1974 dum
250 1944 430 1977 cohortatur;
449 1944 544 1979 eisque
566 1943 649 1971 vitam
662 1951 766 1975 veram,
785 1942 832 1978 qui
850 1942 951 1978 spiritu

157 1995 271 2027 egentes
289 1995 371 2024 sunt,
382 1991 523 2026 verboque
534 1989 740 2024 obtemperant,
758 1988 902 2024 elargitur.
919 1988 950 2017 In

156 2037 298 2066 Christum
320 2037 394 2065 enim
411 2044 473 2064 sese
492 2036 658 2064 extulerunt
676 2035 725 2071 qui
741 2035 777 2063 de
790 2035 893 2063 lsraele
907 2042 951 2063 re-

157 2086 331 2112 manserunt.
345 2081 509 2118 Quanquam
523 2085 615 2109 tamen
627 2087 655 2110 et
668 2089 717 2109 eos
732 2081 806 2109 bono
818 2089 880 2110 esse
888 2081 952 2110 ani—

157 2136 215 2161 Iuo,
240 2132 353 2163 propter
369 2127 513 2162 reliquias,
534 2131 563 2155 et
585 2127 713 2159 salutem,
741 2135 824 2162 quam
852 2127 951 2155 ultimo

158 2174 270 2202 tandem
286 2173 463 2202 consecuturi
479 2176 554 2205 sunt.
573 2172 662 2207 jubet.
680 2171 740 2199 Non
756 2173 950 2208 enim,inquit,

157 2221 186 2248 in
214 2221 293 2255 ﬁnem
322 2227 404 2254 usque
423 2219 494 2246 iram
521 2218 688 2252 extendam;
706 2225 818 2255 propter
833 2227 864 2247 ea
891 2227 952 2255 quae

1036 1392 1117 1425 Τινὲς
1129 1393 1159 1420 δὲ
1173 1392 1224 1429 τὴν
1237 1391 1425 1429 προκειμένην
1449 1391 1530 1427 ῥῆσιν
1546 1390 1610 1426 περὶ
1624 1388 1726 1420 παντὸς
1746 1387 1800 1415 ἰσ-

1001 1439 1070 1476 ραὴλ
1085 1439 1214 1475 εἰρῆσθαί
1230 1447 1326 1474 φασιν,
1341 1436 1372 1465 οὗ
1385 1438 1416 1464 τὺ
1429 1437 1609 1473 κατάλειμμα
1623 1435 1721 1463 σώσειν
1733 1443 1801 1462 κατ-

999 1486 1198 1522 επαγγέλλεται
1210 1486 1255 1513 διὰ
1279 1485 1398 1518 πίστεως
1415 1485 1467 1520 τῆς
1487 1485 1517 1511 ἐν
1542 1482 1664 1518 Χριστῷ.
1680 1482 1718 1509 Τὸ
1729 1481 1768 1513 δὲ,
1784 1481 1802 1508 ὁ

1014 1531 1162 1560 κατοικῶν
1182 1532 1218 1560 ἐν
1242 1531 1385 1566 ὑψηλοῖς,
1399 1530 1431 1558 τὸ
1454 1530 1506 1566 τῆς
1524 1529 1598 1556 κατὰ
1621 1528 1702 1564 φύσιν
1716 1528 1802 1562 ὑπερ-

998 1579 1065 1615 οχῆς
1082 1578 1220 1615 ὰμείωτον
1231 1577 1369 1605 δείκνυσιν
1393 1576 1485 1613 (ὑπὲρ
1508 1577 1600 1604 πάντα
1617 1576 1673 1611 γὰρ
1698 1575 1715 1610 ἡ
1739 1574 1803 1601 Θεία

1006 1626 1088 1661 φύσις
1099 1624 1121 1661 ),
1136 1626 1206 1660 δπερ
1222 1625 1281 1652 ἐστὶ
1289 1623 1465 1660 διαμένουσα,
1481 1623 1506 1650 εί
1521 1623 1569 1650 καὶ
1589 1621 1699 1657 Ἰσραὴλ
1716 1620 1803 1655 αὐτὴν

1003 1671 1183 1706 ἐταπείνωσε,
1199 1669 1367 1707 παραϐαλὼν
1375 1671 1431 1702 τοῖς
1446 1669 1567 1701 εἰδώλοις
1581 1669 1678 1704 αὑτήν.
1694 1667 1803 1702 Ὠσπερ

1003 1716 1050 1746 οὖν
1065 1717 1180 1753 ὲμόλυνε
1192 1718 1253 1749 ταῖς
1263 1716 1433 1752 ἀκαθάρτοις
1445 1715 1562 1747 ἐννοίαις
1573 1715 1630 1742 τὸν
1644 1715 1742 1750 ἅγιον,
1755 1713 1804 1740 καὶ

1002 1765 1061 1796 τοῖς
1075 1764 1121 1791 διὰ
1137 1764 1257 1796 πίστεως
1279 1763 1460 1799 καθαρθεῖσιν
1483 1762 1733 1797 ἀναπαυόμενον·
1755 1760 1803 1792 οὓς

1004 1810 1038 1838 ἂν
1062 1810 1105 1846 τδῃ
1121 1809 1391 1845 μικροψυχοῦντας
1403 1830 1410 1841 ,
1428 1809 1530 1845 φησιν’
1548 1807 1734 1844 ’Δνδρίζεσθε,
1754 1807 1803 1834 καὶ

1004 1856 1195 1892 κραταιούσθω
1208 1857 1228 1891 ἡ
1240 1855 1348 1891 καρδία
1360 1855 1449 1892 ὑμῶν,
1460 1854 1537 1889 ζωήν·
1549 1863 1579 1882 τε
1595 1854 1703 1882 δίδωσιν
1714 1853 1802 1889 ἀληθῆ

1003 1903 1062 1935 τοῖς
1077 1902 1196 1938 πτωχοῖς
1209 1901 1251 1938 τῷ
1266 1902 1421 1937 πνεύματι,
1438 1902 1486 1929 καὶ
1504 1899 1684 1936 πειθαρχοῦσι
1700 1898 1742 1935 τῷ
1757 1898 1803 1926 λό-

1004 1956 1060 1985 γῳ·
1081 1958 1090 1976 ι
1103 1948 1133 1976 Ὀ
1149 1948 1203 1985 γὰρ
1220 1948 1314 1981 λοιπὸς
1336 1947 1446 1984 Ἰσραὴλ
1471 1947 1646 1985 κατεπῄρετο
1669 1944 1718 1973 τοῦ
1733 1945 1802 1980 Χριο

1007 1995 1082 2024 στοῦ.
1096 1995 1172 2031 Πλὴν
1196 1995 1244 2022 καὶ
1259 1995 1354 2023 τούτου
1365 2000 1378 2020 Ρ
1393 1994 1537 2026 εὐέλπιδας
1553 1992 1743 2030 ἀπεργάζεται
1757 1991 1802 2018 διὰ

1004 2042 1035 2070 τὺ
1050 2042 1242 2078 κατάλειμμα,
1257 2042 1307 2069 καὶ
1323 2042 1373 2078 τὴν
1389 2041 1435 2069 ἐπ’
1449 2041 1573 2077 ἐσχάτων
1596 2039 1686 2067 αὐτῶν
1713 2047 1802 2074 σωτη-

1005 2087 1078 2124 ρίαν.
1098 2088 1159 2115 οὐκ
1171 2088 1215 2120 είς
1230 2087 1319 2120 τέλος
1332 2087 1387 2123 γὰρ
1403 2085 1549 2123 παρατενῶ
1564 2085 1622 2120 τὴν
1636 2083 1740 2120 ὀργὴν,
1757 2083 1801 2111 διὰ

1004 2133 1053 2169 τὴν
1069 2134 1138 2169 πρὸς
1159 2134 1223 2165 τοὺς
1239 2133 1363 2168 Πατέρας
1379 2133 1561 2167 ἐπαγγελίαν,
1579 2132 1626 2159 καὶ
1642 2132 1684 2158 ὅτι
1700 2131 1801 2162 πάντες

1005 2180 1061 2215 ἐμὰ
1074 2180 1223 2215 τυγχάνετε
1245 2179 1582 2215 κτίσματα,Ἐξέλευσιν
1596 2178 1650 2213 γὰρ
1667 2177 1801 2212 πνεύμα-

1005 2234 1057 2259 τος
1073 2225 1103 2253 οὐ
1125 2224 1173 2252 τοῦ
1190 2224 1325 2260 παναγίου
1342 2224 1436 2261 φησίν.
1453 2224 1515 2256 Πῶς
1541 2224 1596 2260 γὰρ
1618 2224 1652 2251 ἂν
1674 2223 1802 2257 ποίησιν

157 2267 311 2302 majoribus
330 2266 433 2294 vestris
460 2266 519 2301 ipse
546 2273 608 2294 sum
630 2265 785 2301 pollicitus;
809 2270 838 2294 et
866 2267 901 2294 ob
923 2267 949 2294 id

1006 2271 1177 2307 παρείληφεν
1202 2271 1246 2298 ἐπ’
1263 2270 1368 2304 αὐτοῦς
1391 2270 1601 2306 καταχρηστικῇ
1627 2268 1655 2295 δὲ
1680 2267 1751 2300 λέξει
1771 2267 1802 2294 τὺ

157 2313 254 2345 etiam,
278 2312 352 2347 quod
372 2311 442 2339 estis
469 2318 486 2339 a
503 2319 663 2340 meomnes
686 2313 838 2347 procreati.
856 2311 949 2348 Neque

1002 2317 1205 2354 δημιουργηοὲν
1230 2318 1260 2344 ὲν
1285 2318 1351 2352 ἡμῖν
1378 2316 1580 2344 ὑπαινίττεται.
1599 2315 1679 2347 Τινὲς
1694 2314 1724 2341 δὲ
1738 2314 1802 2342 ἀντὶ

157 2359 231 2386 enim
250 2358 323 2393 quod
336 2358 446 2392 spiritus
459 2358 607 2394 egressione
618 2358 739 2392 additur,
755 2359 789 2387 de
804 2367 953 2388 sacrosan-

158 2409 204 2434 cto
219 2405 277 2438 illo,
287 2405 334 2441 qui
346 2405 435 2440 factus
446 2412 588 2440 nunquam
601 2404 655 2432 dici
670 2409 765 2440 queat,
776 2405 951 2442 intelligitur:

159 2451 207 2480 sed
222 2459 286 2479 eunt
302 2451 435 2479 dictionis
448 2451 597 2485 abusione,
614 2451 661 2487 qui
678 2451 706 2479 in
723 2451 804 2479 nobis
819 2452 854 2479 ab
870 2452 950 2488 opifi-

157 2507 190 2527 ce
203 2498 259 2526 Deo
275 2498 367 2527 factus
384 2502 439 2532 est,
451 2497 601 2535 signiﬁcari
612 2498 709 2526 voluit.
720 2497 852 2526 Nonnulli
867 2499 952 2528 etiam

158 2545 226 2574 dum
240 2553 290 2581 pro
303 2544 463 2581 egredietur,
477 2545 625 2573 inculcetur
639 2545 746 2578 dicunt.
760 2546 858 2582 ﬂatum
874 2546 952 2575 illum

159 2597 259 2628 pulsnt
277 2591 414 2629 intelligi,
435 2591 483 2630 qui
510 2592 622 2627 corpori
650 2592 864 2626 commiscetur,
886 2593 953 2622 licet

159 2638 284 2667 eamdem
298 2646 362 2667 eum
378 2645 411 2666 eo
426 2637 612 2666 substantiam
629 2645 683 2665 nou
697 2638 815 2672 habeat;
833 2638 894 2673 sed,
912 2639 951 2667 uti

160 2684 250 2714 lloses
264 2685 312 2719 ait,
329 2692 361 2713 su
366 2692 450 2721 pcrue
465 2684 634 2712 demittatur.
649 2683 747 2714 chem
759 2683 859 2713 deinde
871 2691 952 2715 vocat

194 2763 219 2781 ³³
233 2763 307 2791 l'sal.
318 2769 363 2796 CL,
378 2763 406 2791 6.
456 2762 464 2779 '
479 2761 531 2791 Job
549 2769 636 2794 xxvn.
657 2761 684 2789 5.
722 2763 733 2778 ‘
748 2761 831 2790 Hebr.
847 2769 895 2796 xu,
912 2763 939 2791 6.
977 2764 988 2781 ⁸

1000 2362 1048 2390 τοῦ
1064 2363 1258 2396 ἐξελεύσεται
1269 2383 1276 2395 ,
1290 2361 1519 2396 ἐνειληΘήο-εται
1534 2361 1565 2388 τὸ
1581 2361 1662 2397 ῥητὸν
1679 2357 1802 2396 παραθέ-

1003 2417 1090 2445 μενοι,
1109 2408 1167 2443 τὴν
1181 2407 1281 2443 πνοὴν
1294 2407 1393 2444 δηλοῦν
1413 2415 1481 2443 φασι
1501 2407 1552 2442 τὴν
1570 2404 1801 2442 συμπλεκομένην

1000 2454 1041 2491 ’τῷ
1063 2455 1182 2491 σώματι,
1197 2455 1222 2482 εί
1246 2455 1294 2482 καὶ
1311 2454 1349 2491 μὴ
1365 2454 1510 2490 ὁμοούσιος
1533 2453 1619 2489 αὐτῷ,
1635 2451 1800 2488 πεμπομένη

1007 2502 1036 2529 δὲ
1055 2501 1168 2536 ἄνωθεν,
1183 2500 1256 2529 καθά
1273 2509 1340 2536 φησι
1354 2501 1468 2537 Μωσῆς.
1485 2500 1596 2536 Μικρὰν
1607 2499 1636 2526 δὲ
1650 2498 1699 2534 τὴν
1716 2505 1803 2532 τιμω-

1009 2549 1071 2585 ρίαν
1089 2547 1157 2584 πρὺς
1179 2548 1230 2580 τὰς
1251 2547 1342 2575 αὐτῶν
1359 2547 1504 2582 ἁμαρτίας
1518 2546 1606 2580 καλεῖ,
1620 2545 1668 2573 καὶ
1683 2545 1717 2579 ἠν
1729 2542 1802 2570 κατὰ

1005 2594 1126 2631 Χριστοῦ
1153 2594 1298 2633 παροινίαν
1326 2593 1506 2629 εἰργάσαντο,
1521 2592 1601 2628 δι’ἠν
1624 2589 1723 2622 αὐτοὺς
1747 2589 1802 2616 ἀπ-

1005 2641 1130 2678 εστράφη
1139 2639 1289 2677 προειπών
1303 2640 1404 2667 (Ὅταν
1412 2639 1460 2671 τὰς
1469 2639 1563 2675 χεῖρας
1575 2637 1652 2674 ὑμῶν
1661 2634 1802 2669 ὲκτείνητε

1004 2689 1075 2724 πρός
1093 2696 1138 2724 με,
1154 2686 1321 2723 ἀποστρέψω
1345 2685 1376 2713 τὸ
1400 2684 1547 2722 πρόσωπόν
1573 2692 1625 2720 μου
1652 2681 1800 2726 αφ’ὑμῶν.

1004 2764 1086 2792 Rom.
1103 2772 1141 2798 ιι,
1153 2764 1200 2792 27.

803 2820 923 2851 νΔΒίᾹΞ
942 2821 1145 2852 LECTIONES.

215 2874 229 2891 ι
250 2878 295 2905 γρ,
312 2869 360 2907 μή,
417 2874 431 2889 ο
446 2879 491 2906 γρ.
523 2869 616 2906 φησίν.
674 2875 687 2896 ι’
703 2869 745 2897 τσ.
763 2868 860 2905 τούτῳ.
