1999 3076
173 145 244 178 2585

745 150 1012 183 COMMENTARII
1034 153 1075 184 IN
1096 153 1239 184 ISAIAM.

1741 158 1812 191 “2:386

171 203 226 230 Καὶ
249 202 296 229 ἐὰν
320 201 477 238 πληϐύνητε
496 201 545 238 τὴν
562 202 673 238 δέησιν,
695 204 746 231 οὐκ
771 206 968 242 εἰσακούσομαι

1023 209 1164 241 ultionem,
1181 210 1203 236 si
1214 217 1277 237 cuin
1287 212 1405 244 peccatis
1417 219 1523 247 eorum,
1539 220 1658 249 cumque
1672 221 1716 245 ea,
1728 222 1811 250 quam

171 248 259 282 ὑμῶν.
270 248 303 274 Αἰ
316 247 371 283 γὰρ
381 249 473 282 χεῖρες
487 247 566 283 ὑμῶν
578 249 695 284 αἵματος
710 250 851 286 πλήρεις.»
864 252 965 279 Παύσω

170 294 198 320 δὲ
221 293 270 328 τὴν
295 293 511 328 ἀποστροφὴν,
538 295 604 322 ὅταν
628 296 799 332 μετανοήσας
827 298 964 333 πορεύσῃ

171 339 316 372 στυγνός.

1019 254 1130 282 Christo
1139 255 1303 289 intulerunt,
1315 257 1484 285 contumelia
1496 258 1670 286 conferatur:
1684 259 1718 287 ob
1729 267 1811 294 quam

1018 305 1046 327 et
1062 308 1111 328 eos
1135 309 1166 328 se
1181 307 1261 329 antea
1280 302 1402 329 aversari
1425 303 1499 330 hunc
1521 304 1548 330 in
1563 306 1674 332 modum
1692 308 1811 332 testatus

1019 346 1062 373 est
1086 355 1093 374 :
1123 355 1133 372 ι
1161 346 1230 374 Cum
1255 348 1436 376 ostenderitis
1461 357 1560 378 manus
1579 355 1685 378 vestras
1713 351 1745 379 ad
1770 359 1812 378 me

172 389 293 412 avertam
311 385 416 413 vultum
441 393 532 414 meum
549 394 565 414 a
581 387 670 416 vobis.
687 388 720 416 Et
736 390 759 417 si
770 389 1020 426 multiplicaveritis
1032 400 1139 428 preces,
1159 401 1215 421 non
1249 395 1393 422 exaudiam
1427 403 1485 424 vos.
1522 396 1620 424 Manus
1651 398 1724 424 enim
1762 405 1810 424 ve»

172 435 238 458 stne
260 431 393 466 sanguine
419 432 506 466 plena:
539 437 605 461 sunt
619 433 641 461 ⁸.
661 433 808 463 tCessabo
827 439 918 463 tamen
937 439 963 464 et
985 436 1044 472 ipse
1070 439 1250 472 telauersari,
1274 447 1336 466 cum
1359 441 1495 475 poenitere
1533 441 1616 477 652
1657 443 1810 477 tristemque

173 477 312 505 ambulare
324 479 484 513 contigerit.

208 523 297 561 Τεὺξῃ
308 524 362 560 γὰρ
374 524 522 559 ἀληθινῆς
535 524 769 559 παρακλήσεως,
783 526 833 562 τῆς
848 525 892 553 διὰ
902 526 967 562 Χριο

173 569 238 597 στοῦ
260 570 371 605 χάριτος
394 569 554 605 δικαιούσης
571 571 600 597 ἐν
625 570 728 603 πίστει,
742 570 790 598 καὶ
807 571 968 606 πληρούσης

172 614 311 650 ἁγιασμοῦ
322 623 329 630 ·
340 614 483 647 Υἱοθεσίας
496 623 526 641 τε
540 615 594 651 γὰρ
609 615 659 643 καὶ
672 615 728 642 τῶν
739 615 891 651 μελλόντων
901 616 968 650 ἁγα-

173 660 229 687 θῶν
256 659 438 695 μεταδίδωσι,
463 659 514 686 καὶ
537 659 660 694 εἰρήνης
685 660 861 695 ἐπέιρήνῃ.
885 660 970 688 Τοῦτ’

173 706 258 734 ἔστιν.
280 727 288 734 .
311 727 319 734 .
340 726 349 733 .
370 726 378 733 .
398 714 517 741 ικουσην
533 706 624 734 δώσει.
647 727 656 735 .
677 727 685 734 .
707 727 715 734 .
734 707 823 742 ἐγγὺς
843 707 968 743 Ἰσραήλ·

172 749 245 787 ἦσαν
271 751 326 786 γὰρ
351 751 513 785 ἐγνωκότες.
535 770 543 779 .
567 772 574 779 .
596 771 604 778 .
627 772 636 780 .
656 752 702 778 τὸν
717 761 756 779 νο.
783 771 792 780 .
816 772 824 780 .
849 761 894 787 μῳ
919 752 968 779 καὶ

173 796 328 832 προφήταις
342 795 407 832 ᾠδὴ.
429 815 438 824 .
459 815 467 824 .
490 816 497 823 .
520 816 526 823 .
547 796 596 824 καὶ
609 798 689 829 τοῖςιι
703 797 824 832 μακρὰν
836 797 965 831 ὲθνικοϊς,

173 841 215 868 ὅτι
237 850 269 876 γε
290 841 393 868 τούτων
412 841 583 877 ἐστέρηνται.
600 841 713 874 Τούτοις
730 843 785 879 γὰρ
801 843 848 870 καὶ
861 843 966 876 Παῦλος

1058 525 1127 554 Vera
1145 526 1411 554 enimcomolationc
1427 527 1556 562 potieris,
1566 536 1628 563 qua:
1644 536 1692 563 per
1705 528 1810 556 Christi

1017 572 1135 607 gratiam
1152 572 1288 606 justiﬂcat
1307 573 1335 600 in
1356 572 1420 604 ﬁde,
1434 577 1463 600 et
1477 574 1701 602 sanctiﬁcatione
1715 575 1812 610 replet.

1018 618 1088 646 Nam
1103 622 1132 646 et
1148 618 1306 653 adoptionis
1322 619 1350 646 in
1362 618 1445 651 ﬁlios,
1464 624 1491 646 et
1506 619 1657 647 futurorun
1678 621 1812 648 bonorum

1020 663 1170 699 participes
1187 664 1280 696 laciet,
1297 669 1325 692 et
1343 665 1418 699 pacis
1429 672 1509 699 super
1523 673 1626 700 pacem.
1648 665 1675 693 id
1690 670 1746 699 est,
1764 675 1814 701 pa-

1020 718 1077 738 cem
1089 715 1225 746 perpetuo
1241 718 1399 740 manentem
1415 711 1521 744 Israeli,
1533 712 1580 747 qui
1593 720 1675 747 prope
1693 717 1742 745 est,
1758 713 1815 740 lar-

1020 757 1121 793 gietur.
1133 757 1222 784 Erant
1238 757 1313 784 enim
1326 764 1422 785 eorum
1433 758 1472 785 illi
1485 758 1630 789 callentes.
1642 766 1703 793 quae
1717 759 1744 786 itt
1755 758 1815 793 lege

1020 807 1047 831 et
1064 803 1206 838 prophetis
1223 803 1406 831 habebantur.
1417 803 1484 836 Quae
1495 808 1572 832 certe
1586 804 1709 832 ethnicis
1721 804 1816 839 procul

1019 850 1134 878 remotis
1157 850 1220 877 ideo
1244 850 1337 885 ignota
1357 850 1481 883 fuerant,
1502 850 1576 885 quod
1599 850 1654 877 illis
1676 855 1814 878 carerent.

175 895 260 921 φησι·
280 896 289 913 ι
303 887 373 914 Νυνὶ
397 886 426 913 δὲ
449 887 474 914 οι
496 887 561 915 ποτὲ
582 888 659 920 ὄντες
683 888 804 924 μακρὰν,
820 890 969 926 ἐγενήθητε

1023 894 1090 923 [stos
1105 896 1179 923 enim
1193 896 1220 923 in
1232 896 1291 923 haec
1308 895 1392 924 etiam
1411 896 1494 924 verba
1511 895 1615 924 Paulus
1636 896 1789 931 alloquitur
1806 905 1813 924 :

173 932 257 966 ἐγγὺς
279 932 309 959 ὲν
332 931 372 966 τῷ
396 931 494 966 αἵματι
519 932 567 959 τοῦ
591 932 720 968 Χριστοῦ.
739 933 970 970 ΠλὴνόΧριστδς

172 978 314 1014 ἀμφότερα
327 977 455 1012 εποίησεν
472 978 511 1011 ἓν,
531 978 594 1010 τοὺς
608 978 655 1006 δύο
666 979 763 1011 κτίσας
777 979 858 1012 λαοὺς
867 981 908 1012 εις
921 981 970 1008 ἕνα

172 1024 265 1052 καινὸν
289 1025 442 1060 ἄνθρωπον,
457 1024 505 1052 καὶ
529 1025 559 1051 τὸ
582 1025 740 1061 μεσότοιχον
764 1026 812 1053 τοῦ
839 1027 969 1063 φραγμοῦ

172 1069 258 1101 λύσας
281 1069 461 1105 εἰρηνεύσατο
487 1068 525 1104 τῷ
553 1069 667 1105 Πατέρι,
684 1079 694 1096 ι
720 1070 788 1106 πρὸς
812 1071 842 1098 ὃν
870 1071 968 1107 ἐλεγε-

175 1125 185 1142 ι
201 1115 276 1143 θέλω
292 1115 336 1142 ἵνα
353 1115 448 1150 ὥσπερ
468 1114 525 1149 ἐγὼ
548 1115 596 1142 καὶ
615 1116 647 1142 σὺ
665 1115 694 1143 ἐν
707 1116 812 1152 ἐσμεν,
828 1115 901 1145 οὕτω
923 1118 970 1146 καὶ

172 1162 251 1189 αὐτοὶ
267 1161 296 1188 ὲν
311 1161 421 1197 ημῖν-ἓν
433 1157 512 1189 ὦσιν.
529 1170 539 1187 ι
557 1161 612 1188 Καὶ
628 1161 660 1189 τὸ
674 1162 824 1197 κεφάλαιον
839 1164 854 1191 6
865 1165 972 1201 προφή-

169 1215 220 1244 της
245 1207 399 1244 ἐπήνεγκεν
421 1207 518 1234 εἰπών’
537 1207 671 1242 Ἰἀσομαι
695 1209 817 1243 αὐτούς.
842 1210 874 1237 0t
901 1210 972 1238 δ’ἐκ

170 1254 273 1281 τούτων
298 1253 476 1285 ἀπειθοῦντες
508 1254 810 1290 κλυδωνισθήσονται
825 1264 832 1271 ·
856 1257 909 1284 κᾶν
931 1257 971 1293 τῷ

171 1301 261 1337 καιρῷ
283 1301 337 1336 γὰρ
359 1300 412 1336 τῆς
437 1301 561 1336 κλήσεως
584 1300 658 1332 τινὲς
670 1302 761 1328 αὐτῶν
778 1303 970 1338 ἀπειθήσουσι,

172 1348 237 1384 περὶ
254 1345 292 1375 ὦν
306 1348 320 1374 6
342 1346 450 1378 Παῦλος
471 1355 571 1382 φησιν·
593 1357 603 1374 ι
615 1347 688 1374 ‘AVO’
699 1345 737 1376 ὧν
756 1349 806 1384 τὴν
823 1349 972 1384 ἐπίγνωσιν

171 1393 224 1428 τῆς
237 1393 367 1429 ἀληθείας
383 1393 435 1420 οὐκ
453 1393 590 1426 ἐδέξαντο,
602 1393 649 1420 διὰ
670 1393 750 1421 τοῦτο
762 1394 866 1430 πέμψει
879 1395 972 1427 αὐτοῖς

172 1440 187 1467 6
203 1439 269 1472 Θεὸς
283 1439 427 1475 ινέργειαν
441 1440 558 1476 πλάνης.
573 1451 583 1468 ι
610 1442 667 1469 Καὶ
681 1443 695 1469 6
709 1443 806 1479 Σωτὴρ
820 1443 849 1471 δέ
868 1453 950 1480 φησιν
963 1452 970 1460 ³

176 1495 186 1513 ι
197 1485 268 1521 Ἐγὼ
282 1486 400 1522 ιλήλυθα
415 1486 446 1513 ὲν
459 1487 499 1524 τῷ
513 1487 627 1523 ὀνόματι
642 1488 689 1516 τοῦ
704 1489 827 1525 Πατέρος
847 1499 911 1525 μου,
925 1491 973 1518 καὶ

173 1532 204 1559 οὐ
222 1531 378 1567 λαμϐάνετέ
394 1533 512 1568 με.Ἐὰν
530 1534 610 1566 ἄλλος
627 1534 693 1570 ἔλθῃ
706 1536 735 1562 ἑν
750 1535 791 1571 τῷ
807 1536 920 1572 ὀνόματι
934 1536 973 1572 τῷ

175 1577 245 1613 ἰδίῳ,
260 1566 376 1604 Ῠὲκεῖνον
395 1566 551 1613 Ἵλήψεσοεοι
583 1566 692 1615 δηλαδή.
711 1579 758 1606 τὸν
776 1566 832 1614 ¹’τῆς
854 1566 972 1615 ανομίας
985 1566 1008 1597 C

174 1625 249 1652 υιόν·
270 1624 369 1656 οἵτινες
391 1623 508 1660 ψυχικὸν
539 1624 707 1660 ὑπομένουσι
728 1626 870 1654 κλύδωνα
893 1626 973 1662 δίκην

175 1670 314 1705 θαλάσσης
328 1670 373 1704 ὑφ’
386 1670 491 1697 ἑαυτῶν
506 1671 712 1706 τιμωρούμενοι
722 1692 730 1705 ,
747 1672 797 1707 τῆς
812 1673 974 1709 ἐγειρούσης

176 1717 226 1753 μὲν
240 1716 352 1752 κύματα
369 1717 468 1752 συνεχῆ
480 1737 487 1750 ,
506 1717 556 1743 καὶ
572 1717 814 1754 παραπεμτωύσης
828 1719 972 1753 αἰγιαλοῖς,

174 1764 226 1799 τὴν
244 1763 273 1790 δὲ
288 1763 391 1790 τούτων
407 1763 557 1791 ἀνάκλασιν
572 1763 655 1790 πάλιν
675 1764 716 1796 εις
735 1764 836 1801 ἑαυτὴν
857 1765 972 1800 δεχομέο

175 1817 235 1845 νης,
249 1808 345 1845 ὥσπερ
368 1804 441 1835 οὗτοι
466 1809 525 1841 τοῖς
548 1808 609 1836 ἀπὸ
631 1808 757 1844 καρδίας
775 1810 974 1844 κυμαῖνον-τες

174 1855 316 1889 λογισμοῖς
336 1855 517 1889 ἀναπαύλης
533 1854 637 1890 τυχεῖν
660 1856 696 1883 οὐ
717 1855 913 1889 δυνήσονται.
927 1856 974 1883 Διὸ

175 1901 224 1928 καὶ
240 1901 356 1936 χαῴειν
369 1901 399 1928 οὺ
411 1901 541 1928 δύνανται
552 1901 602 1936 τῆς
611 1901 696 1934 ὅντως
711 1901 806 1937 χαρᾶς
822 1902 974 1938 ἐστερημέ-

175 1955 215 1974 νοι
232 1946 364 1982 Χριστοῦ.
382 1946 440 1973 Κᾶν
457 1948 511 1983 γὰρ
532 1947 678 1982 χαίρωσιν
692 1948 735 1982 δφ⁷
750 1948 858 1983 ἡδοναῖς
874 1957 972 1983 σαρκι-

175 1994 239 2025 καίς
260 1993 381 2026 ἀσεϐεῖς,
394 1993 451 2020 ἀλλ’
466 1995 506 2025 εις
521 1993 661 2021 ἀπώλειαν
683 1994 929 2030 καταστρέφουσιν.
940 1995 973 2021 'H

175 2040 230 2076 γὰρ
248 2041 279 2066 hc
295 2039 413 2075 θλίψεων
427 2040 501 2076 ζωὴν
515 2041 625 2067 αἰώνιον
637 2041 889 2077 πραγματευομένη
905 2041 972 2077 μόνη

175 2086 263 2122 χαρά.
289 2085 388 2113 Ἷστέον
406 2086 445 2120 δὲ,
460 2087 498 2118 ὡς
510 2087 560 2122 τὴν
574 2087 726 2123 εἰρημένην
738 2087 823 2115 ιασιν
840 2096 872 2114 τε
893 2087 974 2122 sipri-

175 2141 246 2166 νην,
261 2133 308 2159 καὶ
335 2133 460 2160 παῦλαν
476 2132 568 2168 ὀργῆς
580 2153 588 2166 ,
613 2134 677 2169 περὶ
702 2133 753 2169 τῆς
773 2134 803 2167 ἐξ
820 2134 974 2170 Ἀσσυρίων

176 2179 354 2215 ἀνεικλήσεὼς
374 2188 448 2212 τινες
467 2179 653 2215 ὲξειλήφασιν,
671 2180 697 2207 οἲ
717 2180 765 2207 καὶ
779 2181 820 2214 τὸ,
841 2181 904 2214 τοῖς
916 2189 973 2216 μα-

176 2225 263 2260 κρὰν,
279 2226 327 2252 καὶ
340 2225 403 2258 τοῖς
414 2226 515 2262 ἐγγὺς.
531 2227 618 2259 οὕτως
633 2227 758 2263 ἐνόησαν⁹
769 2227 807 2259 ὡς
823 2227 927 2262 ἀγαθὸς
935 2227 973 2254 ὢν
985 2239 1014 2269 D

176 2271 191 2297 6
205 2270 272 2302 Θεὸς
293 2271 324 2297 οὺ
351 2271 442 2306 μόνοις
467 2273 525 2304 τοῖς
547 2273 709 2308 μετανοοῦσι
730 2273 837 2301 δίδωσιν
860 2274 970 2301 ἄνεσιν·

176 2316 246 2343 ἀλλὰ
262 2316 317 2352 γὰρ
329 2316 363 2344 δι’
380 2317 479 2350 αὐτοὺς
496 2318 544 2344 καὶ
564 2319 621 2350 τοῖς
637 2318 666 2345 ὲν
680 2318 856 2354 αἰχμαλωσίᾳ
870 2318 974 2354 τυγχά-

177 2370 280 2394 νουσιν,
299 2362 340 2389 Evt
360 2362 466 2395 πάντας
492 2363 655 2398 συναγαγὼν
680 2364 844 2400 συνθήματι,
870 2365 924 2393 κᾶν
947 2365 973 2393 οι

179 2407 230 2444 μὲν
252 2408 298 2436 διὰ
322 2409 467 2445 μετανοίας
481 2409 628 2444 ἔγγιζοιεν,
644 2410 669 2436 οἱ
686 2410 715 2436 δὲ
726 2412 784 2442 τοῖς
797 2411 893 2443 κακοῖς
908 2411 973 2438 ἐπι-

179 2453 304 2491 μένοντας
322 2456 503 2492 μακρὺνοιντο
517 2455 565 2483 τοῦ
577 2456 657 2488 Θεοῦ,
667 2454 708 2489 οἷς
719 2457 802 2493 ἀρκεῖ
812 2457 878 2493 πρὸς
889 2466 976 2494 τιμωυ

179 2500 244 2536 ρίαν
265 2501 296 2528 τὸ
315 2502 434 2533 συνειδὸς
451 2502 495 2529 διὰ
514 2502 615 2534 παντὸς
633 2503 847 2539 ταραττόμενον.

1023 950 1034 968 ι
1045 941 1124 969 Nunc
1134 946 1236 974 autem,
1244 942 1292 977 qui
1303 941 1453 977 aliquando
1463 943 1548 970 eratis
1558 942 1649 976 longe,
1669 942 1733 969 farti
1747 941 1816 970 estis

1020 993 1106 1021 prope
1125 986 1153 1013 in
1175 986 1311 1020 sanguine
1333 985 1450 1014 Christi.
1471 985 1525 1013 Sed
1545 985 1676 1013 Christus
1697 990 1816 1021 utraque

1020 1038 1106 1058 unum
1130 1030 1206 1064 fecit,
1221 1031 1292 1058 duos
1304 1038 1406 1059 crcans
1423 1031 1541 1066 populos
1559 1031 1585 1058 in
1603 1039 1705 1058 norum
1729 1039 1814 1058 unum

1020 1076 1177 1111 hominem;
1205 1082 1232 1105 et
1253 1077 1375 1105 meditnn
1397 1077 1531 1112 parietem
1555 1077 1682 1105 maceriae
1702 1078 1816 1106 solvens

1021 1121 1094 1150 Patri
1115 1122 1306 1150 reconciliavit
1320 1122 1332 1138 ⁸
1349 1131 1356 1149 :
1380 1131 1389 1148 ι
1415 1121 1450 1149 ad
1466 1129 1549 1157 quem
1570 1126 1597 1150 et
1615 1122 1669 1150 ista
1689 1122 1813 1155 ejusdem

1021 1167 1138 1204 legimus
1154 1175 1161 1194 :
1182 1177 1192 1194 ι
1208 1167 1288 1201 Volo,
1307 1167 1398 1199 Pater.
1419 1172 1459 1199 ut,
1476 1168 1708 1203 quemadmodum
1720 1175 1771 1203 ego
1786 1170 1816 1195 et

1020 1218 1051 1242 tu
1069 1221 1155 1242 unum
1170 1221 1278 1247 sumus,
1293 1214 1335 1242 sic
1346 1218 1374 1242 et
1391 1215 1442 1249 ipsi
1455 1214 1484 1242 in
1499 1215 1580 1242 nobis
1595 1223 1681 1242 ttnttm
1694 1215 1751 1242 sint
1764 1215 1786 1240 ⁸.
1801 1222 1812 1240 ι

1021 1261 1114 1295 Atqui,
1137 1260 1210 1295 quod
1227 1267 1366 1287 summum
1382 1265 1437 1293 est,
1462 1264 1490 1287 et
1508 1260 1690 1295 praecipuum,
1712 1259 1816 1293 adjecit

1022 1304 1166 1339 propheta,
1185 1312 1248 1331 cum
1268 1312 1311 1331 eos
1326 1312 1353 1331 se
1366 1309 1544 1332 sanaturum:
1560 1305 1607 1340 qui
1625 1310 1717 1332 autem
1727 1312 1760 1332 ex
1772 1303 1815 1332 eis

1022 1350 1149 1379 inﬁdeles
1165 1349 1280 1383 fuerint,
1296 1350 1479 1384 ﬂuctuaturos
1493 1350 1575 1378 dixit.
1595 1350 1667 1377 Sunt
1678 1350 1751 1377 enim
1768 1357 1817 1377 eo-

1022 1404 1084 1424 rum
1102 1396 1227 1424 nonnulli
1242 1396 1302 1432 ipso
1317 1397 1402 1423 etiam
1419 1401 1553 1431 tempore,
1569 1403 1625 1431 quo
1640 1395 1685 1423 ﬁet
1697 1395 1816 1426 vocatio,

1022 1443 1177 1478 pertinaces
1195 1441 1293 1474 futuri,
1309 1442 1336 1469 in
1357 1450 1430 1478 quos
1444 1446 1510 1470 sunt
1522 1447 1548 1470 et
1565 1442 1618 1470 ista
1629 1442 1713 1469 etiam
1729 1441 1819 1476 Apos-

1024 1487 1072 1515 toli
1092 1496 1100 1515 :
1127 1496 1137 1513 t
1166 1486 1397 1522 Quandoquidem
1420 1487 1548 1515 veritatis
1569 1487 1740 1523 agnitionem
1762 1494 1818 1514 non

1024 1537 1198 1568 receperunt,
1215 1533 1278 1560 ideo
1300 1533 1392 1561 mittet
1405 1533 1461 1561 illis
1474 1533 1548 1561 Deus
1564 1534 1752 1569 operationem
1771 1540 1819 1560 er-

1025 1579 1096 1606 roris
1109 1578 1132 1606 ⁷.
1148 1587 1157 1604 ι
1186 1578 1219 1605 Et
1235 1579 1388 1607 Salvatoris
1406 1587 1413 1606 :
1427 1589 1436 1606 ι
1460 1579 1517 1615 Ego
1528 1579 1590 1607 veni
1608 1580 1637 1606 itt
1647 1579 1758 1607 nomine
1768 1578 1819 1606 Pa-

1025 1624 1076 1652 tris
1098 1625 1164 1656 mei,
1188 1632 1278 1659 neque
1300 1633 1343 1653 me
1363 1625 1502 1661 accipitis.
1527 1625 1557 1652 Si
1578 1626 1684 1653 venerit
1705 1626 1775 1653 alius
1790 1626 1819 1653 in

1024 1670 1136 1697 nomine
1154 1670 1279 1705 proprio,
1297 1670 1382 1697 istuttt
1400 1671 1546 1706 accipietis
1560 1670 1572 1687 ⁸
1586 1679 1594 1704 ς
1610 1671 1696 1698 ﬁlium
1716 1671 1819 1706 iniqui-

1024 1715 1089 1743 tatis
1106 1715 1223 1749 scilicet.
1241 1715 1332 1750 Atque
1345 1715 1384 1742 illi
1400 1716 1513 1750 quidem
1533 1715 1586 1751 ipsi
1603 1720 1678 1749 sunt,
1698 1716 1744 1751 qui
1757 1715 1819 1743 atti-

1024 1770 1076 1790 ma:
1095 1762 1297 1797 fluctuationem
1319 1763 1474 1798 patiuntur,
1496 1763 1582 1791 maris
1604 1763 1693 1790 instar
1711 1763 1821 1798 seipsos

1025 1808 1191 1835 ulciscentes
1210 1807 1307 1842 :quod
1329 1816 1400 1843 quos
1420 1808 1522 1836 ﬂuctus
1543 1808 1577 1836 ad
1600 1809 1693 1836 littora
1716 1809 1819 1840 trudit.

1024 1854 1136 1882 assidue
1151 1854 1224 1889 parit
1237 1853 1363 1888 quidem;
1381 1854 1429 1882 sed
1438 1855 1596 1882 earumdem
1612 1855 1640 1882 in
1652 1863 1682 1883 se
1691 1855 1821 1883 reﬂexio-

1025 1908 1087 1928 nent
1112 1907 1223 1928 rursum
1243 1901 1298 1935 pati
1325 1900 1457 1936 cogitur;
1483 1909 1540 1928 non
1557 1901 1638 1928 aliter
1655 1909 1738 1936 quam
1762 1901 1818 1932 isti,

1024 1946 1071 1981 qtti
1090 1946 1177 1973 cordis
1193 1954 1302 1981 semper
1318 1946 1480 1981 ﬂuctuantes
1491 1947 1716 1982 cogitationibus,
1730 1947 1819 1982 quies-

1024 2001 1082 2020 cere
1101 2001 1239 2028 nunquam
1255 1997 1400 2027 poterunt,
1419 2001 1510 2028 neque
1531 1993 1671 2028 gaudere:
1689 1994 1754 2028 quia
1777 1994 1820 2021 tti-

1026 2040 1127 2067 mirum
1149 2047 1215 2068 vero
1225 2040 1341 2075 gaudio,
1369 2040 1395 2067 id
1414 2044 1459 2068 est
1472 2040 1596 2074 Christo,
1619 2040 1818 2068 destituuntur.

1025 2085 1207 2119 Quantumvis
1234 2086 1308 2114 enim
1325 2086 1472 2121 gaudeant,
1489 2086 1536 2122 qui
1554 2087 1678 2122 corporis
1688 2087 1817 2122 voluptao

1025 2133 1101 2161 tibus
1120 2132 1282 2168 indulgent;
1307 2137 1432 2161 extrema
1449 2137 1542 2160 tamen
1557 2133 1705 2168 occupabit
1720 2133 1818 2160 interi-
1864 2153 1877 2160 -

1025 2184 1081 2208 ttts.
1096 2179 1144 2207 Est
1159 2179 1232 2206 enim
1249 2187 1334 2207 unum
1350 2179 1418 2206 illud
1429 2184 1455 2206 et
1466 2179 1584 2207 solidum
1595 2179 1818 2214 gaudiumqnod

1027 2227 1089 2254 vita:
1112 2227 1312 2261 perennitatem
1337 2225 1536 2253 atllictionibus
1565 2226 1689 2253 molitur.
1725 2225 1820 2260 Neque

1027 2281 1092 2302 vero
1106 2273 1329 2309 praetereundum
1346 2277 1399 2306 est,
1411 2272 1485 2308 quod
1506 2274 1635 2308 superius
1647 2272 1682 2300 de
1697 2272 1821 2299 sanatio-

1027 2328 1069 2352 ne.
1085 2319 1118 2347 de
1128 2327 1205 2354 pace,
1220 2319 1302 2354 653
1316 2319 1463 2354 deqneira:
1478 2319 1635 2346 remissione
1651 2318 1756 2346 dictum
1765 2322 1820 2349 est,

1027 2366 1060 2394 ad
1072 2364 1193 2393 reditum
1213 2372 1247 2392 ex
1263 2365 1378 2400 Assyria
1393 2364 1547 2392 nonnullos
1562 2363 1712 2394 retulisse;
1725 2363 1822 2390 Deum-

1027 2419 1081 2448 que
1103 2418 1152 2447 per
1170 2415 1287 2438 remotos
1303 2415 1328 2438 et
1354 2410 1527 2445 propinquos,
1542 2417 1597 2437 non
1620 2408 1823 2444 penitentibus

1028 2457 1122 2490 modo,
1138 2457 1187 2486 sed
1199 2457 1318 2492 captivis
1332 2457 1417 2485 etiam
1430 2456 1560 2483 omnibus
1572 2463 1627 2483 uno
1642 2455 1747 2483 findere
1755 2461 1824 2482 con-

1028 2503 1151 2539 gregatis
1176 2503 1284 2530 veniam
1304 2502 1399 2538 largiri
1414 2502 1605 2538 signiﬁcasse;
1625 2499 1814 2535 quamtumvis

179 2545 237 2574 Deo
261 2553 374 2583 propter
391 2548 580 2583 paenitentiam
597 2548 653 2576 sint
678 2549 793 2584 quidam
814 2549 976 2584 viciniores,
995 2549 1107 2585 quidam
1127 2553 1220 2577 autem
1234 2554 1346 2585 propter
1358 2548 1422 2577 vita
1455 2547 1655 2583 turpitudinem
1682 2547 1816 2574 remotio-
1837 2552 1843 2592 γ

178 2601 225 2623 res
241 2602 249 2628 ;
266 2595 369 2631 quibus
381 2595 415 2623 ad
429 2595 562 2623 ultionem
576 2595 747 2624 conscientia
763 2595 864 2624 sumcit
872 2600 1005 2632 perpetuo
1019 2595 1195 2624 conturbata.
1838 2598 1841 2599 ⁷

214 2672 289 2702 Ἰεο.
304 2680 325 2707 I,
341 2673 385 2701 l5.
422 2673 434 2690 '
448 2672 592 2708 EphESJI,
608 2673 704 2702 15-ιῦ.
743 2677 754 2693 ⁸
768 2673 848 2701 Joan.
867 2681 933 2707 xvtt,
951 2673 997 2701 2|.
1037 2674 1047 2689 ⁷
1064 2674 1086 2701 ll
1098 2673 1198 2702 Thess.
1217 2681 1246 2708 tt,
1263 2674 1305 2702 l0.
1344 2674 1356 2692 ⁸
1371 2673 1451 2702 Joa'n.
1468 2682 1496 2708 ν,
1513 2674 1559 2702 45.

820 2750 940 2780 νΑΙζΙᾸί
957 2750 1164 2780 LECTIONES.

217 2830 232 2852 ιι
250 2833 296 2859 γρ.
310 2823 479 2855 Μεταδὼσει,
496 2823 546 2860 και
561 2823 736 2859 εῐρῆνης,ὲπ¹
749 2823 846 2860 εζρήνῃ
859 2823 1062 2860 concinnast
1078 2823 1212 2858 μένουσαν
1225 2823 1304 2852 δώσει
1324 2823 1438 2860 εἰρήνην
1451 2821 1490 2860 τῷ
1504 2823 1587 2857 ἐγγυς
1597 2821 1714 2858 Ἰσραήλ.
1729 2819 1819 2852 Ἦσαν

186 2860 239 2897 γὰρ
254 2858 409 2896 ἐγνωκότες
421 2860 455 2887 τὰ
470 2861 499 2886 ἐν
518 2858 605 2895 νόμῳ,
624 2861 670 2886 καὶ
687 2858 853 2894 τροφῆταιξ,
865 2859 883 2887 ἂ
896 2858 929 2893 δὴ
949 2858 1080 2894 ἠγνόηται
1096 2859 1141 2886 καὶ
1155 2860 1220 2892 τοῖς.
