1999 3076
172 128 243 159 2.337

456 182 582 209 ΚΕΦΛΛ.
609 182 674 209 Nil'.

207 227 294 257 α-κα’.
319 229 505 262 Ἀι-αϐόησον
522 228 557 255 ἐν
575 229 668 262 Ζσκύϊ,
679 228 727 254 καὶ
741 227 785 263 μὴ
800 229 893 263 gelen
906 238 912 244 '
926 229 966 262 ὡς

172 273 326 309 σάλπιγγα
350 274 479 308 ῦψωσον
505 273 562 307 τὴν
587 273 692 308 φωνήν
708 280 782 304 σου,
799 274 849 301 καὶ
877 273 967 310 ἀνάν-

172 320 274 354 γειλον
294 318 335 350 τῷ
357 318 421 351 λαῷ
442 327 502 353 μου
524 316 560 344 τὰ
579 317 776 352 ἁμαρτήματα
789 318 897 351 αὐτῶν,
916 320 967 346 καὶ

172 364 213 397 τῷ
229 365 300 398 οἴκῳ
320 363 427 391 Ἰακὼϐ
441 363 494 397 τὰς
512 363 639 398 ἀνομίας
652 364 762 391 αὐτῶν.
773 365 839 399 Ἐμὲ
852 364 967 399 ἡμέραν

172 409 208 442 ἐξ
225 409 337 444 ἡμέρας
361 409 493 443 ζητοῦσι,
511 402 561 436 καὶ
587 409 700 444 γνῶναι
718 419 778 444 μου
802 410 854 442 τὰς
876 409 968 443 ὁδοὺς

172 455 384 490 ἐπιθυμοῦσιν,
403 454 445 488 ὡς
467 454 542 487 λαός
561 455 762 488 δικαιοσύνην
784 455 966 489 πεποιηκὼς,

174 502 222 528 ραι)
244 501 345 538 κρίσιν
368 501 442 528 Θεοῦ
459 501 552 528 αὐτοῦ
573 502 616 536 μὴ
640 501 922 536 ἑγιιιιτιιλελοιπὼς,
937 511 966 529 κ.

173 556 200 573 τ.
214 546 239 573 λ.

210 591 389 628 Θεραπεύσας
414 593 428 619 6
452 592 530 626 λόγος
546 593 609 624 τοὺς
632 593 661 619 ἐν
675 593 714 628 τῷ
729 593 825 629 πλήθει
840 594 888 620 τοῦ
902 594 968 621 λαοῦ

175 638 319 670 ταπεινοὺς
335 639 382 665 καὶ
400 639 649 674 συντετριμμένους
663 641 696 674 τῇ
711 640 822 675 καρδίᾳ,
834 640 967 674 μεταδαί-

174 692 214 710 νει
232 683 325 711 λοιπὸν
342 684 389 709 ἐπὶ
405 683 437 710 τὸ
452 684 546 719 τάγμα.
560 684 614 710 τῶν
628 685 657 710 ἐν
670 685 761 716 αὐτοῖς
773 685 890 718 ἀσεῦῶν,
903 687 968 722 περὶ

174 726 211 756 ὦν
228 729 337 764 ἔλεγεν,
350 729 408 755 Οὐκ
421 729 480 755 ἐστι
494 730 600 765 χαίρειν
615 731 672 762 τοῖς
686 730 797 757 ἀσεϐέσι
810 751 818 763 ,
834 731 969 759 διδάσκων

173 775 248 806 τίνες
262 783 292 801 τε
307 771 390 807 οὗτοι,
405 775 453 802 καὶ
472 775 530 802 ἀνθ’
541 777 603 803 ὅτου
619 776 679 803 κατ’
692 777 783 804 αὐτῶν
798 778 966 812 ἁπεῳήνατο.

181 821 303 855 Ἀφόὸως
324 819 387 854 οὖν,
406 822 454 848 καὶ
477 823 525 849 σὺν
551 823 692 859 παρρησίᾳ
715 823 803 849 ταῦτα
823 823 904 858 ,βοᾷν
930 825 969 860 τῷ

175 869 303 903 προφήτῃ
317 868 547 903 παρακελεύεται.
563 869 648 895 Τοῦτο
662 869 716 905 γάρ
728 870 786 896 ἐστι
804 870 834 896 τὸ
846 870 968 904 ὑψῶσαι

175 914 233 947 τὴν
248 915 363 949 φωνὴν,
373 915 411 947 ὡς
426 916 480 942 ἀπὺ
494 917 664 952 σάλπιγγος
679 918 744 949 τοὺς
760 917 888 952 ἐλέγχους
901 927 970 954 προ-

176 961 303 995 φέροντα.
322 962 400 988 Κατὰ
414 962 510 998 καιρὸν
531 963 560 990 δὲ
581 963 620 995 ὡς
641 964 686 990 ἐπὶ
708 963 776 990 Θεοῦ
799 964 934 1000 πολεμίων
951 966 969 1000 ή

175 1007 309 1042 σάλπιγξ
323 1008 521 1043 παρείληπται.
538 1009 600 1040 Τοῖς
616 1009 666 1044 μὲν
690 1007 736 1036 οὖν
762 1011 970 1045 εὐαγγελισταῖς

175 1049 218 1076 διὰ
230 1050 285 1077 τῶν
301 1051 418 1085 πρόσθεν
429 1052 547 1086 ἐλέγετο·
559 1062 568 1078 ι
579 1053 639 1080 Ἐπ’
651 1054 713 1089 ὅρος
727 1054 829 1089 ὑψηλὸν
842 1055 969 1091 ἁνάὸηοι,

175 1097 190 1122 ὸ
206 1096 450 1132 εὐαγγελιζόμενος
465 1097 544 1131 Σιὼν,
561 1108 570 1124 ι
585 1100 633 1126 καὶ
649 1100 683 1126 τὰ
698 1100 829 1136 ὲπόμενα.
838 1102 972 1129 Ἐνταῦθα

175 1140 204 1167 δὲ
219 1141 269 1167 οὐκ
281 1142 324 1168 ἐπ’
337 1141 400 1176 ὅρος
417 1142 576 1169 ἀναὸαίνειν
592 1143 606 1168 6
622 1144 764 1179 προφήτης
776 1144 917 1172 κελεύεται
930 1145 971 1181 (οὐ

176 1187 231 1222 γὰρ
246 1189 303 1220 τοῖς
319 1185 394 1215 οὖσιν
409 1189 444 1215 ἐν
458 1189 529 1223 ὕψει
541 1189 631 1224 λέγειν
640 1190 780 1226 ἤμελλεν)
794 1190 865 1224 ἄγαν
878 1191 906 1217 δὲ
921 1192 972 1226 μό-

177 1242 222 1260 νον
237 1233 324 1266 βοςὶν.
341 1234 379 1266 ὡς
404 1235 443 1266 είς
457 1233 515 1262 ὦτα
530 1236 642 1270 κωφῶν,
657 1236 704 1268 οὒς
727 1237 786 1269 καὶ,
805 1238 887 1265 Λαέν
900 1246 970 1272 μου,

177 1279 270 1314 φησὶν,
288 1280 329 1311 εἰς
350 1281 512 1316 κατάκρισιν
537 1281 636 1310 αὐτῶν.
645 1282 716 1317 Ἐγὼ
734 1283 784 1318 μὲν
801 1283 856 1319 γὰρ
872 1284 969 1316 αὐτοὺς

177 1325 416 1361 περιεποιησάμην
428 1334 436 1341 ·
452 1327 477 1353 οξ
494 1327 524 1354 δὲ
537 1327 688 1362 ἀπέφυγον.
704 1329 737 1355 Αἱ
759 1328 812 1364 γὰρ
835 1329 973 1364 ἁμαρτίαι

178 1370 266 1405 ὑμῶν,
280 1371 502 1406 φησὶ,διιστῶσιν
519 1372 572 1399 ἀνὰ
586 1372 669 1407 μέσον
683 1373 751 1408 ἐμοῦ
764 1374 812 1400 καὶ
825 1374 916 1409 ὑμῶν,
925 1375 973 1401 καὶ

177 1416 260 1443 πλέον
272 1418 331 1448 ταῖς
342 1417 492 1453 ἁμαρτίαις
503 1418 581 1452 ὑμῶν
591 1419 756 1454 ἐπειράθητε
767 1427 774 1434 ο
787 1420 801 1446 ὁ
813 1420 841 1446 δὲ
850 1420 971 1455 ἐλεγχος,

177 1462 219 1489 ὅτι
233 1463 356 1490 δοκοῦσίν
370 1472 403 1498 με
414 1464 478 1490 καθ’
492 1464 607 1498 ἡμέραν
621 1464 770 1499 ἐπιζητεῖν
783 1466 829 1493 ἐπὶ
844 1466 894 1498 τὰς
907 1468 972 1502 παρ’

821 127 996 160 PROCOPII
1013 125 1131 155 GAZ‘EI

1740 120 1809 154 2583

1322 178 1395 204 CAP.
1417 177 1506 204 LVI".

1053 224 1137 261 654
1153 225 1234 252 \‘rns.
1254 224 1330 251 1-9.1.
1352 224 1447 250 Clama
1462 227 1592 257 potenter,
1608 230 1689 256 nepte
1701 229 1807 256 parcas.

1019 271 1107 304 Quasi
1121 271 1184 298 tuba
1201 270 1292 298 attolle
1309 278 1397 297 uocem
1421 274 1504 301 tuam,
1519 273 1544 296 et
1566 269 1697 294 annuntio
1714 267 1810 300 populo

1019 326 1075 344 meo
1103 321 1211 351 peccatu
1229 325 1289 348 sua,
1313 321 1338 343 et
1355 316 1447 342 domui
1459 314 1544 342 Iacob
1562 314 1716 348 iniquitates
1733 321 1807 340 suns.

1019 362 1063 390 Ille
1077 363 1109 390 de
1131 362 1173 390 die
1188 363 1214 388 in
1233 361 1302 388 diem
1318 366 1450 396 quwrnut,
1466 365 1490 388 et
1507 367 1583 387 nosse
1601 359 1657 386 vias
1675 367 1746 386 mea:
1763 367 1810 383 cu-

1018 411 1103 445 piunt,
1125 414 1251 443 tanquam
1270 415 1333 442 gens
1346 415 1404 441 quw
1422 406 1562 441 justitiam
1577 405 1668 439 fecerit
1694 409 1718 431 et
1734 403 1810 439 judi-

1019 456 1089 482 cium
1106 454 1152 481 Dei
1170 454 1212 481 sui
1229 462 1281 480 non
1296 453 1444 487 reliquerit,
1463 456 1519 479 etc.

1053 598 1135 634 655
1151 597 1298 632 Postquam
1314 596 1360 628 iis,
1384 595 1430 630 qui
1448 595 1475 622 in
1491 595 1593 630 populo
1609 593 1702 622 cordis
1718 593 1810 620 humi-

1019 643 1096 670 litate
1117 647 1145 669 et
1160 642 1329 669 contritione
1345 640 1518 672 laborabant,
1535 639 1689 666 medicatus
1705 643 1758 671 est,
1777 639 1811 666 ad

1020 690 1089 716 alios
1105 688 1246 722 deinceps,
1268 687 1317 722 qui
1336 687 1407 714 inter
1424 686 1537 714 eosdem
1556 685 1726 720 impietatem
1744 692 1809 720 pro-

1020 734 1085 762 fessi
1099 733 1218 769 gaudere
1236 736 1386 767 nequeunt,
1398 738 1554 759 sermonem
1567 730 1705 757 convertit
1720 739 1727 764 ;
1748 731 1812 764 qui-

1020 788 1074 815 que
1096 780 1147 814 ipsi
1169 779 1236 810 sint,
1263 783 1291 805 et
1304 785 1354 804 cur
1369 778 1396 804 in
1414 777 1476 804 illos
1498 776 1551 803 ista
1573 775 1744 810 pronuntiet,
1768 775 1814 802 de-

1022 830 1167 853 monstrat.
1187 824 1354 860 Prophetam
1375 823 1472 859 igitur,
1493 822 1586 849 utista
1609 816 1668 849 sine
1680 827 1766 854 metu,
1784 826 1812 848 et

1020 871 1193 899 conﬁdenter
1205 871 1338 902 inclamet,
1355 869 1495 897 admonet.
1508 868 1629 903 ldipsum
1641 867 1713 894 enim
1728 867 1813 902 signi-

1022 918 1094 951 ﬁcat,
1115 925 1176 944 eum
1192 925 1279 944 vocem
1295 916 1419 944 attollere
1438 914 1577 950 praecipit;
1599 918 1730 948 tauquam
1749 913 1811 940 tuba

1022 968 1198 1000 personante,
1213 969 1310 990 eorum
1328 962 1434 989 scelera
1450 961 1541 995 palam
1559 959 1638 994 argui
1655 958 1779 993 postulet
1801 967 1808 985 :

1022 1010 1139 1045 ideoque
1165 1009 1234 1036 tuine
1256 1016 1367 1039 nomen,
1393 1007 1467 1041 quod
1490 1006 1625 1033 adversus
1648 1004 1696 1032 Dei
1718 1005 1813 1032 hostes

1022 1056 1162 1092 negotium
1183 1055 1229 1087 sit,
1248 1059 1372 1090 usurpat.
1388 1053 1440 1087 Qui
1460 1060 1527 1088 ergo
1536 1051 1720 1086 evangelistas
1729 1057 1813 1084 supe~

1023 1102 1144 1129 rioribus
1159 1101 1196 1128 ita
1212 1105 1255 1128 est
1271 1100 1407 1127 allocutus
1425 1109 1431 1126 :
1448 1108 1457 1124 ι
1475 1097 1564 1133 Super
1583 1101 1703 1125 montem
1720 1096 1813 1124 excel-

1023 1155 1083 1175 sum
1097 1146 1215 1174 ascende
1230 1146 1277 1181 qui
1292 1145 1465 1179 evangelizas
1479 1144 1545 1170 Sion
1557 1144 1578 1174 ³,
1598 1153 1607 1168 ι
1625 1147 1654 1171 et
1668 1151 1729 1178 qua:
1737 1143 1814 1170 dein-

1023 1201 1088 1229 ceps
1104 1203 1110 1220 :
1132 1194 1184 1220 hoc
1203 1193 1264 1220 loco
1286 1200 1339 1219 non
1363 1192 1482 1226 idipsum
1501 1191 1557 1225 jam
1576 1198 1624 1218 eos
1640 1190 1741 1222 facere,
1765 1191 1814 1226 qui

1023 1240 1051 1266 in
1071 1239 1126 1266 alta
1141 1239 1197 1267 sint
1208 1239 1346 1269 collocati,
1362 1238 1409 1265 sed
1421 1242 1550 1272 tanquam
1566 1236 1656 1270 populi
1674 1237 1717 1263 sui
1732 1244 1815 1264 aures

1023 1285 1232 1316 obsurduerint.
1249 1285 1276 1311 in
1292 1291 1389 1311 eorum
1400 1283 1655 1310 condemnationem
1664 1282 1812 1309 vehemen-

1024 1329 1080 1356 tius
1097 1329 1174 1363 juhet
1192 1328 1356 1360 inclamare;
1369 1327 1519 1362 quoscnim
1537 1327 1596 1362 ipse
1608 1326 1659 1354 sibi
1671 1325 1814 1354 vindicas-

1024 1378 1076 1406 set,
1091 1381 1107 1400 a
1123 1381 1153 1400 se
1172 1377 1262 1400 tamen
1278 1377 1421 1400 constaret
1435 1372 1575 1400 recedere.
1598 1371 1714 1399 Peccata
1729 1371 1816 1406 siqui-

1025 1420 1086 1448 dem
1102 1424 1205 1453 vestra,
1225 1420 1324 1454 inquit,
1343 1420 1425 1455 longe
1442 1427 1490 1448 vos
1505 1427 1520 1446 a
1533 1427 1576 1446 me
1589 1423 1717 1452 separant
1730 1419 1815 1445 inter-

1027 1467 1112 1499 vallo,
1129 1470 1156 1494 et
1176 1466 1296 1501 amplius
1313 1466 1381 1493 estis
1412 1465 1467 1492 illis
1484 1464 1593 1497 tentati,
1608 1464 1690 1499 idque
1701 1471 1735 1491 eo
1755 1463 1818 1498 ipso

178 1509 271 1541 αὐτοῖς
297 1509 475 1542 ἁπαντῶντες
500 1511 676 1546 Συναγωγάς.
705 1513 760 1539 Καὶ
786 1512 835 1545 τὰς
862 1513 972 1549 Γραφὰς

1026 1512 1144 1543 evicero,
1157 1511 1230 1546 quod
1244 1518 1288 1537 me
1302 1510 1329 1537 in
1342 1510 1400 1537 dies
1409 1517 1526 1545 (μαίνει-ε
1541 1509 1627 1536 videri
1645 1508 1739 1541 vultis,
1749 1508 1815 1536 dum

179 1555 392 1590 προσποιοῦνται
415 1556 507 1591 ζητεῖν
521 1577 527 1589 ,
554 1557 608 1590 τὰς
631 1558 720 1591 ὀδούς
742 1567 802 1593 μου
828 1559 974 1594 μανθάνειν

179 1600 362 1636 πειρώμενοι,
379 1601 417 1633 ὡς
441 1601 473 1636 δὴ
499 1601 534 1628 τὰ
558 1602 640 1629 λοιπὰ
663 1603 897 1638 κατορθώσαντες.
919 1605 975 1631 Καὶ

178 1645 265 1673 ταῦτα
278 1646 310 1679 δὴ
326 1646 365 1682 τῷ
379 1647 467 1674 δοκεῖν
479 1648 600 1680 ἐποίουν,
618 1647 663 1675 διὰ
675 1649 721 1675 τὸν
734 1649 908 1684 ἐπικείμενον
923 1650 973 1676 πό-

178 1691 263 1727 λεμον
281 1692 420 1725 ἐθέλοντες
441 1693 552 1728 γνῶναι
574 1694 624 1726 τὰς
649 1695 692 1730 ἐφ’
706 1695 814 1730 ἑκάστῳ
831 1696 975 1731 πράγματι

178 1738 339 1773 διοικήσεις,
354 1738 401 1765 καὶ
417 1739 444 1765 τί
458 1739 506 1766 τοῦ
523 1739 642 1776 πολέμου
658 1741 689 1767 τὸ
706 1741 802 1776 πέρας.
827 1742 883 1768 Καὶ
904 1741 976 1769 οὕτω

180 1783 235 1820 γὰρ
252 1784 306 1818 τὰς
324 1784 414 1818 ὀδοὺς
436 1786 558 1821 νοητὲον,
574 1787 644 1823 ὅπερ
666 1785 700 1822 ἦν
724 1787 830 1824 ἀνδρῶν
856 1788 976 1824 ἐννόμως

180 1831 431 1867 πολιτευσαμένων.
449 1831 545 1865 Οὐδεὶς
565 1832 620 1869 γὰρ
640 1832 730 1867 ὀδοὺς
746 1833 814 1860 Θεοῦ
830 1833 976 1869 γνώσεται

183 1876 221 1913 μὴ
240 1876 345 1909 δίκαιος
363 1876 412 1904 ὢν.

218 1965 263 2000 Ἐξ
288 1967 380 1995 αὐτῶν
402 1968 432 1995 δὲ
455 1969 509 1996 τῶν
531 1970 658 2005 πράξεων
681 1969 838 2005 ἐλέγχονται
860 1970 909 2006 τὴν
923 1969 976 1998 τοῦ

182 2014 256 2041 Θεοῦ
272 2014 487 2049 καταλείψαντες
501 2017 603 2050 κρίσιν
616 2017 644 2043 ὲν
656 2017 772 2052 ἀσεϐείᾳ
787 2017 835 2044 καὶ
848 2017 977 2053 πλημμε-

181 2060 310 2095 λήμασιν.
320 2061 375 2088 Καὶ
387 2062 462 2096 ὅμως
476 2062 506 2094 ἐξ
518 2062 698 2098 ἀναισθησίας
708 2063 912 2095 ἐπιδικάζονται
922 2064 977 2092 τῶν

181 2105 256 2140 ἐμῶν
271 2105 392 2140 ἀγαθῶν,
403 2106 497 2142 ὥσπερ
511 2107 630 2142 ἀμοιϐὴν
647 2108 749 2143 ἀρετῆς
764 2108 883 2144 πολέμου
897 2109 977 2145 νίκην

181 2151 336 2188 αἰτούμενοι
347 2160 354 2167 ’
369 2153 416 2179 καὶ
428 2153 535 2186 ἀδικίας
552 2163 585 2189 με
598 2155 760 2190 γράφονται,
779 2155 816 2187 ὡς
831 2155 976 2183 εὐσεϐοῦν-

1025 1559 1052 1586 in
1070 1558 1170 1586 vestris
1189 1557 1341 1593 Synagogis
1353 1561 1497 1588 coeuntes,
1513 1555 1671 1590 Scripturas
1682 1563 1732 1583 vos
1742 1556 1815 1582 vias-

1024 1613 1073 1640 que
1095 1612 1166 1631 nicas
1192 1603 1312 1631 scrutari
1331 1607 1358 1630 et
1380 1603 1490 1629 discere
1510 1601 1660 1632 simulatis,
1686 1605 1818 1636 tanquam

1025 1650 1130 1685 reliqua
1141 1649 1338 1684 priestiteritis;
1349 1656 1412 1675 cum
1421 1647 1522 1675 famam
1535 1646 1679 1674 scctemini
1693 1651 1815 1676 tantum.

1025 1701 1053 1724 et
1067 1704 1120 1732 qua
1132 1703 1248 1731 qumque
1261 1695 1370 1722 ratione
1386 1694 1540 1730 ingruentis
1554 1693 1618 1722 belli
1638 1693 1748 1728 negotia
1759 1693 1817 1727 geri

1026 1741 1184 1773 conveniat,
1206 1747 1344 1776 quemque
1364 1739 1445 1767 ﬁnem
1466 1739 1625 1766 habiturum
1645 1739 1746 1766 bellum
1769 1738 1816 1770 sit,

1026 1795 1104 1814 nosse
1124 1787 1268 1815 studentis.
1286 1785 1369 1822 656
1381 1785 1448 1812 Nam
1462 1785 1550 1813 ethoc
1567 1789 1647 1820 pacto
1657 1785 1762 1811 viarum
1778 1784 1820 1810 iu-

1027 1834 1170 1870 vestigatio
1191 1833 1371 1869 intelligenda
1390 1836 1454 1860 est:
1483 1839 1545 1867 qtae
1564 1831 1688 1858 virorum
1717 1829 1769 1857 fuit
1784 1837 1819 1858 cx

1027 1879 1095 1916 legis
1117 1879 1244 1908 instituto
1271 1878 1441 1914 degentium.
1469 1877 1554 1904 Nemo
1579 1877 1672 1908 enim,
1694 1875 1748 1903 nisi
1771 1875 1819 1910 qui

1026 1925 1118 1961 iustus
1133 1926 1178 1957 sit.
1196 1925 1244 1953 Dei
1260 1925 1318 1952 vias
1333 1932 1410 1951 nosse
1426 1923 1536 1959 poterit.

1064 1972 1128 2000 Suis
1150 1971 1234 2007 igitur
1250 1970 1302 2006 ipsi
1323 1971 1405 1998 rebus
1421 1970 1518 2005 gestis.
1539 1968 1588 1996 Dei
1603 1968 1739 2004 judicium
1751 1968 1820 1996 'vitze

1028 2018 1120 2053 impiae
1148 2022 1176 2044 ct
1200 2017 1342 2044 scelerata:
1368 2015 1564 2051 postliabuisse
1590 2015 1817 2042 convincuntur:

1028 2071 1079 2090 nec
1091 2062 1218 2090 dubitant
1237 2066 1327 2088 tamen
1347 2061 1422 2089 omni
1448 2068 1532 2088 Sensu
1551 2060 1675 2088 destituti
1700 2059 1734 2088 de
1750 2060 1820 2088 meis

1028 2108 1109 2136 bonis
1123 2107 1228 2142 judicio
1249 2106 1427 2138 contendere,
1447 2114 1545 2141 meque
1564 2106 1719 2141 iniquitatis
1735 2106 1818 2133 etiam

1029 2161 1162 2181 accusare
1172 2174 1179 2185 ,
1199 2157 1329 2188 tanquam
1343 2152 1389 2187 qui
1400 2152 1443 2187 pie
1456 2151 1588 2186 degentes
1597 2159 1643 2178 eos
1663 2151 1818 2186 rejecerim.

181 2206 230 2230 τας
238 2198 337 2230 αὐτοὺς
345 2199 456 2226 ἀπωοού
461 2208 550 2235 μενον.
559 2200 800 2236 Ὲνηστεύσαμεν
806 2202 870 2238 γὰρ,
877 2203 944 2238 φησὶ
954 2207 972 2234 ι’,

1029 2200 1212 2236 Jejunavimus
1228 2199 1312 2231 enim,
1326 2198 1414 2231 aiunt,
1434 2202 1459 2225 et
1478 2206 1529 2224 non
1544 2196 1654 2229 uidisti;
1668 2204 1732 2224 cum
1745 2197 1820 2225 enim

182 2243 231 2270 καὶ
255 2245 311 2271 οὐκ
330 2243 419 2277 εἶδες.
436 2245 497 2271 Τῶν
511 2246 566 2280 γὰρ
581 2247 720 2280 πολεμίων
735 2248 919 2282 ἐπικειμένων
933 2247 977 2275 διὰ

184 2291 343 2325 σωματικῆς
356 2290 443 2326 ᾤοντο
456 2292 598 2324 νηστείας
614 2293 835 2328 ἐξευμενίζεσθαι
846 2293 976 2327 τδνΘεὺν,

183 2335 347 2370 βρωμάτων,
360 2336 390 2362 οὐ
407 2336 507 2368 κακίας
525 2337 644 2373 ψυχικῆς
662 2339 838 2374 ἀπεχόμενοι.
857 2339 914 2366 Καὶ
928 2339 978 2374 τὴν

182 2381 311 2417 τοιαύτην
335 2382 464 2418 νηστείαν
487 2383 592 2419 ψυχῆς
613 2385 760 2417 καλοῦντες
784 2385 976 2413 ταπείνωσιν.

183 2427 269 2454 Τοῦτο
283 2429 384 2460 τοίνυν,
397 2426 420 2456 ὧ
439 2431 577 2466 προφῆτα,
593 2431 675 2466 φησὶν
689 2432 809 2467 ἔλεγχον,
828 2432 842 2458 ὃ
854 2432 901 2458 καὶ
911 2440 977 2466 προ-

182 2474 336 2508 ϐάλλονται,
350 2475 380 2508 ἐξ
390 2476 448 2508 ἑνὸς
459 2477 555 2504 τούτου
569 2478 614 2504 τὺν
626 2478 718 2505 λοιπὸν
731 2478 821 2505 αὐτῶν
831 2478 977 2510 ἀποδείξας

182 2521 293 2555 τριπον.
310 2521 347 2548 Τδ
372 2522 411 2554 δὲ,
432 2523 488 2549 οὐκ
510 2522 599 2557 εἶδες,
615 2524 665 2550 οὐκ
690 2523 803 2558 ἄγνοιαν
824 2523 903 2556 Θεοῦ,
918 2523 976 2550 ἀλλ’

182 2566 328 2600 ἀπότευξιν
342 2567 504 2604 αὐτομάτων
519 2569 603 2605 δηλοῖ.
614 2570 693 2604 Μέγα
709 2570 731 2596 δ’
743 2570 776 2597 ἂν
791 2571 935 2606 ἔπραττον,
952 2569 976 2596 εὶ

183 2611 292 2647 ἀληθῶς
316 2613 404 2641 ταῦτα
427 2615 605 2651 μετήρχοντο.
632 2616 686 2643 Καὶ
705 2616 785 2643 Δαϐὶδ
798 2616 853 2650 γάρ
873 2623 975 2652 φησιν·

187 2668 194 2683 π
208 2658 384 2687 Ἐταπείνουν
396 2661 425 2688 ὲν
436 2662 549 2699 νηστείᾳ
564 2662 612 2699 τὴν
623 2663 713 2699 ψυχήν
727 2671 789 2699 μου,
805 2662 852 2690 καὶ
864 2663 880 2698 ἡ
894 2671 977 2697 προσ-

220 2749 231 2765 '
256 2748 307 2776 lsa.
332 2756 376 2782 xc,
393 2749 420 2778 9.

1028 2247 1122 2275 hostes
1144 2247 1318 2281 iugruerent,
1343 2243 1428 2271 Deum
1442 2243 1548 2278 jejunio
1568 2242 1704 2271 demereri
1720 2249 1750 2270 se
1771 2249 1820 2276 pu-

1028 2293 1135 2325 tabant,
1148 2292 1171 2319 si
1192 2299 1206 2318 a
1221 2290 1293 2318 cibis
1311 2310 1318 2323 ,
1340 2297 1395 2318 non
1414 2290 1515 2317 avitiis
1533 2289 1722 2320 abstinerent;
1738 2288 1821 2322 idque

1029 2340 1126 2367 animo:
1144 2338 1359 2365 Immiliationent
1372 2337 1579 2371 nuncupabant.
1604 2335 1661 2363 lloc
1676 2335 1758 2370 igitur
1778 2334 1820 2361 vel

1028 2386 1062 2413 ad
1077 2384 1298 2413 convincendum
1320 2383 1393 2418 quod
1412 2383 1463 2418 ipsi
1479 2387 1635 2418 opponunt,
1651 2382 1741 2409 facere
1756 2387 1820 2415 pro-

1029 2432 1111 2467 pheta
1129 2430 1293 2466 respondet;
1310 2429 1345 2456 ab
1370 2436 1481 2464 unoque
1495 2429 1560 2460 isto,
1577 2429 1610 2455 de
1631 2426 1741 2454 cmteris
1756 2433 1820 2454 esse

1026 2476 1217 2513 jndicandum.
1241 2475 1276 2503 At
1294 2475 1366 2510 quod
1389 2482 1441 2501 non
1465 2473 1555 2501 vidisti
1576 2472 1671 2505 addit,
1692 2480 1746 2499 non
1773 2470 1820 2498 Dei

1028 2523 1240 2559 ignorationem,
1271 2521 1318 2549 sed
1340 2519 1478 2548 infelicem
1502 2526 1613 2550 eorum,
1633 2525 1695 2553 qum
1719 2520 1821 2551 sponte

1028 2570 1212 2601 admiserunt,
1225 2567 1329 2595 exitum
1347 2567 1533 2593 demorislrat.
1552 2566 1715 2599 Quanquam
1727 2567 1819 2588 tamen

1029 2618 1056 2642 et
1072 2614 1110 2641 illi
1129 2621 1183 2640 rem
1200 2619 1267 2640 sane
1278 2610 1351 2638 haud
1371 2617 1482 2645 parvam
1504 2608 1706 2644 praestitissent,
1721 2606 1744 2634 si
1758 2612 1822 2632 vere

1031 2661 1084 2688 ista
1100 2657 1197 2687 sectati
1224 2657 1353 2685 inissent.
1371 2654 1440 2682 Nam
1460 2658 1488 2683 et
1508 2653 1580 2689 apud
1601 2652 1732 2679 Davidem
1749 2649 1819 2684 legi-

828 2794 945 2822 VAliMS
966 2791 1170 2822 LECTIOMLS.

225 2845 234 2861 '
246 2850 290 2876 γρ·
309 2843 383 2877 εἱσι-
