1999 3076
156 113 224 147 2591

786 125 962 157 PROCOPtl
982 117 1103 158 oizm

1726 131 1797 164 esse

156 179 171 198 a
187 172 267 202 malis
281 174 441 209 abscedere,
451 184 532 213 quam
551 178 583 206 ad
607 179 735 207 virtutem
756 188 884 210 acceuas.
900 184 951 210 ita-

1004 184 1145 220 ἐφάγομεν
1159 186 1195 222 μὴ
1211 188 1437 222 νηστεύσαντες
1456 189 1548 225 ἄρτον,
1570 189 1708 224 διανέμειν
1722 190 1794 224 ὀφεί-

157 225 212 253 que
233 226 295 246 cum
314 221 347 248 de
362 222 446 256 priori
479 224 603 258 dixisset,
617 225 733 253 alterum
762 231 819 254 tum
844 228 946 261 intulitl

157 270 218 290 cum
229 263 322 300 frange
329 267 555 303 csurientipanem
564 275 648 302 tuum,
658 276 811 306 caeteraque
819 273 949 309 deinceps

157 307 298 343 adjunxit,
312 315 341 338 ιιι
356 320 437 347 quem
455 322 509 341 non
537 315 695 350 jejunanles
718 317 802 353 658
823 307 950 347 essemus

156 357 317 398 comesturi.
330 364 344 383 a
355 358 436 385 nobis
449 361 556 396 erogari
573 361 675 389 debere
691 362 870 398 signiﬁcaret.
887 364 947 392 Non

160 392 240 427 decet
259 402 332 428 enim
351 403 479 438 ajejunio
496 407 665 441 turpislucri
686 414 713 435 et
723 410 847 436 sordium
867 418 949 437 excu-

156 445 292 474 sationem
313 456 446 483 qmerere.
461 452 588 479 Animam
614 459 744 489 praeterea
766 456 818 482 alia
842 457 948 485 ratione

155 493 322 526 nutriemus,
338 495 361 522 si
375 504 438 523 cum
455 499 623 527 esurientem
639 501 702 528 cibo
713 510 879 531 recreemus.
894 503 947 531 De-

155 543 199 564 cet
208 539 289 566 etiam
307 545 335 568 et
351 542 384 568 ad
402 543 475 571 aedes
498 553 551 571 non
580 546 684 574 divites
701 547 788 582 ipsos,
803 549 849 584 qui
866 550 943 584 paria

157 587 319 620 rependant,
339 596 448 623 vocare,
472 591 518 618 sed
535 599 591 625 eos,
620 593 667 627 qui
697 602 729 621 ne
760 595 820 622 lecti
837 596 947 630 quidem

156 629 275 658 habeant
289 634 446 670 sti/fugiunt.
463 636 546 665 Decet
558 638 620 666 item
637 640 739 667 nudum
753 641 865 670 minime
879 651 948 678 prte-

1001 231 1095 266 λομεν.
1112 232 1149 259 Οὐ
1163 233 1217 269 γὰρ
1228 234 1268 261 δεῖ
1279 235 1417 271 πρόφασιν
1431 236 1656 270 αἰσχροκερδείας
1671 235 1721 269 τὴν
1737 236 1796 262 ἀσι-

1000 277 1062 304 τίαν
1074 279 1252 314 ποιήσασθαι.
1267 281 1323 317 Τὴν
1339 282 1367 308 δὲ
1386 282 1477 317 ψυχὴν
1497 281 1584 317 ἑτέρῳ
1598 281 1798 317 τραφησόμεοα

1000 324 1095 359 τρόπῳ
1113 325 1159 352 τὸν
1183 326 1262 354 ἐνδεᾶ
1280 328 1384 364 τροφῆς
1402 328 1603 363 ἀνακτώμενοι.
1622 327 1678 354 Καὶ
1696 329 1734 359 είς
1751 328 1798 353 τὸν

1000 368 1074 396 οἶκον
1090 371 1120 397 δὲ
1146 372 1198 407 χρὴ
1224 373 1262 408 μὴ
1286 374 1433 406 πλουσίους
1445 374 1538 400 καλεῖν
1559 374 1603 401 διὰ
1622 374 1677 400 τῶν
1696 374 1797 408 ὁμοίων

1004 417 1181 452 ἀποδιδόντας
1197 420 1247 456 τὴν
1270 421 1406 458 ἀμοιϐήνο
1427 422 1485 449 ἀλλ’
1497 422 1596 456 ἄνδρας
1608 422 1675 457 μηδὲ
1686 421 1798 455 στέγης

1002 463 1156 500 ἐσχηκότας
1176 466 1363 502 ὑποδρομὴν.
1382 469 1459 503 Μηδὲ
1478 468 1594 504 γυμνὸν
1608 467 1637 494 δὲ
1656 467 1799 503 παραδρά-

1002 517 1067 545 μῃς.
1089 510 1117 537 ’0
1131 511 1186 538 τῶν
1198 513 1268 540 ὅλων
1277 513 1332 550 γὰρ
1345 514 1412 546 Θεὸς
1425 514 1489 546 τοὺς
1500 514 1550 550 μὲν
1566 513 1675 546 ἐνδεεῖς,
1690 514 1754 544 τοὺς
1769 513 1797 540 δὲ

1003 555 1150 589 πλουσίους
1165 559 1306 595 ἐποίησεν,
1321 561 1361 592 εἰς
1385 560 1500 596 δοκιμὴν
1526 560 1676 596 ἑκατέρων.
1697 560 1746 587 Ἰν*
1772 561 1799 587 οἱ

1004 601 1055 635 μὲν
1076 602 1165 638 ἔχοιεν
1187 606 1295 641 καρπὸν
1321 606 1516 643 χορηγοῦντες,
1536 608 1561 634 οἱ
1584 606 1614 634 δὲ
1635 607 1685 643 τὴν
1702 607 1799 633 πενίαν

1003 648 1167 681 γυμνάσιον.

156 677 239 704 terire
256 687 263 711 ;
282 687 342 706 cum
366 689 501 716 pauperes
515 690 596 719 atque
619 685 720 714 divites
750 687 821 714 idem
844 689 1038 719 universorum
1078 693 1161 730 Deus,
1192 696 1226 724 ad
1264 701 1446 734 utrorumque
1471 699 1661 734 probationem
1681 700 1796 729 fecerit:

156 729 187 751 ut
204 725 264 753 istis
281 727 392 761 quidem
419 729 537 762 fructus,
553 740 623 767 quos
638 733 701 762 aliis
731 735 952 770 suppeditarent,
971 745 1025 766 non
1040 725 1189 777 deessent;
1209 745 1262 773 illis
1278 750 1370 773 autem
1401 725 1445 774 .ad
1466 746 1691 775 exercitationem
1714 747 1799 783 prod-

158 775 233 799 esset
250 773 352 807 inopia.

194 819 272 853 Quod
285 822 385 851 deinde
415 823 573 853 domesticos
600 828 709 855 seminis
721 829 771 861 ait,
785 829 822 856 ita
836 828 950 857 Judaice

1039 832 1173 866 οἰκείους
1186 833 1216 860 δὲ
1240 835 1414 870 σπέρματος
1440 836 1594 868 Ἰουδαϊκῶς
1620 836 1669 872 μὲν
1688 837 1751 868 τοὺς
1768 837 1798 870 ἐξ

156 865 266 899 quidem
286 867 422 896 lsraclitas
432 871 569 905 significat
584 881 591 906 ;
607 872 767 902 Christiane
778 880 869 909 autem
885 875 948 903 lidei

156 912 377 946 domesticos;ad
397 916 478 950 idque
507 923 534 944 et
560 917 662 947 Paulus
691 921 749 955 ipse
774 921 900 949 hortatur
920 922 952 952 ¹⁷.

157 958 225 986 Eum
244 960 336 996 igitur,
350 962 398 997 qui
410 963 461 990 ista
476 963 585 999 (jejunii
605 967 723 995 maxime
739 970 870 1006 tempore)
884 978 954 1006 prae-

157 1006 269 1039 stiterit,
287 1007 366 1035 decet
392 1010 534 1044 accedere,
551 1011 692 1048 Dcmnqne
720 1016 851 1049 precari?
867 1025 955 1050 oatjuc

157 1051 238 1086 plane
253 1055 359 1082 ratione
385 1055 487 1084 dictum
515 1062 557 1085 est
585 1063 613 1086 et
630 1060 695 1087 illud
717 1070 723 1088 :
741 1070 751 1088 ι
771 1062 799 1089 Si
820 1063 954 1093 obtuleris

157 1106 259 1126 munus
281 1105 357 1128 tuum
378 1102 412 1130 ad
443 1104 540 1138 altare,
565 1105 656 1142 ibique
681 1109 842 1138 recordatus
869 1110 954 1140 fueris

159 1143 270 1172 fratrem
288 1150 365 1175 tuum
383 1149 487 1185 aliquid
501 1151 602 1180 habere
612 1158 708 1181 contra
724 1159 750 1183 te
764 1155 805 1189 ‘3;
823 1166 833 1182 ι
849 1161 876 1184 et
893 1165 954 1193 qua:

158 1192 300 1229 deinceps.
313 1195 392 1229 Quod
408 1198 430 1225 si
447 1199 498 1226 ista
515 1201 684 1234 observaris,
705 1207 836 1238 tanquam
851 1205 885 1232 de
900 1213 951 1232 no-

158 1243 202 1266 cte
221 1243 392 1276 repentinum
410 1245 457 1272 tibi
479 1246 567 1274 lumen
585 1248 737 1282 illucescct,
752 1250 878 1286 bonaque
895 1259 953 1279 co:—

157 1284 235 1313 lestia
250 1287 345 1316 achrct
360 1298 367 1317 :
381 1294 418 1322 et,
445 1292 510 1326 quia
536 1294 701 1328 cognitionis
723 1294 812 1323 lumen
829 1284 882 1328 est,
899 1297 953 1324 ful-

157 1331 228 1366 getri
243 1340 320 1362 more
335 1342 434 1370 magno
451 1338 477 1363 in
495 1342 521 1365 te
535 1339 638 1374 impetu
654 1340 799 1369 delabctnr
816 1351 823 1375 ;
842 1342 869 1370 in
896 1351 952 1378 quo

158 1384 325 1412 propensum
341 1382 543 1416 suppeditantis
554 1384 676 1412 animum
688 1386 930 1421 significarivoluit
943 1399 950 1417 :

157 1422 275 1459 ideoque
304 1427 466 1454 matutinum
483 1429 643 1464 appellavit.
664 1434 796 1467 tanquam
824 1432 879 1461 Deo
902 1442 952 1470 pro

157 1476 207 1496 sua
229 1470 418 1501 benevolentia
435 1478 543 1510 tempus
567 1476 657 1511 ipsum
673 1483 873 1514 antevertente,
891 1483 950 1510 ani-
969 1480 977 1514 ξ

159 1522 256 1550 maquc
272 1518 376 1545 morbis
387 1519 513 1552 liberata,
529 1510 632 1548 oritura
640 1523 696 1550 sint
713 1525 838 1552 meliora.
855 1525 883 1554 Id
900 1534 950 1554 au-
965 1510 987 1540 α

158 1566 212 1588 tem
230 1561 272 1589 vel
280 1570 314 1590 eo
325 1565 537 1600 paluerit,qnod
551 1567 579 1594 in
593 1567 651 1602 ejus
665 1575 804 1603 conspectu
812 1570 951 1606 justitiam

156 1607 214 1641 ejus
238 1610 394 1643 pra-ituram
414 1612 540 1647 adjunxit
558 1622 565 1641 :
580 1614 676 1642 eodem
707 1616 790 1651 plane
806 1625 900 1652 sensu,
919 1627 951 1647 ac

157 1654 193 1687 si,
206 1663 237 1682 ex
254 1664 311 1691 quo
328 1657 378 1685 Dei
389 1659 477 1687 lumen
495 1661 679 1696 participarit.
691 1665 800 1692 caeteris
813 1665 897 1693 etiam
911 1666 951 1693 Iu-

160 1708 219 1728 men
243 1701 366 1730 futurum
395 1704 509 1733 diceret.
531 1705 719 1736 Testabunlur
747 1710 831 1742 enim,
850 1711 949 1746 inquit,

158 1754 242 1781 opera
257 1748 316 1783 ipsa
333 1749 462 1778 virtutem
476 1756 550 1780 tuam
565 1755 674 1782 caateris
704 1756 818 1785 illueere
833 1767 841 1791 ;
871 1758 950 1793 juxta

159 1793 225 1821 illud
242 1803 250 1822 :
269 1804 278 1820 ι
300 1794 402 1823 Luccat
430 1797 477 1824 lux
495 1803 586 1826 vestra
608 1807 700 1827 coram
714 1802 872 1830 hominibus
887 1804 919 1837 ",
938 1814 947 1830 ι

158 1845 185 1867 et
201 1849 262 1874 quae
277 1842 419 1879 deinceps.
439 1844 472 1871 Et
499 1846 587 1880 gloria
619 1847 666 1874 Dei
691 1849 898 1878 circumdaberis
923 1853 950 1879 in

158 1886 247 1920 ipsius
264 1892 292 1914 et
310 1888 452 1917 hominum
475 1896 636 1927 conspectu,
666 1901 728 1921 cum
753 1895 786 1922 ad
817 1896 949 1925 bonorqu

158 1939 271 1966 operum
288 1933 396 1962 fructus
417 1940 445 1963 et
460 1936 532 1964 istud
549 1938 632 1965 etiam
648 1944 779 1974 tanquam
801 1949 833 1969 ex
861 1942 951 1970 abun-

158 1976 234 2004 danti
253 1978 299 2005 tibi
316 1981 475 2008 aceesserit.
492 1981 622 2015 Habebis,
637 1989 736 2019 praeter
752 1985 788 2019 id,
801 1991 828 2014 et
839 1987 888 2014 Dei
902 1996 952 2015 au-

159 2030 216 2050 rem
233 2024 281 2051 tibi
301 2024 409 2053 facilem
424 2031 451 2054 et
469 2032 613 2057 attentam.
635 2029 670 2057 Te
697 2031 833 2066 siquidem
865 2033 952 2061 ari/inc

159 2067 278 2104 loquente
286 2070 366 2103 dicet,
378 2072 446 2100 Ecce
456 2073 563 2102 adsum.
575 2075 662 2110 Iniqui
676 2075 775 2105 deinde
788 2082 815 2105 ct
828 2078 951 2108 immise-

158 2117 276 2145 ricordis
286 2118 369 2154 659
377 2127 476 2146 vanum
491 2121 518 2147 in
525 2121 630 2156 jejunio
642 2123 797 2156 clamorem,
810 2124 949 2160 futurum;

157 2163 226 2198 justi
243 2168 335 2192 autem
354 2165 478 2192 auditum
487 2167 522 2193 iri
542 2167 622 2201 dixit,
637 2172 667 2195 ut
687 2169 817 2204 colloquii
835 2172 950 2206 prolixi—

158 2214 242 2238 tatem
255 2214 283 2238 et
303 2211 412 2247 copiam
428 2212 731 2250 demonstraretzjuxta
751 2216 837 2245 illud:
850 2228 859 2244 ι
871 2218 949 2247 Oculi

159 2255 266 2284 Domini
286 2258 481 2293 superjnstos,
494 2264 521 2288 et
536 2267 618 2289 aures
637 2262 697 2296 ejus
722 2262 750 2290 in
781 2264 890 2299 preces'
902 2273 950 2293 eo-

158 2310 219 2329 rum
234 2303 266 2329 '°.
286 2312 296 2328 ι
315 2304 398 2331 Addit
411 2312 477 2333 vero
492 2310 520 2333 et
538 2307 863 2343 clamorieﬂicacitatem,
875 2311 950 2346 jeju-

159 2351 242 2376 nium.
260 2348 393 2378 Precibus
408 2352 480 2379 enim
503 2353 591 2380 etiam.
606 2353 741 2389 jejunium
763 2356 952 2392 adjungehaut

158 2395 257 2422 sancti.
274 2395 320 2424 Sic
327 2395 419 2425 Daniel
429 2418 437 2430 ,
452 2398 492 2425 sic
502 2400 619 2433 apostoli
630 2401 665 2427 “.
676 2401 711 2427 At
726 2401 800 2436 quod
814 2403 852 2429 ait
867 2403 951 2431 :Ecce

160 2440 266 2475 adsum,
278 2442 360 2470 etiam
376 2443 479 2472 Dauieli
491 2446 526 2478 “,
543 2450 688 2482 postquam
705 2447 788 2475 trium
801 2448 949 2477 hebdoma-

159 2487 255 2514 darum
277 2487 413 2523 jejunium
430 2490 588 2523 tolerasset,
607 2499 640 2519 eo
669 2493 730 2527 ipso
754 2493 858 2521 clarum
886 2494 948 2528 fuit,

159 2533 232 2567 quod
243 2534 279 2560 ab
290 2534 368 2562 initio
380 2535 525 2564 exauditos
541 2544 604 2564 esse
617 2545 758 2566 sermones
773 2547 839 2568 suos
850 2547 950 2576 exper-

1011 877 1118 913 Ἰσραὴλ
1144 878 1232 912 καλεῖ,
1248 881 1450 916 Χριστιανικῶς
1467 882 1495 909 δὲ
1515 883 1578 914 τοὺς
1604 882 1733 916 οἰκείους
1747 885 1798 918 τῆς

1005 925 1133 957 πίστεως.
1154 926 1241 954 Τοῦτο
1265 928 1319 963 γὰρ
1343 929 1391 955 καὶ
1420 929 1536 962 Παῦλος,
1564 929 1794 964 παρακελεύεται.

1004 971 1097 998 Ταῦτα
1112 973 1152 999 δεῖ
1164 973 1280 1008 μάλιστα
1295 975 1333 1010 τῷ
1346 975 1433 1011 καιρῷ
1448 975 1503 1010 τῆς
1512 976 1656 1010 νηστείας
1669 975 1797 1003 ποιοῦντα

1003 1017 1064 1044 τότε
1089 1019 1240 1054 προσιέναι,
1258 1021 1305 1046 καὶ
1327 1020 1432 1047 δεῖσθαι
1456 1021 1536 1054 θεοῦ,
1558 1021 1712 1057 συμφώνως
1736 1021 1795 1055 τῷ·

1008 1073 1017 1090 ι
1042 1063 1105 1091 Ἐὰν
1121 1066 1282 1103 προσφέρῃς
1292 1066 1323 1093 τὸ
1338 1066 1425 1102 δῶρόν
1440 1075 1499 1101 σου,
1518 1069 1598 1094 κακεῖ
1619 1068 1743 1104 μνησθῇς
1756 1068 1797 1095 ὅτι

1004 1109 1018 1135 ὁ
1030 1109 1145 1144 ἀδελφὸς
1159 1109 1216 1145 Elei.
1228 1119 1254 1138 τι
1271 1111 1342 1138 κατὰ
1355 1111 1413 1143 σοῦ,
1433 1121 1443 1138 ›
1466 1113 1514 1139 καὶ
1527 1112 1561 1139 τὰ
1577 1113 1652 1148 ἑξῆς.
1667 1113 1759 1140 Ταῦτα
1769 1113 1797 1140 δὲ

1005 1154 1164 1189 φυλάξαντι,
1188 1156 1315 1192 καθάπερ
1331 1158 1362 1184 ὲκ
1379 1158 1477 1190 νυκτὸς
1496 1159 1594 1194 ἀθρόον
1613 1159 1721 1195 ἡμέρας
1735 1160 1796 1186 ἐπι-

1004 1200 1107 1236 λάμψει
1121 1211 1161 1229 σοι
1177 1202 1240 1237 φῶς
1259 1203 1351 1238 ἀγαθά
1371 1213 1412 1232 σοι
1427 1204 1511 1240 φέρον
1524 1205 1648 1240 οὐράνια,
1670 1205 1717 1232 καὶ
1732 1205 1796 1240 φῶς

1004 1247 1131 1281 γνώσεως
1147 1249 1270 1285 ὑπάρχον
1285 1250 1431 1285 ἀστραπῆς
1441 1251 1521 1286 δίκην
1533 1251 1581 1279 σὺν
1591 1252 1662 1287 ὁρμῇ
1679 1252 1726 1278 καὶ
1738 1252 1797 1287 δρὸ-

1005 1303 1049 1331 μῳ
1065 1304 1106 1322 σοι
1121 1296 1295 1331 καθιέμενον,
1314 1297 1348 1324 δι’
1362 1294 1393 1324 οὗ
1405 1297 1543 1324 δείκνυται
1555 1298 1603 1325 τοῦ
1615 1297 1796 1334 χορηγοῦντος

1003 1342 1020 1376 ή
1032 1341 1181 1377 προθυμία.
1196 1342 1242 1370 Διὸ
1252 1343 1300 1370 καὶ
1311 1344 1444 1378 πρώῖμον
1454 1342 1541 1376 εἶπεν,
1553 1344 1654 1371 ὡσανεὶ
1666 1344 1714 1371 τοῦ
1727 1344 1796 1372 Θεοῦ

1003 1386 1047 1413 διὰ
1067 1387 1273 1424 φιλανθρωπίαν
1289 1389 1336 1415 καὶ
1358 1389 1403 1415 τὸν
1422 1389 1519 1424 καιρὸν
1543 1389 1795 1425 προλαμὸάνοντος,

1003 1433 1120 1460 καὶτῶν
1144 1435 1173 1461 ἐν
1194 1432 1267 1471 ψυχῇ
1287 1436 1451 1470 νοσημάτων
1479 1436 1707 1472 ἀπηλλαγμένων,
1725 1437 1797 1464 ἀνα-

1003 1480 1087 1508 τελεῐ
1109 1481 1144 1507 τὰ
1159 1481 1340 1517 χρηστότερα.
1358 1483 1391 1509 Ὂ
1409 1482 1485 1518 δηλοί
1504 1482 1535 1510 τὸ
1557 1484 1796 1517 Προπορεύσεται

1006 1526 1179 1561 ἔμπροσθέν
1188 1535 1247 1554 σου
1263 1528 1282 1562 ἡ
1298 1528 1475 1563 δικαιοσύνη
1484 1536 1553 1556 σου.
1569 1529 1648 1557 Τοῦτ’
1663 1529 1730 1561 ἐστι,
1741 1530 1797 1556 Με-

1004 1573 1131 1601 ταλαῦὼν
1155 1574 1202 1601 τοῦ
1217 1575 1299 1603 θείου
1327 1574 1440 1609 φωτὸς,
1463 1577 1565 1612 γενήσῃ
1588 1575 1652 1611 φῶς
1674 1576 1795 1612 ἑτέροις·

1004 1621 1132 1647 Φανεῖται
1159 1620 1213 1656 γὰρ
1237 1621 1254 1656 ή
1278 1620 1416 1656 δι’ἐργων
1443 1622 1528 1656 ἀρετή
1555 1630 1602 1649 σου
1627 1623 1684 1654 τοῖς
1706 1621 1797 1654 ἄλλοις

1004 1666 1196 1702 ὲκλάμπουσα,
1221 1667 1292 1694 κατὰ
1312 1668 1357 1694 τό·
1382 1676 1392 1693 ι
1418 1667 1560 1703 Λαμψάτω
1584 1668 1616 1695 τὸ
1639 1668 1697 1703 φῶς
1720 1669 1798 1704 ὑμῶν

1005 1713 1160 1749 ἔμπροσθεν
1173 1712 1228 1739 τῶν
1241 1712 1406 1748 ἀνθρώπων,
1428 1722 1437 1738 ι
1454 1713 1549 1741 καὶτὰ
1564 1714 1611 1741 ἐπὶ
1630 1714 1728 1749 τεύτῳ.
1743 1714 1798 1741 Καὶ

1004 1759 1225 1794 στεφανωθήσῃ
1248 1759 1323 1794 δόξῃ
1340 1760 1415 1787 Θεοῦ
1437 1759 1552 1787 ὲνὼπιον
1579 1759 1661 1787 αὑτοῦ
1683 1760 1732 1787 καὶ
1749 1760 1796 1787 ἀν-

1005 1805 1135 1841 θρώπων,
1149 1805 1217 1841 πρὸς
1227 1806 1284 1837 τοῖς
1293 1806 1348 1832 τῶν
1360 1806 1448 1842 ἔργων
1461 1807 1577 1841 καρποῖς
1590 1807 1621 1833 ὲκ
1638 1806 1797 1842 περιουσίας

1004 1852 1083 1879 τοῦτο
1103 1851 1205 1878 λαϐών.
1223 1852 1314 1885 Ἒξεις
1331 1852 1400 1888 πρὸς
1421 1851 1509 1888 τούτῳ
1529 1852 1576 1879 καὶ
1599 1852 1629 1878 τὸ
1650 1851 1730 1879 θεῖον
1752 1850 1798 1883 οὖς

1005 1898 1141 1930 εὐπειθές.
1157 1898 1217 1925 Ἔτι
1229 1906 1286 1925 σου
1302 1898 1356 1933 γὰρ
1369 1898 1538 1931 λαλοῦντος
1545 1898 1615 1932 ἐρεῖ·
1629 1897 1708 1925 Ἰδοὺ
1725 1898 1799 1932 πάρ-

1005 1953 1073 1979 ειμι.
1098 1944 1211 1970 Kal-.013
1231 1944 1280 1979 μὲν
1295 1944 1389 1971 ἀδίκου
1404 1945 1451 1971 καὶ
1465 1944 1595 1979 ἀνηλεοῦς
1615 1944 1728 1979 μάταιον
1738 1942 1799 1970 εἷπε

1004 1990 1055 2025 τὴν
1069 1990 1103 2016 ἐν
1119 1990 1245 2024 νηστείᾳ
1258 1990 1394 2024 κραυγήν
1404 1997 1410 2004 ’
1429 1990 1476 2016 τοῦ
1491 1990 1520 2016 δὲ
1538 1989 1643 2016 δικαίου
1667 1989 1715 2025 τὴν
1735 1989 1799 2026 βοὴν

1006 2035 1263 2069 ἀκουσθήσεσθαι,
1282 2036 1332 2071 τὴν
1350 2036 1447 2070 ἐκτενῆ
1463 2036 1551 2071 δηλῶν
1578 2036 1707 2068 ἔντευξιν,
1728 2036 1799 2063 κατᾶ

1006 2082 1047 2115 τὺ,
1064 2091 1072 2107 ι
1094 2082 1245 2117 Ὀφθαλμοὶ
1254 2081 1358 2117 Κυρίου
1371 2081 1417 2108 ἐπὶ
1432 2081 1565 2114 δικαίους,
1582 2082 1629 2108 καὶ
1644 2079 1700 2108 ὦτα
1714 2081 1796 2108 αὐτοῦ

1006 2127 1046 2158 εἰς
1070 2127 1162 2162 δέησιν
1184 2126 1283 2153 αὐτῶν.
1302 2135 1312 2152 ›
1335 2123 1395 2161 ἧς*
1410 2126 1490 2160 ,βοῆς
1510 2126 1621 2162 ἐνεργὸς
1641 2127 1689 2153 καὶ
1713 2127 1732 2159 ἡ
1746 2135 1799 2159 νη-

1007 2177 1102 2205 στεία.
1129 2173 1318 2209 Προσηύχοντο
1341 2173 1396 2209 γὰρ
1424 2173 1493 2208 μετὰ
1517 2174 1644 2208 νηστείας
1664 2173 1689 2200 οἱ
1714 2172 1798 2207 ἅγιοι.

1005 2223 1084 2251 Οὕτω
1098 2221 1208 2256 Δανιὴλ,
1222 2220 1308 2251 οὕτως
1321 2220 1345 2246 οἱ
1358 2219 1513 2247 ἀπόστολοι.
1530 2220 1567 2246 Τὸ
1580 2221 1619 2252 δὲ,
1634 2219 1711 2247 Ἰδοὺ
1725 2219 1800 2253 πάρ-

1000 2278 1070 2304 ειμι,
1089 2270 1136 2294 καί
1152 2265 1191 2301 τῷ
1211 2266 1311 2302 Δανιὴλ
1330 2265 1453 2300 ἐδηλώοη
1469 2266 1540 2300 μετᾶ
1561 2265 1611 2296 τὰς
1631 2266 1706 2301 τρεῖς
1722 2265 1799 2291 ἑϐδο-

1005 2314 1091 2350 μάδας
1105 2312 1143 2347 τῷ
1158 2311 1285 2348 νηστείαν
1303 2311 1416 2346 μαθόντι
1429 2318 1452 2341 ι,
1470 2311 1508 2342 ὼς
1523 2311 1552 2343 ἐξ
1567 2310 1653 2345 ἀρχῆς
1668 2310 1800 2344 ἠκούσθη⁵

1003 2368 1052 2386 σαν
1074 2359 1100 2386 ol.
1113 2358 1188 2392 λόγοι
1203 2356 1296 2384 αὑτοῦ.
1314 2357 1407 2383 Ταῦτα
1425 2356 1453 2383 δέ
1475 2365 1516 2383 σοι
1532 2356 1608 2382 ἔσται
1623 2355 1800 2390 σύνδεσμον

1004 2405 1159 2442 ἁμαρτιῶν,
1171 2403 1265 2439 ὥσπερ
1277 2402 1377 2434 κλοιὺν,
1389 2402 1584 2439 ἀπορρίψαντι.
1598 2402 1676 2429 Κατὰ
1687 2402 1742 2437 γὰρ
1753 2401 1800 2428 τὸν

1011 2450 1173 2478 Ἀπὸστολον
1196 2449 1317 2480 εἰπόντα,
1339 2448 1375 2475 τὰ
1393 2448 1465 2475 αὐτὰ
1487 2448 1578 2483 λέγειν
1601 2448 1663 2483 ἐμοὶ
1686 2448 1736 2484 μὲν
1748 2447 1799 2474 οὐκ

1003 2496 1131 2532 ὀκνηρὸν,
1146 2495 1210 2530 ὑμῖν
1221 2494 1250 2521 δὲ
1262 2493 1293 2521 τὸ
1308 2498 1323 2519 r
1336 2493 1473 2529 ἀσφαλές·
1486 2494 1534 2520 καὶ
1547 2494 1562 2521 ὁ
1579 2493 1723 2529 προφήτης
1733 2501 1799 2520 ταυ-

1004 2542 1121 2576 τολογεῖ.

159 2583 203 2606 tus
219 2585 271 2608 cst.
287 2580 380 2617 Neque
394 2591 460 2611 vero
473 2583 524 2611 ista
540 2583 599 2616 tibi,
614 2584 849 2620 inquit,dcfutura
865 2593 940 2618 sunt,
959 2587 983 2614 si
1003 2595 1101 2614 nexum
1119 2589 1303 2621 peccatorum,
1325 2589 1455 2620 tanquam
1488 2589 1625 2618 catenam,
1651 2586 1797 2621 abjeceris.

159 2625 251 2654 Utitur
266 2628 338 2655 enim
356 2629 482 2657 bocloco
512 2631 674 2665 repetitione
690 2632 834 2666 propheta.
851 2641 905 2667 qua
922 2634 1030 2661 ratione
1063 2636 1092 2661 et
1122 2632 1281 2667 Apostolus,
1317 2631 1364 2659 ubi
1391 2631 1614 2667 Philippensibus
1634 2633 1729 2660 cadent
1754 2641 1798 2660 rc-

160 2680 251 2712 petere
276 2677 328 2705 sibi
347 2685 403 2705 non
422 2678 580 2712 molestum,
596 2679 650 2707 illis
671 2684 761 2707 autem
779 2681 1003 2715 pcrconnuodum
1021 2687 1048 2709 ct
1066 2685 1154 2708 tutum
1175 2688 1237 2709 esse
1251 2680 1348 2708 scribit
1367 2680 1402 2707 ’³.

195 2735 216 2772 'j
229 2735 316 2763 Galat.
330 2743 367 2772 iv,
397 2737 410 2763 l
441 2745 517 2772 seqq.

159 2770 182 2785 “
200 2770 268 2800 Dan.
285 2780 312 2804 x,
326 2771 344 2798 2
356 2779 435 2808 seqq.
472 2770 627 2809 “Philipp.
639 2781 680 2806 lli,
697 2773 721 2802 l.

558 2737 578 2754 "
592 2737 687 2765 Matth.
715 2739 849 2772 v,25-23.
890 2740 910 2756 "
941 2739 1038 2768 Matth.
1074 2749 1111 2773 vr,
1140 2740 1182 2768 1.6.
1223 2740 1246 2756 ‘°
1259 2739 1446 2772 Psal.xxxm,
1470 2738 1511 2766 lli.
1550 2739 1572 2755 ¹¹
1601 2738 1662 2766 Art.
1695 2736 1797 2771 xm,5-

793 2803 910 2848 VlARI/l:
932 2820 1132 2851 LECTIONES.

195 2869 208 2884 ν
237 2874 280 2897 γρ.
293 2866 351 2893 ἔστι
370 2865 400 2893 δὲ
418 2867 475 2902 τῆς.
515 2875 527 2889 ι
546 2876 589 2902 3r.
610 2868 720 2896 παθόντι
760 2869 836 2905 ῐᾶρ.
853 2869 893 2898 τό.
