1999 3076
183 157 254 191 2593

752 158 1018 188 COMMENTARH
1034 158 1072 189 IN
1096 152 1239 190 ISAIAM.

1750 162 1822 196 25M

225 214 356 249 Ἀφέλῃς
375 213 415 247 δὲ,
440 215 518 250 φησὶ,
531 214 577 242 καὶ
591 214 644 248 τὰς
655 214 780 248 ἀδίκους
794 215 979 249 χὶενιροτονιιις

1067 214 1182 250 Auferes
1195 222 1270 248 vero,
1283 214 1384 251 inquit,
1412 219 1437 243 et
1461 215 1568 252 iniquae
1580 224 1706 244 manuum
1728 223 1821 246 exten-

182 261 231 287 καὶ
244 260 383 295 προϐολάς
393 268 399 274 ·
414 260 499 295 ἤγουν
512 260 542 287 τὸ
552 260 651 287 τείνειν
663 260 713 296 τὴν
725 259 806 296 χεῖρα
817 261 887 295 προς
899 261 981 288 ἄδικα

182 307 316 342 λήμματα
328 314 336 322 ο
349 307 434 342 ἦγουν
443 307 475 333 τδ
486 306 693 334 ἀνταποδιδόναι
710 307 794 334 κακὸν
809 307 869 334 ἀντὶ
881 307 977 334 κακοῦ.

184 353 263 380 Κατὰ
284 353 314 380 τδ
328 353 358 379 ὲν
372 352 517 388 Ψαλμοῖς·
538 361 548 379 ι
575 352 707 385 Ἐξέτεινε
724 352 774 388 τὴν
794 354 874 388 χεῖρα
895 352 978 379 αὑτοῦ

184 399 214 426 ὲν
224 399 263 434 τῷ
276 399 452 426 ἀποδιδόναι·
466 400 535 435 ὅπερ
546 399 702 435 πραότητός
713 399 789 425 ἔστιν
809 398 975 434 ἀλλότριον.»

184 445 265 478 Τινὲς
279 446 307 472 δὲ
319 445 407 478 οὕτως
418 453 425 461 ·
448 444 477 473 '0
499 445 660 481 βουλόμενος
672 445 721 481 τὴν
731 444 837 481 ἀγαθὴν
856 445 979 480 μετιέναι

184 492 323 527 νηστείαν,
345 492 450 524 δίκαιος
464 491 549 519 ἔστω·
565 493 612 519 καὶ
633 491 729 528 ὥσπερ
749 491 824 524 τινὰ,
847 499 979 526 χειροτο-

184 538 264 570 νίαν,
281 537 297 573 ἢ
321 538 494 574 λειτουργίαν
514 538 620 574 ἀγαθὴν
640 537 758 564 ἐκτελῶν
786 538 979 572 ἀγογγύστως

184 583 286 619 ταύτην
300 584 441 617 διανυέτω,
455 584 494 616 ὡς
509 585 546 620 μὴ
559 584 721 619 λειπόμενος
740 583 795 610 τῶν
808 583 977 618 ἀναγκαίων,

184 630 268 666 ἡνίκα
285 633 390 667 χορηγῇ
400 630 439 666 τῷ
455 631 568 667 πλησίον
579 639 586 646 ν
604 631 688 667 ἤγουν
710 629 813 665 ἡδονῶν
832 629 977 664 ἐπιθυμία,

186 678 225 712 μὴ
250 677 299 712 τῆς
317 678 448 704 ἐπιπόνου
471 678 542 704 κατά
567 677 634 704 Θεὸν
661 676 799 708 πολιτείας
822 675 977 708 καταϐοῶν,

184 723 278 758 ὥσπερ
292 723 451 758 ἐγόγγυζον
461 725 475 749 ὁ
495 722 604 758 Ἰσραὴλ
614 724 643 749 ὲν
654 723 687 757 τῇ
701 722 797 757 ἐρήμῳ
814 721 885 748 κατὰ
898 721 977 753 Θεοῦ,

184 769 232 795 καὶ
252 769 330 804 δίκην
354 769 446 795 ἔτισαν
471 769 518 795 ὑπ’
538 768 629 803 ὄφεων
651 768 843 803 ἀπολλύμενοι.
870 767 916 794 Διὸ
931 767 978 794 καὶ

189 816 307 847 Παῦλος
324 825 333 841 ι
350 816 425 851 Μηδὲ
434 815 595 850 γογγύζετε,
606 815 684 850 φησὶ,
696 814 788 846 καθώς
801 822 874 846 τινες
888 813 978 841 αὐτῶν

185 861 349 895 ἐγόγγυσαν,
367 862 414 889 καλ¹
440 862 493 888 ὑπὸ
514 861 569 888 τῶν
589 862 678 896 ὄφεων
699 861 849 888 ἀπώλοντο.
870 870 879 886 ι
898 860 934 887 To
950 860 978 887 δὲ

1030 260 1128 293 siones,
1142 264 1169 288 et
1185 261 1373 296 porrectiones
1388 269 1395 288 :
1418 261 1462 289 vel
1482 262 1545 297 quia
1563 262 1596 290 ad
1618 262 1718 298 injusta
1746 263 1820 292 dona

1030 314 1129 334 manus
1149 307 1322 342 porrigercnt
1336 316 1345 341 ;
1358 308 1401 336 vel
1414 308 1477 344 quia
1493 308 1594 336 malum
1615 316 1665 343 pro
1682 309 1754 337 malo
1777 318 1822 337 re—

1031 357 1177 388 ponerent.
1194 352 1281 386 Quale
1299 353 1366 381 illud
1384 355 1411 381 in
1424 354 1543 382 Psalmis
1559 363 1566 381 :
1581 364 1591 380 (
1613 354 1741 383 Extendit
1762 363 1822 383 ma-

1029 406 1094 426 num
1112 406 1202 431 suam,
1223 402 1253 426 nt
1281 400 1446 427 retrilmeret
1457 400 1481 416 “
1497 407 1504 433 ;
1522 409 1531 426 ι
1550 401 1625 435 quod
1645 405 1688 428 est
1704 408 1719 428 a
1743 409 1823 429 man-

1030 446 1176 474 suetudine
1191 447 1323 474 alienum.
1335 447 1405 475 Aliis
1421 455 1487 474 vero
1509 447 1536 475 in
1556 451 1629 476 hunc
1651 448 1762 476 modum
1780 450 1822 477 vi—

1029 500 1091 520 sum
1118 497 1160 519 est
1187 492 1350 527 explicare;
1373 493 1465 527 justus
1495 493 1615 526 dicatur,
1647 495 1694 529 qui
1718 495 1821 522 bonum

1029 538 1284 574 aggredijejunium
1297 539 1445 566 meditetur
1460 548 1468 567 :
1483 543 1614 575 tanquam
1625 540 1724 568 deinde
1739 549 1822 568 manu

1029 584 1148 619 porrigat
1165 584 1280 619 aliquid,
1298 584 1539 612 vel‘ministerium
1556 586 1657 613 bonum
1668 592 1797 622 operetur
1812 596 1821 620 ;

1032 629 1098 657 illud
1116 629 1173 656 sine
1183 630 1395 657 murmuratione
1411 630 1547 665 perﬁciat,
1566 638 1597 658 ac
1609 631 1632 659 si
1648 632 1722 659 nulla
1736 632 1760 659 ei
1773 640 1822 660 ne-

1030 676 1213 704 cessariorum
1222 676 1267 703 lial
1275 676 1441 710 imminutio,
1449 684 1511 704 eum
1520 678 1646 713 proximo
1654 678 1822 713 suppeditat:

1030 720 1072 748 vel
1089 721 1182 752 ctiam,
1196 728 1231 748 ne
1245 721 1415 756 voluptatum
1433 726 1530 756 captus
1548 723 1695 757 illecebris,
1708 724 1825 752 laborio-

1029 772 1088 792 sam
1106 766 1132 792 in
1150 765 1206 793 Deo
1229 767 1312 793 vitam
1343 767 1435 795 verbis
1462 768 1623 803 inscctetur,
1642 775 1672 797 ut
1687 771 1733 805 qui
1756 772 1822 799 olim

1030 811 1163 839 adversus
1178 811 1263 839 Deum
1288 811 1317 838 in
1343 812 1492 841 solitudine
1514 821 1717 843 murmurarunt
1734 816 1824 845 Israe-

1031 858 1096 890 litze,
1113 858 1185 886 unde
1208 866 1222 886 a
1241 859 1417 894 serpentibus
1444 860 1491 887 icti
1518 861 1659 895 perierunt
1675 862 1707 890 ".
1728 862 1824 899 Itaque

185 907 355 942 ὑπερϐάλλον
370 906 434 941 φῶς
454 906 493 942 τῷ
509 895 637 942 φεύγοντι
656 907 753 940 ταῦτα,
776 907 822 934 καὶ
845 906 978 934 τάναντία

1032 909 1057 932 et
1089 904 1216 933 Paulus:
1237 914 1246 931 ι
1265 904 1304 932 Ne
1334 906 1524 939 murmurctis,
1545 907 1593 940 ait,
1626 909 1698 936 sicut
1727 917 1824 937 eorum

185 953 308 980 ποιοῦντι
328 952 428 988 δηλῶν,
442 953 613 988 μεσημϐρίᾳ
627 953 707 980 τοῦτο
730 953 910 989 παρείκασεν.
924 953 980 979 Καὶ

184 999 216 1024 τὸ
233 998 373 1034 μέγιστον,
399 999 449 1026 καὶ
465 999 583 1035 χορηγδν
603 999 704 1031 παντὸς
723 998 840 1033 ἀγαθοῦ,
857 997 891 1025 τὸ
906 998 980 1025 Θεὸν

186 1041 257 1071 εἶναι
269 1045 319 1072 διὰ
335 1046 450 1077 παντὸς
460 1044 524 1080 μετ’
538 1044 642 1073 αὐτοῦ.

1028 951 1138 985 quidam
1148 957 1367 984 murmurarunt,
1375 956 1401 980 et
1409 960 1424 979 a
1431 953 1605 988 serpentibus
1615 955 1755 989 perierunt
1762 957 1796 984 ²⁶.
1811 966 1821 983 ι

1029 996 1065 1025 Ut
1084 1003 1176 1025 autent
1193 997 1253 1032 ejus
1266 1017 1274 1030 ,
1290 999 1336 1033 qui
1350 998 1404 1026 ista
1420 998 1516 1034 fugiat,
1533 1004 1560 1027 et
1583 1002 1722 1028 contraria
1735 1007 1826 1030 secte-

1031 1047 1088 1076 tur,
1114 1044 1224 1071 lumiuis
1248 1044 1441 1072 excellentiam
1464 1045 1677 1079 demonstraret,
1704 1047 1823 1083 idipsnm

185 1090 336 1117 meridiano
353 1090 412 1118 fore
422 1090 513 1118 simile
523 1090 656 1124 dixit;et,
670 1096 731 1126 quae
741 1097 786 1119 res
799 1094 842 1119 est
857 1089 979 1118 omnium
999 1088 1080 1124 longe
1101 1090 1234 1124 maxima,
1271 1090 1446 1127 universique
1483 1090 1548 1119 boni
1579 1092 1713 1126 eﬂuctrix,
1740 1094 1826 1121 Deum.

185 1144 288 1171 semper
302 1145 393 1164 secum
406 1136 574 1164 habiturum.

221 1207 301 1239 Τινὲς
313 1207 341 1234 δὲ
359 1206 390 1234 τὸ
412 1206 467 1241 τῆς
487 1208 672 1242 χειροτονίας
694 1206 777 1243 ῥητὸν
797 1206 884 1238 οὕτως
906 1205 984 1232 ἐκθέ-

188 1262 283 1289 μενοιο
302 1254 371 1281 Ἐ’ἀν
394 1254 512 1289 ἀφέλῃς
529 1253 588 1281 ἀπὸ
609 1253 667 1281 σοῦ
697 1253 873 1287 σύνδεσμον
890 1251 983 1279 ἐκτεί-

186 1308 280 1328 νοντα
299 1299 463 1333 δάκτυλον,
478 1299 528 1327 καὶ
551 1299 708 1327 λαλοῦντα
733 1297 901 1333 ἀνωφελὲς,
932 1298 982 1323 ὲπ-

186 1348 302 1382 ήγαγον·
313 1346 379 1382 Λαῷ
387 1346 442 1382 γὰρ
455 1345 615 1382 σωτήριονῖὴ
623 1345 679 1372 τῶν
691 1345 819 1381 πονηρῶν
829 1343 981 1378 ἀνθρώπων

186 1393 341 1428 ἀφαίρεσις.
364 1392 540 1427 Σύνδεσμός
562 1393 632 1419 εἰσιν
654 1392 705 1418 οὐκ
724 1391 824 1423 ἐῶντες
836 1391 938 1418 εὐοδεῖν
950 1389 981 1417 τὸ

187 1438 287 1465 κοινόν.
312 1435 381 1465 Εἶτα
405 1438 510 1473 ψυχῆς
536 1437 641 1474 τροφὴν
666 1437 866 1471 ἐπαγγέλλεται
899 1437 980 1473 μέχρι

187 1484 343 1519 ,λιπασμοῦ
363 1484 424 1511 τῶν
440 1484 543 1519 ταύτης
561 1483 672 1516 ὀστῶν,
692 1483 764 1510 οὕτω
787 1483 842 1510 τῶν
857 1483 982 1518 ψυχικῶν

186 1530 343 1566 λεγομένων
355 1530 508 1565 δυνάμεων.
518 1525 605 1557 Δῦται
620 1530 676 1566 γὰρ
696 1529 748 1556 ὑπὸ
762 1529 816 1556 τῶν
829 1537 983 1565 πνευματι-

188 1578 245 1604 κῶν
270 1577 449 1612 χαρισμάτων
474 1576 654 1603 πιαίνονται.
675 1585 684 1602 ι
705 1576 742 1603 Οὐ
766 1576 821 1611 γὰρ
846 1577 889 1603 ἐπ’
907 1575 983 1611 ἄρτῳ

1068 1201 1198 1229 Nonnulli
1219 1205 1321 1235 autem,
1340 1201 1386 1229 ubi
1404 1209 1500 1229 manus
1521 1203 1711 1238 porrectionem
1724 1205 1751 1233 in
1768 1206 1827 1234 haec

1031 1249 1115 1276 verba
1135 1252 1324 1283 exposuerunt
1343 1257 1350 1275 :
1365 1247 1396 1276 Si
1408 1248 1514 1284 auferas
1532 1258 1547 1276 a
1564 1254 1587 1277 te
1605 1251 1736 1278 vinculum
1756 1253 1826 1287 quod

1031 1295 1146 1330 digitum
1172 1294 1257 1330 660
1270 1294 1398 1327 extendit,
1415 1300 1440 1322 et
1468 1295 1564 1323 inutile
1588 1297 1704 1332 loquitur
1717 1307 1728 1330 ;
1740 1300 1827 1327 scele—

1030 1346 1155 1368 ratorum
1177 1342 1261 1368 etiant
1277 1341 1420 1370 hominum
1443 1342 1583 1370 interitum
1609 1345 1710 1379 populo
1723 1346 1827 1373 saluta-

1030 1396 1088 1416 rem
1114 1396 1177 1416 esse
1197 1388 1369 1423 adjecerunt,
1399 1389 1447 1424 qui
1474 1390 1632 1425 reipublica:
1656 1391 1826 1424 felicitatem,

1031 1439 1161 1469 tanquam
1174 1434 1279 1462 vinculo
1292 1435 1485 1470 constrictum,
1495 1441 1682 1465 remorantur.
1694 1438 1827 1473 Deinceps

1032 1480 1130 1507 anima:
1143 1480 1322 1507 nutritionem
1343 1480 1501 1516 pollicetur,
1518 1481 1551 1507 ad
1582 1482 1665 1517 hujus
1680 1491 1769 1519 usque
1781 1493 1827 1511 sa—

1031 1525 1196 1560 ginationem
1219 1525 1319 1552 ossium
1334 1533 1345 1557 ;
1364 1533 1481 1560 quorum
1498 1527 1609 1555 nomine
1626 1528 1741 1556 virtutes
1766 1529 1827 1564 ejus

1033 1570 1095 1598 ideo
1109 1571 1311 1606 signiﬁcantur,
1333 1572 1407 1607 quod
1423 1580 1462 1599 ca:
1474 1573 1665 1608 spiritualibus
1681 1575 1760 1603 donis
1774 1577 1828 1603 im-

189 1624 263 1660 μόνῳ
275 1624 389 1659 ζήσεται
400 1623 555 1658 ἄνθρωπος,
570 1623 627 1650 ἀλλ’
643 1624 672 1650 ὲν
686 1623 767 1650 παντὶ
782 1624 885 1658 ῥήματι
899 1623 979 1649 ὲκπο-

1032 1617 1205 1652 pinguentur.
1224 1627 1233 1641 ι
1253 1617 1349 1653 Neque
1365 1619 1438 1645 enim
1455 1619 1515 1646 solo
1538 1628 1609 1655 pane
1627 1622 1699 1649 vivet
1720 1622 1801 1651 homo
1818 1633 1827 1658 ;

189 1670 328 1706 ρευομένῳ
344 1669 389 1697 διὰ
406 1670 540 1705 στόματος
554 1669 633 1701 Θεοῦ,
651 1679 661 1696 ι
678 1666 709 1696 οῦ
725 1669 811 1701 τύπος
827 1667 858 1695 τὺ
881 1668 980 1703 μάννα.

188 1715 258 1743 Καθ’
271 1715 353 1742 ἑαυτὸ
366 1715 421 1751 γὰρ
436 1715 496 1747 πῶς
510 1714 543 1742 ἂν
556 1715 640 1752 ἄρτος
656 1714 791 1749 ἀγγέλων,
807 1714 824 1750 ἢ
842 1713 888 1740 καὶ
900 1713 982 1748 ἄρτος

187 1761 303 1796 οὐρανοῦ
334 1761 514 1796 νοηοήσεται;
544 1758 600 1792 ’Ἧς
630 1760 662 1796 δὴ
687 1761 790 1796 τροφῆς
817 1759 982 1790 ἐκπεσόντος

194 1806 314 1842 Ἰσραὴλ,
330 1807 365 1833 τὰ
381 1806 444 1839 ἔθνη
460 1806 594 1842 μετέλαϐε
610 1806 654 1833 διὰ
670 1806 800 1838 πίστεως.
815 1805 861 1832 Διό
879 1813 962 1840 φησιν
973 1812 980 1819 ·

192 1863 202 1881 ι
222 1854 254 1882 Ol.
266 1852 439 1886 δουλεύοντες
456 1862 501 1888 μοι
525 1853 670 1889 φάγονται,
686 1853 766 1888 ὑμεῖς
778 1852 807 1879 δὲ
826 1852 981 1878 πεινάσετε.

195 1901 260 1930 Ἰδοὺ
271 1902 296 1929 οἱ
310 1901 482 1934 δουλεύοντὲς
495 1909 540 1937 μοι
555 1901 662 1928 πίονται
672 1907 680 1915 '
692 1901 772 1935 ὑμεῖς
784 1899 812 1926 δὲ
823 1899 978 1934 διψήσετε.»

194 1949 411 1986 Ἑσχημάτισται
428 1948 457 1976 δὲ
471 1949 486 1976 ὀ
505 1947 640 1984 περὶτῶν
656 1947 756 1975 ὀστῶν
770 1946 849 1981 λόγος
861 1945 916 1974 ἀπὸ
928 1945 982 1973 τῶν

188 1996 294 2033 τρυφᾷν
307 1995 444 2023 εἰωθότων
458 1994 634 2031 σωματικῶς.

225 2107 335 2136 Ἔσται
352 2107 379 2135 δέ
393 2115 453 2140 σοι,
474 2106 552 2142 φησὶ,
568 2106 617 2133 καὶ
636 2105 717 2141 πηγὴ
733 2103 845 2137 ὕδατος
860 2101 980 2136 ζῶντος,

187 2155 237 2182 καὶ
248 2153 347 2190 κῆπος
373 2153 503 2189 ἀειθαλὴς
516 2153 576 2185 ταῖς
598 2151 629 2184 ἐξ
650 2151 729 2186 ἁγίου
749 2151 911 2186 Πνεύματος
929 2157 981 2184 φυ-

187 2202 275 2233 τείαις
291 2201 489 2237 καρποφορῶν.
505 2201 563 2227 Καὶ
578 2200 595 2236 ὴ
609 2198 759 2234 Ἐκκλησία
773 2198 801 2225 δὲ
822 2196 920 2231 κῆπος
935 2196 982 2230 γέ-

188 2257 251 2283 γονε
259 2247 378 2283 Χριστοῦ
393 2247 522 2281 λέγουσα·
535 2245 706 2281 ιΚαταϐήτω
720 2243 862 2279 sanetae;
877 2252 928 2279 μου
939 2243 981 2274 εἰς

1033 1660 1083 1688 sed
1108 1661 1184 1688 omni
1198 1661 1292 1694 verbo,
1310 1663 1382 1696 quod
1409 1662 1551 1698 egreditur
1564 1672 1596 1692 ex
1610 1672 1658 1692 ore
1679 1665 1725 1693 Dei
1744 1667 1796 1700 ’3‘,
1815 1677 1825 1695 ι

1033 1706 1114 1742 cujus
1122 1706 1240 1734 formam
1247 1714 1348 1734 manna
1360 1707 1441 1736 nobis
1454 1711 1673 1743 repraesentavit.
1686 1711 1737 1745 Qui
1750 1721 1828 1741 nam-

1033 1759 1088 1787 que
1112 1759 1160 1787 per
1188 1759 1220 1780 se
1237 1755 1286 1779 aut
1302 1752 1383 1788 panis
1409 1754 1581 1790 angelorum,
1596 1760 1643 1783 aut
1659 1758 1721 1785 cocti
1743 1759 1826 1786 etiam

1033 1798 1204 1834 intelligatur
1219 1798 1231 1826 ?
1245 1799 1326 1826 Hunc
1342 1799 1427 1835 igitur
1452 1801 1557 1834 cibum,
1584 1811 1639 1838 quo
1668 1805 1827 1833 exciderant

1033 1843 1174 1878 Israelitze,
1185 1845 1237 1872 sibi
1249 1852 1297 1880 per
1308 1845 1389 1873 tidem
1399 1851 1495 1882 gentes
1507 1855 1735 1884 assumpserunt:
1752 1851 1828 1880 ideo—

1032 1898 1086 1926 que
1101 1891 1139 1918 ait
1154 1900 1161 1918 :
1178 1901 1187 1917 ι
1208 1890 1261 1924 Qui
1278 1892 1404 1919 serviunt
1416 1893 1495 1926 mihi,
1526 1895 1672 1923 comedent
1687 1906 1693 1929 ;
1710 1905 1759 1926 vos
1776 1907 1826 1925 att-

1032 1937 1088 1961 tem
1102 1935 1243 1963 esurietis.
1262 1935 1334 1964 Ecee
1345 1937 1393 1971 qui
1412 1937 1536 1965 serviunt
1551 1938 1629 1972 mihi,
1646 1939 1740 1968 bibent
1754 1949 1762 1974 ;
1777 1949 1826 1969 vos

1033 1986 1124 2009 autem
1141 1983 1240 2010 sitietis
1247 1983 1282 2010 "'.
1297 1992 1307 2009 ι
1320 1983 1369 2011 Est
1376 1991 1442 2011 vero
1454 1983 1597 2012 deorsibus
1610 1985 1644 2013 ab
1655 1985 1689 2013 iis
1702 1992 1826 2015 mutuata

1032 2028 1162 2063 loquendi
1175 2028 1258 2062 ratio,
1267 2029 1315 2064 qui
1332 2029 1452 2057 molliter
1468 2037 1570 2065 corpus
1586 2031 1676 2058 solent
1690 2033 1824 2061 enutrire.

1069 2093 1173 2122 Deinde
1188 2095 1239 2122 erit
1252 2095 1312 2130 tibi,
1331 2095 1432 2132 inquit,
1449 2102 1473 2125 et
1488 2097 1548 2132 fons
1569 2107 1645 2134 ποιέω
1662 2100 1785 2132 viventis,
1800 2106 1826 2129 et

1031 2141 1127 2169 hortus
1141 2141 1234 2170 divina
1252 2143 1373 2178 Spiritus
1404 2144 1494 2171 sancti
1522 2145 1677 2174 consitione
1711 2147 1826 2177 ﬂoribus

1032 2195 1142 2222 semper
1155 2192 1183 2216 et
1198 2188 1335 2217 fructibus
1352 2190 1507 2220 abundans.
1526 2191 1631 2220 Dicitur
1647 2201 1712 2220 vero
1725 2198 1752 2221 et
1763 2195 1826 2222 Irar-

1031 2239 1074 2260 tur
1091 2233 1151 2269 ipsa
1163 2234 1264 2263 Christi
1296 2236 1432 2270 Ecclesia,
1449 2237 1531 2272 cujus
1554 2237 1611 2266 haec
1636 2239 1719 2266 verba
1735 2245 1800 2268 sunt
1815 2251 1823 2270 :

188 2278 278 2329 κῆπον
286 2278 379 2326 αὑτοῦ,
391 2278 440 2320 καί
448 2292 559 2328 φαγέτω
574 2278 681 2327 καρπόν
695 2278 854 2326 ἀκροδρύων
867 2278 979 2316 αὑτοῦ.»

1034 2288 1045 2306 ι
1064 2278 1219 2308 Descendat
1236 2288 1321 2316 nepos
1345 2290 1423 2310 meus
1442 2283 1468 2310 in
1491 2284 1602 2312 hortum
1621 2293 1712 2319 suum,
1729 2291 1757 2314 et
1776 2295 1826 2315 co-

187 2324 242 2366 'l-lv
254 2339 283 2366 δι
298 2338 346 2366 και
357 2324 545 2373 amussim
562 2324 684 2368 ἐξέλιπεν
697 2324 789 2368 saep;
806 2333 850 2365 Ὠς
859 2332 915 2368 γὰρ
927 2332 979 2358 ἀπδ

1033 2326 1126 2353 medat
1148 2326 1269 2355 fructum
1293 2335 1438 2364 pomorum
1460 2337 1574 2358 suorum
1588 2331 1622 2360 ³⁸.
1641 2341 1651 2358 ι
1671 2331 1776 2362 Dicitur
1797 2343 1826 2363 et

188 2384 289 2420 πηγῆς
306 2384 404 2412 ἀενάου
419 2383 470 2416 τὰς
486 2381 662 2413 διδασκαλίας
672 2380 855 2417 προφέρουσιν
869 2378 896 2405 οἱ
912 2377 980 2404 θεῖοι

190 2429 378 2466 μυσταγωγοί.
395 2439 405 2455 ι
424 2428 479 2456 Τοῦ
493 2428 549 2464 γὰρ
563 2426 749 2459 πιστεύοντος,
766 2424 843 2461 φησὶ,
861 2423 982 2458 ποταμοὶ

188 2477 221 2503 ὲκ
235 2477 283 2511 τῆς
299 2475 405 2507 κοιλίας
425 2474 570 2510 ῥεύσουσιν
590 2472 688 2504 ὓδατος
707 2472 790 2507 ζωῆς.
814 2480 824 2497 ›
840 2469 897 2498 Καὶ
911 2469 982 2505 πρὸς

187 2523 238 2557 τὴν
255 2522 421 2556 Σαμαρεῖτιν
434 2520 470 2547 τὰ
485 2521 577 2556 ὅμοια.
593 2519 647 2546 Kal
660 2518 696 2545 τὰ
709 2516 786 2545 ὀστᾶ
798 2517 828 2544 δέ
841 2524 912 2548 σου,
928 2523 980 2550 φη-

188 2568 243 2601 σὶν,
259 2568 299 2601 ὡς
308 2566 437 2601 βοτάνη,
453 2565 602 2598 (iratust,
616 2565 667 2592 καὶ
682 2563 911 2597 πων-θήσονται,
928 2560 979 2588 καὶ

188 2612 457 2647 κληρονομήσουσι
471 2602 586 2646 ¹γενεὰς
598 2609 719 2646 γενεῶν.
740 2609 779 2635 Δι’
793 2604 831 2635 ὧν
845 2607 916 2634 ἔοικε
932 2605 980 2641 δη-

189 2659 253 2688 λοῦν
271 2659 320 2696 τὴν
334 2658 484 2687 ἀνάστασιν
496 2657 551 2685 τῶν
565 2657 712 2693 σωμάτων,
732 2654 923 2690 ἀνισταμένων
934 2649 979 2680 οἷά

188 2713 230 2738 τις
247 2704 312 2738 πόα,
333 2703 419 2740 νεκρὰ
437 2704 486 2740 μὲν
495 2704 525 2731 ὲν
539 2703 666 2739 χειμῶνι,
683 2701 842 2737 ὰναθήλασα
855 2700 884 2727 δὲ
897 2699 979 2727 πάλιν

160 2754 163 2756 ’
188 2753 218 2780 ὲν
237 2751 311 2788 ἔαρι.
325 2751 388 2782 Πῶς
410 2750 439 2778 δὲ
460 2750 620 2784 dividunt;
643 2750 678 2785 τῇ
705 2747 830 2784 ζωοποιῷ
856 2746 978 2784 δηλονότι

224 2850 326 2877 "Psal.
348 2858 402 2881 Ltv,
416 2850 463 2877 21.
501 2851 524 2867 ¹⁸
540 2850 620 2878 Num.
645 2859 701 2883 xxt,
721 2851 732 2878 l
749 2859 824 2886 seqq.

189 2893 215 2918 v,
238 2889 259 2912 t.
299 2887 321 2902 ¹⁹
335 2885 414 2914 .lonn.
431 2893 478 2918 \‘It,
493 2886 539 2913 58.
579 2886 601 2902 ³⁰
614 2886 691 2914 Juan.
706 2893 742 2920 Iv,
757 2886 800 2913 H.

866 2852 888 2868 “
904 2851 923 2878 ll
950 2851 1012 2879 Cor.
1035 2859 1060 2884 κ,
1080 2851 1114 2879 lt)
1152 2853 1190 2869 τ’*
1208 2851 1302 2881 Matth,
1322 2861 1357 2885 tv,
1379 2853 1404 2880 .t.

1031 2371 1102 2406 fons,
1118 2380 1199 2408 quem
1226 2374 1303 2401 nulla
1329 2383 1448 2410 unquam
1468 2385 1539 2412 aqua
1557 2377 1667 2406 deiecit.
1682 2380 1824 2417 Tanquam

1032 2419 1105 2446 enim
1118 2426 1133 2446 a
1149 2419 1222 2454 fonte
1232 2421 1344 2455 perenni
1357 2429 1388 2449 ea
1404 2421 1612 2459 hanriunt,quae
1627 2426 1728 2454 docent
1736 2427 1823 2455 divini

1032 2474 1126 2494 rerum
1139 2474 1304 2494 arcanarum
1315 2467 1479 2503 interpretes
1496 2474 1522 2496 et
1535 2471 1671 2506 magistri.
1686 2481 1695 2498 ι
1707 2472 1774 2500 Nam
1791 2475 1826 2502 de

1031 2518 1128 2541 ventre
1145 2513 1205 2547 ejus
1237 2515 1284 2550 qui
1311 2516 1411 2548 credit,
1428 2517 1527 2552 inquit,
1545 2525 1623 2553 aquae
1637 2518 1700 2546 vita:
1712 2518 1824 2548 ﬂumina

1032 2560 1167 2596 proﬂuent
1180 2561 1213 2594 ",
1229 2570 1239 2588 ι
1261 2562 1417 2597 similiaque
1432 2563 1476 2591 illa
1507 2563 1541 2591 de
1553 2565 1655 2600 quibus
1683 2573 1745 2593 cum
1773 2566 1824 2595 Sa-

1032 2607 1159 2635 maritide
1169 2607 1278 2636 loeutus
1290 2613 1332 2636 est
1347 2609 1381 2636 ³ο.
1393 2609 1428 2638 Ει
1444 2618 1506 2638 ossa
1520 2615 1576 2644 tua,
1592 2611 1749 2646 addit,sicut
1764 2614 1825 2642 Iter-

1032 2652 1065 2679 ba
1074 2653 1194 2681 orientur
1223 2660 1248 2682 et
1265 2656 1443 2691 pinguescant,
1458 2661 1483 2684 et
1509 2657 1824 2694 Itwreditabuntgenera-

1034 2698 1118 2726 tiones
1131 2701 1342 2735 generationum,
1359 2701 1406 2729 ubi
1420 2709 1566 2737 corporum
1593 2705 1823 2734 resurrectionem

1032 2745 1190 2783 signiﬁcare
1204 2747 1394 2784 videtur,.qu:e
1408 2748 1499 2778 herba:
1509 2751 1536 2778 in
1547 2757 1652 2779 morem
1664 2751 1753 2780 hieme
1763 2753 1825 2788 qui—

1445 2853 1528 2881 πιθα.
1547 2862 1608 2889 uv,
1621 2854 1665 2883 l3.
1705 2856 1726 2870 "
1740 2855 1821 2885 Cant.
