  <div class='ocr_page' id='page_1' title='image "/cluster/home/n/w/nwhite01/storage/ocr_20150623/87, pt.2/njp.32101010943809/565.png"; bbox 0 0 1999 3076; ppageno 0'>
   <div class='ocr_carea' id='block_1_1' title="bbox 158 138 230 171">
    <p class='ocr_par' dir='ltr' id='par_1_1' title="bbox 158 138 230 171">
     <span class='ocr_line' id='line_1_1' title="bbox 158 138 230 171; baseline -0.014 0"><span class='ocrx_word' id='word_1_1' title='bbox 158 138 230 171; x_wconf 72' lang='grc'><strong>2595</strong></span> 
     </span>
    </p>
   </div>
   <div class='ocr_carea' id='block_1_2' title="bbox 814 127 1133 166">
    <p class='ocr_par' dir='ltr' id='par_1_2' title="bbox 814 127 1133 166">
     <span class='ocr_line' id='line_1_2' title="bbox 814 127 1133 166; baseline -0.006 0"><span class='ocrx_word' id='word_1_2' title='bbox 814 127 991 166; x_wconf 72' lang='lat' dir='ltr'><strong>Pu‘ocoru</strong></span> <span class='ocrx_word' id='word_1_3' title='bbox 1011 130 1133 165; x_wconf 67' lang='lat' dir='ltr'><strong>GAZ&#39;IEI</strong></span> 
     </span>
    </p>
   </div>
   <div class='ocr_carea' id='block_1_3' title="bbox 1725 137 1795 169">
    <p class='ocr_par' dir='ltr' id='par_1_3' title="bbox 1725 137 1795 169">
     <span class='ocr_line' id='line_1_3' title="bbox 1725 137 1795 169; baseline 0.029 -2"><span class='ocrx_word' id='word_1_4' title='bbox 1725 137 1795 169; x_wconf 72' lang='lat'><strong>2590</strong></span> 
     </span>
    </p>
   </div>
   <div class='ocr_carea' id='block_1_4' title="bbox 157 191 954 229">
    <p class='ocr_par' dir='ltr' id='par_1_4' title="bbox 157 191 945 225">
     <span class='ocr_line' id='line_1_4' title="bbox 157 191 945 225; baseline -0.005 -2"><span class='ocrx_word' id='word_1_5' title='bbox 157 195 219 223; x_wconf 87' lang='lat' dir='ltr'><strong>dem</strong></span> <span class='ocrx_word' id='word_1_6' title='bbox 238 194 392 225; x_wconf 82' lang='lat' dir='ltr'><strong>morientis,</strong></span> <span class='ocrx_word' id='word_1_7' title='bbox 404 200 468 220; x_wconf 78' lang='lat' dir='ltr'><strong>vere.</strong></span> <span class='ocrx_word' id='word_1_8' title='bbox 482 194 574 220; x_wconf 85' lang='lat' dir='ltr'><strong>autem</strong></span> <span class='ocrx_word' id='word_1_9' title='bbox 593 191 797 224; x_wconf 85' lang='lat' dir='ltr'><strong>revirescentis,</strong></span> <span class='ocrx_word' id='word_1_10' title='bbox 815 192 842 219; x_wconf 92' lang='lat' dir='ltr'><strong>iu</strong></span> <span class='ocrx_word' id='word_1_11' title='bbox 862 192 945 219; x_wconf 88' lang='lat' dir='ltr'><strong>vitam</strong></span> 
     </span>
    </p>
   </div>
   <div class='ocr_carea' id='block_1_5' title="bbox 1006 191 1796 229">
    <p class='ocr_par' dir='ltr' id='par_1_5' title="bbox 1006 191 1796 229">
     <span class='ocr_line' id='line_1_5' title="bbox 1006 191 1796 229; baseline 0.001 -10"><span class='ocrx_word' id='word_1_12' title='bbox 1006 191 1093 228; x_wconf 55' lang='grc' dir='ltr'>χάριτι</span> <span class='ocrx_word' id='word_1_13' title='bbox 1105 193 1294 228; x_wconf 78' lang='grc' dir='ltr'>πιαινόμενα.</span> <span class='ocrx_word' id='word_1_14' title='bbox 1316 192 1361 225; x_wconf 76' lang='grc' dir='ltr'><strong>Ὠς</strong></span> <span class='ocrx_word' id='word_1_15' title='bbox 1378 198 1388 212; x_wconf 72' lang='lat'><strong>7-</strong></span> <span class='ocrx_word' id='word_1_16' title='bbox 1405 193 1460 229; x_wconf 77' lang='grc' dir='ltr'>γὰρ</span> <span class='ocrx_word' id='word_1_17' title='bbox 1475 193 1558 221; x_wconf 76' lang='grc' dir='ltr'>Δαϐἱδ</span> <span class='ocrx_word' id='word_1_18' title='bbox 1580 202 1680 229; x_wconf 76' lang='grc' dir='ltr'>φησιν·</span> <span class='ocrx_word' id='word_1_19' title='bbox 1712 204 1720 220; x_wconf 84' lang='grc' dir='ltr'><strong>ι</strong></span> <span class='ocrx_word' id='word_1_20' title='bbox 1739 195 1796 226; x_wconf 77' lang='grc' dir='ltr'><strong>ἘΞ-</strong></span> 
     </span>
    </p>
   </div>
   <div class='ocr_carea' id='block_1_6' title="bbox 158 237 952 275">
    <p class='ocr_par' dir='ltr' id='par_1_6' title="bbox 158 237 952 275">
     <span class='ocr_line' id='line_1_6' title="bbox 158 237 952 275; baseline -0.004 -7"><span class='ocrx_word' id='word_1_21' title='bbox 158 240 366 269; x_wconf 78' lang='lat' dir='ltr'><strong>excitabuntur.</strong></span> <span class='ocrx_word' id='word_1_22' title='bbox 382 239 434 267; x_wconf 86' lang='lat' dir='ltr'><strong>Sed</strong></span> <span class='ocrx_word' id='word_1_23' title='bbox 461 239 508 275; x_wconf 99' lang='lat' dir='ltr'><strong>qui</strong></span> <span class='ocrx_word' id='word_1_24' title='bbox 529 243 672 274; x_wconf 68' lang='lat' dir='ltr'><strong>resurgant</strong></span> <span class='ocrx_word' id='word_1_25' title='bbox 687 239 698 266; x_wconf 63' lang='grc' dir='ltr'><strong><em>Ἰ</em></strong></span> <span class='ocrx_word' id='word_1_26' title='bbox 715 238 744 266; x_wconf 89' lang='lat' dir='ltr'><strong>Si</strong></span> <span class='ocrx_word' id='word_1_27' title='bbox 759 239 845 273; x_wconf 80' lang='lat' dir='ltr'><strong>gratia</strong></span> <span class='ocrx_word' id='word_1_28' title='bbox 872 237 952 265; x_wconf 87' lang='lat' dir='ltr'><strong>nimi-</strong></span> 
     </span>
    </p>
   </div>
   <div class='ocr_carea' id='block_1_7' title="bbox 157 283 950 322">
    <p class='ocr_par' dir='ltr' id='par_1_7' title="bbox 157 283 950 322">
     <span class='ocr_line' id='line_1_7' title="bbox 157 283 950 322; baseline -0.005 -8"><span class='ocrx_word' id='word_1_29' title='bbox 157 294 231 318; x_wconf 90' lang='lat' dir='ltr'><strong>rum,</strong></span> <span class='ocrx_word' id='word_1_30' title='bbox 246 289 306 322; x_wconf 53' lang='lat' dir='ltr'><strong>quae</strong></span> <span class='ocrx_word' id='word_1_31' title='bbox 332 288 413 313; x_wconf 79' lang='lat' dir='ltr'><strong>vitam</strong></span> <span class='ocrx_word' id='word_1_32' title='bbox 433 285 559 320; x_wconf 77' lang='lat' dir='ltr'><strong>largitur.</strong></span> <span class='ocrx_word' id='word_1_33' title='bbox 585 285 750 319; x_wconf 75' lang='lat' dir='ltr'><strong>saginenlur.</strong></span> <span class='ocrx_word' id='word_1_34' title='bbox 766 283 801 311; x_wconf 88' lang='lat' dir='ltr'><strong>Ut</strong></span> <span class='ocrx_word' id='word_1_35' title='bbox 828 287 856 311; x_wconf 84' lang='lat' dir='ltr'><strong>et</strong></span> <span class='ocrx_word' id='word_1_36' title='bbox 879 283 950 320; x_wconf 86' lang='lat' dir='ltr'><strong>apud</strong></span> 
     </span>
    </p>
   </div>
   <div class='ocr_carea' id='block_1_8' title="bbox 160 330 952 367">
    <p class='ocr_par' dir='ltr' id='par_1_8' title="bbox 160 330 952 367">
     <span class='ocr_line' id='line_1_8' title="bbox 160 330 952 367; baseline -0.004 -7"><span class='ocrx_word' id='word_1_37' title='bbox 160 333 289 360; x_wconf 86' lang='lat' dir='ltr'><strong>Davidem</strong></span> <span class='ocrx_word' id='word_1_38' title='bbox 307 332 424 367; x_wconf 78' lang='lat' dir='ltr'><strong>legimus</strong></span> <span class='ocrx_word' id='word_1_39' title='bbox 441 340 447 358; x_wconf 90' lang='lat'>:</span> <span class='ocrx_word' id='word_1_40' title='bbox 461 340 470 357; x_wconf 80' lang='grc' dir='ltr'><strong>ι</strong></span> <span class='ocrx_word' id='word_1_41' title='bbox 485 331 585 358; x_wconf 85' lang='lat' dir='ltr'><strong>Emitte</strong></span> <span class='ocrx_word' id='word_1_42' title='bbox 597 330 724 365; x_wconf 89' lang='lat' dir='ltr'><strong>spiritum</strong></span> <span class='ocrx_word' id='word_1_43' title='bbox 739 337 826 362; x_wconf 85' lang='lat' dir='ltr'><strong>tuum,</strong></span> <span class='ocrx_word' id='word_1_44' title='bbox 842 335 952 357; x_wconf 85' lang='lat' dir='ltr'><strong>etcrea-</strong></span> 
     </span>
    </p>
   </div>
   <div class='ocr_carea' id='block_1_9' title="bbox 159 377 952 411">
    <p class='ocr_par' dir='ltr' id='par_1_9' title="bbox 159 377 952 411">
     <span class='ocr_line' id='line_1_9' title="bbox 159 377 952 411; baseline -0.003 -5"><span class='ocrx_word' id='word_1_45' title='bbox 159 380 273 411; x_wconf 85' lang='lat' dir='ltr'><strong>buntur,</strong></span> <span class='ocrx_word' id='word_1_46' title='bbox 284 383 311 406; x_wconf 87' lang='lat' dir='ltr'><strong>et</strong></span> <span class='ocrx_word' id='word_1_47' title='bbox 329 378 474 406; x_wconf 75' lang='lat' dir='ltr'><strong>renovaltis</strong></span> <span class='ocrx_word' id='word_1_48' title='bbox 491 377 588 405; x_wconf 80' lang='lat' dir='ltr'><strong>faciem</strong></span> <span class='ocrx_word' id='word_1_49' title='bbox 606 383 686 405; x_wconf 70' lang='lat' dir='ltr'><strong>terrae</strong></span> <span class='ocrx_word' id='word_1_50' title='bbox 706 377 727 393; x_wconf 84' lang='grc'><strong>³¹</strong></span> <span class='ocrx_word' id='word_1_51' title='bbox 747 386 754 410; x_wconf 89' lang='grc'>;</span> <span class='ocrx_word' id='word_1_52' title='bbox 772 386 781 403; x_wconf 72' lang='grc' dir='ltr'><strong>ι</strong></span> <span class='ocrx_word' id='word_1_53' title='bbox 795 377 820 404; x_wconf 86' lang='lat' dir='ltr'><strong>id</strong></span> <span class='ocrx_word' id='word_1_54' title='bbox 837 380 889 409; x_wconf 87' lang='lat' dir='ltr'><strong>est,</strong></span> <span class='ocrx_word' id='word_1_55' title='bbox 904 383 952 404; x_wconf 88' lang='lat' dir='ltr'><strong>eo-</strong></span> 
     </span>
    </p>
   </div>
   <div class='ocr_carea' id='block_1_10' title="bbox 160 424 954 461">
    <p class='ocr_par' dir='ltr' id='par_1_10' title="bbox 160 424 954 461">
     <span class='ocr_line' id='line_1_10' title="bbox 160 424 954 461; baseline -0.005 -9"><span class='ocrx_word' id='word_1_56' title='bbox 160 434 220 453; x_wconf 89' lang='lat' dir='ltr'><strong>rum</strong></span> <span class='ocrx_word' id='word_1_57' title='bbox 250 426 295 461; x_wconf 92' lang='lat' dir='ltr'><strong>qui</strong></span> <span class='ocrx_word' id='word_1_58' title='bbox 312 425 337 452; x_wconf 94' lang='lat' dir='ltr'><strong>in</strong></span> <span class='ocrx_word' id='word_1_59' title='bbox 355 430 425 452; x_wconf 88' lang='lat' dir='ltr'><strong>terra</strong></span> <span class='ocrx_word' id='word_1_60' title='bbox 449 430 595 452; x_wconf 73' lang='lat' dir='ltr'><strong>versantur</strong></span> <span class='ocrx_word' id='word_1_61' title='bbox 606 432 667 452; x_wconf 92' lang='lat' dir='ltr'><strong>cum</strong></span> <span class='ocrx_word' id='word_1_62' title='bbox 682 424 863 459; x_wconf 81' lang='lat' dir='ltr'><strong>generationes</strong></span> <span class='ocrx_word' id='word_1_63' title='bbox 876 430 954 458; x_wconf 78' lang='lat' dir='ltr'><strong>gene-</strong></span> 
     </span>
    </p>
   </div>
   <div class='ocr_carea' id='block_1_11' title="bbox 160 471 953 508">
    <p class='ocr_par' dir='ltr' id='par_1_11' title="bbox 160 471 953 508">
     <span class='ocr_line' id='line_1_11' title="bbox 160 471 953 508; baseline -0.004 -9"><span class='ocrx_word' id='word_1_64' title='bbox 160 473 296 500; x_wconf 73' lang='lat' dir='ltr'><strong>ralianum</strong></span> <span class='ocrx_word' id='word_1_65' title='bbox 312 472 338 499; x_wconf 90' lang='lat' dir='ltr'><strong>in</strong></span> <span class='ocrx_word' id='word_1_66' title='bbox 350 472 429 508; x_wconf 76' lang='lat'><strong>661</strong></span> <span class='ocrx_word' id='word_1_67' title='bbox 450 471 504 498; x_wconf 85' lang='lat' dir='ltr'><strong>vita</strong></span> <span class='ocrx_word' id='word_1_68' title='bbox 518 471 563 498; x_wconf 91' lang='lat' dir='ltr'><strong>illa</strong></span> <span class='ocrx_word' id='word_1_69' title='bbox 577 475 716 505; x_wconf 88' lang='lat' dir='ltr'><strong>perpetua,</strong></span> <span class='ocrx_word' id='word_1_70' title='bbox 735 474 823 496; x_wconf 91' lang='lat' dir='ltr'><strong>morte</strong></span> <span class='ocrx_word' id='word_1_71' title='bbox 839 476 953 504; x_wconf 85' lang='lat' dir='ltr'><strong>prorsus</strong></span> 
     </span>
    </p>
   </div>
   <div class='ocr_carea' id='block_1_12' title="bbox 160 514 954 552">
    <p class='ocr_par' dir='ltr' id='par_1_12' title="bbox 160 514 954 552">
     <span class='ocr_line' id='line_1_12' title="bbox 160 514 954 552; baseline -0.008 -6"><span class='ocrx_word' id='word_1_72' title='bbox 160 523 187 546; x_wconf 88' lang='lat' dir='ltr'><strong>ct</strong></span> <span class='ocrx_word' id='word_1_73' title='bbox 202 518 380 552; x_wconf 73' lang='lat' dir='ltr'><strong>corruptione</strong></span> <span class='ocrx_word' id='word_1_74' title='bbox 396 517 523 548; x_wconf 76' lang='lat' dir='ltr'><strong>sublatis,</strong></span> <span class='ocrx_word' id='word_1_75' title='bbox 545 515 739 543; x_wconf 80' lang='lat' dir='ltr'><strong>Ita&#39;reditabunt</strong></span> <span class='ocrx_word' id='word_1_76' title='bbox 756 523 765 542; x_wconf 89' lang='lat'><strong><em>:</em></strong></span> <span class='ocrx_word' id='word_1_77' title='bbox 783 514 917 542; x_wconf 73' lang='lat' dir='ltr'><strong>Dicuntur</strong></span> <span class='ocrx_word' id='word_1_78' title='bbox 927 518 954 542; x_wconf 86' lang='lat' dir='ltr'><strong>ct</strong></span> 
     </span>
    </p>
   </div>
   <div class='ocr_carea' id='block_1_13' title="bbox 161 561 954 596">
    <p class='ocr_par' dir='ltr' id='par_1_13' title="bbox 161 561 954 596">
     <span class='ocr_line' id='line_1_13' title="bbox 161 561 954 596; baseline -0.005 -5"><span class='ocrx_word' id='word_1_79' title='bbox 161 573 222 591; x_wconf 75' lang='lat' dir='ltr'><strong>ossa</strong></span> <span class='ocrx_word' id='word_1_80' title='bbox 234 564 331 590; x_wconf 61' lang='lat' dir='ltr'><strong>animat</strong></span> <span class='ocrx_word' id='word_1_81' title='bbox 346 562 517 590; x_wconf 83' lang='lat' dir='ltr'><strong>virtutes.Ut</strong></span> <span class='ocrx_word' id='word_1_82' title='bbox 533 562 655 590; x_wconf 86' lang='lat' dir='ltr'><strong>hocluco</strong></span> <span class='ocrx_word' id='word_1_83' title='bbox 669 570 675 588; x_wconf 85' lang='lat'>:</span> <span class='ocrx_word' id='word_1_84' title='bbox 693 571 702 586; x_wconf 86' lang='grc'><strong><em>‹</em></strong></span> <span class='ocrx_word' id='word_1_85' title='bbox 720 561 868 596; x_wconf 82' lang='lat' dir='ltr'><strong>Dissipavit</strong></span> <span class='ocrx_word' id='word_1_86' title='bbox 883 561 954 587; x_wconf 87' lang='lat' dir='ltr'><strong>Dcus</strong></span> 
     </span>
    </p>
   </div>
   <div class='ocr_carea' id='block_1_14' title="bbox 161 606 954 644">
    <p class='ocr_par' dir='ltr' id='par_1_14' title="bbox 161 606 954 644">
     <span class='ocr_line' id='line_1_14' title="bbox 161 606 954 644; baseline -0.004 -8"><span class='ocrx_word' id='word_1_87' title='bbox 161 617 226 637; x_wconf 83' lang='lat' dir='ltr'><strong>ossa</strong></span> <span class='ocrx_word' id='word_1_88' title='bbox 239 616 345 642; x_wconf 84' lang='lat' dir='ltr'><strong>eorum,</strong></span> <span class='ocrx_word' id='word_1_89' title='bbox 356 609 404 644; x_wconf 86' lang='lat' dir='ltr'><strong>qui</strong></span> <span class='ocrx_word' id='word_1_90' title='bbox 414 608 572 635; x_wconf 88' lang='lat' dir='ltr'><strong>hominibus</strong></span> <span class='ocrx_word' id='word_1_91' title='bbox 581 608 726 643; x_wconf 84' lang='lat' dir='ltr'><strong>placebant</strong></span> <span class='ocrx_word' id='word_1_92' title='bbox 738 607 770 633; x_wconf 81' lang='grc'><strong>³².</strong></span> <span class='ocrx_word' id='word_1_93' title='bbox 786 616 795 632; x_wconf 77' lang='grc' dir='ltr'><strong>ι</strong></span> <span class='ocrx_word' id='word_1_94' title='bbox 807 606 865 634; x_wconf 83' lang='grc' dir='ltr'>Νοιι</span> <span class='ocrx_word' id='word_1_95' title='bbox 881 606 954 634; x_wconf 87' lang='lat' dir='ltr'><strong>enim</strong></span> 
     </span>
    </p>
   </div>
   <div class='ocr_carea' id='block_1_15' title="bbox 161 653 956 690">
    <p class='ocr_par' dir='ltr' id='par_1_15' title="bbox 161 653 956 690">
     <span class='ocr_line' id='line_1_15' title="bbox 161 653 956 690; baseline -0.004 -7"><span class='ocrx_word' id='word_1_96' title='bbox 161 656 288 690; x_wconf 87' lang='lat' dir='ltr'><strong>corporis</strong></span> <span class='ocrx_word' id='word_1_97' title='bbox 305 662 383 686; x_wconf 85' lang='lat' dir='ltr'><strong>ossa,</strong></span> <span class='ocrx_word' id='word_1_98' title='bbox 394 654 440 682; x_wconf 90' lang='lat' dir='ltr'><strong>sed</strong></span> <span class='ocrx_word' id='word_1_99' title='bbox 458 654 555 681; x_wconf 69' lang='lat' dir='ltr'><strong>animm</strong></span> <span class='ocrx_word' id='word_1_100' title='bbox 564 655 637 681; x_wconf 82' lang='lat' dir='ltr'><strong>vires</strong></span> <span class='ocrx_word' id='word_1_101' title='bbox 653 653 756 685; x_wconf 88' lang='lat' dir='ltr'><strong>atterit,</strong></span> <span class='ocrx_word' id='word_1_102' title='bbox 774 661 808 680; x_wconf 84' lang='lat' dir='ltr'><strong>ne</strong></span> <span class='ocrx_word' id='word_1_103' title='bbox 822 653 889 688; x_wconf 91' lang='lat' dir='ltr'><strong>quid</strong></span> <span class='ocrx_word' id='word_1_104' title='bbox 902 653 956 688; x_wconf 87' lang='lat' dir='ltr'><strong>ipsi</strong></span> 
     </span>
    </p>
   </div>
   <div class='ocr_carea' id='block_1_16' title="bbox 161 698 956 730">
    <p class='ocr_par' dir='ltr' id='par_1_16' title="bbox 161 698 956 730">
     <span class='ocr_line' id='line_1_16' title="bbox 161 698 956 730; baseline -0.006 0"><span class='ocrx_word' id='word_1_105' title='bbox 161 710 223 730; x_wconf 90' lang='lat' dir='ltr'><strong>cum</strong></span> <span class='ocrx_word' id='word_1_106' title='bbox 245 702 346 728; x_wconf 70' lang='lat' dir='ltr'><strong>virtute</strong></span> <span class='ocrx_word' id='word_1_107' title='bbox 363 705 391 728; x_wconf 88' lang='lat' dir='ltr'><strong>ct</strong></span> <span class='ocrx_word' id='word_1_108' title='bbox 415 701 497 728; x_wconf 84' lang='lat' dir='ltr'><strong>laude</strong></span> <span class='ocrx_word' id='word_1_109' title='bbox 525 701 636 727; x_wconf 74' lang='lat' dir='ltr'><strong>valeant</strong></span> <span class='ocrx_word' id='word_1_110' title='bbox 652 699 768 727; x_wconf 77' lang='lat' dir='ltr'><strong>efﬁcere.</strong></span> <span class='ocrx_word' id='word_1_111' title='bbox 788 708 798 725; x_wconf 75' lang='grc' dir='ltr'><strong>ι</strong></span> <span class='ocrx_word' id='word_1_112' title='bbox 817 698 903 726; x_wconf 84' lang='lat' dir='ltr'><strong>Nemo</strong></span> <span class='ocrx_word' id='word_1_113' title='bbox 917 699 956 726; x_wconf 92' lang='lat' dir='ltr'><strong>si-</strong></span> 
     </span>
    </p>
   </div>
   <div class='ocr_carea' id='block_1_17' title="bbox 160 744 956 783">
    <p class='ocr_par' dir='ltr' id='par_1_17' title="bbox 160 744 956 783">
     <span class='ocr_line' id='line_1_17' title="bbox 160 744 956 783; baseline -0.005 -9"><span class='ocrx_word' id='word_1_114' title='bbox 160 747 271 783; x_wconf 79' lang='lat' dir='ltr'><strong>quidem</strong></span> <span class='ocrx_word' id='word_1_115' title='bbox 304 746 495 778; x_wconf 81' lang='lat' dir='ltr'><strong>coronabitur.</strong></span> <span class='ocrx_word' id='word_1_116' title='bbox 520 745 572 773; x_wconf 86' lang='lat' dir='ltr'><strong>nisi</strong></span> <span class='ocrx_word' id='word_1_117' title='bbox 602 744 649 780; x_wconf 89' lang='lat' dir='ltr'><strong>qui</strong></span> <span class='ocrx_word' id='word_1_118' title='bbox 682 744 803 779; x_wconf 81' lang='lat' dir='ltr'><strong>legitime</strong></span> <span class='ocrx_word' id='word_1_119' title='bbox 831 747 956 770; x_wconf 82' lang='lat' dir='ltr'><strong>certave-</strong></span> 
     </span>
    </p>
   </div>
   <div class='ocr_carea' id='block_1_18' title="bbox 163 789 955 821">
    <p class='ocr_par' dir='ltr' id='par_1_18' title="bbox 163 789 955 821">
     <span class='ocr_line' id='line_1_18' title="bbox 163 789 955 821; baseline -0.006 -1"><span class='ocrx_word' id='word_1_120' title='bbox 163 795 199 821; x_wconf 92' lang='lat' dir='ltr'><strong>rit</strong></span> <span class='ocrx_word' id='word_1_121' title='bbox 217 794 250 820; x_wconf 85' lang='grc'><strong>³³.</strong></span> <span class='ocrx_word' id='word_1_122' title='bbox 268 803 276 818; x_wconf 81' lang='grc' dir='ltr'><strong>ι</strong></span> <span class='ocrx_word' id='word_1_123' title='bbox 298 792 332 819; x_wconf 79' lang='lat' dir='ltr'><strong>At</strong></span> <span class='ocrx_word' id='word_1_124' title='bbox 348 793 394 819; x_wconf 88' lang='lat' dir='ltr'><strong>isti</strong></span> <span class='ocrx_word' id='word_1_125' title='bbox 412 791 556 819; x_wconf 88' lang='lat' dir='ltr'><strong>hominum</strong></span> <span class='ocrx_word' id='word_1_126' title='bbox 574 790 819 818; x_wconf 82' lang='lat' dir='ltr'><strong>laudibustantum</strong></span> <span class='ocrx_word' id='word_1_127' title='bbox 839 789 955 821; x_wconf 80' lang='lat' dir='ltr'><strong>inhiant,</strong></span> 
     </span>
    </p>
   </div>
   <div class='ocr_carea' id='block_1_19' title="bbox 160 835 955 874">
    <p class='ocr_par' dir='ltr' id='par_1_19' title="bbox 160 835 955 874">
     <span class='ocr_line' id='line_1_19' title="bbox 160 835 955 874; baseline -0.005 -8"><span class='ocrx_word' id='word_1_128' title='bbox 160 840 195 867; x_wconf 84' lang='lat' dir='ltr'><strong>de</strong></span> <span class='ocrx_word' id='word_1_129' title='bbox 222 839 268 866; x_wconf 85' lang='lat' dir='ltr'><strong>Dei</strong></span> <span class='ocrx_word' id='word_1_130' title='bbox 295 839 381 874; x_wconf 79' lang='lat' dir='ltr'><strong>gloria</strong></span> <span class='ocrx_word' id='word_1_131' title='bbox 403 838 471 866; x_wconf 87' lang='lat' dir='ltr'><strong>nihil</strong></span> <span class='ocrx_word' id='word_1_132' title='bbox 494 837 615 865; x_wconf 82' lang='lat' dir='ltr'><strong>solliciti.</strong></span> <span class='ocrx_word' id='word_1_133' title='bbox 638 836 724 869; x_wconf 81' lang='lat' dir='ltr'><strong>Quale</strong></span> <span class='ocrx_word' id='word_1_134' title='bbox 745 840 787 864; x_wconf 88' lang='lat' dir='ltr'><strong>est</strong></span> <span class='ocrx_word' id='word_1_135' title='bbox 811 839 839 863; x_wconf 87' lang='lat' dir='ltr'><strong>et</strong></span> <span class='ocrx_word' id='word_1_136' title='bbox 865 835 955 862; x_wconf 84' lang='lat' dir='ltr'><strong>illud:</strong></span> 
     </span>
    </p>
   </div>
   <div class='ocr_carea' id='block_1_20' title="bbox 1005 238 1801 275">
    <p class='ocr_par' dir='ltr' id='par_1_20' title="bbox 1005 238 1801 275">
     <span class='ocr_line' id='line_1_20' title="bbox 1005 238 1801 275; baseline 0.004 -11"><span class='ocrx_word' id='word_1_137' title='bbox 1005 238 1166 270; x_wconf 80' lang='grc' dir='ltr'>αποστελεῖς</span> <span class='ocrx_word' id='word_1_138' title='bbox 1173 239 1204 265; x_wconf 82' lang='grc' dir='ltr'>τὸ</span> <span class='ocrx_word' id='word_1_139' title='bbox 1219 238 1332 274; x_wconf 80' lang='grc' dir='ltr'>Πνεῦμά</span> <span class='ocrx_word' id='word_1_140' title='bbox 1341 247 1389 266; x_wconf 88' lang='grc' dir='ltr'><strong>σου</strong></span> <span class='ocrx_word' id='word_1_141' title='bbox 1402 239 1450 266; x_wconf 76' lang='grc' dir='ltr'>καὶ</span> <span class='ocrx_word' id='word_1_142' title='bbox 1463 240 1666 275; x_wconf 82' lang='grc' dir='ltr'>κτισθήσονται,</span> <span class='ocrx_word' id='word_1_143' title='bbox 1680 241 1727 267; x_wconf 83' lang='grc' dir='ltr'><strong>καὶ</strong></span> <span class='ocrx_word' id='word_1_144' title='bbox 1735 241 1801 268; x_wconf 82' lang='grc' dir='ltr'>ἁνα-</span> 
     </span>
    </p>
   </div>
   <div class='ocr_carea' id='block_1_21' title="bbox 1003 283 1799 320">
    <p class='ocr_par' dir='ltr' id='par_1_21' title="bbox 1003 283 1799 320">
     <span class='ocr_line' id='line_1_21' title="bbox 1003 283 1799 320; baseline 0.005 -12"><span class='ocrx_word' id='word_1_145' title='bbox 1003 284 1118 315; x_wconf 88' lang='grc' dir='ltr'>καινιεῖς</span> <span class='ocrx_word' id='word_1_146' title='bbox 1140 283 1171 310; x_wconf 79' lang='grc' dir='ltr'>τὸ</span> <span class='ocrx_word' id='word_1_147' title='bbox 1195 283 1343 319; x_wconf 78' lang='grc' dir='ltr'>πρόσωπον</span> <span class='ocrx_word' id='word_1_148' title='bbox 1362 284 1414 320; x_wconf 78' lang='grc' dir='ltr'><strong>’τῆς</strong></span> <span class='ocrx_word' id='word_1_149' title='bbox 1435 285 1505 319; x_wconf 85' lang='grc' dir='ltr'><strong>γῆς·</strong></span> <span class='ocrx_word' id='word_1_150' title='bbox 1529 295 1538 311; x_wconf 78' lang='grc' dir='ltr'><strong>ι</strong></span> <span class='ocrx_word' id='word_1_151' title='bbox 1562 285 1635 312; x_wconf 78' lang='grc' dir='ltr'>τοῦτ’</span> <span class='ocrx_word' id='word_1_152' title='bbox 1658 285 1799 312; x_wconf 77' lang='grc' dir='ltr'>ἕστιντῶν</span> 
     </span>
    </p>
   </div>
   <div class='ocr_carea' id='block_1_22' title="bbox 1003 329 1800 367">
    <p class='ocr_par' dir='ltr' id='par_1_22' title="bbox 1003 329 1800 367">
     <span class='ocr_line' id='line_1_22' title="bbox 1003 329 1800 367; baseline 0.004 -11"><span class='ocrx_word' id='word_1_153' title='bbox 1003 329 1052 356; x_wconf 75' lang='grc' dir='ltr'><strong>ἐπὶ</strong></span> <span class='ocrx_word' id='word_1_154' title='bbox 1067 330 1129 364; x_wconf 80' lang='grc' dir='ltr'><strong>γῆς,</strong></span> <span class='ocrx_word' id='word_1_155' title='bbox 1143 330 1187 357; x_wconf 77' lang='grc' dir='ltr'><strong>ὅτε</strong></span> <span class='ocrx_word' id='word_1_156' title='bbox 1201 331 1248 358; x_wconf 78' lang='grc' dir='ltr'>καὶ</span> <span class='ocrx_word' id='word_1_157' title='bbox 1261 331 1367 364; x_wconf 76' lang='grc' dir='ltr'><strong>γενεὰς</strong></span> <span class='ocrx_word' id='word_1_158' title='bbox 1382 331 1493 366; x_wconf 72' lang='grc' dir='ltr'>γενεῶν</span> <span class='ocrx_word' id='word_1_159' title='bbox 1509 332 1539 358; x_wconf 83' lang='grc' dir='ltr'>ὲν</span> <span class='ocrx_word' id='word_1_160' title='bbox 1560 331 1709 367; x_wconf 80' lang='grc' dir='ltr'>ἀπεράντῳ</span> <span class='ocrx_word' id='word_1_161' title='bbox 1728 333 1800 364; x_wconf 79' lang='grc' dir='ltr'>κλη-</span> 
     </span>
    </p>
   </div>
   <div class='ocr_carea' id='block_1_23' title="bbox 1000 375 1800 413">
    <p class='ocr_par' dir='ltr' id='par_1_23' title="bbox 1000 375 1800 413">
     <span class='ocr_line' id='line_1_23' title="bbox 1000 375 1800 413; baseline 0 -11"><span class='ocrx_word' id='word_1_162' title='bbox 1000 375 1191 410; x_wconf 75' lang='grc' dir='ltr'>ρονομοῦμεν</span> <span class='ocrx_word' id='word_1_163' title='bbox 1206 375 1279 411; x_wconf 78' lang='grc' dir='ltr'><strong>ζωῆς</strong></span> <span class='ocrx_word' id='word_1_164' title='bbox 1289 376 1406 403; x_wconf 83' lang='grc' dir='ltr'>θανάτου</span> <span class='ocrx_word' id='word_1_165' title='bbox 1417 377 1506 412; x_wconf 77' lang='grc' dir='ltr'>πάντη</span> <span class='ocrx_word' id='word_1_166' title='bbox 1521 377 1568 403; x_wconf 73' lang='grc' dir='ltr'>καὶ</span> <span class='ocrx_word' id='word_1_167' title='bbox 1579 377 1683 412; x_wconf 77' lang='grc' dir='ltr'>φθορᾶς</span> <span class='ocrx_word' id='word_1_168' title='bbox 1696 378 1800 413; x_wconf 80' lang='grc' dir='ltr'>ἀνῃρη-</span> 
     </span>
    </p>
   </div>
   <div class='ocr_carea' id='block_1_24' title="bbox 1005 421 1798 458">
    <p class='ocr_par' dir='ltr' id='par_1_24' title="bbox 1005 421 1798 458">
     <span class='ocr_line' id='line_1_24' title="bbox 1005 421 1798 458; baseline 0.001 -11"><span class='ocrx_word' id='word_1_169' title='bbox 1005 421 1105 456; x_wconf 79' lang='grc' dir='ltr'>μένων.</span> <span class='ocrx_word' id='word_1_170' title='bbox 1126 421 1258 457; x_wconf 81' lang='grc' dir='ltr'>Εῐρηνται</span> <span class='ocrx_word' id='word_1_171' title='bbox 1273 422 1301 448; x_wconf 84' lang='grc' dir='ltr'>δὲ</span> <span class='ocrx_word' id='word_1_172' title='bbox 1320 422 1368 449; x_wconf 84' lang='grc' dir='ltr'>καὶ</span> <span class='ocrx_word' id='word_1_173' title='bbox 1380 422 1457 449; x_wconf 82' lang='grc' dir='ltr'><em>ὀστᾶ</em></span> <span class='ocrx_word' id='word_1_174' title='bbox 1475 423 1504 448; x_wconf 77' lang='grc' dir='ltr'>αἱ</span> <span class='ocrx_word' id='word_1_175' title='bbox 1521 423 1637 458; x_wconf 73' lang='grc' dir='ltr'>ψυχικαὶ</span> <span class='ocrx_word' id='word_1_176' title='bbox 1656 423 1798 457; x_wconf 76' lang='grc' dir='ltr'>δυνάμεις,</span> 
     </span>
    </p>
   </div>
   <div class='ocr_carea' id='block_1_25' title="bbox 1004 466 1798 503">
    <p class='ocr_par' dir='ltr' id='par_1_25' title="bbox 1004 466 1798 503">
     <span class='ocr_line' id='line_1_25' title="bbox 1004 466 1798 503; baseline 0.001 -10"><span class='ocrx_word' id='word_1_177' title='bbox 1004 466 1041 498; x_wconf 83' lang='grc' dir='ltr'><strong>ὡς</strong></span> <span class='ocrx_word' id='word_1_178' title='bbox 1048 467 1087 493; x_wconf 85' lang='grc' dir='ltr'>τό·</span> <span class='ocrx_word' id='word_1_179' title='bbox 1099 476 1109 493; x_wconf 76' lang='grc' dir='ltr'><strong>ι</strong></span> <span class='ocrx_word' id='word_1_180' title='bbox 1121 467 1188 499; x_wconf 83' lang='grc' dir='ltr'><strong>Θεὸς</strong></span> <span class='ocrx_word' id='word_1_181' title='bbox 1196 467 1387 502; x_wconf 78' lang='grc' dir='ltr'><strong>διεσκόρπισεν</strong></span> <span class='ocrx_word' id='word_1_182' title='bbox 1397 467 1465 494; x_wconf 79' lang='grc' dir='ltr'>ὀστᾶ</span> <span class='ocrx_word' id='word_1_183' title='bbox 1477 468 1726 503; x_wconf 81' lang='grc' dir='ltr'>ἀνθρωπαρέσκων.</span> <span class='ocrx_word' id='word_1_184' title='bbox 1741 477 1750 493; x_wconf 70' lang='grc' dir='ltr'><strong>ι</strong></span> <span class='ocrx_word' id='word_1_185' title='bbox 1761 468 1798 494; x_wconf 81' lang='grc' dir='ltr'><strong>Οὐ</strong></span> 
     </span>
    </p>
   </div>
   <div class='ocr_carea' id='block_1_26' title="bbox 1004 512 1799 549">
    <p class='ocr_par' dir='ltr' id='par_1_26' title="bbox 1004 512 1799 549">
     <span class='ocr_line' id='line_1_26' title="bbox 1004 512 1799 549; baseline 0.001 -11"><span class='ocrx_word' id='word_1_186' title='bbox 1004 513 1059 547; x_wconf 73' lang='grc' dir='ltr'>γὰρ</span> <span class='ocrx_word' id='word_1_187' title='bbox 1073 512 1107 539; x_wconf 80' lang='grc' dir='ltr'><strong>τὰ</strong></span> <span class='ocrx_word' id='word_1_188' title='bbox 1126 512 1172 538; x_wconf 80' lang='grc' dir='ltr'>τοῦ</span> <span class='ocrx_word' id='word_1_189' title='bbox 1195 514 1322 548; x_wconf 84' lang='grc' dir='ltr'>σώματος</span> <span class='ocrx_word' id='word_1_190' title='bbox 1333 513 1412 544; x_wconf 80' lang='grc' dir='ltr'>ὀστᾶ.</span> <span class='ocrx_word' id='word_1_191' title='bbox 1427 513 1475 545; x_wconf 80' lang='grc' dir='ltr'>τὰς</span> <span class='ocrx_word' id='word_1_192' title='bbox 1493 513 1522 540; x_wconf 81' lang='grc' dir='ltr'>δὲ</span> <span class='ocrx_word' id='word_1_193' title='bbox 1537 513 1587 548; x_wconf 82' lang='grc' dir='ltr'><strong>τῆς</strong></span> <span class='ocrx_word' id='word_1_194' title='bbox 1609 513 1698 549; x_wconf 76' lang='grc' dir='ltr'>ψυχῆς</span> <span class='ocrx_word' id='word_1_195' title='bbox 1720 513 1799 540; x_wconf 78' lang='grc' dir='ltr'>δυνά‹</span> 
     </span>
    </p>
   </div>
   <div class='ocr_carea' id='block_1_27' title="bbox 1007 557 1797 594">
    <p class='ocr_par' dir='ltr' id='par_1_27' title="bbox 1007 557 1797 594">
     <span class='ocr_line' id='line_1_27' title="bbox 1007 557 1797 594; baseline 0.001 -10"><span class='ocrx_word' id='word_1_196' title='bbox 1007 567 1066 594; x_wconf 76' lang='grc' dir='ltr'>μεις</span> <span class='ocrx_word' id='word_1_197' title='bbox 1081 557 1236 594; x_wconf 83' lang='grc' dir='ltr'>συνθραύει,</span> <span class='ocrx_word' id='word_1_198' title='bbox 1251 559 1320 594; x_wconf 76' lang='grc' dir='ltr'>πρὸς</span> <span class='ocrx_word' id='word_1_199' title='bbox 1333 559 1363 585; x_wconf 75' lang='grc' dir='ltr'>τὸ</span> <span class='ocrx_word' id='word_1_200' title='bbox 1376 559 1459 594; x_wconf 78' lang='grc' dir='ltr'>μηδὲν</span> <span class='ocrx_word' id='word_1_201' title='bbox 1472 560 1511 591; x_wconf 83' lang='grc' dir='ltr'><strong>εἰς</strong></span> <span class='ocrx_word' id='word_1_202' title='bbox 1524 559 1625 594; x_wconf 66' lang='grc' dir='ltr'>ἀρετὴν</span> <span class='ocrx_word' id='word_1_203' title='bbox 1635 559 1797 594; x_wconf 78' lang='grc' dir='ltr'>κατορθοῦν.</span> 
     </span>
    </p>
   </div>
   <div class='ocr_carea' id='block_1_28' title="bbox 1009 606 1796 642">
    <p class='ocr_par' dir='ltr' id='par_1_28' title="bbox 1009 606 1796 642">
     <span class='ocr_line' id='line_1_28' title="bbox 1009 606 1796 642; baseline -0.001 -10"><span class='ocrx_word' id='word_1_204' title='bbox 1009 616 1018 632; x_wconf 80' lang='grc' dir='ltr'><strong>ι</strong></span> <span class='ocrx_word' id='word_1_205' title='bbox 1037 606 1221 641; x_wconf 79' lang='grc' dir='ltr'>Στεφανοῦται</span> <span class='ocrx_word' id='word_1_206' title='bbox 1234 606 1289 641; x_wconf 79' lang='grc' dir='ltr'><strong>γὰρ</strong></span> <span class='ocrx_word' id='word_1_207' title='bbox 1301 606 1400 638; x_wconf 78' lang='grc' dir='ltr'>οὐδεὶς,</span> <span class='ocrx_word' id='word_1_208' title='bbox 1414 606 1461 632; x_wconf 76' lang='grc' dir='ltr'>ἐὰν</span> <span class='ocrx_word' id='word_1_209' title='bbox 1479 606 1516 641; x_wconf 81' lang='grc' dir='ltr'>μὴ</span> <span class='ocrx_word' id='word_1_210' title='bbox 1529 606 1653 641; x_wconf 75' lang='grc' dir='ltr'>νομίμως</span> <span class='ocrx_word' id='word_1_211' title='bbox 1663 606 1796 642; x_wconf 76' lang='grc' dir='ltr'><strong>ἀθλήσῃ.»</strong></span> 
     </span>
    </p>
   </div>
   <div class='ocr_carea' id='block_1_29' title="bbox 1006 652 1800 688">
    <p class='ocr_par' dir='ltr' id='par_1_29' title="bbox 1006 652 1800 688">
     <span class='ocr_line' id='line_1_29' title="bbox 1006 652 1800 688; baseline -0.003 -9"><span class='ocrx_word' id='word_1_212' title='bbox 1006 653 1037 679; x_wconf 84' lang='lat' dir='ltr'><strong>Ol</strong></span> <span class='ocrx_word' id='word_1_213' title='bbox 1053 653 1092 685; x_wconf 81' lang='grc' dir='ltr'><strong>δὲ,</strong></span> <span class='ocrx_word' id='word_1_214' title='bbox 1109 652 1178 688; x_wconf 73' lang='grc' dir='ltr'>πρὸς</span> <span class='ocrx_word' id='word_1_215' title='bbox 1189 652 1342 687; x_wconf 78' lang='grc' dir='ltr'>ἀνθρώπων</span> <span class='ocrx_word' id='word_1_216' title='bbox 1356 652 1483 684; x_wconf 68' lang='grc' dir='ltr'>ἐπαίνους</span> <span class='ocrx_word' id='word_1_217' title='bbox 1497 652 1657 687; x_wconf 69' lang='grc' dir='ltr'>κεχήνασιν,</span> <span class='ocrx_word' id='word_1_218' title='bbox 1672 652 1702 677; x_wconf 79' lang='grc' dir='ltr'>οὺ</span> <span class='ocrx_word' id='word_1_219' title='bbox 1719 652 1800 683; x_wconf 82' lang='grc' dir='ltr'>δόξαν</span> 
     </span>
    </p>
   </div>
   <div class='ocr_carea' id='block_1_30' title="bbox 1006 697 1798 733">
    <p class='ocr_par' dir='ltr' id='par_1_30' title="bbox 1006 697 1798 733">
     <span class='ocr_line' id='line_1_30' title="bbox 1006 697 1798 733; baseline -0.001 -8"><span class='ocrx_word' id='word_1_220' title='bbox 1006 699 1085 726; x_wconf 73' lang='grc' dir='ltr'>Θεοῦ.</span> <span class='ocrx_word' id='word_1_221' title='bbox 1112 698 1239 725; x_wconf 82' lang='grc' dir='ltr'>Τοιοῦτον</span> <span class='ocrx_word' id='word_1_222' title='bbox 1256 699 1304 726; x_wconf 78' lang='grc' dir='ltr'><strong>καὶ</strong></span> <span class='ocrx_word' id='word_1_223' title='bbox 1323 698 1365 724; x_wconf 78' lang='grc' dir='ltr'>τό·</span> <span class='ocrx_word' id='word_1_224' title='bbox 1385 707 1394 724; x_wconf 80' lang='grc' dir='ltr'><strong>ι</strong></span> <span class='ocrx_word' id='word_1_225' title='bbox 1419 698 1480 725; x_wconf 83' lang='grc' dir='ltr'>’Ὁτι</span> <span class='ocrx_word' id='word_1_226' title='bbox 1502 698 1619 733; x_wconf 80' lang='grc' dir='ltr'>ἐσίγησα</span> <span class='ocrx_word' id='word_1_227' title='bbox 1639 697 1798 733; x_wconf 76' lang='grc' dir='ltr'>ὲπαλαιώθη</span> 
     </span>
    </p>
   </div>
   <div class='ocr_carea' id='block_1_31' title="bbox 1006 744 1795 780">
    <p class='ocr_par' dir='ltr' id='par_1_31' title="bbox 1006 744 1795 780">
     <span class='ocr_line' id='line_1_31' title="bbox 1006 744 1795 780; baseline -0.001 -10"><span class='ocrx_word' id='word_1_228' title='bbox 1006 745 1040 771; x_wconf 76' lang='grc' dir='ltr'><strong>τὰ</strong></span> <span class='ocrx_word' id='word_1_229' title='bbox 1057 745 1124 771; x_wconf 75' lang='grc' dir='ltr'>ὀστᾶ</span> <span class='ocrx_word' id='word_1_230' title='bbox 1141 754 1192 780; x_wconf 86' lang='grc' dir='ltr'><strong>μου</strong></span> <span class='ocrx_word' id='word_1_231' title='bbox 1207 744 1261 771; x_wconf 78' lang='grc' dir='ltr'><strong>ἀπὸ</strong></span> <span class='ocrx_word' id='word_1_232' title='bbox 1275 744 1323 771; x_wconf 82' lang='grc' dir='ltr'>τοῦ</span> <span class='ocrx_word' id='word_1_233' title='bbox 1337 744 1450 779; x_wconf 77' lang='grc' dir='ltr'>κράζειν</span> <span class='ocrx_word' id='word_1_234' title='bbox 1468 753 1502 779; x_wconf 84' lang='grc' dir='ltr'><strong>με</strong></span> <span class='ocrx_word' id='word_1_235' title='bbox 1516 745 1580 780; x_wconf 63' lang='grc' dir='ltr'>ὃλην</span> <span class='ocrx_word' id='word_1_236' title='bbox 1592 745 1642 780; x_wconf 80' lang='grc' dir='ltr'>τὴν</span> <span class='ocrx_word' id='word_1_237' title='bbox 1654 745 1770 779; x_wconf 80' lang='grc' dir='ltr'>ἡμέραν.</span> <span class='ocrx_word' id='word_1_238' title='bbox 1785 753 1795 769; x_wconf 68' lang='grc' dir='ltr'><em>υ</em></span> 
     </span>
    </p>
   </div>
   <div class='ocr_carea' id='block_1_32' title="bbox 1007 790 1798 827">
    <p class='ocr_par' dir='ltr' id='par_1_32' title="bbox 1007 790 1798 827">
     <span class='ocr_line' id='line_1_32' title="bbox 1007 790 1798 827; baseline 0 -11"><span class='ocrx_word' id='word_1_239' title='bbox 1007 791 1175 826; x_wconf 78' lang='grc' dir='ltr'>Σιγήσαντος</span> <span class='ocrx_word' id='word_1_240' title='bbox 1196 791 1250 827; x_wconf 76' lang='grc' dir='ltr'><strong>γάρ</strong></span> <span class='ocrx_word' id='word_1_241' title='bbox 1272 799 1323 826; x_wconf 70' lang='grc' dir='ltr'><strong>μου</strong></span> <span class='ocrx_word' id='word_1_242' title='bbox 1342 791 1396 817; x_wconf 80' lang='grc' dir='ltr'><strong>ἀπὸ</strong></span> <span class='ocrx_word' id='word_1_243' title='bbox 1409 791 1456 817; x_wconf 81' lang='grc' dir='ltr'>τοῦ</span> <span class='ocrx_word' id='word_1_244' title='bbox 1472 791 1551 823; x_wconf 79' lang='grc' dir='ltr'>δόξαν</span> <span class='ocrx_word' id='word_1_245' title='bbox 1563 790 1640 824; x_wconf 77' lang='grc' dir='ltr'>ἄγειν</span> <span class='ocrx_word' id='word_1_246' title='bbox 1653 791 1700 817; x_wconf 51' lang='grc' dir='ltr'>καὶ</span> <span class='ocrx_word' id='word_1_247' title='bbox 1713 798 1798 826; x_wconf 73' lang='grc' dir='ltr'>προσ-</span> 
     </span>
    </p>
   </div>
   <div class='ocr_carea' id='block_1_33' title="bbox 1008 835 1798 871">
    <p class='ocr_par' dir='ltr' id='par_1_33' title="bbox 1008 835 1798 871">
     <span class='ocr_line' id='line_1_33' title="bbox 1008 835 1798 871; baseline 0 -9"><span class='ocrx_word' id='word_1_248' title='bbox 1008 835 1149 870; x_wconf 80' lang='grc' dir='ltr'>εύχεσθαι,</span> <span class='ocrx_word' id='word_1_249' title='bbox 1169 835 1217 862; x_wconf 76' lang='grc' dir='ltr'>καὶ</span> <span class='ocrx_word' id='word_1_250' title='bbox 1250 835 1381 867; x_wconf 78' lang='grc' dir='ltr'><strong>πεσόντος</strong></span> <span class='ocrx_word' id='word_1_251' title='bbox 1403 836 1444 867; x_wconf 84' lang='grc' dir='ltr'><strong>είς</strong></span> <span class='ocrx_word' id='word_1_252' title='bbox 1470 835 1643 871; x_wconf 81' lang='grc' dir='ltr'>ἀνθρωπίνη-ι</span> <span class='ocrx_word' id='word_1_253' title='bbox 1662 835 1798 870; x_wconf 65' lang='grc' dir='ltr'>μικροψυ-</span> 
     </span>
    </p>
   </div>
   <div class='ocr_carea' id='block_1_34' title="bbox 165 873 954 918">
    <p class='ocr_par' dir='ltr' id='par_1_34' title="bbox 165 882 954 918">
     <span class='ocr_line' id='line_1_34' title="bbox 165 882 954 918; baseline -0.005 -6"><span class='ocrx_word' id='word_1_254' title='bbox 165 895 173 911; x_wconf 83' lang='grc' dir='ltr'><strong>ι</strong></span> <span class='ocrx_word' id='word_1_255' title='bbox 189 884 418 918; x_wconf 81' lang='lat' dir='ltr'><strong>Quouiamtacui,</strong></span> <span class='ocrx_word' id='word_1_256' title='bbox 429 885 654 911; x_wconf 81' lang='lat' dir='ltr'><strong>inveteraverunt</strong></span> <span class='ocrx_word' id='word_1_257' title='bbox 662 890 725 910; x_wconf 90' lang='lat' dir='ltr'><strong>ossa</strong></span> <span class='ocrx_word' id='word_1_258' title='bbox 736 889 806 916; x_wconf 90' lang='lat' dir='ltr'><strong>mea,</strong></span> <span class='ocrx_word' id='word_1_259' title='bbox 820 882 886 909; x_wconf 91' lang='lat' dir='ltr'><strong>dum</strong></span> <span class='ocrx_word' id='word_1_260' title='bbox 897 882 954 909; x_wconf 85' lang='lat' dir='ltr'><strong>cla-</strong></span> 
     </span>
    </p>
   </div>
   <div class='ocr_carea' id='block_1_35' title="bbox 1006 873 1800 918">
    <p class='ocr_par' dir='ltr' id='par_1_35' title="bbox 1006 881 1800 917">
     <span class='ocr_line' id='line_1_35' title="bbox 1006 881 1800 917; baseline 0.001 -10"><span class='ocrx_word' id='word_1_261' title='bbox 1006 881 1080 917; x_wconf 81' lang='grc' dir='ltr'>χίαν,</span> <span class='ocrx_word' id='word_1_262' title='bbox 1097 881 1257 917; x_wconf 81' lang='grc' dir='ltr'>ὲπαλαιώθη</span> <span class='ocrx_word' id='word_1_263' title='bbox 1272 883 1306 909; x_wconf 84' lang='grc' dir='ltr'>τὰ</span> <span class='ocrx_word' id='word_1_264' title='bbox 1322 881 1399 910; x_wconf 81' lang='grc' dir='ltr'>ὀστᾶ</span> <span class='ocrx_word' id='word_1_265' title='bbox 1411 890 1482 916; x_wconf 82' lang='grc' dir='ltr'>μου.</span> <span class='ocrx_word' id='word_1_266' title='bbox 1498 881 1577 909; x_wconf 81' lang='grc' dir='ltr'>Τοῦτ’</span> <span class='ocrx_word' id='word_1_267' title='bbox 1592 881 1666 908; x_wconf 76' lang='grc' dir='ltr'>ἔστιν</span> <span class='ocrx_word' id='word_1_268' title='bbox 1678 881 1800 917; x_wconf 73' lang='grc' dir='ltr'>ὲσαθρώυ</span> 
     </span>
    </p>
   </div>
   <div class='ocr_carea' id='block_1_36' title="bbox 162 928 956 961">
    <p class='ocr_par' dir='ltr' id='par_1_36' title="bbox 162 928 956 961">
     <span class='ocr_line' id='line_1_36' title="bbox 162 928 956 961; baseline -0.004 -3"><span class='ocrx_word' id='word_1_269' title='bbox 162 939 265 958; x_wconf 80' lang='lat' dir='ltr'><strong>ntarem</strong></span> <span class='ocrx_word' id='word_1_270' title='bbox 283 936 337 958; x_wconf 90' lang='lat' dir='ltr'><strong>tota</strong></span> <span class='ocrx_word' id='word_1_271' title='bbox 359 931 404 958; x_wconf 83' lang='lat' dir='ltr'><strong>die</strong></span> <span class='ocrx_word' id='word_1_272' title='bbox 422 930 455 956; x_wconf 78' lang='lat'><strong>“.</strong></span> <span class='ocrx_word' id='word_1_273' title='bbox 474 939 483 956; x_wconf 75' lang='grc' dir='ltr'><strong>ι</strong></span> <span class='ocrx_word' id='word_1_274' title='bbox 509 930 577 958; x_wconf 91' lang='lat' dir='ltr'><strong>Cum</strong></span> <span class='ocrx_word' id='word_1_275' title='bbox 600 929 673 957; x_wconf 90' lang='lat' dir='ltr'><strong>enim</strong></span> <span class='ocrx_word' id='word_1_276' title='bbox 703 929 752 961; x_wconf 86' lang='lat' dir='ltr'><strong>ait,</strong></span> <span class='ocrx_word' id='word_1_277' title='bbox 766 929 901 957; x_wconf 86' lang='lat' dir='ltr'><strong>cessando</strong></span> <span class='ocrx_word' id='word_1_278' title='bbox 921 928 956 955; x_wconf 85' lang='lat' dir='ltr'><strong>ab</strong></span> 
     </span>
    </p>
   </div>
   <div class='ocr_carea' id='block_1_37' title="bbox 1010 927 1472 963">
    <p class='ocr_par' dir='ltr' id='par_1_37' title="bbox 1010 927 1472 963">
     <span class='ocr_line' id='line_1_37' title="bbox 1010 927 1472 963; baseline 0 -9"><span class='ocrx_word' id='word_1_279' title='bbox 1010 927 1096 962; x_wconf 86' lang='grc' dir='ltr'>θησαν</span> <span class='ocrx_word' id='word_1_280' title='bbox 1112 927 1141 954; x_wconf 86' lang='grc' dir='ltr'>αἱ</span> <span class='ocrx_word' id='word_1_281' title='bbox 1153 927 1283 963; x_wconf 86' lang='grc' dir='ltr'>δυνάμεις</span> <span class='ocrx_word' id='word_1_282' title='bbox 1299 928 1326 954; x_wconf 81' lang='grc' dir='ltr'>αἱ</span> <span class='ocrx_word' id='word_1_283' title='bbox 1345 927 1472 963; x_wconf 77' lang='grc' dir='ltr'>ψυχικαί.</span> 
     </span>
    </p>
   </div>
   <div class='ocr_carea' id='block_1_38' title="bbox 162 974 1801 1014">
    <p class='ocr_par' dir='ltr' id='par_1_38' title="bbox 162 974 1801 1014">
     <span class='ocr_line' id='line_1_38' title="bbox 162 974 1801 1014; baseline -0.004 -8"><span class='ocrx_word' id='word_1_284' title='bbox 162 979 224 1014; x_wconf 85' lang='lat' dir='ltr'><strong>ejus</strong></span> <span class='ocrx_word' id='word_1_285' title='bbox 242 978 417 1014; x_wconf 87' lang='lat' dir='ltr'><strong>promotione</strong></span> <span class='ocrx_word' id='word_1_286' title='bbox 442 976 768 1012; x_wconf 68' lang='lat' dir='ltr'><strong>glorim,fundcudisqne</strong></span> <span class='ocrx_word' id='word_1_287' title='bbox 782 975 922 1011; x_wconf 88' lang='lat' dir='ltr'><strong>precibus.</strong></span> <span class='ocrx_word' id='word_1_288' title='bbox 934 975 962 1002; x_wconf 93' lang='lat' dir='ltr'><strong>in</strong></span> <span class='ocrx_word' id='word_1_289' title='bbox 982 974 1068 1002; x_wconf 88' lang='lat' dir='ltr'><strong>animi</strong></span> <span class='ocrx_word' id='word_1_290' title='bbox 1078 974 1398 1011; x_wconf 68' lang='lat' dir='ltr'><strong>angustiasincidissem,</strong></span> <span class='ocrx_word' id='word_1_291' title='bbox 1408 975 1632 1002; x_wconf 83' lang='lat' dir='ltr'><strong>inveteraverunt</strong></span> <span class='ocrx_word' id='word_1_292' title='bbox 1657 983 1717 1001; x_wconf 76' lang='lat' dir='ltr'><strong>ossa</strong></span> <span class='ocrx_word' id='word_1_293' title='bbox 1743 983 1801 1002; x_wconf 79' lang='grc' dir='ltr'>ηιιια</span> 
     </span>
    </p>
   </div>
   <div class='ocr_carea' id='block_1_39' title="bbox 161 1020 1059 1056">
    <p class='ocr_par' dir='ltr' id='par_1_39' title="bbox 161 1020 1059 1056">
     <span class='ocr_line' id='line_1_39' title="bbox 161 1020 1059 1056; baseline -0.006 -4"><span class='ocrx_word' id='word_1_294' title='bbox 161 1025 188 1053; x_wconf 88' lang='lat' dir='ltr'><strong>id</strong></span> <span class='ocrx_word' id='word_1_295' title='bbox 202 1029 255 1056; x_wconf 87' lang='lat' dir='ltr'><strong>est,</strong></span> <span class='ocrx_word' id='word_1_296' title='bbox 273 1028 480 1056; x_wconf 84' lang='lat' dir='ltr'><strong>emarcuerunt,</strong></span> <span class='ocrx_word' id='word_1_297' title='bbox 488 1027 515 1050; x_wconf 88' lang='lat' dir='ltr'><strong>et</strong></span> <span class='ocrx_word' id='word_1_298' title='bbox 525 1022 696 1051; x_wconf 72' lang='lat' dir='ltr'><strong>labefactatas</strong></span> <span class='ocrx_word' id='word_1_299' title='bbox 710 1026 775 1050; x_wconf 89' lang='lat' dir='ltr'><strong>sunt</strong></span> <span class='ocrx_word' id='word_1_300' title='bbox 786 1021 958 1049; x_wconf 71' lang='lat' dir='ltr'><strong>aniunemeze</strong></span> <span class='ocrx_word' id='word_1_301' title='bbox 976 1020 1059 1047; x_wconf 81' lang='lat' dir='ltr'><strong>vires.</strong></span> 
     </span>
    </p>
   </div>
   <div class='ocr_carea' id='block_1_40' title="bbox 196 1069 951 1107">
    <p class='ocr_par' dir='ltr' id='par_1_40' title="bbox 196 1069 951 1107">
     <span class='ocr_line' id='line_1_40' title="bbox 196 1069 951 1107; baseline -0.003 -9"><span class='ocrx_word' id='word_1_302' title='bbox 196 1073 252 1100; x_wconf 74' lang='lat' dir='ltr'><strong>lllze</strong></span> <span class='ocrx_word' id='word_1_303' title='bbox 272 1073 339 1107; x_wconf 74' lang='lat' dir='ltr'><strong>ipsa:</strong></span> <span class='ocrx_word' id='word_1_304' title='bbox 361 1071 457 1107; x_wconf 83' lang='lat' dir='ltr'><strong>igitur,</strong></span> <span class='ocrx_word' id='word_1_305' title='bbox 480 1071 545 1098; x_wconf 85' lang='lat' dir='ltr'><strong>licet</strong></span> <span class='ocrx_word' id='word_1_306' title='bbox 569 1070 675 1106; x_wconf 75' lang='lat' dir='ltr'><strong>ignavia</strong></span> <span class='ocrx_word' id='word_1_307' title='bbox 688 1069 723 1098; x_wconf 90' lang='lat' dir='ltr'><strong>ad</strong></span> <span class='ocrx_word' id='word_1_308' title='bbox 747 1069 830 1098; x_wconf 80' lang='lat' dir='ltr'><strong>breve</strong></span> <span class='ocrx_word' id='word_1_309' title='bbox 845 1073 951 1104; x_wconf 84' lang='lat' dir='ltr'><strong>tempus</strong></span> 
     </span>
    </p>
   </div>
   <div class='ocr_carea' id='block_1_41' title="bbox 161 1116 951 1155">
    <p class='ocr_par' dir='ltr' id='par_1_41' title="bbox 161 1116 951 1155">
     <span class='ocr_line' id='line_1_41' title="bbox 161 1116 951 1155; baseline -0.004 -9"><span class='ocrx_word' id='word_1_310' title='bbox 161 1119 273 1155; x_wconf 84' lang='lat' dir='ltr'><strong>aliquod</strong></span> <span class='ocrx_word' id='word_1_311' title='bbox 294 1119 386 1146; x_wconf 59' lang='lat' dir='ltr'><strong>fracta</strong></span> <span class='ocrx_word' id='word_1_312' title='bbox 403 1122 431 1146; x_wconf 93' lang='lat' dir='ltr'><strong>et</strong></span> <span class='ocrx_word' id='word_1_313' title='bbox 449 1117 597 1145; x_wconf 69' lang='lat' dir='ltr'><strong>debilitata:</strong></span> <span class='ocrx_word' id='word_1_314' title='bbox 615 1117 737 1152; x_wconf 74' lang='lat' dir='ltr'><strong>iaceant,</strong></span> <span class='ocrx_word' id='word_1_315' title='bbox 756 1116 891 1152; x_wconf 87' lang='lat' dir='ltr'><strong>spirituali</strong></span> <span class='ocrx_word' id='word_1_316' title='bbox 908 1120 951 1143; x_wconf 88' lang='lat' dir='ltr'><strong>ta-</strong></span> 
     </span>
    </p>
   </div>
   <div class='ocr_carea' id='block_1_42' title="bbox 161 1162 951 1199">
    <p class='ocr_par' dir='ltr' id='par_1_42' title="bbox 161 1162 951 1199">
     <span class='ocr_line' id='line_1_42' title="bbox 161 1162 951 1199; baseline -0.006 -6"><span class='ocrx_word' id='word_1_317' title='bbox 161 1173 224 1193; x_wconf 86' lang='lat' dir='ltr'><strong>men</strong></span> <span class='ocrx_word' id='word_1_318' title='bbox 246 1165 343 1192; x_wconf 86' lang='lat' dir='ltr'><strong>iterum</strong></span> <span class='ocrx_word' id='word_1_319' title='bbox 367 1164 571 1197; x_wconf 87' lang='lat' dir='ltr'><strong>consolatione,</strong></span> <span class='ocrx_word' id='word_1_320' title='bbox 596 1171 648 1192; x_wconf 86' lang='lat' dir='ltr'><strong>non</strong></span> <span class='ocrx_word' id='word_1_321' title='bbox 674 1163 750 1191; x_wconf 74' lang='lat' dir='ltr'><strong>aliter</strong></span> <span class='ocrx_word' id='word_1_322' title='bbox 764 1171 844 1199; x_wconf 80' lang='lat' dir='ltr'><strong>quant</strong></span> <span class='ocrx_word' id='word_1_323' title='bbox 858 1162 951 1196; x_wconf 73' lang='lat' dir='ltr'><strong>herba,</strong></span> 
     </span>
    </p>
   </div>
   <div class='ocr_carea' id='block_1_43' title="bbox 161 1209 952 1246">
    <p class='ocr_par' dir='ltr' id='par_1_43' title="bbox 161 1209 952 1246">
     <span class='ocr_line' id='line_1_43' title="bbox 161 1209 952 1246; baseline -0.005 -8"><span class='ocrx_word' id='word_1_324' title='bbox 161 1215 303 1246; x_wconf 71' lang='lat' dir='ltr'><strong>resurgunt</strong></span> <span class='ocrx_word' id='word_1_325' title='bbox 329 1215 357 1238; x_wconf 85' lang='lat' dir='ltr'><strong>et</strong></span> <span class='ocrx_word' id='word_1_326' title='bbox 381 1211 582 1243; x_wconf 81' lang='lat' dir='ltr'><strong>instaurantur,</strong></span> <span class='ocrx_word' id='word_1_327' title='bbox 603 1209 712 1246; x_wconf 82' lang='lat' dir='ltr'><strong>ipsique</strong></span> <span class='ocrx_word' id='word_1_328' title='bbox 743 1213 952 1243; x_wconf 78' lang='lat' dir='ltr'><strong>wternorumque</strong></span> 
     </span>
    </p>
   </div>
   <div class='ocr_carea' id='block_1_44' title="bbox 162 1254 950 1291">
    <p class='ocr_par' dir='ltr' id='par_1_44' title="bbox 162 1254 950 1291">
     <span class='ocr_line' id='line_1_44' title="bbox 162 1254 950 1291; baseline -0.003 -9"><span class='ocrx_word' id='word_1_329' title='bbox 162 1257 290 1284; x_wconf 85' lang='lat' dir='ltr'><strong>bonorum</strong></span> <span class='ocrx_word' id='word_1_330' title='bbox 301 1256 380 1291; x_wconf 80' lang='lat' dir='ltr'><strong>ﬁmus</strong></span> <span class='ocrx_word' id='word_1_331' title='bbox 396 1255 524 1283; x_wconf 69' lang='lat' dir='ltr'><strong>ha&#39;redes.</strong></span> <span class='ocrx_word' id='word_1_332' title='bbox 536 1255 603 1288; x_wconf 75' lang='lat' dir='ltr'><strong>Qua:</strong></span> <span class='ocrx_word' id='word_1_333' title='bbox 627 1255 727 1283; x_wconf 83' lang='lat' dir='ltr'><strong>deinde</strong></span> <span class='ocrx_word' id='word_1_334' title='bbox 750 1254 778 1282; x_wconf 94' lang='lat' dir='ltr'><strong>in</strong></span> <span class='ocrx_word' id='word_1_335' title='bbox 795 1255 886 1282; x_wconf 87' lang='lat' dir='ltr'><strong>anima</strong></span> <span class='ocrx_word' id='word_1_336' title='bbox 904 1258 950 1280; x_wconf 90' lang='lat' dir='ltr'><strong>tua</strong></span> 
     </span>
    </p>
   </div>
   <div class='ocr_carea' id='block_1_45' title="bbox 161 1298 953 1336">
    <p class='ocr_par' dir='ltr' id='par_1_45' title="bbox 161 1298 953 1336">
     <span class='ocr_line' id='line_1_45' title="bbox 161 1298 953 1336; baseline -0.001 -8"><span class='ocrx_word' id='word_1_337' title='bbox 161 1303 266 1329; x_wconf 80' lang='lat' dir='ltr'><strong>deserta</strong></span> <span class='ocrx_word' id='word_1_338' title='bbox 282 1305 309 1329; x_wconf 87' lang='lat' dir='ltr'><strong>et</strong></span> <span class='ocrx_word' id='word_1_339' title='bbox 333 1305 408 1328; x_wconf 85' lang='lat' dir='ltr'><strong>vasta</strong></span> <span class='ocrx_word' id='word_1_340' title='bbox 432 1298 553 1335; x_wconf 79' lang='lat' dir='ltr'><strong>fuerant,</strong></span> <span class='ocrx_word' id='word_1_341' title='bbox 573 1300 790 1336; x_wconf 63' lang='lat' dir='ltr'><strong>mdiﬁcabuntur,</strong></span> <span class='ocrx_word' id='word_1_342' title='bbox 806 1299 832 1328; x_wconf 91' lang='lat' dir='ltr'><strong>id</strong></span> <span class='ocrx_word' id='word_1_343' title='bbox 847 1304 890 1328; x_wconf 88' lang='lat' dir='ltr'><strong>est</strong></span> <span class='ocrx_word' id='word_1_344' title='bbox 909 1299 953 1327; x_wconf 88' lang='lat' dir='ltr'><strong>di-</strong></span> 
     </span>
    </p>
   </div>
   <div class='ocr_carea' id='block_1_46' title="bbox 162 1343 953 1383">
    <p class='ocr_par' dir='ltr' id='par_1_46' title="bbox 162 1343 953 1383">
     <span class='ocr_line' id='line_1_46' title="bbox 162 1343 953 1383; baseline -0.006 -7"><span class='ocrx_word' id='word_1_345' title='bbox 162 1347 288 1383; x_wconf 82' lang='lat' dir='ltr'><strong>sciplinis</strong></span> <span class='ocrx_word' id='word_1_346' title='bbox 302 1346 534 1382; x_wconf 84' lang='lat' dir='ltr'><strong>sermonibusque</strong></span> <span class='ocrx_word' id='word_1_347' title='bbox 548 1346 649 1373; x_wconf 74' lang='lat' dir='ltr'><strong>divinis</strong></span> <span class='ocrx_word' id='word_1_348' title='bbox 662 1345 852 1381; x_wconf 87' lang='lat' dir='ltr'><strong>replebuntur.</strong></span> <span class='ocrx_word' id='word_1_349' title='bbox 871 1343 953 1379; x_wconf 87' lang='lat' dir='ltr'><strong>Teip-</strong></span> 
     </span>
    </p>
   </div>
   <div class='ocr_carea' id='block_1_47' title="bbox 162 1391 956 1427">
    <p class='ocr_par' dir='ltr' id='par_1_47' title="bbox 162 1391 956 1427">
     <span class='ocr_line' id='line_1_47' title="bbox 162 1391 956 1427; baseline -0.004 -6"><span class='ocrx_word' id='word_1_350' title='bbox 162 1402 224 1421; x_wconf 88' lang='lat' dir='ltr'><strong>sum</strong></span> <span class='ocrx_word' id='word_1_351' title='bbox 240 1394 312 1421; x_wconf 90' lang='lat' dir='ltr'><strong>enim</strong></span> <span class='ocrx_word' id='word_1_352' title='bbox 329 1392 487 1426; x_wconf 69' lang='lat' dir='ltr'><strong>trdiﬁcabis,</strong></span> <span class='ocrx_word' id='word_1_353' title='bbox 501 1393 663 1420; x_wconf 77' lang='lat' dir='ltr'><strong>cmlestibus</strong></span> <span class='ocrx_word' id='word_1_354' title='bbox 677 1391 956 1427; x_wconf 65' lang='lat' dir='ltr'><strong>semperpraeceptio-</strong></span> 
     </span>
    </p>
   </div>
   <div class='ocr_carea' id='block_1_48' title="bbox 163 1437 955 1474">
    <p class='ocr_par' dir='ltr' id='par_1_48' title="bbox 163 1437 955 1474">
     <span class='ocr_line' id='line_1_48' title="bbox 163 1437 955 1474; baseline -0.006 -7"><span class='ocrx_word' id='word_1_355' title='bbox 163 1440 245 1468; x_wconf 90' lang='lat' dir='ltr'><strong>nibus</strong></span> <span class='ocrx_word' id='word_1_356' title='bbox 260 1439 294 1466; x_wconf 89' lang='lat' dir='ltr'><strong>ad</strong></span> <span class='ocrx_word' id='word_1_357' title='bbox 311 1438 349 1471; x_wconf 81' lang='lat' dir='ltr'><strong>id,</strong></span> <span class='ocrx_word' id='word_1_358' title='bbox 366 1439 439 1474; x_wconf 90' lang='lat' dir='ltr'><strong>quod</strong></span> <span class='ocrx_word' id='word_1_359' title='bbox 455 1439 543 1470; x_wconf 79' lang='lat' dir='ltr'><strong>decet,</strong></span> <span class='ocrx_word' id='word_1_360' title='bbox 559 1437 742 1473; x_wconf 80' lang='lat' dir='ltr'><strong>cogitationes</strong></span> <span class='ocrx_word' id='word_1_361' title='bbox 761 1441 822 1464; x_wconf 88' lang='lat' dir='ltr'><strong>tuas</strong></span> <span class='ocrx_word' id='word_1_362' title='bbox 842 1444 955 1471; x_wconf 77' lang='lat' dir='ltr'><strong>compo-</strong></span> 
     </span>
    </p>
   </div>
   <div class='ocr_carea' id='block_1_49' title="bbox 164 1483 956 1520">
    <p class='ocr_par' dir='ltr' id='par_1_49' title="bbox 164 1483 956 1520">
     <span class='ocr_line' id='line_1_49' title="bbox 164 1483 956 1520; baseline -0.006 -7"><span class='ocrx_word' id='word_1_363' title='bbox 164 1493 234 1513; x_wconf 85' lang='lat' dir='ltr'><strong>nens</strong></span> <span class='ocrx_word' id='word_1_364' title='bbox 247 1491 275 1513; x_wconf 87' lang='lat' dir='ltr'><strong>et</strong></span> <span class='ocrx_word' id='word_1_365' title='bbox 286 1485 438 1520; x_wconf 83' lang='lat' dir='ltr'><strong>applicans.</strong></span> <span class='ocrx_word' id='word_1_366' title='bbox 460 1484 583 1519; x_wconf 74' lang='lat' dir='ltr'><strong>Obsepics</strong></span> <span class='ocrx_word' id='word_1_367' title='bbox 604 1491 671 1512; x_wconf 87' lang='lat' dir='ltr'><strong>vero</strong></span> <span class='ocrx_word' id='word_1_368' title='bbox 686 1488 714 1511; x_wconf 87' lang='lat' dir='ltr'><strong>et</strong></span> <span class='ocrx_word' id='word_1_369' title='bbox 736 1483 855 1510; x_wconf 88' lang='lat' dir='ltr'><strong>anitnam</strong></span> <span class='ocrx_word' id='word_1_370' title='bbox 871 1488 956 1515; x_wconf 88' lang='lat' dir='ltr'><strong>tuatn,</strong></span> 
     </span>
    </p>
   </div>
   <div class='ocr_carea' id='block_1_50' title="bbox 163 1528 958 1566">
    <p class='ocr_par' dir='ltr' id='par_1_50' title="bbox 163 1528 958 1566">
     <span class='ocr_line' id='line_1_50' title="bbox 163 1528 958 1566; baseline -0.006 -7"><span class='ocrx_word' id='word_1_371' title='bbox 163 1532 284 1564; x_wconf 86' lang='lat' dir='ltr'><strong>Christo,</strong></span> <span class='ocrx_word' id='word_1_372' title='bbox 299 1535 429 1566; x_wconf 88' lang='lat' dir='ltr'><strong>tanquam</strong></span> <span class='ocrx_word' id='word_1_373' title='bbox 453 1538 543 1563; x_wconf 88' lang='lat' dir='ltr'><strong>muro,</strong></span> <span class='ocrx_word' id='word_1_374' title='bbox 567 1530 699 1558; x_wconf 86' lang='lat' dir='ltr'><strong>adversus</strong></span> <span class='ocrx_word' id='word_1_375' title='bbox 725 1534 853 1557; x_wconf 84' lang='lat' dir='ltr'><strong>externas</strong></span> <span class='ocrx_word' id='word_1_376' title='bbox 873 1528 958 1555; x_wconf 78' lang='lat' dir='ltr'><strong>mole-</strong></span> 
     </span>
    </p>
   </div>
   <div class='ocr_carea' id='block_1_51' title="bbox 163 1574 958 1610">
    <p class='ocr_par' dir='ltr' id='par_1_51' title="bbox 163 1574 958 1610">
     <span class='ocr_line' id='line_1_51' title="bbox 163 1574 958 1610; baseline -0.005 -6"><span class='ocrx_word' id='word_1_377' title='bbox 163 1577 231 1604; x_wconf 84' lang='lat' dir='ltr'><strong>slias</strong></span> <span class='ocrx_word' id='word_1_378' title='bbox 256 1581 356 1604; x_wconf 90' lang='lat' dir='ltr'><strong>tectus.</strong></span> <span class='ocrx_word' id='word_1_379' title='bbox 384 1575 507 1604; x_wconf 89' lang='lat' dir='ltr'><strong>Habelur</strong></span> <span class='ocrx_word' id='word_1_380' title='bbox 536 1575 610 1602; x_wconf 87' lang='lat' dir='ltr'><strong>enim</strong></span> <span class='ocrx_word' id='word_1_381' title='bbox 633 1580 763 1610; x_wconf 87' lang='lat' dir='ltr'><strong>tanquam</strong></span> <span class='ocrx_word' id='word_1_382' title='bbox 791 1575 825 1602; x_wconf 90' lang='lat' dir='ltr'><strong>de</strong></span> <span class='ocrx_word' id='word_1_383' title='bbox 854 1574 958 1601; x_wconf 74' lang='lat' dir='ltr'><strong>deserta</strong></span> 
     </span>
    </p>
   </div>
   <div class='ocr_carea' id='block_1_52' title="bbox 166 1621 957 1658">
    <p class='ocr_par' dir='ltr' id='par_1_52' title="bbox 166 1621 957 1658">
     <span class='ocr_line' id='line_1_52' title="bbox 166 1621 957 1658; baseline -0.004 -8"><span class='ocrx_word' id='word_1_384' title='bbox 166 1623 309 1658; x_wconf 89' lang='lat' dir='ltr'><strong>murisque</strong></span> <span class='ocrx_word' id='word_1_385' title='bbox 330 1622 464 1650; x_wconf 77' lang='lat' dir='ltr'><strong>destituta</strong></span> <span class='ocrx_word' id='word_1_386' title='bbox 479 1621 590 1649; x_wconf 87' lang='lat' dir='ltr'><strong>civitate</strong></span> <span class='ocrx_word' id='word_1_387' title='bbox 607 1629 710 1649; x_wconf 81' lang='lat' dir='ltr'><strong>sermo.</strong></span> <span class='ocrx_word' id='word_1_388' title='bbox 725 1621 879 1648; x_wconf 80' lang='lat' dir='ltr'><strong>Conveniat</strong></span> <span class='ocrx_word' id='word_1_389' title='bbox 892 1627 957 1648; x_wconf 80' lang='lat' dir='ltr'><strong>vero</strong></span> 
     </span>
    </p>
   </div>
   <div class='ocr_carea' id='block_1_53' title="bbox 1038 1065 1802 1104">
    <p class='ocr_par' dir='ltr' id='par_1_53' title="bbox 1038 1065 1802 1104">
     <span class='ocr_line' id='line_1_53' title="bbox 1038 1065 1802 1104; baseline -0.004 -9"><span class='ocrx_word' id='word_1_390' title='bbox 1038 1065 1123 1096; x_wconf 81' lang='grc' dir='ltr'>Δῦται</span> <span class='ocrx_word' id='word_1_391' title='bbox 1137 1067 1229 1095; x_wconf 79' lang='grc' dir='ltr'>τοίνυν</span> <span class='ocrx_word' id='word_1_392' title='bbox 1249 1068 1282 1095; x_wconf 82' lang='grc' dir='ltr'>ὲκ</span> <span class='ocrx_word' id='word_1_393' title='bbox 1297 1067 1435 1104; x_wconf 78' lang='grc' dir='ltr'><strong>ῥᾳθυμίας</strong></span> <span class='ocrx_word' id='word_1_394' title='bbox 1456 1067 1513 1094; x_wconf 76' lang='grc' dir='ltr'>ἐσθ’</span> <span class='ocrx_word' id='word_1_395' title='bbox 1529 1067 1575 1094; x_wconf 83' lang='grc' dir='ltr'>ὅτε</span> <span class='ocrx_word' id='word_1_396' title='bbox 1602 1066 1802 1102; x_wconf 80' lang='grc' dir='ltr'>παραλυθεῖσαι</span> 
     </span>
    </p>
   </div>
   <div class='ocr_carea' id='block_1_54' title="bbox 1002 1113 1797 1149">
    <p class='ocr_par' dir='ltr' id='par_1_54' title="bbox 1002 1113 1797 1149">
     <span class='ocr_line' id='line_1_54' title="bbox 1002 1113 1797 1149; baseline -0.004 -8"><span class='ocrx_word' id='word_1_397' title='bbox 1002 1113 1100 1149; x_wconf 81' lang='grc' dir='ltr'><strong>βραχὺ,</strong></span> <span class='ocrx_word' id='word_1_398' title='bbox 1116 1113 1197 1140; x_wconf 81' lang='grc' dir='ltr'>πάλιν</span> <span class='ocrx_word' id='word_1_399' title='bbox 1221 1114 1261 1147; x_wconf 87' lang='grc' dir='ltr'><strong>ὠς</strong></span> <span class='ocrx_word' id='word_1_400' title='bbox 1275 1113 1392 1148; x_wconf 81' lang='grc' dir='ltr'><strong>βοτάνη</strong></span> <span class='ocrx_word' id='word_1_401' title='bbox 1414 1113 1601 1141; x_wconf 65' lang='grc' dir='ltr'>ἀνατελοῦσι</span> <span class='ocrx_word' id='word_1_402' title='bbox 1621 1113 1797 1149; x_wconf 82' lang='grc' dir='ltr'>παρακλήσει</span> 
     </span>
    </p>
   </div>
   <div class='ocr_carea' id='block_1_55' title="bbox 1001 1158 1799 1195">
    <p class='ocr_par' dir='ltr' id='par_1_55' title="bbox 1001 1158 1799 1195">
     <span class='ocr_line' id='line_1_55' title="bbox 1001 1158 1799 1195; baseline -0.003 -9"><span class='ocrx_word' id='word_1_403' title='bbox 1001 1160 1186 1195; x_wconf 82' lang='grc' dir='ltr'><strong>πνευματικῇ,</strong></span> <span class='ocrx_word' id='word_1_404' title='bbox 1205 1159 1253 1186; x_wconf 74' lang='grc' dir='ltr'>καὶ</span> <span class='ocrx_word' id='word_1_405' title='bbox 1266 1159 1450 1194; x_wconf 79' lang='grc' dir='ltr'><strong>κληρονόμοι</strong></span> <span class='ocrx_word' id='word_1_406' title='bbox 1462 1159 1523 1186; x_wconf 80' lang='grc' dir='ltr'><strong>τῶν</strong></span> <span class='ocrx_word' id='word_1_407' title='bbox 1536 1159 1665 1186; x_wconf 71' lang='grc' dir='ltr'>αἰωνίων</span> <span class='ocrx_word' id='word_1_408' title='bbox 1679 1158 1799 1192; x_wconf 74' lang='grc' dir='ltr'>ἀγαθῶν</span> 
     </span>
    </p>
   </div>
   <div class='ocr_carea' id='block_1_56' title="bbox 1001 1200 1800 1242">
    <p class='ocr_par' dir='ltr' id='par_1_56' title="bbox 1001 1200 1800 1242">
     <span class='ocr_line' id='line_1_56' title="bbox 1001 1200 1800 1242; baseline -0.001 -9"><span class='ocrx_word' id='word_1_409' title='bbox 1001 1206 1203 1242; x_wconf 65' lang='grc' dir='ltr'>γενησόμεθα.</span> <span class='ocrx_word' id='word_1_410' title='bbox 1223 1200 1280 1233; x_wconf 61' lang='grc' dir='ltr'><strong>Καὶ</strong></span> <span class='ocrx_word' id='word_1_411' title='bbox 1290 1206 1324 1233; x_wconf 77' lang='grc' dir='ltr'><strong>τὰ</strong></span> <span class='ocrx_word' id='word_1_412' title='bbox 1337 1205 1422 1233; x_wconf 81' lang='grc' dir='ltr'>πάλαι</span> <span class='ocrx_word' id='word_1_413' title='bbox 1435 1205 1463 1232; x_wconf 78' lang='grc' dir='ltr'>δὲ</span> <span class='ocrx_word' id='word_1_414' title='bbox 1476 1206 1526 1241; x_wconf 78' lang='grc' dir='ltr'><strong>τῆς</strong></span> <span class='ocrx_word' id='word_1_415' title='bbox 1539 1205 1629 1242; x_wconf 76' lang='grc' dir='ltr'>ψυχῆς</span> <span class='ocrx_word' id='word_1_416' title='bbox 1648 1205 1745 1240; x_wconf 79' lang='grc' dir='ltr'>ἔρημα</span> <span class='ocrx_word' id='word_1_417' title='bbox 1759 1206 1800 1232; x_wconf 81' lang='lat' dir='ltr'><strong>ol-</strong></span> 
     </span>
    </p>
   </div>
   <div class='ocr_carea' id='block_1_57' title="bbox 1003 1249 1801 1288">
    <p class='ocr_par' dir='ltr' id='par_1_57' title="bbox 1003 1249 1801 1288">
     <span class='ocr_line' id='line_1_57' title="bbox 1003 1249 1801 1288; baseline -0.001 -9"><span class='ocrx_word' id='word_1_418' title='bbox 1003 1249 1246 1286; x_wconf 79' lang='grc' dir='ltr'>κοδομηθήσεται</span> <span class='ocrx_word' id='word_1_419' title='bbox 1267 1253 1297 1280; x_wconf 78' lang='grc' dir='ltr'>ἐν</span> <span class='ocrx_word' id='word_1_420' title='bbox 1310 1251 1362 1286; x_wconf 69' lang='grc' dir='ltr'>σοὶ,</span> <span class='ocrx_word' id='word_1_421' title='bbox 1387 1250 1432 1279; x_wconf 80' lang='grc' dir='ltr'>διὰ</span> <span class='ocrx_word' id='word_1_422' title='bbox 1451 1251 1623 1288; x_wconf 80' lang='grc' dir='ltr'><strong>μαθημάτων</strong></span> <span class='ocrx_word' id='word_1_423' title='bbox 1646 1252 1693 1279; x_wconf 73' lang='grc' dir='ltr'>καὶ</span> <span class='ocrx_word' id='word_1_424' title='bbox 1713 1251 1801 1285; x_wconf 80' lang='grc' dir='ltr'>λόγων</span> 
     </span>
    </p>
   </div>
   <div class='ocr_carea' id='block_1_58' title="bbox 1005 1298 1801 1335">
    <p class='ocr_par' dir='ltr' id='par_1_58' title="bbox 1005 1298 1801 1335">
     <span class='ocr_line' id='line_1_58' title="bbox 1005 1298 1801 1335; baseline 0 -9"><span class='ocrx_word' id='word_1_425' title='bbox 1005 1299 1086 1326; x_wconf 88' lang='grc' dir='ltr'>θείων</span> <span class='ocrx_word' id='word_1_426' title='bbox 1110 1298 1353 1334; x_wconf 84' lang='grc' dir='ltr'>ἀναπληρούμενα.</span> <span class='ocrx_word' id='word_1_427' title='bbox 1382 1299 1484 1326; x_wconf 84' lang='grc' dir='ltr'>Σαυτὺν</span> <span class='ocrx_word' id='word_1_428' title='bbox 1507 1299 1563 1335; x_wconf 76' lang='grc' dir='ltr'>γὰρ</span> <span class='ocrx_word' id='word_1_429' title='bbox 1589 1299 1801 1334; x_wconf 77' lang='grc' dir='ltr'>οἱκοόομήσεις</span> 
     </span>
    </p>
   </div>
   <div class='ocr_carea' id='block_1_59' title="bbox 1005 1344 1800 1381">
    <p class='ocr_par' dir='ltr' id='par_1_59' title="bbox 1005 1344 1800 1381">
     <span class='ocr_line' id='line_1_59' title="bbox 1005 1344 1800 1381; baseline 0.001 -10"><span class='ocrx_word' id='word_1_430' title='bbox 1005 1344 1193 1377; x_wconf 78' lang='grc' dir='ltr'>διδασκαλίαις</span> <span class='ocrx_word' id='word_1_431' title='bbox 1215 1344 1318 1377; x_wconf 72' lang='grc' dir='ltr'>ἐνθέοις</span> <span class='ocrx_word' id='word_1_432' title='bbox 1333 1346 1380 1372; x_wconf 76' lang='grc' dir='ltr'><strong>ἐπὶ</strong></span> <span class='ocrx_word' id='word_1_433' title='bbox 1396 1345 1427 1372; x_wconf 82' lang='grc' dir='ltr'>τὸ</span> <span class='ocrx_word' id='word_1_434' title='bbox 1447 1345 1506 1372; x_wconf 80' lang='grc' dir='ltr'>δέον</span> <span class='ocrx_word' id='word_1_435' title='bbox 1523 1345 1565 1372; x_wconf 84' lang='grc' dir='ltr'>ἀεί</span> <span class='ocrx_word' id='word_1_436' title='bbox 1581 1354 1628 1372; x_wconf 77' lang='grc' dir='ltr'><strong>σου</strong></span> <span class='ocrx_word' id='word_1_437' title='bbox 1647 1345 1800 1381; x_wconf 69' lang='grc' dir='ltr'>συναρμότέ</span> 
     </span>
    </p>
   </div>
   <div class='ocr_carea' id='block_1_60' title="bbox 1006 1390 1800 1427">
    <p class='ocr_par' dir='ltr' id='par_1_60' title="bbox 1006 1390 1800 1427">
     <span class='ocr_line' id='line_1_60' title="bbox 1006 1390 1800 1427; baseline 0 -10"><span class='ocrx_word' id='word_1_438' title='bbox 1006 1400 1060 1418; x_wconf 85' lang='grc' dir='ltr'><strong>των</strong></span> <span class='ocrx_word' id='word_1_439' title='bbox 1076 1391 1141 1422; x_wconf 79' lang='grc' dir='ltr'>τοὺς</span> <span class='ocrx_word' id='word_1_440' title='bbox 1163 1391 1322 1426; x_wconf 84' lang='grc' dir='ltr'>λογισμούς.</span> <span class='ocrx_word' id='word_1_441' title='bbox 1349 1390 1534 1427; x_wconf 73' lang='grc' dir='ltr'>Περιφράξεις</span> <span class='ocrx_word' id='word_1_442' title='bbox 1558 1391 1587 1418; x_wconf 82' lang='grc' dir='ltr'><strong>δέ</strong></span> <span class='ocrx_word' id='word_1_443' title='bbox 1612 1399 1659 1418; x_wconf 90' lang='grc' dir='ltr'><strong>σου</strong></span> <span class='ocrx_word' id='word_1_444' title='bbox 1679 1391 1727 1418; x_wconf 74' lang='grc' dir='ltr'>καὶ</span> <span class='ocrx_word' id='word_1_445' title='bbox 1750 1391 1800 1426; x_wconf 79' lang='grc' dir='ltr'><strong>τὴν</strong></span> 
     </span>
    </p>
   </div>
   <div class='ocr_carea' id='block_1_61' title="bbox 1007 1435 1800 1474">
    <p class='ocr_par' dir='ltr' id='par_1_61' title="bbox 1007 1435 1800 1474">
     <span class='ocr_line' id='line_1_61' title="bbox 1007 1435 1800 1474; baseline -0.003 -9"><span class='ocrx_word' id='word_1_446' title='bbox 1007 1437 1107 1473; x_wconf 80' lang='grc' dir='ltr'>ψυχὴν,</span> <span class='ocrx_word' id='word_1_447' title='bbox 1123 1437 1178 1465; x_wconf 81' lang='grc' dir='ltr'>ἀπὺ</span> <span class='ocrx_word' id='word_1_448' title='bbox 1193 1437 1248 1464; x_wconf 77' lang='grc' dir='ltr'>τῶν</span> <span class='ocrx_word' id='word_1_449' title='bbox 1272 1437 1372 1471; x_wconf 75' lang='grc' dir='ltr'>ἔξωθεν</span> <span class='ocrx_word' id='word_1_450' title='bbox 1392 1435 1516 1474; x_wconf 78' lang='grc' dir='ltr'>ὀχληρῶν</span> <span class='ocrx_word' id='word_1_451' title='bbox 1537 1435 1648 1474; x_wconf 82' lang='grc' dir='ltr'>Χριστῷ</span> <span class='ocrx_word' id='word_1_452' title='bbox 1673 1437 1800 1473; x_wconf 65' lang='grc' dir='ltr'>καθάπερ</span> 
     </span>
    </p>
   </div>
   <div class='ocr_carea' id='block_1_62' title="bbox 1006 1483 1800 1519">
    <p class='ocr_par' dir='ltr' id='par_1_62' title="bbox 1006 1483 1800 1519">
     <span class='ocr_line' id='line_1_62' title="bbox 1006 1483 1800 1519; baseline 0.001 -10"><span class='ocrx_word' id='word_1_453' title='bbox 1006 1483 1091 1519; x_wconf 82' lang='grc' dir='ltr'>τείχει</span> <span class='ocrx_word' id='word_1_454' title='bbox 1105 1483 1408 1518; x_wconf 65' lang='grc' dir='ltr'>περιφρουρούμενος.</span> <span class='ocrx_word' id='word_1_455' title='bbox 1426 1483 1471 1515; x_wconf 76' lang='grc' dir='ltr'><strong>Ὧς</strong></span> <span class='ocrx_word' id='word_1_456' title='bbox 1482 1483 1528 1510; x_wconf 73' lang='grc' dir='ltr'><strong>ἐπὶ</strong></span> <span class='ocrx_word' id='word_1_457' title='bbox 1539 1483 1644 1514; x_wconf 74' lang='grc' dir='ltr'>πόλεως</span> <span class='ocrx_word' id='word_1_458' title='bbox 1663 1483 1717 1518; x_wconf 77' lang='grc' dir='ltr'><strong>γὰρ</strong></span> <span class='ocrx_word' id='word_1_459' title='bbox 1730 1483 1800 1517; x_wconf 83' lang='grc' dir='ltr'><strong>ἐρή-</strong></span> 
     </span>
    </p>
   </div>
   <div class='ocr_carea' id='block_1_63' title="bbox 1004 1529 1800 1565">
    <p class='ocr_par' dir='ltr' id='par_1_63' title="bbox 1004 1529 1800 1565">
     <span class='ocr_line' id='line_1_63' title="bbox 1004 1529 1800 1565; baseline -0.003 -8"><span class='ocrx_word' id='word_1_460' title='bbox 1004 1539 1065 1564; x_wconf 86' lang='grc' dir='ltr'><strong>μου</strong></span> <span class='ocrx_word' id='word_1_461' title='bbox 1085 1530 1132 1557; x_wconf 80' lang='grc' dir='ltr'><strong>καὶ</strong></span> <span class='ocrx_word' id='word_1_462' title='bbox 1150 1530 1305 1565; x_wconf 80' lang='grc' dir='ltr'>ἀτειχίστου</span> <span class='ocrx_word' id='word_1_463' title='bbox 1330 1531 1447 1556; x_wconf 84' lang='grc' dir='ltr'>ποιεῖται</span> <span class='ocrx_word' id='word_1_464' title='bbox 1472 1530 1519 1557; x_wconf 80' lang='grc' dir='ltr'>τὸν</span> <span class='ocrx_word' id='word_1_465' title='bbox 1535 1529 1623 1564; x_wconf 87' lang='grc' dir='ltr'>λόγον.</span> <span class='ocrx_word' id='word_1_466' title='bbox 1655 1529 1800 1565; x_wconf 82' lang='grc' dir='ltr'>Ἀρμόττει</span> 
     </span>
    </p>
   </div>
   <div class='ocr_carea' id='block_1_64' title="bbox 1006 1575 1801 1612">
    <p class='ocr_par' dir='ltr' id='par_1_64' title="bbox 1006 1575 1801 1612">
     <span class='ocr_line' id='line_1_64' title="bbox 1006 1575 1801 1612; baseline -0.001 -9"><span class='ocrx_word' id='word_1_467' title='bbox 1006 1575 1035 1603; x_wconf 80' lang='grc' dir='ltr'>δὲ</span> <span class='ocrx_word' id='word_1_468' title='bbox 1052 1576 1098 1603; x_wconf 76' lang='grc' dir='ltr'>καὶ</span> <span class='ocrx_word' id='word_1_469' title='bbox 1114 1576 1183 1611; x_wconf 76' lang='grc' dir='ltr'>πρὸς</span> <span class='ocrx_word' id='word_1_470' title='bbox 1207 1576 1258 1612; x_wconf 79' lang='grc' dir='ltr'>τὴν</span> <span class='ocrx_word' id='word_1_471' title='bbox 1276 1576 1393 1603; x_wconf 76' lang='grc' dir='ltr'>ἑκάστου</span> <span class='ocrx_word' id='word_1_472' title='bbox 1410 1576 1500 1612; x_wconf 83' lang='grc' dir='ltr'>ψυχὴν</span> <span class='ocrx_word' id='word_1_473' title='bbox 1519 1576 1566 1604; x_wconf 78' lang='grc' dir='ltr'>καὶ</span> <span class='ocrx_word' id='word_1_474' title='bbox 1586 1575 1655 1611; x_wconf 76' lang='grc' dir='ltr'>πρὸς</span> <span class='ocrx_word' id='word_1_475' title='bbox 1671 1575 1717 1602; x_wconf 81' lang='grc' dir='ltr'>τὸν</span> <span class='ocrx_word' id='word_1_476' title='bbox 1736 1575 1801 1602; x_wconf 79' lang='grc' dir='ltr'>λαὸν</span> 
     </span>
    </p>
   </div>
   <div class='ocr_carea' id='block_1_65' title="bbox 1007 1620 1801 1658">
    <p class='ocr_par' dir='ltr' id='par_1_65' title="bbox 1007 1620 1801 1658">
     <span class='ocr_line' id='line_1_65' title="bbox 1007 1620 1801 1658; baseline 0 -9"><span class='ocrx_word' id='word_1_477' title='bbox 1007 1623 1108 1656; x_wconf 82' lang='grc' dir='ltr'>πάντα,</span> <span class='ocrx_word' id='word_1_478' title='bbox 1125 1622 1224 1649; x_wconf 78' lang='grc' dir='ltr'>ὀστῶν</span> <span class='ocrx_word' id='word_1_479' title='bbox 1238 1620 1391 1658; x_wconf 83' lang='grc' dir='ltr'>νοουμένων</span> <span class='ocrx_word' id='word_1_480' title='bbox 1403 1622 1458 1650; x_wconf 84' lang='grc' dir='ltr'>τῶν</span> <span class='ocrx_word' id='word_1_481' title='bbox 1473 1623 1501 1648; x_wconf 80' lang='grc' dir='ltr'>ἐν</span> <span class='ocrx_word' id='word_1_482' title='bbox 1516 1622 1590 1658; x_wconf 74' lang='grc' dir='ltr'>αὐτῷ</span> <span class='ocrx_word' id='word_1_483' title='bbox 1606 1622 1737 1655; x_wconf 75' lang='grc' dir='ltr'>δυνατῶν,</span> <span class='ocrx_word' id='word_1_484' title='bbox 1755 1622 1801 1649; x_wconf 74' lang='grc' dir='ltr'>καὶ</span> 
     </span>
    </p>
   </div>
   <div class='ocr_carea' id='block_1_66' title="bbox 164 1665 954 1704">
    <p class='ocr_par' dir='ltr' id='par_1_66' title="bbox 164 1667 954 1703">
     <span class='ocr_line' id='line_1_66' title="bbox 164 1667 954 1703; baseline -0.004 -7"><span class='ocrx_word' id='word_1_485' title='bbox 164 1672 191 1696; x_wconf 93' lang='lat' dir='ltr'><strong>et</strong></span> <span class='ocrx_word' id='word_1_486' title='bbox 211 1669 309 1695; x_wconf 78' lang='lat' dir='ltr'><strong>anima:</strong></span> <span class='ocrx_word' id='word_1_487' title='bbox 333 1668 456 1701; x_wconf 75' lang='lat' dir='ltr'><strong>(llilibt&#39;t,</strong></span> <span class='ocrx_word' id='word_1_488' title='bbox 472 1671 500 1695; x_wconf 89' lang='lat' dir='ltr'><strong>et</strong></span> <span class='ocrx_word' id='word_1_489' title='bbox 517 1667 629 1703; x_wconf 90' lang='lat' dir='ltr'><strong>populo,</strong></span> <span class='ocrx_word' id='word_1_490' title='bbox 647 1667 671 1695; x_wconf 90' lang='lat' dir='ltr'><strong>si</strong></span> <span class='ocrx_word' id='word_1_491' title='bbox 684 1667 746 1695; x_wconf 88' lang='lat' dir='ltr'><strong>illos</strong></span> <span class='ocrx_word' id='word_1_492' title='bbox 765 1675 813 1702; x_wconf 87' lang='lat' dir='ltr'><strong>per</strong></span> <span class='ocrx_word' id='word_1_493' title='bbox 833 1675 894 1693; x_wconf 74' lang='lat' dir='ltr'><strong>ossa</strong></span> <span class='ocrx_word' id='word_1_494' title='bbox 911 1667 954 1694; x_wconf 92' lang='lat' dir='ltr'><strong>in-</strong></span> 
     </span>
    </p>
   </div>
   <div class='ocr_carea' id='block_1_67' title="bbox 1006 1665 1801 1704">
    <p class='ocr_par' dir='ltr' id='par_1_67' title="bbox 1006 1665 1801 1704">
     <span class='ocr_line' id='line_1_67' title="bbox 1006 1665 1801 1704; baseline 0 -9"><span class='ocrx_word' id='word_1_495' title='bbox 1006 1667 1036 1696; x_wconf 73' lang='grc' dir='ltr'>’τὺ</span> <span class='ocrx_word' id='word_1_496' title='bbox 1048 1669 1128 1704; x_wconf 81' lang='grc' dir='ltr'>σῶμα</span> <span class='ocrx_word' id='word_1_497' title='bbox 1137 1670 1192 1695; x_wconf 81' lang='grc' dir='ltr'><strong>πᾶν</strong></span> <span class='ocrx_word' id='word_1_498' title='bbox 1207 1668 1369 1704; x_wconf 80' lang='grc' dir='ltr'>ἀνεχόντων,</span> <span class='ocrx_word' id='word_1_499' title='bbox 1387 1669 1429 1703; x_wconf 75' lang='grc' dir='ltr'><strong>ἐφ’</strong></span> <span class='ocrx_word' id='word_1_500' title='bbox 1442 1665 1472 1696; x_wconf 73' lang='grc' dir='ltr'>οὗ</span> <span class='ocrx_word' id='word_1_501' title='bbox 1486 1668 1717 1703; x_wconf 71' lang='grc' dir='ltr'>λὲγοιντοὲρημοι</span> <span class='ocrx_word' id='word_1_502' title='bbox 1732 1669 1801 1696; x_wconf 69' lang='lat' dir='ltr'><strong>aldt-</strong></span> 
     </span>
    </p>
   </div>
   <div class='ocr_carea' id='block_1_68' title="bbox 165 1713 956 1750">
    <p class='ocr_par' dir='ltr' id='par_1_68' title="bbox 165 1713 956 1750">
     <span class='ocr_line' id='line_1_68' title="bbox 165 1713 956 1750; baseline -0.003 -8"><span class='ocrx_word' id='word_1_503' title='bbox 165 1715 282 1750; x_wconf 65' lang='lat' dir='ltr'><strong>teligas,</strong></span> <span class='ocrx_word' id='word_1_504' title='bbox 296 1714 341 1749; x_wconf 91' lang='lat' dir='ltr'><strong>qui</strong></span> <span class='ocrx_word' id='word_1_505' title='bbox 359 1718 423 1742; x_wconf 88' lang='lat' dir='ltr'><strong>sunt</strong></span> <span class='ocrx_word' id='word_1_506' title='bbox 440 1714 468 1741; x_wconf 94' lang='lat' dir='ltr'><strong>in</strong></span> <span class='ocrx_word' id='word_1_507' title='bbox 483 1721 517 1742; x_wconf 90' lang='lat' dir='ltr'><strong>eo</strong></span> <span class='ocrx_word' id='word_1_508' title='bbox 543 1715 722 1749; x_wconf 88' lang='lat' dir='ltr'><strong>potentiores,</strong></span> <span class='ocrx_word' id='word_1_509' title='bbox 737 1713 841 1749; x_wconf 92' lang='lat' dir='ltr'><strong>quique</strong></span> <span class='ocrx_word' id='word_1_510' title='bbox 854 1721 956 1748; x_wconf 89' lang='lat' dir='ltr'><strong>corpus</strong></span> 
     </span>
    </p>
   </div>
   <div class='ocr_carea' id='block_1_69' title="bbox 164 1759 956 1796">
    <p class='ocr_par' dir='ltr' id='par_1_69' title="bbox 164 1759 956 1796">
     <span class='ocr_line' id='line_1_69' title="bbox 164 1759 956 1796; baseline -0.001 -9"><span class='ocrx_word' id='word_1_511' title='bbox 164 1761 322 1788; x_wconf 82' lang='lat' dir='ltr'><strong>universum</strong></span> <span class='ocrx_word' id='word_1_512' title='bbox 335 1764 493 1788; x_wconf 85' lang='lat' dir='ltr'><strong>sustentant</strong></span> <span class='ocrx_word' id='word_1_513' title='bbox 505 1769 512 1788; x_wconf 90' lang='lat'>:</span> <span class='ocrx_word' id='word_1_514' title='bbox 522 1760 549 1787; x_wconf 93' lang='lat' dir='ltr'><strong>in</strong></span> <span class='ocrx_word' id='word_1_515' title='bbox 559 1769 614 1796; x_wconf 89' lang='lat' dir='ltr'><strong>quo</strong></span> <span class='ocrx_word' id='word_1_516' title='bbox 622 1760 854 1794; x_wconf 76' lang='lat' dir='ltr'><strong>desertuperpelua</strong></span> <span class='ocrx_word' id='word_1_517' title='bbox 866 1759 956 1794; x_wconf 88' lang='lat' dir='ltr'><strong>possis</strong></span> 
     </span>
    </p>
   </div>
   <div class='ocr_carea' id='block_1_70' title="bbox 163 1807 955 1842">
    <p class='ocr_par' dir='ltr' id='par_1_70' title="bbox 163 1807 955 1842">
     <span class='ocr_line' id='line_1_70' title="bbox 163 1807 955 1842; baseline -0.001 -8"><span class='ocrx_word' id='word_1_518' title='bbox 163 1807 310 1842; x_wconf 79' lang='lat' dir='ltr'><strong>appellare,</strong></span> <span class='ocrx_word' id='word_1_519' title='bbox 327 1814 388 1842; x_wconf 72' lang='lat' dir='ltr'><strong>quae</strong></span> <span class='ocrx_word' id='word_1_520' title='bbox 415 1807 499 1842; x_wconf 83' lang='lat' dir='ltr'><strong>longo</strong></span> <span class='ocrx_word' id='word_1_521' title='bbox 523 1807 579 1842; x_wconf 89' lang='lat' dir='ltr'><strong>jam</strong></span> <span class='ocrx_word' id='word_1_522' title='bbox 601 1811 723 1841; x_wconf 88' lang='lat' dir='ltr'><strong>tempore</strong></span> <span class='ocrx_word' id='word_1_523' title='bbox 740 1814 787 1842; x_wconf 85' lang='lat' dir='ltr'><strong>per</strong></span> <span class='ocrx_word' id='word_1_524' title='bbox 814 1811 955 1842; x_wconf 83' lang='lat' dir='ltr'><strong>peccatum</strong></span> 
     </span>
    </p>
   </div>
   <div class='ocr_carea' id='block_1_71' title="bbox 163 1852 957 1889">
    <p class='ocr_par' dir='ltr' id='par_1_71' title="bbox 163 1852 957 1889">
     <span class='ocr_line' id='line_1_71' title="bbox 163 1852 957 1889; baseline -0.001 -9"><span class='ocrx_word' id='word_1_525' title='bbox 163 1857 242 1880; x_wconf 75' lang='lat' dir='ltr'><strong>vasta</strong></span> <span class='ocrx_word' id='word_1_526' title='bbox 258 1857 285 1880; x_wconf 86' lang='lat' dir='ltr'><strong>et</strong></span> <span class='ocrx_word' id='word_1_527' title='bbox 298 1853 422 1881; x_wconf 87' lang='lat' dir='ltr'><strong>solitaria</strong></span> <span class='ocrx_word' id='word_1_528' title='bbox 435 1857 600 1881; x_wconf 82' lang='lat' dir='ltr'><strong>evaserunt.</strong></span> <span class='ocrx_word' id='word_1_529' title='bbox 612 1852 750 1889; x_wconf 72' lang='lat' dir='ltr'><strong>lntelligas</strong></span> <span class='ocrx_word' id='word_1_530' title='bbox 765 1860 847 1888; x_wconf 89' lang='lat' dir='ltr'><strong>porro</strong></span> <span class='ocrx_word' id='word_1_531' title='bbox 859 1853 957 1888; x_wconf 75' lang='lat' dir='ltr'><strong>funda-</strong></span> 
     </span>
    </p>
   </div>
   <div class='ocr_carea' id='block_1_72' title="bbox 163 1899 954 1934">
    <p class='ocr_par' dir='ltr' id='par_1_72' title="bbox 163 1899 954 1934">
     <span class='ocr_line' id='line_1_72' title="bbox 163 1899 954 1934; baseline 0 -8"><span class='ocrx_word' id='word_1_532' title='bbox 163 1904 251 1926; x_wconf 78' lang='lat' dir='ltr'><strong>menta</strong></span> <span class='ocrx_word' id='word_1_533' title='bbox 267 1899 419 1927; x_wconf 83' lang='lat' dir='ltr'><strong>secundum</strong></span> <span class='ocrx_word' id='word_1_534' title='bbox 446 1899 524 1927; x_wconf 84' lang='lat' dir='ltr'><strong>Pauli</strong></span> <span class='ocrx_word' id='word_1_535' title='bbox 539 1904 668 1933; x_wconf 86' lang='lat' dir='ltr'><strong>mentem,</strong></span> <span class='ocrx_word' id='word_1_536' title='bbox 683 1899 727 1926; x_wconf 89' lang='lat' dir='ltr'><strong>ubi</strong></span> <span class='ocrx_word' id='word_1_537' title='bbox 745 1899 954 1934; x_wconf 66' lang='lat' dir='ltr'><strong>supermdilicati</strong></span> 
     </span>
    </p>
   </div>
   <div class='ocr_carea' id='block_1_73' title="bbox 163 1945 954 1981">
    <p class='ocr_par' dir='ltr' id='par_1_73' title="bbox 163 1945 954 1981">
     <span class='ocr_line' id='line_1_73' title="bbox 163 1945 954 1981; baseline -0.003 -8"><span class='ocrx_word' id='word_1_538' title='bbox 163 1953 246 1980; x_wconf 82' lang='lat' dir='ltr'><strong>super</strong></span> <span class='ocrx_word' id='word_1_539' title='bbox 268 1945 477 1973; x_wconf 85' lang='lat' dir='ltr'><strong>fundamentum</strong></span> <span class='ocrx_word' id='word_1_540' title='bbox 502 1946 690 1981; x_wconf 88' lang='lat' dir='ltr'><strong>apostolorum</strong></span> <span class='ocrx_word' id='word_1_541' title='bbox 713 1951 740 1973; x_wconf 89' lang='lat' dir='ltr'><strong>et</strong></span> <span class='ocrx_word' id='word_1_542' title='bbox 759 1946 954 1981; x_wconf 83' lang='lat' dir='ltr'><strong>prophetarum</strong></span> 
     </span>
    </p>
   </div>
   <div class='ocr_carea' id='block_1_74' title="bbox 162 1982 956 2027">
    <p class='ocr_par' dir='ltr' id='par_1_74' title="bbox 162 1982 956 2027">
     <span class='ocr_line' id='line_1_74' title="bbox 162 1982 956 2027; baseline -0.003 -7"><span class='ocrx_word' id='word_1_543' title='bbox 162 1982 260 2020; x_wconf 68' lang='lat' dir='ltr'><strong>scribit</strong></span> <span class='ocrx_word' id='word_1_544' title='bbox 275 1993 309 2020; x_wconf 81' lang='grc'><strong>³³.</strong></span> <span class='ocrx_word' id='word_1_545' title='bbox 329 1992 470 2020; x_wconf 76' lang='lat' dir='ltr'><strong>Vocaberis</strong></span> <span class='ocrx_word' id='word_1_546' title='bbox 484 2000 549 2020; x_wconf 81' lang='lat' dir='ltr'><strong>vero</strong></span> <span class='ocrx_word' id='word_1_547' title='bbox 563 1994 643 2020; x_wconf 82' lang='lat' dir='ltr'><strong>etiam</strong></span> <span class='ocrx_word' id='word_1_548' title='bbox 659 1992 808 2027; x_wconf 73' lang='lat' dir='ltr'><strong>wdiﬁcalor</strong></span> <span class='ocrx_word' id='word_1_549' title='bbox 824 1993 956 2019; x_wconf 78' lang='lat' dir='ltr'><strong>maceria-</strong></span> 
     </span>
    </p>
   </div>
   <div class='ocr_carea' id='block_1_75' title="bbox 162 2038 955 2074">
    <p class='ocr_par' dir='ltr' id='par_1_75' title="bbox 162 2038 955 2074">
     <span class='ocr_line' id='line_1_75' title="bbox 162 2038 955 2074; baseline -0.001 -8"><span class='ocrx_word' id='word_1_550' title='bbox 162 2047 246 2066; x_wconf 81' lang='lat' dir='ltr'><strong>rttm:</strong></span> <span class='ocrx_word' id='word_1_551' title='bbox 275 2039 429 2066; x_wconf 87' lang='lat' dir='ltr'><strong>secundum</strong></span> <span class='ocrx_word' id='word_1_552' title='bbox 462 2043 553 2066; x_wconf 86' lang='lat' dir='ltr'><strong>autem</strong></span> <span class='ocrx_word' id='word_1_553' title='bbox 585 2038 794 2074; x_wconf 82' lang='lat' dir='ltr'><strong>Symmachum,</strong></span> <span class='ocrx_word' id='word_1_554' title='bbox 821 2038 955 2065; x_wconf 74' lang='lat' dir='ltr'><strong>vocaberis</strong></span> 
     </span>
    </p>
   </div>
   <div class='ocr_carea' id='block_1_76' title="bbox 162 2084 954 2120">
    <p class='ocr_par' dir='ltr' id='par_1_76' title="bbox 162 2084 954 2120">
     <span class='ocr_line' id='line_1_76' title="bbox 162 2084 954 2120; baseline 0.001 -9"><span class='ocrx_word' id='word_1_555' title='bbox 162 2093 238 2111; x_wconf 83' lang='lat' dir='ltr'><strong>muro</strong></span> <span class='ocrx_word' id='word_1_556' title='bbox 253 2085 359 2120; x_wconf 68' lang='lat' dir='ltr'><strong>cingens</strong></span> <span class='ocrx_word' id='word_1_557' title='bbox 388 2085 586 2120; x_wconf 80' lang='lat' dir='ltr'><strong>direptionem:</strong></span> <span class='ocrx_word' id='word_1_558' title='bbox 608 2093 671 2120; x_wconf 74' lang='lat' dir='ltr'><strong>qua:</strong></span> <span class='ocrx_word' id='word_1_559' title='bbox 691 2092 706 2112; x_wconf 90' lang='lat' dir='ltr'><strong>a</strong></span> <span class='ocrx_word' id='word_1_560' title='bbox 731 2085 793 2112; x_wconf 83' lang='lat' dir='ltr'><strong>divo</strong></span> <span class='ocrx_word' id='word_1_561' title='bbox 812 2084 898 2112; x_wconf 82' lang='lat' dir='ltr'><strong>Paulo</strong></span> <span class='ocrx_word' id='word_1_562' title='bbox 919 2085 954 2112; x_wconf 86' lang='lat' dir='ltr'><strong>ibi</strong></span> 
     </span>
    </p>
   </div>
   <div class='ocr_carea' id='block_1_77' title="bbox 162 2131 955 2166">
    <p class='ocr_par' dir='ltr' id='par_1_77' title="bbox 162 2131 955 2166">
     <span class='ocr_line' id='line_1_77' title="bbox 162 2131 955 2166; baseline -0.001 -8"><span class='ocrx_word' id='word_1_563' title='bbox 162 2136 256 2166; x_wconf 85' lang='lat' dir='ltr'><strong>aperte</strong></span> <span class='ocrx_word' id='word_1_564' title='bbox 269 2132 404 2166; x_wconf 83' lang='lat' dir='ltr'><strong>explicata</strong></span> <span class='ocrx_word' id='word_1_565' title='bbox 421 2137 497 2164; x_wconf 83' lang='lat' dir='ltr'><strong>sunt,</strong></span> <span class='ocrx_word' id='word_1_566' title='bbox 520 2132 566 2160; x_wconf 91' lang='lat' dir='ltr'><strong>ubi</strong></span> <span class='ocrx_word' id='word_1_567' title='bbox 590 2139 620 2160; x_wconf 88' lang='lat' dir='ltr'><strong>se</strong></span> <span class='ocrx_word' id='word_1_568' title='bbox 638 2131 710 2159; x_wconf 91' lang='lat' dir='ltr'><strong>sicut</strong></span> <span class='ocrx_word' id='word_1_569' title='bbox 729 2132 891 2166; x_wconf 83' lang='lat' dir='ltr'><strong>prudentem</strong></span> <span class='ocrx_word' id='word_1_570' title='bbox 910 2139 955 2158; x_wconf 90' lang='lat' dir='ltr'><strong>ar-</strong></span> 
     </span>
    </p>
   </div>
   <div class='ocr_carea' id='block_1_78' title="bbox 162 2177 956 2212">
    <p class='ocr_par' dir='ltr' id='par_1_78' title="bbox 162 2177 956 2212">
     <span class='ocr_line' id='line_1_78' title="bbox 162 2177 956 2212; baseline -0.001 -8"><span class='ocrx_word' id='word_1_571' title='bbox 162 2177 323 2210; x_wconf 73' lang='lat' dir='ltr'><strong>chitectum,</strong></span> <span class='ocrx_word' id='word_1_572' title='bbox 342 2177 549 2205; x_wconf 79' lang='lat' dir='ltr'><strong>fundamentum</strong></span> <span class='ocrx_word' id='word_1_573' title='bbox 562 2178 690 2212; x_wconf 86' lang='lat' dir='ltr'><strong>posuisse</strong></span> <span class='ocrx_word' id='word_1_574' title='bbox 705 2177 802 2204; x_wconf 87' lang='lat' dir='ltr'><strong>scribit</strong></span> <span class='ocrx_word' id='word_1_575' title='bbox 816 2178 849 2204; x_wconf 71' lang='grc' dir='ltr'><strong>νε.</strong></span> <span class='ocrx_word' id='word_1_576' title='bbox 866 2177 956 2204; x_wconf 83' lang='lat' dir='ltr'><strong>Mace-</strong></span> 
     </span>
    </p>
   </div>
   <div class='ocr_carea' id='block_1_79' title="bbox 160 2223 956 2259">
    <p class='ocr_par' dir='ltr' id='par_1_79' title="bbox 160 2223 956 2259">
     <span class='ocr_line' id='line_1_79' title="bbox 160 2223 956 2259; baseline 0.003 -10"><span class='ocrx_word' id='word_1_577' title='bbox 160 2224 229 2250; x_wconf 86' lang='lat' dir='ltr'><strong>rium</strong></span> <span class='ocrx_word' id='word_1_578' title='bbox 250 2231 348 2251; x_wconf 81' lang='lat' dir='ltr'><strong>rursus</strong></span> <span class='ocrx_word' id='word_1_579' title='bbox 368 2223 450 2259; x_wconf 74' lang='lat'><strong>662</strong></span> <span class='ocrx_word' id='word_1_580' title='bbox 474 2223 610 2258; x_wconf 72' lang='lat' dir='ltr'><strong>azdiﬁcure</strong></span> <span class='ocrx_word' id='word_1_581' title='bbox 630 2223 742 2256; x_wconf 87' lang='lat' dir='ltr'><strong>dicitur,</strong></span> <span class='ocrx_word' id='word_1_582' title='bbox 760 2224 807 2258; x_wconf 87' lang='lat' dir='ltr'><strong>qui</strong></span> <span class='ocrx_word' id='word_1_583' title='bbox 826 2223 956 2251; x_wconf 73' lang='lat' dir='ltr'><strong>Ecclesia:</strong></span> 
     </span>
    </p>
   </div>
   <div class='ocr_carea' id='block_1_80' title="bbox 159 2269 954 2306">
    <p class='ocr_par' dir='ltr' id='par_1_80' title="bbox 159 2269 954 2306">
     <span class='ocr_line' id='line_1_80' title="bbox 159 2269 954 2306; baseline 0.004 -12"><span class='ocrx_word' id='word_1_584' title='bbox 159 2270 287 2305; x_wconf 69' lang='lat' dir='ltr'><strong>dogmata</strong></span> <span class='ocrx_word' id='word_1_585' title='bbox 317 2269 470 2298; x_wconf 85' lang='lat' dir='ltr'><strong>dialecticis</strong></span> <span class='ocrx_word' id='word_1_586' title='bbox 506 2270 791 2298; x_wconf 74' lang='lat' dir='ltr'><strong>dcmonstratiortibus</strong></span> <span class='ocrx_word' id='word_1_587' title='bbox 825 2275 954 2306; x_wconf 86' lang='lat' dir='ltr'><strong>tanquam</strong></span> 
     </span>
    </p>
   </div>
   <div class='ocr_carea' id='block_1_81' title="bbox 159 2316 954 2351">
    <p class='ocr_par' dir='ltr' id='par_1_81' title="bbox 159 2316 954 2351">
     <span class='ocr_line' id='line_1_81' title="bbox 159 2316 954 2351; baseline 0.001 -8"><span class='ocrx_word' id='word_1_588' title='bbox 159 2316 277 2343; x_wconf 77' lang='lat' dir='ltr'><strong>excitato</strong></span> <span class='ocrx_word' id='word_1_589' title='bbox 295 2324 372 2343; x_wconf 85' lang='lat' dir='ltr'><strong>muro</strong></span> <span class='ocrx_word' id='word_1_590' title='bbox 388 2316 506 2351; x_wconf 86' lang='lat' dir='ltr'><strong>obsepit,</strong></span> <span class='ocrx_word' id='word_1_591' title='bbox 523 2324 557 2343; x_wconf 85' lang='lat' dir='ltr'><strong>ne</strong></span> <span class='ocrx_word' id='word_1_592' title='bbox 571 2316 679 2349; x_wconf 81' lang='lat' dir='ltr'><strong>eadem,</strong></span> <span class='ocrx_word' id='word_1_593' title='bbox 692 2316 775 2344; x_wconf 84' lang='lat' dir='ltr'><strong>veluti</strong></span> <span class='ocrx_word' id='word_1_594' title='bbox 792 2317 897 2343; x_wconf 81' lang='lat' dir='ltr'><strong>hortum</strong></span> <span class='ocrx_word' id='word_1_595' title='bbox 912 2319 954 2344; x_wconf 84' lang='lat' dir='ltr'><strong>de-</strong></span> 
     </span>
    </p>
   </div>
   <div class='ocr_carea' id='block_1_82' title="bbox 1007 1714 1802 1751">
    <p class='ocr_par' dir='ltr' id='par_1_82' title="bbox 1007 1714 1802 1751">
     <span class='ocr_line' id='line_1_82' title="bbox 1007 1714 1802 1751; baseline 0 -9"><span class='ocrx_word' id='word_1_596' title='bbox 1007 1722 1079 1746; x_wconf 79' lang='grc' dir='ltr'>νιοι,</span> <span class='ocrx_word' id='word_1_597' title='bbox 1096 1714 1130 1741; x_wconf 78' lang='grc' dir='ltr'><strong>τὰ</strong></span> <span class='ocrx_word' id='word_1_598' title='bbox 1147 1715 1179 1741; x_wconf 82' lang='grc' dir='ltr'>ὲκ</span> <span class='ocrx_word' id='word_1_599' title='bbox 1205 1714 1313 1750; x_wconf 81' lang='grc' dir='ltr'>μακροῦ</span> <span class='ocrx_word' id='word_1_600' title='bbox 1329 1714 1426 1750; x_wconf 85' lang='grc' dir='ltr'>χρόνου</span> <span class='ocrx_word' id='word_1_601' title='bbox 1439 1714 1473 1741; x_wconf 77' lang='grc' dir='ltr'>δι’</span> <span class='ocrx_word' id='word_1_602' title='bbox 1496 1715 1634 1751; x_wconf 84' lang='grc' dir='ltr'>ἁμαρτίαν</span> <span class='ocrx_word' id='word_1_603' title='bbox 1649 1715 1741 1751; x_wconf 81' lang='grc' dir='ltr'>ἔρημα</span> <span class='ocrx_word' id='word_1_604' title='bbox 1755 1724 1802 1750; x_wconf 82' lang='grc' dir='ltr'><strong>γε·</strong></span> 
     </span>
    </p>
   </div>
   <div class='ocr_carea' id='block_1_83' title="bbox 1006 1758 1802 1797">
    <p class='ocr_par' dir='ltr' id='par_1_83' title="bbox 1006 1758 1802 1797">
     <span class='ocr_line' id='line_1_83' title="bbox 1006 1758 1802 1797; baseline 0.001 -10"><span class='ocrx_word' id='word_1_605' title='bbox 1006 1762 1113 1795; x_wconf 81' lang='grc' dir='ltr'>γονότα.</span> <span class='ocrx_word' id='word_1_606' title='bbox 1126 1761 1253 1796; x_wconf 78' lang='grc' dir='ltr'>Θεμέλια</span> <span class='ocrx_word' id='word_1_607' title='bbox 1265 1760 1293 1788; x_wconf 78' lang='grc' dir='ltr'>δὲ</span> <span class='ocrx_word' id='word_1_608' title='bbox 1303 1761 1386 1788; x_wconf 79' lang='grc' dir='ltr'>αὐτοῦ</span> <span class='ocrx_word' id='word_1_609' title='bbox 1400 1761 1471 1788; x_wconf 83' lang='grc' dir='ltr'>κατά</span> <span class='ocrx_word' id='word_1_610' title='bbox 1482 1758 1531 1796; x_wconf 80' lang='grc' dir='ltr'>τὴν</span> <span class='ocrx_word' id='word_1_611' title='bbox 1540 1758 1723 1797; x_wconf 79' lang='grc' dir='ltr'>ἀπὸστολικὴν</span> <span class='ocrx_word' id='word_1_612' title='bbox 1739 1762 1802 1796; x_wconf 78' lang='grc' dir='ltr'>νοή-</span> 
     </span>
    </p>
   </div>
   <div class='ocr_carea' id='block_1_84' title="bbox 1008 1804 1800 1844">
    <p class='ocr_par' dir='ltr' id='par_1_84' title="bbox 1008 1804 1800 1844">
     <span class='ocr_line' id='line_1_84' title="bbox 1008 1804 1800 1844; baseline 0 -10"><span class='ocrx_word' id='word_1_613' title='bbox 1008 1816 1065 1839; x_wconf 84' lang='grc' dir='ltr'>σεις</span> <span class='ocrx_word' id='word_1_614' title='bbox 1081 1807 1192 1843; x_wconf 84' lang='grc' dir='ltr'>γραφὴν</span> <span class='ocrx_word' id='word_1_615' title='bbox 1207 1807 1351 1842; x_wconf 76' lang='grc' dir='ltr'>λέγουσαν.</span> <span class='ocrx_word' id='word_1_616' title='bbox 1371 1816 1380 1833; x_wconf 85' lang='grc' dir='ltr'><strong>ι</strong></span> <span class='ocrx_word' id='word_1_617' title='bbox 1392 1804 1669 1844; x_wconf 81' lang='grc' dir='ltr'>Ἐποικοδομηθέντες</span> <span class='ocrx_word' id='word_1_618' title='bbox 1693 1809 1740 1835; x_wconf 81' lang='grc' dir='ltr'>ὲπί</span> <span class='ocrx_word' id='word_1_619' title='bbox 1762 1808 1800 1844; x_wconf 82' lang='grc' dir='ltr'>τῷ</span> 
     </span>
    </p>
   </div>
   <div class='ocr_carea' id='block_1_85' title="bbox 1007 1853 1800 1890">
    <p class='ocr_par' dir='ltr' id='par_1_85' title="bbox 1007 1853 1800 1890">
     <span class='ocr_line' id='line_1_85' title="bbox 1007 1853 1800 1890; baseline 0.001 -10"><span class='ocrx_word' id='word_1_620' title='bbox 1007 1853 1125 1889; x_wconf 80' lang='grc' dir='ltr'>θεμελίῳ</span> <span class='ocrx_word' id='word_1_621' title='bbox 1144 1853 1198 1881; x_wconf 80' lang='grc' dir='ltr'>τῶν</span> <span class='ocrx_word' id='word_1_622' title='bbox 1217 1853 1374 1880; x_wconf 63' lang='grc' dir='ltr'>ἀποστόλων</span> <span class='ocrx_word' id='word_1_623' title='bbox 1392 1854 1440 1880; x_wconf 78' lang='grc' dir='ltr'>καὶ</span> <span class='ocrx_word' id='word_1_624' title='bbox 1455 1854 1633 1890; x_wconf 77' lang='grc' dir='ltr'>προφητῶν.»</span> <span class='ocrx_word' id='word_1_625' title='bbox 1652 1854 1800 1890; x_wconf 72' lang='grc' dir='ltr'>κληθήσῃ</span> 
     </span>
    </p>
   </div>
   <div class='ocr_carea' id='block_1_86' title="bbox 1006 1900 1800 1937">
    <p class='ocr_par' dir='ltr' id='par_1_86' title="bbox 1006 1900 1800 1937">
     <span class='ocr_line' id='line_1_86' title="bbox 1006 1900 1800 1937; baseline 0.001 -10"><span class='ocrx_word' id='word_1_626' title='bbox 1006 1900 1034 1927; x_wconf 83' lang='grc' dir='ltr'>δὲ</span> <span class='ocrx_word' id='word_1_627' title='bbox 1049 1900 1098 1927; x_wconf 78' lang='grc' dir='ltr'>καὶ</span> <span class='ocrx_word' id='word_1_628' title='bbox 1121 1900 1278 1935; x_wconf 75' lang='grc' dir='ltr'><strong>οἰκοδόμος</strong></span> <span class='ocrx_word' id='word_1_629' title='bbox 1301 1901 1453 1936; x_wconf 71' lang='grc' dir='ltr'>φρίιγμῶν.</span> <span class='ocrx_word' id='word_1_630' title='bbox 1476 1901 1554 1928; x_wconf 77' lang='grc' dir='ltr'>Κατὰ</span> <span class='ocrx_word' id='word_1_631' title='bbox 1574 1902 1603 1928; x_wconf 85' lang='grc' dir='ltr'>δὲ</span> <span class='ocrx_word' id='word_1_632' title='bbox 1623 1901 1668 1928; x_wconf 75' lang='grc' dir='ltr'>τὸν</span> <span class='ocrx_word' id='word_1_633' title='bbox 1686 1901 1800 1937; x_wconf 80' lang='grc' dir='ltr'>Σύμμα-</span> 
     </span>
    </p>
   </div>
   <div class='ocr_carea' id='block_1_87' title="bbox 1006 1947 1797 1984">
    <p class='ocr_par' dir='ltr' id='par_1_87' title="bbox 1006 1947 1797 1984">
     <span class='ocr_line' id='line_1_87' title="bbox 1006 1947 1797 1984; baseline 0.003 -10"><span class='ocrx_word' id='word_1_634' title='bbox 1006 1956 1063 1984; x_wconf 81' lang='grc' dir='ltr'>χον,</span> <span class='ocrx_word' id='word_1_635' title='bbox 1084 1948 1226 1982; x_wconf 80' lang='grc' dir='ltr'>κληθήσῃ</span> <span class='ocrx_word' id='word_1_636' title='bbox 1250 1947 1382 1982; x_wconf 76' lang='grc' dir='ltr'>τειχίζων</span> <span class='ocrx_word' id='word_1_637' title='bbox 1407 1948 1567 1982; x_wconf 78' lang='grc' dir='ltr'>διακοπήν.</span> <span class='ocrx_word' id='word_1_638' title='bbox 1590 1949 1647 1975; x_wconf 75' lang='grc' dir='ltr'><strong>Καὶ</strong></span> <span class='ocrx_word' id='word_1_639' title='bbox 1671 1949 1756 1976; x_wconf 82' lang='grc' dir='ltr'>ταῦτα</span> <span class='ocrx_word' id='word_1_640' title='bbox 1771 1950 1797 1978; x_wconf 66' lang='grc' dir='ltr'>δὲ</span> 
     </span>
    </p>
   </div>
   <div class='ocr_carea' id='block_1_88' title="bbox 1007 1994 1800 2031">
    <p class='ocr_par' dir='ltr' id='par_1_88' title="bbox 1007 1994 1800 2031">
     <span class='ocr_line' id='line_1_88' title="bbox 1007 1994 1800 2031; baseline 0.001 -10"><span class='ocrx_word' id='word_1_641' title='bbox 1007 1994 1113 2027; x_wconf 83' lang='grc' dir='ltr'>Παῦλος</span> <span class='ocrx_word' id='word_1_642' title='bbox 1129 1996 1142 2022; x_wconf 79' lang='grc' dir='ltr'><strong>ὁ</strong></span> <span class='ocrx_word' id='word_1_643' title='bbox 1157 1995 1228 2027; x_wconf 80' lang='grc' dir='ltr'>θεῖος</span> <span class='ocrx_word' id='word_1_644' title='bbox 1242 1995 1371 2029; x_wconf 71' lang='grc' dir='ltr'>διασαφεῖ</span> <span class='ocrx_word' id='word_1_645' title='bbox 1386 1995 1487 2030; x_wconf 80' lang='grc' dir='ltr'>λέγων’</span> <span class='ocrx_word' id='word_1_646' title='bbox 1512 2005 1521 2021; x_wconf 80' lang='grc' dir='ltr'><strong>ι</strong></span> <span class='ocrx_word' id='word_1_647' title='bbox 1545 1996 1589 2027; x_wconf 82' lang='grc' dir='ltr'><strong>Ὠς</strong></span> <span class='ocrx_word' id='word_1_648' title='bbox 1609 1995 1698 2030; x_wconf 67' lang='grc' dir='ltr'>σοφῶς</span> <span class='ocrx_word' id='word_1_649' title='bbox 1718 1997 1800 2031; x_wconf 67' lang='grc' dir='ltr'>ἀρχιο</span> 
     </span>
    </p>
   </div>
   <div class='ocr_carea' id='block_1_89' title="bbox 1006 2039 1804 2076">
    <p class='ocr_par' dir='ltr' id='par_1_89' title="bbox 1006 2039 1804 2076">
     <span class='ocr_line' id='line_1_89' title="bbox 1006 2039 1804 2076; baseline 0.003 -10"><span class='ocrx_word' id='word_1_650' title='bbox 1006 2041 1111 2067; x_wconf 76' lang='grc' dir='ltr'>τέκτων</span> <span class='ocrx_word' id='word_1_651' title='bbox 1131 2040 1257 2074; x_wconf 81' lang='grc' dir='ltr'>θεμέλιον</span> <span class='ocrx_word' id='word_1_652' title='bbox 1280 2039 1377 2074; x_wconf 82' lang='grc' dir='ltr'>ἔθηκα.</span> <span class='ocrx_word' id='word_1_653' title='bbox 1400 2050 1409 2066; x_wconf 72' lang='grc' dir='ltr'><strong>ι</strong></span> <span class='ocrx_word' id='word_1_654' title='bbox 1429 2041 1585 2076; x_wconf 78' lang='grc' dir='ltr'><strong>Φραγμυὺς</strong></span> <span class='ocrx_word' id='word_1_655' title='bbox 1600 2041 1629 2068; x_wconf 84' lang='grc' dir='ltr'>δὲ</span> <span class='ocrx_word' id='word_1_656' title='bbox 1652 2041 1804 2076; x_wconf 71' lang='grc' dir='ltr'>οἰκοδομεῖ</span> 
     </span>
    </p>
   </div>
   <div class='ocr_carea' id='block_1_90' title="bbox 1007 2086 1800 2122">
    <p class='ocr_par' dir='ltr' id='par_1_90' title="bbox 1007 2086 1800 2122">
     <span class='ocr_line' id='line_1_90' title="bbox 1007 2086 1800 2122; baseline 0 -8"><span class='ocrx_word' id='word_1_657' title='bbox 1007 2088 1021 2114; x_wconf 84' lang='grc' dir='ltr'>ὁ</span> <span class='ocrx_word' id='word_1_658' title='bbox 1035 2086 1069 2113; x_wconf 82' lang='grc' dir='ltr'><strong>τὰ</strong></span> <span class='ocrx_word' id='word_1_659' title='bbox 1095 2086 1315 2121; x_wconf 79' lang='grc' dir='ltr'>ὲκκλησιαστικὰ</span> <span class='ocrx_word' id='word_1_660' title='bbox 1340 2087 1466 2122; x_wconf 82' lang='grc' dir='ltr'>δόγματα</span> <span class='ocrx_word' id='word_1_661' title='bbox 1483 2087 1687 2122; x_wconf 77' lang='grc' dir='ltr'>περιτειχίζων</span> <span class='ocrx_word' id='word_1_662' title='bbox 1710 2088 1800 2114; x_wconf 81' lang='grc' dir='ltr'>διαλε-</span> 
     </span>
    </p>
   </div>
   <div class='ocr_carea' id='block_1_91' title="bbox 1007 2132 1800 2169">
    <p class='ocr_par' dir='ltr' id='par_1_91' title="bbox 1007 2132 1800 2169">
     <span class='ocr_line' id='line_1_91' title="bbox 1007 2132 1800 2169; baseline 0.003 -10"><span class='ocrx_word' id='word_1_663' title='bbox 1007 2133 1115 2164; x_wconf 82' lang='grc' dir='ltr'>κτικαῖς</span> <span class='ocrx_word' id='word_1_664' title='bbox 1129 2132 1310 2165; x_wconf 80' lang='grc' dir='ltr'>ἀποδείξεσιν,</span> <span class='ocrx_word' id='word_1_665' title='bbox 1323 2133 1368 2159; x_wconf 78' lang='grc' dir='ltr'>ἵνα</span> <span class='ocrx_word' id='word_1_666' title='bbox 1387 2133 1558 2169; x_wconf 75' lang='grc' dir='ltr'>μὴκιιθάπερ</span> <span class='ocrx_word' id='word_1_667' title='bbox 1574 2135 1687 2169; x_wconf 78' lang='grc' dir='ltr'>ἔρημον</span> <span class='ocrx_word' id='word_1_668' title='bbox 1700 2134 1800 2168; x_wconf 71' lang='grc' dir='ltr'>κῆποι·</span> 
     </span>
    </p>
   </div>
   <div class='ocr_carea' id='block_1_92' title="bbox 1007 2177 1800 2216">
    <p class='ocr_par' dir='ltr' id='par_1_92' title="bbox 1007 2177 1800 2216">
     <span class='ocr_line' id='line_1_92' title="bbox 1007 2177 1800 2216; baseline 0.003 -12"><span class='ocrx_word' id='word_1_669' title='bbox 1007 2179 1031 2205; x_wconf 88' lang='grc' dir='ltr'>οἱ</span> <span class='ocrx_word' id='word_1_670' title='bbox 1058 2177 1182 2210; x_wconf 78' lang='grc' dir='ltr'>θέλοντες</span> <span class='ocrx_word' id='word_1_671' title='bbox 1207 2178 1362 2206; x_wconf 80' lang='grc' dir='ltr'>διοδεύοιεν.</span> <span class='ocrx_word' id='word_1_672' title='bbox 1378 2178 1463 2206; x_wconf 82' lang='grc' dir='ltr'>Τοῦτο</span> <span class='ocrx_word' id='word_1_673' title='bbox 1484 2180 1537 2216; x_wconf 74' lang='grc' dir='ltr'>γὰρ</span> <span class='ocrx_word' id='word_1_674' title='bbox 1560 2180 1609 2207; x_wconf 77' lang='grc' dir='ltr'>καὶ</span> <span class='ocrx_word' id='word_1_675' title='bbox 1637 2179 1800 2216; x_wconf 66' lang='grc' dir='ltr'>ῥᾳθυμοῦσα</span> 
     </span>
    </p>
   </div>
   <div class='ocr_carea' id='block_1_93' title="bbox 1007 2224 1800 2261">
    <p class='ocr_par' dir='ltr' id='par_1_93' title="bbox 1007 2224 1800 2261">
     <span class='ocr_line' id='line_1_93' title="bbox 1007 2224 1800 2261; baseline 0.003 -11"><span class='ocrx_word' id='word_1_676' title='bbox 1007 2225 1107 2260; x_wconf 82' lang='grc' dir='ltr'>πάσχει</span> <span class='ocrx_word' id='word_1_677' title='bbox 1122 2224 1196 2260; x_wconf 77' lang='grc' dir='ltr'><strong>ψυχὴ</strong></span> <span class='ocrx_word' id='word_1_678' title='bbox 1213 2226 1315 2256; x_wconf 68' lang='grc' dir='ltr'>παντὸς</span> <span class='ocrx_word' id='word_1_679' title='bbox 1334 2225 1457 2252; x_wconf 74' lang='grc' dir='ltr'>ἐναντίου</span> <span class='ocrx_word' id='word_1_680' title='bbox 1472 2225 1637 2257; x_wconf 81' lang='grc' dir='ltr'>διοδεύοντος</span> <span class='ocrx_word' id='word_1_681' title='bbox 1658 2227 1743 2261; x_wconf 63' lang='grc' dir='ltr'>αὐτὴν</span> <span class='ocrx_word' id='word_1_682' title='bbox 1755 2226 1800 2252; x_wconf 83' lang='grc' dir='ltr'>λο-</span> 
     </span>
    </p>
   </div>
   <div class='ocr_carea' id='block_1_94' title="bbox 1007 2270 1799 2308">
    <p class='ocr_par' dir='ltr' id='par_1_94' title="bbox 1007 2270 1799 2308">
     <span class='ocr_line' id='line_1_94' title="bbox 1007 2270 1799 2308; baseline 0.001 -11"><span class='ocrx_word' id='word_1_683' title='bbox 1007 2271 1108 2306; x_wconf 83' lang='grc' dir='ltr'>γισμοῦ</span> <span class='ocrx_word' id='word_1_684' title='bbox 1129 2279 1159 2297; x_wconf 87' lang='grc' dir='ltr'><strong>τε</strong></span> <span class='ocrx_word' id='word_1_685' title='bbox 1177 2271 1224 2297; x_wconf 73' lang='grc' dir='ltr'><strong>καὶ</strong></span> <span class='ocrx_word' id='word_1_686' title='bbox 1247 2271 1386 2306; x_wconf 85' lang='grc' dir='ltr'>δαίμονος,</span> <span class='ocrx_word' id='word_1_687' title='bbox 1401 2270 1454 2303; x_wconf 68' lang='grc' dir='ltr'><strong>ἕως</strong></span> <span class='ocrx_word' id='word_1_688' title='bbox 1475 2272 1574 2308; x_wconf 77' lang='grc' dir='ltr'>ἑαυτὴν</span> <span class='ocrx_word' id='word_1_689' title='bbox 1596 2272 1635 2307; x_wconf 85' lang='grc' dir='ltr'>τῷ</span> <span class='ocrx_word' id='word_1_690' title='bbox 1659 2272 1734 2307; x_wconf 73' lang='grc' dir='ltr'>φόϐῳ</span> <span class='ocrx_word' id='word_1_691' title='bbox 1751 2272 1799 2298; x_wconf 73' lang='grc' dir='ltr'>τοῦ</span> 
     </span>
    </p>
   </div>
   <div class='ocr_carea' id='block_1_95' title="bbox 1007 2317 1800 2353">
    <p class='ocr_par' dir='ltr' id='par_1_95' title="bbox 1007 2317 1800 2353">
     <span class='ocr_line' id='line_1_95' title="bbox 1007 2317 1800 2353; baseline 0.003 -10"><span class='ocrx_word' id='word_1_692' title='bbox 1007 2317 1074 2343; x_wconf 79' lang='grc' dir='ltr'>Θεοῦ</span> <span class='ocrx_word' id='word_1_693' title='bbox 1087 2317 1294 2352; x_wconf 78' lang='grc' dir='ltr'>περιφράξειεν.</span> <span class='ocrx_word' id='word_1_694' title='bbox 1314 2317 1343 2344; x_wconf 82' lang='grc'><strong>’0</strong></span> <span class='ocrx_word' id='word_1_695' title='bbox 1353 2317 1380 2344; x_wconf 78' lang='grc' dir='ltr'>δὲ</span> <span class='ocrx_word' id='word_1_696' title='bbox 1391 2318 1425 2344; x_wconf 79' lang='grc' dir='ltr'><strong>τὰ</strong></span> <span class='ocrx_word' id='word_1_697' title='bbox 1439 2318 1570 2345; x_wconf 82' lang='grc' dir='ltr'>δοκοῦντα</span> <span class='ocrx_word' id='word_1_698' title='bbox 1582 2319 1800 2353; x_wconf 76' lang='grc' dir='ltr'>προσκόμματα</span> 
     </span>
    </p>
   </div>
   <div class='ocr_carea' id='block_1_96' title="bbox 159 2349 954 2401">
    <p class='ocr_par' dir='ltr' id='par_1_96' title="bbox 159 2362 952 2399">
     <span class='ocr_line' id='line_1_96' title="bbox 159 2362 952 2399; baseline 0.003 -11"><span class='ocrx_word' id='word_1_699' title='bbox 159 2366 271 2394; x_wconf 75' lang='lat' dir='ltr'><strong>sertum,</strong></span> <span class='ocrx_word' id='word_1_700' title='bbox 289 2363 448 2397; x_wconf 88' lang='lat' dir='ltr'><strong>quicunque</strong></span> <span class='ocrx_word' id='word_1_701' title='bbox 469 2362 616 2395; x_wconf 83' lang='lat' dir='ltr'><strong>voluerint,</strong></span> <span class='ocrx_word' id='word_1_702' title='bbox 634 2369 826 2399; x_wconf 82' lang='lat' dir='ltr'><strong>pervagentur.</strong></span> <span class='ocrx_word' id='word_1_703' title='bbox 843 2363 908 2390; x_wconf 86' lang='lat' dir='ltr'><strong>Nam</strong></span> <span class='ocrx_word' id='word_1_704' title='bbox 925 2368 952 2391; x_wconf 91' lang='lat' dir='ltr'><strong>et</strong></span> 
     </span>
    </p>
   </div>
   <div class='ocr_carea' id='block_1_97' title="bbox 1006 2349 1800 2401">
    <p class='ocr_par' dir='ltr' id='par_1_97' title="bbox 1006 2363 1800 2401">
     <span class='ocr_line' id='line_1_97' title="bbox 1006 2363 1800 2401; baseline 0.003 -11"><span class='ocrx_word' id='word_1_705' title='bbox 1006 2365 1037 2391; x_wconf 83' lang='grc' dir='ltr'>ἐκ</span> <span class='ocrx_word' id='word_1_706' title='bbox 1057 2364 1112 2390; x_wconf 80' lang='grc' dir='ltr'>τῶν</span> <span class='ocrx_word' id='word_1_707' title='bbox 1128 2363 1208 2390; x_wconf 80' lang='grc' dir='ltr'>θείων</span> <span class='ocrx_word' id='word_1_708' title='bbox 1228 2364 1452 2398; x_wconf 75' lang='grc' dir='ltr'>ἀναγνωσμάτων</span> <span class='ocrx_word' id='word_1_709' title='bbox 1472 2365 1624 2401; x_wconf 78' lang='grc' dir='ltr'>περιαιρῶν</span> <span class='ocrx_word' id='word_1_710' title='bbox 1647 2366 1692 2392; x_wconf 75' lang='grc' dir='ltr'><strong>διὰ</strong></span> <span class='ocrx_word' id='word_1_711' title='bbox 1713 2374 1800 2400; x_wconf 45' lang='lat' dir='ltr'><strong>caeni</strong></span> 
     </span>
    </p>
   </div>
   <div class='ocr_carea' id='block_1_98' title="bbox 159 2407 951 2445">
    <p class='ocr_par' dir='ltr' id='par_1_98' title="bbox 159 2407 951 2445">
     <span class='ocr_line' id='line_1_98' title="bbox 159 2407 951 2445; baseline 0.004 -11"><span class='ocrx_word' id='word_1_712' title='bbox 159 2407 233 2435; x_wconf 86' lang='lat' dir='ltr'><strong>istud</strong></span> <span class='ocrx_word' id='word_1_713' title='bbox 249 2407 339 2443; x_wconf 88' lang='lat' dir='ltr'><strong>ipsum</strong></span> <span class='ocrx_word' id='word_1_714' title='bbox 364 2415 426 2443; x_wconf 71' lang='lat' dir='ltr'><strong>qua:</strong></span> <span class='ocrx_word' id='word_1_715' title='bbox 447 2412 579 2444; x_wconf 90' lang='lat' dir='ltr'><strong>perpetuo</strong></span> <span class='ocrx_word' id='word_1_716' title='bbox 595 2408 675 2436; x_wconf 83' lang='lat' dir='ltr'><strong>deses</strong></span> <span class='ocrx_word' id='word_1_717' title='bbox 695 2414 737 2436; x_wconf 86' lang='lat' dir='ltr'><strong>est</strong></span> <span class='ocrx_word' id='word_1_718' title='bbox 756 2410 859 2441; x_wconf 85' lang='lat' dir='ltr'><strong>anima,</strong></span> <span class='ocrx_word' id='word_1_719' title='bbox 879 2411 951 2445; x_wconf 83' lang='lat' dir='ltr'><strong>pati-</strong></span> 
     </span>
    </p>
   </div>
   <div class='ocr_carea' id='block_1_99' title="bbox 159 2453 951 2491">
    <p class='ocr_par' dir='ltr' id='par_1_99' title="bbox 159 2453 951 2491">
     <span class='ocr_line' id='line_1_99' title="bbox 159 2453 951 2491; baseline 0.005 -11"><span class='ocrx_word' id='word_1_720' title='bbox 159 2457 216 2485; x_wconf 88' lang='lat' dir='ltr'><strong>tur,</strong></span> <span class='ocrx_word' id='word_1_721' title='bbox 243 2461 304 2481; x_wconf 85' lang='lat' dir='ltr'><strong>etnn</strong></span> <span class='ocrx_word' id='word_1_722' title='bbox 331 2453 427 2482; x_wconf 85' lang='lat' dir='ltr'><strong>eadem</strong></span> <span class='ocrx_word' id='word_1_723' title='bbox 455 2454 528 2482; x_wconf 83' lang='lat' dir='ltr'><strong>hosti</strong></span> <span class='ocrx_word' id='word_1_724' title='bbox 555 2455 677 2487; x_wconf 88' lang='lat' dir='ltr'><strong>cuilibet,</strong></span> <span class='ocrx_word' id='word_1_725' title='bbox 704 2455 762 2483; x_wconf 84' lang='lat' dir='ltr'><strong>sive</strong></span> <span class='ocrx_word' id='word_1_726' title='bbox 787 2455 951 2491; x_wconf 70' lang='lat' dir='ltr'><strong>daemonem,</strong></span> 
     </span>
    </p>
   </div>
   <div class='ocr_carea' id='block_1_100' title="bbox 1005 2405 1799 2446">
    <p class='ocr_par' dir='ltr' id='par_1_100' title="bbox 1005 2405 1799 2446">
     <span class='ocr_line' id='line_1_100' title="bbox 1005 2405 1799 2446; baseline 0.003 -10"><span class='ocrx_word' id='word_1_727' title='bbox 1005 2410 1090 2441; x_wconf 80' lang='grc' dir='ltr'>νείας,</span> <span class='ocrx_word' id='word_1_728' title='bbox 1116 2405 1195 2442; x_wconf 69' lang='grc' dir='ltr'>οὗτος</span> <span class='ocrx_word' id='word_1_729' title='bbox 1211 2409 1303 2442; x_wconf 76' lang='grc' dir='ltr'><strong>ὁτοὶις</strong></span> <span class='ocrx_word' id='word_1_730' title='bbox 1326 2410 1379 2437; x_wconf 80' lang='grc' dir='ltr'>ἀνὰ</span> <span class='ocrx_word' id='word_1_731' title='bbox 1400 2411 1483 2446; x_wconf 83' lang='grc' dir='ltr'>μέσον</span> <span class='ocrx_word' id='word_1_732' title='bbox 1506 2411 1685 2446; x_wconf 67' lang='grc' dir='ltr'>τῶντρίϐων</span> <span class='ocrx_word' id='word_1_733' title='bbox 1707 2411 1799 2445; x_wconf 75' lang='grc' dir='ltr'>λίθους</span> 
     </span>
    </p>
   </div>
   <div class='ocr_carea' id='block_1_101' title="bbox 1007 2455 1260 2491">
    <p class='ocr_par' dir='ltr' id='par_1_101' title="bbox 1007 2455 1260 2491">
     <span class='ocr_line' id='line_1_101' title="bbox 1007 2455 1260 2491; baseline -0.008 -8"><span class='ocrx_word' id='word_1_734' title='bbox 1007 2465 1039 2483; x_wconf 82' lang='grc' dir='ltr'><strong>πε</strong></span> <span class='ocrx_word' id='word_1_735' title='bbox 1046 2455 1168 2491; x_wconf 83' lang='grc' dir='ltr'>ριαιρῶν.</span> <span class='ocrx_word' id='word_1_736' title='bbox 1257 2455 1260 2458; x_wconf 86' lang='grc'><em>’</em></span> 
     </span>
    </p>
   </div>
   <div class='ocr_carea' id='block_1_102' title="bbox 160 2500 1799 2538">
    <p class='ocr_par' dir='ltr' id='par_1_102' title="bbox 160 2500 1799 2538">
     <span class='ocr_line' id='line_1_102' title="bbox 160 2500 1799 2538; baseline 0.002 -11"><span class='ocrx_word' id='word_1_737' title='bbox 160 2501 219 2528; x_wconf 84' lang='lat' dir='ltr'><strong>sive</strong></span> <span class='ocrx_word' id='word_1_738' title='bbox 236 2500 332 2528; x_wconf 81' lang='lat' dir='ltr'><strong>animae</strong></span> <span class='ocrx_word' id='word_1_739' title='bbox 347 2500 526 2536; x_wconf 88' lang='lat' dir='ltr'><strong>cupiditatem</strong></span> <span class='ocrx_word' id='word_1_740' title='bbox 540 2501 667 2536; x_wconf 83' lang='lat' dir='ltr'><strong>appelles,</strong></span> <span class='ocrx_word' id='word_1_741' title='bbox 683 2501 776 2530; x_wconf 88' lang='lat' dir='ltr'><strong>tandiu</strong></span> <span class='ocrx_word' id='word_1_742' title='bbox 791 2503 882 2538; x_wconf 86' lang='lat' dir='ltr'><strong>pervia</strong></span> <span class='ocrx_word' id='word_1_743' title='bbox 894 2508 947 2537; x_wconf 85' lang='lat' dir='ltr'><strong>est,</strong></span> <span class='ocrx_word' id='word_1_744' title='bbox 968 2504 1055 2532; x_wconf 87' lang='lat' dir='ltr'><strong>donec</strong></span> <span class='ocrx_word' id='word_1_745' title='bbox 1076 2507 1149 2530; x_wconf 90' lang='lat' dir='ltr'><strong>metu</strong></span> <span class='ocrx_word' id='word_1_746' title='bbox 1177 2501 1238 2535; x_wconf 84' lang='lat' dir='ltr'><strong>Dei,</strong></span> <span class='ocrx_word' id='word_1_747' title='bbox 1288 2506 1418 2537; x_wconf 85' lang='lat' dir='ltr'><strong>tanquam</strong></span> <span class='ocrx_word' id='word_1_748' title='bbox 1447 2503 1530 2536; x_wconf 83' lang='lat' dir='ltr'><strong>vallo,</strong></span> <span class='ocrx_word' id='word_1_749' title='bbox 1558 2504 1710 2531; x_wconf 88' lang='lat' dir='ltr'><strong>muniatur.</strong></span> <span class='ocrx_word' id='word_1_750' title='bbox 1745 2503 1799 2537; x_wconf 86' lang='lat' dir='ltr'><strong>Qui</strong></span> 
     </span>
    </p>
   </div>
   <div class='ocr_carea' id='block_1_103' title="bbox 159 2547 1799 2587">
    <p class='ocr_par' dir='ltr' id='par_1_103' title="bbox 159 2547 1799 2587">
     <span class='ocr_line' id='line_1_103' title="bbox 159 2547 1799 2587; baseline 0.002 -13"><span class='ocrx_word' id='word_1_751' title='bbox 159 2553 250 2574; x_wconf 84' lang='lat' dir='ltr'><strong>autem</strong></span> <span class='ocrx_word' id='word_1_752' title='bbox 264 2555 325 2580; x_wconf 71' lang='lat' dir='ltr'><strong>qua:</strong></span> <span class='ocrx_word' id='word_1_753' title='bbox 337 2547 463 2575; x_wconf 86' lang='lat' dir='ltr'><strong>videntur</strong></span> <span class='ocrx_word' id='word_1_754' title='bbox 487 2548 650 2582; x_wconf 78' lang='lat' dir='ltr'><strong>o/fendicula</strong></span> <span class='ocrx_word' id='word_1_755' title='bbox 665 2549 840 2584; x_wconf 74' lang='lat' dir='ltr'><strong>explicando,</strong></span> <span class='ocrx_word' id='word_1_756' title='bbox 856 2555 883 2577; x_wconf 89' lang='lat' dir='ltr'><strong>et</strong></span> <span class='ocrx_word' id='word_1_757' title='bbox 902 2550 1077 2584; x_wconf 84' lang='lat' dir='ltr'><strong>declarando,</strong></span> <span class='ocrx_word' id='word_1_758' title='bbox 1093 2549 1128 2578; x_wconf 82' lang='lat' dir='ltr'><strong>de</strong></span> <span class='ocrx_word' id='word_1_759' title='bbox 1140 2550 1229 2577; x_wconf 83' lang='lat' dir='ltr'><strong>sacris</strong></span> <span class='ocrx_word' id='word_1_760' title='bbox 1242 2549 1410 2578; x_wconf 83' lang='lat' dir='ltr'><strong>lectionibus</strong></span> <span class='ocrx_word' id='word_1_761' title='bbox 1444 2550 1544 2583; x_wconf 80' lang='lat' dir='ltr'><strong>aufert,</strong></span> <span class='ocrx_word' id='word_1_762' title='bbox 1582 2551 1628 2578; x_wconf 83' lang='lat' dir='ltr'><strong>ille</strong></span> <span class='ocrx_word' id='word_1_763' title='bbox 1659 2552 1717 2587; x_wconf 86' lang='lat' dir='ltr'><strong>ipse</strong></span> <span class='ocrx_word' id='word_1_764' title='bbox 1746 2559 1799 2586; x_wconf 80' lang='lat' dir='ltr'><strong>est,</strong></span> 
     </span>
    </p>
   </div>
   <div class='ocr_carea' id='block_1_104' title="bbox 160 2593 597 2628">
    <p class='ocr_par' dir='ltr' id='par_1_104' title="bbox 160 2593 597 2628">
     <span class='ocr_line' id='line_1_104' title="bbox 160 2593 597 2628; baseline 0.002 -8"><span class='ocrx_word' id='word_1_765' title='bbox 160 2593 205 2628; x_wconf 83' lang='lat' dir='ltr'><strong>qui</strong></span> <span class='ocrx_word' id='word_1_766' title='bbox 225 2593 328 2628; x_wconf 84' lang='lat' dir='ltr'><strong>lapides</strong></span> <span class='ocrx_word' id='word_1_767' title='bbox 345 2593 377 2620; x_wconf 82' lang='lat' dir='ltr'><strong>de</strong></span> <span class='ocrx_word' id='word_1_768' title='bbox 394 2594 496 2621; x_wconf 68' lang='lat' dir='ltr'><strong>semitis</strong></span> <span class='ocrx_word' id='word_1_769' title='bbox 514 2594 597 2622; x_wconf 89' lang='lat' dir='ltr'><strong>tollit.</strong></span> 
     </span>
    </p>
   </div>
   <div class='ocr_carea' id='block_1_105' title="bbox 199 2640 955 2677">
    <p class='ocr_par' dir='ltr' id='par_1_105' title="bbox 199 2640 955 2677">
     <span class='ocr_line' id='line_1_105' title="bbox 199 2640 955 2677; baseline 0.005 -10"><span class='ocrx_word' id='word_1_770' title='bbox 199 2640 259 2668; x_wconf 84' lang='lat' dir='ltr'><strong>Vult</strong></span> <span class='ocrx_word' id='word_1_771' title='bbox 272 2649 334 2668; x_wconf 78' lang='lat' dir='ltr'><strong>rem</strong></span> <span class='ocrx_word' id='word_1_772' title='bbox 349 2650 409 2669; x_wconf 73' lang='lat' dir='ltr'><strong>eum</strong></span> <span class='ocrx_word' id='word_1_773' title='bbox 424 2643 468 2676; x_wconf 84' lang='lat' dir='ltr'><strong>iis,</strong></span> <span class='ocrx_word' id='word_1_774' title='bbox 484 2651 544 2677; x_wconf 74' lang='lat' dir='ltr'><strong>qua:</strong></span> <span class='ocrx_word' id='word_1_775' title='bbox 559 2643 631 2670; x_wconf 86' lang='lat' dir='ltr'><strong>dicta</strong></span> <span class='ocrx_word' id='word_1_776' title='bbox 646 2648 720 2675; x_wconf 76' lang='lat' dir='ltr'><strong>sunt,</strong></span> <span class='ocrx_word' id='word_1_777' title='bbox 741 2644 821 2671; x_wconf 84' lang='lat' dir='ltr'><strong>etiam</strong></span> <span class='ocrx_word' id='word_1_778' title='bbox 836 2643 955 2671; x_wconf 79' lang='lat' dir='ltr'><strong>Subbala</strong></span> 
     </span>
    </p>
   </div>
   <div class='ocr_carea' id='block_1_106' title="bbox 160 2687 952 2724">
    <p class='ocr_par' dir='ltr' id='par_1_106' title="bbox 160 2687 952 2724">
     <span class='ocr_line' id='line_1_106' title="bbox 160 2687 952 2724; baseline 0.003 -10"><span class='ocrx_word' id='word_1_779' title='bbox 160 2687 300 2714; x_wconf 77' lang='lat' dir='ltr'><strong>observari</strong></span> <span class='ocrx_word' id='word_1_780' title='bbox 318 2695 325 2714; x_wconf 90' lang='lat'><strong>:</strong></span> <span class='ocrx_word' id='word_1_781' title='bbox 341 2695 394 2714; x_wconf 89' lang='lat' dir='ltr'><strong>non</strong></span> <span class='ocrx_word' id='word_1_782' title='bbox 413 2692 442 2715; x_wconf 91' lang='lat' dir='ltr'><strong>ut</strong></span> <span class='ocrx_word' id='word_1_783' title='bbox 456 2688 581 2716; x_wconf 82' lang='lat' dir='ltr'><strong>ebrietati</strong></span> <span class='ocrx_word' id='word_1_784' title='bbox 595 2693 620 2716; x_wconf 85' lang='lat' dir='ltr'><strong>et</strong></span> <span class='ocrx_word' id='word_1_785' title='bbox 636 2689 755 2724; x_wconf 67' lang='lat' dir='ltr'><strong>crapula:</strong></span> <span class='ocrx_word' id='word_1_786' title='bbox 768 2689 952 2724; x_wconf 81' lang='lat' dir='ltr'><strong>indulgeatur;</strong></span> 
     </span>
    </p>
   </div>
   <div class='ocr_carea' id='block_1_107' title="bbox 1012 2642 1801 2680">
    <p class='ocr_par' dir='ltr' id='par_1_107' title="bbox 1012 2642 1801 2680">
     <span class='ocr_line' id='line_1_107' title="bbox 1012 2642 1801 2680; baseline 0.008 -11"><span class='ocrx_word' id='word_1_787' title='bbox 1012 2651 1014 2653; x_wconf 85' lang='lat'>&#39;</span> <span class='ocrx_word' id='word_1_788' title='bbox 1044 2642 1174 2670; x_wconf 75' lang='grc' dir='ltr'>Βούλεται</span> <span class='ocrx_word' id='word_1_789' title='bbox 1188 2642 1217 2669; x_wconf 84' lang='grc' dir='ltr'>δὲ</span> <span class='ocrx_word' id='word_1_790' title='bbox 1231 2642 1302 2678; x_wconf 79' lang='grc' dir='ltr'>μετὰ</span> <span class='ocrx_word' id='word_1_791' title='bbox 1316 2643 1372 2669; x_wconf 80' lang='grc' dir='ltr'>τῶν</span> <span class='ocrx_word' id='word_1_792' title='bbox 1386 2644 1541 2679; x_wconf 81' lang='grc' dir='ltr'>εἰρημένων</span> <span class='ocrx_word' id='word_1_793' title='bbox 1554 2645 1737 2680; x_wconf 79' lang='grc' dir='ltr'>φυλάττεσθαι</span> <span class='ocrx_word' id='word_1_794' title='bbox 1753 2649 1801 2676; x_wconf 74' lang='grc' dir='ltr'>καὶ</span> 
     </span>
    </p>
   </div>
   <div class='ocr_carea' id='block_1_108' title="bbox 1006 2689 1799 2730">
    <p class='ocr_par' dir='ltr' id='par_1_108' title="bbox 1006 2689 1799 2730">
     <span class='ocr_line' id='line_1_108' title="bbox 1006 2689 1799 2730; baseline 0.006 -14"><span class='ocrx_word' id='word_1_795' title='bbox 1006 2689 1044 2716; x_wconf 85' lang='grc' dir='ltr'>τὰ</span> <span class='ocrx_word' id='word_1_796' title='bbox 1060 2689 1203 2722; x_wconf 74' lang='grc' dir='ltr'>Σάιῗσιιτα,</span> <span class='ocrx_word' id='word_1_797' title='bbox 1222 2689 1260 2721; x_wconf 79' lang='grc' dir='ltr'>ὡς</span> <span class='ocrx_word' id='word_1_798' title='bbox 1286 2689 1323 2725; x_wconf 83' lang='grc' dir='ltr'>μὴ</span> <span class='ocrx_word' id='word_1_799' title='bbox 1341 2689 1437 2725; x_wconf 81' lang='grc' dir='ltr'>μέθαις</span> <span class='ocrx_word' id='word_1_800' title='bbox 1461 2691 1509 2718; x_wconf 79' lang='grc' dir='ltr'>καὶ</span> <span class='ocrx_word' id='word_1_801' title='bbox 1534 2693 1685 2727; x_wconf 78' lang='grc' dir='ltr'>κρεπάλαις</span> <span class='ocrx_word' id='word_1_802' title='bbox 1701 2694 1799 2730; x_wconf 81' lang='grc' dir='ltr'>σχολά-</span> 
     </span>
    </p>
   </div>
   <div class='ocr_carea' id='block_1_109' title="bbox 196 2763 954 2804">
    <p class='ocr_par' dir='ltr' id='par_1_109' title="bbox 196 2763 943 2802">
     <span class='ocr_line' id='line_1_109' title="bbox 196 2763 943 2802; baseline 0.004 -11"><span class='ocrx_word' id='word_1_803' title='bbox 196 2763 218 2780; x_wconf 88' lang='grc'><strong>³¹</strong></span> <span class='ocrx_word' id='word_1_804' title='bbox 234 2764 375 2798; x_wconf 83' lang='lat' dir='ltr'><strong>Psal.cut,</strong></span> <span class='ocrx_word' id='word_1_805' title='bbox 394 2766 438 2793; x_wconf 79' lang='lat'><strong>50.</strong></span> <span class='ocrx_word' id='word_1_806' title='bbox 478 2766 639 2802; x_wconf 75' lang='lat' dir='ltr'><strong>&quot;Psal.Ln,</strong></span> <span class='ocrx_word' id='word_1_807' title='bbox 652 2767 678 2796; x_wconf 83' lang='lat'><strong>6.</strong></span> <span class='ocrx_word' id='word_1_808' title='bbox 712 2767 898 2796; x_wconf 83' lang='lat' dir='ltr'><strong>&quot;ll&#39;l‘imoth.</strong></span> <span class='ocrx_word' id='word_1_809' title='bbox 914 2775 943 2800; x_wconf 86' lang='grc' dir='ltr'>ιι,</span> 
     </span>
    </p>
   </div>
   <div class='ocr_carea' id='block_1_110' title="bbox 1006 2763 1800 2804">
    <p class='ocr_par' dir='ltr' id='par_1_110' title="bbox 1006 2766 1800 2804">
     <span class='ocr_line' id='line_1_110' title="bbox 1006 2766 1800 2804; baseline 0.006 -10"><span class='ocrx_word' id='word_1_810' title='bbox 1006 2767 1228 2800; x_wconf 75' lang='lat' dir='ltr'><strong>“Psal.xxxt,5.</strong></span> <span class='ocrx_word' id='word_1_811' title='bbox 1269 2766 1290 2783; x_wconf 79' lang='lat'>&quot;‘</span> <span class='ocrx_word' id='word_1_812' title='bbox 1306 2767 1407 2803; x_wconf 71' lang='lat' dir='ltr'><strong>Epiros.</strong></span> <span class='ocrx_word' id='word_1_813' title='bbox 1426 2776 1454 2802; x_wconf 82' lang='grc' dir='ltr'>ιι,</span> <span class='ocrx_word' id='word_1_814' title='bbox 1471 2769 1516 2796; x_wconf 72' lang='lat'><strong>20.</strong></span> <span class='ocrx_word' id='word_1_815' title='bbox 1557 2770 1577 2786; x_wconf 75' lang='grc' dir='ltr'><strong>δδ</strong></span> <span class='ocrx_word' id='word_1_816' title='bbox 1594 2770 1679 2798; x_wconf 82' lang='lat' dir='ltr'><strong>lCor.</strong></span> <span class='ocrx_word' id='word_1_817' title='bbox 1697 2779 1738 2804; x_wconf 82' lang='grc' dir='ltr'>ιιι,</span> <span class='ocrx_word' id='word_1_818' title='bbox 1753 2771 1800 2800; x_wconf 76' lang='grc'><strong>10.</strong></span> 
     </span>
    </p>
   </div>
   <div class='ocr_carea' id='block_1_111' title="bbox 816 2826 1160 2856">
    <p class='ocr_par' dir='ltr' id='par_1_111' title="bbox 816 2826 1160 2856">
     <span class='ocr_line' id='line_1_111' title="bbox 816 2826 1160 2856; baseline 0 -2"><span class='ocrx_word' id='word_1_819' title='bbox 816 2826 933 2855; x_wconf 71' lang='lat' dir='ltr'><strong>VARIIE</strong></span> <span class='ocrx_word' id='word_1_820' title='bbox 955 2826 1160 2856; x_wconf 80' lang='lat' dir='ltr'><strong>LECTIONES.</strong></span> 
     </span>
    </p>
   </div>
   <div class='ocr_carea' id='block_1_112' title="bbox 196 2871 344 2905">
    <p class='ocr_par' dir='ltr' id='par_1_112' title="bbox 196 2871 344 2905">
     <span class='ocr_line' id='line_1_112' title="bbox 196 2871 344 2905; baseline 0.007 -8"><span class='ocrx_word' id='word_1_821' title='bbox 196 2873 207 2889; x_wconf 81' lang='grc'><strong><em>²</em></strong></span> <span class='ocrx_word' id='word_1_822' title='bbox 223 2878 269 2905; x_wconf 65' lang='grc' dir='ltr'>πρ.</span> <span class='ocrx_word' id='word_1_823' title='bbox 288 2871 344 2898; x_wconf 89' lang='grc' dir='ltr'>καί.</span> 
     </span>
    </p>
   </div>
  </div>
