1999 3076
158 147 234 195 2597

735 160 1001 191 COMMENTARII
1018 159 1059 190 ΙΝ
1076 159 1218 190 ISAIAM.

1722 160 1792 192 2598

165 217 232 251 ζειν,
257 217 386 253 ἀγάσμῷ
401 217 428 244 δὲ
451 216 499 245 καὶ
523 217 703 253 καθαρότητι,
718 217 766 242 καὶ
787 216 830 242 διὰ
851 215 953 242 τούτων

1012 215 1052 242 sed
1066 218 1096 241 ut
1112 213 1323 242 sanctiﬁcationi
1338 213 1576 250 puriﬁeationique
1596 218 1726 248 vacetur;
1745 224 1793 251 per

164 264 334 299 ἁγιάζεσθαι
346 263 404 298 τὴν
425 264 540 298 ἡμέραν
553 263 597 291 διὰ
611 263 662 297 τῆς
685 263 755 289 κατὰ
773 262 840 288 Θεδν
855 261 954 297 σχολῆς

164 310 315 345 τρυφερὰν
327 310 473 345 γινομένην
493 310 539 336 καὶ
559 309 672 337 ἄλυπον.
690 309 744 335 Καὶ
760 309 801 335 δεῖ
818 307 855 343 μὴ
873 308 954 343 μέχρι

164 356 212 383 τοῦ
226 357 334 392 κινῆσαι
349 355 437 388 πόδα,
451 355 467 391 ἦ
482 355 593 390 μολῦναι
610 355 645 381 τὰ
659 354 747 390 χείλη,
763 354 831 389 πρὸς
850 354 954 389 ἑτέροις

165 402 290 437 γίνεσθαι
306 402 452 438 πράγμασι
477 403 510 438 τῇ
525 402 585 438 Θείᾳ
608 402 704 437 Γραφῇ
726 401 953 437 προσανέχοντας.

172 449 201 475 '0
215 449 242 475 δὲ
263 448 333 480 οεῖος
353 447 513 479 ’Λπόστολος
535 448 584 475 τοῦ
605 448 688 482 νόμου
716 447 765 482 τὴν
786 447 866 474 σκιὰν
883 455 955 481 παρ·

166 493 238 520 ωθού
244 502 334 528 μενος,
344 493 497 528 περιτομὴν
508 492 696 528 πνευματικὴν
705 493 753 519 καὶ
766 491 956 527 Σαϐϐατισμὸν

167 538 325 565 ὑποτίθεται
349 538 456 571 λέγων·
482 547 491 563 ι
517 537 596 564 Ἀλλὰ
621 538 758 572 περιτομὴ
785 537 899 572 καρδίας
925 537 956 564 οὗ

165 583 321 618 γράμματι,
351 583 419 609 ἀλλὰ
447 583 595 618 πνεύματι.
619 592 628 608 ι
654 583 709 609 Καὶ
738 582 837 609 ’πάλιν⁸
856 592 865 608 ι
885 583 956 618 Ἀρα

166 629 346 657 ἀπολείπεται
361 629 554 664 Σαῦὸατισμδς
567 629 607 664 τῷ
625 628 682 664 λαῷ
697 628 743 655 τοῦ
762 629 876 663 Κυρίου.
895 638 904 654 ι
927 629 956 656 '0

167 674 222 710 γὰρ
237 673 366 700 εἰσελθὼν
380 675 420 705 είς
431 673 481 710 τὴν
496 674 669 701 κατάπαυσιν
691 674 786 707 αὑτοῦ,
804 674 852 701 καὶ
875 674 956 706 αὐτὸς

168 719 340 746 κατέπαυσεν
356 718 410 745 ἀπὸ
431 719 486 745 τῶν
503 718 591 753 ἔργων
608 718 701 750 αὐτοῦ,
719 718 814 753 ὥσπερ
833 717 887 745 ἀπὸ
902 718 956 744 τῶν

170 766 244 792 ἰδίων
256 767 270 792 ὁ
283 765 360 797 Θεός.
381 764 586 799 Σαϐϐατισμὸς
603 764 659 800 ἄρα
674 763 745 791 κατὰ
763 764 829 791 Θεὸν
844 764 874 791 τὸ
888 763 958 791 παύ-

169 811 268 838 σασθαι
284 811 338 838 τῶν
363 810 435 837 ἰδίων
451 810 541 846 ἔργων
559 810 608 837 καὶ
626 810 811 845 θελημάτων.
832 811 864 836 Ὂ
880 810 926 837 καὶ
939 810 956 846 ἡ

167 856 294 892 παροῦσα
318 857 472 892 προφητεία
500 857 578 891 φησί.
605 856 688 891 Λέγει
711 856 740 883 δὲ
764 856 810 883 καὶ
831 855 954 887 Παῦλος·

1006 260 1120 295 haecque
1131 260 1188 287 dies
1201 261 1309 288 sanctus
1323 264 1351 288 et
1370 260 1479 293 festum,
1493 268 1537 294 eo,
1552 261 1626 296 quo‘d
1642 262 1794 289 secundum

1005 305 1090 333 Deum
1106 309 1159 335 est.
1176 305 1244 338 otio,
1262 305 1385 338 delicate,
1406 306 1540 341 nullaque
1562 306 1687 334 molestia
1710 306 1795 334 inter-

1007 356 1118 387 ruptum
1142 352 1308 379 celebretur.
1334 351 1418 380 Decet
1441 352 1522 380 etiam
1545 360 1592 380 eos
1613 360 1648 380 ne
1671 353 1705 380 ad
1721 352 1794 388 pedis

1007 399 1117 434 quidem
1135 406 1222 434 usque
1239 399 1449 433 promotionem,
1468 402 1516 426 aut
1539 399 1674 426 labiorutn
1700 404 1795 427 conta-

1006 443 1185 472 minationem
1201 444 1227 471 in
1244 444 1353 472 caeteris
1367 445 1483 480 negotiis
1495 444 1635 480 occupari,
1648 444 1693 479 qui
1709 452 1796 472 sacrae

1009 491 1160 525 Scriptura:
1181 489 1356 517 incumbunt.
1377 490 1413 516 At
1436 491 1531 517 beatus
1546 490 1704 525 Apostolus,
1727 489 1797 524 legis

1009 536 1106 564 umbra
1137 536 1255 570 reiecta,
1285 536 1527 564 circumcisionem
1559 535 1729 570 spiritualem
1769 538 1797 562 et

1008 581 1213 610 Sabbatismum
1230 581 1308 616 ponit
1334 581 1378 610 his
1398 582 1487 610 "erbis
1505 589 1512 608 :
1528 591 1537 608 ι
1559 581 1661 609 Verum
1678 582 1798 609 circum-

1007 628 1077 655 cisio
1089 628 1193 660 cordis,
1215 635 1269 654 non
1295 628 1396 661 littera,
1414 628 1462 655 sed
1485 627 1584 664 spiritu
1602 628 1635 655 ³⁷.
1660 637 1668 653 ι
1686 627 1720 655 Et
1737 635 1798 654 rur-

981 691 987 694 —
1007 681 1094 702 sum:
1119 683 1128 700 ι
1154 674 1248 708 Itaque
1288 673 1452 708 relinquitur
1485 673 1669 701 sabbatismus
1696 672 1798 708 populo

1009 718 1117 746 Domini
1127 719 1160 746 ³⁸,
1184 728 1193 744 ι
1221 718 1273 752 Qui
1295 719 1368 747 enim
1391 719 1534 754 ingressus
1558 723 1601 747 est
1625 719 1652 746 in
1674 719 1798 754 requiem

1008 765 1078 800 ejus,
1090 769 1117 792 et
1135 765 1194 800 ipse
1210 765 1347 801 requievit
1364 766 1398 793 ab
1418 766 1548 800 operibus
1565 766 1641 794 suis:
1655 766 1766 794 sicutet
1783 773 1799 794 a

1008 809 1068 838 suis
1083 802 1166 839 Deus.
1192 810 1240 837 Est
1259 810 1344 844 igitur
1362 810 1509 837 Sabbatum
1536 811 1686 838 secundum
1712 810 1798 838 Deum

1009 856 1154 889 celebrare,
1169 864 1184 883 a
1199 857 1319 892 propriis
1334 857 1463 892 operibus
1480 858 1708 893 voluntatibusque
1734 858 1800 885 abs-

171 912 180 929 (
195 903 292 930 Βλέπω
306 903 334 930 δὲ
343 903 436 938 ἕτερον
450 901 532 937 νόμον
545 901 823 936 ἀντιστρατευόμενον
833 900 872 935 τῷ
882 900 957 936 νόμῳ

1012 902 1098 930 linere
1115 911 1122 930 :
1141 903 1214 937 quod
1232 903 1290 938 ipsa
1308 903 1416 935 innuit,
1437 911 1499 939 qua:
1515 904 1594 931 nobis
1609 908 1651 932 est
1671 904 1697 931 in
1716 904 1800 931 mani-

167 948 215 976 τοῦ
231 948 289 980 νοός
305 956 367 983 μου.
384 957 394 974 ι
407 948 487 974 Κατὰ
501 947 594 974 τοῦτον
608 946 654 973 οὖν
669 948 728 974 ἐστι
743 947 780 974 τὰ
794 946 957 981 θελήματα,

169 994 238 1030 πρὸς
252 994 270 1021 ἃ
284 994 441 1030 ἐπιρρεπῶς
456 993 563 1029 ἔχοντες
574 1014 581 1026 ,
609 993 787 1028 περικόπτειν
802 992 956 1027 ὀφείλομεν.

169 1040 248 1068 Οὕτω
269 1041 323 1076 γὰρ
341 1040 536 1076 ὲπιτελέσομεν
558 1039 694 1067 Σάϐϐατα
718 1039 848 1074 τρυφερὰ
873 1039 958 1075 μηδὲν

169 1087 265 1122 ἔχοντα
276 1086 331 1113 τῶν
344 1085 398 1113 ἀπὸ
412 1085 525 1122 γνώμης
547 1086 669 1121 σκληρᾶς
687 1086 733 1112 καὶ
757 1085 959 1121 ἀντιτεινούσης

170 1131 239 1167 Θεῷ,
252 1132 323 1159 κατὰ
337 1132 379 1165 τὺ,
400 1133 469 1159 «Καὶ
482 1132 655 1168 ὲσκληρύνϐη
677 1133 694 1167 ὴ
709 1132 807 1167 καρδία
823 1131 933 1168 Φαραώ.
946 1141 955 1158 ι

170 1177 263 1208 Οὕτως
274 1177 350 1212 ἔλεγε
361 1177 400 1213 τῷ
418 1177 525 1214 Ἰσραὴλ
539 1178 553 1204 ὁ
564 1177 630 1210 Θεός
639 1185 647 1193 ⁸
662 1187 671 1204 ι
684 1177 812 1204 Γινώσκω
824 1178 865 1204 ὅτι
877 1177 960 1213 σκλη-

171 1224 217 1258 ρὺς
226 1221 260 1257 εἴ,
269 1224 317 1250 καὶ
327 1223 423 1259 νεῦρον
432 1223 556 1259 σιδηροῦν
564 1225 577 1250 ὁ
585 1223 720 1260 τράχηλος
728 1232 785 1257 σου,
795 1225 842 1251 καὶ
851 1223 882 1250 τὸ
893 1223 960 1258 μέτ-

170 1269 245 1296 ωπόν
274 1278 322 1296 σου
335 1269 462 1305 χαλκοῦν.
483 1279 492 1295 ι
510 1269 639 1296 Βούλεται
650 1269 678 1296 δὲ
691 1269 737 1296 νῦν
748 1270 823 1305 ἡμᾶς
836 1269 960 1306 γλώττης

171 1317 219 1343 καὶ
235 1315 320 1351 θυμοῦ
348 1315 556 1351 περιγίνιεσθτιιι⁸
576 1325 584 1341 ι
604 1315 679 1346 Εἴτις
698 1315 752 1351 γὰρ
780 1316 809 1342 ἐν
830 1315 903 1350 λόγῳ
928 1316 959 1343 οὺ

174 1362 274 1392 πταίει,
289 1358 366 1393 οὗτος
379 1361 483 1393 τέλειος
497 1361 578 1396 ἀνὴρ,
599 1361 713 1393 δυνατὸς
736 1361 960 1396 χαλιναγωγῆσαι

172 1406 220 1434 καὶ
233 1407 292 1434 ὅλον
307 1407 338 1433 τὺ
359 1407 450 1442 σῶμα.
473 1416 483 1433 ι
504 1407 560 1434 Καὶ
583 1407 676 1434 πάλιν*
698 1415 707 1432 ι
731 1407 813 1442 Ἀνὴρ
834 1407 962 1442 Θυμώδης

172 1453 222 1479 οὐκ
236 1453 392 1487 εὐσχήμων.
412 1462 422 1479 ι
435 1453 500 1484 Καὶ,
519 1461 529 1479 ι
553 1452 636 1488 Ὀργὴ
652 1453 706 1488 γὰρ
719 1453 815 1488 ἀνδρὸς
825 1452 962 1479 δικαιοσύ-

173 1506 222 1533 νην
232 1497 299 1524 Θεοῦ
313 1498 363 1524 οὐκ
376 1497 534 1533 ἐργάζεται.
554 1507 563 1524 ›
577 1498 721 1531 Τοιούτους
734 1497 804 1525 εἶναι
815 1499 879 1530 τοὺς
891 1499 962 1526 σαϐ-

1010 949 1063 976 bus
1079 949 1234 984 prophetia.
1256 948 1327 976 Dicit
1348 957 1413 978 vero
1436 951 1519 978 etiam
1539 950 1613 978 hunc
1639 951 1666 978 in
1686 949 1799 978 modum

1009 994 1159 1029 Apostolus
1177 1003 1184 1022 :
1203 1003 1212 1020 ι
1233 993 1320 1022 Video
1339 999 1430 1023 autem
1445 995 1528 1023 aliam
1549 995 1635 1031 legem
1651 1003 1802 1031 repugnan-

1010 1045 1064 1067 tem
1086 1040 1137 1075 legi
1162 1040 1261 1068 mentis
1281 1048 1349 1068 mea:
1367 1041 1400 1067 ".
1416 1050 1426 1067 ι
1445 1039 1516 1068 Sunt
1538 1041 1631 1076 itaque
1658 1050 1693 1069 ex
1716 1041 1801 1077 hujus

1011 1084 1159 1116 sententia,
1175 1084 1336 1117 voluntates,
1353 1092 1423 1120 quas
1436 1085 1636 1112 circumcidere
1656 1089 1684 1113 et
1702 1092 1800 1121 ampu-

1011 1133 1081 1162 tare,
1102 1137 1164 1157 cutn
1182 1130 1217 1157 ad
1231 1137 1277 1158 eas
1292 1131 1471 1165 procliviores
1482 1138 1590 1164 sumus,
1609 1131 1749 1159 debemus.
1761 1131 1801 1159 Ita

1011 1176 1085 1204 enim
1101 1175 1220 1203 Sabbata
1232 1176 1362 1209 delicata,
1379 1184 1440 1211 quae
1456 1177 1576 1209 molesti,
1596 1176 1707 1213 Deoque
1725 1178 1802 1205 relu-

1012 1221 1114 1249 ctantis
1141 1222 1226 1259 animi
1246 1221 1315 1248 nihil
1341 1221 1468 1255 habeant,
1496 1226 1526 1249 ut
1552 1222 1617 1250 olim
1640 1222 1800 1250 induratum

1011 1274 1073 1295 esse
1090 1275 1138 1294 cor
1159 1267 1311 1296 Pharaonis
1336 1268 1453 1303 legimus
1474 1267 1509 1301 ‘°,
1532 1269 1669 1303 peracturi
1694 1276 1801 1297 sumus.

1013 1312 1061 1340 Sic
1076 1317 1103 1341 et
1120 1313 1249 1341 lsraelem
1266 1313 1339 1342 Deus
1353 1314 1504 1349 alloquitur
1525 1321 1532 1340 :
1548 1323 1557 1340 ι
1573 1314 1719 1350 Coguosco
1733 1323 1803 1350 quo-

1013 1359 1087 1387 niam
1111 1360 1197 1387 durus
1221 1367 1269 1392 es,
1285 1364 1312 1386 et
1334 1367 1437 1387 nervus
1456 1359 1564 1388 ferreus
1588 1361 1688 1388 collum
1712 1364 1801 1394 tuum,

1013 1404 1106 1433 cervix
1121 1409 1166 1432 tua
1182 1412 1253 1432 terea
1269 1404 1303 1432 “.
1324 1414 1334 1431 ι
1349 1403 1414 1432 Vult
1430 1409 1521 1432 autem
1537 1405 1590 1433 hoc
1604 1406 1664 1434 loco
1681 1406 1802 1441 linguam

1012 1459 1064 1479 nos
1080 1452 1114 1487 iet
1141 1451 1310 1479 iracundiam
1333 1451 1471 1479 cohibere.
1490 1459 1500 1476 ι
1521 1451 1551 1478 Si
1580 1452 1642 1487 quis
1670 1453 1742 1480 enim
1774 1452 1802 1480 in

1013 1506 1142 1527 sermone
1161 1506 1215 1526 non
1230 1498 1352 1530 labitur;
1368 1497 1413 1525 hic
1430 1497 1569 1533 perlectus
1586 1499 1668 1535 663
1688 1503 1732 1527 est
1749 1499 1802 1532 vir,

173 1544 343 1577 ϐατίζοντας
359 1544 494 1579 βούλεται,
509 1544 557 1571 κα)⁵
570 1545 633 1577 τοὺς
647 1546 792 1579 νηστείαν
812 1544 961 1577 καλοῦντας

1015 1549 1113 1581 potens
1132 1546 1211 1573 freno
1229 1549 1316 1572 totum
1338 1552 1439 1580 corpus
1453 1545 1661 1573 circumducere
1674 1545 1718 1573 δι’.
1743 1555 1752 1572 ι
1771 1545 1804 1573 Et

173 1590 293 1624 δεκτήν.
312 1578 390 1617 Οὖτω
407 1590 462 1625 γὰρ
475 1591 546 1625 ἔσῃ,
561 1591 638 1627 φησὶ,
664 1578 824 1624 πεποιθὼς,
842 1591 893 1618 οὐκ
914 1591 961 1618 ἐπὶ

1013 1598 1124 1619 rursum
1139 1600 1146 1618 :
1161 1600 1169 1616 ι
1184 1589 1232 1618 Vir
1247 1590 1408 1624 iracundus,
1424 1590 1538 1618 minime
1550 1591 1664 1625 pulcher
1677 1591 1712 1617 “.
1728 1600 1738 1618 ι
1749 1590 1782 1618 Et
1796 1600 1804 1618 :

174 1634 268 1670 σαθρῷ
284 1643 337 1661 τινι
351 1635 399 1662 καὶ
411 1636 572 1670 προσκαίρῳ
595 1635 749 1671 πράγματι,
766 1636 823 1662 ἀλλ’
847 1636 896 1663 ἐπὶ
922 1636 962 1669 τῷ

173 1681 283 1708 πάντων
309 1681 370 1713 Θεῷ
386 1681 500 1717 παρῤὦν
516 1687 529 1702 α
546 1683 586 1713 είς
608 1683 654 1709 τὸν
677 1682 816 1709 ἐπίλοιπον
840 1681 906 1717 βίον,
925 1682 962 1714 ὡς

173 1726 243 1761 ἔχων
254 1726 380 1761 ἀψευδεῖς
395 1726 477 1753 αὑτοῦ
493 1727 542 1758 τὰς
554 1727 731 1761 ἐπαγγελίας,
748 1728 777 1754 ἐν
788 1725 832 1758 αἶς
845 1727 903 1753 ἔστι
915 1728 963 1754 καὶ

173 1775 203 1800 τὺ
217 1774 267 1800 ἐπί
281 1783 347 1801 τινα
364 1774 423 1809 γῆν
437 1774 491 1801 ἀπὸ
506 1775 554 1810 τῆς
573 1775 691 1802 ἐνταῦθα
705 1775 845 1811 διατριϐῆς
860 1775 962 1802 ἀναϐι-

174 1820 322 1854 ϐασθῆναι
348 1821 510 1857 τευξόμενον
536 1823 657 1850 ἐκείνωψ
677 1833 686 1849 ‹
707 1824 741 1850 "A
753 1824 891 1860 ὀφθαλμὸς
915 1825 964 1852 οὐκ

174 1865 238 1899 εἶδε,
251 1867 298 1893 καὶ
312 1865 359 1898 οὖς
367 1867 416 1894 οὐκ
428 1868 554 1902 ῆχουσεν,
567 1869 614 1896 καὶ
629 1869 675 1896 ἐπὶ
687 1869 800 1905 καρδίαν
818 1870 962 1906 ἀνθρώπου

174 1912 224 1937 οὐκ
249 1911 343 1946 ἀνέϐη,
367 1921 375 1937 μ
399 1913 446 1938 καὶ
471 1913 659 1941 ἀπολαύσαντα
674 1914 724 1950 τῆς
744 1915 963 1950 ἐπηγγελμένης,

175 1957 232 1987 τοῖς
245 1956 366 1993 πατράσι
374 1959 478 1992 τροφῆς
490 1960 678 1995 πνευματικῆς
688 1960 716 1986 ὲν
728 1961 760 1996 τῇ
769 1960 825 1987 ἄνω
836 1961 965 1996 κειμένης

175 2001 263 2033 πόλει,
287 2003 351 2038 περὶ
371 2001 405 2039 ἦς
419 2004 434 2029 ὁ
449 2003 554 2036 Παῦλός
579 2013 661 2040 φησιν
673 2013 680 2020 ⁸
699 2015 708 2031 ι
725 2006 757 2032 Ol.
782 2007 836 2043 γὰρ
853 2007 966 2034 τοιαῦτα

175 2049 310 2084 λέγοντες,
327 2051 525 2086 ἐμφανίζουσιν
538 2053 578 2079 ὅτι
596 2053 713 2089 πατρίδα
728 2054 866 2090 ζητοῦσιν.
887 2064 896 2081 ι
911 2055 966 2082 Καὶ

176 2094 201 2120 εξ
218 2094 267 2130 μὲν
280 2095 388 2134 ἐκείνην
403 2094 515 2131 ἐζήτουν
529 2097 575 2131 ἀφ’
587 2096 620 2134 ἧς
634 2098 756 2134 ἐξῆλθον,
771 2097 844 2135 εἶχον
857 2100 891 2127 ἂν
905 2109 967 2128 και-

177 2141 224 2177 ρὸν
242 2142 414 2177 ἀνακάμψαι.
429 2142 486 2169 Νῦν
506 2143 534 2169 δὲ
551 2144 706 2180 κρείττονος
726 2146 878 2181 ὀρέγονται,
894 2146 967 2173 τοῦτ’

177 2187 251 2213 ἔστιν
261 2189 433 2223 ἐπουρανίου.
450 2189 511 2216 Ὅτι
526 2189 555 2216 δὲ
568 2190 676 2222 πάντως
690 2190 764 2218 ἔσται
775 2191 872 2224 ταῦτα,
888 2191 964 2225 Θεὸς,

1016 1644 1026 1662 ι
1043 1635 1085 1663 lra
1105 1635 1178 1663 enim
1203 1635 1256 1662 viri
1279 1635 1416 1670 justitiam
1437 1635 1484 1663 Dei
1509 1643 1564 1663 non
1587 1640 1716 1671 operatur
1737 1637 1772 1664 “.
1792 1646 1801 1662 ι

1014 1681 1095 1709 Tales
1118 1689 1165 1709 eos
1185 1688 1257 1712 esse.
1284 1681 1331 1716 qui
1357 1680 1506 1708 Sabbatum
1528 1682 1678 1715 observant,
1701 1683 1804 1718 quique

1011 1727 1143 1762 jejunium
1157 1732 1293 1762 acceptum
1307 1731 1416 1760 vocant,
1441 1728 1501 1763 ipse
1521 1732 1642 1763 exoptat.
1663 1727 1701 1756 lla
1718 1729 1803 1761 enim,

1015 1774 1115 1809 inquit,
1131 1774 1183 1801 eris
1196 1773 1342 1808 conﬁdens,
1357 1781 1412 1801 non
1426 1774 1454 1801 in
1472 1781 1527 1802 rem
1541 1774 1661 1809 aliquam
1680 1774 1805 1802 imbecil-

1014 1821 1067 1848 letn
1079 1823 1106 1847 et
1121 1823 1358 1853 momentanealn;
1375 1820 1423 1848 sed
1440 1821 1468 1847 in
1483 1821 1606 1848 omnium
1617 1821 1761 1849 Dominum
1778 1828 1805 1849 ct

1015 1866 1111 1894 Deum.
1128 1865 1178 1898 Ita,
1196 1866 1321 1900 inquam,
1340 1866 1395 1894 eris
1414 1866 1449 1894 de
1472 1867 1578 1902 reliqua
1602 1867 1732 1903 deinceps
1749 1869 1805 1895 vita

1016 1919 1148 1944 securus;
1179 1915 1309 1946 tanquam
1337 1911 1383 1946 qui
1407 1915 1498 1940 certas
1520 1912 1581 1947 eius
1607 1914 1806 1948 promissioncs

1016 1958 1141 1986 habeas:
1167 1957 1195 1985 in
1223 1957 1324 1992 quibus
1347 1962 1374 1985 et
1389 1957 1441 1986 ista
1469 1962 1531 1992 est;
1557 1959 1629 1994 quod
1656 1960 1690 1988 ab
1718 1961 1806 1988 isthac

1016 2004 1227 2032 conversatione
1241 2004 1268 2030 in
1287 2008 1386 2031 terram
1402 2004 1519 2040 aliquam
1538 2006 1680 2033 elevandul
1696 2015 1734 2039 es,
1759 2008 1807 2035 ubi

1016 2051 1096 2079 bonis
1111 2051 1166 2077 illis
1183 2050 1298 2085 potiaris
1316 2058 1322 2077 :
1343 2059 1352 2076 ι
1370 2049 1437 2083 Quae
1462 2058 1512 2078 nec
1537 2051 1633 2079 oculus
1655 2053 1732 2084 vidit.
1756 2062 1808 2081 nec

1017 2097 1092 2124 auris
1109 2095 1225 2128 audivit,
1242 2103 1292 2123 nec
1307 2095 1333 2123 in
1348 2103 1397 2123 cor
1413 2096 1533 2124 hominis
1545 2097 1731 2125 ascenderunt
1747 2099 1779 2132 “;
1795 2109 1804 2125 ι

1017 2144 1084 2175 imo,
1097 2142 1142 2170 ubi
1161 2145 1189 2170 et
1209 2142 1256 2169 illo
1272 2141 1367 2174 etiam,
1386 2141 1459 2176 quod
1483 2141 1611 2169 Patribus
1638 2144 1806 2178 promissum

1016 2192 1070 2222 est,
1089 2187 1207 2223 spiritali
1230 2187 1362 2214 alimento
1386 2187 1521 2227 fruiturus
1544 2188 1601 2222 sis;
1624 2190 1697 2224 quod
1719 2190 1745 2217 in
1762 2191 1808 2218 illa

177 2235 271 2269 φησιν,
293 2234 367 2262 ἐστὶν
382 2236 398 2262 ὁ
418 2235 632 2270 φθεγξάμενος.
655 2236 736 2264 Ἀλλὰ
751 2237 809 2269 πῶς
824 2238 862 2270 ὡς
880 2239 961 2274 μήπω

1017 2236 1160 2270 superiore
1175 2234 1288 2261 civitate
1303 2233 1473 2266 reconditur,
1495 2233 1581 2262 Paulo
1604 2240 1673 2264 teste
1688 2236 1730 2264 his
1747 2245 1808 2265 ver-

177 2279 236 2314 τὴν
249 2279 307 2315 γῆν
324 2281 374 2315 τῆς
397 2281 566 2316 ἐπαγγελίας
590 2282 737 2318 λαχόντων,
754 2285 794 2316 εἰς
813 2285 846 2320 ἢν
869 2286 967 2319 αὐτοὺς

177 2326 324 2362 εἰσήγαγεν
345 2327 450 2362 Ἰησοῦς
474 2328 488 2354 ὁ
504 2327 551 2354 τοῦ
570 2329 660 2364 Ναυὴ,
677 2329 725 2356 νῦν
748 2330 856 2358 δίδωσιν
880 2332 968 2366 ἑπαγ-

177 2373 270 2408 γελέαν
286 2374 405 2407 εἰσάξειν
419 2375 531 2409 accede;
546 2376 633 2411 Δῆλον
646 2374 693 2404 οὖν
707 2377 746 2410 ὡς
767 2379 831 2414 περὶ
851 2380 900 2414 τῆς
914 2380 969 2407 τῶν

177 2421 289 2455 πραέων
312 2422 404 2456 φησίν.
421 2422 501 2454 Τινὲς
516 2422 543 2449 δὲ
565 2422 613 2458 τὴν
634 2424 688 2450 ἀπὸ
706 2423 757 2459 τῆς
778 2425 968 2460 αἰχμαλωσίας

177 2465 269 2492 ἄνοδόν
289 2474 370 2500 φασιν
388 2466 479 2498 αὐτοῖς
490 2468 717 2502 ἐπαγγέλλεσθαι.
731 2469 763 2496 Οἳ
787 2470 834 2496 καὶ
852 2470 885 2497 τὰ
901 2471 970 2497 ἀνω-

178 2510 250 2546 τέρω
265 2512 429 2545 σωματικῶς
441 2511 611 2548 ἐξηγήσαντο
626 2515 690 2550 περὶ
702 2514 747 2541 τοῦ
760 2515 922 2550 πιανθῆναι
934 2516 970 2543 τὰ

179 2556 266 2588 ὀστᾶ,
289 2558 337 2584 καὶ
365 2559 586 2594 παραῦἀλλεσῦαι
611 2560 698 2594 κήπῳ
722 2562 896 2596 πολυύδρω,
920 2563 969 2590 καὶ

178 2602 260 2636 πηγῇ
271 2603 312 2637 μὴ
327 2605 531 2640 ὑστερουμένῃ
551 2605 670 2640 ὕδατος.
694 2607 748 2633 Καὶ
764 2607 804 2634 ὃτι
817 2607 853 2634 τὰ
874 2608 970 2642 ἔρημα

177 2648 234 2682 τῆς
244 2649 359 2682 πόλεως
369 2651 686 2687 ἀι-ογικοδομηοήσεται,
697 2653 742 2680 καὶ¹
756 2654 873 2681 ἐπιπολὺ
884 2654 968 2682 ταῦτα

214 2739 235 2754 ³⁷
252 2738 364 2769 Roman.
377 2739 423 2767 29.
461 2739 483 2755 ³⁸
497 2739 579 2768 llehr.
593 2749 630 2774 ιν,
647 2740 676 2769 9.
714 2741 735 2758 "
751 2741 829 2769 Rom.
844 2749 894 2774 vn,
913 2742 960 2769 9.5.

180 2773 202 2788 "
216 2773 283 2802 ibid.
320 2774 344 2790 “
355 2774 414 2802 Jac.
430 2783 448 2807 I,
463 2776 509 2804 20.
548 2776 569 2792 ³³
585 2776 636 2804 lsa.
654 2785 728 2811 thv,
742 2777 779 2811 2;
797 2777 882 2805 lCor.
900 2786 929 2804 ιι.

988 2777 1011 2792 ⁸³
1031 2775 1114 2803 llebr.
1139 2783 1177 2807 χι,
1198 2775 1237 2802 Μ.

1020 2281 1062 2309 bis
1077 2289 1105 2308 ιι
1119 2279 1173 2313 Qui
1189 2280 1262 2307 enim
1278 2279 1336 2307 haec
1351 2279 1458 2312 dicunt,
1474 2281 1633 2315 signiﬁcant
1647 2290 1677 2310 se
1692 2285 1808 2318 patriam

1018 2326 1159 2361 inquirere
1180 2324 1215 2353 ".
1231 2334 1240 2351 ›
1259 2324 1293 2352 Ει
1315 2324 1450 2360 siquidem
1478 2326 1552 2354 illam
1582 2334 1747 2362 quaererent,
1776 2330 1810 2358 de

1018 2380 1073 2408 qua
1088 2372 1225 2404 exierunt,
1240 2371 1387 2407 ,babebant
1404 2376 1512 2407 tempus
1540 2375 1706 2403 revertendi.
1730 2376 1809 2405 Nunc

1020 2424 1112 2446 autem
1139 2418 1279 2446 meliorem
1294 2422 1437 2454 appetunt,
1472 2419 1499 2446 id
1527 2425 1580 2453 est,
1601 2420 1810 2452 coelestemfNe

1019 2465 1082 2501 quis
1095 2473 1160 2492 vero
1174 2465 1288 2491 omnino
1307 2465 1359 2492 ista
1376 2464 1469 2492 futura
1490 2473 1551 2493 esse
1567 2466 1719 2501 dubitaret;
1738 2469 1810 2498 Deus

1019 2515 1074 2544 est,
1089 2511 1192 2546 inquit,
1205 2510 1251 2546 qui
1267 2518 1298 2537 ea
1313 2510 1415 2537 locutus
1425 2515 1474 2538 est.
1489 2511 1540 2544 Qui
1557 2517 1659 2545 autem,
1678 2518 1809 2550 tanquam

1019 2557 1143 2586 nondum
1159 2564 1221 2585 eam
1244 2557 1437 2592 promissionis
1462 2562 1561 2585 terram
1583 2559 1673 2595 adepti
1695 2561 1760 2594 sint,
1782 2562 1809 2588 in

1019 2612 1100 2640 quam
1113 2609 1179 2631 sunt
1198 2611 1248 2638 per
1267 2603 1359 2630 .lcsum
1382 2602 1456 2631 Nave
1477 2604 1596 2638 deducti,
1611 2606 1637 2633 in
1651 2615 1682 2634 ca
1695 2615 1725 2635 se
1739 2616 1812 2636 nunc

1019 2651 1082 2678 illos
1100 2650 1278 2678 inducturum
1295 2649 1461 2684 pollicetur?
1476 2650 1524 2678 Est
1539 2651 1623 2687 igitur
1633 2660 1696 2681 eum
1711 2654 1745 2682 de
1757 2655 1812 2683 mi-

998 2741 1021 2757 "
1038 2740 1124 2767 Exod.
1147 2747 1183 2773 Iv,
1198 2739 1244 2766 21.
1298 2739 1318 2754 ³¹
1334 2738 1385 2767 lsa.
1407 2748 1498 2774 vam,
1513 2741 1539 2767 4.

1592 2743 1631 2761 ⁶¹¹⁴ί
1640 2743 1698 2773 Jac.
1726 2752 1767 2778 ιιι,
1781 2745 1810 2773 2.

867 2834 984 2862 ΥΑΙὶΙίΕ
1001 2834 1206 2864 LECTIONES.

232 2884 245 2898 ι
261 2887 304 2913 rp.
321 2879 441 2916 Θαρῥῶν.
