1999 3076
193 154 264 188 2599
860 151 1041 184 PROCOPII
1060 151 1184 182 GAZ/El
1765 154 1836 187 2600

191 212 260 239 tium
273 216 347 240 terra
363 210 519 247 intelligere
535 211 714 248 perspicuum
731 212 765 240 “.
783 220 793 239 ι
810 211 986 240 Arbitrantur

1043 211 1183 248 στήσεται.
1200 211 1284 239 Μένει
1296 211 1324 239 δὲ
1339 211 1386 239 καὶ
1397 212 1554 249 ἀπόρθητος
1568 213 1669 249 μηκέτι
1680 213 1764 246 δίοδος
1778 216 1838 241 ὲσο-

191 262 284 285 tamen
296 258 418 286 nonnulli
431 258 618 287 reversionem
630 258 804 294 Babylonica!
817 258 986 294 captivitatis

1039 256 1109 292 μὲνη
1121 257 1176 283 τῶν
1186 256 1355 291 ἀλλοφύλων.
1369 259 1614 293 Φρουρηθήσεται
1628 260 1682 294 γὰρ
1694 259 1747 286 ὑπὸ
1757 260 1838 294 Θεοῦ,

191 311 253 331 eum
271 304 415 339 polliceri:
429 304 477 339 qni
493 304 540 332 illa
559 304 642 332 etiam
669 304 813 340 superiora
833 304 868 332 de
885 304 986 332 ouium

1039 301 1248 337 μεταϐαλόντων
1274 303 1353 338 ὑμῶν
1382 303 1452 339 πρὸς
1479 304 1591 341 ἀρετήν.
1624 303 1757 332 Ἐκάστου
1781 305 1837 341 γὰρ

192 350 372 385 aaginatione,
384 350 419 378 de
429 350 507 378 horto
519 351 633 386 irriguo,
645 349 735 386 deque
749 350 821 385 {ante
836 349 894 382 illo,
911 349 986 384 cujus

1039 347 1138 383 ἀνδρὸς
1153 347 1274 384 φρουρὰ,
1292 349 1324 375 τὸ
1342 349 1525 377 ἐντυποῦσοαι
1541 350 1618 386 παρὰ
1632 350 1703 386 Θεῷ,
1718 350 1766 378 καὶ
1784 359 1838 386 φυ-

192 404 261 431 aqua
277 405 413 433 nunquam
431 397 551 432 deﬁciat,
568 396 754 433 corporaliter
774 396 926 431 explicant.
952 395 986 424 Ut

1039 394 1146 423 λάπτειν
1158 395 1195 422 τὰ
1207 395 1322 431 νόμιμα,
1336 394 1385 422 καὶ
1400 396 1437 422 τὰ
1458 394 1606 428 Σάϐϐατα,
1622 395 1641 422 ἃ.
1655 395 1838 431 πλημμελοῦ-

191 441 237 469 ilia
253 443 347 476 etiam,
371 451 434 470 cum
458 443 564 470 deserta
589 443 706 470 ciuitatis
731 442 913 470 instauratum
939 441 985 475 iri,

1040 449 1083 468 σιν
1110 441 1135 468 οι
1160 441 1197 476 μὴ
1225 441 1415 476 φυλάττοντες.
1447 436 1528 467 οὗτοι
1556 441 1611 476 γὰρ
1637 440 1757 473 ἐξιόντες
1786 441 1837 474 τῆς

191 496 253 516 cum
267 488 373 517 diutius
389 497 452 517 esse
476 497 678 525 permansura;
701 496 765 516 cum
786 495 837 516 nee
853 487 913 515 fore
926 495 986 514 am-

1039 487 1158 520 πόλεως,
1179 486 1218 518 ὡς
1240 487 1334 514 ἄδειαν
1346 486 1475 518 λαϐόντες
1489 486 1536 513 τοῦ
1549 487 1729 523 ἁμαρτάνειν,
1745 493 1836 522 παρα·
1863 492 1868 497 ‘

191 535 264 570 plius
279 535 474 570 expugnationi
491 536 651 570 obnoxiam,
675 543 726 563 nec
748 535 911 569 alienigenis
929 541 986 569 per-

1040 532 1164 560 σαίνουσι
1176 541 1184 548 σ
1204 533 1264 560 δέον
1280 533 1344 564 τοὺς
1362 532 1577 565 σαϐϐατίζοντας
1592 533 1732 568 πανταχοῦ
1757 533 1836 559 τοῦτο

189 580 280 614 viam;
297 581 345 609 sed
371 590 386 608 a
413 581 479 614 Deo,
496 582 519 610 si
543 582 672 610 virtutem
696 581 747 617 ipsi
773 582 986 616 amplectentur,

1040 580 1140 612 ποιεῖν,
1158 579 1205 607 καὶ
1219 579 1254 606 τὰ
1267 578 1343 614 ἑξῆς.

190 629 320 655 munitam
340 636 373 655 ac
387 628 528 657 defensam
545 628 720 663 signiﬁcavit.
734 627 782 656 Est
795 628 869 655 enim
886 628 913 655 in
926 627 979 654 hoc
998 626 1102 662 optime
1119 626 1285 653 collocatum
1313 626 1448 661 cujusque
1473 625 1647 660 pnesidium,
1669 625 1692 653 si
1734 632 1750 652 a
1782 625 1837 652 Deo

190 674 373 707 infnrmetur;
398 675 477 710 sique
494 683 555 710 quae
575 675 651 710 justa
675 679 752 707 sunt,
771 682 834 702 cum
859 674 987 702 Sabbatis
1007 673 1134 700 observet
1148 680 1155 699 :
1169 673 1195 700 in
1213 680 1274 708 quae
1304 677 1390 706 agunt
1419 672 1554 707 improbe,
1573 673 1618 707 qui
1635 680 1666 700 ea
1679 680 1732 699 non
1744 676 1839 700 custo-

190 721 280 749 diunt.
296 720 342 748 Isti
367 729 485 756 "altique
504 721 616 749 civitate
639 721 757 756 egressi.
784 721 860 748 velut
889 721 986 755 adepta
1008 719 1141 756 peccandi
1162 718 1245 755 684
1263 719 1384 752 licentia,
1400 719 1463 746 vitia
1488 723 1651 752 Sectantur;
1687 727 1749 746 cum
1789 726 1837 746 eos

191 767 311 801 deceret,
326 767 373 802 qui
390 767 540 795 Sabbatum
550 768 655 800 colunt,
673 768 741 795 illud
755 767 867 803 ubique,
884 771 911 796 et
925 775 988 803 qua:
1005 766 1149 803 deinceps,
1167 767 1324 793 observare.

494 815 570 843 CAP.
587 816 655 843 LIX.
999 820 1023 850 B

226 862 308 898 655
324 861 407 890 Vens.
423 862 499 889 £48.
515 861 644 895 Nunquid
662 870 714 889 non
728 867 813 897 potest
821 870 915 890 manus
932 861 987 890 Do-

191 908 257 934 mini
274 908 362 935 salvos
380 908 489 942 facere?
528 913 574 934 aut
593 914 737 944 aggravata
765 914 804 936 est
832 910 906 937 auris
919 910 986 944 ejus,

190 958 219 980 at
234 962 286 980 non
308 954 436 981 exaudiat
454 955 466 981 ?
483 953 535 981 imo
550 960 659 989 pecaata
685 958 771 982 vestra
786 955 929 982 dimidium
943 955 988 990 fa-

191 1000 265 1026 ciunt
284 1000 352 1027 inter
366 1008 408 1026 vos
424 1004 448 1027 et
459 999 553 1033 Deum,
566 1004 591 1027 et
600 1005 709 1035 propter
721 1001 874 1036 iniquitates
886 1007 987 1028 vestras

191 1046 286 1073 avertit
297 1046 394 1080 facient
411 1055 427 1073 a
453 1046 538 1079 vobis,
554 1050 583 1073 ut
615 1055 667 1074 non
693 1048 861 1075 misereatur.
889 1047 988 1074 Manus

189 1091 260 1118 enim
269 1096 363 1118 vestrae
377 1091 489 1126 polluta:
502 1096 566 1118 sunt
586 1092 727 1127 sanguine,
742 1096 768 1120 et
800 1092 878 1128 digiti
907 1093 989 1120 vestri

189 1137 314 1171 peccatis,
331 1141 385 1164 etc.

224 1183 308 1219 666
328 1183 460 1210 Absoluta
468 1182 502 1210 de
514 1182 597 1210 rebus
604 1183 717 1219 agendis
728 1183 926 1218 disputatione,
938 1183 988 1211 de-

190 1237 245 1264 que
256 1229 395 1264 agentium
415 1228 457 1256 vel
471 1236 525 1256 non
540 1230 681 1264 agentium
694 1229 815 1263 pranniis
832 1232 859 1256 ct
876 1228 965 1264 poenis
980 1236 987 1255 :

191 1283 274 1308 nunc,
291 1279 421 1309 tanquam
451 1281 629 1302 contumaces
642 1279 669 1301 et
687 1275 789 1310 lapsos,
806 1275 923 1310 ideoque
937 1275 989 1302 im-

190 1321 305 1355 probos,
327 1320 468 1348 convincit
485 1324 511 1347 et
523 1321 627 1355 arguit.
646 1320 760 1354 Deinde,
774 1321 838 1355 quia
852 1321 922 1348 bello
940 1329 986 1348 ur-

192 1370 272 1403 gente
288 1367 431 1402 jejunasse
447 1374 487 1400 se,
513 1375 603 1402 neque
629 1367 715 1394 Deum
741 1373 831 1395 tamen
845 1367 878 1394 ad
900 1367 927 1394 id
940 1367 988 1395 ad-

190 1413 322 1444 vertisse,
340 1413 480 1444 dicebant,
498 1420 546 1440 eos
575 1413 636 1447 ipse
664 1413 818 1440 vehementi
844 1413 871 1440 in
900 1412 986 1441 Deum

191 1467 286 1486 amore
299 1458 462 1493 compulsus
484 1457 617 1493 propheta
637 1457 835 1493 reprehendit;
864 1457 985 1485 servari-

190 1512 246 1542 que
260 1505 293 1532 ab
313 1505 372 1539 ipso
388 1503 499 1540 quidem
517 1505 643 1538 potuisse
654 1504 844 1531 demonstrat:
857 1503 905 1531 sed
920 1511 985 1539 pec-
998 1502 1021 1533 C

191 1550 260 1578 catis
273 1557 380 1582 eorum,
397 1549 549 1585 quominus
565 1556 645 1584 opem
660 1548 742 1583 ferat,
754 1549 907 1584 prohiberi.
930 1548 985 1577 Ne-

192 1604 245 1632 que
259 1596 331 1624 enim
349 1595 435 1623 Deum
450 1595 505 1622 ulla
524 1602 646 1630 unquam
666 1595 767 1622 virium
785 1595 984 1628 imbecillitate,

191 1641 375 1677 audiendique
392 1641 563 1674 diliicultate,
585 1641 661 1669 sicut
675 1650 768 1674 senes,
786 1642 923 1674 laborare,
937 1641 985 1670 sed

190 1689 279 1716 malos
293 1695 404 1715 servare
419 1695 510 1723 neque
537 1688 644 1723 justum
673 1696 746 1722 esse,
767 1696 857 1723 neque
876 1688 909 1717 iis
938 1688 985 1724 qui

193 1737 352 1766 servantur,
370 1733 537 1761 conducere.
551 1733 622 1766 Quia
634 1739 726 1762 autem
739 1741 849 1761 murum
864 1734 986 1761 excitare

191 1785 300 1815 peccata
315 1779 395 1812 dixit,
414 1787 463 1815 per
475 1787 572 1807 eorum
594 1780 785 1808 remissionem
811 1780 984 1816 interiectum

191 1825 318 1853 maceriae
332 1825 465 1859 parietem
481 1826 589 1854 scivere
604 1830 631 1854 et
644 1826 801 1854 disturbare
815 1825 985 1853 Salvatm-cm

191 1871 338 1907 signiﬁcat.
352 1872 456 1899 Avertit
470 1872 569 1899 deinde
580 1872 700 1907 faciema
712 1873 838 1908 peccatis;
853 1876 984 1908 tanquam

190 1925 286 1945 eorum
303 1917 502 1952 turpitudinem
513 1922 542 1946 et
555 1917 679 1946 fcetorem
689 1926 743 1946 non
757 1923 841 1954 queat
856 1919 984 1952 tolerare,

190 1962 263 1990 unde
276 1967 529 1999 patet,aurem,qua:
538 1964 629 1999 justus
642 1964 746 1999 attdiat,
761 1964 880 2000 iniustos
892 1969 985 1993 autem

190 2008 504 2044 minime,Deijustitiam
516 2011 682 2038 scilicetnon
691 2011 815 2046 corporis
827 2019 919 2038 aurem
930 2011 987 2046 sig-

190 2049 315 2078 niﬁcare.
330 2051 380 2079 Ubi
393 2057 485 2079 autem
497 2058 606 2087 peccata
620 2054 646 2080 in
660 2053 817 2081 universum
833 2054 983 2085 accusavit;

190 2098 286 2124 cadent
317 2101 347 2125 et
375 2098 434 2132 ipse
464 2098 606 2134 sigillatim
634 2103 760 2127 recenset
778 2108 785 2133 ;
802 2099 947 2127 homicidia
960 2103 986 2127 et

191 2143 396 2171 obtrectationes
421 2144 596 2178 imminutim,
622 2153 676 2172 non
690 2146 745 2180 jam
776 2145 911 2174 idolorum
925 2146 985 2174 cui-

190 2193 250 2217 tum
265 2190 417 2218 insectans.
442 2190 598 2226 Prophetas
613 2192 688 2219 enim
706 2192 919 2224 interemerunt,
934 2192 982 2227 ju-

191 2240 306 2272 stosque
317 2236 477 2264 catumniati
494 2241 570 2265 sunt.
584 2237 630 2264 Ait
647 2237 729 2272 igitur
740 2237 814 2265 hunc
830 2238 856 2265 in
873 2238 984 2266 modum

998 2172 1026 2202 D

191 2281 340 2310 Jeremias:
363 2291 373 2308 ι
392 2281 486 2310 Virtus
500 2290 560 2311 mea
575 2283 678 2311 deiecit
694 2291 749 2318 me,
765 2285 799 2312 ab
816 2285 849 2312 iis
866 2285 913 2321 qui
929 2293 986 2313 ma-

191 2327 349 2355 ledicebant
361 2327 429 2355 mihi
441 2327 474 2356 ⁸⁷.
489 2337 499 2354 ι
514 2328 547 2355 Et
562 2333 657 2357 noster
671 2329 716 2357 hic
732 2330 901 2365 prophetazv
918 2330 986 2359 Vide

192 2378 224 2402 ut
239 2373 334 2409 justus
356 2374 461 2401 tollitur
476 2374 516 2408 “,
534 2384 544 2401 ι
567 2378 595 2402 et
608 2382 670 2411 qua:
684 2375 825 2411 deinceps.
839 2376 862 2403 Α
874 2376 988 2412 quibus,

191 2424 323 2454 tanquam
342 2427 358 2446 a
375 2420 469 2455 parvis
486 2419 622 2448 scelerum
640 2421 739 2453 initiis.
756 2421 791 2449 ad
806 2421 909 2450 Christi
926 2421 988 2450 Sal-

191 2465 296 2493 vatoris
312 2466 414 2493 caedem
429 2466 568 2501 progressi
584 2471 667 2501 sunt;
688 2475 771 2503 quam
787 2468 907 2496 maxime
936 2468 990 2496 hoc

193 2512 254 2539 loco
266 2512 346 2540 nobis
367 2513 445 2540 innui
469 2512 554 2541 fuerit
581 2518 809 2544 consentaneum.
827 2515 887 2542 Etsi
914 2515 988 2543 enim

193 2556 344 2585 Salvatoris
357 2558 486 2594 sanguine
506 2566 600 2586 manus
613 2559 714 2587 habent
728 2559 894 2595 impollutus,
904 2561 985 2595 culpa

193 2606 284 2630 tamen
301 2603 373 2630 haud
389 2607 507 2636 vacant;
523 2605 570 2639 qui
590 2604 729 2640 sanguinis
739 2605 800 2640 ejus
813 2605 840 2632 in
853 2612 893 2639 se,
905 2613 986 2633 suos-

194 2654 248 2682 que
272 2647 355 2681 ﬁlios,
378 2648 510 2676 ultionem
537 2649 649 2677 extendi
667 2650 845 2684 postularunt
869 2650 916 2679 δέ
937 2651 986 2687 qui

231 2737 254 2753 “
265 2736 362 2765 Matth.
377 2744 405 2769 v,
419 2736 446 2764 4.
483 2735 506 2753 ⁸⁷
519 2735 621 2765 Jerem.
632 2745 678 2773 xv,
693 2738 738 2767 10.
775 2738 798 2756 ⁵⁸
814 2739 869 2768 lsa.
884 2747 953 2774 Lvu,
972 2741 998 2768 Ι.

1334 813 1460 840 uso-Li.
1481 813 1546 847 Ner,

1075 859 1160 896 α’-ιη¹.
1179 861 1226 893 Μὴ
1240 861 1296 886 οὐκ
1308 859 1406 892 ἰσχύει
1416 859 1434 892 ἡ
1447 860 1512 893 χεὶρ
1525 860 1636 894 Krplov
1648 859 1701 886 τοῦ
1719 860 1836 893 σῶσαι;

1039 906 1058 941 ἣ
1070 907 1197 940 ἐϐάρυνε
1210 906 1244 933 τὸ
1255 903 1310 939 οὖς
1321 905 1415 933 αὑτοῦ
1427 906 1480 932 τοῦ
1490 904 1533 940 μὴ
1545 905 1724 933 εἰσακοῦσαι
1734 914 1745 938 ;
1755 907 1836 933 ἀλλὰ

1039 954 1076 980 τὰ
1088 953 1288 988 ἁμαρτήματα
1298 951 1383 986 ὑμῶν
1391 951 1551 979 διιστῶσιν
1561 952 1620 979 ἀνὰ
1631 951 1730 986 μέσον
1741 951 1833 985 ὑμῶν,

1039 999 1088 1026 καί
1108 999 1168 1026 ἀνὰ
1177 997 1276 1033 μέσον
1290 997 1344 1024 τοῦ
1374 997 1459 1025 Θεοῦ.
1484 998 1538 1025 Kat
1564 997 1614 1024 διὰ
1624 997 1678 1030 τὰς
1690 997 1836 1031 ἁμαρτίας

1039 1045 1124 1080 ὑμῶν
1137 1045 1313 1079 ἀπέστρεψε
1326 1045 1359 1071 τὸ
1375 1045 1542 1079 πρόσωπον
1552 1044 1602 1079 ἀφ’
1613 1043 1708 1079 ὑμῶν,
1726 1043 1779 1070 τοῦ
1791 1043 1834 1078 μὴ

1038 1091 1176 1126 ἐλεῆσαι.
1189 1093 1222 1119 At
1238 1091 1294 1126 γὰρ
1306 1091 1404 1126 χεῖρες
1419 1090 1503 1126 ὑμῶν
1512 1090 1737 1125 μεμολυσμέναι
1748 1090 1835 1124 αἵμα-

1038 1146 1076 1169 τι,
1088 1138 1136 1165 καί
1149 1138 1176 1164 οἱ
1194 1137 1339 1164 δάκτυλοι
1350 1136 1434 1171 ὑμῶν
1449 1137 1484 1164 ἐν
1499 1137 1668 1171 ἁμαρτίαις,
1688 1144 1717 1163 κ.
1729 1144 1754 1162 τ.
1773 1136 1800 1162 λ.

1074 1184 1236 1219 Διελόμενος
1267 1183 1303 1210 τὰ
1329 1183 1466 1218 πρακτέα,
1499 1182 1547 1209 καὶ
1575 1183 1634 1214 τοῖς
1656 1180 1835 1217 κατορθοῦσιν

1039 1230 1272 1266 ἐπαγγειλάμενος
1287 1229 1389 1264 ἀγαθὰ,
1404 1230 1460 1261 τοῖς
1482 1229 1511 1256 δὲ
1527 1229 1564 1264 μὴ
1582 1228 1773 1263 πειθομένοις,
1790 1235 1834 1254 τι·

1041 1277 1146 1312 μωρίας
1164 1275 1243 1308 ’νῠν,
1270 1275 1308 1307 ὼς
1331 1274 1500 1310 ἀπειθήσασι
1531 1275 1579 1301 καὶ
1609 1273 1834 1309 περιπεπτωκόσι

1038 1323 1082 1350 διὰ
1098 1321 1178 1349 τοῦτο
1189 1322 1295 1353 κακοῖς,
1312 1321 1449 1357 προσάγει
1463 1320 1509 1346 τὸν
1526 1320 1649 1355 ἔλεγχον.
1661 1320 1716 1346 Καὶ
1737 1319 1833 1353 ἐπειδὴ

1038 1367 1158 1401 πολέμου
1170 1367 1350 1403 περιστάντος
1364 1366 1470 1400 ελεγον,
1482 1364 1714 1401 Ἒνηστεύσαμεν,
1725 1365 1773 1391 καὶ
1784 1365 1835 1390 οὐκ

1038 1412 1117 1447 εἶδες,
1134 1413 1148 1440 ὁ
1166 1413 1311 1449 προᾳήτης
1327 1414 1360 1440 ὲκ
1373 1412 1474 1448 πολλῆς
1487 1412 1588 1444 αὐτοὺς
1608 1411 1742 1446 διελέγχει
1757 1411 1835 1445 φιλο-

1039 1460 1126 1492 θεῖας,
1145 1459 1258 1487 δυνατὸν
1274 1459 1315 1491 εἰς
1328 1459 1468 1494 σωτηρίαν
1482 1457 1591 1490 δεικνὺς
1619 1457 1664 1484 τὸν
1694 1457 1772 1489 Θεὸν,
1786 1466 1834 1483 κε-

1036 1505 1176 1533 κωλῦσθαι
1202 1504 1231 1532 δὲ
1253 1505 1348 1540 μέσοις
1379 1503 1637 1539 παρεμπεπτωκόσι
1662 1503 1719 1534 τοϊς
1743 1502 1834 1529 αὐτῶν

1036 1550 1285 1586 πλημμελήμασιν,
1299 1549 1338 1581 ὼς
1368 1549 1405 1584 μὴ
1432 1549 1589 1583 συγχωρεῖν
1609 1547 1660 1583 τὴν
1679 1548 1718 1579 είς
1735 1547 1833 1579 αὐτοὺς

1036 1597 1198 1632 ἐπικουρίαν
1223 1595 1393 1632 διέρχεσθαι.
1424 1595 1496 1621 Οὔτε
1513 1595 1568 1630 γὰρ
1598 1594 1717 1630 ἀσθενής
1731 1614 1733 1617 .
1746 1596 1833 1626 ἐστιν,

1036 1642 1092 1669 οὗθ’
1113 1641 1207 1677 ὥσπερ
1224 1642 1256 1668 ὲκ
1273 1641 1390 1677 γήρους,
1404 1640 1549 1677 δυσήκοος.
1562 1639 1673 1671 Κακοὺς
1685 1640 1714 1666 δὲ
1736 1639 1835 1672 σώζειν

1036 1687 1099 1715 οὔτε
1127 1688 1242 1720 δίκαιον,
1258 1686 1321 1714 οὔτε
1342 1689 1399 1719 τοῖς
1433 1687 1600 1722 σωζομένοις
1617 1685 1768 1717 λυσιτελές.
1784 1686 1835 1713 Διὰ

1037 1735 1065 1761 δὲ
1080 1735 1110 1761 τὺ
1122 1734 1252 1769 τειχίζειν
1265 1733 1392 1770 εὕρ-ἧσθαι
1408 1733 1458 1764 τὰς
1480 1733 1631 1768 ἁμαρτίας,
1649 1733 1663 1759 ὁ
1678 1732 1774 1767 Σωτὴρ
1789 1733 1835 1759 διὰ

1036 1781 1087 1816 τῆς
1110 1781 1235 1816 ἀφέσεως
1265 1779 1367 1806 τούτων
1395 1779 1426 1806 τὸ
1452 1779 1621 1814 μεσότοιχον,
1638 1777 1686 1805 τοῦ
1701 1778 1834 1813 φραγμοῦ

1037 1825 1117 1853 λῦσαι
1134 1825 1258 1860 λέγεται.
1283 1823 1480 1858 Ἀποστρέφει
1505 1823 1578 1850 δὲτὸ
1592 1824 1759 1857 πρόσωπον
1772 1823 1832 1850 ἀπὸ

1037 1870 1097 1898 τῶν
1126 1869 1288 1904 ἁμαρτιῶν,
1303 1869 1434 1901 δυσειδεῖς
1453 1868 1550 1904 ὥσπερ
1577 1868 1625 1895 καὶ
1639 1868 1773 1900 δυσώδεις
1801 1868 1833 1894 οὐ

1038 1917 1130 1953 φέρων
1148 1917 1222 1944 [δεῖν.
1246 1915 1389 1942 Ἐντεῦθεν
1401 1916 1430 1942 δὲ
1445 1915 1537 1950 δῆλον,
1555 1915 1597 1941 ὅτι
1613 1911 1669 1947 οὖς
1682 1914 1713 1949 τὸ
1728 1915 1833 1941 δίκαιον

1037 1963 1148 1996 ἀκοῦον,
1176 1963 1270 1991 ἄδικον
1301 1962 1329 1990 δὲ
1351 1962 1400 1998 μὴ,
1425 1961 1583 1997 δικαιοσύνη
1605 1961 1674 1988 Θεοῦ
1690 1962 1776 1995 ἐστιν¹
1801 1962 1832 1988 οὑ

1038 2010 1197 2046 σωματικὸν
1209 2007 1275 2042 οὖς,
1297 2009 1494 2044 αἰτιασάμενος
1505 2009 1534 2035 δὲ
1549 2007 1666 2035 καθόλου
1680 2008 1731 2040 τὰς
1739 2009 1834 2042 ἀμαρ-

1037 2057 1112 2089 τιας,
1124 2057 1185 2083 κατ’
1197 2053 1268 2087 εἶδος
1281 2054 1366 2087 αὐτὰς
1381 2054 1570 2090 ἐπεξέρχεται,
1588 2054 1635 2081 καὶ
1653 2055 1831 2088 μιαιφονίαν

1036 2102 1231 2135 αἰτιᾶται,καὶ
1246 2101 1446 2135 καταλαλιὰν,
1464 2100 1587 2137 οὐδαμοῦ
1618 2100 1647 2127 δὲ
1677 2099 1726 2127 νῦν
1753 2100 1833 2127 εἰδω-

1038 2148 1210 2184 λολατρείαν.
1247 2148 1428 2175 Ἀπέκτειναν
1456 2147 1511 2183 γὰρ
1524 2147 1588 2179 τοὺς
1601 2146 1757 2181 προφήτας,
1785 2147 1833 2173 καὶ

1038 2195 1104 2227 τοὺς
1114 2194 1237 2225 δικαίους
1266 2193 1500 2228 ἑσυκοφάντησαν.
1525 2193 1599 2227 Ἔφη
1625 2192 1651 2226 γ’
1676 2189 1723 2218 οὖν
1745 2192 1832 2227 Ἰερε-

1040 2242 1115 2278 μίας·
1135 2250 1144 2266 ι
1169 2240 1202 2267 Ἦ
1217 2240 1293 2276 ἰσχύς
1306 2249 1356 2275 μου
1368 2239 1493 2272 ἐξέλιπεν
1508 2238 1540 2265 ἐκ
1555 2238 1610 2265 τῶν
1627 2238 1834 2274 καταρωμένων

1040 2298 1085 2325 με.
1106 2298 1116 2315 ι
1134 2289 1189 2315 Καὶ
1202 2288 1216 2315 ό
1237 2287 1334 2323 παρὼν
1350 2287 1381 2314 δὲ
1398 2287 1545 2322 προφήτης
1573 2285 1676 2320 ἔφασκε
1694 2293 1702 2301 ·
1721 2295 1731 2311 ε
1749 2285 1833 2312 Ἴδετε

1039 2333 1077 2365 ὡς
1091 2333 1105 2359 ὁ
1118 2332 1223 2364 δίκαιος
1240 2333 1362 2368 αῐρεται,
1381 2341 1390 2358 ι
1404 2331 1453 2359 καὶ
1468 2332 1504 2358 τὰ
1524 2331 1571 2357 ἐπὶ
1588 2331 1686 2366 τούτῳ.
1709 2331 1769 2365 Ἀφ’
1782 2327 1832 2362 ὧν,

1037 2379 1076 2411 ὡς
1090 2378 1121 2412 ἐξ
1146 2378 1289 2411 ἐλάττονος
1309 2378 1404 2406 κακῶν
1422 2378 1541 2414 μελέτης
1557 2377 1604 2404 ἐπὶ
1618 2376 1665 2403 τὸν
1681 2376 1764 2412 φόνον
1784 2375 1833 2402 rei.

1038 2425 1166 2460 Σωτῆρος
1176 2426 1341 2461 ἀνέδραμον,
1353 2425 1383 2451 δν
1395 2424 1469 2451 ἔοικε
1483 2422 1601 2459 μάλιστα
1608 2423 1651 2449 διὰ
1665 2423 1720 2449 τῶν
1731 2422 1834 2458 παρόν-

1037 2477 1091 2497 των
1121 2470 1136 2496 ὁ
1161 2470 1305 2505 προφήτης
1322 2469 1432 2505 δηλοῦν.
1456 2468 1488 2495 Εἰ
1506 2468 1618 2504 γὰρκαὶ
1632 2468 1686 2503 μὴν
1700 2468 1730 2494 τὸ
1741 2468 1834 2502 χεῖρες

1038 2515 1087 2543 τοῦ
1115 2515 1253 2551 Σωτῆρος,
1280 2515 1427 2550 γεγόνασιν
1442 2514 1501 2542 ἀλλ’
1517 2512 1565 2541 οὖν
1596 2513 1690 2546 αἴτιοι,
1709 2513 1802 2540 καὶτὸ
1821 2513 1834 2532 ιι

1038 2560 1112 2596 αἷμα
1123 2561 1208 2589 αὑτοῦ
1223 2562 1268 2588 ἐπ’
1282 2562 1383 2594 αὐτοὺς
1396 2561 1492 2593 ἐϐόων,
1507 2561 1556 2587 καὶ
1571 2561 1618 2587 ἐπὶ
1636 2561 1671 2586 τὰ
1685 2559 1770 2586 τέκνα
1784 2559 1836 2586 αὺ-

1038 2607 1104 2635 τῶν.
1120 2608 1176 2634 Καὶ
1193 2608 1288 2640 κακῶς
1299 2607 1326 2634 δὲ
1341 2607 1468 2642 λέγοντες
1488 2607 1539 2634 οὐκ
1552 2605 1687 2633 ἐπαύοντο
1696 2604 1836 2633 ἁνασείειν

1039 2653 1075 2681 τὰ
1087 2653 1189 2690 πλήθη,
1205 2654 1252 2681 καὶ
1263 2654 1408 2690 δαιμονᾷν,
1420 2653 1469 2681 καὶ
1475 2652 1650 2689 Σαμαρείτην
1661 2653 1694 2679 ὲκ
1705 2650 1837 2687 πορνείας

1036 2741 1059 2758 δ’
1073 2741 1172 2771 Matth.
1182 2750 1258 2775 nvt,
1278 2742 1324 2770 25.

830 2797 951 2827 VARUE
966 2799 1174 2829 LECTIONES.

199 2875 226 2904 ﬂ!
236 2841 364 2905 τὲιισάε
398 2842 453 2878 γὰρ
469 2841 516 2870 καὶ
530 2843 576 2878 μὴ
608 2843 781 2877 ﬁeld/ivno
801 2845 902 2881 χεῖρες
932 2847 1022 2876 αὐτῶν

1063 2849 1165 2883 αἵματι
1199 2849 1247 2876 τοῦ
1283 2848 1419 2885 Σωτῆρος,
1441 2847 1586 2884 γεγόνασιν
1617 2845 1731 2875 ἅλλόὗν
1742 2846 1837 2882 αἴτιοι,
