1999 3076
155 155 226 188 2601

715 153 988 186 COMMENTARII
1006 153 1048 186 IN
1066 154 1125 185 [SA
1130 154 1210 185 IAM.

1715 149 1787 181 2602

155 220 186 238 τε
200 210 280 243 εἶναι,
295 211 344 239 καὶ
359 211 389 238 ἐν
400 209 564 242 Βεελζεϐοῦλ
592 209 736 238 ἐκϐάλλειν
761 210 797 236 τὰ
819 208 944 245 δαιμόνια

1008 209 1106 237 ιιιοὶπίε
1128 209 1277 241 lacessere,
1293 208 1482 244 populumque
1500 206 1528 235 in
1543 206 1620 235 illum
1635 206 1788 239 concltare.

155 257 380 293 καταιτιώμενοι.

997 254 1043 288 qui
1060 254 1197 283 furiosum
1213 254 1253 286 '°,
1271 253 1318 289 qui
1334 253 1499 280 Samaritam
1510 251 1533 268 "
1547 272 1555 285 ,
1577 251 1625 287 qui
1655 258 1690 279 ex
1711 251 1790 278 adul-

157 305 227 332 terio
259 307 431 339 procreatum
461 301 604 335 dicere";
629 301 676 336 qui
699 300 817 336 denique
843 300 870 327 in
897 299 1041 327 Beelzebut
1072 300 1184 328 nomine
1208 299 1342 328 daemonia
1370 299 1539 335 ejiceret".
1557 300 1685 326 incusare
1711 305 1769 325 nun

157 358 239 390 quam
252 350 403 379 desierunt.

193 400 240 428 At6
251 406 344 435 φησιν·
355 397 460 431 οὐδεὶς
471 395 562 425 λαλσῖ
585 395 697 428 δίκαια.
716 395 788 423 οὐδὲ
801 395 868 423 ἐστι
884 394 946 429 κρί-

158 455 210 480 σις
232 444 380 480 ἀληθινήι
415 443 463 471 καὶ
498 442 587 475 ἄλλως
635 442 733 474 αὐτοὺς
767 441 806 474 ὡς
839 441 946 477 ψευδεῖς

158 493 206 519 καὶ
235 491 345 522 ἀδίκους
371 488 469 524 κριτὰς
500 486 729 522 καταιτιώμενος.
758 484 836 519 Εἶτα,
868 485 946 512 ἐπει-

159 538 246 573 δήπερ
278 535 391 567 ἐαυτοὺς
419 533 610 567 ἐξαπατῶντες
653 533 747 568 ἕτερον
775 531 947 568 προσδοκῶσι

160 583 289 620 Χριστὸν,
332 580 492 617 ἀνθρώπινά
523 587 584 607 τινα
613 574 684 614 ’περὶ
714 578 797 606 αὐτοῦ
835 577 949 614 μυθολο-

160 631 294 666 γοῦντες,
332 628 455 662 ἐπιλέγει
471 635 479 642 '
519 625 707 654 ιΙεποίθιισιν
731 624 781 652 ἐπὶ
803 623 950 659 ματαίοις,

162 676 211 704 καὶ.
227 674 359 703 λαλοῦσι
376 673 458 701 κενά.
473 673 518 700 Διδ
532 672 639 703 Παῦλος
652 670 803 706 ἀποτρέπει
815 669 853 706 μὴ
867 678 953 705 προσ-

163 724 236 758 έχειν
266 720 423 752 Ἰουδαϊκοῖς
451 719 558 755 μύθοις,
583 717 632 744 καὶ
658 717 778 748 ἐντολαῖς
800 715 952 750 ἀνθρώπων

163 766 412 802 ἀποστρεφομένων
425 764 475 800 τὴν
489 763 631 800 ἀλήθειαν.
645 762 737 789 ’Ἦσαν
751 762 779 788 δὲ
795 761 843 788 καὶ
862 760 952 792 ἄλλως

162 815 289 848 μάταιοι,
319 811 368 839 καί
397 809 532 838 ἐλάλουν
563 808 688 844 ἀλλήλοις
716 806 791 834 κενά
806 814 813 821 υ
842 815 851 831 ι
868 802 953 837 Οὗτός

164 863 239 888 ἐστιν
253 860 267 887 ὁ
281 857 451 894 κληρονόμος
468 864 475 872 ·
501 855 591 887 δεῦτε,
618 854 768 889 κτείνωμεν
787 852 879 885 αὑτὸν,
903 851 952 878 καὶ

1033 391 1115 427 667
1122 391 1241 426 ideoque
1259 391 1389 419 neminem
1399 390 1617 426 quuiqumjusta
1625 395 1699 423 sunt;
1709 399 1791 427 neque

996 438 1100 473 justum
1120 446 1177 466 esse
1189 437 1321 473 judicium
1340 437 1456 472 adjecit:
1477 442 1508 464 ut
1519 443 1567 466 eos
1579 436 1633 465 alia
1651 437 1735 465 etiam
1746 445 1792 465 ra-

1000 484 1086 518 tione,
1102 487 1233 519 tanquam
1248 482 1334 511 falsos
1346 487 1373 511 et
1383 482 1496 519 iniquos
1508 482 1616 518 judices
1638 482 1791 511 incusaret.

1000 529 1070 564 Quia
1083 529 1182 558 deinde
1195 537 1225 557 se
1235 529 1287 565 ipsi
1304 529 1485 564 dt-cipientes,
1500 529 1695 564 Christumque
1706 529 1791 556 alium

1000 581 1205 613 exspectantes,
1218 576 1337 604 humana
1359 575 1483 612 quadam
1508 576 1542 603 de
1571 575 1618 604 illo
1635 575 1782 613 fabulaban

1001 612 1065 654 tur;
1081 621 1212 657 conﬁdere
1226 629 1270 648 eos
1292 620 1319 648 in
1335 621 1419 654 uanis,
1436 624 1460 648 et
1480 620 1573 648 inania
1599 620 1672 655 loqui
1692 612 1797 648 addit?

1001 667 1121 703 indeque
1136 671 1232 694 monet
1254 666 1358 694 Paulus
1373 666 1397 682 "
1405 673 1438 694 ne
1448 665 1571 694 Judaicis
1581 665 1682 694 fabulis
1699 665 1791 693 homi-

1001 721 1124 749 numque
1144 712 1294 744 mandatis.
1308 720 1369 748 quae
1385 712 1528 740 veritatem
1555 717 1729 745 aversantur,
1752 716 1794 738 at-

1002 759 1159 788 tendamus.
1175 759 1260 786 Erant
1276 766 1342 786 vero
1355 762 1382 786 et
1401 758 1455 786 alia
1479 758 1585 787 ratione
1606 757 1794 790 vani,iuania-

1004 814 1053 842 que
1079 813 1173 834 secum
1189 805 1401 840 loquentes;qui
1427 804 1510 840 impia
1540 805 1612 833 ista:
1645 814 1655 831 ι
1673 804 1725 832 Hic
1751 807 1794 832 est

1003 851 1102 884 ha‘res,
1130 851 1231 884 venite,
1264 851 1422 879 occidamus
1449 858 1524 885 cum,
1551 854 1579 879 et
1604 850 1794 885 possideamus

164 906 277 942 σχῶμεν
290 903 373 931 αὐτοῦ
384 902 434 939 τὴν
444 901 655 937 κληρονομίαν.»
672 900 777 931 Οἰτινες
794 897 824 931 ἐξ
842 897 951 925 οἰκείων

1008 896 1092 932 ipsius
1106 896 1292 925 hereditatem
1303 897 1337 928 ".
1355 905 1364 922 ι
1383 896 1410 923 in
1423 903 1471 924 ore
1480 895 1627 924 habebant.
1648 896 1690 924 [lli
1716 895 1796 923 nimi-

163 948 302 985 λογισμῶν
329 948 389 974 κατ’
410 945 492 974 αὐτοῦ
519 946 694 981 βλασφήμους
721 944 817 978 λόγους
849 942 950 978 συρρά-

167 1002 290 1027 πτοντες,
311 993 422 1020 κύουσι
435 992 541 1023 πόνον.
555 990 605 1018 καὶ
632 990 789 1017 τίκτουσιν
812 988 951 1023 ἀνομίαν,

164 1041 215 1068 οὐκ
226 1039 328 1070 ειδότες
340 1038 432 1072 λέγειν
447 1045 455 1053 ·
474 1047 484 1064 ι
508 1037 556 1064 Ἐκ
576 1035 624 1062 τοῦ
636 1034 719 1071 φόϐου
739 1043 797 1066 σου,
815 1033 947 1069 Κύριε,ἐν

164 1086 265 1122 γαστρὶ
293 1085 437 1120 ἐλάσομεν,
464 1083 513 1111 καὶ
544 1082 728 1118 ὠδινήσαμεν,
756 1081 802 1108 καὶ
819 1079 952 1114 ἐτέκομεν

165 1133 276 1168 Πνεῦμα
297 1130 436 1167 σωτηρίας
449 1137 457 1145 ·
491 1138 501 1156 ι
524 1128 638 1156 τοιαῦτα
664 1127 693 1155 δὲ
716 1127 855 1158 κύουσιν,
874 1126 954 1152 ὁποῖα

165 1180 214 1207 καὶ⁸
226 1179 259 1205 δι’
276 1177 369 1214 ἐτέρου
383 1176 509 1203 λέλεκται
527 1183 534 1191 ·
554 1184 564 1201 ι
586 1174 652 1201 Ἰδοὺ
675 1172 808 1208 ὠδίνησεν
833 1171 952 1199 ἀδικίαν.

165 1224 301 1253 Συνέλασε
316 1223 407 1255 πόνον,
423 1222 472 1249 καὶ
485 1221 578 1248 ἔτεκεν
592 1219 719 1255 ἀνομίαν,
755 1227 764 1245 ι
785 1218 833 1245 καὶ
847 1217 882 1244 τὰ
907 1216 955 1244 ἐπὶ

165 1271 282 1302 τούτοις.
296 1270 378 1301 Ἐθος
388 1269 416 1296 δὲ
430 1269 463 1304 τῇ
484 1268 581 1303 Γραφῇ
598 1266 694 1294 πόνον
719 1265 766 1292 τὸν
783 1263 881 1299 φθόνον
904 1271 955 1290 κα-

165 1319 233 1346 λεῖν.
250 1317 334 1348 Πόνος
347 1315 401 1351 γάρ
417 1315 476 1341 ἐστι
486 1314 543 1345 τοῖς
569 1312 650 1339 αὑτὸν
667 1310 802 1344 νοσοῦσιν,
830 1309 954 1345 ἐκτήκων

167 1364 277 1395 αὐτούς.
300 1361 464 1395 Ὠδίνησαν
482 1356 529 1387 οὖν
549 1358 595 1386 τὸν
617 1357 690 1385 κατὰ
711 1355 832 1392 Χριστοῦ
844 1355 954 1390 φθόνον,

167 1409 215 1437 καὶ
228 1408 276 1444 τὴν
288 1408 347 1434 κατ’
363 1406 445 1433 αὑτοῦ
462 1403 619 1441 μιαιφονίαν
646 1401 794 1430 ἀπέτεκον
809 1409 817 1416 ·
830 1399 892 1444 ἐπεὶ
907 1399 956 1426 καὶ

169 1456 199 1482 ἐν
220 1442 359 1488 συλλόγοις
387 1451 480 1486 ἐλεγον
496 1458 504 1466 '
522 1459 532 1476 ι
560 1449 593 1476 Τί
619 1447 761 1483 ποιοῦμεν,
792 1447 834 1474 ὅτι
849 1442 926 1478 οὗτος
941 1445 956 1472 ό

169 1501 314 1537 ἄνθρωπος
338 1497 426 1525 πολλὰ
452 1497 525 1524 ποιεῖ
549 1496 667 1531 σημεϊας
684 1503 693 1519 ι
720 1493 749 1520 '0
761 1493 790 1520 δὲ
813 1493 955 1526 Καϊάφας,

172 1557 182 1574 ι
201 1545 338 1582 Συμφέρει
355 1545 433 1580 ἡμῖν,
448 1543 511 1578 ἔφη,
535 1541 579 1568 ῐνα
594 1538 634 1572 εἷς
655 1539 798 1576 ἄνθρωπος
820 1538 954 1573 ἀποθάνῃ,

171 1593 218 1622 καὶ
234 1592 272 1628 μὴ
285 1592 346 1619 ὅλον
363 1590 391 1618 τὸ
404 1590 479 1621 ἔθνος
489 1588 634 1624 ἀπόληται.
654 1596 664 1614 ι
682 1587 732 1622 Είη
746 1586 768 1612 δ’
792 1585 825 1613 ἂν
843 1584 958 1612 τοιαῦτα

171 1637 219 1664 καὶ
232 1637 283 1664 ὅσα
296 1635 404 1671 πονηρά
421 1642 462 1665 τις
475 1635 508 1661 ἐκ
520 1633 570 1668 τῆς
582 1631 651 1663 ιδίας
680 1630 824 1666 ἐρεύγεται
841 1629 958 1664 καρδίας

170 1683 306 1718 δόγματα.
327 1682 359 1708 Οἱ
372 1681 400 1708 δὲ
414 1680 530 1707 τοιοῦτοι
541 1679 589 1706 καὶ
599 1677 641 1705 ὠὰ
651 1677 791 1705 ἀσπίδων
813 1675 957 1710 ἐρῤηεαν,

170 1730 225 1756 τῶν
238 1727 434 1762 ἀντικειμένων
448 1725 588 1760 δυνάμεων
602 1723 636 1750 τὰ
652 1723 798 1757 σπέρματα
811 1722 841 1748 ἐν
850 1721 960 1752 ἑαυτοῖς

171 1775 333 1809 κυήσαντες.
351 1772 396 1799 Διδ
406 1773 464 1803 τοῖς
479 1771 529 1806 τῆς
544 1770 644 1802 κακίας
662 1768 753 1796 αὐτῶν
768 1767 889 1802 ἐκγόνοις
901 1766 961 1794 tu-

170 1828 245 1856 'fEto‘
263 1821 386 1854 «Ὀφεις,
398 1818 555 1853 γεννήματα
565 1815 703 1852 ἐχιδνῶν.)
717 1813 869 1848 ’Δναλόγως
882 1813 910 1840 δέ
921 1811 961 1848 τῷ

172 1867 267 1903 σπόρῳ
293 1866 333 1902 τῷ
359 1864 424 1901 Θείῳ
456 1864 501 1891 τὸν
531 1863 586 1890 τῶν
606 1861 803 1896 ἀντικειμένων
819 1859 961 1895 δυνάμεων

173 1914 275 1950 σπόρον
302 1912 343 1939 did
366 1911 504 1946 ὠνόμασε,
537 1909 582 1936 διὰ
598 1908 647 1935 τοῦ
672 1905 840 1943 ἐρπυστικοῦ
864 1905 961 1940 γένους

172 1960 360 1996 παράδειγμα.
386 1956 511 1987 ’Δσπίδες
524 1954 580 1990 γὰρ
597 1954 644 1981 καὶ
657 1953 733 1988 ὕφεις
747 1952 796 1979 καὶ
808 1950 962 1978 τὰτοιαῦτα

173 2007 228 2034 τῶν
250 2003 442 2032 ὼοτοκούντων
470 2001 554 2029 ἐστίν.
572 1999 685 2034 Ἐπειδὴ
698 1999 726 2025 δέ
741 1997 811 2034 μετὰ
826 1996 963 2032 τοσαύτην

173 2052 286 2084 κακίαν,
313 2050 363 2086 τὴν
398 2048 514 2085 μελέτην
539 2047 587 2074 καὶ
605 2045 782 2073 διδασκαλίαν
806 2043 860 2071 τῶν
881 2042 963 2070 θείων

174 2097 291 2135 Γραφῶν
310 2094 555 2130 ἐπαγγελλόμενοι,
565 2092 634 2128 πρὸς
652 2090 786 2127 μυθώδεις
800 2088 964 2135 γραολογίας

174 2133 339 2171 ἐκπίπτουσι
355 2141 404 2168 καὶ
429 2138 582 2175 ἀνθρώπων
615 2136 782 2172 ἐντάλματα,
810 2133 964 2170 παρέὸαλεν

174 2190 312 2225 ἀράχνης
340 2183 423 2220 ἱστῷ,
449 2185 480 2212 τὸ
500 2183 601 2220 σαθρὸν
619 2183 667 2209 καὶ
694 2181 793 2216 ἄτιμον
803 2180 854 2215 τῆς
872 2179 964 2206 αὐτῶν

175 2234 290 2270 ἐκδοχῆς
308 2242 337 2260 τε
349 2233 395 2259 καὶ
408 2230 594 2266 παραδόσεως.
611 2228 724 2264 Μήποτε
736 2227 766 2253 δὲ
782 2226 830 2254 καὶ
839 2226 888 2258 τὰς
895 2224 966 2252 κατὰ

176 2279 296 2316 Χριστοῦ
322 2277 507 2313 συκοφαντίας
522 2275 595 2302 οὕτω
617 2273 812 2307 καλείςδόλους
823 2271 878 2308 γὰρ
899 2271 963 2298 πλέ-

176 2335 282 2359 κοντες,
299 2325 383 2362 ᾤοντο
399 2324 450 2359 μὲν
469 2323 519 2359 τὴν
528 2321 583 2349 ἀπὸ
599 2319 654 2347 τῶν
686 2319 759 2346 ἰδίων
780 2317 964 2354 ἐπιχειρημά-

175 2382 229 2401 των
240 2371 393 2407 πλουτῆσαι
410 2370 526 2405 σκέπην,
541 2368 588 2395 καὶ
609 2365 749 2397 λυσιτελές
761 2373 788 2391 τι
803 2364 900 2400 οηρᾷν.
913 2363 965 2390 Οὑ-

176 2419 219 2446 δὲν
229 2418 258 2445 δὲ
268 2417 378 2452 ὤνησαν
395 2414 495 2449 γυμνοὶ
507 2412 557 2448 τῆς
570 2410 673 2439 ἄνωθεν
687 2410 830 2445 γενόμενοι
847 2408 963 2444 σκέπης,

1006 951 1067 971 rum
1083 951 1116 971 ex
1129 943 1242 979 proprio
1254 950 1337 971 sensu
1351 942 1379 970 in
1390 950 1453 971 eum
1469 942 1669 970 contumeliosa
1684 947 1712 970 et
1724 941 1796 970 blas-

1004 987 1101 1023 phema
1116 987 1199 1016 verba
1230 993 1407 1021 consuentes,
1435 988 1587 1023 concipiunt
1612 987 1741 1020 laborem,
1770 992 1796 1015 et

1003 1034 1115 1069 pariunt
1132 1034 1310 1070 iniquitatem,
1325 1035 1373 1069 qui
1390 1034 1483 1063 dicere
1495 1042 1549 1062 non
1567 1037 1686 1070 possunt
1707 1043 1714 1060 :
1738 1043 1747 1061 ι
1765 1033 1794 1061 1η

1006 1080 1105 1108 timore
1114 1080 1330 1114 tuo,Domine,in
1345 1084 1423 1109 utero
1431 1080 1598 1116 accepimus,
1610 1083 1638 1108 et
1646 1084 1725 1115 partu
1730 1079 1796 1107 rivi-

1005 1131 1078 1156 mus,
1095 1128 1123 1151 et
1134 1124 1293 1159 peperimus
1310 1123 1437 1159 spiritum
1459 1123 1558 1152 salutis
1567 1124 1601 1151 ".
1619 1132 1628 1150 ι
1642 1123 1720 1151 Talia
1730 1130 1797 1151 vero

1005 1175 1071 1199 sunt
1089 1177 1150 1205 qua:
1161 1170 1324 1205 concipiunt,
1344 1169 1437 1206 qualia
1452 1169 1536 1198 etiam
1549 1168 1622 1205 apud
1639 1169 1725 1196 alium
1746 1169 1797 1196 ha-

1004 1217 1106 1245 bentur
1121 1216 1164 1245 his
1184 1216 1276 1245 verbis
1297 1225 1303 1244 :
1328 1225 1338 1242 ι
1358 1216 1430 1244 Ecce
1459 1215 1591 1251 paturivit
1618 1215 1796 1250 iniustitiam,

1004 1263 1132 1298 concepit
1144 1263 1279 1295 laborem,
1296 1266 1322 1290 et
1335 1262 1441 1298 peperit
1451 1262 1623 1297 iniquitatem
1633 1261 1668 1295 ",
1687 1270 1697 1287 ι
1715 1265 1797 1289 σκιο-

1004 1316 1090 1344 raque
1103 1308 1245 1344 deinceps.
1265 1306 1313 1335 Est
1334 1314 1416 1343 porro
1435 1307 1585 1343 Scriptura).
1613 1306 1745 1335 usitatum
1759 1306 1799 1333 la-

1004 1353 1077 1382 boris
1092 1353 1216 1387 nomine,
1232 1353 1362 1381 invidiam
1374 1353 1436 1381 ideo
1451 1352 1694 1389 signiﬁcare,un
1705 1353 1752 1388 qui
1765 1361 1798 1381 ea

1005 1400 1142 1434 laborant,
1157 1399 1311 1428 tabescant.
1328 1398 1509 1434 Conceperunt
1524 1406 1591 1434 ergo
1615 1399 1643 1426 in
1657 1398 1799 1427 Christum

1006 1446 1150 1479 invidiam,
1167 1449 1195 1474 et
1211 1445 1313 1474 caedem
1329 1445 1356 1472 in
1372 1444 1499 1473 eumdem
1516 1449 1681 1480 pepererunt.
1697 1443 1731 1471 Et
1746 1444 1800 1472 ista

1006 1494 1105 1523 deinde
1118 1494 1177 1522 suis
1191 1493 1219 1521 in
1233 1492 1360 1521 conciliis
1383 1495 1555 1528 usurparunt
1573 1501 1580 1519 :
1604 1501 1612 1518 ι
1631 1491 1701 1525 Quid
1733 1490 1800 1519 iaci-

984 1574 993 1583 .
1009 1547 1081 1573 mus,
1103 1539 1234 1575 quoniam
1257 1538 1303 1567 hic
1325 1539 1407 1566 homo
1430 1538 1516 1566 multa
1542 1538 1621 1574 signa
1650 1537 1717 1566 facit
1730 1537 1771 1565 "‘i
1787 1548 1797 1565 ι

984 1593 994 1604 ι
1010 1584 1043 1611 Ει
1059 1584 1194 1620 Caiphas:
1217 1593 1227 1610 ι
1243 1583 1378 1611 Conducit
1389 1583 1480 1616 nobis,
1493 1583 1594 1618 inquit,
1610 1587 1640 1611 ut
1650 1591 1722 1612 unus
1741 1591 1802 1611 mo-

1009 1631 1099 1659 riatur
1115 1631 1207 1663 homo,
1223 1637 1258 1658 ne
1275 1633 1331 1658 tota
1342 1637 1411 1666 gens
1427 1633 1519 1665 pereat
1534 1630 1569 1657 ⁸⁹.
1585 1639 1595 1656 ν
1612 1629 1725 1658 Fuerint
1736 1638 1802 1659 vero

1010 1677 1120 1713 generis
1136 1677 1219 1711 hujus
1234 1680 1262 1704 et
1278 1676 1348 1703 mala
1366 1675 1504 1711 dogmata,
1521 1683 1582 1711 qua:
1602 1675 1636 1703 de
1651 1676 1734 1704 corde
1750 1684 1801 1704 suo

1010 1723 1072 1758 quis
1086 1722 1233 1758 depromit.
1259 1721 1313 1755 Qui
1332 1722 1432 1750 deinde
1458 1722 1528 1750 tales
1558 1726 1631 1756 sunt,
1647 1731 1696 1750 ova
1719 1723 1800 1751 etiam

1010 1767 1133 1802 asptdum
1161 1767 1306 1802 fregerunt,
1335 1766 1382 1802 qui
1398 1766 1617 1795 adversariarum
1634 1771 1800 1803 potestatum

1012 1812 1116 1841 semina
1131 1818 1260 1848 tanquam
1277 1812 1303 1839 in
1325 1817 1403 1840 utero
1419 1819 1471 1840 suo
1484 1812 1633 1848 gerebant:
1650 1813 1723 1840 unde
1737 1817 1803 1840 sunt

1012 1860 1149 1888 malitiosa
1164 1867 1260 1887 eorum
1282 1859 1384 1894 proles,
1406 1864 1557 1894 serpentes,
1588 1862 1616 1887 et
1645 1859 1802 1894 viperarum

1013 1905 1151 1942 genimina
1163 1908 1320 1940 nuncupata
1336 1904 1371 1932 '°,
1399 1903 1527 1940 Congrue
1544 1908 1648 1936 autem,
1674 1908 1701 1932 et
1733 1911 1803 1931 con-

1012 1951 1135 1980 venienti
1150 1951 1231 1986 plane
1245 1958 1307 1977 cum
1322 1949 1417 1977 divino
1432 1949 1537 1977 semine
1566 1949 1685 1983 ratione,
1704 1949 1801 1977 adver-

1013 1997 1150 2025 sariarum
1171 1999 1338 2032 potestatum
1354 2002 1459 2028 semen,
1474 1998 1504 2022 ut
1520 1995 1688 2030 serpentium
1715 2002 1802 2030 genus

1013 2049 1077 2070 esse
1093 2041 1309 2072 demonstraret,
1327 2047 1376 2067 ova
1394 2038 1551 2074 appellavit.
1583 2038 1654 2066 Sunt
1681 2039 1754 2066 enim
1771 2047 1802 2066 ex

1014 2095 1111 2115 eorum
1125 2094 1236 2123 genere,
1251 2093 1312 2121 qua:
1327 2093 1377 2113 ova
1391 2085 1548 2121 pariunt,et
1563 2085 1683 2120 aspides.
1702 2090 1729 2112 et
1744 2093 1804 2113 scr—

1015 2137 1121 2168 pentes,
1134 2136 1289 2166 caeteraque
1311 2131 1423 2159 similia.
1448 2130 1501 2163 Qui
1524 2137 1592 2158 vero
1616 2133 1679 2164 post
1699 2133 1805 2157 tantam

1015 2179 1148 2206 malitiam
1155 2185 1215 2205 cum
1224 2184 1318 2205 sacras
1325 2176 1442 2204 Litteras
1457 2182 1606 2210 earumque
1612 2175 1733 2204 studium
1743 2182 1804 2211 pro-

1019 2225 1174 2258 ﬁterentur,
1204 2223 1231 2251 in
1244 2223 1354 2251 fabulas
1381 2222 1467 2259 668
1493 2222 1592 2255 aniles,
1607 2221 1806 2257 hominumque

1018 2270 1146 2297 mandata
1163 2268 1268 2304 delapsi
1282 2272 1358 2301 sunt,
1377 2268 1528 2296 marcidam
1554 2272 1583 2295 et
1599 2267 1743 2302 ingloriam
1758 2274 1805 2295 eo-

1018 2323 1078 2343 rum
1097 2316 1123 2343 in
1135 2315 1260 2343 docendo
1276 2314 1464 2346 traditionem,
1478 2322 1639 2341 araneorum
1663 2314 1721 2341 lelw
1733 2321 1798 2341 com

1018 2365 1107 2396 parat.
1135 2361 1234 2388 Annon
1249 2367 1315 2388 vero
1334 2364 1361 2387 et
1377 2367 1424 2388 eas
1443 2360 1538 2393 etiam,
1552 2359 1652 2395 quibus
1667 2359 1694 2387 in
1725 2359 1806 2387 Chri-

1019 2412 1092 2436 stum
1110 2407 1154 2435 usi
1170 2412 1248 2440 sunt,
1274 2406 1428 2434 calumnias
1452 2405 1490 2434 ita
1516 2406 1708 2441 nuncupavit?
1725 2404 1807 2433 Dolos

177 2465 250 2493 enim
266 2450 328 2490 cum
347 2461 374 2489 in
385 2468 446 2489 eum
475 2462 606 2489 necteret,
633 2456 671 2484 ita
696 2463 726 2483 se
749 2461 864 2482 suorum
899 2458 1047 2481 conatuum
1066 2453 1193 2489 przesidio
1222 2451 1331 2480 abunde
1351 2451 1472 2479 munitos
1505 2458 1568 2479 esse
1598 2450 1808 2478 arbitrabantur

178 2517 308 2548 tanquam
332 2508 406 2545 quod
423 2506 476 2535 sibi
505 2504 684 2537 conduceret,
714 2504 809 2530 essent
834 2501 966 2534 assecuti.
985 2502 1059 2536 quod
1074 2501 1144 2529 nihil
1164 2500 1233 2536 ipsis
1247 2504 1349 2532 tamen,
1384 2507 1447 2526 cum
1476 2506 1596 2534 superna
1633 2499 1806 2534 protectione

177 2563 312 2590 carerent,
322 2555 436 2592 profuit.

215 2616 270 2644 Καὶ
283 2617 299 2642 ό
320 2613 455 2650 μέλλων,
481 2609 560 2645 φησὶ,
573 2606 633 2635 τῶν
650 2606 716 2634 ὠῶν
731 2605 831 2633 αὐτῶν
844 2604 964 2650 φαγεῖν,

178 2647 349 2697 συντρίψας
362 2659 465 2694 οὔριον
474 2654 574 2691 εὗρεν,
593 2654 698 2681 Αὐτῶν
725 2652 811 2687 λέγει,
837 2652 900 2687 περὶ
928 2647 966 2678 ὧν

179 2710 233 2744 ἐφη
253 2707 302 2734 τόο
324 2705 374 2734 ⁸οὰ
385 2703 524 2733 ἀσπίδων
551 2700 693 2736 ἕρῤηειιν.
724 2699 757 2725 Ui
796 2697 913 2744 μὲνοῦν
938 2699 967 2724 ὲν

180 2742 265 2788 κακίᾳ
286 2752 397 2785 τέλειοι,
410 2748 626 2784 διαρῤήξαντες
635 2746 670 2773 τὰ
679 2742 914 2779 τελεσφορηθέντα
925 2743 966 2775 εἰς

216 2842 240 2860 ⁵⁸
256 2841 335 2870 Joan.
353 2840 436 2871 x.9.0.

487 2840 508 2855 "‘
519 2837 599 2866 Joan.
615 2846 675 2869 νιιι,
686 2838 731 2867 48.
769 2839 792 2855 ⁵¹
804 2838 874 2866 Ibid.
897 2837 941 2865 M.

1017 2835 1114 2865 Matth.
1128 2844 1167 2867 ix,
1186 2835 1229 2864 54.
1241 2855 1255 2867 .
1270 2835 1294 2852 ³⁸
1311 2834 1366 2862 Tit.
1387 2843 1407 2868 ι,
1435 2834 1479 2862 id.

1054 2603 1089 2630 Et
1107 2602 1152 2639 qui
1169 2602 1201 2629 de
1218 2602 1272 2629 ovis
1301 2609 1391 2628 eorum
1414 2599 1548 2627 comedere
1575 2600 1695 2633 voluerit,
1728 2601 1806 2636 fran-

1018 2659 1081 2687 gens
1097 2650 1233 2686 patricium
1258 2648 1379 2683 reperiet.
1396 2647 1495 2674 Eorum
1523 2648 1622 2682 inquit,
1639 2648 1672 2676 de
1706 2649 1808 2684 quibus

1021 2702 1101 2724 antea
1114 2704 1161 2723 ova
1177 2694 1299 2730 aspidum
1315 2694 1459 2729 fregerunt,
1486 2695 1638 2729 usurpavit.
1656 2695 1706 2728 Qui
1723 2696 1806 2730 igitur

1019 2744 1052 2771 ad
1068 2743 1176 2779 plenam
1204 2742 1415 2776 absolutamque
1429 2741 1580 2776 nequitiam
1608 2747 1805 2777 pervenerunt,

1530 2833 1554 2850 "
1573 2832 1670 2862 Matth.
1695 2842 1751 2867 ut,
1771 2833 1805 2861 53

182 2877 268 2906 "lsa.
288 2883 362 2906 xxvl.
382 2875 423 2903 18.
462 2875 484 2890 ⁵⁷
506 2874 580 2901 l’sal.
604 2880 653 2906 vn,
668 2875 710 2902 15.
748 2874 771 2890 ⁸⁵
797 2873 876 2901 Juau.
898 2882 936 2905 ιιι,
957 2873 1001 2900 47.
1041 2871 1146 2900 "Ibid.
1166 2870 1211 2899 50.
1250 2872 1273 2888 '°
1292 2870 1389 2899 Matth.
1406 2878 1447 2903 ιιι,
1463 2870 1488 2896 'l.

361 2925 496 2954 Pnuon.
518 2924 574 2954 Gn.
600 2923 782 2956 LXXXVII.

1587 2918 1627 2949 82
