1999 3076
205 145 277 178 2603

875 146 1184 177 PROCOPIIGAZEI

1770 150 1840 183 260.1

206 202 228 230 si
255 208 317 236 qua:
342 204 448 227 matura
472 201 538 226 sunt
550 202 579 227 et
594 198 715 235 perfecta
743 200 882 235 [νέφει-ἴω,
908 209 939 228 ea
965 202 987 229 in

1043 203 1158 236 ἑαυτοὺς
1180 204 1355 238 ὑπεδέξαντο.
1380 205 1412 231 Οἱ
1430 204 1459 231 δὲ
1487 205 1681 242 ἁτελέστεροι,
1709 208 1774 241 πρὶν
1792 218 1839 236 τε-

205 255 236 275 se
270 246 423 281 excipiunt.
463 245 516 278 Qui
552 249 643 273 autem
672 253 733 273 eam
766 247 857 274 minus
891 247 992 275 habent

205 292 360 321 absolutam
373 295 401 318 et
418 290 539 326 plenam,
564 290 588 318 si
612 290 646 318 de
658 291 699 318 eis
728 291 804 326 prius
818 291 990 326 comederint,

203 346 284 374 quam
298 337 455 373 tempestiva
471 340 498 364 et
522 336 647 364 absoluta
670 336 737 369 sint,
754 337 905 366 intereunt.
929 339 992 366 Ideo

203 392 256 420 que
267 384 312 419 qui
324 383 356 410 de
370 382 424 410 ovis
439 390 529 410 eorum
544 382 699 415 comederit,
717 383 880 410 moriturum
893 384 991 419 reliqui

202 428 411 457 transtulerunt.
436 428 471 455 At
488 435 554 456 vero
578 427 625 463 qui
653 428 774 463 prudens
799 432 852 460 est,
883 428 993 464 istaque

202 480 288 511 potest
302 479 425 503 evertere
440 478 467 502 et
493 474 647 507 confutare,
659 474 732 509 quod
744 475 770 502 in
783 475 823 503 eis
835 479 990 508 ventosum,

202 520 275 556 quod
290 521 406 552 urinam,
418 519 547 555 quodque
563 520 700 554 putridum
715 520 826 552 latebat,
839 520 928 555 ipsum
944 520 991 548 de-

202 567 294 602 nique,
309 566 357 601 qui
372 565 431 594 solo
462 569 540 593 necat
557 570 681 601 aspectu,
697 565 865 598 basiliscum,
894 565 921 593 id
949 570 992 594 est

201 612 338 648 regulum,
353 611 481 646 reperiet.
500 611 579 644 Quod
601 612 624 639 si
642 612 758 639 aliorum
787 611 889 646 quaeris
911 612 991 639 inter-

202 658 380 693 pretationes,
410 655 538 691 Aquilam
573 656 682 691 quidem
712 656 838 684 dixisse:
873 655 908 683 Et
921 656 991 691 quod

202 705 288 739 fotum
300 708 339 732 est
357 704 383 730 in
408 704 527 738 viperam
555 703 869 738 erupit;Symmachum
881 709 989 730 autem:

203 751 279 786 Quod
294 751 462 778 convolutum
478 754 517 778 est
533 750 577 777 ubi
589 750 705 784 fructum
720 750 812 783 fuerit,
829 750 901 784 aspis
917 750 967 776 erit
981 758 991 782 ;

202 799 416 827 Thcodotionem
441 798 561 833 denique
588 806 595 825 :
620 797 696 830 Quod
714 797 799 832 fotum
811 801 850 824 est
864 797 947 831 erupit
963 796 992 824 in

201 845 330 879 aspidem,
359 844 492 879 reperias.
511 844 586 871 Adeo
603 844 672 871 nihil
697 851 730 871 ea
756 843 869 875 Judaeis.
888 850 948 877 quae
964 842 990 870 in

200 891 339 918 Christum
356 889 478 917 meditati
495 895 570 922 sunt,
585 889 735 924 quidquam
753 889 922 924 profuerunt
934 895 987 916 non

199 937 298 972 magis,
311 944 393 971 quam
410 944 488 963 ουιιηι
504 935 650 969 ejusmodi,
666 936 707 963 vel
723 935 795 970 quod
811 934 903 970 potius
926 941 987 961 om-

199 981 243 1008 nis
260 982 342 1008 ctiam
359 981 485 1009 interitus
499 989 582 1009 causa
596 981 642 1013 sit,
659 980 781 1016 fregerit.
797 980 882 1008 Aiunt
901 987 986 1015 porro

198 1026 324 1053 nonnulli
338 1026 472 1054 comedere
487 1027 519 1054 de
533 1027 588 1054 ovis
605 1031 791 1061 peccatorum,
820 1026 893 1053 idem
909 1033 984 1058 esse,

198 1073 269 1107 quod
284 1073 444 1101 eorumdem
460 1073 548 1101 verbis
574 1072 654 1100 iidem
672 1072 802 1100 adhibere
828 1080 835 1098 :
863 1075 894 1098 ut
920 1071 985 1099 olim

197 1121 277 1153 Abel,
291 1129 353 1148 cum
367 1120 455 1148 Caino
469 1121 585 1148 credidit
613 1121 685 1148 unde
708 1125 824 1149 mortem
839 1120 892 1149 sibi
920 1127 987 1148 con-

198 1166 312 1194 ciliavit.
321 1165 349 1193 ln
359 1166 385 1193 id
396 1166 470 1194 enim
482 1166 573 1201 operis
583 1173 677 1193 eorum
690 1173 782 1194 sermo
798 1165 944 1198 incumbit,
956 1168 987 1192 ut

198 1212 289 1239 verbis
301 1212 378 1239 istis:
394 1211 427 1238 Et
442 1211 511 1247 quod
527 1211 613 1246 fotum
629 1215 668 1238 est
693 1212 720 1238 in
735 1211 853 1246 viperam
869 1211 986 1238 diuisum

197 1262 250 1288 est,
265 1257 444 1293 signiﬁcatur.
463 1257 563 1284 Deinde
589 1256 661 1292 quod
676 1256 756 1284 telam
780 1264 886 1284 araneae
901 1260 988 1284 texere

197 1304 278 1336 dixit,
289 1304 372 1340 669
385 1303 473 1332 iusius
484 1311 640 1332 sermonem
652 1304 735 1332 istum
749 1303 906 1339 explicavit,
922 1310 985 1331 cum

199 1349 278 1376 telam
296 1357 387 1376 eorum
401 1349 429 1376 in
445 1350 626 1376 vestimentum
640 1357 692 1377 non
712 1349 770 1384 [ore
788 1349 901 1384 adjecit.
915 1348 987 1383 Lege

1043 249 1246 285 λεσφορηοῆναι
1263 249 1367 278 τούτων
1383 250 1569 286 ἐμφαγόντες
1591 252 1768 282 ἀπόλλυνται.
1792 256 1838 282 Διὸ

1043 295 1180 327 ἐξέδωκαν
1197 296 1222 322 οἱ
1237 295 1338 328 λοιποὶ,
1356 295 1383 322 '0
1396 296 1507 324 ἐσθίων
1518 296 1553 323 ἐκ
1575 297 1635 325 τῶν
1648 298 1713 326 ὠῶν
1738 300 1839 328 αὐτῶν

1041 341 1246 369 ἀποθανεῖται.
1267 341 1297 368 '0
1313 341 1342 368 δὲ
1360 341 1480 374 συνετὸς,
1501 343 1550 369 καὶ
1560 343 1724 379 ἀνατρέπειν
1735 345 1837 381 ἐλέγχῳ

1041 387 1127 414 ταῦτα
1144 386 1303 423 δυνάμενος,
1321 387 1353 414 τὸ
1369 388 1398 415 ἑν
1428 388 1522 420 αὐτοῖς
1547 388 1659 424 ἐξεῦρεν
1685 390 1836 426 ἀνεμιαῖον,

1041 431 1090 459 καὶ
1104 431 1216 467 οὔριον,
1230 433 1278 459 καὶ
1303 433 1450 466 δυσῶδες,
1463 433 1510 460 καὶ
1522 433 1568 461 τὸν
1585 435 1614 461 ὲν
1633 435 1724 467 αὐτοῖς
1736 436 1835 473 ἐγκρυ-

1040 476 1176 513 πτόμενον
1192 478 1240 505 καὶ
1275 478 1307 504 ἐκ
1333 478 1415 513 μόνου
1434 479 1598 515 φθοροποιὸν
1620 480 1668 508 τοῦ
1681 481 1836 517 βλέμματος

1038 523 1240 555 βασιλίσκον.
1264 524 1342 550 Κατὰ
1355 524 1383 550 δὲ
1396 523 1441 551 τὸν
1471 525 1589 552 Ἀκύλαν
1607 534 1615 541 ·
1628 527 1685 554 Καὶ
1707 527 1740 554 τὸ
1761 529 1834 555 θαλ-

1041 568 1118 603 φθὲν
1132 569 1263 604 ἐσχίσθη
1278 569 1396 604 ἔχιδνα.
1414 570 1493 597 Κατὰ
1505 570 1535 598 δὲ
1558 571 1706 607 Σύμμαχον
1723 581 1730 589 ·
1753 574 1789 600 Τὸ
1800 573 1835 600 δὲ

1041 615 1311 649 συνεστραμμένον
1325 616 1497 651 ἀπορῤαγὲν
1511 615 1598 643 ἔσται
1615 617 1710 650 ἀσπίς
1723 626 1730 633 ·
1762 619 1833 646 κατὰ

1041 659 1071 686 δὲ
1098 660 1279 686 Θεοδοτίωνω
1300 660 1335 687 Τὸ
1348 660 1483 695 θαλφθὲν
1507 660 1617 696 ἐρῤἁγη
1634 661 1740 695 ἀσπίς.
1756 663 1835 690 Οὕτω

1042 706 1097 736 τοῖς
1115 705 1254 737 Ἰουδαίοις
1266 705 1296 732 τὸ
1311 706 1383 732 κατὰ
1395 706 1514 742 Χριστοῦ
1531 707 1692 742 μελετηθὲν,
1703 707 1833 744 ἀνόνητον

1042 750 1163 785 γέγονεν,
1179 751 1219 783 ὡς
1232 753 1288 783 τοῖς
1298 751 1403 778 τοιοῦτο
1430 752 1532 779 κλῶσιν
1548 752 1617 786 ὼύν,
1635 753 1735 788 μᾶλλον
1744 754 1773 781 δὲ
1787 755 1834 781 καὶ

1043 796 1143 828 παντδι,
1156 796 1268 832 ὀλέθρου
1277 797 1416 833 πρόξενον.
1430 798 1499 824 Φασὶ
1508 798 1536 824 δέ
1546 807 1620 830 τινες
1631 798 1669 831 ὡς
1681 799 1712 826 τὸ
1719 799 1834 827 ἐσθίειν

1043 842 1103 869 ἀπὸ
1117 841 1193 874 ὠῶν,
1206 839 1244 869 ὦν
1257 843 1396 879 τίκτουσιν
1409 843 1434 870 οἱ
1446 843 1616 879 ἁμαρτωλοὶ,
1630 844 1661 871 τὸ
1690 844 1832 872 πείθεσθαι

1005 881 1027 911 Β
1042 887 1133 922 λόγοις
1176 888 1267 915 αὐτῶν
1283 897 1290 906 ·
1315 889 1353 920 ὡς
1366 889 1380 915 ό
1392 889 1475 916 Ἀὗελ
1489 889 1529 925 τῷ
1556 889 1628 926 λόγῳ
1645 890 1727 923 Κάῖν,
1747 890 1776 924 ἐξ
1800 887 1832 917 οὗ

1045 931 1172 964 Θάνατος.
1187 933 1235 964 Εἰς
1245 932 1324 960 τοῦτο
1337 933 1392 969 γὰρ
1403 933 1518 969 τοῦργον
1530 934 1544 960 δ
1558 934 1637 968 λόγος
1662 935 1751 962 αὐτῶν
1767 944 1833 963 κατ-

1039 979 1107 1014 αντᾷ
1124 987 1130 994 ·
1146 979 1160 1005 ὃ
1171 979 1255 1014 δηλοῖ,
1272 979 1321 1006 καί
1344 980 1378 1006 τὸ
1400 980 1535 1015 θαλφθὲν
1565 981 1695 1016 ὲσχΙσθη
1715 981 1831 1016 ἔχιδνα.

1039 1024 1131 1051 Εἰπὼν
1145 1024 1184 1057 δὲ,
1200 1024 1300 1051 Ἰστὸν
1309 1025 1452 1060 ἐχίδνηςε
1470 1027 1646 1061 ὑφαίνουσι,
1664 1027 1831 1064 πλατύτερον

1038 1069 1085 1095 τὸν
1098 1069 1162 1105 περὶ
1174 1070 1269 1096 τούτου
1285 1070 1363 1104 λόγον
1374 1071 1511 1098 ἐκτίθεται
1535 1072 1650 1106 φάσκων
1662 1080 1669 1087 ”
1684 1073 1735 1106 Οἵς
1744 1072 1758 1091 εί
1787 1082 1832 1107 τις

1038 1114 1138 1142 αὐτῶν
1169 1115 1224 1142 οῦκ
1249 1115 1335 1143 ἔσται
1361 1117 1405 1149 είς
1417 1115 1545 1151 ἱμάτιον.
1571 1118 1750 1145 Συνετίθεσαν
1765 1119 1830 1155 γὰρ,

1039 1161 1078 1194 ὡς
1107 1162 1225 1196 εἴρηται,
1265 1162 1453 1196 διδασκαλίας,
1481 1164 1637 1200 ἐντάλματα
1662 1164 1830 1201 ἀνθρώπων.

1039 1206 1087 1234 τοῦ
1101 1207 1185 1242 νόμον
1203 1209 1473 1244 καταφρονήσαντες.
1486 1209 1533 1236 Διό
1544 1219 1638 1245 φησιν,
1663 1212 1723 1238 οὐκ
1745 1211 1831 1238 ἔσται

1039 1254 1084 1286 εἰς
1099 1252 1226 1288 Ιμάτιον.
1239 1253 1319 1280 Τοῦτ’
1333 1254 1402 1288 ἔστι,
1421 1255 1489 1289 φασί
1505 1264 1591 1289 τινες,
1609 1257 1665 1283 Οὐκ
1680 1257 1749 1284 οῐσει
1780 1257 1829 1284 κό-

1040 1309 1108 1336 σμον
1124 1300 1215 1332 αὐτοῖς
1227 1300 1245 1327 ἃ
1262 1300 1438 1336 πράττουσιν,
1460 1301 1498 1333 ὡς
1510 1301 1570 1328 οὐδὲ
1584 1303 1622 1337 τῷ
1639 1303 1723 1338 ’Λδὰμ
1730 1303 1830 1339 ἧνεγκε

1040 1345 1142 1380 κόσμον
1158 1344 1206 1371 τοῦ
1222 1344 1349 1380 σώματος
1365 1345 1396 1372 τὺ
1410 1345 1476 1373 ἄνευ
1488 1346 1556 1373 Θεοῦ
1583 1347 1715 1382 πραχθέν.

197 1396 270 1422 enim
286 1395 414 1430 despecta
428 1396 567 1423 doctrinas
579 1399 607 1424 et
624 1395 752 1423 mandata
769 1395 910 1422 hominum
926 1393 980 1423 sibi
1000 1392 1204 1420 conlinxerant.
1224 1390 1319 1426 Itaque
1354 1399 1418 1419 cum
1433 1400 1486 1420 non
1508 1393 1566 1428 fore
1592 1395 1621 1422 in
1648 1395 1829 1422 vestimentum

197 1443 287 1474 dixit,
300 1443 368 1469 nihil
385 1442 469 1474 aliud,
488 1446 518 1469 ut
531 1442 618 1477 placet
631 1442 809 1477 quibusdam,
824 1447 906 1477 quam
925 1439 1030 1467 nullutn
1048 1437 1113 1468 illis,
1128 1443 1188 1471 quae
1217 1441 1329 1472 gerunt,
1362 1437 1479 1465 allatura
1516 1444 1708 1467 ornamentum
1745 1441 1829 1476 signi-

199 1489 301 1520 ﬁcavit.
320 1489 400 1516 sicuti
415 1489 482 1516 nihil
503 1489 535 1515 ad
548 1492 676 1515 ornatum
695 1489 820 1523 corporis
836 1487 909 1522 quod
926 1487 980 1514 Deo
998 1488 1107 1512 vetante
1124 1487 1257 1519 gesserat,
1272 1484 1377 1511 Adamo
1393 1484 1522 1512 contulit.

235 1534 336 1561 Deinde
350 1541 476 1569 quaenam
489 1534 542 1561 tela
554 1533 612 1569 ipsa
626 1533 673 1565 sit,
686 1533 816 1568 explicat,
830 1539 892 1560 cum
905 1539 985 1567 opera

1073 1526 1140 1555 Εἶτα
1150 1527 1297 1564 ἐρμηνεύει
1315 1528 1357 1560 τίς
1371 1528 1386 1555 ό
1399 1528 1482 1560 ἱστός.
1499 1530 1538 1557 Τὰ
1557 1529 1613 1566 γὰρ
1642 1530 1715 1566 ἔργα
1728 1532 1829 1560 αὐτῶν

197 1588 298 1612 eorum,
317 1580 465 1615 iniquitatis
489 1587 568 1614 opera
590 1587 647 1606 esse
664 1579 801 1615 adiungit,
815 1579 880 1613 quia
903 1577 986 1605 nimi-

1037 1575 1109 1609 ἔργα
1123 1575 1261 1610 ἀνομίας.
1274 1576 1337 1601 Ὀτι
1351 1576 1375 1602 οι
1395 1581 1407 1595 θ
1420 1575 1466 1602 διὰ
1493 1575 1581 1611 λόγων
1600 1577 1681 1604 θείων
1702 1587 1827 1614 πνευμα-

198 1635 259 1655 rum
285 1626 331 1653 alii
356 1626 510 1653 divinarum
539 1625 705 1653 Litterarum
733 1633 800 1660 ope,
827 1624 985 1660 spiritualia

1037 1621 1125 1652 τικοῖς
1169 1621 1344 1655 πνευματικὰ
1364 1622 1579 1658 συγκρίνοντες,
1616 1624 1718 1659 χιτῶνα
1756 1625 1828 1652 θεῖον

198 1674 387 1710 spiritualibus
407 1678 602 1708 componentes
615 1673 649 1704 θ’,
667 1672 788 1700 divinam
811 1673 892 1707 plane
912 1671 985 1698 tuni-

1038 1667 1234 1702 ὑφαίνουσιν.
1271 1668 1302 1694 υἱ
1336 1667 1365 1694 δὲ
1379 1669 1418 1699 εἰς
1443 1669 1582 1705 ἄχρηστον
1590 1671 1651 1702 ταῖς
1670 1671 1828 1704 Ἰουδαῖκαῖς

198 1727 257 1747 eam
273 1723 425 1750 contexunt,
439 1717 484 1744 alii
500 1722 591 1745 autem
606 1717 633 1744 in
646 1716 770 1745 Judaicis
786 1716 886 1744 fabulis
900 1716 985 1743 inuti-

1037 1711 1211 1746 μυθολογίαις
1221 1720 1306 1739 κατατ
1311 1712 1624 1748 ρίΰονται,¹συντιθέντες
1637 1716 1725 1744 ιστὸν
1733 1717 1827 1753 ὥσπερ

199 1765 259 1792 liter
281 1763 415 1798 occupati,
432 1764 512 1789 telam
530 1762 603 1790 velut
619 1770 724 1790 aranew
747 1762 781 1789 ad
800 1761 983 1797 simpliciores

1037 1757 1170 1792 ἀράχνης
1188 1759 1234 1785 ἐπὶ
1248 1758 1320 1795 Θήρᾳ
1329 1759 1383 1786 τῶν
1401 1760 1606 1797 ἁπλουστέρων.
1633 1763 1713 1790 Κατὰ
1725 1763 1825 1790 λεπτὸν

198 1807 348 1844 captandos
385 1806 581 1842 venandosque
617 1811 796 1842 componunt.
834 1806 984 1834 Enumerat

1037 1803 1062 1829 Βέ
1075 1803 1207 1839 διηγεῖται
1222 1804 1325 1831 ἰὰ-κατ’
1344 1805 1455 1838 αὐτοὺς,
1473 1805 1504 1833 τὸ
1536 1807 1642 1834 δίκαιον
1671 1808 1827 1841 ἐπιδεικνὺς

198 1860 263 1881 vero
277 1852 434 1888 singulatim
451 1860 511 1887 qua:
528 1852 580 1888 ipsi
599 1851 781 1885 admiserunt,
797 1855 827 1878 ut
842 1859 894 1878 non
912 1851 981 1886 inju-

1037 1848 1085 1884 τῆς
1108 1850 1212 1876 τούτων
1238 1850 1445 1883 ἀποϐολῆς.-οἰ
1477 1851 1507 1878 δὲ
1530 1852 1623 1886 πόδες
1647 1853 1750 1880 αὐτῶν
1781 1856 1826 1887 εις

198 1899 239 1927 ria
262 1898 380 1935 rejectos
403 1905 465 1925 esse
485 1898 664 1925 demonstret.
682 1896 813 1931 Sequitur
832 1905 839 1924 :
858 1896 892 1924 Et
907 1897 983 1931 pedes

1037 1896 1145 1923 κακΙαν
1165 1895 1324 1931 τρέχουσιν
1338 1905 1345 1912 ·
1375 1897 1437 1924 ἐπεὶ
1463 1898 1560 1925 καὶτὰ
1580 1899 1726 1933 σιιιματικὰ
1757 1901 1826 1936 μέλη

198 1953 289 1973 eorum
313 1944 347 1971 ad
377 1943 507 1970 malitiam
533 1948 643 1970 currunt
669 1949 678 1970 :
703 1941 927 1978 quandoquidem
957 1948 985 1970 et

1037 1941 1173 1975 κινήσεως
1190 1941 1400 1977 ἐπιτηδειότητα
1409 1941 1543 1976 λαμϐάνει
1564 1943 1633 1977 πρὸς
1651 1942 1665 1970 ὃ
1687 1943 1825 1975 συνεθίζε-

199 1990 323 2026 corporis
351 1988 474 2016 membra
500 1989 559 2023 ipsa
585 1993 674 2016 mutus
700 1988 881 2023 aptitudinem
902 1987 935 2014 ad
957 1988 982 2014 id

1037 1994 1091 2013 ται.
1110 1986 1244 2021 Ταχεινοὶ
1258 1987 1361 2021 ἐκχέαι
1372 1984 1445 2022 αἷμα
1456 1987 1604 2015 ἀναίτιον.
1618 1989 1650 2015 0i.
1671 1989 1762 2015 λοιποὶ
1772 1990 1825 2024 γὰρ

199 2039 321 2068 sumunt,
340 2034 373 2062 ad
393 2034 464 2070 quod
480 2039 663 2062 assuevernnt
678 2043 685 2062 :
702 2034 817 2069 ideoque
834 2034 930 2062 veloces
949 2034 983 2060 ad

1037 2031 1122 2063 οὕτως
1138 2032 1285 2064 ἐξέδωκαν.
1309 2032 1450 2060 Ἐντεῦθεν
1467 2030 1513 2059 οὖν
1536 2034 1583 2059 ἐπὶ
1602 2033 1632 2060 τὸ
1647 2033 1731 2065 ὅντως
1739 2034 1826 2062 ἀναί-

198 2080 385 2116 εῙῙιιηάεηάαηι
411 2080 566 2115 sanguinem
591 2080 754 2107 innocentem
781 2079 863 2114 pedes
890 2087 984 2107 evase-

1037 2086 1098 2104 τιον
1114 2075 1186 2111 αἷμα
1204 2078 1352 2113 προῆλθον.
1376 2078 1420 2111 Ὧς
1436 2078 1538 2110 Ἰούδας
1549 2079 1603 2106 ἀπὺ
1631 2080 1682 2115 τῆς
1710 2081 1824 2117 αἰσχρο-

199 2131 263 2154 runt
280 2135 286 2142 ’
305 2126 342 2153 ita
358 2126 431 2154 enim
447 2126 541 2153 caeteri
559 2125 747 2152 reddiderunt.
769 2125 836 2152 Inde
852 2125 934 2160 igitur
949 2124 983 2152 ad

1037 2122 1153 2159 κερδίας,
1166 2123 1212 2149 ἐπὶ
1224 2123 1274 2158 τὴν
1282 2124 1421 2159 χειρίστην
1434 2124 1640 2159 αἰσχροκερδίαν
1650 2125 1693 2151 διὰ
1707 2126 1824 2160 μελέτης

200 2179 272 2203 cum,
288 2170 334 2206 qui
358 2178 451 2198 revera
480 2170 569 2197 fuerat
594 2170 728 2202 innocens,
745 2170 898 2204 sanguinem
918 2178 982 2205 pro-

1037 2167 1190 2204 προσήχθη.
1210 2168 1264 2195 Καὶ
1275 2168 1348 2196 ὁδὸν
1359 2169 1392 2195 δὲ
1406 2169 1528 2203 εἰρήνης
1542 2171 1598 2197 οὐκ
1611 2171 1760 2205 ἔγνωσαν.
1774 2172 1820 2198 Διὸ

199 2201 379 2252 gressi-sunt.
397 2215 454 2244 Non
470 2215 550 2242 aliter
564 2214 744 2250 qttathudas
756 2222 770 2242 a
786 2201 858 2251 turpi
877 2201 982 2250 qttazstu

1037 2201 1082 2240 καὶ
1101 2201 1225 2250 diu)th
1243 2201 1438 2242 ἀπεκλαύσατο
1447 2201 1697 2252 τὴν-λιερουσαλὴμ
1716 2217 1800 2244 εἰπών
1815 2226 1821 2234 ’

199 2263 232 2290 ad
254 2263 401 2297 pessimam
418 2260 655 2296 I'mdissitnantque
670 2261 813 2288 avaritiam
833 2261 917 2289 animi
938 2269 984 2289 co-

199 2307 359 2342 gitationem
375 2306 521 2333 convertit.
545 2305 580 2333 Et
605 2306 674 2332 viam
694 2306 767 2341 pacis
790 2314 841 2333 non
862 2314 985 2341 cognove-

199 2357 272 2380 runt.
295 2352 365 2380 Hinc
378 2356 406 2380 et
422 2351 547 2379 Salvator
568 2350 719 2380 Jerusalem
736 2351 846 2380 deﬂevit
863 2352 906 2381 his
921 2361 984 2380 ver-

200 2400 261 2427 bis:
275 2408 285 2426 ι
306 2398 335 2427 Si
352 2398 438 2427 scires
460 2404 487 2426 et
507 2404 546 2428 tu.
561 2405 623 2433 quae
645 2402 709 2425 sunt
730 2398 807 2433 pacis
822 2402 876 2426 tute
892 2407 899 2425 :
914 2406 984 2434 quo-

202 2444 276 2471 niam
286 2444 397 2471 venient
413 2443 472 2471 dies
485 2443 512 2470 itt
529 2447 564 2475 te.
580 2447 608 2470 et
620 2442 833 2470 circumdabunt
850 2446 875 2471 te
891 2443 984 2472 hostes

200 2490 239 2517 tni
256 2489 336 2523 vallo,
352 2494 380 2517 et
394 2489 551 2517 circuibunt
569 2493 605 2521 te,
620 2492 647 2516 et
662 2488 731 2516 iilios
749 2493 811 2516 tuos
826 2493 905 2517 terra:
926 2490 985 2516 alli-

199 2537 265 2564 dent
277 2536 310 2564 θ’.
328 2545 337 2562 ι
357 2536 409 2564 Sed
426 2544 478 2563 non
495 2540 533 2562 est
550 2534 683 2570 judicium
697 2535 723 2561 in
739 2534 788 2562 uiis
803 2543 912 2569 eorum,
929 2536 984 2562 imo

201 2582 292 2617 potius
317 2581 407 2609 omnis
431 2579 562 2616 iniquitas
586 2583 614 2607 et
639 2578 773 2614 nequitia.
789 2573 835 2607 Sic
854 2585 881 2607 et
898 2579 983 2608 David

199 2627 268 2662 ipse,
284 2634 346 2662 quae
359 2633 407 2661 per
421 2625 516 2653 Masen
536 2624 599 2652 data
620 2627 695 2655 sunt,
714 2629 846 2659 praecepta
861 2625 979 2660 appella-

198 2674 248 2706 vit,
270 2680 331 2700 cum
345 2672 478 2707 judicium
498 2675 524 2699 et
541 2670 676 2705 justitiam
693 2671 721 2698 in
735 2669 821 2697 Iacob
836 2670 981 2699 Dominum

235 2743 255 2759 ιι
271 2743 279 2769 1
295 2742 360 2770 Cor.
376 2742 463 2776 ",15.
501 2742 523 2757 “
537 2740 604 2769 Luc.
623 2748 680 2769 xu.
696 2739 786 2767 ἀεὶ-[Η.

1037 2270 1046 2286 ‹
1068 2261 1098 2286 Et
1113 2259 1186 2296 ᾔδεις
1200 2261 1246 2287 καί
1260 2269 1291 2294 γε
1308 2261 1340 2287 σὺ
1355 2260 1389 2287 τὰ
1409 2261 1476 2296 πρὸς
1490 2262 1602 2298 εἰρήνην
1611 2271 1670 2295 σου,
1691 2263 1824 2298 ὃτιὴξον-

1035 2315 1075 2332 σιν
1095 2307 1196 2341 ἡμέραι
1211 2307 1259 2333 ἐπὶ⁸
1272 2306 1327 2339 σοὶ,
1345 2306 1393 2333 καὶ
1412 2307 1611 2342 περιϐαλοῠσίν
1632 2316 1674 2335 σοι
1685 2309 1710 2335 οι
1732 2309 1824 2344 ἐχθροί

1035 2360 1082 2377 σου
1093 2351 1212 2387 χάρακα,
1243 2351 1291 2378 καὶ
1302 2352 1479 2380 κυκλώσουσί
1490 2362 1532 2386 σε,
1545 2354 1592 2380 καὶ
1611 2353 1646 2380 τὰ
1667 2355 1750 2381 τέκνα
1776 2363 1824 2381 σου

1033 2397 1196 2432 ὲδαφιοῦσιν.
1217 2406 1227 2424 ι
1259 2398 1329 2425 1Λλλ’
1340 2399 1415 2426 οὐδὲ
1439 2401 1540 2434 κρίσις
1550 2400 1585 2427 ἐν
1597 2400 1662 2434 ταῖς
1672 2400 1754 2434 ὁδοῖς
1767 2401 1823 2428 αὐ-

1033 2443 1100 2476 τῶν,
1113 2442 1226 2480 ἀκρισία
1237 2444 1266 2471 δὲ
1289 2446 1364 2473 πᾶσα
1377 2446 1425 2473 καὶ
1440 2447 1544 2474 ἀδικία.
1557 2447 1613 2474 Καὶ
1631 2447 1680 2482 τὴν
1698 2447 1743 2474 διὰ
1756 2448 1824 2474 Μω-

1034 2490 1102 2522 σέως
1116 2490 1144 2517 δὲ
1158 2490 1240 2517 Δαϐὶδ
1252 2490 1339 2523 οὕτως
1355 2492 1484 2519 ἐκάλεσεν
1499 2493 1608 2528 ἐντολήν
1625 2502 1632 2509 ·
1647 2492 1761 2529 «Κρίσιν
1776 2493 1825 2520 καὶ

1032 2534 1205 2571 δικαιοσύνην
1216 2536 1246 2562 ἐν
1269 2535 1365 2563 Ἰακὼὸ
1379 2537 1412 2564 σὺ
1426 2537 1560 2573 ἐποίησας
1574 2537 1613 2565 ί.»
1637 2537 1718 2564 Ἀλλὰ
1729 2538 1776 2565 καὶ
1794 2540 1825 2566 αἱ

1031 2581 1232 2615 τρίῦυιαύτῶν
1260 2581 1501 2618 διεστραμμέναι.
1526 2583 1682 2619 Διαστροφὴ
1698 2583 1752 2618 γὰρ
1775 2584 1824 2611 τοῦ

1036 2626 1117 2662 ὀρθοῦ
1131 2627 1161 2654 τὸ
1171 2628 1265 2654 κακόν.
1285 2628 1339 2655 Καὶ
1352 2630 1408 2655 οὐκ
1423 2628 1544 2655 οἴδασιν
1567 2627 1703 2662 ειρήνην.
1719 2628 1756 2655 UO
1770 2628 1825 2663 γὰρ

1040 2673 1234 2708 προσεδέξαντο
1245 2673 1300 2709 τῆς
1322 2675 1445 2710 εζρήνης
1468 2675 1515 2702 τὸν
1543 2674 1686 2711 πρύτανιν,
1702 2674 1766 2710 περὶ
1793 2671 1825 2701 οὖ

820 2795 935 2824 νΑῐίΙᾸΞ
952 2795 1154 2826 LECTlONES.

253 2862 264 2876 ε
284 2865 328 2891 no.
350 2855 479 2891 ἀράχνης,
516 2856 529 2876 ἀ
546 2857 559 2883 ὁ
577 2856 657 2888 ἱστός.

699 2863 711 2876 ⁸
724 2865 767 2892 πο.
785 2855 828 2884 ἵσ.
846 2855 904 2891 μέν.
946 2855 955 2875 ί
978 2855 1020 2883 τσ.
1033 2855 1130 2890 λέγων.
