1999 3076
185 166 257 198 2605

765 163 1032 195 COMMENTARII
1058 163 1099 194 ΙΝ
1115 163 1259 193 ISAIAM.

1741 163 1814 194 2506

185 222 227 253 τὸ,
241 221 342 253 «Αὐτὸς
355 221 411 257 γάρ
422 221 520 256 ἐστινή
537 220 634 256 εἰρήνη
644 218 749 255 ἡμῶν.»
762 218 818 246 Καὶ
832 218 862 250 ὃς
872 226 954 253 φησιν
968 225 977 234 ⁸

1035 216 1130 244 Fecisse
1152 217 1253 243 cecinit
1273 215 1307 242 ".
1330 214 1384 243 Sed
1402 218 1469 245 sunt
1489 223 1579 243 eorum
1604 216 1688 244 etiam
1714 220 1815 246 sentite:

189 267 322 303 «Εἰρήνην
332 266 382 303 τὴν
396 267 465 302 ἐμὴν
473 266 568 302 δίδωμι
577 266 652 301 ὑμῖν.
660 275 670 291 ι
682 265 732 291 Διὰ
742 264 829 291 ταῦτα
843 264 872 290 δὲ
885 264 974 290 πάντα

187 310 270 346 φησιν
287 319 294 326 -
315 311 446 345 Ἀπέστη
459 310 480 344 ἡ
512 311 613 345 κρίσις
628 309 737 337 αὐτῶν.
768 309 836 345 Περί
852 306 886 344 ἧς
914 308 974 335 ἐλε-

186 364 234 390 γεν
248 363 256 371 ⁸
288 365 298 382 ι
323 355 387 382 Ἰδοὺ
407 357 422 382 ὁ
439 357 503 388 παῖς
524 364 575 391 μου
594 354 624 382 ὃν
648 355 763 391 ᾑρέτισα
776 362 785 370 ·
807 352 974 387 ὀὰγαπητός

189 410 251 436 μου,
268 401 308 433 εἰς
324 401 354 428 ὃν
365 401 511 438 εὐδόκησεν
526 402 544 437 ἡ
559 401 633 438 ψυχή
649 409 712 437 μου,
728 399 819 435 κρίσιν
833 400 890 431 τοῖς
898 398 974 425 ἔθνε-

146 456 147 459 ‘
187 455 229 474 σιν
244 447 352 480 ἐξοίσει.
375 457 385 475 ι

187 493 276 526 cessit,
301 494 348 526 ait,
373 493 405 521 ab
423 502 452 521 ea
465 493 614 529 judicium,
630 493 664 521 de
686 499 743 528 quo
776 491 906 520 nimirum
944 488 1053 517 dicebat
1080 501 1088 516 ς

1026 269 1126 297 praete.
1148 260 1196 288 Est
1219 260 1292 287 enim
1316 260 1430 292 malum,
1445 261 1518 295 ejus,
1538 261 1611 296 quod
1636 266 1741 290 rectum
1761 267 1814 297 est,

1027 305 1199 341 depravatio.
1215 304 1250 332 Et
1267 305 1387 332 nesciunt
1407 312 1517 340 pacem;
1533 306 1597 341 quia
1611 307 1685 340 pacis
1705 307 1815 342 largito-

1029 358 1086 379 rem
1113 355 1140 378 et
1164 349 1306 378 custodem
1331 349 1447 377 minime
1471 349 1642 378 admiserunt
1664 360 1671 378 :
1693 351 1739 386 qui
1764 359 1816 386 pax

1030 404 1092 425 esse
1106 400 1201 423 nostra
1215 395 1345 423 scribitur
1358 395 1398 428 “;
1413 398 1460 432 qui
1475 404 1569 431 pacem
1584 404 1613 424 se
1628 404 1706 424 suam
1721 396 1816 432 largiri

1027 441 1161 477 apostolis
1174 441 1243 468 dixit
1256 440 1289 469 ".
1305 441 1346 468 0b
1365 441 1422 468 hinc
1438 446 1529 469 autem
1551 442 1633 477 67o
1651 442 1754 476 omnia,
1774 450 1817 469 re-

1128 497 1137 514 ι
1167 488 1239 515 Ecce
1280 495 1348 522 puer
1376 495 1465 521 meus,
1489 495 1571 523 quem
1596 488 1676 524 elegi,
1700 489 1817 518 dilectus

188 547 275 573 meus,
296 540 324 567 in
341 547 395 575 quo
416 540 485 567 bene
504 539 672 574 complacuit
691 538 790 566 animae
803 544 882 568 meae,
896 534 1032 572 judicium
1046 533 1176 570 gentibus
1193 533 1261 562 teret
1269 534 1302 561 ".
1317 543 1328 559 ι

223 587 299 622 Αὐτὴ
318 586 409 614 τοίνυν
423 587 440 621 ἡ
453 587 508 618 τοῖς
522 585 611 613 ἔθνεσι
625 585 734 612 δοθεῖσα
744 585 844 619 κρίσις
858 583 977 616 ἀπέστη

187 634 222 666 ἐξ
235 633 346 666 αὐτῶν,
373 633 421 660 καὶ
433 633 451 668 ἡ
474 631 580 664 τούτοις
599 632 709 659 δοθεῖσα
735 630 916 663 δικαιοσύνη
933 628 978 656 διὰ

188 680 238 715 τῆς
269 678 404 715 σωτηρίου
427 678 551 713 χάριτος,
575 677 630 704 Καὶ
651 676 739 708 ἄλλως
756 676 835 712 ἔσχεν
853 677 871 711 ἠ
887 675 979 703 ἀδικία

188 725 282 760 χώραν
295 724 354 751 κατ’
384 723 484 755 αὐτῶν,
499 723 570 750 ὥστε
598 722 653 750 ἀπὸ
686 722 792 750 ἀσεϐῶν
816 721 927 756 ἁθῆναι
940 722 953 741 ε
968 729 976 736 ·

188 770 255 805 οἷον,
270 771 322 797 ὑπὸ
341 769 503 805 Ἀσσυρίων.
531 767 772 803 Ὑπομεινάντων
786 767 885 795 αὐτῶν
914 766 978 802 φῶς

189 817 309 853 ἐγένετο
319 816 422 849 αὐτοῖς
437 816 559 848 σκότος.
573 814 642 850 Περὶ
657 814 742 851 μόνην
766 813 822 849 γὰρ
833 813 883 849 τὴν
904 813 978 847 λέξιν

190 862 384 898 ἀσχολούμενοι
391 862 441 897 τῆς
447 861 569 898 Γραφῆς,
577 860 671 896 ὥσπερ
679 860 739 887 τινὰ
749 860 852 894 τοῖχον
860 859 978 887 ἐοίκασι

1066 580 1145 614 Quod
1163 580 1247 616 igitur
1263 581 1393 616 gentibus
1407 581 1502 609 datum
1523 586 1567 610 est
1580 581 1712 618 judicium
1728 584 1760 611 ab
1779 587 1818 614 eis

1031 627 1156 660 recessit,
1174 634 1260 663 eaque
1278 627 1348 662 ipsa.
1364 635 1426 662 quae
1442 628 1503 656 istis
1524 636 1572 663 per
1588 629 1686 658 salutis
1701 632 1817 666 gratiam

1033 680 1164 700 concessa
1181 672 1280 704 fuerat,
1295 672 1414 707 justitia.
1431 672 1464 700 Et
1481 674 1550 702 alias
1566 674 1650 702 etiam
1670 675 1697 703 in
1709 683 1760 705 eos
1776 678 1818 704 lo-

1032 725 1095 746 cum
1123 718 1218 746 habuit
1242 718 1396 753 injustitia,
1424 719 1471 754 qui
1498 720 1533 747 ab
1560 720 1670 756 impiis.
1694 721 1818 758 Assyriis

1031 764 1172 798 nimirum,
1190 763 1312 791 Judicati
1332 768 1404 791 sunt.
1429 764 1497 792 Cum
1523 771 1704 801 exspectarent
1723 768 1817 802 lucem,

1031 811 1113 847 facta
1126 815 1186 839 sunt
1201 811 1239 838 eis
1254 810 1377 838 tenebrw.
1393 810 1460 838 Nam
1476 818 1538 839 cum
1554 812 1581 839 in
1597 812 1655 840 sola
1670 813 1819 850 Scriptura:

1032 857 1153 885 dictione
1176 861 1390 893 occuparentur.
1409 857 1556 892 quemdam
1582 858 1665 886 veluti
1690 861 1817 895 parietem

190 896 351 944 Μάαφᾷν.
367 909 412 935 Διὸ
420 896 498 940 λέξει
512 907 732 944 ψηλαφήσουσιν,
757 906 796 937 ὡς
805 906 900 941 τυφλοί¹
921 906 977 932 τοϊ-

1035 904 1094 931 εωοί
1116 903 1273 938 palpabunt.
1301 902 1335 930 Et
1364 910 1474 931 rursum
1493 912 1500 931 :
1518 903 1619 931 Cadent
1646 905 1674 932 in
1697 907 1818 941 meridie,

191 962 248 989 χον.
261 954 316 981 Καὶ
331 953 412 980 πάλιν
428 960 435 967 ·
451 952 622 980 Πεσοῦνται
635 952 671 979 ἐν·
691 950 920 987 μεσημϐρίᾳ,ὡς
944 950 979 977 ἐν

191 1001 389 1035 ιιεσονυκτίῳ,
405 999 451 1026 καὶ
468 1000 506 1030 ὠς
516 999 744 1035 ἀποθνήσκοντες.
773 997 852 1026 Κατὰ
863 997 917 1033 γὰρ
932 996 979 1023 τδν

191 1046 288 1082 καιρὸν
309 1045 356 1072 τοῦ
385 1045 439 1072 τῶν
463 1045 547 1072 ἐθνῶν
571 1044 777 1080 μεσημϐρινοῦ
798 1043 896 1078 φωτὸς
920 1044 980 1076 ταῖς

190 1091 386 1126 εὐαγγελικαῖς
399 1091 498 1125 αὐγαῖς
510 1089 561 1125 τῆς
575 1089 739 1124 Ἐκκλησιας
752 1088 800 1116 τοῦ
814 1088 882 1115 Θεοῦ
892 1096 980 1115 κατα-

192 1138 388 1173 λαμπομένης.
407 1137 447 1168 ὼς
461 1136 495 1164 ἂν
512 1136 547 1164 τὰ
561 1136 630 1171 πρὸς
643 1135 774 1164 θάνατον
787 1135 981 1170 ἡμαρτηκότες

193 1182 269 1218 μόνοι
284 1182 466 1215 πεπτώκασι,
480 1182 527 1208 καὶ
541 1181 581 1214 ὠς
591 1181 626 1208 ἐν
635 1180 826 1216 μεσονυκτίῳ
832 1180 980 1214 διάγουσι.

192 1228 336 1259 Τοιούτους
349 1227 404 1254 τῶν
414 1226 566 1263 εἰρημένων
581 1225 668 1261 ἔργων
692 1226 825 1261 ἐσχήκασι
836 1225 899 1255 τοὺς
911 1232 981 1260 καρ-

193 1275 272 1308 πούς.
291 1275 489 1310 Προσεδόκων
500 1274 550 1309 μὲν
565 1273 620 1309 γὰρ
638 1273 683 1300 τὸν
704 1273 779 1308 παρὰ
794 1271 913 1307 Χριστοῦ
926 1281 982 1306 φω-

192 1322 300 1357 τισμὸν,
315 1320 462 1357 προφητῶν
477 1320 600 1355 βοώντων
611 1328 618 1335 ·
634 1318 772 1351 «Φωτίξου
787 1318 915 1353 φωτίζου,
931 1318 982 1344 Ὶε-

195 1368 348 1404 ρουσαλήμ.
361 1367 443 1394 Ἧκει
453 1366 508 1402 γάρ
521 1374 568 1393 σου
579 1366 609 1393 τὺ
631 1366 700 1401 φῶς,
714 1365 762 1392 καὶ
775 1365 789 1399 ἡ
805 1364 868 1397 δόξα
878 1363 982 1400 Κυρίου

194 1414 241 1441 ἐπὶ
270 1413 301 1440 σὲ
327 1412 542 1439 ἀνατέταλκεν.»
567 1411 638 1438 Ἀλλ’
667 1411 698 1438 οὐ
728 1409 924 1446 προσεδέξαντο
953 1407 983 1435 τὸ

195 1459 253 1494 φῶς
268 1458 299 1485 τδ
313 1457 452 1494 ἀληθινὸν,
465 1458 575 1488 ἑκόντες
589 1456 617 1483 δὲ
646 1456 773 1491 γεγόνασι
804 1454 900 1489 τυφλοὶ
935 1455 984 1481 καὶ

193 1504 303 1539 τυφλῶν
315 1503 418 1538 ὁδηγοὶ,
434 1502 506 1529 καθά
520 1510 602 1538 φησιν
618 1501 633 1528 ὸ
660 1502 766 1536 Σωτήρ.
783 1500 821 1527 Οὐ
850 1499 905 1534 γὰρ
930 1499 984 1526 ὺπ-

194 1554 314 1589 ήκουσαν
328 1551 445 1586 λέγοντι·
466 1559 475 1576 ι
487 1550 530 1581 Ὠς
546 1549 576 1576 τδ
592 1549 650 1584 φῶς
663 1548 749 1584 ἔχετε,
765 1547 985 1598 περιπατεῖτε-εν
997 1568 1019 1598 c

193 1598 233 1633 τῷ
244 1597 323 1632 φωτὶ,
340 1596 386 1623 ἵνα
406 1596 443 1632 μὴ
474 1595 568 1622 σκοτία
587 1595 661 1630 ὑμᾶς
674 1594 828 1629 καταλάὸῃ.
847 1603 856 1620 ι
871 1592 909 1620 Τὸ
936 1593 976 1625 δὲ,

195 1643 398 1678 Πορεύσονται
412 1642 452 1676 ὡς
466 1641 576 1677 ἄρκτος
584 1641 644 1676 ἅμα
659 1639 709 1667 καί
732 1638 891 1674 περιστερά
903 1647 911 1655 ⁸
931 1639 981 1673 οὺχ

193 1690 218 1716 οἰ
232 1689 281 1725 μὲν
296 1689 366 1715 κατὰ
378 1687 492 1723 ταύτην,
509 1687 533 1713 οἰ
549 1687 577 1713 δὲ
600 1686 662 1713 κατ’
674 1685 782 1720 ἐκείνην
792 1693 800 1700 ⁸
819 1685 844 1710 oi
858 1683 934 1710 αὐτοὶ
950 1683 979 1710 δὲ

194 1735 256 1762 κατ’
279 1734 374 1770 ἄμφω.
397 1735 428 1760 Οἱ
443 1733 498 1769 γὰρ
512 1732 674 1767 στεναγμοὶ
690 1730 781 1758 αὐτῶν
795 1729 846 1756 οὐκ
859 1729 905 1756 ἐπὶ
932 1737 982 1764 με·

194 1782 290 1818 τανοια
313 1777 350 1808 ῶν
365 1781 476 1815 ἐξέχεαν
490 1779 613 1814 αἱμάτων
631 1778 731 1811 εἵνεκα,
748 1776 798 1812 τὴν
812 1775 944 1811 αἰσθητὴν
953 1775 982 1801 δὲ

195 1827 334 1858 κλαίοντες
362 1824 550 1861 Ἰερουσαλήμ.
566 1824 686 1855 Εἰκότως
703 1822 790 1858 θηρίῳ
808 1821 896 1858 ἀγρίῳ
910 1829 982 1857 παρ-

195 1870 464 1906 εὸλήθησαν.Καὶὼς
477 1869 586 1905 εἴρηται
603 1869 684 1896 πάλιν
693 1869 721 1895 ὲν
730 1867 831 1900 ἄλλοις,
838 1867 982 1901 γεγόνασιν

193 1918 233 1948 ὡς
241 1916 350 1951 ἄρκτος
357 1917 470 1943 ἁτεκνου
475 1915 625 1951 μένη.Φασὶ
633 1915 686 1951 γὰρ
696 1914 882 1949 τὰςᾶρκτους
889 1913 982 1945 δεινῶς

194 1964 290 1999 φέρειν
301 1964 349 1998 τὴν
368 1962 421 1989 τῶν
434 1961 562 1996 σκῦμνων
573 1961 720 1996 ἀποόολὴν,
743 1961 791 1988 καὶ
808 1960 857 1987 σὺν
872 1959 982 1995 ὀδυρμῷ

196 2009 361 2045 μαινομένας
373 2008 541 2043 περινοστεῖν
554 2006 728 2042 ἐπιπηδώσας
741 2007 797 2038 τοῖς
806 2005 983 2041 ἐντυγχάνου-

195 2063 248 2081 σιν.
264 2055 384 2089 Ἄρκτος
406 2051 511 2089 μὲνοῦν
529 2051 739 2088 ὠνομάσθησαν,
754 2052 816 2078 ἐπεὶ
841 2051 889 2078 καὶ
905 2051 983 2078 αὐτοὶ

195 2100 356 2136 ἀνθρώπους
367 2099 480 2135 ἔφαγον,
502 2098 706 2134 μιαιφονοῦντες
715 2098 778 2130 τοὺς
792 2097 945 2134 προφήτας.

233 2231 268 2257 Ἦ
280 2229 440 2266 τεχνωμένη
448 2230 463 2250 ιι
473 2229 514 2263 δὲ,
526 2229 570 2257 διὰ
581 2230 612 2256 τδ
627 2229 808 2265 ἀγριώτερον,
820 2230 868 2256 καὶ
878 2229 922 2256 διὰ
934 2229 983 2265 τὴν
1001 2249 1023 2276 D

195 2277 251 2303 τῶν
267 2275 356 2303 αὐτῶν
371 2275 510 2303 ἀπώλειαν
526 2276 641 2302 τέκνων.
652 2276 685 2301 Αἱ
697 2275 725 2301 δὲ
738 2275 908 2309 περιστεραὶ
922 2283 983 2309 γοε-

197 2324 249 2359 ρὰν
264 2323 361 2357 ἀφιᾶσι
390 2322 482 2357 φωνὴν
512 2321 707 2356 συνεχέστατα,
734 2322 820 2348 ὁποῖοι
845 2321 988 2356 γεγόνασιν

197 2367 269 2396 οὗτοι
282 2368 331 2403 τὴν
347 2367 451 2394 ἑαυτῶν
469 2366 668 2402 ἀποδυρόμενοι
681 2366 770 2393 πόλιν.
792 2366 907 2402 Εἴρηται
922 2367 986 2402 γὰρ,

196 2415 237 2441 ὅτι
251 2414 357 2440 ἔσονται
371 2412 482 2440 ἐπὶτῶν
497 2413 584 2448 ὀρέων
598 2412 636 2444 ὡς
651 2413 821 2446 περιστεραὶ
846 2412 989 2448 μελετητά-

197 2460 254 2487 καί.
268 2459 389 2494 Νοητέον
400 2459 428 2485 δὲ
442 2458 490 2485 καὶ
505 2458 608 2490 οὕτως·
623 2458 827 2492 Πορεύσονται
839 2458 874 2485 ἐν
887 2458 987 2493 ἀπριά-

197 2514 261 2539 τητι
280 2505 326 2532 νοῦ
350 2505 570 2539 συνεζευγμὲνης
594 2504 751 2536 ἀσυνεσίας.
776 2504 845 2540 Φησὶ
868 2505 920 2541 γάρ
943 2514 985 2537 τις

197 2551 340 2586 ἱτροφήτης
351 2558 358 2565 ·
379 2561 388 2576 ι
400 2551 455 2577 Καὶ
473 2548 510 2586 ἦν
523 2549 644 2585 Ἐφραῒμ
659 2549 810 2586 περιστερὰ
833 2550 925 2584 ἄνους,
936 2551 986 2578 οὐκ

197 2598 297 2633 ἔχουσα
322 2597 446 2633 καρδίαν.
459 2606 468 2623 ι
483 2597 519 2623 Οὐ
552 2596 607 2632 γάρ
633 2597 707 2623 ἐστιν
730 2597 758 2622 ὲν
773 2597 865 2629 αὐτοῖς
879 2598 895 2633 ή
911 2597 986 2633 παρὰ

197 2641 315 2677 Χριστοῦ
344 2641 451 2673 σύνεσις
479 2641 526 2668 καὶ
550 2640 683 2676 πραότης.
713 2639 781 2674 Περὶ
793 2636 831 2666 ῶν
853 2639 987 2675 Ἱερεμίας

197 2687 279 2722 φησίν
292 2695 300 2702 ·
316 2696 327 2713 ι
339 2686 502 2722 Ἐμωράνθη
526 2687 580 2718 πᾶς
599 2685 742 2722 ἄνθρωπος
757 2685 811 2712 ἀπὸ
823 2685 961 2719 γνώσεως.
974 2696 984 2712 ι

233 2745 255 2761 ³¹
270 2744 342 2772 Psal.
357 2751 451 2776 xcvul,
466 2744 494 2771 ι.
533 2744 556 2759 ⁸⁵
571 2743 671 2778 Ephes.
689 2750 720 2774 ιι,
738 2742 784 2770 Η.
824 2743 847 2759 ⁸⁸
858 2741 940 2771 Joan.
959 2750 1016 2772 xtv.

199 2780 242 2807 Η.
281 2781 302 2795 ¹¹
316 2779 396 2807 Joau.
418 2787 467 2813 xu,
479 2779 508 2807 ὅ.
544 2778 568 2795 ⁷⁸
585 2779 655 2806 Osee
666 2786 715 2812 vu,
729 2778 773 2805 ll.

1031 949 1111 976 veluti
1126 953 1201 976 nocte
1215 949 1320 982 media,
1334 957 1380 976 nec
1400 949 1481 977 aliter
1491 958 1570 986 quam
1585 951 1737 979 morientes.
1756 952 1819 988 ipso

1030 995 1104 1023 enim
1119 995 1240 1029 gentium
1258 995 1412 1023 meridiana:
1427 995 1495 1023 lucis
1509 999 1642 1031 tempore,
1653 1004 1714 1024 cum
1731 998 1818 1033 splen-

1032 1040 1100 1068 dore
1125 1040 1285 1075 evangelico
1315 1040 1501 1069 illustraretur
1526 1039 1664 1074 Ecclesia,
1689 1045 1817 1076 tanquam

1031 1086 1084 1114 soli
1102 1090 1187 1113 morte
1202 1086 1284 1122 digna
1304 1086 1521 1120 commisissent,
1536 1087 1704 1120 ceciderunt;
1725 1088 1819 1115 veluti-

1031 1141 1081 1168 que
1104 1133 1133 1160 in
1156 1137 1231 1160 nocte
1256 1133 1344 1160 media
1366 1133 1473 1169 degunt.
1496 1133 1586 1168 Atque
1604 1133 1623 1161 ii
1641 1133 1694 1170 ipsi
1710 1134 1818 1169 quidem

1032 1179 1142 1208 fructus
1162 1183 1238 1211 sunt,
1261 1186 1330 1214 quos
1347 1180 1381 1207 ab
1397 1180 1528 1215 operibus
1549 1180 1608 1208 suis
1625 1186 1819 1216 perceperunt.

1032 1225 1100 1255 Cum
1125 1226 1210 1259 enim,
1228 1226 1411 1254 clamantibus
1434 1226 1574 1261 prophetis
1593 1235 1600 1253 ε
1624 1236 1634 1252 ι
1651 1226 1819 1260 llluminare,

1032 1272 1199 1304 illuminare,
1222 1270 1386 1302 Jerusalem.
1399 1271 1462 1306 quia
1483 1271 1556 1299 venit
1576 1271 1669 1299 lumen
1687 1276 1776 1305 tuum,
1793 1277 1821 1300 et

1032 1317 1118 1352 gloria
1134 1316 1242 1345 Domini
1266 1317 1293 1344 in
1311 1321 1337 1344 te
1355 1317 1483 1345 ascendit
1498 1317 1530 1350 ⁸⁷,
1554 1326 1564 1343 ι
1590 1317 1819 1347 illuminationem

1032 1369 1048 1389 a
1062 1361 1173 1389 Christo
1190 1367 1388 1397 exspectarent,
1411 1369 1504 1390 veram
1529 1363 1615 1392 lucem
1634 1371 1688 1391 non
1705 1372 1821 1400 excepe-

1032 1411 1120 1434 runt:
1138 1407 1186 1435 sed
1203 1412 1300 1442 sponte
1318 1407 1382 1435 carci
1407 1414 1597 1443 caecet-umque
1619 1409 1714 1440 duces,
1731 1413 1760 1436 ut
1783 1411 1821 1436 ait

1033 1453 1160 1482 Salvator
1179 1453 1213 1485 ⁸⁸,
1238 1453 1303 1481 tacti
1329 1458 1404 1493 sunt.
1425 1453 1484 1482 Non
1509 1454 1583 1482 enim
1609 1454 1745 1482 dicentem
1772 1463 1821 1482 au—

1033 1500 1167 1527 dierunt:
1189 1508 1200 1526 ι
1217 1499 1347 1533 Quandiu
1371 1500 1463 1528 lumen
1491 1500 1609 1532 habetis,
1625 1500 1764 1529 ambulate
1792 1501 1819 1528 in

1035 1545 1149 1577 lumine,
1170 1549 1200 1572 ut
1226 1545 1347 1573 tenebrae
1371 1552 1420 1573 vos
1433 1552 1487 1573 non
1503 1545 1737 1580 comprehendant
1754 1546 1786 1572 ⁸³.
1809 1556 1817 1572 ο

1036 1590 1151 1623 Deinde,
1171 1590 1244 1626 quod
1268 1590 1348 1626 quasi
1372 1597 1465 1618 ursum
1497 1595 1523 1617 et
1547 1591 1697 1618 columbam
1721 1592 1818 1626 pariter

1035 1636 1217 1664 antbulaturos
1235 1636 1351 1671 adjecit;
1367 1644 1422 1664 non
1439 1636 1490 1664 hos
1506 1636 1614 1672 quidem
1636 1645 1711 1664 more
1728 1638 1822 1673 hujus,

1035 1681 1097 1709 illos
1114 1684 1216 1715 autem,
1232 1681 1324 1714 illius;
1339 1681 1386 1709 scd
1404 1682 1547 1709 amborum
1565 1682 1592 1710 in
1609 1682 1719 1710 modum
1736 1684 1823 1710 rictu-

1035 1734 1080 1754 ros
1096 1727 1269 1762 signiﬁcavit.
1287 1727 1384 1762 Neque
1399 1727 1472 1755 enim
1487 1727 1622 1756 scelerum
1639 1728 1823 1764 picuitudino,

1035 1772 1169 1808 ell'usique
1195 1773 1342 1808 sanguinis
1373 1773 1565 1802 recordatione
1591 1775 1714 1809 gemiturt’
1743 1780 1822 1809 sunt;

1036 1819 1084 1846 sed
1104 1818 1191 1854 ipsam
1212 1819 1342 1847 sensibus
1364 1819 1502 1854 objectam
1521 1819 1672 1848 Jerusalem
1687 1820 1822 1849 dcﬂeturi.

1035 1863 1095 1891 Non
1107 1864 1246 1892 immerito
1257 1869 1347 1893 autem
1359 1864 1425 1892 ferae
1437 1865 1507 1892 truci
1520 1868 1547 1893 et
1560 1865 1658 1893 immiti
1672 1867 1822 1902 comparati

1036 1916 1102 1939 sunt
1118 1921 1126 1939 :
1141 1916 1178 1944 et,
1202 1911 1274 1939 sicut
1298 1911 1363 1939 alibi
1383 1911 1440 1946 jam
1459 1911 1562 1939 dictum
1578 1916 1632 1945 est,
1645 1921 1707 1940 uno
1720 1914 1824 1942 similes

1035 1954 1133 1987 elfecti,
1148 1954 1191 1982 cui
1209 1958 1274 1982 sunt
1288 1954 1408 1990 adempti
1421 1955 1515 1982 catuli.
1529 1955 1612 1983 Aiunt
1626 1957 1698 1984 enim
1714 1959 1825 1985 catulo-

1037 2008 1100 2027 rum
1126 2000 1315 2036 abreptionem
1338 2009 1415 2028 uno:
1438 2000 1510 2029 ferre
1531 2001 1703 2037 gravissime,
1719 2011 1779 2038 quae
1801 2005 1824 2033 si

1036 2045 1195 2080 contigerit,
1211 2052 1311 2081 magno
1327 2044 1448 2073 furentes
1472 2046 1573 2081 gemitu
1596 2047 1688 2075 omnia
1708 2049 1826 2077 circum.

1035 2091 1087 2124 ire,
1104 2091 1254 2127 obviosque
1273 2091 1384 2119 adoriri.
1415 2090 1477 2119 Uni
1503 2092 1588 2127 igitur
1606 2092 1668 2121 ideo
1685 2095 1826 2130 appellan-

1036 2141 1092 2171 tur,
1108 2138 1181 2173 quod
1199 2142 1226 2165 et
1247 2138 1299 2173 ipsi
1324 2138 1449 2166 homines
1466 2138 1547 2174 671
1563 2140 1755 2174 comederent;
1778 2143 1824 2177 qui

1036 2192 1072 2212 ne
1087 2192 1102 2211 a
1118 2184 1313 2220 prophetarum
1328 2184 1437 2220 quidem
1452 2185 1527 2212 caede
1541 2185 1739 2214 abstinuerant.

1074 2230 1208 2258 Dicuntur
1221 2237 1286 2258 vero
1302 2234 1329 2258 et
1343 2230 1442 2258 catulis
1458 2230 1563 2264 orbati;
1582 2235 1612 2258 ut
1627 2231 1716 2266 major
1730 2239 1824 2259 eormn

1038 2275 1167 2303 ferocitas
1191 2276 1362 2308 ostendatur,
1379 2276 1426 2310 qui
1443 2282 1478 2303 ne
1498 2282 1611 2303 suorum
1628 2276 1738 2311 quidem
1756 2277 1825 2304 libe-

1037 2329 1131 2349 rorum
1160 2322 1222 2348 vitae
1250 2325 1442 2356 pepercerunt.
1471 2320 1606 2349 Columba:
1633 2323 1699 2358 ipsa:
1726 2323 1826 2351 deinde

1036 2367 1179 2403 querulam
1201 2374 1293 2395 vocem
1320 2366 1543 2403 frequentissime
1565 2369 1709 2403 emittunt;
1730 2370 1826 2405 quales

1037 2418 1064 2441 et
1090 2414 1134 2441 isti
1161 2413 1282 2446 fuerunt,
1297 2413 1363 2441 dum
1387 2413 1464 2441 urbis
1483 2421 1539 2441 sua:
1561 2414 1701 2442 interitum
1723 2416 1826 2444 tamen»

1041 2462 1176 2486 tarcntur.
1202 2458 1310 2486 Dictum
1333 2462 1376 2486 est
1403 2458 1476 2486 enim
1504 2459 1612 2486 futuros
1636 2460 1663 2486 in
1689 2461 1826 2488 montibus

1043 2509 1173 2539 tanquam
1190 2503 1326 2531 columbas
1341 2508 1481 2539 gementes
1493 2509 1521 2531 et
1534 2505 1675 2539 querulas.
1689 2506 1826 2542 Intelligas

1039 2558 1104 2577 vero
1126 2554 1154 2577 et
1178 2550 1230 2578 isto
1251 2549 1333 2577 etiam
1354 2553 1436 2585 pacto
1451 2558 1457 2576 :
1472 2549 1653 2577 Ambulabth
1674 2551 1701 2578 in
1722 2552 1827 2586 feritate

1039 2595 1140 2623 tuentis
1166 2596 1312 2630 conjuncta
1338 2602 1400 2623 cum
1428 2595 1581 2632 temeritate
1597 2601 1622 2623 et
1644 2596 1826 2632 ignoratione.

1041 2641 1087 2669 Ait
1112 2641 1184 2669 enim
1212 2641 1345 2676 propheta
1368 2640 1480 2676 quidam
1499 2649 1507 2668 :
1527 2649 1536 2666 ι
1555 2641 1587 2668 Εἰ
1615 2646 1674 2669 erat
1697 2643 1826 2678 Ephraim

1041 2688 1121 2723 quasi
1137 2687 1265 2715 columba
1280 2694 1386 2721 amens,
1403 2691 1430 2715 et
1446 2686 1530 2714 corde
1545 2687 1677 2715 destituta
1691 2689 1725 2715 ⁷ο.
1741 2698 1750 2714 ι
1768 2689 1827 2717 Νοιι

1038 2743 1083 2771 27.
1139 2744 1227 2772 “lsa.
1246 2751 1311 2777 χιιι,
1331 2743 1355 2772 Ι.
1404 2743 1427 2760 ⁸⁷
1443 2743 1495 2772 lsa.
1515 2750 1559 2776 ιι,
1575 2743 1600 2773 t.
1637 2743 1660 2760 “
1674 2743 1768 2773 Matth.
1783 2753 1827 2779 xv,

849 2824 968 2854 VARUE
987 2824 1180 2855 LECTIONF“

233 2873 247 2894 ὅ
260 2872 448 2908 δικαιωθῆναι.
492 2873 505 2893 1³
525 2881 569 2908 π).
585 2871 775 2908 ἠτεκνωμένη.
