1999 3076
175 167 243 199 2607

826 161 1001 193 PROCOPII
1020 161 1141 192 GAZEI

1733 155 1803 188 2603

177 233 221 255 cst
248 225 324 255 enim
348 224 377 253 In
405 223 484 260 ipsis,
507 229 568 257 qua:
593 229 608 249 a
635 220 744 249 Christo
767 219 963 256 proﬁciscitur,

1019 219 1071 245 Καὶ
1095 218 1177 244 πάλιν
1188 224 1194 230 ·
1211 226 1219 242 ι
1234 217 1319 251 Σοφία
1336 217 1376 248 τίς
1394 216 1469 243 ἐστιν
1484 217 1514 242 ἐν
1529 215 1631 247 αὐτοῖς,
1645 214 1688 241 ὅτι
1702 213 1749 240 τὸν
1762 214 1804 239 λό-

178 271 324 308 prudcntia
338 274 365 298 et
384 268 565 297 mansuetudo
579 276 587 295 :
601 267 636 295 dc
651 266 752 302 quibus
769 266 844 294 hunc
860 266 888 293 in
902 273 962 293 mo-

177 318 243 345 dum
265 314 397 343 Jeremias
414 323 422 342 :
442 322 451 339 ι
473 312 626 340 lni'atuatus
651 314 694 339 est
723 310 814 339 omnis
839 311 922 338 homo
948 316 963 336 θ

177 361 335 398 cognitione
349 361 384 388 "‘.
411 369 420 386 ι
449 358 484 386 Et
512 365 622 386 rursum
640 368 648 384 :
672 367 682 384 ι
699 357 766 390 Quae
792 357 820 384 in
843 356 898 384 illis
922 359 965 383 est

178 408 326 444 sapientia,
339 406 470 441 quoniam
484 404 598 432 verbum
611 403 718 431 Domini
731 403 886 438 rcjecerunt
898 403 920 418 τι
929 402 941 428 τ
951 411 961 428 ι

179 453 227 482 Vel
243 461 306 480 urso
331 451 392 480 ideo
407 454 435 479 et
451 449 580 478 columbae
596 448 700 477 similes
716 447 781 476 fecit
792 468 800 480 ,
818 451 848 475 ut
866 455 963 475 eorum

179 500 207 527 in
228 497 420 526 imbecilliores
446 496 606 528 audaciam,
632 495 661 523 in
683 494 850 522 valentiores
872 498 964 521 autem

178 543 350 572 timiditatem
368 547 396 569 ct
406 541 541 577 ignaviam
559 538 965 574 demonstraret.Symmachus

179 592 270 616 autem
286 591 313 615 et
329 586 482 614 Theodotio
497 594 505 613 :
523 585 661 620 Tanquam
675 584 798 612 columba
813 583 966 611 meditatio—

179 641 237 661 nem
268 631 467 664 meditabimur,
499 630 696 664 reddiderunt;
714 630 828 665 Aquilas
854 635 963 663 autem,

180 678 318 714 Tanquam
347 677 475 704 columbis
503 684 590 704 vocem
618 676 778 704 emittemus.
806 675 965 711 Scripturas

179 724 252 751 enim
281 723 362 750 etiam
389 729 463 750 nunc
490 721 615 748 meditari
642 726 790 754 conantes,
816 728 864 749 eas
892 721 967 756 ipsas

180 768 316 802 ediscunt,
337 767 470 803 tenuique
495 767 574 800 adeo,
593 770 621 794 et
641 767 706 794 exili
729 774 796 794 voce
819 767 965 795 circumci-

179 817 265 847 nunt,
289 817 320 840 ut
339 813 407 840 nihil
429 821 447 839 a
465 812 587 840 columba
602 811 718 839 rationis
736 816 847 848 experte
861 813 966 840 discre—

180 863 258 895 pcnt,
274 866 335 894 qua:
350 858 517 886 inconditam
533 865 627 886 vocem
643 858 713 886 solet
727 858 862 886 emittere.
878 858 965 886 Caete-

1014 273 1063 299 γον
1077 263 1179 299 Κυρίου
1189 263 1412 298 ἀπεδοκίμασαν;
1426 271 1436 288 ›
1447 262 1464 297 ἢ
1480 261 1518 294 ὡς
1532 261 1642 295 ἄρκτος
1652 260 1700 286 καὶ
1721 266 1803 294 περι-

1015 308 1117 343 στερά⁸
1131 309 1204 336 τοῦτ’
1215 309 1272 336 ἐστι
1282 308 1394 344 θρασεῖς
1409 307 1480 334 κατὰ
1509 307 1564 334 τῶν
1590 306 1803 341 ἀσθενεστέρων,

1015 356 1062 382 καὶ
1090 355 1172 382 δειλοὶ
1199 355 1267 390 πρὸς
1293 355 1357 386 τοὺς
1390 353 1596 389 ἰσχυροτέρους.
1613 351 1764 387 Σύμμαχος
1773 352 1803 378 δὲ

1016 402 1063 428 καὶ
1076 400 1224 427 Θεοδοτίων
1255 401 1405 434 ἐξέδωκαν·
1427 400 1476 432 Ὧς
1509 398 1669 432 περιστερὰ
1694 396 1802 432 μελέτῃ

1013 445 1231 481 μελετήσομεν.
1263 445 1293 472 '0
1316 445 1344 472 δέ
1375 444 1492 476 ’Δκύλας
1514 451 1522 458 ·
1563 443 1610 476 Ὠς
1633 441 1804 476 περιστεραί

1016 493 1131 528 φθογγῇ
1151 493 1345 528 φθεγξόμεθα.
1358 492 1449 519 Είσέτι
1464 491 1519 527 γὰρ
1534 491 1581 517 καὶ
1595 489 1643 517 νῦν
1654 489 1804 524 πειρῶνται

1013 537 1144 573 μελετᾷν
1155 538 1205 570 τὰς
1224 538 1345 573 Γραφὰς,
1373 537 1421 564 καὶ
1434 536 1625 571 ἐκμανθάνειν,
1641 534 1706 570 ψιλῇ
1727 535 1802 570 φωνῇ

1016 584 1202 620 περιᾴδοντες,
1217 584 1255 615 ὡς
1270 583 1353 618 μηδὲν
1363 583 1503 618 διαφέρειν
1513 581 1657 615 ἀλογίστου
1668 587 1804 614 περιστε-

1013 630 1071 665 ρᾶς
1083 630 1222 666 ἄναρθρον
1233 629 1413 665 ἀποδιδούσης
1439 628 1541 663 φωνήν.
1559 627 1614 654 Καὶ
1641 627 1722 653 τοῦτο
1735 626 1763 653 δὲ
1774 625 1805 653 τὸ

1017 677 1109 711 ῥητὸν,
1121 676 1169 703 καὶ
1181 676 1216 702 τὰ
1228 675 1302 709 ἑξῆς,
1335 674 1390 702 ἀπὸ
1405 674 1551 710 προσώπου
1565 673 1613 699 τοῦ
1636 680 1804 707 κατηγορου-

1018 723 1100 758 μένου
1133 721 1199 749 λαοῦ
1220 721 1357 755 ἐξέδωκαν
1379 721 1404 747 oi
1435 720 1534 747 λοιποί.
1567 718 1710 753 Ἑπιφέρει
1739 718 1805 751 γοῦν

1017 768 1181 804 Σύμμαχος·
1195 767 1247 795 Διὰ
1266 767 1355 794 τοῦτο
1365 766 1484 801 μακρὰν
1506 765 1623 800 ἐγένετο
1639 765 1736 798 κρίσις
1754 764 1805 798 ἀφ’

1017 814 1111 850 ἡμῶν,
1139 814 1189 841 καί
1217 814 1254 841 οὐ
1282 813 1486 847 καταλήψεται
1511 811 1592 846 ἡμᾶς
1613 811 1803 844 δικαιοσύνη.

1019 859 1278 895 Προσδοκήσωμεν
1290 860 1297 880 ί
1309 860 1352 892 είς
1362 859 1435 894 φῶς,
1448 859 1495 885 καί
1509 858 1573 884 ιδοὺ
1585 858 1705 890 σκότος,
1715 857 1761 883 καὶ
1771 857 1806 883 τὰ

180 913 242 934 rum
257 909 285 933 ct
300 905 383 932 verba
409 904 473 936 ista,
490 908 517 932 et
539 911 601 939 quae
619 903 759 938 deinceps,
779 908 909 940 tanquam
934 904 968 932 ab

1020 907 1093 942 ἑξῆς.
1105 906 1159 932 Καὶ
1169 906 1195 932 οί
1211 905 1416 941 Ἑϐδομήκοντα
1424 905 1452 931 δὲ
1460 905 1494 931 τὰ
1504 905 1664 940 ὲπαγὸμενα
1671 902 1711 938 τῷ
1721 911 1806 938 προσ-

180 951 302 980 accusati
321 950 412 986 populi
433 957 549 985 persona
568 949 658 977 caeteri
676 949 865 978 reddiderunt.
883 949 968 978 Infert

181 997 263 1032 igitur
283 996 357 1024 hunc
382 997 409 1023 in
433 996 544 1023 modum
562 995 744 1031 Symmachus
763 1005 770 1023 ε
794 995 833 1023 οι
848 995 876 1022 id
892 995 968 1031 longe

181 1043 280 1078 factum
295 1047 334 1070 est
349 1042 482 1077 judicium
497 1050 513 1069 a
528 1042 613 1075 nobis,
627 1046 652 1068 et
668 1049 720 1068 non
730 1042 904 1076 appreltendet
919 1050 967 1069 nos

181 1089 303 1121 iustitia;
320 1088 482 1122 speravimus
498 1087 526 1115 in
542 1088 638 1121 lucem,
652 1091 676 1115 et
691 1095 749 1115 ecce
766 1089 888 1120 tenelmc,
906 1088 969 1115 illa-

181 1143 236 1171 que
263 1142 325 1170 qua
351 1138 514 1169 sequuntur.
542 1134 577 1161 At
604 1133 768 1168 interpretes
791 1132 968 1169 Septuaginta

182 1189 244 1217 quae
269 1185 363 1217 postea
390 1180 564 1208 aﬂ'eruntur:
586 1178 804 1214 Exspectavimus
823 1179 968 1214 judicium,

181 1231 206 1255 et
220 1235 274 1254 non
288 1231 327 1254 eu
353 1226 440 1258 salua,
455 1225 548 1261 populi
571 1231 696 1260 personas
719 1224 889 1258 tribuerunt,
908 1229 970 1252 tan-

181 1279 264 1308 quam
284 1280 334 1300 sua
357 1271 411 1299 Deo
433 1276 543 1306 peccata
566 1270 702 1303 conﬁteri,
722 1273 750 1298 et
766 1277 796 1298 se
813 1271 889 1305 ipsos
905 1277 967 1298 cum

183 1318 346 1354 poenitentia
370 1324 503 1345 accusare
528 1316 662 1352 propheta
690 1315 837 1351 signiﬁcet.
867 1314 970 1342 Putant

183 1369 273 1392 tamen
299 1363 424 1392 nonnulli
452 1363 611 1398 prophetas,
634 1369 696 1390 cum
725 1361 883 1397 rejectionis
909 1361 970 1397 ejus

183 1410 351 1437 mentionem
367 1408 482 1441 faciunt,
498 1414 559 1443 qua
579 1411 642 1442 post
664 1406 764 1434 factam
779 1406 889 1434 Christo
904 1414 970 1434 eon-

183 1454 323 1482 tumeliam
351 1453 452 1489 populo
477 1451 608 1486 contigit.
636 1451 717 1487 672
743 1451 858 1479 alterius
886 1451 969 1478 etiam

1019 953 1086 988 ώπῳ
1102 952 1149 979 τοῦ
1163 950 1228 979 λαοῦ
1247 950 1417 986 περιέθηκαν
1428 957 1436 965 ⁸
1457 951 1667 986 Ἀνεμείναμεν
1692 950 1804 983 κρίσιν,

1020 997 1069 1025 καί
1083 998 1138 1024 οὐκ
1153 997 1218 1024 ἐστι
1236 996 1379 1030 σωτηρία.
1400 996 1443 1028 Ὠς
1461 996 1494 1021 ἂν
1507 995 1553 1023 τοῦ
1578 995 1717 1031 προφήτου
1733 995 1806 1022 διδά-

1021 1051 1131 1074 σκοντος
1145 1042 1244 1074 αὐτοὺς
1267 1041 1488 1077 ἐξομολογεῖσθαι
1504 1041 1542 1077 τῷ
1558 1040 1619 1076 Θεῷ
1633 1041 1683 1072 τὰς
1701 1039 1806 1066 ἑαυτῶν

1019 1089 1168 1124 ἁμαρτίας,
1184 1088 1231 1115 καὶ
1242 1089 1406 1124 κατηγορεῖν
1419 1088 1524 1114 ἑαυτῶν
1540 1087 1587 1114 ἐπὶ
1601 1087 1742 1121 μετανοίᾳ.
1756 1085 1790 1114 Τι
1803 1101 1806 1103 λ

1017 1135 1061 1166 νές
1073 1135 1101 1161 δέ
1116 1143 1208 1168 φασιν,
1221 1134 1258 1166 ὡς
1277 1134 1387 1160 ἐπειδὰν
1401 1134 1426 1160 οἱ
1441 1132 1581 1169 προφῆται
1595 1131 1737 1167 μνησθῶσι
1757 1131 1808 1165 τῆς

1016 1181 1155 1216 ἀποϐολῆς
1180 1180 1227 1207 τοῦ
1256 1179 1323 1207 λαοῦ
1351 1179 1400 1215 τῆς
1417 1179 1485 1215 μετὰ
1499 1178 1549 1214 τὴν
1561 1179 1600 1210 είς
1613 1177 1731 1213 Χριστὸν
1745 1177 1808 1202 ἀσέ-

1022 1227 1111 1259 ϐειαν,
1135 1227 1288 1262 μέμνηνται
1313 1226 1458 1261 χρησίμως
1482 1225 1530 1252 καὶ
1554 1224 1604 1260 τῆς
1621 1224 1665 1250 ἐπ’
1684 1223 1807 1258 ἐσχάτων

1016 1273 1192 1308 ἀνακλήσεως
1202 1273 1252 1307 τῆς
1268 1273 1298 1299 ἐν
1309 1271 1421 1308 Χριστῷ
1433 1271 1477 1298 διὰ
1492 1271 1622 1302 πίστεως,
1637 1270 1680 1297 διὸ
1696 1270 1744 1296 καὶ
1759 1269 1807 1295 νῦν

1019 1320 1223 1356 μετανοούντων
1251 1321 1383 1356 εἰσήγαγε
1408 1320 1566 1355 πρόσωπον·
1597 1317 1808 1352 Ἀνεμείναμεν

1018 1367 1130 1401 κρίσιν,
1145 1367 1195 1393 καί
1209 1367 1265 1394 οὐκ
1277 1366 1373 1398 ἐστιν,
1396 1366 1498 1400 κρίσιν
1527 1364 1661 1398 λεγόντων
1683 1363 1734 1398 τὴν
1762 1362 1807 1389 διὰ

1019 1410 1137 1442 πίστεως
1146 1411 1271 1437 δοθεῖσαν
1285 1411 1342 1442 τοῖς
1374 1409 1492 1444 ἔθνεσιν,
1505 1409 1539 1444 ἢν
1567 1407 1808 1442 προσδοκήσαν-

1019 1463 1069 1488 τες
1085 1455 1136 1482 οὒκ
1147 1456 1238 1491 ἔσχον.

183 1499 347 1532 vocationis.
370 1507 432 1533 quae
456 1498 602 1535 postremis
627 1497 798 1532 temporibus
820 1503 868 1532 per
890 1497 970 1526 ﬁdem
991 1499 1018 1526 in
1034 1500 1145 1529 Christo
1163 1501 1256 1530 futura
1270 1506 1322 1535 est,
1350 1501 1454 1529 utiliter
1488 1500 1670 1528 meminisse:
1691 1497 1808 1531 ideoque

185 1554 259 1574 nunc
273 1546 464 1582 pmnitentium
483 1552 627 1580 personam
644 1544 788 1577 inducere,
801 1544 848 1578 qui
864 1552 892 1571 se
924 1545 1059 1580 judicium
1093 1553 1269 1583 exspectasse,
1303 1556 1349 1576 nec
1376 1556 1432 1575 esse
1453 1546 1585 1582 judicium
1605 1544 1715 1577 dicant;
1735 1541 1808 1577 judi-

185 1593 258 1621 cium
275 1593 450 1620 nominantes
465 1591 531 1619 illud
545 1591 638 1626 ipsum
659 1597 709 1626 per
728 1589 807 1617 ﬁdem
825 1589 859 1617 ad
875 1593 971 1625 gentes
991 1591 1123 1625 delatum,
1139 1594 1212 1628 quod
1233 1593 1297 1620 licet
1317 1595 1508 1627 exspectarent,
1542 1597 1596 1618 non
1620 1592 1685 1617 sunt
1718 1591 1809 1614 tamen

185 1638 289 1674 adepti.

221 1683 316 1719 Neque
329 1688 395 1709 vero
409 1687 522 1709 causam
537 1680 634 1707 volunt
650 1679 806 1714 reticuisse,
821 1687 884 1708 cum
900 1680 969 1708 mul-

1058 1681 1095 1708 Τὸ
1109 1681 1139 1708 δὲ
1149 1679 1245 1713 αῐτιον,
1261 1679 1364 1714 Πολλὴ
1385 1679 1439 1715 γὰρ
1454 1677 1539 1714 ἡμῶν
1550 1677 1570 1712 ’ἡ
1581 1677 1699 1712 ἀνομία,
1717 1675 1808 1712 φασιν.

186 1736 241 1757 tam
258 1736 335 1756 suam
359 1735 415 1754 ene
439 1727 605 1760 iniquitatem
626 1724 801 1761 adjecerunt;
825 1725 873 1760 qui
897 1733 970 1759 cum,

185 1784 201 1802 a
215 1782 270 1810 quo
286 1776 396 1809 peccata
409 1779 458 1807 per
471 1771 549 1798 ﬁdem
565 1771 732 1803 delerentur,
745 1778 794 1798 eos
806 1771 897 1799 verbis
911 1771 973 1799 istis

187 1824 342 1848 Inonenlem
361 1827 368 1846 :
387 1827 397 1843 ι
411 1817 509 1850 Amen,
530 1823 608 1843 amen
625 1815 687 1843 dico
702 1816 789 1844 vobis.
808 1815 864 1844 Nisi
882 1817 973 1844 credi-

186 1865 284 1892 dcritis
304 1863 369 1899 quia
394 1869 445 1897 ego
470 1868 543 1893 sum,
559 1861 587 1887 in
611 1860 732 1896 peccatis
752 1861 853 1888 vestris
875 1861 974 1888 morie-

186 1910 255 1938 mini
271 1909 304 1941 ",
323 1918 332 1935 ι
355 1916 409 1935 non
432 1907 615 1935 admiserunt.
634 1905 746 1939 Deinde,
764 1914 824 1941 quae
846 1906 873 1933 in
893 1906 974 1934 Chri-

187 1962 258 1985 stum
281 1955 341 1983 ausi
370 1958 434 1982 sunt
458 1960 512 1980 non
539 1953 710 1980 reticentes:
729 1951 814 1987 Impie
829 1953 914 1986 egisse
935 1960 972 1985 se,

187 2007 263 2037 atque
292 2002 414 2028 mentitos
434 2007 491 2027 esse
515 1998 658 2034 adjiciunt.
675 1997 736 2031 Quo
761 1998 821 2025 loco
848 1998 974 2033 Symma-

186 2048 256 2076 chus
277 2057 284 2075 :
301 2047 442 2076 Nouimus.
459 2045 559 2079 inquit,
575 2044 674 2077 iniuste
697 2052 745 2071 nos
767 2051 844 2079 agere
859 2048 884 2071 et
901 2051 975 2070 men-

188 2094 233 2121 tiri
249 2093 374 2120 adversus
395 2091 548 2119 Dominum.
569 2090 683 2125 Aquilas
699 2093 802 2128 autem,
817 2089 863 2117 ubi
882 2089 975 2117 Domi-

187 2147 250 2167 num
271 2146 378 2174 negasse
393 2137 474 2171 dixit,
487 2140 518 2163 ut
534 2143 629 2163 eorum
649 2135 844 2163 iniiciationem
864 2135 976 2163 demon-

188 2188 258 2212 stret
275 2192 282 2211 :
301 2183 353 2211 Sed
377 2187 402 2210 et
426 2181 592 2214 recessimus,
615 2180 702 2213 addit,
725 2184 784 2215 post
806 2185 907 2215 tergum
927 2180 975 2208 Dei

189 2230 285 2262 nostri,
301 2229 382 2256 locuti
398 2236 489 2255 sumus
506 2227 680 2254 calumniam.
701 2225 784 2253 Vides
801 2233 896 2254 eorum
915 2225 976 2253 ido-

190 2276 324 2304 lolatriam
349 2274 425 2302 nullo
449 2273 532 2301 modo
548 2272 683 2306 accusari,
698 2271 745 2300 sed
768 2271 929 2303 calumnias,
949 2275 977 2299 et

189 2322 274 2350 falsos
301 2327 454 2353 sermones,
475 2324 629 2354 caeteraque
652 2317 798 2354 ejusmodi.
818 2316 890 2346 Olim
911 2318 977 2353 qui-

1023 1727 1060 1754 οὺ
1071 1727 1124 1762 γὰρ
1139 1725 1290 1762 ἐδεξάμεθα
1299 1726 1343 1753 τὸν
1351 1725 1395 1752 διὰ
1405 1725 1522 1756 πίστεως
1533 1724 1708 1758 ἐξαλείφοντα
1717 1723 1809 1758 ἁμαρ-

1022 1773 1133 1806 τίας,ὃς
1142 1773 1233 1805 αὐτοῖς
1246 1773 1350 1807 ἔλεγεν·
1369 1781 1378 1797 ι
1390 1771 1478 1806 ’Δμὴν
1500 1769 1575 1804 λέγω
1600 1770 1675 1805 ὑμῖν,
1693 1770 1734 1796 ὅτι
1763 1769 1811 1795 ἐὰν

1024 1820 1062 1856 μὴ
1077 1820 1241 1855 πιστεύσητε
1249 1819 1291 1846 δτι
1301 1818 1357 1853 ἐγώ
1369 1819 1438 1854 ειμι⁹
1449 1818 1479 1844 ἐν
1488 1818 1557 1849 ταῖς·
1563 1815 1715 1851 ἁμαρτίαις
1731 1815 1809 1850 ὑμῶν

1023 1865 1211 1892 ἀποθανεῖσθε.
1229 1874 1239 1890 ι
1264 1864 1319 1891 Καὶ
1333 1863 1367 1890 τὰ
1388 1862 1460 1890 κατὰ
1486 1861 1606 1897 Χριστοῦ
1632 1859 1807 1895 τολμηθέντα

1022 1911 1178 1946 δηλοῦντες,
1196 1911 1278 1944 φασιν
1288 1917 1295 1925 ’
1315 1908 1529 1942 Ἡσεόήσομεν,
1544 1906 1593 1933 καί
1606 1904 1810 1940 ἐψευσὰμεθο.

1029 1957 1059 1984 '0
1072 1957 1100 1984 δὲ
1116 1957 1280 1992 Σύμμαχος·
1304 1956 1468 1990 "Eri-cuper,
1499 1952 1594 1987 φησιν,
1613 1951 1729 1978 ἀδικεῖν
1760 1950 1810 1977 καί

1023 2002 1188 2037 ψεύδεσθαι
1202 2002 1277 2029 κατὰ
1288 2001 1408 2035 Κυρίου.
1426 2001 1457 2027 Οἱ
1472 1998 1517 2026 ﬁsi
1539 1997 1656 2029 ’Δκύλας
1677 1996 1810 2030 ἀρνήσο-

1024 2048 1094 2074 σθαι
1105 2047 1139 2074 ἐν
1154 2047 1259 2080 Κυρίῳ,
1273 2047 1322 2081 τὴν
1330 2045 1445 2081 ἄρνησιν
1456 2044 1547 2071 αὐτῶν
1558 2043 1706 2079 παριστάς·
1715 2042 1811 2069 Ἀλλὰ

1024 2094 1074 2121 καὶ
1090 2093 1280 2128 ἀπέστημεν,
1297 2093 1382 2128 φασὶν
1393 2093 1418 2125 κ,
1433 2093 1560 2119 ὄπισθεν
1569 2091 1623 2118 τοῦ
1635 2090 1709 2118 Θεοῦ
1717 2089 1811 2125 ἡμῶν,

1024 2139 1218 2174 ἐλαλήσαμεν
1240 2139 1458 2174 συκοφαντίαν.
1481 2138 1563 2173 Ὁρᾷς
1579 2137 1617 2169 ὼς
1630 2136 1750 2171 οὑδαμοῦ
1764 2136 1812 2162 αὖ-

1024 2185 1079 2212 τῶν
1095 2185 1317 2221 είδωλολατρείαν
1330 2186 1491 2220 κατηγορεῖ,
1506 2183 1574 2210 ἀλλὰ
1593 2182 1811 2217 συκοφαντίας,

1025 2232 1072 2259 καὶ
1085 2232 1180 2266 λόγους
1194 2232 1310 2266 ψευδεῖς,
1336 2232 1383 2259 καὶ
1397 2231 1430 2259 τὰ
1443 2231 1566 2258 τοιαῦτα.
1594 2229 1663 2256 Ποτὲ
1698 2229 1748 2263 μὲν
1763 2227 1813 2259 τὰς

1026 2278 1190 2314 θεοσημείας
1213 2277 1403 2309 διαϐάλλοντες
1420 2277 1531 2311 ἐλεγονο
1552 2286 1562 2302 ι
1581 2275 1626 2302 Ἐν
1649 2272 1813 2306 Βεελςεϐοὺλ

1026 2324 1138 2359 ἄρχοντι
1154 2323 1209 2350 τῶν
1221 2322 1366 2359 δαιμονίων
1380 2322 1506 2350 ἐκϐάλλει
1524 2322 1558 2349 τὰ
1575 2321 1728 2355 δαιμόνια.»
1745 2318 1814 2345 ’Δττὺ

188 2369 251 2396 dcm
271 2367 319 2394 Dei
344 2366 421 2401 signa
440 2365 652 2398 calumniantes,
676 2363 803 2392 eumdem
820 2364 848 2390 in
866 2363 969 2391 Beelze-

1028 2369 1140 2405 καρδίας
1150 2378 1180 2396 τε
1197 2369 1286 2396 αὐτῶν
1306 2369 1482 2404 ἐρευγόμενοι
1496 2367 1582 2403 ψευδῆ
1593 2376 1624 2393 τε
1637 2366 1685 2393 καὶ
1712 2365 1812 2396 ἄδικα,

189 2415 255 2447 but,
283 2412 481 2440 damioniorum
511 2410 634 2447 principe
658 2410 792 2438 daemonia
818 2409 921 2445 ejicere
934 2409 969 2444 1‘;

1025 2414 1199 2451 Σαμαρείτην
1216 2415 1264 2441 καὶ
1286 2414 1468 2449 δαιμονῶντα,
1494 2414 1582 2447 φάγον
1603 2412 1650 2438 καὶ
1669 2410 1814 2445 οἰνοπότην

190 2459 315 2494 falsaque
327 2461 355 2485 et
369 2458 460 2492 iniqua
478 2457 512 2484 de
533 2456 616 2484 corde
634 2456 838 2491 depromentes,
853 2455 969 2484 Samari-

1025 2460 1148 2493 ἐκάλουν,
1156 2460 1291 2487 ἁνασεὶειν
1298 2468 1328 2486 τε
1341 2460 1404 2491 τοὺς
1417 2458 1512 2494 ὄχλους
1524 2458 1654 2493 ἔφασκον.
1664 2456 1710 2484 Διό
1720 2463 1812 2490 φασιν·

191 2511 285 2534 Ianum
312 2512 374 2534 esse
388 2505 421 2537 ⁷⁸,
441 2503 593 2535 furiosum,
621 2502 748 2530 vinosum
764 2501 803 2534 ⁷⁸,
826 2501 969 2537 turbasque

1026 2506 1253 2540 Ἀπὸ-στήσαμεν
1278 2505 1375 2532 ὀπίσω
1396 2505 1454 2538 τὴν·
1468 2503 1579 2538 κρίσιν.
1607 2503 1643 2529 Οὐ
1658 2502 1713 2537 γὰρ
1733 2501 1814 2536 αὑτὴ,

189 2553 309 2580 excitare
333 2555 361 2579 et
386 2556 560 2578 commovere
578 2549 601 2565 "
622 2547 766 2582 dicebant;
786 2547 901 2582 ideoque
918 2556 945 2575 se
960 2556 969 2574 ι

1026 2550 1121 2585 φησὶν,
1133 2551 1206 2586 ἡμᾶς
1215 2551 1372 2583 κατέλιπεν,
1383 2550 1530 2585 ἁλλ’ὴμεῖς
1543 2549 1639 2584 αὐτὴν,
1653 2547 1734 2575 οίονεὶ
1742 2546 1817 2573 νῶτα

189 2597 288 2630 iudicia
315 2596 453 2624 recessisse
481 2595 651 2630 adjecerunt.
679 2593 773 2628 Neque
799 2593 872 2620 enim
906 2601 969 2626 vos,

1027 2590 1119 2627 δόντες
1131 2596 1212 2632 αὐτῇ.
1227 2597 1259 2623 Δί
1273 2596 1301 2623 δὲ
1313 2595 1402 2631 φωναὶ
1418 2595 1572 2631 ζητούντων
1589 2595 1658 2621 εἰσὶν
1671 2592 1816 2629 ἐλεηθῆναι

190 2644 293 2679 inquit,
306 2644 341 2670 ab
366 2642 413 2670 illo
441 2641 565 2670 derelicti
589 2640 672 2674 estis;
692 2639 740 2667 sed
764 2638 831 2666 illud
855 2645 870 2665 a
886 2639 969 2673 vobis,

1030 2642 1107 2677 παρὰ
1121 2642 1251 2676 Χριστοῦ,
1261 2642 1309 2668 καὶ
1324 2641 1443 2677 συνεχῶς
1454 2641 1661 2677 ὁμολογούντων
1671 2638 1727 2673 τῆς
1743 2639 1816 2671 ἀλη-

189 2689 236 2724 ιιιιὶ
251 2689 276 2716 ei
294 2693 423 2723 tanquam
441 2691 515 2722 terga
535 2685 676 2713 dederitis.
697 2685 788 2719 Atque
806 2684 848 2712 hae
863 2686 969 2721 quidem

1029 2687 1111 2720 θείας
1126 2688 1175 2723 τὴν
1200 2687 1323 2724 ἄρνησιν,
1356 2687 1403 2714 καὶ
1428 2688 1493 2719 τοὺς
1523 2687 1632 2722 ψευδεῖς
1656 2685 1761 2713 ἑαυτῶν
1775 2683 1818 2710 λο-

225 2746 247 2762 ·¹¹
261 2745 361 2773 Jerem.
379 2751 437 2777 vm,
451 2743 478 2771 9.
517 2743 539 2758 "
555 2742 623 2770 ibid.
659 2741 683 2758 "
697 2739 778 2768 Joan.
794 2747 854 2774 VIII,
868 2741 916 2768 24.
953 2741 969 2757 ¹¹¹

190 2780 212 2796 ⁷⁷
227 2779 294 2808 Luc.
310 2779 426 2812 “una.

1019 2743 1086 2771 atth.
1107 2751 1145 2778 Ix,
1165 2744 1211 2772 54.
1248 2745 1271 2760 ⁷⁸
1287 2743 1366 2772 Joan.
1393 2753 1453 2773 \‘lll.
1473 2744 1517 2772 Π.
1567 2745 1590 2761 "
1605 2742 1700 2770 Matth.
1717 2750 1755 2773 ιι.
1772 2740 1816 2768 i9.

836 2820 954 2848 VARI.‘E
968 2821 1170 2850 LECTIONES.

239 2878 246 2893 ι
260 2881 305 2907 γρ.
321 2871 570 2907 προσεδοκήσαμεν.
612 2868 618 2893 i
636 2877 682 2903 γρ.
693 2868 706 2895 ὀ
722 2867 759 2895 δέ.
799 2866 810 2886 ¹¹
828 2877 871 2902 7T.
884 2867 978 2904 φησίν.
