1999 3076
203 174 274 207 2609

780 176 1045 208 COMMENTARII
1065 175 1107 206 IN
1126 175 1270 207 ISAIAM.

1756 173 1827 206 2610

201 228 329 263 γιτμούς.
345 228 398 255 Τὸν
412 227 442 256 δὲ
454 229 534 263 λόγον
552 229 592 261 είς
606 229 703 258 ἑαυτὸν
716 231 731 258 ὸ
747 231 890 267 προφήτης
906 231 988 259 πάλιν

1044 238 1121 259 voces
1140 238 1235 259 eorum
1254 233 1331 264 sunt,
1349 230 1397 266 qui
1419 237 1434 257 a
1451 229 1507 258 Deo
1524 229 1742 259 misericordiam
1759 237 1826 257 con-

202 273 347 301 ἀναλαϐὼν
358 276 517 310 κατηγορεῖ,
531 275 733 311 δεδαπανῆσθαι
743 276 841 310 λέγων,
858 277 906 304 καὶ
922 285 990 304 παν-

203 320 287 352 τελῶς
302 320 484 347 ἐκλιπεῖνὲν
513 321 578 354 ταῖς
604 321 685 355 ὁδοῖς
716 322 817 349 αὐτῶν
839 322 896 356 τὴν
915 322 990 358 ἀλή-

203 367 296 393 θειαν.
311 366 357 394 Ἐν
369 366 398 393 δὲ
414 366 508 401 ψεύδει
522 367 630 402 (ταυτὸν
636 367 664 394 δὲ
678 368 776 400 εἰπεῖν,
791 368 899 402 σκότῳ)
910 376 991 402 περι-

202 411 381 445 πατοῦντες,
392 411 450 443 πῶς
467 411 500 438 ἂν
516 412 637 446 εὐθείας
651 412 731 447 ἔσχον
744 411 846 445 ὀδοὺς,
874 413 991 448 Χριστὸν

203 458 236 484 τὸ
247 457 309 491 φῶς
334 458 569 495 ἀποστραφέντες,
596 459 646 486 καί
671 459 729 493 τὴν
747 458 911 493 ἁλήθειαν;
934 458 990 486 Kal

202 503 283 540 εἶδεν
295 504 412 538 Κύριος,
428 504 477 531 καὶ
499 505 555 531 οὐκ
567 504 679 539 ἤρεσεν
699 503 791 537 αὐτῷ,
822 504 867 531 ὅτι
882 505 939 532 οὐκ
951 502 992 540 ἦν

202 550 320 582 κρίσις·
348 549 421 577 τοῦτ’
451 549 509 577 ἐστι
536 550 730 586 δικαιοκρισία.
759 549 815 577 Kal
830 548 922 583 εἶδεν,
940 550 990 577 καί.

202 596 258 622 οὐκ
268 593 309 630 ἦν
317 594 394 629 ἁνήρ
407 604 414 612 ·
432 596 480 622 καὶ
495 596 546 632 ἢδη
562 597 616 632 γὰρ
632 594 709 623 εἶπεν
721 604 729 612 ·
747 595 825 624 (Ὅτι
835 593 928 631 ἦλθον,
943 595 991 623 καὶ

201 640 252 666 οὐκ
261 638 294 675 ἦν
308 640 451 676 ἄνθρωπος
461 649 468 655 ·
487 641 606 668 ἐκάλεσα
618 641 666 668 καὶ
680 641 731 668 οὐκ
741 638 775 676 ἦν
786 642 801 668 ὸ
815 640 988 668 ὑπακούων.)

202 682 394 718 Φιλάνθρωπος
421 688 477 722 γὰρ
492 686 531 713 ὣν
547 686 597 723 ὅλῃ
625 686 702 713 πόλει
714 686 748 713 δι’
762 686 811 714 ἕνα
837 686 886 714 καὶ
910 686 991 722 μόνον

203 731 295 766 ἀνίησι
303 731 338 758 τὰ
345 731 518 766 ἐγκλήματα.
528 731 578 758 Διά
589 731 785 768 γάρΊερεμίου
796 731 873 767 φησί·
888 741 897 758 ι
909 732 992 767 Περι-

202 775 320 811 δράμετε
336 776 366 802 ὲν
378 776 439 808 ταῖς
455 776 527 808 ὁδοῖς
544 776 734 812 Ἰερουσαλὴμ,
749 776 796 803 καὶ
808 775 945 812 ζητήσατε
960 777 991 803 ὲν

201 822 261 853 ταῖς
278 821 420 853 πλατείαις
444 822 541 857 αὐτῆς,
556 822 604 848 καὶ
633 821 702 848 ἴδετε
718 822 752 849 ἂν
765 821 866 857 εὕρητε
882 822 967 857 ἄνδρα
980 829 988 838 ·

201 867 225 893 εἰ
241 866 300 894 ἐστι
313 867 398 894 ποιῶν
414 867 516 899 πίστιν,
533 867 581 895 καὶ
592 867 708 902 ἀγαπῶν
736 867 820 899 ἔλεος,
835 867 882 894 καὶ
912 867 991 899 ῐλεως

201 913 300 948 ἔσομαι
314 913 395 948 αὐτῇ,
416 912 492 947 λέγει
507 901 622 948 Κύριος.
639 906 650 939 ἱ
672 912 822 948 Ύπέσχετο
836 912 865 940 δὲ
873 912 921 940 καὶ
940 913 989 939 Σο-
1004 901 1029 932 Β

200 959 294 994 δόμοις
306 959 410 986 ἀνεῖναι
426 959 450 986 εί
468 960 557 994 σχοῖεν
582 958 666 986 πέντε
691 958 823 991 δικαίους.
849 959 991 987 Πενταπό-

200 1005 271 1036 λεως
282 1004 336 1040 γὰρ
348 1004 442 1039 οὔσης,
459 1004 521 1032 καθ’
536 1004 656 1040 ἑκάστην
667 1004 719 1031 ἕνα
746 1004 835 1041 ζητεῖ.
864 1005 918 1032 Τὸν
945 1002 992 1032 οὖν

200 1050 264 1081 τοὺς
278 1048 375 1081 ἄλλους
390 1049 476 1076 σῶσαι
490 1048 642 1084 δυνάμενον
664 1049 697 1076 ὲκ
708 1049 929 1086 δικαιοπραγίας,
941 1049 991 1076 καὶ

202 1094 250 1122 νῦν
259 1094 390 1121 ἐκάλεσεν
408 1094 714 1129 ἀντιλαμϐανόμενον.
732 1094 846 1130 Μηδένα
858 1095 887 1121 δὲ
901 1095 993 1122 τοιοῦ-

201 1148 248 1166 τον
277 1139 377 1176 εὑρὼν,
408 1140 553 1174 ἠμύνατο,
582 1140 675 1174 φησὶν,
701 1140 802 1172 αὐτοὺς
820 1142 854 1176 τῇ
866 1141 991 1175 δυνάμει.

203 1186 288 1213 Τοῦτο
296 1186 352 1222 γὰρ
361 1185 402 1218 τὸ,
423 1186 576 1220 βραχίονι.
608 1186 806 1220 Ἐστηρίσατο
823 1186 857 1214 δὲ
887 1186 935 1213 καί
954 1187 993 1221 τῇ

202 1231 409 1266 ἐλεημοσύνη·
424 1231 441 1267 ἢ
454 1231 525 1259 κατά
542 1232 607 1263 τοὺς
620 1231 744 1264 λοιποὺς,
759 1232 991 1267 ἑπεστηρίσατο.

203 1276 242 1303 Οὐ
257 1275 311 1311 γὰρ
322 1276 426 1308 πάντας
442 1276 594 1304 ἀπώλεσεν.
610 1276 718 1303 Ἔσωσε
732 1277 787 1313 γὰρ
796 1277 826 1304 τὺ
840 1278 992 1314 κατάλειμ-

206 1331 245 1356 μα
271 1323 329 1355 τοῖς
354 1323 490 1357 πατράσιν
513 1322 604 1350 αὐτῶν
627 1322 730 1359 ἀψευδῆ
759 1323 809 1359 τὴν
824 1324 993 1359 ἐπαγγελίαν

203 1368 308 1404 τηρῶν.
319 1368 379 1403 Ἐφ’
389 1366 430 1401 οἷς
438 1368 528 1396 αὐτῶν
539 1368 641 1408 ἅλωσιν
651 1368 701 1404 τὴν
708 1369 827 1405 ἐσχάτην
841 1369 992 1405 σημαίνων,

205 1412 301 1448 ὥσπερ
316 1413 493 1449 δπλιζόμενον
505 1414 551 1441 τδν
563 1414 630 1441 Θεὸν
640 1415 702 1441 κατ’
717 1414 808 1442 αὐτῶν
823 1415 992 1450 ὑποτίθεται,

205 1459 275 1494 πρδς
286 1458 317 1486 δν
332 1460 449 1496 εἷρηταν
465 1469 474 1486 ι
487 1460 523 1487 Σὺ
539 1460 655 1496 φοϐερὸς
665 1457 702 1493 εἴ,
717 1461 765 1488 καὶ
775 1460 818 1493 τίς
831 1461 995 1497 ἀντιστήσε-

205 1505 250 1532 ταί
265 1513 307 1535 σοι
320 1505 375 1532 ἀπὸ
388 1506 440 1539 τῆς
456 1505 541 1542 ὀργῆς
550 1515 598 1533 σου
610 1514 618 1540 ;
634 1516 644 1532 ι
661 1506 782 1534 Τοιαῦτα
793 1507 823 1534 δὲ
837 1507 994 1541 παθόντων,

204 1551 230 1577 οἱ
242 1550 330 1577 λοιποὶ
353 1551 405 1586 τῆς
427 1551 601 1587 οίκουμένης,
619 1552 696 1587 φησὶ,
721 1552 924 1589 φοϐηθήσονται
944 1553 995 1590 τὴν

205 1597 278 1624 κατὰ
308 1596 363 1624 τῶν
375 1597 582 1633 ἀπειθησάντων
598 1597 687 1633 βιαίαν
704 1598 802 1634 ὀργὴν,
819 1599 880 1626 ἀντὶ
892 1599 921 1626 δὲ
933 1599 992 1634 τοῦ,

204 1642 261 1670 Kal
271 1642 405 1677 ἠμύνατο
418 1642 530 1676 αὐτοὺς
538 1642 578 1675 τῷ
586 1643 728 1677 βραχίονι
737 1643 842 1678 αὑτοῦ,
859 1645 933 1678 τινὲς
946 1645 994 1672 ὲκ-

206 1689 324 1723 θέμενοι,
334 1688 389 1716 Kal
397 1688 516 1716 ἔσωσεν
529 1688 610 1722 αὐτῷ
617 1689 754 1725 ,βραχίων
764 1690 869 1723 αὐτοῦ,
886 1691 995 1727 ἐπήγα-

204 1743 264 1768 γον·
275 1734 410 1770 μηδεμίαν
423 1735 500 1771 ἰσχὺν
509 1736 626 1771 ἐχόντων
632 1735 722 1763 αὐτῶν
729 1737 798 1773 πρὸς
806 1737 870 1769 τοὺς
880 1737 996 1774 ἐχθροὺς

203 1781 247 1807 διά
269 1780 318 1813 τὰς
346 1781 496 1817 ἁμαρτίας,
527 1783 557 1810 ὲν
571 1782 643 1818 ίσχύῖ
657 1783 726 1810 Θεοῦ
736 1784 753 1819 ἠ
770 1784 834 1820 νίκη
848 1785 896 1812 καὶ
909 1785 926 1820 ή
939 1793 995 1813 σω-

204 1827 287 1863 τηρία
300 1827 488 1863 παρέσταιδιὰ
499 1829 628 1864 Χριστοῦ.
647 1829 701 1856 Καὶ
723 1829 815 1858 πάλιν·
837 1830 910 1858 ’Δντὶ
935 1832 994 1865 τοῦ,

204 1873 258 1900 Καὶ
274 1873 312 1908 τῇ
322 1873 512 1909 ἐλεημοσύνη
526 1875 620 1903 αὐτοῦ
629 1875 822 1910 ὲστηρίσατο,
835 1877 885 1905 καί
899 1877 937 1913 τῇ
949 1878 993 1906 δι-

203 1920 351 1954 καιοσύνῃ
366 1921 460 1948 αὐτοῦ
470 1921 700 1956 ἐπεστηρίσατο,
713 1923 744 1949 τὸ
756 1924 838 1959 ῥητὸν
851 1924 993 1959 εἰπόντες,

203 1966 343 2000 ἐπήγαγον
352 1973 359 1981 ·
376 1965 410 1993 Ἦ
421 1967 476 2002 γὰρ
490 1967 519 1993 ὲν
535 1967 629 2003 Κυρίῳ
642 1967 821 2002 δικαιοσύνη
854 1969 996 2005 στήριγμα

202 2011 361 2047 γίνεταιτῆς
377 2011 448 2039 κατά
463 2012 517 2039 τῶν
533 2012 640 2039 ἀσεϐῶν
655 2013 765 2044 δικαίας
777 2013 906 2050 κρίσεως.
920 2014 993 2051 Πρὸς

202 2057 252 2092 τὴν
267 2057 420 2094 πολεμικὴν
432 2057 461 2085 δὲ
475 2057 523 2085 τοῦ
538 2058 606 2085 Θεοῦ
634 2059 814 2096 παρασκευὴν
828 2059 944 2095 ἔφασαν,
956 2061 995 2094 ὡς

203 2102 305 2139 ταύτην
323 2104 336 2131 δ
353 2104 515 2137 ’Λπόστολος
529 2105 604 2140 ἡμᾶς
619 2105 669 2140 τὴν
696 2106 805 2133 ὅπλισιν
830 2106 994 2134 ἐνδύσασθαι

203 2150 339 2184 παραινεῖ.
348 2150 392 2177 'Ev
400 2150 495 2186 Κυρίῳ
509 2149 556 2178 οὖν
566 2151 596 2177 τὺ
609 2150 708 2187 ἀληθὲς
723 2152 773 2185 τῆς
786 2151 993 2187 δικαιοσύνης,

201 2191 239 2232 ἧι
256 2197 315 2222 ἐστι
339 2196 436 2231 θώραξ
449 2197 499 2232 τῆς
526 2197 645 2229 ἐλπίδος.
659 2197 726 2224 "Hm
748 2198 806 2225 ἔστι
838 2206 996 2234 περικεφα-

201 2242 283 2275 λαία,
301 2244 330 2270 ὲν
343 2244 411 2278 ἡμῖν
422 2243 451 2270 δὲ
469 2243 595 2279 μίμησις.

1040 277 1119 312 sequi
1132 281 1273 313 quaerunt,
1288 276 1391 312 quique
1403 276 1502 304 crebro
1516 277 1653 304 veritatem
1668 283 1698 303 se
1712 282 1828 310 negasse

1040 322 1165 357 falsaque
1180 322 1329 350 meditatos
1343 329 1406 350 esse
1420 322 1596 350 conﬁtentur.
1611 321 1646 348 At
1667 321 1694 348 in
1716 328 1747 349 se
1762 327 1827 348 rur-

1040 375 1101 396 sum
1123 375 1279 396 sermonem
1300 375 1445 397 assumens
1461 367 1593 403 propheta
1613 366 1727 394 eosdem
1746 373 1829 393 accu-

1040 418 1095 448 sat,
1118 418 1299 449 consumptam
1321 413 1393 449 apud
1418 421 1468 442 eos
1485 421 1541 441 esse
1565 413 1719 445 ueritatem,
1746 415 1828 446 atque

1041 459 1152 495 penitus
1164 460 1194 487 in
1204 460 1253 487 viis
1267 467 1359 487 eorum
1373 459 1484 494 deﬁcere
1497 466 1637 487 asserens.
1652 457 1721 485 Cum
1736 462 1827 485 autem

1040 505 1068 532 in
1084 504 1214 538 falsitate,
1231 505 1257 532 id
1277 508 1320 532 est
1337 505 1366 533 in
1384 504 1508 538 tenebris,
1524 503 1702 536 ambularent,
1717 502 1764 538 qui
1781 510 1829 538 po-

1041 553 1152 576 tuerunt
1175 549 1224 577 viis
1245 549 1324 577 rectis
1348 549 1484 582 incedere,
1506 549 1552 584 qui
1573 549 1715 576 Christum
1734 555 1827 576 veram

1040 594 1124 622 lucem
1136 598 1162 622 et
1181 595 1318 622 veritatem
1331 594 1413 630 673
1430 597 1497 622 sunt
1512 593 1654 622 aversati?

1077 640 1111 668 Et
1125 641 1191 668 vidit
1199 641 1341 673 Dominus,
1357 646 1382 668 et
1395 649 1447 668 non
1460 640 1563 675 placuit
1575 640 1617 667 ei:
1630 638 1695 674 quia
1704 646 1756 665 non
1770 643 1828 665 erat

1035 686 1190 722 judicium;
1202 686 1308 722 justum
1321 687 1440 714 scilicet.
1454 685 1489 713 Et
1505 685 1581 719 vidit,
1598 689 1622 713 et
1642 693 1695 712 non
1708 688 1766 711 erat
1778 685 1826 711 vir.

1039 733 1108 760 Nam
1123 737 1151 761 et
1165 736 1245 761 antea
1265 732 1391 761 dixerat:
1414 741 1424 758 ι
1444 731 1558 764 Veni,et
1574 738 1628 758 non
1645 734 1706 758 erat
1721 730 1803 757 homo
1817 738 1826 762 ;

1039 779 1145 811 vocavi.
1159 782 1185 807 et
1197 785 1251 806 non
1263 782 1321 805 erat
1330 779 1375 814 qui
1390 777 1537 806 audiret".
1553 786 1562 803 ι
1572 776 1624 804 l‘ro
1632 784 1681 804 sua
1693 775 1827 810 siquidem

1040 824 1067 852 in
1083 824 1208 852 homines
1224 824 1488 857 benevolentia,toti
1501 823 1606 851 civitati
1622 822 1704 850 unius
1719 821 1829 848 nomine

1041 874 1152 906 peccata
1166 870 1313 898 condonat.
1325 869 1371 897 Ait
1387 870 1460 898 enim
1491 869 1518 897 in
1538 868 1613 896 hunc
1629 867 1740 895 modum
1758 865 1829 901 apud

1042 916 1188 944 Jeremiam
1202 923 1210 944 :
1226 924 1236 941 ‹
1253 915 1375 943 Circuite
1399 915 1458 943 vias
1478 913 1643 946 Jerusalem,
1664 917 1691 941 et
1715 912 1829 948 quaerite

1042 962 1072 990 in
1087 962 1186 997 plateis
1204 961 1276 996 ejus,
1297 964 1324 989 et
1334 960 1424 988 videte
1436 960 1460 988 si
1476 959 1623 988 inveniatis
1633 958 1740 991 virum;
1756 958 1780 985 si
1793 957 1830 985 sit

1043 1008 1146 1035 faciens
1163 1007 1254 1040 ﬁdem,
1268 1011 1297 1035 et
1310 1007 1425 1041 diligens
1447 1005 1685 1034 misericordiam:
1702 1009 1728 1031 et
1752 1003 1830 1031 fuero

1043 1052 1095 1088 ipsi
1109 1051 1277 1084 misericors,
1293 1051 1333 1078 ait
1360 1051 1492 1078 Dominus
1503 1050 1537 1077 7’.
1555 1058 1564 1076 ι
1595 1048 1697 1077 Fuerat
1724 1055 1789 1076 vero
1803 1052 1830 1074 et

1041 1095 1171 1124 Sodomis
1181 1103 1211 1124 se
1227 1095 1396 1131 parciturum
1408 1094 1557 1129 pollicitus,
1572 1093 1596 1122 si
1609 1093 1730 1128 quinque
1737 1092 1829 1126 justos

1043 1141 1187 1169 haberent.
1201 1142 1233 1169 ⁸ο.
1245 1141 1315 1169 Cum
1332 1141 1405 1169 enim
1418 1140 1544 1169 civitates
1560 1139 1682 1175 quinque
1708 1137 1829 1172 comple-

1041 1191 1198 1220 cterentur,
1213 1188 1254 1215 vel
1271 1187 1382 1214 unicum
1398 1186 1433 1214 de
1444 1185 1561 1222 singulis
1572 1184 1738 1221 postulabat.
1761 1183 1828 1210 Eum

1043 1233 1136 1269 igitur,
1163 1233 1211 1268 qui
1240 1239 1354 1268 operum
1371 1231 1479 1267 iustitia
1508 1231 1578 1259 alios
1597 1230 1705 1258 salvare
1734 1232 1829 1264 queat,

1043 1278 1096 1306 hoc
1118 1278 1202 1306 etiam
1231 1278 1293 1306 loco
1322 1277 1484 1311 defensorem
1513 1276 1672 1312 appellavit.
1698 1274 1751 1303 Sed
1766 1282 1830 1302 cum

1044 1325 1125 1352 talem
1140 1324 1245 1352 nullum
1264 1324 1422 1359 reperisset,
1449 1327 1477 1351 et
1495 1329 1543 1351 eos
1568 1321 1628 1357 ipse
1643 1320 1764 1357 potentia
1780 1327 1830 1348 sua

1045 1371 1055 1406 (
1069 1370 1138 1398 hanc
1154 1371 1227 1398 enim
1239 1370 1342 1397 brachii
1353 1369 1536 1405 appellatione
1561 1367 1742 1404 signiﬁcavit)
1758 1366 1831 1393 ultus

1043 1421 1093 1444 est.
1107 1416 1240 1444 Sustinuit
1256 1424 1315 1444 vero
1341 1420 1366 1443 et
1387 1414 1588 1447 misericordia;
1611 1417 1660 1442 aut
1679 1413 1832 1442 secundum

1045 1462 1125 1496 alios,
1142 1462 1322 1498 conﬁrmavit.
1333 1461 1428 1497 Neque
1444 1461 1518 1489 enim
1531 1467 1626 1489 omnes
1640 1459 1770 1495 perdidit,
1784 1459 1832 1494 qui

1046 1509 1170 1544 reliquiis
1186 1508 1357 1537 conservatis
1366 1514 1466 1535 vanum
1480 1514 1542 1535 esse
1558 1505 1632 1542 quod
1645 1505 1735 1534 fuerat
1748 1505 1834 1540 patri-

1047 1554 1098 1583 bus
1113 1554 1262 1590 pollicitus,
1277 1560 1331 1582 non
1343 1553 1477 1588 permisit.
1492 1552 1589 1580 Postea
1601 1551 1725 1580 ultimam
1738 1557 1833 1578 eorum

1045 1600 1274 1637 expugnationem
1304 1599 1473 1635 signiﬁcans,
1501 1598 1586 1626 Deum
1612 1598 1746 1625 adversus
1772 1597 1834 1625 illos

1045 1651 1178 1682 tanquam
1194 1650 1328 1674 armatum
1345 1649 1409 1673 ante
1432 1645 1528 1673 oculos
1554 1643 1685 1679 subiicit;
1703 1645 1738 1670 ad
1753 1651 1833 1678 quem

1045 1695 1073 1720 et
1088 1692 1141 1720 ista
1156 1691 1229 1720 dicta
1243 1696 1326 1719 sunt:
1345 1699 1355 1716 ι
1374 1689 1414 1717 Τυ
1429 1690 1593 1718 metuendus
1611 1697 1652 1723 es,
1670 1692 1698 1717 et
1712 1688 1774 1723 quis
1791 1695 1831 1715 re-

1045 1737 1125 1765 sistet
1136 1736 1187 1764 tibi
1202 1744 1218 1764 a
1233 1736 1328 1764 furore
1337 1740 1384 1764 tuo
1396 1735 1432 1762 ιιι
1446 1745 1455 1762 ι
1472 1735 1529 1766 Illis
1543 1735 1601 1763 haec
1615 1734 1834 1770 patientibus.re-

1046 1783 1194 1820 liquiorbis
1203 1783 1394 1818 terrardnquit,
1401 1782 1535 1810 timebunt
1543 1781 1729 1810 vehementem
1737 1780 1835 1808 adver-

1046 1838 1094 1859 sus
1102 1830 1258 1858 incredulos
1271 1830 1349 1858 iram.
1359 1829 1459 1857 Verum
1473 1836 1521 1864 pro
1531 1836 1587 1865 quo
1598 1827 1644 1856 :Et
1656 1828 1726 1855 ultus
1738 1831 1778 1855 est
1790 1834 1831 1854 eo:

1046 1877 1154 1904 brachio
1170 1885 1229 1909 tuo.
1247 1876 1379 1904 habemus
1398 1884 1405 1903 :
1424 1875 1459 1902 Et
1489 1876 1601 1903 servavit
1626 1875 1677 1903 sibi
1697 1874 1834 1901 brachium

1045 1932 1124 1951 suum
1153 1927 1322 1958 exponentes
1346 1921 1482 1955 nonnulli,
1511 1921 1587 1949 omni
1619 1920 1675 1948 illis
1700 1919 1833 1946 adversus

1046 1971 1150 2004 hostes,
1175 1975 1286 2006 propter
1301 1969 1416 2002 scelera,
1446 1969 1549 1996 virtute
1567 1965 1720 1998 destitutis,
1741 1965 1769 1993 in
1785 1964 1833 1992 Dei

1045 2016 1147 2044 virtute
1170 2023 1219 2050 per
1243 2015 1382 2043 Christum
1408 2013 1553 2042 victoriam
1580 2015 1608 2040 et
1638 2011 1755 2040 salutem
1779 2018 1832 2038 non

1045 2061 1204 2090 defuturum
1233 2067 1295 2089 esse
1324 2060 1507 2088 tradiderunt.
1538 2058 1684 2092 Praeterea,
1714 2065 1779 2093 pro:
1798 2057 1833 2084 Et

1046 2107 1230 2136 misericordia
1253 2107 1312 2142 ejus
1327 2107 1471 2138 sustinuit;
1494 2110 1519 2133 et
1541 2104 1651 2140 justiti:
1665 2104 1723 2139 ejus
1741 2103 1834 2137 conﬁr-

1046 2154 1130 2182 mavit
1146 2154 1290 2186 dicentes;
1301 2153 1436 2187 justitiam
1463 2152 1490 2179 in
1506 2151 1633 2183 Domino,
1649 2149 1717 2185 justi
1736 2149 1834 2176 adver-

1046 2207 1094 2228 sus
1119 2199 1218 2234 impios
1233 2197 1330 2233 judicii
1348 2197 1550 2224 ﬁrmamentum
1569 2202 1631 2223 esse
1659 2193 1832 2221 addiderunt.

1004 2243 1032 2273 Ι)
1045 2246 1206 2281 Loquuntur
1220 2252 1285 2272 vero
1296 2249 1424 2278 tanquam
1435 2243 1469 2271 de
1480 2243 1576 2270 bellica
1588 2241 1634 2270 Dei
1649 2239 1833 2275 supellectile;

202 2296 255 2322 qua
268 2290 375 2317 ratione
397 2297 448 2318 nos
464 2289 498 2318 ad
520 2294 686 2318 armaturam
719 2291 800 2320 istaut
819 2291 986 2321 induendam
1007 2293 1170 2321 adhortatur
1193 2291 1387 2328 Apostolus“.
1406 2290 1473 2324 Quae
1490 2294 1533 2318 est
1548 2289 1631 2324 igitur
1660 2289 1686 2315 in
1718 2286 1833 2315 Domino

197 2334 313 2368 justililz
328 2334 440 2368 veritas,
456 2334 516 2371 ipsa
529 2342 594 2363 vere
609 2335 669 2371 spei
680 2335 764 2364 lorica
778 2340 835 2369 ert;
852 2336 911 2372 ipsa
926 2344 989 2366 vere
1007 2338 1102 2374 galea,-
1132 2343 1194 2373 quat
1225 2340 1318 2364 autem
1345 2335 1375 2363 iu
1403 2335 1491 2368 nobis,
1518 2332 1602 2370 674
1630 2332 1745 2360 imitatio
1772 2335 1834 2358 tan-

205 2387 272 2408 lllm.

240 2429 355 2456 Ἔπεται
366 2429 407 2463 δὲ,
419 2429 495 2465 φασὶ,
507 2431 555 2458 καὶ
569 2431 586 2465 ὴ
595 2431 706 2466 κριτικὴ
720 2428 778 2458 οἷον
791 2431 909 2464 ὅπλισις,
922 2432 994 2460 κατά

203 2474 256 2500 τῶν
269 2474 416 2502 θλιϐόντων
431 2476 549 2512 Χριστὸν
565 2476 594 2503 ἔν
606 2485 637 2503 τε
651 2478 685 2512 τῇ
698 2477 758 2504 κατ’
784 2476 879 2510 αὑτοῦ,
899 2478 946 2504 καὶ
959 2478 993 2514 τῇ

203 2518 274 2545 κατά
285 2519 339 2546 τῶν
356 2519 441 2554 ἁγίων
465 2521 659 2548 ἐπαναστάσει.
677 2521 770 2547 Ταυτά
790 2520 919 2554 δηλοῦται
940 2521 994 2547 κάν

203 2563 242 2598 τῷ
251 2564 371 2601 δευτέρῳ
383 2565 495 2602 ψαλμῷ.
512 2566 590 2598 Τινὲς
604 2566 633 2593 δὲ
648 2566 699 2601 τὴν
711 2566 775 2602 ὃλην
790 2566 893 2594 ἄνωθεν
906 2565 993 2598 οὕτως

203 2610 372 2646 ἐξηγήσαντο
393 2611 491 2647 ῥῆσινε
505 2612 573 2639 Θεοῦ
600 2613 730 2645 πολλάκις
757 2611 993 2647 ἐπαγγειλαμένου

204 2656 312 2693 βοηθεῖν
328 2658 367 2693 τῷ
376 2658 443 2693 λαῷ,
460 2659 508 2686 καὶ
523 2659 681 2686 τούναντίον
693 2659 793 2690 αὐτοὺς
819 2657 994 2694 αἰχμαλωσίᾳ

203 2702 407 2737 παραδιδόντος,
421 2703 459 2735 ὡς
472 2703 649 2736 ἀσθενοῦντος
675 2703 813 2731 κατεόόων
837 2702 917 2730 Θεοῦ.
946 2703 992 2730 Δι-

243 2782 265 2796 ⁷¹¹
283 2782 333 2809 lsa.
352 2791 376 2814 L,
394 2784 419 2809 ι).

459 2784 482 2799 ⁷⁸
501 2782 602 2812 Jerem.
618 2794 643 2817 ν,
667 2786 690 2813 l.
730 2786 753 2801 '°
775 2784 844 2813 Gen.
858 2791 937 2816 xvul,
953 2783 998 2812 52.

1080 2430 1211 2467 Sequitur
1224 2437 1300 2461 vero.
1318 2428 1405 2462 aiunt,
1422 2427 1505 2455 etiam
1518 2434 1579 2462 qua:
1595 2425 1676 2453 veluti
1696 2424 1836 2460 judicialis

1043 2483 1096 2511 est,
1107 2482 1260 2508 armatura.
1276 2476 1407 2503 adversus
1417 2481 1476 2507 eos,
1491 2475 1537 2509 qui
1547 2473 1686 2501 Christum
1696 2470 1832 2506 afﬂigunt,

1043 2523 1102 2551 sive
1115 2522 1144 2550 in
1159 2529 1221 2549 eam
1236 2521 1298 2556 ipsi,
1316 2520 1374 2548 sive
1399 2520 1427 2547 in
1453 2521 1564 2546 sanctos
1594 2517 1756 2551 insurgant;
1774 2522 1835 2549 qua:

1043 2569 1071 2597 in
1086 2567 1209 2597 secundo
1221 2568 1303 2595 etiam
1334 2566 1439 2602 psalmo
1455 2565 1641 2592 declarantur.
1653 2562 1769 2596 Quidam
1785 2568 1834 2588 au-

1042 2619 1097 2643 tem
1117 2614 1200 2642 verba
1217 2613 1269 2641 ista
1285 2613 1319 2640 ab
1335 2612 1413 2640 initio
1435 2611 1475 2639 sic
1491 2610 1673 2646 explicarunt.
1692 2608 1760 2635 Cum
1783 2614 1834 2642 po-

1046 2659 1112 2695 pulo
1125 2666 1197 2695 saepe
1215 2659 1408 2687 auxiliaturum
1438 2665 1468 2685 se
1497 2657 1634 2692 pollicitus
1663 2659 1736 2683 esset
1752 2653 1833 2685 Deus.

1045 2705 1172 2734 eumdem
1183 2713 1249 2733 vero
1269 2705 1296 2732 in
1312 2704 1498 2740 captivitatem
1515 2702 1691 2735 tradidisset,
1705 2700 1733 2728 in
1750 2699 1833 2727 Deum

1054 2784 1074 2799 ⁸·
1093 2783 1165 2810 Psal.
1181 2791 1263 2816 Lxxv,
1275 2783 1302 2816 8,
1340 2783 1361 2799 ’δ’
1379 2782 1477 2818 Ephcs.
1506 2789 1542 2814 vt,
1563 2781 1605 2808 ll.

858 2855 876 2881 ν
886 2853 973 2881 \thE
999 2852 1200 2882 LECTIONES.

247 2886 254 2905 ¹
276 2896 318 2921 nu
340 2887 366 2920 ἥ·
407 2893 426 2906 ὐ
441 2887 526 2922 πλη-
