  <div class='ocr_page' id='page_1' title='image "/cluster/home/n/w/nwhite01/storage/ocr_20150623/87, pt.2/njp.32101010943809/573.png"; bbox 0 0 1988 3079; ppageno 0'>
   <div class='ocr_carea' id='block_1_1' title="bbox 161 160 228 194">
    <p class='ocr_par' dir='ltr' id='par_1_1' title="bbox 161 160 228 194">
     <span class='ocr_line' id='line_1_1' title="bbox 161 160 228 194; baseline 0.015 -1"><span class='ocrx_word' id='word_1_1' title='bbox 161 160 228 194; x_wconf 72' lang='lat'><strong>2611</strong></span> 
     </span>
    </p>
   </div>
   <div class='ocr_carea' id='block_1_2' title="bbox 821 159 1134 193">
    <p class='ocr_par' dir='ltr' id='par_1_2' title="bbox 821 159 1134 193">
     <span class='ocr_line' id='line_1_2' title="bbox 821 159 1134 193; baseline -0.006 0"><span class='ocrx_word' id='word_1_2' title='bbox 821 160 998 193; x_wconf 78' lang='lat' dir='ltr'><strong>PROCOPiI</strong></span> <span class='ocrx_word' id='word_1_3' title='bbox 1013 159 1134 192; x_wconf 71' lang='grc' dir='ltr'><strong>ΟΛΖᾸΞΙ</strong></span> 
     </span>
    </p>
   </div>
   <div class='ocr_carea' id='block_1_3' title="bbox 1729 157 1804 192">
    <p class='ocr_par' dir='ltr' id='par_1_3' title="bbox 1729 157 1804 192">
     <span class='ocr_line' id='line_1_3' title="bbox 1729 157 1804 192; baseline 0 -2"><span class='ocrx_word' id='word_1_4' title='bbox 1729 157 1804 192; x_wconf 72' lang='lat'><strong>2612</strong></span> 
     </span>
    </p>
   </div>
   <div class='ocr_carea' id='block_1_4' title="bbox 159 215 953 255">
    <p class='ocr_par' dir='ltr' id='par_1_4' title="bbox 159 217 952 254">
     <span class='ocr_line' id='line_1_4' title="bbox 159 217 952 254; baseline -0.003 -8"><span class='ocrx_word' id='word_1_5' title='bbox 159 223 292 254; x_wconf 89' lang='lat' dir='ltr'><strong>tanquam</strong></span> <span class='ocrx_word' id='word_1_6' title='bbox 321 220 433 253; x_wconf 79' lang='lat' dir='ltr'><strong>propter</strong></span> <span class='ocrx_word' id='word_1_7' title='bbox 458 217 559 245; x_wconf 88' lang='lat' dir='ltr'><strong>virium</strong></span> <span class='ocrx_word' id='word_1_8' title='bbox 583 217 799 246; x_wconf 79' lang='lat' dir='ltr'><strong>imbecillitatem</strong></span> <span class='ocrx_word' id='word_1_9' title='bbox 831 217 952 254; x_wconf 84' lang='lat' dir='ltr'><strong>pollicita</strong></span> 
     </span>
    </p>
   </div>
   <div class='ocr_carea' id='block_1_5' title="bbox 1004 215 1802 255">
    <p class='ocr_par' dir='ltr' id='par_1_5' title="bbox 1004 215 1802 255">
     <span class='ocr_line' id='line_1_5' title="bbox 1004 215 1802 255; baseline 0.003 -12"><span class='ocrx_word' id='word_1_10' title='bbox 1004 216 1125 253; x_wconf 76' lang='grc' dir='ltr'>ελέγχων</span> <span class='ocrx_word' id='word_1_11' title='bbox 1135 215 1182 245; x_wconf 74' lang='grc' dir='ltr'><strong>οὖν</strong></span> <span class='ocrx_word' id='word_1_12' title='bbox 1191 216 1302 249; x_wconf 79' lang='grc' dir='ltr'>αὐτοὺς,</span> <span class='ocrx_word' id='word_1_13' title='bbox 1312 215 1458 249; x_wconf 65' lang='lat' dir='ltr'><strong>disiectat;</strong></span> <span class='ocrx_word' id='word_1_14' title='bbox 1471 216 1562 244; x_wconf 81' lang='grc' dir='ltr'>αὐτῶν</span> <span class='ocrx_word' id='word_1_15' title='bbox 1571 216 1709 253; x_wconf 73' lang='grc' dir='ltr'>ἁμαρτίας</span> <span class='ocrx_word' id='word_1_16' title='bbox 1722 219 1802 255; x_wconf 65' lang='grc' dir='ltr'>φησι,</span> 
     </span>
    </p>
   </div>
   <div class='ocr_carea' id='block_1_6' title="bbox 161 263 955 299">
    <p class='ocr_par' dir='ltr' id='par_1_6' title="bbox 161 263 955 299">
     <span class='ocr_line' id='line_1_6' title="bbox 161 263 955 299; baseline 0 -8"><span class='ocrx_word' id='word_1_17' title='bbox 161 271 217 292; x_wconf 92' lang='lat' dir='ltr'><strong>non</strong></span> <span class='ocrx_word' id='word_1_18' title='bbox 247 263 445 299; x_wconf 81' lang='lat' dir='ltr'><strong>praestitisset;</strong></span> <span class='ocrx_word' id='word_1_19' title='bbox 468 263 588 299; x_wconf 85' lang='lat' dir='ltr'><strong>populus</strong></span> <span class='ocrx_word' id='word_1_20' title='bbox 615 263 832 292; x_wconf 81' lang='lat' dir='ltr'><strong>vociferabatur.</strong></span> <span class='ocrx_word' id='word_1_21' title='bbox 858 263 955 299; x_wconf 85' lang='lat' dir='ltr'><strong>Itaque</strong></span> 
     </span>
    </p>
   </div>
   <div class='ocr_carea' id='block_1_7' title="bbox 160 308 955 344">
    <p class='ocr_par' dir='ltr' id='par_1_7' title="bbox 160 308 955 344">
     <span class='ocr_line' id='line_1_7' title="bbox 160 308 955 344; baseline -0.001 -7"><span class='ocrx_word' id='word_1_22' title='bbox 160 316 209 337; x_wconf 87' lang='lat' dir='ltr'><strong>eos</strong></span> <span class='ocrx_word' id='word_1_23' title='bbox 223 315 353 344; x_wconf 79' lang='lat' dir='ltr'><strong>arguens,</strong></span> <span class='ocrx_word' id='word_1_24' title='bbox 370 308 399 336; x_wconf 88' lang='lat' dir='ltr'><strong>in</strong></span> <span class='ocrx_word' id='word_1_25' title='bbox 423 314 509 336; x_wconf 85' lang='lat' dir='ltr'><strong>causa</strong></span> <span class='ocrx_word' id='word_1_26' title='bbox 539 308 627 337; x_wconf 82' lang='lat' dir='ltr'><strong>fuisse</strong></span> <span class='ocrx_word' id='word_1_27' title='bbox 641 316 740 336; x_wconf 90' lang='lat' dir='ltr'><strong>eorum</strong></span> <span class='ocrx_word' id='word_1_28' title='bbox 767 313 882 344; x_wconf 86' lang='lat' dir='ltr'><strong>peccata</strong></span> <span class='ocrx_word' id='word_1_29' title='bbox 907 315 955 336; x_wconf 87' lang='lat' dir='ltr'><strong>re—</strong></span> 
     </span>
    </p>
   </div>
   <div class='ocr_carea' id='block_1_8' title="bbox 162 354 954 391">
    <p class='ocr_par' dir='ltr' id='par_1_8' title="bbox 162 354 954 391">
     <span class='ocr_line' id='line_1_8' title="bbox 162 354 954 391; baseline -0.003 -7"><span class='ocrx_word' id='word_1_30' title='bbox 162 355 291 391; x_wconf 88' lang='lat' dir='ltr'><strong>spondet,</strong></span> <span class='ocrx_word' id='word_1_31' title='bbox 306 359 418 391; x_wconf 83' lang='lat' dir='ltr'><strong>propter</strong></span> <span class='ocrx_word' id='word_1_32' title='bbox 431 362 492 390; x_wconf 66' lang='lat' dir='ltr'><strong>quae</strong></span> <span class='ocrx_word' id='word_1_33' title='bbox 507 362 565 383; x_wconf 84' lang='lat' dir='ltr'><strong>non</strong></span> <span class='ocrx_word' id='word_1_34' title='bbox 586 355 682 383; x_wconf 87' lang='lat' dir='ltr'><strong>audire</strong></span> <span class='ocrx_word' id='word_1_35' title='bbox 704 354 777 383; x_wconf 90' lang='lat' dir='ltr'><strong>Deus</strong></span> <span class='ocrx_word' id='word_1_36' title='bbox 793 358 820 382; x_wconf 91' lang='lat' dir='ltr'><strong>et</strong></span> <span class='ocrx_word' id='word_1_37' title='bbox 843 361 954 383; x_wconf 82' lang='lat' dir='ltr'><strong>servare</strong></span> 
     </span>
    </p>
   </div>
   <div class='ocr_carea' id='block_1_9' title="bbox 161 400 956 437">
    <p class='ocr_par' dir='ltr' id='par_1_9' title="bbox 161 400 956 437">
     <span class='ocr_line' id='line_1_9' title="bbox 161 400 956 437; baseline -0.001 -8"><span class='ocrx_word' id='word_1_38' title='bbox 161 401 287 437; x_wconf 87' lang='lat' dir='ltr'><strong>potuisse</strong></span> <span class='ocrx_word' id='word_1_39' title='bbox 301 401 378 429; x_wconf 87' lang='lat' dir='ltr'><strong>visus</strong></span> <span class='ocrx_word' id='word_1_40' title='bbox 389 401 436 429; x_wconf 90' lang='lat' dir='ltr'><strong>sit.</strong></span> <span class='ocrx_word' id='word_1_41' title='bbox 462 400 531 429; x_wconf 84' lang='lat' dir='ltr'><strong>Cum</strong></span> <span class='ocrx_word' id='word_1_42' title='bbox 545 401 619 428; x_wconf 89' lang='lat' dir='ltr'><strong>enim</strong></span> <span class='ocrx_word' id='word_1_43' title='bbox 638 400 741 430; x_wconf 83' lang='lat' dir='ltr'><strong>liberos</strong></span> <span class='ocrx_word' id='word_1_44' title='bbox 768 408 834 429; x_wconf 81' lang='lat' dir='ltr'><strong>suos</strong></span> <span class='ocrx_word' id='word_1_45' title='bbox 848 405 956 428; x_wconf 87' lang='lat' dir='ltr'><strong>macta-</strong></span> 
     </span>
    </p>
   </div>
   <div class='ocr_carea' id='block_1_10' title="bbox 161 447 974 483">
    <p class='ocr_par' dir='ltr' id='par_1_10' title="bbox 161 447 974 483">
     <span class='ocr_line' id='line_1_10' title="bbox 161 447 974 483; baseline 0.001 -9"><span class='ocrx_word' id='word_1_46' title='bbox 161 452 233 480; x_wconf 89' lang='lat' dir='ltr'><strong>rent,</strong></span> <span class='ocrx_word' id='word_1_47' title='bbox 243 454 340 475; x_wconf 90' lang='lat' dir='ltr'><strong>eorum</strong></span> <span class='ocrx_word' id='word_1_48' title='bbox 362 451 425 475; x_wconf 83' lang='lat' dir='ltr'><strong>exta</strong></span> <span class='ocrx_word' id='word_1_49' title='bbox 437 447 630 483; x_wconf 84' lang='lat' dir='ltr'><strong>inspicientes;</strong></span> <span class='ocrx_word' id='word_1_50' title='bbox 645 455 740 475; x_wconf 80' lang='lat' dir='ltr'><strong>manus</strong></span> <span class='ocrx_word' id='word_1_51' title='bbox 751 447 804 475; x_wconf 92' lang='lat' dir='ltr'><strong>sibi</strong></span> <span class='ocrx_word' id='word_1_52' title='bbox 813 447 952 482; x_wconf 79' lang='lat' dir='ltr'><strong>sanguine,</strong></span> <span class='ocrx_word' id='word_1_53' title='bbox 972 461 974 463; x_wconf 85' lang='grc'><strong>·</strong></span> 
     </span>
    </p>
   </div>
   <div class='ocr_carea' id='block_1_11' title="bbox 161 493 953 528">
    <p class='ocr_par' dir='ltr' id='par_1_11' title="bbox 161 493 953 528">
     <span class='ocr_line' id='line_1_11' title="bbox 161 493 953 528; baseline 0 -8"><span class='ocrx_word' id='word_1_54' title='bbox 161 497 191 520; x_wconf 79' lang='lat' dir='ltr'><strong>ut</strong></span> <span class='ocrx_word' id='word_1_55' title='bbox 213 493 348 528; x_wconf 83' lang='lat' dir='ltr'><strong>impietate</strong></span> <span class='ocrx_word' id='word_1_56' title='bbox 372 493 444 520; x_wconf 80' lang='lat' dir='ltr'><strong>labia</strong></span> <span class='ocrx_word' id='word_1_57' title='bbox 463 493 639 528; x_wconf 79' lang='lat' dir='ltr'><strong>polluebant:</strong></span> <span class='ocrx_word' id='word_1_58' title='bbox 653 493 737 527; x_wconf 88' lang='lat' dir='ltr'><strong>unde,</strong></span> <span class='ocrx_word' id='word_1_59' title='bbox 748 497 879 526; x_wconf 86' lang='lat' dir='ltr'><strong>tanquam</strong></span> <span class='ocrx_word' id='word_1_60' title='bbox 890 501 953 522; x_wconf 86' lang='lat' dir='ltr'><strong>sur-</strong></span> 
     </span>
    </p>
   </div>
   <div class='ocr_carea' id='block_1_12' title="bbox 161 537 952 574">
    <p class='ocr_par' dir='ltr' id='par_1_12' title="bbox 161 537 952 574">
     <span class='ocr_line' id='line_1_12' title="bbox 161 537 952 574; baseline 0.003 -10"><span class='ocrx_word' id='word_1_61' title='bbox 161 537 292 573; x_wconf 71' lang='lat' dir='ltr'><strong>gentibus</strong></span> <span class='ocrx_word' id='word_1_62' title='bbox 309 545 342 565; x_wconf 75' lang='lat' dir='ltr'><strong>ex</strong></span> <span class='ocrx_word' id='word_1_63' title='bbox 368 537 472 565; x_wconf 81' lang='lat' dir='ltr'><strong>semine</strong></span> <span class='ocrx_word' id='word_1_64' title='bbox 487 537 639 571; x_wconf 85' lang='lat' dir='ltr'><strong>laboribus,</strong></span> <span class='ocrx_word' id='word_1_65' title='bbox 665 537 769 566; x_wconf 79' lang='lat' dir='ltr'><strong>frustra</strong></span> <span class='ocrx_word' id='word_1_66' title='bbox 784 538 952 574; x_wconf 87' lang='lat' dir='ltr'><strong>torqueban-</strong></span> 
     </span>
    </p>
   </div>
   <div class='ocr_carea' id='block_1_13' title="bbox 160 584 953 620">
    <p class='ocr_par' dir='ltr' id='par_1_13' title="bbox 160 584 953 620">
     <span class='ocr_line' id='line_1_13' title="bbox 160 584 953 620; baseline 0.003 -9"><span class='ocrx_word' id='word_1_67' title='bbox 160 588 216 612; x_wconf 91' lang='lat' dir='ltr'><strong>tur.</strong></span> <span class='ocrx_word' id='word_1_68' title='bbox 237 584 313 617; x_wconf 88' lang='lat' dir='ltr'><strong>Quas</strong></span> <span class='ocrx_word' id='word_1_69' title='bbox 326 584 401 612; x_wconf 88' lang='lat' dir='ltr'><strong>enim</strong></span> <span class='ocrx_word' id='word_1_70' title='bbox 420 584 574 620; x_wconf 73' lang='lat' dir='ltr'><strong>voluptates</strong></span> <span class='ocrx_word' id='word_1_71' title='bbox 591 584 656 613; x_wconf 91' lang='lat' dir='ltr'><strong>inde</strong></span> <span class='ocrx_word' id='word_1_72' title='bbox 675 585 874 620; x_wconf 85' lang='lat' dir='ltr'><strong>percipiebant,</strong></span> <span class='ocrx_word' id='word_1_73' title='bbox 892 590 953 613; x_wconf 85' lang='lat' dir='ltr'><strong>tan-</strong></span> 
     </span>
    </p>
   </div>
   <div class='ocr_carea' id='block_1_14' title="bbox 160 630 954 666">
    <p class='ocr_par' dir='ltr' id='par_1_14' title="bbox 160 630 954 666">
     <span class='ocr_line' id='line_1_14' title="bbox 160 630 954 666; baseline 0.001 -8"><span class='ocrx_word' id='word_1_74' title='bbox 160 638 242 666; x_wconf 83' lang='lat' dir='ltr'><strong>quam</strong></span> <span class='ocrx_word' id='word_1_75' title='bbox 258 638 307 658; x_wconf 75' lang='lat' dir='ltr'><strong>ova</strong></span> <span class='ocrx_word' id='word_1_76' title='bbox 318 630 443 665; x_wconf 78' lang='lat' dir='ltr'><strong>aspidum</strong></span> <span class='ocrx_word' id='word_1_77' title='bbox 465 635 544 658; x_wconf 84' lang='lat' dir='ltr'><strong>erant</strong></span> <span class='ocrx_word' id='word_1_78' title='bbox 566 631 771 666; x_wconf 81' lang='lat' dir='ltr'><strong>intempestiva,</strong></span> <span class='ocrx_word' id='word_1_79' title='bbox 783 635 830 659; x_wconf 87' lang='lat' dir='ltr'><strong>aut</strong></span> <span class='ocrx_word' id='word_1_80' title='bbox 846 639 954 660; x_wconf 82' lang='lat' dir='ltr'><strong>aranea:</strong></span> 
     </span>
    </p>
   </div>
   <div class='ocr_carea' id='block_1_15' title="bbox 161 675 953 712">
    <p class='ocr_par' dir='ltr' id='par_1_15' title="bbox 161 675 953 712">
     <span class='ocr_line' id='line_1_15' title="bbox 161 675 953 712; baseline 0.003 -10"><span class='ocrx_word' id='word_1_81' title='bbox 161 675 224 709; x_wconf 79' lang='lat' dir='ltr'><strong>tela,</strong></span> <span class='ocrx_word' id='word_1_82' title='bbox 244 683 305 711; x_wconf 72' lang='lat' dir='ltr'><strong>qua:</strong></span> <span class='ocrx_word' id='word_1_83' title='bbox 333 683 433 703; x_wconf 84' lang='lat' dir='ltr'><strong>nocere</strong></span> <span class='ocrx_word' id='word_1_84' title='bbox 459 675 564 711; x_wconf 84' lang='lat' dir='ltr'><strong>potius,</strong></span> <span class='ocrx_word' id='word_1_85' title='bbox 588 683 672 711; x_wconf 90' lang='lat' dir='ltr'><strong>quam</strong></span> <span class='ocrx_word' id='word_1_86' title='bbox 691 676 824 712; x_wconf 73' lang='lat' dir='ltr'><strong>prodesse</strong></span> <span class='ocrx_word' id='word_1_87' title='bbox 844 677 953 705; x_wconf 87' lang='lat' dir='ltr'><strong>valent:</strong></span> 
     </span>
    </p>
   </div>
   <div class='ocr_carea' id='block_1_16' title="bbox 161 721 953 758">
    <p class='ocr_par' dir='ltr' id='par_1_16' title="bbox 161 721 953 758">
     <span class='ocr_line' id='line_1_16' title="bbox 161 721 953 758; baseline 0.001 -9"><span class='ocrx_word' id='word_1_88' title='bbox 161 721 217 749; x_wconf 87' lang='lat' dir='ltr'><strong>imo</strong></span> <span class='ocrx_word' id='word_1_89' title='bbox 232 729 304 757; x_wconf 59' lang='lat' dir='ltr'><strong>quae,</strong></span> <span class='ocrx_word' id='word_1_90' title='bbox 325 721 348 749; x_wconf 88' lang='lat' dir='ltr'><strong>si</strong></span> <span class='ocrx_word' id='word_1_91' title='bbox 360 721 511 757; x_wconf 86' lang='lat' dir='ltr'><strong>quidquam</strong></span> <span class='ocrx_word' id='word_1_92' title='bbox 527 722 693 758; x_wconf 84' lang='lat' dir='ltr'><strong>producant,</strong></span> <span class='ocrx_word' id='word_1_93' title='bbox 710 723 778 750; x_wconf 86' lang='lat' dir='ltr'><strong>nihil</strong></span> <span class='ocrx_word' id='word_1_94' title='bbox 794 730 810 750; x_wconf 92' lang='lat' dir='ltr'><strong>a</strong></span> <span class='ocrx_word' id='word_1_95' title='bbox 826 722 953 750; x_wconf 79' lang='lat' dir='ltr'><strong>basilisca</strong></span> 
     </span>
    </p>
   </div>
   <div class='ocr_carea' id='block_1_17' title="bbox 160 766 953 803">
    <p class='ocr_par' dir='ltr' id='par_1_17' title="bbox 160 766 953 803">
     <span class='ocr_line' id='line_1_17' title="bbox 160 766 953 803; baseline 0.005 -10"><span class='ocrx_word' id='word_1_96' title='bbox 160 766 279 799; x_wconf 82' lang='lat' dir='ltr'><strong>diﬂ&#39;erat,</strong></span> <span class='ocrx_word' id='word_1_97' title='bbox 298 775 346 802; x_wconf 91' lang='lat' dir='ltr'><strong>per</strong></span> <span class='ocrx_word' id='word_1_98' title='bbox 355 775 437 802; x_wconf 89' lang='lat' dir='ltr'><strong>quem</strong></span> <span class='ocrx_word' id='word_1_99' title='bbox 453 771 481 796; x_wconf 87' lang='lat' dir='ltr'><strong>et</strong></span> <span class='ocrx_word' id='word_1_100' title='bbox 496 768 549 802; x_wconf 81' lang='lat' dir='ltr'><strong>ipsi</strong></span> <span class='ocrx_word' id='word_1_101' title='bbox 569 768 704 796; x_wconf 90' lang='lat' dir='ltr'><strong>malorum</strong></span> <span class='ocrx_word' id='word_1_102' title='bbox 722 776 831 803; x_wconf 83' lang='lat' dir='ltr'><strong>operum</strong></span> <span class='ocrx_word' id='word_1_103' title='bbox 856 773 953 797; x_wconf 91' lang='lat' dir='ltr'><strong>aucto-</strong></span> 
     </span>
    </p>
   </div>
   <div class='ocr_carea' id='block_1_18' title="bbox 160 812 955 848">
    <p class='ocr_par' dir='ltr' id='par_1_18' title="bbox 160 812 955 848">
     <span class='ocr_line' id='line_1_18' title="bbox 160 812 955 848; baseline 0.003 -8"><span class='ocrx_word' id='word_1_104' title='bbox 160 819 218 840; x_wconf 84' lang='lat' dir='ltr'><strong>rem</strong></span> <span class='ocrx_word' id='word_1_105' title='bbox 229 812 367 840; x_wconf 86' lang='lat' dir='ltr'><strong>diabolum</strong></span> <span class='ocrx_word' id='word_1_106' title='bbox 385 813 534 848; x_wconf 73' lang='lat' dir='ltr'><strong>an-agogice</strong></span> <span class='ocrx_word' id='word_1_107' title='bbox 559 813 749 848; x_wconf 77' lang='lat' dir='ltr'><strong>intelligimus.</strong></span> <span class='ocrx_word' id='word_1_108' title='bbox 775 814 811 841; x_wconf 78' lang='lat' dir='ltr'><strong>At</strong></span> <span class='ocrx_word' id='word_1_109' title='bbox 824 821 859 842; x_wconf 81' lang='lat' dir='ltr'><strong>ex</strong></span> <span class='ocrx_word' id='word_1_110' title='bbox 873 814 955 842; x_wconf 84' lang='lat' dir='ltr'><strong>malis</strong></span> 
     </span>
    </p>
   </div>
   <div class='ocr_carea' id='block_1_19' title="bbox 160 859 953 897">
    <p class='ocr_par' dir='ltr' id='par_1_19' title="bbox 160 859 953 897">
     <span class='ocr_line' id='line_1_19' title="bbox 160 859 953 897; baseline 0.004 -11"><span class='ocrx_word' id='word_1_111' title='bbox 160 859 289 887; x_wconf 87' lang='lat' dir='ltr'><strong>omnibus</strong></span> <span class='ocrx_word' id='word_1_112' title='bbox 313 860 496 887; x_wconf 74' lang='lat' dir='ltr'><strong>vestimentum</strong></span> <span class='ocrx_word' id='word_1_113' title='bbox 522 865 724 892; x_wconf 71' lang='lat' dir='ltr'><strong>contexuerunt,</strong></span> <span class='ocrx_word' id='word_1_114' title='bbox 749 865 811 897; x_wconf 91' lang='lat' dir='ltr'><strong>post</strong></span> <span class='ocrx_word' id='word_1_115' title='bbox 829 868 953 889; x_wconf 88' lang='lat' dir='ltr'><strong>commu-</strong></span> 
     </span>
    </p>
   </div>
   <div class='ocr_carea' id='block_1_20' title="bbox 160 897 991 943">
    <p class='ocr_par' dir='ltr' id='par_1_20' title="bbox 160 897 991 943">
     <span class='ocr_line' id='line_1_20' title="bbox 160 897 991 943; baseline 0.002 -10"><span class='ocrx_word' id='word_1_116' title='bbox 160 913 222 933; x_wconf 91' lang='lat' dir='ltr'><strong>nem</strong></span> <span class='ocrx_word' id='word_1_117' title='bbox 239 910 353 934; x_wconf 82' lang='lat' dir='ltr'><strong>mortem</strong></span> <span class='ocrx_word' id='word_1_118' title='bbox 382 907 454 933; x_wconf 84' lang='lat' dir='ltr'><strong>mala</strong></span> <span class='ocrx_word' id='word_1_119' title='bbox 474 914 570 934; x_wconf 86' lang='lat' dir='ltr'><strong>eorum</strong></span> <span class='ocrx_word' id='word_1_120' title='bbox 597 914 763 942; x_wconf 81' lang='lat' dir='ltr'><strong>nequaquam</strong></span> <span class='ocrx_word' id='word_1_121' title='bbox 788 913 954 943; x_wconf 81' lang='lat' dir='ltr'><strong>aperturum,</strong></span> <span class='ocrx_word' id='word_1_122' title='bbox 969 897 991 925; x_wconf 74' lang='grc' dir='ltr'><strong>Β</strong></span> 
     </span>
    </p>
   </div>
   <div class='ocr_carea' id='block_1_21' title="bbox 159 953 956 989">
    <p class='ocr_par' dir='ltr' id='par_1_21' title="bbox 159 953 956 989">
     <span class='ocr_line' id='line_1_21' title="bbox 159 953 956 989; baseline 0.003 -9"><span class='ocrx_word' id='word_1_123' title='bbox 159 960 220 988; x_wconf 75' lang='lat' dir='ltr'><strong>quae</strong></span> <span class='ocrx_word' id='word_1_124' title='bbox 251 953 285 981; x_wconf 89' lang='lat' dir='ltr'><strong>ad</strong></span> <span class='ocrx_word' id='word_1_125' title='bbox 314 954 485 989; x_wconf 82' lang='lat' dir='ltr'><strong>sepulturam</strong></span> <span class='ocrx_word' id='word_1_126' title='bbox 513 962 601 989; x_wconf 87' lang='lat' dir='ltr'><strong>usque</strong></span> <span class='ocrx_word' id='word_1_127' title='bbox 626 955 699 982; x_wconf 88' lang='lat' dir='ltr'><strong>vires</strong></span> <span class='ocrx_word' id='word_1_128' title='bbox 725 954 851 982; x_wconf 87' lang='lat' dir='ltr'><strong>habitura</strong></span> <span class='ocrx_word' id='word_1_129' title='bbox 878 959 956 989; x_wconf 83' lang='lat' dir='ltr'><strong>sunt,</strong></span> 
     </span>
    </p>
   </div>
   <div class='ocr_carea' id='block_1_22' title="bbox 158 996 956 1036">
    <p class='ocr_par' dir='ltr' id='par_1_22' title="bbox 158 996 956 1036">
     <span class='ocr_line' id='line_1_22' title="bbox 158 996 956 1036; baseline 0.003 -10"><span class='ocrx_word' id='word_1_130' title='bbox 158 996 229 1026; x_wconf 76' lang='lat' dir='ltr'><strong>Jobo</strong></span> <span class='ocrx_word' id='word_1_131' title='bbox 244 1002 314 1027; x_wconf 78' lang='lat' dir='ltr'><strong>teste</strong></span> <span class='ocrx_word' id='word_1_132' title='bbox 329 999 353 1015; x_wconf 79' lang='lat'>&quot;</span> <span class='ocrx_word' id='word_1_133' title='bbox 367 1020 375 1033; x_wconf 94' lang='lat'><strong>,</strong></span> <span class='ocrx_word' id='word_1_134' title='bbox 391 999 438 1034; x_wconf 91' lang='lat' dir='ltr'><strong>qui</strong></span> <span class='ocrx_word' id='word_1_135' title='bbox 454 1007 484 1027; x_wconf 87' lang='lat' dir='ltr'><strong>se</strong></span> <span class='ocrx_word' id='word_1_136' title='bbox 498 999 532 1027; x_wconf 87' lang='lat' dir='ltr'><strong>ad</strong></span> <span class='ocrx_word' id='word_1_137' title='bbox 559 999 696 1027; x_wconf 88' lang='lat' dir='ltr'><strong>tumulum</strong></span> <span class='ocrx_word' id='word_1_138' title='bbox 717 1008 807 1034; x_wconf 85' lang='lat' dir='ltr'><strong>usque</strong></span> <span class='ocrx_word' id='word_1_139' title='bbox 825 1001 956 1036; x_wconf 77' lang='lat' dir='ltr'><strong>vigilasse</strong></span> 
     </span>
    </p>
   </div>
   <div class='ocr_carea' id='block_1_23' title="bbox 159 1043 952 1081">
    <p class='ocr_par' dir='ltr' id='par_1_23' title="bbox 159 1043 952 1081">
     <span class='ocr_line' id='line_1_23' title="bbox 159 1043 952 1081; baseline 0.003 -9"><span class='ocrx_word' id='word_1_140' title='bbox 159 1043 267 1072; x_wconf 79' lang='lat' dir='ltr'><strong>scribit.</strong></span> <span class='ocrx_word' id='word_1_141' title='bbox 296 1043 368 1072; x_wconf 91' lang='lat' dir='ltr'><strong>Sunt</strong></span> <span class='ocrx_word' id='word_1_142' title='bbox 399 1052 465 1073; x_wconf 85' lang='lat' dir='ltr'><strong>vero</strong></span> <span class='ocrx_word' id='word_1_143' title='bbox 483 1064 492 1078; x_wconf 95' lang='lat'><strong>,</strong></span> <span class='ocrx_word' id='word_1_144' title='bbox 521 1049 634 1081; x_wconf 87' lang='lat' dir='ltr'><strong>propter</strong></span> <span class='ocrx_word' id='word_1_145' title='bbox 664 1045 751 1073; x_wconf 81' lang='lat' dir='ltr'><strong>malus</strong></span> <span class='ocrx_word' id='word_1_146' title='bbox 766 1047 952 1081; x_wconf 71' lang='lat' dir='ltr'><strong>cogitationes,</strong></span> 
     </span>
    </p>
   </div>
   <div class='ocr_carea' id='block_1_24' title="bbox 159 1090 957 1125">
    <p class='ocr_par' dir='ltr' id='par_1_24' title="bbox 159 1090 957 1125">
     <span class='ocr_line' id='line_1_24' title="bbox 159 1090 957 1125; baseline 0.003 -8"><span class='ocrx_word' id='word_1_147' title='bbox 159 1090 309 1118; x_wconf 55' lang='lat' dir='ltr'><strong>aerumnosi</strong></span> <span class='ocrx_word' id='word_1_148' title='bbox 325 1094 354 1118; x_wconf 93' lang='lat' dir='ltr'><strong>et</strong></span> <span class='ocrx_word' id='word_1_149' title='bbox 369 1091 471 1124; x_wconf 79' lang='lat' dir='ltr'><strong>miseri,</strong></span> <span class='ocrx_word' id='word_1_150' title='bbox 494 1090 541 1125; x_wconf 90' lang='lat' dir='ltr'><strong>qui</strong></span> <span class='ocrx_word' id='word_1_151' title='bbox 556 1098 647 1125; x_wconf 85' lang='lat' dir='ltr'><strong>parem</strong></span> <span class='ocrx_word' id='word_1_152' title='bbox 667 1099 722 1119; x_wconf 91' lang='lat' dir='ltr'><strong>non</strong></span> <span class='ocrx_word' id='word_1_153' title='bbox 741 1091 870 1120; x_wconf 79' lang='lat' dir='ltr'><strong>habeant.</strong></span> <span class='ocrx_word' id='word_1_154' title='bbox 884 1092 957 1119; x_wconf 80' lang='lat' dir='ltr'><strong>Tan-</strong></span> 
     </span>
    </p>
   </div>
   <div class='ocr_carea' id='block_1_25' title="bbox 158 1134 956 1173">
    <p class='ocr_par' dir='ltr' id='par_1_25' title="bbox 158 1134 956 1173">
     <span class='ocr_line' id='line_1_25' title="bbox 158 1134 956 1173; baseline 0.006 -12"><span class='ocrx_word' id='word_1_155' title='bbox 158 1141 242 1169; x_wconf 86' lang='lat' dir='ltr'><strong>quam</strong></span> <span class='ocrx_word' id='word_1_156' title='bbox 257 1134 331 1162; x_wconf 90' lang='lat' dir='ltr'><strong>enim</strong></span> <span class='ocrx_word' id='word_1_157' title='bbox 349 1135 451 1164; x_wconf 82' lang='lat' dir='ltr'><strong>amissa</strong></span> <span class='ocrx_word' id='word_1_158' title='bbox 467 1136 612 1170; x_wconf 86' lang='lat' dir='ltr'><strong>judicandi</strong></span> <span class='ocrx_word' id='word_1_159' title='bbox 630 1136 668 1169; x_wconf 86' lang='lat' dir='ltr'><strong>vi,</strong></span> <span class='ocrx_word' id='word_1_160' title='bbox 682 1143 697 1164; x_wconf 88' lang='lat' dir='ltr'><strong>a</strong></span> <span class='ocrx_word' id='word_1_161' title='bbox 718 1137 759 1164; x_wconf 75' lang='lat' dir='ltr'><strong>via</strong></span> <span class='ocrx_word' id='word_1_162' title='bbox 786 1137 860 1173; x_wconf 72' lang='lat' dir='ltr'><strong>regia</strong></span> <span class='ocrx_word' id='word_1_163' title='bbox 876 1138 956 1166; x_wconf 85' lang='lat' dir='ltr'><strong>aber-</strong></span> 
     </span>
    </p>
   </div>
   <div class='ocr_carea' id='block_1_26' title="bbox 158 1181 955 1219">
    <p class='ocr_par' dir='ltr' id='par_1_26' title="bbox 158 1181 955 1219">
     <span class='ocr_line' id='line_1_26' title="bbox 158 1181 955 1219; baseline 0.005 -11"><span class='ocrx_word' id='word_1_164' title='bbox 158 1183 255 1209; x_wconf 78' lang='lat' dir='ltr'><strong>rantes</strong></span> <span class='ocrx_word' id='word_1_165' title='bbox 283 1189 392 1209; x_wconf 79' lang='lat' dir='ltr'><strong>sursum</strong></span> <span class='ocrx_word' id='word_1_166' title='bbox 421 1181 551 1210; x_wconf 80' lang='lat' dir='ltr'><strong>deorsum</strong></span> <span class='ocrx_word' id='word_1_167' title='bbox 572 1186 726 1218; x_wconf 77' lang='lat' dir='ltr'><strong>vagantur;</strong></span> <span class='ocrx_word' id='word_1_168' title='bbox 755 1184 793 1211; x_wconf 87' lang='lat' dir='ltr'><strong>ita</strong></span> <span class='ocrx_word' id='word_1_169' title='bbox 818 1183 955 1219; x_wconf 85' lang='lat' dir='ltr'><strong>siquidem</strong></span> 
     </span>
    </p>
   </div>
   <div class='ocr_carea' id='block_1_27' title="bbox 158 1227 956 1262">
    <p class='ocr_par' dir='ltr' id='par_1_27' title="bbox 158 1227 956 1262">
     <span class='ocr_line' id='line_1_27' title="bbox 158 1227 956 1262; baseline 0.005 -9"><span class='ocrx_word' id='word_1_170' title='bbox 158 1227 305 1262; x_wconf 79' lang='lat' dir='ltr'><strong>nequitiam</strong></span> <span class='ocrx_word' id='word_1_171' title='bbox 329 1232 482 1261; x_wconf 84' lang='lat' dir='ltr'><strong>sectantur,</strong></span> <span class='ocrx_word' id='word_1_172' title='bbox 497 1236 530 1256; x_wconf 85' lang='lat' dir='ltr'><strong>ac</strong></span> <span class='ocrx_word' id='word_1_173' title='bbox 554 1229 579 1257; x_wconf 84' lang='lat' dir='ltr'><strong>si</strong></span> <span class='ocrx_word' id='word_1_174' title='bbox 598 1236 630 1256; x_wconf 85' lang='lat' dir='ltr'><strong>ea</strong></span> <span class='ocrx_word' id='word_1_175' title='bbox 659 1230 743 1257; x_wconf 73' lang='lat' dir='ltr'><strong>lucem</strong></span> <span class='ocrx_word' id='word_1_176' title='bbox 765 1230 819 1257; x_wconf 79' lang='lat' dir='ltr'><strong>sibi</strong></span> <span class='ocrx_word' id='word_1_177' title='bbox 841 1231 956 1258; x_wconf 86' lang='lat' dir='ltr'><strong>allatura</strong></span> 
     </span>
    </p>
   </div>
   <div class='ocr_carea' id='block_1_28' title="bbox 159 1273 956 1310">
    <p class='ocr_par' dir='ltr' id='par_1_28' title="bbox 159 1273 956 1310">
     <span class='ocr_line' id='line_1_28' title="bbox 159 1273 956 1310; baseline 0.003 -10"><span class='ocrx_word' id='word_1_178' title='bbox 159 1273 194 1301; x_wconf 88' lang='lat' dir='ltr'><strong>sit</strong></span> <span class='ocrx_word' id='word_1_179' title='bbox 209 1281 215 1300; x_wconf 92' lang='lat'><strong>:</strong></span> <span class='ocrx_word' id='word_1_180' title='bbox 231 1280 294 1300; x_wconf 93' lang='lat' dir='ltr'><strong>cum</strong></span> <span class='ocrx_word' id='word_1_181' title='bbox 313 1273 434 1301; x_wconf 82' lang='lat' dir='ltr'><strong>tenebras</strong></span> <span class='ocrx_word' id='word_1_182' title='bbox 450 1275 561 1309; x_wconf 81' lang='lat' dir='ltr'><strong>pariat;</strong></span> <span class='ocrx_word' id='word_1_183' title='bbox 580 1274 712 1302; x_wconf 84' lang='lat' dir='ltr'><strong>ultionem</strong></span> <span class='ocrx_word' id='word_1_184' title='bbox 735 1275 878 1307; x_wconf 84' lang='lat' dir='ltr'><strong>nimirum,</strong></span> <span class='ocrx_word' id='word_1_185' title='bbox 895 1284 956 1310; x_wconf 67' lang='lat' dir='ltr'><strong>quae</strong></span> 
     </span>
    </p>
   </div>
   <div class='ocr_carea' id='block_1_29' title="bbox 158 1318 957 1358">
    <p class='ocr_par' dir='ltr' id='par_1_29' title="bbox 158 1318 957 1358">
     <span class='ocr_line' id='line_1_29' title="bbox 158 1318 957 1358; baseline 0.005 -12"><span class='ocrx_word' id='word_1_186' title='bbox 158 1325 206 1346; x_wconf 77' lang='lat' dir='ltr'><strong>eos</strong></span> <span class='ocrx_word' id='word_1_187' title='bbox 221 1318 258 1346; x_wconf 90' lang='lat' dir='ltr'><strong>ita</strong></span> <span class='ocrx_word' id='word_1_188' title='bbox 276 1319 403 1354; x_wconf 74' lang='lat' dir='ltr'><strong>praesenti</strong></span> <span class='ocrx_word' id='word_1_189' title='bbox 421 1320 474 1347; x_wconf 89' lang='lat' dir='ltr'><strong>istc</strong></span> <span class='ocrx_word' id='word_1_190' title='bbox 497 1319 645 1356; x_wconf 83' lang='lat' dir='ltr'><strong>l‘uturoque</strong></span> <span class='ocrx_word' id='word_1_191' title='bbox 668 1322 771 1349; x_wconf 62' lang='lat' dir='ltr'><strong>saeculo</strong></span> <span class='ocrx_word' id='word_1_192' title='bbox 802 1323 957 1358; x_wconf 56' lang='lat' dir='ltr'><strong>apprehenv</strong></span> 
     </span>
    </p>
   </div>
   <div class='ocr_carea' id='block_1_30' title="bbox 158 1366 955 1402">
    <p class='ocr_par' dir='ltr' id='par_1_30' title="bbox 158 1366 955 1402">
     <span class='ocr_line' id='line_1_30' title="bbox 158 1366 955 1402; baseline 0.005 -11"><span class='ocrx_word' id='word_1_193' title='bbox 158 1371 225 1392; x_wconf 80' lang='lat' dir='ltr'><strong>sura</strong></span> <span class='ocrx_word' id='word_1_194' title='bbox 244 1369 302 1395; x_wconf 81' lang='lat' dir='ltr'><strong>est:</strong></span> <span class='ocrx_word' id='word_1_195' title='bbox 321 1370 351 1393; x_wconf 91' lang='lat' dir='ltr'><strong>ut</strong></span> <span class='ocrx_word' id='word_1_196' title='bbox 362 1366 408 1400; x_wconf 90' lang='lat' dir='ltr'><strong>qui</strong></span> <span class='ocrx_word' id='word_1_197' title='bbox 424 1366 668 1401; x_wconf 85' lang='lat' dir='ltr'><strong>splendidissimus</strong></span> <span class='ocrx_word' id='word_1_198' title='bbox 686 1366 746 1395; x_wconf 86' lang='lat' dir='ltr'><strong>dies</strong></span> <span class='ocrx_word' id='word_1_199' title='bbox 760 1367 801 1395; x_wconf 88' lang='lat' dir='ltr'><strong>eis</strong></span> <span class='ocrx_word' id='word_1_200' title='bbox 816 1367 955 1402; x_wconf 74' lang='lat' dir='ltr'><strong>illuxerat,</strong></span> 
     </span>
    </p>
   </div>
   <div class='ocr_carea' id='block_1_31' title="bbox 159 1410 956 1450">
    <p class='ocr_par' dir='ltr' id='par_1_31' title="bbox 159 1410 956 1450">
     <span class='ocr_line' id='line_1_31' title="bbox 159 1410 956 1450; baseline 0.005 -13"><span class='ocrx_word' id='word_1_201' title='bbox 159 1410 189 1438; x_wconf 86' lang='lat' dir='ltr'><strong>in</strong></span> <span class='ocrx_word' id='word_1_202' title='bbox 206 1410 328 1438; x_wconf 72' lang='lat' dir='ltr'><strong>tenebras</strong></span> <span class='ocrx_word' id='word_1_203' title='bbox 343 1416 523 1440; x_wconf 82' lang='lat' dir='ltr'><strong>convertatur</strong></span> <span class='ocrx_word' id='word_1_204' title='bbox 539 1420 547 1445; x_wconf 90' lang='lat'>;</span> <span class='ocrx_word' id='word_1_205' title='bbox 567 1413 674 1448; x_wconf 76' lang='lat' dir='ltr'><strong>ursique</strong></span> <span class='ocrx_word' id='word_1_206' title='bbox 694 1413 721 1440; x_wconf 92' lang='lat' dir='ltr'><strong>iu</strong></span> <span class='ocrx_word' id='word_1_207' title='bbox 742 1421 845 1442; x_wconf 92' lang='lat' dir='ltr'><strong>morem</strong></span> <span class='ocrx_word' id='word_1_208' title='bbox 864 1415 956 1450; x_wconf 77' lang='lat' dir='ltr'><strong>gravi-</strong></span> 
     </span>
    </p>
   </div>
   <div class='ocr_carea' id='block_1_32' title="bbox 159 1457 956 1494">
    <p class='ocr_par' dir='ltr' id='par_1_32' title="bbox 159 1457 956 1494">
     <span class='ocr_line' id='line_1_32' title="bbox 159 1457 956 1494; baseline 0.004 -9"><span class='ocrx_word' id='word_1_209' title='bbox 159 1462 215 1489; x_wconf 80' lang='lat' dir='ltr'><strong>ter,</strong></span> <span class='ocrx_word' id='word_1_210' title='bbox 228 1461 341 1492; x_wconf 87' lang='lat' dir='ltr'><strong>propter</strong></span> <span class='ocrx_word' id='word_1_211' title='bbox 353 1457 496 1492; x_wconf 82' lang='lat' dir='ltr'><strong>ademptas</strong></span> <span class='ocrx_word' id='word_1_212' title='bbox 506 1458 623 1491; x_wconf 86' lang='lat' dir='ltr'><strong>catulos,</strong></span> <span class='ocrx_word' id='word_1_213' title='bbox 643 1463 668 1485; x_wconf 89' lang='lat' dir='ltr'><strong>et</strong></span> <span class='ocrx_word' id='word_1_214' title='bbox 687 1463 814 1494; x_wconf 83' lang='lat' dir='ltr'><strong>tanquam</strong></span> <span class='ocrx_word' id='word_1_215' title='bbox 834 1459 956 1489; x_wconf 78' lang='lat' dir='ltr'><strong>columba</strong></span> 
     </span>
    </p>
   </div>
   <div class='ocr_carea' id='block_1_33' title="bbox 156 1501 957 1540">
    <p class='ocr_par' dir='ltr' id='par_1_33' title="bbox 156 1501 957 1540">
     <span class='ocr_line' id='line_1_33' title="bbox 156 1501 957 1540; baseline 0.005 -12"><span class='ocrx_word' id='word_1_216' title='bbox 156 1501 270 1530; x_wconf 75' lang='lat' dir='ltr'><strong>assrd&#39;ue</strong></span> <span class='ocrx_word' id='word_1_217' title='bbox 292 1506 410 1536; x_wconf 80' lang='lat' dir='ltr'><strong>goment.</strong></span> <span class='ocrx_word' id='word_1_218' title='bbox 430 1502 476 1529; x_wconf 80' lang='lat' dir='ltr'><strong>Ait</strong></span> <span class='ocrx_word' id='word_1_219' title='bbox 501 1502 619 1531; x_wconf 88' lang='lat' dir='ltr'><strong>deinde:</strong></span> <span class='ocrx_word' id='word_1_220' title='bbox 645 1502 864 1537; x_wconf 72' lang='lat' dir='ltr'><strong>Exspectauimus</strong></span> <span class='ocrx_word' id='word_1_221' title='bbox 881 1505 957 1540; x_wconf 79' lang='lat' dir='ltr'><strong>judi-</strong></span> 
     </span>
    </p>
   </div>
   <div class='ocr_carea' id='block_1_34' title="bbox 157 1547 990 1600">
    <p class='ocr_par' dir='ltr' id='par_1_34' title="bbox 157 1547 990 1600">
     <span class='ocr_line' id='line_1_34' title="bbox 157 1547 990 1600; baseline 0.007 -26"><span class='ocrx_word' id='word_1_222' title='bbox 157 1547 239 1582; x_wconf 73' lang='lat' dir='ltr'><strong>cium,</strong></span> <span class='ocrx_word' id='word_1_223' title='bbox 256 1552 282 1575; x_wconf 87' lang='lat' dir='ltr'><strong>et</strong></span> <span class='ocrx_word' id='word_1_224' title='bbox 299 1556 352 1575; x_wconf 86' lang='lat' dir='ltr'><strong>non</strong></span> <span class='ocrx_word' id='word_1_225' title='bbox 365 1553 417 1580; x_wconf 84' lang='lat' dir='ltr'><strong>est,</strong></span> <span class='ocrx_word' id='word_1_226' title='bbox 444 1552 473 1576; x_wconf 91' lang='lat' dir='ltr'><strong>ut</strong></span> <span class='ocrx_word' id='word_1_227' title='bbox 487 1556 536 1577; x_wconf 85' lang='lat' dir='ltr'><strong>eos</strong></span> <span class='ocrx_word' id='word_1_228' title='bbox 559 1549 609 1584; x_wconf 81' lang='lat' dir='ltr'><strong>qui</strong></span> <span class='ocrx_word' id='word_1_229' title='bbox 624 1549 653 1577; x_wconf 77' lang='lat' dir='ltr'><strong>in</strong></span> <span class='ocrx_word' id='word_1_230' title='bbox 677 1551 799 1585; x_wconf 84' lang='lat' dir='ltr'><strong>peccatis</strong></span> <span class='ocrx_word' id='word_1_231' title='bbox 817 1552 875 1580; x_wconf 82' lang='lat' dir='ltr'><strong>suis</strong></span> <span class='ocrx_word' id='word_1_232' title='bbox 901 1552 953 1580; x_wconf 89' lang='lat' dir='ltr'><strong>im-</strong></span> <span class='ocrx_word' id='word_1_233' title='bbox 964 1566 990 1600; x_wconf 66' lang='grc' dir='ltr'>ο</span> 
     </span>
    </p>
   </div>
   <div class='ocr_carea' id='block_1_35' title="bbox 157 1593 950 1630">
    <p class='ocr_par' dir='ltr' id='par_1_35' title="bbox 157 1593 950 1630">
     <span class='ocr_line' id='line_1_35' title="bbox 157 1593 950 1630; baseline 0.009 -10"><span class='ocrx_word' id='word_1_234' title='bbox 157 1593 257 1620; x_wconf 89' lang='lat' dir='ltr'><strong>morati</strong></span> <span class='ocrx_word' id='word_1_235' title='bbox 273 1597 348 1626; x_wconf 89' lang='lat' dir='ltr'><strong>sunt,</strong></span> <span class='ocrx_word' id='word_1_236' title='bbox 363 1593 409 1622; x_wconf 89' lang='lat' dir='ltr'><strong>Dei</strong></span> <span class='ocrx_word' id='word_1_237' title='bbox 419 1595 500 1622; x_wconf 86' lang='lat' dir='ltr'><strong>etiam</strong></span> <span class='ocrx_word' id='word_1_238' title='bbox 513 1595 664 1630; x_wconf 75' lang='lat' dir='ltr'><strong>defensione</strong></span> <span class='ocrx_word' id='word_1_239' title='bbox 673 1596 810 1625; x_wconf 82' lang='lat' dir='ltr'><strong>excidisse</strong></span> <span class='ocrx_word' id='word_1_240' title='bbox 835 1598 950 1626; x_wconf 88' lang='lat' dir='ltr'><strong>demon-</strong></span> 
     </span>
    </p>
   </div>
   <div class='ocr_carea' id='block_1_36' title="bbox 157 1638 949 1679">
    <p class='ocr_par' dir='ltr' id='par_1_36' title="bbox 157 1638 949 1679">
     <span class='ocr_line' id='line_1_36' title="bbox 157 1638 949 1679; baseline 0.009 -14"><span class='ocrx_word' id='word_1_241' title='bbox 157 1642 238 1666; x_wconf 84' lang='lat' dir='ltr'><strong>stret.</strong></span> <span class='ocrx_word' id='word_1_242' title='bbox 253 1638 398 1674; x_wconf 78' lang='lat' dir='ltr'><strong>Signiﬁcat</strong></span> <span class='ocrx_word' id='word_1_243' title='bbox 416 1645 507 1668; x_wconf 88' lang='lat' dir='ltr'><strong>autem</strong></span> <span class='ocrx_word' id='word_1_244' title='bbox 530 1641 626 1675; x_wconf 72' lang='lat' dir='ltr'><strong>iudicii</strong></span> <span class='ocrx_word' id='word_1_245' title='bbox 640 1642 753 1671; x_wconf 86' lang='lat' dir='ltr'><strong>nomine</strong></span> <span class='ocrx_word' id='word_1_246' title='bbox 767 1643 834 1671; x_wconf 83' lang='lat' dir='ltr'><strong>illud</strong></span> <span class='ocrx_word' id='word_1_247' title='bbox 849 1644 949 1679; x_wconf 83' lang='lat' dir='ltr'><strong>ipsum,</strong></span> 
     </span>
    </p>
   </div>
   <div class='ocr_carea' id='block_1_37' title="bbox 159 1684 950 1725">
    <p class='ocr_par' dir='ltr' id='par_1_37' title="bbox 159 1684 950 1725">
     <span class='ocr_line' id='line_1_37' title="bbox 159 1684 950 1725; baseline 0.009 -14"><span class='ocrx_word' id='word_1_248' title='bbox 159 1684 302 1720; x_wconf 76' lang='lat' dir='ltr'><strong>675quo</strong></span> <span class='ocrx_word' id='word_1_249' title='bbox 313 1685 365 1713; x_wconf 87' lang='lat' dir='ltr'><strong>sibi</strong></span> <span class='ocrx_word' id='word_1_250' title='bbox 376 1686 535 1721; x_wconf 84' lang='lat' dir='ltr'><strong>quique,vel</strong></span> <span class='ocrx_word' id='word_1_251' title='bbox 546 1695 608 1723; x_wconf 78' lang='lat' dir='ltr'><strong>quae</strong></span> <span class='ocrx_word' id='word_1_252' title='bbox 618 1693 810 1724; x_wconf 64' lang='lat' dir='ltr'><strong>praestantiora</strong></span> <span class='ocrx_word' id='word_1_253' title='bbox 823 1691 950 1725; x_wconf 78' lang='lat' dir='ltr'><strong>sunt,eli-</strong></span> 
     </span>
    </p>
   </div>
   <div class='ocr_carea' id='block_1_38' title="bbox 156 1729 951 1769">
    <p class='ocr_par' dir='ltr' id='par_1_38' title="bbox 156 1729 951 1769">
     <span class='ocr_line' id='line_1_38' title="bbox 156 1729 951 1769; baseline 0.009 -14"><span class='ocrx_word' id='word_1_254' title='bbox 156 1732 241 1764; x_wconf 73' lang='lat' dir='ltr'><strong>gunt;</strong></span> <span class='ocrx_word' id='word_1_255' title='bbox 255 1729 298 1756; x_wconf 87' lang='lat' dir='ltr'><strong>vel</strong></span> <span class='ocrx_word' id='word_1_256' title='bbox 316 1737 376 1765; x_wconf 72' lang='lat' dir='ltr'><strong>qnze</strong></span> <span class='ocrx_word' id='word_1_257' title='bbox 391 1730 577 1766; x_wconf 85' lang='lat' dir='ltr'><strong>relinquentes</strong></span> <span class='ocrx_word' id='word_1_258' title='bbox 593 1736 707 1767; x_wconf 88' lang='lat' dir='ltr'><strong>pereunt</strong></span> <span class='ocrx_word' id='word_1_259' title='bbox 724 1740 787 1760; x_wconf 82' lang='lat' dir='ltr'><strong>cum</strong></span> <span class='ocrx_word' id='word_1_260' title='bbox 805 1734 951 1769; x_wconf 77' lang='lat' dir='ltr'><strong>insurgen-</strong></span> 
     </span>
    </p>
   </div>
   <div class='ocr_carea' id='block_1_39' title="bbox 155 1774 948 1810">
    <p class='ocr_par' dir='ltr' id='par_1_39' title="bbox 155 1774 948 1810">
     <span class='ocr_line' id='line_1_39' title="bbox 155 1774 948 1810; baseline 0.011 -10"><span class='ocrx_word' id='word_1_261' title='bbox 155 1774 232 1801; x_wconf 81' lang='lat' dir='ltr'><strong>tibus</strong></span> <span class='ocrx_word' id='word_1_262' title='bbox 259 1775 287 1802; x_wconf 92' lang='lat' dir='ltr'><strong>in</strong></span> <span class='ocrx_word' id='word_1_263' title='bbox 302 1782 350 1803; x_wconf 84' lang='lat' dir='ltr'><strong>cos</strong></span> <span class='ocrx_word' id='word_1_264' title='bbox 382 1775 520 1810; x_wconf 83' lang='lat' dir='ltr'><strong>hostibus,</strong></span> <span class='ocrx_word' id='word_1_265' title='bbox 546 1776 594 1805; x_wconf 83' lang='lat' dir='ltr'><strong>Dei</strong></span> <span class='ocrx_word' id='word_1_266' title='bbox 625 1779 728 1806; x_wconf 82' lang='lat' dir='ltr'><strong>auxilio</strong></span> <span class='ocrx_word' id='word_1_267' title='bbox 749 1779 948 1809; x_wconf 89' lang='lat' dir='ltr'><strong>destituuntur.</strong></span> 
     </span>
    </p>
   </div>
   <div class='ocr_carea' id='block_1_40' title="bbox 157 1818 949 1861">
    <p class='ocr_par' dir='ltr' id='par_1_40' title="bbox 157 1818 949 1861">
     <span class='ocr_line' id='line_1_40' title="bbox 157 1818 949 1861; baseline 0.01 -15"><span class='ocrx_word' id='word_1_268' title='bbox 157 1818 242 1847; x_wconf 87' lang='lat' dir='ltr'><strong>Docet</strong></span> <span class='ocrx_word' id='word_1_269' title='bbox 269 1821 342 1848; x_wconf 83' lang='lat' dir='ltr'><strong>cuitu</strong></span> <span class='ocrx_word' id='word_1_270' title='bbox 360 1821 435 1857; x_wconf 90' lang='lat' dir='ltr'><strong>ipsos</strong></span> <span class='ocrx_word' id='word_1_271' title='bbox 453 1829 515 1858; x_wconf 74' lang='lat' dir='ltr'><strong>qua:</strong></span> <span class='ocrx_word' id='word_1_272' title='bbox 539 1829 671 1851; x_wconf 79' lang='lat' dir='ltr'><strong>eventura</strong></span> <span class='ocrx_word' id='word_1_273' title='bbox 686 1827 763 1858; x_wconf 84' lang='lat' dir='ltr'><strong>sunt,</strong></span> <span class='ocrx_word' id='word_1_274' title='bbox 780 1829 807 1853; x_wconf 89' lang='lat' dir='ltr'><strong>et</strong></span> <span class='ocrx_word' id='word_1_275' title='bbox 831 1831 884 1861; x_wconf 78' lang='lat' dir='ltr'><strong>qlia</strong></span> <span class='ocrx_word' id='word_1_276' title='bbox 906 1834 949 1854; x_wconf 85' lang='lat' dir='ltr'><strong>ra-</strong></span> 
     </span>
    </p>
   </div>
   <div class='ocr_carea' id='block_1_41' title="bbox 156 1866 948 1908">
    <p class='ocr_par' dir='ltr' id='par_1_41' title="bbox 156 1866 948 1908">
     <span class='ocr_line' id='line_1_41' title="bbox 156 1866 948 1908; baseline 0.009 -15"><span class='ocrx_word' id='word_1_277' title='bbox 156 1866 232 1894; x_wconf 85' lang='lat' dir='ltr'><strong>tione</strong></span> <span class='ocrx_word' id='word_1_278' title='bbox 246 1867 381 1902; x_wconf 71' lang='lat' dir='ltr'><strong>ptenitere</strong></span> <span class='ocrx_word' id='word_1_279' title='bbox 399 1872 534 1904; x_wconf 81' lang='lat' dir='ltr'><strong>oporteat,</strong></span> <span class='ocrx_word' id='word_1_280' title='bbox 554 1869 577 1897; x_wconf 90' lang='lat' dir='ltr'><strong>si</strong></span> <span class='ocrx_word' id='word_1_281' title='bbox 595 1870 787 1898; x_wconf 83' lang='lat' dir='ltr'><strong>remissionem</strong></span> <span class='ocrx_word' id='word_1_282' title='bbox 814 1873 948 1908; x_wconf 84' lang='lat' dir='ltr'><strong>consequi</strong></span> 
     </span>
    </p>
   </div>
   <div class='ocr_carea' id='block_1_42' title="bbox 155 1912 946 1954">
    <p class='ocr_par' dir='ltr' id='par_1_42' title="bbox 155 1912 946 1954">
     <span class='ocr_line' id='line_1_42' title="bbox 155 1912 946 1954; baseline 0.009 -15"><span class='ocrx_word' id='word_1_283' title='bbox 155 1912 259 1940; x_wconf 85' lang='lat' dir='ltr'><strong>velint:</strong></span> <span class='ocrx_word' id='word_1_284' title='bbox 275 1921 330 1948; x_wconf 88' lang='lat' dir='ltr'><strong>quo</strong></span> <span class='ocrx_word' id='word_1_285' title='bbox 342 1913 425 1942; x_wconf 91' lang='lat' dir='ltr'><strong>modo</strong></span> <span class='ocrx_word' id='word_1_286' title='bbox 438 1919 466 1943; x_wconf 87' lang='lat' dir='ltr'><strong>et</strong></span> <span class='ocrx_word' id='word_1_287' title='bbox 478 1914 562 1943; x_wconf 84' lang='lat' dir='ltr'><strong>David</strong></span> <span class='ocrx_word' id='word_1_288' title='bbox 573 1915 632 1950; x_wconf 86' lang='lat' dir='ltr'><strong>ipse</strong></span> <span class='ocrx_word' id='word_1_289' title='bbox 643 1916 804 1952; x_wconf 89' lang='lat' dir='ltr'><strong>priusquam</strong></span> <span class='ocrx_word' id='word_1_290' title='bbox 816 1919 946 1954; x_wconf 85' lang='lat' dir='ltr'><strong>templum</strong></span> 
     </span>
    </p>
   </div>
   <div class='ocr_carea' id='block_1_43' title="bbox 156 1959 949 1997">
    <p class='ocr_par' dir='ltr' id='par_1_43' title="bbox 156 1959 949 1997">
     <span class='ocr_line' id='line_1_43' title="bbox 156 1959 949 1997; baseline 0.009 -12"><span class='ocrx_word' id='word_1_291' title='bbox 156 1962 376 1992; x_wconf 85' lang='lat' dir='ltr'><strong>eonstrueretur,</strong></span> <span class='ocrx_word' id='word_1_292' title='bbox 393 1959 517 1996; x_wconf 75' lang='lat' dir='ltr'><strong>ejusdem</strong></span> <span class='ocrx_word' id='word_1_293' title='bbox 535 1969 592 1989; x_wconf 85' lang='lat' dir='ltr'><strong>non</strong></span> <span class='ocrx_word' id='word_1_294' title='bbox 607 1963 777 1991; x_wconf 83' lang='lat' dir='ltr'><strong>eversionem</strong></span> <span class='ocrx_word' id='word_1_295' title='bbox 792 1964 886 1997; x_wconf 91' lang='lat' dir='ltr'><strong>modo,</strong></span> <span class='ocrx_word' id='word_1_296' title='bbox 901 1965 949 1993; x_wconf 89' lang='lat' dir='ltr'><strong>sed</strong></span> 
     </span>
    </p>
   </div>
   <div class='ocr_carea' id='block_1_44' title="bbox 156 2005 948 2042">
    <p class='ocr_par' dir='ltr' id='par_1_44' title="bbox 156 2005 948 2042">
     <span class='ocr_line' id='line_1_44' title="bbox 156 2005 948 2042; baseline 0.008 -10"><span class='ocrx_word' id='word_1_297' title='bbox 156 2005 387 2034; x_wconf 82' lang='lat' dir='ltr'><strong>instaurationem</strong></span> <span class='ocrx_word' id='word_1_298' title='bbox 400 2007 483 2034; x_wconf 90' lang='lat' dir='ltr'><strong>etiam</strong></span> <span class='ocrx_word' id='word_1_299' title='bbox 504 2007 641 2042; x_wconf 75' lang='lat' dir='ltr'><strong>praedixit.</strong></span> <span class='ocrx_word' id='word_1_300' title='bbox 658 2008 731 2036; x_wconf 82' lang='lat' dir='ltr'><strong>Nihil</strong></span> <span class='ocrx_word' id='word_1_301' title='bbox 758 2010 831 2037; x_wconf 88' lang='lat' dir='ltr'><strong>enim</strong></span> <span class='ocrx_word' id='word_1_302' title='bbox 851 2017 948 2039; x_wconf 92' lang='lat' dir='ltr'><strong>eorum</strong></span> 
     </span>
    </p>
   </div>
   <div class='ocr_carea' id='block_1_45' title="bbox 156 2052 949 2091">
    <p class='ocr_par' dir='ltr' id='par_1_45' title="bbox 156 2052 949 2091">
     <span class='ocr_line' id='line_1_45' title="bbox 156 2052 949 2091; baseline 0.01 -13"><span class='ocrx_word' id='word_1_303' title='bbox 156 2059 218 2086; x_wconf 70' lang='lat' dir='ltr'><strong>qua:</strong></span> <span class='ocrx_word' id='word_1_304' title='bbox 231 2059 265 2080; x_wconf 88' lang='lat' dir='ltr'><strong>se</strong></span> <span class='ocrx_word' id='word_1_305' title='bbox 275 2052 389 2081; x_wconf 82' lang='lat' dir='ltr'><strong>invicem</strong></span> <span class='ocrx_word' id='word_1_306' title='bbox 403 2059 622 2089; x_wconf 88' lang='lat' dir='ltr'><strong>consequuntur,</strong></span> <span class='ocrx_word' id='word_1_307' title='bbox 635 2055 743 2091; x_wconf 71' lang='lat' dir='ltr'><strong>ignorat</strong></span> <span class='ocrx_word' id='word_1_308' title='bbox 759 2056 842 2084; x_wconf 86' lang='lat' dir='ltr'><strong>Deus.</strong></span> <span class='ocrx_word' id='word_1_309' title='bbox 851 2056 949 2086; x_wconf 85' lang='lat' dir='ltr'><strong>Postea</strong></span> 
     </span>
    </p>
   </div>
   <div class='ocr_carea' id='block_1_46' title="bbox 156 2097 949 2135">
    <p class='ocr_par' dir='ltr' id='par_1_46' title="bbox 156 2097 949 2135">
     <span class='ocr_line' id='line_1_46' title="bbox 156 2097 949 2135; baseline 0.01 -10"><span class='ocrx_word' id='word_1_310' title='bbox 156 2105 208 2125; x_wconf 89' lang='lat' dir='ltr'><strong>sua</strong></span> <span class='ocrx_word' id='word_1_311' title='bbox 222 2097 273 2133; x_wconf 89' lang='lat' dir='ltr'><strong>ipsi</strong></span> <span class='ocrx_word' id='word_1_312' title='bbox 290 2098 368 2132; x_wconf 85' lang='lat' dir='ltr'><strong>vitia,</strong></span> <span class='ocrx_word' id='word_1_313' title='bbox 386 2099 443 2128; x_wconf 85' lang='lat' dir='ltr'><strong>sive</strong></span> <span class='ocrx_word' id='word_1_314' title='bbox 452 2107 485 2127; x_wconf 88' lang='lat' dir='ltr'><strong>ea</strong></span> <span class='ocrx_word' id='word_1_315' title='bbox 503 2100 531 2128; x_wconf 92' lang='lat' dir='ltr'><strong>in</strong></span> <span class='ocrx_word' id='word_1_316' title='bbox 557 2100 650 2135; x_wconf 76' lang='lat' dir='ltr'><strong>factis,</strong></span> <span class='ocrx_word' id='word_1_317' title='bbox 665 2102 723 2130; x_wconf 86' lang='lat' dir='ltr'><strong>sive</strong></span> <span class='ocrx_word' id='word_1_318' title='bbox 746 2103 774 2130; x_wconf 90' lang='lat' dir='ltr'><strong>in</strong></span> <span class='ocrx_word' id='word_1_319' title='bbox 787 2103 870 2132; x_wconf 90' lang='lat' dir='ltr'><strong>dictis</strong></span> <span class='ocrx_word' id='word_1_320' title='bbox 888 2113 949 2133; x_wconf 86' lang='lat' dir='ltr'><strong>vcr-</strong></span> 
     </span>
    </p>
   </div>
   <div class='ocr_carea' id='block_1_47' title="bbox 156 2147 946 2183">
    <p class='ocr_par' dir='ltr' id='par_1_47' title="bbox 156 2147 946 2183">
     <span class='ocr_line' id='line_1_47' title="bbox 156 2147 946 2183; baseline 0.01 -13"><span class='ocrx_word' id='word_1_321' title='bbox 156 2147 264 2178; x_wconf 90' lang='lat' dir='ltr'><strong>sentur,</strong></span> <span class='ocrx_word' id='word_1_322' title='bbox 292 2149 467 2179; x_wconf 82' lang='lat' dir='ltr'><strong>accusantes,</strong></span> <span class='ocrx_word' id='word_1_323' title='bbox 493 2147 660 2180; x_wconf 76' lang='lat' dir='ltr'><strong>recessimus,</strong></span> <span class='ocrx_word' id='word_1_324' title='bbox 675 2147 764 2181; x_wconf 89' lang='lat' dir='ltr'><strong>aiunt,</strong></span> <span class='ocrx_word' id='word_1_325' title='bbox 781 2152 804 2176; x_wconf 88' lang='lat' dir='ltr'><strong>‘a</strong></span> <span class='ocrx_word' id='word_1_326' title='bbox 818 2149 925 2183; x_wconf 82' lang='lat' dir='ltr'><strong>judicio</strong></span> <span class='ocrx_word' id='word_1_327' title='bbox 940 2159 946 2178; x_wconf 92' lang='lat'><strong>:</strong></span> 
     </span>
    </p>
   </div>
   <div class='ocr_carea' id='block_1_48' title="bbox 156 2187 948 2229">
    <p class='ocr_par' dir='ltr' id='par_1_48' title="bbox 156 2187 948 2229">
     <span class='ocr_line' id='line_1_48' title="bbox 156 2187 948 2229; baseline 0.01 -15"><span class='ocrx_word' id='word_1_328' title='bbox 156 2187 237 2222; x_wconf 85' lang='lat' dir='ltr'><strong>quale</strong></span> <span class='ocrx_word' id='word_1_329' title='bbox 249 2193 291 2215; x_wconf 89' lang='lat' dir='ltr'><strong>est</strong></span> <span class='ocrx_word' id='word_1_330' title='bbox 306 2188 372 2216; x_wconf 91' lang='lat' dir='ltr'><strong>illud</strong></span> <span class='ocrx_word' id='word_1_331' title='bbox 389 2190 462 2224; x_wconf 83' lang='lat' dir='ltr'><strong>apud</strong></span> <span class='ocrx_word' id='word_1_332' title='bbox 481 2189 621 2222; x_wconf 82' lang='lat' dir='ltr'><strong>Davidem,</strong></span> <span class='ocrx_word' id='word_1_333' title='bbox 645 2192 752 2226; x_wconf 86' lang='lat' dir='ltr'><strong>psalmo</strong></span> <span class='ocrx_word' id='word_1_334' title='bbox 767 2193 948 2229; x_wconf 82' lang='lat' dir='ltr'><strong>quadragesi-</strong></span> 
     </span>
    </p>
   </div>
   <div class='ocr_carea' id='block_1_49' title="bbox 971 262 1801 302">
    <p class='ocr_par' dir='ltr' id='par_1_49' title="bbox 971 262 1801 302">
     <span class='ocr_line' id='line_1_49' title="bbox 971 262 1801 302; baseline 0.004 -13"><span class='ocrx_word' id='word_1_335' title='bbox 971 284 991 302; x_wconf 40' lang='grc' dir='ltr'>,ι</span> <span class='ocrx_word' id='word_1_336' title='bbox 1008 264 1042 291; x_wconf 78' lang='grc' dir='ltr'><strong>δι’</strong></span> <span class='ocrx_word' id='word_1_337' title='bbox 1057 264 1091 296; x_wconf 79' lang='grc' dir='ltr'><strong>ἀς</strong></span> <span class='ocrx_word' id='word_1_338' title='bbox 1104 264 1151 291; x_wconf 81' lang='grc' dir='ltr'><strong>καὶ</strong></span> <span class='ocrx_word' id='word_1_339' title='bbox 1163 263 1279 299; x_wconf 84' lang='grc' dir='ltr'>ἀνήκοος</span> <span class='ocrx_word' id='word_1_340' title='bbox 1294 263 1343 291; x_wconf 74' lang='grc' dir='ltr'><strong>καὶ</strong></span> <span class='ocrx_word' id='word_1_341' title='bbox 1368 262 1508 298; x_wconf 83' lang='grc' dir='ltr'>ἀδύναμος</span> <span class='ocrx_word' id='word_1_342' title='bbox 1520 263 1664 298; x_wconf 71' lang='grc' dir='ltr'>ἐνομίσθη.</span> <span class='ocrx_word' id='word_1_343' title='bbox 1681 263 1801 298; x_wconf 74' lang='grc' dir='ltr'>Σφάξον-</span> 
     </span>
    </p>
   </div>
   <div class='ocr_carea' id='block_1_50' title="bbox 970 303 1802 353">
    <p class='ocr_par' dir='ltr' id='par_1_50' title="bbox 970 303 1802 353">
     <span class='ocr_line' id='line_1_50' title="bbox 970 303 1802 353; baseline 0.001 -16"><span class='ocrx_word' id='word_1_344' title='bbox 970 303 987 353; x_wconf 42' lang='grc' dir='ltr'><strong>’ς</strong></span> <span class='ocrx_word' id='word_1_345' title='bbox 1007 318 1053 343; x_wconf 85' lang='grc' dir='ltr'><strong>τες</strong></span> <span class='ocrx_word' id='word_1_346' title='bbox 1076 310 1131 345; x_wconf 75' lang='grc' dir='ltr'>γὰρ</span> <span class='ocrx_word' id='word_1_347' title='bbox 1144 309 1180 337; x_wconf 79' lang='grc' dir='ltr'>τὰ</span> <span class='ocrx_word' id='word_1_348' title='bbox 1193 310 1278 337; x_wconf 78' lang='grc' dir='ltr'>τέκνα</span> <span class='ocrx_word' id='word_1_349' title='bbox 1311 309 1403 337; x_wconf 81' lang='grc' dir='ltr'>αὐτῶν</span> <span class='ocrx_word' id='word_1_350' title='bbox 1427 309 1683 345; x_wconf 78' lang='grc' dir='ltr'>ἡπατοσκοποῦντο,</span> <span class='ocrx_word' id='word_1_351' title='bbox 1699 309 1738 343; x_wconf 85' lang='grc' dir='ltr'>ὡς</span> <span class='ocrx_word' id='word_1_352' title='bbox 1750 311 1802 344; x_wconf 72' lang='grc' dir='ltr'>τὰς</span> 
     </span>
    </p>
   </div>
   <div class='ocr_carea' id='block_1_51' title="bbox 981 355 1803 392">
    <p class='ocr_par' dir='ltr' id='par_1_51' title="bbox 981 355 1803 392">
     <span class='ocr_line' id='line_1_51' title="bbox 981 355 1803 392; baseline 0 -8"><span class='ocrx_word' id='word_1_353' title='bbox 981 369 983 372; x_wconf 90' lang='grc'><strong>·</strong></span> <span class='ocrx_word' id='word_1_354' title='bbox 1007 356 1110 392; x_wconf 67' lang='lat' dir='ltr'><strong>xst&#39;puc</strong></span> <span class='ocrx_word' id='word_1_355' title='bbox 1122 356 1213 384; x_wconf 78' lang='grc' dir='ltr'>αὐτῶν</span> <span class='ocrx_word' id='word_1_356' title='bbox 1230 355 1398 392; x_wconf 81' lang='grc' dir='ltr'>μεμολύνθαι</span> <span class='ocrx_word' id='word_1_357' title='bbox 1413 356 1454 388; x_wconf 86' lang='grc' dir='ltr'>τῷ</span> <span class='ocrx_word' id='word_1_358' title='bbox 1470 356 1582 391; x_wconf 73' lang='grc' dir='ltr'>αἵματι,</span> <span class='ocrx_word' id='word_1_359' title='bbox 1607 356 1656 384; x_wconf 81' lang='grc' dir='ltr'><strong>καὶ</strong></span> <span class='ocrx_word' id='word_1_360' title='bbox 1678 356 1724 383; x_wconf 82' lang='grc' dir='ltr'><strong>διὰ</strong></span> <span class='ocrx_word' id='word_1_361' title='bbox 1742 358 1803 385; x_wconf 77' lang='grc' dir='ltr'><strong>τῶν</strong></span> 
     </span>
    </p>
   </div>
   <div class='ocr_carea' id='block_1_52' title="bbox 1007 398 1801 437">
    <p class='ocr_par' dir='ltr' id='par_1_52' title="bbox 1007 398 1801 437">
     <span class='ocr_line' id='line_1_52' title="bbox 1007 398 1801 437; baseline 0 -7"><span class='ocrx_word' id='word_1_362' title='bbox 1007 401 1118 437; x_wconf 70' lang='grc' dir='ltr'>χειλῶν</span> <span class='ocrx_word' id='word_1_363' title='bbox 1128 401 1260 435; x_wconf 79' lang='grc' dir='ltr'>ἀσεϐεῖν,</span> <span class='ocrx_word' id='word_1_364' title='bbox 1269 402 1317 437; x_wconf 82' lang='grc' dir='ltr'><strong>ἀφ’</strong></span> <span class='ocrx_word' id='word_1_365' title='bbox 1325 398 1364 429; x_wconf 83' lang='grc' dir='ltr'><strong>ῶν</strong></span> <span class='ocrx_word' id='word_1_366' title='bbox 1375 401 1493 436; x_wconf 80' lang='grc' dir='ltr'><strong>ἑαυτοῖς,</strong></span> <span class='ocrx_word' id='word_1_367' title='bbox 1504 401 1544 433; x_wconf 83' lang='grc' dir='ltr'><strong>ὼς</strong></span> <span class='ocrx_word' id='word_1_368' title='bbox 1555 401 1611 428; x_wconf 81' lang='grc' dir='ltr'>ἀπὺ</span> <span class='ocrx_word' id='word_1_369' title='bbox 1623 402 1801 437; x_wconf 80' lang='grc' dir='ltr'><strong>σπερμάτων,</strong></span> 
     </span>
    </p>
   </div>
   <div class='ocr_carea' id='block_1_53' title="bbox 1007 446 1801 482">
    <p class='ocr_par' dir='ltr' id='par_1_53' title="bbox 1007 446 1801 482">
     <span class='ocr_line' id='line_1_53' title="bbox 1007 446 1801 482; baseline 0.001 -8"><span class='ocrx_word' id='word_1_370' title='bbox 1007 447 1106 479; x_wconf 78' lang='grc' dir='ltr'><strong>πόνους</strong></span> <span class='ocrx_word' id='word_1_371' title='bbox 1136 446 1304 482; x_wconf 68' lang='grc' dir='ltr'>ἐγέννησαν,</span> <span class='ocrx_word' id='word_1_372' title='bbox 1331 446 1580 482; x_wconf 85' lang='grc' dir='ltr'>ματαιοπονοῦντες</span> <span class='ocrx_word' id='word_1_373' title='bbox 1598 447 1628 473; x_wconf 81' lang='grc' dir='ltr'>ὲν</span> <span class='ocrx_word' id='word_1_374' title='bbox 1646 447 1751 479; x_wconf 81' lang='grc' dir='ltr'>αὐτοῖς.</span> <span class='ocrx_word' id='word_1_375' title='bbox 1768 449 1801 475; x_wconf 80' lang='grc' dir='ltr'><strong>’Δ</strong></span> 
     </span>
    </p>
   </div>
   <div class='ocr_carea' id='block_1_54' title="bbox 1006 492 1799 529">
    <p class='ocr_par' dir='ltr' id='par_1_54' title="bbox 1006 492 1799 529">
     <span class='ocr_line' id='line_1_54' title="bbox 1006 492 1799 529; baseline 0 -10"><span class='ocrx_word' id='word_1_376' title='bbox 1006 492 1062 529; x_wconf 88' lang='grc' dir='ltr'><strong>γάρ</strong></span> <span class='ocrx_word' id='word_1_377' title='bbox 1088 492 1287 528; x_wconf 66' lang='grc' dir='ltr'>ἐπιθυμήματα</span> <span class='ocrx_word' id='word_1_378' title='bbox 1317 492 1506 525; x_wconf 79' lang='grc' dir='ltr'>συνελέεαντο,</span> <span class='ocrx_word' id='word_1_379' title='bbox 1530 492 1568 524; x_wconf 84' lang='grc' dir='ltr'><strong>ὼς</strong></span> <span class='ocrx_word' id='word_1_380' title='bbox 1594 492 1637 520; x_wconf 85' lang='grc' dir='ltr'><strong>ὡὰ</strong></span> <span class='ocrx_word' id='word_1_381' title='bbox 1661 492 1799 520; x_wconf 78' lang='grc' dir='ltr'>ἀσπίδων</span> 
     </span>
    </p>
   </div>
   <div class='ocr_carea' id='block_1_55' title="bbox 1006 538 1798 575">
    <p class='ocr_par' dir='ltr' id='par_1_55' title="bbox 1006 538 1798 575">
     <span class='ocr_line' id='line_1_55' title="bbox 1006 538 1798 575; baseline 0.001 -9"><span class='ocrx_word' id='word_1_382' title='bbox 1006 539 1224 575; x_wconf 84' lang='grc' dir='ltr'>ἀτελεσφόρητα,</span> <span class='ocrx_word' id='word_1_383' title='bbox 1236 539 1284 565; x_wconf 81' lang='grc' dir='ltr'><strong>καὶ</strong></span> <span class='ocrx_word' id='word_1_384' title='bbox 1300 538 1436 573; x_wconf 78' lang='grc' dir='ltr'><strong>ἀράχνης</strong></span> <span class='ocrx_word' id='word_1_385' title='bbox 1449 538 1545 572; x_wconf 75' lang='grc' dir='ltr'>ἱστὸς,</span> <span class='ocrx_word' id='word_1_386' title='bbox 1562 538 1716 575; x_wconf 73' lang='grc' dir='ltr'><strong>βλάπτοντα</strong></span> <span class='ocrx_word' id='word_1_387' title='bbox 1734 540 1798 575; x_wconf 78' lang='grc' dir='ltr'>μᾶλ-</span> 
     </span>
    </p>
   </div>
   <div class='ocr_carea' id='block_1_56' title="bbox 1006 584 1802 620">
    <p class='ocr_par' dir='ltr' id='par_1_56' title="bbox 1006 584 1802 620">
     <span class='ocr_line' id='line_1_56' title="bbox 1006 584 1802 620; baseline -0.001 -8"><span class='ocrx_word' id='word_1_388' title='bbox 1006 585 1053 612; x_wconf 86' lang='grc' dir='ltr'><strong>λόν</strong></span> <span class='ocrx_word' id='word_1_389' title='bbox 1069 586 1154 617; x_wconf 73' lang='grc' dir='ltr'>ἐστιν,</span> <span class='ocrx_word' id='word_1_390' title='bbox 1169 585 1242 620; x_wconf 76' lang='grc' dir='ltr'>ἥπερ</span> <span class='ocrx_word' id='word_1_391' title='bbox 1256 584 1399 620; x_wconf 77' lang='grc' dir='ltr'>ὠφελῆσαι</span> <span class='ocrx_word' id='word_1_392' title='bbox 1412 584 1561 619; x_wconf 77' lang='grc' dir='ltr'>δυνάμενα.</span> <span class='ocrx_word' id='word_1_393' title='bbox 1575 584 1636 612; x_wconf 75' lang='grc' dir='ltr'>Κᾶν</span> <span class='ocrx_word' id='word_1_394' title='bbox 1653 585 1694 617; x_wconf 88' lang='grc' dir='ltr'><strong>εις</strong></span> <span class='ocrx_word' id='word_1_395' title='bbox 1711 585 1802 620; x_wconf 69' lang='grc' dir='ltr'>ἔργον</span> 
     </span>
    </p>
   </div>
   <div class='ocr_carea' id='block_1_57' title="bbox 1005 629 1801 673">
    <p class='ocr_par' dir='ltr' id='par_1_57' title="bbox 1005 629 1801 673">
     <span class='ocr_line' id='line_1_57' title="bbox 1005 629 1801 673; baseline 0 -15"><span class='ocrx_word' id='word_1_396' title='bbox 1005 631 1034 658; x_wconf 77' lang='grc' dir='ltr'>δὲ</span> <span class='ocrx_word' id='word_1_397' title='bbox 1048 630 1223 667; x_wconf 79' lang='grc' dir='ltr'><strong>προαχθεῖεν,</strong></span> <span class='ocrx_word' id='word_1_398' title='bbox 1258 630 1336 657; x_wconf 75' lang='grc' dir='ltr'>οὐδὲν</span> <span class='ocrx_word' id='word_1_399' title='bbox 1350 629 1466 657; x_wconf 81' lang='grc' dir='ltr'><strong>ἀπέοικε</strong></span> <span class='ocrx_word' id='word_1_400' title='bbox 1482 630 1684 673; x_wconf 51' lang='grc' dir='ltr'>,βασμίίσκοω</span> <span class='ocrx_word' id='word_1_401' title='bbox 1707 632 1748 658; x_wconf 83' lang='grc' dir='ltr'><strong>Δι’</strong></span> <span class='ocrx_word' id='word_1_402' title='bbox 1758 629 1801 664; x_wconf 71' lang='grc' dir='ltr'>οὗ,</span> 
     </span>
    </p>
   </div>
   <div class='ocr_carea' id='block_1_58' title="bbox 1005 674 1800 711">
    <p class='ocr_par' dir='ltr' id='par_1_58' title="bbox 1005 674 1800 711">
     <span class='ocr_line' id='line_1_58' title="bbox 1005 674 1800 711; baseline 0 -8"><span class='ocrx_word' id='word_1_403' title='bbox 1005 676 1078 703; x_wconf 84' lang='grc' dir='ltr'>κατὰ</span> <span class='ocrx_word' id='word_1_404' title='bbox 1092 675 1252 711; x_wconf 79' lang='grc' dir='ltr'>ἀναγωγὴν,</span> <span class='ocrx_word' id='word_1_405' title='bbox 1266 674 1412 710; x_wconf 73' lang='grc' dir='ltr'>ληψόμεθα</span> <span class='ocrx_word' id='word_1_406' title='bbox 1426 675 1473 701; x_wconf 81' lang='grc' dir='ltr'>τὸν</span> <span class='ocrx_word' id='word_1_407' title='bbox 1486 674 1611 702; x_wconf 77' lang='grc' dir='ltr'>διάϐολον</span> <span class='ocrx_word' id='word_1_408' title='bbox 1619 675 1665 702; x_wconf 69' lang='grc' dir='ltr'><strong>τὸν</strong></span> <span class='ocrx_word' id='word_1_409' title='bbox 1680 676 1736 703; x_wconf 87' lang='grc' dir='ltr'><strong>τῶν</strong></span> <span class='ocrx_word' id='word_1_410' title='bbox 1747 685 1800 703; x_wconf 89' lang='grc' dir='ltr'>κα-</span> 
     </span>
    </p>
   </div>
   <div class='ocr_carea' id='block_1_59' title="bbox 1006 720 1794 757">
    <p class='ocr_par' dir='ltr' id='par_1_59' title="bbox 1006 720 1794 757">
     <span class='ocr_line' id='line_1_59' title="bbox 1006 720 1794 757; baseline 0 -8"><span class='ocrx_word' id='word_1_411' title='bbox 1006 722 1063 750; x_wconf 91' lang='grc' dir='ltr'><strong>κῶν</strong></span> <span class='ocrx_word' id='word_1_412' title='bbox 1079 722 1207 757; x_wconf 88' lang='grc' dir='ltr'>χορηγόν.</span> <span class='ocrx_word' id='word_1_413' title='bbox 1224 720 1273 748; x_wconf 81' lang='grc' dir='ltr'>Ἐκ</span> <span class='ocrx_word' id='word_1_414' title='bbox 1285 721 1314 748; x_wconf 79' lang='grc' dir='ltr'>δὲ</span> <span class='ocrx_word' id='word_1_415' title='bbox 1328 720 1383 747; x_wconf 84' lang='grc' dir='ltr'><strong>τῶν</strong></span> <span class='ocrx_word' id='word_1_416' title='bbox 1404 721 1501 748; x_wconf 75' lang='grc' dir='ltr'>κακῶν</span> <span class='ocrx_word' id='word_1_417' title='bbox 1519 721 1650 750; x_wconf 84' lang='grc' dir='ltr'>ἁπάντων</span> <span class='ocrx_word' id='word_1_418' title='bbox 1682 723 1794 757; x_wconf 67' lang='lat' dir='ltr'><strong>Ludat»</strong></span> 
     </span>
    </p>
   </div>
   <div class='ocr_carea' id='block_1_60' title="bbox 1004 767 1798 803">
    <p class='ocr_par' dir='ltr' id='par_1_60' title="bbox 1004 767 1798 803">
     <span class='ocr_line' id='line_1_60' title="bbox 1004 767 1798 803; baseline 0 -8"><span class='ocrx_word' id='word_1_419' title='bbox 1004 768 1173 803; x_wconf 69' lang='grc' dir='ltr'>ἐξύφηναν,</span> <span class='ocrx_word' id='word_1_420' title='bbox 1193 767 1208 794; x_wconf 78' lang='grc' dir='ltr'><strong>δ</strong></span> <span class='ocrx_word' id='word_1_421' title='bbox 1223 767 1294 803; x_wconf 79' lang='grc' dir='ltr'>μετὰ</span> <span class='ocrx_word' id='word_1_422' title='bbox 1307 767 1354 794; x_wconf 76' lang='grc' dir='ltr'>τὸν</span> <span class='ocrx_word' id='word_1_423' title='bbox 1376 767 1465 794; x_wconf 76' lang='grc' dir='ltr'>κοινὸν</span> <span class='ocrx_word' id='word_1_424' title='bbox 1486 767 1603 795; x_wconf 85' lang='grc' dir='ltr'>θάνατον</span> <span class='ocrx_word' id='word_1_425' title='bbox 1631 769 1689 795; x_wconf 84' lang='grc' dir='ltr'>οὐκ</span> <span class='ocrx_word' id='word_1_426' title='bbox 1712 769 1798 796; x_wconf 74' lang='grc' dir='ltr'>ἔσται</span> 
     </span>
    </p>
   </div>
   <div class='ocr_carea' id='block_1_61' title="bbox 1005 812 1796 849">
    <p class='ocr_par' dir='ltr' id='par_1_61' title="bbox 1005 812 1796 849">
     <span class='ocr_line' id='line_1_61' title="bbox 1005 812 1796 849; baseline -0.001 -8"><span class='ocrx_word' id='word_1_427' title='bbox 1005 813 1105 848; x_wconf 75' lang='grc' dir='ltr'>σκέπη</span> <span class='ocrx_word' id='word_1_428' title='bbox 1133 813 1189 840; x_wconf 81' lang='grc' dir='ltr'>’τῶν</span> <span class='ocrx_word' id='word_1_429' title='bbox 1218 812 1313 840; x_wconf 86' lang='grc' dir='ltr'>κακῶν</span> <span class='ocrx_word' id='word_1_430' title='bbox 1327 812 1429 845; x_wconf 81' lang='grc' dir='ltr'>αὐτῶν,</span> <span class='ocrx_word' id='word_1_431' title='bbox 1448 812 1531 848; x_wconf 79' lang='grc' dir='ltr'>μέχρι</span> <span class='ocrx_word' id='word_1_432' title='bbox 1543 813 1632 848; x_wconf 86' lang='grc' dir='ltr'>ταφῆς</span> <span class='ocrx_word' id='word_1_433' title='bbox 1649 813 1796 849; x_wconf 73' lang='grc' dir='ltr'><strong>ἰσχυόντων</strong></span> 
     </span>
    </p>
   </div>
   <div class='ocr_carea' id='block_1_62' title="bbox 1005 857 1801 894">
    <p class='ocr_par' dir='ltr' id='par_1_62' title="bbox 1005 857 1801 894">
     <span class='ocr_line' id='line_1_62' title="bbox 1005 857 1801 894; baseline 0 -8"><span class='ocrx_word' id='word_1_434' title='bbox 1005 859 1077 887; x_wconf 78' lang='grc' dir='ltr'>κατὰ</span> <span class='ocrx_word' id='word_1_435' title='bbox 1088 858 1119 886; x_wconf 78' lang='grc' dir='ltr'>τὺ</span> <span class='ocrx_word' id='word_1_436' title='bbox 1126 858 1237 891; x_wconf 76' lang='grc' dir='ltr'>ὲνΊὼϐ,</span> <span class='ocrx_word' id='word_1_437' title='bbox 1249 858 1290 890; x_wconf 73' lang='grc' dir='ltr'>τὸ,</span> <span class='ocrx_word' id='word_1_438' title='bbox 1306 858 1396 890; x_wconf 71' lang='grc' dir='ltr'>«Ἕως</span> <span class='ocrx_word' id='word_1_439' title='bbox 1403 857 1485 894; x_wconf 82' lang='grc' dir='ltr'>σόρου</span> <span class='ocrx_word' id='word_1_440' title='bbox 1498 858 1693 893; x_wconf 78' lang='grc' dir='ltr'>ὴγρύπνησα.»</span> <span class='ocrx_word' id='word_1_441' title='bbox 1710 859 1758 886; x_wconf 86' lang='grc' dir='ltr'>Ἐκ</span> <span class='ocrx_word' id='word_1_442' title='bbox 1771 859 1801 886; x_wconf 74' lang='grc' dir='ltr'>δὲ</span> 
     </span>
    </p>
   </div>
   <div class='ocr_carea' id='block_1_63' title="bbox 1005 904 1801 940">
    <p class='ocr_par' dir='ltr' id='par_1_63' title="bbox 1005 904 1801 940">
     <span class='ocr_line' id='line_1_63' title="bbox 1005 904 1801 940; baseline -0.001 -7"><span class='ocrx_word' id='word_1_443' title='bbox 1005 905 1065 933; x_wconf 81' lang='grc' dir='ltr'><strong>τῶν</strong></span> <span class='ocrx_word' id='word_1_444' title='bbox 1079 905 1221 940; x_wconf 75' lang='grc' dir='ltr'>πονηρῶν</span> <span class='ocrx_word' id='word_1_445' title='bbox 1236 904 1391 939; x_wconf 71' lang='grc' dir='ltr'>λογισμῶν</span> <span class='ocrx_word' id='word_1_446' title='bbox 1404 904 1659 940; x_wconf 70' lang='grc' dir='ltr'>ταλαιπωροῦσιν,</span> <span class='ocrx_word' id='word_1_447' title='bbox 1675 905 1801 940; x_wconf 74' lang='grc' dir='ltr'>εἰρήνην</span> 
     </span>
    </p>
   </div>
   <div class='ocr_carea' id='block_1_64' title="bbox 1005 949 1800 987">
    <p class='ocr_par' dir='ltr' id='par_1_64' title="bbox 1005 949 1800 987">
     <span class='ocr_line' id='line_1_64' title="bbox 1005 949 1800 987; baseline -0.001 -8"><span class='ocrx_word' id='word_1_448' title='bbox 1005 951 1056 979; x_wconf 83' lang='grc' dir='ltr'>οὐκ</span> <span class='ocrx_word' id='word_1_449' title='bbox 1069 951 1188 987; x_wconf 76' lang='grc' dir='ltr'>ἔχοντες.</span> <span class='ocrx_word' id='word_1_450' title='bbox 1204 951 1249 982; x_wconf 81' lang='grc' dir='ltr'>Ὦς</span> <span class='ocrx_word' id='word_1_451' title='bbox 1262 949 1356 985; x_wconf 72' lang='grc' dir='ltr'>γὰρτὸ</span> <span class='ocrx_word' id='word_1_452' title='bbox 1370 950 1498 986; x_wconf 75' lang='grc' dir='ltr'>κριτικὸν</span> <span class='ocrx_word' id='word_1_453' title='bbox 1512 950 1709 983; x_wconf 79' lang='grc' dir='ltr'><strong>ἀπολέσαντες,</strong></span> <span class='ocrx_word' id='word_1_454' title='bbox 1723 951 1800 987; x_wconf 78' lang='grc' dir='ltr'>βασι-</span> 
     </span>
    </p>
   </div>
   <div class='ocr_carea' id='block_1_65' title="bbox 1005 994 1801 1033">
    <p class='ocr_par' dir='ltr' id='par_1_65' title="bbox 1005 994 1801 1033">
     <span class='ocr_line' id='line_1_65' title="bbox 1005 994 1801 1033; baseline -0.001 -9"><span class='ocrx_word' id='word_1_455' title='bbox 1005 996 1084 1033; x_wconf 82' lang='grc' dir='ltr'>λικὴν</span> <span class='ocrx_word' id='word_1_456' title='bbox 1094 997 1145 1024; x_wconf 79' lang='grc' dir='ltr'>οὐκ</span> <span class='ocrx_word' id='word_1_457' title='bbox 1160 994 1242 1032; x_wconf 80' lang='grc' dir='ltr'>ἦλθον</span> <span class='ocrx_word' id='word_1_458' title='bbox 1258 996 1332 1024; x_wconf 81' lang='grc' dir='ltr'>ὁδὸν</span> <span class='ocrx_word' id='word_1_459' title='bbox 1353 996 1411 1023; x_wconf 82' lang='grc' dir='ltr'><strong>ἀνω</strong></span> <span class='ocrx_word' id='word_1_460' title='bbox 1427 996 1504 1023; x_wconf 84' lang='grc' dir='ltr'>κάτω</span> <span class='ocrx_word' id='word_1_461' title='bbox 1521 996 1703 1032; x_wconf 86' lang='grc' dir='ltr'>πλανώμενοι.</span> <span class='ocrx_word' id='word_1_462' title='bbox 1721 997 1801 1024; x_wconf 64' lang='lat' dir='ltr'><strong>(liam</strong></span> 
     </span>
    </p>
   </div>
   <div class='ocr_carea' id='block_1_66' title="bbox 1005 1042 1800 1079">
    <p class='ocr_par' dir='ltr' id='par_1_66' title="bbox 1005 1042 1800 1079">
     <span class='ocr_line' id='line_1_66' title="bbox 1005 1042 1800 1079; baseline 0 -9"><span class='ocrx_word' id='word_1_463' title='bbox 1005 1043 1060 1078; x_wconf 81' lang='grc' dir='ltr'><strong>γὰρ</strong></span> <span class='ocrx_word' id='word_1_464' title='bbox 1087 1043 1138 1078; x_wconf 87' lang='grc' dir='ltr'><strong>τὴν</strong></span> <span class='ocrx_word' id='word_1_465' title='bbox 1165 1042 1316 1076; x_wconf 78' lang='grc' dir='ltr'><strong>πονηρίαν</strong></span> <span class='ocrx_word' id='word_1_466' title='bbox 1341 1042 1489 1078; x_wconf 76' lang='grc' dir='ltr'><strong>μετῄεσαν,</strong></span> <span class='ocrx_word' id='word_1_467' title='bbox 1506 1042 1544 1075; x_wconf 87' lang='grc' dir='ltr'>ὼς</span> <span class='ocrx_word' id='word_1_468' title='bbox 1556 1043 1653 1077; x_wconf 78' lang='grc' dir='ltr'>φωτὸς</span> <span class='ocrx_word' id='word_1_469' title='bbox 1667 1042 1698 1076; x_wconf 72' lang='grc' dir='ltr'>ἐξ</span> <span class='ocrx_word' id='word_1_470' title='bbox 1714 1043 1800 1079; x_wconf 78' lang='grc' dir='ltr'>αὐτῆς</span> 
     </span>
    </p>
   </div>
   <div class='ocr_carea' id='block_1_67' title="bbox 1005 1087 1800 1125">
    <p class='ocr_par' dir='ltr' id='par_1_67' title="bbox 1005 1087 1800 1125">
     <span class='ocr_line' id='line_1_67' title="bbox 1005 1087 1800 1125; baseline -0.001 -9"><span class='ocrx_word' id='word_1_471' title='bbox 1005 1088 1217 1121; x_wconf 79' lang='grc' dir='ltr'>ἀπολαύσοντες,</span> <span class='ocrx_word' id='word_1_472' title='bbox 1225 1088 1241 1114; x_wconf 80' lang='grc' dir='ltr'><strong>θ</strong></span> <span class='ocrx_word' id='word_1_473' title='bbox 1254 1087 1350 1123; x_wconf 83' lang='grc' dir='ltr'>γέγονε</span> <span class='ocrx_word' id='word_1_474' title='bbox 1358 1089 1470 1121; x_wconf 77' lang='grc' dir='ltr'>σκότος</span> <span class='ocrx_word' id='word_1_475' title='bbox 1481 1097 1499 1115; x_wconf 93' lang='grc' dir='ltr'><strong>α</strong></span> <span class='ocrx_word' id='word_1_476' title='bbox 1506 1089 1591 1121; x_wconf 85' lang='grc' dir='ltr'>ὐτοῖς,</span> <span class='ocrx_word' id='word_1_477' title='bbox 1602 1089 1692 1124; x_wconf 84' lang='grc' dir='ltr'>δηλῶν</span> <span class='ocrx_word' id='word_1_478' title='bbox 1705 1089 1737 1124; x_wconf 83' lang='grc' dir='ltr'>δὴ</span> <span class='ocrx_word' id='word_1_479' title='bbox 1750 1089 1800 1125; x_wconf 83' lang='grc' dir='ltr'>τὴν</span> 
     </span>
    </p>
   </div>
   <div class='ocr_carea' id='block_1_68' title="bbox 1006 1133 1801 1170">
    <p class='ocr_par' dir='ltr' id='par_1_68' title="bbox 1006 1133 1801 1170">
     <span class='ocr_line' id='line_1_68' title="bbox 1006 1133 1801 1170; baseline 0 -9"><span class='ocrx_word' id='word_1_480' title='bbox 1006 1134 1037 1161; x_wconf 71' lang='grc' dir='ltr'>ἐν</span> <span class='ocrx_word' id='word_1_481' title='bbox 1051 1133 1091 1169; x_wconf 82' lang='grc' dir='ltr'><strong>τῷ</strong></span> <span class='ocrx_word' id='word_1_482' title='bbox 1106 1133 1221 1169; x_wconf 79' lang='grc' dir='ltr'><strong>παρόντι</strong></span> <span class='ocrx_word' id='word_1_483' title='bbox 1240 1133 1288 1160; x_wconf 76' lang='grc' dir='ltr'><strong>καὶ</strong></span> <span class='ocrx_word' id='word_1_484' title='bbox 1317 1133 1442 1168; x_wconf 81' lang='grc' dir='ltr'>μέλλοντι</span> <span class='ocrx_word' id='word_1_485' title='bbox 1455 1133 1684 1170; x_wconf 75' lang='grc' dir='ltr'>καταληψομένην</span> <span class='ocrx_word' id='word_1_486' title='bbox 1701 1134 1801 1166; x_wconf 78' lang='grc' dir='ltr'>αὐτοὺς</span> 
     </span>
    </p>
   </div>
   <div class='ocr_carea' id='block_1_69' title="bbox 1006 1179 1800 1221">
    <p class='ocr_par' dir='ltr' id='par_1_69' title="bbox 1006 1179 1800 1221">
     <span class='ocr_line' id='line_1_69' title="bbox 1006 1179 1800 1221; baseline 0 -15"><span class='ocrx_word' id='word_1_487' title='bbox 1006 1179 1152 1221; x_wconf 66' lang='grc' dir='ltr'>τιμωρίαν.</span> <span class='ocrx_word' id='word_1_488' title='bbox 1166 1179 1211 1211; x_wconf 82' lang='grc' dir='ltr'><strong>Ὦς</strong></span> <span class='ocrx_word' id='word_1_489' title='bbox 1233 1179 1279 1206; x_wconf 75' lang='grc' dir='ltr'>καὶ</span> <span class='ocrx_word' id='word_1_490' title='bbox 1289 1180 1341 1215; x_wconf 86' lang='grc' dir='ltr'>τὴν</span> <span class='ocrx_word' id='word_1_491' title='bbox 1355 1181 1561 1216; x_wconf 80' lang='grc' dir='ltr'>φωτεινοτάτην</span> <span class='ocrx_word' id='word_1_492' title='bbox 1577 1181 1670 1212; x_wconf 79' lang='grc' dir='ltr'>αὐτοῖς</span> <span class='ocrx_word' id='word_1_493' title='bbox 1692 1181 1800 1217; x_wconf 77' lang='grc' dir='ltr'>ἡμέραν</span> 
     </span>
    </p>
   </div>
   <div class='ocr_carea' id='block_1_70' title="bbox 1006 1225 1799 1263">
    <p class='ocr_par' dir='ltr' id='par_1_70' title="bbox 1006 1225 1799 1263">
     <span class='ocr_line' id='line_1_70' title="bbox 1006 1225 1799 1263; baseline 0 -10"><span class='ocrx_word' id='word_1_494' title='bbox 1006 1227 1117 1259; x_wconf 85' lang='grc' dir='ltr'><strong>σκότος</strong></span> <span class='ocrx_word' id='word_1_495' title='bbox 1124 1225 1262 1260; x_wconf 82' lang='grc' dir='ltr'>γενέσθαι,</span> <span class='ocrx_word' id='word_1_496' title='bbox 1271 1225 1308 1257; x_wconf 82' lang='grc' dir='ltr'>ὡς</span> <span class='ocrx_word' id='word_1_497' title='bbox 1317 1231 1367 1251; x_wconf 75' lang='grc' dir='ltr'>ω-ι)</span> <span class='ocrx_word' id='word_1_498' title='bbox 1377 1225 1532 1256; x_wconf 64' lang='grc' dir='ltr'>στενάζειν</span> <span class='ocrx_word' id='word_1_499' title='bbox 1540 1226 1640 1258; x_wconf 78' lang='grc' dir='ltr'>αὐτοὺς</span> <span class='ocrx_word' id='word_1_500' title='bbox 1649 1226 1755 1263; x_wconf 81' lang='grc' dir='ltr'>μεγάλα</span> <span class='ocrx_word' id='word_1_501' title='bbox 1761 1227 1799 1258; x_wconf 83' lang='grc' dir='ltr'>ὡς</span> 
     </span>
    </p>
   </div>
   <div class='ocr_carea' id='block_1_71' title="bbox 1006 1271 1800 1307">
    <p class='ocr_par' dir='ltr' id='par_1_71' title="bbox 1006 1271 1800 1307">
     <span class='ocr_line' id='line_1_71' title="bbox 1006 1271 1800 1307; baseline 0.001 -8"><span class='ocrx_word' id='word_1_502' title='bbox 1006 1272 1117 1307; x_wconf 70' lang='grc' dir='ltr'>ἄρκτον</span> <span class='ocrx_word' id='word_1_503' title='bbox 1131 1271 1178 1299; x_wconf 71' lang='grc' dir='ltr'><strong>ἐπὶ</strong></span> <span class='ocrx_word' id='word_1_504' title='bbox 1186 1271 1305 1305; x_wconf 83' lang='grc' dir='ltr'>τέκνοις,</span> <span class='ocrx_word' id='word_1_505' title='bbox 1312 1271 1360 1299; x_wconf 74' lang='grc' dir='ltr'>καὶ</span> <span class='ocrx_word' id='word_1_506' title='bbox 1376 1272 1466 1300; x_wconf 80' lang='grc' dir='ltr'>πυκνὰ</span> <span class='ocrx_word' id='word_1_507' title='bbox 1478 1272 1516 1304; x_wconf 86' lang='grc' dir='ltr'>ὼς</span> <span class='ocrx_word' id='word_1_508' title='bbox 1525 1271 1716 1307; x_wconf 75' lang='grc' dir='ltr'>περιστεράν.</span> <span class='ocrx_word' id='word_1_509' title='bbox 1730 1271 1800 1300; x_wconf 74' lang='grc' dir='ltr'>Εἶτά</span> 
     </span>
    </p>
   </div>
   <div class='ocr_carea' id='block_1_72' title="bbox 1007 1317 1800 1354">
    <p class='ocr_par' dir='ltr' id='par_1_72' title="bbox 1007 1317 1800 1354">
     <span class='ocr_line' id='line_1_72' title="bbox 1007 1317 1800 1354; baseline 0 -10"><span class='ocrx_word' id='word_1_510' title='bbox 1007 1327 1100 1354; x_wconf 87' lang='grc' dir='ltr'>φησιν,</span> <span class='ocrx_word' id='word_1_511' title='bbox 1119 1317 1332 1353; x_wconf 72' lang='grc' dir='ltr'>Ἀνεμείναμεν</span> <span class='ocrx_word' id='word_1_512' title='bbox 1346 1318 1458 1352; x_wconf 76' lang='grc' dir='ltr'>κρίσιν,</span> <span class='ocrx_word' id='word_1_513' title='bbox 1469 1318 1518 1345; x_wconf 82' lang='grc' dir='ltr'>καὶ</span> <span class='ocrx_word' id='word_1_514' title='bbox 1532 1318 1587 1346; x_wconf 71' lang='grc' dir='ltr'>οὐκ</span> <span class='ocrx_word' id='word_1_515' title='bbox 1607 1318 1691 1346; x_wconf 69' lang='grc' dir='ltr'>ἔστι·</span> <span class='ocrx_word' id='word_1_516' title='bbox 1711 1318 1800 1354; x_wconf 87' lang='grc' dir='ltr'>δηλῶν</span> 
     </span>
    </p>
   </div>
   <div class='ocr_carea' id='block_1_73' title="bbox 1005 1363 1801 1400">
    <p class='ocr_par' dir='ltr' id='par_1_73' title="bbox 1005 1363 1801 1400">
     <span class='ocr_line' id='line_1_73' title="bbox 1005 1363 1801 1400; baseline -0.001 -9"><span class='ocrx_word' id='word_1_517' title='bbox 1005 1364 1068 1397; x_wconf 75' lang='grc' dir='ltr'>τοὺς</span> <span class='ocrx_word' id='word_1_518' title='bbox 1083 1365 1140 1396; x_wconf 77' lang='grc' dir='ltr'>τοῖς</span> <span class='ocrx_word' id='word_1_519' title='bbox 1161 1363 1266 1391; x_wconf 77' lang='grc' dir='ltr'>ἑαυτῶν</span> <span class='ocrx_word' id='word_1_520' title='bbox 1295 1364 1494 1400; x_wconf 75' lang='grc' dir='ltr'><strong>ἁμαρτήμασιν</strong></span> <span class='ocrx_word' id='word_1_521' title='bbox 1510 1363 1734 1400; x_wconf 76' lang='grc' dir='ltr'>ὲγχρονίσαντας,</span> <span class='ocrx_word' id='word_1_522' title='bbox 1751 1364 1801 1391; x_wconf 80' lang='grc' dir='ltr'><strong>καὶ</strong></span> 
     </span>
    </p>
   </div>
   <div class='ocr_carea' id='block_1_74' title="bbox 1005 1410 1800 1447">
    <p class='ocr_par' dir='ltr' id='par_1_74' title="bbox 1005 1410 1800 1447">
     <span class='ocr_line' id='line_1_74' title="bbox 1005 1410 1800 1447; baseline -0.003 -8"><span class='ocrx_word' id='word_1_523' title='bbox 1005 1411 1056 1447; x_wconf 80' lang='grc' dir='ltr'>τῆς</span> <span class='ocrx_word' id='word_1_524' title='bbox 1071 1411 1262 1445; x_wconf 70' lang='grc' dir='ltr'>ἀντιλήψεως</span> <span class='ocrx_word' id='word_1_525' title='bbox 1282 1410 1470 1446; x_wconf 66' lang='grc' dir='ltr'>ἀποπιυχόντας</span> <span class='ocrx_word' id='word_1_526' title='bbox 1485 1411 1535 1446; x_wconf 82' lang='grc' dir='ltr'>τῆς</span> <span class='ocrx_word' id='word_1_527' title='bbox 1549 1410 1636 1442; x_wconf 80' lang='grc' dir='ltr'>θείας.</span> <span class='ocrx_word' id='word_1_528' title='bbox 1652 1410 1761 1445; x_wconf 84' lang='grc' dir='ltr'>Κρίσιν</span> <span class='ocrx_word' id='word_1_529' title='bbox 1770 1410 1800 1437; x_wconf 70' lang='grc' dir='ltr'>δὲ</span> 
     </span>
    </p>
   </div>
   <div class='ocr_carea' id='block_1_75' title="bbox 1005 1457 1800 1493">
    <p class='ocr_par' dir='ltr' id='par_1_75' title="bbox 1005 1457 1800 1493">
     <span class='ocr_line' id='line_1_75' title="bbox 1005 1457 1800 1493; baseline -0.003 -8"><span class='ocrx_word' id='word_1_530' title='bbox 1005 1457 1091 1492; x_wconf 87' lang='grc' dir='ltr'>λέγει,</span> <span class='ocrx_word' id='word_1_531' title='bbox 1108 1457 1169 1485; x_wconf 83' lang='grc' dir='ltr'>καθ’</span> <span class='ocrx_word' id='word_1_532' title='bbox 1184 1458 1218 1493; x_wconf 78' lang='grc' dir='ltr'>ἢν</span> <span class='ocrx_word' id='word_1_533' title='bbox 1231 1458 1266 1485; x_wconf 78' lang='grc' dir='ltr'>τὰ</span> <span class='ocrx_word' id='word_1_534' title='bbox 1277 1457 1394 1493; x_wconf 80' lang='grc' dir='ltr'><strong>κρείττω</strong></span> <span class='ocrx_word' id='word_1_535' title='bbox 1411 1457 1515 1490; x_wconf 82' lang='grc' dir='ltr'>πάντες</span> <span class='ocrx_word' id='word_1_536' title='bbox 1534 1457 1642 1490; x_wconf 75' lang='grc' dir='ltr'>ἐαυτοῐς</span> <span class='ocrx_word' id='word_1_537' title='bbox 1655 1457 1800 1490; x_wconf 64' lang='grc' dir='ltr'>ἐπιλέγον-</span> 
     </span>
    </p>
   </div>
   <div class='ocr_carea' id='block_1_76' title="bbox 1005 1502 1799 1536">
    <p class='ocr_par' dir='ltr' id='par_1_76' title="bbox 1005 1502 1799 1536">
     <span class='ocr_line' id='line_1_76' title="bbox 1005 1502 1799 1536; baseline -0.001 -6"><span class='ocrx_word' id='word_1_538' title='bbox 1005 1512 1062 1531; x_wconf 84' lang='grc' dir='ltr'>ται.</span> <span class='ocrx_word' id='word_1_539' title='bbox 1077 1504 1113 1530; x_wconf 82' lang='grc' dir='ltr'><strong>Ἦ</strong></span> <span class='ocrx_word' id='word_1_540' title='bbox 1132 1503 1315 1535; x_wconf 74' lang='grc' dir='ltr'><strong>ἀπολιπόντες</strong></span> <span class='ocrx_word' id='word_1_541' title='bbox 1338 1502 1490 1536; x_wconf 85' lang='grc' dir='ltr'>ἀπώλοντο,</span> <span class='ocrx_word' id='word_1_542' title='bbox 1524 1503 1694 1530; x_wconf 76' lang='grc' dir='ltr'>ἐπελθόντων</span> <span class='ocrx_word' id='word_1_543' title='bbox 1705 1503 1799 1534; x_wconf 80' lang='grc' dir='ltr'>αὐτοῖς</span> 
     </span>
    </p>
   </div>
   <div class='ocr_carea' id='block_1_77' title="bbox 1005 1549 1800 1585">
    <p class='ocr_par' dir='ltr' id='par_1_77' title="bbox 1005 1549 1800 1585">
     <span class='ocr_line' id='line_1_77' title="bbox 1005 1549 1800 1585; baseline -0.003 -8"><span class='ocrx_word' id='word_1_544' title='bbox 1005 1550 1061 1577; x_wconf 84' lang='grc' dir='ltr'><strong>τῶν</strong></span> <span class='ocrx_word' id='word_1_545' title='bbox 1089 1549 1207 1585; x_wconf 74' lang='grc' dir='ltr'>ἐχθρῶν,</span> <span class='ocrx_word' id='word_1_546' title='bbox 1236 1549 1273 1585; x_wconf 80' lang='grc' dir='ltr'>μὴ</span> <span class='ocrx_word' id='word_1_547' title='bbox 1295 1549 1457 1585; x_wconf 74' lang='grc' dir='ltr'>βοηθοῦντος</span> <span class='ocrx_word' id='word_1_548' title='bbox 1480 1549 1561 1577; x_wconf 87' lang='grc' dir='ltr'>Θεοῦ.</span> <span class='ocrx_word' id='word_1_549' title='bbox 1593 1549 1721 1576; x_wconf 76' lang='grc' dir='ltr'><strong>Διδάσκει</strong></span> <span class='ocrx_word' id='word_1_550' title='bbox 1743 1549 1800 1584; x_wconf 85' lang='grc' dir='ltr'>γὰρ</span> 
     </span>
    </p>
   </div>
   <div class='ocr_carea' id='block_1_78' title="bbox 1005 1598 1797 1635">
    <p class='ocr_par' dir='ltr' id='par_1_78' title="bbox 1005 1598 1797 1635">
     <span class='ocr_line' id='line_1_78' title="bbox 1005 1598 1797 1635; baseline -0.003 -8"><span class='ocrx_word' id='word_1_551' title='bbox 1005 1599 1105 1631; x_wconf 76' lang='grc' dir='ltr'>αὐτοὺς</span> <span class='ocrx_word' id='word_1_552' title='bbox 1119 1599 1154 1626; x_wconf 81' lang='grc' dir='ltr'>τὰ</span> <span class='ocrx_word' id='word_1_553' title='bbox 1169 1598 1378 1635; x_wconf 83' lang='grc' dir='ltr'>συμϐησόμενα,</span> <span class='ocrx_word' id='word_1_554' title='bbox 1394 1599 1442 1626; x_wconf 82' lang='grc' dir='ltr'><strong>καὶ</strong></span> <span class='ocrx_word' id='word_1_555' title='bbox 1456 1598 1516 1631; x_wconf 89' lang='grc' dir='ltr'><strong>πῶς</strong></span> <span class='ocrx_word' id='word_1_556' title='bbox 1531 1598 1624 1635; x_wconf 84' lang='grc' dir='ltr'>δεήσει</span> <span class='ocrx_word' id='word_1_557' title='bbox 1644 1599 1797 1634; x_wconf 79' lang='grc' dir='ltr'>μετανοεῖν,</span> 
     </span>
    </p>
   </div>
   <div class='ocr_carea' id='block_1_79' title="bbox 1003 1644 1798 1680">
    <p class='ocr_par' dir='ltr' id='par_1_79' title="bbox 1003 1644 1798 1680">
     <span class='ocr_line' id='line_1_79' title="bbox 1003 1644 1798 1680; baseline 0 -9"><span class='ocrx_word' id='word_1_558' title='bbox 1003 1644 1042 1677; x_wconf 83' lang='grc' dir='ltr'>ὡς</span> <span class='ocrx_word' id='word_1_559' title='bbox 1051 1644 1084 1672; x_wconf 82' lang='grc' dir='ltr'>ἂν</span> <span class='ocrx_word' id='word_1_560' title='bbox 1098 1644 1222 1679; x_wconf 82' lang='grc' dir='ltr'>ἀφέσεως</span> <span class='ocrx_word' id='word_1_561' title='bbox 1241 1644 1359 1680; x_wconf 79' lang='grc' dir='ltr'>τύχοιεν.</span> <span class='ocrx_word' id='word_1_562' title='bbox 1383 1644 1462 1671; x_wconf 83' lang='grc' dir='ltr'>Ἐπεὶ</span> <span class='ocrx_word' id='word_1_563' title='bbox 1487 1644 1535 1671; x_wconf 74' lang='grc' dir='ltr'>καὶ</span> <span class='ocrx_word' id='word_1_564' title='bbox 1558 1644 1640 1671; x_wconf 77' lang='grc' dir='ltr'>Δασὶδ</span> <span class='ocrx_word' id='word_1_565' title='bbox 1665 1644 1718 1680; x_wconf 75' lang='grc' dir='ltr'><strong>πρὸ</strong></span> <span class='ocrx_word' id='word_1_566' title='bbox 1748 1645 1798 1679; x_wconf 81' lang='grc' dir='ltr'>τῆς</span> 
     </span>
    </p>
   </div>
   <div class='ocr_carea' id='block_1_80' title="bbox 1003 1690 1797 1727">
    <p class='ocr_par' dir='ltr' id='par_1_80' title="bbox 1003 1690 1797 1727">
     <span class='ocr_line' id='line_1_80' title="bbox 1003 1690 1797 1727; baseline -0.001 -9"><span class='ocrx_word' id='word_1_567' title='bbox 1003 1691 1151 1727; x_wconf 75' lang='grc' dir='ltr'>οἰκοδομῆς</span> <span class='ocrx_word' id='word_1_568' title='bbox 1179 1690 1227 1718; x_wconf 84' lang='grc' dir='ltr'><strong>τοῦ</strong></span> <span class='ocrx_word' id='word_1_569' title='bbox 1248 1690 1325 1724; x_wconf 87' lang='grc' dir='ltr'>ναοῦ,</span> <span class='ocrx_word' id='word_1_570' title='bbox 1351 1691 1481 1727; x_wconf 80' lang='grc' dir='ltr'>προλέγει</span> <span class='ocrx_word' id='word_1_571' title='bbox 1497 1691 1545 1718; x_wconf 80' lang='grc' dir='ltr'><strong>καὶ</strong></span> <span class='ocrx_word' id='word_1_572' title='bbox 1560 1690 1610 1726; x_wconf 87' lang='grc' dir='ltr'>τὴν</span> <span class='ocrx_word' id='word_1_573' title='bbox 1625 1691 1797 1726; x_wconf 77' lang='grc' dir='ltr'>καθαίρεσιν,</span> 
     </span>
    </p>
   </div>
   <div class='ocr_carea' id='block_1_81' title="bbox 1004 1736 1797 1772">
    <p class='ocr_par' dir='ltr' id='par_1_81' title="bbox 1004 1736 1797 1772">
     <span class='ocr_line' id='line_1_81' title="bbox 1004 1736 1797 1772; baseline 0 -9"><span class='ocrx_word' id='word_1_574' title='bbox 1004 1737 1052 1763; x_wconf 79' lang='grc' dir='ltr'>καὶ</span> <span class='ocrx_word' id='word_1_575' title='bbox 1061 1736 1112 1772; x_wconf 84' lang='grc' dir='ltr'>τὴν</span> <span class='ocrx_word' id='word_1_576' title='bbox 1136 1736 1219 1764; x_wconf 79' lang='grc' dir='ltr'>αὑτοῦ</span> <span class='ocrx_word' id='word_1_577' title='bbox 1233 1736 1317 1764; x_wconf 77' lang='grc' dir='ltr'>πάλιν</span> <span class='ocrx_word' id='word_1_578' title='bbox 1331 1736 1552 1772; x_wconf 84' lang='grc' dir='ltr'>ἀνοικοδόμησιν.</span> <span class='ocrx_word' id='word_1_579' title='bbox 1566 1736 1660 1763; x_wconf 82' lang='grc' dir='ltr'>Πάντα</span> <span class='ocrx_word' id='word_1_580' title='bbox 1672 1736 1728 1772; x_wconf 86' lang='grc' dir='ltr'>γὰρ</span> <span class='ocrx_word' id='word_1_581' title='bbox 1737 1737 1797 1772; x_wconf 82' lang='grc' dir='ltr'>μετ’</span> 
     </span>
    </p>
   </div>
   <div class='ocr_carea' id='block_1_82' title="bbox 1003 1781 1798 1818">
    <p class='ocr_par' dir='ltr' id='par_1_82' title="bbox 1003 1781 1798 1818">
     <span class='ocr_line' id='line_1_82' title="bbox 1003 1781 1798 1818; baseline -0.001 -8"><span class='ocrx_word' id='word_1_582' title='bbox 1003 1782 1128 1818; x_wconf 85' lang='grc' dir='ltr'>ἀλλήλων</span> <span class='ocrx_word' id='word_1_583' title='bbox 1147 1782 1278 1817; x_wconf 85' lang='grc' dir='ltr'>γινώσκει</span> <span class='ocrx_word' id='word_1_584' title='bbox 1307 1783 1384 1816; x_wconf 88' lang='grc' dir='ltr'>Θεός.</span> <span class='ocrx_word' id='word_1_585' title='bbox 1415 1781 1483 1810; x_wconf 73' lang='grc' dir='ltr'>Εἶτα</span> <span class='ocrx_word' id='word_1_586' title='bbox 1499 1782 1550 1816; x_wconf 81' lang='grc' dir='ltr'>τῆς</span> <span class='ocrx_word' id='word_1_587' title='bbox 1579 1783 1684 1810; x_wconf 78' lang='grc' dir='ltr'>ἑαυτῶν</span> <span class='ocrx_word' id='word_1_588' title='bbox 1697 1784 1727 1810; x_wconf 81' lang='grc' dir='ltr'>ὲν</span> <span class='ocrx_word' id='word_1_589' title='bbox 1740 1783 1798 1814; x_wconf 83' lang='grc' dir='ltr'>τοῖς</span> 
     </span>
    </p>
   </div>
   <div class='ocr_carea' id='block_1_83' title="bbox 1004 1829 1796 1865">
    <p class='ocr_par' dir='ltr' id='par_1_83' title="bbox 1004 1829 1796 1865">
     <span class='ocr_line' id='line_1_83' title="bbox 1004 1829 1796 1865; baseline 0.001 -10"><span class='ocrx_word' id='word_1_590' title='bbox 1004 1830 1137 1865; x_wconf 77' lang='grc' dir='ltr'>πρακτοῖς</span> <span class='ocrx_word' id='word_1_591' title='bbox 1152 1829 1198 1856; x_wconf 74' lang='grc' dir='ltr'><strong>καὶ</strong></span> <span class='ocrx_word' id='word_1_592' title='bbox 1214 1829 1320 1861; x_wconf 82' lang='grc' dir='ltr'>λεκτοῖς</span> <span class='ocrx_word' id='word_1_593' title='bbox 1340 1829 1440 1861; x_wconf 79' lang='grc' dir='ltr'>κακίας</span> <span class='ocrx_word' id='word_1_594' title='bbox 1455 1830 1708 1865; x_wconf 79' lang='grc' dir='ltr'>κατηγορήσαντες,</span> <span class='ocrx_word' id='word_1_595' title='bbox 1727 1829 1796 1856; x_wconf 79' lang='grc' dir='ltr'><strong>Ἀπ-</strong></span> 
     </span>
    </p>
   </div>
   <div class='ocr_carea' id='block_1_84' title="bbox 1003 1873 1797 1909">
    <p class='ocr_par' dir='ltr' id='par_1_84' title="bbox 1003 1873 1797 1909">
     <span class='ocr_line' id='line_1_84' title="bbox 1003 1873 1797 1909; baseline 0 -8"><span class='ocrx_word' id='word_1_596' title='bbox 1003 1873 1188 1909; x_wconf 80' lang='grc' dir='ltr'>εστήσαμεν,</span> <span class='ocrx_word' id='word_1_597' title='bbox 1211 1874 1303 1908; x_wconf 79' lang='grc' dir='ltr'>φασὶν,</span> <span class='ocrx_word' id='word_1_598' title='bbox 1320 1874 1418 1901; x_wconf 83' lang='grc' dir='ltr'>ὀπίσω</span> <span class='ocrx_word' id='word_1_599' title='bbox 1428 1874 1487 1909; x_wconf 78' lang='grc' dir='ltr'>τὴν</span> <span class='ocrx_word' id='word_1_600' title='bbox 1506 1875 1618 1909; x_wconf 78' lang='grc' dir='ltr'>κρίσιν,</span> <span class='ocrx_word' id='word_1_601' title='bbox 1634 1874 1673 1907; x_wconf 85' lang='grc' dir='ltr'>ὠς</span> <span class='ocrx_word' id='word_1_602' title='bbox 1685 1875 1699 1902; x_wconf 80' lang='grc' dir='ltr'><strong><em>ὸ</em></strong></span> <span class='ocrx_word' id='word_1_603' title='bbox 1714 1874 1797 1902; x_wconf 78' lang='grc' dir='ltr'>Δαδὶδ</span> 
     </span>
    </p>
   </div>
   <div class='ocr_carea' id='block_1_85' title="bbox 1005 1918 1796 1955">
    <p class='ocr_par' dir='ltr' id='par_1_85' title="bbox 1005 1918 1796 1955">
     <span class='ocr_line' id='line_1_85' title="bbox 1005 1918 1796 1955; baseline -0.001 -9"><span class='ocrx_word' id='word_1_604' title='bbox 1005 1919 1035 1946; x_wconf 74' lang='grc' dir='ltr'><strong>ἐν</strong></span> <span class='ocrx_word' id='word_1_605' title='bbox 1062 1918 1273 1954; x_wconf 82' lang='grc' dir='ltr'>τεσσαρακοστῷ</span> <span class='ocrx_word' id='word_1_606' title='bbox 1298 1919 1386 1954; x_wconf 83' lang='grc' dir='ltr'>ὲνάτῳ</span> <span class='ocrx_word' id='word_1_607' title='bbox 1420 1919 1508 1955; x_wconf 86' lang='grc' dir='ltr'>φησί·</span> <span class='ocrx_word' id='word_1_608' title='bbox 1530 1929 1540 1946; x_wconf 76' lang='grc' dir='ltr'><strong>ι</strong></span> <span class='ocrx_word' id='word_1_609' title='bbox 1554 1920 1590 1946; x_wconf 81' lang='grc' dir='ltr'><strong>Σὺ</strong></span> <span class='ocrx_word' id='word_1_610' title='bbox 1603 1919 1633 1946; x_wconf 81' lang='grc' dir='ltr'>δὲ</span> <span class='ocrx_word' id='word_1_611' title='bbox 1661 1919 1796 1955; x_wconf 76' lang='grc' dir='ltr'>ἐμίσησας</span> 
     </span>
    </p>
   </div>
   <div class='ocr_carea' id='block_1_86' title="bbox 1005 1964 1797 2002">
    <p class='ocr_par' dir='ltr' id='par_1_86' title="bbox 1005 1964 1797 2002">
     <span class='ocr_line' id='line_1_86' title="bbox 1005 1964 1797 2002; baseline 0.001 -11"><span class='ocrx_word' id='word_1_612' title='bbox 1005 1964 1141 1997; x_wconf 78' lang='grc' dir='ltr'>παιδείαν,</span> <span class='ocrx_word' id='word_1_613' title='bbox 1151 1965 1198 1991; x_wconf 80' lang='grc' dir='ltr'><strong>καὶ</strong></span> <span class='ocrx_word' id='word_1_614' title='bbox 1214 1964 1343 1998; x_wconf 75' lang='grc' dir='ltr'>ἐξέϐαλες</span> <span class='ocrx_word' id='word_1_615' title='bbox 1356 1965 1420 1997; x_wconf 73' lang='grc' dir='ltr'>τοὺς</span> <span class='ocrx_word' id='word_1_616' title='bbox 1447 1965 1545 2000; x_wconf 85' lang='grc' dir='ltr'>λόγους</span> <span class='ocrx_word' id='word_1_617' title='bbox 1560 1974 1612 2002; x_wconf 87' lang='grc' dir='ltr'><strong>μου</strong></span> <span class='ocrx_word' id='word_1_618' title='bbox 1641 1967 1681 1997; x_wconf 82' lang='grc' dir='ltr'><strong>εις</strong></span> <span class='ocrx_word' id='word_1_619' title='bbox 1691 1965 1727 1992; x_wconf 84' lang='grc' dir='ltr'>τὰ</span> <span class='ocrx_word' id='word_1_620' title='bbox 1735 1966 1797 1992; x_wconf 81' lang='grc' dir='ltr'>ὀπι-</span> 
     </span>
    </p>
   </div>
   <div class='ocr_carea' id='block_1_87' title="bbox 1004 2011 1797 2048">
    <p class='ocr_par' dir='ltr' id='par_1_87' title="bbox 1004 2011 1797 2048">
     <span class='ocr_line' id='line_1_87' title="bbox 1004 2011 1797 2048; baseline 0.003 -10"><span class='ocrx_word' id='word_1_621' title='bbox 1004 2020 1053 2038; x_wconf 87' lang='grc' dir='ltr'>σω.</span> <span class='ocrx_word' id='word_1_622' title='bbox 1068 2021 1078 2038; x_wconf 81' lang='lat' dir='ltr'><strong>s</strong></span> <span class='ocrx_word' id='word_1_623' title='bbox 1097 2011 1177 2043; x_wconf 84' lang='grc' dir='ltr'>Τινὲς</span> <span class='ocrx_word' id='word_1_624' title='bbox 1189 2011 1217 2038; x_wconf 85' lang='grc' dir='ltr'>δὲ</span> <span class='ocrx_word' id='word_1_625' title='bbox 1230 2011 1277 2038; x_wconf 72' lang='grc' dir='ltr'><strong>καὶ</strong></span> <span class='ocrx_word' id='word_1_626' title='bbox 1293 2011 1323 2038; x_wconf 74' lang='grc' dir='ltr'><strong>τό</strong></span> <span class='ocrx_word' id='word_1_627' title='bbox 1331 2019 1340 2029; x_wconf 75' lang='grc' dir='ltr'><strong>ο</strong></span> <span class='ocrx_word' id='word_1_628' title='bbox 1362 2012 1505 2047; x_wconf 80' lang='grc' dir='ltr'>Ἐκύομεν</span> <span class='ocrx_word' id='word_1_629' title='bbox 1514 2012 1563 2040; x_wconf 81' lang='grc' dir='ltr'>καὶ</span> <span class='ocrx_word' id='word_1_630' title='bbox 1570 2013 1797 2048; x_wconf 76' lang='grc' dir='ltr'>ἐμελετήσαμεν</span> 
     </span>
    </p>
   </div>
   <div class='ocr_carea' id='block_1_88' title="bbox 1003 2057 1796 2095">
    <p class='ocr_par' dir='ltr' id='par_1_88' title="bbox 1003 2057 1796 2095">
     <span class='ocr_line' id='line_1_88' title="bbox 1003 2057 1796 2095; baseline 0.001 -10"><span class='ocrx_word' id='word_1_631' title='bbox 1003 2057 1062 2085; x_wconf 82' lang='grc' dir='ltr'>ἀπὸ</span> <span class='ocrx_word' id='word_1_632' title='bbox 1075 2057 1212 2092; x_wconf 80' lang='grc' dir='ltr'>καρδίας,</span> <span class='ocrx_word' id='word_1_633' title='bbox 1230 2058 1270 2090; x_wconf 79' lang='grc' dir='ltr'>εἰς</span> <span class='ocrx_word' id='word_1_634' title='bbox 1280 2058 1345 2090; x_wconf 67' lang='grc' dir='ltr'>τοὺς</span> <span class='ocrx_word' id='word_1_635' title='bbox 1359 2058 1588 2095; x_wconf 81' lang='grc' dir='ltr'>ψευδοπροφήτας</span> <span class='ocrx_word' id='word_1_636' title='bbox 1602 2058 1729 2094; x_wconf 76' lang='grc' dir='ltr'>εἰρῆσθαι</span> <span class='ocrx_word' id='word_1_637' title='bbox 1744 2068 1796 2093; x_wconf 82' lang='grc' dir='ltr'><strong>φα-</strong></span> 
     </span>
    </p>
   </div>
   <div class='ocr_carea' id='block_1_89' title="bbox 1004 2100 1795 2140">
    <p class='ocr_par' dir='ltr' id='par_1_89' title="bbox 1004 2100 1795 2140">
     <span class='ocr_line' id='line_1_89' title="bbox 1004 2100 1795 2140; baseline 0.001 -10"><span class='ocrx_word' id='word_1_638' title='bbox 1004 2111 1056 2131; x_wconf 88' lang='grc' dir='ltr'>σιν.</span> <span class='ocrx_word' id='word_1_639' title='bbox 1069 2103 1129 2138; x_wconf 78' lang='grc' dir='ltr'><strong>Ἐφ’</strong></span> <span class='ocrx_word' id='word_1_640' title='bbox 1143 2100 1242 2138; x_wconf 83' lang='grc' dir='ltr'>οἷσπερ</span> <span class='ocrx_word' id='word_1_641' title='bbox 1254 2104 1268 2131; x_wconf 83' lang='grc' dir='ltr'><strong>δ</strong></span> <span class='ocrx_word' id='word_1_642' title='bbox 1281 2103 1348 2136; x_wconf 84' lang='grc' dir='ltr'>Θεὸς</span> <span class='ocrx_word' id='word_1_643' title='bbox 1364 2104 1558 2140; x_wconf 82' lang='grc' dir='ltr'>ἀγανακτήσας</span> <span class='ocrx_word' id='word_1_644' title='bbox 1572 2105 1659 2140; x_wconf 80' lang='grc' dir='ltr'>ὀργὴν</span> <span class='ocrx_word' id='word_1_645' title='bbox 1671 2105 1795 2140; x_wconf 72' lang='grc' dir='ltr'>ἐπήγαγε</span> 
     </span>
    </p>
   </div>
   <div class='ocr_carea' id='block_1_90' title="bbox 1003 2148 1796 2187">
    <p class='ocr_par' dir='ltr' id='par_1_90' title="bbox 1003 2148 1796 2187">
     <span class='ocr_line' id='line_1_90' title="bbox 1003 2148 1796 2187; baseline 0.003 -11"><span class='ocrx_word' id='word_1_646' title='bbox 1003 2149 1064 2176; x_wconf 79' lang='grc' dir='ltr'>κατ’</span> <span class='ocrx_word' id='word_1_647' title='bbox 1078 2148 1180 2183; x_wconf 84' lang='grc' dir='ltr'>αὐτῶν,</span> <span class='ocrx_word' id='word_1_648' title='bbox 1203 2149 1281 2177; x_wconf 77' lang='grc' dir='ltr'>ἐλέει</span> <span class='ocrx_word' id='word_1_649' title='bbox 1296 2150 1399 2185; x_wconf 84' lang='grc' dir='ltr'>ταύτην</span> <span class='ocrx_word' id='word_1_650' title='bbox 1427 2151 1557 2186; x_wconf 80' lang='grc' dir='ltr'>κεράσας.</span> <span class='ocrx_word' id='word_1_651' title='bbox 1572 2151 1651 2178; x_wconf 81' lang='grc' dir='ltr'>Πᾶσα</span> <span class='ocrx_word' id='word_1_652' title='bbox 1666 2151 1721 2187; x_wconf 87' lang='grc' dir='ltr'><strong>γὰρ</strong></span> <span class='ocrx_word' id='word_1_653' title='bbox 1735 2160 1796 2178; x_wconf 89' lang='grc' dir='ltr'>παι-</span> 
     </span>
    </p>
   </div>
   <div class='ocr_carea' id='block_1_91' title="bbox 1002 2194 1795 2232">
    <p class='ocr_par' dir='ltr' id='par_1_91' title="bbox 1002 2194 1795 2232">
     <span class='ocr_line' id='line_1_91' title="bbox 1002 2194 1795 2232; baseline 0 -10"><span class='ocrx_word' id='word_1_654' title='bbox 1002 2195 1061 2223; x_wconf 84' lang='grc' dir='ltr'>δεία</span> <span class='ocrx_word' id='word_1_655' title='bbox 1088 2195 1156 2223; x_wconf 85' lang='grc' dir='ltr'>Θεοῦ</span> <span class='ocrx_word' id='word_1_656' title='bbox 1189 2196 1345 2232; x_wconf 80' lang='grc' dir='ltr'>ὲπωφελής.</span> <span class='ocrx_word' id='word_1_657' title='bbox 1360 2195 1419 2231; x_wconf 77' lang='grc' dir='ltr'><strong>Ἐφ’</strong></span> <span class='ocrx_word' id='word_1_658' title='bbox 1433 2194 1484 2229; x_wconf 77' lang='grc' dir='ltr'>οἷς,</span> <span class='ocrx_word' id='word_1_659' title='bbox 1510 2197 1587 2232; x_wconf 77' lang='grc' dir='ltr'>φησὶ,</span> <span class='ocrx_word' id='word_1_660' title='bbox 1605 2197 1651 2224; x_wconf 83' lang='grc' dir='ltr'>τὸν</span> <span class='ocrx_word' id='word_1_661' title='bbox 1664 2196 1730 2224; x_wconf 84' lang='grc' dir='ltr'>Θεδν</span> <span class='ocrx_word' id='word_1_662' title='bbox 1745 2196 1795 2231; x_wconf 84' lang='grc' dir='ltr'>τὴν</span> 
     </span>
    </p>
   </div>
   <div class='ocr_carea' id='block_1_92' title="bbox 155 2235 953 2278">
    <p class='ocr_par' dir='ltr' id='par_1_92' title="bbox 155 2235 947 2276">
     <span class='ocr_line' id='line_1_92' title="bbox 155 2235 947 2276; baseline 0.01 -15"><span class='ocrx_word' id='word_1_663' title='bbox 155 2241 202 2262; x_wconf 88' lang='lat' dir='ltr'><strong>mo</strong></span> <span class='ocrx_word' id='word_1_664' title='bbox 214 2241 309 2262; x_wconf 85' lang='lat' dir='ltr'><strong>nono:</strong></span> <span class='ocrx_word' id='word_1_665' title='bbox 326 2244 335 2261; x_wconf 81' lang='grc' dir='ltr'><strong>ι</strong></span> <span class='ocrx_word' id='word_1_666' title='bbox 353 2235 394 2263; x_wconf 89' lang='lat' dir='ltr'><strong>Tu</strong></span> <span class='ocrx_word' id='word_1_667' title='bbox 405 2244 471 2264; x_wconf 83' lang='lat' dir='ltr'><strong>vero</strong></span> <span class='ocrx_word' id='word_1_668' title='bbox 482 2236 566 2265; x_wconf 89' lang='lat' dir='ltr'><strong>odisti</strong></span> <span class='ocrx_word' id='word_1_669' title='bbox 578 2237 767 2273; x_wconf 87' lang='lat' dir='ltr'><strong>disciplinam,</strong></span> <span class='ocrx_word' id='word_1_670' title='bbox 781 2243 808 2267; x_wconf 88' lang='lat' dir='ltr'><strong>et</strong></span> <span class='ocrx_word' id='word_1_671' title='bbox 822 2240 947 2276; x_wconf 84' lang='lat' dir='ltr'><strong>abjecisti</strong></span> 
     </span>
    </p>
   </div>
   <div class='ocr_carea' id='block_1_93' title="bbox 1004 2235 1795 2278">
    <p class='ocr_par' dir='ltr' id='par_1_93' title="bbox 1004 2240 1795 2278">
     <span class='ocr_line' id='line_1_93' title="bbox 1004 2240 1795 2278; baseline 0.001 -10"><span class='ocrx_word' id='word_1_672' title='bbox 1004 2241 1034 2268; x_wconf 73' lang='grc' dir='ltr'>ὲκ</span> <span class='ocrx_word' id='word_1_673' title='bbox 1046 2240 1097 2277; x_wconf 86' lang='grc' dir='ltr'>τῆς</span> <span class='ocrx_word' id='word_1_674' title='bbox 1112 2241 1259 2277; x_wconf 73' lang='grc' dir='ltr'>μετανοίας</span> <span class='ocrx_word' id='word_1_675' title='bbox 1283 2241 1551 2278; x_wconf 82' lang='grc' dir='ltr'>πραγματευομένην</span> <span class='ocrx_word' id='word_1_676' title='bbox 1578 2242 1726 2278; x_wconf 82' lang='grc' dir='ltr'>σωτηρίαν,</span> <span class='ocrx_word' id='word_1_677' title='bbox 1737 2243 1795 2273; x_wconf 82' lang='grc' dir='ltr'>τοῖς</span> 
     </span>
    </p>
   </div>
   <div class='ocr_carea' id='block_1_94' title="bbox 155 2283 950 2316">
    <p class='ocr_par' dir='ltr' id='par_1_94' title="bbox 155 2283 950 2316">
     <span class='ocr_line' id='line_1_94' title="bbox 155 2283 950 2316; baseline 0.011 -9"><span class='ocrx_word' id='word_1_678' title='bbox 155 2287 298 2308; x_wconf 87' lang='lat' dir='ltr'><strong>sermones</strong></span> <span class='ocrx_word' id='word_1_679' title='bbox 329 2289 406 2309; x_wconf 74' lang='lat' dir='ltr'><strong>uicos</strong></span> <span class='ocrx_word' id='word_1_680' title='bbox 421 2286 574 2312; x_wconf 85' lang='lat' dir='ltr'><strong>retrorsum</strong></span> <span class='ocrx_word' id='word_1_681' title='bbox 587 2283 610 2299; x_wconf 70' lang='grc'><strong>⁸⁵</strong></span> <span class='ocrx_word' id='word_1_682' title='bbox 622 2303 630 2311; x_wconf 92' lang='grc'>.</span> <span class='ocrx_word' id='word_1_683' title='bbox 653 2293 663 2310; x_wconf 78' lang='lat' dir='ltr'><strong>s</strong></span> <span class='ocrx_word' id='word_1_684' title='bbox 691 2284 819 2314; x_wconf 85' lang='lat' dir='ltr'><strong>Nonnulli</strong></span> <span class='ocrx_word' id='word_1_685' title='bbox 842 2295 907 2315; x_wconf 86' lang='lat' dir='ltr'><strong>vero</strong></span> <span class='ocrx_word' id='word_1_686' title='bbox 922 2294 950 2316; x_wconf 87' lang='lat' dir='ltr'><strong>et</strong></span> 
     </span>
    </p>
   </div>
   <div class='ocr_carea' id='block_1_95' title="bbox 156 2325 948 2366">
    <p class='ocr_par' dir='ltr' id='par_1_95' title="bbox 156 2325 948 2366">
     <span class='ocr_line' id='line_1_95' title="bbox 156 2325 948 2366; baseline 0.009 -13"><span class='ocrx_word' id='word_1_687' title='bbox 156 2325 223 2354; x_wconf 81' lang='lat' dir='ltr'><strong>illud</strong></span> <span class='ocrx_word' id='word_1_688' title='bbox 237 2335 244 2353; x_wconf 87' lang='lat'><strong>:</strong></span> <span class='ocrx_word' id='word_1_689' title='bbox 262 2326 446 2363; x_wconf 81' lang='lat' dir='ltr'><strong>Concepimus,</strong></span> <span class='ocrx_word' id='word_1_690' title='bbox 472 2333 498 2356; x_wconf 84' lang='lat' dir='ltr'><strong>et</strong></span> <span class='ocrx_word' id='word_1_691' title='bbox 527 2329 651 2357; x_wconf 78' lang='lat' dir='ltr'><strong>meditati</strong></span> <span class='ocrx_word' id='word_1_692' title='bbox 661 2338 754 2358; x_wconf 77' lang='lat' dir='ltr'><strong>sumus</strong></span> <span class='ocrx_word' id='word_1_693' title='bbox 768 2331 801 2360; x_wconf 82' lang='lat' dir='ltr'><strong>de</strong></span> <span class='ocrx_word' id='word_1_694' title='bbox 814 2333 904 2366; x_wconf 82' lang='lat' dir='ltr'><strong>corde,</strong></span> <span class='ocrx_word' id='word_1_695' title='bbox 921 2334 948 2361; x_wconf 87' lang='lat' dir='ltr'><strong>in</strong></span> 
     </span>
    </p>
   </div>
   <div class='ocr_carea' id='block_1_96' title="bbox 155 2370 950 2412">
    <p class='ocr_par' dir='ltr' id='par_1_96' title="bbox 155 2370 950 2412">
     <span class='ocr_line' id='line_1_96' title="bbox 155 2370 950 2412; baseline 0.009 -15"><span class='ocrx_word' id='word_1_696' title='bbox 155 2370 244 2398; x_wconf 86' lang='lat' dir='ltr'><strong>malos</strong></span> <span class='ocrx_word' id='word_1_697' title='bbox 274 2373 423 2407; x_wconf 86' lang='lat' dir='ltr'><strong>prophetas</strong></span> <span class='ocrx_word' id='word_1_698' title='bbox 445 2373 575 2408; x_wconf 88' lang='lat' dir='ltr'><strong>usurpari</strong></span> <span class='ocrx_word' id='word_1_699' title='bbox 600 2373 786 2409; x_wconf 88' lang='lat' dir='ltr'><strong>arbitrantur;</strong></span> <span class='ocrx_word' id='word_1_700' title='bbox 812 2376 848 2404; x_wconf 85' lang='lat' dir='ltr'><strong>ob</strong></span> <span class='ocrx_word' id='word_1_701' title='bbox 868 2377 950 2412; x_wconf 86' lang='lat' dir='ltr'><strong>idque</strong></span> 
     </span>
    </p>
   </div>
   <div class='ocr_carea' id='block_1_97' title="bbox 157 2414 950 2452">
    <p class='ocr_par' dir='ltr' id='par_1_97' title="bbox 157 2414 950 2452">
     <span class='ocr_line' id='line_1_97' title="bbox 157 2414 950 2452; baseline 0.01 -10"><span class='ocrx_word' id='word_1_702' title='bbox 157 2414 330 2452; x_wconf 76' lang='lat' dir='ltr'><strong>indignatum</strong></span> <span class='ocrx_word' id='word_1_703' title='bbox 366 2416 451 2445; x_wconf 88' lang='lat' dir='ltr'><strong>Deum</strong></span> <span class='ocrx_word' id='word_1_704' title='bbox 472 2418 541 2446; x_wconf 89' lang='lat' dir='ltr'><strong>iram</strong></span> <span class='ocrx_word' id='word_1_705' title='bbox 569 2418 597 2447; x_wconf 92' lang='lat' dir='ltr'><strong>in</strong></span> <span class='ocrx_word' id='word_1_706' title='bbox 626 2419 738 2448; x_wconf 86' lang='lat' dir='ltr'><strong>eosdem</strong></span> <span class='ocrx_word' id='word_1_707' title='bbox 766 2421 950 2450; x_wconf 73' lang='lat' dir='ltr'><strong>misericordia</strong></span> 
     </span>
    </p>
   </div>
   <div class='ocr_carea' id='block_1_98' title="bbox 157 2460 947 2496">
    <p class='ocr_par' dir='ltr' id='par_1_98' title="bbox 157 2460 947 2496">
     <span class='ocr_line' id='line_1_98' title="bbox 157 2460 947 2496; baseline 0.014 -11"><span class='ocrx_word' id='word_1_708' title='bbox 157 2462 336 2494; x_wconf 85' lang='lat' dir='ltr'><strong>temperatam</strong></span> <span class='ocrx_word' id='word_1_709' title='bbox 366 2460 524 2491; x_wconf 75' lang='lat' dir='ltr'><strong>induxisse.</strong></span> <span class='ocrx_word' id='word_1_710' title='bbox 539 2461 599 2491; x_wconf 83' lang='lat' dir='ltr'><strong>Non</strong></span> <span class='ocrx_word' id='word_1_711' title='bbox 627 2464 701 2492; x_wconf 89' lang='lat' dir='ltr'><strong>enim</strong></span> <span class='ocrx_word' id='word_1_712' title='bbox 716 2465 835 2495; x_wconf 87' lang='lat' dir='ltr'><strong>utilitate</strong></span> <span class='ocrx_word' id='word_1_713' title='bbox 851 2474 947 2496; x_wconf 87' lang='lat' dir='ltr'><strong>carere</strong></span> 
     </span>
    </p>
   </div>
   <div class='ocr_carea' id='block_1_99' title="bbox 155 2505 947 2546">
    <p class='ocr_par' dir='ltr' id='par_1_99' title="bbox 155 2505 947 2546">
     <span class='ocr_line' id='line_1_99' title="bbox 155 2505 947 2546; baseline 0.013 -15"><span class='ocrx_word' id='word_1_714' title='bbox 155 2505 308 2539; x_wconf 80' lang='lat' dir='ltr'><strong>quamlibet</strong></span> <span class='ocrx_word' id='word_1_715' title='bbox 338 2505 388 2534; x_wconf 87' lang='lat' dir='ltr'><strong>Dei</strong></span> <span class='ocrx_word' id='word_1_716' title='bbox 417 2507 632 2543; x_wconf 84' lang='lat' dir='ltr'><strong>correptionem.</strong></span> <span class='ocrx_word' id='word_1_717' title='bbox 673 2508 816 2546; x_wconf 65' lang='lat' dir='ltr'><strong>Signiﬁcat</strong></span> <span class='ocrx_word' id='word_1_718' title='bbox 847 2511 947 2542; x_wconf 77' lang='lat' dir='ltr'><strong>deinde</strong></span> 
     </span>
    </p>
   </div>
   <div class='ocr_carea' id='block_1_100' title="bbox 156 2549 946 2594">
    <p class='ocr_par' dir='ltr' id='par_1_100' title="bbox 156 2549 946 2594">
     <span class='ocr_line' id='line_1_100' title="bbox 156 2549 946 2594; baseline 0.013 -17"><span class='ocrx_word' id='word_1_719' title='bbox 156 2549 242 2578; x_wconf 80' lang='lat' dir='ltr'><strong>Deum</strong></span> <span class='ocrx_word' id='word_1_720' title='bbox 256 2552 385 2585; x_wconf 86' lang='lat' dir='ltr'><strong>salutem,</strong></span> <span class='ocrx_word' id='word_1_721' title='bbox 402 2560 463 2588; x_wconf 73' lang='lat' dir='ltr'><strong>quae</strong></span> <span class='ocrx_word' id='word_1_722' title='bbox 487 2554 647 2590; x_wconf 73' lang='lat' dir='ltr'><strong>pwnitentia</strong></span> <span class='ocrx_word' id='word_1_723' title='bbox 671 2561 797 2591; x_wconf 83' lang='lat' dir='ltr'><strong>paratur,</strong></span> <span class='ocrx_word' id='word_1_724' title='bbox 813 2557 859 2592; x_wconf 84' lang='lat' dir='ltr'><strong>iis,</strong></span> <span class='ocrx_word' id='word_1_725' title='bbox 876 2567 946 2594; x_wconf 86' lang='lat' dir='ltr'><strong>quos</strong></span> 
     </span>
    </p>
   </div>
   <div class='ocr_carea' id='block_1_101' title="bbox 1002 2287 1794 2323">
    <p class='ocr_par' dir='ltr' id='par_1_101' title="bbox 1002 2287 1794 2323">
     <span class='ocr_line' id='line_1_101' title="bbox 1002 2287 1794 2323; baseline 0 -9"><span class='ocrx_word' id='word_1_726' title='bbox 1002 2288 1221 2323; x_wconf 80' lang='grc' dir='ltr'>τιμωρουμένοις</span> <span class='ocrx_word' id='word_1_727' title='bbox 1235 2287 1414 2320; x_wconf 69' lang='grc' dir='ltr'>οἰκειοῦσθαι,</span> <span class='ocrx_word' id='word_1_728' title='bbox 1424 2287 1608 2322; x_wconf 77' lang='grc' dir='ltr'>ἐνδυόμενον</span> <span class='ocrx_word' id='word_1_729' title='bbox 1627 2287 1717 2315; x_wconf 82' lang='grc' dir='ltr'>αὐτῶν</span> <span class='ocrx_word' id='word_1_730' title='bbox 1744 2288 1794 2323; x_wconf 76' lang='grc' dir='ltr'>τὴν</span> 
     </span>
    </p>
   </div>
   <div class='ocr_carea' id='block_1_102' title="bbox 1002 2332 1793 2368">
    <p class='ocr_par' dir='ltr' id='par_1_102' title="bbox 1002 2332 1793 2368">
     <span class='ocr_line' id='line_1_102' title="bbox 1002 2332 1793 2368; baseline -0.001 -8"><span class='ocrx_word' id='word_1_731' title='bbox 1002 2332 1214 2367; x_wconf 70' lang='grc' dir='ltr'>δικαιοσύνην,</span> <span class='ocrx_word' id='word_1_732' title='bbox 1230 2332 1277 2360; x_wconf 77' lang='grc' dir='ltr'>καὶ</span> <span class='ocrx_word' id='word_1_733' title='bbox 1289 2332 1339 2364; x_wconf 83' lang='grc' dir='ltr'>τὰς</span> <span class='ocrx_word' id='word_1_734' title='bbox 1348 2332 1559 2368; x_wconf 83' lang='grc' dir='ltr'>δικαιοπραγίας</span> <span class='ocrx_word' id='word_1_735' title='bbox 1573 2332 1675 2367; x_wconf 85' lang='grc' dir='ltr'>ὥσπερ</span> <span class='ocrx_word' id='word_1_736' title='bbox 1700 2334 1793 2367; x_wconf 80' lang='grc' dir='ltr'>θωρα-</span> 
     </span>
    </p>
   </div>
   <div class='ocr_carea' id='block_1_103' title="bbox 1002 2378 1793 2415">
    <p class='ocr_par' dir='ltr' id='par_1_103' title="bbox 1002 2378 1793 2415">
     <span class='ocr_line' id='line_1_103' title="bbox 1002 2378 1793 2415; baseline -0.004 -9"><span class='ocrx_word' id='word_1_737' title='bbox 1002 2378 1166 2414; x_wconf 79' lang='grc' dir='ltr'>κιζόμενον,</span> <span class='ocrx_word' id='word_1_738' title='bbox 1176 2378 1426 2415; x_wconf 85' lang='grc' dir='ltr'>παραμυθούμενος</span> <span class='ocrx_word' id='word_1_739' title='bbox 1435 2379 1472 2411; x_wconf 86' lang='grc' dir='ltr'>ὼς</span> <span class='ocrx_word' id='word_1_740' title='bbox 1480 2378 1648 2413; x_wconf 78' lang='grc' dir='ltr'>δυναμένους</span> <span class='ocrx_word' id='word_1_741' title='bbox 1655 2378 1768 2406; x_wconf 56' lang='lat' dir='ltr'><strong>artiora</strong></span> <span class='ocrx_word' id='word_1_742' title='bbox 1779 2384 1793 2403; x_wconf 75' lang='grc' dir='ltr'><strong>ιι</strong></span> 
     </span>
    </p>
   </div>
   <div class='ocr_carea' id='block_1_104' title="bbox 1003 2422 1794 2461">
    <p class='ocr_par' dir='ltr' id='par_1_104' title="bbox 1003 2422 1794 2461">
     <span class='ocr_line' id='line_1_104' title="bbox 1003 2422 1794 2461; baseline -0.001 -9"><span class='ocrx_word' id='word_1_743' title='bbox 1003 2425 1131 2461; x_wconf 81' lang='grc' dir='ltr'>γενέσθαι</span> <span class='ocrx_word' id='word_1_744' title='bbox 1163 2425 1232 2452; x_wconf 88' lang='grc' dir='ltr'>Θεοῦ</span> <span class='ocrx_word' id='word_1_745' title='bbox 1248 2425 1282 2452; x_wconf 86' lang='grc' dir='ltr'><strong>δι’</strong></span> <span class='ocrx_word' id='word_1_746' title='bbox 1306 2426 1381 2461; x_wconf 78' lang='grc' dir='ltr'>ἡμᾶς</span> <span class='ocrx_word' id='word_1_747' title='bbox 1402 2422 1457 2452; x_wconf 82' lang='grc' dir='ltr'>οἷον</span> <span class='ocrx_word' id='word_1_748' title='bbox 1487 2424 1714 2461; x_wconf 79' lang='grc' dir='ltr'>ὁπλοφοροῦντος,</span> <span class='ocrx_word' id='word_1_749' title='bbox 1743 2425 1794 2460; x_wconf 77' lang='grc' dir='ltr'>τὴν</span> 
     </span>
    </p>
   </div>
   <div class='ocr_carea' id='block_1_105' title="bbox 1007 2470 1793 2507">
    <p class='ocr_par' dir='ltr' id='par_1_105' title="bbox 1007 2470 1793 2507">
     <span class='ocr_line' id='line_1_105' title="bbox 1007 2470 1793 2507; baseline -0.001 -9"><span class='ocrx_word' id='word_1_750' title='bbox 1007 2471 1146 2507; x_wconf 75' lang='grc' dir='ltr'>ἡμετέραν</span> <span class='ocrx_word' id='word_1_751' title='bbox 1160 2470 1353 2507; x_wconf 76' lang='grc' dir='ltr'>διορθουμένου</span> <span class='ocrx_word' id='word_1_752' title='bbox 1367 2471 1481 2503; x_wconf 80' lang='grc' dir='ltr'>δειλίαν,</span> <span class='ocrx_word' id='word_1_753' title='bbox 1495 2471 1530 2498; x_wconf 81' lang='grc' dir='ltr'>δι’</span> <span class='ocrx_word' id='word_1_754' title='bbox 1539 2471 1574 2506; x_wconf 78' lang='grc' dir='ltr'><strong>ἢν</strong></span> <span class='ocrx_word' id='word_1_755' title='bbox 1589 2471 1637 2498; x_wconf 81' lang='grc' dir='ltr'>καὶ</span> <span class='ocrx_word' id='word_1_756' title='bbox 1648 2471 1688 2507; x_wconf 86' lang='grc' dir='ltr'><strong>τῷ</strong></span> <span class='ocrx_word' id='word_1_757' title='bbox 1703 2470 1793 2503; x_wconf 71' lang='grc' dir='ltr'>Γιεξεὶ</span> 
     </span>
    </p>
   </div>
   <div class='ocr_carea' id='block_1_106' title="bbox 1001 2516 1793 2553">
    <p class='ocr_par' dir='ltr' id='par_1_106' title="bbox 1001 2516 1793 2553">
     <span class='ocr_line' id='line_1_106' title="bbox 1001 2516 1793 2553; baseline -0.001 -9"><span class='ocrx_word' id='word_1_758' title='bbox 1001 2517 1148 2552; x_wconf 81' lang='grc' dir='ltr'>ὁπλοφόροι</span> <span class='ocrx_word' id='word_1_759' title='bbox 1164 2517 1320 2553; x_wconf 78' lang='grc' dir='ltr'>πεφήνασιν</span> <span class='ocrx_word' id='word_1_760' title='bbox 1334 2517 1457 2552; x_wconf 74' lang='grc' dir='ltr'>ἄγγελοι,</span> <span class='ocrx_word' id='word_1_761' title='bbox 1471 2517 1544 2544; x_wconf 77' lang='grc' dir='ltr'>οὓτω</span> <span class='ocrx_word' id='word_1_762' title='bbox 1562 2517 1633 2545; x_wconf 84' lang='grc' dir='ltr'>κατὰ</span> <span class='ocrx_word' id='word_1_763' title='bbox 1647 2516 1729 2552; x_wconf 79' lang='grc' dir='ltr'>φύσιν</span> <span class='ocrx_word' id='word_1_764' title='bbox 1742 2517 1793 2543; x_wconf 71' lang='grc' dir='ltr'>οὐκ</span> 
     </span>
    </p>
   </div>
   <div class='ocr_carea' id='block_1_107' title="bbox 1000 2562 1118 2598">
    <p class='ocr_par' dir='ltr' id='par_1_107' title="bbox 1000 2562 1118 2598">
     <span class='ocr_line' id='line_1_107' title="bbox 1000 2562 1118 2598; baseline 0 -9"><span class='ocrx_word' id='word_1_765' title='bbox 1000 2562 1118 2598; x_wconf 75' lang='grc' dir='ltr'>ἔχοντες.</span> 
     </span>
    </p>
   </div>
   <div class='ocr_carea' id='block_1_108' title="bbox 158 2595 1789 2644">
    <p class='ocr_par' dir='ltr' id='par_1_108' title="bbox 158 2595 1789 2644">
     <span class='ocr_line' id='line_1_108' title="bbox 158 2595 1789 2644; baseline 0.004 -14"><span class='ocrx_word' id='word_1_766' title='bbox 158 2595 312 2644; x_wconf 59' lang='grc' dir='ltr'><strong>υιείξςίιιπ»</strong></span> <span class='ocrx_word' id='word_1_767' title='bbox 323 2597 482 2632; x_wconf 68' lang='grc' dir='ltr'><strong>εοηοὶιὶπο,</strong></span> <span class='ocrx_word' id='word_1_768' title='bbox 498 2606 560 2627; x_wconf 70' lang='lat' dir='ltr'><strong>cum</strong></span> <span class='ocrx_word' id='word_1_769' title='bbox 573 2607 670 2629; x_wconf 79' lang='lat' dir='ltr'><strong>eorum</strong></span> <span class='ocrx_word' id='word_1_770' title='bbox 682 2601 819 2637; x_wconf 77' lang='lat' dir='ltr'><strong>justitiam</strong></span> <span class='ocrx_word' id='word_1_771' title='bbox 828 2609 856 2632; x_wconf 89' lang='lat' dir='ltr'><strong>et</strong></span> <span class='ocrx_word' id='word_1_772' title='bbox 871 2611 945 2635; x_wconf 83' lang='lat' dir='ltr'><strong>recte</strong></span> <span class='ocrx_word' id='word_1_773' title='bbox 965 2595 1048 2642; x_wconf 79' lang='lat' dir='ltr'><strong>facta,</strong></span> <span class='ocrx_word' id='word_1_774' title='bbox 1067 2612 1194 2644; x_wconf 82' lang='lat' dir='ltr'><strong>tanquam</strong></span> <span class='ocrx_word' id='word_1_775' title='bbox 1223 2609 1349 2641; x_wconf 85' lang='lat' dir='ltr'><strong>loricam,</strong></span> <span class='ocrx_word' id='word_1_776' title='bbox 1378 2609 1493 2642; x_wconf 82' lang='lat' dir='ltr'><strong>induat;</strong></span> <span class='ocrx_word' id='word_1_777' title='bbox 1511 2608 1547 2635; x_wconf 89' lang='lat' dir='ltr'><strong>ita</strong></span> <span class='ocrx_word' id='word_1_778' title='bbox 1565 2616 1616 2636; x_wconf 88' lang='lat' dir='ltr'><strong>nos</strong></span> <span class='ocrx_word' id='word_1_779' title='bbox 1641 2608 1789 2636; x_wconf 81' lang='lat' dir='ltr'><strong>consolans</strong></span> 
     </span>
    </p>
   </div>
   <div class='ocr_carea' id='block_1_109' title="bbox 156 2642 1792 2693">
    <p class='ocr_par' dir='ltr' id='par_1_109' title="bbox 156 2642 1792 2693">
     <span class='ocr_line' id='line_1_109' title="bbox 156 2642 1792 2693; baseline 0.007 -24"><span class='ocrx_word' id='word_1_780' title='bbox 156 2649 189 2668; x_wconf 77' lang='lat' dir='ltr'><strong>ac</strong></span> <span class='ocrx_word' id='word_1_781' title='bbox 199 2643 222 2670; x_wconf 84' lang='lat' dir='ltr'><strong>si</strong></span> <span class='ocrx_word' id='word_1_782' title='bbox 232 2642 278 2671; x_wconf 88' lang='lat' dir='ltr'><strong>Dei</strong></span> <span class='ocrx_word' id='word_1_783' title='bbox 296 2645 480 2693; x_wconf 70' lang='lat' dir='ltr'><strong>vestimentum</strong></span> <span class='ocrx_word' id='word_1_784' title='bbox 512 2647 565 2683; x_wconf 91' lang='lat' dir='ltr'><strong>ipsi</strong></span> <span class='ocrx_word' id='word_1_785' title='bbox 588 2648 646 2677; x_wconf 81' lang='lat' dir='ltr'><strong>ﬁeri</strong></span> <span class='ocrx_word' id='word_1_786' title='bbox 671 2649 820 2686; x_wconf 83' lang='lat' dir='ltr'><strong>valeamus,</strong></span> <span class='ocrx_word' id='word_1_787' title='bbox 836 2660 948 2690; x_wconf 86' lang='lat' dir='ltr'><strong>propter</strong></span> <span class='ocrx_word' id='word_1_788' title='bbox 968 2664 1018 2686; x_wconf 86' lang='lat' dir='ltr'><strong>nos</strong></span> <span class='ocrx_word' id='word_1_789' title='bbox 1031 2664 1107 2684; x_wconf 85' lang='lat' dir='ltr'><strong>arma</strong></span> <span class='ocrx_word' id='word_1_790' title='bbox 1119 2642 1254 2693; x_wconf 47' lang='lat' dir='ltr'><strong>percutis,</strong></span> <span class='ocrx_word' id='word_1_791' title='bbox 1277 2662 1307 2685; x_wconf 93' lang='lat' dir='ltr'><strong>ut</strong></span> <span class='ocrx_word' id='word_1_792' title='bbox 1328 2657 1500 2685; x_wconf 78' lang='lat' dir='ltr'><strong>timiditatem</strong></span> <span class='ocrx_word' id='word_1_793' title='bbox 1533 2661 1653 2685; x_wconf 84' lang='lat' dir='ltr'><strong>nostram</strong></span> <span class='ocrx_word' id='word_1_794' title='bbox 1687 2656 1792 2691; x_wconf 70' lang='lat' dir='ltr'><strong>erigat,</strong></span> 
     </span>
    </p>
   </div>
   <div class='ocr_carea' id='block_1_110' title="bbox 157 2691 1574 2738">
    <p class='ocr_par' dir='ltr' id='par_1_110' title="bbox 157 2691 1574 2738">
     <span class='ocr_line' id='line_1_110' title="bbox 157 2691 1574 2738; baseline 0.008 -20"><span class='ocrx_word' id='word_1_795' title='bbox 157 2694 268 2725; x_wconf 81' lang='lat' dir='ltr'><strong>propter</strong></span> <span class='ocrx_word' id='word_1_796' title='bbox 293 2698 376 2727; x_wconf 86' lang='lat' dir='ltr'><strong>quam</strong></span> <span class='ocrx_word' id='word_1_797' title='bbox 391 2696 419 2720; x_wconf 91' lang='lat' dir='ltr'><strong>et</strong></span> <span class='ocrx_word' id='word_1_798' title='bbox 446 2691 521 2721; x_wconf 83' lang='lat' dir='ltr'><strong>Giezi</strong></span> <span class='ocrx_word' id='word_1_799' title='bbox 549 2694 649 2723; x_wconf 82' lang='lat' dir='ltr'><strong>armati</strong></span> <span class='ocrx_word' id='word_1_800' title='bbox 673 2694 727 2724; x_wconf 93' lang='lat' dir='ltr'><strong>visi</strong></span> <span class='ocrx_word' id='word_1_801' title='bbox 753 2700 816 2725; x_wconf 85' lang='lat' dir='ltr'><strong>sunt</strong></span> <span class='ocrx_word' id='word_1_802' title='bbox 847 2700 947 2735; x_wconf 76' lang='lat' dir='ltr'><strong>angeli,</strong></span> <span class='ocrx_word' id='word_1_803' title='bbox 967 2709 1032 2730; x_wconf 89' lang='lat' dir='ltr'><strong>cum</strong></span> <span class='ocrx_word' id='word_1_804' title='bbox 1041 2701 1069 2730; x_wconf 90' lang='lat' dir='ltr'><strong>id</strong></span> <span class='ocrx_word' id='word_1_805' title='bbox 1085 2691 1182 2732; x_wconf 78' lang='lat' dir='ltr'><strong>eorum</strong></span> <span class='ocrx_word' id='word_1_806' title='bbox 1199 2707 1298 2731; x_wconf 88' lang='lat' dir='ltr'><strong>natura</strong></span> <span class='ocrx_word' id='word_1_807' title='bbox 1313 2709 1368 2730; x_wconf 88' lang='lat' dir='ltr'><strong>non</strong></span> <span class='ocrx_word' id='word_1_808' title='bbox 1384 2707 1522 2738; x_wconf 78' lang='lat' dir='ltr'><strong>pateretur</strong></span> <span class='ocrx_word' id='word_1_809' title='bbox 1538 2702 1574 2730; x_wconf 77' lang='grc'><strong>³³.</strong></span> 
     </span>
    </p>
   </div>
   <div class='ocr_carea' id='block_1_111' title="bbox 192 2760 1014 2804">
    <p class='ocr_par' dir='ltr' id='par_1_111' title="bbox 192 2760 1014 2804">
     <span class='ocr_line' id='line_1_111' title="bbox 192 2760 1014 2804; baseline 0.013 -17"><span class='ocrx_word' id='word_1_810' title='bbox 192 2760 278 2789; x_wconf 75' lang='lat' dir='ltr'><strong>“Job</strong></span> <span class='ocrx_word' id='word_1_811' title='bbox 308 2770 336 2795; x_wconf 76' lang='grc' dir='ltr'>ι,</span> <span class='ocrx_word' id='word_1_812' title='bbox 350 2762 393 2791; x_wconf 88' lang='lat' dir='ltr'><strong>l9.</strong></span> <span class='ocrx_word' id='word_1_813' title='bbox 432 2763 540 2792; x_wconf 75' lang='lat' dir='ltr'><strong>&quot;Psal.</strong></span> <span class='ocrx_word' id='word_1_814' title='bbox 559 2773 635 2800; x_wconf 66' lang='grc' dir='ltr'>χιιι,</span> <span class='ocrx_word' id='word_1_815' title='bbox 656 2765 700 2794; x_wconf 85' lang='grc'><strong>17.</strong></span> <span class='ocrx_word' id='word_1_816' title='bbox 736 2766 759 2784; x_wconf 87' lang='grc'><strong>⁸¹</strong></span> <span class='ocrx_word' id='word_1_817' title='bbox 774 2766 807 2796; x_wconf 85' lang='grc' dir='ltr'><strong>ιν</strong></span> <span class='ocrx_word' id='word_1_818' title='bbox 821 2766 888 2804; x_wconf 73' lang='lat' dir='ltr'><strong>Reg.</strong></span> <span class='ocrx_word' id='word_1_819' title='bbox 908 2777 945 2803; x_wconf 86' lang='lat' dir='ltr'><strong>Vl,</strong></span> <span class='ocrx_word' id='word_1_820' title='bbox 969 2770 1014 2798; x_wconf 81' lang='lat' dir='ltr'><strong>l7.</strong></span> 
     </span>
    </p>
   </div>
   <div class='ocr_carea' id='block_1_112' title="bbox 803 2837 1142 2870">
    <p class='ocr_par' dir='ltr' id='par_1_112' title="bbox 803 2837 1142 2870">
     <span class='ocr_line' id='line_1_112' title="bbox 803 2837 1142 2870; baseline 0.012 -6"><span class='ocrx_word' id='word_1_821' title='bbox 803 2837 919 2866; x_wconf 68' lang='lat' dir='ltr'><strong>VMlLE</strong></span> <span class='ocrx_word' id='word_1_822' title='bbox 939 2839 1142 2870; x_wconf 75' lang='lat' dir='ltr'><strong>LECTIONES.</strong></span> 
     </span>
    </p>
   </div>
   <div class='ocr_carea' id='block_1_113' title="bbox 195 2891 551 2927">
    <p class='ocr_par' dir='ltr' id='par_1_113' title="bbox 195 2891 551 2927">
     <span class='ocr_line' id='line_1_113' title="bbox 195 2891 551 2927; baseline 0.011 -12"><span class='ocrx_word' id='word_1_823' title='bbox 195 2892 212 2903; x_wconf 66' lang='grc' dir='ltr'>υ</span> <span class='ocrx_word' id='word_1_824' title='bbox 228 2893 239 2912; x_wconf 72' lang='lat' dir='ltr'><strong><em>F</em></strong></span> <span class='ocrx_word' id='word_1_825' title='bbox 257 2897 298 2923; x_wconf 65' lang='lat' dir='ltr'><strong>rp.</strong></span> <span class='ocrx_word' id='word_1_826' title='bbox 316 2891 373 2919; x_wconf 79' lang='grc' dir='ltr'>καί.</span> <span class='ocrx_word' id='word_1_827' title='bbox 410 2897 425 2920; x_wconf 82' lang='lat' dir='ltr'><strong>‘t</strong></span> <span class='ocrx_word' id='word_1_828' title='bbox 437 2891 551 2927; x_wconf 75' lang='grc' dir='ltr'>ἔνδυμα.</span> 
     </span>
    </p>
   </div>
  </div>
