1988 3079
133 140 136 143 ’
186 153 257 188 2613

759 160 1027 193 COMMENTARII
1040 163 1082 194 IN
1099 164 1244 196 ISAIAM.

1749 166 1821 200 2614

223 210 318 239 tO-xa'.
333 210 388 238 Kal
408 211 631 248 φοϐηθήσονται
648 214 676 240 οἱ
705 213 765 242 ἀπὸ
787 215 914 250 δυσμῶν
941 216 976 244 τὸ

1062 217 1147 246 Vsus.
1162 219 1256 247 19'2i.
1283 219 1318 248 Et
1339 220 1466 249 timebunt
1481 222 1527 258 qui
1554 209 1661 250 sunt-ab
1675 222 1820 258 occidente,

187 258 280 293 ὄνομα
299 259 421 292 Κιφίου,
449 259 499 286 καὶ
527 260 555 286 οὶ
577 259 629 287 ἀπ’
653 260 812 288 ἀνατολῶν
828 262 930 295 ἡλίου,
942 262 975 290 τὸ

187 310 281 338 ονομα
296 303 327 331 τὸ
348 304 485 337 ἔνδοξον.
500 304 581 338 Ἥξει
598 305 653 340 γὰρ
662 305 702 338 ὡς
721 306 855 341 ποταμὸς
874 307 977 341 ,βίαιος

188 349 208 383 ἠ
219 349 293 386 ὀργή
306 349 386 384 παρὰ
395 350 516 384 Κυρίου,
543 350 611 385 ἣξει
631 350 707 386 μετὰ
724 351 831 386 θυμοῦ,
843 352 893 379 καὶ
910 352 977 387 ἣξει

187 402 276 421 suam
283 395 358 422 Σιὼν
368 397 385 422 ό
392 397 554 430 ῥυόμενος,
570 397 620 424 καὶ
635 396 823 431 ἀποστρέψει
837 397 978 432 ἀσεϐείας

186 439 246 466 ἀπο
261 438 375 473 Ἰακὼϐ,
391 449 418 467 κ.
433 449 460 467 τ.
471 441 498 468 λ.

224 484 356 520 Πολέμων
384 486 469 513 εἰπὼν
483 486 540 518 τοῖς
554 487 584 520 ὲξ
598 486 708 522 Ἰσραὴλ
719 487 765 514 τδν
790 488 856 514 Θεὸν
873 488 916 515 διὰ
929 488 979 521 τὰς

187 530 289 563 πολλὰς
300 531 393 559 αὐτῶν
408 532 546 566 ἀσεϐείας,
563 533 610 560 ἐπὶ
624 534 673 569 τὴν
687 533 783 569 κλῆσιν
800 534 906 570 μέτεισι
923 534 979 561 τῶν

187 575 283 609 ἐθνῶν,
297 578 345 604 καὶ
360 578 410 613 τὴν
424 578 544 614 Χριστοῦ
562 579 727 614 παρουσίαν.
741 579 780 606 Τὸ
795 580 849 607 πᾶν
862 580 890 607 δὲ
901 581 979 615 γένος

188 621 341 657 ἀνθρώπων
351 622 396 651 διὰ
407 623 462 650 τῶν
473 624 630 652 ἀνατολῶν
641 624 776 660 ἐδήλωσεν
787 625 833 652 καὶ
843 624 979 659 δυσμῶν,

188 667 217 694 οἳ
231 667 456 702 φοϐηθήσονται
467 669 522 696 τὸν
531 670 652 705 Κύριον.
679 670 778 706 (Ἀρχὴ
793 670 847 705 γὰρ
869 672 976 705 σοφίας,

189 711 271 746 φόϐος
295 713 427 748 Κυρίου.»
454 710 510 746 Ἦς
538 714 569 741 οὐ
598 714 747 750 μετέλαϐεν
780 714 900 750 Ἰσραὴλ,
916 714 974 742 ἀλλ⁹

187 757 297 791 ἐκεῖνοι,
326 759 390 795 περὶ
405 755 441 786 ὧν
455 759 560 794 ἔλεγεν·
593 769 603 786 ι
625 760 693 787 Ἰδοὺ
724 758 798 788 οὗτοι
830 760 975 797 πόρρωθεν

188 803 293 839 ἥξουσι,
306 814 316 832 ›
344 805 392 833 καὶ
407 805 442 833 τὰ
463 807 547 842 ἑξῆς·
566 807 600 834 δι’
614 804 652 834 ὧν
672 807 769 843 ἐδήλου
799 807 833 834 τὰ
859 807 980 842 τέσσαρα
993 815 1017 845 Β

187 849 319 884 κλίματα,
343 851 394 878 ὅσα
404 851 433 878 δὲ
449 852 542 886 φόϐος
569 853 644 880 Θεοῦ
681 852 808 888 προξενεῖ
835 852 912 887 δηλοῖ
936 852 976 879 τόι

190 905 199 922 ι
211 895 355 932 Μακάριος
370 897 463 933 ἀνὴρὸ
475 898 645 933 φοϐοὐμενος
660 898 707 925 τὸν
719 897 833 934 Κύριον.
847 907 856 924 ι
871 897 927 924 Καὶ
936 897 978 930 τό,

189 950 200 967 σ
215 941 272 968 Οὐκ
285 941 359 968 ἐστιν
374 942 516 978 ὑστέρημα
527 944 585 974 τοῖς
595 943 773 979 φοϐουμένοις
788 941 883 969 αὐτόν.
897 951 905 968 ι
921 942 980 969 Καὶ

187 987 227 1018 τό,
249 987 353 1019 «Φόϐος
373 988 476 1022 Κυρίου
503 988 622 1021 παιδεία,
651 989 700 1016 καὶ
730 988 820 1023 σοφία.
835 997 844 1014 ι
865 989 920 1015 Καὶ
935 988 975 1014 τό·

194 1033 282 1065 Φόϐος
301 1033 404 1069 Κυρίου
429 1034 609 1069 προστίθησιν
625 1034 745 1070 ἡμέρας.
759 1044 769 1061 ›
790 1034 840 1061 Ὃν
853 1034 903 1061 οὐκ
916 1034 981 1061 Ἰου-

186 1079 273 1111 δαίοις
286 1080 395 1113 δώσειν,
413 1080 482 1107 ἀλλὰ
496 1081 552 1112 τοῖς
565 1081 669 1108 ἔθνεσιν
692 1080 898 1115 ἐπαγγέλλεται.
924 1080 981 1107 Καὶ

187 1125 217 1152 ἐν
234 1126 322 1162 ἑτέρῳ
351 1126 405 1162 γὰρ
421 1127 549 1163 προφήτῃ
563 1128 619 1158 τοῖς
644 1127 692 1162 μέν
706 1135 789 1162 φησιν
801 1135 808 1142 ·
824 1135 834 1152 ι
851 1127 908 1153 Οὐκ
923 1125 980 1153 ἐστι

189 1180 239 1206 μου
267 1172 375 1208 θέλημα
393 1173 422 1199 ἐν
448 1174 522 1208 ὑμῖν,
549 1172 624 1207 λέγει
648 1172 750 1207 Κύριος
768 1171 978 1207 παντοκράτωρ.

188 1218 246 1244 Καὶ
272 1217 368 1249 θυσίας
383 1218 414 1245 οὐ
429 1218 613 1254 προσδέξομαι
630 1219 663 1246 ὲκ
680 1219 735 1245 τῶν
755 1218 856 1254 χειρῶν
873 1218 979 1254 ὑμῶν».

186 1262 258 1298 Περὶ
271 1263 300 1290 δὲ
313 1264 369 1291 τῶν
385 1263 469 1291 ἐθνῶν
481 1271 488 1279 ·
508 1274 517 1291 ι
537 1265 576 1292 Δι’
590 1265 631 1291 ὄτι
661 1265 716 1292 ἀπὸ
733 1264 872 1292 ἀνατολῶν
904 1264 980 1299 ἡλίου

186 1308 342 1342 δεδόξασται
361 1310 391 1337 τὸ
403 1309 490 1344 ὄνομά
515 1319 576 1345 μου,
599 1311 629 1337 ὲν
643 1311 700 1341 τοῖς
730 1310 834 1337 ἔθνεσι.
855 1319 865 1336 ι
884 1310 939 1345 Τῆς
952 1309 980 1336 δὲ

186 1356 289 1383 τούτων
303 1356 440 1392 σωτηρίας
452 1356 538 1384 αἴτιον
551 1365 558 1372 ·
572 1356 653 1389 Ἥξει
667 1357 721 1392 γὰρ
740 1356 781 1390 ὡς
795 1355 928 1391 ποταμὸς
935 1356 982 1388 ,βί-

186 1410 251 1436 αιος
270 1403 320 1430 καὶ
341 1402 414 1439 ὀργὴ
438 1403 520 1437 παρὰ
546 1403 667 1437 Κυρίου.
682 1403 768 1436 Ἥξει
781 1403 854 1437 μετὰ
872 1402 978 1437 θυμοῦ.

193 1447 300 1483 ὀργῆς
318 1449 347 1476 δὲ
367 1449 415 1476 καὶ
440 1449 536 1484 θυμοῦ
562 1449 625 1476 οὔτε
644 1449 674 1476 τδ
693 1449 849 1485 Ἐϐραῐκὺν,
876 1448 940 1476 οὗτε
953 1449 978 1475 οἱ

1027 271 1121 291 nomen
1139 264 1258 297 Domini.
1275 270 1301 292 et
1311 266 1357 301 qui
1369 266 1401 293 ab
1412 272 1473 294 ortu
1488 267 1563 300 solis,
1573 275 1668 295 nomen
1680 267 1818 303 inclytum.

1031 306 1121 334 Veniet
1134 308 1205 335 enim
1227 309 1303 343 quasi
1324 310 1420 344 ﬂuvius
1451 311 1580 338 violentus
1595 311 1636 338 ira
1654 319 1670 338 a
1688 311 1820 340 Domino:

1027 352 1110 380 ueniet
1126 360 1185 379 cum
1198 353 1309 387 furore:
1322 358 1347 381 et
1359 355 1442 382 ueniet
1453 360 1561 390 propler
1578 355 1645 383 Sion
1657 356 1702 391 qui
1714 355 1819 388 liberat,

1027 400 1053 423 et
1069 401 1166 424 avertet
1181 398 1266 433 676
1282 398 1430 433 impietates
1442 399 1538 433 Jacob,
1548 404 1602 427 etc.

1064 481 1214 517 Postquam
1232 482 1326 511 lsraeli
1341 488 1454 520 propter
1467 485 1581 513 multam
1600 493 1696 514 eorum
1722 487 1821 522 impie-

1028 531 1112 556 tatem
1130 528 1270 557 infensum
1296 538 1359 559 esse
1374 530 1458 559 Deum
1473 531 1683 565 demonstravit,
1698 532 1731 559 ad
1754 540 1821 567 geu-

1030 575 1098 602 tium
1112 576 1295 609 vocationem,
1312 576 1458 612 ipsumque
1472 577 1574 605 Christi
1599 578 1746 606 adventum
1763 586 1822 605 scr-

1030 626 1138 645 mouem
1153 620 1296 647 convertit.
1316 620 1484 655 Signiﬁcavit
1499 625 1589 649 autem
1615 621 1731 648 Orientis
1746 621 1822 649 Occi-

1030 662 1167 699 dentisque
1180 665 1301 697 nomine,
1315 666 1458 694 hominum
1475 675 1561 701 genus
1574 667 1822 702 universutu,quos

1030 708 1139 736 Domini
1150 710 1229 737 timor
1253 715 1327 738 esset
1344 716 1541 747 occupaturus.
1562 712 1730 748 Principium
1746 721 1823 740 nam-

1031 764 1084 791 que
1099 757 1240 792 sapientiae
1258 758 1341 786 timor
1357 758 1518 786 Domini“:
1548 759 1628 794 cujus
1655 767 1718 787 esse
1737 760 1823 794 parti-

1031 809 1096 838 ceps
1110 803 1197 831 noluit
1212 804 1311 838 Israel;
1323 805 1371 832 sed
1384 805 1434 838 illi.
1457 805 1490 833 de
1501 806 1603 841 quibus
1620 805 1693 834 istud
1706 814 1823 842 usurpa-

1030 849 1086 877 vit:
1103 858 1112 875 ι
1131 849 1200 878 Ecce
1216 850 1286 878 bide
1298 851 1378 887 longe
1389 852 1541 885 venient“,
1557 855 1583 879 et
1596 860 1654 887 qua:
1670 853 1820 889 deinceps:

1030 895 1131 930 quibus
1145 897 1237 924 verbis
1252 902 1371 931 quatuor
1389 898 1482 925 mundi
1498 898 1638 932 cardines,
1654 899 1711 926 sive
1728 899 1823 934 plagas

1030 941 1242 969 demonstravit.
1269 943 1378 975 Quanta
1403 951 1468 971 vero
1493 951 1525 971 ea
1541 944 1608 977 sint,
1631 952 1692 979 quae
1715 944 1824 972 Domini

1032 988 1112 1015 timor
1125 988 1204 1016 nobis
1216 989 1356 1022 conciliat,
1375 989 1517 1025 Scriptura
1545 991 1674 1024 patuerit,
1703 991 1749 1018 ubi
1767 991 1820 1018 ait:

1034 1044 1043 1061 ι
1058 1034 1159 1063 Beatus
1168 1035 1210 1063 vir
1223 1036 1270 1071 qui
1283 1036 1361 1063 timet
1376 1035 1522 1064 Dominum
1534 1037 1568 1063 ⁸³.
1584 1046 1593 1063 ι
1608 1037 1641 1064 Et
1651 1037 1711 1065 istis
1724 1045 1747 1063 ε(
1763 1037 1822 1065 Non

1031 1086 1074 1109 est
1106 1080 1198 1116 inopia
1231 1081 1394 1109 timentibus
1426 1081 1571 1110 Dominum
1601 1083 1635 1110 ".
1658 1092 1668 1109 ι
1704 1082 1736 1110 Ει
1760 1083 1822 1111 istis

1031 1127 1132 1154 etiam:
1154 1136 1164 1153 ι
1184 1126 1278 1154 Timor
1292 1127 1398 1155 Domini
1413 1127 1561 1162 disciplina
1573 1132 1599 1156 et
1614 1129 1747 1164 sapientia
1763 1130 1797 1157 '°.
1811 1138 1821 1156 ι

1031 1172 1064 1198 Et
1083 1171 1165 1199 istis:
1181 1181 1190 1198 ι
1209 1171 1305 1199 Timor
1319 1172 1430 1200 Domini
1457 1173 1516 1201 dies
1537 1174 1614 1201 addit
1629 1175 1651 1191 “
1669 1183 1676 1207 ;
1696 1182 1776 1210 quem
1794 1183 1823 1203 se

1032 1224 1086 1244 non
1099 1216 1213 1250 Iudaeis,
1232 1217 1280 1245 sed
1297 1218 1427 1253 gentibus
1442 1226 1504 1246 esse
1517 1219 1644 1247 daturum
1665 1220 1822 1255 pollicetur.

1033 1262 1137 1291 Deinde
1152 1263 1224 1298 apud
1235 1264 1398 1299 prophetam
1411 1264 1494 1291 alium
1506 1264 1575 1293 istos
1587 1265 1697 1300 quidem
1708 1265 1736 1293 in
1746 1266 1820 1293 hunc

1032 1308 1143 1336 modum
1160 1308 1327 1344 alloquitur:
1349 1318 1359 1335 ι
1372 1308 1431 1337 Non
1449 1313 1492 1337 est
1515 1317 1575 1337 mea
1590 1310 1715 1338 voluntas
1731 1311 1758 1337 in
1773 1319 1823 1338 vo-

1031 1354 1074 1382 bis
1084 1355 1118 1388 ",
1137 1354 1204 1383 dicit
1231 1354 1364 1383 Dominus
1381 1355 1566 1391 omnipotens,
1587 1361 1614 1383 ct
1645 1356 1751 1384 hostias
1769 1364 1823 1384 nou

1032 1401 1180 1436 suscipiam
1194 1401 1229 1429 de
1242 1401 1371 1430 manibus
1391 1402 1498 1430 vestris.
1513 1412 1523 1429 ι
1543 1402 1581 1430 De
1592 1403 1718 1438 gentibus
1731 1408 1822 1430 autem

1033 1447 1086 1475 ista
1101 1448 1209 1483 inquit:
1229 1457 1239 1474 ι
1262 1447 1300 1475 Ab
1320 1452 1384 1475 ortu
1407 1448 1480 1475 enim
1497 1448 1564 1476 solis
1582 1457 1667 1484 usque
1692 1449 1726 1477 ad
1744 1456 1824 1476 occa-

185 1493 275 1521 λοιποὶ
292 1494 454 1530 μέμνηνται.
481 1494 549 1522 Οὐδὲ
560 1495 615 1530 γὰρ
629 1494 741 1530 εὔλογον
759 1496 788 1521 ὲν
804 1494 916 1529 ἀγαθῶν
932 1495 978 1520 ἑπ-

1032 1501 1092 1521 sum
1104 1493 1285 1528 gloriﬁcatum
1295 1497 1337 1522 est
1350 1501 1449 1522 nomen
1459 1501 1549 1521 meum
1561 1495 1586 1521 in
1600 1495 1796 1523 nationibus".
1811 1504 1820 1521 ι

187 1541 338 1574 αγγελίαις.
360 1541 389 1567 '0
407 1540 461 1576 γὰρ
478 1541 596 1572 Ἀκύλας
615 1541 709 1576 φησὶν,
727 1541 793 1568 Ὀτι
822 1541 981 1568 ἐλεύσεται

185 1587 227 1619 ὡς
236 1586 369 1621 ποταμὸς
381 1585 500 1620 πνεῦμα
512 1587 623 1620 Κυρίου
638 1587 806 1621 σύσσημον
825 1586 931 1618 ἐαυτῷ.
951 1585 981 1612 'O

186 1633 214 1659 δὲ
228 1632 387 1667 Σύμμαχος·
411 1632 497 1664 Ἥξει
511 1632 551 1665 ὡς
569 1632 703 1667 ποταμὸς
724 1633 834 1660 θλίϐων·
847 1631 879 1659 τὸ
895 1631 983 1659 πνεῦ-

184 1686 227 1713 ιια
238 1678 496 1713 Κυρίου.ἐπείγει
514 1678 563 1704 καὶ
575 1677 653 1712 ἥξει.
661 1677 692 1705 '0
698 1678 727 1705 δὲ
736 1678 981 1709 ΘεοδοτίωψἭξει

186 1725 291 1760 τὴρώς
321 1725 455 1760 ποταμὸς
477 1725 691 1758 πολιορκητής.
719 1724 841 1758 Πνεῦμα
869 1724 980 1758 Κυρίου

185 1769 351 1804 ἐσημειώθη
365 1769 401 1797 ἐν
413 1769 505 1802 αὐτῷ.
529 1769 590 1803 Πῶς
607 1770 636 1797 δὲ
652 1770 693 1803 ὡς
722 1769 855 1804 ποταμὸς
876 1769 979 1802 ,βίαιος

187 1815 252 1850 ἣξει
267 1815 301 1842 τὸ
316 1816 435 1851 πνεῦμα
453 1816 576 1851 Κυρίου,
589 1816 723 1852 ἐδήλωσεν
738 1816 768 1842 ὲν
783 1816 844 1847 ταῖς
872 1815 979 1851 Πράξε-

1030 1539 1082 1567 Sed
1095 1543 1136 1567 est
1149 1547 1242 1567 earum
1258 1540 1356 1569 salutis
1371 1548 1464 1574 causa,
1486 1542 1559 1577 quod
1575 1546 1725 1574 venturum,
1745 1543 1824 1577 quasi

1030 1585 1139 1620 ﬂuvium
1167 1585 1320 1619 violentum,
1337 1591 1362 1613 et
1377 1587 1448 1613 iram
1480 1595 1496 1614 a
1518 1587 1635 1615 Domino
1659 1595 1718 1615 cum
1733 1588 1824 1622 furore

1031 1631 1110 1659 dixit.
1130 1631 1190 1664 Quo
1204 1632 1276 1664 loco,
1292 1639 1381 1666 neque
1393 1632 1453 1665 ine,
1468 1641 1558 1668 neque
1572 1634 1673 1667 furoris
1689 1633 1823 1661 Hebraica

1035 1677 1125 1708 lectio,
1140 1677 1463 1713 cacteriqueinterpretes
1484 1679 1680 1710 meminerunt,
1707 1680 1780 1707 sicut
1793 1679 1823 1707 in

1034 1721 1168 1750 bonorum
1184 1722 1366 1756 promissione
1382 1722 1472 1751 fuerat
1484 1723 1584 1751 rationi
1596 1729 1822 1753 consentanmnn.

1033 1769 1072 1795 Ita
1097 1768 1170 1795 enim
1202 1767 1300 1803 Aquila
1337 1776 1343 1795 :
1365 1767 1435 1801 Quia
1460 1770 1543 1797 veniet
1571 1774 1698 1805 tanquam
1726 1771 1824 1805 [lumen

1031 1813 1140 1847 spiritus
1159 1812 1267 1840 Domini
1297 1813 1465 1848 signaculum
1484 1815 1546 1849 ipsi.
1564 1815 1747 1851 Symmachus
1772 1824 1823 1844 au-

187 1871 240 1894 σιν,
256 1872 265 1888 ι
279 1862 345 1889 Ὅτε
359 1862 537 1898 συνηγμένων
562 1863 609 1889 ἐπὶ
622 1862 653 1889 τὸ
669 1862 737 1890 αὐτὸ
762 1861 872 1896 ἐγένετο
902 1861 978 1896 ἄφνω

1031 1862 1084 1886 tem
1101 1868 1108 1885 :
1131 1856 1219 1886 Veniet
1233 1863 1358 1894 tanquam
1372 1859 1468 1894 ﬂuvius
1484 1864 1570 1887 terens
1585 1862 1696 1894 spiritus
1706 1862 1822 1888 Domini.

188 1909 220 1935 ἐκ
248 1908 295 1935 τοῦ
325 1908 441 1944 οὐρανοῦ
468 1906 555 1944 ἦχος,
582 1907 678 1943 ὥσπερ
707 1906 863 1943 φερομένης
894 1905 978 1940 πνοῆς

1034 1904 1125 1940 Urget,
1136 1909 1160 1932 et
1173 1905 1267 1932 veniet.
1283 1904 1435 1933 Theodotio
1445 1913 1529 1933 vero:
1554 1905 1643 1934 Veniet
1671 1909 1741 1935 enim
1763 1914 1824 1935 Ian-

188 1952 304 1988 βιαίαςρ
315 1953 403 1980 καὶτὰ
410 1953 457 1979 ἐπὶ
464 1953 580 1985 τούτοις.
589 1949 639 1980 Ὧν
648 1952 735 1986 τέλος,
747 1952 794 1979 καὶ
805 1951 845 1985 τὸ,
858 1960 867 1977 ι
878 1950 978 1986 Ἐπλη-

1033 1958 1112 1985 quam
1125 1950 1223 1984 ﬂuvius
1240 1959 1405 1986 oppugnans.
1428 1950 1544 1986 Spiritus
1564 1952 1671 1980 Domini
1702 1953 1823 1988 signatus

188 1999 314 2036 ρώθησαν
329 2000 448 2032 ἅπαντες
464 1999 623 2035 Πνεῦματος
635 1999 726 2034 ἁγίου.
747 2008 758 2025 ι

1034 1999 1073 2021 est
1084 1994 1110 2020 in
1125 2001 1166 2021 eo.
1179 1993 1230 2026 Qui
1242 1998 1344 2027 autem,
1361 1995 1443 2030 677
1464 2000 1590 2027 tanquam
1602 1996 1699 2030 ﬂuvius
1724 1997 1823 2024 violen-

188 2049 240 2076 tus.
256 2045 316 2079 ipse
330 2044 440 2072 Domini
453 2045 565 2079 spiritus
578 2049 705 2072 venturus
726 2044 772 2078 sit,
787 2050 820 2071 eo
837 2041 982 2074 indicavit,
1001 2038 1074 2074 quod
1095 2039 1122 2065 in
1140 2039 1218 2066 Actis
1238 2048 1246 2066 :
1265 2049 1274 2065 ι
1289 2039 1357 2067 Cum
1373 2045 1465 2068 essent
1478 2040 1504 2068 in
1523 2049 1607 2068 unum
1630 2049 1728 2070 omnes
1753 2050 1822 2070 con-

187 2090 302 2126 gregati,
317 2090 420 2118 factum
436 2097 498 2118 esse
512 2090 546 2117 de
572 2094 683 2125 repente
702 2097 814 2123 sonum,
844 2094 976 2122 tanquam
996 2083 1112 2119 spiritus
1146 2084 1258 2111 violenti
1270 2084 1294 2100 ³⁸
1310 2104 1318 2117 ,
1341 2094 1352 2111 ι
1373 2089 1400 2113 et
1414 2093 1475 2122 qua:
1502 2092 1667 2121 sequuntur,
1699 2088 1822 2123 legitur:

187 2136 291 2172 quibus
307 2136 417 2164 tandem
432 2143 529 2164 omnes
544 2143 606 2164 esse
622 2135 727 2171 Spiritu
746 2139 845 2163 sancto
859 2134 980 2170 repletos
998 2128 1187 2158 εοηειυάίῑυΐ·

228 2193 309 2221 Ἀλλὰ
325 2194 372 2220 καὶ
383 2193 521 2228 σημεῖον,
538 2194 631 2229 φησιν,
647 2193 754 2226 ἐαυτῷ.
765 2193 851 2220 Τοῦτο
865 2193 919 2228 γὰρ
932 2192 978 2227 τῆς

1072 2186 1174 2215 Verum
1189 2191 1217 2215 et
1227 2187 1394 2222 signaculum
1409 2189 1460 2223 ipsi
1479 2189 1528 2217 ait.
1546 2188 1620 2217 Hanc
1630 2189 1702 2217 enim
1719 2197 1822 2218 ascen-

189 2240 257 2271 ίδίας
268 2239 428 2275 ἀναλήψεως
436 2239 512 2266 ἔθετο
521 2241 633 2275 σημεῖον
641 2239 728 2274 λέγων
737 2247 744 2254 ·
756 2248 766 2265 ι
778 2239 842 2266 Ἐὰν
851 2239 888 2274 μὴ
899 2238 978 2265 ἀπέλ-

1033 2234 1120 2261 siouis
1131 2240 1189 2261 suae
1203 2233 1432 2269 signiﬁcationem
1449 2239 1477 2262 et
1493 2241 1585 2262 notam
1601 2234 1734 2270 dederat;
1749 2243 1824 2269 cum,

188 2286 237 2316 Cu),
258 2284 272 2310 ὁ
284 2284 461 2319 Παράκλητος
472 2284 522 2311 οὐκ
543 2284 679 2320 ἔρχεται.)
698 2285 753 2312 Καὶ
767 2283 858 2311 πάλιν·
876 2283 935 2310 ¹Οτ⁷
948 2283 978 2310 ἂν

1032 2280 1086 2307 nisi
1111 2280 1243 2308 abivisset
1258 2300 1266 2314 ,
1282 2280 1456 2308 Paracletum
1477 2288 1532 2309 non
1555 2286 1725 2316 venturum;
1761 2290 1824 2310 cum

188 2329 308 2363 ἀπέλθω,
329 2329 471 2356 ἀποστελῶ
484 2329 549 2364 ὑμῖν
571 2331 601 2356 τὸ
626 2330 739 2365 Πνεῦμα
753 2330 802 2365 τῆς
819 2329 978 2364 ἀληθείας.»

1032 2333 1145 2354 rursum
1166 2326 1309 2360 abivisset,
1327 2331 1456 2355 sanctum
1472 2329 1606 2363 apostolis
1624 2336 1655 2357 se
1673 2328 1824 2357 missurum

195 2376 266 2402 ’Δντὶ
299 2376 327 2402 δὲ
355 2375 422 2402 τοῦ·
448 2375 529 2408 Ἥξει
550 2375 656 2403 ἕνεκεν
674 2375 753 2403 Σιὼν
779 2374 802 2403 δ’
817 2376 980 2410 ῥυόμενος,

193 2421 319 2454 ’Λκύλας,
351 2421 407 2449 Καὶ
435 2421 592 2449 ἐλεύσεται
619 2421 656 2456 τῇ
685 2421 763 2448 Σιὼν
778 2422 975 2456 ἀγχιστεύων,

188 2468 280 2503 φησίν.
300 2467 330 2495 Ὀ
344 2467 373 2494 δὲ
389 2467 555 2503 Σύμμαχοςο
570 2467 626 2495 Καὶ
649 2467 716 2501 ἣξει
734 2467 772 2502 τῇ
788 2467 866 2494 Σιὼν
889 2467 975 2502 ἀγχι-

187 2513 313 2540 στεύων.
332 2513 429 2548 Ἔλεγε
444 2513 498 2550 γὰρ
512 2513 527 2540 ὁ
555 2513 651 2549 Σωτήρ
661 2521 669 2529 ·
691 2522 701 2539 ι
712 2513 769 2540 Οὐκ
782 2510 875 2549 ἦλθον,
890 2513 914 2539 εί
938 2512 975 2549 μὴ

188 2559 227 2590 εἰς
242 2559 273 2585 τὰ
285 2558 442 2586 ἀπολωλότα
452 2558 576 2594 πρόϐατα
585 2559 660 2586 οἴκου
677 2559 814 2595 Ἰσραήλ.)
833 2559 889 2586 Καὶ
900 2559 976 2586 Παῦ-

188 2604 234 2636 λος
250 2604 278 2630 δέ.
289 2613 356 2640 φησι
367 2613 374 2621 ’
393 2614 402 2631 ι
415 2604 494 2639 Λέγω
507 2605 563 2641 γὰρ
587 2605 705 2640 Χριστὸν
718 2605 841 2633 διάκονον
861 2605 978 2640 γεγενῆ-

190 2650 253 2676 σθαι
273 2650 425 2686 περιτομῆς
439 2651 509 2687 ὑπὲρ
523 2651 652 2687 ἀληθείας
668 2651 747 2685 Θεοῦ,
761 2651 802 2683 είς
816 2651 845 2677 τὸ
861 2651 978 2686 βεϐαιῶ-

190 2703 236 2723 σαι
253 2695 302 2728 τὰς
313 2696 486 2731 ἐπαγγελίας
498 2695 553 2723 τῶν
574 2695 711 2732 πατέρων,
725 2695 761 2724 τὰ
775 2695 805 2723 δὲ
827 2695 892 2732 ἔθνη
908 2695 978 2732 ὑπὲρ

228 2829 250 2846 ⁸·
262 2828 334 2858 Psal.
358 2838 402 2862 cx,
419 2830 460 2858 io.
499 2830 521 2846 ⁸⁷
535 2830 587 2857 lsa.
605 2838 650 2862 1.x,
664 2831 691 2863 4.
730 2830 752 2847 ³⁸
768 2829 905 2864 Psal.cxt,
917 2830 942 2858 1.

1031 2831 1093 2859 ’sal.
1105 2839 1203 2863 xrxu',
1219 2831 1263 2858 10.

1031 2372 1165 2408 Spiritum
1181 2373 1287 2401 dixerat
1297 2374 1332 2402 ".
1349 2373 1401 2401 Sed
1412 2374 1484 2402 enim
1496 2382 1550 2410 quo
1563 2375 1635 2407 loco,
1648 2376 1731 2403 veniet
1760 2383 1824 2409 pro-

1029 2423 1087 2452 pter
1102 2418 1178 2452 Sion,
1191 2419 1236 2454 qui
1249 2419 1355 2453 Iiberat,
1371 2419 1504 2448 habemus
1518 2439 1527 2453 ,
1548 2424 1573 2447 et
1593 2421 1677 2447 ueniet
1692 2421 1736 2456 qui
1759 2420 1824 2448 Sion

1028 2465 1190 2499 propinquus
1207 2469 1259 2497 est,
1281 2465 1497 2500 interpretantur
1518 2466 1633 2501 Aquilas
1648 2469 1675 2492 et
1700 2466 1825 2502 Symma~

1028 2510 1110 2537 chus.
1121 2509 1215 2545 Neque
1230 2510 1304 2538 enim
1330 2518 1360 2539 se
1375 2511 1429 2539 nisi
1452 2511 1488 2539 ad
1503 2519 1580 2544 oves,
1606 2519 1668 2547 quae
1684 2513 1824 2547 perierant

1029 2556 1062 2584 de
1075 2556 1158 2584 domo
1177 2556 1274 2590 Israel,
1293 2557 1412 2585 missum
1439 2565 1501 2586 esse
1518 2558 1644 2585 Salvator
1666 2558 1777 2585 reticuit
1788 2558 1823 2577 "-

1032 2603 1136 2631 Scribit
1153 2603 1180 2630 in
1193 2604 1265 2631 httnc
1280 2604 1392 2632 modum
1406 2609 1538 2639 praeterea
1552 2609 1579 2633 et
1593 2604 1713 2632 Paulus:
1734 2614 1743 2631 ι
1758 2605 1824 2632 Dico

1032 2652 1105 2680 enim
1118 2651 1259 2679 Christum
1274 2651 1368 2680 Jesum
1388 2653 1545 2681 ministrum
1570 2653 1658 2680 fuisse
1680 2652 1825 2680 circumci-

1033 2698 1121 2726 siouis
1137 2703 1250 2734 propter
1262 2698 1406 2726 veritatem
1422 2698 1483 2733 Dei,
1514 2703 1544 2726 ut
1559 2698 1738 2726 conﬁrmaret
1765 2705 1826 2733 pro-

1315 2833 1337 2848 ”
1352 2831 1432 2859 Prov.
1451 2841 1496 2866 xv,
1513 2833 1557 2861 55.
1597 2833 1618 2849 "
1633 2831 1716 2861 Prov.
1734 2841 1761 2865 Χ,
1779 2832 1824 2860 27.

193 2866 216 2883 θ’
231 2864 348 2895 Malach.
364 2873 382 2898 ι,
403 2866 446 2893 10.
484 2866 508 2882 ⁹³
524 2866 590 2894 ibid.
609 2867 653 2894 Η.
691 2866 715 2883 ’⁵
728 2866 790 2894 Act.
807 2874 844 2899 Ix,
863 2867 890 2894 2.
930 2866 978 2894 ".I

1031 2879 1044 2895 ι.
1062 2875 1106 2899 sv,
1119 2867 1164 2895 96.
1201 2867 1224 2884 "
1242 2866 1337 2897 Matth.
1351 2868 1450 2900 “,24.
