1988 3079
158 110 229 142 2615

807 113 983 144 PROCOPII
999 113 1120 146 GAZ/EI

1722 115 1791 149 2616

160 166 307 194 missiones
323 171 450 201 patrum;
474 170 570 202 gentes
591 171 684 195 autem
707 172 819 202 propter
848 167 955 195 miscri-

1008 168 1097 201 ἐλέους
1111 169 1223 201 δοξάσαι
1247 169 1295 196 τὸν
1316 169 1393 196 Θεὸν.
1411 177 1420 195 ι
1436 169 1505 196 Φασὶ
1529 169 1558 196 δέ
1581 177 1669 202 τινες·
1685 170 1793 206 ’Ὠσπερ

158 212 281 240 cordlam
296 211 483 248 gloriﬁcarent
506 211 592 240 Deum
607 213 658 240 ⁸⁷.»
689 214 776 240 Aiunt
799 221 864 241 vero
881 220 950 241 non-

160 257 229 285 nulli
249 277 258 289 ,
288 256 518 292 quemadmodum
547 259 675 293 superius
684 257 719 291 ",
739 262 886 294 postquam
902 258 951 286 im

161 304 294 332 adversus
323 303 434 332 Judteos
460 304 659 338 meminisset,
687 309 715 333 et
752 305 952 334 misericordia

162 355 257 384 postea
270 351 435 378 mentionem
449 351 560 384 fecisse,
570 358 632 379 cum
648 351 840 379 misericordia
852 352 952 380 contir-

162 404 253 424 masso
267 404 297 424 se
316 396 386 424 dixit
399 405 406 424 :
419 397 459 425 sic
473 402 500 425 et
516 398 568 426 hoc
590 397 662 428 loco.
691 401 836 433 postquam
850 398 951 433 furoris

162 448 190 471 et
203 443 251 471 ira
267 443 402 476 meminit,
425 443 541 471 salutem
569 450 618 479 per
641 442 780 471 Christum
807 443 951 478 adjecisse,

163 496 226 517 cum
255 493 393 516 venturum
408 496 467 515 cum
487 487 631 516 aﬂlrmavit
654 492 760 523 propter
778 487 895 521 Sionem,
909 488 954 523 qui

164 534 280 568 liberat;
306 535 340 562 de
356 534 476 570 peccatis
491 534 675 567 nimirum,de
689 539 787 566 morte,
805 533 839 562 de
857 541 954 561 corru-

165 581 259 617 ptione
271 580 407 614 etiam,de
421 580 576 608 daemonum
594 579 739 616 tyrannide
747 579 864 616 denique
874 580 955 608 intel-

166 626 263 662 ligens.
281 624 362 653 Dicas
373 632 485 653 rursum
499 625 560 660 ipso
575 624 664 652 Sionis
681 625 803 658 nomine,
828 628 954 653 sanctam

167 670 296 699 Ecclesia:
324 670 591 698 administrationem
606 691 614 703 ,
640 670 770 706 piumque
798 670 954 698 institutum

166 716 328 752 signiﬁcari.
349 715 451 744 Verum
471 723 521 751 pro
532 724 604 752 quo:
625 715 659 743 Et
687 721 786 744 avertet
808 717 955 750 impietate:

165 763 262 796 Iacob,
275 763 427 791 habemus:
444 763 480 791 Et
495 764 528 791 iis
541 763 586 799 qui
602 764 718 790 aversati
741 763 847 799 fuerunt
864 763 957 798 impie-

167 815 250 838 tatem
262 809 357 841 Jacob.
370 810 440 838 dixit
455 810 638 846 Symmachus
650 818 659 843 ;
670 810 782 844 Aquilas
793 814 902 837 autem:
920 810 954 837 Et

997 209 1133 250 ’ἀνωτέρω
1156 213 1287 250 μνησθεὶς
1302 215 1352 250 τῆς
1374 214 1446 242 κατὰ
1468 214 1524 241 τῶν
1545 214 1682 242 Ἰουδαίων
1695 215 1792 252 ὀργῆς,

1002 260 1125 296 ὲμνήσθη
1148 260 1196 288 καὶ
1220 260 1271 295 τῆς
1294 261 1323 287 ὲν
1340 260 1465 296 ὑστέροις
1497 260 1683 296 ὲλεημοσύνης
1699 260 1794 293 εἰπὼν,

1006 316 1015 332 t
1021 305 1076 333 Καὶ
1081 307 1114 342 τῇ
1121 306 1290 342 ἐλεημοσύνη
1298 303 1386 343 ᾖὲστη
1391 306 1494 342 ρισατο·
1500 315 1510 332 ι
1519 306 1591 334 οὕτω
1597 307 1644 334 καὶ
1648 306 1696 334 νῦν
1703 306 1796 342 ὁρτὴν

1003 352 1098 386 εἰπὼν,
1121 353 1169 380 καὶ
1185 353 1293 388 θυμὸν,
1307 352 1358 387 τὴν
1378 353 1424 380 διὰ
1447 353 1567 389 Χριστοῦ
1592 353 1730 389 σωτηρίαν
1746 353 1795 380 ἔπ-

1003 399 1120 434 ήνεγκεν
1132 398 1219 425 εῑπών
1229 406 1237 414 '
1249 398 1305 426 Kal
1318 398 1383 432 ἥξει
1396 398 1501 426 ἕνεκεν
1515 398 1593 426 Σιὼν
1607 400 1623 426 ὁ
1633 399 1794 433 ῥυόμενος,

1003 444 1034 477 ἐξ
1050 444 1193 480 ἁμαρτιῶν
1207 444 1340 480 δηλονότι,
1356 443 1473 471 θανάτου
1496 452 1538 478 τε,
1556 444 1604 471 καὶ
1616 444 1732 480 φθορᾶς,
1747 444 1795 470 καὶ

1003 490 1140 526 δαιμόνων
1152 490 1304 526 ὠμότητος.
1319 490 1396 518 Σιὼν
1407 491 1437 517 δὲ
1452 489 1547 523 πάλιν,
1560 490 1591 517 τδ
1606 490 1732 522 θεοσεϐὲς
1746 491 1796 525 τῆς

1010 536 1176 572 Ἐκκλησίας
1188 537 1351 572 πολίτευμα.
1360 536 1434 563 Ἀντὶ
1447 536 1476 563 δὲ
1490 535 1549 569 τοῦ,
1561 535 1639 572 [Kal]
1648 535 1796 570 ἀποστρέ-

1004 584 1056 618 ψει
1068 583 1209 616 ἀσεϐείας
1227 583 1286 610 ἀπὸ
1306 583 1414 615 Ἰακὼϐ,
1446 583 1461 609 ὁ
1477 582 1642 618 Σύμμαχος·
1658 582 1715 610 Kal
1729 581 1792 615 τοῖς

1005 628 1237 662 ἀποστρέφου-ιν
1248 627 1392 656 ἀσέϐειαν
1399 628 1435 655 ἐν
1449 627 1563 656 Ἰακώϐ.
1579 627 1608 654 '0
1619 627 1647 655 δὲ
1661 626 1778 658 ’Δκὺλας
1786 634 1795 642 ·

1005 674 1062 702 Kal
1071 674 1134 708 τοῖς
1150 674 1384 709 ἀποστρέψῃσιν
1397 674 1527 702 ἀθεσίαν
1546 673 1581 700 ἐν
1600 672 1710 701 Ἰακώϐ.
1728 673 1798 700 Τού-

1005 729 1069 754 τοις
1079 719 1134 755 γὰρ
1147 719 1224 754 ἣξει,
1237 720 1285 747 καὶ
1297 719 1411 752 τούτους
1421 720 1558 755 ῥύσεται.
1572 719 1703 751 Ἑαυτοὺς
1715 719 1743 746 δὲ
1759 719 1796 754 μὴ

1006 766 1218 802 ἐπιστρέφοντες
1242 767 1422 794 αἰτιάσονται.
1443 766 1498 793 Kal
1524 766 1614 800 αὕτη,
1632 766 1729 801 φησὶν,
1744 766 1795 792 αὺ-

1006 812 1069 846 τοῖς
1079 812 1099 847 ἠ
1111 812 1180 847 παρ’
1191 812 1265 848 ἐμοῦ
1275 812 1414 848 διαθήκη.
1423 812 1472 845 Τίς
1480 812 1508 839 δὲ
1515 811 1620 847 αὖτηςς
1634 811 1669 839 Τὸ
1680 811 1797 845 πνεῦμα

167 857 212 891 iis,
231 858 278 892 qui
302 857 420 884 aversati
448 857 549 891 fuerint
577 856 784 884 inconstantiam
800 855 896 884 Iacob.
914 855 954 884 Iis

1008 859 1040 888 τὸ
1064 859 1150 895 ἐμόν,
1163 859 1178 888 ὅ
1199 860 1273 886 ἐστιν
1300 859 1348 886 ἰπὶ
1377 859 1456 892 σοὶ,δ
1480 858 1568 890 διδοὺς
1581 859 1638 890 τοϊς
1663 858 1798 894 μαθηταῖς

166 903 239 931 enim
255 903 349 936 veniet,
371 910 475 938 eosque
504 903 644 936 liberabit;
659 903 767 939 seipsos
791 908 894 936 autem,
909 903 957 939 qui

1008 904 1103 939 Ελεγν
1126 913 1137 931 t
1155 904 1260 932 Λάϐετε
1281 901 1394 940 Πνεῦμα
1418 903 1508 939 ἅγιον.
1529 904 1592 931 Ἐάν
1609 912 1683 936 τινος
1710 903 1797 938 ἀφῆτε

167 956 222 977 non
236 953 442 982 convertentur,
467 948 649 977 accusabunt.
665 948 700 976 Et
714 949 763 976 hoc
779 953 831 982 eu,
856 949 957 985 inquit,

1008 950 1057 982 τὰς
1087 949 1241 986 ἁμαρτίας,
1268 949 1379 985 ἀφίεται
1406 949 1493 985 αὐτῷ.
1513 959 1523 976 ι
1550 949 1636 977 Τοῦτο
1661 949 1752 976 τοίνυν
1777 948 1798 982 ὴ

166 995 204 1022 eis
220 1003 237 1022 a
264 1003 305 1023 nte
333 999 529 1022 testamentum.
559 994 703 1028 Quodnam
728 995 816 1024 vero?
840 994 957 1029 Spiritus

1008 997 1103 1033 Κοινὴ
1120 996 1263 1030 Διαθήκη,
1283 996 1331 1024 καὶ
1348 995 1397 1023 τοῦ
1411 995 1563 1031 μυστηρίου
1586 995 1617 1022 τὸ
1640 995 1798 1030 κεφάλαιον,

167 1048 251 1072 metra.
263 1040 309 1076 qui
323 1044 362 1068 ut
373 1041 402 1068 in
417 1045 441 1068 te
452 1048 462 1068 :
477 1048 559 1076 quem
573 1041 659 1076 678
671 1048 733 1069 cum
754 1041 887 1077 apostolis
904 1040 958 1067 lar-

1008 1043 1077 1079 ὂπερ
1097 1042 1172 1070 ἐστὶν
1185 1042 1220 1069 ἐν
1240 1040 1291 1069 σοὶ
1309 1039 1350 1074 τῷ
1367 1040 1516 1076 ἀτχιστεῗ,
1537 1041 1587 1067 καὶ
1607 1039 1764 1074 ῥυομένων
1775 1044 1797 1071 τ,

167 1086 284 1122 giretur,
311 1087 418 1114 aiebat:
439 1095 448 1113 ι
473 1087 597 1122 Accipite
619 1085 754 1122 Spiritum
768 1091 917 1119 sanctum;
933 1086 957 1114 si

1008 1088 1038 1116 ὄν
1058 1088 1092 1115 ἐκ
1111 1087 1163 1123 τῆς
1185 1086 1266 1122 ῥίζης
1287 1085 1408 1121 ἔφασκεν
1435 1085 1546 1118 Ἰεσσαὶ,
1575 1084 1799 1112 ἑπαναπαὺεσθαι

167 1131 213 1160 cui
222 1131 388 1160 remiseritis
399 1136 522 1167 peccata.
537 1132 714 1160 remittuntur
724 1131 758 1159 θ’.
766 1140 776 1157 ι
788 1130 861 1159 istud
874 1130 958 1166 igitur

1009 1134 1097 1169 λέγων
1112 1132 1155 1160 ἐπ’
1168 1133 1250 1160 αὑτὸν
1266 1132 1380 1168 Πνεῦμα
1391 1131 1440 1159 τοῦ
1455 1131 1534 1159 Θεοῦ.
1550 1128 1587 1159 Oi:
1610 1131 1643 1166 δὴ
1663 1130 1800 1165 μετέδωκε

168 1181 210 1204 est
225 1175 332 1203 Novum
347 1179 544 1209 testamentum,
561 1176 740 1212 mysteriique
753 1175 826 1203 illius
838 1182 958 1209 summa,

1008 1180 1065 1211 τοῖς
1084 1178 1229 1214 μαθηταῖς,
1244 1177 1282 1209 ὡς
1307 1177 1340 1204 ἂν
1363 1178 1411 1205 καὶ
1435 1177 1514 1204 αὐτοὶ
1540 1176 1680 1212 μεταδοῖεν
1696 1175 1799 1208 ἀξίους.

168 1222 242 1257 quod
255 1227 297 1250 est
318 1223 347 1250 in
362 1228 397 1255 te,
424 1223 470 1258 qui
497 1223 660 1258 propinquus
682 1231 721 1256 es,
743 1226 769 1250 et
779 1221 825 1257 qui
844 1220 958 1249 liberas:

1012 1224 1051 1253 Τὰ
1064 1223 1093 1251 δὲ
1101 1223 1231 1259 ῥήματα,
1243 1223 1261 1250 ἃ.
1269 1223 1418 1258 λελάληκεν
1426 1223 1440 1250 ὁ
1452 1222 1583 1258 Χριστὸς,
1592 1221 1720 1256 διαθήκη
1728 1231 1800 1257 μου,

168 1275 250 1304 quem
264 1276 326 1296 esse
340 1268 374 1296 de
389 1268 481 1296 radice
498 1267 584 1297 Jessa:
610 1268 680 1296 dixit
693 1269 715 1301 ',
738 1276 799 1296 cum
826 1267 958 1304 Spiritum

1010 1270 1105 1306 φησιν,
1122 1269 1194 1302 ἐστὶ,
1206 1269 1255 1296 καὶ
1271 1269 1348 1304 μένει
1361 1269 1405 1302 είς
1416 1267 1472 1296 τὸν
1486 1267 1589 1296 αιῶνα.
1605 1268 1661 1295 Καὶ
1675 1268 1689 1295 ὁ
1705 1267 1801 1303 Σωτὴρ

171 1312 279 1342 Domini
293 1320 377 1349 super
403 1321 466 1340 eum
493 1313 682 1349 requieturum
697 1311 841 1340 aiﬁrmavit
856 1321 864 1340 :
881 1312 958 1348 cujus

1010 1315 1039 1343 δὲ
1049 1315 1143 1350 ἔλεγεν
1152 1322 1159 1330 ·
1178 1324 1188 1341 t
1198 1314 1228 1343 '0
1242 1314 1368 1350 οὐρανὸς,
1381 1314 1431 1341 καὶ
1449 1314 1467 1350 ἠ
1484 1314 1521 1350 γῆ
1541 1314 1740 1349 παρελεύσεται
1751 1319 1758 1327 ·
1776 1313 1802 1340 ot

171 1359 235 1388 item
250 1365 278 1388 et
306 1360 365 1395 ipse
377 1359 533 1396 discipulos
559 1360 620 1387 idco
637 1359 787 1395 participes
812 1358 914 1392 ellecit,
932 1363 958 1387 ut

1010 1361 1039 1389 δὲ
1049 1361 1125 1397 λόγοι
1133 1369 1183 1398 μου
1196 1361 1227 1388 οὺ
1244 1361 1281 1397 μὴ
1287 1359 1637 1397 παρέλθωσιδΣαῳεστάτη
1647 1359 1737 1386 τοίνυν
1751 1358 1801 1394 τῆς

170 1404 297 1433 currulem
313 1410 340 1433 et
357 1404 410 1438 ipsi
436 1404 567 1440 deinceps
582 1405 610 1432 in
625 1404 723 1440 dignos
737 1408 765 1432 et
778 1404 958 1433 benemeritos

1009 1406 1173 1443 λυτρώσεως
1185 1405 1334 1440 ἀπόδειξις,
1346 1405 1377 1433 τὸ
1392 1405 1422 1433 ὲν
1438 1405 1546 1441 μεθέξει
1559 1404 1686 1440 γενέσθαι
1704 1404 1802 1431 Πνεύ-

171 1450 341 1479 conferrent.
364 1451 449 1478 Verba
464 1458 559 1486 porro,
569 1458 631 1486 quae
645 1451 753 1479 locutus
767 1456 809 1479 est
823 1451 958 1484 ChristusI

1008 1461 1104 1490 ματος
1127 1452 1268 1488 ἁγίουβι*
1292 1448 1324 1479 οἵ)
1338 1451 1386 1479 καὶ
1406 1451 1437 1478 τδ
1454 1451 1505 1486 τῆς
1530 1449 1667 1481 υἱοθεσίας
1689 1449 1804 1486 φέρεται

173 1501 357 1525 testamentum
372 1505 460 1524 meum
487 1501 563 1529 sunt,
590 1497 690 1533 inquit,
722 1497 750 1525 in
772 1497 958 1532 sempiternum

1011 1500 1154 1541 καύχημα,
1166 1499 1214 1527 καὶ
1236 1498 1267 1526 τὸ
1282 1497 1387 1531 λαϐεῖν,
1410 1497 1477 1533 φασι
1495 1506 1580 1530 τινες,
1596 1497 1626 1524 ὲν
1644 1496 1755 1533 γλώττῃ
1772 1495 1804 1522 τὸ

172 1544 318 1572 duratura.
350 1543 397 1571 Ait
427 1543 502 1572 enim
530 1543 605 1572 hunc
629 1544 657 1572 in
686 1543 797 1572 modttm
813 1543 960 1572 Salvator:

175 1599 186 1618 ι
202 1589 308 1619 Caium
324 1589 435 1625 quidem
451 1593 479 1618 et
493 1594 566 1618 terra
582 1589 758 1623 transibunt;
774 1590 858 1618 verba
869 1594 960 1618 autem

174 1643 235 1664 mea
247 1643 388 1671 nunquam
404 1635 568 1665 transierint
582 1636 604 1664 '.
625 1644 634 1663 ι
656 1636 705 1664 Est
723 1636 806 1672 igitur
822 1636 964 1672 apertissi-

173 1689 249 1710 mum
278 1681 474 1716 redemptionis
501 1686 715 1717 argumentum,
743 1681 847 1716 Spiritu
877 1682 963 1709 sancti

175 1728 337 1764 participem
354 1727 425 1761 ﬁeri,
454 1727 605 1764 linguaque
629 1728 687 1764 ipsa
717 1728 825 1764 (dicunt
840 1727 964 1763 quidam)

174 1774 289 1803 verbum
306 1774 429 1803 veritatis
444 1775 582 1810 accipere,
595 1779 626 1802 ut
640 1779 683 1803 est
696 1775 768 1811 apud
784 1774 900 1802 Paulum
922 1775 965 1803 his

175 1821 284 1849 verbis:
302 1829 311 1847 I
343 1820 433 1856 Prope
451 1824 478 1848 te
490 1824 533 1849 est
558 1820 683 1854 verbum,
702 1820 730 1848 in
755 1827 803 1849 ore
811 1825 867 1854 tuo,
898 1820 965 1848 etin

174 1866 261 1896 corde
286 1871 334 1895 tuo
351 1867 372 1895 ³.
400 1875 410 1893 ι
444 1866 609 1902 Accepimus
632 1866 706 1895 enim
739 1866 853 1895 verbum
890 1866 965 1901 ﬁdei,

174 1912 249 1949 quod
261 1912 410 1941 salutarem
426 1912 541 1948 iustitiae
551 1911 754 1941 confessionem
768 1912 910 1941 conciliat.
926 1912 966 1941 Ita

176 1959 425 1995 namqueimpium
440 1958 567 1988 Christus
581 1959 724 1994 ittstitirat,
744 1959 792 1996 qui
815 1967 845 1988 se
856 1959 966 1995 jamdu-

175 2006 253 2040 dum,
266 2006 354 2035 veluti
381 2006 509 2035 nebulam
531 2006 593 2042 ejus
618 2006 778 2042 iniquitates
804 2006 968 2035 abstersisse

176 2053 312 2082 clamitat.
340 2053 420 2087 Quod
447 2053 558 2089 quidem
585 2060 648 2082 cum
685 2053 713 2081 in
729 2053 808 2081 nobis
837 2057 969 2089 perpetuo

1012 1547 1089 1583 ῥῆμα
1102 1545 1154 1581 τῆς
1168 1545 1298 1578 πίστεως,
1313 1543 1425 1571 Παύλου
1444 1543 1587 1579 λέγοντοςι
1603 1552 1613 1569 ι
1631 1542 1732 1577 Ἐγγύς
1755 1550 1803 1569 σου

1011 1593 1043 1619 τὸ
1057 1591 1133 1628 ῥῆμά
1145 1591 1230 1618 ἐστιν.
1249 1589 1294 1617 Ἐν
1317 1589 1356 1626 τῷ
1371 1588 1487 1623 στόματί
1501 1597 1559 1621 σου,
1574 1588 1623 1616 καὶ
1641 1588 1670 1615 ὲν
1687 1589 1721 1624 τῇ
1738 1596 1805 1622 καρ-

1012 1638 1057 1674 δίᾳ¹
1068 1646 1126 1665 σου.
1145 1646 1155 1664 ι
1178 1636 1326 1672 Ἐλάϐομεν
1335 1636 1391 1672 γὰρ
1406 1636 1438 1663 τὸ
1458 1635 1534 1671 ῥῆμα
1548 1634 1599 1670 τῆς
1614 1635 1744 1667 πίστεως,
1756 1633 1806 1670 τὴν

1014 1684 1147 1719 σωτήριον
1169 1681 1316 1718 ὁμολογίαν
1342 1681 1518 1717 δικαιοσύνης
1538 1680 1679 1716 πρόξενον.
1700 1681 1807 1707 Δικαιοί

1013 1729 1069 1766 γὰρ
1078 1729 1151 1756 οὕτω
1167 1727 1214 1755 τὸν
1227 1727 1315 1763 ἀσεϐῆ
1337 1727 1456 1763 Χριστὸς
1470 1727 1485 1754 ό
1508 1726 1594 1754 πάλαι
1617 1726 1704 1762 βοῶν’
1720 1735 1730 1752 α
1741 1726 1806 1753 Ἀπ-

1014 1775 1116 1812 ήλειψα
1143 1774 1181 1807 ὡς
1195 1774 1312 1809 νεφέλην
1324 1773 1374 1806 τὰς
1389 1773 1505 1809 ἀνομίας
1522 1781 1580 1801 σου.
1595 1782 1606 1800 ι
1623 1773 1712 1809 Ὅπερ
1732 1772 1763 1799 ὃν
1777 1772 1806 1799 ὲν

1015 1823 1081 1859 ἡμῖν
1093 1821 1147 1855 ἀεὶ,
1159 1821 1208 1849 καὶ
1217 1821 1273 1853 τοῖς
1288 1820 1348 1857 μεθ’
1356 1819 1431 1856 ἡμᾶς
1437 1819 1655 1856 παραπέμπεται
1665 1819 1751 1852 σῶζον
1762 1817 1807 1845 ἀεὶ

1015 1869 1079 1901 τοὺς
1098 1866 1287 1899 πιστεύοντας.
1308 1866 1388 1899 Τινὲς
1412 1865 1441 1893 δὲ
1459 1865 1546 1898 οὕτως
1559 1865 1591 1893 τὸ
1622 1866 1677 1892 πᾶν
1708 1865 1808 1901 ἐξηγή-

1016 1922 1107 1942 σαντο·
1123 1913 1189 1946 Θεὸς
1203 1913 1336 1949 διαθήκην
1353 1911 1468 1948 θέμενος
1484 1911 1555 1948 πρὸς
1572 1911 1710 1947 Ἀϐραὰμ,
1725 1911 1807 1946 ἡνίκα

1016 1962 1065 1994 τὰς
1080 1961 1176 1993 θυσίας
1189 1960 1236 1987 ἐπὶ
1250 1960 1310 1992 ταῖς
1322 1958 1503 1994 ἐπαγγελίαις
1519 1958 1682 1994 πεποίηται·
1699 1958 1747 1985 καὶ
1763 1957 1808 1984 διὰ

1017 2007 1138 2040 Μωσέως
1151 2007 1180 2035 δὲ
1192 2006 1254 2034 καθ’
1263 2007 1357 2042 ὅμοιον
1366 2005 1468 2041 τρόπον
1481 2005 1668 2040 νομοθετήσας
1679 2012 1686 2020 ο
1696 2004 1744 2031 καὶ
1760 2003 1809 2031 νῦν

1017 2054 1061 2082 διὰ
1077 2053 1125 2081 τοῦ
1142 2053 1283 2090 προφήτου
1307 2051 1476 2080 διατίθεσθαι
1492 2051 1594 2085 φάσκει
1610 2051 1656 2078 διὰ
1678 2050 1733 2077 τῶν
1759 2050 1808 2077 λαο

177 2100 261 2128 situm
276 2100 323 2134 sit,
345 2100 418 2128 idem
434 2102 494 2136 ipse
508 2100 535 2128 in
549 2104 676 2136 posteros
689 2100 772 2128 etiam
786 2104 907 2134 nostros,
919 2108 956 2135 qu

1018 2100 1157 2136 λουμένων
1174 2099 1244 2135 πρὸς
1259 2098 1306 2126 τδν
1319 2098 1394 2130 λαὸν,
1407 2097 1426 2126 ἃ
1443 2098 1493 2134 τὴν
1510 2098 1588 2133 ἰσχὺν
1603 2096 1660 2130 ἕξει
1680 2097 1710 2124 οὐ
1728 2097 1808 2132 μόνον

178 2145 273 2174 ﬁdeles
300 2153 408 2181 semper
437 2149 540 2180 tuetur,
572 2145 788 2173 transmissurus
818 2149 870 2174 est.
899 2144 955 2173 Sun

1019 2146 1066 2173 ἐπὶ
1077 2144 1131 2172 τῶν
1141 2144 1295 2180 παρόντων,
1306 2143 1375 2171 ἀλλὰ
1389 2143 1502 2170 καὶτῶν
1513 2143 1662 2178 ἐσομένων,
1673 2143 1698 2169 εί
1707 2142 1810 2169 θέλοιεν

177 2200 243 2220 vero
257 2192 304 2228 qui
319 2178 405 2220 totum
419 2191 460 2220 sic
474 2178 623 2227 explicent,
643 2196 673 2219 ut
686 2190 778 2220 dicant
792 2190 876 2219 Deum
895 2191 958 2219 sicu‘

1020 2193 1065 2220 διὰ
1089 2178 1233 2228 μετανοίας
1261 2190 1425 2225 ἀπαλείφειν
1451 2189 1502 2219 τὰς
1526 2189 1632 2217 ἑαυτῶν
1659 2188 1808 2224 ἁμαρτίας.

179 2237 245 2266 olim
257 2237 348 2265 {tellus
365 2237 467 2273 pepigit
479 2245 541 2266 cum
556 2237 724 2270 Abrahamo,
740 2245 800 2265 cum
817 2237 921 2266 hostias
939 2238 958 2265 ir

1022 2238 1100 2265 Οὕτω
1114 2238 1169 2272 γὰρ
1182 2235 1249 2267 Θεὸς
1262 2235 1311 2267 τὰς
1322 2233 1489 2269 ὲπαγγελίας
1502 2232 1612 2269 πληροῖ,
1632 2231 1811 2269 μετανοοῦσιν

181 2285 397 2321 promissionum
413 2285 528 2321 gratiam
546 2284 662 2313 obtulit‘
678 2291 686 2318 ;
704 2288 734 2312 ut
759 2284 846 2320 legent
870 2285 958 2314 deindt

1022 2287 1073 2314 οὐκ
1083 2284 1204 2317 ἀναξίοις
1216 2282 1315 2314 διδούς.

181 2331 263 2359 simili
275 2331 382 2359 ratione
397 2337 446 2366 per
466 2330 558 2359 Mosen
583 2330 705 2364 tradidit,
723 2331 761 2359 ita
783 2331 865 2360 etiam
886 2340 959 2361 nunc
978 2341 1026 2370 per
1056 2331 1215 2368 prophetam
1237 2331 1401 2356 testamento
1425 2334 1455 2355 se
1489 2333 1551 2354 cum
1573 2325 1674 2361 populo
1709 2322 1811 2359 pacisci

182 2378 275 2407 verbis
298 2378 360 2406 istis
380 2377 547 2414 signiﬁcare,
568 2384 630 2413 quae
663 2377 718 2405 vim
754 2386 844 2411 suam,
868 2387 1005 2417 suumque
1023 2382 1120 2412 robur,
1143 2385 1198 2406 non
1218 2376 1272 2404 ista
1300 2375 1402 2409 solum,
1424 2373 1472 2403 sed
1496 2373 1589 2401 futura
1612 2373 1694 2401 etiam
1721 2375 1811 2402 atate,

183 2426 309 2454 habitura
338 2425 394 2454 sint
418 2425 442 2453 si
473 2425 559 2453 velint
587 2429 699 2461 peccata
728 2432 778 2453 sua
805 2426 975 2461 paenitudine
994 2428 1175 2463 abstergere.
1198 2424 1236 2452 Ita
1255 2422 1329 2451 enim
1353 2421 1438 2449 Deum
1484 2427 1545 2456 qua:
1574 2419 1612 2448 sit
1651 2418 1813 2455 pollicitus.

182 2477 328 2510 praestare,
339 2472 537 2509 paenitentibus
554 2472 695 2506 nimirum,
710 2476 738 2500 et
752 2472 853 2508 dignis.

502 2520 579 2548 CAP.
594 2519 651 2548 LX.

1323 2511 1449 2540 ΚΕΦΑΛ.
1474 2509 1511 2537 Ξ’.

212 2567 392 2604 679-680
398 2566 958 2601 VsnsJ£2.Illuminare,illuminare,1eru

1061 2564 1147 2600 α-κβ”.
1163 2560 1302 2593 Φωτίζου,
1323 2557 1462 2594 φωτίζον,
1489 2555 1701 2604 Ἰερουσαλήμ.
1716 2554 1815 2604 Γξικει

187 2615 350 2647 mlem,venit
362 2615 431 2643 enim
439 2614 525 2642 lumen
536 2619 647 2648 luum,et
657 2614 744 2650 gloria
755 2614 863 2642 Domini
868 2619 958 2649 superi

1024 2610 1081 2646 γὰρ
1094 2617 1152 2637 σου
1164 2607 1198 2634 τὸ
1214 2605 1288 2641 φῶς,
1308 2604 1357 2631 καὶ
1374 2604 1393 2638 ὴ
1408 2602 1484 2635 δόξα
1500 2602 1609 2636 Κυρίου
1620 2599 1724 2653 ἐπί-σὲ
1742 2599 1814 2653 dra-

187 2667 303 2689 ortaest.
316 2661 382 2688 Ecce
397 2661 509 2689 teneone
516 2662 634 2696 operient
644 2665 752 2695 terram,
763 2666 789 2689 et
803 2661 889 2696 caligo
898 2667 958 2695 rupe

1025 2644 1179 2684 τέταλκεν.
1189 2651 1267 2681 Ἰδοὺ
1280 2650 1391 2682 σκότος
1403 2648 1534 2683 καλύψει
1546 2646 1616 2683 γῆν,
1632 2645 1684 2674 καὶ
1701 2644 1815 2681 γνόφος

241 2720 262 2735 ⁸⁷
280 2719 356 2746 Ποιυ.
373 2727 417 2752 xv,
430 2719 456 2746 8.
486 2719 509 2735 ³³
524 2718 577 2747 lsa.
593 2726 620 2751 1.,
638 2718 650 2745 Ι
668 2725 745 2754 seqq.
796 2718 820 2734 θ’
834 2716 914 2745 Joan.
936 2724 982 2749 xx,
996 2714 1042 2742 ‘22.
1096 2713 1104 2728 ¹
1120 2710 1174 2739 lsa.
1189 2717 1229 2743 ιιι,
1253 2709 1278 2737 i.
1337 2709 1348 2724 ¹
1360 2706 1426 2736 Luc.
1443 2713 1500 2739 xxI,
1515 2704 1559 2733 55.
1612 2703 1623 2720 ³
1641 2704 1721 2732 norit.
1744 2710 1772 2736 x,
1786 2702 1814 2729 ὃ.

191 2755 198 2770 ι
216 2754 284 2782 om
305 2755 387 2787 xm"
418 2763 494 2790 smmi
835 2798 951 2827 vitam
971 2792 1172 2826 LECTIONES.

232 2854 241 2868 ι
255 2850 386 2885 ρυομὲνῳ.
