1988 3079
140 157 210 189 2017

709 161 978 193 COMMENTARII
999 163 1039 194 IN
1056 164 1202 196 ISAIAM.

1707 166 1780 199 2618

140 212 186 239 ἐπ’
200 213 283 248 ἔθνη.
308 214 371 242 Ἐπί
394 215 429 242 δὲ
450 215 489 243 σὲ
503 215 672 251 φανήσεται
691 218 816 252 Κύριος,
833 218 884 245 καὶ
909 218 929 253 ἠ

995 224 1080 247 rentes.
1095 220 1180 255 Super
1201 226 1227 248 te
1241 225 1331 249 autent
1348 222 1485 257 apparebit
1502 222 1644 256 Dominus,
1658 228 1684 252 et
1693 224 1779 259 gloria

140 259 216 292 δόξα
229 260 324 288 αὐτοῦ
339 261 389 287 ἐπὶ
408 261 447 288 σὲ
460 261 634 296 ὀφθήσεται.
652 263 708 290 Kal
728 263 932 297 πορεύσονται

137 306 281 340 ,ϐασιλεῖς
300 306 340 339 τῷ
355 307 430 342 φωτί
445 316 515 340 σου,
533 308 583 335 καὶ
602 309 674 342 ἔθνη
690 308 728 343 τῇ
744 309 935 343 λαμπρότητι

141 359 212 381 σου.
224 350 320 387 Ἀρον
331 354 437 387 κύκλῳ
449 354 521 387 τοὺς
538 354 714 390 ὀφθαλμούς
726 362 797 387 σου.
822 355 872 382 καὶ
889 355 935 382 Ζδσ

142 399 320 434 συνηγμένα
334 400 371 427 τὰ
397 400 489 428 τέκνα
514 408 584 428 σου.
609 400 682 428 Ἰδοὺ
703 401 797 436 ﬁxam
822 400 935 435 πάντες

141 447 169 472 οὶ
189 446 250 473 vlol
269 454 327 473 σου
352 447 514 482 μακρόθεν.
546 446 597 474 καί
628 448 659 475 al
687 446 848 483 θυγατέρες
874 456 934 475 σου

142 491 190 518 ἐπ’
219 491 306 527 ὤμων
340 492 537 527 ἀρθήσονται.
570 494 640 521 Τότε
671 493 744 528 ὄψῃ,
764 493 815 521 καί
840 495 936 529 φοϐη-

143 536 236 572 θήσῃ,
259 538 307 565 καὶ
331 538 471 574 ἐκστήσῃ
501 538 541 573 τῇ
574 539 698 574 καρδίᾳ,
723 539 770 567 ὅτι
807 541 935 575 μεταϐα-

141 582 194 610 λεῖ
212 584 257 617 εις
276 583 315 610 σὲ
336 583 470 618 πλοῦτος
496 583 670 619 θαλάσσης,
690 584 741 612 καί
759 584 867 619 ἐθνῶν,
886 585 936 613 καὶ

145 628 240 661 λαῶν,
257 638 286 657 κ.
298 638 324 657 τ.
339 629 365 658 λ.

178 675 299 710 Χριστοῦ
338 675 493 712 παρουσίαν
517 675 789 712 εὖαγγελισάμενος,
809 676 936 713 πρώτους

145 720 272 756 βούλεται
296 721 460 757 μεταλαϐεῖν
483 722 569 758 αὐτῆς
583 723 647 755 τοὺς
673 722 704 757 ἐξ
727 722 846 760 Ἰσραὴλ,
866 723 938 750 κατὰ

142 767 174 795 τό
186 775 193 783 ⁸
212 777 223 795 ι
234 769 292 795 Οὐκ
305 768 466 804 ἀπεστάλην
485 769 510 795 εί
526 769 565 805 μὴ
579 769 621 801 είς
632 768 666 797 τὰ
681 769 808 805 πρόϐατα
822 768 858 796 τὰ
870 769 938 796 ἀπο-

143 813 249 842 λωλότα
263 814 340 842 οἴκου
356 814 477 850 Ἰσραήλ.
492 823 502 840 ι
523 815 555 841 Ὃ
571 815 619 841 καὶ
632 816 689 847 τοῖς
703 809 842 851 μαθηταῖς
866 823 937 850 παρ-

144 861 298 896 ήγγελλεν,
326 861 522 897 ἀπαγορεύσας
542 860 635 893 αὐτοῖς
656 861 696 893 εἰς
711 860 770 888 ὁδὸν
796 860 881 887 ἐθνῶν
898 859 937 896 μὴ

986 266 1043 300 ejus
1058 266 1086 293 in
1100 271 1124 294 te
1136 267 1277 296 uidebitur.
1296 267 1332 294 Ει
1348 267 1520 296 ambulabunt
1547 277 1620 305 reges
1634 269 1661 297 in
1680 270 1781 298 lumine

987 317 1050 345 tuo,
1073 319 1098 340 et
1123 319 1214 349 gentes
1233 315 1260 341 in
1285 315 1425 349 splendore
1436 321 1492 343 tuo.
1512 316 1580 344 Lena
1609 318 1636 345 in
1666 319 1781 346 circuitu

987 359 1078 386 oculos
1095 364 1166 392 tuos,
1186 364 1212 387 et
1239 359 1297 387 ride
1315 369 1404 388 omnes
1421 368 1592 397 congregatos
1615 363 1686 397 ﬁlios
1710 369 1780 393 tuos.

987 404 1055 432 Ecce
1069 410 1295 434 ueneruntomnes
1321 408 1372 442 ﬁlii
1386 408 1425 434 tui
1447 408 1480 435 de
1497 409 1583 444 longe,
1607 414 1634 437 et
1652 410 1782 445 ﬁliwluw

986 458 1065 485 super
1079 451 1201 480 humeros
1216 455 1406 486 portabuntur.
1429 455 1500 482 Tunc
1513 455 1624 488 videbis,
1639 461 1665 483 et
1681 456 1782 491 gaude-

987 497 1037 529 bis,
1053 502 1078 524 et
1093 497 1207 531 timebis,
1220 503 1244 526 et
1265 499 1382 534 stupebis
1409 500 1499 534 corde,
1522 501 1648 536 quoniam
1667 502 1782 537 transfe-

987 546 1080 568 rentur
1095 542 1122 569 in
1144 547 1168 570 Ie
1191 542 1292 570 divitia:
1315 543 1408 577 maris,
1433 549 1457 572 et
1473 545 1603 581 gentium,
1623 550 1649 574 et
1671 547 1784 582 popula-

989 595 1059 619 rum,
1078 593 1131 616 etc.

1022 678 1104 713 681
1123 677 1230 706 Christi
1246 678 1365 706 adventu
1383 679 1559 713 denuntiato,
1589 681 1651 716 ejus
1664 681 1783 717 primum

990 723 1048 752 ﬁeri
1078 725 1228 760 participes
1256 725 1395 754 lsraelitas
1422 727 1563 760 postulat,
1586 727 1666 762 juxta
1695 729 1783 757 illud:

991 779 1002 797 ι
1018 770 1077 798 Νοιι
1094 778 1154 798 sum
1186 771 1302 803 missus,
1327 771 1381 800 nisi
1398 772 1433 799 ad
1459 779 1526 801 oves
1552 781 1614 808 quae
1643 774 1786 810 perierunt

988 815 1088 844 domus
1105 814 1191 844 Israel
1206 816 1229 843 ⁸.
1252 825 1262 842 ι
1281 815 1361 849 Quod
1376 816 1511 851 apostolis
1537 817 1619 846 etiam
1647 818 1788 854 signiﬁca-

988 860 1047 894 vit,
1063 869 1126 889 cum
1144 869 1179 890 ne
1205 862 1233 889 in
1257 861 1328 889 viam
1351 862 1473 898 gentium
1507 862 1625 896 abirent,
1652 872 1740 900 neque
1756 866 1787 894 in

144 908 320 944 πορεύεσθαι.
350 908 419 944 μηδὲ
445 908 485 940 είς
516 907 596 935 πόλιν
629 907 818 943 Σαμαρειτῶν.
841 907 873 934 Οἳ
890 907 938 934 καὶ

995 907 1116 936 civitates
1128 907 1377 941 Samaritanorum,
1402 909 1566 944 praecepit“.
1607 909 1660 943 Qui
1691 914 1718 938 et
1733 910 1786 946 ipsi

144 953 239 989 ἔλεγον
249 963 256 970 ·
269 964 279 980 ι
289 954 370 990 ’Υμῐν
382 951 417 989 ἦν
429 953 539 989 πρῶτον
550 954 698 988 ἀναγκαίαν
710 952 882 988 κηρυχθῆναι
892 952 938 979 τὸν

144 999 252 1034 λόγον.)
267 999 384 1034 Χριστὸς
398 999 427 1026 δὲ
436 997 471 1034 ἦν
483 991 517 1026 τὶ)
529 998 604 1034 φῶς.
619 999 666 1026 καὶ
683 1000 700 1034 ὴ
715 998 842 1034 ἀλίλθεια,
861 999 909 1025 καὶ
920 999 937 1034 ἡ

144 1046 203 1081 ζωὴ
216 1067 224 1079 ,
253 1046 301 1073 καὶ
326 1046 361 1074 τὸ
384 1045 478 1081 gstitat?
492 1045 522 1073 τδ
544 1046 662 1080 φωτίζον
682 1045 771 1072 πάντα
794 1045 939 1080 ἄνθρωπον

143 1093 294 1128 ἐρχόμενον
316 1092 356 1125 είς
376 1093 423 1120 τὸν
446 1087 567 1128 κόσμον·
590 1091 621 1125 ἐξ
650 1089 682 1119 οὗ
712 1092 762 1128 τὴν
791 1091 940 1126 Ἰερουσα-

142 1140 220 1173 λὴμ,
236 1138 358 1174 δηλονότι
375 1139 438 1170 τοὺς
460 1137 563 1174 ταύτης
572 1138 733 1174 οἰκήτορας,
752 1137 940 1173 φωισθῆνιιι

145 1184 345 1220 προτρέπεται,
361 1183 447 1219 αὐτῆς
459 1192 489 1210 τε
506 1181 578 1211 εἷναί
592 1193 660 1220 φησι
674 1184 892 1220 προηγουμένως
906 1183 940 1211 τὸ

143 1230 223 1266 φῶς,
241 1230 286 1257 διά
298 1239 328 1257 τε
350 1230 400 1265 τὴν
416 1230 586 1265 ἐπαγγελίαν
609 1230 664 1257 τῶν
688 1230 826 1266 πατέρων,
848 1229 896 1257 καὶ
908 1229 940 1256 τὸ

144 1277 182 1303 τὰ
195 1275 262 1311 περὶ
276 1274 395 1312 Χριστοῦ
416 1274 505 1312 ταύτῃ
524 1275 601 1312 παρὰ
618 1275 674 1302 τῶν
697 1275 846 1311 προφητῶν
857 1283 940 1310 κεκη-

145 1321 258 1358 ρῦχθαι.
276 1321 326 1348 Διὰ
341 1321 422 1348 τοῦτο
436 1322 492 1357 γὰρ
509 1321 560 1356 οὐχ
575 1321 671 1353 ἁπλῶς
686 1321 745 1356 φῶς
765 1318 853 1354 εἴπεν,
872 1321 941 1348 ἀλλὰ

143 1368 182 1395 τὸ
198 1368 267 1403 φῶςῗ
281 1367 466 1404 ἁναφορικῶς,
478 1364 564 1402 οὗπερ
583 1368 608 1394 εἰ
622 1367 748 1404 μετέσχε,
763 1367 898 1403 διέμεινεν
909 1367 943 1395 ἂν

143 1415 179 1441 ὲν
203 1414 299 1449 εἰρήνῃ
317 1413 399 1449 μέχρι
425 1413 536 1445 παντδς,
553 1413 624 1439 κατὰ
644 1413 691 1440 τό·
707 1422 717 1439 ι
737 1413 770 1440 El
786 1412 873 1448 ἔγνως
895 1412 943 1440 καὶ

144 1461 184 1487 σὺ
199 1460 233 1486 τὰ
248 1458 317 1495 πρὸς
329 1459 452 1494 εἰρήνην.
467 1467 477 1485 ι
493 1458 584 1494 Αὐτῆς
594 1458 622 1485 δὲ
640 1458 678 1494 μὴ
693 1458 856 1494 δεξαμένης,
882 1458 943 1485 ἑπι-

989 961 1100 989 quoque
1127 952 1231 981 Judaeis
1259 953 1378 988 primum
1402 954 1454 982 sibi
1487 955 1646 984 necessario
1670 957 1786 984 verbum

987 1006 1050 1027 esse
1061 999 1291 1034 promulgandum
1301 1000 1458 1028 docuerunt
1470 1000 1494 1028 ".
1508 1000 1573 1029 Erat
1583 1009 1647 1030 vero
1658 1002 1787 1032 Christus

990 1044 1051 1080 ipse
1065 1045 1165 1078 lumen,
1194 1049 1222 1073 et
1242 1045 1356 1079 veritas,
1377 1050 1405 1074 et
1423 1045 1498 1073 vita:
1521 1045 1636 1081 Lumen,
1661 1048 1786 1084 inquam,

993 1090 1092 1125 «quod
1110 1090 1250 1118 illuminat
1281 1098 1389 1119 omnem
1416 1092 1556 1121 hominem
1579 1094 1732 1122 venientem
1760 1095 1787 1122 in

991 1134 1064 1162 hunc
1076 1136 1210 1164 mundttm
1221 1136 1251 1169 ';
1265 1145 1275 1163 ι
1294 1144 1350 1172 quo
1358 1136 1510 1165 Jerusalem
1520 1137 1619 1174 ipsam,
1634 1139 1659 1166 id
1673 1145 1714 1168 est
1728 1140 1788 1175 ejus

991 1180 1107 1214 incolas,
1127 1182 1278 1210 illuminari
1294 1183 1417 1218 postulat
1438 1183 1486 1219 qui
1497 1183 1686 1219 principaliter
1700 1185 1789 1213 lumen

991 1231 1048 1261 est;
1065 1227 1123 1255 sive
1132 1227 1166 1255 ad
1177 1232 1287 1263 patrum
1299 1228 1509 1263 promissionem
1525 1229 1675 1264 respicias;
1688 1231 1746 1258 sive
1756 1231 1790 1258 ad

991 1280 1034 1304 ea.
1051 1281 1112 1308 quae
1127 1281 1177 1309 per
1191 1273 1341 1309 prophetas
1354 1274 1391 1301 ita
1415 1274 1450 1302 de
1463 1274 1576 1303 Christo
1592 1275 1666 1303 dicta
1686 1280 1752 1304 sunt
1764 1281 1791 1304 et

992 1318 1176 1354 promulgata.
1195 1318 1236 1346 0b
1262 1318 1288 1346 id
1303 1319 1377 1346 enim
1394 1326 1449 1346 non
1467 1319 1641 1355 simpliciter,
1655 1321 1703 1349 sed
1719 1322 1792 1349 rela-

994 1364 1049 1392 tive
1063 1364 1153 1392 lumen
1167 1365 1335 1400 appellavit;
1362 1366 1444 1401 cujus
1467 1367 1490 1394 si
1515 1366 1654 1403 particeps
1683 1367 1791 1401 luisset.

993 1417 1088 1446 pacem
1109 1410 1251 1439 habuisset
1267 1417 1445 1448 perpetuam,
1457 1411 1537 1447 juxta
1554 1412 1623 1440 illud
1641 1422 1649 1442 :
1669 1422 1679 1439 ι
1696 1414 1726 1441 Si
1743 1421 1792 1442 co-

998 1454 1145 1489 gnovisses
1157 1458 1185 1483 et
1199 1459 1229 1482 tu
1257 1463 1319 1491 qua:
1333 1456 1410 1492 pacis
1422 1457 1518 1484 sunt'.
1540 1465 1550 1483 ι
1577 1456 1630 1486 Sed
1650 1458 1715 1493 quia
1731 1465 1792 1485 eam

143 1506 245 1542 φέρεν
258 1516 267 1532 ι
282 1505 339 1532 Νῦν
351 1504 379 1531 δὲ
389 1504 502 1540 ἥξουσιν
518 1503 622 1539 ἡμέραι
635 1503 682 1531 ἐπὶ
697 1504 741 1536 ob,
756 1513 765 1530 ι
781 1503 829 1530 καὶ
843 1503 878 1531 τὰ
895 1504 942 1539 ὲφ-

995 1508 1051 1528 non
1068 1500 1192 1533 admisit,
1219 1501 1329 1530 intulit:
1349 1510 1359 1528 ι
1389 1502 1470 1531 Nunc
1495 1507 1587 1531 autem
1610 1504 1721 1532 venient
1734 1503 1794 1532 dies

144 1552 224 1587 εξῆς.
240 1551 338 1580 Πασῶν
352 1561 384 1579 τε
404 1551 459 1578 τῶν
472 1550 520 1577 νῦν
536 1549 692 1586 λεγομένων
713 1549 843 1582 ἐξέπεσεν
857 1551 942 1584 ἑπαγ-

996 1546 1024 1574 in
1053 1551 1079 1574 te
1097 1547 1130 1579 ¹⁰,
1150 1555 1160 1573 ι
1193 1552 1220 1575 et
1242 1555 1303 1583 quas
1327 1548 1467 1585 deinceps.
1503 1548 1562 1577 lino
1587 1554 1616 1578 et
1652 1551 1795 1584 omnibus,

146 1583 262 1634 γέλιῶν,
276 1599 305 1625 αἶ
324 1597 395 1633 τάχα
412 1597 446 1625 ἂν
469 1597 540 1632 αὐτῇ
554 1583 680 1631 ἐγένοντο
700 1595 748 1622 καὶ
766 1595 940 1630 σωματικῶς.

996 1600 1058 1628 qua:
1068 1593 1236 1621 adhibentur
1250 1593 1304 1622 hoc
1315 1594 1389 1626 loco.
1412 1583 1647 1630 promissionibus
1677 1583 1795 1632 excidit;

150 1646 186 1672 Ἀ
192 1653 230 1680 μα
243 1652 274 1671 τε
287 1643 342 1679 γὰρ
357 1643 411 1671 τοῦ
423 1642 531 1678 φωτὸς,
544 1641 592 1669 καὶ
607 1640 711 1669 τούτων
731 1640 888 1677 ἐστέρηντο.
906 1640 942 1667 Τὸ

995 1639 1096 1674 quibus
1123 1639 1241 1668 fortasse
1264 1641 1451 1676 corporaliter
1478 1641 1599 1677 potitura
1623 1642 1722 1670 fuerat.
1747 1642 1796 1670 Est

152 1692 181 1720 δὲ
201 1691 403 1726 Ἰερουσαλὴμ
417 1691 449 1718 οὐ
462 1690 552 1717 κεῖται
566 1688 643 1725 παρὰ
653 1689 710 1719 τοῖς
723 1687 824 1720 ἄλλοις.
845 1687 915 1714 Ἀλλ’
931 1687 942 1714 ό

995 1685 1070 1713 enim
1092 1693 1155 1713 cum
1177 1686 1278 1714 lumine
1301 1691 1330 1714 et
1349 1687 1411 1715 istis
1434 1695 1545 1723 quoque
1561 1688 1678 1723 privata.
1703 1687 1797 1724 Neque

153 1738 205 1774 μὲν
218 1737 347 1769 Ἀκύλαςὶ
354 1736 527 1770 Ἀνάστηθι,
544 1734 683 1770 φωτίζον,
694 1733 787 1772 φησὶν,
797 1733 842 1760 ὅτι
852 1731 942 1769 ἦλθεν

996 1739 1063 1759 vero
1078 1731 1230 1760 Jerusalem
1251 1731 1323 1768 apud
1341 1733 1405 1760 illos
1427 1734 1563 1768 reperias,
1577 1741 1639 1761 cum
1662 1734 1796 1770 Exsurge.

151 1783 217 1820 φῶς
233 1791 302 1811 σου.
319 1783 375 1810 Καὶ
389 1782 538 1818 Σύμμαχος
552 1781 663 1817 ὁμοίως,
679 1780 728 1807 καὶ
738 1780 770 1806 τὸ
788 1779 942 1815 Ἐϐραῖκδν,

998 1777 1169 1811 illuminare,
1195 1779 1324 1813 quoniam
1349 1779 1419 1806 venit
1453 1779 1543 1807 lumen
1576 1784 1653 1807 tuum
1676 1780 1797 1808 habeant

152 1831 192 1861 ὼς
204 1826 275 1856 εἶναι
288 1829 335 1856 τὸν
350 1828 430 1863 λόγον
449 1827 518 1863 πρὸς
531 1827 595 1860 τοὺς
610 1825 791 1862 δεδεγμένους
805 1825 852 1853 τὸν
872 1826 942 1862 είρη-

998 1825 1113 1860 Aquilas
1132 1829 1160 1853 et
1195 1824 1391 1861 Symmachus,
1416 1825 1534 1862 ipsaque
1565 1827 1634 1854 adeo
1659 1826 1796 1854 Hebraica

156 1875 238 1910 μένον
256 1874 407 1910 λυτρωτὴν,
421 1874 439 1910 ἢ
457 1873 601 1910 ἁγχιστέα,
615 1872 663 1905 οὓς
686 1872 779 1907 ἔλεγεν
798 1871 828 1906 ἐξ
852 1872 942 1900 ἀνατο-

999 1871 1104 1905 lectio;
1121 1875 1152 1898 ut
1167 1879 1259 1899 sermo
1275 1871 1312 1900 sit
1323 1872 1357 1899 ad
1375 1880 1438 1905 eos.
1451 1873 1496 1907 qui
1509 1872 1613 1900 dictum
1632 1872 1798 1907 Redempto-

154 1920 211 1949 λῶν
224 1920 273 1948 καὶ
286 1920 397 1956 δυσμῶν
406 1919 527 1956 τοῦνομα
542 1919 647 1955 Κυρίου
660 1917 880 1954 φοϐηθήσεσθαι.

1001 1925 1071 1951 rem,
1086 1917 1128 1945 vel
1152 1917 1276 1945 vicinum
1293 1918 1468 1953 exceperint;
1494 1926 1563 1953 quos
1583 1919 1711 1954 superius
1728 1918 1748 1933 "
1764 1918 1799 1946 ab

1001 1962 1062 1998 ipso
1075 1962 1143 1991 solis
1158 1966 1221 1990 ortu
1237 1966 1265 1991 et
1292 1969 1395 1991 occasu
1408 1971 1510 1992 nomen
1533 1963 1642 1992 Domini
1659 1963 1800 1992 dixitesse

1001 2009 1211 2038 formidaturos.

1020 2054 1162 2090 68211οε
1169 2056 1252 2092 igitur
1259 2060 1385 2084 sanctum
1393 2059 1435 2083 est
1441 2059 1469 2084 et
1480 2055 1554 2092 pium
1564 2055 1625 2083 vita:
1631 2055 1798 2088 institutum.

158 2102 239 2136 Θεοῦ,
251 2102 299 2129 καὶ
317 2100 529 2136 Ἰερουσαλήμ.
546 2099 615 2135 Παρ’
626 2099 695 2135 αὐτῇ
709 2098 763 2134 γὰρ
778 2097 876 2136 πρώτῃ
890 2107 942 2125 συν·

1003 2101 1076 2137 quod
1088 2101 1225 2129 civitatem
1242 2101 1301 2135 Dei,
1314 2106 1341 2129 et
1353 2101 1511 2129 Jerusalem
1522 2101 1689 2137 appellavit;
1705 2101 1733 2128 in
1745 2109 1800 2137 qua

160 2149 254 2177 ίστατο
266 2147 415 2185 προφητῶν
427 2155 458 2173 τε
483 2145 533 2172 καὶ
545 2144 682 2172 θεοσεϐῶν
693 2144 846 2180 ἀνθρώπων
859 2143 940 2179 χορός

1003 2147 1122 2184 primum
1144 2147 1228 2183 cmpit
1260 2147 1458 2183 prophetarum
1489 2148 1653 2183 piorumque
1678 2147 1800 2175 virorqu

159 2196 192 2223 Οἳ
207 2195 241 2231 δὴ
255 2195 304 2230 τὴν
320 2193 474 2229 παρουσίαν
485 2192 530 2220 ἀεὶ
546 2191 753 2228 προσδοκῶντες
764 2190 893 2226 Χριστοῦ,
907 2190 942 2216 eo

1004 2194 1108 2222 chorus
1141 2193 1269 2227 institui;
1303 2193 1350 2229 qui
1381 2193 1485 2222 Christi
1514 2193 1661 2221 adventum
1693 2201 1803 2229 semper

161 2242 220 2277 βίον
231 2241 418 2276 κατέστρεφον
430 2239 609 2274 διακείμενοι,
623 2237 661 2269 ὠς
676 2237 724 2265 καὶ
740 2237 822 2273 μέχρι
836 2236 942 2264 θανάτοι

1004 2244 1208 2276 exspectantes,
1221 2247 1282 2268 eam
1296 2240 1378 2268 etiam
1388 2240 1532 2268 moriendo
1549 2239 1802 2268 ﬁdeiconstantiam

160 2288 351 2322 καταϐήσεται
367 2285 413 2313 διὰ
423 2285 475 2321 τὴν
487 2284 578 2312 αὐτῶν
593 2283 760 2320 ἐλευθερίαν.
773 2284 855 2311 Ὅθεν
868 2283 906 2315 ώς
920 2283 942 2310 ἐι

1006 2287 1191 2319 retinuerunt,
1203 2290 1233 2313 ut
1246 2293 1303 2314 sum
1314 2286 1451 2314 libertatis
1460 2287 1614 2314 asserenda!
1625 2286 1712 2322 gratia
1730 2293 1803 2313 mor-

160 2334 266 2367 σκότῳ
280 2332 448 2368 καθημένοις
473 2330 528 2357 τοῦ
557 2330 655 2365 φωτὸς
677 2328 797 2365 Χριστοῦ
818 2328 868 2364 τὴν
884 2337 940 2364 παρ

1005 2338 1060 2361 tcm
1072 2333 1230 2362 subiturum
1250 2340 1312 2361 esse
1341 2340 1397 2360 non
1413 2333 1598 2368 ambigerem.
1623 2334 1713 2368 Atque
1740 2332 1804 2360 inde

161 2381 258 2407 ουσίαν
268 2378 487 2414 εὐαγγελίζεται,
500 2376 538 2408 ὡς
553 2376 622 2412 πρδς
635 2377 668 2412 τῇ
689 2375 786 2411 πρώτῃ
805 2374 942 2411 παρουσίᾳ

1004 2384 1057 2413 est,
1084 2379 1158 2414 quod
1193 2378 1281 2414 ipsis,
1312 2384 1445 2414 tanquam
1474 2379 1502 2406 in
1539 2378 1652 2406 tenebris
1678 2377 1803 2409 sedeant,

161 2427 211 2454 καὶ
223 2427 257 2462 τῇ
275 2425 391 2461 δευτέρᾳ
403 2424 450 2451 τὸν
465 2423 545 2458 λόγον
563 2423 721 2458 ἁρμόττειν,
735 2422 801 2458 περὶ
810 2419 845 2458 ἧς
862 2422 942 2457 ἔλεγε

1004 2426 1113 2454 luminis
1126 2425 1230 2454 Christi
1246 2425 1393 2453 adventum
1406 2425 1572 2453 denuntiat:
1589 2429 1618 2452 ut
1637 2424 1726 2458 primo
1748 2431 1803 2451 non

162 2473 178 2499 ὁ
201 2472 313 2508 Σωτήρ·
337 2481 346 2497 ι
368 2471 424 2498 Καὶ
441 2469 553 2505 ὄψονται
579 2468 625 2496 τὸν
650 2468 714 2495 Υίδν
741 2467 788 2495 τοῦ
808 2466 942 2503 ἀνθρώπω

1007 2470 1097 2498 solum
1112 2470 1252 2503 adventui,
1268 2470 1316 2498 sed
1332 2470 1411 2498 alteri
1433 2470 1515 2498 etiam
1533 2468 1681 2497 conveniat
1700 2467 1805 2499 oratio,

163 2519 315 2555 ἐρχόμενον
331 2517 379 2544 ἐπὶ
404 2516 459 2544 τῶν
478 2515 599 2551 νεφελῶν
619 2514 667 2542 τοῦ
683 2513 810 2551 οὐρανοῦ,
827 2523 838 2541 t
854 2513 902 2541 καὶ
922 2521 942 2540 τι

1008 2516 1044 2544 de
1058 2524 1114 2552 quo
1132 2521 1198 2544 sunt
1218 2516 1272 2544 ista
1290 2516 1461 2544 Salvatoris:
1479 2525 1489 2542 ι
1506 2517 1539 2543 Et
1558 2514 1690 2542 videbunt
1705 2513 1804 2542 Filium

163 2565 231 2600 ἑξῆς
242 2574 248 2581 -
262 2565 290 2591 ὲν
303 2562 347 2596 οἷς
365 2563 429 2595 τοὺς
459 2561 595 2597 ἀγγέλους
618 2561 743 2595 συνάξειν
758 2560 832 2596 λέγει
856 2568 942 2587 παντα

1010 2562 1131 2591 hominis
1147 2562 1304 2591 venientem
1319 2563 1347 2590 in
1363 2562 1484 2590 nubibus
1498 2561 1561 2590 C(BIl
1576 2561 1610 2594 ",
1625 2569 1635 2587 ι
1653 2565 1806 2595 caeteraque

196 2056 232 2084 Τὸ
247 2053 295 2084 οὖν
308 2054 436 2088 θεοσεϐὲς
452 2053 533 2082 τοῦτο
547 2053 711 2088 πολίτευμα,
728 2052 806 2085 πόλις
825 2051 952 2080 καλεῖται

165 2611 247 2646 χόθεν
261 2610 326 2642 τοὺς
336 2608 492 2642 έκλεκτούς,
514 2608 570 2635 Καὶ
583 2607 665 2635 πάλιν
675 2615 683 2624 '
700 2607 802 2634 ι”Οταν
816 2606 846 2633 δὲ
861 2605 926 2642 ἔλθῃ
944 2606 959 2633 ό

167 2656 234 2690 Υἱὸς
254 2656 301 2683 τοῦ
316 2655 461 2691 ἀνθρώπου
475 2655 505 2681 ὲν
527 2655 560 2689 τῇ
582 2653 647 2690 δόξῃ
671 2652 786 2680 αὐτοῦ.»
811 2650 879 2679 Εἷτα
895 2653 961 2689 περὶ

167 2703 332 2739 διακρίσεως
348 2701 468 2729 εὐσεϐῶν
480 2709 510 2728 τε
531 2700 616 2735 λέγει,
639 2700 688 2727 καὶ
699 2699 824 2732 ἀσεϐῶν,
839 2699 877 2732 ὡς
894 2708 962 2735 προ-

169 2750 260 2778 ϐάτων
276 2750 325 2778 καὶ
351 2750 464 2786 ἐρίφων,
487 2749 542 2777 τῶν
569 2748 617 2775 μὲν
634 2747 857 2784 παραδιδομένων
886 2748 964 2781 πυρὶ,

207 2853 217 2868 ⁸
239 2851 332 2879 Matth.
350 2851 448 2881 “,2”.
488 2852 498 2867 °
512 2851 605 2878 Matth.
624 2859 652 2882 ι,
681 2850 708 2876 5.
747 2849 757 2864 "
772 2850 832 2876 Act.
860 2856 909 2880 xtl,
922 2847 965 2873 iii.
986 2847 996 2862 θ
1009 2846 1086 2876 Joan.
1103 2857 1122 2882 I,
1139 2848 1165 2877 9.

174 2895 229 2919 ιιι,
251 2888 260 2915 l
279 2895 356 2922 seqq.
396 2887 417 2902 "
434 2887 503 2915 Luc.
522 2895 578 2918 x.\|,
593 2886 637 2913 ‘27.
679 2886 699 2901 ”
715 2884 810 2912 Matth.
829 2891 893 2917 ιιιν,
914 2884 959 2910 51.

1010 2608 1140 2644 deinceps
1152 2617 1160 2636 :
1172 2608 1199 2636 in
1212 2609 1314 2644 quibus
1324 2608 1426 2636 electos
1437 2607 1473 2635 ab
1484 2606 1589 2643 angelis
1604 2605 1727 2641 undique
1758 2613 1806 2633 co-

1011 2658 1103 2682 actum
1118 2653 1152 2682 iri
1167 2654 1316 2691 signiﬁcat.
1335 2654 1369 2682 Et
1378 2661 1487 2682 rursum
1501 2663 1508 2682 :
1524 2662 1533 2679 ι
1558 2653 1627 2681 Cum
1644 2656 1734 2680 autem
1758 2658 1807 2679 ve-

1016 2701 1089 2729 nerit
1107 2699 1195 2729 Filius
1211 2701 1330 2730 hominis
1358 2700 1385 2728 in
1402 2700 1488 2736 gloria
1511 2707 1560 2727 sua
1571 2700 1620 2726 η.»
1648 2698 1686 2726 De
1700 2698 1807 2734 piorum

1021 2746 1122 2775 deinde
1140 2747 1173 2774 ab
1184 2747 1286 2783 impiis,
1302 2752 1432 2782 tanquam
1452 2745 1543 2774 ovium
1560 2745 1595 2773 ab
1608 2744 1704 2777 lmdis,
1728 2750 1808 2778 sepa-

1715 2843 1736 2858 ”
1755 2841 1808 2869 lsi.

1217 2850 1228 2866 °
1245 2847 1314 2877 Luc.
1331 2855 1389 2880 xu,
1403 2846 1448 2875 59..
1499 2844 1521 2862 ‘°
1534 2844 1602 2873 ibid.
1614 2844 1660 2877 45,
