1988 3079
211 166 282 200 2619

874 166 1050 199 PROCOPII
1071 167 1195 199 GAZEI

1771 166 1842 198 2620

210 223 316 251 ratione
334 221 476 256 adjicnens,
492 221 561 250 istos
578 221 690 257 quidem
705 222 734 250 in
759 223 849 258 ignem
877 225 997 252 abituros

1054 224 1108 251 τῶν
1126 224 1155 250 δὲ
1169 222 1399 259 ἀνακαλουμένων
1422 223 1464 256 είς
1482 222 1528 251 τὸν
1540 223 1602 250 νέον
1623 223 1721 257 αῐῶνα,
1738 222 1801 250 παῦ’
1814 223 1843 250 ὃν

209 278 291 303 esse;
312 269 373 297 illos
388 273 479 296 autem
490 270 519 297 in
534 277 634 297 novum
644 270 775 298 saeculum
791 275 950 298 revocatum
968 271 1000 298 iri

210 316 358 351 signiticat,
375 315 401 342 in
417 322 472 350 quo
489 315 564 343 nulla
581 315 673 342 lutura
689 316 744 343 sint
760 323 892 350 corporea
920 316 1001 343 iunxi-

209 364 286 391 naria
302 372 310 390 :
329 363 440 391 Christo
456 363 526 398 ipso,
536 363 584 398 qui
601 363 648 390 Sol
663 369 705 391 est
730 363 846 398 justitia:
859 364 891 396 “,
917 363 1001 391 lucem

208 408 318 437 abunde
333 413 481 444 praestante
495 414 519 436 et
530 413 708 444 suggerente:
724 416 779 444 quo
789 414 910 444 tempore
919 410 1002 437 nimi-

207 463 287 489 rum,
303 455 382 490 juxta
395 455 578 482 sacratissimi
609 455 686 483 Pauli
709 455 890 483 sententiam:
909 464 919 481 ι
948 455 1001 489 Qui

208 501 310 528 mortui
324 505 390 529 sunt
406 501 433 528 in
451 501 573 533 Christo,
592 501 672 534 primi
688 506 850 536 resurgent:
880 501 926 536 qui
950 509 1000 528 au-

207 551 261 574 tem
280 547 381 580 relicti,
394 547 421 574 in
439 547 558 575 nubibus
574 554 636 574 cum
647 547 759 575 Christo
775 552 923 574 occurrent
935 547 968 574 ".
988 557 998 574 ι

208 591 291 619 Tales
307 592 392 628 igitur
417 598 473 620 tum
504 593 673 628 compellans
697 593 858 620 inclamabit
889 594 998 620 oratio:

207 634 378 668 Illnminm'e,
392 635 552 669 Jerusalem,
570 637 622 669 vel,
641 641 671 663 ut
685 637 792 664 caeteris
817 638 904 672 placet
923 646 929 664 :
951 637 1000 664 Ea:-

206 689 294 716 surge,
312 681 473 708 illuminare.
488 680 520 708 Et
534 682 633 714 vide,si
648 690 702 709 non
717 687 810 717 aperte
828 685 888 718 ipso
905 691 1000 710 exsur-

206 726 286 762 gendi
301 727 398 760 verbo,
411 731 583 754 mortuorum
602 729 832 756 resurrectionem
856 729 999 761 indicarit,

206 779 289 806 quam
305 772 389 800 radiis
399 773 458 800 suis
481 772 528 799 luo:
551 773 611 808 ipsa
639 777 764 801 mortuos
781 782 909 802 recreans
929 782 999 809 prie-

206 817 298 844 bitura
327 823 385 851 est;
421 818 468 852 qui
493 823 637 853 postquam
665 819 776 846 excitati
805 820 920 850 fuerint.
941 820 1000 855 ejus

205 862 320 896 gloriam
334 862 459 890 intuituri
486 863 553 890 sint.
580 863 640 896 Quo
658 863 760 891 factum
776 869 829 898 est,
855 869 884 892 ut
908 866 998 893 statim

1053 270 1104 296 οὐκ
1117 269 1226 296 ἔσονται
1238 268 1397 304 φωστῆρες
1413 269 1577 304 σωματικαὶ,
1592 268 1713 304 Χριστοῦ
1728 268 1775 295 τοῦ
1794 268 1843 303 τῆς

1052 315 1225 350 δικαιοσύνης
1235 314 1324 342 Ἡλίου
1338 315 1406 350 πρὸς
1415 314 1569 349 φωτισμὸν
1577 315 1630 340 ἐπα
1635 313 1774 349 ρκοῦντος·
1788 314 1842 345 ὅτε,

1053 361 1126 388 κατὰ
1140 361 1185 388 τὸν
1201 361 1346 396 ἱερώτατον
1364 360 1482 393 Παῦλον,
1497 369 1507 386 ι
1521 360 1554 386 Ol.
1574 360 1667 395 νεκροὶ
1681 360 1710 386 ὲν
1731 359 1842 395 Χριστῷ

1053 407 1252 442 ἀναστήσονται
1264 406 1378 443 πρῶτοι,
1393 406 1417 433 οἱ
1436 405 1466 433 δὲ
1481 406 1702 441 περιλειπόμενοι
1722 406 1750 431 ἐν
1764 405 1843 439 νεφέ-

1052 453 1113 484 λαις
1138 452 1313 484 ἀπαντῶντες
1337 452 1444 480 ἔσονται
1470 452 1520 478 σὺν
1541 451 1661 487 Χριστῷ.
1680 461 1690 477 ι
1707 451 1770 482 Τοῖς
1795 449 1842 477 οὖν

1052 498 1183 530 τοιούτοις
1202 499 1263 525 τότε
1287 498 1458 533 προσφωνῶν
1473 500 1487 525 ὁ
1499 498 1578 532 λόγος
1604 498 1677 532 ἐρεῖ·
1697 495 1838 528 Φωτίζου,

1057 544 1269 578 Ἰερουσαλήμ·
1294 544 1310 579 ἢ
1339 544 1408 570 κατὰ
1429 544 1492 575 τοὺς
1516 543 1630 574 ἄλλους·
1669 541 1840 575 Ἀνάστηθι,

1052 591 1225 625 φωτίσθητι.
1240 591 1293 616 Καὶ
1308 591 1358 625 ὅρα
1372 591 1396 616 εἰ
1411 590 1448 624 μὴ
1462 589 1553 624 σαφῶς
1566 589 1610 615 διὰ
1623 588 1669 614 τοῦ
1681 587 1839 622 ἀνάστηθι,

1051 636 1101 671 τὴν
1112 637 1144 662 ὲκ
1159 635 1264 671 νεκρῶν
1279 636 1428 662 ἀνάστασιν
1440 634 1551 667 ἔδειξεν,
1563 635 1596 670 ἢν
1611 635 1719 670 ποιήσει
1734 633 1765 660 τὺ
1778 633 1842 668 φῶς

1052 683 1160 709 ἀκτῖσιν
1188 681 1267 713 ἰδίαις
1295 681 1493 716 ἀναζωπυροῦν
1506 682 1569 713 τοὺς
1592 681 1716 716 νεκροὺς,
1741 680 1766 706 οἳ
1793 680 1841 706 καὶ

1051 727 1217 757 ἀναστάντες
1241 726 1353 760 ὄψονται
1368 725 1426 760 τὴν
1442 725 1536 758 δόξαν
1549 726 1642 752 αὐτοῦ.
1666 725 1711 751 Διὸ
1729 724 1777 751 νῦν
1792 725 1842 750 ὲπ-

1051 771 1124 806 άγει·
1142 771 1197 799 Καὶ
1212 772 1230 805 ἡ
1248 771 1323 803 δόξα
1346 771 1456 805 Κυρίου
1474 770 1525 797 ἐπὶ
1553 770 1591 796 σὲ
1615 770 1819 797 ἀνατέταλκεν
1832 777 1840 784 “

1050 817 1151 853 δηλαδὴ
1167 817 1216 853 τὴν
1228 816 1292 844 νέαν
1309 816 1357 843 τοῦ
1369 816 1437 843 Θεοῦ
1457 817 1545 850 πόλιν,
1566 817 1600 851 ἣν
1620 815 1734 851 φωτίζει
1755 815 1840 851 μόνην

1051 863 1178 899 Χριστός.
1209 863 1271 895 Τοῖς
1298 863 1352 899 γὰρ
1376 863 1487 890 ἀσεϐέσι
1513 864 1622 896 σκότος
1648 862 1802 894 ἀπόκειται,
1825 861 1840 888 ὃ

205 907 320 941 gloriam
335 907 442 935 Domini
459 909 485 934 in
499 917 557 936 eam
574 910 728 943 apparuisse
741 909 883 944 adjiceret,
898 917 996 938 novam

1050 909 1138 945 δηλῶν
1151 917 1233 944 φησιν
1245 917 1253 924 ·
1275 908 1354 936 Ἰδοὺ
1362 909 1473 942 σκότος
1491 909 1619 942 καλύψει
1636 907 1693 942 τὴν
1704 907 1773 942 γῆν,
1789 907 1840 934 καὶ

207 952 255 981 Dei
271 954 420 984 civitatem.
440 962 501 988 qua:
519 955 577 981 sola
594 962 642 990 per
659 954 799 983 Christum
816 955 997 990 illuminatur,

207 997 371 1032 intelligens.
385 998 478 1033 impiis
491 999 564 1026 enim
583 999 769 1027 reconduntur
780 1000 893 1028 tenelme
903 1008 913 1027 :
924 1001 998 1036 quod

207 1047 238 1070 ut
256 1043 433 1078 signiﬁcaret,
454 1043 488 1071 iis
505 1044 572 1078 ipsis
587 1049 685 1071 terram
701 1045 809 1080 quidem
827 1050 943 1080 opertam
956 1047 998 1081 [o-

206 1096 244 1120 re,
260 1093 285 1115 et
300 1093 388 1123 gentes
417 1088 532 1123 caligine
551 1089 620 1116 dixit
635 1098 643 1116 :
663 1091 712 1117 sed
735 1090 762 1118 in
776 1089 938 1125 Jerusalem,
954 1099 998 1120 se-

205 1134 325 1161 cundum
349 1134 428 1168 alios,
458 1136 624 1162 exoriturum
653 1144 710 1163 esse
737 1137 888 1166 Dominum.
917 1138 999 1166 Decet

204 1180 277 1207 enim
293 1179 401 1207 luminis
417 1185 478 1208 ortu
497 1188 544 1208 eos
559 1181 678 1215 pritnum
695 1182 838 1215 illustrari,
854 1183 901 1218 qui
929 1183 998 1211 Uni-

204 1224 326 1259 genitum
343 1224 388 1252 Dei
401 1223 493 1253 Patris
522 1226 638 1261 gloriam
653 1232 855 1262 nuncupatum,
873 1233 997 1256 contem-

205 1270 304 1304 platuri
316 1270 398 1306 683
412 1276 497 1299 sunt:
510 1278 573 1298 cum
598 1272 626 1299 in
643 1272 713 1307 ipso.
728 1278 757 1300 et
772 1281 821 1308 per
837 1274 938 1309 ipsum,
971 1279 998 1302 et

204 1322 268 1343 cum
286 1316 346 1351 ipso
367 1318 545 1353 gloriticetur.
564 1318 633 1346 Cum
649 1319 722 1346 enim
739 1319 837 1348 Filium
861 1320 998 1353 videmus.

1051 955 1163 990 γνόφος
1184 954 1230 981 ἐπ’
1251 955 1335 988 ἔθνη.
1366 955 1431 982 Ἐπὶ
1447 953 1482 982 δὲ
1494 954 1533 981 σὲ
1556 953 1698 981 ἁνατελεῖ
1721 954 1840 988 Κύριος,

1051 1001 1122 1027 κατὰ
1134 999 1328 1032 τοῦςιλοιπούς.
1344 1000 1390 1026 Δεῖ
1406 1000 1462 1035 γὰρ
1474 999 1583 1035 πρῶτον
1596 999 1693 1034 φωτὸς
1705 998 1840 1033 ἀνατολῆς

1050 1047 1107 1077 τοῖς
1122 1046 1249 1081 μέλλουσι
1267 1046 1380 1081 θεωροῖς
1392 1045 1520 1080 γενέσθαι
1533 1045 1585 1080 τῆς
1608 1044 1654 1071 τοῦ
1670 1044 1840 1078 Μονογενοῦς

1050 1093 1098 1119 τοῦ
1113 1091 1180 1118 Θεοῦ
1196 1091 1299 1125 δόξης,
1318 1091 1348 1123 ὃς
1363 1091 1427 1124 δόξα
1451 1091 1560 1125 λέγεται
1573 1090 1620 1118 τοῦ
1642 1091 1774 1125 Πατέρος.
1795 1090 1840 1116 Ἐν

1050 1137 1124 1173 αὺτῷ
1143 1138 1208 1173 γὰρ.
1233 1137 1281 1164 καὶ
1294 1137 1328 1164 δι’
1342 1137 1436 1169 αὐτοῦ,
1461 1137 1508 1164 καὶ
1523 1137 1571 1164 σὺν
1595 1136 1671 1172 αὐτῷ
1686 1136 1839 1168 δοξάζεται.

1055 1183 1189 1219 Ὀρῶντες
1213 1183 1267 1220 γὰρ
1283 1183 1329 1211 τὸν
1349 1183 1423 1217 Υίὸν,
1439 1183 1548 1219 ὁρῶμεν
1562 1183 1611 1218 τὴν
1628 1183 1838 1218 μεγαλειότητα,

1049 1231 1100 1258 καὶ
1114 1229 1210 1261 δόξαν
1227 1229 1275 1256 τοῦ
1298 1229 1430 1265 Πατέρος,
1456 1230 1485 1261 ὃς
1501 1230 1534 1264 γέ
1553 1237 1637 1264 φησι·
1657 1239 1667 1255 ι
1680 1229 1782 1265 Πάτερ,
1797 1228 1841 1255 δό-

1050 1275 1132 1308 ξασόν
1156 1283 1203 1302 σου
1225 1275 1271 1302 τὸν
1288 1275 1364 1309 Υἱὺν,
1383 1275 1428 1301 ἵνα
1456 1276 1504 1302 καὶ
1525 1276 1540 1302 ό
1565 1275 1627 1307 Υἱός
1657 1283 1704 1301 σου
1735 1273 1836 1309 δοξάσῃ

1051 1330 1090 1348 σε.
1101 1330 1111 1348 Ι

204 1361 294 1391 Patris
308 1363 479 1398 maiestatem
493 1368 519 1392 et
535 1364 650 1400 gloriam
666 1365 818 1400 intuemur,
842 1367 889 1402 qui
909 1366 993 1394 disit:
1018 1376 1027 1393 ι
1050 1366 1138 1400 Pater,
1155 1367 1277 1402 glorilica
1298 1366 1396 1394 Filium
1410 1371 1500 1399 tuum,
1513 1371 1544 1394 ut
1558 1371 1586 1394 et
1601 1365 1687 1394 Filius
1706 1369 1769 1393 tuus
1780 1365 1840 1401 glo-

204 1411 292 1439 rilicet
309 1416 334 1440 te
349 1412 381 1440 “.
401 1421 411 1439 ι

241 1458 342 1486 Verum
354 1459 426 1494 quod
441 1459 525 1488 habet
542 1459 650 1489 Isaias:
667 1459 736 1488 Ecce
749 1460 863 1489 tenebrae
875 1462 993 1497 operient

204 1510 314 1538 terram,
327 1510 351 1533 et
366 1505 452 1541 caligo
471 1513 549 1540 super
569 1512 668 1542 gentes,
694 1512 718 1535 et
741 1507 828 1543 gloria
844 1507 953 1535 Domini
968 1509 995 1535 in

1081 1461 1119 1488 Τδ
1132 1460 1172 1488 δέ’
1195 1459 1275 1488 ἰδοὺ
1291 1460 1402 1494 σκότος
1412 1459 1461 1487 καὶ
1478 1460 1590 1495 γνόφος
1606 1460 1736 1496 καλύψει
1751 1459 1811 1495 γῆν
1827 1465 1838 1480 ν

1045 1506 1094 1533 ἐπ’
1106 1506 1179 1540 ἔθνη
1190 1513 1196 1520 ·
1211 1505 1261 1532 ἐπὶ
1279 1505 1314 1532 δὲ
1337 1505 1375 1531 σὲ
1390 1504 1560 1540 φανήσεται
1577 1505 1684 1539 Κύριος
1695 1513 1702 1521 ·
1724 1505 1771 1531 ἐπὶ
1789 1505 1840 1540 τῆς

204 1556 230 1579 te
260 1551 415 1584 videbitur;
448 1551 483 1579 ad
510 1553 632 1587 primum
662 1553 812 1581 adventum
844 1555 996 1582 referentes

1048 1551 1160 1587 πρώτης
1175 1551 1338 1583 ἐκλαϐόντες
1355 1552 1507 1587 παρουσίας
1518 1551 1600 1584 τινὲς,
1613 1551 1663 1586 οὑχ
1675 1551 1713 1582 ὡς
1728 1551 1838 1586 μελλόν-

204 1597 342 1630 nonnulli,
357 1605 412 1624 non
428 1601 559 1633 tanquam
575 1598 687 1626 Christo
703 1599 784 1627 terris
797 1599 938 1630 illucente.
959 1604 995 1626 te-

203 1642 292 1670 nelme
303 1647 394 1678 gentes
406 1648 539 1678 aperturae
559 1644 626 1677 sint,
647 1651 717 1680 quas
739 1652 802 1673 esse
825 1644 995 1673 illuminatae

203 1692 326 1720 constat,
347 1689 401 1716 dici
427 1690 624 1719 arbitrantur:
642 1691 689 1718 sed
713 1691 787 1726 quod
806 1691 850 1719 hic
870 1691 996 1719 futurum

202 1734 314 1766 dicitur,
325 1743 388 1763 esse
408 1735 464 1771 jam
480 1736 650 1771 signiﬁcari;
667 1737 695 1764 id
719 1743 772 1769 est,
798 1738 910 1772 operire.
936 1736 997 1771 Quo

202 1779 277 1807 cnim
296 1784 419 1815 tempore
450 1780 587 1809 lsraelitis
604 1782 723 1817 primum
745 1782 838 1810 illuxit
858 1782 995 1817 Christus,

204 1825 317 1852 tenebris
334 1826 423 1853 adhuc
436 1831 525 1861 gentes
538 1826 771 1862 oﬂ‘undebantur;
787 1836 852 1856 cum
871 1829 996 1856 nonduin

203 1871 238 1899 ad
249 1878 298 1900 eos
310 1873 397 1907 gratia
409 1873 589 1907 pervenisset,
602 1873 650 1901 sed
662 1881 740 1901 suam
753 1875 809 1909 ipse
821 1873 925 1903 Iudaeis
935 1876 995 1911 glo-

203 1918 273 1944 riam
284 1918 430 1953 patrandis
444 1919 589 1947 miraculis
606 1919 823 1948 demonstraret.
842 1921 913 1948 Sunt
926 1929 997 1956 pra:-

203 1968 279 1992 terea
294 1964 434 1996 nonnulli,
463 1964 510 2000 qui
535 1966 606 2000 quod
633 1965 668 1992 Et
690 1966 776 2001 caliga
805 1975 884 2001 super
907 1973 995 2003 gentes

203 2009 289 2039 Isaias
301 2011 381 2044 dixit,
400 2011 434 2038 ad
451 2016 573 2046 tempora
588 2012 720 2046 referant,
734 2013 836 2048 quibus
848 2014 925 2048 justa
937 2015 995 2049 pati

204 2056 299 2085 hostes
312 2057 439 2092 contigit.
456 2057 639 2085 Ambulabunt
663 2066 727 2086 vero
743 2067 826 2094 reges.
843 2059 893 2093 ait,
911 2060 938 2087 in
953 2060 997 2087 lu-

203 2103 273 2130 mine
287 2107 343 2136 tuo,
366 2108 390 2130 et
406 2108 494 2139 gentes
506 2105 535 2131 in
553 2104 691 2139 splendore
722 2110 766 2132 tuo
789 2113 798 2133 :
831 2112 860 2133 ut
879 2107 996 2142 gentium

204 2149 377 2177 vocationem
393 2157 409 2177 a
424 2149 582 2178 Iudaeorum
598 2151 791 2179 incredulitate
803 2156 829 2179 et
843 2153 995 2187 pertinacia

203 2195 354 2229 profectam
367 2203 429 2224 esse
439 2196 608 2224 ostenderet.
621 2196 830 2232 intelligendum
846 2203 890 2227 est
901 2204 993 2227 autem

1046 1608 1101 1625 των
1116 1599 1185 1633 φασὶ
1205 1597 1265 1625 τῶν
1284 1598 1380 1625 ἐθνῶν
1403 1597 1674 1631 σκοτισθήσεσθαι,
1688 1597 1727 1632 τῷ
1743 1597 1839 1632 κόσμῳ

1046 1645 1201 1680 λάμψαντος
1228 1644 1275 1671 τοῦ
1301 1644 1431 1678 Χριστοῦ.
1454 1643 1640 1678 Πεφώτισται
1653 1643 1718 1679 γάρ.
1739 1643 1807 1669 Ἀλλ’
1823 1643 1840 1669 ὸ

1048 1691 1153 1727 μέλλων
1172 1690 1289 1718 ἐνταῦθα
1313 1691 1408 1726 χρόνος
1430 1690 1476 1717 τὸν
1490 1689 1643 1717 ἐνεστῶτα
1660 1689 1746 1725 δηλοῖ,
1765 1689 1839 1716 τοῦτ’

1047 1738 1105 1764 ἔστι
1121 1736 1399 1772 καλύπτει.-Χριστοῦ
1414 1735 1469 1772 γὰρ
1483 1734 1601 1771 πρώτοις
1615 1736 1672 1766 τοῖς
1684 1735 1714 1768 ἐξ
1729 1735 1838 1770 Ἰσραὴλ

1046 1782 1262 1817 ἐπιλάμψαντος,
1278 1781 1319 1808 ἔτι
1334 1781 1370 1808 τὰ
1385 1781 1458 1814 ἔθνη
1476 1781 1576 1814 σκότῳ
1589 1780 1754 1815 κεκράτητο,
1770 1780 1837 1815 πρὶν

1047 1827 1091 1854 ἐπ’
1105 1827 1174 1854 αὐτὰ
1195 1827 1361 1863 μεταστῆναι
1373 1827 1423 1862 τὴν
1436 1827 1527 1863 χάριν.
1543 1826 1610 1853 Τότε
1624 1826 1679 1861 γὰρ
1699 1825 1836 1858 Ἰουδαίοις

1045 1873 1096 1910 τὴν
1110 1874 1214 1901 οἰκείαν
1228 1873 1446 1909 Θαυματουργῶν
1457 1872 1630 1900 ἐπεδείκνυτο
1640 1872 1745 1904 δόξαν.
1758 1872 1838 1904 Τινὲς

1046 1921 1075 1948 δὲ
1093 1921 1133 1953 τὺ,
1153 1922 1266 1956 γνόφος
1289 1921 1336 1948 ἐπ’
1353 1921 1436 1954 ἔθνη,
1463 1920 1547 1955 φασὶν
1573 1920 1617 1947 ὅτε
1638 1920 1788 1954 πάσχουσιν
1811 1919 1838 1945 οἱ

1046 1967 1139 2003 ἐχθροὶ
1152 1967 1186 1994 τὰ
1199 1967 1301 1994 δίκαια.
1324 1967 1529 2001 Πορεύσονται
1543 1965 1582 1998 δὲ,
1598 1965 1677 2001 φησὶ,
1693 1964 1838 1997 βασιλεῖς

1046 2013 1086 2046 τῷ
1097 2014 1171 2048 φωτί
1185 2022 1256 2046 σου,
1275 2012 1325 2040 καὶ
1343 2013 1416 2047 ἔθνη
1431 2011 1469 2046 τῇ
1492 2012 1682 2046 λαμπρότητι
1702 2019 1772 2044 σου,
1788 2010 1837 2046 τὴν

1046 2058 1145 2094 κλῆσιν
1159 2058 1246 2094 δηλῶν
1263 2057 1324 2085 τῶν
1341 2057 1437 2085 ἐθνῶν
1448 2058 1480 2084 ὲκ
1496 2058 1545 2092 τῆς
1561 2057 1674 2083 ἐκείνων
1695 2056 1837 2088 ἀπειθείας

1046 2106 1244 2141 γεγενημένην.
1255 2103 1308 2130 Δύο
1321 2104 1349 2130 δὲ
1362 2105 1496 2139 νοήσομεν
1508 2103 1638 2138 τάγματα
1653 2102 1816 2138 σωζομένων
1828 2111 1835 2118 ·

1046 2151 1100 2178 τῶν
1115 2159 1144 2177 τε
1173 2151 1239 2185 παρ’
1261 2150 1411 2184 'Iou6aiot;}
1423 2149 1574 2184 θεοφιλῶν,
1597 2149 1621 2176 οἳ
1650 2149 1695 2175 διὰ
1719 2148 1837 2180 πίστεως

1046 2196 1236 2228 τελειωθέντες
1254 2195 1306 2222 οὐκ
1329 2195 1495 2230 ἐκομίσαντο
1517 2194 1567 2226 τὰς
1594 2193 1774 2228 ἐπαγγελίας,
1787 2192 1835 2220 τοῦ

203 2241 259 2268 duo
273 2248 380 2274 eorum,
398 2241 444 2276 qui
465 2242 622 2275 salvantur,
644 2250 745 2278 genera
769 2244 895 2278 reperiri.
916 2245 993 2273 Alte-

1048 2243 1115 2270 Θεοῦ
1129 2242 1253 2278 κρεῖττόν
1266 2251 1292 2268 τι
1306 2242 1370 2276 περὶ
1386 2241 1466 2276 ἡμῶν
1486 2240 1722 2276 προᾶλεψαμένου,
1740 2240 1784 2267 ἴνα
1798 2239 1837 2275 μὴ

205 2295 264 2314 rum
279 2286 389 2322 quidem
408 2287 515 2322 piorum
538 2289 611 2323 apud
637 2287 747 2317 Iudaeos
774 2289 879 2326 Deique
896 2299 995 2319 aman-

204 2331 291 2365 tium;
322 2331 370 2367 qui
403 2331 456 2360 lide
493 2332 620 2367 perfecti,
648 2335 851 2369 promissiones
882 2337 996 2366 minime

203 2377 294 2413 adepti
303 2381 368 2406 sunt
380 2386 388 2411 ;
399 2386 462 2406 cum
475 2378 548 2407 Deus
559 2380 739 2414 praestantius
750 2381 852 2416 aliquid
866 2382 900 2409 de
911 2383 992 2411 nobis

205 2424 376 2459 praevideret,
393 2429 423 2452 ut
433 2425 494 2453 sine
503 2426 584 2454 nobis
596 2426 708 2454 minime
719 2433 991 2456 consummarentur.

204 2469 254 2502 Qui
271 2471 335 2498 item
347 2470 376 2498 in
390 2471 488 2499 mortis
503 2472 660 2507 regionibus
686 2473 864 2502 immoranles
894 2474 998 2503 Christi

204 2518 352 2545 adventum
381 2523 588 2554 exspectarunt.
623 2520 752 2555 Ideoque,
776 2528 840 2548 cum
867 2522 900 2549 ad
933 2529 995 2550 eum

204 2563 324 2592 misisset
338 2564 461 2594 Joannes
473 2566 610 2600 quaesivit,
629 2567 711 2595 illene
726 2572 810 2600 esset,
845 2569 892 2603 qui
919 2569 996 2596 veni-

204 2614 258 2643 ret,
271 2617 307 2637 an
330 2610 414 2638 alium
429 2611 542 2639 deceret
561 2617 724 2648 exspectare
740 2614 772 2641 "’.
796 2614 849 2647 Qui
874 2615 994 2650 denique

204 2656 238 2682 de
256 2655 360 2684 Christi
374 2657 407 2684 ad
424 2665 454 2685 se
470 2657 588 2685 adventu
604 2660 735 2687 commoti
753 2669 760 2687 :
782 2659 902 2696 Exsurge
917 2661 992 2688 istud

204 2706 231 2729 et.
246 2702 408 2735 illuminare,
423 2705 484 2738 quia
504 2705 573 2732 venit
591 2705 678 2732 lumen
696 2711 782 2739 tuum,
798 2706 825 2733 id
839 2711 893 2740 est,
914 2707 989 2742 quod

241 2762 264 2778 “
282 2761 398 2790 Malach.
412 2771 450 2796 tv,
467 2763 494 2792 Ξ.
532 2763 576 2791 ιιι
591 2764 690 2794 Thess.
705 2774 742 2794 ιν.
781 2767 802 2783 ¹⁶
815 2765 895 2794 Joan.
916 2774 986 2798 xvu.
1005 2767 1027 2793 ι.

1045 2289 1132 2324 χωρὶς
1149 2287 1227 2323 ἡμῶν
1243 2286 1424 2313 τελειωθῶσιν
1435 2294 1442 2302 ·
1459 2285 1484 2313 οἳ
1503 2286 1551 2312 κα)⁵
1575 2287 1631 2317 τοῖς
1648 2285 1695 2312 τοῦ
1719 2284 1836 2312 θανάτου

1044 2335 1155 2371 χωρίοις
1177 2333 1342 2369 ἐνδιέτριϐον
1367 2333 1418 2369 τὴν
1436 2332 1588 2369 παρουσίαν
1609 2331 1728 2368 Χριστοῦ
1753 2340 1833 2367 περι-

1045 2382 1182 2417 μένοντες.
1203 2380 1251 2408 Διὸ
1277 2381 1390 2416 πέμψας
1413 2380 1540 2415 Ἰωάννης
1564 2379 1677 2415 ἡρώτα’
1707 2388 1716 2405 ι
1732 2379 1768 2406 Σὺ
1781 2377 1806 2406 εἴ
1820 2379 1836 2405 ὁ

1043 2428 1201 2464 ἐρχόμενος,
1214 2427 1230 2464 ἦ
1244 2427 1337 2463 ἕτερον
1346 2427 1558 2463 προσδοκῶμεν;
1571 2435 1580 2452 ι
1599 2425 1646 2458 οὒς
1661 2425 1837 2460 εὐαγγελιζό-

1047 2483 1127 2510 μενος
1146 2474 1196 2510 τὴν
1220 2475 1260 2506 εἰς
1274 2475 1374 2506 αὐτοὺς
1388 2473 1434 2501 τοῦ
1457 2473 1576 2509 Χριστοῦ
1592 2473 1716 2506 κάθοδον,
1733 2473 1834 2508 φησίν·

1051 2520 1225 2555 Ἀνάστηθι,
1243 2520 1417 2555 φωτίσθητι.
1432 2517 1548 2548 Ἶιλθεν
1566 2519 1621 2555 γὰρ
1635 2519 1669 2546 τὸ
1684 2518 1748 2554 φῶς
1764 2526 1834 2551 σου,

1043 2565 1116 2593 τοῦτ’
1140 2565 1224 2597 ἐστιν,
1249 2564 1264 2591 ὃ
1281 2565 1461 2600 προσεδόκας.
1480 2563 1590 2591 Τούτων
1612 2561 1659 2590 οὖν
1674 2564 1704 2590 τὺ
1728 2563 1836 2598 πρῶτον

1041 2613 1146 2648 τάγμα.
1163 2612 1295 2647 Δεύτερον
1310 2611 1349 2644 δὲ,
1364 2611 1395 2638 τὸ
1420 2611 1470 2645 τῆς
1484 2610 1519 2643 ἐξ
1537 2609 1635 2637 ἐθνῶν
1658 2609 1834 2640 Ἐκκλησίας,

1041 2659 1056 2686 ὃ
1072 2659 1103 2694 δὴ
1121 2658 1239 2693 συνῆψεν
1254 2659 1268 2685 ὁ
1279 2657 1385 2689 Παῦλος
1400 2657 1438 2693 τῷ
1452 2656 1552 2693 πρώτῳ
1567 2656 1671 2690 λέγων’
1688 2666 1698 2681 ι
1712 2656 1773 2691 Ἆρ’
1788 2653 1836 2682 οὖν

1041 2706 1091 2732 οὐκ
1110 2706 1150 2732 ἔτι
1177 2706 1238 2733 ἐστε
1258 2705 1328 2738 ξένοι
1351 2705 1399 2733 καὶ
1412 2704 1552 2741 πάροικοι,
1574 2704 1641 2731 ἀλλα
1665 2703 1829 2739 συμπολῖται

1066 2767 1084 2782 "
1104 2766 1201 2793 Mulli.
1221 2775 1257 2800 λι,
1270 2766 1295 2792 5.

853 2824 870 2851 V
876 2822 970 2851 ARI‘E
984 2821 1186 2851 LECTIONES.

243 2854 254 2868 '
270 2862 315 2888 γρ.
328 2853 443 2890 καλύψει
454 2855 516 2890 γῆν,
534 2855 580 2883 καὶ
595 2856 704 2892 γνόφος.
