1988 3079
135 166 203 200 2621
708 165 975 196 COMMENTARII
997 164 1039 195 IN
1059 165 1203 199 ISAIAM.
1693 163 1764 195 2622

134 225 189 251 τῶν
208 222 320 258 ἁγίων,ι
335 222 383 249 καὶ
392 221 427 249 τὰ
438 221 484 248 ἐπὶ
497 220 613 253 τούτοις.
626 219 671 247 'Ev
689 218 730 252 οἷς
745 220 819 247 ἐστιν
838 219 924 248 «εἶναι

982 220 1174 255 exspectabas,
1199 218 1327 249 audiunt.
1351 219 1441 256 Atque
1465 220 1512 248 hic
1533 220 1643 256 quidem
1666 228 1762 248 eorum

133 271 168 298 τὰ
192 269 257 304 ἔθνη
286 267 507 304 συγκληρονόμα,
523 267 572 294 καὶ
586 266 731 302 σύσσωμα,
746 266 794 294 καὶ
819 266 924 302 συμμέ-

982 266 1088 301 primus
1102 266 1171 294 ordo
1188 266 1282 294 fuerit.
1300 266 1432 301 Sequitur
1447 274 1512 294 vero
1528 272 1555 295 et
1567 267 1635 294 alter
1654 274 1687 294 ex
1701 275 1764 302 gen-

134 324 201 351 τοχα
214 316 264 351 τῆς
275 314 440 349 ἐπαγγελίας
455 315 484 341 ὲν
499 312 621 349 Χριστῷ.
640 321 650 339 ›

982 313 1045 338 lium
1061 312 1196 341 Ecclesiis
1216 312 1363 346 conﬂatus,
1379 320 1460 348 quem
1475 313 1560 348 priori
1588 314 1669 340 etiam
1696 321 1763 340 con-

135 363 228 398 junxit
256 361 418 398 Apostolus.
446 360 493 388 ubi
512 360 568 395 jam
585 367 640 387 non
670 366 731 387 esse
754 358 878 393 hospites
904 362 931 385 ct
950 358 1081 391 advenas,
1099 359 1146 386 sed
1163 359 1292 386 concives
1319 364 1478 386 sanctorum
1512 359 1543 391 ⁸⁸,
1567 359 1666 393 iliaque
1703 365 1765 398 quae

135 413 299 443 sequuntur,
315 407 420 443 colligit
443 416 451 435 :
483 406 510 434 in
537 407 637 441 quibus
671 406 755 433 etiam
785 409 881 441 gentes
905 411 966 431 eSSe
985 404 1153 438 cohaeredcs,
1171 409 1199 433 et
1210 405 1434 440 coucorporales,
1450 404 1535 441 684
1553 409 1581 432 et
1591 403 1766 440 compartici-

135 461 184 490 pes
199 454 226 481 in
242 453 352 481 Christo
368 453 390 469 "
405 451 586 488 signiﬁcatur.

173 500 293 531 Είκότως
319 497 367 526 οὖν
399 499 649 534 εὑαγγιλισάμενος
680 498 730 526 νῦν
756 497 796 534 τῷ
824 496 927 533 πρώτῳ

137 545 257 580 τάγματι
294 545 444 580 ἐπήνεγκεο
479 544 534 571 Καὶ
559 545 762 579 πορεύσονται
787 543 860 578 ἔθνη
887 543 928 576 τῷ

137 591 213 626 φωτί
237 599 307 624 σου,
321 591 430 623 δεικνὺς
442 590 533 618 κοινὸν
562 591 728 626 ἀμφοτέροις
741 590 775 617 τὸ
792 589 855 625 φῶς
869 591 927 622 τοῖς

139 637 193 673 πρὸ
203 637 254 672 τῆς
268 637 431 673 παρουσίας,
450 637 498 664 καὶ
513 636 638 672 ὕστερον,
655 637 703 664 καὶ
719 636 779 670 τὴν
792 637 928 671 λαμπρό-

137 689 222 715 τητα,
235 681 269 716 ἢν
282 682 299 716 ή
316 681 403 716 ῥύπου
426 681 526 712 παντὸς
550 680 707 716 ἀπόσμηξις
729 681 927 716 ἀπεργάζεται.

138 726 232 762 Ταύτῃ
245 727 298 761 γὰρ
317 727 365 753 καὶ
379 728 407 753 οι
424 726 483 753 τῶν
501 727 596 753 ἐθνῶν
611 727 759 762 χρήσονται
772 726 927 760 βασιλεῖς,

139 772 335 808 καθαιρόμενοι
353 773 387 807 τῇ
409 772 463 799 τῶν
486 772 566 799 θείων
586 771 745 808 μυστηρίων
772 769 897 807 δυνάμει,
913 772 929 799 ὃ

139 818 172 854 δὴ
190 818 252 845 καθ’
265 819 340 854 ἡμᾶς
367 818 412 845 διὰ
435 819 490 845 τῶν
505 819 594 854 ἔργων
609 820 716 855 ὁρᾶται.
741 817 808 846 Εἶτα.
834 818 929 854 ἐπειδὴ

139 863 237 891 ἐθνῶν
251 863 448 899 ἐμνημόνευσε,
464 864 514 891 καί
529 865 685 897 ,Βασιλέων
701 864 797 896 ἐθνῶν.
817 864 930 892 ἀκολού-

139 908 194 940 θως
209 908 259 943 τὴν
273 908 410 944 προτέραν
426 908 475 934 τοῦ
501 908 569 948 Θεοιξ
594 909 672 936 πόλιν
689 908 808 935 διδάσκει
826 909 929 940 πάντας

138 955 203 986 τοὺς
216 954 252 987 ἐξ
265 953 363 982 ἐθνῶν
381 954 543 989 προσιόντας
559 954 598 989 τῷ
613 954 737 981 θεοσεϐεῖ
749 955 927 990 πολιτεύματι

139 1000 229 1026 οἰκεῖα
242 999 333 1027 τέκνα
355 1000 483 1035 ἡγεῖσθαι
498 999 584 1034 λέγων
595 1008 603 1016 ν
623 1000 679 1027 Ἴδε
700 1000 876 1036 συνηγμένα
892 1001 928 1028 τὰ

139 1044 232 1071 τέκνα
247 1053 317 1078 σου,
333 1044 380 1076 οὓς
394 1045 439 1071 καί
463 1053 546 1080 φησιν
559 1045 606 1072 ἐπ’
623 1044 710 1080 ὤμων
731 1046 927 1079 ἀρθήσεσθαι.

139 1090 187 1117 Διὸ
203 1090 304 1122 πάντες
316 1091 341 1117 οί
363 1091 397 1123 ἑξ
423 1091 518 1118 ἐθνῶν
532 1091 744 1123 πεπιστευκότες
762 1091 928 1126 ἐπαγγελίαν

139 1137 286 1172 εἰλήφασιν
299 1138 340 1169 εἰς
369 1137 487 1169 κόλπους
500 1137 627 1173 Ἀϐραὰμ
640 1137 861 1166 ἀναπαύσασθαι.
873 1139 930 1165 Καὶ

138 1183 275 1218 πολλαχοῦ
294 1183 323 1210 δὲ
348 1183 480 1219 θυγάτηρ
499 1183 691 1219 Ἰερουσαλὴμ,
705 1184 752 1211 καὶ
769 1183 848 1217 Σιὼν,
866 1185 883 1220 ἠ
900 1184 930 1217 ἐξ

137 1227 238 1255 ἐθνῶν
259 1228 410 1264 Ἐκκλησία
439 1228 617 1264 χρηματίζει,
635 1228 674 1261 ὡς
693 1229 723 1255 ἐν
746 1228 796 1264 τῷ,
821 1230 929 1265 (Χαῖρε

138 1273 255 1308 σφόδρα,
269 1272 392 1308 θυγάτηρ
405 1272 486 1300 Σιών.
509 1273 652 1309 Κήρυσσε,
675 1273 799 1310 θυγάτηρ
830 1273 930 1311 Ἰερου-

137 1319 246 1354 σαλήμ.
270 1320 334 1346 Ἰδοὺ
360 1319 488 1355 ἔρχομαι,
503 1320 551 1347 καὶ
569 1320 774 1356 κατασκηνώσω
799 1321 828 1347 ὲν
853 1320 930 1356 μέσῳ

137 1374 201 1398 σου,
213 1365 287 1400 λέγει
303 1365 416 1401 Κύριος,
441 1366 488 1393 καὶ
507 1366 686 1402 πορεύσονται
697 1367 760 1402 ἔθνη
784 1366 870 1394 πολλὰ
884 1367 931 1394 ἐπὶ

134 1411 186 1437 τὸν
205 1411 318 1446 Κύριον.
335 1421 344 1438 ι
369 1411 407 1438 Τὸ
429 1412 458 1439 δὲ
474 1413 627 1447 πόρῤωθεν
643 1413 740 1447 ἥκειν,
764 1413 930 1449 παρίστησιν

135 1456 180 1488 ὼς
196 1453 213 1494 ᾖ
232 1457 281 1492 μὲν
297 1456 393 1493 πόρρω
407 1466 458 1484 που
472 1458 521 1493 τῆς
535 1457 674 1493 βασιλείας
686 1458 733 1486 τοῦ
748 1459 867 1495 Ἰσραὴλ,
884 1459 931 1487 καὶ

135 1502 214 1535 ξένοι
231 1502 285 1529 τῶν
301 1502 439 1538 διαθηκῶν
452 1504 502 1538 τῆς
526 1504 704 1539 ἐπαγγελίας.
721 1514 731 1530 ι
747 1505 818 1532 Ἀλλ’
838 1505 929 1541 ὑμεῖς,

133 1548 236 1582 φησὶν,
249 1548 276 1574 οῖ
288 1557 354 1575 ποτε
370 1550 479 1584 μακρὰν
487 1549 572 1582 ὄντες,
592 1551 676 1585 ἐγγὺς
689 1551 847 1587 ἐγενήθητε.
868 1561 877 1578 ι
887 1552 931 1584 Ὠς

135 1594 196 1629 γὰρ
220 1594 235 1621 ό
260 1593 367 1626 Παῦλός
388 1603 481 1630 φησιν·
501 1595 560 1622 «οὐ
585 1595 686 1627 πάντες
703 1598 727 1623 οι
753 1597 783 1630 ἐξ
807 1597 926 1634 Ἰσραὴλ,
942 1605 965 1636 α

139 1636 219 1666 οὗτοι
247 1639 374 1675 Ἰσραήλ·
392 1640 461 1669 ἀλλὰ
480 1641 514 1667 τὰ
527 1640 611 1668 τέκνα
629 1641 680 1676 τῆς
698 1642 868 1677 ἐπαγγελίας
884 1645 930 1670 λο-

140 1685 247 1719 γίζεται.
261 1686 302 1718 είς
316 1685 438 1721 σπέρμα.
451 1695 460 1712 ι
476 1686 531 1713 Καὶ
546 1687 615 1722 πρὸς
631 1686 757 1723 Ἀϐραὰμ
769 1688 797 1714 δὲ
808 1689 909 1726 ὲρῥέθη
920 1699 929 1708 ο

141 1730 254 1765 Πατέρα
271 1730 377 1757 πολλῶν
393 1731 478 1758 ἐθνῶν
498 1731 609 1759 τέθεικά
622 1741 662 1759 σε.
684 1733 755 1768 Πρὸς
769 1734 787 1761 ἆ
800 1743 843 1764 τις
862 1743 931 1771 προ-

142 1776 233 1811 φήτης
255 1776 341 1811 φησί·
363 1786 372 1803 ι
390 1777 549 1813 Μνήσθητε,
574 1778 598 1805 ot
616 1779 724 1814 μακρὰν
748 1779 796 1806 τοῦ
814 1781 929 1816 Κυρίου,

141 1821 191 1848 καὶ
212 1820 389 1857 Ἰερουσαλὴμ
411 1823 543 1858 ἀναὸήτω
563 1824 610 1850 ἐπὶ
628 1824 678 1860 τὴν
692 1825 808 1860 καρδίαν
823 1826 926 1861 ὑμῶν.»

143 1867 179 1892 ’Λ
189 1866 221 1901 δὴ
233 1867 280 1893 καὶ
292 1867 448 1901 πεισθέντα,
462 1868 532 1895 κατὰ
542 1869 587 1896 τὸν
595 1869 720 1902 Ἡσαΐαν,
732 1871 809 1905 φασίυ
822 1872 929 1905 (Δεῦτε,

142 1911 290 1947 ἀναῦὤμεν
302 1913 343 1944 είς
357 1913 387 1939 τὺ
402 1913 466 1949 ὅρος
481 1913 528 1940 τοῦ
545 1914 660 1949 Κυρίου,
679 1916 727 1942 καὶ
741 1917 781 1948 εἰς
796 1917 842 1943 τὸν
857 1916 931 1944 οἷκον

140 1955 190 1983 τοῦ
203 1955 271 1982 Θεοῦ
288 1957 397 1990 Ἰακὼ6,
413 1959 460 1984 κα)⁵
475 1959 620 1992 ἀναγγελεῖ
635 1958 684 1994 τὴν
696 1960 756 1986 ὁδὸν
776 1961 871 1995 αὐτοῦ,
884 1963 931 1990 καὶ

142 2002 334 2037 πορευσόμεθα
349 2004 378 2030 ὲν
401 2004 481 2040 αὐτῇ.
498 2013 507 2030 ι
525 2005 608 2037 Ἀλλ’,
633 2006 698 2033 ἰδοὺ
722 2006 826 2040 ἧκασι,
852 2009 929 2043 φησὶ,

141 2047 216 2074 τοῦτ’
231 2048 315 2080 ἐστιν,
329 2050 379 2076 οὑκ
393 2050 431 2081 εἰς
455 2050 564 2085 μακρὰν
577 2051 594 2086 ἡ
619 2051 716 2087 κλῆσις
741 2053 842 2080 αὐτῶν.
859 2055 931 2089 Δρα-

144 2094 258 2129 μοῦνται
278 2096 332 2131 γὰρ
359 2096 454 2132 ὥσπερ
479 2098 549 2124 κατὰ
572 2097 641 2124 πόδα
665 2098 720 2125 τῶν
744 2099 932 2134 εὐαγγελικῶν

143 2141 339 2175 κηρυγμάτων,
361 2141 423 2176 δίχα
446 2141 527 2168 πόνου
553 2142 663 2174 παντὸς.
681 2142 746 2169 Ἐπ’
767 2143 855 2178 ὤμων
877 2144 930 2180 γὰρ

141 2186 338 2220 ἀρθήσονται,
355 2184 400 2213 οἷα
418 2186 451 2222 δὴ
479 2187 566 2222 βρέφη
588 2188 649 2219 ταῖς
670 2188 726 2215 τῶν
742 2190 931 2224 μυσταγωγῶν

142 2232 343 2266 παιδαγωγίαις
365 2233 625 2268 χειραγωγούμενοι.
638 2234 711 2261 Γάλα
728 2235 783 2270 γὰρ
806 2235 931 2268 ποτίζον-

1018 493 1078 521 Non
1093 493 1232 522 immerito
1244 493 1340 530 igitur,
1353 498 1530 529 posteaquam
1542 492 1650 528 priores
1661 492 1766 520 allocu.

977 544 1023 568 tus
1040 544 1094 573 est,
1107 540 1292 567 ambulatum:
1308 545 1333 567 et
1354 545 1442 575 gentes
1456 540 1483 566 in
1501 539 1602 566 lumine
1620 547 1668 566 suo
1691 546 1765 566 nunc

976 586 1113 622 adjungit,
1130 589 1159 613 ut
1173 593 1319 614 commune
1334 588 1421 613 lumen
1442 586 1567 620 utrisque
1579 590 1641 612 ante
1665 584 1766 612 adven-

977 638 1047 665 tum,
1063 637 1090 661 et
1105 633 1246 668 deinceps,
1261 639 1490 667 communemque
1504 631 1669 666 splendorem
1684 638 1766 666 quem

976 679 1100 707 sordium
1135 678 1259 705 omnium
1301 677 1398 705 elliciat
1436 677 1582 709 abstersio,
1625 683 1688 704 esse
1719 675 1767 703 de-

981 729 1128 752 monstret.
1147 724 1185 752 Ea
1200 723 1273 752 enim
1287 723 1338 759 ipsi
1351 723 1434 750 etiam
1450 723 1568 758 gentium
1588 730 1660 757 reges
1685 726 1767 749 uten-

978 775 1034 803 tur.
1057 778 1120 798 cum
1150 770 1227 806 ipsos
1253 769 1411 798 divinorum
1442 769 1636 805 mysteriorum
1663 768 1768 796 virtute

978 816 1105 850 lustrari,
1119 816 1194 852 quod
1218 815 1322 844 sa-culo
1349 819 1444 843 nostro
1469 815 1559 850 reipsa
1584 814 1686 842 factum
1713 817 1766 843 est.

978 862 1136 897 contigerit.
1153 861 1292 895 Quoniam
1309 860 1407 889 deinde
1425 860 1543 895 gentium
1565 859 1702 890 meminit,
1726 867 1767 886 re-

979 915 1093 943 gumque
1118 914 1233 940 earum;
1251 906 1368 941 priorem
1395 906 1525 941 deinceps
1555 905 1601 932 Dci
1628 905 1769 932 civitatem

979 960 1074 980 omnes
1089 960 1137 980 eos
1148 952 1183 979 de
1202 951 1332 987 gentibus,
1347 951 1393 986 qui
1409 956 1536 979 sanctum
1561 956 1588 978 et
1613 951 1688 985 pium
1706 952 1769 978 vitae

980 998 1136 1026 institutum
1157 998 1373 1033 amplectentur,
1389 997 1461 1032 ﬁlios
1475 997 1535 1032 ejus
1549 996 1648 1024 haberi
1666 997 1767 1031 docet;

979 1051 1042 1071 cum
1063 1048 1234 1079 congregatos
1251 1043 1321 1078 ﬁlios
1344 1042 1400 1077 ejus
1418 1043 1505 1070 videre
1527 1043 1668 1078 praecipit;
1694 1042 1769 1078 quod

979 1089 1062 1117 etiam
1077 1089 1194 1116 humeris
1206 1089 1342 1116 sublatum
1358 1089 1393 1115 iri
1404 1088 1529 1124 adjungit
1545 1097 1553 1116 :
1571 1089 1645 1116 unde
1657 1096 1768 1121 omnes,

979 1135 1027 1170 qui
1043 1135 1078 1162 de
1102 1135 1220 1170 gentium
1248 1142 1364 1162 numero
1388 1134 1576 1168 crediderunt,
1598 1134 1626 1161 in
1652 1134 1770 1162 Abrahae

980 1180 1043 1208 sinu
1065 1181 1184 1214 quietem
1201 1187 1231 1207 se
1247 1179 1403 1213 habituros,
1418 1180 1633 1214 promissionem
1647 1187 1763 1215 accepe-

981 1231 1055 1254 runt.
1067 1226 1193 1261 Persepe
1204 1233 1270 1254 vero
1282 1230 1309 1253 et
1321 1226 1407 1261 ﬁliam
1418 1225 1583 1259 Jerusalem,
1601 1230 1628 1254 et
1644 1225 1769 1258 Sionem,

981 1273 1068 1308 ipsam
1090 1273 1207 1308 gentium
1225 1272 1378 1300 Ecclesiam
1394 1273 1550 1308 nuncupari
1569 1273 1691 1307 reperias
1708 1281 1716 1299 ε
1740 1275 1770 1299 ut

982 1317 1033 1345 hoc
1047 1318 1105 1345 loco
1122 1327 1129 1345 :
1147 1327 1157 1344 ι
1171 1317 1264 1346 Gaude
1291 1317 1476 1351 vehementer,
1495 1318 1549 1346 lilia
1563 1317 1630 1346 Sion
1643 1327 1652 1352 ;
1665 1317 1766 1353 jubila,

983 1365 1038 1392 filia
1054 1364 1219 1393 Jerusalem.
1238 1365 1308 1393 Ecce
1327 1365 1418 1398 venio,
1434 1369 1462 1392 et
1479 1365 1610 1393 habitabo
1634 1365 1662 1392 in
1681 1365 1770 1392 medio

982 1411 1032 1443 tui,
1049 1410 1116 1438 dicit
1135 1410 1290 1439 Dominus:
1315 1415 1342 1439 et
1368 1411 1481 1439 venient
1507 1415 1603 1446 gentes
1626 1410 1720 1437 multae
1734 1410 1769 1438 ad

982 1456 1128 1484 Dominum
1141 1457 1175 1484 '°.
1200 1465 1210 1483 ι
1228 1457 1307 1491 Quod
1321 1461 1412 1485 autem
1427 1457 1461 1485 de
1478 1457 1553 1492 longe
1569 1457 1668 1489 venire,
1682 1456 1767 1490 dixi',

983 1503 1063 1537 longe
1078 1509 1130 1531 nos
1144 1503 1295 1538 aliquando
1308 1503 1343 1530 ab
1357 1502 1468 1531 lsraelis
1483 1510 1570 1538 regno
1593 1501 1728 1534 abfuisse,
1743 1507 1772 1530 et

983 1555 999 1574 a
1025 1552 1253 1576 testamentorum
1283 1549 1467 1584 promissione
1494 1548 1654 1584 peregrinos
1685 1547 1772 1576 fuisse

983 1593 1129 1628 signiﬁcat.
1152 1603 1161 1620 ι
1183 1593 1236 1621 Sed
1250 1602 1310 1626 vos,
1327 1595 1429 1630 inquit,
1444 1595 1491 1629 qui
1517 1594 1665 1629 aliquando
1685 1594 1771 1622 eratis

982 1637 1071 1672 longe,
1087 1645 1161 1665 nunc
1181 1637 1245 1665 lacti
1260 1639 1328 1666 estis
1349 1646 1434 1674 prope
1446 1639 1481 1666 ²¹.
1502 1648 1511 1665 ι
1529 1654 1564 1659 ——
1581 1648 1591 1665 ι
1610 1638 1670 1665 Non
1685 1639 1770 1671 enim,

982 1683 1072 1718 inquit
1100 1683 1267 1718 Apostolus,
1285 1691 1381 1712 omnes
1409 1685 1456 1720 qui
1485 1689 1550 1712 sunt
1572 1684 1606 1712 de
1631 1684 1735 1718 lsrael,
1752 1686 1771 1712 ii

981 1734 1047 1759 sunt
1063 1730 1147 1758 israel
1162 1739 1170 1758 :
1188 1731 1236 1760 sed
1252 1731 1299 1767 qui
1312 1736 1378 1759 sunt
1391 1732 1439 1760 lilii
1454 1732 1662 1767 promissionis,
1681 1732 1709 1759 in
1726 1740 1772 1760 se-

981 1784 1042 1804 men
1059 1776 1110 1812 ipsi
1127 1781 1291 1812 reputantur
1305 1779 1340 1805 “.
1359 1787 1368 1804 ι
1389 1778 1460 1806 Sunt
1478 1786 1543 1806 vero
1572 1783 1600 1806 et
1627 1778 1660 1806 ad
1685 1779 1773 1806 Abra-

983 1823 1093 1850 hamum
1109 1823 1251 1856 nonnulla,
1266 1824 1368 1859 quibus
1380 1824 1507 1852 eumdem
1521 1824 1644 1859 gentium
1664 1829 1771 1858 patrem

984 1869 1041 1897 lieri
1057 1869 1142 1896 voluit
1158 1869 1290 1898 Dominus
1305 1877 1312 1897 :
1326 1870 1359 1898 ad
1379 1878 1440 1906 quae
1455 1878 1517 1898 cum
1533 1871 1684 1905 respiceret
1701 1877 1769 1905 pro-

982 1915 1064 1950 pheta
1084 1915 1209 1950 quidam,
1224 1923 1284 1950 eos,
1316 1917 1363 1952 qui
1391 1917 1473 1953 longe
1497 1917 1638 1950 abessent,
1663 1916 1772 1944 Domini

983 1961 1154 1993 meminisse,
1183 1965 1212 1989 et
1234 1961 1390 1990 Jerusalem
1418 1962 1448 1990 in
1470 1961 1555 1990 corda
1580 1969 1630 1989 sua
1665 1961 1773 1990 inferre

982 2007 1162 2042 praecepit".
1184 2016 1193 2032 ι
1227 2007 1335 2040 Quibus
1369 2008 1435 2043 quia
1464 2012 1626 2044 paruerunt,
1652 2007 1699 2034 illa
1714 2007 1772 2042 jam

982 2052 1061 2080 Isaiae
1079 2057 1214 2088 usurpant
1231 2062 1238 2081 :
1258 2063 1267 2080 ι
1283 2053 1389 2088 Venite,
1403 2055 1587 2082 ascendamus
1601 2053 1630 2081 in
1650 2058 1772 2081 montem

982 2098 1100 2131 Domini,
1118 2100 1185 2127 etin
1200 2100 1312 2127 domum
1339 2099 1386 2128 Dei
1410 2100 1509 2128 Jacob.
1537 2100 1570 2127 Et
1597 2100 1772 2127 annuntiabit

981 2144 1053 2171 viam
1068 2144 1139 2180 ejus,
1165 2145 1191 2172 in
1217 2153 1304 2181 eaque
1319 2146 1522 2174 ambulabimus
1538 2146 1572 2173 “.
1597 2155 1607 2172 ›
1630 2145 1687 2173 Ιιιιο
1705 2145 1772 2172 Ecce

982 2195 1129 2224 venerunt,
1160 2192 1271 2226 inquit;
1304 2195 1436 2227 tanquam
1464 2200 1520 2220 non
1548 2192 1645 2228 procul
1676 2192 1773 2220 abesse

983 2245 1078 2265 eorum
1113 2238 1284 2265 vocationem
1316 2238 1469 2272 signiﬁcet.
1501 2238 1659 2274 Sequuntur
1687 2238 1771 2268 enim,

141 2286 187 2303 ται
207 2278 266 2305 κατ’
289 2278 387 2314 ἀρχὰς,
403 2279 475 2305 κατὰ
491 2279 577 2314 βραχὺ
603 2279 672 2314 πρὸς
697 2280 797 2316 μέτρον
822 2281 929 2316 ἡλικίας

983 2288 1113 2318 tanquam
1125 2291 1140 2311 e
1154 2283 1272 2318 vestigio
1285 2284 1368 2319 685
1384 2284 1549 2320 evangelicae
1558 2283 1773 2320 praedicationis,

142 2323 333 2355 ἀναϐαίνοντες
350 2323 452 2351 τέλειον
475 2324 534 2350 ὅσοι
552 2324 601 2359 τῆς
624 2324 669 2351 διὰ
692 2325 851 2361 Πνεύματος
867 2327 931 2353 ἀνα-

142 2370 296 2404 γεννήσεως
310 2369 418 2406 ἔτυχον.
433 2370 585 2406 Τοιγαροῦν
597 2372 611 2398 ὁ
626 2371 731 2404 Παῦλος
753 2381 762 2397 ι
775 2372 820 2405 Ὠς
840 2373 873 2401 ἄν
890 2382 931 2407 τις

140 2415 240 2450 τροφὸς
254 2415 343 2452 θάλπῃ
359 2417 393 2443 τὰ
409 2417 508 2452 ἑαυτῆς
523 2417 617 2449 τέκνα,
633 2426 642 2442 ι
662 2418 755 2452 φησιν,

982 2328 1058 2356 nullo
1077 2329 1179 2362 labore,
1195 2330 1328 2365 nulloque
1344 2331 1475 2365 negotio:
1492 2331 1556 2366 quia
1576 2330 1693 2357 humeris
1714 2337 1774 2364 par-

983 2375 1123 2408 tabunlur,
1139 2379 1271 2410 tanquam
1289 2375 1409 2403 infantes
1425 2376 1512 2412 aliqui
1532 2377 1566 2404 ab
1581 2375 1773 2403 initiatoribus

982 2421 1012 2449 in
1029 2428 1173 2449 sacrorum
1189 2421 1340 2455 penetralia
1362 2429 1446 2449 manu
1468 2422 1591 2450 deducti.
1614 2420 1670 2448 Lac
1695 2420 1768 2447 enim

142 2460 240 2488 bibunt
254 2462 383 2496 primum,
396 2463 470 2490 brevi
484 2463 613 2499 deinceps
629 2463 664 2491 ad
680 2473 838 2493 mensuram
861 2467 950 2495 artatis
967 2468 1118 2503 perfectam
1153 2468 1335 2496 ascendentes
1367 2472 1504 2504 quotquot
1549 2468 1662 2503 spiritus
1696 2469 1774 2500 rcge‘

142 2508 312 2536 iterationem
332 2509 423 2544 adepti
437 2514 510 2538 sunt.
533 2510 593 2544 Quo
629 2511 732 2539 factum
756 2516 809 2546 est,
847 2518 878 2541 ut
910 2517 1042 2551 tanquam
1067 2517 1170 2548 nutrix,
1198 2523 1260 2550 quae
1292 2515 1364 2543 ﬁlios
1378 2522 1444 2543 suos
1472 2514 1577 2546 foveat.

140 2554 243 2583 dixerit
259 2556 292 2583 ".

185 2613 243 2648 Ἐφ’
254 2611 294 2645 οἷς
307 2614 379 2648 λέγει
389 2623 396 2630 ι
411 2614 484 2642 Τότε
498 2615 578 2650 ὕψει,
593 2617 642 2644 καί
656 2618 790 2653 χαρήσῃ.
803 2619 858 2647 Ka‘l.
872 2619 931 2653 πῶς

140 2657 172 2684 οὐ
190 2659 282 2693 μέλλει
305 2660 396 2696 μήτηρ
419 2661 482 2697 περὶ
498 2661 615 2696 τέκνοις
630 2663 793 2698 σωζομένοις
808 2666 931 2700 εὐφραί-

141 2706 262 2737 νεσθαι;
276 2706 312 2732 Τὸ
326 2706 353 2732 δὲ
366 2707 536 2743 φοϐηθήσῃ,
548 2709 624 2744 παρὰ
638 2709 688 2744 μὲν
700 2711 757 2742 τοῖς
768 2711 870 2744 λοιποῖς
881 2712 931 2739 οὐκ

142 2752 304 2787 ἐμφέοεται.
322 2753 453 2790 Σημαίνει
465 2755 494 2782 δὲ
507 2756 539 2782 τὸ
547 2755 694 2792 ἐκστήσῃ,
710 2758 755 2784 καὶ
769 2758 928 2794 θαυμάσεις.

1624 2511 1772 2548 Apostolus

1022 2620 1154 2655 Sequitur
1164 2619 1283 2648 deinde:
1302 2619 1374 2646 Tum:
1393 2619 1502 2652 videbit,
1519 2623 1544 2646 et
1563 2617 1701 2653 gaudebit.
1719 2616 1771 2650 Qui

983 2667 1057 2695 enim
1079 2670 1194 2694 matrem
1227 2666 1344 2702 gaudere
1367 2673 1423 2693 non
1445 2665 1597 2700 contingat,
1622 2664 1645 2691 si
1673 2664 1772 2691 salvari

983 2713 1053 2748 ﬁlios
1070 2721 1136 2741 suos
1160 2713 1275 2740 videat?
1297 2712 1350 2740 Sed
1365 2720 1421 2739 non
1434 2715 1476 2739 est
1498 2710 1682 2747 ignorandum
1699 2710 1772 2745 apud

983 2759 1053 2787 alios
1069 2759 1171 2786 timebis
1188 2759 1300 2787 verbum
1324 2766 1379 2786 non
1395 2757 1512 2793 reperiri
1530 2766 1538 2785 :
1555 2757 1682 2793 idemque
1699 2756 1772 2792 quod

181 2842 201 2882 ις
212 2842 311 2877 Ephcs.
330 2851 360 2876 ιι,
381 2844 438 2882 19.-
460 2844 482 2860 ¹⁹
499 2843 598 2882 Ειιιιςε,
615 2853 655 2877 ιιι,
668 2845 728 2882 (ξω
744 2844 829 2880 Soph.
847 2853 890 2882 ιιι,
908 2847 915 2871 ι

982 2846 1085 2875 Lachar.
1101 2854 1140 2880 Ix,
1159 2846 1186 2876 9.
1224 2847 1247 2863 ¹¹
1267 2846 1366 2882 Ephcs.
1387 2853 1417 2878 ιι,
1433 2846 1476 2874 t5.
1514 2845 1537 2861 “
1553 2843 1632 2872 Rom.
1649 2851 1686 2878 ιι,
1696 2843 1724 2876 7,
1741 2842 1769 2870 8.

144 2878 165 2892 "
182 2876 282 2906 .Ι‹ϊιειιι.
300 2887 337 2906 LI.
390 2881 413 2895 "
429 2879 480 2907 lsn.
510 2876 539 2911 ii,
554 2880 580 2908 5.
619 2881 642 2897 ’⁵
677 2876 824 2914 Ἰ”1ιοδδ.ἰι,
847 2881 872 2909 7.
