1988 3079
192 137 264 170 2623

837 139 1015 171 PROCOPII
1034 138 1158 170 GAZ/EI

1764 132 1833 165 262i.

194 195 388 228 obstupescere
400 196 429 221 et
447 192 577 221 admirari
590 194 758 229 signiﬁcare,
773 196 854 230 quale
865 201 908 224 est
919 197 985 224 illud
1002 222 1004 227 ,

1055 195 1119 222 ἰατὰ
1141 195 1188 222 τδν
1203 194 1362 229 Ἀὃῦακοὺμ
1381 193 1494 220 εἰπόντα
1505 200 1512 208 ·
1544 201 1553 218 t
1569 192 1668 228 Κύριε,
1683 192 1834 227 είσακήκοα

194 239 334 274 prophetae
351 238 490 265 Habacum
509 247 516 265 :
535 247 544 262 ι
565 238 690 273 Domine,
703 240 795 268 audivi
812 241 983 268 auditionem

195 289 282 314 tuam.
303 287 331 311 et
352 283 430 311 timui
444 283 478 310 ³⁸.
499 293 509 311 ι
527 283 580 312 Sed
598 292 724 319 quamam
753 285 806 312 ista
827 286 879 313 fuit
897 286 986 314 admi-

195 329 275 356 randi
290 329 418 356 occasio?
431 328 579 363 Quoniam,
600 330 696 365 adjicit
711 339 718 358 :
735 330 943 366 Transfereutur
960 332 987 359 in

198 380 222 402 te
236 376 338 402 divitia:
360 376 453 403 maris.
469 375 518 403 Vel
540 380 569 403 ut
590 376 756 412 Symmacho
771 377 863 412 placet
889 387 896 405 :
920 377 987 405 Cum

197 419 237 445 rul-
253 423 276 446 te
294 427 419 446 conversa
435 419 515 453 fuerit
536 420 681 447 multitudo
705 421 800 453 maris,
822 426 846 448 et
871 426 987 455 potestas

195 465 330 500 gentium;
357 465 384 492 in
401 465 514 500 quibus,
541 473 604 492 cum
636 466 748 496 divitiis.
770 467 989 502 multitudineque

197 510 282 537 maris
298 518 392 538 eorum
406 511 543 546 ingentem
554 519 700 539 numerum
712 517 865 548 comparat,
881 513 927 548 qui
944 520 989 540 sa-

198 556 282 583 lutem
295 556 420 591 adepturi
437 560 511 584 sunt.
527 557 666 593 intelligas
685 565 752 585 vero
768 566 816 594 per
834 563 990 593 potestatem

199 601 259 629 sive
273 609 334 635 opes
347 602 465 636 gentium
475 622 484 634 ,
502 603 544 630 vel
558 609 617 635 eos,
626 611 743 638 quorum
761 608 804 631 est
821 604 892 632 inter
904 595 990 638 gentes

198 648 291 682 aliqua
307 652 441 681 potestas;
455 649 494 675 vel
507 656 555 676 eos
569 649 653 676 etiam
671 650 718 684 qui
739 649 806 683 Deo,
817 651 879 678 vita:
887 651 992 678 ratione

198 697 225 720 et
237 693 507 728 probitate,lirmiter
521 694 703 728 adhaerentes,
718 697 810 723 omnia
823 704 905 731 posse
921 697 988 724 sein

199 739 319 770 Christo,
329 739 375 774 qui
385 739 459 767 vires
475 740 607 775 suggerit,
615 740 708 768 valent
720 740 857 769 sllirmare
870 741 904 769 ".
924 740 993 769 Gau-

201 785 273 812 debis
285 792 378 819 porro,
388 785 489 820 inquit,
504 790 616 821 propter
629 786 877 822 imperfectiorum,
887 788 993 816 minus-

202 838 256 866 que
271 830 369 857 ratioui
379 831 545 865 parentium,
554 831 581 859 id
590 836 632 859 est
642 832 805 860 camelorum
829 842 934 868 greges;
946 835 993 869 qui

1037 241 1087 276 τὴν
1099 241 1184 276 ἀκοήν
1199 248 1258 271 σου,
1277 239 1323 266 καὶ
1337 238 1486 274 ὲφοὸήθην.
1498 247 1507 264 i
1519 238 1568 268 Τίς
1581 237 1609 264 δὲ
1620 237 1669 264 τοῦ
1683 236 1835 272 θαυμάζειν

1037 285 1054 320 ἡ
1072 284 1224 318 πρόφασις
1244 283 1413 310 Μεταὸαλεῖ
1433 283 1486 318 γὰρ
1501 283 1545 316 εὶς
1566 282 1604 309 σὲ
1624 281 1756 314 πλοῦτος
1781 284 1820 309 θα

1035 330 1168 363 λὰσσης.
1186 329 1215 356 '0
1232 328 1259 355 δὲ
1279 328 1445 363 Σύμμαχος·
1467 328 1562 355 Ὅταν
1583 327 1753 363 ἐπιστραφῇ
1779 327 1828 354 ἐπὶ

1037 375 1076 402 σὲ
1094 375 1127 402 τὸ
1142 374 1259 409 πλῆθος
1274 374 1329 408 τῆς
1345 373 1515 407 θαλάσσης,
1532 373 1581 400 καὶ
1598 374 1617 408 ἡ
1630 373 1757 408 δύναμις
1771 372 1830 400 τῶν

1037 419 1142 447 ἐθνῶν.
1152 419 1181 446 Ὀ
1193 419 1222 445 δὲ
1236 419 1316 452 λόγος
1328 418 1379 454 τὴν
1391 417 1581 453 πολυπληθίαν
1590 418 1645 444 τῶν
1658 417 1830 452 σωζομένων,

1038 465 1159 498 πλούτῳ
1182 464 1231 491 καὶ
1254 465 1364 498 πλήθει
1379 463 1539 497 θαλάσσης
1553 463 1713 491 ἀπείκασεν.
1731 463 1826 489 Δυνά-

1036 520 1104 546 μεις
1117 510 1146 537 δὲ
1161 510 1257 539 ἐθνῶν
1271 511 1288 545 ἢ
1303 511 1327 538 οἰ
1344 511 1379 538 ἐν
1401 510 1505 544 αὐτοῖς
1529 510 1651 537 δυνατοὶ
1663 529 1670 542 ,
1694 510 1710 546 ἢ
1734 510 1760 536 οι
1784 508 1834 536 τοῦ

1040 557 1110 584 κατὰ
1132 556 1200 583 Θεὸν
1224 556 1283 591 βίου
1311 556 1442 594 νεανικῶς
1466 555 1651 590 ἀντεχόμενοι,
1665 555 1703 586 ὡς
1716 554 1806 588 λέγειν
1819 562 1827 570 ο

1047 604 1156 631 (Πάντα
1171 603 1255 639 ίσχύω
1263 604 1292 630 ὲν
1299 603 1339 638 τῷ
1346 602 1538 638 ἐνδυναμοῦντί
1547 610 1579 637 με
1590 601 1709 637 Χριστῷ.
1717 610 1725 624 ι
1738 600 1835 634 Καρή-

1041 657 1082 684 om
1100 649 1140 681 δὲ,
1159 650 1238 684 φησὶ,
1249 649 1297 675 καὶ
1313 649 1360 675 ἐπὶ
1371 648 1425 675 τῶν
1440 647 1625 683 ἀτελεστέρων
1639 647 1686 673 καὶ
1698 645 1833 681 ἀλογωτέ-

1044 703 1097 731 ρων
1120 696 1181 727 ταῖς
1203 695 1325 730 ἀγέλαις,
1342 694 1389 727 οὒς
1403 693 1552 729 καμήλοις
1568 693 1728 725 ἀπείκασεν,
1745 692 1777 720 Οἳ
1801 692 1834 728 δή

1044 750 1086 768 σοι
1098 742 1228 776 χρυσίον
1241 741 1291 768 καὶ
1302 741 1429 768 λίϐανον
1445 740 1566 767 οἴσουσι
1576 760 1584 772 ,
1599 739 1663 771 τοὺς
1677 739 1706 766 ὲν
1724 738 1839 773 Ἐκκλη-

1044 787 1090 823 σίᾳ
1106 787 1252 818 πλουσίους
1274 786 1372 822 δηλῶν.
1397 786 1452 813 Kal.
1478 786 1493 813 ό
1516 785 1612 821 Σωτὴρ
1638 785 1691 820 γὰρ
1716 784 1843 819 καμήλῳ

1045 834 1208 870 παρεικάζει
1219 833 1274 861 τὸν
1286 834 1448 865 πλούσιον,
1473 831 1665 867 εὐκοπώτερον
1674 829 1743 858 εἶναι
1754 830 1844 865 λέγων

203 884 300 903 aurum
315 880 340 903 et
356 876 414 904 thus
429 876 478 904 tibi
490 882 551 904 sunt
569 878 681 904 allaturi
699 885 709 905 :
724 886 777 913 qua
796 879 909 907 ratione
923 879 994 908 divi-

1055 880 1171 916 ιάμηλον
1181 879 1227 906 διὰ
1237 878 1399 915 τρυμαλιᾶς
1409 879 1520 914 auerso;
1532 877 1674 910 εἰσελθεῖν,
1684 878 1701 912 ἢ
1715 876 1844 903 πλούσιον

203 925 287 950 teset
302 922 449 957 opulentos
470 923 498 950 in
522 922 647 951 Ecclesia
672 923 849 959 signiﬁcavit.
876 924 945 952 Nam
969 930 997 952 et

203 967 332 995 Salvator
345 968 415 1003 ipse,
435 976 509 1001 eum,
527 969 572 1004 qui
588 969 659 996 dive;
673 970 720 1001 sit,
737 970 839 997 camelo
855 977 998 1006 compara-

203 1014 243 1041 vit
253 1014 294 1048 ⁸⁶;
308 1021 371 1042 cum
387 1014 500 1042 facilius
514 1022 576 1043 esse
587 1016 721 1043 camelum
735 1024 783 1050 per
795 1016 916 1044 foramen
930 1024 998 1044 acus

203 1060 325 1087 transire
345 1059 424 1093 dixit,
441 1067 523 1095 quam
540 1060 654 1088 divitem
671 1061 698 1088 in
725 1069 839 1096 regnum
863 1062 995 1089 cmlorum

205 1104 312 1140 ingredi
326 1114 333 1132 :
351 1105 398 1133 sed
415 1110 506 1133 tamen
520 1106 592 1141 quod
603 1107 764 1134 hominibus
774 1107 832 1134 lleri
846 1115 899 1135 non
915 1114 998 1142 posse

207 1150 333 1183 videtur,
360 1157 422 1178 esse
446 1150 500 1178 Deo
520 1151 650 1187 perfacile
668 1152 701 1179 ".
723 1152 830 1185 Quibus
854 1153 947 1180 verbis
971 1156 999 1180 et

207 1194 360 1223 Jerusalem
377 1195 464 1231 ipsam
480 1197 647 1225 commoveri
662 1198 790 1233 contigit,
806 1206 868 1226 cum
880 1203 999 1234 angusta

201 1245 234 1269 .et
256 1242 354 1269 stricta
373 1242 428 1274 via,
451 1247 579 1278 tanquam
599 1251 648 1278 per
672 1243 796 1271 foramen
816 1252 894 1275 acus.
915 1245 998 1272 vitam

202 1288 338 1313 'mtcrnam
352 1286 422 1314 adiri
432 1295 439 1320 ;
449 1294 512 1314 cum
525 1287 580 1315 Deo
591 1295 705 1315 munera
714 1289 748 1315 ad
762 1289 861 1316 anima:
877 1290 1003 1326 redemp-

209 1329 311 1357 tionem
325 1329 418 1358 ofl'erri
432 1330 512 1359 vidit.
531 1330 578 1358 Est
605 1332 678 1358 enim
693 1333 767 1366 quod
785 1333 876 1360 anima
905 1333 938 1361 ad
960 1341 1006 1361 ca-

1047 927 1087 958 είς
1111 925 1161 961 τὴν
1187 925 1327 961 βασιλείαν
1342 925 1397 952 τῶν
1417 924 1640 960 οὐρανῶν.ἈλλΞι
1656 923 1710 958 γὰρ
1727 923 1758 949 τὸ
1773 921 1845 958 παρ’

1047 971 1205 1006 ἀνθρώποις
1219 971 1361 1004 ἀδύνατον,
1377 971 1456 1006 παρὰ
1476 970 1537 1006 Θεῷ
1559 968 1679 996 δυνατόν.
1689 968 1747 1003 Ἐφ’
1757 965 1780 1000 ᾦ
1795 968 1845 995 καὶ

1053 1017 1233 1053 Ἰερουσαλὴμ
1249 1017 1349 1052 ἐξέστη
1365 1017 1410 1044 διὰ
1426 1017 1475 1051 τῆς
1492 1016 1589 1051 στενῆς
1601 1015 1649 1042 καὶ
1661 1014 1846 1050 τεθλιμμένης

1045 1064 1106 1091 ὁδοῦ
1124 1064 1260 1100 βλέπουσα
1288 1063 1351 1096 τοὺς
1370 1064 1504 1095 εἰσιόντας
1518 1064 1558 1095 είς
1568 1062 1618 1098 τὴν
1637 1062 1746 1089 αἰώνιον
1763 1060 1846 1099 ζωὴν,

1045 1110 1084 1141 ὡς
1101 1110 1145 1136 διὰ
1161 1109 1322 1145 τρυμαλιᾶς
1338 1109 1450 1146 ῥαφίδος
1463 1129 1470 1140 ,
1487 1109 1561 1144 δῶρα
1576 1109 1709 1144 φέροντας
1724 1106 1785 1142 Θεῷ
1797 1106 1847 1133 λύ-

1046 1164 1100 1192 τρα
1125 1157 1174 1192 τῆς
1209 1156 1279 1187 ἰδίας
1302 1155 1405 1191 ψυχῆς.
1431 1155 1537 1190 Λύτρον
1561 1155 1614 1190 γὰρ
1637 1154 1726 1189 ψυχῆς
1746 1154 1760 1180 ό
1784 1153 1850 1184 ἴδιος

1047 1199 1191 1233 πλοῦτος.
1222 1199 1304 1228 Σαϐᾶ
1316 1200 1325 1218 ί
1341 1199 1370 1227 δὲ
1384 1199 1462 1231 ἔθνος
1476 1199 1644 1226 Δίθιοπιχόν.
1658 1198 1713 1225 Καὶ
1723 1196 1804 1232 rapti
1820 1197 1851 1223 δὲ

1049 1245 1098 1272 καὶ
1122 1236 1241 1279 Μαὸιὰμ
1265 1244 1367 1280 ὁμοίως
1383 1244 1522 1280 βάρΰαρα,
1537 1242 1666 1278 γονίμους
1681 1242 1777 1277 ἔχοντα
1793 1249 1848 1266 κα-

1048 1290 1157 1326 μήλων
1176 1290 1280 1326 χώρας.
1295 1290 1341 1316 Διὸ
1356 1289 1389 1326 δὴ
1403 1291 1435 1325 τῇ
1449 1291 1552 1316 τούτων
1577 1288 1709 1324 κέχρηται
1733 1287 1747 1314 ὁ
1769 1286 1850 1320 λόγος

1060 1336 1156 1363 εἰκόνι.

209 1374 342 1409 ptivitatis
358 1383 415 1403 sua;
430 1376 644 1412 redemptionem
657 1378 741 1413 686
758 1379 885 1412 exsolvit,
903 1380 1077 1415 propriarum
1100 1381 1190 1417 ipsius
1207 1382 1363 1410 divitiarum
1378 1381 1489 1409 nomine
1504 1380 1682 1408 censendum.
1704 1378 1750 1405 Εςι
1771 1385 1853 1412 porr-

211 1421 313 1456 Sabba,
337 1431 404 1458 gens
422 1423 579 1458 Ethiopica
596 1433 603 1451 :
623 1424 711 1459 Gepha
729 1431 819 1453 autem
839 1431 867 1454 et
882 1426 1004 1455 Modiam
1017 1429 1143 1457 barbarae
1154 1438 1264 1466 quoque
1274 1430 1401 1466 regiones
1422 1429 1582 1457 camelorum
1601 1428 1765 1455 fecunditate
1776 1434 1854 1453 com-

203 1470 362 1503 ,mendatae;
380 1476 435 1504 quo
461 1470 562 1498 factum
577 1474 629 1503 est,
647 1476 677 1499 ut
695 1479 790 1499 eorum
820 1473 938 1508 imagine
964 1474 1096 1510 propheta
1111 1479 1236 1504 uteretur

248 1515 412 1550 Quanquam
442 1519 535 1543 tamen
564 1517 672 1544 ratione
707 1516 837 1552 praeditas
870 1518 1004 1552 quasdam

212 1559 346 1594 ejusmodi
362 1559 476 1586 camelos
494 1560 581 1588 fuisse
602 1561 714 1596 planum
731 1562 777 1589 sit.
794 1562 841 1589 Ait
856 1562 930 1589 enim
947 1571 955 1589 :
971 1562 1005 1590 Et

206 1605 329 1639 operient
340 1606 435 1633 cameli
450 1606 583 1640 Modiam,
596 1612 621 1634 et
634 1607 734 1642 Geplta.
751 1607 848 1635 Omne;
868 1608 900 1635 de
916 1608 1007 1637 Subba

215 1651 328 1683 venient,
350 1652 462 1687 ferentes
482 1661 590 1686 aurum,
606 1659 631 1680 et
653 1653 712 1680 thus
728 1654 829 1689 ferent;
845 1659 871 1682 et
887 1656 1008 1684 salutare

220 1696 327 1724 Domini
351 1699 557 1726 annuntiabunt.
576 1699 627 1732 Qui
644 1700 717 1727 enim
741 1705 802 1727 sunt
824 1703 918 1729 cameli
933 1702 1008 1730 calu-

219 1748 277 1771 tare
292 1743 401 1771 Domini
416 1745 626 1773 aununtiaturi?
643 1746 773 1775 Homines
788 1748 873 1783 igitur
897 1748 935 1776 illi
954 1749 1011 1776 sint

218 1793 328 1824 oportet
347 1790 394 1825 qui
416 1790 476 1818 Ilius
501 1791 616 1827 quidem
640 1793 741 1829 ipsum,
763 1794 790 1822 id
807 1799 860 1828 est,
881 1795 1013 1830 spiritua-

220 1835 273 1862 lem
291 1835 446 1864 divinitatis
467 1836 669 1872 fragrantiam;
687 1847 784 1866 aurum
806 1845 909 1873 autem,
928 1840 954 1867 id
969 1844 1012 1868 est

220 1889 380 1915 corpoream
391 1890 483 1910 rerum
497 1883 664 1912 allluentiam
677 1888 706 1913 et
720 1885 828 1921 copiam
840 1885 921 1914 laturi
936 1891 1011 1915 sunt.

221 1926 300 1959 Quod
317 1928 400 1962 igitur
414 1929 586 1963 admirabile,
603 1935 756 1966 praeterque
770 1931 928 1967 opinionem
941 1936 1012 1967 erat,

223 1974 262 2003 ut,
290 1979 351 2006 qua:
370 1972 558 2007 jumentorum
575 1974 717 2010 ingenium
736 1976 881 2009 referunt,
896 1977 1012 2005 divitum

223 2017 331 2050 animm,
351 2019 459 2046 camelis
473 2019 561 2054 ipsis,
577 2025 690 2055 propter
711 2021 853 2050 assiduum
874 2022 1012 2058 bajulandi

224 2070 328 2097 usum,
361 2070 473 2099 propter
499 2065 715 2101 fecunditatem,
745 2072 857 2103 propter
887 2069 1015 2097 animalis

223 2108 307 2136 etiam
318 2111 480 2144 pravitatem
495 2115 674 2147 comparatae.
687 2116 941 2142 transmutarentur
958 2123 967 2142 ξ
986 2119 1016 2142 ιιι

226 2162 336 2182 rursum
348 2160 459 2191 propter
469 2157 597 2184 eximiam
613 2158 759 2186 utilitatem
777 2159 898 2187 salutare
910 2160 1017 2188 Domini

226 2201 418 2229 rauuntiarent
429 2210 439 2229 :
457 2207 485 2229 ut
496 2202 614 2238 denique
626 2212 685 2231 oues
700 2203 798 2236 Cedar,
817 2205 844 2232 id
855 2208 906 2238 est,
925 2205 1018 2233 mode-

227 2248 346 2275 ratiores
371 2252 399 2276 et
419 2247 612 2284 simpliciores,
629 2258 737 2285 usuque
765 2251 883 2279 rationis
906 2251 1019 2278 minime

227 2293 365 2322 destitutae
378 2298 496 2328 mentes,
512 2301 752 2332 congregarentur,-
770 2297 890 2332 idipsum
903 2297 960 2332 jam
982 2297 1020 2324 fa-

1096 1521 1160 1549 Ὀτι
1192 1521 1221 1549 δὲ
1236 1519 1345 1556 λογικαί
1359 1529 1432 1552 τινες
1448 1517 1518 1555 ἦσαν
1543 1519 1572 1545 αἱ
1595 1518 1696 1546 τοιαίδε
1715 1517 1855 1551 κάμηλοι,

1065 1566 1155 1602 δῆλον.
1171 1567 1240 1602 Φησὶ
1252 1567 1323 1601 γάρ’
1337 1566 1392 1594 Καὶ
1406 1565 1583 1599 uoluti-ole
1595 1572 1632 1591 σε
1646 1563 1775 1597 κάμηλοι
1794 1564 1858 1589 Μα-

1057 1611 1137 1646 διὰμ,
1152 1611 1201 1638 καὶ
1226 1610 1328 1646 regii,
1351 1609 1463 1643 πάντες
1481 1609 1516 1636 ἐκ
1541 1608 1638 1636 Σαϐϐᾶ
1659 1608 1781 1641 ἥξουσι.
1799 1606 1855 1633 Φέ-

1021 1672 1043 1702 c
1056 1665 1164 1691 ρον-τες
1175 1657 1305 1692 χρυσίον
1321 1656 1369 1684 καὶ
1388 1657 1516 1702 λίϐανον
1533 1655 1666 1702 οἴσουσι,
1683 1653 1732 1702 καὶ
1747 1653 1781 1680 τὸ
1793 1659 1855 1702 σιει-

1059 1702 1166 1737 τήριον
1187 1703 1300 1737 Κυρίου
1326 1701 1581 1737 εὐαγγελιΘῦνται.
1598 1700 1660 1732 Πῶς
1685 1699 1740 1734 γὰρ
1764 1696 1856 1732 καμή,

1060 1751 1143 1776 λουιι
1163 1747 1197 1774 τὸ
1217 1747 1363 1782 σωτήριον
1386 1744 1625 1781 εὐαγγελίζονται
1648 1743 1703 1770 τοῦ
1724 1742 1855 1776 Κυρίου»

1063 1794 1178 1829 Ἄνδρες
1191 1791 1238 1821 οὖν
1257 1793 1349 1825 αὐταὶ,
1376 1792 1508 1827 φέρουσαι
1522 1791 1649 1817 λίϐανον
1666 1788 1728 1824 μὲν,
1743 1788 1793 1823 τὴν
1807 1786 1857 1821 τῆς

1064 1840 1202 1873 θεολογίας
1228 1838 1421 1874 πνευματικὴν
1446 1836 1577 1864 εὐωδίαν
1605 1834 1723 1870 χρυσὸν
1745 1833 1783 1866 δὲ,
1807 1833 1858 1868 τὴν

1065 1885 1225 1921 σωματικὴν
1249 1883 1393 1920 εὐπορίαν.
1407 1882 1444 1909 Τδ
1465 1882 1513 1909 οὖν
1531 1880 1702 1917 παράδοξον.
1718 1878 1749 1905 τὸ
1774 1886 1858 1912 μετα-

1064 1932 1248 1968 6ληθήσεσθαι
1268 1930 1318 1962 τὰς
1344 1928 1493 1966 κτηνώδεις
1518 1927 1573 1955 τῶν
1596 1926 1733 1954 πλουσίων
1754 1924 1857 1959 ψυχὰς,

1064 1978 1210 2013 καμήλοις
1225 1976 1430 2011 ἁπεικασμένας
1444 1974 1489 2001 διὰ
1501 1974 1531 2001 τδ
1547 1972 1709 2009 ἀχθοφόρον,
1735 1971 1782 1998 καὶ
1806 1978 1859 1996 πο-

1064 2025 1186 2060 λύγονον,
1200 2024 1248 2051 καὶ
1260 2021 1366 2050 σκολιδν
1384 2020 1431 2048 τοῦ
1446 2019 1516 2052 ζὼου
1526 2027 1533 2034 ⁸
1551 2019 1597 2046 καὶ
1618 2018 1651 2045 δι’
1667 2015 1859 2052 ὑπερϐάλλου-

1067 2080 1115 2098 σαν
1130 2070 1264 2105 ὠφέλειαν
1276 2066 1518 2103 εὐαγγελίζεσθαι
1531 2065 1564 2092 τὸ
1578 2063 1726 2098 σωτήριον
1736 2062 1858 2096 Κυρίου·

1067 2117 1106 2144 ἔτι
1126 2116 1154 2143 δὲ
1175 2115 1223 2143 καὶ
1246 2115 1281 2141 τὰ
1304 2113 1435 2148 πρόϐατα
1456 2111 1556 2146 ιίηδάρ
1571 2119 1639 2145 φησι
1661 2108 1859 2142 συναχθήσε-

1067 2164 1149 2194 σθαι,
1165 2161 1214 2192 τὰς
1229 2160 1416 2194 ἀφελεστέρας
1429 2158 1517 2192 λέγων
1529 2156 1618 2192 ψυχὰς
1632 2153 1860 2189 λογικάς.Τοιοῦο

1068 2216 1115 2234 ¹ιον
1128 2207 1158 2233 τό
1167 2214 1175 2222 θ
1194 2215 1203 2232 t
1218 2204 1369 2240 Πορεύεσθε
1383 2203 1452 2240 πρὸς
1464 2202 1498 2230 τὰ
1510 2202 1635 2238 πρόϐατα
1649 2200 1685 2227 τὰ
1699 2198 1860 2226 ἀπολωλότα

1069 2251 1145 2278 οῐκου
1162 2250 1282 2286 Ἰσραήλ.
1298 2259 1307 2276 i
1335 2249 1390 2276 Kal.
1412 2248 1459 2275 τό·
1490 2256 1499 2273 ι
1513 2246 1554 2273 Τὰ
1580 2245 1635 2282 ἐμὰ
1662 2244 1787 2281 πρόϐατα
1810 2245 1860 2278 τῆς

1070 2297 1163 2332 φωνῆς
1176 2297 1226 2332 τῆς
1239 2296 1310 2332 ἐμῆς
1320 2295 1423 2322 ἀκούει.
1434 2304 1444 2321 r
1457 2293 1513 2321 Καὶ
1527 2293 1557 2320 ὲν
1573 2291 1704 2327 Ίεζεκιὴλ
1716 2290 1744 2317 δέ
1760 2298 1842 2325 φησιν
1852 2298 1860 2304 ·

228 2345 302 2368 ctum
324 2347 386 2368 esse
398 2340 525 2369 afﬁrmat.
539 2341 604 2370 Tale
618 2347 700 2370 estet
714 2342 780 2370 illud
797 2351 804 2370 :
820 2352 830 2369 ι
848 2343 885 2371 Ite
898 2342 933 2370 ad
954 2350 1004 2370 ove

1055 2353 1059 2372 ι
1075 2353 1085 2370 ι
1095 2343 1162 2370 Ἰδοὺ
1178 2341 1233 2375 ἐγὼ
1245 2341 1389 2376 ὲκζητήσω
1402 2339 1437 2366 τὰ
1452 2338 1580 2374 πρόόατά
1593 2346 1655 2374 μου⁹
1672 2346 1682 2362 ›
1700 2336 1747 2362 καὶ
1761 2335 1797 2361 τὰ
1812 2335 1864 2368 ἑφ-

229 2395 291 2422 (ιιιιυ
305 2387 446 2421 perierunt
461 2388 559 2415 domus
583 2388 666 2416 Israel
685 2388 718 2414 ²¹.
746 2397 755 2413 ›
778 2387 809 2414 Et
828 2387 892 2415 illud
910 2388 992 2414 etiam
1010 2395 1017 2414 :

232 2434 331 2461 120ves
347 2439 414 2459 mea:
438 2439 532 2460 vocem
554 2440 642 2460 meam
663 2433 779 2460 audiunt
799 2433 832 2460 ³ο.
857 2442 866 2458 ι
892 2433 924 2459 ΕΙ.
948 2431 1020 2468 apud

232 2477 422 2510 Ezechielem;
455 2485 536 2511 cum,
568 2487 578 2504 ι
614 2478 685 2506 Ecce
723 2487 774 2514 ego
805 2486 925 2514 quaeram
956 2485 1021 2506 oves

232 2531 308 2551 meas
321 2525 353 2557 ",
373 2533 383 2550 ι
402 2528 429 2551 et
445 2532 507 2559 quae
520 2524 660 2560 deinceps,
673 2525 800 2559 dixisset,
819 2525 920 2559 adjecit
934 2533 941 2551 :
959 2534 969 2551 ι
988 2524 1022 2552 Et

233 2574 320 2600 scient
335 2573 399 2607 quia
420 2580 471 2608 ego
486 2580 547 2600 sum
559 2573 695 2601 Dominus
707 2573 778 2601 Deus
793 2580 902 2604 eorum,
914 2571 1022 2607 ipsique

235 2620 351 2654 populus
365 2626 443 2646 meus
459 2618 556 2646 domus
569 2618 665 2651 Israel,
681 2619 749 2646 dicit
767 2618 909 2646 Dominus.
923 2618 958 2646 Et
973 2625 1022 2645 vos

234 2674 299 2694 oves
313 2673 391 2699 mete,
406 2669 433 2693 et
449 2673 514 2692 oves
532 2665 623 2700 gregis
638 2666 689 2693 mei
706 2665 830 2693 homines
843 2664 920 2697 estis,
934 2669 961 2692 et
974 2671 1026 2699 ego

271 2725 293 2741 "‘
313 2725 416 2751 llalmc.
434 2732 474 2757 ιιι,
494 2725 518 2751 Ι.

237 2767 329 2792 Mitt",
353 2760 394 2786 Η.

1068 2388 1132 2424 εξῆς
1151 2387 1236 2415 εἰπὼν
1252 2387 1380 2422 ἐπιφέρει
1392 2393 1399 2403 ⁸
1417 2394 1427 2411 ι
1442 2385 1498 2412 Kal.
1511 2384 1662 2419 γνώσονται
1672 2383 1714 2410 ὅτι
1731 2381 1787 2415 ἐγώ
1805 2381 1864 2415 εἰμι

1068 2436 1172 2471 Κύριος
1187 2436 1201 2462 ό
1217 2435 1283 2466 Θεδς
1296 2433 1398 2466 αὐτῶν,
1411 2432 1458 2459 καὶ
1471 2431 1549 2458 αὐτοὶ⁸
1562 2430 1627 2462 λαός
1651 2438 1701 2464 μου
1721 2427 1797 2459 οἶκος
1810 2427 1863 2453 Ἰσ-

1071 2481 1151 2517 ραὴλ,
1181 2480 1255 2514 λέγει
1275 2479 1388 2514 Κύριος.
1414 2477 1468 2504 Καὶ
1484 2477 1564 2513 ὑμεῖς
1589 2474 1714 2511 πρόὸατᾶ
1729 2483 1779 2510 μου
1793 2493 1801 2506 ,
1819 2472 1868 2499 καὶ

1071 2525 1196 2560 πρόϐατα
1210 2523 1336 2559 ποιμνίου
1352 2522 1491 2557 ἄνθρωποί
1506 2522 1580 2553 ἐστε,
1596 2520 1644 2547 καὶ
1656 2520 1712 2554 ἐγὼ
1734 2518 1836 2553 Κύριος
1852 2518 1869 2544 ὁ

1075 2571 1142 2602 Θεὸς
1156 2570 1243 2605 ὑμῶν.
1257 2578 1266 2594 r
1284 2568 1376 2595 Ταῦτα
1391 2567 1440 2603 μὲν
1458 2565 1511 2594 “οὗν
1521 2571 1534 2585 '
1547 2565 1668 2601 Ἰσραὴλ,
1682 2563 1817 2598 ἀλλόφυλα
1840 2562 1868 2588 δὲ

1077 2618 1210 2651 πρόϐατα
1225 2616 1272 2643 νῦν
1297 2624 1364 2650 φησι
1387 2612 1637 2648 συναχθήσεσθαι
1648 2612 1683 2639 τὰ
1695 2610 1806 2645 Κηδὰρ,
1819 2609 1869 2635 καὶ

1080 2662 1183 2696 κριοὺς
1205 2661 1333 2689 Νασεώθ.
1350 2660 1450 2693 Κηδὰρ
1467 2659 1495 2686 δὲ
1512 2657 1744 2694 μεθερμηνεύεται
1759 2662 1869 2682 οξνκοτιι⁴

556 2725 577 2740 ι’
599 2724 717 2760 Philipp.
734 2732 769 2756 Iv,
786 2724 829 2752 l5.
867 2723 889 2740 ³⁸
902 2723 997 2750 Matth.

1057 2742 1065 2755 ,
1080 2721 1172 2750 25.26.
1209 2721 1232 2737 "
1251 2720 1347 2748 Matth.
1364 2719 1430 2752 x,6.
1469 2718 1492 2734 ³ο
1512 2717 1591 2744 Joau.
1608 2725 1635 2749 κ,
1652 2716 1692 2743 ιο.
1731 2714 1752 2730 ³¹
1767 2710 1868 2740 Ezech.

889 2799 1006 2827 VARIZE
1027 2799 1228 2828 LECTIONES.

279 2852 287 2870 ⁸
305 2861 350 2887 γρ.
364 2851 468 2879 Σαεὸἄ.
507 2857 519 2871 ιι
535 2861 577 2886 rp.
591 2850 720 2885 κάμηλοι.
758 2853 772 2868 ν
785 2849 827 2876 ιον.
840 2849 903 2883 περὶ
917 2846 975 2873 τοῦ.
