1988 3079
116 159 188 191 2625

699 159 966 190 COMMENTARII
988 159 1029 190 IN
1047 159 1190 190 ISAIAM.

1680 159 1751 191 2626

117 218 206 252 σμός.
223 216 340 251 Λέγεται
351 216 379 243 δὲ
394 217 468 252 ἀμφὶ
481 216 531 253 τὴν
545 216 649 253 ἔρημον
661 215 732 244 εἶναι
746 218 801 244 τῶν
816 218 907 254 Σαρα-

968 217 1092 245 )ominus
1116 217 1188 245 Deus
1205 221 1292 244 vcster
1316 217 1349 244 ³¹.
1374 225 1383 241 ι
1406 216 1497 251 Atque
1515 216 1572 244 haec
1587 216 1699 252 quidem
1716 217 1751 244 de

117 262 219 297 κηνῶν.
239 263 294 289 Καὶ
317 262 437 291 Ναϐεὼθ
461 263 543 299 ἑτέρα
558 263 634 299 χώρα
649 263 696 290 τοῦ
708 263 817 299 Ἰσραὴλ
831 264 911 291 ἁλλοο

116 309 191 343 τρία.
212 307 361 342 Δηλοῦνται
381 308 409 334 δὲ
432 307 478 335 διὰ
495 308 550 334 τῶν
572 307 664 342 κριῶν
685 309 710 335 οἱ
728 309 911 344 ἀρχικώτατοι

116 353 171 379 τῶν
181 353 212 385 ἐξ
223 352 310 380 ἐθνῶν
323 353 557 389 ἐπιστρεφόντων,
569 353 594 380 οἳ
609 353 656 380 καὶ
672 353 718 380 νῦν
731 354 805 389 δῶρα
820 361 913 388 προσ-

117 397 274 432 φέρουσιν,
291 397 469 432 ἀφιεροῦντες
483 398 597 429 ἑαυτοὺς
611 397 650 433 τῷ
662 397 738 433 Θεῷ,
753 399 801 425 καὶ
815 399 848 434 τῇ
861 398 910 426 τοῦ

118 444 314 479 θυσιαστηρίου
328 444 557 480 προσεδρεύοντες
570 441 824 481 λειτουργίᾳ,δι’ὦν
834 446 851 481 ἡ
863 445 912 472 τοῦ

118 490 186 516 Θεοῦ
205 490 358 522 δοξάζεται
379 490 538 525 Ἐκκλησία.

961 263 1062 290 lsraele
1077 268 1141 290 sunt
1157 262 1344 298 intelligenda.
1357 262 1417 290 lam
1433 269 1498 290 vero
1511 270 1568 289 oves
1583 262 1751 297 alienigenas

961 308 1049 337 (Σιτίον
1065 309 1206 341 nimirum,
1220 309 1351 344 ipsosque
1364 309 1460 335 arietes
1477 307 1597 335 Nabeoth
1609 316 1752 343 congrega-

963 361 1017 384 tum
1032 356 1066 383 iri
1079 356 1204 384 aﬁirmat.
1216 356 1360 391 Signiﬁcat
1372 360 1464 383 autem
1479 355 1567 382 Cedar
1581 355 1650 382 idem
1662 355 1751 390 plane,

962 410 994 430 ac
1004 403 1027 431 si
1041 403 1162 430 tenebras
1176 402 1254 429 dicas
1276 411 1284 429 :
1298 406 1396 436 estque
1407 401 1441 428 ad
1460 400 1620 428 solitudines
1636 400 1752 428 Sarace-

962 456 1061 476 norum
1079 449 1212 476 collocata
1231 449 1317 484 regio.
1342 447 1390 476 Est
1404 455 1501 475 rursus
1519 451 1548 475 et
1562 447 1684 474 Nabeath
1699 448 1752 474 alia

965 494 1042 529 regio
1060 494 1112 522 sub
1131 493 1231 522 lsraele
1245 494 1327 530 687
1340 493 1440 520 aliena.
1461 492 1656 528 Signiﬁcantur
1671 500 1753 527 porro

120 538 232 564 arietum
246 538 368 570 nomine,
386 538 508 573 gentium
526 538 708 572 imperatores
719 538 850 571 maximi;
862 538 910 574 qui
928 540 1055 568 conversi
1064 541 1120 576 jam
1133 541 1204 568 dona
1220 541 1345 575 offerunt,
1363 540 1469 575 seipsos
1502 539 1557 566 Deo
1587 546 1752 567 consecran-

121 588 172 615 tes,
197 587 225 610 et
249 583 333 610 altari
355 583 381 609 in
403 583 463 616 cjus
484 583 668 610 ministerium
693 589 834 617 astantes;
862 593 910 619 per
929 594 1000 621 quos
1016 587 1074 622 ipsa
1090 587 1203 622 gloriam
1222 586 1268 614 Dei
1285 586 1447 622 adipiscitur
1461 585 1593 613 Ecclesia.

154 629 234 660 Τινὲς
249 628 277 655 δὲ
294 628 333 661 τὺ,
343 629 476 663 Κάμηλοι
486 629 534 656 ἐπὶ
545 629 699 664 καμήλων,
714 630 805 664 φασὶν,
819 630 912 664 ἥξου-

119 684 181 706 σιν,
197 675 214 709 ἢ
231 674 303 712 ἆπερ
318 674 410 710 ἔχουσι
424 675 665 710 προσχομίζοντες,
678 675 726 702 καὶ
742 676 806 708 τοὺς
817 683 831 697 ι
842 677 914 703 κατὰ

119 722 199 756 χεῖρα
220 720 356 755 τιμῶντες
383 720 469 747 Θεόν·
492 721 509 756 ἢ
533 721 574 747 ὃτι
596 721 628 747 οὺ
654 720 715 747 καθ’
730 721 777 747 ἕνα
791 720 915 756 ἥξουσιν,

120 766 178 793 ἀλλ’
188 765 339 801 ἀγεληδὸν
350 766 588 801 καρποφοροῦντες
599 768 639 798 είς
651 766 731 800 δόξαν
741 767 821 800 Θεοῦ,
831 768 915 803 ἤγουν

119 812 170 848 τὴν
183 812 212 845 ἐξ
225 811 313 847 ἔργων
329 811 439 846 ἀγαθῶν
453 812 597 848 εὐοσμίαν,
607 813 656 839 καὶ
670 813 806 841 πλοῦτον
820 822 914 841 ,πνευ-

118 859 254 894 ματικόν.
268 858 315 890 Ἐξ
327 855 364 884 ὧν
382 866 455 889 τινες
477 857 534 890 ἕξιν
559 858 741 894 εὐαγγελικὴν
764 859 914 894 ἐσχηκότες

120 904 294 940 προέστησαν
318 903 363 930 καὶ
383 903 467 936 λαῶν,
482 903 738 939 εὐαγγελιζόμενοι
760 906 794 932 τὸ
814 905 913 939 σωτή-

116 959 186 985 ριον
197 950 451 984 Κυρίου.”Ηξουσι
465 950 503 980 δὲ.
514 950 593 985 φησὶ,
602 950 652 977 καὶ
660 951 793 985 πρόϐατα
800 951 914 986 Κηδὰρ,

121 996 170 1023 καὶ
191 996 267 1031 κριοὶ
284 996 413 1023 Ναϐεώθ.
429 995 507 1022 Τοῦτ’
519 996 588 1029 ἔστι,
602 996 696 1023 δεκταὶ
711 997 758 1023 καὶ
772 997 874 1024 τούτων
887 998 916 1024 αἱ

122 1043 213 1069 θυσίαι
228 1043 389 1078 γενήσονται
412 1043 583 1078 προσιόντων
608 1043 654 1070 διὰ
677 1043 806 1074 πίστεως.
822 1043 917 1076 Είποις

121 1088 143 1114 δ’
158 1088 202 1121 ἂν,
218 1090 301 1123 φησὶ,
317 1089 451 1122 πρόϐατα
465 1088 514 1116 καί
532 1088 645 1122 κριοὺς,
660 1089 760 1125 ἄνδρας
775 1089 918 1125 βρίθοντας

122 1133 225 1166 καλοῖς,
239 1133 286 1160 καὶ
300 1134 452 1160 ἐπιείκειαν
466 1132 675 1168 ἀσπαζομένους
684 1154 692 1166 ,
706 1134 739 1161 δι’
756 1131 794 1161 ὧν
807 1135 821 1162 ό
834 1134 918 1168 01x0;-

121 1177 274 1210 δοξάζεται
300 1177 354 1205 τοῦ
379 1177 465 1210 Θεοῦ,
479 1178 510 1204 οὺ
526 1177 571 1204 διὰ
587 1178 694 1205 καπνοῦ
712 1179 760 1206 καὶ
780 1179 917 1215 αἱμάτων,

121 1224 188 1261 εἰ)ςρ
206 1223 290 1251 πάλαι
312 1223 391 1256 νεὼς,
404 1223 473 1251 ἀλλὰ
497 1223 542 1251 διὰ
565 1224 692 1259 λατρείας
718 1226 917 1261 πνευματικῆς.

122 1270 224 1297 Τούτου
239 1269 268 1296 δὲ
285 1269 415 1305 μνησθεὶς
423 1269 471 1297 τοῦ
486 1268 569 1306 ῥητοῦ
581 1270 629 1297 καὶ
641 1271 656 1297 ὀ
668 1270 764 1306 Σωτὴρ
778 1270 899 1305 ἔφασκεν
908 1279 916 1287 ·

127 1323 137 1341 ι
147 1315 177 1341 '0
186 1313 261 1346 οἶκός
271 1323 334 1349 μου,
349 1312 424 1346 οἶκος
439 1317 596 1350 προσευχῆς
605 1315 784 1352 κληθήσεται,
801 1317 880 1352 ὑμεῖς
889 1317 919 1344 δὲ

123 1360 205 1386 αὑτὸν
217 1361 364 1396 ἐποιήσατε
376 1360 509 1396 σπήλαιον
518 1361 634 1398 λῃστῶν.
642 1362 722 1389 »Ὅτε
733 1363 823 1389 τοίνυν
836 1360 919 1396 οἶκος

122 1405 228 1440 γέγονε
242 1406 435 1441 προσευχῆς,
448 1407 510 1434 τότε
532 1407 724 1440 δεδόξασται.
736 1408 878 1443 Ἐπίτηδες
891 1409 919 1435 δέ

125 1451 141 1486 ή
157 1451 264 1487 Γραφὴ,
275 1451 313 1483 ὡς
323 1451 483 1488 νηπιώδεσι,
496 1454 553 1485 τοῖς
562 1453 593 1485 ἐξ
604 1453 715 1489 Ἰσραὴλ
726 1454 918 1490 διαλεγομένη,

124 1499 158 1525 ἐκ
181 1497 237 1524 τῶν
260 1498 352 1530 αὐτοῖς
369 1499 494 1533 συνήθων
513 1499 562 1531 τὰς
579 1500 746 1534 ἐπαγγελίας
768 1500 919 1536 παρέχεται

997 632 1056 661 Non
1071 633 1172 662 desunt
1181 641 1255 667 vero,
1268 633 1315 668 qui
1327 632 1421 660 cameli
1432 632 1630 666 supercamelos
1639 633 1750 665 uenient,

962 679 1101 713 dixerint;
1124 679 1178 711 vel,
1208 683 1238 706 ut
1268 687 1329 710 qua:
1358 678 1412 714 ipsi
1443 679 1587 711 haberent,
1610 678 1752 710 allaturos.

965 725 1108 761 Deumque
1133 724 1264 753 facilibus
1293 728 1321 753 et
1339 724 1474 760 promptis
1489 727 1669 751 veneraturos
1693 731 1755 752 esse

963 771 1111 800 doeerent:
1127 771 1181 802 vel,
1208 776 1237 798 ut
1250 778 1305 798 non
1319 770 1471 806 sigillatim,
1494 768 1542 797 sed
1557 770 1686 804 gregatim
1707 777 1754 797 ac-

963 824 1106 849 cessuros,
1119 817 1184 844 etin
1202 815 1247 844 Dei
1263 817 1377 852 gloriam
1390 815 1496 844 fructus
1514 816 1658 848 allaturos,
1674 815 1700 842 id
1712 821 1755 842 est

926 875 950 904 Β
965 862 1099 889 bonorum
1119 869 1234 896 operum
1247 861 1423 893 suavitatem,
1439 865 1465 888 et
1477 859 1585 887 divitias
1602 860 1756 895 spirituales

964 907 1123 943 iudicarent
1148 907 1204 935 :de
1220 914 1338 941 quorum
1353 914 1469 934 numero
1496 905 1608 933 fuerunt
1631 905 1755 933 nonnulli

966 953 1014 988 qui
1043 953 1167 980 habitum
1184 952 1274 987 adepti
1292 952 1493 987 evangelicum,
1516 951 1620 987 popqu
1637 951 1755 987 pmfuc-

967 1003 1043 1030 runt,
1061 1003 1086 1026 et
1109 998 1230 1025 salutare
1253 997 1360 1024 Domini
1377 997 1584 1024 annuntiarunt.
1598 997 1675 1029 Quod
1693 1005 1753 1024 rur-

967 1052 1029 1071 sum
1055 1049 1177 1071 venturas
1201 1049 1226 1070 et
1243 1051 1302 1070 ores
1326 1042 1432 1075 Cedar,
1456 1047 1481 1069 et
1509 1043 1605 1070 arietes
1634 1041 1757 1070 Nube.th

967 1089 1054 1122 dixit;
1068 1097 1176 1121 eorum,
1199 1089 1246 1124 qui
1273 1088 1413 1116 accessuri
1439 1092 1516 1121 sunt,
1530 1092 1607 1124 grata
1627 1087 1685 1115 fore
1708 1096 1757 1124 per

969 1135 1049 1163 ﬁdem
1076 1135 1212 1163 sacriﬁcia
1240 1134 1417 1170 signiﬁcavit.
1447 1133 1529 1161 Dicas
1554 1141 1648 1168 porro,
1667 1134 1755 1165 aiunt,

968 1181 1066 1213 ovium,
1081 1181 1244 1215 arietumque
1260 1180 1381 1211 nomine,
1400 1178 1474 1207 viros
1493 1186 1542 1207 eos
1556 1179 1691 1214 intelligi;
1708 1179 1755 1214 qui

968 1226 1117 1254 virtutibus
1139 1226 1244 1257 onusti,
1270 1225 1510 1254 mansuetudinem
1533 1224 1755 1260 amplectuntur;

968 1273 1069 1308 quibus
1079 1272 1174 1299 domus
1186 1271 1294 1298 Domini
1307 1271 1491 1306 gloriﬁcatur:
1500 1278 1554 1298 non
1569 1275 1661 1298 autem
1672 1270 1757 1299 fumis

969 1323 996 1347 et
1012 1318 1206 1354 sanguinibus,
1223 1321 1253 1345 ut
1266 1318 1331 1345 olim
1345 1317 1487 1351 templum,
1509 1316 1556 1344 sed
1580 1316 1655 1343 cultu
1676 1316 1758 1352 plane

969 1365 1119 1401 spirituali.
1140 1364 1229 1398 Hujus
1246 1371 1313 1392 vero
1329 1363 1394 1390 dicti
1415 1368 1442 1391 et
1462 1362 1588 1390 Salvator
1602 1363 1684 1390 etiam
1700 1370 1758 1390 Ine-

970 1411 1061 1443 minit,
1077 1418 1141 1438 cum
1158 1409 1268 1438 Iudaeos
1289 1410 1444 1444 alloquens,
1467 1408 1578 1436 domum
1594 1416 1684 1441 suam,
1706 1408 1758 1436 do-

970 1463 1044 1482 mum
1056 1455 1167 1490 quidem
1180 1454 1315 1483 orationis
1330 1453 1422 1482 vocari
1437 1453 1506 1481 dixit
1520 1453 1590 1486 "-",
1603 1453 1651 1481 sed
1666 1453 1700 1480 ab
1717 1452 1759 1480 eis

970 1501 1129 1536 speluncam
1155 1500 1293 1528 latronum
1321 1499 1422 1527 factam
1449 1507 1522 1527 esse.
1546 1498 1594 1526 Est
1616 1499 1700 1534 igitur
1724 1506 1760 1526 eo

122 1543 196 1577 μετὰ
218 1542 266 1570 τοῦ
285 1543 470 1580 [σωματικοῦ]
486 1544 584 1580 δηλοῦν
605 1554 632 1572 τι
656 1545 705 1573 καὶ
728 1546 834 1581 νοητόν.
854 1546 917 1580 Περὶ

972 1549 1095 1580 tempore
1118 1545 1286 1580 glori/itala,
1310 1552 1365 1580 quo
1381 1544 1476 1571 domus
1495 1544 1624 1571 orationis
1639 1544 1702 1578 fuit.
1721 1543 1760 1572 De

126 1590 223 1618 πολλοῦ
238 1591 292 1626 γὰρ
306 1588 340 1626 ἦν
355 1590 448 1623 αὐτοῖς
468 1590 608 1625 ἀλλόφυλα
626 1590 699 1625 ἔθνη
713 1591 921 1627 δωροφοροῦντα

126 1636 286 1664 Θεάσασθαι.
300 1636 396 1671 Θέλγει
411 1636 502 1663 τοίνυν
520 1636 618 1668 αὐτοὺς
635 1636 870 1672 συμψελλιζομένη
886 1636 920 1664 τὰ

126 1682 200 1716 φίλα,
220 1682 274 1709 Καὶ⁸
287 1683 388 1718 συνήθη
402 1682 467 1718 γὰρ,
480 1682 518 1714 ὠς
532 1682 565 1717 δὴ
580 1682 686 1714 παισὶν,
709 1682 919 1716 ἐπαγγέλλεται,

125 1728 159 1754 δι’
173 1725 210 1755 ὧν
234 1729 340 1764 ἀνέξηγ
365 1728 574 1764 προτρεπομένη
602 1727 670 1763 πρὸς
694 1727 862 1761 θεοσέϐειαν,
882 1728 920 1760 ὡς

127 1775 195 1811 πρὸς
208 1774 381 1802 διδασκαλίαν
397 1775 462 1806 τοὺς
477 1774 575 1805 παῖδας
599 1773 834 1808 εὶώθαμεν.¹1σως
849 1774 872 1800 δ’
886 1773 920 1800 ἂν

128 1819 220 1852 αὐτοῖς
243 1819 386 1854 ἀπήντηκε
410 1820 458 1845 καὶ
480 1819 659 1854 σωματικῶς,
683 1819 707 1846 εἰ
732 1819 778 1846 τὸν
801 1819 920 1854 Χριστὸν

126 1864 320 1900 παρεδέξαντο.
334 1864 484 1900 Τοιγαροῦν
510 1866 558 1892 καὶ
574 1864 646 1891 οὕτω
668 1864 739 1896 τινὲς
755 1864 900 1892 ἀπέδωκαν
911 1872 919 1880 '

133 1909 266 1936 Ἀνάλαϐέ
282 1917 328 1936 σου
342 1909 372 1936 τδ
387 1910 520 1945 πρότερον
531 1909 605 1944 φῶς,
619 1908 828 1944 Ἰερουσαλὴμ,
846 1909 861 1936 ὃ
876 1909 920 1937 διὰ

127 1954 265 1990 ῥᾳθυμίας
278 1954 444 1988 ἀπέσσεσας,
459 1956 506 1982 καὶ
522 1951 544 1989 ᾧ
557 1956 618 1982 κατ’
632 1955 772 1989 ἐξαίρετον
786 1955 920 1991 ἐτιμήϐης

127 1999 181 2026 τῶν
195 2000 282 2028 ἄλλων
295 2000 531 2035 ἐσκοτισμένων,
547 2001 585 2032 ὼς
599 2000 632 2027 ἂν
647 2001 749 2028 ἔθνεσι
763 2000 813 2027 καὶ
825 2000 920 2032 ,βασι-

127 2045 217 2073 λεῦσι
233 2045 386 2078 Θεοσεϐείας
402 2046 470 2082 γένῃ
486 2046 661 2081 παράδειγμα
671 2067 679 2079 ,
695 2045 742 2073 σοῦ
755 2045 784 2073 δὲ
803 2047 841 2081 μὴ
857 2046 920 2081 βου-

128 2093 245 2129 λομένης
261 2093 310 2120 ἐπὶ
326 2093 363 2120 τὰ
377 2094 449 2128 ἔθνη
463 2094 497 2120 τὸ
507 2093 567 2128 φῶς
586 2093 640 2120 τοῦ
654 2093 784 2127 Χριστοῦ
800 2092 920 2128 μεταϐή-

130 2147 216 2166 σεται.
231 2140 267 2166 Τδ
281 2139 327 2166 σὺν
341 2138 388 2166 οὖν
396 2140 484 2174 ὄμμα,
502 2140 595 2175 φησὶν.
607 2139 748 2166 ἁνάτεινον
757 2138 825 2174 πρὸς
839 2138 918 2171 Θεὸν,

129 2185 177 2211 καὶ
188 2185 249 2219 ὄψει
264 2185 326 2217 τοὺς
337 2186 366 2212 ὲν
385 2187 418 2221 τῇ
431 2185 567 2220 διασπορᾷ
585 2184 772 2220 συνηγμένους
790 2183 842 2211 ὑπὸ
863 2185 919 2211 τῶν

129 2231 298 2265 κατεχόντων
305 2223 460 2266 ’δορυφορου
464 2231 571 2266 μένους.

972 1592 1110 1619 industria
1124 1596 1215 1619 autem
1231 1592 1380 1624 lsraelitas,
1396 1596 1525 1625 tanquam
1539 1589 1658 1617 infantes
1685 1590 1760 1617 Scri-

971 1642 1050 1672 ptura
1066 1637 1220 1672 alloquens,
1237 1643 1408 1671 perea,que
1428 1636 1529 1664 usitata
1548 1640 1625 1668 sunt,
1642 1636 1759 1671 promis-

970 1683 1063 1711 siones
1091 1683 1158 1718 ipsis
1175 1682 1296 1714 exhibet,
1314 1686 1343 1709 ut
1358 1689 1421 1709 cum
1441 1689 1485 1714 eo,
1503 1681 1577 1716 quod
1595 1689 1759 1716 corporeum

970 1731 1022 1761 est,
1049 1727 1221 1763 intclligibile
1240 1727 1323 1754 etiam
1349 1726 1453 1761 aliquid
1475 1726 1624 1761 signiﬁcari
1645 1725 1761 1753 demon-

970 1777 1048 1802 stret.
1065 1773 1155 1809 Magni
1168 1773 1240 1801 enim
1256 1773 1367 1800 illorum
1384 1773 1528 1804 intererat,
1546 1773 1569 1801 si
1586 1777 1675 1808 gentes
1692 1772 1760 1800 alie-

970 1822 1086 1857 nigenas
1109 1821 1180 1849 dona
1208 1820 1308 1848 oﬁ‘erre
1326 1821 1511 1848 intuerentur.
1538 1821 1591 1849 Eos
1607 1820 1691 1856 igitur
1706 1820 1759 1848 hoc

971 1868 1030 1895 loco
1046 1867 1192 1901 demulcet,
1207 1871 1338 1902 tauquam
1360 1867 1394 1894 de
1407 1866 1539 1902 jucundis
1566 1867 1648 1894 rebus
1676 1866 1759 1894 simul

970 1912 1107 1940 balbutire
1116 1912 1225 1946 gestiat.
1242 1911 1307 1944 Quae
1319 1912 1393 1939 enim
1406 1911 1475 1946 ipsis
1489 1910 1589 1938 usitata
1608 1915 1684 1940 sunt.
1703 1918 1758 1937 non

970 1957 1047 1984 aliter
1070 1964 1138 1984 sane
1157 1963 1239 1991 quam
1262 1956 1365 1992 pueris,
1392 1955 1546 1988 annuntiat,
1565 1959 1593 1981 ut
1607 1962 1654 1982 eos
1671 1954 1707 1981 ita
1723 1954 1759 1982 ad

970 2003 1099 2038 pietatem
1115 2002 1233 2029 adducat
1249 2010 1257 2029 :
1275 2009 1330 2037 quo
1345 2006 1427 2036 pacto
1443 2008 1544 2036 pueros
1562 2001 1639 2035 ipsos
1669 2000 1696 2027 in
1716 2000 1759 2028 di—

969 2048 1116 2083 sciplinam
1128 2048 1250 2075 solemus
1264 2048 1436 2082 pertrahere.
1445 2045 1574 2073 Fortasse
1587 2053 1652 2073 vero
1665 2050 1693 2073 et
1705 2045 1758 2073 ista

969 2095 1025 2122 illis
1051 2094 1235 2129 corporaliter
1259 2093 1455 2129 contigissent,
1473 2093 1495 2120 si
1513 2091 1653 2120 Christum
1674 2091 1758 2118 admi-

969 2141 1083 2168 sissent.
1109 2140 1156 2167 Sic
1183 2140 1268 2175 igitur
1296 2140 1379 2167 etiam
1407 2138 1531 2166 nonnulli
1557 2137 1756 2173 explicarunt:

970 2186 1090 2213 Resume
1108 2185 1186 2220 prius
1213 2184 1301 2212 lumen
1320 2184 1484 2217 Jerusalem,
1500 2183 1573 2219 quod
1594 2182 1757 2218 negligentia

934 2227 955 2255 ι)
969 2231 1054 2267 688
1065 2235 1111 2258 tua
1119 2231 1285 2259 exstinctum
1297 2236 1349 2263 est,
1364 2238 1473 2266 quoque
1486 2233 1583 2265 praeter
1590 2236 1638 2256 eos
1649 2227 1758 2259 eximie,

129 2276 175 2310 qui
205 2275 317 2302 tenebris
339 2275 422 2309 operti
442 2279 514 2307 sunt,
541 2275 674 2303 honorata
697 2282 739 2307 es,
753 2279 784 2302 ut
794 2276 915 2310 gentibus
935 2276 1003 2311 ipsis
1016 2281 1040 2303 et
1058 2277 1163 2312 regibus
1181 2276 1291 2312 pietatis
1305 2276 1459 2310 exemplum
1475 2275 1606 2310 praebeas.
1624 2273 1702 2307 Quod
1735 2274 1758 2300 si

129 2322 212 2354 nolis,
234 2320 267 2347 ad
285 2326 373 2357 gentes
394 2320 497 2348 Christi
509 2321 598 2348 lumen
613 2321 753 2349 transibit.
769 2321 820 2348 Tui
836 2322 918 2357 igitur
955 2322 1027 2349 oculi
1053 2323 1154 2356 aciem,
1171 2322 1271 2357 inquit,
1295 2322 1330 2349 ad
1345 2321 1429 2349 Deum
1455 2321 1560 2356 dirige;
1577 2323 1604 2348 et
1618 2327 1678 2351 eos.
1711 2319 1758 2353 qui

130 2367 249 2402 dispersi
263 2371 352 2399 erant,
365 2371 557 2403 congregatos,
572 2367 751 2403 ipsorumque
770 2368 915 2404 praesidio,
943 2375 958 2396 a
977 2368 1078 2404 quibus
1102 2368 1316 2401 detinebantur.
1341 2372 1431 2396 tectos
1457 2371 1485 2395 et
1512 2366 1642 2395 defensos
1669 2365 1760 2392 intue-

131 2414 217 2441 beris.

164 2458 379 2494 Ἐπαγγέλλεται
404 2461 434 2487 δὲ
457 2461 506 2488 καὶ
530 2461 658 2496 χρυσὸν,
681 2462 780 2489 καὶτὰ
794 2462 850 2489 ἀπὸ
862 2463 921 2489 τῶν

127 2503 223 2532 ἐθνῶν
243 2506 300 2537 τοῖς
320 2506 385 2542 περὶ
405 2506 493 2533 ταῦτα
517 2507 712 2542 ἐπτοημένοις,
737 2507 762 2534 ει
784 2506 922 2534 θεοσεὸεῖν

128 2550 256 2578 ἐθέλοιεν.
271 2551 326 2578 Καὶ
341 2551 429 2579 ταῦτα
447 2552 497 2588 μὲν
514 2548 598 2580 οὗτοι.
615 2553 654 2588 Τῇ
668 2553 697 2580 δὲ
713 2552 815 2589 παλαιᾷ
830 2553 921 2580 διαλε-

129 2597 203 2632 χθεὶς
224 2597 435 2633 Ἰερουσαλὴμ,
458 2598 497 2633 τῷ
521 2598 645 2625 θεοσεϐεῖ
670 2598 860 2634 πολιτεύματι,
886 2601 919 2635 τῇ

129 2643 230 2680 μητέρι
245 2643 296 2679 τῆς
319 2644 383 2675 νέας
407 2645 455 2672 καὶ
479 2645 550 2672 κατὰ
575 2645 695 2680 Χριστὸν
721 2644 870 2677 πολιτείας,
887 2646 919 2672 ἐκ

129 2689 276 2726 προσώπου
293 2690 340 2718 νῦν
354 2691 440 2726 αὐτῆς
454 2691 582 2727 ἐπιφέρει
596 2691 631 2718 τὰ
645 2691 714 2727 μετὰ
725 2691 811 2718 ταῦτα
824 2691 920 2726 λεγού-

163 2767 186 2783 ⁸¹
207 2768 306 2796 Ezech.
328 2777 419 2796 xxxiv.
441 2769 485 2802 50,
500 2770 545 2797 5|.
581 2770 639 2788 “'u
659 2769 755 2798 Matth.
772 2778 829 2802 χχι,
844 2770 886 2799 15.

1005 2461 1157 2489 Pollicetur
1171 2467 1238 2488 vero
1264 2467 1319 2487 non
1332 2467 1429 2486 aurum
1452 2462 1575 2491 tantum;
1605 2457 1653 2485 sed
1683 2461 1710 2485 et
1726 2467 1758 2486 ea

970 2508 1053 2536 etiam
1069 2507 1104 2534 de
1120 2505 1251 2542 gentibus,
1266 2513 1329 2540 quae
1348 2513 1396 2533 eos
1422 2505 1449 2532 in
1473 2503 1682 2531 admiratiOnem
1701 2508 1759 2531 tra-

970 2554 1051 2586 hunt,
1069 2553 1093 2580 si
1111 2551 1157 2580 Dci
1172 2552 1278 2578 cultum
1293 2551 1508 2586 amplectantur.
1525 2550 1616 2584 Atque
1631 2549 1687 2576 haec
1701 2551 1760 2584 qui-

968 2599 1029 2626 dem
1046 2598 1096 2626 illi.
1111 2597 1244 2625 Cazterum
1258 2600 1401 2632 postquam
1411 2603 1474 2623 cum
1488 2599 1580 2623 vetere
1590 2594 1758 2629 Jerusalem,

969 2645 996 2672 id
1014 2648 1068 2677 est,
1092 2652 1154 2671 cum
1184 2643 1229 2675 iis,
1248 2643 1294 2677 qui
1311 2641 1385 2677 pium
1411 2642 1472 2668 vita:
1493 2641 1649 2669 institutum
1669 2642 1758 2669 secuti

968 2690 1088 2718 recentis
1103 2697 1144 2722 se,
1161 2693 1189 2717 et
1214 2689 1247 2716 ad
1265 2688 1368 2716 Christi
1383 2694 1508 2715 normam
1524 2687 1682 2723 compositae
1700 2694 1758 2714 ma—

769 2836 885 2864 VARl/E
904 2832 1107 2863 LECTI'DNES.

167 2875 179 2890 ι
196 2881 239 2907 rp.
257 2873 320 2903 τοῖς.
359 2875 372 2894 γ
389 2880 432 2905 Π).
454 2871 549 2907 ἀνάξῃ.
