1988 3079
216 165 285 198 2627

859 160 1036 194 PROCOPII
1054 159 1176 189 GAZEI

1776 153 1847 185 2628

217 227 285 248 trem
305 219 492 255 prmbuerunt.
513 219 663 254 disputavit
681 228 688 247 :
705 227 739 247 ex
757 219 844 255 ipsius
863 219 918 254 jam
942 225 1005 253 per-

1062 224 1106 249 rqg
1116 223 1124 230 '
1143 215 1226 247 Τίνες
1242 213 1324 246 οῗὸε;
1343 213 1384 247 ὡς
1396 212 1520 248 νεφέλαι
1534 212 1722 239 πέτονται.“ο
1739 210 1822 246 σαφὲς
1833 211 1849 237 ὁ

217 273 285 294 sona
305 273 366 300 qua:
391 269 484 299 postea
503 269 657 299 sequuntur
681 265 774 299 adjicit
792 274 799 292 :
816 265 931 298 Quinam
945 271 1004 290 vero

216 312 262 339 isti
281 312 365 338 sunt?
389 315 418 337 ut
441 310 522 337 nubes
546 310 645 338 volant.
661 311 740 344 Quod
760 315 802 338 est
819 311 853 337 ah
873 309 1005 344 Apostolo

217 355 362 383 manifeste
377 354 556 389 explicatum,
580 354 624 381 ubi
641 354 679 381 ait
695 363 702 381 :
720 364 729 380 ι
751 353 899 389 Rapiemur
914 353 940 380 in
955 361 1007 380 nu-

217 401 296 430 bibus
316 401 343 428 in
356 407 502 427 occursum
521 399 629 427 Domini
647 401 674 427 in
693 408 756 427 aera
773 409 780 426 :
796 404 822 426 et
839 400 876 426 ita
898 405 1007 433 semper

216 454 279 473 cum
295 445 410 473 Domino
424 445 527 474 erimus
539 446 560 462 "
578 454 585 472 :
608 455 618 472 ι
634 446 756 480 adjuncti
773 445 902 472 nimirum
921 445 1006 472 choro

218 492 327 519 illorum
344 490 378 517 de
400 491 492 526 priore
508 491 620 526 populo,
640 492 685 526 qui
707 492 836 526 praeclare
854 499 883 518 se
912 498 1006 524 gesse-

216 540 300 568 runt;
318 535 419 569 quique
436 542 484 562 eos
510 535 542 561 ad
564 542 594 562 se
621 535 788 562 convolantes
816 533 1005 569 contemplati,

216 580 384 608 salvatarum
401 579 519 613 gentium
533 579 736 607 multitudinem
753 579 934 607 demirantur.
954 579 1008 606 Pu-

218 629 277 652 tant
304 624 429 652 nonnulli
448 623 579 651 Ecclesiae
604 632 749 660 personam
773 624 922 656 introduci,
947 631 1008 658 quae

218 678 348 705 magnum
375 671 409 697 ad
429 678 459 698 se
477 678 511 697 ex
528 670 603 698 omni
627 671 739 705 regione
753 670 925 698 credentium
948 671 1006 698 ﬁeri

219 723 397 749 concussum,
420 720 448 743 et
468 719 598 751 tanquam
618 717 755 744 conuolari
776 717 891 744 miretur
911 725 918 744 :
941 718 1007 752 quia

220 763 350 790 nimirum
373 762 496 798 deposita
518 767 690 791 terrenarum
710 769 737 791 et
752 764 895 790 humilium
914 771 1006 791 rerum

218 814 294 840 cura,
324 815 380 834 non
408 808 503 840 aliter,
521 816 602 842 quam
623 815 638 835 a
665 809 732 835 mari
754 808 845 839 nubes.
871 809 966 843 procul
992 816 1008 836 a

219 852 314 880 mundi
339 853 457 880 tumultu
483 854 616 881 sublimes
647 856 800 889 rapiantur.
819 854 920 888 Adjicit
942 861 1008 881 vero

220 898 356 926 columbas
369 907 427 925 cum
438 900 537 933 pullis;
553 906 583 927 ut
605 901 705 928 divina:
721 901 949 936 promnlgationis
962 909 1009 928 sa-
1026 888 1046 916 Β

222 952 318 980 genam
334 953 388 972 non
403 952 484 973 senes
511 945 606 977 modo,
620 946 667 974 sed
683 951 710 973 et
727 946 844 981 juvenes
861 947 953 979 etiam,
971 947 1011 982 ip-

221 998 321 1025 sasque
335 991 404 1018 adeo
427 998 489 1018 cum
506 991 641 1019 matribus
658 991 726 1020 ﬁlias
742 992 776 1019 ad
798 991 877 1019 ﬁdem
893 1000 1010 1027 compu-

222 1036 289 1064 lisse
305 1036 452 1072 intelligas.
465 1037 532 1064 Cum
547 1041 639 1065 autem
655 1037 803 1066 miraretur
815 1037 956 1072 Ecclesia;
970 1039 1009 1067 rei

221 1089 334 1110 causam
360 1083 468 1117 aperuit
485 1083 531 1118 qui
547 1083 671 1118 piscatus
687 1087 729 1111 est
747 1092 755 1117 ;
771 1091 832 1111 cum
850 1091 880 1111 se
896 1085 1010 1117 insulas,

222 1128 248 1155 id
274 1132 328 1160 est,
356 1128 511 1159 insulauos,
537 1137 665 1163 navesque
685 1128 794 1156 Titanis
818 1131 884 1164 (quo
901 1129 1011 1157 nomine

222 1173 349 1207 regiones
363 1171 471 1200 Indicas
485 1173 629 1208 Scriptura
645 1178 724 1200 vocat
736 1182 743 1207 ;
759 1174 803 1201 alii
825 1179 914 1202 autem
928 1174 1009 1210 Cypri

224 1218 318 1246 urbem
332 1225 394 1246 esse
409 1218 516 1254 volunt)
536 1224 702 1252 exspectasse
715 1219 800 1251 dicit;
815 1220 841 1247 id
856 1225 897 1248 est
915 1220 1011 1256 jngnm

223 1271 303 1292 suum
321 1264 478 1292 admisisse.
497 1263 604 1297 Quibus
621 1268 696 1292 certe
715 1265 831 1299 gentium
845 1273 1011 1293 concursum

224 1309 327 1337 factum
353 1317 415 1337 esse
429 1310 533 1343 innuit;
557 1318 620 1337 cum
640 1318 702 1346 qua:
726 1311 797 1345 apud
821 1311 895 1346 ipsos
912 1312 1013 1347 pretio-

223 1356 330 1384 sissima
346 1360 435 1388 erant,
453 1360 548 1391 gentes
573 1355 714 1388 offerrent,
732 1357 934 1392 Christianique
953 1357 1013 1384 ideo

224 1402 446 1434 nominarentur,
466 1401 537 1436 quod
559 1402 643 1437 689
667 1402 865 1436 sanctiﬁcatum
889 1402 925 1430 sit
941 1402 1011 1437 apud

223 1453 272 1473 eos
290 1454 384 1473 nomen
401 1445 524 1478 Domini,
541 1452 565 1473 et
590 1447 756 1481 glori/italus
783 1452 891 1473 sanctus
915 1445 1013 1473 Israel.

224 1491 271 1518 Est
288 1499 353 1519 vero
368 1499 441 1519 unus
455 1496 482 1519 et
498 1492 566 1526 ipse,
579 1493 625 1527 qui
644 1491 775 1519 Dominus
791 1493 939 1524 essisteus,
953 1501 1015 1519 san-

223 1541 292 1568 ctus,
305 1541 330 1564 et
342 1536 506 1572 gloriﬁcatus
515 1542 565 1564 est.
576 1537 605 1564 Ei
623 1537 715 1572 igitur,
725 1545 779 1565 non
787 1537 878 1569 idolis,
886 1542 915 1565 ut
927 1545 1012 1573 quon-

223 1583 299 1615 dam,
314 1591 368 1610 non
383 1583 514 1611 materias
530 1584 654 1616 omnino,
676 1583 704 1611 id
730 1589 782 1617 est,
812 1592 908 1611 aurum
927 1589 952 1612 et
968 1593 1013 1612 ar-

224 1635 330 1664 gentum
340 1637 351 1661 ;
362 1630 408 1657 sed
420 1630 511 1661 ﬁdem,
520 1634 546 1656 et
558 1630 691 1657 virtutum
704 1630 826 1657 omnium
839 1630 1013 1664 splendorem

225 1676 349 1710 offerunt.
364 1675 500 1703 Serihitur
515 1683 579 1703 vero
588 1677 670 1703 etiam
685 1679 711 1703 in
722 1675 838 1704 Psalmis
849 1676 1012 1704 deChristo:

226 1730 305 1756 reges
322 1722 410 1749 eidem
429 1721 543 1749 Tharsis
564 1726 591 1748 et
608 1722 712 1750 insulas
727 1729 790 1750 esse
807 1729 920 1749 munera
936 1722 1015 1749 obla-

225 1771 320 1800 turos;
333 1774 411 1801 reges
420 1767 540 1794 Arabum
556 1771 582 1794 et
597 1766 668 1794 Saba
683 1767 754 1794 dona
768 1767 909 1800 allaturos,
922 1767 1013 1802 ipsum

224 1812 343 1848 denique
371 1821 450 1848 reges
479 1817 557 1840 terra:
582 1821 677 1842 omnes
704 1813 869 1841 adoraturos
890 1814 923 1842 ⁸⁸.
945 1815 1013 1847 Qua:

1056 260 1350 295 Παῦλος;κατέστησεν,
1359 259 1454 287 εἰπών’
1468 268 1477 285 ε
1496 257 1720 298 Δρπαγησόμεθα
1731 258 1759 284 ὲν
1770 257 1849 290 νεφέ-

1055 308 1126 339 λαις,
1140 307 1180 339 εἰς
1201 307 1355 341 ἀπάντησιν
1369 305 1416 332 τοῦ
1434 305 1537 341 Κυρίου
1554 306 1594 336 είς
1607 303 1755 339 ἀέρα,“καὶ
1776 302 1850 329 οὕτω

1055 354 1171 381 πάντοτε
1181 354 1229 381 σὺν
1238 352 1333 389 Κυρίῳ
1345 352 1488 387 ἑσόμεθα,›
1502 351 1682 386 συναφθέντες
1697 349 1798 384 δηλαδὴ
1809 348 1848 382 τῷ

1056 399 1130 436 χορῷ
1152 399 1207 426 τῶν
1235 399 1264 426 ὲν
1285 398 1325 433 τῷ
1341 397 1467 434 προτέρῳ
1491 396 1550 432 λαῷ
1573 394 1807 431 κατωρθωκότων,
1823 393 1850 420 οί

1056 446 1103 473 καὶ
1120 445 1286 481 θεωροῦντες
1311 445 1362 480 τὴν
1388 445 1457 480 πρὸς
1480 443 1578 475 αὐτοὺς
1592 441 1775 474 ἀνάκτησιν,
1789 439 1850 467 τῶν

1057 491 1086 526 ἐξ
1100 491 1194 519 ἐθνῶν
1209 490 1370 526 σωζομένων
1383 489 1610 525 ἀποθαυμάζουσι
1623 488 1654 514 τδ
1670 486 1782 522 πλῆθος.
1799 486 1849 512 Τι-

1056 537 1101 569 νὲς
1116 537 1145 564 δὲ
1159 537 1211 573 τῆς
1228 536 1393 572 Ἑκκλησίας
1404 536 1436 562 τδ
1451 536 1598 571 πρόσωπον
1613 533 1682 561 εἷναί
1695 541 1762 568 φασι
1780 532 1850 559 θαυ-

1059 584 1201 619 μςοὺσης
1213 583 1263 619 τὴν
1276 582 1306 615 ιε
1317 583 1426 617 ἁπάσης
1440 581 1533 618 χώρας
1546 581 1590 608 διὰ
1603 580 1722 612 πίστεως
1736 578 1849 614 συνδρο·

1061 630 1115 665 μὴν
1123 629 1242 665 συντόνῳ
1252 629 1346 665 δρόμῳ
1357 627 1531 664 χωρούντων,
1540 627 1587 654 καί¹
1598 624 1655 653 οἷον
1669 625 1847 659 θεωμένων

1058 676 1151 711 ἤγουν,
1165 676 1205 702 ὅτι
1219 675 1250 702 τὸ
1260 675 1362 709 γεῶδες
1375 675 1424 702 καὶ
1437 673 1576 710 χθαμαλὸν
1583 673 1700 708 ἀφέντες
1709 672 1850 708 φρόνημα.

1057 721 1095 754 ὡς
1109 721 1142 748 ὲκ
1159 720 1293 756 θαλάττης
1315 720 1450 755 νεφέλαι,
1468 719 1584 754 θορύϐου
1600 718 1694 754 πόρρω
1715 715 1849 752 κοσμικοῦ

1060 767 1191 803 μετέωροι
1213 766 1344 801 γίνονται.
1360 767 1539 799 Περιστερὰς
1552 764 1581 791 δὲ
1597 763 1671 797 λέγει
1685 762 1748 790 σὺν
1761 768 1851 788 νεοσ-

1058 812 1138 845 σοῖς,
1148 813 1190 839 ὅτι
1201 811 1249 839 τοῦ
1262 811 1334 838 θείου
1349 810 1530 846 κηρύγματος
1539 811 1555 844 ὴ
1568 810 1672 844 σαγήνη
1684 808 1714 834 οὺ
1727 806 1850 843 πρεσϐύ-

1058 867 1107 889 τας
1120 858 1245 892 μόνους,
1255 856 1324 883 ἀλλὰ
1333 856 1379 882 καὶ
1393 856 1480 887 νέους,
1497 856 1545 882 καὶ
1557 855 1606 881 σὺν
1622 854 1719 889 μητέρι
1733 853 1851 886 θυγατε›

1062 911 1112 937 ρας
1127 902 1175 928 ἐπὶ
1188 902 1237 936 τὴν
1253 902 1346 928 πίστιν
1363 901 1527 935 συνήγαγεν.
1541 898 1740 934 Θαυμαζούσης
1756 898 1785 925 δὲ
1801 896 1853 932 τῆς

1067 947 1241 983 Ἐκκλησίας,
1256 947 1305 983 τὴν
1319 947 1367 974 τοῦ
1381 947 1544 981 πράγματος
1559 945 1649 973 αἰτίαν
1662 945 1676 971 ὸ
1694 943 1853 980 σαγηνεύων

1061 994 1161 1030 φησίν·
1183 993 1253 1028 Ἐμὲ
1268 991 1358 1027 νῆσοι
1375 993 1552 1027 ὑπέμειναν,
1570 991 1632 1022 τοὺς
1649 989 1786 1026 νησιώτας
1806 988 1853 1015 λέ·-

1060 1048 1134 1074 γων,
1156 1039 1206 1066 καὶ
1231 1038 1324 1066 πλοῖα
1339 1037 1476 1072 Θαρσεῖς.
1501 1037 1557 1069 Τὰς
1573 1036 1684 1067 Ἰνδικὰς
1709 1035 1738 1062 δὲ
1762 1034 1855 1070 χώρας

1061 1085 1178 1120 Θαρσεῖς
1192 1085 1209 1120 ή
1222 1083 1318 1120 Γραφὴ
1332 1083 1420 1111 καλεῖ.
1436 1082 1552 1117 Λέγουσι
1569 1081 1597 1109 δὲ
1611 1082 1658 1108 καὶ
1674 1081 1724 1115 τῆς
1740 1080 1854 1114 Κύπρου

1061 1131 1138 1156 πόλιν
1148 1128 1217 1156 εἶναι
1226 1129 1352 1165 Θαρσεῖς.
1365 1129 1402 1155 Τὸ
1412 1129 1441 1156 δὲ
1450 1128 1627 1162 ὑπέμειναν,
1637 1126 1710 1153 τοῦτ’
1724 1126 1792 1159 ἔστι,
1802 1126 1855 1152 Τὸν

1061 1176 1127 1211 ἐμὸν
1149 1175 1232 1210 ζυγὸν
1246 1175 1417 1207 ὑπεδέξαντο,
1435 1174 1469 1201 δι’
1483 1171 1520 1201 ὦν
1532 1173 1609 1209 δηλοῖ
1622 1172 1673 1208 τὴν
1687 1172 1747 1199 τῶν
1759 1171 1856 1199 ἐθνῶν

1063 1221 1214 1256 συνδρομὴν
1226 1220 1474 1257 καρποφορούντων
1485 1220 1519 1247 τὰ
1529 1220 1594 1255 παρ’
1604 1219 1696 1251 αὐτοῖς
1703 1217 1856 1254 τιμιώτατα

1063 1267 1110 1293 καὶ¹
1131 1265 1309 1300 καλουμένων
1325 1264 1509 1300 Χριστιανῶν,
1536 1263 1686 1298 ἐπειδήπερ
1701 1262 1788 1296 ἅγιον
1809 1260 1857 1295 γέ·

1063 1319 1132 1346 γονε
1150 1311 1215 1344 παρ’
1226 1311 1319 1341 αὐτοῖς
1331 1310 1365 1337 τὸ
1382 1310 1476 1345 ὄνομα
1499 1310 1622 1344 Κυρίου,
1641 1307 1768 1340 ἔνδοξος
1783 1306 1818 1333 δὲ
1839 1307 1857 1333 ὁ

1063 1356 1148 1391 ἅγιος
1173 1356 1226 1383 τοῦ
1247 1355 1380 1390 Ἰσραήλ.
1403 1352 1451 1388 Εἷς
1472 1355 1502 1382 δὲ
1525 1354 1572 1382 καὶ
1596 1353 1611 1380 ὁ
1624 1353 1706 1384 αὐτὸς
1724 1352 1856 1387 ὑπάρχων

1064 1403 1173 1436 Κύριός
1196 1410 1226 1428 τε
1250 1402 1301 1429 καί
1324 1401 1427 1436 ἅγιος,
1451 1401 1500 1428 καί
1517 1399 1740 1434 δεδοξασμένος
1758 1397 1855 1425 ἐστιν.

1063 1449 1144 1484 Αὐτῷ
1167 1448 1269 1480 τοίνυν,
1281 1448 1311 1475 οὐ
1326 1449 1382 1480 τοῖς
1396 1447 1526 1480 εἰδώλοις,
1542 1447 1580 1479 ὡς
1604 1446 1700 1479 πάλαι,
1723 1442 1856 1478 προσφέ-

1061 1501 1172 1529 ρουσιν
1190 1493 1221 1520 οὐ
1237 1494 1346 1525 πάντως
1361 1494 1411 1525 τὰς
1429 1493 1507 1526 ὕλας,
1523 1493 1646 1528 χρυσόν
1657 1499 1688 1518 τε
1700 1490 1750 1517 καὶ
1764 1489 1857 1524 ἄρτυ-

1064 1548 1128 1575 ρον,
1142 1539 1212 1567 ἀλλὰ
1226 1539 1329 1570 πίστιν.
1345 1540 1394 1567 καὶ
1404 1539 1454 1573 τὴν
1467 1539 1497 1572 ἐξ
1509 1539 1610 1573 ἀρετῆς
1625 1537 1734 1572 ἁπάσης
1747 1534 1859 1571 φαιδρό-

1063 1596 1143 1616 τητα.
1158 1587 1227 1622 Φησὶ
1251 1587 1280 1614 δὲ
1301 1586 1349 1614 καὶ
1372 1587 1401 1613 ὲν
1423 1585 1548 1620 Ψαλμοῖς
1574 1583 1639 1619 περί
1663 1581 1795 1618 Χριστοῦ,
1814 1581 1858 1607 ὅτι

1066 1645 1075 1662 ι
1087 1635 1213 1668 Βασιλεῖς
1231 1635 1349 1670 Θαρσεῖς
1370 1634 1417 1661 καὶ
1434 1633 1511 1668 νῆσοι
1531 1632 1606 1667 δῶρα
1616 1629 1793 1666 προσάξουσι,
1807 1627 1860 1663 βα-

1064 1681 1148 1713 σιλεῖς
1169 1681 1294 1716 ’Δρὰΰων
1318 1680 1366 1707 καὶ
1397 1679 1473 1706 Σαϐὰ
1494 1677 1570 1713 δῶρα
1590 1676 1786 1712 προσοίσουσι,
1809 1674 1859 1701 καὶ

1064 1727 1300 1762 προσκυνήσουσιν
1314 1725 1389 1760 αὒτῷ
1413 1725 1513 1756 πάντες
1527 1723 1553 1750 οἰ
1565 1723 1684 1759 βασιλεῖς
1705 1721 1756 1756 τῆς
1769 1722 1833 1756 γῆς.
1844 1729 1856 1746 ι

1066 1771 1159 1798 Ταῦτα
1176 1771 1237 1806 μὲν,
1254 1772 1278 1798 εἰ
1293 1770 1346 1797 ἀπὸ
1359 1770 1408 1806 τῆς
1418 1768 1584 1805 Ἐκκλησίας
1594 1767 1700 1802 λέγοιτο
1718 1767 1760 1800 τὺ,
1777 1766 1860 1798 Τίνες

1066 1817 1143 1850 οἷδε;
1155 1817 1196 1849 ὡς
1209 1816 1497 1852 γἐφέλαιιπέτονται.

225 1865 291 1886 sane
305 1865 359 1886 non
375 1859 446 1885 male
466 1858 642 1892 conveniant,
659 1858 682 1886 si
703 1858 737 1885 ab
752 1857 884 1891 Ecclesia,
900 1859 1009 1894 quinam
1030 1861 1071 1889 illi
1084 1863 1135 1890 iosi
1151 1868 1223 1894 ειυιι,
1240 1864 1294 1898 qui,
1321 1867 1350 1889 ut
1365 1862 1447 1889 nubes
1470 1861 1571 1894 volant,
1608 1859 1741 1895 postulari
1777 1859 1843 1885 intel

225 1907 304 1934 ligas.

263 1915 304 1934 as.

244 1915 337 1986 8Quod
349 1952 371 1979 si
383 1959 478 1979 eorum
487 1952 570 1979 verba
582 1959 645 1980 esse
657 1951 797 1984 admittas,
807 1952 852 1988 qui
866 1952 938 1987 piam
949 1952 1015 1980 olim

225 1999 288 2026 vita?
303 1998 436 2025 rationem
453 1998 540 2025 secuti
557 2001 633 2031 sunt,
645 1998 679 2025 ab
696 1998 799 2025 eisdem
815 2003 843 2025 et
858 1999 924 2026 illud
944 2006 1015 2034 quo—

225 2051 279 2078 que
300 2042 392 2073 tulerit,
412 2050 482 2077 quos
493 2050 520 2070 se
536 2047 703 2077 exspectasse
725 2042 837 2076 adjecit,
863 2047 893 2070 ut
919 2042 1013 2071 Eccle-

1099 1955 1131 1982 Εἰ
1154 1955 1182 1982 δὲ
1209 1954 1263 1982 an».
1284 1954 1332 1981 τοῦ
1348 1954 1431 1980 πάλαι
1446 1952 1591 1983 θεοσεδοῦς
1605 1950 1814 1986 πολιτεύματος.
1829 1950 1861 1984 ἐξ

1064 2000 1146 2028 αὑτοῦ
1168 1999 1203 2028 ἄν
1226 2000 1268 2036 εἴη
1281 2001 1328 2026 καὶ
1350 2000 1390 2030 τδ,
1411 1999 1477 2033 Ἐμὲ
1491 1997 1584 2032 νῆσοι
1596 1997 1771 2032 ὑπέμειναν,
1786 1996 1860 2023 τοῦτ’

1064 2046 1150 2078 ἔστιν,
1165 2047 1193 2073 αἱ
1205 2045 1384 2081 Ἐκκλησίαν
1402 2045 1518 2080 ἐπείπερ
1533 2043 1583 2076 τὰς
1601 2044 1631 2070 ὲν
1645 2043 1800 2079 προφήταις
1810 2043 1860 2069 ἑπ-

226 2090 294 2117 siam
311 2089 494 2124 signiﬁcaret;
515 2095 577 2123 quae
596 2088 796 2123 promissiones
823 2089 850 2115 in
872 2089 1011 2124 prophetis

1064 2092 1194 2127 αγγελίας
1209 2091 1278 2127 πρὸς
1292 2091 1355 2123 τοὺς
1369 2090 1494 2126 lla-ripa;
1509 2087 1758 2124 ἀναγινώσκουσαι,
1773 2096 1859 2123 προσ·

226 2134 350 2169 patribus
373 2133 459 2161 factas
481 2134 586 2168 legens,
611 2132 722 2160 easdem
748 2134 936 2168 exspectavit;
960 2142 1011 2169 qun

1069 2138 1169 2166 εδόκων
1183 2137 1278 2170 αὐτάς.
1288 2136 1467 2172 Ὑπέμειναν
1479 2134 1527 2163 οὖν
1541 2144 1589 2170 με,
1603 2135 1658 2162 τῶν
1672 2135 1762 2162 αὐτῶν
1775 2142 1860 2170 προσ·

227 2180 328 2207 lactun'.
341 2184 394 2212 est,
414 2184 444 2206 ut
463 2187 490 2206 se
511 2187 555 2206 eos
577 2183 755 2213 exspectasse,
773 2186 822 2206 nec
846 2186 940 2206 earum
966 2187 1011 2214 spe

1068 2183 1186 2210 δοκῶσαι
1212 2184 1315 2218 τυχεῖν.
1331 2182 1426 2209 Πλοῖα
1449 2182 1478 2208 δὲ
1508 2181 1635 2215 Θαρσεῖς
1660 2180 1806 2207 αἰνίττεται
1824 2179 1859 2206 τὰ

229 2225 352 2260 potiundi
369 2232 489 2260 unquam
502 2224 637 2252 excidisse
651 2225 765 2252 dixerit.
783 2224 945 2258 Signiﬁcant
963 2232 1011 2252 au-

1069 2228 1204 2265 σώματα,
1218 2226 1260 2260 οἷς
1281 2227 1445 2263 ὲπενήξαντο
1469 2226 1540 2254 κατὰ
1561 2226 1607 2253 τὸν
1628 2225 1727 2262 θνητὸν
1748 2225 1805 2260 βίον
1828 2225 1858 2252 αἰ

229 2278 283 2299 tem
306 2280 383 2300 naves
415 2271 524 2299 Titanis
550 2279 665 2307 corpora
691 2272 761 2308 ipsa.
785 2272 887 2308 quibus
914 2274 1011 2300 anima:

1066 2273 1163 2309 ψυχαί.
1177 2272 1346 2308 ’Δλλοφύλων
1363 2272 1392 2299 δὲ
1409 2271 1487 2307 χώρα
1502 2271 1640 2305 Θαρσεῖς.
1664 2271 1712 2297 Διὸ
1725 2270 1790 2306 περὶ
1804 2269 1858 2296 τῶν

229 2319 350 2346 mortalis
365 2318 447 2352 hujus
465 2319 526 2346 vita:
550 2319 664 2354 pelagus
678 2322 837 2346 enatarunt.
853 2318 902 2347 Est
916 2319 1017 2347 deinde

228 2370 256 2392 et
270 2364 379 2392 Tham's
389 2365 603 2400 alienigenarum
613 2364 707 2399 regio:
722 2364 838 2400 ideoque
853 2364 906 2392 [ide
919 2372 1018 2392 caren-

230 2418 270 2439 tes
279 2411 594 2446 alienigenas,tanquain
611 2419 689 2438 naves
703 2411 824 2438 Tharsis.
842 2410 909 2438 Esse
931 2410 1016 2438 Deum

229 2457 412 2484 tontriturum
428 2457 527 2484 alicubi
544 2457 658 2491 legimus
668 2457 703 2484 ³⁷.
718 2455 771 2484 Sed
786 2456 838 2484 illa:
853 2455 964 2491 quidem
978 2455 1014 2483 ibi

229 2503 354 2530 contrita
374 2502 494 2535 fuerint;
517 2502 561 2529 hic
575 2506 665 2529 autem
687 2509 747 2535 eos,
764 2502 812 2537 qui
830 2506 894 2529 sunt
915 2502 1016 2529 veteris

228 2549 377 2577 Jerusalem
395 2549 458 2584 ﬁlii,
476 2548 578 2583 quique
596 2547 628 2575 de
641 2549 760 2583 gentium
776 2555 890 2575 numero
904 2555 965 2575 sese
979 2547 1018 2574 illi

229 2594 424 2629 adjunserunt,
440 2593 550 2621 navibus
571 2593 604 2621 ad
623 2601 684 2621 eam
698 2599 822 2620 venturas
840 2601 908 2625 esse,
930 2592 957 2619 id
977 2595 1019 2619 est

228 2639 392 2674 corporibus
411 2639 479 2673 ipsis
499 2639 527 2665 in
553 2638 652 2665 melius
679 2645 742 2665 esse
767 2635 914 2663 mutandos
939 2635 1017 2662 dicit.

233 2695 243 2712 ι
264 2685 345 2713 Decet
361 2685 434 2712 enim
443 2684 624 2720 corruptibile
636 2683 687 2711 hoc
702 2682 817 2710 induere
832 2682 1018 2716 incorruptio-

231 2738 310 2764 nem;
329 2735 356 2758 et
370 2731 485 2758 mortale
498 2730 551 2757 hoc
568 2729 802 2756 immortalitatem
815 2728 849 2757 ".
869 2736 879 2754 ι
903 2727 1013 2755 Veniant

230 2775 481 2812 igiturcorporibus
493 2774 560 2811 ipsis
577 2774 686 2802 virtutis
699 2773 886 2809 operationes,
909 2774 972 2799 auri
989 2776 1015 2800 et

1066 2319 1223 2354 ἀλλοφύλων
1237 2318 1360 2345 ἀπίστων
1374 2318 1482 2353 είρηταί
1497 2325 1550 2343 nou
1561 2325 1569 2333 υ
1592 2327 1601 2343 ι
1618 2316 1757 2352 Πνεῦματι
1778 2315 1859 2351 βιαίῳ

1067 2364 1224 2400 συντρίψεις
1233 2364 1325 2392 πλοῖα
1336 2363 1472 2398 Θαρσεῖς.
1479 2373 1489 2390 ι
1500 2362 1572 2390 Ἀλλ’
1581 2363 1672 2389 ἐκεῖνα
1680 2362 1730 2397 μὲν
1735 2361 1858 2397 συνετρί-

1066 2411 1138 2439 ϐετο.
1155 2409 1287 2437 Ἐνταῦθα
1303 2409 1333 2436 δὲ
1346 2410 1381 2436 τὰ
1396 2409 1487 2436 τέκνα
1503 2408 1553 2444 τῆς
1573 2408 1692 2439 παλαιᾶς
1707 2408 1857 2442 Ἰερουσα-

1064 2453 1137 2489 λὴμ,
1167 2453 1202 2481 τὰ
1232 2453 1268 2485 ἐξ
1300 2453 1398 2480 ἐθνῶν
1431 2453 1499 2489 αὐτῇ
1532 2452 1738 2488 προσγενόμενα
1766 2453 1859 2484 αὐτοῖς

1064 2500 1183 2533 πλοίοις
1206 2499 1344 2534 μακρόθεν
1360 2499 1428 2534 πρὸς
1443 2498 1527 2534 αὐτὴν
1542 2498 1628 2532 ἥξειν
1643 2497 1752 2532 λέγεται
1762 2505 1770 2512 '
1785 2497 1858 2524 τοῦτ’

1068 2545 1153 2578 ἐστιν,
1170 2545 1263 2577 αὐτοῖς
1280 2545 1404 2580 σώμασιν
1415 2545 1463 2571 ἐπὶ
1473 2544 1504 2571 τὸ
1514 2545 1640 2579 κρεῖττον
1654 2543 1858 2579 μεταϐληθεῦη.

1071 2591 1139 2617 (Δεῖ
1163 2590 1217 2626 γὰρ
1239 2589 1271 2616 τὸ
1291 2589 1412 2625 φθαρτὸν
1436 2588 1599 2616 ἐνδύσασθαι
1613 2587 1788 2622 ἀφθαρσίαν,
1811 2588 1859 2615 καὶ

1067 2635 1097 2662 τὺ
1108 2635 1205 2671 θνητὸν
1229 2634 1391 2662 ἐνδύσασθαι
1416 2634 1576 2661 ἀθανασίαν.
1592 2643 1601 2659 ι
1623 2633 1749 2665 Ἠξουσι
1770 2633 1861 2660 τοίνυν

1066 2681 1159 2712 αὐτοῖς
1187 2680 1296 2716 σώμασι
1315 2680 1366 2712 τὰς
1393 2680 1452 2707 κατ’
1477 2679 1579 2715 ἀρετὴν
1609 2678 1742 2714 πράξεις,
1768 2678 1860 2712 ὀργυ-

1066 2736 1120 2763 ρον
1139 2726 1189 2754 καί
1210 2726 1327 2761 χρυσὸν
1339 2725 1553 2762 ὀνομαζομένας,
1569 2725 1758 2760 ἐπαγόμενοι.
1775 2724 1861 2751 Τοῦτο

1068 2773 1123 2808 γὰρ
1148 2774 1163 2800 ὁ
1184 2772 1290 2804 Παῦλος
1305 2772 1373 2799 νοῶν
1387 2772 1484 2808 φησίν·
1511 2780 1520 2798 ι
1536 2771 1567 2798 El
1583 2771 1613 2798 δέ
1628 2779 1671 2804 τις
1687 2769 1862 2806 ἐποικοδομεῖ

264 2864 289 2881 ⁸⁵
310 2864 329 2891 ll
346 2864 444 2893 Thess.
464 2871 500 2896 Iv.
520 2862 562 2891 id.
600 2863 622 2880 ”
639 2861 712 2891 Psal.
727 2869 800 2896 Lxxt,
820 2861 866 2890 10.
903 2859 925 2877 π
941 2860 1011 2890 Psal.

1062 2867 1117 2894 .vn,
1133 2859 1159 2888 8.
1200 2860 1222 2876 “
1253 2860 1264 2887 1
1290 2859 1344 2887 Cor
1375 2867 1419 2892 xv,
1445 2859 1487 2887 53.
