1988 3079
130 157 201 188 2629

719 153 987 185 COMMENTARII
1003 154 1046 185 IN
1063 152 1206 184 ISAIAM.

1697 148 1768 181 2630

128 216 175 242 ἐπὶ
190 215 235 241 τὸν
249 213 375 249 θεμέλιον
395 212 508 248 χρυσον,
521 212 656 248 ἄργυρον,
670 211 762 243 λίθους
775 211 894 247 τιμίους.
910 219 920 237 ι

984 212 1079 246 trgentt'
1102 210 1262 238 nominibus
1278 208 1463 245 signiﬁcatus,
1481 207 1632 242 afferentes.
1647 205 1676 234 ld
1691 207 1765 233 enim

128 260 208 292 Τινὲς
219 260 248 287 δὲ
263 260 301 291 ὡς
317 259 371 286 ἀπὸ
384 259 432 286 τοῦ
448 260 590 295 προφήτου
612 258 648 286 τὰ
672 257 805 294 μέλλοντα
820 257 926 293 θεωρή-

131 315 228 337 σαντος
242 306 338 333 ἔλαϐον
356 305 397 336 τὸ,
416 306 510 339 Τίνες.
528 306 559 332 Ul
572 304 600 331 δὲ
613 304 801 339 θαυμάζοντος
811 303 842 330 τὸ
857 303 927 338 πλῆ-

129 353 176 386 θος
196 353 250 380 τῶν
275 352 468 385 ὲπαναγόντων
489 351 536 377 ἐπὶ
558 350 616 384 τὴν
635 348 846 384 Ἰερουσαλήμ.
869 349 926 376 Νέ-

129 408 202 435 sat-rm
225 400 281 434 γὰρ
305 398 548 433 πεπυκνωμένοις,
573 397 621 424 καὶ
646 395 835 430 περιστεραῖς
864 395 926 423 σὺν

129 445 273 479 νεοσσοῖς
299 444 445 475 ἀπεικάζει
472 442 577 470 τούτων
601 442 632 469 τὸ
653 435 886 476 πλῆθος.”ομοιον
900 441 930 467 δὲ

129 493 169 528 τῷ
186 493 236 528 ἥδη
255 491 376 528 ῥηθέντι·
394 488 483 518 Οὗτοι
497 489 531 516 δέ
541 498 593 524 μοι
607 488 667 516 ποῦ
680 486 762 523 ἦσαν
772 496 782 520 ;
794 488 827 514 "O
839 487 930 514 τοίνυν

130 538 244 565 ἔϐλεπεν
263 539 277 565 ὁ
291 537 438 572 προφήτης
454 536 586 572 φησιν.Ὂ
601 535 648 561 καὶ
662 534 784 570 Μιχαίας
806 534 931 569 ποιήσειν

130 584 234 619 ἔλεγεν,
274 583 357 619 μηδὲν
388 583 575 618 ἀνασχόμενος
609 581 679 617 πρὸς
713 580 812 616 ἡδονὴν
842 580 930 607 εἰπεῖν

131 630 245 665 Ἀχαάϐ.
267 629 338 656 Ἀλλ’
362 629 466 656 εἰπών·
494 638 502 654 ι
520 627 622 664 θεωρῶ
647 627 693 654 τὸν
719 626 783 653 λαὸν
807 626 854 653 ἐπὶ
875 626 931 652 τῶν

130 677 227 713 ὀρέων,
252 676 319 704 ὡσεὶ
346 676 473 712 πρόϐατα
493 675 532 712 μὴ
563 675 660 710 ἔχοντα
684 674 833 709 ποιμένα-ι
855 673 927 700 οὓτω

131 723 180 750 καὶ
188 722 236 750 νῦν
244 731 321 757 φησι,
332 724 438 754 πάντας
448 720 700 758 δορυφορουμένους
712 720 809 754 ἥξειν,
828 721 875 746 καὶ
889 719 926 751 ὡς

130 770 178 797 ἐπ’
193 769 280 804 ὤμων
295 768 464 804 ἀγομένους
483 768 531 795 ἐπὶ
545 768 594 804 τὴν
618 765 808 802 Ἰερουσαλὴμ,
828 765 866 799 ὡς
886 766 927 798 εἰς

131 814 210 841 πόλιν
225 813 410 849 ἀνακειμένην
432 812 502 848 Θεῷ.

976 258 1058 285 etiam
1072 257 1222 293 Apostolus
1238 256 1376 291 intelligit,
1389 262 1451 283 cum
1462 254 1516 282 ait:
1529 263 1539 280 ι
1553 254 1581 281 Si
1594 253 1657 288 quis
1672 258 1763 280 autem

977 302 1177 339 superaditicat
1198 309 1280 337 super
1305 300 1528 333 fundamentum,
1542 307 1652 332 aurum,
1671 306 1769 334 argen-

978 355 1047 383 tum,
1064 348 1169 383 lapides
1185 347 1324 383 pretiosos
1339 347 1372 374 ".
1391 355 1401 372 ι
1421 346 1490 374 Sunt
1504 353 1568 373 vero
1582 345 1629 380 qui
1648 345 1768 380 prophe-

980 401 1046 429 tam,
1059 401 1187 431 tanquam
1199 403 1259 431 quae
1269 395 1361 422 futura
1374 397 1468 422 essent
1479 394 1647 424 intueretur,
1658 392 1768 427 quinam

978 442 1000 470 ii
1020 445 1124 474 essent,
1140 440 1312 477 quaesivisse.
1345 439 1416 467 Sunt
1432 438 1529 471 etiam,
1549 438 1596 473 qui
1616 436 1769 464 Jerusalem

979 489 1163 525 repetentium
1175 486 1379 515 multitudinem
1396 484 1528 513 admirari
1544 483 1627 519 69o
1643 483 1768 510 eumdem

978 535 1148 563 existiment.
1170 533 1292 560 Nubibus
1309 532 1382 560 enim
1399 531 1495 559 densis
1515 534 1543 557 et
1559 528 1706 561 confertis,
1724 536 1769 555 co-

979 580 1077 608 lumba:
1097 579 1217 614 denique
1240 587 1301 606 cum
1323 578 1415 612 pullis,
1439 585 1534 605 eorum
1563 576 1768 604 multitudinem

978 626 1161 662 comparavit.
1180 625 1230 653 Est
1242 631 1309 652 vero
1320 624 1384 652 huic
1395 632 1451 651 non
1467 623 1613 656 dissimile,
1629 622 1700 658 quod
1713 622 1770 656 iam

979 670 1142 705 usurpavit;
1157 676 1231 701 cum,
1250 667 1365 695 Ubinam
1388 672 1475 695 essent
1497 667 1555 699 isti,
1580 665 1770 701 interrogavit.

979 716 1059 750 Quod
1089 716 1172 752 igitur
1202 714 1334 749 propheta
1361 713 1441 746 vidit,
1465 713 1574 741 extulit.
1599 712 1727 748 Idemque
1745 715 1773 739 et

979 762 1107 790 Michaeas
1123 762 1181 796 ipse
1192 781 1200 794 ,
1217 767 1279 788 cum
1293 760 1361 787 nihil
1379 760 1413 787 ad
1426 759 1530 787 Achabi
1546 759 1687 787 libidinem
1699 758 1772 793 loqui

979 813 1083 845 posset,
1100 807 1237 835 facturum
1256 813 1286 834 se
1297 806 1378 838 dixit,
1392 805 1435 835 his
1447 806 1554 834 verbis:
1573 804 1675 833 tVideo
1687 812 1774 840 popu-

133 859 189 887 lum
213 860 239 887 in
260 860 411 893 montibus,
435 863 566 894 tanquam
591 867 676 892 oves,
695 867 757 894 quae
779 862 921 895 pastorem
951 865 1007 885 non
1035 856 1138 884 habent
1151 854 1185 882 ⁸ο.
1206 863 1215 880 ι
1246 853 1294 882 Sic
1314 853 1399 889 igitur
1423 861 1521 881 omnes
1543 852 1670 888 praesidio
1685 857 1773 880 tectos

132 914 189 934 esse
209 911 345 938 venturos,
365 905 508 940 velutique
520 905 635 932 humeris
650 906 677 933 in
692 905 950 942 Hierosolymorum
966 902 1073 935 urbem,
1093 904 1226 936 tauquam
1249 898 1306 928 Deo
1321 904 1513 928 consecratam
1533 898 1683 931 civitatem,
1699 898 1774 925 deta-

134 957 190 980 tum
205 952 240 979 iri
255 952 307 980 hoc
320 952 402 980 etiam
424 951 486 979 loco
509 951 655 986 significat.

168 997 262 1026 Πλοῖα
286 997 314 1025 δὲ
346 996 472 1031 Θαρσεῖς
498 996 598 1030 καλεῖ,
621 997 685 1029 τοὺς
713 996 768 1023 ἀπὸ
791 996 841 1031 τῆς
857 997 931 1029 Θαρ-

133 1044 200 1077 σεῖς
232 1043 398 1080 ἐρχομένους
431 1044 461 1071 ἐν
491 1042 572 1079 Ἰνδίᾳ
611 1044 742 1079 κειμένης
765 1041 799 1079 ἦς
825 1043 872 1069 καὶ
900 1043 929 1069 έν

134 1090 226 1125 Ἰωνίᾳ
250 1094 262 1108 ι
286 1089 435 1124 μέμνηται.
471 1088 567 1116 Ταῦτα
594 1088 623 1116 δὲ
652 1089 728 1116 ἔσται
761 1090 794 1124 τῇ
824 1088 929 1122 Ἰερου-

135 1136 241 1170 σαλὴμ
264 1135 295 1161 οὺ
328 1135 367 1162 δι’
397 1135 504 1171 αὐτὴν,
533 1134 603 1162 ἀλλὰ
641 1134 691 1162 διὰ
712 1134 758 1162 τὸν
790 1134 872 1166 Θεὸν,
901 1134 931 1166 ὃς

136 1181 208 1216 ἔγνω
233 1182 331 1216 στῆσαι
354 1180 403 1216 τὴν
429 1181 498 1216 πρὸς
524 1181 589 1214 τοὺς
615 1181 738 1216 πατέρας
763 1180 932 1215 ἐπαγγελίαν

135 1229 180 1255 διὰ
198 1227 247 1263 τὴν
260 1227 358 1254 ἑαυτοῦ
376 1227 586 1262 μεγαλειότητα.
603 1228 675 1262 Πρὸς
684 1227 791 1259 τούτοις
806 1228 930 1262 εἴρηται·

136 1273 192 1301 Καὶ
216 1272 472 1307 οὶκοδομήσουσιν
486 1273 664 1308 ἁλλογενεῖς
677 1274 714 1301 τὰ
726 1274 810 1308 τείχη
826 1281 885 1301 σου
895 1282 902 1290 ν
918 1273 933 1299 ὃ

136 1319 185 1347 καὶ
208 1319 257 1345 νῦν
272 1319 386 1355 ὁρᾶται·
405 1319 509 1346 ἐθνικοὶ
531 1319 587 1356 γὰρ
600 1320 771 1356 Ἐκκλησιῶν
789 1320 931 1356 ἡγοῦνται,

136 1365 198 1396 ταῖς
211 1363 316 1391 ἑαυτῶν
333 1364 520 1396 διδασκαλίαις
536 1365 622 1397 αὑτὰς
634 1365 878 1401 περιφράττοντες,
892 1366 933 1398 εἰς

136 1411 168 1438 τὸ
184 1410 222 1447 μὴ
237 1409 317 1445 λόγον
331 1410 472 1446 ἀλλότριον
489 1410 582 1447 χώραν
597 1411 671 1446 ἔχειν
693 1410 852 1447 ἐπιϐουλῆς.
878 1410 933 1438 Kal

134 1455 278 1490 ,ϐασιλεῖς
293 1456 322 1483 δὲ
335 1456 436 1484 αὐτῶν
447 1457 700 1492 παραστήσονται
711 1464 772 1491 σοι,
786 1456 863 1493 φησι.
878 1457 934 1483 Καὶ

137 1503 186 1530 νῦν
207 1503 235 1538 γ’
248 1503 296 1530 οὖν
317 1503 372 1530 τῶν
387 1502 553 1538 Ῥωμαϊκῶν
568 1503 719 1538 ταγμάτων
744 1503 770 1530 οι
791 1502 932 1539 ἄρχοντες,

138 1549 187 1575 καὶ
209 1548 270 1576 τῶν
286 1548 442 1582 βασιλέων·
465 1549 480 1575 ὁ
505 1548 588 1583 φόϐος
610 1549 767 1584 ἀνείργουσι
788 1549 852 1580 τοὺς
873 1549 933 1581 ταῖς

137 1594 316 1630 Ἐκκλησίαις
346 1593 590 1626 ἐπιϐουλεύοντας·
624 1594 709 1629 ἡγουν
740 1594 935 1628 παράστασιν

140 1639 270 1676 σημαίνει
285 1639 336 1676 τὴν
352 1640 488 1675 ὑπακοήν.
506 1639 618 1667 Εῐκουσι
640 1640 694 1676 γὰρ
709 1641 767 1672 τοῖς
790 1641 874 1675 ἱεροῖς
891 1640 935 1667 θε-

140 1686 285 1721 σπίσμασι,
311 1685 360 1712 καὶ
384 1685 415 1711 τὸ
433 1685 484 1719 τῆς
495 1684 662 1720 Ἐκκλησίας
683 1685 816 1721 κήρυγμα
832 1686 934 1717 παντὸς

139 1731 246 1764 ἀξιοῦσι
254 1730 431 1765 λόγου.Ἐστι
443 1730 484 1763 δὲ,
495 1731 575 1765 φασὶ,
589 1731 677 1757 ταῦτα
686 1731 734 1758 καὶ
744 1730 933 1766 καθ’ίστορίαν
947 1750 969 1781 C

139 1778 240 1812 εὑρεῖν,
267 1776 361 1811 Κύρου
387 1776 438 1811 μὲν
461 1777 725 1812 ἀνοικοδομήσαντος
740 1777 932 1813 Ἰερουσαλὴμ,

141 1821 201 1857 μετ’
218 1821 301 1848 αὑτὸν
315 1821 344 1848 δὲ
359 1821 484 1856 Δαρείου.
501 1821 557 1848 Καὶ
569 1821 745 1857 Ἀλέξανδρος
760 1821 788 1848 δὲ
802 1823 848 1850 τὸν
861 1822 933 1858 ἱερὸν

141 1868 310 1903 θεασάμενος
323 1867 425 1901 στόλον,
437 1867 482 1894 τὸν
496 1867 582 1903 θυμὸν
597 1868 746 1904 μετέϐαλεν
758 1870 799 1900 είς
813 1868 934 1904 προσκύ-

141 1922 229 1950 νησιν.
244 1914 296 1941 Διὰ
308 1913 363 1949 γὰρ
386 1913 481 1949 ὀργήν
505 1922 567 1949 μου
588 1914 724 1948 ἐπάταξά
747 1923 795 1948 σε,
817 1915 867 1942 καὶ
894 1915 937 1942 δι’

141 1959 230 1987 ἔλεον
246 1959 392 1994 ἠγάπησά
405 1967 452 1987 σε.
470 1961 526 1987 Καὶ
543 1961 597 1996 γὰρ
610 1960 648 1987 σὲ
664 1961 714 1997 τὴν
734 1961 871 1989 θεοσεσεῖν
887 1963 937 1989 ὲπ-

141 2005 257 2040 αγγειλα
260 2006 345 2041 μένην
354 2005 500 2039 ἐπάταξα,
511 2005 590 2034 πόλιν
597 2007 885 2044 παραδοὺςπολεμίοις
894 2008 938 2036 διὰ

141 2052 172 2078 τὸ
182 2051 284 2087 πλῆθος
299 2052 354 2079 τῶν
369 2052 566 2088 ἀσεϐησάντων
582 2053 611 2080 ἐν
626 2053 678 2086 σοι,
690 2053 729 2085 ὡς
738 2054 784 2081 καὶ
794 2055 938 2090 προφήτας

141 2098 335 2131 καὶθεοσεὸεἰς
358 2098 569 2135 ἁπολαῦσαιτῆς
587 2099 641 2127 τῶν
650 2100 752 2127 λοιπῶν
775 2101 936 2137 μοχῦηρίας.

1022 992 1108 1021 Vocat
1127 996 1218 1020 autem
1249 999 1327 1019 naves
1349 991 1470 1023 Titanis,
1492 999 1551 1024 eos,
1566 991 1613 1026 qui
1631 990 1666 1019 de
1686 990 1774 1018 Thura

982 1041 1018 1067 ris
1037 1039 1133 1072 Indiae,
1160 1038 1240 1073 cujus
1264 1046 1376 1074 quoque
1397 1038 1482 1065 Jonas
1509 1038 1634 1065 meminit
1652 1037 1686 1070 “,
1709 1045 1772 1073 pro—

983 1086 1047 1115 fecti
1080 1090 1155 1115 sunt.
1194 1085 1266 1113 Sunt
1295 1084 1347 1112 ista
1383 1084 1482 1112 deinde
1517 1083 1669 1111 Jerusalem
1718 1091 1773 1112 non

980 1137 1086 1168 propter
1119 1131 1225 1166 ipsam,
1257 1129 1304 1158 sed
1335 1135 1443 1164 propter
1473 1129 1580 1163 Deum,
1622 1133 1773 1161 eventura.

982 1179 1029 1214 qui
1045 1179 1135 1206 factas
1155 1177 1280 1213 patribus
1298 1177 1498 1213 promissiones
1517 1180 1629 1212 propter
1640 1183 1718 1205 suam
1731 1176 1775 1211 ip-

982 1225 1043 1253 sius
1058 1220 1231 1260 maiestatem
1251 1227 1279 1251 et
1302 1222 1535 1258 magnificentiam
1557 1226 1630 1250 ratas
1646 1229 1709 1250 esse
1725 1229 1776 1249 vo-

983 1271 1044 1298 luit.
1070 1270 1200 1306 Sequitur
1221 1270 1340 1298 deinde:
1364 1271 1399 1297 Et
1424 1269 1598 1304 aediﬁcabant
1619 1269 1774 1304 alienigena

983 1325 1074 1345 muros
1101 1322 1184 1344 tuos:
1212 1318 1284 1352 quod
1305 1316 1386 1344 etiam
1408 1323 1482 1343 nunc
1501 1315 1651 1350 contigisse
1669 1315 1774 1343 videas.

984 1362 1109 1391 Praesunt
1133 1371 1206 1390 enun
1228 1362 1363 1390 Ecclesiis
1391 1361 1506 1394 ethnici,
1527 1369 1632 1396 suaque
1656 1368 1704 1389 eas
1725 1361 1776 1388 do-

984 1410 1075 1437 ctrina
1087 1413 1114 1437 et
1124 1409 1270 1444 praeceptis
1281 1409 1424 1444 obtegunt,
1441 1415 1476 1436 ne
1491 1407 1573 1436 detur
1588 1408 1672 1436 verbo
1687 1407 1777 1436 alieno

984 1458 1012 1482 et
1035 1454 1211 1482 dissentaneo
1228 1453 1392 1482 insidiarum
1415 1453 1504 1481 locus.
1521 1453 1605 1480 Addit
1621 1453 1721 1480 etiam:
1742 1452 1777 1480 Et

985 1508 1057 1536 reges
1078 1508 1172 1528 eorum
1201 1500 1329 1527 astabant
1354 1499 1412 1527 tibi.
1433 1498 1502 1526 Nam
1519 1502 1546 1527 et
1568 1498 1650 1526 hodie
1668 1506 1778 1534 quoque

985 1545 1174 1574 Romanarum
1190 1546 1332 1581 copiarum
1353 1546 1449 1578 duces,
1466 1553 1607 1581 regumque
1622 1546 1715 1578 timor,
1733 1545 1777 1573 in-

986 1593 1072 1621 sidias
1096 1593 1132 1621 ab
1156 1593 1287 1621 Ecclesiis
1316 1592 1474 1628 propellunt
1504 1601 1512 1619 :
1540 1592 1583 1620 vel
1603 1597 1688 1625 certe,
1714 1599 1777 1619 cum

986 1640 1095 1667 artandi
1110 1640 1193 1668 verbo
1211 1647 1278 1668 usus
1289 1644 1342 1672 est,
1356 1639 1518 1668 obedituros
1526 1646 1588 1668 esse
1602 1638 1777 1674 signiﬁcavit.

985 1686 1087 1714 Parent
1103 1687 1176 1714 enim
1189 1687 1376 1714 sacrosanctis
1386 1685 1525 1719 oraculis;
1543 1690 1570 1713 et
1580 1685 1655 1721 quod
1668 1685 1779 1713 concio-

988 1738 1070 1761 uatur
1084 1733 1218 1766 Ecclesia,
1232 1732 1307 1760 omni
1322 1732 1429 1760 ratione
1440 1736 1607 1760 venerantur
1618 1735 1646 1759 et
1657 1735 1777 1759 servant.

988 1779 1121 1815 Reperias
1136 1787 1201 1807 vero
1216 1779 1269 1807 ista
1285 1779 1367 1806 etiam
1384 1777 1537 1806 secundum
1553 1777 1709 1810 historiam,
1724 1785 1779 1812 quo

986 1830 1109 1860 tempore
1115 1825 1180 1861 Cyri
1200 1824 1330 1860 Dariique
1342 1823 1472 1852 mandato
1486 1824 1638 1852 instaurata
1650 1827 1692 1852 est
1701 1822 1780 1851 Jeru-

987 1873 1084 1904 salem,
1097 1872 1266 1907 contigisse:
1278 1871 1464 1898 Alexandrum
1476 1870 1586 1903 deinde,
1599 1870 1645 1898 ubi
1660 1870 1778 1906 primum

986 1927 1096 1947 sacrum
1119 1919 1249 1946 amictum
1267 1922 1341 1946 esset
1363 1917 1493 1949 intuitus,
1510 1917 1579 1945 iram
1603 1917 1707 1949 statim,
1725 1925 1780 1952 qua

986 1964 1078 1992 fuerat
1100 1972 1246 1996 accensus,
1268 1964 1296 1991 in
1323 1963 1511 1991 adorationem
1531 1967 1720 1990 commutasse
1742 1963 1778 1990 “.

987 2009 1119 2044 Sequitur
1139 2009 1269 2045 deinceps
1288 2018 1295 2036 :
1313 2009 1427 2043 Propter
1444 2008 1513 2035 iram
1528 2010 1598 2034 enim
1613 2015 1700 2034 meam
1719 2015 1780 2042 per-

987 2057 1058 2084 cussi
1076 2062 1110 2089 te,
1120 2060 1145 2084 et
1159 2062 1267 2092 propter
1280 2054 1493 2082 misericordiam
1506 2061 1592 2081 meam
1604 2053 1687 2080 dilexi
1697 2058 1731 2081 te.
1744 2053 1780 2081 Te

989 2103 1137 2138 siquidem,
1162 2110 1225 2138 qua:
1259 2102 1369 2137 pietatis
1396 2101 1501 2129 cultum
1528 2100 1648 2135 pollicita
1675 2099 1779 2134 fueras,

140 2146 354 2179 percussi;cum
373 2144 512 2173 civitatem
548 2145 674 2174 hostibus
710 2146 747 2173 ita
787 2146 899 2180 tradidi.
933 2153 1047 2183 propter
1075 2147 1224 2183 impiorum
1250 2145 1466 2176 multitudinem,
1494 2144 1594 2179 quibus
1606 2144 1778 2177 abundabas,

141 2193 221 2230 691
243 2196 273 2220 ut
284 2193 423 2228 propheta:
442 2193 525 2220 etiam
545 2193 599 2228 ipsi
615 2193 650 2221 ab
668 2194 857 2229 improborum
872 2196 961 2230 poenis
980 2201 1075 2225 essent
1093 2196 1231 2223 immunes

178 2240 233 2266 Καὶ
244 2239 291 2266 νῦν
307 2239 336 2266 δὲ
351 2239 395 2266 διὰ
412 2239 476 2271 τοὺς
508 2239 536 2266 ἐν
561 2240 602 2266 σοὶ
627 2240 840 2275 κατορθοῦντας,
864 2242 932 2277 ἠγά-

1024 2244 1104 2272 Nunc
1120 2247 1213 2270 autem
1229 2243 1312 2270 etiam
1324 2246 1437 2277 propter
1448 2249 1506 2274 eos,
1523 2241 1569 2277 qui
1584 2246 1673 2270 tecum
1684 2242 1782 2278 probi-

142 2285 228 2319 πησά
237 2292 285 2319 σε,
296 2284 352 2319 τῆς
368 2284 461 2319 ὀργ-ῆς
487 2284 560 2311 οὓτω
576 2291 589 2305 ι
607 2286 685 2321 θυμῷ
710 2286 760 2312 τοῦ
779 2287 847 2314 Θεοῦ
864 2288 932 2322 λογι-

988 2294 1072 2318 tatem
1088 2293 1240 2322 sectantur,
1254 2288 1338 2316 dilexi
1350 2293 1395 2322 te;
1410 2289 1454 2316 ira
1466 2289 1539 2324 ipsa,
1552 2296 1607 2316 non
1624 2289 1710 2317 furori
1727 2289 1781 2317 Do-

143 2331 272 2367 ζομένης,
287 2330 357 2358 ἀλλὰ
370 2331 431 2362 ταῖς
455 2330 571 2358 ἐκείνων
588 2331 750 2367 ἁμαρτίαις.
772 2333 828 2360 Καὶ
852 2333 932 2370 αὐτὴι

988 2337 1066 2370 mini,
1088 2336 1136 2365 sed
1162 2343 1258 2364 eorum
1285 2336 1408 2371 peccatis
1434 2336 1578 2363 attributa.
1601 2335 1690 2364 Etiam
1707 2336 1782 2363 enim

143 2378 198 2413 γὰρ
214 2378 248 2404 δι’
268 2377 426 2413 ἀγαθότητα
437 2377 486 2412 τὴν
501 2376 581 2413 δίκην
599 2377 700 2412 ἐπάγει
713 2378 792 2413 Θεὸς,
813 2379 847 2407 ἵν’
858 2380 888 2414 ἐξ
899 2378 932 2408 ὧι

987 2383 1111 2410 bonitate
1133 2382 1270 2418 impulsus
1295 2381 1430 2409 ultionem
1457 2381 1565 2409 inducit
1589 2381 1673 2414 Deus,
1698 2386 1728 2409 ut
1747 2390 1781 2410 ex

144 2423 315 2459 ἁμαρτόντες
341 2422 565 2458 ὲτιμωρήθησαν,
593 2423 695 2457 γνῶσιν
722 2425 789 2452 οἵων
815 2425 932 2454 ἀπολαύ-

989 2437 1132 2464 poenarum
1151 2429 1242 2461 modo,
1254 2428 1356 2464 quibus
1366 2432 1513 2463 peccantes
1526 2428 1682 2461 ulciscitur,
1692 2435 1781 2463 quan-

146 2478 222 2497 σουσι
235 2468 469 2505 κατορθώσαντες.
486 2469 516 2496 El
525 2469 580 2505 γὰρ
593 2470 607 2496 ὁ
619 2470 766 2506 ἀόργητος
773 2475 932 2508 τιμωρεῖται

990 2481 1017 2503 ta
1032 2475 1186 2511 percepturi
1201 2475 1268 2507 sint.
1287 2474 1334 2510 qui
1358 2478 1433 2502 recte
1454 2473 1580 2506 fecerint,
1600 2474 1781 2510 intelligatur.

144 2516 177 2543 δι’
209 2516 356 2551 ὠφέλειαν,
372 2516 407 2543 δι’
424 2516 438 2543 ὃ
454 2517 503 2543 καὶ
533 2517 701 2552 ὀργίζεσθαι
719 2519 844 2553 λέγεται·
860 2521 932 2557 πόσῳ

991 2522 1020 2550 Si
1031 2522 1104 2550 enim
1120 2522 1232 2549 minime
1246 2521 1345 2554 iratus,
1360 2520 1489 2548 utilitatis
1505 2524 1609 2548 nostrae
1624 2521 1782 2556 gratia,ac-

147 2562 247 2597 μᾶλλον
258 2561 379 2596 ἐλεήσει
396 2562 472 2597 πηγὴ
486 2563 628 2602 τυγχάνων
652 2564 821 2600 ὰγαθότητος
835 2566 938 2594 δικαιο-

146 2608 319 2644 πραγοῦντας
328 2609 402 2644 ἡμᾶς
411 2617 419 2641 ;
427 2607 541 2642 Ἑπάγει
551 2608 578 2635 δὲ
588 2610 696 2642 δεικνὺς
706 2610 744 2643 ὡς
752 2611 808 2645 τῆς
820 2612 939 2647 ἀγάπης

146 2654 239 2681 αὑτοῦ
247 2654 352 2690 καρπὸς
362 2655 379 2690 ἡ
397 2654 484 2690 πολλὴ
498 2654 574 2682 ἄδεια
584 2655 632 2682 καὶ
640 2657 747 2692 εἰρήνη,
762 2657 800 2684 δι’
811 2657 852 2692 ἣν
860 2658 941 2686 ἀνοι-

992 2567 1067 2595 cedit
1081 2567 1115 2595 ad
1133 2574 1253 2602 pmnam,
1268 2566 1460 2602 propterquod
1471 2565 1552 2593 etiam
1570 2566 1652 2593 irasci
1664 2565 1781 2594 dicitur:

990 2617 1094 2650 quanto
1113 2613 1199 2649 magis
1227 2613 1310 2646 idem,
1323 2613 1371 2648 qui
1395 2612 1457 2639 fons
1473 2616 1517 2639 est
1541 2611 1694 2645 bonitatis,
1719 2619 1781 2639 cum

988 2659 1063 2694 justa
1077 2660 1265 2694 operabimur,
1278 2657 1368 2686 nostri
1386 2657 1579 2685 miserebitur?
1597 2657 1689 2693 Pergit
1704 2665 1780 2692 vero,

147 2700 311 2735 χθήσονται
331 2701 427 2728 πύλαι
455 2709 514 2728 σου
537 2700 581 2728 διὰ
603 2702 715 2734 παντός.
733 2702 814 2730 Κατὰ
830 2704 880 2739 μὲν
893 2702 932 2731 odi

994 2705 1095 2732 amoris
1109 2705 1193 2740 ipsius
1207 2705 1325 2732 fructum
1341 2711 1404 2732 esse
1424 2703 1574 2731 ostendens
1587 2703 1725 2738 ingentem
1738 2712 1782 2732 sc-

146 2747 197 2781 τὴν
209 2747 342 2782 ἱστορίαν,
351 2746 464 2779 Οὐδένα,
473 2747 551 2781 φησὶ,
564 2747 708 2785 φοϐηθήσῃ
719 2749 859 2785 πολέμιον.
867 2750 932 2786 Πρδς

994 2751 1140 2779 curitatem
1157 2754 1184 2779 et
1193 2758 1298 2786 pacem,
1306 2757 1367 2786 quae
1380 2754 1471 2785 portas
1482 2749 1539 2784 ejus
1547 2748 1637 2776 claudi
1649 2757 1783 2784 nunquam

183 2803 231 2831 "l
253 2804 317 2832 Cor.
338 2811 380 2835 ιιι,
397 2804 440 2831 ιε.
479 2803 502 2820 ⁸ο
523 2803 556 2831 Ill
574 2803 642 2841 Reg.
660 2813 732 2840 uti,
752 2806 796 2835 17.
835 2806 856 2823 ⁸⁸
874 2806 932 2834 Jon:

990 2811 1017 2835 ct
1034 2814 1071 2835 IV.
1103 2808 1126 2823 δ’
1140 2806 1288 2844 Josephus,
1305 2806 1439 2842 Antiquit.
1453 2804 1520 2834 Jud.
1543 2805 1592 2834 lib.
1606 2813 1645 2839 ιι,
1663 2812 1727 2840 cup.
1738 2806 1766 2835 8.

800 2853 918 2882 VARM‘)
942 2853 1146 2884 LEGTIONES.

185 2892 196 2906 ε
210 2896 253 2922 τί).
272 2888 360 2923 Ίωνᾷ.
383 2894 396 2908 υ
412 2896 456 2922 ψ.
476 2887 506 2914 οὐ
520 2887 569 2921 τῷ.
