1988 3079
204 156 274 189 2631
882 156 1059 188 PROCOPII
1073 157 1195 188 GAZ/EI
1771 153 1843 186 2632

205 213 352 248 permittat.
370 212 528 240 Secundum
540 213 683 240 historiam
699 213 795 249 igitur,
812 213 918 240 ltllllllm
932 221 990 241 esse

1056 214 1076 241 ῑὲ
1088 213 1151 241 νοῦν
1165 214 1260 240 πύλαι
1276 213 1326 248 τῆς
1338 211 1388 239 τοῦ
1408 211 1478 239 Θεοῦ
1493 211 1597 244 πόλεως
1614 211 1781 244 είσακτικαὶ,
1793 213 1841 239 καὶ

207 259 312 288 hostem
337 259 583 294 pertimescendum
607 259 755 294 signiﬁcat.
774 259 822 287 Sin
841 264 932 287 autem
958 260 992 286 ad

1056 259 1229 295 ιτοιχειὼδεις
1259 258 1432 286 διδασκαλίαι
1458 257 1642 294 προκείμεναι
1668 258 1714 285 διὰ
1737 257 1841 288 παντὸς

206 313 316 332 sensum
333 305 466 340 respicis;
488 306 609 333 civitatis
625 305 671 332 Dei
685 310 789 340 portas,
804 306 830 333 id
846 311 889 334 est
906 306 991 333 intro-

1058 307 1101 337 τοῖς
1115 306 1148 341 τῇ
1165 304 1308 340 θεοσεϐείᾳ
1335 304 1547 340 προστρέχουσι.
1569 305 1670 340 Διόπερ
1692 301 1769 330 εἶπεν
1779 304 1843 330 εισ-

206 350 348 378 ductorias
368 351 607 386 elementaresque
632 351 785 384 dcctrinas,
810 351 845 379 iis
875 358 991 386 semper,

1060 351 1130 386 ίτειν
1142 351 1218 385 πρὸς
1235 349 1273 378 σὲ
1286 350 1417 385 δύναμιν
1442 349 1548 381 ἐθνῶν,
1563 350 1628 381 τοὺς
1646 349 1734 376 είπεῖν
1753 348 1845 376 δυνακ

206 395 253 431 qui
271 397 303 422 ad
321 396 447 431 pietatem
464 397 606 429 accedent,
635 398 794 432 propositas
810 396 868 425 fore
883 397 991 424 demon-

1057 398 1147 429 ιένους
1158 405 1165 414 ·
1178 407 1188 424 ι
1201 397 1294 424 Πάντα
1310 396 1394 432 ίσχύω
1409 397 1438 423 έν
1455 396 1494 431 τῷ
1507 395 1702 432 ἐνδυναμοῦντί
1717 404 1751 431 με
1775 397 1842 431 Χρι-

207 446 284 468 strat.
296 440 356 474 Quo
372 441 474 468 factum
484 445 537 474 est,
546 446 575 468 ut
589 442 728 468 inductum
742 442 776 468 iri
786 441 822 468 ad
831 450 892 469 eum
904 446 992 475 polen-

1055 444 1114 480 ττῷ.
1132 454 1141 471 ι
1156 441 1206 472 *Ων
1217 445 1242 471 οἱ
1258 443 1392 479 ἐξαίρετοι
1404 443 1558 477 βασιλεῖς,
1574 443 1599 470 οἱ
1608 444 1658 478 τῆς
1677 443 1840 478 ἐπουρανίου

208 488 275 514 tiam
300 487 418 522 gentium
436 487 560 521 dixerit;
585 486 611 514 id
632 490 686 519 est,
708 495 766 521 eos,
785 487 832 522 qui
854 488 945 514 omnia
968 494 993 515 se

1056 490 1189 522 Βασιλείας
1201 490 1283 523 ἄξιοι.
1299 490 1350 517 Διὰ
1366 490 1433 517 Θεοῦ
1449 489 1478 517 δὲ
1493 490 1595 521 πάντες
1616 489 1709 525 ἔχουσι
1722 489 1772 524 τὴν
1785 489 1841 515 εῐσ-

208 541 291 569 posse
304 534 332 560 in
345 533 467 566 Christo,
478 541 493 561 a
509 542 564 568 quo
582 533 654 561 vires
668 541 734 561 suas
748 534 859 569 capiant
883 533 993 560 aliirma‘

1058 538 1109 564 ιδον
1123 537 1163 569 είς
1178 536 1327 572 ἐπίγνωσιν
1344 536 1392 563 τοῦ
1411 536 1489 564 Υἱοῦ.
1505 545 1515 562 ι
1534 536 1628 566 οὐδεὶς
1653 535 1709 571 γὰρ
1732 534 1843 561 δύναται

209 588 238 607 re
254 583 377 615 queant:
395 579 467 606 inter
481 587 551 615 quos
573 579 666 607 eximii
683 579 788 607 fuerint
812 587 885 614 reges
902 579 933 611 ii,
951 579 994 614 qui

1060 584 1138 610 ;λθείν
1155 583 1226 618 πρός
1246 591 1292 617 με,
1308 582 1401 618 φησὶν,
1426 582 1475 609 ὲὰν
1493 581 1530 618 μὴ
1552 582 1566 608 ὸ
1583 581 1679 617 Πατὴρ
1697 581 1712 608 ὸ
1732 580 1845 616 πέμψας

210 626 315 654 cmlesti
337 633 423 661 regno
438 633 492 654 non
510 626 638 661 indignos
651 633 680 653 se
693 626 881 660 praestiterint.
894 625 995 653 Habent

1059 629 1154 666 Damon
1184 629 1275 656 αὐτόν.
1295 639 1304 655 ι
1324 629 1378 656 Καὶ
1392 629 1454 656 καθ’
1472 628 1594 663 ἱστορίαν
1610 636 1643 662 γε
1657 628 1721 662 μὴν,
1739 627 1844 661 ἄρχον-

209 679 275 699 vero
286 679 391 703 omnes,
407 679 454 706 per
470 671 566 704 Deum,
583 671 616 698 ad
629 671 692 699 Filii
705 672 890 707 cognitionem
905 679 994 699 acces-

1058 683 1100 707 τες
1122 673 1172 701 καὶ
1192 673 1336 707 ,βασιλεῖς
1355 673 1501 709 Ῥωμαίων
1527 673 1567 704 εἰς
1599 672 1649 707 τὴν
1677 671 1843 706 Ἐκκλησίαν

209 725 283 746 sum.
306 726 316 743 ι
336 716 433 746 Nullus
446 717 531 751 enim,
557 718 658 754 inquit,
674 722 765 754 potest
782 717 816 745 ad
831 726 875 746 me
891 718 994 750 venire,

1056 720 1192 747 ποιοῦνται
1204 719 1254 755 τὴν
1265 720 1378 746 εἴσοδον.
1397 720 1430 746 οι
1446 719 1475 746 δὲ
1486 718 1530 753 μὴ
1545 717 1771 750 δουλιύσαντές
1782 725 1841 749 σοι,

210 764 263 791 nisi
284 763 331 799 qui
356 763 432 791 misit
447 764 541 797 Pater,
565 764 683 793 traxerit
710 771 773 792 eum
799 763 831 792 ⁸³.
851 773 861 791 ι
880 764 959 798 Quod
979 765 995 791 s‘

1060 765 1132 800 ρησὶ.
1148 767 1180 800 τῇ
1192 765 1239 792 τοῦ
1253 764 1321 792 Θεοῦ
1332 765 1432 796 πόλει,
1449 764 1500 799 τὴν
1523 763 1673 798 καλλίστην
1699 762 1845 789 δουλείαν

210 809 355 836 historiam
367 808 450 837 etiam
472 809 612 846 sequeris,
637 814 662 837 et
684 809 777 842 duces,
794 814 819 837 et
834 817 908 846 reges
927 809 995 845 ipso:

1060 812 1103 839 καὶ
1117 811 1262 846 σωτήριον,
1281 811 1480 839 ἀπολοῦνται.
1496 811 1545 837 Ὃν
1559 810 1615 846 7&9
1643 809 1680 845 μὴ
1703 808 1784 841 σώζει
1799 809 1845 835 πί-

210 855 398 886 Bomanorum
410 855 439 883 in
455 855 608 884 Ecclesiam
623 855 766 892 ingressos
788 863 852 883 esse
867 856 995 891 reperias,

1059 865 1125 889 στις.
1143 857 1291 884 ἀπόλλυσιν
1311 857 1435 885 ἀπιστία.
1460 856 1512 884 Sol
1538 856 1566 883 δὲ
1593 856 1629 882 τὰ
1649 855 1780 882 κάλλιστα
1796 855 1844 881 καὶ

210 900 314 935 Adjicit
334 901 455 929 deinde:
471 901 525 935 Qui
540 910 593 929 mm
605 889 720 929 εενιῖίεηι
733 902 793 935 tibi,
808 901 855 929 Dei
870 889 995 929 nimirum

1057 903 1211 939 ὑψηλότατα
1225 903 1280 930 τῶν
1293 903 1330 930 ἐν
1352 902 1393 936 τῷ
1406 902 1524 935 Λιϐάνῳ
1538 901 1612 936 φυτὰ
1633 901 1842 936 κομισθήσεται.

210 947 325 980 civitati,
343 947 486 982 pulchram
503 948 623 976 maxime
634 953 662 976 et
677 949 827 977 salutarem
836 949 995 980 servitutem.

1059 949 1228 985 ’Δλλοφύλων
1246 949 1276 977 δὲ
1291 948 1322 976 τὸ
1345 948 1408 985 ὅρος
1421 948 1521 985 τρέφον
1540 947 1636 984 δένδρα
1653 947 1721 982 πρὸς
1740 946 1844 973 οίκοδοσ

209 997 343 1032 peribunt.
354 997 441 1031 Quem
458 997 531 1025 enim
552 997 619 1025 ﬁdes
634 1004 690 1025 non
714 1001 818 1030 serv-at.
833 998 924 1032 perdit
940 997 994 1025 inli-

1059 998 1108 1034 μὴν
1122 997 1275 1032 ἐπιτήδεια.
1297 996 1443 1028 Τοιούτους
1463 995 1519 1022 νόει
1540 995 1605 1026 τοὺς
1631 993 1661 1026 ἒξ
1688 993 1772 1020 ἐθνῶν
1794 992 1844 1028 τὴν

210 1043 319 1071 delitas.
337 1042 380 1070 Ad
398 1047 422 1070 te
438 1048 529 1071 autem
540 1043 888 1079 aﬂ'erenturpulcherrimae
899 1048 926 1071 et
937 1051 995 1079 pro-

1059 1043 1188 1079 κοσμικὴν
1202 1043 1377 1079 ἠσκημένους
1394 1042 1502 1076 σοφίαν,
1516 1041 1541 1067 οἵ
1564 1039 1696 1074 κοσμοῦσι
1710 1039 1760 1075 τὴν
1780 1038 1844 1066 ‘Ex-

209 1088 361 1116 cerissimae
378 1088 494 1116 arbores
510 1095 572 1123 qua)
590 1092 655 1116 sunt
673 1089 700 1116 in
717 1087 839 1121 Libano,-
853 1088 900 1124 qui
923 1096 994 1116 mon:

1058 1090 1171 1125 κλησίαν
1182 1091 1215 1125 τῇ
1232 1088 1280 1116 τοῦ
1294 1089 1375 1122 λόγου
1396 1089 1569 1123 παρασκευῇ.
1584 1087 1617 1113 δι’
1633 1083 1671 1113 ὤν
1691 1084 1843 1118 δοξάζεται

210 1137 252 1161 est
276 1132 495 1168 alienigenarum
519 1133 601 1169 lignis
626 1133 772 1161 abundans
796 1133 830 1161 ad
854 1133 995 1161 domorum

1059 1137 1066 1164 5
1078 1138 1161 1168 τόπος
1174 1137 1189 1163 ὁ
1201 1136 1279 1170 ἅγιος
1290 1135 1338 1162 τοῦ
1362 1134 1443 1166 Θεοῦ,
1461 1135 1508 1161 καὶ
1529 1134 1545 1160 ὸ
1565 1134 1657 1166 τόπος
1671 1131 1731 1159 τῶν
1743 1131 1844 1158 ποδῶν

210 1180 444 1208 constructionem
460 1180 569 1208 idoneis
583 1189 591 1208 :
607 1188 726 1216 quorum
742 1180 855 1208 nomine
865 1188 913 1208 eos
924 1181 995 1208 intel-

1058 1182 1157 1215 κὺτοῦ,
1167 1181 1267 1216 δηλαδὴ
1278 1182 1295 1216 ἡ
1304 1180 1464 1215 Ἐκκλησία,
1477 1180 1538 1215 ἥτις
1552 1179 1647 1214 τρέφει
1660 1179 1707 1205 καὶ
1715 1178 1843 1210 πλείστας

211 1226 281 1262 Iigit,
302 1227 349 1262 qui
368 1227 401 1254 de
419 1227 550 1262 gentibus
572 1227 700 1255 saeculari
722 1227 848 1256 doctrina
872 1228 996 1255 instructi

1058 1229 1117 1259 ὃσας
1135 1227 1258 1262 κεφαλὰς
1270 1226 1339 1262 ὑψοῦ
1353 1235 1381 1253 τε
1397 1225 1521 1262 ἡρμένας
1535 1224 1566 1257 ἐξ
1576 1225 1693 1260 ἀρετῶν.
1715 1225 1763 1252 καὶ
1777 1225 1843 1260 Χρι-

210 1271 347 1299 orationis
378 1271 518 1300 industria
547 1272 700 1300 Ecclesiam
725 1277 881 1306 exornant,
900 1273 995 1308 Deiqm

1058 1273 1114 1301 ιτδν
1128 1273 1339 1305 εὐωδιαζούσας,
1354 1273 1379 1300 οἳ
1398 1273 1445 1300 καὶ
1459 1272 1509 1308 τῆς
1523 1271 1570 1298 τοῦ
1588 1269 1723 1306 κοσμικοῦ
1743 1270 1843 1305 φρονή-

211 1317 296 1344 locum
313 1321 337 1344 st
358 1317 453 1351 pedum
473 1317 530 1352 ejus
544 1318 717 1354 gloriﬁcant;
732 1318 759 1346 id
775 1324 828 1351 cst,
847 1318 996 1346 Ecclesium

1058 1327 1140 1355 ματος
1180 1319 1276 1355 πόρῤω
1322 1320 1428 1346 κεῖνται
1462 1319 1576 1353 φθορᾶς,
1601 1317 1616 1344 ὃ
1650 1317 1684 1352 δὴ
1711 1317 1843 1352 πρόσεστι

211 1363 311 1397 ipsam,
327 1370 389 1398 qua:
402 1364 549 1390 innumera
560 1364 693 1391 virtutum
707 1365 797 1400 capita
813 1365 996 1400 magnitudine

546 1364 693 1391 lvirtutum
707 1365 797 1400 capita
813 1365 1001 1400 magnitudine
1023 1384 1025 1386 -
1054 1365 1152 1400 πεύκη
1166 1365 1216 1392 και
1229 1365 1331 1399 κέδρῳ.

210 1411 330 1443 excelsa,
343 1409 541 1446 Christumque
556 1411 708 1439 redolentia
725 1411 807 1447 692
822 1412 946 1440 continet
957 1420 990 1440 ac
1010 1413 1119 1440 nutrit:
1141 1421 1203 1449 quae
1235 1413 1300 1441 item
1337 1421 1353 1440 a
1374 1411 1506 1440 mundani
1528 1418 1628 1439 sensus
1667 1410 1845 1445 corruptione

210 1457 290 1485 valde
307 1461 372 1484 sunt
389 1461 512 1491 remota;
525 1457 599 1492 quod
612 1458 687 1492 pinui
697 1457 825 1492 cedroque
835 1463 934 1485 natura
945 1458 1078 1487 tributum
1088 1463 1142 1487 est.

248 1501 296 1528 Est
320 1500 393 1528 enim
411 1500 563 1536 Scriptura;
581 1502 713 1529 usitatum
733 1507 893 1530 sanctorum
907 1502 1001 1530 multi-

1091 1504 1171 1531 Φίλον
1199 1504 1254 1540 γὰρ
1277 1505 1310 1540 τῇ
1338 1504 1433 1540 Γραφῇ
1454 1503 1484 1530 τὸ
1496 1502 1551 1530 τῶν
1563 1502 1649 1536 ἁγίων
1670 1501 1773 1536 πλῆθος
1787 1502 1844 1533 τοῖς

212 1547 334 1575 tudinem
349 1546 485 1581 ejusmodi
500 1547 648 1576 arboribus
665 1555 838 1584 comparare.
855 1548 942 1582 Quale
958 1554 997 1577 est

1057 1549 1187 1581 τοιούτοις
1201 1548 1364 1581 ἀπεικάζειν
1381 1549 1483 1584 φυτοῖς.
1513 1547 1583 1583 Φησὶ
1601 1546 1656 1582 7&9
1677 1546 1723 1573 καὶ
1741 1545 1824 1572 Δαὸίδ
1835 1553 1842 1560 ·

213 1593 279 1620 illud
297 1592 368 1628 apud
385 1592 535 1621 Davidcm:
555 1602 565 1620 ι
588 1593 620 1620 Et
635 1594 716 1629 panis
730 1594 876 1621 conﬁrmat
886 1602 936 1622 cor
949 1594 998 1621 ho-

1060 1594 1136 1621 tKai.
1153 1594 1234 1629 ἄρτος
1263 1592 1385 1629 στηρίξει
1413 1593 1526 1627 καρδίαν
1549 1591 1708 1625 ἀνθρώπου.
1739 1592 1845 1626 Χορτα-

213 1640 307 1667 minis.
330 1639 536 1667 Saturabuntur
562 1640 636 1676 ligna
665 1641 767 1676 campi,
789 1640 862 1669 cedri
893 1640 998 1674 Libani,

1058 1640 1244 1677 σθήσονταιτὰ
1253 1639 1318 1672 ξύλα
1331 1640 1378 1666 τοῦ
1388 1640 1493 1672 πεδίου,
1505 1639 1533 1666 αί
1546 1638 1638 1674 κέδροι
1652 1637 1699 1664 τοῦ
1715 1637 1843 1669 Λιϐάνου,

213 1693 284 1721 quas
299 1685 431 1720 plantasti
446 1685 480 1713 “.
502 1695 514 1712 ι
531 1685 566 1713 Et
581 1686 652 1721 apud
669 1686 798 1718 Paulum.
812 1694 868 1721 quo
882 1687 944 1713 loco
957 1686 998 1714 Dei

1061 1686 1088 1718 ις
1107 1685 1269 1721 ἐφύτευσας.
1285 1694 1294 1711 ο
1317 1684 1371 1711 Καὶ
1388 1683 1493 1714 Παῦλος
1505 1682 1534 1709 δὲ
1550 1682 1640 1716 λέγει’
1657 1680 1740 1708 «Θεοῦ
1755 1679 1846 1715 γεώρ-

214 1738 266 1758 nos
288 1731 512 1766 agricolationem
538 1739 600 1760 esse
619 1733 717 1760 scribit
732 1732 766 1759 “.
787 1731 889 1760 Volunt
912 1737 999 1759 tamen

1061 1732 1114 1767 γιόν
1124 1733 1233 1767 ἔσμεν.»
1249 1730 1327 1762 Τινὲς
1337 1730 1365 1757 δέ
1379 1738 1472 1765 φασιν,
1479 1729 1517 1759 ὡς
1528 1729 1659 1756 Λίϐανον
1671 1727 1689 1762 ἡ
1701 1726 1798 1761 Γραφὴ
1811 1725 1846 1752 τὰ

215 1777 341 1805 nonnulli
353 1782 441 1813 gentes
454 1785 501 1811 per
520 1777 663 1811 Libanum,
678 1782 708 1806 ut
724 1786 771 1814 per
785 1777 941 1806 Carmelum
956 1777 1000 1805 Je«

1058 1779 1127 1813 ἔθνη
1143 1779 1230 1811 καλεῖ,
1244 1777 1338 1813 ὥσπερ
1348 1773 1394 1803 οὖν
1409 1774 1560 1811 Κάρμηλον
1573 1773 1623 1809 τὴν
1634 1770 1843 1807 Ἰερουσαλήμ.

218 1825 348 1856 ruulem,
369 1823 533 1859 signiﬁcari.
553 1825 621 1852 Esse
634 1825 707 1852 enim
723 1828 842 1852 montem
864 1825 937 1852 hunc
953 1825 1003 1852 Sa<

1060 1823 1215 1860 Σαμαρείας
1227 1824 1282 1859 γὰρ
1293 1822 1324 1849 τὸ
1351 1822 1424 1857 ὅρος,
1448 1821 1486 1852 ὡς
1507 1820 1597 1847 ἐκεῖνο
1608 1819 1661 1846 τῶν
1676 1818 1845 1852 ἀλλοφύλων.

213 1869 330 1902 muriae;
350 1869 426 1897 illum
442 1874 533 1897 autem
550 1870 780 1906 alienigenarum.
796 1871 890 1898 innuit
911 1871 998 1906 igitur,

1060 1872 1138 1908 Δηλοῖ
1152 1870 1242 1897 τοίνυν
1255 1868 1328 1897 κατὰ
1343 1869 1393 1904 μὲν
1411 1867 1542 1903 ἱστορίαν,
1559 1867 1593 1894 τὰ
1608 1865 1677 1902 πρὸς
1702 1865 1845 1892 ἀνάκτισιν

215 1914 239 1942 si
257 1914 401 1942 historiam
417 1915 553 1951 sequeris,
572 1916 646 1951 ligna
672 1917 731 1949 illa,
750 1924 813 1952 qua
829 1921 895 1945 sunt
911 1917 945 1945 ad
963 1917 1000 1944 in-

1061 1916 1248 1953 χορηγηθέντα
1268 1915 1334 1949 ξύλα
1345 1923 1351 1931 ·
1368 1914 1442 1942 κατὰ
1469 1914 1498 1940 δὲ
1512 1912 1586 1943 νοῦν.
1599 1912 1648 1944 τὰς
1661 1911 1774 1946 γνώμας
1792 1910 1846 1936 τῶν

215 1960 413 1988 staurationem
422 1962 609 1996 suppeditata.
620 1962 667 1989 Sin
680 1967 772 1990 autem
784 1963 818 1990 ad
831 1971 942 1991 sensum
956 1964 1000 1990 ad<

1061 1963 1177 1990 δικαίων.
1195 1959 1262 1989 Εἶτα
1278 1960 1354 1996 δηλοῖ
1364 1960 1428 1992 τοὺς
1441 1959 1525 1987 πάλαι
1543 1958 1594 1994 τὴν
1613 1957 1778 1992 Ἐκκλησίαν
1791 1957 1846 1987 τοῖς

214 2005 321 2038 vertis;
341 2005 481 2040 iustorum
507 2007 671 2040 sententias,
688 2008 830 2044 animique
853 2016 999 2038 consensus

1061 2009 1186 2044 Βιωγμοῖς
1208 2006 1465 2040 ταπεινώσαντας,
1501 2004 1665 2041 μεταϐαλεῖν
1694 2002 1846 2030 int-3616':

214 2051 387 2085 signiﬁcasse
400 2051 520 2080 videtur.
533 2052 615 2080 Addit
629 2057 833 2088 praeterea,eos,
849 2055 896 2090 qui
910 2054 999 2083 Eccle-

1060 2054 1085 2081 ὲν
1097 2054 1167 2090 αὐτῇ
1183 2053 1251 2080 Θεὸν
1267 2051 1466 2086 προσκυνεῖν.
1484 2050 1583 2077 Πολλοὶ
1597 2050 1654 2086 γὰρ
1670 2048 1786 2076 τοιοῦτοι
1798 2057 1845 2083 γει

215 2098 285 2124 siam
306 2098 370 2124 olim
383 2099 813 2134 persccutionibushumiliarunt,
830 2105 934 2129 mutata
948 2101 1000 2136 jam

1061 2100 1161 2136 γόνασι.
1178 2099 1257 2132 Τινὲς
1278 2098 1308 2126 δέ
1334 2106 1427 2133 φασιν,
1439 2098 1477 2130 ῶς
1490 2097 1702 2124 τεταπείνωται
1722 2095 1771 2131 μὲν
1795 2092 1846 2123 Ἰε-

216 2144 365 2176 sententia,
379 2144 463 2171 Deum
475 2146 501 2171 iu
516 2145 575 2180 ipsa
592 2154 654 2174 esse
667 2146 843 2180 adoraturou;
854 2147 927 2182 quod
938 2148 1001 2175 mul-

1061 2145 1216 2181 οουσαλὴμ
1238 2146 1278 2177 είς
1305 2144 1424 2180 Χριστὸν
1453 2144 1655 2179 παροινήσασα.
1676 2141 1786 2176 Ἐπειδὴ
1817 2141 1846 2167 δὲ

216 2189 252 2216 tis
274 2193 380 2216 certum
400 2195 443 2217 est
460 2191 623 2225 contigisse.
649 2192 703 2219 Alii
722 2197 813 2220 autem
835 2193 1001 2221 huntiliatam

1060 2193 1190 2220 σέσωσται
1215 2193 1246 2219 τὸ
1272 2191 1461 2226 κατάλειμμα,
1487 2190 1598 2226 γέγονεν
1623 2190 1716 2225 μήτηρ
1739 2187 1845 2215 ἐθνῶν.

216 2235 327 2270 quidem
345 2235 407 2262 ideo
426 2244 482 2264 esse
496 2238 593 2266 volunt
609 2238 772 2271 Jerusalem,
787 2240 860 2274 quod
879 2241 905 2268 in
923 2241 1001 2268 Chri-

1062 2241 1089 2267 Di
1104 2239 1160 2274 7&9
1175 2238 1418 2270 ταπεινώσαντες
1443 2236 1546 2271 ταύτην
1566 2234 1709 2270 Ῥωμαῖοι,
1736 2235 1770 2270 τῇ
1785 2234 1847 2261 τού-

1146 2286 1152 2292 .
1296 2284 1317 2292 th
1424 2283 1446 2292 II
1468 2282 1476 2292 \
1490 2282 1545 2292 ilia
1557 2281 1584 2292 δὲ
1613 2282 1674 2292 νγ-Αὶ
1701 2280 1845 2292 ';1_n.(_._

215 2286 288 2309 Stum
308 2283 510 2311 contumeliosa
532 2285 670 2312 exstiterit
693 2294 701 2313 :
727 2285 776 2314 sed
799 2286 863 2321 quia
888 2290 1000 2315 servatae

1059 2294 1110 2313 των
1121 2284 1417 2320 πίστειπροσέδραμον.
1424 2282 1480 2309 Καὶ
1487 2282 1548 2309 τότε
1555 2281 1598 2317 δὴ,
1611 2282 1688 2316 φησὶ,
1699 2280 1844 2314 κληθήσῃ

214 2331 283 2354 sunt
296 2327 431 2363 reliquiae,
453 2329 481 2356 in
497 2335 611 2357 matrem
629 2331 747 2366 gentium
760 2331 890 2359 abivisse.
906 2333 999 2360 Roma-

1059 2332 1146 2365 πόλις
1157 2331 1268 2366 Κυρίου
1284 2329 1370 2357 Σιών.
1389 2329 1464 2357 Θεοῦ
1480 2328 1534 2364 γὰρ
1548 2329 1638 2362 πόλις
1650 2329 1667 2363 ή
1685 2327 1844 2361 Ἐκκλησία,

217 2380 270 2400 nos
281 2372 355 2401 enim
371 2374 418 2409 qui
437 2375 525 2407 ipsam
543 2375 731 2409 humiliarunt,
756 2376 790 2403 ad
807 2384 905 2404 eorum
926 2378 1002 2405 [idem

1060 2378 1122 2414 napi.
1131 2375 1165 2414 ἦς
1180 2385 1263 2413 φησιν
1281 2377 1296 2403 ὸ
1308 2376 1389 2403 Δαῦίδ
1402 2384 1410 2390 ·
1428 2374 1633 2410 (Δεδοξασμένα
1648 2372 1766 2408 ἐλαλήθη
1782 2372 1845 2407 περὶ

216 2418 380 2447 accessisse.
403 2419 534 2456 Sequitur
550 2421 650 2450 deinde
671 2431 678 2450 :
701 2421 737 2449 Et
759 2422 893 2450 vocaberis
912 2423 1001 2450 εἱυὶιαι

1060 2424 1116 2457 σοῦ,
1131 2425 1148 2460 ἡ
1160 2423 1237 2455 πόλις
1245 2423 1292 2450 τοῦ
1301 2421 1396 2450 Θεοῦ-ι
1406 2422 1485 2453 Τινὲς
1498 2421 1526 2448 δὲ
1539 2421 1617 2453 Τότε,
1629 2419 1711 2455 φησὶν
1726 2419 1751 2450 ιι,
1763 2419 1807 2445 ὅτε
1816 2417 1845 2444 τὸ

218 2464 327 2492 Domini
340 2465 415 2493 Sion.
432 2467 480 2495 Est
496 2468 570 2495 enim
589 2467 635 2495 Dei
648 2469 742 2496 civitas
760 2468 880 2498 Ecclesia
895 2470 1003 2505 ipsa,de

1060 2470 1192 2506 πλήρωμα
1208 2469 1263 2496 τῶν
1280 2468 1365 2496 ἐθνῶν
1385 2467 1505 2504 είσέλθῃ,
1526 2467 1573 2494 καὶ
1590 2467 1646 2498 πᾶς
1666 2465 1775 2501 Ἰσραὴλ
1790 2472 1845 2490 σω-

218 2518 272 2546 qua
290 2512 410 2547 gloriosa
430 2513 506 2541 dicta
530 2521 592 2542 esse
606 2514 678 2549 apud
695 2514 826 2543 Davidem
840 2515 958 2551 legimus
972 2515 1003 2544 “.

1060 2516 1180 2551 θήσεται.
1197 2515 1265 2542 Τότε
1282 2515 1336 2550 γὰρ
1364 2513 1393 2541 ἓν
1407 2515 1439 2541 ὲκ
1458 2514 1513 2540 τῶν
1528 2513 1574 2540 δύο
1597 2513 1741 2548 γενήσεται
1765 2512 1845 2547 σῶμα

219 2556 312 2586 Placet
331 2566 398 2586 vero
418 2560 561 2587 nonnullis
585 2564 642 2588 tum
667 2560 777 2588 demum
800 2565 941 2589 servatum
973 2562 1004 2589 iri

1060 2563 1138 2590 λαῶν.
1160 2563 1251 2598 Μήπω
1261 2562 1316 2597 γὰρ
1329 2561 1376 2588 τοῦ
1388 2561 1417 2594 ἐξ
1428 2560 1526 2588 ἐθνῶν
1538 2559 1603 2588 λαοῦ
1613 2558 1795 2594 συναφθέντος
1808 2557 1845 2592 τῷ

219 2607 308 2630 totum
326 2604 452 2633 Israelem
469 2605 629 2640 signiﬁcari.
643 2614 708 2634 cum
729 2607 927 2642 plenitudinem
941 2615 1004 2643 gen-

1062 2608 1182 2644 προτέρῳ
1196 2607 1328 2643 Ἰσραὴλ,
1337 2607 1387 2642 οὐχ
1396 2605 1453 2634 οἶόν
1461 2615 1491 2634 τε
1505 2606 1603 2642 μόνους
1614 2606 1735 2637 ἐκείνους
1748 2603 1847 2632 πάντα

220 2649 288 2676 tium
305 2650 456 2685 ingressam
477 2659 539 2679 esse
554 2652 705 2687 contigerit
719 2653 741 2669 "
761 2658 847 2681 :tunc
860 2654 933 2682 enim
945 2654 1005 2682 fore

1064 2654 1172 2690 Ἰσραὴλ
1185 2653 1367 2690 ὀνομάζεσθαι
1380 2652 1661 2690 ὴκρωτηριασμένους
1674 2651 1714 2688 τῷ
1727 2651 1847 2686 δευτέρῳ

220 2694 364 2730 utriusque
379 2696 471 2731 populi
487 2704 588 2732 corpus
599 2705 695 2725 unum.
716 2698 784 2725 Cum
801 2700 874 2727 enim
888 2700 1005 2734 gentium

1062 2700 1181 2735 τάγματι
1194 2700 1242 2727 τοῦ
1253 2699 1314 2726 νέου
1334 2699 1451 2735 Ἰσραήλ.
1469 2699 1571 2734 ’Δμφω
1581 2697 1610 2726 δὲ
1626 2697 1687 2724 τότε
1711 2697 1775 2732 μιᾶς
1795 2696 1847 2730 τῆς

257 2782 280 2798 ’⁸³
296 2781 376 2810 Joan.
389 2791 426 2814 τι.
441 2784 486 2811 ΑΗ.
524 2784 617 2812 “Psal
648 2792 707 2818 cui,
729 2785 772 2819 l5,
790 2786 831 2814 I6.
869 2784 892 2802 "
909 2785 997 2813 lCor.
1017 2793 1042 2814 Ill

954 2793 997 2813 or.
1017 2793 1058 2821 ιιι,
1082 2786 1110 2814 9.
1147 2785 1172 2802 “
1192 2785 1266 2815 Psal.
1287 2793 1399 2819 Luxvt,
1420 2786 1448 2815 3.
1485 2785 1508 2802 ⁸⁷
1531 2784 1613 2814 Rom.
1637 2792 1676 2818 si,
1693 2784 1738 2812 25.

877 2843 919 2871 VA
926 2842 995 2872 ιιΙίΕ
1013 2842 1214 2872 LECTIONES.

255 2872 271 2894 ι’
285 2882 329 2908 rp.
345 2875 435 2909 φασιν.
