1988 3079
127 178 199 212 2633

700 173 964 206 COMMENTARII
983 173 1024 203 IN
1041 173 1097 203 iSA
1103 173 1180 203 ῐΑὶῐ.

129 234 205 269 παρὰ
216 224 276 269 Θῷ
290 233 430 267 τεύξονται
459 230 606 266 σωτηρίας,
631 229 709 261 Τινὲς
731 229 759 255 δὲ
775 228 913 264 ίστοριχῶς

970 227 1088 262 populus
1108 235 1171 254 cum
1188 227 1279 262 priore
1304 227 1455 256 Israelitico
1470 228 1591 256 nondum
1609 228 1757 266 coit'is'set;

129 279 273 310 ἀπέδοσαν,
286 279 323 310 ὡς
338 277 409 305 οὕτω
438 277 613 312 διακειμένης
633 275 684 310 τῆς
710 275 824 306 πόλεως,
839 275 864 300 οἱ
879 275 920 306 είς

128 325 213 361 αὐτὴν
241 325 490 360 πλημμελήσαντες
511 321 748 358 αἰσχυνθήσονται,
766 320 920 351 ἐννοοῦντες

127 371 146 398 ἃ
161 370 288 406 ἔδρασαν.
310 371 364 397 Καὶ
377 370 431 405 γὰρ
445 368 639 405 πρεσϐυτέρων
655 367 700 393 τὸν
720 367 802 400 ζυγὸν
818 365 920 400 ἑϐἁρυυ

115 426 186 455 μιν,
205 417 252 444 καὶ
271 417 368 452 νήπιον
383 416 432 442 οὐκ
458 415 589 450 ἠλέησαν,
615 413 686 440 ὥστε
699 412 793 439 λοιπὸν
807 412 919 446 Κυρίου

127 463 218 489 πόλιν
233 460 376 488 καλεῖσθαι
393 460 441 495 τὴν
458 459 698 495 Ἰερουσαλήμ.Ὢς
711 458 765 493 γὰρ
773 457 920 493 παρῶπται

127 507 162 535 δι’
177 506 315 538 ἀσέϐειαν,
330 505 417 537 οὕτως
435 503 622 532 ἐπανελθοῦσα
643 503 712 539 πρὸς
729 503 828 538 ἑαυτὴν
844 502 920 529 ἔσται

127 549 286 584 κόσμος,οὺ
306 549 386 585 μόνον
417 549 508 584 ἐκείνῃ
533 549 566 584 τῇ
589 548 681 583 γενεᾷ,
705 547 773 574 ἀλλὰ
792 547 839 574 καὶ
860 548 920 579 ταῖς

128 594 188 630 μετ’
216 595 334 630 ἐκείνην.
359 595 463 627 Ἥγουν
495 594 600 629 (ἐπειδὴ
628 594 779 628 πάσχοντος
810 593 918 628 μέλους,

126 638 284 674 συμπάσχει
300 639 388 665 πάντα
402 638 436 665 τὰ
452 638 531 674 μέλη)
547 638 602 665 τῶν
619 637 855 674 παραϐεϐηκότων
868 637 918 672 τῆς

125 684 295 711 καλλιελαίου
320 684 426 711 κλάδων
441 683 624 716 ὲκκοπέντων,
641 684 666 710 ei
689 683 752 710 τότε
781 682 918 714 θεοσεϐεῖς

972 279 1025 298 non
1043 276 1171 306 poterant
1187 272 1276 299 adhth
1291 273 1342 300 soli
1363 274 1410 300 isti
1424 274 1542 300 omnium
1558 274 1669 302 nomine
1683 282 1758 301 com-

971 316 1123 352 prehendi,
1144 317 1246 352 quibus
1268 319 1378 346 deesset
1397 320 1466 347 ordo
1494 321 1615 349 recentis
1636 328 1651 348 a
1667 321 1760 356 priore

971 366 1139 397 amputatus.
1159 362 1211 390 Sed
1225 371 1306 390 unam
1327 368 1443 400 uterque
1458 372 1472 391 a
1488 365 1544 393 Deo
1558 369 1626 393 tunc
1642 367 1758 393 salutem

970 407 1123 441 adepturus
1137 406 1316 440 cst.Quidam
1333 411 1424 437 tamen
1442 409 1475 436 ad
1492 409 1635 437 historiam
1651 411 1757 438 retule-

970 457 1046 485 runt,
1059 457 1189 488 tanquam
1205 454 1242 481 ita
1260 454 1359 482 aﬂ'ecta
1374 455 1495 488 civitate,
1508 456 1554 491 qui
1579 457 1606 483 in
1619 463 1678 484 eam
1692 465 1757 492 pec-

969 503 1080 530 carunt,
1098 501 1203 534 pudore
1216 505 1320 528 tactum
1335 501 1368 528 iri
1389 502 1536 537 signiticet,
1549 511 1611 530 cum
1625 511 1686 538 qua:
1703 504 1757 539 ipsi

969 544 1143 577 admiserint,
1172 546 1343 581 cogitabunt.
1361 546 1429 574 Nam
1452 553 1478 575 et
1505 548 1644 575 seniorum
1660 548 1756 583 jugum

968 595 1143 625 presserunt,
1155 599 1205 619 ncc
1225 591 1373 620 infantium
1390 593 1496 620 miselli
1509 599 1585 625 sunt,
1603 597 1631 621 ut
1652 594 1758 621 Domini

969 636 1063 664 civitas
1085 636 1237 665 Jerusalem
1256 639 1388 674 deinceps
1409 640 1610 666 nominaretur.
1634 640 1669 668 Ut
1683 641 1758 668 enim

968 681 995 709 in
1019 687 1208 718 contemptum
1228 689 1338 719 propter
1366 685 1535 720 impietatem
1559 685 1642 722 693
1664 687 1756 714 abiit:

125 730 391 765 ἐγκαταλελεῖφθαι
418 729 552 764 λέγονται,
579 729 630 756 καί
653 728 849 764 μεμισῆσθαι,
871 728 913 763 μὴ

965 727 1017 761 sic,
1035 729 1059 756 si
1079 729 1112 756 ad
1129 737 1160 757 se
1181 730 1287 762 redeat,
1309 731 1384 759 illius
1403 739 1457 758 non
1475 731 1564 759 solum
1585 733 1688 765 saeculi,
1710 732 1759 760 scd

125 774 213 808 ὄντος
224 774 278 801 τοῦ
294 773 493 808 βοηθοῦντος.

965 775 1108 808 sequentis
1129 775 1212 802 etiam
1226 782 1421 804 ornamentum
1442 777 1534 804 futura
1550 782 1601 806 est.
1619 778 1757 805 Nimirum

126 820 202 855 (quia
222 820 364 848 laborante
390 820 514 848 membro
531 827 597 853 uno,
613 819 735 848 dolorem
751 819 873 848 sentiunt
885 823 913 847 et
931 821 1043 855 caetera)
1068 822 1113 850 ubi
1132 821 1232 850 feracis
1255 823 1336 851 olivae
1370 831 1474 856 ramos,
1511 824 1557 858 qui
1574 825 1757 859 .prrevaricati

125 872 200 902 sunt,
215 869 339 897 exscindi
354 869 470 904 contigit
484 869 522 902 “;
538 869 584 903 qui
598 873 656 896 tum
669 869 796 904 pietatem
807 871 964 900 sectantur,
979 867 1127 905 derelinqui
1144 871 1285 904 dicuntur,
1302 876 1327 898 et
1360 871 1420 898 odio
1452 872 1561 904 haberi;
1588 880 1651 900 cum
1682 881 1758 900 nemo

125 915 159 942 sit
175 916 218 950 qui
231 916 269 942 eis
283 915 440 943 auxiliatur.

161 960 222 986 Τῶν
237 961 264 987 δὲ
278 962 310 988 ὲκ
328 961 377 996 τῆς
387 960 544 996 ἀγριελαίου
563 960 612 996 τὴν
626 959 737 987 ἐκείνων
752 959 913 995 ἀναπληρω-

1005 957 1059 984 Sed
1071 957 1135 993 quia
1152 957 1198 992 qui
1215 957 1249 986 de
1264 958 1385 986 oleastro
1403 963 1478 990 sunt,
1493 959 1520 986 in
1540 958 1631 987 locum
1646 959 1756 987 illorum

125 1006 228 1033 σάντων
237 1006 340 1041 χώραν,
357 1006 403 1032 καὶ
429 1005 612 1040 συναφθέντος
639 1005 770 1041 ἑκατέρου
789 1004 867 1035 λαοῦ,
883 1005 915 1040 τῇ

123 1052 170 1078 τοῦ
181 1052 305 1086 Σωτῆρος
318 1051 432 1086 δυνάμει
444 1051 560 1086 συνέστη
569 1051 622 1077 τῶν
636 1051 798 1085 σωζομένων
808 1050 839 1076 τδ
846 1050 916 1084 πλή-

126 1106 218 1134 ρωμα,
233 1097 282 1132 μία
298 1106 328 1124 τε
339 1098 430 1129 πόλις
441 1096 470 1128 ἐξ
481 1097 584 1131 ἀμφοῖν
597 1096 709 1130 γέγονεν
724 1096 741 1130 ἡ
761 1096 914 1130 καλουμένη

125 1142 212 1174 Σιὼν,
269 1141 446 1177 τελειωθείσῃ
476 1141 674 1175 ἐπαγγέλλεται
694 1140 728 1167 τὰ
745 1140 818 1176 ἑξῆς.
837 1140 916 1172 Τινὲς

124 1188 153 1215 δέ
165 1195 230 1222 φασι
247 1186 481 1214 τεταπεινῶσθαι
497 1186 548 1221 μὲν
561 1186 646 1221 αὐτὴν
660 1186 705 1212 διὰ
715 1185 746 1212 τὺ
758 1186 828 1212 κατὰ
847 1186 914 1221 Χρι-

125 1234 189 1262 στοῦ
205 1233 333 1269 τόλμημα
344 1253 352 1266 ,
370 1233 541 1268 σωθήσεσθαι
564 1233 593 1259 δὲ
619 1232 714 1260 τοῦτον
731 1233 811 1259 πάλιν
829 1233 915 1266 ἐπιγι-

123 1280 292 1308 νώσκουσαν.
306 1279 346 1306 Τὰ
360 1279 382 1305 δ’
396 1276 443 1306 οὖν
465 1279 637 1314 ὲπαγόμενα·
654 1278 744 1312 Θήσω
758 1285 795 1305 σε
822 1278 880 1312 ἀγα
887 1279 915 1304 1-

122 1326 217 1360 λίαμα
250 1325 391 1356 αἰώνιον,
416 1325 611 1359 εὐφροσύνην
644 1324 756 1359 γενεῶν
787 1323 912 1359 γενεαῖς.

124 1371 213 1398 ὐπου
233 1371 287 1406 γὰρ
310 1370 388 1402 ἐλπὶς
416 1370 572 1405 ἀφθαρσίας
593 1371 622 1396 ὲν
643 1371 676 1405 τῇ
701 1369 848 1405 Ἐκκλησία
866 1369 914 1396 τοῦ

122 1416 202 1448 Θεοῦ,
215 1415 397 1451 ἀτελευτήτου
426 1423 457 1441 τε
485 1415 569 1450 ζωῆς,
594 1414 642 1441 καὶ
655 1414 745 1450 δόξης,
766 1415 814 1441 καὶ
838 1414 915 1449 βασι-

122 1461 208 1495 λείας,
223 1461 355 1497 οὐρανῶν,
373 1461 453 1488 ποίαν
463 1460 520 1496 ἔχοι
534 1460 564 1486 τὺ
580 1465 591 1480 σ
608 1459 740 1495 κατηφές.
757 1459 812 1486 Καὶ
823 1459 913 1494 θηλά-

122 1515 200 1540 σεις,
210 1507 288 1543 φησὶ,
305 1506 382 1542 τάλα
398 1506 503 1534 ἐθνῶν.
517 1505 554 1532 Τὸ
567 1505 655 1533 κοινὸν
665 1506 739 1539 λέγει
752 1507 912 1542 μυστήριον,

122 1554 171 1581 καὶ
186 1554 236 1590 τὴν
251 1552 411 1589 στοιχειώδη
426 1552 602 1579 διδασκαλίαν
629 1552 683 1579 τῶν
698 1553 727 1579 ὲν
744 1552 853 1588 Χριστῷ
868 1551 913 1579 διὰ

122 1600 241 1635 πίστεως
253 1598 494 1634 ἁναγεννωμένων.
509 1597 588 1629 Τινὲς
609 1598 638 1624 δὲ
655 1597 735 1625 τοῦτό
755 1606 786 1624 τε
813 1598 861 1625 καὶ
876 1598 912 1624 τὰ

969 1003 1127 1035 subierunt,
1149 1003 1177 1030 in
1202 1011 1343 1038 unumque
1365 1008 1481 1039 uterque
1495 1005 1614 1040 populus
1629 1007 1756 1040 compul-

968 1056 1016 1077 sus
1041 1049 1264 1085 conjunctusque
1280 1054 1343 1083 est;
1366 1049 1519 1079 Salvatoris
1535 1052 1635 1078 virtute
1653 1052 1758 1079 consli—

969 1098 1025 1122 tuta
1045 1099 1206 1128 esteorum,
1223 1095 1270 1131 qui
1282 1096 1397 1124 salutem
1411 1096 1503 1131 adepti
1519 1101 1593 1127 sunt.
1604 1097 1755 1132 plenitudo,

968 1149 1080 1177 unaque
1097 1142 1190 1169 ciuitas
1206 1149 1240 1170 ex
1255 1141 1473 1175 ambobus,Sion
1487 1143 1609 1175 nomine,
1621 1143 1694 1170 facta
1702 1147 1756 1176 est;

967 1188 1012 1215 cui
1025 1187 1081 1222 jam
1097 1187 1236 1223 perfectm,
1251 1196 1312 1223 quae
1323 1194 1480 1223 sequuntur
1495 1188 1635 1224 deinceps,
1648 1197 1757 1216 annun-

967 1233 1083 1261 tiantur.
1107 1233 1208 1260 Putant.
1224 1234 1348 1261 nonnulli
1374 1234 1410 1261 ob
1429 1235 1454 1261 id
1469 1235 1581 1270 quidem
1598 1243 1654 1262 esse
1668 1236 1757 1262 Immi-

968 1278 1064 1305 liatam
1087 1283 1113 1307 et
1132 1279 1272 1311 aﬂlictam,
1288 1279 1362 1315 quod
1378 1279 1511 1309 adversus
1527 1280 1669 1308 Christum
1688 1289 1756 1309 ausa

966 1328 1010 1351 est
1031 1334 1038 1352 :
1054 1324 1104 1352 sed
1123 1332 1186 1352 esse
1201 1324 1317 1352 salutent
1328 1330 1430 1358 tamen,
1441 1326 1463 1353 si
1473 1326 1599 1353 eumdem
1614 1333 1755 1361 agnoscat,

967 1369 1143 1405 adepturam.
1169 1369 1233 1398 llaec
1250 1371 1334 1406 igitur
1344 1371 1403 1406 ipsa
1417 1376 1492 1402 sunt,
1507 1379 1568 1406 quae
1582 1376 1732 1406 sequentur
1746 1380 1756 1404 ;

967 1414 1070 1449 quibus
1084 1422 1142 1441 eam
1158 1422 1186 1441 se
1195 1415 1343 1448 positurum
1354 1415 1381 1441 in
1401 1415 1606 1443 exsultationem
1618 1417 1756 1449 sempiter-

966 1467 1042 1492 nam,
1058 1460 1086 1487 in
1105 1459 1229 1487 lwtiliam
1243 1461 1445 1496 generationum
1459 1462 1671 1497 generationibus
1683 1464 1757 1490 θωτ-

967 1510 1035 1534 mat.
1048 1505 1164 1539 Quando
1178 1506 1252 1534 enim
1268 1513 1331 1541 spes
1345 1507 1610 1535 estiminortalitatis
1627 1507 1756 1536 inEccle-

966 1552 1007 1579 sia
1022 1551 1080 1583 Dei,
1096 1552 1214 1587 vitaeque
1229 1555 1378 1586 perpetuae,
1395 1552 1535 1588 etgloriaa,
1551 1553 1687 1588 regnique
1700 1561 1757 1581 cm-

967 1597 1056 1629 lestis,
1074 1597 1120 1624 ubi
1133 1597 1189 1631 jam
1207 1597 1346 1624 mmstitia‘.
1363 1597 1442 1625 locus
1456 1605 1518 1626 esse
1539 1599 1644 1626 valeat?
1660 1599 1692 1626 Et
1707 1608 1755 1627 ru-

122 1628 293 1680 étpsﬁﬁeadc
311 1628 347 1676 ei
376 1628 460 1670 ἐθνῶν
491 1651 557 1677 φασι
578 1628 779 1677 ,καρποφορίας
806 1641 913 1676 δηλοῦν,

968 1651 1023 1678 ges,
1039 1642 1126 1675 addit,
1146 1643 1188 1670 Iac
1201 1644 1318 1678 gentium
1331 1651 1341 1675 ;
1356 1651 1504 1671 commune
1519 1644 1649 1671 nimirum
1663 1652 1757 1672 sacra-

122 1690 286 1726 ἀναθήματά.
300 1698 330 1716 τε
353 1690 402 1716 καὶ
418 1688 546 1724 βασιλικὰ
567 1687 710 1724 σιτηρέσια
727 1687 808 1722 μέχρι
822 1687 870 1714 νῦν
884 1687 916 1714 ἐκ

121 1737 176 1763 τῶν
189 1735 364 1770 κρατούντων
388 1734 524 1769 διδόμενα.
543 1733 634 1760 Ἄλλοι
654 1733 682 1759 δὲ
699 1732 827 1767 βασιλέας
849 1733 916 1767 φασὶ

121 1782 184 1814 τοὺς
198 1780 252 1808 τῶν
270 1779 455 1815 μακαρισμῶν
475 1779 579 1812 ἀξίους,
595 1775 635 1810 οἷς
653 1779 667 1804 ὁ
683 1777 777 1813 Σωτὴρ
792 1777 915 1813 οὐρανῶν

118 1827 285 1861 βασιλείαν
298 1825 508 1860 ἐπαγγέλλεται.
522 1825 600 1856 Τινὲς
611 1824 639 1851 δὲ
653 1824 700 1851 καὶ
717 1824 777 1850 καθ’
793 1823 914 1859 ἱστορίαν

121 1873 167 1900 τὸν
179 1873 315 1900 πλοῦτον
330 1871 512 1906 σημαίνεσθαι
522 1879 614 1905 φασιν,
631 1870 660 1896 ὃν
669 1869 812 1903 βασιλεῖς
827 1878 913 1905 προσ-

121 1919 199 1954 ῆγον,
214 1918 261 1945 καὶ
273 1917 404 1953 ἄρχοντες
417 1918 446 1943 ὲν
462 1917 531 1952 αὑτῇ
545 1915 583 1951 τῷ
608 1915 678 1950 Θεῷ,
692 1915 732 1950 τῷ
745 1915 849 1950 ταύτην
867 1914 912 1948 ἐξ·

121 1964 243 2000 ελομὲνῳ
259 1962 314 1990 τῶν
324 1962 473 1998 πολεμίων,
494 1962 542 1988 καὶ
557 1962 597 1992 είς
622 1960 652 1987 τὸ
667 1960 761 1996 ἄρχειν
773 1960 851 1992 αὖθις
864 1960 912 1986 αὺ-

121 2012 170 2046 τὴν
183 2010 394 2044 καταστήσαντι.
410 2008 471 2035 Ὅτι
499 2007 556 2042 ἐγὼ
582 2007 689 2040 Κύριος
709 2007 725 2032 ό
750 2006 850 2036 σώζων
862 2012 910 2037 σε,

121 2055 198 2092 φηοί.
214 2055 313 2090 Χάριτι
325 2054 379 2089 γὰρ
410 2055 457 2080 καὶ
486 2051 677 2087 φιλανθρωπίᾳ.
704 2053 839 2078 σέσωσται
862 2049 910 2077 τοῦ

126 2101 235 2138 Ἰσραὴλ
249 2101 280 2128 τὸ
293 2099 479 2135 κατάλειμμα,
498 2098 536 2130 ὡς
558 2098 596 2133 μὴ
616 2097 755 2128 παντελῶς
767 2097 798 2123 τὸ
810 2098 842 2123 ὲκ
857 2097 912 2122 111-

119 2148 207 2184 τέρων
222 2146 307 2181 ἁγίων
323 2146 398 2177 ἔθνος
411 2145 555 2179 ἀπόληται.
574 2142 672 2170 Γνῶθι
686 2143 725 2175 δὲ,
749 2143 828 2177 φησι,
844 2142 911 2176 πρὸς

121 2196 178 2227 τοῖς
191 2195 358 2230 εἰρημένοις,
377 2194 415 2225 ὡς
436 2193 486 2219 οὐκ
512 2192 552 2218 ἔτι
582 2191 683 2223 ξύλων
701 2190 794 2225 ἀργῶν
809 2188 910 2223 δεήσει.

121 2241 227 2277 (Ταῦτα
236 2240 291 2276 γὰρ
305 2239 356 2274 ὕλη
375 2239 471 2274 πυρὸς)
485 2238 542 2265 ἀλλ’
566 2237 628 2263 οὐδὲ
649 2236 752 2268 λίθων,
767 2234 842 2261 τοῦτ’
854 2234 912 2260 ἐστι

119 2286 213 2321 ψυχῶν
223 2284 346 2320 ἠλιθίων.
375 2284 414 2310 Τὰ
434 2284 462 2310 δὲ
485 2282 588 2310 τούτων
605 2281 677 2314 ἕξεις
696 2280 857 2316 τιμιώτερα.
878 2278 910 2306 Οἱ

120 2332 175 2367 γὰρ
186 2331 280 2358 πάλαι
296 2329 408 2365 χαλκοῖ
430 2329 478 2356 καὶ
506 2328 649 2365 ἀντίτυποι
660 2327 767 2362 ἄνδρες,
783 2325 830 2352 καὶ
845 2325 907 2356 τοὺς

120 2380 238 2416 τρόπους
253 2379 353 2410 παντὸς
375 2377 503 2411 σιδήρου
518 2375 706 2410 σκληρότεροι,
724 2371 908 2409 μεταὸληθὲν-

120 2435 166 2458 τες
183 2427 222 2458 εἰς
235 2425 353 2460 χρυσόν
367 2432 395 2450 τε
420 2424 467 2450 καὶ
479 2422 611 2456 ἄργυρον
624 2420 810 2456 ἐφαρμόσουσι
826 2419 859 2453 τῇ
875 2418 908 2452 σῇ

120 2471 192 2499 κατὰ
208 2471 274 2498 Θεὸν
289 2469 429 2505 οἰκοδομίᾳ
439 2476 446 2484 ·
464 2468 491 2494 οἴ
506 2476 534 2494 τε
551 2467 652 2500 ξύλων
674 2464 907 2500 ἁναισθητότεροι,

119 2518 180 2544 ἀντὶ
192 2516 307 2551 χαλκοῦ
323 2524 372 2542 σοι
387 2516 435 2542 καὶ
449 2512 578 2548 σιδήρου
599 2513 759 2548 γενήσονται
774 2510 841 2546 πρὸς
858 2510 908 2546 τὴν

118 2563 262 2598 οἰκοδομὴν
276 2561 477 2597 συναιρόμενοι.

967 1692 1100 1721 mentum,
1113 1695 1265 1723 eorumque
1273 1688 1407 1716 doctrina:
1418 1689 1564 1721 elementa,
1577 1690 1623 1724 qui
1641 1690 1668 1717 in
1676 1690 1756 1718 Chri-

966 1737 1010 1761 sto
1025 1741 1073 1768 per
1094 1733 1174 1760 ﬁdem
1198 1737 1408 1768 regenerantur.
1423 1733 1494 1761 Sunt
1511 1734 1635 1761 nonnulli
1651 1738 1754 1768 tamen,

965 1779 1011 1814 qui
1033 1779 1096 1810 ista,
1111 1783 1138 1806 ct
1153 1786 1214 1814 quae
1228 1779 1372 1814 deinceps,
1386 1780 1419 1806 ad
1445 1780 1566 1814 gentium
1583 1787 1708 1812 munera,
1721 1781 1754 1808 all

964 1825 1091 1857 donaria,
1104 1825 1136 1851 ad
1153 1824 1228 1860 regia
1246 1823 1377 1852 demensa
1387 1829 1413 1851 ct
1425 1824 1574 1859 stipendia,
1587 1825 1688 1860 quibus
1701 1826 1755 1853 huc

964 1878 1053 1905 usque
1076 1877 1171 1896 eorum
1196 1869 1362 1896 liberalitate
1388 1869 1503 1901 fruitur,
1524 1870 1570 1905 qui
1595 1878 1687 1898 rerum
1705 1879 1755 1906 po-

963 1916 1080 1948 tiuntur,
1102 1915 1197 1942 referri
1211 1915 1393 1942 arbitrentur.
1408 1915 1461 1942 Alii
1475 1923 1542 1942 vero
1553 1923 1602 1951 per
1616 1923 1695 1951 reges
1706 1924 1754 1944 eos

963 1960 1049 1996 ipsos,
1065 1961 1112 1996 qui
1127 1959 1345 1987 beatitudinibus
1356 1960 1429 1995 digni
1446 1966 1521 1992 sunt,
1535 1960 1636 1994 quibus
1644 1969 1755 1996 regnum

963 2005 1096 2033 cmlortnu
1110 2003 1407 2039 pollicetur-Christus,
1426 2004 1588 2039 signiﬁcari.
1607 2005 1754 2033 Aliietiam

963 2049 1115 2078 secundum
1134 2049 1289 2079 historiam,
1302 2048 1499 2083 diuitiasillas;
1512 2057 1581 2084 quas
1593 2050 1620 2077 in
1634 2057 1665 2078 ea
1679 2059 1753 2086 reges

961 2099 990 2123 et
1006 2095 1144 2131 principes
1157 2094 1212 2121 Deo
1226 2094 1397 2127 obtulerunt,
1414 2101 1461 2129 per
1473 2102 1554 2130 quem
1568 2099 1610 2122 est
1624 2095 1752 2123 hostibus

962 2141 1097 2173 liberata,
1124 2148 1234 2176 suaeque
1257 2140 1388 2175 potestati
1413 2145 1440 2167 et
1467 2140 1584 2176 imperio
1611 2142 1751 2174 restituta,

963 2187 1033 2220 Quia
1054 2195 1100 2222 ego
1118 2195 1177 2214 sum
1192 2186 1333 2217 Dominus,
1348 2187 1448 2221 inquit,
1466 2187 1512 2222 qui
1527 2187 1632 2214 saluum
1646 2193 1670 2215 te
1687 2189 1749 2224 feci.

962 2233 1033 2260 Sunt
1044 2233 1117 2260 enim
1130 2231 1191 2268 ejus
1204 2233 1294 2268 gratia
1306 2236 1333 2259 et
1351 2233 1523 2260 humanitate
1535 2237 1651 2260 servatae
1663 2233 1751 2261 israe-

964 2279 998 2306 lis
1011 2279 1144 2314 reliquiae,
1158 2285 1192 2304 nc
1205 2277 1323 2312 populus
1339 2277 1394 2311 ille,
1412 2278 1458 2313 qui
1474 2285 1489 2305 a
1503 2279 1608 2307 sanctis
1621 2278 1750 2308 Patribus

963 2331 1041 2353 ortus
1057 2329 1111 2357 est,
1135 2323 1245 2359 penitus
1266 2323 1401 2350 interiret.
1424 2323 1498 2350 Scito
1525 2328 1628 2358 autem,
1649 2325 1749 2360 inquit,

961 2376 1060 2407 praeter
1075 2378 1118 2403 ea,
1135 2377 1197 2406 quae
1210 2370 1284 2397 dicta
1301 2374 1377 2401 sunt,
1396 2371 1445 2398 tibi
1461 2379 1515 2398 non
1532 2371 1610 2406 lignis
1631 2372 1750 2406 amplius

961 2417 1070 2450 otiosis,
1080 2423 1142 2451 qum
1153 2415 1208 2449 igni
1221 2419 1326 2442 tantum
1339 2414 1572 2450 69hmateriam
1581 2421 1731 2450 suggerunt
1741 2436 1748 2442 .

962 2471 1018 2492 non
1039 2462 1173 2497 lapidibus
1188 2461 1288 2497 ;etiam,
1305 2461 1333 2488 id
1354 2465 1406 2493 est,
1429 2462 1547 2496 stupidis
1568 2467 1595 2489 et
1614 2463 1750 2490 inertibus

964 2509 1120 2540 animabus,
1135 2507 1194 2536 fore
1218 2515 1300 2542 opus,
1316 2507 1364 2535 sed
1385 2512 1411 2534 te
1431 2508 1492 2535 istis
1507 2508 1588 2542 longe
1602 2508 1708 2542 majora
1723 2514 1750 2536 ei.

963 2554 1153 2590 praestantiora
1183 2553 1354 2581 habiturum.
1377 2552 1429 2584 Qui
1453 2553 1526 2579 enim
1544 2553 1623 2587 ferrei
1640 2554 1705 2580 olim
1722 2558 1750 2580 (-t

119 2609 239 2637 immites
262 2608 400 2637 homines,
422 2607 601 2641 moribusque
617 2606 688 2640 ferro
717 2604 840 2639 quolibet
857 2603 985 2631 duriores
1002 2601 1123 2632 fuerant,
1139 2601 1165 2627 in
1181 2602 1279 2626 aufum
1292 2599 1349 2633 jam
1381 2603 1409 2625 et
1437 2605 1576 2632 argentum
1610 2601 1748 2634 conversi,

119 2657 152 2683 ad
171 2661 246 2683 tuum
264 2663 325 2684 sese
340 2655 498 2685 aedilicium,
518 2653 592 2688 quod
607 2652 652 2680 Dei
668 2657 721 2684 est,
740 2651 901 2679 commodos
939 2650 1077 2682 utilesque
1100 2647 1278 2683 praebebunt,
1319 2647 1367 2681 qui
1390 2646 1508 2680 denique
1531 2654 1612 2675 sensu
1642 2649 1728 2682 magis
1740 2666 1749 2680 ,

118 2709 199 2738 quam
222 2701 305 2736 ligna,
324 2704 489 2732 enruerant;
506 2699 554 2727 tibi
574 2700 631 2735 jam
654 2707 702 2734 pro
713 2706 764 2726 me
781 2703 805 2726 et
822 2698 904 2733 ferro,
924 2697 1025 2725 collata
1037 2695 1064 2723 in
1079 2694 1225 2722 aedilicium
1239 2701 1341 2728 opera,
1359 2693 1444 2720 l'uturi
1461 2698 1536 2720 sunt.

153 2793 177 2810 "
195 2791 276 2820 Rom.
293 2800 330 2825 xi,
346 2792 390 2819 Π.

767 2837 887 2865 ἾΑΠΙᾸΞ
916 2835 1062 2865 ιΕατιοΝ
1068 2835 1117 2863 ES.

155 2892 166 2906 ε
183 2894 229 2922 τρ.
246 2885 292 2911 ποῖ
305 2883 337 2910 ἂν
351 2883 448 2918 ἔχοιτο.

235 2933 369 2964 Parnm"
385 2931 442 2962 Gn.
465 2927 644 2959 LXXXVII.

1531 2926 1568 2957 83

1687 176 1757 208 2634
1802 169 1809 175 ‘
