1988 3079
181 159 282 202 ’2635

879 169 1055 200 PROCOPII
1075 170 1198 201 GAZEI

1770 168 1840 200 2636

246 220 399 260 Stgnil‘tcari
414 227 504 251 tamen
538 223 615 250 aiunt
630 223 766 256 nonnulli,
782 229 844 250 cum
861 222 930 257 legis
949 222 997 249 do-

1085 223 1162 254 Τινὲς
1177 224 1205 250 δέ
1221 233 1286 258 φασι
1307 223 1449 259 βούλεσθαι
1467 224 1558 259 λέγειν
1574 245 1582 258 ,
1597 225 1636 251 ὅτι
1655 224 1743 251 πάντα
1771 223 1839 256 πρὸς

210 273 328 299 ctrinam
345 271 445 298 cedere
461 269 618 305 contigerit,
635 269 728 296 omnia
742 276 789 304 per
804 268 947 296 Christum
967 267 995 294 in

209 323 288 346 tanto
308 317 423 344 meliora
447 321 642 343 commutatum
663 315 710 348 iri,
728 319 860 349 quantum
878 318 921 341 cst
946 322 998 341 tere

211 365 309 400 ferrum
328 363 516 398 praestantius.
542 362 649 389 llabcre
664 362 736 389 enim
753 369 788 388 (ιιε
805 361 865 388 auri
886 360 997 395 quidem

209 410 338 445 speciem;
352 417 402 437 nec
422 417 519 435 aurum
536 412 626 435 tamen
643 415 715 435 esse.
729 407 838 434 Habere
853 412 880 434 et
896 407 997 441 ferrum

209 456 322 491 argenti,
349 459 460 490 propter
483 453 667 488 splendorem,
691 459 742 480 nec
759 459 822 479 esse
848 457 938 479 tamen
954 458 999 478 ar-

209 506 326 537 gentum,
341 508 396 536 quo
410 501 511 527 factum
528 503 581 532 est,
593 502 622 526 ut
639 497 742 525 Paulus
755 498 825 533 ipse,
851 505 913 525 cttm
929 498 998 533 legis

209 547 479 582 cognitionem,wm
499 552 531 573 ea
560 551 621 580 qua:
633 544 735 571 Christi
748 547 791 571 est
814 548 997 578 compararet,

209 592 373 627 quisquilias
388 591 527 626 appellare
547 597 600 617 non
619 589 754 616 dubitarit
769 589 803 616 δ’.
820 589 913 624 Neque
934 596 998 617 vero

209 638 280 665 male
298 637 458 664 Scribarum
479 641 507 664 et
534 635 735 662 Pharisaeorum
751 634 908 670 disciplina,
934 634 998 669 quia

209 685 333 711 fabulosa
348 703 356 715 ,
377 683 455 718 lignis
480 687 505 709 et
535 681 669 715 lapidibus
694 685 888 716 comparetur;
914 688 998 716 quam

209 735 285 757 tanto
303 734 414 764 superat.
429 735 491 763 quze
512 727 545 754 de
558 727 670 754 Christo
690 730 750 759 est;
766 731 873 761 quanto
887 731 930 754 est
946 734 999 753 orre

209 777 331 812 lignum,
354 779 458 810 quanto
480 774 579 808 lapide
592 773 694 808 ferrum
712 773 901 808 praestantius.
927 772 999 799 Sunt

209 823 282 850 enim
299 822 385 848 altera
405 820 515 855 quidem
538 819 572 847 ad
593 818 819 847 contundendum
843 819 998 853 infringen-

209 868 330 902 dumqne
352 866 442 894 facilia
457 870 482 893 et
503 869 627 901 prompta
645 873 651 890 :
667 865 753 892 altera
767 869 870 896 autem,
900 868 999 899 praeter

1048 269 1078 295 τὸ
1105 269 1215 304 ἄμεινον
1245 271 1464 306 μεταστήσεται,
1485 271 1708 306 παραχωρούσης
1736 270 1785 304 τῆς
1810 270 1839 295 ἐν

1049 315 1124 350 νόμῳ
1136 315 1305 347 παιδεύσεως
1320 317 1353 352 τῇ
1379 317 1424 344 διὰ
1435 316 1483 343 τοῦ
1500 317 1616 352 Χριστοῦ
1631 317 1757 343 τοσοῦτον
1772 316 1839 350 οὖσῃ

1049 361 1195 396 κρείττονι,
1205 362 1267 388 ὅσον
1284 363 1402 396 χαλκοῦ
1426 364 1551 397 χρυσός.
1568 363 1770 397 Χρυσοφανὴς
1791 362 1840 396 μὲν

1049 406 1103 442 γὰρ
1119 408 1134 433 ό
1145 407 1269 441 χαλκὸς,
1286 408 1355 443 πλὴν
1372 409 1402 434 οὺ
1418 409 1542 442 χρυσός.
1563 408 1785 442 Ἀρτιιροφιινὴς
1800 408 1838 438 δὲ,

1049 452 1092 479 διὰ
1113 452 1144 479 τὺ
1171 453 1308 486 στιλπνὸν,
1327 451 1405 480 καὶ”ό
1418 454 1538 488 σίδηρος,
1566 454 1623 480 ἀλλ’
1640 454 1689 479 οὐκ
1700 453 1839 487 ᾶργιῬος.

1050 498 1199 533 Τοιγαροῦν
1219 498 1267 534 τὴν
1292 500 1321 525 ὲν
1351 500 1426 534 νόμῳ
1443 499 1543 533 γνῶσιν
1559 499 1628 534 πρὲις
1651 499 1700 534 τὴν
1714 499 1757 525 διὰ
1774 500 1841 534 Χρι-

1050 543 1125 576 στοῦ,
1144 543 1266 571 σκύϐαλα
1280 544 1386 576 Παῦλος
1400 545 1490 577 καλεῖ,
1507 546 1523 579 ὴ
1537 544 1565 571 δὲ
1580 545 1634 570 τῶν
1651 544 1840 580 Γραμματέων

1049 591 1097 617 καὶ
1111 591 1266 625 Φαρισαίων
1279 591 1440 617 διδασκαλία
1462 590 1588 626 μυθώδης
1614 589 1691 623 οὖσα,
1705 590 1840 626 παρεικά-

1050 636 1123 669 ζοιτο
1138 637 1243 670 ξύλοις
1260 638 1308 664 καί
1339 639 1447 670 λίθοις,
1459 636 1494 674 ἦς
1509 639 1526 673 ὴ
1543 639 1572 665 ὲν
1589 639 1700 674 Χριστῷ
1713 639 1840 665 τοσοῦτον

1046 684 1177 718 ἀμείνων,
1202 684 1263 711 ὅσον
1292 684 1389 717 ξύλου
1406 686 1531 719 χαλκὸς,
1553 685 1680 718 σίδηρός
1694 693 1725 710 τε
1739 685 1839 712 λίθοιν.

1049 729 1090 755 Τὰ
1104 729 1153 764 μὲν
1171 730 1225 765 γὰρ
1241 729 1385 762 εὖθλαστα,
1403 730 1439 757 τὰ
1456 731 1495 763 δὲ,
1513 731 1582 765 πρὸς
1609 730 1648 765 τῷ
1660 729 1778 764 λαμπρῷ
1793 730 1840 756 καὶ

1049 774 1141 810 τιμίῳ,
1166 775 1213 801 καὶ
1235 775 1356 811 ἀρῤαγῆ.
1376 775 1437 807 Blo;
1450 775 1504 811 γὰρ
1518 776 1597 812 ὀρθὸς
1613 776 1681 810 μετὰ
1696 775 1840 810 δογμάτων

1049 819 1157 855 ἀληθῶν
1176 821 1364 855 παραδίδοται,
1379 821 1423 847 διὰ
1438 821 1517 848 τοῦτο
1531 821 1577 848 καὶ
1589 821 1694 852 Παῦλος
1704 821 1754 856 τῆς
1765 821 1841 855 παρά

1049 877 1129 894 τινων
1145 867 1340 903 μυσταγωγίας
1355 867 1404 903 τὴν
1430 867 1555 902 δύναμιν,
1570 867 1647 899 ξύλα¹
1669 867 1774 902 χόρτον,
1792 867 1841 892 καὶ

208 921 290 950 quam
311 913 384 948 quod
404 911 550 947 splendore
576 910 700 945 praedita,
724 911 844 945 pretiosa
866 911 947 937 etiam
971 913 997 936 et

1050 913 1139 945 λίθους
1153 914 1240 940 καλεῖ.
1252 913 1331 943 Τινὲς
1347 913 1376 939 δὲ
1387 914 1435 940 καὶ
1447 913 1517 940 κατὰ
1531 913 1580 948 τὴν
1596 912 1668 945 λέξιν
1683 912 1838 942 ἀπέδωκαν,

209 960 357 995 infragilia.
373 958 450 986 Solet
469 958 541 985 enim
558 957 625 990 vita,
639 964 700 991 quae
716 960 790 983 recta
803 960 858 987 est,
873 963 936 983 curn
953 962 997 981 ve-

208 1007 248 1033 ris
269 1004 422 1040 disciplinis
444 1003 478 1030 ad
497 1003 567 1030 alios
591 1003 719 1030 transire.
741 1001 802 1035 Quo
821 1001 924 1028 iactum
941 1006 996 1034 est,

208 1057 239 1080 ut
255 1051 376 1086 mysticae
392 1049 575 1085 quorumdam
602 1048 755 1083 disciplina:
778 1047 950 1079 facultatem,
963 1047 997 1074 li-

207 1105 273 1134 gna,
287 1098 378 1125 l‘enum
387 1100 414 1123 et
425 1095 529 1130 lapides
543 1095 647 1122 Paulus
659 1094 806 1130 appellarit
817 1095 851 1120 ⁵⁸.
865 1094 996 1121 Nonnulli

207 1153 274 1173 vero
286 1143 367 1171 etiam
380 1142 412 1169 ad
425 1142 544 1169 litteram
566 1141 739 1176 explicarunt
762 1145 891 1176 tanquam
903 1141 998 1168 civita-

208 1192 226 1218 ti
241 1191 369 1225 pietatem
386 1187 486 1215 colenti
503 1187 618 1214 materia
631 1187 771 1222 quaelibet,
789 1187 909 1222 pretiosa
918 1195 996 1223 atque

208 1245 240 1264 ac
254 1237 371 1271 abjecta,
388 1233 515 1262 donanda
529 1234 575 1261 sit.
593 1233 679 1261 Posse
689 1233 761 1260 enim
780 1233 898 1268 idipsutn
910 1233 996 1261 Deum

207 1282 326 1310 ellicere.
344 1280 479 1308 Caeterum
498 1287 560 1306 ctutt
579 1279 632 1306 ista
648 1278 706 1306 ﬁeri
731 1279 890 1314 contigerit,
905 1279 998 1306 vivent

207 1329 235 1356 in
247 1337 310 1364 pace
325 1328 456 1363 principes
471 1327 519 1355 tui.
536 1324 630 1360 adjicit
642 1333 649 1356 ;
662 1332 731 1360 quos
753 1329 865 1360 propter
881 1325 996 1353 futuro-

207 1385 268 1404 rum
283 1375 495 1411 praesensiOncm
509 1373 644 1407 episcopos
658 1373 789 1407 appellat.
807 1372 910 1400 Deinde
922 1373 996 1408 quod

1050 961 1088 991 ὠς
1104 960 1254 995 εὑσεϐούσῃ
1269 961 1303 995 τῇ
1331 959 1408 985 πόλει
1423 960 1498 986 πᾶσα
1513 958 1564 994 ὒλη
1577 958 1656 993 τιμία
1675 959 1704 984 ὲν
1720 959 1769 992 ῖσῳ
1779 960 1840 989 ταῖς

1050 1006 1158 1041 ἀτίμοις
1177 1006 1331 1042 δοθήσεται.
1344 1005 1391 1041 Μὴ
1410 1005 1438 1031 δὲ
1458 1005 1513 1040 γὰρ
1525 1005 1657 1032 ἀδύνατον
1676 1003 1746 1031 εἷναι
1762 1004 1841 1030 τοῦτο

1051 1051 1215 1087 ΘεῷηΠλὴν
1244 1051 1346 1078 τούτων
1370 1050 1442 1077 οὕτω
1462 1050 1613 1085 γινομένων
1638 1051 1665 1077 οἱ
1695 1049 1841 1084 ἄρχοντές

1050 1106 1109 1125 σου
1127 1098 1220 1124 λοιπὸν
1237 1098 1273 1124 ἐν
1296 1097 1402 1132 εἰρήνῃ
1433 1097 1564 1130 διάξιυσι,
1589 1097 1661 1124 κατὰ
1686 1096 1841 1132 πρόγνωσιν

1050 1145 1148 1175 αὐτοὺς
1165 1144 1352 1176 ἐπισκόπους
1362 1143 1491 1174 καλέσας.
1511 1143 1548 1170 Τὸ
1563 1142 1603 1174 δὲ,
1616 1142 1668 1170 Ἐν
1681 1141 1786 1176 εἰρήνῃ
1801 1141 1840 1167 δι-

1050 1191 1161 1223 άξουσιν
1191 1189 1239 1216 καὶ
1255 1189 1290 1215 ἐν
1302 1189 1491 1222 δικαιοσύνῃ,
1515 1189 1547 1215 ἐκ
1559 1189 1658 1223 μέρους
1678 1187 1839 1222 ἐπληροῦτο,

1046 1236 1116 1264 κατὰ
1132 1235 1172 1266 τὸ,
1196 1243 1205 1260 t
1223 1234 1273 1261 Ἐκ
1295 1235 1396 1269 μέρους
1417 1235 1598 1268 γινώσκομεν,
1625 1234 1671 1259 καὶ
1689 1234 1720 1259 ἐκ
1738 1234 1840 1268 μέρους

1047 1281 1290 1318 προφητεύομεν,ι
1318 1280 1389 1307 κατὰ
1414 1280 1460 1306 τὸν
1481 1280 1605 1315 παρόντα
1629 1279 1686 1315 βίον
1707 1279 1838 1313 δηλονότι.

1052 1338 1061 1353 ο
1077 1328 1161 1354 Ὅταν
1179 1327 1206 1354 δὲ
1218 1326 1283 1363 ἔλθῃ
1292 1326 1322 1352 τὸ
1335 1325 1449 1359 τέλειον,
1460 1326 1492 1352 τὸ
1504 1327 1536 1353 ὲκ
1552 1326 1651 1361 μέρους
1665 1325 1841 1360 καταργηθή-

1052 1381 1139 1399 σεται.
1163 1381 1172 1397 Ι

207 1424 236 1450 in
261 1430 336 1456 pace,
354 1420 514 1456 justitiaque
539 1419 660 1446 victuros
679 1418 759 1451 dixit,
787 1418 813 1445 id
824 1419 944 1454 quadam
957 1427 991 1447 ex
1011 1423 1088 1454 parte
1112 1419 1169 1454 jam
1187 1417 1338 1452 prtestitum
1363 1423 1405 1445 est
1429 1426 1436 1450 ;
1457 1418 1536 1453 juxta
1560 1416 1649 1444 illud:
1670 1426 1680 1443 ι
1703 1417 1740 1444 Ex
1764 1423 1841 1453 parte

206 1467 422 1503 cognoscimus;
442 1473 475 1493 ex
493 1469 571 1500 parte
587 1468 678 1491 autem
703 1464 922 1499 prophetamus:
943 1474 952 1490 ι
975 1465 1048 1500 quod
1079 1468 1119 1492 est
1140 1464 1174 1491 ad
1192 1464 1275 1490 vitam
1310 1463 1392 1491 istatn
1427 1463 1614 1491 referendum.
1632 1471 1642 1488 ι
1665 1462 1733 1490 Cum
1749 1468 1840 1490 autem

207 1515 313 1543 venerit
328 1513 401 1549 quod
418 1512 568 1548 perfectum
581 1517 639 1545 est;
659 1511 742 1548 695
759 1511 832 1547 quod
848 1520 881 1540 ex
896 1517 974 1548 parte
988 1517 1040 1545 est,
1056 1512 1236 1539 evacuabitur
1255 1511 1289 1538 “.
1305 1519 1314 1537 ι

242 1561 330 1595 Atque
343 1559 388 1586 hic
400 1558 511 1593 quidem
527 1557 636 1585 futurus
647 1563 691 1586 est
708 1559 770 1586 linis
788 1558 864 1594 regni
884 1558 998 1591 Christi,
1012 1561 1035 1593 C

207 1613 269 1634 cum
283 1605 366 1632 fuerit
380 1604 471 1631 omnis
489 1604 600 1631 sublata
615 1604 743 1639 iniquitas
755 1625 762 1637 ,
779 1612 841 1632 cum
860 1606 999 1638 contritio,

207 1658 270 1678 cum
285 1649 391 1676 miseria
409 1647 540 1682 denique.
554 1647 652 1676 Nullus
667 1650 740 1676 enim
759 1650 889 1685 deinceps
901 1650 999 1693 hostis,

208 1696 283 1724 nulla
298 1694 411 1723 sceleris
426 1693 581 1721 recordatio
598 1695 751 1729 supererit:
767 1696 850 1730 quale
866 1696 997 1723 estillud:

211 1752 221 1769 ι
238 1740 364 1769 Abcessit
380 1739 469 1772 dolor,
483 1744 511 1766 et
530 1740 668 1772 molestia,
681 1744 708 1767 et
728 1741 847 1776 gemitus
861 1742 895 1768 ".
916 1751 925 1767 ι
949 1741 999 1770 Ve-

208 1796 280 1820 rum,
297 1793 426 1821 tanquam
441 1785 581 1820 peioribus
595 1785 703 1820 ejectis,
716 1787 786 1814 alios
797 1787 918 1814 instituit
944 1787 999 1822 epi-

207 1841 299 1869 scopos
317 1837 340 1860 et
356 1832 507 1866 principes;
522 1831 668 1866 quipacem
685 1840 746 1859 cuin
766 1833 823 1860 Deo
836 1833 996 1869 colant,ju-

209 1881 364 1914 atitiamque
376 1882 542 1905 venerentur
558 1887 565 1905 :
582 1878 664 1913 quale
680 1879 746 1906 illud
764 1875 997 1913 fortasse‘l‘uerit,

207 1927 280 1963 quod
297 1926 352 1962 jam
369 1927 395 1953 in
412 1926 469 1952 haec
485 1925 567 1953 verba
585 1926 728 1959 usurpavit
745 1934 751 1952 :
771 1935 780 1952 t
801 1926 834 1953 Et
851 1927 996 1954 immittam

208 1980 319 2000 manum
342 1978 430 1998 meam
452 1970 479 1998 in
502 1974 539 2003 te,
562 1975 588 1996 ct
613 1977 765 2005 excoquatn
788 1976 815 1998 te
829 1970 862 1997 ad
887 1979 995 2006 purum.

208 2019 261 2046 Eos
275 2021 367 2045 autem
392 2016 438 2051 qui
457 2024 511 2043 non
530 2015 711 2047 crediderint,
729 2015 839 2050 perdam
854 2023 861 2048 ;
878 2020 905 2043 et
919 2015 996 2043 aule-

208 2071 266 2090 ram
278 2070 374 2090 omnes
392 2062 503 2096 iniquos
518 2067 533 2086 a
548 2064 585 2093 te,
599 2065 627 2087 et
645 2068 742 2087 omnes
755 2060 890 2094 superbos
902 2060 996 2095 depri-

208 2118 290 2141 mam,
305 2113 332 2136 et
346 2107 611 2142 prteliciamjudices
626 2106 686 2139 tibi,
701 2107 772 2133 sicut
787 2106 904 2141 prius",
924 2115 932 2131 I
945 2114 996 2133 caa-

207 2161 322 2190 tcraque
341 2155 484 2188 deinceps.
505 2153 576 2180 Sunt
591 2160 656 2180 vero
669 2157 697 2180 et
718 2153 770 2180 ista
792 2152 943 2180 Salvatoris
960 2152 995 2180 atl

207 2201 361 2228 Judazornut
378 2199 523 2234 prefectos
538 2207 545 2225 :
566 2207 575 2224 ι
594 2197 742 2225 Aul‘eretur
753 2205 767 2224 a
777 2198 854 2225 vobis
868 2205 994 2232 regnum,

1088 1557 1177 1593 Ὅπερ
1189 1557 1247 1584 ἐστὶ
1258 1557 1309 1592 τῆς
1323 1555 1443 1592 Χριστοῦ
1467 1555 1606 1591 βασιλείας
1621 1555 1652 1581 τὸ
1677 1554 1764 1588 τέλος,
1788 1555 1841 1582 πά-

1053 1613 1102 1640 σης
1116 1603 1234 1637 ἀδικίας
1247 1603 1434 1639 ἀνῃρημένης,
1451 1602 1553 1633 παντός
1573 1610 1604 1628 τε
1616 1601 1842 1636 vorm/migrat;

1052 1652 1099 1678 καὶ
1111 1651 1323 1684 ταλαιπωρίας.
1343 1650 1455 1685 Ἐχθρὸς
1472 1649 1527 1685 γὰρ
1540 1649 1769 1685 ὑπολειφθήσεται
1784 1649 1841 1676 λοι-

1051 1696 1101 1723 πὸν
1111 1696 1210 1728 οὐδεὶς,
1229 1696 1290 1722 οὐδὲ
1304 1696 1399 1731 μνήμη
1413 1696 1522 1728 κακίας,
1539 1695 1610 1722 κατὰ
1630 1695 1671 1726 τὸ,
1687 1705 1697 1721 ι
1723 1695 1842 1730 ’Δπέδρα

1050 1743 1140 1778 ὀδύνη,
1156 1744 1204 1770 καὶ
1229 1743 1312 1778 λύπη,
1335 1745 1383 1770 καὶ
1407 1743 1569 1778 στεναγμός,
1595 1741 1694 1777 »Πλὴν
1722 1742 1759 1773 ὡς
1786 1742 1844 1768 τῶν

1050 1788 1167 1824 ’πρώτων
1180 1788 1400 1824 ἐκϐεϐλημένων,
1431 1788 1542 1822 ἐτέρους
1562 1787 1702 1822 ἀνίστησιν
1719 1787 1842 1813 ἐπισκό-

1051 1844 1140 1869 πους,
1158 1835 1208 1862 καί
1223 1834 1372 1869 ἄρχοντας
1386 1835 1600 1869 είρηνεύοντας
1615 1835 1683 1869 πρὸς
1701 1833 1778 1864 Θεὸν,
1795 1832 1842 1860 καὶ

1049 1881 1188 1916 τιμῶντας
1198 1881 1232 1907 τὸ
1246 1880 1364 1906 δίκαιον
1393 1881 1484 1906 ὁποῖον
1510 1879 1543 1906 ἂν
1566 1880 1609 1914 εἴη
1623 1879 1653 1905 τὺ
1673 1879 1722 1914 ἤδη
1741 1879 1840 1914 ῥηθέν

1053 1936 1062 1952 ι
1077 1927 1130 1954 Καὶ
1144 1926 1238 1960 ἐπάξω
1251 1926 1299 1962 τὴν
1317 1926 1396 1961 χεῖρά
1412 1935 1463 1961 μου
1479 1926 1525 1952 ἐπὶ
1552 1926 1593 1957 σὲ,
1606 1925 1654 1952 καὶ
1675 1924 1796 1960 πυρώσω
1811 1934 1842 1952 σε

1049 1973 1090 2005 είς
1121 1972 1252 2007 καθαρόν.
1282 1973 1352 2004 Τοὺς
1375 1973 1404 1999 δὲ
1432 1972 1612 2004 ἀπειθοῦντας
1637 1972 1773 2003 ἀπολέσω,
1793 1973 1843 1999 xui.

1048 2018 1141 2053 ἀφελῶ
1156 2018 1260 2050 πάντας
1284 2018 1402 2052 ἀνόμους
1421 2017 1476 2044 ἀπὸ
1492 2017 1550 2050 σοῦ,
1570 2018 1618 2044 καὶ
1631 2017 1733 2049 πάντας
1755 2017 1841 2051 ὑπερ-

1047 2065 1168 2100 ηφάνους
1179 2063 1352 2097 ταπεινώσω,
1368 2064 1415 2090 καὶ
1440 2064 1580 2099 ἐπιστήσω
1601 2063 1665 2095 τοὺς
1681 2063 1778 2098 κριτάς
1793 2071 1840 2089 σου

1047 2111 1084 2143 ὡς
1103 2110 1134 2137 τὸ
1150 2111 1297 2146 πρότερον,
1317 2119 1326 2135 ι
1342 2111 1389 2137 καὶ
1404 2110 1438 2136 τὰ
1452 2110 1499 2136 ἐπὶ
1518 2109 1634 2141 τούτοις.
1652 2110 1707 2136 Καὶ
1718 2111 1732 2135 ὸ
1744 2109 1841 2144 Σωτὴρ

1046 2157 1074 2183 δὲ
1087 2158 1143 2189 τοῖς
1161 2157 1298 2184 Ἰουδαίων
1322 2157 1396 2190 λέγει
1422 2156 1613 2191 καθηγηταῖς⁴
1643 2165 1652 2181 ι
1676 2155 1840 2191 Ἀρθήσεται

1047 2203 1092 2237 ἀφ’
1109 2203 1187 2239 ὑμῶν
1213 2204 1231 2238 ἡ
1264 2202 1388 2238 βασιλεία
1418 2203 1465 2229 καὶ
1490 2202 1633 2237 δοθήσεται
1659 2201 1732 2228 ἔθνει
1754 2201 1841 2235 ἑτέρῳ

206 2251 233 2273 ct
245 2247 354 2273 dabitur
377 2245 451 2280 genti
473 2244 587 2271 facienti
612 2244 718 2271 fructus
732 2243 793 2277 ejus
816 2243 851 2270 “.
871 2253 880 2269 ι
901 2243 995 2279 Neque

1049 2249 1170 2277 ποιοῦντι
1186 2249 1250 2281 τοὺς
1266 2249 1390 2284 καρποὺς
1405 2248 1502 2282 αὐτῆς.
1524 2257 1533 2274 ι
1550 2248 1628 2279 Τινὲς
1642 2248 1670 2274 δὲ
1685 2247 1756 2274 κατὰ
1766 2248 1841 2280 λέξιν

207 2300 271 2319 vero
284 2293 393 2323 desunt,
405 2291 451 2325 qui
469 2290 502 2317 ad
519 2290 638 2317 litteram
658 2290 837 2324 explicantes,
856 2289 994 2323 justitiam

207 2346 269 2365 cum
292 2337 411 2364 subditis
425 2336 550 2364 culturos
563 2344 624 2363 esse
638 2336 770 2370 principes
784 2343 892 2368 eorum,
907 2336 994 2363 bello-

205 2392 259 2419 que
280 2391 343 2416 pace
367 2389 527 2417 comparata
553 2382 590 2408 ita
614 2381 748 2409 fruituros
771 2382 874 2413 dicant,
895 2387 925 2409 ut
946 2382 994 2417 qui

205 2429 298 2456 hostes
315 2433 361 2454 aut
386 2427 458 2454 lcras
472 2427 578 2458 timeat,
594 2425 626 2452 ad
645 2426 719 2460 ipsos
734 2425 887 2461 confugiat.
908 2425 994 2452 Voca-

206 2476 303 2501 buntur
319 2477 423 2504 autent,
443 2471 549 2506 adjicit,
561 2471 691 2502 salutare,
708 2471 778 2497 muri
793 2471 832 2497 lui
845 2478 854 2497 :
869 2469 927 2504 ubi,
944 2478 994 2505 pro

205 2527 260 2554 quo
279 2518 399 2545 salutare
422 2517 502 2550 dixit,
530 2516 662 2543 Habraica
679 2516 761 2543 lectio
779 2515 872 2542 Jesum
889 2516 992 2550 posuit.

205 2566 256 2593 Est
281 2565 355 2592 enim
378 2563 450 2591 idem
475 2563 544 2597 ipse,
560 2562 607 2597 qui
630 2570 707 2589 muro
730 2562 810 2597 cingit
831 2561 993 2590 Ecclesiam.

207 2610 336 2645 Sequitur
345 2608 444 2636 deinde
463 2616 469 2634 :
487 2606 519 2634 Et
535 2612 618 2641 μοι-ιω
634 2613 684 2634 tum
693 2607 831 2642 sculptura
848 2615 926 2643 :quo
935 2610 995 2636 loco

206 2656 297 2683 verbis
308 2655 418 2690 quidem
437 2653 566 2686 diversis,
583 2661 637 2680 non
651 2661 680 2681 re
695 2658 788 2680 tamen
804 2652 995 2682 diil‘erentibus

208 2700 389 2736 Symmachus
414 2703 442 2727 et
468 2699 582 2734 Aquilus
601 2698 693 2726 laudes
716 2699 892 2734 interpretati
918 2704 993 2727 Slllll.

208 2748 292 2775 Datur
317 2746 390 2773 enim
408 2745 460 2773 hac
478 2745 585 2772 ratione
609 2745 643 2772 ad
657 2745 732 2780 pium
749 2745 812 2772 vitae
832 2745 990 2774 institutum

1049 2294 1141 2328 φασιν,
1154 2294 1192 2325 ὡς
1214 2294 1361 2329 τιμήσουσι
1384 2293 1415 2320 τὸ
1434 2294 1551 2319 δίκαιον
1565 2293 1634 2328 μετὰ
1645 2293 1697 2319 τῶν
1712 2293 1840 2327 ὑπηκόων

1048 2341 1075 2366 οἱ
1087 2339 1242 2374 ἄρχοντες,
1259 2338 1381 2373 εὶμήνης
1396 2348 1425 2365 τε
1438 2338 1575 2370 τεύξονται
1589 2339 1640 2373 τῆς
1655 2339 1688 2365 ἐκ
1701 2338 1838 2374 πολέμων,

1049 2384 1087 2416 ὡς
1099 2384 1144 2411 τὸν
1160 2384 1262 2410 δεδιότα
1277 2383 1434 2419 πολεμίους,
1449 2384 1466 2419 ἦ
1483 2384 1580 2420 οῆρας,
1594 2384 1778 2419 καταφεύγειν
1795 2384 1839 2410 ἐπ’

1049 2430 1144 2464 αὑτήν.
1162 2429 1353 2464 κληθήσεται
1376 2430 1414 2468 δέ,
1435 2430 1520 2464 λέγει,
1544 2430 1695 2464 σωτήριον
1706 2431 1740 2457 τὰ
1755 2431 1840 2464 τείχη

1048 2483 1116 2502 σου.
1131 2475 1215 2502 Πάλιν
1225 2476 1255 2503 τὸ
1263 2476 1422 2510 σωτήριον,
1437 2472 1561 2510 Ἰησοῦν
1569 2476 1626 2512 ἔχει
1636 2477 1666 2503 τὺ
1685 2477 1838 2512 Ἐϐραῑκόν.

1046 2520 1132 2552 Αὐτὸς
1143 2521 1197 2556 γάρ
1212 2521 1285 2548 ἐστιν
1296 2523 1310 2548 ὁ
1325 2522 1372 2548 καὶ
1386 2521 1590 2557 περιτειχίζων
1600 2523 1650 2557 τὴν
1664 2522 1840 2557 Ἐκκλησίαν.

1047 2567 1103 2594 Καὶ
1124 2568 1154 2594 αὶ
1184 2568 1278 2595 πύλαι
1303 2576 1361 2595 σου
1385 2569 1523 2603 τλύμμα,
1546 2569 1614 2604 ὅπερ
1631 2569 1746 2600 ’Λκύλας
1777 2569 1840 2604 μὲν,

1046 2611 1186 2646 tim-11mg,
1202 2612 1296 2647 φησιν,
1315 2614 1329 2639 ὁ
1341 2613 1369 2639 δὲ
1386 2613 1551 2648 Σύμμαχος,
1567 2614 1697 2646 αἵγεσις.
1714 2613 1764 2640 Διὰ
1777 2613 1842 2639 τού-

1047 2665 1101 2683 των
1116 2657 1170 2692 γὲιρ
1181 2657 1198 2692 ή
1214 2657 1315 2690 εἴσοδος
1329 2657 1376 2684 τοῦ
1392 2658 1535 2690 θεοσεϐοῦς
1553 2658 1761 2694 πολιτεύματος,
1785 2659 1841 2685 τῶν

1049 2702 1214 2736 προσιόντων
1225 2702 1427 2738 διδασκομένων
1443 2703 1552 2738 ὑμνεῖν
1563 2703 1609 2729 τὸν
1620 2703 1697 2729 Θεόν.
1715 2702 1794 2734 Τινὲς
1811 2702 1840 2729 δὲ

1045 2747 1129 2782 τείχη
1143 2747 1191 2775 καὶ
1209 2748 1321 2782 πύλας,
1332 2750 1395 2781 τοὺς
1413 2748 1592 2781 διδασκάλους
1612 2749 1679 2783 φασὶ
1704 2748 1841 2783 τειχίζον-

242 2845 264 2861 δθ
279 2844 395 2883 Philipp.
408 2853 448 2879 nt,
465 2845 491 2874 8.
529 2844 572 2872 ⁵⁰Ι
588 2844 652 2873 Cor.
665 2852 705 2878 ιιι,
722 2843 766 2873 i2.
804 2845 825 2861 "
843 2844 928 2873 Hior.
946 2853 1004 2881 xui,
1023 2846 1105 2881 9,10.
1145 2847 1166 2864 ⁵¹
1179 2847 1264 2883 Apoc.
1277 2855 1333 2881 ut,
1351 2847 1377 2874 4.
1416 2848 1441 2868 ⁵³
1456 2847 1509 2876 lsa.
1527 2848 1602 2883 t,25,
1623 2847 1669 2876 26.
1708 2847 1838 2876 “Matth.

207 2888 265 2910 ni.
289 2881 332 2909 45.
