1988 3079
208 157 275 190 2637

768 161 1037 193 COMMENTARII
1056 163 1098 193 IN
1116 163 1256 193 ISAIAM.

1767 161 1837 194 2538

206 221 255 244 τας
274 212 323 249 τὴν
340 213 502 250 Ἐκκλησίαν
514 215 564 251 βίῳ
575 216 622 243 καὶ
635 216 763 253 δόγμασι,
778 219 825 245 καὶ
840 219 903 251 τοὺς
915 228 992 255 προσ-

1052 220 1161 253 aditus;
1178 220 1201 247 si
1219 219 1267 255 qui
1283 218 1430 252 accedunt,
1450 219 1496 247 Dei
1513 218 1607 247 laudes
1634 219 1838 247 decantaredo-

209 258 299 291 ιόντας
313 260 485 294 εἰσάγοντας.
495 262 623 296 Γλύμμα
637 262 677 295 δὲ,
691 264 732 290 ὅτι
746 264 912 300 περικαλλὴς
926 266 997 300 ἄγαν

206 306 221 332 ὀ
231 305 309 340 λόγος
325 306 426 339 αὐτοῖς,
440 308 488 334 καὶ
503 309 572 343 πρὸς
593 308 723 345 ἀλήθειαν
741 310 996 347 ἐκτετορνευμένος.

206 353 302 379 Νοοῖτο
317 353 340 379 δ’
357 353 390 380 ἂν
405 354 452 380 καὶ
477 354 524 382 ὲπὶ
548 355 678 390 Χριστοῦ.
700 356 733 382 Ἠ
760 356 815 390 γὰρ
839 357 941 389 εἴσοδος
962 357 996 384 δι’

206 397 290 423 αὐτοῦ
302 398 370 433 πρὸς
383 398 429 425 τὸν
448 399 567 435 Πατέρα,
581 400 610 431 ὅς
626 400 684 426 ἐστι
701 401 748 427 καὶ
766 402 899 435 τλύμμα,
915 402 997 428 οίονεὶ

178 441 182 447 ¹
207 443 299 479 μορφὴ
316 444 362 470 καὶ
376 444 519 480 χαρακτὴρ
538 445 589 480 τῆς
605 446 783 479 ὑποστάσεως
798 447 844 474 τοῦ
862 448 994 483 Πατέρος,

206 489 253 516 καὶ
266 489 436 524 ἀπαύγασμα
450 490 500 525 τῆς
515 490 593 526 δόξης
618 492 712 519 αὑτοῦ.
734 492 813 520 Ἀλλὰ
834 494 882 520 καὶ
897 493 996 520 οὐκέτι

205 534 294 568 ἥλιος
306 534 421 569 ἡμέραν
444 543 493 562 σοι
509 536 641 570 παρέξει,
657 537 728 564 οὐδὲ
741 539 851 571 νυκτὸς
866 539 885 573 ἡ
905 539 997 571 σελή-

204 589 242 614 νη
262 589 298 608 σε
313 581 422 615 φωτιεῗ.
437 581 505 608 Οὔτε
526 583 580 618 γὰρ
596 582 636 609 -ἐν
654 583 751 616 νυκτὶ,
766 583 822 610 οὔτ’
838 584 995 620 ὲναίσθητῷ

203 627 278 662 φωτὶ
293 628 455 663 γενήσονται
476 629 502 654 oi
519 629 565 655 τοῦ
589 629 684 656 καινοῦ
702 630 811 662 αἰῶνος.
829 630 898 665 Φησὶ
912 631 967 666 γὰρ
981 631 995 657 ὁ

204 671 301 708 Σωτήρ
309 679 315 687 ’
330 671 359 698 Ὁ
366 672 441 708 ἥλιος
450 673 667 709 σκοτισθήσεται,
675 676 722 700 καὶ
738 676 754 710 ἡ
767 675 864 711 σελήνη
873 676 903 702 οὐ
915 675 994 703 δώσει

203 717 234 744 τὸ
248 718 350 752 φέγγος
379 719 476 755 αὐτῆς.
502 719 566 752 Φῶς
582 720 635 755 γὰρ
649 721 739 747 αὐτῶν
752 722 801 748 καί
815 721 890 754 δόξα
904 723 975 756 Θεός
985 730 992 738 ·

201 763 380 799 τελειοτέροις
409 764 469 799 μὲν,
494 764 552 792 ἀνθ’
571 766 658 801 ἡλίου,
677 766 861 800 ὑποϐεϐηκόσι
878 767 918 800 δὲ,
934 769 995 795 ἀντὶ

203 809 317 845 σελήνης
333 810 487 845 γινόμενος,
508 811 647 846 ἀναλόγως
667 812 707 846 τῷ
729 812 832 839 τούτων
846 813 994 849 χωρητικῷ

201 855 250 887 τὰς
268 855 366 882 ἑαυτοῦ
385 856 474 889 διδοὺς
498 857 623 890 ἀκτῖνας,
643 858 717 895 ἔργῳ
736 859 846 895 πληρῶν
862 860 924 891 τοὺς
939 869 992 895 μα-

1048 271 1171 294 ceantur.
1190 266 1260 294 Sunt
1270 273 1335 293 vero
1350 267 1444 296 etiam,
1471 266 1516 301 qui
1537 274 1674 293 murorum
1686 271 1839 301 portarum-

1047 320 1097 348 que
1113 312 1282 345 nominibus,
1298 313 1425 340 doctores
1436 312 1584 348 signiﬁcari
1596 317 1836 348 putent;quorum

1049 359 1104 386 vita
1119 363 1146 386 et
1161 359 1297 392 doctrina,
1314 363 1444 394 tanquam
1460 366 1550 392 muro,
1563 359 1682 394 cingitur
1697 358 1834 393 Ecclesia;

1048 405 1075 432 in
1093 413 1177 440 quam
1188 405 1270 432 etiam
1279 405 1443 433 accedentes
1453 406 1644 433 introducunt.
1661 405 1835 440 Sculpluram

1048 450 1147 478 deinde
1168 450 1288 484 dixisse;
1311 451 1385 485 quod
1407 459 1501 479 eorum
1517 451 1597 479 valde
1611 451 1646 479 sit
1658 451 1786 483 illustris,
1807 454 1836 478 et

1048 495 1081 522 ad
1094 496 1220 524 veritatis
1237 496 1423 524 defensionem
1436 498 1575 525 elaborata
1584 498 1685 525 oratio.
1694 497 1835 533 luteiliga-

1048 545 1093 568 tur
1106 542 1233 569 fortassis
1249 542 1282 570 de
1297 543 1408 571 Christo
1423 543 1519 571 etiam.
1535 543 1615 571 Patet
1636 544 1709 570 enim
1730 551 1779 578 per
1793 543 1836 578 ip-

1047 595 1108 614 sum
1129 588 1163 614 ad
1181 588 1288 615 Patrem
1315 589 1424 620 aditus;
1439 590 1486 624 qui
1503 593 1546 617 est
1562 594 1589 617 et
1603 589 1754 622 sculptura,
1772 593 1836 616 tan-

1046 641 1127 668 quam
1137 633 1236 667 forma,
1244 639 1272 662 et
1281 636 1422 663 character
1429 635 1591 664 substantia:
1599 635 1700 668 Patris,
1709 639 1735 663 et
1742 635 1835 670 splen-

1045 678 1096 705 dor
1117 678 1211 713 gloriae
1229 679 1315 713 ipsius
1328 679 1362 705 εδ.
1381 679 1433 706 Sed
1451 688 1496 706 nec
1513 679 1561 706 tibi
1575 680 1616 707 sol
1633 680 1747 714 amplius
1763 679 1833 707 diem

1045 724 1179 758 prwbebit,
1202 725 1286 761 696
1309 733 1356 753 nec
1378 730 1453 753 nocte
1467 726 1531 753 [una
1545 727 1592 753 tibi
1615 726 1723 754 lucebit.
1739 726 1834 762 Neque

1045 770 1118 797 enim
1134 771 1162 797 in
1179 776 1264 805 nocte,
1277 772 1320 799 vel
1341 772 1408 804 luce,
1422 780 1483 807 quae
1496 773 1625 800 sensibus
1634 772 1833 807 percipiantur,

1046 815 1065 843 ii
1078 817 1273 850 versabuutur,
1289 818 1336 853 qui
1353 819 1472 846 recentis
1485 818 1535 846 ξιξνί
1554 826 1669 846 munere
1690 818 1836 846 donobun-

1045 867 1112 897 tur;
1133 864 1174 891 vel
1196 864 1257 899 ipso
1280 868 1349 892 teste
1375 864 1528 897 Salvatore,
1551 865 1598 900 qui
1615 864 1701 892 solem
1718 865 1833 892 obtene—

201 901 364 938 καρισμοὺς,
379 901 412 928 δι’
424 898 461 929 ὧν
475 900 552 929 εἶπεν
562 911 569 918 ο
588 904 620 930 0i
638 904 797 936 πενθοῦντες
817 905 992 942 παρακληθή-

1047 909 1154 936 bratum
1176 909 1229 936 iri:
1244 910 1290 944 qui
1310 910 1403 937 lunam
1419 911 1591 946 splendorem
1608 918 1688 938 suum
1714 918 1769 938 non
1787 910 1835 937 da-

202 956 304 982 σονται,
321 949 369 976 καὶ
384 950 408 976 οἱ
424 949 565 983 κλαίοντες
578 950 750 985 γελάσονται.

1045 957 1137 981 turam
1155 962 1217 982 esse
1231 954 1376 982 allirmavit
1389 956 1423 982 ⁵⁸.
1438 955 1498 983 Erit
1512 956 1585 983 enim
1607 957 1654 983 lux
1669 956 1791 988 illorum,
1809 959 1835 983 et

199 994 305 1029 gloria,
327 995 399 1022 Deus
414 996 469 1028 ipse
489 997 727 1032 :perfectioribus
755 999 865 1034 quidem
894 1000 954 1033 sol;
979 999 1158 1029 inferioribus
1179 1006 1284 1034 autem;
1297 1002 1369 1029 luna:
1402 1003 1501 1036 instar,
1520 1007 1550 1030 ut
1566 1010 1616 1038 pro
1635 1002 1832 1038 excipientium

200 1039 309 1068 ratione
324 1041 416 1068 radios
430 1049 496 1070 suos
515 1042 653 1077 eﬂ'undat;
678 1051 760 1079 opere
778 1045 908 1073 nimirum
925 1046 951 1074 id
968 1051 1113 1082 praestans,
1123 1047 1196 1083 quod
1215 1047 1399 1077 beatitudines
1413 1048 1572 1081 aﬂirmam:
1589 1049 1636 1077 ubi
1649 1050 1696 1085 qui
1710 1049 1833 1085 lugeam,

200 1089 372 1117 consolatum
384 1089 436 1123 iri;
459 1093 488 1118 et
500 1091 547 1126 qui
561 1090 655 1124 lleant,
673 1099 735 1120 esse
751 1093 857 1122 risuros
869 1093 936 1122 dicit
949 1095 983 1121 ".

225 1178 231 1185 '
243 1179 326 1206 Ὅθεν
350 1180 485 1215 ἐπιφέρει·
497 1179 818 1216 Ἀναπληρωθήσονται
838 1184 869 1210 αἱ
890 1183 996 1219 ἡμέραι

201 1226 255 1253 τοῦ
271 1225 402 1258 πένθους
415 1233 486 1258 σου,
499 1225 588 1260 πάσης
605 1219 723 1258 ἀδικίας
742 1227 928 1264 ἀνῃρημένης.
951 1229 996 1260 Ὠς

199 1270 246 1298 οὖν
262 1271 458 1306 ἐκλελεγμένος
475 1272 699 1307 κληρονομήσει
716 1272 773 1306 τὴν
786 1274 996 1310 ἐπηγγελμένην

199 1317 274 1353 αὐτῷ
293 1317 351 1352 γῆν
363 1317 414 1353 τὴν
431 1318 608 1352 τοῖςπραέσιν
622 1318 828 1354 ἐπηγγελμένην
838 1319 862 1352 δ,
878 1320 907 1346 ὲν
921 1316 995 1357 ᾖκαὶ

199 1365 216 1399 ή
245 1364 322 1395 πόλις
345 1364 362 1398 ὴ
386 1364 557 1399 ἐπουράνιος.
587 1363 716 1396 Τοιοῦτος
739 1365 768 1391 δὲ
791 1366 808 1391 ὁ
830 1365 907 1398 λαός
921 1374 992 1400 μου,

199 1410 314 1444 βλαστὸς
325 1409 396 1445 ἐμῆς
408 1410 542 1444 φυτείας.
562 1419 572 1435 ι
590 1411 669 1437 Πᾶσα
694 1410 748 1446 γὰρ
772 1412 882 1446 φυτεία,
898 1412 930 1447 ἣν
944 1413 995 1438 οὐκ

200 1457 347 1491 ἐφύτευσεν
366 1457 381 1482 6
394 1456 490 1491 Πατήρ
507 1465 558 1490 μου
573 1457 588 1482 6
602 1457 737 1492 οὐράνιος,
749 1457 991 1492 ἐκριζωθήσεται.ι

200 1503 291 1537 Ἔργα
301 1502 336 1529 δέ
349 1502 455 1537 χειρῶν
472 1502 618 1536 ὑπάρχων
635 1503 731 1530 αὑτοῦ
741 1523 748 1536 ,
771 1504 995 1538 κληρονομήσει

199 1547 248 1583 τὴν
264 1548 327 1582 γῆν,
343 1548 388 1574 ὅτε
412 1548 459 1574 καὶ
474 1549 488 1574 6
505 1549 534 1574 ἐν
550 1548 589 1582 τῷ
612 1549 738 1582 παρόντι
754 1548 804 1584 βίῳ
824 1549 995 1584 ὀλιγοστὸς,

199 1596 242 1627 είς
253 1593 394 1628 χιλιάδας
407 1593 494 1627 ἔσται,
515 1594 586 1620 κατὰ
608 1594 650 1627 τὸ,
667 1603 676 1620 ι
695 1595 764 1621 Ἴσθι
785 1596 910 1628 ἐξουσίαν
925 1595 994 1631 ἔχων

200 1641 292 1668 ἐπάνω
305 1640 396 1672 πέντε,
411 1641 427 1676 ἢ
440 1641 505 1667 δέκα
520 1640 635 1669 πόλεων.
650 1650 659 1666 ι
675 1642 764 1667 Οίονεὶ
776 1643 866 1668 τοίνυν
881 1643 993 1676 χιλίαρ-
1007 1631 1028 1660 C

199 1697 248 1722 χοι
259 1688 314 1714 τῶν
332 1687 493 1722 σωζομένων
512 1688 685 1722 γενήσονται.
723 1688 777 1714 Καὶ
793 1689 807 1714 6
818 1688 865 1714 νῦν
880 1688 908 1714 δὲ
921 1688 992 1720 ἐλᾴ-

200 1743 316 1769 χιστος,
331 1737 375 1768 είς
386 1737 473 1768 ἔθνος
485 1735 643 1771 μέγα.οἷος
659 1738 673 1762 ὁ
683 1736 789 1768 Παῦλος
801 1737 898 1771 λέγων·
914 1736 992 1772 Ἐμοὶ

199 1781 228 1807 δὲ
247 1781 286 1817 τῷ
301 1782 497 1817 ἐλαχιστοτέρῳ
525 1783 635 1810 πάντων
663 1783 751 1817 ἁγίων
777 1783 887 1818 ἐδόθηέῆ
911 1783 992 1818 χάρις

200 1827 281 1862 αὕτη,
297 1827 325 1858 ὃς
341 1827 433 1858 ἔθνους
451 1827 530 1863 ἄρξει
549 1833 561 1847 ο
573 1828 703 1863 μεγίστου
731 1829 806 1864 παρὰ
824 1828 895 1864 Θεῷ.
912 1829 990 1861 ’Ἥξει

199 1873 238 1905 δὲ,
249 1873 342 1908 φησὶν,
360 1874 374 1900 ὁ
386 1873 493 1905 τούτοις
505 1875 658 1910 ὡρισμένος
675 1875 832 1909 καιρὸς,ὅτε
847 1875 934 1902 ταῦτα
947 1875 992 1902 διὰ

199 1920 248 1955 τῆς
265 1920 332 1955 ἐμῆς
349 1919 425 1946 ἔσται
438 1920 614 1956 Συναγωγῆς,
632 1921 677 1947 ὂτε
690 1921 754 1952 τοὺς
772 1920 906 1955 ἀγγέλους
922 1921 991 1948 ἁπο-

200 1966 299 2000 στελεῖ,
318 1967 366 1993 καὶ
381 1966 489 1998 συνάξει
510 1966 575 1998 τοὺς
593 1966 687 2000 ἁγίους
708 1966 754 1993 ἀπ’
768 1966 861 2002 ἄκρων
876 1967 931 1993 τῶν
945 1967 991 1993 οὑ-

201 2012 300 2047 ρανῶν,
330 2012 394 2047 μίαν
415 2020 444 2039 τε
465 2013 497 2038 ἐκ
513 2012 568 2039 τῶν
589 2012 636 2039 δύο
658 2012 731 2038 λαῶν
753 2012 990 2039 κατασκευάσεται

199 2059 287 2090 πόλιν,
314 2058 404 2084 ὁποῖόν
424 2059 483 2084 ἐστι
499 2057 547 2090 τὸ,
567 2058 611 2085 ἵνα
634 2067 643 2084 ι
663 2057 776 2093 γένηται
797 2058 846 2093 μία
863 2059 964 2094 ποίμνη
981 2077 989 2090 ,

199 2102 238 2136 εἷς
254 2105 367 2139 ποιμήν.
392 2114 401 2130 ι
420 2104 498 2136 Τινὲς
509 2104 536 2131 δὲ
553 2105 621 2139 πρὸς
641 2105 687 2131 τὸν
707 2105 793 2131 αἰῶνα
807 2105 853 2131 τὸν
867 2106 990 2140 παρόντα

198 2151 232 2177 τὰ
243 2151 307 2186 περὶ
331 2151 421 2184 ἡλίου
445 2151 491 2177 καὶ
514 2150 650 2184 σελήνης
667 2150 804 2183 ἐξέλαϐον.
826 2151 858 2176 Ei
875 2151 929 2186 γὰρ
943 2151 990 2177 καὶ

199 2195 336 2229 ὑποχωρεῖ
351 2194 436 2228 ἥλιος
449 2194 499 2229 μὲν
511 2194 540 2221 ὲν
553 2194 654 2227 νυκτί,
664 2194 781 2229 σελήνη
795 2195 822 2221 δὲ
837 2195 871 2221 ἐν
882 2195 988 2230 ἡμέρᾳ,

197 2241 254 2268 ἀλλ’
269 2239 316 2268 οὖν
331 2240 362 2267 τὸ
373 2240 444 2267 θεῖον
460 2241 507 2267 καὶ
518 2240 614 2275 νοητὸν
636 2240 699 2275 φῶς
713 2241 726 2267 ὃ
740 2241 785 2267 διὰ
795 2242 842 2267 τοῦ
859 2241 988 2276 Πνεῦμα-

195 2296 242 2319 τος
258 2288 273 2313 6
296 2287 391 2322 Σωτὴρ
418 2288 532 2322 χορηγεῖ
553 2288 609 2319 τοῖς
639 2287 832 2320 πιστεύουσιν,
855 2287 1027 2334 ἄσϐεστονυ

195 2334 282 2366 ἔσται,
295 2334 342 2360 καὶ
358 2333 446 2368 φωτὸς
457 2332 562 2364 οὐδενὸς
571 2332 702 2368 αἰσθητοῦ
714 2333 781 2368 πρὸς
791 2333 836 2359 νοῦ
847 2334 987 2369 φωτισμὸν

195 2381 347 2407 ὲπιδὲονται
362 2382 429 2415 πρὸς
442 2379 543 2413 γνῶσιν
563 2379 642 2411 Θεοῦ,
669 2379 716 2406 καὶ
731 2379 907 2414 ἐπιτήδευσιν
922 2380 988 2415 ἀρε-

195 2426 259 2453 τῶν.
273 2425 318 2452 Διό
341 2434 424 2460 φησιν
437 2433 444 2440 ·
464 2435 473 2450 ι
485 2424 556 2459 Ἐγώ
569 2425 626 2460 εἰμι
649 2425 680 2451 τὸ
695 2424 752 2459 φῶς
765 2424 812 2451 τοῦ
827 2425 941 2460 κόσμου.
959 2425 989 2452 '0

194 2471 350 2499 ἀκολουθῶν
372 2472 444 2506 ἐμοὶ,
471 2472 501 2497 οὐ
519 2470 557 2506 μὴ
575 2460 763 2506 περιπατήσῃ
784 2472 812 2497 ὲν
831 2472 864 2506 τῇ
880 2472 987 2506 σκοτίᾳ,

195 2518 253 2544 ἀλλ’
265 2518 321 2550 ἕξει
330 2517 360 2543 τὸ
370 2516 427 2551 φῶς
435 2517 484 2552 τῆς
495 2517 578 2552 ζωῆς.
592 2527 601 2543 ι
611 2518 647 2544 T6
660 2517 699 2550 δὲ,
710 2517 765 2544 Καὶ
771 2517 988 2551 ἀναπληρωθή-

195 2571 302 2590 σονται
315 2564 344 2590 αἱ
358 2562 466 2597 ’ἡμέραι
494 2562 548 2590 τοῦ
581 2563 714 2595 πένθους
733 2570 804 2596 σου,
823 2563 917 2596 ἐπειδὴ
931 2564 989 2596 τοῖς

198 2610 246 2645 μὲν
266 2609 437 2645 ἁμαρτωλοῖς
451 2609 481 2635 τδ
491 2609 610 2644 κατηφὲς
625 2611 734 2642 οἰκεῖον,
748 2609 805 2643 πῦρ
814 2608 985 2643 προσδοκῶσι

231 2710 253 2727 ⁵⁸
269 2709 352 2738 llehr.
369 2719 389 2742 I,
410 2710 438 2737 ’.Ξ-
481 2708 504 2725 ¹⁸
530 2707 625 2735 Matth.
646 2716 720 2740 xxxv,
735 2707 781 2734 9.9.

830 2708 852 2723 "
866 2706 962 2734 Matth.
975 2716 1000 2739 v,
1013 2708 1050 2741 5',
1066 2707 1133 2735 Luc.
1144 2716 1170 2740 ς,
1188 2707 1233 2734 2i.

1082 1184 1166 1212 Addit
1184 1185 1276 1220 itaque
1293 1194 1301 1213 :
1324 1184 1360 1211 Et
1378 1183 1579 1218 complebuulur
1593 1183 1649 1210 dies
1670 1183 1759 1210 luctus
1774 1183 1832 1216 tui;

1045 1231 1187 1264 nimirum,
1202 1239 1264 1258 cum
1281 1231 1363 1258 fuerit
1376 1231 1470 1258 omnis
1485 1228 1593 1257 sublata
1611 1228 1836 1264 iniquitas.’l‘an-

1044 1284 1127 1311 quam
1145 1278 1230 1312 igitur
1246 1278 1351 1305 electus
1365 1282 1467 1304 terram
1482 1275 1645 1311 possidebit,
1659 1283 1741 1310 quam
1758 1276 1834 1302 miti-

1044 1324 1098 1352 bus
1114 1329 1157 1351 est
1175 1324 1314 1359 pollicitus
1329 1332 1336 1357 ;
1355 1325 1382 1351 in
1400 1330 1453 1358 qua
1467 1327 1508 1350 est
1523 1323 1582 1357 ipsa
1603 1322 1723 1350 caelestis
1735 1322 1835 1350 civitas

1044 1371 1180 1398 collocata
1198 1370 1231 1397 ⁸⁸.
1249 1370 1325 1397 Talis
1349 1377 1415 1397 vero
1435 1369 1603 1403 cst'populus
1624 1376 1708 1401 meus,
1727 1369 1834 1403 planta-

1043 1417 1123 1444 lionis
1142 1424 1209 1443 meae
1217 1416 1357 1444 surculus.
1373 1425 1382 1440 ι
1400 1415 1497 1442 Omnis
1508 1415 1581 1442 enim
1598 1414 1833 1450 plantatio,quam

1044 1470 1097 1489 non
1116 1462 1246 1497 plantavit
1257 1461 1378 1488 codestis
1391 1460 1472 1487 Pater
1484 1467 1572 1493 meus,
1588 1460 1832 1487 eradicabitur".s

1043 1507 1109 1534 Cum
1124 1513 1214 1535 autem
1228 1507 1262 1534 sit
1271 1514 1335 1540 opus
1349 1514 1476 1533 manuum
1484 1505 1552 1540 ejus,
1562 1504 1707 1539 possidebit
1718 1509 1834 1532 (errant:

1044 1554 1154 1587 quando
1175 1554 1258 1580 etiam
1275 1553 1323 1588 qui
1347 1553 1374 1580 in
1391 1552 1443 1580 hac
1463 1551 1519 1579 vita
1544 1559 1646 1586 paucus
1672 1551 1787 1583 exsistit,
1806 1551 1835 1577 in

1045 1600 1132 1626 millia
1148 1599 1274 1627 abiturus
1288 1604 1332 1627 est
1344 1621 1351 1631 ,
1362 1599 1440 1633 juxta
1457 1598 1523 1625 illud
1537 1606 1544 1624 :
1565 1607 1574 1623 ι
1589 1597 1653 1624 Esto
1671 1601 1835 1632 potestatem

1044 1645 1148 1672 habens
1163 1652 1244 1680 super
1254 1645 1435 1680 quinquc,vel
1447 1643 1706 1671 decemcivitates“.
1722 1653 1731 1668 ι
1747 1644 1834 1671 Erunt

1043 1691 1127 1726 igitur
1145 1698 1252 1723 eorum,
1277 1691 1323 1726 qui
1343 1691 1460 1718 salutem
1483 1690 1574 1724 adepti
1599 1694 1673 1722 sunt,
1702 1693 1834 1724 tanquam

1043 1737 1128 1764 duces
1142 1737 1287 1763 millenarii
1304 1743 1313 1762 :
1340 1737 1394 1763 erit
1411 1736 1493 1763 etiam
1511 1736 1558 1770 qui
1575 1736 1626 1762 hoc
1643 1739 1767 1769 tempore
1782 1736 1835 1762 mi-

1043 1783 1130 1809 nimus
1147 1787 1197 1813 est.
1212 1783 1238 1809 in
1255 1787 1356 1817 gentem
1375 1790 1499 1816 magnam
1515 1791 1522 1809 :
1539 1781 1629 1816 qualis
1644 1781 1746 1810 Paulus
1763 1782 1832 1817 ipse,

1042 1829 1089 1863 qui
1115 1829 1168 1856 sibi
1190 1828 1314 1855 omnium
1341 1832 1500 1856 sanctorum
1531 1828 1649 1854 minimo
1670 1835 1832 1856 concessam

1043 1875 1114 1901 hanc
1139 1882 1201 1901 esse
1221 1874 1338 1909 gratiam
1367 1873 1466 1902 scribit
1485 1874 1517 1904 δι,
1534 1877 1564 1900 ut
1584 1874 1658 1908 genti
1676 1874 1802 1902 maximae
1817 1882 1834 1902 a

1043 1920 1159 1948 Domino
1175 1924 1314 1955 praeesset.
1327 1919 1425 1947 Veniet
1435 1927 1512 1951 vero,
1534 1919 1641 1953 inquit,
1657 1919 1712 1946 illis
1723 1923 1832 1947 certum

1042 1970 1069 1994 et
1082 1966 1224 1993 deﬁnitum
1245 1969 1364 2000 tempus,
1380 1973 1436 2001 quo
1452 1966 1503 1993 ista
1525 1972 1573 2000 per
1590 1965 1831 2000 congregationem

1042 2020 1131 2040 meam
1150 2013 1227 2045 ﬁent,
1247 2020 1309 2040 cum
1335 2013 1466 2040 nimirum
1484 2011 1578 2039 missis
1600 2011 1705 2046 angelis
1721 2015 1833 2039 sanctos

1041 2063 1083 2086 est
1098 2062 1316 2094 congregatnrus
1337 2066 1352 2085 a
1371 2058 1529 2085 summitate
1544 2057 1624 2090 cceli,
1646 2064 1785 2092 unamque
1798 2065 1832 2085 ex

1041 2105 1149 2132 duobus
1165 2105 1274 2140 populis
1288 2104 1425 2131 civitatem
1445 2104 1624 2131 conlecturus
1644 2104 1666 2119 "
1682 2108 1742 2137 ;ut,
1758 2104 1831 2139 quod

1041 2150 1194 2177 scribitur:
1221 2158 1230 2175 ι
1248 2149 1338 2177 Unum
1357 2150 1404 2176 ﬁat
1419 2149 1503 2181 ovile,
1519 2153 1547 2177 et
1563 2156 1636 2176 unus
1651 2152 1746 2184 pastor
1766 2149 1800 2176 °'.
1819 2159 1829 2176 ι

1042 2195 1112 2224 Sunt
1129 2203 1222 2231 porro,
1246 2196 1293 2231 qui
1309 2196 1343 2223 ad
1361 2203 1482 2231 praesens
1499 2196 1643 2227 saeculum,
1659 2202 1720 2230 qua:
1733 2194 1767 2222 de
1776 2195 1833 2222 sole

1040 2247 1068 2270 et
1079 2242 1144 2269 luna
1166 2245 1321 2278 usurpavit,
1342 2242 1439 2270 referri
1459 2242 1565 2268 volunt.
1586 2241 1644 2268 Etsi
1657 2242 1730 2268 enim
1750 2245 1777 2268 et
1791 2241 1832 2268 sol

1042 2289 1099 2324 ipse
1117 2293 1209 2320 naclu,
1224 2293 1249 2316 et
1269 2289 1333 2315 luna
1351 2289 1394 2315 die
1415 2289 1497 2315 etiam
1521 2288 1662 2319 deﬁciant,
1690 2295 1831 2323 nunquam

1040 2339 1130 2362 tamen
1142 2334 1263 2362 divinum
1270 2339 1297 2362 ct
1308 2334 1480 2370 iutelligibile
1490 2334 1580 2361 lumen
1588 2334 1654 2362 illud
1663 2335 1832 2362 exstinctum

1039 2380 1085 2411 iri,
1103 2380 1176 2414 quod
1203 2387 1249 2414 per
1270 2380 1403 2414 Spiritum
1422 2385 1550 2407 sanetum
1577 2380 1705 2407 Salvator
1721 2380 1781 2414 ipse
1798 2379 1831 2406 ﬁ-

1039 2426 1146 2454 delibus
1157 2426 1344 2461 suppeditabit
1356 2435 1364 2459 ;
1375 2434 1464 2461 neque
1476 2426 1600 2460 ipsorum
1609 2426 1749 2453 mentibus
1764 2433 1830 2452 sen-

1040 2472 1128 2499 sibilis
1153 2471 1271 2506 alicujus
1294 2471 1407 2498 luminis
1430 2471 1465 2498 ad
1483 2470 1531 2498 Dei
1544 2470 1732 2506 cognitionem
1747 2469 1830 2505 697

1040 2517 1209 2550 virtutisque
1235 2516 1357 2543 studium
1380 2516 1564 2543 illustratione
1585 2523 1654 2550 opus
1678 2514 1747 2542 fore.
1769 2515 1830 2547 Quo

1041 2562 1146 2590 factum
1160 2566 1213 2594 est,
1231 2565 1260 2590 ut
1274 2570 1305 2590 se
1318 2563 1414 2589 mumli
1429 2562 1518 2589 lucem
1531 2561 1665 2589 exsistere
1678 2561 1710 2593 “,
1729 2561 1830 2595 quique

1039 2616 1070 2636 se
1095 2612 1237 2643 sequatur,
1269 2608 1297 2635 in
1323 2608 1444 2636 tenebris
1471 2608 1585 2635 minimc
1609 2607 1830 2640 ambulaturum;

1290 2705 1312 2723 ⁸⁸
1323 2707 1418 2734 Matth.
1431 2715 1459 2739 v.
1480 2707 1524 2734 14.
1581 2706 1604 2722 ⁸⁸
1612 2706 1710 2742 Matth,
1724 2714 1768 2739 xv,
1785 2706 1830 2734 15.

197 2745 296 2773 “'Luc.
310 2754 368 2778 xix,
386 2746 427 2773 19.
466 2745 487 2760 ⁶“
501 2745 600 2780 Ephes.
625 2751 665 2775 ιιι,
683 2744 710 2769 8.
749 2744 771 2758 “
781 2742 876 2770 Matth.
892 2751 953 2775 λιιι,
966 2744 992 2770 ιῖ

1048 2742 1154 2770 “Joan.
1170 2751 1197 2776 κ,
1215 2742 1258 2770 16.
1296 2742 1406 2771 6‘.loau.
1428 2750 1487 2774 vm,
1504 2742 1547 2769 12.

836 2820 954 2848 ἾΑΙΗΑΞ
974 2820 1180 2850 LECTIONES.

244 2882 258 2903 ἀ
273 2883 326 2917 ἀφ.
339 2882 387 2918 τὴν
402 2880 620 2918 ἐπηγγελμένην.

666 2886 676 2900 ε
691 2888 735 2915 εγ).
747 2879 784 2912 ὡς
798 2879 890 2912 ἔθνους
904 2879 1005 2915 ἄρξειν.
