  <div class='ocr_page' id='page_1' title='image "/cluster/home/n/w/nwhite01/storage/ocr_20150623/87, pt.2/njp.32101010943809/588.png"; bbox 0 0 1988 3079; ppageno 0'>
   <div class='ocr_carea' id='block_1_1' title="bbox 185 179 253 211">
    <p class='ocr_par' dir='ltr' id='par_1_1' title="bbox 185 179 253 211">
     <span class='ocr_line' id='line_1_1' title="bbox 185 179 253 211; baseline 0.015 -1"><span class='ocrx_word' id='word_1_1' title='bbox 185 179 253 211; x_wconf 75' lang='grc'><strong>2641</strong></span> 
     </span>
    </p>
   </div>
   <div class='ocr_carea' id='block_1_2' title="bbox 765 184 1255 217">
    <p class='ocr_par' dir='ltr' id='par_1_2' title="bbox 765 184 1255 217">
     <span class='ocr_line' id='line_1_2' title="bbox 765 184 1255 217; baseline 0.006 -3"><span class='ocrx_word' id='word_1_2' title='bbox 765 184 1034 216; x_wconf 77' lang='lat' dir='ltr'><strong>COMMENTARII</strong></span> <span class='ocrx_word' id='word_1_3' title='bbox 1052 185 1093 215; x_wconf 89' lang='lat' dir='ltr'><strong>IN</strong></span> <span class='ocrx_word' id='word_1_4' title='bbox 1114 186 1255 217; x_wconf 79' lang='lat' dir='ltr'><strong>iSAIAM.</strong></span> 
     </span>
    </p>
   </div>
   <div class='ocr_carea' id='block_1_3' title="bbox 1749 185 1822 217">
    <p class='ocr_par' dir='ltr' id='par_1_3' title="bbox 1749 185 1822 217">
     <span class='ocr_line' id='line_1_3' title="bbox 1749 185 1822 217; baseline -0.014 0"><span class='ocrx_word' id='word_1_5' title='bbox 1749 185 1822 217; x_wconf 70' lang='grc'><strong>2642</strong></span> 
     </span>
    </p>
   </div>
   <div class='ocr_carea' id='block_1_4' title="bbox 192 232 981 274">
    <p class='ocr_par' dir='ltr' id='par_1_4' title="bbox 192 232 976 274">
     <span class='ocr_line' id='line_1_4' title="bbox 192 232 976 274; baseline 0.006 -13"><span class='ocrx_word' id='word_1_6' title='bbox 192 233 235 266; x_wconf 81' lang='grc' dir='ltr'><strong>Ὠς</strong></span> <span class='ocrx_word' id='word_1_7' title='bbox 260 234 309 270; x_wconf 79' lang='grc' dir='ltr'>μὲν</span> <span class='ocrx_word' id='word_1_8' title='bbox 325 232 371 262; x_wconf 77' lang='grc' dir='ltr'>οὖν</span> <span class='ocrx_word' id='word_1_9' title='bbox 393 235 460 266; x_wconf 69' lang='grc' dir='ltr'>Θεὸς</span> <span class='ocrx_word' id='word_1_10' title='bbox 484 237 597 271; x_wconf 71' lang='grc' dir='ltr'>χορηγεῖ</span> <span class='ocrx_word' id='word_1_11' title='bbox 622 237 655 263; x_wconf 82' lang='grc' dir='ltr'>τὸ</span> <span class='ocrx_word' id='word_1_12' title='bbox 682 237 802 272; x_wconf 71' lang='grc' dir='ltr'>Πνεῦμα</span> <span class='ocrx_word' id='word_1_13' title='bbox 825 240 857 274; x_wconf 87' lang='grc' dir='ltr'>τῇ</span> <span class='ocrx_word' id='word_1_14' title='bbox 879 239 976 271; x_wconf 80' lang='grc' dir='ltr'><strong>κτίσει,</strong></span> 
     </span>
    </p>
   </div>
   <div class='ocr_carea' id='block_1_5' title="bbox 1034 232 1822 274">
    <p class='ocr_par' dir='ltr' id='par_1_5' title="bbox 1034 237 1822 274">
     <span class='ocr_line' id='line_1_5' title="bbox 1034 237 1822 274; baseline 0.001 -8"><span class='ocrx_word' id='word_1_15' title='bbox 1034 240 1107 274; x_wconf 78' lang='lat' dir='ltr'><strong>cujus</strong></span> <span class='ocrx_word' id='word_1_16' title='bbox 1118 240 1208 274; x_wconf 84' lang='lat' dir='ltr'><strong>gratia</strong></span> <span class='ocrx_word' id='word_1_17' title='bbox 1223 240 1298 267; x_wconf 71' lang='lat' dir='ltr'><strong>unxit</strong></span> <span class='ocrx_word' id='word_1_18' title='bbox 1312 249 1361 271; x_wconf 83' lang='lat' dir='ltr'><strong>me,</strong></span> <span class='ocrx_word' id='word_1_19' title='bbox 1378 237 1487 273; x_wconf 71' lang='lat' dir='ltr'><strong>adjecit,</strong></span> <span class='ocrx_word' id='word_1_20' title='bbox 1505 244 1534 267; x_wconf 91' lang='lat' dir='ltr'><strong>ut</strong></span> <span class='ocrx_word' id='word_1_21' title='bbox 1546 247 1656 267; x_wconf 84' lang='lat' dir='ltr'><strong>causam</strong></span> <span class='ocrx_word' id='word_1_22' title='bbox 1672 247 1726 267; x_wconf 90' lang='lat' dir='ltr'><strong>non</strong></span> <span class='ocrx_word' id='word_1_23' title='bbox 1741 240 1822 267; x_wconf 87' lang='lat' dir='ltr'><strong>omit-</strong></span> 
     </span>
    </p>
   </div>
   <div class='ocr_carea' id='block_1_6' title="bbox 186 279 977 316">
    <p class='ocr_par' dir='ltr' id='par_1_6' title="bbox 186 279 977 316">
     <span class='ocr_line' id='line_1_6' title="bbox 186 279 977 316; baseline 0.006 -11"><span class='ocrx_word' id='word_1_24' title='bbox 186 279 223 307; x_wconf 74' lang='grc' dir='ltr'><strong>ὡς</strong></span> <span class='ocrx_word' id='word_1_25' title='bbox 241 279 270 306; x_wconf 71' lang='grc' dir='ltr'><strong>δὲ</strong></span> <span class='ocrx_word' id='word_1_26' title='bbox 289 280 433 315; x_wconf 82' lang='grc' dir='ltr'>ἄνθρωπος</span> <span class='ocrx_word' id='word_1_27' title='bbox 449 280 567 315; x_wconf 78' lang='grc' dir='ltr'>δέχεται.</span> <span class='ocrx_word' id='word_1_28' title='bbox 591 281 635 308; x_wconf 72' lang='grc' dir='ltr'><strong>Διὸ</strong></span> <span class='ocrx_word' id='word_1_29' title='bbox 648 302 654 312; x_wconf 91' lang='grc'><strong>,</strong></span> <span class='ocrx_word' id='word_1_30' title='bbox 679 282 748 308; x_wconf 72' lang='grc' dir='ltr'>κατὰ</span> <span class='ocrx_word' id='word_1_31' title='bbox 763 284 880 316; x_wconf 78' lang='grc' dir='ltr'>Λουκᾶν,</span> <span class='ocrx_word' id='word_1_32' title='bbox 895 283 932 315; x_wconf 80' lang='grc' dir='ltr'><strong>ὡς</strong></span> <span class='ocrx_word' id='word_1_33' title='bbox 948 285 977 310; x_wconf 82' lang='grc' dir='ltr'>ἐν</span> 
     </span>
    </p>
   </div>
   <div class='ocr_carea' id='block_1_7' title="bbox 187 324 978 365">
    <p class='ocr_par' dir='ltr' id='par_1_7' title="bbox 187 324 978 365">
     <span class='ocr_line' id='line_1_7' title="bbox 187 324 978 365; baseline 0.006 -14"><span class='ocrx_word' id='word_1_34' title='bbox 187 324 315 360; x_wconf 76' lang='grc' dir='ltr'><strong>Ναζαρὲο</strong></span> <span class='ocrx_word' id='word_1_35' title='bbox 333 326 479 360; x_wconf 83' lang='grc' dir='ltr'>γενόμενος</span> <span class='ocrx_word' id='word_1_36' title='bbox 495 327 618 361; x_wconf 76' lang='grc' dir='ltr'>εἰσῆλθεν</span> <span class='ocrx_word' id='word_1_37' title='bbox 632 330 671 359; x_wconf 81' lang='lat' dir='ltr'><strong>si;</strong></span> <span class='ocrx_word' id='word_1_38' title='bbox 682 328 731 364; x_wconf 80' lang='grc' dir='ltr'><strong>τὴν</strong></span> <span class='ocrx_word' id='word_1_39' title='bbox 742 329 918 365; x_wconf 83' lang='grc' dir='ltr'>Συναγωγὴν,</span> <span class='ocrx_word' id='word_1_40' title='bbox 930 329 978 356; x_wconf 66' lang='grc' dir='ltr'><strong>καὶ</strong></span> 
     </span>
    </p>
   </div>
   <div class='ocr_carea' id='block_1_8' title="bbox 187 370 978 410">
    <p class='ocr_par' dir='ltr' id='par_1_8' title="bbox 187 370 978 410">
     <span class='ocr_line' id='line_1_8' title="bbox 187 370 978 410; baseline 0.008 -14"><span class='ocrx_word' id='word_1_41' title='bbox 187 371 233 397; x_wconf 71' lang='grc' dir='ltr'><strong>τὸν</strong></span> <span class='ocrx_word' id='word_1_42' title='bbox 258 371 370 397; x_wconf 79' lang='grc' dir='ltr'>Ἡσαΐαν</span> <span class='ocrx_word' id='word_1_43' title='bbox 392 371 500 405; x_wconf 80' lang='grc' dir='ltr'><strong>ἀνοίξας</strong></span> <span class='ocrx_word' id='word_1_44' title='bbox 525 370 588 409; x_wconf 73' lang='grc' dir='ltr'>εὗρε</span> <span class='ocrx_word' id='word_1_45' title='bbox 608 375 684 400; x_wconf 76' lang='grc' dir='ltr'>τουτὶ</span> <span class='ocrx_word' id='word_1_46' title='bbox 701 375 731 400; x_wconf 79' lang='grc' dir='ltr'>τὸ</span> <span class='ocrx_word' id='word_1_47' title='bbox 755 375 853 410; x_wconf 75' lang='grc' dir='ltr'>ῥητὸν,</span> <span class='ocrx_word' id='word_1_48' title='bbox 875 375 978 407; x_wconf 81' lang='grc' dir='ltr'><strong>πτύξας</strong></span> 
     </span>
    </p>
   </div>
   <div class='ocr_carea' id='block_1_9' title="bbox 190 416 978 455">
    <p class='ocr_par' dir='ltr' id='par_1_9' title="bbox 190 416 978 455">
     <span class='ocr_line' id='line_1_9' title="bbox 190 416 978 455; baseline 0.008 -13"><span class='ocrx_word' id='word_1_49' title='bbox 190 416 241 451; x_wconf 67' lang='grc' dir='ltr'>ἔφη</span> <span class='ocrx_word' id='word_1_50' title='bbox 255 425 262 431; x_wconf 90' lang='grc'><strong>·</strong></span> <span class='ocrx_word' id='word_1_51' title='bbox 275 418 400 452; x_wconf 80' lang='grc' dir='ltr'><strong>Σήμερον</strong></span> <span class='ocrx_word' id='word_1_52' title='bbox 417 419 432 452; x_wconf 85' lang='grc' dir='ltr'><strong>ἡ</strong></span> <span class='ocrx_word' id='word_1_53' title='bbox 451 419 546 453; x_wconf 79' lang='grc' dir='ltr'>Γραφὴ</span> <span class='ocrx_word' id='word_1_54' title='bbox 558 418 626 452; x_wconf 76' lang='grc' dir='ltr'>αὕτη</span> <span class='ocrx_word' id='word_1_55' title='bbox 637 419 828 455; x_wconf 82' lang='grc' dir='ltr'><strong>πεπλήρωται.</strong></span> <span class='ocrx_word' id='word_1_56' title='bbox 844 421 912 447; x_wconf 81' lang='grc' dir='ltr'><strong>Κατ’</strong></span> <span class='ocrx_word' id='word_1_57' title='bbox 928 421 978 448; x_wconf 85' lang='grc' dir='ltr'><strong>αὺ-</strong></span> 
     </span>
    </p>
   </div>
   <div class='ocr_carea' id='block_1_10' title="bbox 190 463 984 501">
    <p class='ocr_par' dir='ltr' id='par_1_10' title="bbox 190 463 984 501">
     <span class='ocr_line' id='line_1_10' title="bbox 190 463 984 501; baseline 0.006 -13"><span class='ocrx_word' id='word_1_58' title='bbox 190 463 236 488; x_wconf 64' lang='grc' dir='ltr'>τὴν</span> <span class='ocrx_word' id='word_1_59' title='bbox 258 463 312 497; x_wconf 78' lang='grc' dir='ltr'>γὰρ</span> <span class='ocrx_word' id='word_1_60' title='bbox 336 463 381 489; x_wconf 81' lang='grc' dir='ltr'><strong>τὸν</strong></span> <span class='ocrx_word' id='word_1_61' title='bbox 405 464 500 500; x_wconf 79' lang='grc' dir='ltr'>καιρὸν</span> <span class='ocrx_word' id='word_1_62' title='bbox 525 465 624 500; x_wconf 76' lang='grc' dir='ltr'>συνέϐη</span> <span class='ocrx_word' id='word_1_63' title='bbox 646 466 695 491; x_wconf 80' lang='grc' dir='ltr'>καὶ</span> <span class='ocrx_word' id='word_1_64' title='bbox 721 465 916 501; x_wconf 76' lang='grc' dir='ltr'><strong>βαπτισθῆναι,</strong></span> <span class='ocrx_word' id='word_1_65' title='bbox 935 468 984 493; x_wconf 48' lang='grc' dir='ltr'><strong>καὶ⁸</strong></span> 
     </span>
    </p>
   </div>
   <div class='ocr_carea' id='block_1_11' title="bbox 188 508 980 548">
    <p class='ocr_par' dir='ltr' id='par_1_11' title="bbox 188 508 980 548">
     <span class='ocr_line' id='line_1_11' title="bbox 188 508 980 548; baseline 0.006 -14"><span class='ocrx_word' id='word_1_66' title='bbox 188 508 221 534; x_wconf 80' lang='grc' dir='ltr'>τὸ</span> <span class='ocrx_word' id='word_1_67' title='bbox 240 509 360 543; x_wconf 76' lang='grc' dir='ltr'>Πνεῦμα</span> <span class='ocrx_word' id='word_1_68' title='bbox 375 510 518 537; x_wconf 78' lang='grc' dir='ltr'><strong>κατελθεῖν</strong></span> <span class='ocrx_word' id='word_1_69' title='bbox 535 511 665 537; x_wconf 77' lang='grc' dir='ltr'>ὲπόιὺτὸν</span> <span class='ocrx_word' id='word_1_70' title='bbox 680 512 708 537; x_wconf 81' lang='grc' dir='ltr'><strong>ὲν</strong></span> <span class='ocrx_word' id='word_1_71' title='bbox 720 512 783 538; x_wconf 81' lang='grc' dir='ltr'>εἴδει</span> <span class='ocrx_word' id='word_1_72' title='bbox 804 513 980 548; x_wconf 80' lang='grc' dir='ltr'>περιστερᾶς·</span> 
     </span>
    </p>
   </div>
   <div class='ocr_carea' id='block_1_12' title="bbox 190 553 982 594">
    <p class='ocr_par' dir='ltr' id='par_1_12' title="bbox 190 553 982 594">
     <span class='ocr_line' id='line_1_12' title="bbox 190 553 982 594; baseline 0.009 -15"><span class='ocrx_word' id='word_1_73' title='bbox 190 553 250 588; x_wconf 74' lang='grc' dir='ltr'>μεθ’</span> <span class='ocrx_word' id='word_1_74' title='bbox 270 554 284 580; x_wconf 86' lang='grc' dir='ltr'>ὃ</span> <span class='ocrx_word' id='word_1_75' title='bbox 301 555 444 590; x_wconf 77' lang='grc' dir='ltr'>πειραθεὶς</span> <span class='ocrx_word' id='word_1_76' title='bbox 456 554 539 591; x_wconf 79' lang='grc' dir='ltr'>ἦλθεν</span> <span class='ocrx_word' id='word_1_77' title='bbox 559 558 598 588; x_wconf 86' lang='grc' dir='ltr'><strong>εἰς</strong></span> <span class='ocrx_word' id='word_1_78' title='bbox 611 557 753 593; x_wconf 79' lang='grc' dir='ltr'>Ναζαρὲθ,</span> <span class='ocrx_word' id='word_1_79' title='bbox 769 558 815 584; x_wconf 71' lang='grc' dir='ltr'><strong>καὶ</strong></span> <span class='ocrx_word' id='word_1_80' title='bbox 835 558 982 594; x_wconf 82' lang='grc' dir='ltr'>πεπληρῶ-</span> 
     </span>
    </p>
   </div>
   <div class='ocr_carea' id='block_1_13' title="bbox 191 599 630 637">
    <p class='ocr_par' dir='ltr' id='par_1_13' title="bbox 191 599 630 637">
     <span class='ocr_line' id='line_1_13' title="bbox 191 599 630 637; baseline 0.011 -12"><span class='ocrx_word' id='word_1_81' title='bbox 191 599 252 626; x_wconf 79' lang='grc' dir='ltr'>σθαι</span> <span class='ocrx_word' id='word_1_82' title='bbox 263 600 312 635; x_wconf 83' lang='grc' dir='ltr'>τὴν</span> <span class='ocrx_word' id='word_1_83' title='bbox 333 602 444 637; x_wconf 75' lang='grc' dir='ltr'>Γραφὴν</span> <span class='ocrx_word' id='word_1_84' title='bbox 458 603 630 637; x_wconf 82' lang='grc' dir='ltr'>ἀπεφήνατο.</span> 
     </span>
    </p>
   </div>
   <div class='ocr_carea' id='block_1_14' title="bbox 1032 286 1820 321">
    <p class='ocr_par' dir='ltr' id='par_1_14' title="bbox 1032 286 1820 321">
     <span class='ocr_line' id='line_1_14' title="bbox 1032 286 1820 321; baseline -0.001 -9"><span class='ocrx_word' id='word_1_85' title='bbox 1032 290 1117 319; x_wconf 84' lang='lat' dir='ltr'><strong>teret;</strong></span> <span class='ocrx_word' id='word_1_86' title='bbox 1133 286 1178 320; x_wconf 82' lang='lat' dir='ltr'><strong>qui</strong></span> <span class='ocrx_word' id='word_1_87' title='bbox 1196 294 1225 313; x_wconf 79' lang='lat' dir='ltr'><strong>se</strong></span> <span class='ocrx_word' id='word_1_88' title='bbox 1237 294 1285 314; x_wconf 81' lang='lat' dir='ltr'><strong>eos</strong></span> <span class='ocrx_word' id='word_1_89' title='bbox 1300 292 1378 312; x_wconf 69' lang='lat' dir='ltr'><strong>antra</strong></span> <span class='ocrx_word' id='word_1_90' title='bbox 1400 286 1426 313; x_wconf 83' lang='lat' dir='ltr'><strong>in</strong></span> <span class='ocrx_word' id='word_1_91' title='bbox 1443 291 1568 320; x_wconf 81' lang='lat' dir='ltr'><strong>tempore</strong></span> <span class='ocrx_word' id='word_1_92' title='bbox 1589 289 1820 321; x_wconf 72' lang='lat' dir='ltr'><strong>congregalnrum</strong></span> 
     </span>
    </p>
   </div>
   <div class='ocr_carea' id='block_1_15' title="bbox 1031 331 1822 367">
    <p class='ocr_par' dir='ltr' id='par_1_15' title="bbox 1031 331 1822 367">
     <span class='ocr_line' id='line_1_15' title="bbox 1031 331 1822 367; baseline -0.001 -9"><span class='ocrx_word' id='word_1_93' title='bbox 1031 331 1147 359; x_wconf 82' lang='lat' dir='ltr'><strong>dixerat.</strong></span> <span class='ocrx_word' id='word_1_94' title='bbox 1166 331 1202 358; x_wconf 82' lang='lat' dir='ltr'><strong>Ut</strong></span> <span class='ocrx_word' id='word_1_95' title='bbox 1219 331 1290 358; x_wconf 77' lang='lat' dir='ltr'><strong>Deus</strong></span> <span class='ocrx_word' id='word_1_96' title='bbox 1308 332 1403 367; x_wconf 81' lang='lat' dir='ltr'><strong>igitur,</strong></span> <span class='ocrx_word' id='word_1_97' title='bbox 1419 332 1542 365; x_wconf 77' lang='lat' dir='ltr'><strong>spiritum</strong></span> <span class='ocrx_word' id='word_1_98' title='bbox 1563 336 1698 358; x_wconf 62' lang='lat' dir='ltr'><strong>creaturae</strong></span> <span class='ocrx_word' id='word_1_99' title='bbox 1723 338 1822 365; x_wconf 77' lang='lat' dir='ltr'><strong>sugge-</strong></span> 
     </span>
    </p>
   </div>
   <div class='ocr_carea' id='block_1_16' title="bbox 1031 377 1822 412">
    <p class='ocr_par' dir='ltr' id='par_1_16' title="bbox 1031 377 1822 412">
     <span class='ocr_line' id='line_1_16' title="bbox 1031 377 1822 412; baseline -0.003 -8"><span class='ocrx_word' id='word_1_100' title='bbox 1031 377 1083 409; x_wconf 83' lang='lat' dir='ltr'><strong>rit;</strong></span> <span class='ocrx_word' id='word_1_101' title='bbox 1106 378 1209 412; x_wconf 78' lang='lat' dir='ltr'><strong>recepit</strong></span> <span class='ocrx_word' id='word_1_102' title='bbox 1229 381 1333 409; x_wconf 87' lang='lat' dir='ltr'><strong>autem,</strong></span> <span class='ocrx_word' id='word_1_103' title='bbox 1350 383 1380 405; x_wconf 94' lang='lat' dir='ltr'><strong>ut</strong></span> <span class='ocrx_word' id='word_1_104' title='bbox 1405 378 1498 405; x_wconf 88' lang='lat' dir='ltr'><strong>homo.</strong></span> <span class='ocrx_word' id='word_1_105' title='bbox 1525 377 1629 412; x_wconf 86' lang='lat' dir='ltr'><strong>Itaque,</strong></span> <span class='ocrx_word' id='word_1_106' title='bbox 1651 377 1724 412; x_wconf 88' lang='lat' dir='ltr'><strong>quod</strong></span> <span class='ocrx_word' id='word_1_107' title='bbox 1750 377 1822 410; x_wconf 86' lang='lat' dir='ltr'><strong>apud</strong></span> 
     </span>
    </p>
   </div>
   <div class='ocr_carea' id='block_1_17' title="bbox 1032 421 1822 458">
    <p class='ocr_par' dir='ltr' id='par_1_17' title="bbox 1032 421 1822 458">
     <span class='ocr_line' id='line_1_17' title="bbox 1032 421 1822 458; baseline -0.004 -8"><span class='ocrx_word' id='word_1_108' title='bbox 1032 422 1134 450; x_wconf 78' lang='lat' dir='ltr'><strong>Lucam</strong></span> <span class='ocrx_word' id='word_1_109' title='bbox 1150 423 1278 458; x_wconf 65' lang='lat' dir='ltr'><strong>legimus.</strong></span> <span class='ocrx_word' id='word_1_110' title='bbox 1292 432 1354 451; x_wconf 87' lang='lat' dir='ltr'><strong>cum</strong></span> <span class='ocrx_word' id='word_1_111' title='bbox 1372 423 1509 450; x_wconf 80' lang='lat' dir='ltr'><strong>Nazaretlt</strong></span> <span class='ocrx_word' id='word_1_112' title='bbox 1529 430 1695 458; x_wconf 75' lang='lat' dir='ltr'><strong>synagogam</strong></span> <span class='ocrx_word' id='word_1_113' title='bbox 1716 421 1822 456; x_wconf 78' lang='lat' dir='ltr'><strong>ingres-</strong></span> 
     </span>
    </p>
   </div>
   <div class='ocr_carea' id='block_1_18' title="bbox 1032 467 1822 504">
    <p class='ocr_par' dir='ltr' id='par_1_18' title="bbox 1032 467 1822 504">
     <span class='ocr_line' id='line_1_18' title="bbox 1032 467 1822 504; baseline -0.003 -8"><span class='ocrx_word' id='word_1_114' title='bbox 1032 476 1092 500; x_wconf 84' lang='lat' dir='ltr'><strong>sus.</strong></span> <span class='ocrx_word' id='word_1_115' title='bbox 1110 473 1206 504; x_wconf 86' lang='lat' dir='ltr'><strong>aperto</strong></span> <span class='ocrx_word' id='word_1_116' title='bbox 1226 470 1304 497; x_wconf 71' lang='lat' dir='ltr'><strong>Isaim</strong></span> <span class='ocrx_word' id='word_1_117' title='bbox 1321 470 1403 502; x_wconf 87' lang='lat' dir='ltr'><strong>libro,</strong></span> <span class='ocrx_word' id='word_1_118' title='bbox 1420 470 1447 497; x_wconf 91' lang='lat' dir='ltr'><strong>in</strong></span> <span class='ocrx_word' id='word_1_119' title='bbox 1463 469 1546 497; x_wconf 82' lang='lat' dir='ltr'><strong>verba</strong></span> <span class='ocrx_word' id='word_1_120' title='bbox 1561 469 1613 496; x_wconf 84' lang='lat' dir='ltr'><strong>ista</strong></span> <span class='ocrx_word' id='word_1_121' title='bbox 1628 467 1769 495; x_wconf 85' lang='lat' dir='ltr'><strong>incidisset</strong></span> <span class='ocrx_word' id='word_1_122' title='bbox 1782 467 1822 499; x_wconf 79' lang='lat'><strong>&#39;°;</strong></span> 
     </span>
    </p>
   </div>
   <div class='ocr_carea' id='block_1_19' title="bbox 1031 513 1821 550">
    <p class='ocr_par' dir='ltr' id='par_1_19' title="bbox 1031 513 1821 550">
     <span class='ocr_line' id='line_1_19' title="bbox 1031 513 1821 550; baseline -0.003 -9"><span class='ocrx_word' id='word_1_123' title='bbox 1031 515 1128 542; x_wconf 87' lang='lat' dir='ltr'><strong>eodem</strong></span> <span class='ocrx_word' id='word_1_124' title='bbox 1149 516 1326 549; x_wconf 80' lang='lat' dir='ltr'><strong>complicato,</strong></span> <span class='ocrx_word' id='word_1_125' title='bbox 1341 523 1402 543; x_wconf 88' lang='lat' dir='ltr'><strong>esse</strong></span> <span class='ocrx_word' id='word_1_126' title='bbox 1414 524 1448 543; x_wconf 90' lang='lat' dir='ltr'><strong>co</strong></span> <span class='ocrx_word' id='word_1_127' title='bbox 1459 515 1503 543; x_wconf 90' lang='lat' dir='ltr'><strong>die</strong></span> <span class='ocrx_word' id='word_1_128' title='bbox 1515 515 1678 550; x_wconf 76' lang='lat' dir='ltr'><strong>completam</strong></span> <span class='ocrx_word' id='word_1_129' title='bbox 1694 513 1821 547; x_wconf 80' lang='lat' dir='ltr'><strong>Scriptu-</strong></span> 
     </span>
    </p>
   </div>
   <div class='ocr_carea' id='block_1_20' title="bbox 1031 558 1822 595">
    <p class='ocr_par' dir='ltr' id='par_1_20' title="bbox 1031 558 1822 595">
     <span class='ocr_line' id='line_1_20' title="bbox 1031 558 1822 595; baseline -0.004 -8"><span class='ocrx_word' id='word_1_130' title='bbox 1031 569 1089 588; x_wconf 89' lang='lat' dir='ltr'><strong>ram</strong></span> <span class='ocrx_word' id='word_1_131' title='bbox 1108 561 1264 589; x_wconf 82' lang='lat' dir='ltr'><strong>aﬂirmavit.</strong></span> <span class='ocrx_word' id='word_1_132' title='bbox 1281 562 1403 595; x_wconf 64' lang='lat' dir='ltr'><strong>Contigit</strong></span> <span class='ocrx_word' id='word_1_133' title='bbox 1418 562 1492 588; x_wconf 82' lang='lat' dir='ltr'><strong>enim</strong></span> <span class='ocrx_word' id='word_1_134' title='bbox 1520 568 1553 588; x_wconf 87' lang='lat' dir='ltr'><strong>eo</strong></span> <span class='ocrx_word' id='word_1_135' title='bbox 1568 564 1704 594; x_wconf 84' lang='lat' dir='ltr'><strong>tempore.</strong></span> <span class='ocrx_word' id='word_1_136' title='bbox 1732 563 1760 586; x_wconf 92' lang='lat' dir='ltr'><strong>ut</strong></span> <span class='ocrx_word' id='word_1_137' title='bbox 1774 558 1822 586; x_wconf 84' lang='lat' dir='ltr'><strong>ba—</strong></span> 
     </span>
    </p>
   </div>
   <div class='ocr_carea' id='block_1_21' title="bbox 1030 604 1823 642">
    <p class='ocr_par' dir='ltr' id='par_1_21' title="bbox 1030 604 1823 642">
     <span class='ocr_line' id='line_1_21' title="bbox 1030 604 1823 642; baseline -0.004 -9"><span class='ocrx_word' id='word_1_138' title='bbox 1030 607 1196 642; x_wconf 84' lang='lat' dir='ltr'><strong>ptizaretur;</strong></span> <span class='ocrx_word' id='word_1_139' title='bbox 1210 612 1240 634; x_wconf 90' lang='lat' dir='ltr'><strong>ut</strong></span> <span class='ocrx_word' id='word_1_140' title='bbox 1253 607 1473 642; x_wconf 83' lang='lat' dir='ltr'><strong>Spiritumetiam</strong></span> <span class='ocrx_word' id='word_1_141' title='bbox 1495 607 1521 634; x_wconf 93' lang='lat' dir='ltr'><strong>in</strong></span> <span class='ocrx_word' id='word_1_142' title='bbox 1539 606 1673 634; x_wconf 65' lang='lat' dir='ltr'><strong>columbae</strong></span> <span class='ocrx_word' id='word_1_143' title='bbox 1690 605 1778 632; x_wconf 83' lang='lat' dir='ltr'><strong>forma</strong></span> <span class='ocrx_word' id='word_1_144' title='bbox 1796 604 1823 630; x_wconf 88' lang='lat' dir='ltr'><strong>in</strong></span> 
     </span>
    </p>
   </div>
   <div class='ocr_carea' id='block_1_22' title="bbox 190 648 1824 690">
    <p class='ocr_par' dir='ltr' id='par_1_22' title="bbox 190 648 1824 690">
     <span class='ocr_line' id='line_1_22' title="bbox 190 648 1824 690; baseline 0.002 -15"><span class='ocrx_word' id='word_1_145' title='bbox 190 655 219 675; x_wconf 88' lang='lat' dir='ltr'><strong>se</strong></span> <span class='ocrx_word' id='word_1_146' title='bbox 233 648 398 677; x_wconf 84' lang='lat' dir='ltr'><strong>admitteret.</strong></span> <span class='ocrx_word' id='word_1_147' title='bbox 425 650 529 682; x_wconf 84' lang='lat' dir='ltr'><strong>Quibus</strong></span> <span class='ocrx_word' id='word_1_148' title='bbox 543 651 652 678; x_wconf 89' lang='lat' dir='ltr'><strong>demum</strong></span> <span class='ocrx_word' id='word_1_149' title='bbox 668 652 813 685; x_wconf 83' lang='lat' dir='ltr'><strong>absolutis,</strong></span> <span class='ocrx_word' id='word_1_150' title='bbox 835 653 861 680; x_wconf 90' lang='lat' dir='ltr'><strong>in</strong></span> <span class='ocrx_word' id='word_1_151' title='bbox 884 652 1021 682; x_wconf 82' lang='lat' dir='ltr'><strong>Nazaretlt</strong></span> <span class='ocrx_word' id='word_1_152' title='bbox 1039 655 1182 690; x_wconf 78' lang='lat' dir='ltr'><strong>ingressus</strong></span> <span class='ocrx_word' id='word_1_153' title='bbox 1199 661 1253 688; x_wconf 83' lang='lat' dir='ltr'><strong>est,</strong></span> <span class='ocrx_word' id='word_1_154' title='bbox 1279 659 1307 683; x_wconf 87' lang='lat' dir='ltr'><strong>et</strong></span> <span class='ocrx_word' id='word_1_155' title='bbox 1327 655 1364 683; x_wconf 86' lang='lat' dir='ltr'><strong>ibi</strong></span> <span class='ocrx_word' id='word_1_156' title='bbox 1402 655 1566 690; x_wconf 79' lang='lat' dir='ltr'><strong>completam</strong></span> <span class='ocrx_word' id='word_1_157' title='bbox 1601 661 1662 681; x_wconf 87' lang='lat' dir='ltr'><strong>esse</strong></span> <span class='ocrx_word' id='word_1_158' title='bbox 1697 652 1824 686; x_wconf 89' lang='lat' dir='ltr'><strong>Scriptu-</strong></span> 
     </span>
    </p>
   </div>
   <div class='ocr_carea' id='block_1_23' title="bbox 190 695 460 728">
    <p class='ocr_par' dir='ltr' id='par_1_23' title="bbox 190 695 460 728">
     <span class='ocr_line' id='line_1_23' title="bbox 190 695 460 728; baseline 0.011 -9"><span class='ocrx_word' id='word_1_159' title='bbox 190 700 248 720; x_wconf 81' lang='lat' dir='ltr'><strong>ram</strong></span> <span class='ocrx_word' id='word_1_160' title='bbox 265 695 460 728; x_wconf 78' lang='lat' dir='ltr'><strong>pronuntiavit.</strong></span> 
     </span>
    </p>
   </div>
   <div class='ocr_carea' id='block_1_24' title="bbox 225 740 982 779">
    <p class='ocr_par' dir='ltr' id='par_1_24' title="bbox 225 740 982 779">
     <span class='ocr_line' id='line_1_24' title="bbox 225 740 982 779; baseline 0.005 -13"><span class='ocrx_word' id='word_1_161' title='bbox 225 740 303 771; x_wconf 76' lang='grc' dir='ltr'>Τινὲς</span> <span class='ocrx_word' id='word_1_162' title='bbox 314 741 352 773; x_wconf 77' lang='grc' dir='ltr'><strong>δὲ,</strong></span> <span class='ocrx_word' id='word_1_163' title='bbox 372 741 409 771; x_wconf 77' lang='grc' dir='ltr'><strong>ὡς</strong></span> <span class='ocrx_word' id='word_1_164' title='bbox 424 741 543 776; x_wconf 79' lang='grc' dir='ltr'>εἴρηται,</span> <span class='ocrx_word' id='word_1_165' title='bbox 556 742 604 768; x_wconf 71' lang='grc' dir='ltr'>ἐπὶ</span> <span class='ocrx_word' id='word_1_166' title='bbox 617 742 662 768; x_wconf 67' lang='grc' dir='ltr'>τὸν</span> <span class='ocrx_word' id='word_1_167' title='bbox 681 743 729 778; x_wconf 67' lang='grc' dir='ltr'><strong>τῆς</strong></span> <span class='ocrx_word' id='word_1_168' title='bbox 746 743 902 779; x_wconf 76' lang='grc' dir='ltr'><strong>γεννήσεως</strong></span> <span class='ocrx_word' id='word_1_169' title='bbox 919 753 982 770; x_wconf 87' lang='grc' dir='ltr'>και-</span> 
     </span>
    </p>
   </div>
   <div class='ocr_carea' id='block_1_25' title="bbox 197 785 981 824">
    <p class='ocr_par' dir='ltr' id='par_1_25' title="bbox 197 785 981 824">
     <span class='ocr_line' id='line_1_25' title="bbox 197 785 981 824; baseline 0.006 -13"><span class='ocrx_word' id='word_1_170' title='bbox 197 785 243 820; x_wconf 74' lang='grc' dir='ltr'>ρὸν</span> <span class='ocrx_word' id='word_1_171' title='bbox 259 785 332 821; x_wconf 76' lang='grc' dir='ltr'>ἔχειν</span> <span class='ocrx_word' id='word_1_172' title='bbox 345 787 410 820; x_wconf 73' lang='grc' dir='ltr'>φασὶ</span> <span class='ocrx_word' id='word_1_173' title='bbox 425 787 474 822; x_wconf 85' lang='grc' dir='ltr'>τὴν</span> <span class='ocrx_word' id='word_1_174' title='bbox 493 786 635 822; x_wconf 61' lang='grc' dir='ltr'>ἀναφορὰν</span> <span class='ocrx_word' id='word_1_175' title='bbox 651 788 690 821; x_wconf 76' lang='grc' dir='ltr'>τὸ,</span> <span class='ocrx_word' id='word_1_176' title='bbox 710 788 833 823; x_wconf 77' lang='grc' dir='ltr'><strong>ἔχρισέν</strong></span> <span class='ocrx_word' id='word_1_177' title='bbox 845 798 892 824; x_wconf 81' lang='grc' dir='ltr'><strong>με.</strong></span> <span class='ocrx_word' id='word_1_178' title='bbox 908 789 981 824; x_wconf 85' lang='grc' dir='ltr'><strong>Πλὴν</strong></span> 
     </span>
    </p>
   </div>
   <div class='ocr_carea' id='block_1_26' title="bbox 191 831 981 870">
    <p class='ocr_par' dir='ltr' id='par_1_26' title="bbox 191 831 981 870">
     <span class='ocr_line' id='line_1_26' title="bbox 191 831 981 870; baseline 0.006 -13"><span class='ocrx_word' id='word_1_179' title='bbox 191 831 262 866; x_wconf 77' lang='grc' dir='ltr'>μετὰ</span> <span class='ocrx_word' id='word_1_180' title='bbox 275 831 305 858; x_wconf 78' lang='grc' dir='ltr'><strong>τὸ</strong></span> <span class='ocrx_word' id='word_1_181' title='bbox 319 831 460 868; x_wconf 77' lang='grc' dir='ltr'><strong>βάπτισμα</strong></span> <span class='ocrx_word' id='word_1_182' title='bbox 475 833 600 867; x_wconf 78' lang='grc' dir='ltr'>φαίνεται</span> <span class='ocrx_word' id='word_1_183' title='bbox 618 834 762 869; x_wconf 77' lang='grc' dir='ltr'><strong>κηρύσσων</strong></span> <span class='ocrx_word' id='word_1_184' title='bbox 779 835 828 870; x_wconf 82' lang='grc' dir='ltr'><strong>τὴν</strong></span> <span class='ocrx_word' id='word_1_185' title='bbox 843 835 981 869; x_wconf 74' lang='grc' dir='ltr'>βασιλείαν</span> 
     </span>
    </p>
   </div>
   <div class='ocr_carea' id='block_1_27' title="bbox 189 877 981 914">
    <p class='ocr_par' dir='ltr' id='par_1_27' title="bbox 189 877 981 914">
     <span class='ocr_line' id='line_1_27' title="bbox 189 877 981 914; baseline 0.005 -11"><span class='ocrx_word' id='word_1_186' title='bbox 189 877 244 903; x_wconf 82' lang='grc' dir='ltr'>τῶν</span> <span class='ocrx_word' id='word_1_187' title='bbox 263 878 385 913; x_wconf 73' lang='grc' dir='ltr'>οὐρανῶν</span> <span class='ocrx_word' id='word_1_188' title='bbox 409 879 489 914; x_wconf 73' lang='grc' dir='ltr'>(ὅπερ</span> <span class='ocrx_word' id='word_1_189' title='bbox 503 877 538 914; x_wconf 81' lang='grc' dir='ltr'>ἦν</span> <span class='ocrx_word' id='word_1_190' title='bbox 558 880 799 914; x_wconf 75' lang='grc' dir='ltr'><strong>εὐαγγελίζεσθαι</strong></span> <span class='ocrx_word' id='word_1_191' title='bbox 820 881 882 913; x_wconf 82' lang='grc' dir='ltr'>τοῖς</span> <span class='ocrx_word' id='word_1_192' title='bbox 903 889 981 907; x_wconf 70' lang='grc' dir='ltr'>πτω-</span> 
     </span>
    </p>
   </div>
   <div class='ocr_carea' id='block_1_28' title="bbox 190 923 981 961">
    <p class='ocr_par' dir='ltr' id='par_1_28' title="bbox 190 923 981 961">
     <span class='ocr_line' id='line_1_28' title="bbox 190 923 981 961; baseline 0.005 -12"><span class='ocrx_word' id='word_1_193' title='bbox 190 923 266 957; x_wconf 79' lang='grc' dir='ltr'><strong>χοῖς)</strong></span> <span class='ocrx_word' id='word_1_194' title='bbox 282 924 329 949; x_wconf 71' lang='grc' dir='ltr'>καὶ</span> <span class='ocrx_word' id='word_1_195' title='bbox 343 925 407 955; x_wconf 79' lang='grc' dir='ltr'>τοὺς</span> <span class='ocrx_word' id='word_1_196' title='bbox 428 926 621 960; x_wconf 74' lang='grc' dir='ltr'>μακαρισμοῦς</span> <span class='ocrx_word' id='word_1_197' title='bbox 637 926 823 961; x_wconf 77' lang='grc' dir='ltr'><strong>ἐκτιθέμενος.</strong></span> <span class='ocrx_word' id='word_1_198' title='bbox 838 927 894 953; x_wconf 76' lang='grc' dir='ltr'><strong>Καὶ</strong></span> <span class='ocrx_word' id='word_1_199' title='bbox 917 926 981 954; x_wconf 77' lang='grc' dir='ltr'>ἰᾶτο</span> 
     </span>
    </p>
   </div>
   <div class='ocr_carea' id='block_1_29' title="bbox 189 969 982 1008">
    <p class='ocr_par' dir='ltr' id='par_1_29' title="bbox 189 969 982 1008">
     <span class='ocr_line' id='line_1_29' title="bbox 189 969 982 1008; baseline 0.006 -14"><span class='ocrx_word' id='word_1_200' title='bbox 189 969 218 995; x_wconf 83' lang='grc' dir='ltr'>δὲ</span> <span class='ocrx_word' id='word_1_201' title='bbox 237 969 309 1002; x_wconf 83' lang='grc' dir='ltr'>τοὺς</span> <span class='ocrx_word' id='word_1_202' title='bbox 328 971 602 1005; x_wconf 82' lang='grc' dir='ltr'><strong>συντετριμμένους</strong></span> <span class='ocrx_word' id='word_1_203' title='bbox 618 971 655 1005; x_wconf 76' lang='grc' dir='ltr'>τῇ</span> <span class='ocrx_word' id='word_1_204' title='bbox 670 972 794 1007; x_wconf 76' lang='grc' dir='ltr'>καρδίᾳ,</span> <span class='ocrx_word' id='word_1_205' title='bbox 821 973 982 1008; x_wconf 77' lang='grc' dir='ltr'>Θεραπεὺων</span> 
     </span>
    </p>
   </div>
   <div class='ocr_carea' id='block_1_30' title="bbox 189 1015 981 1053">
    <p class='ocr_par' dir='ltr' id='par_1_30' title="bbox 189 1015 981 1053">
     <span class='ocr_line' id='line_1_30' title="bbox 189 1015 981 1053; baseline 0.006 -12"><span class='ocrx_word' id='word_1_206' title='bbox 189 1015 370 1049; x_wconf 73' lang='grc' dir='ltr'><strong>ἐπαγγελίαις</strong></span> <span class='ocrx_word' id='word_1_207' title='bbox 382 1037 390 1049; x_wconf 85' lang='grc'><strong>,</strong></span> <span class='ocrx_word' id='word_1_208' title='bbox 417 1017 464 1043; x_wconf 77' lang='grc' dir='ltr'><strong>καὶ</strong></span> <span class='ocrx_word' id='word_1_209' title='bbox 490 1017 576 1051; x_wconf 86' lang='grc' dir='ltr'>λέγων</span> <span class='ocrx_word' id='word_1_210' title='bbox 587 1026 594 1032; x_wconf 91' lang='grc'>·</span> <span class='ocrx_word' id='word_1_211' title='bbox 609 1018 748 1053; x_wconf 80' lang='grc' dir='ltr'><strong>Μακάριοι</strong></span> <span class='ocrx_word' id='word_1_212' title='bbox 771 1019 796 1045; x_wconf 76' lang='grc' dir='ltr'>οἱ</span> <span class='ocrx_word' id='word_1_213' title='bbox 809 1019 981 1051; x_wconf 72' lang='grc' dir='ltr'><strong>πενθοῦντες,</strong></span> 
     </span>
    </p>
   </div>
   <div class='ocr_carea' id='block_1_31' title="bbox 191 1059 983 1099">
    <p class='ocr_par' dir='ltr' id='par_1_31' title="bbox 191 1059 983 1099">
     <span class='ocr_line' id='line_1_31' title="bbox 191 1059 983 1099; baseline 0.006 -13"><span class='ocrx_word' id='word_1_214' title='bbox 191 1059 232 1086; x_wconf 74' lang='grc' dir='ltr'>ὅτι</span> <span class='ocrx_word' id='word_1_215' title='bbox 249 1061 327 1086; x_wconf 76' lang='grc' dir='ltr'>αὐτοὶ</span> <span class='ocrx_word' id='word_1_216' title='bbox 340 1061 609 1097; x_wconf 67' lang='grc' dir='ltr'><strong>παρακληθήσονται.</strong></span> <span class='ocrx_word' id='word_1_217' title='bbox 625 1064 679 1090; x_wconf 78' lang='grc' dir='ltr'><strong>Καὶ</strong></span> <span class='ocrx_word' id='word_1_218' title='bbox 699 1065 829 1099; x_wconf 70' lang='grc' dir='ltr'>μακάριοι</span> <span class='ocrx_word' id='word_1_219' title='bbox 842 1065 866 1092; x_wconf 80' lang='grc' dir='ltr'>οἱ</span> <span class='ocrx_word' id='word_1_220' title='bbox 878 1065 983 1092; x_wconf 83' lang='grc' dir='ltr'>κλαίον-</span> 
     </span>
    </p>
   </div>
   <div class='ocr_carea' id='block_1_32' title="bbox 192 1107 983 1145">
    <p class='ocr_par' dir='ltr' id='par_1_32' title="bbox 192 1107 983 1145">
     <span class='ocr_line' id='line_1_32' title="bbox 192 1107 983 1145; baseline 0.008 -13"><span class='ocrx_word' id='word_1_221' title='bbox 192 1115 249 1138; x_wconf 82' lang='grc' dir='ltr'>τες,</span> <span class='ocrx_word' id='word_1_222' title='bbox 269 1107 312 1134; x_wconf 81' lang='grc' dir='ltr'>ὅτι</span> <span class='ocrx_word' id='word_1_223' title='bbox 333 1108 504 1142; x_wconf 78' lang='grc' dir='ltr'><strong>γελάσονται.</strong></span> <span class='ocrx_word' id='word_1_224' title='bbox 527 1110 582 1136; x_wconf 75' lang='grc' dir='ltr'><strong>Καὶ</strong></span> <span class='ocrx_word' id='word_1_225' title='bbox 601 1111 657 1142; x_wconf 74' lang='grc' dir='ltr'>τοῖς</span> <span class='ocrx_word' id='word_1_226' title='bbox 673 1110 701 1136; x_wconf 78' lang='grc' dir='ltr'><strong>δὲ</strong></span> <span class='ocrx_word' id='word_1_227' title='bbox 724 1110 909 1145; x_wconf 67' lang='grc' dir='ltr'><strong>αἰχμαλώτοις</strong></span> <span class='ocrx_word' id='word_1_228' title='bbox 930 1111 983 1138; x_wconf 80' lang='grc' dir='ltr'><strong>ὑπὸ</strong></span> 
     </span>
    </p>
   </div>
   <div class='ocr_carea' id='block_1_33' title="bbox 191 1152 982 1191">
    <p class='ocr_par' dir='ltr' id='par_1_33' title="bbox 191 1152 982 1191">
     <span class='ocr_line' id='line_1_33' title="bbox 191 1152 982 1191; baseline 0.006 -13"><span class='ocrx_word' id='word_1_229' title='bbox 191 1152 328 1187; x_wconf 75' lang='grc' dir='ltr'><strong>δαιμόνων</strong></span> <span class='ocrx_word' id='word_1_230' title='bbox 356 1154 446 1180; x_wconf 73' lang='grc' dir='ltr'>ἔθεσιν</span> <span class='ocrx_word' id='word_1_231' title='bbox 473 1154 572 1189; x_wconf 67' lang='grc' dir='ltr'>ἄφεσιν</span> <span class='ocrx_word' id='word_1_232' title='bbox 587 1155 733 1191; x_wconf 76' lang='grc' dir='ltr'>ἐκήρυττε,</span> <span class='ocrx_word' id='word_1_233' title='bbox 760 1156 817 1188; x_wconf 78' lang='grc' dir='ltr'>τοῖς</span> <span class='ocrx_word' id='word_1_234' title='bbox 848 1156 982 1191; x_wconf 80' lang='grc' dir='ltr'><strong>μαθηταῖς</strong></span> 
     </span>
    </p>
   </div>
   <div class='ocr_carea' id='block_1_34' title="bbox 191 1197 980 1237">
    <p class='ocr_par' dir='ltr' id='par_1_34' title="bbox 191 1197 980 1237">
     <span class='ocr_line' id='line_1_34' title="bbox 191 1197 980 1237; baseline 0.006 -14"><span class='ocrx_word' id='word_1_235' title='bbox 191 1197 277 1224; x_wconf 84' lang='grc' dir='ltr'>εἰπών</span> <span class='ocrx_word' id='word_1_236' title='bbox 292 1207 298 1212; x_wconf 92' lang='grc'><strong>·</strong></span> <span class='ocrx_word' id='word_1_237' title='bbox 321 1199 505 1234; x_wconf 77' lang='grc' dir='ltr'>Πορευθέντες</span> <span class='ocrx_word' id='word_1_238' title='bbox 529 1200 718 1234; x_wconf 78' lang='grc' dir='ltr'><strong>μαθητεύσατε</strong></span> <span class='ocrx_word' id='word_1_239' title='bbox 731 1201 820 1227; x_wconf 79' lang='grc' dir='ltr'>πάντα</span> <span class='ocrx_word' id='word_1_240' title='bbox 843 1201 876 1228; x_wconf 68' lang='grc' dir='ltr'>τὰ</span> <span class='ocrx_word' id='word_1_241' title='bbox 896 1201 980 1237; x_wconf 76' lang='grc' dir='ltr'>“ἐθνη,</span> 
     </span>
    </p>
   </div>
   <div class='ocr_carea' id='block_1_35' title="bbox 192 1243 983 1283">
    <p class='ocr_par' dir='ltr' id='par_1_35' title="bbox 192 1243 983 1283">
     <span class='ocr_line' id='line_1_35' title="bbox 192 1243 983 1283; baseline 0.004 -13"><span class='ocrx_word' id='word_1_242' title='bbox 192 1243 370 1279; x_wconf 71' lang='grc' dir='ltr'>βαπτίζοντες</span> <span class='ocrx_word' id='word_1_243' title='bbox 387 1245 495 1276; x_wconf 72' lang='grc' dir='ltr'>αὐτοὺς,</span> <span class='ocrx_word' id='word_1_244' title='bbox 509 1246 553 1272; x_wconf 73' lang='grc' dir='ltr'><strong>ἐπ’</strong></span> <span class='ocrx_word' id='word_1_245' title='bbox 570 1245 666 1279; x_wconf 78' lang='grc' dir='ltr'><strong>ἀφέσει</strong></span> <span class='ocrx_word' id='word_1_246' title='bbox 679 1246 800 1279; x_wconf 70' lang='grc' dir='ltr'>δηλονότι</span> <span class='ocrx_word' id='word_1_247' title='bbox 819 1247 983 1283; x_wconf 70' lang='grc' dir='ltr'>πλημμελη-</span> 
     </span>
    </p>
   </div>
   <div class='ocr_carea' id='block_1_36' title="bbox 193 1290 982 1330">
    <p class='ocr_par' dir='ltr' id='par_1_36' title="bbox 193 1290 982 1330">
     <span class='ocr_line' id='line_1_36' title="bbox 193 1290 982 1330; baseline 0.005 -14"><span class='ocrx_word' id='word_1_248' title='bbox 193 1290 303 1325; x_wconf 59' lang='grc' dir='ltr'>μάτων</span> <span class='ocrx_word' id='word_1_249' title='bbox 325 1290 349 1316; x_wconf 79' lang='grc' dir='ltr'>οἳ</span> <span class='ocrx_word' id='word_1_250' title='bbox 368 1291 414 1317; x_wconf 83' lang='grc' dir='ltr'>καὶ</span> <span class='ocrx_word' id='word_1_251' title='bbox 426 1291 557 1326; x_wconf 61' lang='grc' dir='ltr'>ἁϐλεῴίαν</span> <span class='ocrx_word' id='word_1_252' title='bbox 570 1292 691 1324; x_wconf 75' lang='grc' dir='ltr'>ἐνόσουν,</span> <span class='ocrx_word' id='word_1_253' title='bbox 710 1293 742 1328; x_wconf 86' lang='grc' dir='ltr'>τῇ</span> <span class='ocrx_word' id='word_1_254' title='bbox 757 1293 880 1328; x_wconf 82' lang='grc' dir='ltr'>πολυθέῳ</span> <span class='ocrx_word' id='word_1_255' title='bbox 894 1293 982 1330; x_wconf 82' lang='grc' dir='ltr'>πλάνῃ</span> 
     </span>
    </p>
   </div>
   <div class='ocr_carea' id='block_1_37' title="bbox 191 1336 982 1373">
    <p class='ocr_par' dir='ltr' id='par_1_37' title="bbox 191 1336 982 1373">
     <span class='ocr_line' id='line_1_37' title="bbox 191 1336 982 1373; baseline 0.004 -11"><span class='ocrx_word' id='word_1_256' title='bbox 191 1336 373 1368; x_wconf 83' lang='grc' dir='ltr'>δουλεύοντες.</span> <span class='ocrx_word' id='word_1_257' title='bbox 389 1337 489 1372; x_wconf 78' lang='grc' dir='ltr'>Διόπερ</span> <span class='ocrx_word' id='word_1_258' title='bbox 509 1338 538 1364; x_wconf 82' lang='grc' dir='ltr'>ὲν</span> <span class='ocrx_word' id='word_1_259' title='bbox 560 1338 615 1369; x_wconf 78' lang='grc' dir='ltr'>τοῖς</span> <span class='ocrx_word' id='word_1_260' title='bbox 637 1337 818 1373; x_wconf 76' lang='grc' dir='ltr'>προλαὸοῧσιν</span> <span class='ocrx_word' id='word_1_261' title='bbox 834 1339 953 1373; x_wconf 77' lang='grc' dir='ltr'>ἔφασκεν</span> <span class='ocrx_word' id='word_1_262' title='bbox 967 1340 982 1365; x_wconf 83' lang='grc' dir='ltr'><strong>ὸ</strong></span> 
     </span>
    </p>
   </div>
   <div class='ocr_carea' id='block_1_38' title="bbox 191 1382 981 1418">
    <p class='ocr_par' dir='ltr' id='par_1_38' title="bbox 191 1382 981 1418">
     <span class='ocr_line' id='line_1_38' title="bbox 191 1382 981 1418; baseline 0.005 -10"><span class='ocrx_word' id='word_1_263' title='bbox 191 1382 287 1418; x_wconf 68' lang='grc' dir='ltr'>Πατήρ</span> <span class='ocrx_word' id='word_1_264' title='bbox 300 1391 307 1398; x_wconf 89' lang='grc'><strong>·</strong></span> <span class='ocrx_word' id='word_1_265' title='bbox 329 1383 405 1415; x_wconf 76' lang='grc' dir='ltr'>Ἰδοὺ,</span> <span class='ocrx_word' id='word_1_266' title='bbox 425 1384 536 1410; x_wconf 79' lang='grc' dir='ltr'>τέθεικά</span> <span class='ocrx_word' id='word_1_267' title='bbox 561 1392 591 1410; x_wconf 90' lang='grc' dir='ltr'><strong>σε</strong></span> <span class='ocrx_word' id='word_1_268' title='bbox 610 1385 650 1416; x_wconf 77' lang='grc' dir='ltr'><strong>εἰς</strong></span> <span class='ocrx_word' id='word_1_269' title='bbox 677 1385 734 1418; x_wconf 75' lang='grc' dir='ltr'><strong>φῶς</strong></span> <span class='ocrx_word' id='word_1_270' title='bbox 755 1385 849 1416; x_wconf 81' lang='grc' dir='ltr'>ὲῡνῶν,</span> <span class='ocrx_word' id='word_1_271' title='bbox 877 1385 981 1418; x_wconf 77' lang='grc' dir='ltr'>ἀνοῖξαι</span> 
     </span>
    </p>
   </div>
   <div class='ocr_carea' id='block_1_39' title="bbox 190 1428 979 1466">
    <p class='ocr_par' dir='ltr' id='par_1_39' title="bbox 190 1428 979 1466">
     <span class='ocr_line' id='line_1_39' title="bbox 190 1428 979 1466; baseline 0.005 -12"><span class='ocrx_word' id='word_1_272' title='bbox 190 1428 347 1464; x_wconf 68' lang='grc' dir='ltr'>ὀφθαλμοὺς</span> <span class='ocrx_word' id='word_1_273' title='bbox 357 1429 477 1463; x_wconf 78' lang='grc' dir='ltr'>τυφλῶν,</span> <span class='ocrx_word' id='word_1_274' title='bbox 490 1429 634 1464; x_wconf 80' lang='grc' dir='ltr'>ἐξαγαγεῖν</span> <span class='ocrx_word' id='word_1_275' title='bbox 651 1431 683 1457; x_wconf 80' lang='grc' dir='ltr'>ἐκ</span> <span class='ocrx_word' id='word_1_276' title='bbox 692 1430 800 1465; x_wconf 83' lang='grc' dir='ltr'>δεσμῶν</span> <span class='ocrx_word' id='word_1_277' title='bbox 810 1431 979 1466; x_wconf 80' lang='grc' dir='ltr'>δεδεμένους.</span> 
     </span>
    </p>
   </div>
   <div class='ocr_carea' id='block_1_40' title="bbox 191 1473 981 1512">
    <p class='ocr_par' dir='ltr' id='par_1_40' title="bbox 191 1473 981 1512">
     <span class='ocr_line' id='line_1_40' title="bbox 191 1473 981 1512; baseline 0.005 -12"><span class='ocrx_word' id='word_1_278' title='bbox 191 1474 246 1500; x_wconf 78' lang='grc' dir='ltr'><strong>Καὶ</strong></span> <span class='ocrx_word' id='word_1_279' title='bbox 258 1474 368 1508; x_wconf 71' lang='grc' dir='ltr'>πτωχοὶ</span> <span class='ocrx_word' id='word_1_280' title='bbox 385 1475 413 1500; x_wconf 81' lang='grc' dir='ltr'>δὲ</span> <span class='ocrx_word' id='word_1_281' title='bbox 428 1473 508 1510; x_wconf 87' lang='grc' dir='ltr'>ἦσαν,</span> <span class='ocrx_word' id='word_1_282' title='bbox 520 1475 557 1507; x_wconf 83' lang='grc' dir='ltr'>ὡς</span> <span class='ocrx_word' id='word_1_283' title='bbox 576 1476 677 1508; x_wconf 75' lang='grc' dir='ltr'>παντὸς</span> <span class='ocrx_word' id='word_1_284' title='bbox 695 1476 800 1510; x_wconf 82' lang='grc' dir='ltr'>ἀγαθοῦ</span> <span class='ocrx_word' id='word_1_285' title='bbox 818 1477 981 1512; x_wconf 71' lang='grc' dir='ltr'>νοσήσαντες</span> 
     </span>
    </p>
   </div>
   <div class='ocr_carea' id='block_1_41' title="bbox 191 1519 976 1558">
    <p class='ocr_par' dir='ltr' id='par_1_41' title="bbox 191 1519 976 1558">
     <span class='ocr_line' id='line_1_41' title="bbox 191 1519 976 1558; baseline 0.004 -13"><span class='ocrx_word' id='word_1_286' title='bbox 191 1519 304 1552; x_wconf 78' lang='grc' dir='ltr'>ἔνδειαν,</span> <span class='ocrx_word' id='word_1_287' title='bbox 318 1519 414 1546; x_wconf 73' lang='grc' dir='ltr'>ἐλπίδα</span> <span class='ocrx_word' id='word_1_288' title='bbox 433 1521 469 1555; x_wconf 79' lang='grc' dir='ltr'>μὴ</span> <span class='ocrx_word' id='word_1_289' title='bbox 482 1520 601 1555; x_wconf 75' lang='grc' dir='ltr'>ἔχοντες,</span> <span class='ocrx_word' id='word_1_290' title='bbox 613 1522 661 1548; x_wconf 80' lang='grc' dir='ltr'>καὶ</span> <span class='ocrx_word' id='word_1_291' title='bbox 676 1521 750 1549; x_wconf 81' lang='grc' dir='ltr'>ἄθεοι</span> <span class='ocrx_word' id='word_1_292' title='bbox 768 1522 798 1548; x_wconf 83' lang='grc' dir='ltr'>ἐν</span> <span class='ocrx_word' id='word_1_293' title='bbox 810 1521 850 1558; x_wconf 84' lang='grc' dir='ltr'>τῷ</span> <span class='ocrx_word' id='word_1_294' title='bbox 868 1522 976 1557; x_wconf 82' lang='grc' dir='ltr'>κόσμῳ,</span> 
     </span>
    </p>
   </div>
   <div class='ocr_carea' id='block_1_42' title="bbox 193 1565 980 1602">
    <p class='ocr_par' dir='ltr' id='par_1_42' title="bbox 193 1565 980 1602">
     <span class='ocr_line' id='line_1_42' title="bbox 193 1565 980 1602; baseline 0.004 -11"><span class='ocrx_word' id='word_1_295' title='bbox 193 1565 226 1592; x_wconf 78' lang='grc' dir='ltr'><strong>Εἰ</strong></span> <span class='ocrx_word' id='word_1_296' title='bbox 242 1565 290 1600; x_wconf 83' lang='grc' dir='ltr'>μὴ,</span> <span class='ocrx_word' id='word_1_297' title='bbox 314 1565 368 1600; x_wconf 83' lang='grc' dir='ltr'>ἄρα</span> <span class='ocrx_word' id='word_1_298' title='bbox 383 1565 446 1598; x_wconf 80' lang='grc' dir='ltr'>τοῖς</span> <span class='ocrx_word' id='word_1_299' title='bbox 460 1566 590 1599; x_wconf 81' lang='grc' dir='ltr'>πτωχοῖς</span> <span class='ocrx_word' id='word_1_300' title='bbox 606 1567 645 1601; x_wconf 84' lang='grc' dir='ltr'><strong>τῷ</strong></span> <span class='ocrx_word' id='word_1_301' title='bbox 662 1567 799 1602; x_wconf 80' lang='grc' dir='ltr'>πνεύματι</span> <span class='ocrx_word' id='word_1_302' title='bbox 813 1567 980 1602; x_wconf 79' lang='grc' dir='ltr'>δεδωρῆσθαι</span> 
     </span>
    </p>
   </div>
   <div class='ocr_carea' id='block_1_43' title="bbox 1068 739 1824 776">
    <p class='ocr_par' dir='ltr' id='par_1_43' title="bbox 1068 739 1824 776">
     <span class='ocr_line' id='line_1_43' title="bbox 1068 739 1824 776; baseline -0.005 -7"><span class='ocrx_word' id='word_1_303' title='bbox 1068 742 1127 770; x_wconf 84' lang='lat' dir='ltr'><strong>Non</strong></span> <span class='ocrx_word' id='word_1_304' title='bbox 1139 742 1237 770; x_wconf 81' lang='lat' dir='ltr'><strong>desunt</strong></span> <span class='ocrx_word' id='word_1_305' title='bbox 1252 747 1354 774; x_wconf 82' lang='lat' dir='ltr'><strong>tamen,</strong></span> <span class='ocrx_word' id='word_1_306' title='bbox 1369 746 1398 769; x_wconf 90' lang='lat' dir='ltr'><strong>ut</strong></span> <span class='ocrx_word' id='word_1_307' title='bbox 1409 742 1514 769; x_wconf 90' lang='lat' dir='ltr'><strong>dictum</strong></span> <span class='ocrx_word' id='word_1_308' title='bbox 1529 745 1582 775; x_wconf 86' lang='lat' dir='ltr'><strong>est,</strong></span> <span class='ocrx_word' id='word_1_309' title='bbox 1594 741 1640 776; x_wconf 89' lang='lat' dir='ltr'><strong>qui</strong></span> <span class='ocrx_word' id='word_1_310' title='bbox 1653 739 1736 774; x_wconf 81' lang='lat' dir='ltr'><strong>quod,</strong></span> <span class='ocrx_word' id='word_1_311' title='bbox 1747 740 1824 766; x_wconf 73' lang='lat' dir='ltr'><strong>unxit</strong></span> 
     </span>
    </p>
   </div>
   <div class='ocr_carea' id='block_1_44' title="bbox 1033 785 1825 822">
    <p class='ocr_par' dir='ltr' id='par_1_44' title="bbox 1033 785 1825 822">
     <span class='ocr_line' id='line_1_44' title="bbox 1033 785 1825 822; baseline -0.005 -6"><span class='ocrx_word' id='word_1_312' title='bbox 1033 798 1085 822; x_wconf 86' lang='lat' dir='ltr'><strong>me,</strong></span> <span class='ocrx_word' id='word_1_313' title='bbox 1102 789 1217 821; x_wconf 75' lang='lat' dir='ltr'><strong>addidit,</strong></span> <span class='ocrx_word' id='word_1_314' title='bbox 1235 789 1267 815; x_wconf 88' lang='lat' dir='ltr'><strong>ad</strong></span> <span class='ocrx_word' id='word_1_315' title='bbox 1285 789 1436 815; x_wconf 89' lang='lat' dir='ltr'><strong>nativitatis</strong></span> <span class='ocrx_word' id='word_1_316' title='bbox 1452 792 1560 822; x_wconf 81' lang='lat' dir='ltr'><strong>tempus</strong></span> <span class='ocrx_word' id='word_1_317' title='bbox 1578 786 1675 814; x_wconf 82' lang='lat' dir='ltr'><strong>referri</strong></span> <span class='ocrx_word' id='word_1_318' title='bbox 1690 785 1825 813; x_wconf 85' lang='lat' dir='ltr'><strong>arbitren-</strong></span> 
     </span>
    </p>
   </div>
   <div class='ocr_carea' id='block_1_45' title="bbox 1033 833 1822 868">
    <p class='ocr_par' dir='ltr' id='par_1_45' title="bbox 1033 833 1822 868">
     <span class='ocr_line' id='line_1_45' title="bbox 1033 833 1822 868; baseline -0.006 -6"><span class='ocrx_word' id='word_1_319' title='bbox 1033 840 1088 863; x_wconf 86' lang='lat' dir='ltr'><strong>tur.</strong></span> <span class='ocrx_word' id='word_1_320' title='bbox 1108 835 1161 863; x_wconf 88' lang='lat' dir='ltr'><strong>Sed</strong></span> <span class='ocrx_word' id='word_1_321' title='bbox 1178 834 1356 862; x_wconf 80' lang='lat' dir='ltr'><strong>manifestum</strong></span> <span class='ocrx_word' id='word_1_322' title='bbox 1370 839 1422 866; x_wconf 84' lang='lat' dir='ltr'><strong>est,</strong></span> <span class='ocrx_word' id='word_1_323' title='bbox 1440 839 1502 868; x_wconf 88' lang='lat' dir='ltr'><strong>post</strong></span> <span class='ocrx_word' id='word_1_324' title='bbox 1516 833 1681 868; x_wconf 87' lang='lat' dir='ltr'><strong>baptismum</strong></span> <span class='ocrx_word' id='word_1_325' title='bbox 1700 835 1822 859; x_wconf 89' lang='lat' dir='ltr'><strong>secutam</strong></span> 
     </span>
    </p>
   </div>
   <div class='ocr_carea' id='block_1_46' title="bbox 1032 878 1823 917">
    <p class='ocr_par' dir='ltr' id='par_1_46' title="bbox 1032 878 1823 917">
     <span class='ocr_line' id='line_1_46' title="bbox 1032 878 1823 917; baseline -0.008 -7"><span class='ocrx_word' id='word_1_326' title='bbox 1032 891 1094 911; x_wconf 80' lang='lat' dir='ltr'><strong>esse</strong></span> <span class='ocrx_word' id='word_1_327' title='bbox 1109 882 1229 910; x_wconf 65' lang='lat' dir='ltr'><strong>caelestis</strong></span> <span class='ocrx_word' id='word_1_328' title='bbox 1241 882 1317 916; x_wconf 74' lang='lat' dir='ltr'><strong>regni</strong></span> <span class='ocrx_word' id='word_1_329' title='bbox 1335 889 1382 917; x_wconf 86' lang='lat' dir='ltr'><strong>per</strong></span> <span class='ocrx_word' id='word_1_330' title='bbox 1393 889 1456 907; x_wconf 89' lang='lat' dir='ltr'><strong>eum</strong></span> <span class='ocrx_word' id='word_1_331' title='bbox 1472 879 1735 915; x_wconf 79' lang='lat' dir='ltr'><strong>promulgationem;</strong></span> <span class='ocrx_word' id='word_1_332' title='bbox 1749 878 1823 913; x_wconf 88' lang='lat' dir='ltr'><strong>quod</strong></span> 
     </span>
    </p>
   </div>
   <div class='ocr_carea' id='block_1_47' title="bbox 1032 925 1826 963">
    <p class='ocr_par' dir='ltr' id='par_1_47' title="bbox 1032 925 1826 963">
     <span class='ocr_line' id='line_1_47' title="bbox 1032 925 1826 963; baseline -0.008 -6"><span class='ocrx_word' id='word_1_333' title='bbox 1032 934 1075 957; x_wconf 89' lang='lat' dir='ltr'><strong>est</strong></span> <span class='ocrx_word' id='word_1_334' title='bbox 1095 929 1254 963; x_wconf 71' lang='lat' dir='ltr'><strong>pauperibus</strong></span> <span class='ocrx_word' id='word_1_335' title='bbox 1269 928 1451 963; x_wconf 74' lang='lat' dir='ltr'><strong>euangelizm&#39;e</strong></span> <span class='ocrx_word' id='word_1_336' title='bbox 1465 935 1473 953; x_wconf 87' lang='lat'><strong><em>:</em></strong></span> <span class='ocrx_word' id='word_1_337' title='bbox 1492 935 1553 955; x_wconf 88' lang='lat' dir='ltr'><strong>esse</strong></span> <span class='ocrx_word' id='word_1_338' title='bbox 1573 926 1689 961; x_wconf 88' lang='lat' dir='ltr'><strong>denique</strong></span> <span class='ocrx_word' id='word_1_339' title='bbox 1705 925 1826 953; x_wconf 83' lang='lat' dir='ltr'><strong>beatitu-</strong></span> 
     </span>
    </p>
   </div>
   <div class='ocr_carea' id='block_1_48' title="bbox 1032 971 1825 1010">
    <p class='ocr_par' dir='ltr' id='par_1_48' title="bbox 1032 971 1825 1010">
     <span class='ocr_line' id='line_1_48' title="bbox 1032 971 1825 1010; baseline -0.004 -8"><span class='ocrx_word' id='word_1_340' title='bbox 1032 976 1127 1003; x_wconf 88' lang='lat' dir='ltr'><strong>dinum</strong></span> <span class='ocrx_word' id='word_1_341' title='bbox 1151 982 1251 1010; x_wconf 80' lang='lat' dir='ltr'><strong>genera</strong></span> <span class='ocrx_word' id='word_1_342' title='bbox 1268 975 1303 1002; x_wconf 87' lang='lat' dir='ltr'><strong>ab</strong></span> <span class='ocrx_word' id='word_1_343' title='bbox 1325 975 1385 1008; x_wconf 80' lang='lat' dir='ltr'><strong>ipso</strong></span> <span class='ocrx_word' id='word_1_344' title='bbox 1413 973 1559 1008; x_wconf 78' lang='lat' dir='ltr'><strong>explicata.</strong></span> <span class='ocrx_word' id='word_1_345' title='bbox 1582 971 1702 999; x_wconf 81' lang='lat' dir='ltr'><strong>Sanabat</strong></span> <span class='ocrx_word' id='word_1_346' title='bbox 1725 971 1825 999; x_wconf 81' lang='lat' dir='ltr'><strong>deinde</strong></span> 
     </span>
    </p>
   </div>
   <div class='ocr_carea' id='block_1_49' title="bbox 1032 1015 1823 1053">
    <p class='ocr_par' dir='ltr' id='par_1_49' title="bbox 1032 1015 1823 1053">
     <span class='ocr_line' id='line_1_49' title="bbox 1032 1015 1823 1053; baseline -0.006 -6"><span class='ocrx_word' id='word_1_347' title='bbox 1032 1020 1160 1047; x_wconf 81' lang='lat' dir='ltr'><strong>contritas</strong></span> <span class='ocrx_word' id='word_1_348' title='bbox 1189 1022 1279 1051; x_wconf 85' lang='lat' dir='ltr'><strong>corde,</strong></span> <span class='ocrx_word' id='word_1_349' title='bbox 1310 1020 1422 1046; x_wconf 88' lang='lat' dir='ltr'><strong>admoto</strong></span> <span class='ocrx_word' id='word_1_350' title='bbox 1448 1017 1663 1053; x_wconf 84' lang='lat' dir='ltr'><strong>promissionum</strong></span> <span class='ocrx_word' id='word_1_351' title='bbox 1689 1015 1823 1048; x_wconf 87' lang='lat' dir='ltr'><strong>remedio,</strong></span> 
     </span>
    </p>
   </div>
   <div class='ocr_carea' id='block_1_50' title="bbox 1032 1062 1822 1100">
    <p class='ocr_par' dir='ltr' id='par_1_50' title="bbox 1032 1062 1822 1100">
     <span class='ocr_line' id='line_1_50' title="bbox 1032 1062 1822 1100; baseline -0.006 -6"><span class='ocrx_word' id='word_1_352' title='bbox 1032 1074 1094 1094; x_wconf 85' lang='lat' dir='ltr'><strong>cum</strong></span> <span class='ocrx_word' id='word_1_353' title='bbox 1124 1067 1221 1094; x_wconf 87' lang='lat' dir='ltr'><strong>beatos</strong></span> <span class='ocrx_word' id='word_1_354' title='bbox 1241 1066 1287 1100; x_wconf 89' lang='lat' dir='ltr'><strong>qui</strong></span> <span class='ocrx_word' id='word_1_355' title='bbox 1307 1065 1443 1100; x_wconf 75' lang='lat' dir='ltr'><strong>lugerent,</strong></span> <span class='ocrx_word' id='word_1_356' title='bbox 1465 1071 1528 1092; x_wconf 84' lang='lat' dir='ltr'><strong>esse</strong></span> <span class='ocrx_word' id='word_1_357' title='bbox 1549 1064 1672 1096; x_wconf 82' lang='lat' dir='ltr'><strong>doceret,</strong></span> <span class='ocrx_word' id='word_1_358' title='bbox 1693 1062 1822 1098; x_wconf 83' lang='lat' dir='ltr'><strong>quoniam</strong></span> 
     </span>
    </p>
   </div>
   <div class='ocr_carea' id='block_1_51' title="bbox 1031 1107 1825 1144">
    <p class='ocr_par' dir='ltr' id='par_1_51' title="bbox 1031 1107 1825 1144">
     <span class='ocr_line' id='line_1_51' title="bbox 1031 1107 1825 1144; baseline -0.008 -4"><span class='ocrx_word' id='word_1_359' title='bbox 1031 1113 1248 1140; x_wconf 84' lang='lat' dir='ltr'><strong>consolationem</strong></span> <span class='ocrx_word' id='word_1_360' title='bbox 1262 1117 1355 1139; x_wconf 78' lang='lat' dir='ltr'><strong>essent</strong></span> <span class='ocrx_word' id='word_1_361' title='bbox 1370 1111 1495 1142; x_wconf 78' lang='lat' dir='ltr'><strong>nacturi;</strong></span> <span class='ocrx_word' id='word_1_362' title='bbox 1515 1110 1608 1137; x_wconf 87' lang='lat' dir='ltr'><strong>beatos</strong></span> <span class='ocrx_word' id='word_1_363' title='bbox 1625 1109 1688 1137; x_wconf 89' lang='lat' dir='ltr'><strong>item</strong></span> <span class='ocrx_word' id='word_1_364' title='bbox 1705 1109 1752 1144; x_wconf 88' lang='lat' dir='ltr'><strong>qui</strong></span> <span class='ocrx_word' id='word_1_365' title='bbox 1775 1107 1825 1134; x_wconf 80' lang='lat' dir='ltr'><strong>[le-</strong></span> 
     </span>
    </p>
   </div>
   <div class='ocr_carea' id='block_1_52' title="bbox 1032 1154 1823 1193">
    <p class='ocr_par' dir='ltr' id='par_1_52' title="bbox 1032 1154 1823 1193">
     <span class='ocr_line' id='line_1_52' title="bbox 1032 1154 1823 1193; baseline -0.008 -7"><span class='ocrx_word' id='word_1_366' title='bbox 1032 1164 1104 1191; x_wconf 88' lang='lat' dir='ltr'><strong>rent,</strong></span> <span class='ocrx_word' id='word_1_367' title='bbox 1123 1158 1252 1193; x_wconf 92' lang='lat' dir='ltr'><strong>quoniam</strong></span> <span class='ocrx_word' id='word_1_368' title='bbox 1272 1157 1357 1185; x_wconf 88' lang='lat' dir='ltr'><strong>risuri</strong></span> <span class='ocrx_word' id='word_1_369' title='bbox 1376 1158 1409 1184; x_wconf 68' lang='lat'><strong>7‘.</strong></span> <span class='ocrx_word' id='word_1_370' title='bbox 1427 1156 1562 1184; x_wconf 84' lang='lat' dir='ltr'><strong>Gentibus</strong></span> <span class='ocrx_word' id='word_1_371' title='bbox 1584 1159 1729 1190; x_wconf 61' lang='lat' dir='ltr'><strong>prmterea,</strong></span> <span class='ocrx_word' id='word_1_372' title='bbox 1746 1154 1791 1189; x_wconf 91' lang='lat' dir='ltr'><strong>qui</strong></span> <span class='ocrx_word' id='word_1_373' title='bbox 1807 1161 1823 1181; x_wconf 85' lang='lat' dir='ltr'><strong>a</strong></span> 
     </span>
    </p>
   </div>
   <div class='ocr_carea' id='block_1_53' title="bbox 1032 1201 1807 1239">
    <p class='ocr_par' dir='ltr' id='par_1_53' title="bbox 1032 1201 1807 1239">
     <span class='ocr_line' id='line_1_53' title="bbox 1032 1201 1807 1239; baseline -0.008 -7"><span class='ocrx_word' id='word_1_374' title='bbox 1032 1205 1203 1233; x_wconf 81' lang='lat' dir='ltr'><strong>daemonibus</strong></span> <span class='ocrx_word' id='word_1_375' title='bbox 1224 1205 1324 1239; x_wconf 83' lang='lat' dir='ltr'><strong>captivi</strong></span> <span class='ocrx_word' id='word_1_376' title='bbox 1341 1203 1547 1234; x_wconf 79' lang='lat' dir='ltr'><strong>detinebantur,</strong></span> <span class='ocrx_word' id='word_1_377' title='bbox 1565 1201 1755 1229; x_wconf 84' lang='lat' dir='ltr'><strong>dimissionem</strong></span> <span class='ocrx_word' id='word_1_378' title='bbox 1773 1207 1807 1226; x_wconf 88' lang='lat' dir='ltr'><strong>an</strong></span> 
     </span>
    </p>
   </div>
   <div class='ocr_carea' id='block_1_54' title="bbox 1033 1248 1824 1284">
    <p class='ocr_par' dir='ltr' id='par_1_54' title="bbox 1033 1248 1824 1284">
     <span class='ocr_line' id='line_1_54' title="bbox 1033 1248 1824 1284; baseline -0.008 -7"><span class='ocrx_word' id='word_1_379' title='bbox 1033 1250 1159 1283; x_wconf 77' lang='lat' dir='ltr'><strong>nuntiat;</strong></span> <span class='ocrx_word' id='word_1_380' title='bbox 1174 1257 1236 1277; x_wconf 85' lang='lat' dir='ltr'><strong>cum</strong></span> <span class='ocrx_word' id='word_1_381' title='bbox 1246 1249 1399 1284; x_wconf 86' lang='lat' dir='ltr'><strong>discipulos</strong></span> <span class='ocrx_word' id='word_1_382' title='bbox 1410 1249 1565 1284; x_wconf 86' lang='lat' dir='ltr'><strong>alloquens,</strong></span> <span class='ocrx_word' id='word_1_383' title='bbox 1576 1248 1609 1275; x_wconf 91' lang='lat' dir='ltr'><strong>ad</strong></span> <span class='ocrx_word' id='word_1_384' title='bbox 1622 1251 1717 1282; x_wconf 70' lang='lat' dir='ltr'><strong>gentes</strong></span> <span class='ocrx_word' id='word_1_385' title='bbox 1728 1252 1824 1273; x_wconf 88' lang='lat' dir='ltr'><strong>omnes</strong></span> 
     </span>
    </p>
   </div>
   <div class='ocr_carea' id='block_1_55' title="bbox 1034 1290 1823 1328">
    <p class='ocr_par' dir='ltr' id='par_1_55' title="bbox 1034 1290 1823 1328">
     <span class='ocr_line' id='line_1_55' title="bbox 1034 1290 1823 1328; baseline -0.008 -7"><span class='ocrx_word' id='word_1_386' title='bbox 1034 1294 1182 1328; x_wconf 87' lang='lat' dir='ltr'><strong>proﬁcisci,</strong></span> <span class='ocrx_word' id='word_1_387' title='bbox 1201 1293 1283 1328; x_wconf 81' lang='lat'><strong>700</strong></span> <span class='ocrx_word' id='word_1_388' title='bbox 1306 1300 1410 1327; x_wconf 89' lang='lat' dir='ltr'><strong>easque</strong></span> <span class='ocrx_word' id='word_1_389' title='bbox 1430 1292 1541 1324; x_wconf 88' lang='lat' dir='ltr'><strong>docere,</strong></span> <span class='ocrx_word' id='word_1_390' title='bbox 1564 1296 1592 1319; x_wconf 84' lang='lat' dir='ltr'><strong>et</strong></span> <span class='ocrx_word' id='word_1_391' title='bbox 1619 1290 1770 1325; x_wconf 81' lang='lat' dir='ltr'><strong>baptizare,</strong></span> <span class='ocrx_word' id='word_1_392' title='bbox 1796 1290 1823 1315; x_wconf 92' lang='lat' dir='ltr'><strong>in</strong></span> 
     </span>
    </p>
   </div>
   <div class='ocr_carea' id='block_1_56' title="bbox 1032 1335 1824 1374">
    <p class='ocr_par' dir='ltr' id='par_1_56' title="bbox 1032 1335 1824 1374">
     <span class='ocr_line' id='line_1_56' title="bbox 1032 1335 1824 1374; baseline -0.009 -6"><span class='ocrx_word' id='word_1_393' title='bbox 1032 1340 1224 1368; x_wconf 87' lang='lat' dir='ltr'><strong>remissionem</strong></span> <span class='ocrx_word' id='word_1_394' title='bbox 1253 1342 1429 1374; x_wconf 85' lang='lat' dir='ltr'><strong>peccatorum</strong></span> <span class='ocrx_word' id='word_1_395' title='bbox 1449 1337 1587 1369; x_wconf 82' lang='lat' dir='ltr'><strong>videlicet,</strong></span> <span class='ocrx_word' id='word_1_396' title='bbox 1614 1335 1760 1371; x_wconf 82' lang='lat' dir='ltr'><strong>imperavit</strong></span> <span class='ocrx_word' id='word_1_397' title='bbox 1784 1335 1824 1366; x_wconf 86' lang='lat'><strong>&quot;;</strong></span> 
     </span>
    </p>
   </div>
   <div class='ocr_carea' id='block_1_57' title="bbox 1031 1382 1822 1421">
    <p class='ocr_par' dir='ltr' id='par_1_57' title="bbox 1031 1382 1822 1421">
     <span class='ocr_line' id='line_1_57' title="bbox 1031 1382 1822 1421; baseline -0.005 -9"><span class='ocrx_word' id='word_1_398' title='bbox 1031 1393 1093 1421; x_wconf 70' lang='lat' dir='ltr'><strong>qum</strong></span> <span class='ocrx_word' id='word_1_399' title='bbox 1112 1386 1215 1412; x_wconf 89' lang='lat' dir='ltr'><strong>dudqu</strong></span> <span class='ocrx_word' id='word_1_400' title='bbox 1229 1385 1354 1412; x_wconf 83' lang='lat' dir='ltr'><strong>caecitate</strong></span> <span class='ocrx_word' id='word_1_401' title='bbox 1372 1385 1541 1417; x_wconf 82' lang='lat' dir='ltr'><strong>laborantes,</strong></span> <span class='ocrx_word' id='word_1_402' title='bbox 1561 1387 1591 1410; x_wconf 95' lang='lat' dir='ltr'><strong>ut</strong></span> <span class='ocrx_word' id='word_1_403' title='bbox 1612 1390 1690 1410; x_wconf 63' lang='lat' dir='ltr'><strong>vanae</strong></span> <span class='ocrx_word' id='word_1_404' title='bbox 1707 1382 1822 1410; x_wconf 90' lang='lat' dir='ltr'><strong>deorum</strong></span> 
     </span>
    </p>
   </div>
   <div class='ocr_carea' id='block_1_58' title="bbox 1032 1427 1825 1463">
    <p class='ocr_par' dir='ltr' id='par_1_58' title="bbox 1032 1427 1825 1463">
     <span class='ocr_line' id='line_1_58' title="bbox 1032 1427 1825 1463; baseline -0.006 -5"><span class='ocrx_word' id='word_1_405' title='bbox 1032 1430 1201 1458; x_wconf 84' lang='lat' dir='ltr'><strong>multitudini</strong></span> <span class='ocrx_word' id='word_1_406' title='bbox 1225 1429 1392 1457; x_wconf 82' lang='lat' dir='ltr'><strong>serviebant.</strong></span> <span class='ocrx_word' id='word_1_407' title='bbox 1408 1428 1468 1463; x_wconf 85' lang='lat' dir='ltr'><strong>Quo</strong></span> <span class='ocrx_word' id='word_1_408' title='bbox 1492 1429 1595 1456; x_wconf 74' lang='lat' dir='ltr'><strong>factum</strong></span> <span class='ocrx_word' id='word_1_409' title='bbox 1609 1431 1663 1460; x_wconf 87' lang='lat' dir='ltr'><strong>est,</strong></span> <span class='ocrx_word' id='word_1_410' title='bbox 1678 1431 1708 1454; x_wconf 90' lang='lat' dir='ltr'><strong>ut</strong></span> <span class='ocrx_word' id='word_1_411' title='bbox 1725 1427 1754 1454; x_wconf 93' lang='lat' dir='ltr'><strong>in</strong></span> <span class='ocrx_word' id='word_1_412' title='bbox 1778 1435 1825 1454; x_wconf 89' lang='lat' dir='ltr'><strong>su-</strong></span> 
     </span>
    </p>
   </div>
   <div class='ocr_carea' id='block_1_59' title="bbox 1031 1474 1825 1512">
    <p class='ocr_par' dir='ltr' id='par_1_59' title="bbox 1031 1474 1825 1512">
     <span class='ocr_line' id='line_1_59' title="bbox 1031 1474 1825 1512; baseline -0.008 -7"><span class='ocrx_word' id='word_1_413' title='bbox 1031 1477 1198 1512; x_wconf 87' lang='lat' dir='ltr'><strong>perioribus,</strong></span> <span class='ocrx_word' id='word_1_414' title='bbox 1215 1483 1276 1503; x_wconf 89' lang='lat' dir='ltr'><strong>eum</strong></span> <span class='ocrx_word' id='word_1_415' title='bbox 1294 1483 1324 1504; x_wconf 88' lang='lat' dir='ltr'><strong>se</strong></span> <span class='ocrx_word' id='word_1_416' title='bbox 1337 1476 1364 1503; x_wconf 92' lang='lat' dir='ltr'><strong>in</strong></span> <span class='ocrx_word' id='word_1_417' title='bbox 1384 1475 1473 1502; x_wconf 88' lang='lat' dir='ltr'><strong>lucem</strong></span> <span class='ocrx_word' id='word_1_418' title='bbox 1498 1475 1618 1509; x_wconf 80' lang='lat' dir='ltr'><strong>gentium</strong></span> <span class='ocrx_word' id='word_1_419' title='bbox 1635 1474 1771 1509; x_wconf 87' lang='lat' dir='ltr'><strong>posuisse,</strong></span> <span class='ocrx_word' id='word_1_420' title='bbox 1796 1477 1825 1500; x_wconf 85' lang='lat' dir='ltr'><strong>ut</strong></span> 
     </span>
    </p>
   </div>
   <div class='ocr_carea' id='block_1_60' title="bbox 1032 1519 1825 1557">
    <p class='ocr_par' dir='ltr' id='par_1_60' title="bbox 1032 1519 1825 1557">
     <span class='ocr_line' id='line_1_60' title="bbox 1032 1519 1825 1557; baseline -0.008 -6"><span class='ocrx_word' id='word_1_421' title='bbox 1032 1523 1127 1551; x_wconf 85' lang='lat' dir='ltr'><strong>oeulos</strong></span> <span class='ocrx_word' id='word_1_422' title='bbox 1141 1522 1222 1550; x_wconf 65' lang='lat' dir='ltr'><strong>caecis</strong></span> <span class='ocrx_word' id='word_1_423' title='bbox 1239 1522 1376 1557; x_wconf 84' lang='lat' dir='ltr'><strong>aperiret,</strong></span> <span class='ocrx_word' id='word_1_424' title='bbox 1400 1526 1427 1548; x_wconf 95' lang='lat' dir='ltr'><strong>ut</strong></span> <span class='ocrx_word' id='word_1_425' title='bbox 1448 1521 1482 1548; x_wconf 86' lang='lat' dir='ltr'><strong>de</strong></span> <span class='ocrx_word' id='word_1_426' title='bbox 1497 1520 1614 1547; x_wconf 77' lang='lat' dir='ltr'><strong>vinculis</strong></span> <span class='ocrx_word' id='word_1_427' title='bbox 1629 1527 1677 1547; x_wconf 89' lang='lat' dir='ltr'><strong>eos</strong></span> <span class='ocrx_word' id='word_1_428' title='bbox 1687 1519 1825 1550; x_wconf 82' lang='lat' dir='ltr'><strong>educeret,</strong></span> 
     </span>
    </p>
   </div>
   <div class='ocr_carea' id='block_1_61' title="bbox 1031 1565 1824 1604">
    <p class='ocr_par' dir='ltr' id='par_1_61' title="bbox 1031 1565 1824 1604">
     <span class='ocr_line' id='line_1_61' title="bbox 1031 1565 1824 1604; baseline -0.006 -8"><span class='ocrx_word' id='word_1_429' title='bbox 1031 1569 1079 1604; x_wconf 89' lang='lat' dir='ltr'><strong>qui</strong></span> <span class='ocrx_word' id='word_1_430' title='bbox 1104 1569 1132 1596; x_wconf 93' lang='lat' dir='ltr'><strong>in</strong></span> <span class='ocrx_word' id='word_1_431' title='bbox 1166 1568 1235 1603; x_wconf 84' lang='lat' dir='ltr'><strong>ipsis</strong></span> <span class='ocrx_word' id='word_1_432' title='bbox 1257 1573 1348 1596; x_wconf 85' lang='lat' dir='ltr'><strong>essent</strong></span> <span class='ocrx_word' id='word_1_433' title='bbox 1376 1566 1537 1599; x_wconf 87' lang='lat' dir='ltr'><strong>constricti,</strong></span> <span class='ocrx_word' id='word_1_434' title='bbox 1569 1565 1650 1593; x_wconf 87' lang='lat' dir='ltr'><strong>Pater</strong></span> <span class='ocrx_word' id='word_1_435' title='bbox 1666 1565 1824 1592; x_wconf 76' lang='lat' dir='ltr'><strong>aiiirmaret.</strong></span> 
     </span>
    </p>
   </div>
   <div class='ocr_carea' id='block_1_62' title="bbox 191 1610 981 1649">
    <p class='ocr_par' dir='ltr' id='par_1_62' title="bbox 191 1611 981 1649">
     <span class='ocr_line' id='line_1_62' title="bbox 191 1611 981 1649; baseline 0.004 -12"><span class='ocrx_word' id='word_1_436' title='bbox 191 1620 258 1647; x_wconf 84' lang='grc' dir='ltr'>φησι</span> <span class='ocrx_word' id='word_1_437' title='bbox 281 1611 337 1637; x_wconf 84' lang='grc' dir='ltr'><strong>τῶν</strong></span> <span class='ocrx_word' id='word_1_438' title='bbox 361 1611 397 1637; x_wconf 83' lang='grc' dir='ltr'>δι’</span> <span class='ocrx_word' id='word_1_439' title='bbox 417 1611 501 1638; x_wconf 75' lang='grc' dir='ltr'>αὐτοῦ</span> <span class='ocrx_word' id='word_1_440' title='bbox 525 1612 706 1648; x_wconf 82' lang='grc' dir='ltr'>χαρισμάτων</span> <span class='ocrx_word' id='word_1_441' title='bbox 721 1613 771 1648; x_wconf 81' lang='grc' dir='ltr'><strong>τὴν</strong></span> <span class='ocrx_word' id='word_1_442' title='bbox 784 1613 900 1647; x_wconf 66' lang='grc' dir='ltr'>ἄφθονον</span> <span class='ocrx_word' id='word_1_443' title='bbox 918 1622 981 1649; x_wconf 80' lang='grc' dir='ltr'>χορ-</span> 
     </span>
    </p>
   </div>
   <div class='ocr_carea' id='block_1_63' title="bbox 1034 1610 1826 1649">
    <p class='ocr_par' dir='ltr' id='par_1_63' title="bbox 1035 1610 1826 1647">
     <span class='ocr_line' id='line_1_63' title="bbox 1035 1610 1826 1647; baseline -0.006 -6"><span class='ocrx_word' id='word_1_444' title='bbox 1035 1613 1120 1641; x_wconf 89' lang='lat' dir='ltr'><strong>Erant</strong></span> <span class='ocrx_word' id='word_1_445' title='bbox 1135 1621 1200 1640; x_wconf 79' lang='lat' dir='ltr'><strong>vero</strong></span> <span class='ocrx_word' id='word_1_446' title='bbox 1213 1618 1239 1640; x_wconf 78' lang='lat' dir='ltr'><strong>et</strong></span> <span class='ocrx_word' id='word_1_447' title='bbox 1252 1620 1391 1647; x_wconf 76' lang='lat' dir='ltr'><strong>pauperes,</strong></span> <span class='ocrx_word' id='word_1_448' title='bbox 1403 1612 1451 1647; x_wconf 91' lang='lat' dir='ltr'><strong>qui</strong></span> <span class='ocrx_word' id='word_1_449' title='bbox 1469 1612 1605 1638; x_wconf 92' lang='lat' dir='ltr'><strong>bonorum</strong></span> <span class='ocrx_word' id='word_1_450' title='bbox 1629 1610 1753 1638; x_wconf 90' lang='lat' dir='ltr'><strong>omnium</strong></span> <span class='ocrx_word' id='word_1_451' title='bbox 1780 1617 1826 1644; x_wconf 86' lang='lat' dir='ltr'><strong>pe-</strong></span> 
     </span>
    </p>
   </div>
   <div class='ocr_carea' id='block_1_64' title="bbox 190 1656 984 1694">
    <p class='ocr_par' dir='ltr' id='par_1_64' title="bbox 190 1656 984 1694">
     <span class='ocr_line' id='line_1_64' title="bbox 190 1656 984 1694; baseline 0.003 -12"><span class='ocrx_word' id='word_1_452' title='bbox 190 1656 281 1692; x_wconf 86' lang='grc' dir='ltr'>ηγίαν.</span> <span class='ocrx_word' id='word_1_453' title='bbox 295 1656 570 1691; x_wconf 79' lang='grc' dir='ltr'>Συντετριμμένους</span> <span class='ocrx_word' id='word_1_454' title='bbox 582 1657 610 1684; x_wconf 73' lang='grc' dir='ltr'><strong>δὲ</strong></span> <span class='ocrx_word' id='word_1_455' title='bbox 631 1657 719 1689; x_wconf 77' lang='grc' dir='ltr'>ἄλλως</span> <span class='ocrx_word' id='word_1_456' title='bbox 738 1658 801 1690; x_wconf 82' lang='grc' dir='ltr'>τοὺς</span> <span class='ocrx_word' id='word_1_457' title='bbox 818 1658 919 1693; x_wconf 85' lang='grc' dir='ltr'>ἀσθενῆ</span> <span class='ocrx_word' id='word_1_458' title='bbox 933 1659 984 1694; x_wconf 82' lang='grc' dir='ltr'>τὴν</span> 
     </span>
    </p>
   </div>
   <div class='ocr_carea' id='block_1_65' title="bbox 190 1703 984 1739">
    <p class='ocr_par' dir='ltr' id='par_1_65' title="bbox 190 1703 984 1739">
     <span class='ocr_line' id='line_1_65' title="bbox 190 1703 984 1739; baseline 0.003 -10"><span class='ocrx_word' id='word_1_459' title='bbox 190 1703 318 1737; x_wconf 74' lang='grc' dir='ltr'>καρδίαν</span> <span class='ocrx_word' id='word_1_460' title='bbox 341 1703 388 1730; x_wconf 78' lang='grc' dir='ltr'>καὶ</span> <span class='ocrx_word' id='word_1_461' title='bbox 412 1703 609 1739; x_wconf 81' lang='grc' dir='ltr'>εὑδιάορυπτον</span> <span class='ocrx_word' id='word_1_462' title='bbox 627 1704 750 1739; x_wconf 78' lang='grc' dir='ltr'>ἔχοντας,</span> <span class='ocrx_word' id='word_1_463' title='bbox 770 1705 809 1736; x_wconf 80' lang='grc' dir='ltr'>ὼς</span> <span class='ocrx_word' id='word_1_464' title='bbox 823 1704 984 1739; x_wconf 83' lang='grc' dir='ltr'>ἀντιστῆναι</span> 
     </span>
    </p>
   </div>
   <div class='ocr_carea' id='block_1_66' title="bbox 191 1749 983 1786">
    <p class='ocr_par' dir='ltr' id='par_1_66' title="bbox 191 1749 983 1786">
     <span class='ocr_line' id='line_1_66' title="bbox 191 1749 983 1786; baseline 0.003 -11"><span class='ocrx_word' id='word_1_465' title='bbox 191 1750 229 1785; x_wconf 86' lang='grc' dir='ltr'><strong>μὴ</strong></span> <span class='ocrx_word' id='word_1_466' title='bbox 243 1749 374 1776; x_wconf 66' lang='grc' dir='ltr'>δύνασθαι</span> <span class='ocrx_word' id='word_1_467' title='bbox 387 1752 447 1782; x_wconf 76' lang='grc' dir='ltr'>ταῖς</span> <span class='ocrx_word' id='word_1_468' title='bbox 462 1751 517 1778; x_wconf 84' lang='grc' dir='ltr'><strong>τῶν</strong></span> <span class='ocrx_word' id='word_1_469' title='bbox 533 1750 628 1777; x_wconf 84' lang='grc' dir='ltr'>παθῶν</span> <span class='ocrx_word' id='word_1_470' title='bbox 644 1750 819 1786; x_wconf 75' lang='grc' dir='ltr'>προσϐολαῖς,</span> <span class='ocrx_word' id='word_1_471' title='bbox 835 1750 983 1785; x_wconf 77' lang='grc' dir='ltr'><strong>αἰχμαλώ-</strong></span> 
     </span>
    </p>
   </div>
   <div class='ocr_carea' id='block_1_67' title="bbox 189 1796 984 1832">
    <p class='ocr_par' dir='ltr' id='par_1_67' title="bbox 189 1796 984 1832">
     <span class='ocr_line' id='line_1_67' title="bbox 189 1796 984 1832; baseline 0.003 -10"><span class='ocrx_word' id='word_1_472' title='bbox 189 1804 248 1822; x_wconf 86' lang='grc' dir='ltr'><strong>των</strong></span> <span class='ocrx_word' id='word_1_473' title='bbox 271 1796 299 1822; x_wconf 78' lang='grc' dir='ltr'>δὲ</span> <span class='ocrx_word' id='word_1_474' title='bbox 323 1796 401 1832; x_wconf 76' lang='grc' dir='ltr'>δίκην</span> <span class='ocrx_word' id='word_1_475' title='bbox 417 1797 523 1829; x_wconf 74' lang='grc' dir='ltr'>τούτοις</span> <span class='ocrx_word' id='word_1_476' title='bbox 542 1796 718 1827; x_wconf 72' lang='grc' dir='ltr'>δουλεύοντας</span> <span class='ocrx_word' id='word_1_477' title='bbox 729 1804 736 1811; x_wconf 95' lang='grc'><strong>·</strong></span> <span class='ocrx_word' id='word_1_478' title='bbox 759 1797 874 1831; x_wconf 81' lang='grc' dir='ltr'>ἁρμόσει</span> <span class='ocrx_word' id='word_1_479' title='bbox 890 1796 919 1824; x_wconf 82' lang='grc' dir='ltr'><strong>δὲ</strong></span> <span class='ocrx_word' id='word_1_480' title='bbox 936 1797 984 1824; x_wconf 73' lang='grc' dir='ltr'><strong>καὶ</strong></span> 
     </span>
    </p>
   </div>
   <div class='ocr_carea' id='block_1_68' title="bbox 188 1840 984 1878">
    <p class='ocr_par' dir='ltr' id='par_1_68' title="bbox 188 1840 984 1878">
     <span class='ocr_line' id='line_1_68' title="bbox 188 1840 984 1878; baseline 0.004 -11"><span class='ocrx_word' id='word_1_481' title='bbox 188 1843 246 1873; x_wconf 83' lang='grc' dir='ltr'>τοῖς</span> <span class='ocrx_word' id='word_1_482' title='bbox 270 1841 300 1874; x_wconf 73' lang='grc' dir='ltr'>ἐξ</span> <span class='ocrx_word' id='word_1_483' title='bbox 319 1842 430 1878; x_wconf 82' lang='grc' dir='ltr'>Ἰσραὴλ</span> <span class='ocrx_word' id='word_1_484' title='bbox 455 1843 489 1869; x_wconf 80' lang='grc' dir='ltr'>τὰ</span> <span class='ocrx_word' id='word_1_485' title='bbox 505 1842 649 1877; x_wconf 79' lang='grc' dir='ltr'>λεγόμενα.</span> <span class='ocrx_word' id='word_1_486' title='bbox 673 1843 710 1869; x_wconf 80' lang='grc' dir='ltr'>Οὐ</span> <span class='ocrx_word' id='word_1_487' title='bbox 726 1842 780 1878; x_wconf 84' lang='grc' dir='ltr'>γὰρ</span> <span class='ocrx_word' id='word_1_488' title='bbox 799 1840 833 1877; x_wconf 79' lang='grc' dir='ltr'>ἦν</span> <span class='ocrx_word' id='word_1_489' title='bbox 847 1842 893 1869; x_wconf 77' lang='grc' dir='ltr'><strong>ἐπὶ</strong></span> <span class='ocrx_word' id='word_1_490' title='bbox 907 1843 959 1877; x_wconf 83' lang='grc' dir='ltr'><strong>γῆς</strong></span> <span class='ocrx_word' id='word_1_491' title='bbox 970 1844 984 1870; x_wconf 80' lang='grc' dir='ltr'><strong><em>ὁ</em></strong></span> 
     </span>
    </p>
   </div>
   <div class='ocr_carea' id='block_1_69' title="bbox 190 1887 984 1924">
    <p class='ocr_par' dir='ltr' id='par_1_69' title="bbox 190 1887 984 1924">
     <span class='ocr_line' id='line_1_69' title="bbox 190 1887 984 1924; baseline 0.004 -11"><span class='ocrx_word' id='word_1_492' title='bbox 190 1887 275 1914; x_wconf 81' lang='grc' dir='ltr'>ποιῶν</span> <span class='ocrx_word' id='word_1_493' title='bbox 290 1889 478 1923; x_wconf 79' lang='grc' dir='ltr'>χρηστότητα,</span> <span class='ocrx_word' id='word_1_494' title='bbox 494 1889 544 1915; x_wconf 83' lang='grc' dir='ltr'><strong>οὐκ</strong></span> <span class='ocrx_word' id='word_1_495' title='bbox 565 1887 600 1924; x_wconf 86' lang='grc' dir='ltr'>ἦν</span> <span class='ocrx_word' id='word_1_496' title='bbox 610 1909 617 1920; x_wconf 90' lang='grc'><strong>,</strong></span> <span class='ocrx_word' id='word_1_497' title='bbox 633 1889 685 1920; x_wconf 73' lang='grc' dir='ltr'><strong>ἕως</strong></span> <span class='ocrx_word' id='word_1_498' title='bbox 697 1889 766 1921; x_wconf 83' lang='grc' dir='ltr'>ἑνός.</span> <span class='ocrx_word' id='word_1_499' title='bbox 789 1888 894 1916; x_wconf 74' lang='grc' dir='ltr'>Οὐκοῦν</span> <span class='ocrx_word' id='word_1_500' title='bbox 916 1890 984 1916; x_wconf 85' lang='grc' dir='ltr'>πάν-</span> 
     </span>
    </p>
   </div>
   <div class='ocr_carea' id='block_1_70' title="bbox 188 1935 982 1970">
    <p class='ocr_par' dir='ltr' id='par_1_70' title="bbox 188 1935 982 1970">
     <span class='ocr_line' id='line_1_70' title="bbox 188 1935 982 1970; baseline 0.003 -10"><span class='ocrx_word' id='word_1_501' title='bbox 188 1942 234 1965; x_wconf 82' lang='grc' dir='ltr'>τες</span> <span class='ocrx_word' id='word_1_502' title='bbox 263 1935 316 1960; x_wconf 77' lang='grc' dir='ltr'><strong>υἱοὶ</strong></span> <span class='ocrx_word' id='word_1_503' title='bbox 336 1935 434 1966; x_wconf 78' lang='grc' dir='ltr'>νυκτὸς</span> <span class='ocrx_word' id='word_1_504' title='bbox 468 1935 544 1966; x_wconf 75' lang='grc' dir='ltr'>ὄντες</span> <span class='ocrx_word' id='word_1_505' title='bbox 571 1935 619 1961; x_wconf 77' lang='grc' dir='ltr'><strong>καὶ</strong></span> <span class='ocrx_word' id='word_1_506' title='bbox 641 1935 762 1968; x_wconf 78' lang='grc' dir='ltr'>σκότους,</span> <span class='ocrx_word' id='word_1_507' title='bbox 786 1935 875 1969; x_wconf 76' lang='grc' dir='ltr'>φωτὸς</span> <span class='ocrx_word' id='word_1_508' title='bbox 903 1935 982 1970; x_wconf 73' lang='grc' dir='ltr'>γεγό-</span> 
     </span>
    </p>
   </div>
   <div class='ocr_carea' id='block_1_71' title="bbox 188 1979 982 2016">
    <p class='ocr_par' dir='ltr' id='par_1_71' title="bbox 188 1979 982 2016">
     <span class='ocr_line' id='line_1_71' title="bbox 188 1979 982 2016; baseline 0.003 -11"><span class='ocrx_word' id='word_1_509' title='bbox 188 1987 252 2006; x_wconf 80' lang='grc' dir='ltr'>νασι</span> <span class='ocrx_word' id='word_1_510' title='bbox 273 1979 366 2007; x_wconf 81' lang='grc' dir='ltr'>τέκνα,</span> <span class='ocrx_word' id='word_1_511' title='bbox 391 1980 527 2016; x_wconf 80' lang='grc' dir='ltr'>Διηύγασε</span> <span class='ocrx_word' id='word_1_512' title='bbox 562 1981 617 2016; x_wconf 76' lang='grc' dir='ltr'>γὰρ</span> <span class='ocrx_word' id='word_1_513' title='bbox 643 1981 735 2012; x_wconf 79' lang='grc' dir='ltr'>αὐτοῖς</span> <span class='ocrx_word' id='word_1_514' title='bbox 752 1981 768 2015; x_wconf 88' lang='grc' dir='ltr'><strong>ἡ</strong></span> <span class='ocrx_word' id='word_1_515' title='bbox 788 1980 890 2015; x_wconf 81' lang='grc' dir='ltr'>ἡμέρα,</span> <span class='ocrx_word' id='word_1_516' title='bbox 907 1980 954 2007; x_wconf 74' lang='grc' dir='ltr'>καὶ</span> <span class='ocrx_word' id='word_1_517' title='bbox 967 1981 982 2007; x_wconf 86' lang='grc' dir='ltr'><strong>ὸ</strong></span> 
     </span>
    </p>
   </div>
   <div class='ocr_carea' id='block_1_72' title="bbox 187 2024 981 2062">
    <p class='ocr_par' dir='ltr' id='par_1_72' title="bbox 187 2024 981 2062">
     <span class='ocr_line' id='line_1_72' title="bbox 187 2024 981 2062; baseline 0.001 -11"><span class='ocrx_word' id='word_1_518' title='bbox 187 2024 239 2059; x_wconf 79' lang='grc' dir='ltr'><strong>τῆς</strong></span> <span class='ocrx_word' id='word_1_519' title='bbox 251 2025 426 2061; x_wconf 82' lang='grc' dir='ltr'>δικαιοσύνης</span> <span class='ocrx_word' id='word_1_520' title='bbox 447 2026 561 2061; x_wconf 78' lang='grc' dir='ltr'>ἀνέσχεν</span> <span class='ocrx_word' id='word_1_521' title='bbox 577 2025 662 2062; x_wconf 74' lang='grc' dir='ltr'>ἥλιος,</span> <span class='ocrx_word' id='word_1_522' title='bbox 678 2026 726 2053; x_wconf 74' lang='grc' dir='ltr'>καὶ</span> <span class='ocrx_word' id='word_1_523' title='bbox 740 2025 864 2062; x_wconf 78' lang='grc' dir='ltr'>λαμπρὸς</span> <span class='ocrx_word' id='word_1_524' title='bbox 878 2026 981 2053; x_wconf 81' lang='grc' dir='ltr'>ἀνέτει-</span> 
     </span>
    </p>
   </div>
   <div class='ocr_carea' id='block_1_73' title="bbox 188 2069 405 2106">
    <p class='ocr_par' dir='ltr' id='par_1_73' title="bbox 188 2069 405 2106">
     <span class='ocr_line' id='line_1_73' title="bbox 188 2069 405 2106; baseline 0.009 -10"><span class='ocrx_word' id='word_1_525' title='bbox 188 2069 234 2096; x_wconf 82' lang='grc' dir='ltr'><strong>λεν</strong></span> <span class='ocrx_word' id='word_1_526' title='bbox 255 2071 405 2106; x_wconf 70' lang='grc' dir='ltr'>ἑωσφόρος.</span> 
     </span>
    </p>
   </div>
   <div class='ocr_carea' id='block_1_74' title="bbox 1035 1655 1825 1692">
    <p class='ocr_par' dir='ltr' id='par_1_74' title="bbox 1035 1655 1825 1692">
     <span class='ocr_line' id='line_1_74' title="bbox 1035 1655 1825 1692; baseline -0.005 -6"><span class='ocrx_word' id='word_1_527' title='bbox 1035 1659 1117 1687; x_wconf 89' lang='lat' dir='ltr'><strong>nuria</strong></span> <span class='ocrx_word' id='word_1_528' title='bbox 1132 1659 1307 1690; x_wconf 82' lang='lat' dir='ltr'><strong>laborarent;</strong></span> <span class='ocrx_word' id='word_1_529' title='bbox 1325 1657 1372 1692; x_wconf 91' lang='lat' dir='ltr'><strong>qui</strong></span> <span class='ocrx_word' id='word_1_530' title='bbox 1397 1665 1445 1692; x_wconf 85' lang='lat' dir='ltr'><strong>spe</strong></span> <span class='ocrx_word' id='word_1_531' title='bbox 1462 1660 1606 1689; x_wconf 84' lang='lat' dir='ltr'><strong>carerent;</strong></span> <span class='ocrx_word' id='word_1_532' title='bbox 1623 1656 1670 1691; x_wconf 89' lang='lat' dir='ltr'><strong>qui</strong></span> <span class='ocrx_word' id='word_1_533' title='bbox 1695 1655 1779 1683; x_wconf 85' lang='lat' dir='ltr'><strong>Deum</strong></span> <span class='ocrx_word' id='word_1_534' title='bbox 1797 1655 1825 1682; x_wconf 89' lang='lat' dir='ltr'><strong>in</strong></span> 
     </span>
    </p>
   </div>
   <div class='ocr_carea' id='block_1_75' title="bbox 1035 1700 1826 1738">
    <p class='ocr_par' dir='ltr' id='par_1_75' title="bbox 1035 1700 1826 1738">
     <span class='ocr_line' id='line_1_75' title="bbox 1035 1700 1826 1738; baseline -0.008 -6"><span class='ocrx_word' id='word_1_535' title='bbox 1035 1705 1139 1732; x_wconf 91' lang='lat' dir='ltr'><strong>mundo</strong></span> <span class='ocrx_word' id='word_1_536' title='bbox 1158 1712 1215 1731; x_wconf 84' lang='lat' dir='ltr'><strong>non</strong></span> <span class='ocrx_word' id='word_1_537' title='bbox 1231 1707 1424 1738; x_wconf 73' lang='lat' dir='ltr'><strong>agnoscerent.</strong></span> <span class='ocrx_word' id='word_1_538' title='bbox 1442 1701 1490 1729; x_wconf 85' lang='lat' dir='ltr'><strong>Sin</strong></span> <span class='ocrx_word' id='word_1_539' title='bbox 1506 1701 1610 1735; x_wconf 88' lang='lat' dir='ltr'><strong>minus,</strong></span> <span class='ocrx_word' id='word_1_540' title='bbox 1631 1702 1666 1729; x_wconf 88' lang='lat' dir='ltr'><strong>iis</strong></span> <span class='ocrx_word' id='word_1_541' title='bbox 1681 1705 1766 1734; x_wconf 85' lang='lat' dir='ltr'><strong>certe,</strong></span> <span class='ocrx_word' id='word_1_542' title='bbox 1779 1700 1826 1735; x_wconf 88' lang='lat' dir='ltr'><strong>qui</strong></span> 
     </span>
    </p>
   </div>
   <div class='ocr_carea' id='block_1_76' title="bbox 1035 1747 1824 1786">
    <p class='ocr_par' dir='ltr' id='par_1_76' title="bbox 1035 1747 1824 1786">
     <span class='ocr_line' id='line_1_76' title="bbox 1035 1747 1824 1786; baseline -0.005 -9"><span class='ocrx_word' id='word_1_543' title='bbox 1035 1750 1135 1786; x_wconf 84' lang='lat' dir='ltr'><strong>spiritu</strong></span> <span class='ocrx_word' id='word_1_544' title='bbox 1162 1757 1291 1784; x_wconf 76' lang='lat' dir='ltr'><strong>pauperes</strong></span> <span class='ocrx_word' id='word_1_545' title='bbox 1320 1752 1395 1781; x_wconf 83' lang='lat' dir='ltr'><strong>sunt,</strong></span> <span class='ocrx_word' id='word_1_546' title='bbox 1423 1748 1563 1784; x_wconf 79' lang='lat' dir='ltr'><strong>ingentem</strong></span> <span class='ocrx_word' id='word_1_547' title='bbox 1587 1754 1650 1775; x_wconf 86' lang='lat' dir='ltr'><strong>esse</strong></span> <span class='ocrx_word' id='word_1_548' title='bbox 1674 1747 1824 1783; x_wconf 75' lang='lat' dir='ltr'><strong>gratiarum</strong></span> 
     </span>
    </p>
   </div>
   <div class='ocr_carea' id='block_1_77' title="bbox 1035 1793 1825 1831">
    <p class='ocr_par' dir='ltr' id='par_1_77' title="bbox 1035 1793 1825 1831">
     <span class='ocr_line' id='line_1_77' title="bbox 1035 1793 1825 1831; baseline -0.006 -7"><span class='ocrx_word' id='word_1_549' title='bbox 1035 1796 1239 1831; x_wconf 86' lang='lat' dir='ltr'><strong>suppeditatam</strong></span> <span class='ocrx_word' id='word_1_550' title='bbox 1260 1795 1368 1830; x_wconf 88' lang='lat' dir='ltr'><strong>copiam</strong></span> <span class='ocrx_word' id='word_1_551' title='bbox 1397 1794 1555 1829; x_wconf 79' lang='lat' dir='ltr'><strong>signiﬁcat:</strong></span> <span class='ocrx_word' id='word_1_552' title='bbox 1582 1793 1711 1820; x_wconf 73' lang='lat' dir='ltr'><strong>contrito:</strong></span> <span class='ocrx_word' id='word_1_553' title='bbox 1736 1799 1825 1820; x_wconf 87' lang='lat' dir='ltr'><strong>autem</strong></span> 
     </span>
    </p>
   </div>
   <div class='ocr_carea' id='block_1_78' title="bbox 1033 1838 1826 1875">
    <p class='ocr_par' dir='ltr' id='par_1_78' title="bbox 1033 1838 1826 1875">
     <span class='ocr_line' id='line_1_78' title="bbox 1033 1838 1826 1875; baseline -0.003 -7"><span class='ocrx_word' id='word_1_554' title='bbox 1033 1841 1101 1868; x_wconf 85' lang='lat' dir='ltr'><strong>alias</strong></span> <span class='ocrx_word' id='word_1_555' title='bbox 1115 1848 1164 1868; x_wconf 89' lang='lat' dir='ltr'><strong>eos</strong></span> <span class='ocrx_word' id='word_1_556' title='bbox 1175 1841 1261 1875; x_wconf 86' lang='lat' dir='ltr'><strong>ipsos,</strong></span> <span class='ocrx_word' id='word_1_557' title='bbox 1277 1841 1323 1875; x_wconf 85' lang='lat' dir='ltr'><strong>qui</strong></span> <span class='ocrx_word' id='word_1_558' title='bbox 1339 1840 1375 1866; x_wconf 88' lang='lat' dir='ltr'><strong>ita</strong></span> <span class='ocrx_word' id='word_1_559' title='bbox 1390 1839 1468 1867; x_wconf 83' lang='lat' dir='ltr'><strong>corde</strong></span> <span class='ocrx_word' id='word_1_560' title='bbox 1481 1843 1547 1866; x_wconf 85' lang='lat' dir='ltr'><strong>sunt</strong></span> <span class='ocrx_word' id='word_1_561' title='bbox 1563 1838 1701 1866; x_wconf 89' lang='lat' dir='ltr'><strong>itnbecillo</strong></span> <span class='ocrx_word' id='word_1_562' title='bbox 1715 1841 1743 1866; x_wconf 88' lang='lat' dir='ltr'><strong>et</strong></span> <span class='ocrx_word' id='word_1_563' title='bbox 1757 1846 1826 1873; x_wconf 66' lang='lat' dir='ltr'><strong>pra:-</strong></span> 
     </span>
    </p>
   </div>
   <div class='ocr_carea' id='block_1_79' title="bbox 1035 1885 1827 1919">
    <p class='ocr_par' dir='ltr' id='par_1_79' title="bbox 1035 1885 1827 1919">
     <span class='ocr_line' id='line_1_79' title="bbox 1035 1885 1827 1919; baseline -0.004 -5"><span class='ocrx_word' id='word_1_564' title='bbox 1035 1886 1135 1917; x_wconf 80' lang='lat' dir='ltr'><strong>fracto.</strong></span> <span class='ocrx_word' id='word_1_565' title='bbox 1168 1890 1198 1913; x_wconf 92' lang='lat' dir='ltr'><strong>ut</strong></span> <span class='ocrx_word' id='word_1_566' title='bbox 1229 1885 1377 1913; x_wconf 73' lang='lat' dir='ltr'><strong>aﬁectuum</strong></span> <span class='ocrx_word' id='word_1_567' title='bbox 1411 1885 1561 1913; x_wconf 88' lang='lat' dir='ltr'><strong>insultibus</strong></span> <span class='ocrx_word' id='word_1_568' title='bbox 1587 1885 1699 1911; x_wconf 84' lang='lat' dir='ltr'><strong>minime</strong></span> <span class='ocrx_word' id='word_1_569' title='bbox 1724 1889 1827 1919; x_wconf 84' lang='lat' dir='ltr'><strong>queant</strong></span> 
     </span>
    </p>
   </div>
   <div class='ocr_carea' id='block_1_80' title="bbox 1035 1932 1826 1967">
    <p class='ocr_par' dir='ltr' id='par_1_80' title="bbox 1035 1932 1826 1967">
     <span class='ocr_line' id='line_1_80' title="bbox 1035 1932 1826 1967; baseline -0.003 -7"><span class='ocrx_word' id='word_1_570' title='bbox 1035 1933 1184 1964; x_wconf 84' lang='lat' dir='ltr'><strong>obsistere;</strong></span> <span class='ocrx_word' id='word_1_571' title='bbox 1200 1933 1246 1960; x_wconf 87' lang='lat' dir='ltr'><strong>sed</strong></span> <span class='ocrx_word' id='word_1_572' title='bbox 1264 1932 1327 1964; x_wconf 84' lang='lat' dir='ltr'><strong>illis,</strong></span> <span class='ocrx_word' id='word_1_573' title='bbox 1352 1932 1517 1967; x_wconf 77' lang='lat' dir='ltr'><strong>captivorum</strong></span> <span class='ocrx_word' id='word_1_574' title='bbox 1537 1938 1629 1962; x_wconf 87' lang='lat' dir='ltr'><strong>more,</strong></span> <span class='ocrx_word' id='word_1_575' title='bbox 1657 1934 1770 1965; x_wconf 86' lang='lat' dir='ltr'><strong>pareant</strong></span> <span class='ocrx_word' id='word_1_576' title='bbox 1799 1934 1826 1958; x_wconf 78' lang='lat' dir='ltr'><strong>et</strong></span> 
     </span>
    </p>
   </div>
   <div class='ocr_carea' id='block_1_81' title="bbox 1036 1976 1826 2012">
    <p class='ocr_par' dir='ltr' id='par_1_81' title="bbox 1036 1976 1826 2012">
     <span class='ocr_line' id='line_1_81' title="bbox 1036 1976 1826 2012; baseline -0.004 -5"><span class='ocrx_word' id='word_1_577' title='bbox 1036 1979 1211 2007; x_wconf 78' lang='lat' dir='ltr'><strong>famulentur.</strong></span> <span class='ocrx_word' id='word_1_578' title='bbox 1224 1978 1394 2006; x_wconf 74' lang='lat' dir='ltr'><strong>Conveniunt</strong></span> <span class='ocrx_word' id='word_1_579' title='bbox 1407 1985 1473 2005; x_wconf 88' lang='lat' dir='ltr'><strong>vero</strong></span> <span class='ocrx_word' id='word_1_580' title='bbox 1485 1982 1511 2005; x_wconf 86' lang='lat' dir='ltr'><strong>et</strong></span> <span class='ocrx_word' id='word_1_581' title='bbox 1523 1976 1656 2005; x_wconf 89' lang='lat' dir='ltr'><strong>lsraclitis</strong></span> <span class='ocrx_word' id='word_1_582' title='bbox 1670 1977 1753 2004; x_wconf 77' lang='lat' dir='ltr'><strong>etiam</strong></span> <span class='ocrx_word' id='word_1_583' title='bbox 1765 1984 1826 2012; x_wconf 64' lang='lat' dir='ltr'><strong>qua:</strong></span> 
     </span>
    </p>
   </div>
   <div class='ocr_carea' id='block_1_82' title="bbox 1035 2014 1827 2058">
    <p class='ocr_par' dir='ltr' id='par_1_82' title="bbox 1035 2014 1827 2058">
     <span class='ocr_line' id='line_1_82' title="bbox 1035 2014 1827 2058; baseline -0.004 -5"><span class='ocrx_word' id='word_1_584' title='bbox 1035 2025 1176 2053; x_wconf 89' lang='lat' dir='ltr'><strong>dicuntur.</strong></span> <span class='ocrx_word' id='word_1_585' title='bbox 1194 2024 1252 2052; x_wconf 85' lang='lat' dir='ltr'><strong>Non</strong></span> <span class='ocrx_word' id='word_1_586' title='bbox 1270 2025 1342 2052; x_wconf 89' lang='lat' dir='ltr'><strong>enim</strong></span> <span class='ocrx_word' id='word_1_587' title='bbox 1356 2028 1416 2052; x_wconf 90' lang='lat' dir='ltr'><strong>erat</strong></span> <span class='ocrx_word' id='word_1_588' title='bbox 1434 2024 1462 2052; x_wconf 88' lang='lat' dir='ltr'><strong>in</strong></span> <span class='ocrx_word' id='word_1_589' title='bbox 1478 2028 1562 2056; x_wconf 79' lang='lat' dir='ltr'><strong>terra.</strong></span> <span class='ocrx_word' id='word_1_590' title='bbox 1578 2014 1637 2058; x_wconf 72' lang='lat' dir='ltr'><strong>qui,</strong></span> <span class='ocrx_word' id='word_1_591' title='bbox 1654 2023 1726 2058; x_wconf 88' lang='lat' dir='ltr'><strong>quod</strong></span> <span class='ocrx_word' id='word_1_592' title='bbox 1745 2023 1827 2050; x_wconf 85' lang='lat' dir='ltr'><strong>bone-</strong></span> 
     </span>
    </p>
   </div>
   <div class='ocr_carea' id='block_1_83' title="bbox 1035 2069 1825 2104">
    <p class='ocr_par' dir='ltr' id='par_1_83' title="bbox 1035 2069 1825 2104">
     <span class='ocr_line' id='line_1_83' title="bbox 1035 2069 1825 2104; baseline -0.003 -6"><span class='ocrx_word' id='word_1_593' title='bbox 1035 2075 1107 2098; x_wconf 81' lang='lat' dir='ltr'><strong>stutn</strong></span> <span class='ocrx_word' id='word_1_594' title='bbox 1123 2074 1206 2102; x_wconf 82' lang='lat' dir='ltr'><strong>esset,</strong></span> <span class='ocrx_word' id='word_1_595' title='bbox 1225 2070 1338 2102; x_wconf 81' lang='lat' dir='ltr'><strong>faceret.</strong></span> <span class='ocrx_word' id='word_1_596' title='bbox 1357 2079 1410 2098; x_wconf 90' lang='lat' dir='ltr'><strong>non</strong></span> <span class='ocrx_word' id='word_1_597' title='bbox 1427 2075 1497 2102; x_wconf 87' lang='lat' dir='ltr'><strong>erat,</strong></span> <span class='ocrx_word' id='word_1_598' title='bbox 1516 2078 1550 2097; x_wconf 90' lang='lat' dir='ltr'><strong>ne</strong></span> <span class='ocrx_word' id='word_1_599' title='bbox 1568 2078 1640 2098; x_wconf 91' lang='lat' dir='ltr'><strong>unus</strong></span> <span class='ocrx_word' id='word_1_600' title='bbox 1660 2069 1771 2104; x_wconf 88' lang='lat' dir='ltr'><strong>quidem</strong></span> <span class='ocrx_word' id='word_1_601' title='bbox 1792 2069 1825 2096; x_wconf 83' lang='lat'><strong>&quot;.</strong></span> 
     </span>
    </p>
   </div>
   <div class='ocr_carea' id='block_1_84' title="bbox 189 2117 1826 2152">
    <p class='ocr_par' dir='ltr' id='par_1_84' title="bbox 189 2117 1826 2152">
     <span class='ocr_line' id='line_1_84' title="bbox 189 2117 1826 2152; baseline -0.001 -9"><span class='ocrx_word' id='word_1_602' title='bbox 189 2117 293 2152; x_wconf 80' lang='lat' dir='ltr'><strong>Itaque,</strong></span> <span class='ocrx_word' id='word_1_603' title='bbox 319 2127 380 2146; x_wconf 89' lang='lat' dir='ltr'><strong>cum</strong></span> <span class='ocrx_word' id='word_1_604' title='bbox 403 2119 449 2146; x_wconf 83' lang='lat' dir='ltr'><strong>lilii</strong></span> <span class='ocrx_word' id='word_1_605' title='bbox 473 2119 561 2146; x_wconf 64' lang='lat' dir='ltr'><strong>noctis</strong></span> <span class='ocrx_word' id='word_1_606' title='bbox 584 2123 676 2147; x_wconf 87' lang='lat' dir='ltr'><strong>essent</strong></span> <span class='ocrx_word' id='word_1_607' title='bbox 694 2127 790 2146; x_wconf 87' lang='lat' dir='ltr'><strong>omnes</strong></span> <span class='ocrx_word' id='word_1_608' title='bbox 803 2123 830 2147; x_wconf 84' lang='lat' dir='ltr'><strong>et</strong></span> <span class='ocrx_word' id='word_1_609' title='bbox 849 2119 1024 2146; x_wconf 88' lang='lat' dir='ltr'><strong>tenebrarum</strong></span> <span class='ocrx_word' id='word_1_610' title='bbox 1040 2139 1047 2152; x_wconf 92' lang='lat'><strong>,</strong></span> <span class='ocrx_word' id='word_1_611' title='bbox 1063 2119 1089 2147; x_wconf 89' lang='lat' dir='ltr'><strong>in</strong></span> <span class='ocrx_word' id='word_1_612' title='bbox 1106 2119 1175 2147; x_wconf 91' lang='lat' dir='ltr'><strong>lucis</strong></span> <span class='ocrx_word' id='word_1_613' title='bbox 1190 2118 1263 2146; x_wconf 85' lang='lat' dir='ltr'><strong>ﬁlios</strong></span> <span class='ocrx_word' id='word_1_614' title='bbox 1281 2122 1440 2146; x_wconf 88' lang='lat' dir='ltr'><strong>evaserunt.</strong></span> <span class='ocrx_word' id='word_1_615' title='bbox 1471 2117 1527 2146; x_wconf 84' lang='lat' dir='ltr'><strong>illis</strong></span> <span class='ocrx_word' id='word_1_616' title='bbox 1541 2118 1614 2145; x_wconf 89' lang='lat' dir='ltr'><strong>enim</strong></span> <span class='ocrx_word' id='word_1_617' title='bbox 1632 2117 1691 2145; x_wconf 90' lang='lat' dir='ltr'><strong>dies</strong></span> <span class='ocrx_word' id='word_1_618' title='bbox 1716 2117 1784 2152; x_wconf 85' lang='lat' dir='ltr'><strong>ipse.</strong></span> <span class='ocrx_word' id='word_1_619' title='bbox 1799 2121 1826 2142; x_wconf 77' lang='lat' dir='ltr'><strong>et</strong></span> 
     </span>
    </p>
   </div>
   <div class='ocr_carea' id='block_1_85' title="bbox 188 2165 1708 2201">
    <p class='ocr_par' dir='ltr' id='par_1_85' title="bbox 188 2165 1708 2201">
     <span class='ocr_line' id='line_1_85' title="bbox 188 2165 1708 2201; baseline 0.002 -11"><span class='ocrx_word' id='word_1_620' title='bbox 188 2165 234 2200; x_wconf 90' lang='lat' dir='ltr'><strong>qui</strong></span> <span class='ocrx_word' id='word_1_621' title='bbox 247 2165 292 2192; x_wconf 87' lang='lat' dir='ltr'><strong>Sol</strong></span> <span class='ocrx_word' id='word_1_622' title='bbox 302 2166 415 2201; x_wconf 76' lang='lat' dir='ltr'><strong>justitia:</strong></span> <span class='ocrx_word' id='word_1_623' title='bbox 427 2166 570 2198; x_wconf 74' lang='lat' dir='ltr'><strong>dicitur&quot;,</strong></span> <span class='ocrx_word' id='word_1_624' title='bbox 586 2173 687 2193; x_wconf 87' lang='lat' dir='ltr'><strong>aurora</strong></span> <span class='ocrx_word' id='word_1_625' title='bbox 700 2166 818 2201; x_wconf 85' lang='lat' dir='ltr'><strong>denique</strong></span> <span class='ocrx_word' id='word_1_626' title='bbox 830 2165 931 2198; x_wconf 79' lang='lat' dir='ltr'><strong>lucida,</strong></span> <span class='ocrx_word' id='word_1_627' title='bbox 947 2165 1045 2193; x_wconf 78' lang='lat' dir='ltr'><strong>illuxit.</strong></span> <span class='ocrx_word' id='word_1_628' title='bbox 1704 2165 1708 2168; x_wconf 86' lang='grc'><em>’</em></span> 
     </span>
    </p>
   </div>
   <div class='ocr_carea' id='block_1_86' title="bbox 223 2210 981 2247">
    <p class='ocr_par' dir='ltr' id='par_1_86' title="bbox 223 2211 981 2247">
     <span class='ocr_line' id='line_1_86' title="bbox 223 2211 981 2247; baseline 0 -9"><span class='ocrx_word' id='word_1_629' title='bbox 223 2213 387 2245; x_wconf 70' lang='grc' dir='ltr'>Κεχρίσοαι</span> <span class='ocrx_word' id='word_1_630' title='bbox 409 2211 438 2238; x_wconf 84' lang='grc' dir='ltr'><em>δέ</em></span> <span class='ocrx_word' id='word_1_631' title='bbox 463 2220 531 2247; x_wconf 78' lang='grc' dir='ltr'>φησι</span> <span class='ocrx_word' id='word_1_632' title='bbox 554 2211 602 2238; x_wconf 75' lang='grc' dir='ltr'>καὶ</span> <span class='ocrx_word' id='word_1_633' title='bbox 626 2211 766 2238; x_wconf 71' lang='grc' dir='ltr'><strong>ἐνιαυτὸν</strong></span> <span class='ocrx_word' id='word_1_634' title='bbox 795 2211 909 2245; x_wconf 85' lang='grc' dir='ltr'><strong>Κυρίου</strong></span> <span class='ocrx_word' id='word_1_635' title='bbox 931 2219 981 2238; x_wconf 81' lang='grc' dir='ltr'><strong>κα-</strong></span> 
     </span>
    </p>
   </div>
   <div class='ocr_carea' id='block_1_87' title="bbox 1034 2210 1824 2247">
    <p class='ocr_par' dir='ltr' id='par_1_87' title="bbox 1074 2210 1824 2244">
     <span class='ocr_line' id='line_1_87' title="bbox 1074 2210 1824 2244; baseline -0.001 -7"><span class='ocrx_word' id='word_1_636' title='bbox 1074 2211 1120 2237; x_wconf 78' lang='lat' dir='ltr'><strong>Ait</strong></span> <span class='ocrx_word' id='word_1_637' title='bbox 1134 2218 1200 2238; x_wconf 90' lang='lat' dir='ltr'><strong>vero</strong></span> <span class='ocrx_word' id='word_1_638' title='bbox 1217 2210 1299 2238; x_wconf 89' lang='lat' dir='ltr'><strong>etiam</strong></span> <span class='ocrx_word' id='word_1_639' title='bbox 1311 2216 1419 2237; x_wconf 81' lang='lat' dir='ltr'><strong>unctum</strong></span> <span class='ocrx_word' id='word_1_640' title='bbox 1433 2218 1499 2242; x_wconf 73' lang='lat' dir='ltr'><strong>esse,</strong></span> <span class='ocrx_word' id='word_1_641' title='bbox 1519 2214 1550 2237; x_wconf 93' lang='lat' dir='ltr'><strong>ut</strong></span> <span class='ocrx_word' id='word_1_642' title='bbox 1570 2210 1749 2244; x_wconf 83' lang='lat' dir='ltr'><strong>proclamaret</strong></span> <span class='ocrx_word' id='word_1_643' title='bbox 1773 2218 1824 2236; x_wconf 86' lang='lat' dir='ltr'><strong>an-</strong></span> 
     </span>
    </p>
   </div>
   <div class='ocr_carea' id='block_1_88' title="bbox 188 2256 983 2292">
    <p class='ocr_par' dir='ltr' id='par_1_88' title="bbox 188 2256 983 2292">
     <span class='ocr_line' id='line_1_88' title="bbox 188 2256 983 2292; baseline -0.001 -9"><span class='ocrx_word' id='word_1_644' title='bbox 188 2256 278 2283; x_wconf 75' lang='grc' dir='ltr'>λέσαι</span> <span class='ocrx_word' id='word_1_645' title='bbox 312 2256 440 2290; x_wconf 76' lang='grc' dir='ltr'>δεκτόν,</span> <span class='ocrx_word' id='word_1_646' title='bbox 469 2256 516 2283; x_wconf 79' lang='grc' dir='ltr'><strong>τὸν</strong></span> <span class='ocrx_word' id='word_1_647' title='bbox 545 2256 596 2292; x_wconf 80' lang='grc' dir='ltr'><strong>τῆς</strong></span> <span class='ocrx_word' id='word_1_648' title='bbox 626 2256 860 2291; x_wconf 80' lang='grc' dir='ltr'>ὲνανθρωπήσεως</span> <span class='ocrx_word' id='word_1_649' title='bbox 887 2256 983 2288; x_wconf 74' lang='grc' dir='ltr'>καιρὸν</span> 
     </span>
    </p>
   </div>
   <div class='ocr_carea' id='block_1_89' title="bbox 189 2298 983 2343">
    <p class='ocr_par' dir='ltr' id='par_1_89' title="bbox 189 2298 983 2343">
     <span class='ocr_line' id='line_1_89' title="bbox 189 2298 983 2343; baseline -0.001 -15"><span class='ocrx_word' id='word_1_650' title='bbox 189 2301 274 2333; x_wconf 74' lang='grc' dir='ltr'>οὕτως</span> <span class='ocrx_word' id='word_1_651' title='bbox 303 2301 399 2335; x_wconf 75' lang='grc' dir='ltr'>εἰπὼν,</span> <span class='ocrx_word' id='word_1_652' title='bbox 414 2302 443 2328; x_wconf 83' lang='grc' dir='ltr'>ὲν</span> <span class='ocrx_word' id='word_1_653' title='bbox 469 2298 491 2335; x_wconf 81' lang='grc' dir='ltr'>ᾧ</span> <span class='ocrx_word' id='word_1_654' title='bbox 516 2302 617 2336; x_wconf 70' lang='grc' dir='ltr'>διάγων</span> <span class='ocrx_word' id='word_1_655' title='bbox 641 2301 689 2328; x_wconf 85' lang='grc' dir='ltr'><strong>ἐπὶ</strong></span> <span class='ocrx_word' id='word_1_656' title='bbox 711 2302 774 2336; x_wconf 81' lang='grc' dir='ltr'>γῆς,</span> <span class='ocrx_word' id='word_1_657' title='bbox 796 2301 853 2336; x_wconf 79' lang='grc' dir='ltr'><strong>φῶς</strong></span> <span class='ocrx_word' id='word_1_658' title='bbox 875 2301 983 2343; x_wconf 67' lang='grc' dir='ltr'>ἡμέρας</span> 
     </span>
    </p>
   </div>
   <div class='ocr_carea' id='block_1_90' title="bbox 188 2347 984 2384">
    <p class='ocr_par' dir='ltr' id='par_1_90' title="bbox 188 2347 984 2384">
     <span class='ocr_line' id='line_1_90' title="bbox 188 2347 984 2384; baseline 0 -10"><span class='ocrx_word' id='word_1_659' title='bbox 188 2351 245 2380; x_wconf 84' lang='grc' dir='ltr'>τοῖς</span> <span class='ocrx_word' id='word_1_660' title='bbox 269 2348 412 2384; x_wconf 78' lang='grc' dir='ltr'>προσιοῦσι</span> <span class='ocrx_word' id='word_1_661' title='bbox 437 2349 595 2384; x_wconf 80' lang='grc' dir='ltr'>παρείχετο.</span> <span class='ocrx_word' id='word_1_662' title='bbox 613 2348 656 2380; x_wconf 76' lang='grc' dir='ltr'><em>Ὠς</em></span> <span class='ocrx_word' id='word_1_663' title='bbox 677 2349 731 2384; x_wconf 77' lang='grc' dir='ltr'>γὰρ</span> <span class='ocrx_word' id='word_1_664' title='bbox 757 2348 824 2383; x_wconf 81' lang='grc' dir='ltr'>ἡλίῳ</span> <span class='ocrx_word' id='word_1_665' title='bbox 849 2347 984 2374; x_wconf 84' lang='grc' dir='ltr'>δικαιοσὺ-</span> 
     </span>
    </p>
   </div>
   <div class='ocr_carea' id='block_1_91' title="bbox 189 2392 983 2429">
    <p class='ocr_par' dir='ltr' id='par_1_91' title="bbox 189 2392 983 2429">
     <span class='ocr_line' id='line_1_91' title="bbox 189 2392 983 2429; baseline -0.001 -9"><span class='ocrx_word' id='word_1_666' title='bbox 189 2402 238 2427; x_wconf 84' lang='grc' dir='ltr'><strong>νης</strong></span> <span class='ocrx_word' id='word_1_667' title='bbox 262 2394 276 2420; x_wconf 85' lang='grc' dir='ltr'><strong>ό</strong></span> <span class='ocrx_word' id='word_1_668' title='bbox 301 2393 423 2424; x_wconf 77' lang='grc' dir='ltr'>τοιοῦτος</span> <span class='ocrx_word' id='word_1_669' title='bbox 440 2393 579 2429; x_wconf 81' lang='grc' dir='ltr'>προσῆκεν</span> <span class='ocrx_word' id='word_1_670' title='bbox 593 2393 873 2428; x_wconf 49' lang='grc' dir='ltr'><strong>ἐνιαυτόςυΜήποτε</strong></span> <span class='ocrx_word' id='word_1_671' title='bbox 894 2392 922 2419; x_wconf 84' lang='grc' dir='ltr'>δὲ</span> <span class='ocrx_word' id='word_1_672' title='bbox 936 2392 983 2419; x_wconf 75' lang='grc' dir='ltr'>τὸν</span> 
     </span>
    </p>
   </div>
   <div class='ocr_carea' id='block_1_92' title="bbox 192 2438 984 2474">
    <p class='ocr_par' dir='ltr' id='par_1_92' title="bbox 192 2438 984 2474">
     <span class='ocr_line' id='line_1_92' title="bbox 192 2438 984 2474; baseline 0.001 -10"><span class='ocrx_word' id='word_1_673' title='bbox 192 2439 325 2474; x_wconf 74' lang='grc' dir='ltr'>μέλλοντα</span> <span class='ocrx_word' id='word_1_674' title='bbox 345 2440 432 2466; x_wconf 77' lang='grc' dir='ltr'><strong>αἰῶνα</strong></span> <span class='ocrx_word' id='word_1_675' title='bbox 472 2439 565 2474; x_wconf 76' lang='grc' dir='ltr'>δηλοῖ,</span> <span class='ocrx_word' id='word_1_676' title='bbox 591 2439 634 2473; x_wconf 77' lang='grc' dir='ltr'><strong>ἐφ’</strong></span> <span class='ocrx_word' id='word_1_677' title='bbox 655 2439 684 2465; x_wconf 82' lang='grc' dir='ltr'>ὂν</span> <span class='ocrx_word' id='word_1_678' title='bbox 700 2438 734 2465; x_wconf 79' lang='grc' dir='ltr'>τὰ</span> <span class='ocrx_word' id='word_1_679' title='bbox 759 2439 809 2474; x_wconf 88' lang='grc' dir='ltr'><strong>τῆς</strong></span> <span class='ocrx_word' id='word_1_680' title='bbox 834 2438 932 2465; x_wconf 78' lang='grc' dir='ltr'>ἑαυτοῦ</span> <span class='ocrx_word' id='word_1_681' title='bbox 947 2438 984 2465; x_wconf 87' lang='grc' dir='ltr'>δι-</span> 
     </span>
    </p>
   </div>
   <div class='ocr_carea' id='block_1_93' title="bbox 189 2485 982 2521">
    <p class='ocr_par' dir='ltr' id='par_1_93' title="bbox 189 2485 982 2521">
     <span class='ocr_line' id='line_1_93' title="bbox 189 2485 982 2521; baseline 0 -10"><span class='ocrx_word' id='word_1_682' title='bbox 189 2485 337 2518; x_wconf 83' lang='grc' dir='ltr'>δασκαλίας</span> <span class='ocrx_word' id='word_1_683' title='bbox 357 2485 527 2521; x_wconf 82' lang='grc' dir='ltr'>ἀνέπεμπεν,</span> <span class='ocrx_word' id='word_1_684' title='bbox 549 2486 594 2512; x_wconf 81' lang='grc' dir='ltr'>ὅτε</span> <span class='ocrx_word' id='word_1_685' title='bbox 621 2485 677 2520; x_wconf 82' lang='grc' dir='ltr'><strong>Οὐχ</strong></span> <span class='ocrx_word' id='word_1_686' title='bbox 702 2485 787 2520; x_wconf 77' lang='grc' dir='ltr'>ἥλιος,</span> <span class='ocrx_word' id='word_1_687' title='bbox 812 2485 842 2511; x_wconf 86' lang='grc' dir='ltr'>οὺ</span> <span class='ocrx_word' id='word_1_688' title='bbox 864 2485 982 2520; x_wconf 77' lang='grc' dir='ltr'>σελήνη,</span> 
     </span>
    </p>
   </div>
   <div class='ocr_carea' id='block_1_94' title="bbox 190 2531 980 2567">
    <p class='ocr_par' dir='ltr' id='par_1_94' title="bbox 190 2531 980 2567">
     <span class='ocr_line' id='line_1_94' title="bbox 190 2531 980 2567; baseline 0.001 -10"><span class='ocrx_word' id='word_1_689' title='bbox 190 2531 247 2557; x_wconf 81' lang='grc' dir='ltr'>ἀλλ’</span> <span class='ocrx_word' id='word_1_690' title='bbox 260 2531 337 2558; x_wconf 78' lang='grc' dir='ltr'>ἔσται</span> <span class='ocrx_word' id='word_1_691' title='bbox 352 2540 404 2563; x_wconf 85' lang='grc' dir='ltr'>σοι,</span> <span class='ocrx_word' id='word_1_692' title='bbox 418 2532 485 2566; x_wconf 72' lang='grc' dir='ltr'>φησὶ</span> <span class='ocrx_word' id='word_1_693' title='bbox 496 2553 503 2563; x_wconf 85' lang='grc'><strong>,</strong></span> <span class='ocrx_word' id='word_1_694' title='bbox 526 2531 627 2567; x_wconf 84' lang='grc' dir='ltr'>Κύριος</span> <span class='ocrx_word' id='word_1_695' title='bbox 642 2531 699 2565; x_wconf 76' lang='grc' dir='ltr'><strong>φῶς</strong></span> <span class='ocrx_word' id='word_1_696' title='bbox 721 2531 846 2564; x_wconf 86' lang='grc' dir='ltr'>αἰώνιον;</span> <span class='ocrx_word' id='word_1_697' title='bbox 868 2531 908 2558; x_wconf 84' lang='grc' dir='ltr'><strong>διὸ</strong></span> <span class='ocrx_word' id='word_1_698' title='bbox 924 2533 980 2558; x_wconf 84' lang='grc' dir='ltr'><strong>Κυ-</strong></span> 
     </span>
    </p>
   </div>
   <div class='ocr_carea' id='block_1_95' title="bbox 190 2577 980 2612">
    <p class='ocr_par' dir='ltr' id='par_1_95' title="bbox 190 2577 980 2612">
     <span class='ocr_line' id='line_1_95' title="bbox 190 2577 980 2612; baseline 0.001 -9"><span class='ocrx_word' id='word_1_699' title='bbox 190 2577 256 2611; x_wconf 79' lang='grc' dir='ltr'>ρίου</span> <span class='ocrx_word' id='word_1_700' title='bbox 271 2577 381 2611; x_wconf 84' lang='grc' dir='ltr'>λέγεται</span> <span class='ocrx_word' id='word_1_701' title='bbox 401 2577 550 2610; x_wconf 86' lang='grc' dir='ltr'><strong>ἐνιαυτὸς,</strong></span> <span class='ocrx_word' id='word_1_702' title='bbox 567 2578 604 2608; x_wconf 84' lang='grc' dir='ltr'><strong>ὡς</strong></span> <span class='ocrx_word' id='word_1_703' title='bbox 620 2577 666 2604; x_wconf 81' lang='grc' dir='ltr'><strong>ὑπ’</strong></span> <span class='ocrx_word' id='word_1_704' title='bbox 684 2577 767 2604; x_wconf 80' lang='grc' dir='ltr'>αὐτοῦ</span> <span class='ocrx_word' id='word_1_705' title='bbox 785 2577 980 2612; x_wconf 78' lang='grc' dir='ltr'>φωτιζόμενος,</span> 
     </span>
    </p>
   </div>
   <div class='ocr_carea' id='block_1_96' title="bbox 190 2621 981 2657">
    <p class='ocr_par' dir='ltr' id='par_1_96' title="bbox 190 2621 981 2657">
     <span class='ocr_line' id='line_1_96' title="bbox 190 2621 981 2657; baseline 0.003 -10"><span class='ocrx_word' id='word_1_706' title='bbox 190 2622 239 2648; x_wconf 79' lang='grc' dir='ltr'>καὶ</span> <span class='ocrx_word' id='word_1_707' title='bbox 252 2621 368 2655; x_wconf 81' lang='grc' dir='ltr'>δεκτὸς,</span> <span class='ocrx_word' id='word_1_708' title='bbox 385 2622 401 2657; x_wconf 81' lang='grc' dir='ltr'>ἢ</span> <span class='ocrx_word' id='word_1_709' title='bbox 413 2623 483 2648; x_wconf 81' lang='grc' dir='ltr'>κατὰ</span> <span class='ocrx_word' id='word_1_710' title='bbox 493 2623 557 2654; x_wconf 77' lang='grc' dir='ltr'>τοὺς</span> <span class='ocrx_word' id='word_1_711' title='bbox 564 2623 686 2655; x_wconf 74' lang='grc' dir='ltr'>λοιποὺς,</span> <span class='ocrx_word' id='word_1_712' title='bbox 697 2622 847 2654; x_wconf 80' lang='grc' dir='ltr'>εὐδοκίας.</span> <span class='ocrx_word' id='word_1_713' title='bbox 863 2623 981 2655; x_wconf 80' lang='grc' dir='ltr'>Ἐκεῖνος</span> 
     </span>
    </p>
   </div>
   <div class='ocr_carea' id='block_1_97' title="bbox 191 2668 982 2704">
    <p class='ocr_par' dir='ltr' id='par_1_97' title="bbox 191 2668 982 2704">
     <span class='ocr_line' id='line_1_97' title="bbox 191 2668 982 2704; baseline 0.005 -11"><span class='ocrx_word' id='word_1_714' title='bbox 191 2668 246 2703; x_wconf 87' lang='grc' dir='ltr'><strong>γάρ</strong></span> <span class='ocrx_word' id='word_1_715' title='bbox 266 2670 340 2694; x_wconf 74' lang='grc' dir='ltr'>ἐστιν</span> <span class='ocrx_word' id='word_1_716' title='bbox 364 2669 378 2695; x_wconf 81' lang='grc' dir='ltr'><strong><em>ὁ</em></strong></span> <span class='ocrx_word' id='word_1_717' title='bbox 402 2669 571 2704; x_wconf 85' lang='grc' dir='ltr'>καταθύμιος</span> <span class='ocrx_word' id='word_1_718' title='bbox 591 2669 629 2704; x_wconf 78' lang='grc' dir='ltr'><strong>τῷ</strong></span> <span class='ocrx_word' id='word_1_719' title='bbox 653 2669 723 2704; x_wconf 82' lang='grc' dir='ltr'>Θεῷ,</span> <span class='ocrx_word' id='word_1_720' title='bbox 745 2670 758 2696; x_wconf 85' lang='grc' dir='ltr'>ὁ</span> <span class='ocrx_word' id='word_1_721' title='bbox 780 2669 861 2701; x_wconf 72' lang='grc' dir='ltr'><strong>αὐτὸς</strong></span> <span class='ocrx_word' id='word_1_722' title='bbox 876 2669 915 2697; x_wconf 83' lang='grc' dir='ltr'>ὢν</span> <span class='ocrx_word' id='word_1_723' title='bbox 933 2670 982 2697; x_wconf 79' lang='grc' dir='ltr'><strong>καὶ</strong></span> 
     </span>
    </p>
   </div>
   <div class='ocr_carea' id='block_1_98' title="bbox 191 2713 981 2750">
    <p class='ocr_par' dir='ltr' id='par_1_98' title="bbox 191 2713 981 2750">
     <span class='ocr_line' id='line_1_98' title="bbox 191 2713 981 2750; baseline 0.004 -10"><span class='ocrx_word' id='word_1_724' title='bbox 191 2713 287 2748; x_wconf 71' lang='grc' dir='ltr'>ἡμέρα</span> <span class='ocrx_word' id='word_1_725' title='bbox 302 2714 544 2748; x_wconf 75' lang='grc' dir='ltr'>ἁνταποδόσεως,</span> <span class='ocrx_word' id='word_1_726' title='bbox 556 2715 599 2741; x_wconf 83' lang='grc' dir='ltr'>ὅτε</span> <span class='ocrx_word' id='word_1_727' title='bbox 615 2716 664 2747; x_wconf 69' lang='grc' dir='ltr'><strong>τὰς</strong></span> <span class='ocrx_word' id='word_1_728' title='bbox 678 2716 798 2750; x_wconf 75' lang='grc' dir='ltr'>ἀμοιϐὰς</span> <span class='ocrx_word' id='word_1_729' title='bbox 813 2716 837 2743; x_wconf 81' lang='lat' dir='ltr'><strong>ot</strong></span> <span class='ocrx_word' id='word_1_730' title='bbox 852 2716 922 2743; x_wconf 83' lang='grc' dir='ltr'><strong>κατά</strong></span> <span class='ocrx_word' id='word_1_731' title='bbox 934 2716 981 2743; x_wconf 80' lang='grc' dir='ltr'><strong>τὸν</strong></span> 
     </span>
    </p>
   </div>
   <div class='ocr_carea' id='block_1_99' title="bbox 193 2759 984 2796">
    <p class='ocr_par' dir='ltr' id='par_1_99' title="bbox 193 2759 984 2796">
     <span class='ocr_line' id='line_1_99' title="bbox 193 2759 984 2796; baseline 0.005 -11"><span class='ocrx_word' id='word_1_732' title='bbox 193 2759 314 2794; x_wconf 81' lang='grc' dir='ltr'>παρόντα</span> <span class='ocrx_word' id='word_1_733' title='bbox 325 2760 494 2796; x_wconf 81' lang='grc' dir='ltr'>κεκμηκότες</span> <span class='ocrx_word' id='word_1_734' title='bbox 503 2760 560 2795; x_wconf 81' lang='grc' dir='ltr'>βίον</span> <span class='ocrx_word' id='word_1_735' title='bbox 574 2761 743 2796; x_wconf 77' lang='grc' dir='ltr'>κομίζονται.</span> <span class='ocrx_word' id='word_1_736' title='bbox 754 2762 830 2793; x_wconf 81' lang='grc' dir='ltr'>Τινὲς</span> <span class='ocrx_word' id='word_1_737' title='bbox 840 2761 868 2788; x_wconf 81' lang='grc' dir='ltr'>δὲ</span> <span class='ocrx_word' id='word_1_738' title='bbox 876 2761 984 2789; x_wconf 79' lang='grc' dir='ltr'>δεκτόν</span> 
     </span>
    </p>
   </div>
   <div class='ocr_carea' id='block_1_100' title="bbox 1033 2255 1825 2290">
    <p class='ocr_par' dir='ltr' id='par_1_100' title="bbox 1033 2255 1825 2290">
     <span class='ocr_line' id='line_1_100' title="bbox 1033 2255 1825 2290; baseline -0.001 -7"><span class='ocrx_word' id='word_1_739' title='bbox 1033 2265 1098 2284; x_wconf 80' lang='lat' dir='ltr'><strong>num</strong></span> <span class='ocrx_word' id='word_1_740' title='bbox 1119 2255 1228 2283; x_wconf 82' lang='lat' dir='ltr'><strong>Domini</strong></span> <span class='ocrx_word' id='word_1_741' title='bbox 1248 2255 1436 2290; x_wconf 79' lang='lat' dir='ltr'><strong>acceptabilem</strong></span> <span class='ocrx_word' id='word_1_742' title='bbox 1452 2262 1462 2282; x_wconf 94' lang='lat'><em>:</em></span> <span class='ocrx_word' id='word_1_743' title='bbox 1481 2255 1518 2283; x_wconf 87' lang='lat' dir='ltr'><strong>ita</strong></span> <span class='ocrx_word' id='word_1_744' title='bbox 1541 2255 1671 2283; x_wconf 85' lang='lat' dir='ltr'><strong>nimirum</strong></span> <span class='ocrx_word' id='word_1_745' title='bbox 1696 2255 1825 2282; x_wconf 84' lang='lat' dir='ltr'><strong>incarna-</strong></span> 
     </span>
    </p>
   </div>
   <div class='ocr_carea' id='block_1_101' title="bbox 1035 2301 1826 2337">
    <p class='ocr_par' dir='ltr' id='par_1_101' title="bbox 1035 2301 1826 2337">
     <span class='ocr_line' id='line_1_101' title="bbox 1035 2301 1826 2337; baseline -0.001 -8"><span class='ocrx_word' id='word_1_746' title='bbox 1035 2302 1121 2329; x_wconf 89' lang='lat' dir='ltr'><strong>tionis</strong></span> <span class='ocrx_word' id='word_1_747' title='bbox 1141 2306 1249 2337; x_wconf 86' lang='lat' dir='ltr'><strong>tempus</strong></span> <span class='ocrx_word' id='word_1_748' title='bbox 1265 2302 1395 2334; x_wconf 86' lang='lat' dir='ltr'><strong>iunuens,</strong></span> <span class='ocrx_word' id='word_1_749' title='bbox 1409 2308 1474 2336; x_wconf 88' lang='lat' dir='ltr'><strong>quo,</strong></span> <span class='ocrx_word' id='word_1_750' title='bbox 1497 2308 1559 2328; x_wconf 90' lang='lat' dir='ltr'><strong>cum</strong></span> <span class='ocrx_word' id='word_1_751' title='bbox 1583 2301 1609 2327; x_wconf 87' lang='lat' dir='ltr'><strong>in</strong></span> <span class='ocrx_word' id='word_1_752' title='bbox 1631 2301 1712 2328; x_wconf 80' lang='lat' dir='ltr'><strong>terris</strong></span> <span class='ocrx_word' id='word_1_753' title='bbox 1733 2309 1826 2328; x_wconf 85' lang='lat' dir='ltr'><strong>versa-</strong></span> 
     </span>
    </p>
   </div>
   <div class='ocr_carea' id='block_1_102' title="bbox 1034 2346 1826 2382">
    <p class='ocr_par' dir='ltr' id='par_1_102' title="bbox 1034 2346 1826 2382">
     <span class='ocr_line' id='line_1_102' title="bbox 1034 2346 1826 2382; baseline -0.001 -6"><span class='ocrx_word' id='word_1_754' title='bbox 1034 2353 1123 2381; x_wconf 85' lang='lat' dir='ltr'><strong>retur,</strong></span> <span class='ocrx_word' id='word_1_755' title='bbox 1140 2348 1230 2375; x_wconf 90' lang='lat' dir='ltr'><strong>lucem</strong></span> <span class='ocrx_word' id='word_1_756' title='bbox 1247 2348 1298 2375; x_wconf 87' lang='lat' dir='ltr'><strong>diei</strong></span> <span class='ocrx_word' id='word_1_757' title='bbox 1315 2347 1488 2375; x_wconf 84' lang='lat' dir='ltr'><strong>venientibus</strong></span> <span class='ocrx_word' id='word_1_758' title='bbox 1503 2349 1536 2374; x_wconf 87' lang='lat' dir='ltr'><strong>ad</strong></span> <span class='ocrx_word' id='word_1_759' title='bbox 1549 2354 1579 2374; x_wconf 87' lang='lat' dir='ltr'><strong>se</strong></span> <span class='ocrx_word' id='word_1_760' title='bbox 1591 2347 1738 2382; x_wconf 71' lang='lat' dir='ltr'><strong>praebebat.</strong></span> <span class='ocrx_word' id='word_1_761' title='bbox 1757 2346 1826 2375; x_wconf 88' lang='lat' dir='ltr'><strong>lluic</strong></span> 
     </span>
    </p>
   </div>
   <div class='ocr_carea' id='block_1_103' title="bbox 1035 2393 1826 2429">
    <p class='ocr_par' dir='ltr' id='par_1_103' title="bbox 1035 2393 1826 2429">
     <span class='ocr_line' id='line_1_103' title="bbox 1035 2393 1826 2429; baseline -0.001 -7"><span class='ocrx_word' id='word_1_762' title='bbox 1035 2395 1121 2428; x_wconf 85' lang='lat' dir='ltr'><strong>enim,</strong></span> <span class='ocrx_word' id='word_1_763' title='bbox 1138 2399 1268 2429; x_wconf 86' lang='lat' dir='ltr'><strong>tanquam</strong></span> <span class='ocrx_word' id='word_1_764' title='bbox 1285 2393 1341 2421; x_wconf 89' lang='lat' dir='ltr'><strong>Soli</strong></span> <span class='ocrx_word' id='word_1_765' title='bbox 1352 2394 1476 2427; x_wconf 67' lang='lat' dir='ltr'><strong>iustitiae.</strong></span> <span class='ocrx_word' id='word_1_766' title='bbox 1491 2393 1554 2420; x_wconf 88' lang='lat' dir='ltr'><strong>talis</strong></span> <span class='ocrx_word' id='word_1_767' title='bbox 1567 2397 1609 2421; x_wconf 82' lang='lat' dir='ltr'><strong>est</strong></span> <span class='ocrx_word' id='word_1_768' title='bbox 1620 2401 1703 2421; x_wconf 77' lang='lat' dir='ltr'><strong>annus</strong></span> <span class='ocrx_word' id='word_1_769' title='bbox 1719 2394 1826 2422; x_wconf 85' lang='lat' dir='ltr'><strong>debitus</strong></span> 
     </span>
    </p>
   </div>
   <div class='ocr_carea' id='block_1_104' title="bbox 1035 2439 1826 2475">
    <p class='ocr_par' dir='ltr' id='par_1_104' title="bbox 1035 2439 1826 2475">
     <span class='ocr_line' id='line_1_104' title="bbox 1035 2439 1826 2475; baseline -0.003 -7"><span class='ocrx_word' id='word_1_770' title='bbox 1035 2444 1063 2468; x_wconf 87' lang='lat' dir='ltr'><strong>et</strong></span> <span class='ocrx_word' id='word_1_771' title='bbox 1077 2441 1252 2468; x_wconf 83' lang='lat' dir='ltr'><strong>commodus.</strong></span> <span class='ocrx_word' id='word_1_772' title='bbox 1270 2441 1369 2467; x_wconf 84' lang='lat' dir='ltr'><strong>Annon</strong></span> <span class='ocrx_word' id='word_1_773' title='bbox 1383 2441 1448 2466; x_wconf 83' lang='lat' dir='ltr'><strong>vero</strong></span> <span class='ocrx_word' id='word_1_774' title='bbox 1465 2439 1587 2466; x_wconf 83' lang='lat' dir='ltr'><strong>futurum</strong></span> <span class='ocrx_word' id='word_1_775' title='bbox 1599 2440 1730 2466; x_wconf 59' lang='lat' dir='ltr'><strong>saeculum</strong></span> <span class='ocrx_word' id='word_1_776' title='bbox 1745 2439 1826 2475; x_wconf 79' lang='lat' dir='ltr'><strong>signi-</strong></span> 
     </span>
    </p>
   </div>
   <div class='ocr_carea' id='block_1_105' title="bbox 1038 2485 1824 2522">
    <p class='ocr_par' dir='ltr' id='par_1_105' title="bbox 1038 2485 1824 2522">
     <span class='ocr_line' id='line_1_105' title="bbox 1038 2485 1824 2522; baseline -0.004 -7"><span class='ocrx_word' id='word_1_777' title='bbox 1038 2488 1137 2515; x_wconf 81' lang='lat' dir='ltr'><strong>ﬁcasse</strong></span> <span class='ocrx_word' id='word_1_778' title='bbox 1157 2488 1313 2522; x_wconf 86' lang='lat' dir='ltr'><strong>putandus;</strong></span> <span class='ocrx_word' id='word_1_779' title='bbox 1337 2486 1371 2513; x_wconf 90' lang='lat' dir='ltr'><strong>ad</strong></span> <span class='ocrx_word' id='word_1_780' title='bbox 1402 2485 1487 2520; x_wconf 88' lang='lat' dir='ltr'><strong>quod,</strong></span> <span class='ocrx_word' id='word_1_781' title='bbox 1515 2493 1577 2520; x_wconf 62' lang='lat' dir='ltr'><strong>quae</strong></span> <span class='ocrx_word' id='word_1_782' title='bbox 1606 2485 1639 2512; x_wconf 81' lang='lat' dir='ltr'><strong>ad</strong></span> <span class='ocrx_word' id='word_1_783' title='bbox 1671 2485 1824 2512; x_wconf 75' lang='lat' dir='ltr'><strong>doctrinam</strong></span> 
     </span>
    </p>
   </div>
   <div class='ocr_carea' id='block_1_106' title="bbox 1035 2531 1824 2568">
    <p class='ocr_par' dir='ltr' id='par_1_106' title="bbox 1035 2531 1824 2568">
     <span class='ocr_line' id='line_1_106' title="bbox 1035 2531 1824 2568; baseline -0.003 -8"><span class='ocrx_word' id='word_1_784' title='bbox 1035 2541 1115 2562; x_wconf 88' lang='lat' dir='ltr'><strong>suam</strong></span> <span class='ocrx_word' id='word_1_785' title='bbox 1134 2534 1285 2568; x_wconf 88' lang='lat' dir='ltr'><strong>pertinent,</strong></span> <span class='ocrx_word' id='word_1_786' title='bbox 1310 2531 1433 2564; x_wconf 88' lang='lat' dir='ltr'><strong>remisit;</strong></span> <span class='ocrx_word' id='word_1_787' title='bbox 1461 2538 1516 2566; x_wconf 88' lang='lat' dir='ltr'><strong>quo</strong></span> <span class='ocrx_word' id='word_1_788' title='bbox 1541 2535 1665 2565; x_wconf 88' lang='lat' dir='ltr'><strong>tempore</strong></span> <span class='ocrx_word' id='word_1_789' title='bbox 1690 2539 1743 2558; x_wconf 90' lang='lat' dir='ltr'><strong>non</strong></span> <span class='ocrx_word' id='word_1_790' title='bbox 1771 2531 1824 2564; x_wconf 87' lang='lat' dir='ltr'><strong>sol,</strong></span> 
     </span>
    </p>
   </div>
   <div class='ocr_carea' id='block_1_107' title="bbox 1036 2576 1824 2611">
    <p class='ocr_par' dir='ltr' id='par_1_107' title="bbox 1036 2576 1824 2611">
     <span class='ocr_line' id='line_1_107' title="bbox 1036 2576 1824 2611; baseline -0.004 -5"><span class='ocrx_word' id='word_1_791' title='bbox 1036 2587 1090 2606; x_wconf 84' lang='lat' dir='ltr'><strong>non</strong></span> <span class='ocrx_word' id='word_1_792' title='bbox 1113 2579 1176 2606; x_wconf 90' lang='lat' dir='ltr'><strong>luna</strong></span> <span class='ocrx_word' id='word_1_793' title='bbox 1197 2578 1246 2605; x_wconf 92' lang='lat' dir='ltr'><strong>tibi</strong></span> <span class='ocrx_word' id='word_1_794' title='bbox 1273 2577 1364 2604; x_wconf 79' lang='lat' dir='ltr'><strong>futura</strong></span> <span class='ocrx_word' id='word_1_795' title='bbox 1380 2581 1432 2610; x_wconf 81' lang='lat' dir='ltr'><strong>est,</strong></span> <span class='ocrx_word' id='word_1_796' title='bbox 1446 2577 1535 2611; x_wconf 91' lang='lat' dir='ltr'><strong>inquit</strong></span> <span class='ocrx_word' id='word_1_797' title='bbox 1549 2576 1600 2608; x_wconf 59' lang='grc' dir='ltr'><strong>Νι.</strong></span> <span class='ocrx_word' id='word_1_798' title='bbox 1615 2576 1663 2604; x_wconf 89' lang='lat' dir='ltr'><strong>sed</strong></span> <span class='ocrx_word' id='word_1_799' title='bbox 1681 2577 1824 2609; x_wconf 88' lang='lat' dir='ltr'><strong>Dominus,</strong></span> 
     </span>
    </p>
   </div>
   <div class='ocr_carea' id='block_1_108' title="bbox 1036 2622 1824 2659">
    <p class='ocr_par' dir='ltr' id='par_1_108' title="bbox 1036 2622 1824 2659">
     <span class='ocr_line' id='line_1_108' title="bbox 1036 2622 1824 2659; baseline -0.003 -7"><span class='ocrx_word' id='word_1_800' title='bbox 1036 2625 1081 2652; x_wconf 79' lang='lat' dir='ltr'><strong>lux</strong></span> <span class='ocrx_word' id='word_1_801' title='bbox 1100 2625 1159 2659; x_wconf 85' lang='lat' dir='ltr'><strong>ipsa</strong></span> <span class='ocrx_word' id='word_1_802' title='bbox 1176 2624 1366 2659; x_wconf 85' lang='lat' dir='ltr'><strong>sempiterna?</strong></span> <span class='ocrx_word' id='word_1_803' title='bbox 1396 2631 1450 2658; x_wconf 90' lang='lat' dir='ltr'><strong>quo</strong></span> <span class='ocrx_word' id='word_1_804' title='bbox 1473 2623 1513 2656; x_wconf 91' lang='lat' dir='ltr'><strong>ﬁt,</strong></span> <span class='ocrx_word' id='word_1_805' title='bbox 1538 2627 1567 2649; x_wconf 90' lang='lat' dir='ltr'><strong>ut</strong></span> <span class='ocrx_word' id='word_1_806' title='bbox 1591 2631 1677 2650; x_wconf 73' lang='lat' dir='ltr'><strong>annus</strong></span> <span class='ocrx_word' id='word_1_807' title='bbox 1707 2622 1824 2657; x_wconf 84' lang='lat' dir='ltr'><strong>Domini,</strong></span> 
     </span>
    </p>
   </div>
   <div class='ocr_carea' id='block_1_109' title="bbox 1042 2669 1824 2706">
    <p class='ocr_par' dir='ltr' id='par_1_109' title="bbox 1042 2669 1824 2706">
     <span class='ocr_line' id='line_1_109' title="bbox 1042 2669 1824 2706; baseline -0.001 -8"><span class='ocrx_word' id='word_1_808' title='bbox 1042 2675 1172 2706; x_wconf 81' lang='lat' dir='ltr'><strong>tauquam</strong></span> <span class='ocrx_word' id='word_1_809' title='bbox 1185 2670 1218 2698; x_wconf 84' lang='lat' dir='ltr'><strong>ab</strong></span> <span class='ocrx_word' id='word_1_810' title='bbox 1236 2671 1295 2706; x_wconf 87' lang='lat' dir='ltr'><strong>ipso</strong></span> <span class='ocrx_word' id='word_1_811' title='bbox 1310 2670 1398 2697; x_wconf 87' lang='lat' dir='ltr'><strong>lucem</strong></span> <span class='ocrx_word' id='word_1_812' title='bbox 1414 2669 1513 2697; x_wconf 83' lang='lat' dir='ltr'><strong>habeat</strong></span> <span class='ocrx_word' id='word_1_813' title='bbox 1530 2678 1536 2696; x_wconf 91' lang='lat'>:</span> <span class='ocrx_word' id='word_1_814' title='bbox 1551 2672 1576 2696; x_wconf 86' lang='lat' dir='ltr'><strong>et</strong></span> <span class='ocrx_word' id='word_1_815' title='bbox 1590 2669 1770 2703; x_wconf 75' lang='lat' dir='ltr'><strong>acceptabilis,</strong></span> <span class='ocrx_word' id='word_1_816' title='bbox 1782 2671 1824 2697; x_wconf 89' lang='lat' dir='ltr'><strong>vel</strong></span> 
     </span>
    </p>
   </div>
   <div class='ocr_carea' id='block_1_110' title="bbox 1037 2714 1825 2749">
    <p class='ocr_par' dir='ltr' id='par_1_110' title="bbox 1037 2714 1825 2749">
     <span class='ocr_line' id='line_1_110' title="bbox 1037 2714 1825 2749; baseline -0.003 -5"><span class='ocrx_word' id='word_1_817' title='bbox 1037 2716 1191 2744; x_wconf 80' lang='lat' dir='ltr'><strong>secundum</strong></span> <span class='ocrx_word' id='word_1_818' title='bbox 1215 2716 1304 2747; x_wconf 84' lang='lat' dir='ltr'><strong>alios,</strong></span> <span class='ocrx_word' id='word_1_819' title='bbox 1324 2715 1558 2749; x_wconf 78' lang='lat' dir='ltr'><strong>comprobationis,</strong></span> <span class='ocrx_word' id='word_1_820' title='bbox 1581 2714 1747 2742; x_wconf 88' lang='lat' dir='ltr'><strong>nominetur.</strong></span> <span class='ocrx_word' id='word_1_821' title='bbox 1778 2715 1825 2743; x_wconf 78' lang='lat' dir='ltr'><strong>Est</strong></span> 
     </span>
    </p>
   </div>
   <div class='ocr_carea' id='block_1_111' title="bbox 1035 2761 1825 2797">
    <p class='ocr_par' dir='ltr' id='par_1_111' title="bbox 1035 2761 1825 2797">
     <span class='ocr_line' id='line_1_111' title="bbox 1035 2761 1825 2797; baseline -0.001 -8"><span class='ocrx_word' id='word_1_822' title='bbox 1035 2763 1109 2790; x_wconf 80' lang='lat' dir='ltr'><strong>etiim</strong></span> <span class='ocrx_word' id='word_1_823' title='bbox 1122 2763 1178 2790; x_wconf 83' lang='lat' dir='ltr'><strong>Deo</strong></span> <span class='ocrx_word' id='word_1_824' title='bbox 1189 2766 1285 2797; x_wconf 78' lang='lat' dir='ltr'><strong>gratus</strong></span> <span class='ocrx_word' id='word_1_825' title='bbox 1297 2762 1354 2795; x_wconf 90' lang='lat' dir='ltr'><strong>ille,</strong></span> <span class='ocrx_word' id='word_1_826' title='bbox 1369 2765 1397 2789; x_wconf 84' lang='lat' dir='ltr'><strong>et</strong></span> <span class='ocrx_word' id='word_1_827' title='bbox 1408 2765 1558 2796; x_wconf 83' lang='lat' dir='ltr'><strong>acceptus;</strong></span> <span class='ocrx_word' id='word_1_828' title='bbox 1574 2761 1678 2797; x_wconf 87' lang='lat' dir='ltr'><strong>quippe</strong></span> <span class='ocrx_word' id='word_1_829' title='bbox 1695 2762 1740 2797; x_wconf 88' lang='lat' dir='ltr'><strong>qui</strong></span> <span class='ocrx_word' id='word_1_830' title='bbox 1769 2762 1825 2788; x_wconf 74' lang='lat' dir='ltr'><strong>dies</strong></span> 
     </span>
    </p>
   </div>
   <div class='ocr_carea' id='block_1_112' title="bbox 245 2860 1822 2900">
    <p class='ocr_par' dir='ltr' id='par_1_112' title="bbox 245 2860 1822 2900">
     <span class='ocr_line' id='line_1_112' title="bbox 245 2860 1822 2900; baseline 0.003 -13"><span class='ocrx_word' id='word_1_831' title='bbox 245 2861 268 2900; x_wconf 56' lang='grc' dir='ltr'><strong>[ο</strong></span> <span class='ocrx_word' id='word_1_832' title='bbox 283 2860 350 2900; x_wconf 65' lang='lat' dir='ltr'><strong>Luc.</strong></span> <span class='ocrx_word' id='word_1_833' title='bbox 363 2861 467 2900; x_wconf 77' lang='lat' dir='ltr'><strong>_Iv,18.</strong></span> <span class='ocrx_word' id='word_1_834' title='bbox 495 2861 526 2900; x_wconf 75' lang='lat'><strong>_’_&#39;</strong></span> <span class='ocrx_word' id='word_1_835' title='bbox 541 2861 637 2900; x_wconf 61' lang='lat' dir='ltr'><strong>lllptllt.</strong></span> <span class='ocrx_word' id='word_1_836' title='bbox 652 2870 678 2896; x_wconf 89' lang='lat' dir='ltr'><strong>v,</strong></span> <span class='ocrx_word' id='word_1_837' title='bbox 695 2861 729 2896; x_wconf 69' lang='lat'><strong>5;</strong></span> <span class='ocrx_word' id='word_1_838' title='bbox 749 2861 816 2890; x_wconf 89' lang='lat' dir='ltr'><strong>Luc.</strong></span> <span class='ocrx_word' id='word_1_839' title='bbox 836 2871 873 2898; x_wconf 87' lang='lat' dir='ltr'><strong>VI,</strong></span> <span class='ocrx_word' id='word_1_840' title='bbox 887 2863 931 2892; x_wconf 78' lang='lat' dir='ltr'><strong>t9.</strong></span> <span class='ocrx_word' id='word_1_841' title='bbox 971 2864 994 2881; x_wconf 85' lang='lat'><strong><em>&quot;</em></strong></span> <span class='ocrx_word' id='word_1_842' title='bbox 1006 2863 1103 2892; x_wconf 80' lang='lat' dir='ltr'><strong>Matth.</strong></span> <span class='ocrx_word' id='word_1_843' title='bbox 1119 2871 1216 2898; x_wconf 77' lang='lat' dir='ltr'><strong>xmn,</strong></span> <span class='ocrx_word' id='word_1_844' title='bbox 1234 2864 1328 2894; x_wconf 71' lang='lat'><strong>18-20.</strong></span> <span class='ocrx_word' id='word_1_845' title='bbox 1366 2865 1388 2882; x_wconf 84' lang='lat'>&quot;</span> <span class='ocrx_word' id='word_1_846' title='bbox 1399 2864 1472 2894; x_wconf 85' lang='lat' dir='ltr'><strong>Psal.</strong></span> <span class='ocrx_word' id='word_1_847' title='bbox 1483 2873 1544 2899; x_wconf 79' lang='lat' dir='ltr'><strong>xm,</strong></span> <span class='ocrx_word' id='word_1_848' title='bbox 1557 2864 1586 2900; x_wconf 77' lang='grc'>2,</span> <span class='ocrx_word' id='word_1_849' title='bbox 1600 2865 1627 2894; x_wconf 77' lang='grc'><strong>5.</strong></span> <span class='ocrx_word' id='word_1_850' title='bbox 1665 2865 1688 2881; x_wconf 80' lang='grc'><strong>’⁸</strong></span> <span class='ocrx_word' id='word_1_851' title='bbox 1708 2863 1822 2894; x_wconf 84' lang='lat' dir='ltr'><strong>Malach.</strong></span> 
     </span>
    </p>
   </div>
   <div class='ocr_carea' id='block_1_113' title="bbox 194 2895 588 2931">
    <p class='ocr_par' dir='ltr' id='par_1_113' title="bbox 194 2895 588 2931">
     <span class='ocr_line' id='line_1_113' title="bbox 194 2895 588 2931; baseline 0.003 -9"><span class='ocrx_word' id='word_1_852' title='bbox 194 2895 269 2928; x_wconf 74' lang='lat' dir='ltr'><strong>tv,2.</strong></span> <span class='ocrx_word' id='word_1_853' title='bbox 306 2896 346 2913; x_wconf 63' lang='grc'><strong>⁷⁸*</strong></span> <span class='ocrx_word' id='word_1_854' title='bbox 363 2897 416 2925; x_wconf 88' lang='lat' dir='ltr'><strong>lsa.</strong></span> <span class='ocrx_word' id='word_1_855' title='bbox 431 2904 476 2931; x_wconf 70' lang='grc' dir='ltr'>ιι,</span> <span class='ocrx_word' id='word_1_856' title='bbox 492 2896 535 2931; x_wconf 85' lang='grc'><strong>19,</strong></span> <span class='ocrx_word' id='word_1_857' title='bbox 543 2897 588 2924; x_wconf 79' lang='lat'><strong>20.</strong></span> 
     </span>
    </p>
   </div>
  </div>
