1988 3079
189 125 260 157 9645

751 131 1016 163 COMMENTARII
1038 133 1078 164 ΙΝ
1099 134 1242 165 ISAIAM.

1749 130 1818 164 2646

189 181 317 214 (Ioui-tag-
349 181 397 214 τὰς
419 183 556 219 ἁμαρτίας
587 183 679 218 φασὶν,
705 184 730 210 οἳ
746 186 793 211 καὶ
807 185 977 221 προσεδόκων

1032 192 1102 220 tum,
1117 189 1207 223 populi
1220 192 1331 222 peccata
1349 187 1484 223 lugebant,
1498 188 1637 221 referant;
1663 188 1711 222 qui
1736 188 1819 214 etiam

188 226 234 253 τὸν
248 227 404 255 δικαιοῦντα
417 230 448 264 τῇ
466 229 556 256 πίστει
571 229 616 255 τὸν
629 229 729 265 ἀσεϐῆ,
754 229 826 264 ἆγιοί
842 239 871 256 τε
893 231 980 263 ὄντες,

190 272 238 298 καὶ
251 272 476 309 τὰςπροφητείας
490 275 603 307 εἰδότες.
620 275 724 310 Βρέφος
745 276 771 310 γ’
785 274 831 303 οὖν
846 276 981 312 ὸΣυμεὼν

189 317 218 341 ἐν
231 318 365 350 ἀγκάλαις
384 319 474 346 λαϐὼν
491 320 536 346 τὸν
556 320 690 354 Χριστὸν,
708 321 770 347 ἰδεῖν
795 321 982 356 ἐξομολογεῖτο

192 372 201 388 I
226 363 283 397 φῶς
309 366 349 396 είς
375 366 544 401 ἀποκάλυψιν
575 367 677 400 ἐθνῶν,
701 369 747 393 καὶ
763 367 841 401 δόξαν
854 367 916 394 λαοῦ
933 376 980 394 σου

195 408 315 444 Ἰσραήλ.
333 419 342 435 ι
371 411 426 437 Καὶ
454 412 591 447 Ζαχαρίας
622 413 637 439 ό
658 413 784 440 Ἰωάννου
810 413 911 448 πατὴρ,
939 413 981 440 ὅτι

190 455 370 490 ἐπεσκέψατο,
385 457 431 483 καὶ
445 458 573 493 ἐποίησεν
590 458 725 494 λύτρωσιν
743 458 782 494 τῷ
808 459 865 494 λαῷ
882 459 978 487 αὐτοῦ.

190 502 245 528 Καὶ
261 503 418 537 Ναθαναὴλ,
435 504 483 530 Ὃν
498 504 599 540 ἔγραψε
617 506 720 539 Μωσῆς
735 506 782 531 καὶ
794 506 818 531 οἱ
830 506 978 541 προφῆται,

190 549 286 582 φησιν,
302 551 460 585 εὑρήκαμεν
486 551 617 584 Ἰησοῦν.
633 551 802 579 Πενθοῦσιν
827 550 874 579 οὖν
889 553 980 584 αὐτοῖς

189 595 206 629 ἠ
222 594 266 621 διὰ
281 596 400 630 Χριστοῦ
429 596 620 631 παράκλησις
636 598 750 625 δέδοται.
764 597 801 624 Τὸ
813 598 841 625 δὲ
851 598 981 633 ἄλειμμα

189 642 219 668 τὸ
233 643 283 677 τῆς
316 644 509 678 εὐφροσύνης
522 644 687 680 παρίστησιν
714 645 815 680 ἱλαρόν.
837 645 930 681 Ἐδόθη
950 645 979 672 δὲ

189 688 283 720 αὐτοῖς
300 690 347 715 καὶ
358 689 433 722 δόξα
449 690 565 724 Χριστός
582 699 589 706 ·
607 691 636 726 ἢ,
652 690 689 723 ὥς
706 692 771 726 φασί
786 700 869 722 τινες,
887 691 979 727 ἐπειδὴ

188 734 323 762 τέθεινται
354 736 439 770 αὐτῆς
467 737 636 772 καθηγηταὶ,
662 738 708 764 καὶ
736 738 916 764 διδάσκαλοι·
932 738 979 765 καὶ

188 781 272 808 τέκνα
289 781 365 813 ὄντες
381 782 431 816 τῆς
451 783 588 809 Ἰουδαίων
614 783 779 819 Συναγωγῆς
798 785 838 815 εἰς
858 784 979 819 πατέρας

188 827 321 860 ἐγένοντο.
343 827 414 863 Πρὸς
433 828 465 864 ἦν
481 837 564 864 φησιν
580 831 594 856 ὁ
607 830 688 856 Δαϐἱδ
704 838 711 844 ·
733 830 806 856 Ἀντὶ
824 830 878 857 τῶν
894 830 978 857 πατέ-

189 881 243 907 ρων
257 881 304 899 σου
331 873 500 909 ἐγενήθησαν
513 875 538 900 οι
560 875 614 901 υἱοί
629 884 688 902 σου.
717 876 772 902 Καὶ
783 875 850 910 γοῦν
872 877 978 907 Παῦλος
995 864 1016 891 Β

187 918 291 953 ἔγραφε
308 920 364 950 τοῖς
376 919 510 955 μαθηταῖς
525 927 534 936 ·
560 921 605 948 Ἐν
635 921 690 956 γὰρ
705 921 816 957 Χριστῷ
834 922 920 956 Ἰησοῦ
934 922 978 949 διὰ

186 964 234 990 τοῦ
262 965 427 999 Εὑαγγελίου
460 965 514 999 ἐγὼ
529 967 599 1001 ὑμᾶς
611 967 751 1003 ἐγέννησα.
766 968 821 994 Καὶ
837 968 923 999 ἄλλως
950 969 979 995 δὲ

186 1010 266 1042 δόξαν
281 1011 417 1043 ἐδέξαντο.
437 1012 501 1038 ποτὲ
532 1012 581 1047 μὲν
595 1013 756 1045 ἠκούοντες·
783 1014 978 1046 ’Λσθενοῦντας

191 1055 372 1090 θεραπεύετε,
389 1057 516 1092 δαιμόνια
533 1058 679 1085 ἐκϐάλλετε
692 1079 700 1091 ,
718 1060 832 1094 νεκροὺς
845 1059 976 1095 ἐγείρετε,

188 1102 254 1128 ποτὲ
271 1103 310 1134 δὲ,
330 1103 424 1137 Ὑμεῖς
439 1104 500 1130 ἐστε
512 1103 542 1129 τὺ
556 1104 614 1138 φῶς
633 1104 679 1130 τοῦ
693 1105 806 1140 κόσμου.
818 1104 886 1132 Εἷτά
898 1113 979 1140 φησι·

187 1148 242 1174 Καὶ
266 1149 473 1182 κληθήσονται
498 1150 597 1185 γενεαὶ
625 1150 822 1185 δικαιοσύνης
844 1152 981 1186 φύτευμα

187 1194 298 1227 Κυρίου
311 1196 355 1226 εἰς
368 1195 483 1228 δόξαν,
510 1196 632 1231 δηλονότι
661 1197 685 1223 οἱ
710 1197 981 1233 καταξιωθησόμενοι

187 1239 240 1266 τοῦ
253 1239 360 1267 deum”;
374 1241 525 1269 ἐνιαυτοῦ.
539 1243 719 1278 Σύμμαχοςδὲ
731 1244 792 1271 ἀντὶ
808 1243 854 1270 τοῦ
869 1244 978 1278 γενεαὶ,

188 1286 271 1321 φησιν
281 1288 412 1321 ἰσχυροί.
424 1288 632 1324 Χρηματίζουσι
658 1291 712 1326 γὰρ
729 1291 752 1317 ei
768 1291 797 1324 ἐξ
812 1290 906 1324 ἐθνῶν,
934 1290 980 1325 γέ-

187 1341 233 1364 νος
258 1332 414 1365 ἐκλεκτὸν,
427 1333 503 1366 ἔθνος
514 1334 603 1369 ἅγιον.
626 1335 689 1368 λαὸς
703 1337 744 1367 εἰς
756 1335 942 1371 περιποίησιν.

187 1379 321 1414 plantalio
333 1379 443 1408 Domini
461 1383 486 1408 in
503 1381 618 1417 gloriam
640 1391 649 1410 :

1033 233 1190 261 sanctitatis
1216 238 1243 260 et
1267 234 1434 269 prophetica:
1460 233 1627 269 cognitionis
1642 233 1730 268 gloria
1756 233 1819 260 illu—

1034 286 1106 307 stres
1119 287 1194 312 eum,
1210 287 1225 306 a
1235 287 1290 313 quo
1302 288 1349 314 per
1361 280 1439 307 iidem
1449 279 1820 315 justiiicareturimpius,cx-

1032 326 1204 360 spectabant.
1234 325 1382 353 Pusioneni
1408 325 1507 360 quippe
1541 324 1653 352 Simeon
1684 325 1742 359 ipse
1757 330 1820 351 cum

1031 371 1173 399 Christum
1190 372 1216 398 in
1235 371 1349 398 brachia
1372 371 1522 405 accepisset
1545 379 1553 397 :
1586 379 1596 396 ι
1614 369 1720 397 Lumen
1737 376 1767 397 se
1785 368 1820 395 ad

1033 417 1229 444 revelationem
1244 417 1377 452 gentium,
1397 422 1424 444 et
1439 417 1555 452 gloriam
1572 417 1666 451 populi
1680 415 1764 443 Israel
1779 415 1821 441 in-

1032 463 1101 490 tueri
1128 463 1268 497 professus
1293 467 1335 490 est
1353 463 1387 489 “.
1409 473 1419 489 ι
1450 462 1577 490 Asseruit
1608 466 1635 490 et
1661 461 1820 491 Zacharias.

1030 508 1147 536 Joannis
1160 514 1246 543 pater,
1273 508 1428 543 inspexisse
1450 508 1607 540 Dominum,
1635 508 1821 544 populumque

1032 563 1111 582 suum
1129 555 1277 582 redemisse
1304 554 1337 582 ⁸⁷.
1368 555 1440 582 Dixit
1467 555 1586 590 denique
1613 558 1641 582 et
1657 552 1820 586 Natlianael,

1031 607 1112 635 quem
1124 599 1185 627 suis
1197 600 1308 634 scriptis
1322 599 1410 628 Moses
1423 601 1493 635 ipse,
1504 605 1531 628 et
1542 601 1682 636 prophetae
1693 599 1821 632 designa-

1031 651 1093 673 rant
1108 645 1201 672 Iesum
1218 653 1247 673 se
1263 645 1401 674 invenisse
1418 646 1451 674 ⁵⁸.
1468 645 1517 673 Est
1540 646 1623 681 igitur
1647 645 1715 680 ipsis
1733 644 1821 679 lugen-

1031 692 1100 718 tibus
1109 699 1157 726 per
1166 691 1306 718 Christum
1316 691 1396 717 allata
1404 691 1562 718 rorisotatia.
1572 691 1713 726 Signilicat
1722 690 1821 718 deinde

1030 737 1161 763 unctionis
1172 744 1281 769 nomen,
1289 737 1375 771 ipsam
1388 736 1489 764 Ιιιιιὶιὶιε
1499 738 1672 764 hilaritatem.
1684 736 1731 764 Est
1740 744 1821 771 porro

1030 787 1057 810 et
1081 782 1136 809 illis
1156 781 1254 816 gloria.
1271 781 1398 809 Christus
1411 782 1469 817 ipse
1485 783 1595 810 tributa.
1612 781 1661 810 Vel
1676 782 1714 816 id,
1742 781 1820 816 juxta

1031 827 1399 861 nonnullorumopinionem,
1408 835 1441 854 eo
1451 827 1540 854 retulit
1553 836 1560 861 ;
1575 828 1646 862 quod
1662 827 1724 862 ejus
1737 827 1821 854 duces

1031 877 1059 900 et
1076 873 1221 907 inagistros
1242 873 1294 900 sibi
1324 873 1470 908 praefectos
1490 874 1613 905 haberet.
1634 874 1681 909 qui
1711 878 1739 901 et
1767 874 1820 909 ipsi

1032 918 1152 946 Judaica:
1164 917 1312 953 Synagogze
1328 919 1386 950 lilii,
1400 918 1427 946 in
1439 924 1530 954 patres
1547 926 1709 952 evaserunt;
1721 921 1756 948 de
1766 929 1821 956 qua

1033 965 1162 992 Davidem
1178 972 1239 992 esse
1256 966 1376 992 locutum
1393 973 1446 992 non
1473 967 1650 1002 ambigimus,
1682 975 1745 994 cum
1771 975 1822 1002 pro

1033 1011 1157 1046 patribus
1171 1016 1250 1037 natos
1275 1018 1336 1038 esse
1352 1011 1423 1039 lilios
1440 1012 1583 1039 aﬂirmavit
1596 1012 1629 1040 ⁸⁵.
1649 1012 1682 1040 Et
1706 1012 1820 1041 Paulum

1032 1058 1129 1088 etiam,
1147 1065 1209 1083 enm
1226 1057 1379 1091 discipulos
1402 1065 1468 1086 suos
1494 1059 1649 1093 alloquens,
1674 1067 1721 1088 eos
1747 1067 1776 1087 se
1792 1060 1820 1086 in

1035 1102 1147 1131 Christo
1166 1103 1231 1130 Jesu
1249 1113 1297 1140 per
1311 1105 1486 1141 Evangelium
1515 1106 1644 1140 genuisse
1666 1105 1762 1133 scribit
1784 1106 1819 1132 '°.

1032 1149 1107 1176 Alias
1124 1157 1190 1177 vero
1201 1155 1229 1176 et
1240 1151 1325 1185 gloria
1339 1150 1429 1178 allecti
1457 1154 1537 1183 sunt;
1563 1151 1609 1185 qui
1627 1151 1749 1177 iniirinos
1764 1150 1822 1185 qni-

1032 1196 1093 1223 dem
1108 1196 1236 1228 sanandi,
1250 1197 1295 1232 qui
1309 1197 1444 1224 dannonia
1459 1197 1600 1231 ejiciendi,
1624 1197 1671 1231 qui
1697 1201 1821 1225 mortuus

1030 1242 1112 1269 etiam
1129 1242 1281 1269 suscitandi
1295 1246 1457 1277 potestatem
1473 1247 1636 1276 acceperunt
1654 1243 1676 1258 ⁹¹
1693 1251 1700 1275 ;
1716 1243 1761 1277 qui
1773 1242 1821 1270 de-

1032 1289 1115 1323 nique
1129 1289 1219 1315 lumen
1236 1297 1265 1316 se
1281 1289 1402 1322 gentium
1431 1288 1488 1315 fieri
1512 1288 1679 1316 audiverunt
1706 1288 1741 1315 ".
1769 1287 1820 1315 Se-

1031 1335 1126 1370 quitur
1142 1334 1260 1362 deinde:
1278 1334 1309 1361 Et
1328 1334 1491 1361 vocabuntur
1513 1335 1694 1370 generationes
1705 1334 1821 1369 justitiw

683 1384 699 1410 ii
735 1384 876 1416 nimirum,
908 1383 955 1418 qui
985 1382 1142 1418 arceptabili
1162 1391 1231 1409 anno
1265 1383 1363 1418 dignos
1386 1390 1415 1410 se
1431 1382 1608 1417 praebuerint.
1623 1382 1674 1410 Sed
1697 1390 1747 1418 pro
1765 1391 1820 1417 quo

187 1430 370 1464 generationes
383 1430 524 1461 habemus.
536 1430 693 1465 furtesdixil
705 1431 898 1467 Symmachus.
930 1431 1000 1459 Sunt
1017 1432 1102 1463 enim.
1120 1431 1168 1466 qui
1192 1431 1226 1458 de
1253 1430 1382 1466 gentibus
1404 1430 1555 1464 exsistunt,
1580 1438 1666 1466 genus
1699 1431 1819 1464 electum,

187 1484 255 1511 gens
269 1482 374 1508 saneta,
388 1478 504 1512 populus
520 1479 710 1512 acquisitionis
720 1479 753 1506 “.

223 1536 422 1568 Δικαιοσύνης
434 1536 462 1562 δὲ
472 1536 572 1570 γενεαὶ
585 1538 634 1572 τῆς
653 1538 682 1564 ἐν
708 1538 818 1574 Χριστῷ
829 1538 875 1565 καὶ
886 1538 935 1574 τὴν
947 1540 977 1566 ἐν

1063 1536 1144 1573 703
1173 1536 1293 1563 Justitirz
1313 1544 1373 1563 vero
1394 1535 1585 1571 generationes.
1602 1535 1672 1569 ejus,
1705 1542 1766 1570 qua!
1793 1535 1820 1562 in

189 1580 264 1615 νόμῳ
278 1580 406 1615 νικώσης.
426 1589 435 1606 ι
457 1581 519 1607 Ἐὰν
534 1582 588 1617 γὰρ
611 1581 648 1617 μὴ
676 1582 858 1618 περισσεύσῃ,
883 1583 976 1618 φησιν,

189 1626 206 1660 ἡ
223 1625 379 1661 δικαιοσύνη
417 1626 494 1661 ὑμῶν
509 1627 600 1653 πλεῖον
627 1627 682 1654 τῶν
710 1628 900 1663 Γραμματὲων
931 1629 978 1655 καὶ

188 1672 353 1708 Φαρισαίων,
369 1672 400 1699 οὑ
418 1672 455 1708 μὴ
477 1673 617 1708 εἰσέλθητε
644 1674 684 1705 εἰς
700 1674 749 1710 τὴν
764 1674 904 1709 βασιλείαν
925 1665 979 1702 τῶν

188 1719 322 1753 οὐρανῶν,
342 1728 351 1744 ι
368 1719 402 1754 ἣν
414 1719 543 1754 διήνυσαν
563 1720 682 1754 ἰσχυροὶ
701 1721 854 1755 γεγονότες,
878 1721 916 1753 ὡς
935 1720 978 1753 ἐξ·

188 1763 273 1790 έδωκε
286 1764 444 1800 Σύμμαχος.
453 1765 592 1799 Φύτευμα
600 1765 627 1792 δὲ
636 1766 757 1800 Κυρίου,
766 1766 803 1798 ὡς
814 1767 880 1793 Θεοῦ
891 1767 979 1802 γεώρ-

188 1819 258 1844 γιον,
273 1811 337 1845 περὶ
349 1807 386 1838 ὧν
396 1811 511 1845 ἔψαλλεν
527 1812 542 1837 ὁ
570 1811 652 1838 Δαὸίδ
665 1819 673 1827 ·
692 1822 701 1837 ι
720 1813 921 1848 Πεφυτευμένοι
949 1814 978 1839 ὲν

188 1856 228 1891 τῷ
239 1857 304 1892 οἴκῳ
320 1857 435 1892 Κυρίου,
446 1858 476 1884 ὲν
486 1859 546 1888 ταῖς
559 1858 655 1889 αὐλαῖς
668 1857 715 1884 τοῦ
728 1857 796 1884 Θεοῦ
808 1859 887 1893 ἡμῶν
898 1858 978 1892 ἐξαν-

189 1903 314 1938 οήσουσι.
335 1912 344 1928 ι
367 1904 422 1929 Καὶ
432 1903 537 1935 Παῦλος
563 1903 592 1930 δέ
608 1913 691 1938 φησιν
705 1913 712 1920 ⁸
731 1913 740 1929 ι
760 1904 829 1937 Ἐγὼ
842 1904 978 1939 ἐφύτευσα

188 1950 272 1982 ὑμᾶς,
293 1949 430 1982 Ἀπολλὼς
445 1950 580 1982 ἐπότισεν,
593 1951 607 1976 ὁ
619 1950 646 1976 δὲ
663 1950 863 1984 Θεὸςηῦξανεν.
882 1960 890 1977 ι
910 1951 978 1978 Συν-

188 1996 247 2031 ᾀδει
272 1996 320 2022 καὶ
335 1996 376 2028 τὺ,
406 2005 415 2021 ι
434 1996 543 2027 Δίκαιος
567 1995 604 2027 ὡς
619 1996 706 2030 φοῖνιξ
731 1996 852 2032 ἀνθήσει.
871 2006 880 2022 ι
922 1997 978 2024 Καὶ

187 2042 446 2076 οὶκοὸομήσουσιν
456 2041 586 2077 ἐρήμους
602 2043 724 2075 ιιίωνίιις
738 2051 746 2059 ο
760 2042 816 2069 τῶν
832 2043 898 2078 πρὶν
911 2044 979 2077 ἐρή-

183 2095 251 2121 μων
265 2087 350 2113 ἐθνῶν
364 2087 411 2118 τὰς
425 2086 524 2122 ψυχάς.
549 2087 662 2121 Ἰιγουν,
687 2089 753 2121 φασί
765 2097 847 2121 τινες,
864 2089 895 2115 τὸ
908 2089 976 2124 πλῆ-

188 2133 234 2163 οος
250 2133 378 2168 ἐμφαίνει
391 2132 445 2159 τῶν
456 2133 500 2159 διὰ
520 2133 640 2164 πίστεως
653 2133 842 2173 κεκλημένων,
871 2135 909 2166 ὡς
925 2135 978 2161 δεῖ·

187 2179 250 2205 σθαι
276 2180 396 2206 πόλεων
420 2178 522 2214 ἐτέρων
549 2178 585 2205 ἐν
613 2178 736 2213 ἐρήμοις
761 2181 952 2216 γενησομένων
968 2189 975 2196 '

1032 1584 1144 1611 Christo
1157 1587 1209 1615 est,
1225 1586 1253 1610 et
1271 1581 1383 1616 legalem
1397 1584 1519 1616 superat:
1535 1581 1689 1608 «Nisienim
1703 1581 1822 1608 abunda-

1033 1629 1111 1661 verit,
1120 1628 1220 1662 inquit.
1232 1627 1339 1662 justitia
1351 1627 1608 1662 vestra,p|usquam
1618 1626 1777 1654 Scribarum
1794 1632 1823 1654 et

1033 1674 1252 1706 Pharisaeorum,
1281 1680 1335 1700 non
1351 1673 1475 1708 poteritis
1498 1672 1527 1699 in
1546 1679 1661 1707 regnum
1687 1673 1820 1699 ccelorum

1032 1720 1138 1756 ingredi
1155 1720 1197 1752 ";
1219 1727 1228 1744 ι
1251 1725 1368 1753 eamque
1382 1717 1536 1746 absolutam
1554 1723 1580 1746 et
1596 1717 1744 1752 perfectam
1759 1718 1821 1745 red-

1032 1765 1173 1797 diderunt,
1189 1763 1236 1798 qui
1254 1763 1336 1797 fortes
1363 1770 1403 1795 se,
1419 1766 1448 1789 ut
1464 1767 1507 1789 est
1535 1769 1550 1789 a
1570 1762 1736 1798 Symmacho
1759 1762 1822 1789 red-

1032 1810 1131 1841 ditum,
1164 1809 1362 1844 prmsliterunt.
1380 1808 1427 1835 Est
1454 1816 1520 1835 vero
1541 1807 1674 1842 plantaria
1700 1808 1819 1841 Domini,

1032 1861 1163 1891 tanquam
1179 1855 1227 1882 Dei
1242 1855 1429 1890 agricultura:
1451 1853 1486 1882 de
1500 1854 1602 1889 quibus
1627 1859 1692 1881 sunt
1707 1854 1754 1881 illa
1769 1853 1821 1880 Da-

1031 1903 1123 1929 vidis:
1157 1913 1166 1927 ι
1187 1901 1304 1928 Plantati
1331 1901 1358 1928 in
1383 1900 1466 1927 domo
1495 1900 1614 1932 Domini,
1633 1900 1659 1927 in
1681 1900 1759 1927 atriis
1776 1899 1821 1927 Dei

1032 1948 1119 1975 nostri
1136 1947 1316 1975 ﬂorebunt".
1332 1957 1341 1974 ι
1374 1946 1406 1974 Et
1428 1947 1552 1981 Apostoli
1566 1956 1574 1974 :
1607 1956 1616 1972 ι
1633 1946 1689 1982 Ego
1703 1946 1821 1981 plantavi

1031 2003 1080 2023 vos
1093 2004 1099 2028 ;
1117 1995 1216 2029 Apollo
1229 1994 1345 2030 rigavit;
1373 1994 1445 2022 Deus
1458 1999 1549 2021 autem
1565 1994 1764 2021 incrementum
1776 1995 1822 2021 de-

1031 2044 1072 2070 dit
1089 2043 1123 2069 “.
1142 2052 1151 2068 ι
1186 2042 1292 2075 Quibus
1320 2041 1450 2068 convenit
1477 2044 1505 2067 et
1526 2040 1611 2067 illud:
1644 2039 1766 2067 «Justus
1795 2044 1822 2066 ut

1031 2089 1122 2124 palma
1150 2087 1302 2115 liorebit".
1319 2096 1328 2112 ι
1351 2085 1484 2122 Sequitur
1495 2086 1614 2113 deinde:
1645 2085 1679 2112 Et
1705 2086 1821 2120 adiﬁca-

1032 2134 1095 2161 bunt
1107 2133 1214 2161 deserta
1232 2133 1391 2167 sempiterna
1403 2153 1410 2165 ,
1428 2132 1530 2167 quibus
1544 2133 1711 2160 desertarum
1741 2137 1822 2159 antea

1031 2180 1155 2216 gentium
1173 2179 1281 2207 animas
1313 2179 1452 2215 intelligit.
1472 2177 1519 2206 Vel
1539 2183 1615 2206 certe
1644 2179 1730 2212 (aiunt
1753 2187 1823 2206 nun-

185 2224 271 2259 ἤγουν
288 2225 337 2256 τὰς
350 2224 499 2259 ἐκκλησίας
513 2224 562 2256 τὰς
580 2225 644 2260 πρὶν
663 2226 783 2260 ἐρήμους
810 2226 976 2258 θεοσεὸείας.

1032 2227 1112 2260 nulli)
1137 2233 1233 2253 eorum
1262 2225 1401 2260 ingentem
1434 2225 1503 2252 adeo
1520 2232 1675 2257 numerum,
1696 2224 1744 2259 qui
1775 2232 1822 2259 per

186 2271 241 2298 Καὶ
250 2270 380 2308 ἧξουσιν
389 2270 573 2305 ἀλλογενεῖς,
586 2271 795 2304 ποιμαίνοντες
803 2272 838 2298 τὰ
847 2272 979 2306 πρόϐατά

185 2324 255 2344 σου.
273 2317 333 2344 Τῶν
348 2316 402 2351 γὰρ
417 2316 557 2352 προτέρων
583 2317 793 2352 ὲκὸεὸλημένων
821 2317 903 2353 (πρὸς
931 2319 978 2350 οὓς

183 2371 227 2395 τις
247 2363 320 2397 λέγει
342 2363 486 2398 προφήτης
503 2371 509 2378 ·
532 2372 541 2389 ι
564 2360 599 2388 Ὦ
623 2363 754 2398 ποιμένες
775 2363 884 2399 Ἰσραήλ
899 2372 907 2380 ’
939 2365 976 2399 μὴ

185 2409 330 2445 βόσκουσιν
358 2411 382 2436 οἱ
419 2409 548 2444 ποιμένες
572 2409 705 2441 ἑαυτούς;
723 2410 785 2445 οὐχ).
800 2410 835 2437 τὰ
851 2410 976 2446 πρόϐατα

185 2457 330 2492 βόσκουσιν
348 2457 373 2483 οῐ
386 2457 531 2491 ποιμένες;
551 2465 560 2482 3
579 2457 647 2491 προς
664 2456 712 2488 οὓς
723 2457 816 2491 ἔλεγεν
831 2458 845 2483 ό
856 2457 952 2492 Σωτήρ
966 2465 973 2473 ⁸

186 2512 197 2528 ε
218 2503 383 2539 Ἀρθήσεται
405 2503 451 2537 ἀφ’
478 2502 585 2538 ὑμῶνή
611 2502 735 2537 βασιλεία
749 2503 796 2530 τοῦ
819 2502 898 2534 Θεοῦ,
928 2503 976 2530 καὶ

183 2547 326 2584 δοθήσεται
355 2549 427 2576 ἔθνει
452 2548 573 2575 ποιοῦντι
590 2549 653 2581 τοὺς
678 2549 803 2584 καρποὺς
830 2549 916 2584 αὐτῆς
934 2550 975 2583 ι),

183 2594 244 2620 div-cl.
267 2594 371 2620 τούτων
406 2594 511 2621 ἐθνικοὶ
538 2594 680 2629 ποιμένες
706 2595 890 2630 κατέστησαν.
916 2594 976 2621 Ἐν-

182 2640 270 2667 ταῦθα
281 2641 310 2666 δέ
329 2640 421 2674 σαφῶς
438 2640 485 2666 τοῦ
504 2640 587 2675 νόμου
618 2641 774 2674 μετάθεσιν,
789 2642 836 2667 καὶ
849 2641 898 2676 τῆς
913 2642 975 2667 κατ’

182 2686 264 2713 αὑτὸν
285 2686 435 2722 ἱερωσύνης
459 2685 620 2720 παρίστησι,
639 2686 738 2720 μηκέτι
761 2686 816 2713 τῶν
844 2686 877 2712 ἐκ
905 2686 973 2713 Λευῒ

217 2773 436 2826 ἰέὲέίθιπῆῗῖ·
516 2775 583 2826 5:12“;
598 2775 686 2826 ιηείεδ
723 2774 878 2826 Ἢοᾶῗλίι
897 2776 943 2826 ‘3?-
960 2811 976 2826 ο

1032 2777 1093 2805 ’sal.
1113 2785 1186 2806 xuv.
1206 2776 1251 2804 17.
1289 2775 1332 2802 ⁹⁰1
1347 2775 1411 2802 Cor.
1437 2782 1474 2805 ιν,
1499 2773 1542 2802 13.

1062 2814 1083 2826 ιη
1120 2812 1179 2826 l)...l
1223 2819 1264 2826 -n.
1309 2811 1338 2826 At
1390 2810 1413 2826 M
1438 2809 1446 2826 I
1467 2810 1521 2826 Γεμ-

748 2811 771 2826 τη
790 2811 883 2838 Matth.
912 2820 938 2844 ν,
960 2811 1005 2840 20.

710 2847 731 2862 "
747 2845 841 2874 Matth.
867 2855 923 2881 xXI,
948 2847 991 2874 43.

183 2809 206 2824 "
218 2808 312 2836 Matth.
325 2818 351 2842 v,
370 2810 413 2837 Η.
451 2810 494 2837 ⁵³1
515 2809 589 2837 Pctr.
626 2820 654 2843 ιι,
667 2811 693 2838 9.

182 2852 238 2878 xei,
270 2844 310 2872 15.
366 2845 388 2861 ⁹⁸
406 2845 611 2879 Ezech.xxxtv,
644 2847 671 2872 Ξ.

1035 2272 1115 2299 Iidem
1127 2271 1216 2299 vocati
1231 2275 1306 2303 sunt,
1322 2271 1408 2299 fuisse
1425 2272 1611 2304 demonstrat;
1625 2275 1656 2298 ut
1671 2271 1822 2298 civitatibus

1033 2317 1107 2347 aliis.
1126 2324 1188 2351 qtue
1205 2316 1232 2343 in
1247 2317 1436 2344 solitudinibus
1452 2320 1661 2349 construantur,
1681 2324 1749 2351 opus
1764 2317 1799 2344 sit
1813 2325 1819 2343 :

1032 2364 1074 2391 vel
1089 2363 1172 2391 etiam
1190 2363 1330 2391 Ecclesias
1346 2363 1422 2398 ipsas
1437 2363 1545 2396 innuit,
1560 2371 1622 2398 qua:
1638 2364 1739 2398 pietate
1759 2363 1822 2390 Dei-

1032 2415 1086 2442 que
1103 2406 1180 2434 eultu
1201 2407 1310 2434 fuerant
1330 2413 1410 2434 antea
1436 2407 1585 2434 destitutae.
1614 2406 1716 2441 Adjicit
1739 2415 1822 2442 perro

1031 2458 1154 2480 uenturas
1180 2461 1237 2480 esse
1262 2453 1438 2488 alienigenas,
1462 2453 1508 2488 qui
1537 2461 1596 2480 oves
1616 2453 1673 2488 ejus
1697 2458 1820 2488 pascant.

1030 2499 1174 2527 Prioribus
1190 2500 1264 2527 enim
1279 2500 1399 2543 expulsis
1413 2499 1446 2526 ad
1462 2507 1531 2534 quos
1543 2503 1608 2527 sunt
1623 2500 1668 2526 illa
1682 2501 1821 2535 propheta:

1030 2546 1191 2580 cujusdam:
1211 2545 1233 2573 0
1247 2551 1371 2581 pastoris
1390 2545 1485 2578 lsrael,
1507 2546 1632 2580 nunquid
1657 2547 1820 2581 semetipsos

1030 2597 1148 2628 pascunt
1163 2600 1288 2628 pastores
1299 2593 1417 2620 ?Annnn
1433 2600 1499 2620 oves
1513 2597 1758 2628 pascuntpastores
1767 2592 1817 2619 "'h

1031 2638 1063 2665 Et
1077 2639 1122 2665 illa
1143 2639 1314 2667 Salvatoris:
1337 2638 1500 2665 iAuferetur
1512 2646 1526 2665 a
1539 2639 1617 2666 vobis
1635 2646 1747 2673 regnum
1760 2637 1819 2669 Dei.

1026 2690 1054 2714 et
1071 2684 1182 2712 dabitur
1199 2686 1286 2721 genti,
1304 2692 1365 2720 qua:
1387 2685 1450 2711 edat
1479 2683 1587 2712 fructus
1619 2685 1679 2719 rjns
1691 2685 1724 2711 ⁹⁹.
1744 2694 1753 2710 ι
1790 2683 1819 2710 ln

1580 2774 1602 2790 ⁹¹
1626 2772 1721 2800 Matth.
1744 2781 1769 2803 Χ.
1789 2773 1816 2800 8.

1062 2814 1083 2829 ’⁵
1119 2812 1190 2839 Psal.
1223 2819 1277 2843 xei,
1309 2811 1352 2838 ll.
1390 2810 1413 2826 ⁹⁶
1438 2809 1532 2837 Ιεοτ.
1559 2816 1600 2842 ιιι,
1617 2809 1643 2836 6.
1700 2807 1722 2824 ’⁷
1745 2808 1816 2836 I'sal.
