1988 3079
175 120 245 153 2647

826 124 1003 157 PROCOPII
1017 125 1139 157 GAZ/EI

1736 128 1807 160 2648

175 186 271 205 eorum
288 178 378 206 locum
389 179 436 214 qui
456 179 489 208 de
516 180 644 216 gentibus
663 184 815 215 exsistunt,
844 187 958 218 pastore:

1016 183 1259 219 λειτουργούντων.
1274 182 1328 211 Ἦν
1341 184 1396 221 γὰρ
1406 185 1497 217 αὐτοῖς
1512 184 1643 220 ἀδόκιμον
1669 184 1699 211 τδ
1723 185 1809 220 ἀργύ-

174 224 294 252 instituti
311 229 385 252 sunt.
400 224 450 253 Hic
467 225 540 253 enim
561 231 656 261 aperte
671 227 737 262 legis
760 232 787 255 et
812 229 960 256 sacerdotii

173 270 234 304 ejus
250 271 457 298 translationem
475 270 594 304 indicat;
614 271 689 299 nullo
703 273 821 308 amplius
833 273 866 301 de
881 274 961 301 Levi-

172 318 263 341 tarum
295 322 394 348 genere
421 315 585 350 superstite;
608 323 724 350 quorum
748 321 807 343 erat
826 317 962 352 improba-

172 365 242 394 tum,
259 362 331 389 etab
344 370 396 390 usu
412 367 547 391 remotum
572 368 726 398 argentum.
764 364 825 398 Quo
857 365 959 392 factum

173 412 227 441 est,
244 412 274 436 ut
289 409 322 436 de
336 409 459 444 gentium
476 417 592 437 numero
609 410 637 438 in
654 411 764 438 illorttm
781 411 868 439 vicem
897 411 964 439 sub-

174 454 247 481 irent
259 460 379 482 aratores
395 459 420 482 et
437 456 572 483 vinitores.
588 455 724 489 Quoniam
739 457 810 484 enim
840 457 887 492 qui
902 465 964 485 cre-

173 499 378 536 dunt,persa:pc
391 500 419 528 in
433 500 576 536 Scriptura
591 503 654 530 vitis
665 508 692 529 et
715 502 812 530 hortus
825 503 965 537 appellan-

173 550 236 573 tur:
255 550 282 574 et
298 546 342 573 hic
359 547 442 575 etiam
454 555 508 575 non
525 548 643 576 absimili
659 548 810 576 intentione
824 554 963 575 aratorum

173 597 199 619 et
214 593 358 619 vinitorum
373 593 483 620 nomina
499 594 655 628 usurpavit.
671 594 731 621 Non
750 594 787 621 illi
823 595 906 630 igitur
933 594 960 622 id

174 636 286 664 honoris
298 636 350 664 sibi
361 637 502 671 abripiunt
516 645 522 670 ;
540 637 588 665 sed
606 645 620 664 a
638 637 692 665 Deo
707 638 796 665 vocati
812 638 903 672 potius
915 645 963 665 ac-

173 681 284 709 codunt.
312 681 399 710 Fuere
428 686 559 717 praeterea
579 688 698 717 pastore:
714 683 740 710 in
758 684 815 717 lege
839 683 965 710 viticala-

1018 236 1084 263 ριον.
1102 229 1134 255 0t
1148 229 1239 257 τοίνυν
1259 229 1289 262 ἐξ
1309 229 1394 257 ὲθνῶν
1422 230 1470 257 καὶ
1495 230 1640 264 ἀροτῆρες
1669 229 1808 264 γεγόνασι,

1016 273 1066 300 καὶ
1077 274 1292 309 ἀμπελουργοί.
1309 275 1387 302 Ἐπεὶ
1402 267 1456 311 ἧὰρ
1469 276 1586 311 ἐκλεκτὴ
1598 276 1633 311 γῆ
1662 275 1808 311 κέκληνται

1016 320 1182 356 πλεισταχοῦ
1195 321 1245 356 τῆς
1255 321 1372 357 Γραφῆς
1385 322 1408 348 οἱ
1432 322 1640 353 πιστεύσαντες,
1659 322 1707 349 καὶ
1719 322 1809 357 ἀμπε-

1016 365 1080 398 λὼν,
1107 366 1155 392 καὶ
1190 366 1278 401 κῆπος
1294 366 1457 400 ’ἀναλόγως
1488 366 1638 401 ἀροτῆράς
1656 375 1733 402 φησι,
1761 366 1808 392 καὶ

1015 409 1256 444 ἀμπελουργούς.
1281 410 1388 437 Οὐκοῦν
1402 411 1452 437 οὐκ
1475 412 1567 443 αὐτοῖς
1580 411 1733 447 ἁρπάζουσι
1759 414 1809 445 τὴν

1014 455 1108 490 τιμὴν,
1127 455 1276 491 κέκληνται
1290 456 1318 483 δὲ
1335 456 1436 492 μᾶλλον
1450 457 1526 492 παρὰ
1547 457 1625 484 Θεοῦ.
1643 457 1699 484 Καὶ
1707 456 1808 484 οἱκατὰ

1015 499 1096 534 νόμον
1109 499 1137 526 δὲ
1151 501 1293 534 ποιμένες
1320 501 1484 535 ἀμπελῶνος
1509 501 1664 537 ἐκλήθησαν
1677 502 1805 537 γεωργοὶ,

1016 544 1080 580 περὶ
1094 541 1132 572 ὧν
1145 554 1228 581 φησιν
1239 547 1253 572 ό
1267 547 1364 582 Σωτήρ
1378 555 1386 562 ·
1414 546 1446 573 Τί
1465 547 1574 583 ποιήσει
1593 549 1607 574 ὁ
1634 548 1735 583 Κύριος
1759 546 1807 574 τοῦ

1014 591 1176 627 ἀμπελῶνος
1187 594 1242 624 τοῖς
1257 594 1352 625 κακοῖς
1365 594 1500 628 γεωργοῖς
1512 603 1519 628 ;
1537 595 1600 626 Τοῖς
1612 591 1658 621 οὖν
1670 594 1731 621 ἀντὶ
1747 594 1808 621 τοὺι

1016 645 1070 663 των
1090 638 1104 664 6
1121 638 1262 673 προφήτης
1286 639 1368 673 φησίν
1385 647 1392 654 '
1419 639 1515 674 Ὑμεῖς
1535 640 1563 667 δὲ
1583 640 1671 675 ἱερεῖς
1685 641 1806 674 Κυρίου,

1019 683 1213 717 κληθήσεσθε
1237 685 1406 719 λειτουργοὶ
1427 685 1482 712 τοῦ
1509 685 1584 712 Θεοῦ
1600 685 1694 720 ἡμῶν.

174 736 234 756 rum
254 729 363 756 nomine
381 729 539 764 signiﬁcati;
558 729 591 757 ad
608 731 680 765 quod
698 731 824 758 Salvator
841 731 899 764 ipse
916 729 1080 765 respiciens,
1096 730 1160 765 quid
1175 731 1255 758 malis
1281 731 1367 759 vincte
1401 732 1554 760 cultoribus
1589 732 1725 761 facturum
1755 732 1808 761 Do-

173 777 277 804 minum
293 774 374 811 7(ιᾶΙ
387 776 564 810 arbitremur,
580 777 731 812 interrogat
750 778 768 804 ι.
787 777 848 804 Illos
869 777 962 812 igitur,
983 776 1028 811 qui
1048 776 1074 804 in
1091 777 1208 804 istorttm
1224 777 1314 805 locum
1333 779 1488 811 subierunt,
1525 781 1655 816 propheta
1690 781 1808 815 alloqui-

174 831 238 854 tur:
260 826 326 854 Cum
347 826 453 852 Domini
463 829 610 852 sacerdotes
626 825 673 851 Dei
690 825 775 852 nostri
802 825 937 852 ministros
967 830 1090 851 uocatum
1105 825 1140 851 iri
1153 825 1257 859 adjicit.

208 873 324 906 Quinam
341 876 431 899 autem
444 871 501 904 alii,
518 879 600 906 quam
617 871 744 899 Ecclesite
756 871 891 903 vinitores,
913 871 958 905 fort

1057 870 1136 902 Τίνες
1153 871 1210 898 ἀλλ’
1234 871 1259 898 oi
1271 876 1282 896 Β
1297 871 1347 906 τῆς
1363 871 1527 907 Ἐκκλησίας
1549 873 1751 908 ἀμπελοτφγηοί
1762 895 1769 906 ,
1781 874 1807 902 οἱ

173 919 312 946 titudinem
328 918 443 953 gentium
458 918 500 944 vel
519 917 710 944 abundantiam
723 917 763 953 (ut
788 917 893 952 Aquilae
905 918 961 952 pla-

172 963 234 1000 cet)
251 964 402 992 comesturi
418 964 502 991 sunt?
517 963 612 991 Nullus
635 964 707 991 enim
728 964 809 992 cibus
820 973 896 998 aeque
911 973 961 999 pa-

171 1011 289 1039 storibus
301 1010 431 1038 Ecclesiae
442 1011 579 1046 congruit.
594 1015 676 1045 atque
686 1011 743 1044 ipsa
755 1011 887 1046 gentium,
901 1019 962 1047 quae

173 1065 222 1092 per
234 1058 301 1085 istos
320 1057 436 1084 salutent
463 1057 567 1090 adeptae
584 1061 659 1087 sunt,
683 1056 824 1091 fortitudo.
850 1056 962 1084 Fuerint

171 1112 236 1131 vero
251 1104 307 1136 isti,
323 1103 368 1139 qui
380 1103 563 1138 fortitudinem
577 1111 653 1130 suam
667 1103 779 1131 ferendo
787 1107 814 1130 et
823 1103 960 1138 patiendo,

170 1151 198 1177 in
213 1151 339 1178 veritatis
352 1150 505 1178 assertione
521 1152 707 1177 ostentarunt.
722 1149 822 1184 Adjicit
839 1156 920 1183 porro
934 1149 960 1176 in

169 1196 272 1223 divitiis
280 1196 359 1223 etiam
375 1196 431 1231 fore
448 1195 633 1223 admirabiles.
649 1194 701 1223 Sed
719 1199 762 1222 est
776 1195 810 1222 de
838 1195 960 1228 gentium

169 1242 269 1269 diuitiis
285 1242 511 1276 intelligendum;
529 1241 564 1269 de
577 1241 678 1276 quibus
695 1241 729 1268 ad
746 1241 906 1270 Corinthios
922 1242 958 1269 ita

170 1288 267 1315 scribit
297 1288 460 1322 Apostolus:
497 1297 506 1313 ι
525 1287 636 1316 Gratias
662 1296 714 1323 ago
738 1288 793 1315 Deo
818 1296 880 1316 meo
912 1295 961 1324 per

167 1334 260 1362 Iesum
278 1334 430 1366 Christum,
442 1334 513 1369 quod
526 1334 553 1361 in
566 1335 695 1362 omnibus
708 1334 806 1362 divites
819 1334 883 1362 facti
892 1335 959 1363 estis

169 1382 196 1408 in
213 1381 260 1408 illo
271 1401 279 1413 ,
310 1381 338 1408 in
353 1381 427 1408 omni
442 1380 524 1408 verbo
537 1385 565 1408 et
592 1381 619 1407 in
634 1381 708 1407 omni
735 1381 863 1408 scientia:
888 1382 960 1408 sicut

168 1426 355 1454 testimonium
365 1425 467 1453 Christi
477 1425 668 1452 conﬁrmatum
681 1429 723 1453 est
737 1425 764 1452 in
779 1425 868 1459 vobis,
882 1426 918 1453 ita
930 1431 960 1454 ut

168 1472 237 1500 nihil
253 1471 324 1499 desit
351 1471 430 1498 vobis
453 1471 480 1498 in
501 1471 556 1497 ulla
572 1470 658 1505 gratia
673 1472 694 1498 ¹.
715 1480 724 1496 ι
757 1470 827 1498 Sunt
855 1475 957 1503 tamen,

168 1517 215 1553 qni
229 1525 277 1552 per
292 1516 477 1552 fortitudinem
495 1516 624 1551 gentium,
637 1517 754 1544 collatos
767 1524 783 1544 a
797 1517 958 1552 potentissi-

167 1562 231 1593 mis,
243 1561 288 1596 qui
302 1562 334 1588 de
352 1561 471 1596 gentibus
499 1561 589 1588 vocati
617 1561 683 1593 sint.
708 1561 829 1590 honores
853 1562 956 1590 intelli-

168 1611 243 1643 gant.
257 1606 304 1635 Vel
322 1608 348 1635 id
361 1607 422 1635 ideo
433 1607 570 1642 adjectum
579 1615 650 1639 esse,
665 1609 737 1643 quod
749 1609 864 1644 gentium
884 1609 957 1637 vires

168 1653 239 1687 (sive
265 1653 388 1682 illustres
411 1653 483 1688 apud
509 1661 567 1686 eas,
593 1653 652 1681 sive
665 1655 791 1682 saeculari
821 1655 957 1690 sapientia

167 1699 334 1727 exercitatos
348 1699 494 1734 intelligas)
510 1699 618 1726 illorum
632 1704 793 1735 superatura
806 1701 841 1728 sit
856 1701 957 1729 oratio.

168 1744 288 1771 Laudent
305 1745 378 1771 enim
400 1749 426 1772 et
447 1745 561 1779 gloriam
578 1745 640 1772 ideo
666 1746 757 1779 adepti
777 1751 852 1779 sunt,
884 1747 957 1782 quod

169 1789 238 1824 ipsis
255 1789 415 1824 superiores
433 1796 463 1817 se
480 1790 677 1823 praestiterunt.
690 1789 761 1818 Sunt
773 1799 891 1826 namque
913 1792 959 1819 do-

167 1840 274 1862 ctoruzn
303 1835 391 1871 gloria
407 1836 454 1870 qui
491 1837 612 1871 mysticae
649 1844 744 1864 eorum
775 1838 958 1866 institutionis

167 1881 272 1908 auxilio
292 1881 408 1908 salutem
426 1881 516 1916 adepti
548 1885 623 1910 sunt.
649 1882 809 1917 Cuiusmodi
828 1883 875 1918 qui
897 1884 958 1912 fue-

169 1927 236 1959 rint,
253 1932 351 1954 terram
364 1927 546 1962 possidebunt,
572 1928 701 1956 omnibus
726 1929 805 1963 potiti
820 1929 957 1962 videlicet,

167 1981 222 2000 non
242 1973 336 2001 Judwa
350 1973 420 2005 sola,
438 1978 467 2000 ut
478 1973 497 2000 ii
516 1973 598 2001 olim:
614 1973 642 2000 in
659 1981 729 2008 quos
743 1975 831 2002 divisa
844 1979 887 2003 est
903 1975 957 2003 hae-

167 2019 270 2047 reditas
287 2027 335 2055 per
351 2019 445 2048 Jesum
462 2019 546 2053 Nave,
561 2021 608 2054 qui
623 2020 680 2047 veri
694 2019 761 2048 Jesu
787 2026 867 2056 typus
893 2021 956 2054 fuit,

167 2070 181 2090 a
195 2064 342 2098 quoaltera
356 2064 400 2091 illa
414 2068 439 2091 et
453 2064 629 2099 prmstantior
643 2064 814 2093 litereditatis
830 2066 901 2093 facta
915 2071 958 2095 est

166 2107 276 2140 divisio,
292 2107 325 2135 de
337 2115 390 2142 qua
405 2108 446 2136 sic
460 2107 558 2143 legitur
575 2108 603 2135 in
622 2107 757 2137 Psalmis:
789 2119 799 2135 ι
816 2109 927 2138 Postula
941 2119 957 2139 a

167 2161 220 2185 me,
236 2157 263 2181 et
278 2153 349 2180 dabo
362 2153 409 2181 tibi
421 2157 516 2188 gentes
535 2153 725 2181 hareditatem
744 2158 830 2188 tuam,
845 2160 871 2182 et
883 2157 956 2184 funi-

166 2200 257 2227 culum
271 2204 359 2232 tuum,
377 2201 508 2227 terminos
520 2203 600 2227 terrae
617 2200 646 2233 ⁸;
666 2210 676 2226 ι
698 2208 780 2236 quam
792 2202 887 2229 divisit
902 2202 956 2230 Do-

1013 916 1062 943 xal.
1079 917 1137 951 τὴν
1152 917 1244 952 Ζσχὺι·
1260 918 1420 946 κατέδονται
1442 918 1502 946 τῶν
1518 918 1614 946 ἐθνῶν
1625 928 1634 951 ;
1645 920 1661 954 ἢ
1672 921 1743 946 κατὰ
1760 921 1806 947 τὸν

1014 962 1141 995 Ἀκύλαν,
1172 964 1229 998 τὴν
1257 965 1414 998 εὐπορίαν.
1428 965 1510 992 Οὐδὲν
1526 966 1579 1001 γὰρ
1595 966 1806 1002 τοιοῦτοβρῶμα

1012 1009 1126 1045 τοῖςτῆς
1157 1010 1322 1045 Ἔκκλησίας
1351 1011 1472 1046 ποιμέσι
1514 1011 1694 1047 κατάλληλον,
1720 1012 1758 1044 ὡς
1787 1014 1804 1049 ἡ

1014 1055 1103 1090 ἰσχὺς
1117 1056 1172 1083 τῶν
1183 1057 1214 1083 δι’
1228 1056 1318 1083 αὐτῶν
1347 1056 1510 1092 σωζομένων
1530 1057 1624 1085 ἐθνῶν.
1641 1054 1721 1085 Οὗτοι
1732 1058 1754 1085 δ’
1771 1058 1804 1085 ἂν

1012 1101 1067 1128 εἶεν
1091 1103 1116 1129 ot
1139 1103 1188 1138 τὴν
1213 1103 1306 1137 ἰσχύν
1327 1103 1370 1130 διὰ
1395 1103 1445 1138 τῆς
1468 1103 1608 1138 ὑπομονῆς
1629 1104 1658 1131 ὲν
1671 1105 1703 1139 τῇ
1733 1104 1803 1140 ὑπὲρ

1011 1147 1141 1180 ἀληθείας
1157 1147 1357 1183 ἐπιδειξάμενοι
1375 1148 1522 1184 μαρτυρίᾳ.
1551 1148 1634 1175 Ἀλλὰ
1656 1150 1705 1176 καὶ
1719 1149 1802 1182 ἐντῷ

1012 1193 1142 1226 πλούτῳ,
1160 1194 1237 1229 φησὶ,
1253 1193 1517 1228 θαυμασθήσεσθε.
1539 1194 1591 1220 Τὸν
1606 1193 1635 1220 δὲ
1652 1194 1706 1220 τῶν
1718 1193 1803 1220 ἐθνῶν

1011 1239 1158 1272 πλοῦτον,
1175 1240 1223 1274 ἀφ’
1233 1237 1271 1266 ὧν
1288 1240 1301 1266 ὁ
1314 1239 1419 1271 Παῦλος
1432 1239 1532 1276 γράφει
1558 1240 1723 1275 Κορινθίοις,
1739 1240 1803 1274 νοή-

1012 1293 1103 1320 σομεν·
1120 1294 1129 1310 ι
1142 1285 1303 1321 Εὐχαριστῶ
1317 1285 1356 1320 τῷ
1369 1285 1428 1321 Θεῷ
1445 1294 1496 1321 μου
1510 1285 1555 1313 διὰ
1570 1285 1657 1320 Ἰησοῦ
1669 1285 1800 1321 Χριστοῦ,

1009 1331 1050 1358 ὅτι
1063 1332 1092 1358 ὲν
1108 1332 1190 1358 παντὶ
1207 1331 1404 1367 ἐπλουτίσθητε
1423 1333 1451 1359 ὲν
1472 1332 1557 1368 αὐτῷ,
1572 1333 1601 1359 ὲν
1613 1332 1696 1359 παντὶ
1718 1331 1801 1366 λόγῳ,

1010 1376 1056 1402 καὶ
1087 1378 1162 1413 πάσῃ
1177 1377 1286 1411 γνώσει,
1305 1375 1397 1409 καθὼς
1412 1377 1442 1404 τὸ
1463 1377 1614 1413 μαρτύριον
1624 1376 1671 1403 τοῦ
1683 1375 1801 1412 Χριστοῦ

1010 1423 1162 1458 ἐϐεϐαιώθη
1179 1424 1208 1450 ἐν
1225 1423 1301 1459 ὑμῖν,
1313 1423 1352 1455 ὥς
1365 1432 1395 1450 τε
1425 1423 1462 1458 μὴ
1488 1423 1660 1457 ὑστερεῖσθαι
1672 1424 1745 1458 ὑμᾶς
1773 1423 1802 1449 ἐν

1011 1469 1106 1504 μηδενὶ
1133 1469 1295 1504 χαρίσματι.
1317 1479 1326 1496 ι
1340 1469 1419 1501 Τινὲς
1433 1469 1462 1496 δὲ
1479 1469 1572 1504 ἰσχὺν
1586 1469 1692 1501 ἐθνῶν,
1706 1470 1756 1501 τὰς
1771 1469 1803 1496 ὲκ

1009 1515 1063 1542 τῶν
1075 1515 1270 1542 δυνατωτάτων
1283 1515 1370 1551 τιμὰς
1391 1516 1529 1550 λέγουσιν,
1550 1515 1630 1552 οἵπερ
1644 1515 1679 1543 ἂν
1701 1513 1755 1542 εἶεν
1767 1515 1803 1548 ἐξ

1009 1559 1105 1588 ἐθνῶν
1119 1560 1292 1596 κεκλημένοι,
1309 1561 1378 1597 ἤότι
1393 1563 1407 1588 ὸ
1438 1562 1503 1596 παρ’
1519 1561 1596 1596 ὑμῶν
1613 1561 1627 1581 ιι
1650 1561 1804 1596 ἐπικρατή-

1011 1613 1052 1632 σει
1083 1605 1162 1640 λόγος
1177 1606 1227 1641 τῆς
1241 1605 1383 1641 δυνάμεως
1398 1606 1457 1633 τῶν
1492 1605 1599 1639 ἐθνῶν,
1615 1606 1632 1641 ἢ
1653 1605 1708 1632 τῶν
1737 1605 1802 1641 παρ’

1009 1651 1125 1683 ἐκείνοις
1140 1651 1288 1688 λαμπρῶν,
1316 1652 1333 1688 ἢ
1348 1652 1403 1679 τῶν
1413 1651 1550 1687 κοσμικὴν
1566 1651 1732 1687 ἠσκημένων
1760 1659 1804 1677 σος

1009 1697 1084 1731 φίαν.
1119 1697 1228 1724 Τούτων
1265 1698 1320 1734 γὰρ
1358 1697 1574 1733 κατισχύσαντες
1605 1696 1801 1731 ὲδοξέισθησαν.

1009 1743 1150 1779 Καὺχημα
1172 1744 1228 1779 γὰρ
1249 1744 1418 1771 διδασκάλων
1445 1745 1470 1771 oi
1503 1744 1548 1770 διὰ
1576 1745 1625 1779 τῆς
1644 1742 1735 1770 αὐτῶν
1751 1751 1803 1769 σω-

1009 1789 1102 1821 θέντες
1145 1791 1340 1825 μυσταγωγξας
1357 1798 1364 1806 ·
1401 1790 1426 1817 οι
1454 1790 1483 1817 δὲ
1514 1789 1631 1816 τοιοῦτοι
1656 1791 1802 1823 κληρονο·

1005 1834 1143 1870 μήσουσι
1163 1835 1222 1867 τὴν
1233 1834 1303 1870 τνῆν,
1317 1836 1426 1862 πάντων
1439 1836 1685 1870 ἐπικρατήσαντες,
1702 1834 1760 1860 ἀλλ’
1770 1834 1801 1860 οῦ

1011 1880 1095 1916 μόνης
1109 1880 1252 1912 Ἰουδαίας,
1281 1880 1352 1907 κατὰ
1367 1880 1430 1912 τοὺς
1442 1880 1527 1907 πάλαι
1552 1879 1802 1915 κληροδοτηθέντας

1009 1927 1061 1954 ὑπὸ
1079 1927 1166 1961 Ἰησοῦ
1180 1926 1268 1962 Navi],
1284 1927 1313 1958 δς
1326 1926 1410 1958 τύπος
1431 1924 1466 1961 ἦν
1478 1926 1525 1953 τοῦ
1539 1925 1667 1962 ἀληθινοῦ
1691 1924 1799 1959 Ἰησοῦ,

1008 1973 1054 2000 τοῦ
1075 1973 1125 2008 τὴν
1135 1972 1267 2008 δευτέραν
1285 1973 1333 1999 καὶ
1350 1972 1469 2008 κρείττω
1484 1972 1673 2008 πεποιημένου
1700 1971 1801 2006 κληροο

1007 2018 1110 2050 δοσῐαν,
1124 2019 1188 2054 περὶ
1207 2015 1241 2054 ἦς
1265 2027 1347 2053 φησιν
1371 2019 1400 2045 ὲν
1413 2018 1540 2054 Ψαλμοῖς
1554 2025 1561 2032 ·
1582 2027 1591 2043 ι
1606 2018 1722 2053 Δίτησαι
1735 2017 1800 2052 παρ’

1007 2064 1086 2100 ἐμοῦ,
1100 2065 1147 2091 καὶ
1161 2063 1239 2091 δώσω
1254 2073 1296 2091 σοι
1309 2064 1372 2100 ἔθνη
1398 2065 1448 2100 ⁸τὴν
1467 2063 1650 2100 κληρονομίαν
1669 2072 1729 2096 σου,
1753 2062 1800 2088 καὶ

1007 2111 1056 2148 τὴν
1085 2111 1249 2146 κατάσχεσίν
1264 2119 1310 2137 σου
1323 2110 1356 2136 τὰ
1381 2110 1487 2145 πέρατα
1510 2110 1559 2144 τῆς
1577 2109 1640 2143 γῆς,
1661 2118 1671 2134 ι
1699 2108 1732 2143 ἣν
1760 2107 1800 2133 δι-

1009 2157 1100 2192 ένειμε
1111 2158 1168 2188 τοῖς
1191 2156 1287 2183 ἑαυτοῦ
1312 2155 1459 2190 μαθηταῖς,
1485 2154 1581 2186 ἄλλους
1595 2153 1714 2188 ἀλλαχοῦ
1741 2152 1800 2179 δισ-

1010 2203 1120 2238 πέμψας
1133 2202 1277 2237 χαίροντας
1294 2202 1322 2228 ὲν
1332 2200 1417 2236 αὐτῷ,
1433 2201 1480 2228 καὶ
1508 2200 1603 2235 ὥσπερ
1619 2201 1680 2226 τινὰ
1698 2198 1800 2233 στέφα-

166 2246 258 2273 minus
277 2245 422 2279 discipulis
442 2245 511 2276 suis,
534 2252 597 2272 cum
625 2246 694 2273 alios
722 2246 777 2274 alio
802 2247 953 2277 dimitteret

1010 2258 1049 2276 νον
1065 2248 1274 2284 περικειμένους
1299 2246 1357 2280 τὴν
1374 2246 1580 2281 εὐφροσύνην,
1604 2245 1654 2271 οὐκ
1665 2245 1694 2270 ὲν
1711 2252 1800 2278 προσ-

166 2290 271 2318 alacres
288 2290 391 2321 animo,
409 2293 436 2318 et
451 2290 535 2318 veluti
551 2290 670 2325 quadam
682 2291 782 2318 laetitia:
799 2299 901 2320 corona
913 2301 957 2320 rc-

165 2337 288 2368 dimitos,
309 2337 335 2364 id
355 2340 398 2364 est
414 2344 468 2364 non
484 2336 584 2364 ilttxam
599 2341 627 2364 et
659 2343 889 2372 montentaneam,
908 2341 957 2368 sed

165 2382 300 2409 bonorum
321 2382 473 2410 stabilitate
510 2386 670 2417 perpetuam
696 2388 724 2410 et
759 2385 955 2419 sempiternam

165 2427 320 2456 mercedem
339 2427 480 2455 habentes.
494 2426 575 2455 Fient
598 2436 664 2455 vero
680 2429 744 2460 ista,
760 2429 864 2464 adjicit,
887 2439 955 2466 quo-

164 2475 237 2502 niam
250 2474 386 2509 justitiam
401 2475 509 2510 quidem
527 2475 631 2508 diligo;
660 2475 791 2512 odi705
800 2481 892 2505 autem
910 2486 955 2505 ra-

164 2520 242 2553 pinus
261 2527 293 2547 ex
305 2521 446 2555 iniquitate
461 2520 598 2548 malorttm
612 2521 776 2561 daemonum,
797 2523 843 2557 qui
869 2523 956 2551 homi—

165 2571 230 2590 num
243 2564 349 2591 animas
364 2563 503 2599 quondam
519 2564 695 2599 diripiebant.
709 2565 768 2598 Quo
786 2565 887 2594 factum
899 2573 953 2600 est,

166 2615 261 2636 utnon
275 2610 302 2636 in
314 2609 423 2638 Jutla‘os
433 2614 550 2640 tantum.
561 2611 607 2638 seti
619 2611 645 2638 in
657 2612 788 2640 mortales
802 2613 883 2640 etiam
895 2622 953 2641 oni-

164 2662 213 2683 nes
230 2657 345 2690 gratiam
359 2664 447 2684 meam
462 2655 640 2684 effunderem.
654 2656 708 2684 Sed
731 2658 881 2686 notandum
895 2664 950 2693 est,

1009 2294 1118 2330 καίροις
1144 2294 1256 2329 ἔχοντας
1270 2293 1318 2328 τὴν
1337 2292 1522 2327 ἀντιμισθίαν,
1536 2291 1593 2318 ἀλλ’
1620 2291 1649 2317 ὲν
1677 2291 1720 2317 ἀεὶ
1741 2290 1798 2316 δια-

1010 2342 1136 2377 μένουσιν
1168 2340 1292 2375 ἀγαθοῖς.
1318 2340 1415 2366 Ἔσται
1429 2338 1458 2365 δὲ
1473 2337 1572 2370 ταῦτα,
1593 2338 1688 2372 φησὶν,
1702 2336 1798 2371 ἐπειδὴ

1007 2387 1208 2420 δικαιοσύνην
1227 2386 1276 2421 μὲν
1295 2384 1410 2420 ἀγαπῶ,
1429 2384 1510 2419 μισῶ
1523 2384 1552 2410 δὲ
1576 2383 1613 2410 τὰ
1626 2383 1661 2415 ἐξ
1678 2382 1798 2414 ἀδικίας

1006 2432 1184 2467 ἁρπάγματα
1198 2431 1251 2458 τῶν
1267 2430 1392 2465 πονηρῶν
1415 2429 1550 2464 δαιμόνων
1582 2428 1631 2460 τὰς
1657 2426 1797 2463 ἀνθρωπί-

1008 2487 1057 2510 νας
1083 2478 1168 2505 πάλαι
1195 2476 1400 2512 διαρπαζόντων
1426 2475 1527 2510 ψυχάς.
1555 2473 1637 2501 Ὀθεν
1662 2473 1713 2499 οὐκ
1729 2472 1796 2498 ’1ου-

1006 2524 1090 2556 δαίοις
1119 2523 1220 2558 μόνοις,
1247 2522 1314 2549 ἀλλὰ
1333 2522 1410 2554 πᾶσι,
1441 2520 1491 2555 τὴν
1506 2518 1627 2555 ἐμαυτοῦ
1652 2517 1732 2553 χάριν
1752 2516 1796 2550 ἐξ·

1006 2570 1091 2604 ἔχεο-ι.
1113 2569 1185 2595 ’Λντὶ
1196 2568 1225 2594 δὲ
1236 2567 1282 2594 τοῦ
1295 2567 1432 2599 δικαίοις,
1449 2566 1483 2592 ἐν
1495 2564 1620 2598 ἀληθείᾳ
1635 2564 1734 2594 πάντες
1749 2563 1795 2597 ἐρ-

1007 2617 1143 2650 μήνευσαν
1157 2613 1286 2640 οίλοιποί.
1299 2613 1348 2643 Ὣς
1360 2621 1389 2638 τε
1403 2612 1433 2637 οὐ
1442 2610 1672 2645 δια-ᾇευσθήσεται
1683 2607 1794 2636 aﬂuith

1005 2661 1113 2696 μόχθος
1126 2660 1182 2686 ἀλλ’
1195 2660 1229 2687 ὲν
1243 2659 1367 2693 ἀληθείᾳ
1383 2658 1430 2685 καὶ
1452 2657 1544 2688 αὐτοῖς
1578 2656 1792 2691 φυλαχθήσεται.

164 2710 218 2736 quo
231 2703 290 2730 loco
301 2703 382 2737 justis
393 2703 536 2735 habemus,
557 2705 585 2729 in
599 2703 709 2730 veritate
722 2708 837 2732 czeteros
853 2713 948 2734 omnes
969 2706 1143 2741 interpretari
1160 2716 1166 2734 :
1184 2707 1254 2734 unde
1266 2712 1320 2733 non
1334 2711 1396 2733 esse
1425 2703 1547 2730 laborum
1565 2702 1690 2730 mercede
1723 2701 1794 2728 cari-

165 2754 240 2776 turos
253 2749 428 2783 constiterit;
441 2749 488 2777 sed
500 2750 626 2776 enuntiem
651 2750 706 2778 illis
725 2751 752 2778 in
779 2752 886 2780 ueritate
908 2753 1019 2781 recondi
1036 2755 1207 2789 servarique.

201 2795 207 2812 '
226 2794 322 2822 Matth.
339 2803 394 2824 nt.
414 2795 455 2823 40.
493 2795 524 2821 Ἰ
543 2796 608 2822 Cor.
624 2796 713 2825 κίε-7.
753 2797 763 2813 ³
777 2797 845 2825 Psal.
866 2807 897 2829 ιι,
913 2799 939 2826 8.

806 2845 921 2873 ὶτΛΙὶΙίΕ
943 2846 1142 2874 LECTIONES.

214 2887 226 2907 ³
242 2896 282 2921 g-p.
301 2887 383 2921 ἄλλοι,
464 2890 474 2909 lt
493 2889 534 2915 ἴίν.
551 2889 649 2918 αὐτῶν.
