1988 3079
167 157 238 191 2649

728 159 995 190 COMMENTARH
1023 160 1064 190 IN
1095 160 1238 190 ISAIAM.

1731 159 1802 191 2650

202 217 280 249 Τινὲς
296 217 324 244 δέ
346 226 428 252 φασιν
444 217 534 245 αἰτίαν
554 215 624 243 εἶναι
638 216 750 247 τούτους
774 217 837 248 πρὶν
852 215 958 250 ἀπελη-

1047 215 1116 243 Sunt
1134 221 1223 242 tamen
1251 215 1298 250 qui
1319 223 1430 243 causam
1448 224 1510 244 esse
1535 216 1639 247 dicant,
1658 223 1709 243 cur
1731 216 1802 243 istos

167 263 265 290 λάσοαι
281 264 425 298 ποιμένας
440 264 581 299 πλεονεξίᾳ
597 263 755 299 χαίροντας.
769 263 848 297 οἵπερ
868 263 872 283 ί
891 262 959 289 ’ἀδί-

168 318 224 340 κως
241 310 430 342 πλουτοῦντες,
443 310 516 337 καοέ
530 318 613 346 φησιν
630 311 643 336 ὁ
656 311 799 345 προφήτης
810 318 816 324 ·
832 318 841 334 ι
851 309 958 343 Θησαυ-

169 355 288 389 ρίζοντες
318 357 424 388 ἑαυτοῖς
454 356 592 386 ἀσέϐειαν,
613 355 660 382 καὶ
683 355 893 390 ταλαιπωρίαν,
920 356 959 387 είς

168 401 278 436 ἑτέρους
300 401 371 427 αὐτὰ
387 401 631 436 παραπέμπουσιν.
645 410 654 425 ι
669 401 742 434 Ἔφη
761 400 827 433 γοῦν
844 401 858 426 6
878 400 959 426 Σολο-

168 447 238 481 μῶν.
253 449 294 474 ὅτι
310 448 425 478 πλοῦτος
441 447 541 478 ἀδίκως
557 447 738 481 συναγόμενος
751 447 793 479 ὲξε
800 445 958 481 μεθήσεται.

168 492 234 526 Περῖ
262 488 292 519 οῦ
322 493 496 528 συστήματος
524 493 571 518 καὶ
586 494 600 519 ὁ
622 492 704 519 Δαϐίδ
729 500 828 527 φησιν·
852 501 860 517 ι
885 491 958 526 Πλὴν

168 537 256 572 μάτην
277 539 453 573 ταράσσεται.
473 538 651 574 Θησαυρίζει.
675 539 722 565 καὶ
737 539 788 564 οὐκ
811 536 882 564 οἶδεν
904 538 959 564 τίνι

167 582 275 614 συνάξει
289 583 368 610 αὐτὰ.
387 593 396 608 ›
411 584 465 609 Καὶ
480 583 566 614 ἄλλως
582 583 610 609 δὲ
626 584 681 614 τοῖς
704 583 739 615 ἐξ
755 582 852 609 ἐθνῶν
878 583 957 617 ἐδόθη

165 628 219 654 τῶν
247 628 400 655 Ἰουδαϊκῶν
425 629 594 656 διδασκάλων
609 629 772 663 όμόχθος,
804 628 876 655 κατὰ
905 628 956 655 τό·

169 683 178 699 ι
191 674 350 709 Ἀρθήσεται
367 674 413 709 ἀφ’
433 675 510 710 ὐμῶν
529 675 546 709 ἡ
578 674 703 709 βασιλεία
729 674 776 700 τοῦ
792 674 859 700 Θεοῦ
875 693 882 706 ,
911 673 960 700 καὶ

165 720 308 755 δοθήσεται
320 721 392 747 ἔθνει
409 721 530 747 ποιοῦντι
544 722 607 752 τοὺς
629 721 752 756 καρποὺς
765 721 860 755 αὐτῆς.
881 729 890 746 ι
908 718 960 754 Οἷς

165 767 214 794 καὶ
234 767 382 801 διαθήκην
395 767 516 795 αίὼνιον
533 767 725 801 διαθήσομαι,
742 767 772 793 οὐ
792 768 825 794 τὰ
838 767 960 798 Μωσέως

166 812 333 847 ἐντάλματα,
348 813 379 839 τὸ
393 813 422 839 δὲ
443 813 493 847 τῆς
515 813 613 847 καινῆς
640 813 772 847 διαθήκης
793 813 959 847 μυστήριονο

164 859 182 893 ἦ
199 858 247 894 τὴν
259 859 353 885 Σελπίδίιι
363 859 414 894 τὴν
427 859 616 894 ἀτελεύτητον.
633 858 700 886 Εἶτά
713 868 779 894 φησι
791 867 797 874 ⁶
814 859 870 886 Καὶ
886 868 960 894 γνω-

1009 267 1128 296 pastares
1143 261 1264 288 avaritia:
1287 261 1394 289 deditos
1410 262 1487 297 prius
1507 263 1628 297 abegerit
1644 272 1651 289 :
1674 262 1738 297 quia
1757 262 1800 289 in-

1007 308 1082 342 juste
1096 307 1268 340 dilescendo,
1289 311 1318 334 ut
1340 311 1384 336 est
1406 308 1477 342 apud
1502 308 1675 342 prophetam,
1696 316 1706 333 I
1726 307 1800 334 The-

1010 354 1182 381 saurizantes
1208 353 1260 381 sibi
1281 353 1450 389 impietatem
1481 359 1507 382 et
1522 355 1673 387 miseriam,
1690 354 1716 381 in
1732 353 1800 381 alios

1009 407 1039 425 ea
1056 400 1246 427 transmittunt
1262 400 1282 428 ⁸.
1310 409 1320 426 ι
1342 400 1451 435 Optime
1469 401 1552 435 igitur
1571 401 1712 433 Salomon,
1736 407 1797 427 cum

1010 446 1120 474 divitias
1136 447 1228 480 inique
1255 451 1401 482 congestas
1425 447 1514 474 evomi
1541 447 1653 474 tandem
1671 454 1798 482 pronun-

1011 493 1090 519 tiavit
1106 492 1128 520 ⁸.
1149 501 1159 518 ι
1187 493 1223 520 De
1242 493 1370 529 congerie
1391 492 1526 527 ejusmodi
1560 492 1664 520 fuerint
1693 495 1720 520 et
1751 492 1799 519 illa

1010 539 1125 567 Davidis
1157 549 1163 567 :
1193 548 1203 566 ι
1232 539 1430 567 Verumtamen
1472 539 1575 566 frustra
1605 538 1798 566 conturbatur.

1010 584 1207 617 Thesaurizat,
1245 589 1272 612 et
1297 585 1405 619 ignorat
1423 584 1467 611 cui
1498 584 1676 620 congregabit
1697 590 1729 610 ea
1745 583 1766 610 θ.
1787 591 1796 607 ι

1011 630 1044 657 Ει
1062 638 1128 658 vero
1146 630 1215 658 alias
1230 630 1264 657 ad
1287 638 1335 658 eos
1350 631 1445 664 etiam,
1463 631 1509 666 qui
1528 630 1562 658 de
1577 630 1695 665 gentibus
1723 633 1798 661 sunt,

1011 677 1122 704 transiit
1137 676 1313 704 Judaicorum
1337 677 1480 704 doctorum
1504 676 1598 708 labor,
1617 675 1694 710 juxta
1709 675 1774 708 illud
1790 683 1799 702 :

1014 732 1025 749 ι
1040 722 1186 750 Auferctur
1202 730 1216 749 a
1232 723 1311 750 vobis
1329 730 1442 757 regnum
1461 722 1520 754 Dei,
1543 726 1570 749 et
1588 721 1698 748 dabitur
1713 720 1799 755 genti,

1012 777 1074 804 quae
1099 767 1181 796 iaciat
1204 768 1311 795 fructus
1329 768 1389 803 ejus
1410 768 1432 795 ⁷.
1451 777 1460 793 ι
1482 769 1528 794 Ait
1543 771 1676 802 prieterea
1697 774 1726 794 se
1740 773 1800 792 cum

1012 817 1050 844 eis
1066 815 1152 850 [cedas
1166 816 1352 849 sempiternum
1375 815 1525 846 initurum;
1549 822 1602 841 non
1620 813 1705 841 Mosis
1728 820 1800 847 prm-

1013 866 1102 896 cepta,
1124 861 1172 888 sed
1191 861 1309 888 recentis
1327 861 1484 888 testamenti
1501 860 1643 896 mysteria,
1663 860 1705 886 vel
1718 859 1798 886 (idem

165 905 310 938 σθήσεται
327 906 362 932 ἐν
388 905 450 939 τοῖς
467 905 571 932 ἔθνεσι
594 905 628 932 τὸ
651 905 771 939 σπέρμα
792 905 909 932 αὐτῶν·
928 905 958 931 οὐ

1012 914 1159 942 perennem
1173 910 1200 933 et
1218 906 1401 933 immortalem
1428 906 1596 941 intelligens.
1615 904 1718 932 Deinde
1731 903 1800 938 adji-

164 951 196 976 τὸ
210 951 376 986 σωματικὸν,
393 952 434 986 ἐφ’
447 947 524 987 ᾧπερ
547 951 679 986 αὐχοῦσιν
693 951 828 981 Ἰουδαῖοι,
843 951 911 978 ἀλλὰ
929 951 960 977 τὸ

165 997 273 1031 λογικὸν
288 998 336 1033 τῆς
349 998 525 1033 Ἐκκλησίας,
543 997 558 1024 ὃ
572 998 662 1025 παντὶ
678 998 836 1032 γνώριμον,
854 997 892 1029 ὡς
909 998 961 1024 ὑπὸ

166 1043 232 1070 Θεοῦ
247 1043 296 1079 τὴν
316 1043 430 1080 αὐξησιν
443 1044 511 1080 ἔχει.
525 1045 646 1079 Σπέρμα
664 1045 718 1080 γὰρ
731 1045 747 1080 ἢ
766 1045 815 1080 τὴν
827 1045 959 1071 διδασκα-

165 1088 236 1121 λίαν,
259 1089 276 1124 ἦ
300 1090 363 1120 τοὺς
388 1089 510 1124 μαθητὰς
541 1090 675 1125 προσήκει
692 1091 762 1116 νοεῖν
777 1111 783 1122 ,
801 1091 825 1116 οἳ
856 1091 904 1116 καὶ
931 1091 960 1124 ἐξ

166 1136 252 1170 αὐτῆς
266 1135 355 1170 eam;
379 1136 423 1163 διὰ
437 1136 485 1171 τῆς
501 1136 690 1172 ἁγαθουργίας
716 1137 872 1171 ὑπάρχουσι
890 1136 960 1170 γνώ-

167 1189 251 1215 ριμοι,
270 1181 307 1212 ὼς
321 1181 406 1215 ἁγίων
429 1181 580 1216 ὑπάρχουσι
597 1181 731 1215 μαθηταὶ,
749 1181 869 1216 σπέρμα
884 1181 961 1214 ὄντες

166 1225 351 1261 εὑλογημένον
373 1227 425 1253 ὑπὸ
450 1226 527 1253 Θεοῦ.
551 1226 649 1254 Ὀποῖα
662 1227 697 1254 τὰ
724 1228 784 1254 θεῖα
800 1227 855 1253 τῶν
879 1236 961 1262 μοναο

168 1271 268 1303 ζόντων
286 1273 459 1307 συστήματα,
480 1273 545 1308 περὶ
570 1269 608 1299 ὧν
624 1274 637 1299 6
655 1273 760 1305 Παῦλος
785 1281 883 1308 φησιν·
901 1283 909 1299 ι
929 1273 961 1300 Ol

167 1317 195 1344 δὲ
210 1317 256 1344 τοῦ
273 1318 391 1353 Χριστοῦ
413 1318 513 1353 Ἰησοῦ,
541 1319 590 1354 τὴν
609 1319 698 1354 σάρκα
712 1319 891 1354 ἐσταύρωσαν
910 1319 960 1345 σὺν

167 1365 224 1395 τοῖς
253 1363 399 1398 παθήμασι
420 1365 466 1390 καὶ
485 1365 546 1396 ταῖς
563 1364 738 1399 ἐπιθυμίαιςσ
755 1375 764 1390 ι
785 1365 810 1391 οἳ
823 1365 869 1391 καὶ
883 1366 960 1394 αὐτοὶ

167 1409 430 1448 εῠρρίίνθήσοτςται
451 1410 500 1437 ἐπὶ
523 1410 564 1443 τῷ
590 1411 695 1445 Κυρίῳ,
720 1408 764 1438 οἷα
784 1411 815 1446 δὴ
832 1412 961 1438 τοιούτων

169 1456 281 1490 σπέρμα
299 1457 450 1490 γενόμενοι,
465 1457 531 1491 περὶ
546 1453 584 1483 ὧν
597 1457 701 1491 ἕλεγεψ
719 1458 772 1484 Καὶ
787 1459 960 1492 εὐφροσύνη

168 1501 286 1534 αἰώνιος
305 1502 381 1536 ὑπὲρ
397 1502 535 1536 κεφαλῆς
557 1503 667 1530 αὐτῶν.
683 1503 761 1535 Τινὲς
783 1504 811 1530 δὲ
833 1504 881 1539 τὴν
895 1504 960 1539 ὃλην

171 1547 249 1583 ῥῆσιν
261 1547 391 1574 δύνασθαί
408 1557 475 1582 φασι
489 1549 536 1574 καὶ
560 1549 597 1580 ὡς
612 1549 665 1575 ἀπὸ
682 1549 728 1576 τοῦ
747 1549 889 1584 προεήτου
912 1550 958 1576 λε-

169 1593 288 1628 γομένην
312 1595 391 1621 νοεῖν.
415 1595 490 1620 Ἐπεὶ
513 1594 566 1630 γὰρ
583 1595 806 1630 ὑπερϐάλλουσαν
831 1595 883 1631 ἔφη
908 1596 956 1623 τοῦ

169 1640 305 1666 Δεσπότου
323 1640 531 1677 φιλανθρωπίαν
545 1641 592 1667 ἐπὶ
604 1641 633 1667 τὸ
650 1643 775 1677 κρεῖττον
791 1642 879 1669 πάντα
894 1651 960 1674 μετ-

169 1685 289 1717 οίσοντος
300 1706 307 1717 ,
325 1687 383 1712 Οὐκ
394 1686 460 1722 ἐμὸς
470 1688 484 1713 ὁ
499 1687 589 1721 λόγος,
610 1688 694 1723 φησὶ,
706 1687 756 1722 τῆς
773 1687 800 1714 δὲ
812 1687 858 1714 τοῦ
874 1688 960 1714 Πνεύ-

171 1741 256 1767 μ’ττος
273 1733 431 1768 ἐνηχήσεως
445 1733 515 1759 Θεοῦ
537 1742 572 1768 με
595 1735 665 1769 πρὸς
679 1734 877 1768 εὐαγγελισμδν
893 1735 960 1761 ἀνα-

168 1777 305 1811 δείξαντος
320 1780 373 1806 τῶν
393 1779 545 1814 μελλόντων
569 1780 679 1814 ἀγαθῶν
693 1781 748 1812 τοῖς
763 1781 792 1806 ἒν
812 1781 901 1813 πενίᾳ
915 1789 960 1814 γε·

169 1825 338 1861 νησομένων,
351 1825 390 1858 ὡς
409 1825 443 1853 ἂν
459 1826 531 1853 ἴασιν
543 1826 685 1861 δεξάμενοι
706 1826 826 1862 ψυχικὴν
841 1827 957 1854 ἐπανέλ-

170 1871 252 1898 θωσιν
265 1872 318 1898 ἀπὸ
333 1872 382 1907 τῆς
398 1872 471 1898 κατὰ
486 1872 590 1908 ταύτην
604 1875 824 1908 αἰχμαλωσίας,
839 1874 900 1908 ἥτις
912 1873 960 1900 καὶ

170 1917 272 1953 κυρίως
303 1917 387 1945 ἐστίν.
427 1918 597 1953 Σωματικῶς
624 1919 679 1954 γὰρ
709 1919 744 1946 ἐν
771 1919 960 1954 αἰχμαλωσίᾳ

169 1963 294 1998 Δανιὴλ,
311 1964 359 1990 καὶ
379 1963 404 1989 οἱ
421 1965 496 1999 τρεῖς
511 1964 653 1999 γενόμενοι
677 1965 771 1996 παῖδες
782 1986 789 1998 ,
807 1964 959 1991 ἀδούλωτον

169 2010 248 2046 ἔσχον
263 2011 293 2037 τὸ
322 2011 467 2046 φρόνημα·
486 2011 588 2047 μᾶλλον
604 2011 632 2037 δὲ
660 2011 708 2038 καὶ
735 2011 764 2038 τὺ
791 2012 872 2046 σῶμα
890 2013 958 2046 μήτε

167 2056 264 2090 πυρὸς,
283 2057 351 2091 μήτε
377 2056 480 2091 θηρίων
498 2056 731 2091 καθικνουμένων.
757 2057 913 2088 Ἐνιαυτὺς
930 2057 958 2083 δὲ

166 2103 278 2135 Κυρίου
298 2102 415 2135 δεκτὸς,
429 2103 459 2128 ἐν
472 2098 495 2137 ᾧ
527 2102 677 2137 μεταϐαλεῖ
694 2103 762 2137 πρὸς
780 2103 809 2129 τὸ
831 2104 956 2138 κρεῖττον

166 2146 238 2181 ψυχὴ
254 2146 293 2182 τῷ
319 2147 372 2173 τῶν
392 2147 487 2182 ψυχῶν
508 2147 623 2183 γεωργῷ
639 2147 688 2182 τὴν
712 2147 865 2183 εὐκαρπίαν
884 2157 957 2184 παρ-

167 2192 278 2227 έχουσα,
299 2192 426 2228 καθάπερ
453 2193 538 2228 φορὰν
561 2193 727 2228 σπερμάτων
754 2194 863 2229 ἐτήσιον
891 2193 958 2228 βλα-

1011 953 1048 980 cit
1063 961 1069 980 :
1085 953 1119 979 Et
1135 957 1307 988 cognoscetur
1327 952 1354 979 in
1371 952 1492 987 gentibus
1510 959 1597 978 semen
1613 959 1703 977 eorum
1717 957 1727 977 :
1743 958 1798 977 non

1011 1007 1174 1035 corporeum
1191 999 1301 1034 quidem
1322 999 1400 1030 illud,
1429 1006 1485 1034 quo
1517 998 1672 1033 gloriantur
1692 996 1798 1028 Judaei;

1011 1049 1057 1074 sed
1073 1047 1106 1073 ad
1121 1045 1272 1073 Ecclesiam
1296 1045 1428 1077 relatum;
1445 1044 1518 1079 quod
1538 1048 1581 1072 est
1610 1043 1731 1071 omnibus
1754 1051 1801 1071 co-

1010 1093 1123 1128 gnitum,
1147 1096 1275 1127 tanquam
1294 1092 1367 1126 quod
1388 1099 1402 1118 a
1419 1091 1476 1118 Deo
1504 1090 1667 1118 incrementi
1691 1090 1733 1117 sui
1754 1097 1801 1117 ra—

1012 1139 1114 1165 tionem
1140 1137 1250 1164 babeat.
1278 1136 1394 1164 Seminis
1423 1136 1496 1163 enim
1533 1135 1727 1170 appellatione,
1755 1135 1800 1163 vel

1012 1184 1177 1216 doctrinam,
1206 1184 1248 1211 vel
1275 1183 1428 1218 discipulos
1457 1183 1535 1210 decet
1561 1182 1729 1217 intelligere;
1752 1182 1800 1217 qui

1012 1232 1071 1266 ipso
1087 1231 1229 1258 oculorum
1243 1237 1323 1257 sensu
1337 1234 1447 1265 propter
1463 1237 1578 1263 operum
1591 1229 1737 1256 bonitatem
1753 1236 1802 1256 co-

1012 1278 1092 1313 gniti,
1117 1276 1201 1304 veluti
1228 1280 1391 1303 sanctorum
1418 1275 1560 1309 discipuli,
1592 1282 1679 1301 semen
1697 1282 1712 1301 a
1745 1273 1801 1302 Deo

1012 1323 1184 1351 benedictum
1199 1322 1347 1350 exsistunt.
1366 1321 1529 1356 Cuiusmodi
1551 1325 1615 1348 sunt
1630 1320 1719 1348 sancti
1740 1327 1802 1347 mo-

1012 1371 1163 1398 nachorum
1179 1373 1277 1401 ccetus,
1295 1369 1328 1396 de
1344 1368 1444 1403 quibus
1468 1368 1539 1402 apud
1564 1367 1677 1394 Paulum
1699 1367 1727 1394 in
1743 1367 1802 1394 haec

1012 1418 1094 1444 vvrba
1125 1417 1266 1451 legimus:
1295 1415 1347 1448 Qui
1373 1418 1465 1442 autem
1493 1413 1559 1441 Jesu
1589 1413 1696 1441 Christi
1725 1417 1801 1445 sunt,

1012 1470 1123 1490 carnem
1140 1462 1338 1489 crucilixcruut
1359 1467 1422 1487 cum
1449 1459 1592 1487 alIectibus
1615 1463 1642 1486 et
1665 1458 1803 1493 cupidita-

1013 1510 1086 1536 tibus
1098 1509 1120 1536 ⁸.
1140 1517 1150 1534 ι
1165 1508 1247 1536 Iidem
1260 1512 1287 1535 et
1306 1507 1334 1534 in
1351 1506 1465 1533 Domino
1488 1505 1661 1532 exsultabant
1675 1525 1682 1537 ,
1701 1505 1803 1540 quippe

1013 1555 1059 1589 qui
1074 1555 1128 1582 tale
1141 1561 1233 1582 semen
1245 1552 1395 1584 evaserint,
1409 1552 1442 1580 de
1458 1551 1560 1587 quibus
1576 1551 1721 1584 intellexit,
1739 1559 1801 1579 eum

1012 1601 1135 1629 laetitiam
1147 1600 1333 1634 sempiternam
1346 1599 1371 1625 in
1383 1603 1461 1632 caput
1477 1606 1568 1625 eorum
1587 1597 1644 1624 I'ore
1663 1597 1804 1632 signiﬁca-

1011 1647 1059 1674 vit.
1075 1647 1146 1674 Sunt
1159 1651 1261 1677 tamen,
1276 1645 1324 1679 qui
1340 1648 1426 1672 totam
1451 1644 1596 1671 verborum
1614 1643 1723 1676 seriem,
1739 1647 1803 1670 tan—

1011 1684 1092 1728 quam
1111 1700 1125 1718 ιι
1144 1691 1282 1726 prophetae
1298 1698 1413 1726 persona
1438 1689 1506 1724 sint,
1530 1690 1736 1724 intelligendam
1753 1697 1804 1725 pu-

1011 1742 1077 1766 tent.
1093 1737 1174 1772 705
1185 1736 1410 1771 Quandoquidem
1424 1735 1496 1763 enim
1523 1735 1720 1770 permaximam
1743 1743 1805 1763 esse

1010 1784 1121 1812 Domini
1138 1783 1337 1818 benignitatem
1357 1781 1439 1815 dixit,
1465 1781 1512 1816 qui
1538 1781 1631 1809 omnia
1652 1781 1678 1808 in
1705 1781 1804 1808 melius

1011 1830 1177 1862 transferat;
1195 1837 1250 1856 non
1279 1836 1360 1856 suum
1385 1828 1452 1862 jam,
1469 1827 1517 1854 sed
1537 1827 1695 1854 resonantis
1721 1826 1748 1854 in
1774 1835 1804 1855 se

1010 1877 1129 1912 Spiritus
1149 1876 1197 1903 Dei
1214 1882 1369 1903 sermonem
1386 1881 1448 1901 esse
1470 1873 1548 1904 dicit,
1564 1874 1609 1908 qui
1631 1881 1658 1900 se
1679 1872 1712 1899 ad
1728 1872 1805 1899 futu-

1009 1929 1102 1948 rornm
1130 1921 1264 1948 bonorum
1297 1917 1536 1946 denuntiationem
1565 1917 1599 1944 iis
1630 1917 1803 1951 designavit,

1009 1974 1078 2002 quos
1092 1970 1162 1993 esset
1179 1970 1321 2000 paupertas
1340 1964 1470 1991 invasura
1486 1972 1492 1990 :
1512 1967 1541 1990 ut
1559 1962 1643 1989 animi
1662 1963 1802 1989 medelam

1009 2013 1124 2048 experti,
1137 2011 1260 2045 ejusdem
1276 2011 1313 2037 illi
1325 2017 1355 2037 se
1369 2009 1533 2043 captivitate,
1549 2016 1609 2044 qua:
1626 2016 1688 2035 vere
1701 2012 1728 2035 et
1741 2015 1804 2042 pro-

1010 2058 1067 2093 prie
1096 2057 1211 2087 dicitur,
1237 2056 1397 2083 liberarent.
1427 2054 1549 2088 Corpore
1577 2053 1711 2088 siquidem
1740 2053 1804 2080 licet

1010 2102 1119 2133 Daniel,
1148 2101 1278 2135 puerique
1313 2105 1367 2127 tres
1379 2119 1386 2131 ,
1404 2099 1585 2133 captivitatem
1603 2103 1760 2133 paterentur
1772 2098 1800 2131 °,

1010 2148 1101 2174 animo
1116 2151 1205 2174 tamen
1222 2153 1276 2173 non
1293 2144 1459 2172 sentiebant.
1481 2143 1537 2170 lmo
1560 2151 1595 2170 ne
1621 2151 1722 2178 corpus
1738 2143 1802 2177 qui-

1008 2193 1069 2221 dem
1086 2194 1194 2220 illorum
1214 2191 1254 2219 vel
1272 2191 1355 2226 ignis,
1369 2190 1412 2217 vel
1435 2189 1500 2217 ferae
1522 2190 1684 2224 attigerunt.
1711 2189 1802 2216 Fuerit

168 2239 320 2265 στανόντων
338 2239 386 2274 μὲν
411 2239 440 2265 ὲν
455 2239 580 2274 χειμῶνι,
598 2239 627 2265 ἐν
651 2239 713 2273 ἔαρι
735 2239 763 2266 δὲ
787 2239 955 2274 αὐξομένων,

1011 2246 1074 2266 vero
1091 2246 1176 2264 annus
1198 2236 1308 2264 Domini
1321 2234 1505 2269 acceptabilis,
1532 2235 1559 2264 in
1576 2241 1630 2268 quo
1650 2234 1802 2261 animarum

167 2285 215 2311 ἐπὶ
231 2285 259 2311 δὲ
276 2285 372 2319 θέρους
387 2284 597 2319 τελειουμένων.

1011 2283 1121 2315 cultori,
1137 2283 1227 2308 anima
1243 2282 1302 2316 ipsa
1315 2281 1342 2308 in
1359 2281 1457 2308 melius
1470 2283 1647 2310 commutata,
1663 2279 1802 2306 fructuum

168 2331 363 2357 abundantiam
388 2331 526 2358 ediderit:
549 2339 602 2358 non
631 2331 711 2358 aliter
740 2339 821 2366 quant
848 2332 954 2358 semina
975 2330 1086 2366 quidem
1101 2330 1159 2364 ipsa
1185 2330 1334 2363 quotannis
1351 2327 1441 2356 hieme
1455 2327 1626 2362 germinare;
1661 2333 1724 2353 vere
1755 2332 1803 2353 au.

168 2381 220 2404 tem
237 2386 361 2406 crescere
391 2384 417 2406 et
432 2379 537 2414 augeri,
560 2384 654 2407 testate
673 2379 788 2414 denique
811 2379 904 2415 perﬁci
919 2379 1055 2406 videmus.

203 2421 249 2455 Οἷς
269 2424 335 2451 ἀντὶ
359 2426 489 2459 πένθους
512 2427 708 2460 εὐφροσύνην
722 2427 951 2462 εὐαγγελίζεται,

167 2469 217 2495 καὶ
230 2470 279 2504 τῆς
294 2471 461 2507 κατεχούσης
474 2473 579 2504 αὐτοὺς.
588 2473 722 2508 ἑκατέρας
734 2473 951 2507 αιχμαλωσίας,

167 2513 191 2539 οἳ
208 2514 254 2540 καὶ
283 2515 527 2552 ἀνοικοδομήσουσι
550 2518 600 2550 τὰς
627 2518 756 2550 πλείστας
781 2527 954 2553 κατεστραμ-

170 2557 265 2592 μένας,
282 2559 373 2591 ἕξουσί
387 2569 416 2586 τε
432 2562 495 2594 τοὺς
509 2562 674 2597 ἀλλοφύλους
691 2563 719 2588 ὲν
739 2562 884 2597 ὑπηρετῶν
907 2562 955 2587 τά-

168 2612 254 2638 γματι
283 2606 438 2641 εὐχομένων
461 2607 590 2642 θητεῦσαι
616 2610 671 2640 τοῖς
703 2608 887 2643 Ἰσραηλίταις
913 2607 953 2642 τῷ

170 2649 241 2684 λόγῳ
259 2650 309 2685 τῆς
330 2651 483 2684 θεοσεϐείας
502 2653 670 2689 ίερωμένοις.
693 2653 753 2680 ’Ότι
769 2653 822 2688 γὰρ
839 2652 955 2684 ἕκαστος

169 2694 265 2728 Ιερεὺς
278 2694 347 2721 εἶναι
360 2696 473 2724 δύναται
488 2698 535 2724 τοῦ
551 2698 629 2730 Θεοῦ,
643 2698 763 2725 δείκνυσι
773 2699 820 2725 καὶ
836 2698 866 2725 τὸ
886 2698 946 2725 κατ’

204 2748 215 2764 δ
227 2749 310 2777 Amos
331 2758 360 2778 Ill
372 2770 379 2783 ,
399 2752 440 2781 10.

169 2791 198 2810 Ill
210 2789 236 2811 Cl
257 2792 292 2811 \'l.

487 2754 498 2771 ⁵
518 2753 585 2787 lmo,
602 2752 654 2782 Job
667 2762 712 2788 xx,
727 2754 770 2783 15.

807 2755 818 2770 ⁸
832 2753 905 2782 Psul.
922 2761 1024 2781 xxxvm
1037 2773 1043 2786 ,
1057 2752 1085 2779 'l.

1040 2423 1153 2450 Talibus
1183 2421 1266 2453 igitur
1292 2428 1338 2454 pro
1365 2419 1438 2446 luctu
1483 2419 1606 2446 lwtitiam
1640 2418 1802 2450 denuntiat,

1005 2468 1186 2505 quantumvis
1207 2474 1256 2494 eos
1273 2470 1420 2500 utrumque
1438 2469 1554 2499 occupet
1569 2465 1731 2498 captivitatis
1754 2471 1802 2498 ge-

1005 2523 1067 2542 nus.
1082 2512 1247 2540 Excitabunt
1263 2514 1289 2537 et
1306 2511 1356 2544 ipsi
1369 2510 1475 2536 animas
1490 2508 1723 2543 quamplurimas.
1739 2515 1803 2541 qua:

1006 2562 1152 2595 prostratae
1167 2556 1308 2591 jacebaut,
1336 2555 1530 2588 liahcbuntque
1556 2552 1723 2588 alienigenas
1740 2559 1802 2578 ser-

1006 2612 1102 2633 vorum
1118 2604 1188 2634 loco,
1213 2602 1260 2637 qui
1289 2600 1421 2628 lsraclilis
1437 2599 1549 2635 pietatis
1572 2607 1636 2634 ergo
1667 2606 1746 2625 saera
1762 2597 1802 2624 [a-

1008 2651 1156 2681 cicntibus,
1174 2647 1300 2675 famulari
1317 2651 1457 2681 exoptem.
1483 2644 1714 2680 Unumqucmque
1727 2644 1800 2671 enim

1008 2696 1054 2723 Dei
1072 2694 1233 2722 sacerdotem
1248 2699 1309 2719 esse
1322 2698 1402 2726 posse
1421 2690 1544 2718 ostendit
1562 2695 1589 2717 et
1602 2697 1662 2725 qua:
1683 2696 1730 2724 per
1744 2689 1794 2715 do-

1125 2752 1134 2768 ’
1152 2750 1247 2777 Matth.
1264 2758 1328 2783 ut,
1349 2749 1395 2777 45.
1441 2748 1452 2765 ⁵
1469 2747 1558 2776 Galat.
1575 2754 1601 2780 v,
1618 2745 1664 2773 Ἡ.
1701 2744 1792 2772 'Dan.

812 2830 928 2859 VARIAS
945 2829 1148 2858 LECTIONES.

208 2873 215 2892 ί
249 2871 292 2899 lo’.
308 2872 348 2900 ὅτι
364 2882 426 2909 περ.
