  <div class='ocr_page' id='page_1' title='image "/cluster/home/n/w/nwhite01/storage/ocr_20150623/87, pt.2/njp.32101010943809/595.png"; bbox 0 0 1988 3079; ppageno 0'>
   <div class='ocr_carea' id='block_1_1' title="bbox 219 133 293 168">
    <p class='ocr_par' dir='ltr' id='par_1_1' title="bbox 219 133 293 168">
     <span class='ocr_line' id='line_1_1' title="bbox 219 133 293 168; baseline 0.027 -2"><span class='ocrx_word' id='word_1_1' title='bbox 219 133 293 168; x_wconf 65' lang='lat'><strong>2655</strong></span> 
     </span>
    </p>
   </div>
   <div class='ocr_carea' id='block_1_2' title="bbox 215 191 1052 229">
    <p class='ocr_par' dir='ltr' id='par_1_2' title="bbox 215 191 1052 229">
     <span class='ocr_line' id='line_1_2' title="bbox 215 191 1052 229; baseline 0 -8"><span class='ocrx_word' id='word_1_2' title='bbox 215 194 323 229; x_wconf 76' lang='lat' dir='ltr'><strong>iustitia</strong></span> <span class='ocrx_word' id='word_1_3' title='bbox 344 198 369 220; x_wconf 86' lang='lat' dir='ltr'><strong>et</strong></span> <span class='ocrx_word' id='word_1_4' title='bbox 388 191 507 220; x_wconf 76' lang='lat' dir='ltr'><strong>salutare</strong></span> <span class='ocrx_word' id='word_1_5' title='bbox 518 211 526 224; x_wconf 83' lang='lat'><strong>,</strong></span> <span class='ocrx_word' id='word_1_6' title='bbox 541 191 670 220; x_wconf 87' lang='lat' dir='ltr'><strong>Christus</strong></span> <span class='ocrx_word' id='word_1_7' title='bbox 688 192 757 226; x_wconf 86' lang='lat' dir='ltr'><strong>ipse,</strong></span> <span class='ocrx_word' id='word_1_8' title='bbox 773 192 853 220; x_wconf 75' lang='lat' dir='ltr'><strong>relati</strong></span> <span class='ocrx_word' id='word_1_9' title='bbox 868 193 972 228; x_wconf 78' lang='lat' dir='ltr'><strong>lampas</strong></span> <span class='ocrx_word' id='word_1_10' title='bbox 988 195 1015 220; x_wconf 93' lang='lat' dir='ltr'><strong>in</strong></span> <span class='ocrx_word' id='word_1_11' title='bbox 1031 199 1052 226; x_wconf 77' lang='grc' dir='ltr'>Α</span> 
     </span>
    </p>
   </div>
   <div class='ocr_carea' id='block_1_3' title="bbox 217 237 1008 272">
    <p class='ocr_par' dir='ltr' id='par_1_3' title="bbox 217 237 1008 272">
     <span class='ocr_line' id='line_1_3' title="bbox 217 237 1008 272; baseline -0.001 -6"><span class='ocrx_word' id='word_1_12' title='bbox 217 239 319 266; x_wconf 85' lang='lat' dir='ltr'><strong>mundo</strong></span> <span class='ocrx_word' id='word_1_13' title='bbox 332 247 338 272; x_wconf 91' lang='lat'><strong>;</strong></span> <span class='ocrx_word' id='word_1_14' title='bbox 351 239 395 272; x_wconf 85' lang='lat' dir='ltr'><strong>qui</strong></span> <span class='ocrx_word' id='word_1_15' title='bbox 407 237 528 272; x_wconf 75' lang='lat' dir='ltr'><strong>seqtland</strong></span> <span class='ocrx_word' id='word_1_16' title='bbox 540 237 565 264; x_wconf 90' lang='lat' dir='ltr'><strong>iu</strong></span> <span class='ocrx_word' id='word_1_17' title='bbox 577 238 603 264; x_wconf 93' lang='lat' dir='ltr'><strong>in</strong></span> <span class='ocrx_word' id='word_1_18' title='bbox 616 237 718 264; x_wconf 89' lang='lat' dir='ltr'><strong>mundo</strong></span> <span class='ocrx_word' id='word_1_19' title='bbox 727 239 899 269; x_wconf 81' lang='lat' dir='ltr'><strong>versabatur.</strong></span> <span class='ocrx_word' id='word_1_20' title='bbox 914 239 1008 266; x_wconf 88' lang='lat' dir='ltr'><strong>nmndi</strong></span> 
     </span>
    </p>
   </div>
   <div class='ocr_carea' id='block_1_4' title="bbox 217 283 1008 319">
    <p class='ocr_par' dir='ltr' id='par_1_4' title="bbox 217 283 1008 319">
     <span class='ocr_line' id='line_1_4' title="bbox 217 283 1008 319; baseline 0 -8"><span class='ocrx_word' id='word_1_21' title='bbox 217 286 308 312; x_wconf 83' lang='lat' dir='ltr'><strong>lumen</strong></span> <span class='ocrx_word' id='word_1_22' title='bbox 319 291 380 311; x_wconf 87' lang='lat' dir='ltr'><strong>esse</strong></span> <span class='ocrx_word' id='word_1_23' title='bbox 391 283 462 310; x_wconf 85' lang='lat' dir='ltr'><strong>dixit</strong></span> <span class='ocrx_word' id='word_1_24' title='bbox 477 283 511 314; x_wconf 82' lang='grc'>²⁰,</span> <span class='ocrx_word' id='word_1_25' title='bbox 528 283 554 310; x_wconf 89' lang='lat' dir='ltr'><strong>in</strong></span> <span class='ocrx_word' id='word_1_26' title='bbox 572 290 626 318; x_wconf 90' lang='lat' dir='ltr'><strong>quo</strong></span> <span class='ocrx_word' id='word_1_27' title='bbox 641 287 736 310; x_wconf 81' lang='lat' dir='ltr'><strong>essent</strong></span> <span class='ocrx_word' id='word_1_28' title='bbox 747 291 842 311; x_wconf 86' lang='lat' dir='ltr'><strong>omnes</strong></span> <span class='ocrx_word' id='word_1_29' title='bbox 859 284 1008 319; x_wconf 86' lang='lat' dir='ltr'><strong>impietatis</strong></span> 
     </span>
    </p>
   </div>
   <div class='ocr_carea' id='block_1_5' title="bbox 216 329 1008 365">
    <p class='ocr_par' dir='ltr' id='par_1_5' title="bbox 216 329 1008 365">
     <span class='ocr_line' id='line_1_5' title="bbox 216 329 1008 365; baseline 0 -8"><span class='ocrx_word' id='word_1_30' title='bbox 216 336 244 357; x_wconf 88' lang='lat' dir='ltr'><strong>et</strong></span> <span class='ocrx_word' id='word_1_31' title='bbox 252 330 387 357; x_wconf 82' lang='lat' dir='ltr'><strong>scelerum</strong></span> <span class='ocrx_word' id='word_1_32' title='bbox 405 329 526 356; x_wconf 85' lang='lat' dir='ltr'><strong>tenebris</strong></span> <span class='ocrx_word' id='word_1_33' title='bbox 540 329 617 364; x_wconf 86' lang='lat' dir='ltr'><strong>prius</strong></span> <span class='ocrx_word' id='word_1_34' title='bbox 628 329 753 356; x_wconf 94' lang='lat' dir='ltr'><strong>involuti.</strong></span> <span class='ocrx_word' id='word_1_35' title='bbox 766 329 909 365; x_wconf 77' lang='lat' dir='ltr'><strong>Signiﬁcat</strong></span> <span class='ocrx_word' id='word_1_36' title='bbox 926 337 1008 365; x_wconf 91' lang='lat' dir='ltr'><strong>porro</strong></span> 
     </span>
    </p>
   </div>
   <div class='ocr_carea' id='block_1_6' title="bbox 217 377 1008 413">
    <p class='ocr_par' dir='ltr' id='par_1_6' title="bbox 217 377 1008 413">
     <span class='ocr_line' id='line_1_6' title="bbox 217 377 1008 413; baseline -0.001 -8"><span class='ocrx_word' id='word_1_37' title='bbox 217 385 267 413; x_wconf 86' lang='lat' dir='ltr'><strong>per</strong></span> <span class='ocrx_word' id='word_1_38' title='bbox 287 377 365 412; x_wconf 77' lang='lat'><strong>711</strong></span> <span class='ocrx_word' id='word_1_39' title='bbox 384 377 520 411; x_wconf 73' lang='lat' dir='ltr'><strong>justitiam</strong></span> <span class='ocrx_word' id='word_1_40' title='bbox 547 381 570 403; x_wconf 86' lang='lat' dir='ltr'><strong>et</strong></span> <span class='ocrx_word' id='word_1_41' title='bbox 593 377 718 412; x_wconf 81' lang='lat' dir='ltr'><strong>gloriam,</strong></span> <span class='ocrx_word' id='word_1_42' title='bbox 743 377 881 404; x_wconf 77' lang='lat' dir='ltr'><strong>Christum</strong></span> <span class='ocrx_word' id='word_1_43' title='bbox 900 378 1008 412; x_wconf 84' lang='lat' dir='ltr'><strong>ipsum;</strong></span> 
     </span>
    </p>
   </div>
   <div class='ocr_carea' id='block_1_7' title="bbox 217 423 1010 458">
    <p class='ocr_par' dir='ltr' id='par_1_7' title="bbox 217 423 1010 458">
     <span class='ocr_line' id='line_1_7' title="bbox 217 423 1010 458; baseline 0 -7"><span class='ocrx_word' id='word_1_44' title='bbox 217 423 245 451; x_wconf 88' lang='lat' dir='ltr'><strong>in</strong></span> <span class='ocrx_word' id='word_1_45' title='bbox 264 423 394 458; x_wconf 83' lang='lat' dir='ltr'><strong>quojusti</strong></span> <span class='ocrx_word' id='word_1_46' title='bbox 407 445 414 456; x_wconf 91' lang='lat'><strong>,</strong></span> <span class='ocrx_word' id='word_1_47' title='bbox 430 427 457 450; x_wconf 88' lang='lat' dir='ltr'><strong>et</strong></span> <span class='ocrx_word' id='word_1_48' title='bbox 476 423 555 457; x_wconf 82' lang='lat' dir='ltr'><strong>cujus</strong></span> <span class='ocrx_word' id='word_1_49' title='bbox 573 423 660 457; x_wconf 76' lang='lat' dir='ltr'><strong>gloria</strong></span> <span class='ocrx_word' id='word_1_50' title='bbox 678 424 777 451; x_wconf 75' lang='lat' dir='ltr'><strong>divites</strong></span> <span class='ocrx_word' id='word_1_51' title='bbox 795 424 888 451; x_wconf 78' lang='lat' dir='ltr'><strong>effecti</strong></span> <span class='ocrx_word' id='word_1_52' title='bbox 902 432 1010 451; x_wconf 90' lang='lat' dir='ltr'><strong>sumus.</strong></span> 
     </span>
    </p>
   </div>
   <div class='ocr_carea' id='block_1_8' title="bbox 254 469 1016 504">
    <p class='ocr_par' dir='ltr' id='par_1_8' title="bbox 254 469 1016 504">
     <span class='ocr_line' id='line_1_8' title="bbox 254 469 1016 504; baseline 0.003 -9"><span class='ocrx_word' id='word_1_53' title='bbox 254 469 323 502; x_wconf 76' lang='lat' dir='ltr'><strong>Quia</strong></span> <span class='ocrx_word' id='word_1_54' title='bbox 340 469 439 496; x_wconf 88' lang='lat' dir='ltr'><strong>deinde</strong></span> <span class='ocrx_word' id='word_1_55' title='bbox 451 469 511 496; x_wconf 69' lang='lat' dir='ltr'><strong>vitze</strong></span> <span class='ocrx_word' id='word_1_56' title='bbox 524 469 672 496; x_wconf 80' lang='lat' dir='ltr'><strong>novitatem</strong></span> <span class='ocrx_word' id='word_1_57' title='bbox 686 470 910 504; x_wconf 79' lang='lat' dir='ltr'><strong>atuplcCtebatur,</strong></span> <span class='ocrx_word' id='word_1_58' title='bbox 920 470 1016 497; x_wconf 86' lang='lat' dir='ltr'><strong>habuit</strong></span> 
     </span>
    </p>
   </div>
   <div class='ocr_carea' id='block_1_9' title="bbox 218 514 1013 550">
    <p class='ocr_par' dir='ltr' id='par_1_9' title="bbox 218 514 1013 550">
     <span class='ocr_line' id='line_1_9' title="bbox 218 514 1013 550; baseline 0.001 -8"><span class='ocrx_word' id='word_1_59' title='bbox 218 520 244 542; x_wconf 88' lang='lat' dir='ltr'><strong>et</strong></span> <span class='ocrx_word' id='word_1_60' title='bbox 259 523 348 541; x_wconf 85' lang='lat' dir='ltr'><strong>recens</strong></span> <span class='ocrx_word' id='word_1_61' title='bbox 365 523 479 542; x_wconf 80' lang='lat' dir='ltr'><strong>nomen:</strong></span> <span class='ocrx_word' id='word_1_62' title='bbox 498 523 551 542; x_wconf 90' lang='lat' dir='ltr'><strong>non</strong></span> <span class='ocrx_word' id='word_1_63' title='bbox 574 514 716 550; x_wconf 75' lang='lat' dir='ltr'><strong>Synagoga</strong></span> <span class='ocrx_word' id='word_1_64' title='bbox 734 516 789 549; x_wconf 84' lang='lat' dir='ltr'><strong>jam</strong></span> <span class='ocrx_word' id='word_1_65' title='bbox 807 521 836 542; x_wconf 90' lang='lat' dir='ltr'><strong>ut</strong></span> <span class='ocrx_word' id='word_1_66' title='bbox 859 520 951 548; x_wconf 81' lang='lat' dir='ltr'><strong>antea,</strong></span> <span class='ocrx_word' id='word_1_67' title='bbox 966 516 1013 543; x_wconf 90' lang='lat' dir='ltr'><strong>sed</strong></span> 
     </span>
    </p>
   </div>
   <div class='ocr_carea' id='block_1_10' title="bbox 219 560 1013 595">
    <p class='ocr_par' dir='ltr' id='par_1_10' title="bbox 219 560 1013 595">
     <span class='ocr_line' id='line_1_10' title="bbox 219 560 1013 595; baseline 0.001 -7"><span class='ocrx_word' id='word_1_68' title='bbox 219 561 354 593; x_wconf 74' lang='lat' dir='ltr'><strong>Ecclesia,</strong></span> <span class='ocrx_word' id='word_1_69' title='bbox 369 565 397 588; x_wconf 89' lang='lat' dir='ltr'><strong>et</strong></span> <span class='ocrx_word' id='word_1_70' title='bbox 414 561 523 594; x_wconf 88' lang='lat' dir='ltr'><strong>domus,</strong></span> <span class='ocrx_word' id='word_1_71' title='bbox 541 565 568 588; x_wconf 87' lang='lat' dir='ltr'><strong>et</strong></span> <span class='ocrx_word' id='word_1_72' title='bbox 591 561 689 588; x_wconf 90' lang='lat' dir='ltr'><strong>civitas</strong></span> <span class='ocrx_word' id='word_1_73' title='bbox 712 560 758 589; x_wconf 85' lang='lat' dir='ltr'><strong>Dei</strong></span> <span class='ocrx_word' id='word_1_74' title='bbox 789 567 958 595; x_wconf 77' lang='lat' dir='ltr'><strong>nuncupata.</strong></span> <span class='ocrx_word' id='word_1_75' title='bbox 976 561 1013 589; x_wconf 86' lang='lat' dir='ltr'><strong>De</strong></span> 
     </span>
    </p>
   </div>
   <div class='ocr_carea' id='block_1_11' title="bbox 220 606 1009 643">
    <p class='ocr_par' dir='ltr' id='par_1_11' title="bbox 220 606 1009 643">
     <span class='ocr_line' id='line_1_11' title="bbox 220 606 1009 643; baseline 0.003 -10"><span class='ocrx_word' id='word_1_76' title='bbox 220 615 273 641; x_wconf 86' lang='lat' dir='ltr'><strong>qua</strong></span> <span class='ocrx_word' id='word_1_77' title='bbox 287 611 329 634; x_wconf 76' lang='lat' dir='ltr'><strong>est</strong></span> <span class='ocrx_word' id='word_1_78' title='bbox 357 607 428 641; x_wconf 87' lang='lat' dir='ltr'><strong>apud</strong></span> <span class='ocrx_word' id='word_1_79' title='bbox 448 606 589 638; x_wconf 83' lang='lat' dir='ltr'><strong>Davidem,</strong></span> <span class='ocrx_word' id='word_1_80' title='bbox 607 615 662 642; x_wconf 88' lang='lat' dir='ltr'><strong>quo</strong></span> <span class='ocrx_word' id='word_1_81' title='bbox 678 607 738 634; x_wconf 90' lang='lat' dir='ltr'><strong>loco</strong></span> <span class='ocrx_word' id='word_1_82' title='bbox 764 608 850 641; x_wconf 87' lang='lat' dir='ltr'><strong>ipsam</strong></span> <span class='ocrx_word' id='word_1_83' title='bbox 867 609 1009 643; x_wconf 81' lang='lat' dir='ltr'><strong>alloquens</strong></span> 
     </span>
    </p>
   </div>
   <div class='ocr_carea' id='block_1_12' title="bbox 220 651 1010 686">
    <p class='ocr_par' dir='ltr' id='par_1_12' title="bbox 220 651 1010 686">
     <span class='ocr_line' id='line_1_12' title="bbox 220 651 1010 686; baseline 0.003 -9"><span class='ocrx_word' id='word_1_84' title='bbox 220 652 341 686; x_wconf 80' lang='lat' dir='ltr'><strong>gloriosa</strong></span> <span class='ocrx_word' id='word_1_85' title='bbox 356 652 388 678; x_wconf 87' lang='lat' dir='ltr'><strong>de</strong></span> <span class='ocrx_word' id='word_1_86' title='bbox 407 651 452 679; x_wconf 91' lang='lat' dir='ltr'><strong>Dei</strong></span> <span class='ocrx_word' id='word_1_87' title='bbox 468 653 579 679; x_wconf 76' lang='lat' dir='ltr'><strong>civitate</strong></span> <span class='ocrx_word' id='word_1_88' title='bbox 593 652 667 679; x_wconf 80' lang='lat' dir='ltr'><strong>dicta</strong></span> <span class='ocrx_word' id='word_1_89' title='bbox 684 660 745 680; x_wconf 77' lang='lat' dir='ltr'><strong>esse</strong></span> <span class='ocrx_word' id='word_1_90' title='bbox 763 652 909 680; x_wconf 86' lang='lat' dir='ltr'><strong>atlirmavit</strong></span> <span class='ocrx_word' id='word_1_91' title='bbox 926 653 958 679; x_wconf 86' lang='grc'><strong>¹¹.</strong></span> <span class='ocrx_word' id='word_1_92' title='bbox 974 651 1010 679; x_wconf 90' lang='lat' dir='ltr'><strong>Ut</strong></span> 
     </span>
    </p>
   </div>
   <div class='ocr_carea' id='block_1_13' title="bbox 221 698 1011 733">
    <p class='ocr_par' dir='ltr' id='par_1_13' title="bbox 221 698 1011 733">
     <span class='ocr_line' id='line_1_13' title="bbox 221 698 1011 733; baseline 0.004 -10"><span class='ocrx_word' id='word_1_93' title='bbox 221 703 310 724; x_wconf 89' lang='lat' dir='ltr'><strong>autem</strong></span> <span class='ocrx_word' id='word_1_94' title='bbox 329 698 493 733; x_wconf 77' lang='lat' dir='ltr'><strong>elegantem.</strong></span> <span class='ocrx_word' id='word_1_95' title='bbox 518 698 660 733; x_wconf 79' lang='lat' dir='ltr'><strong>formaque</strong></span> <span class='ocrx_word' id='word_1_96' title='bbox 678 704 775 733; x_wconf 72' lang='lat' dir='ltr'><strong>praeter</strong></span> <span class='ocrx_word' id='word_1_97' title='bbox 799 704 914 727; x_wconf 60' lang='lat' dir='ltr'><strong>caeteras</strong></span> <span class='ocrx_word' id='word_1_98' title='bbox 941 699 1011 727; x_wconf 80' lang='lat' dir='ltr'><strong>insi~</strong></span> 
     </span>
    </p>
   </div>
   <div class='ocr_carea' id='block_1_14' title="bbox 221 743 1012 779">
    <p class='ocr_par' dir='ltr' id='par_1_14' title="bbox 221 743 1012 779">
     <span class='ocr_line' id='line_1_14' title="bbox 221 743 1012 779; baseline 0.003 -10"><span class='ocrx_word' id='word_1_99' title='bbox 221 750 312 778; x_wconf 82' lang='lat' dir='ltr'><strong>gnem,</strong></span> <span class='ocrx_word' id='word_1_100' title='bbox 329 743 387 771; x_wconf 88' lang='lat' dir='ltr'><strong>fore</strong></span> <span class='ocrx_word' id='word_1_101' title='bbox 411 744 535 775; x_wconf 81' lang='lat' dir='ltr'><strong>doceret:</strong></span> <span class='ocrx_word' id='word_1_102' title='bbox 557 753 683 771; x_wconf 87' lang='lat' dir='ltr'><strong>coronant</strong></span> <span class='ocrx_word' id='word_1_103' title='bbox 705 745 913 777; x_wconf 76' lang='lat' dir='ltr'><strong>pulchritudinis</strong></span> <span class='ocrx_word' id='word_1_104' title='bbox 939 746 1012 779; x_wconf 78' lang='lat' dir='ltr'><strong>[utn-</strong></span> 
     </span>
    </p>
   </div>
   <div class='ocr_carea' id='block_1_15' title="bbox 222 788 1015 824">
    <p class='ocr_par' dir='ltr' id='par_1_15' title="bbox 222 788 1015 824">
     <span class='ocr_line' id='line_1_15' title="bbox 222 788 1015 824; baseline 0.004 -10"><span class='ocrx_word' id='word_1_105' title='bbox 222 795 280 814; x_wconf 83' lang='lat' dir='ltr'><strong>ram</strong></span> <span class='ocrx_word' id='word_1_106' title='bbox 308 796 365 814; x_wconf 81' lang='lat' dir='ltr'><strong>esse</strong></span> <span class='ocrx_word' id='word_1_107' title='bbox 392 788 506 815; x_wconf 77' lang='lat' dir='ltr'><strong>addidit.</strong></span> <span class='ocrx_word' id='word_1_108' title='bbox 526 789 600 816; x_wconf 82' lang='lat' dir='ltr'><strong>Licet</strong></span> <span class='ocrx_word' id='word_1_109' title='bbox 624 790 696 816; x_wconf 79' lang='lat' dir='ltr'><strong>enim</strong></span> <span class='ocrx_word' id='word_1_110' title='bbox 720 794 842 816; x_wconf 81' lang='lat' dir='ltr'><strong>sanctam</strong></span> <span class='ocrx_word' id='word_1_111' title='bbox 864 790 1015 824; x_wconf 57' lang='lat' dir='ltr'><strong>quamlibet</strong></span> 
     </span>
    </p>
   </div>
   <div class='ocr_carea' id='block_1_16' title="bbox 223 834 1016 872">
    <p class='ocr_par' dir='ltr' id='par_1_16' title="bbox 223 834 1016 872">
     <span class='ocr_line' id='line_1_16' title="bbox 223 834 1016 872; baseline 0.005 -12"><span class='ocrx_word' id='word_1_112' title='bbox 223 835 352 866; x_wconf 78' lang='lat' dir='ltr'><strong>animant,</strong></span> <span class='ocrx_word' id='word_1_113' title='bbox 365 834 569 870; x_wconf 87' lang='lat' dir='ltr'><strong>Ecclesiamque</strong></span> <span class='ocrx_word' id='word_1_114' title='bbox 585 839 683 869; x_wconf 85' lang='lat' dir='ltr'><strong>totam,</strong></span> <span class='ocrx_word' id='word_1_115' title='bbox 698 836 814 863; x_wconf 93' lang='lat' dir='ltr'><strong>similem</strong></span> <span class='ocrx_word' id='word_1_116' title='bbox 829 845 942 869; x_wconf 68' lang='lat' dir='ltr'><strong>coronat,</strong></span> <span class='ocrx_word' id='word_1_117' title='bbox 955 845 1016 872; x_wconf 68' lang='lat' dir='ltr'><strong>qua:</strong></span> 
     </span>
    </p>
   </div>
   <div class='ocr_carea' id='block_1_17' title="bbox 221 880 1053 920">
    <p class='ocr_par' dir='ltr' id='par_1_17' title="bbox 221 880 1053 920">
     <span class='ocr_line' id='line_1_17' title="bbox 221 880 1053 920; baseline 0.004 -14"><span class='ocrx_word' id='word_1_118' title='bbox 221 889 254 907; x_wconf 85' lang='lat' dir='ltr'><strong>ex</strong></span> <span class='ocrx_word' id='word_1_119' title='bbox 273 881 349 907; x_wconf 84' lang='lat' dir='ltr'><strong>vario</strong></span> <span class='ocrx_word' id='word_1_120' title='bbox 372 880 469 907; x_wconf 85' lang='lat' dir='ltr'><strong>ﬂorum</strong></span> <span class='ocrx_word' id='word_1_121' title='bbox 493 889 591 915; x_wconf 75' lang='lat' dir='ltr'><strong>genere</strong></span> <span class='ocrx_word' id='word_1_122' title='bbox 609 882 776 912; x_wconf 62' lang='lat' dir='ltr'><strong>contexitur.</strong></span> <span class='ocrx_word' id='word_1_123' title='bbox 796 883 917 918; x_wconf 82' lang='lat' dir='ltr'><strong>regioque</strong></span> <span class='ocrx_word' id='word_1_124' title='bbox 932 884 1014 911; x_wconf 83' lang='lat' dir='ltr'><strong>etiam</strong></span> <span class='ocrx_word' id='word_1_125' title='bbox 1034 894 1053 920; x_wconf 74' lang='grc' dir='ltr'>Β</span> 
     </span>
    </p>
   </div>
   <div class='ocr_carea' id='block_1_18' title="bbox 222 926 1014 962">
    <p class='ocr_par' dir='ltr' id='par_1_18' title="bbox 222 926 1014 962">
     <span class='ocr_line' id='line_1_18' title="bbox 222 926 1014 962; baseline 0.005 -10"><span class='ocrx_word' id='word_1_126' title='bbox 222 926 369 953; x_wconf 84' lang='lat' dir='ltr'><strong>diademati</strong></span> <span class='ocrx_word' id='word_1_127' title='bbox 386 926 497 954; x_wconf 84' lang='lat' dir='ltr'><strong>dicere:</strong></span> <span class='ocrx_word' id='word_1_128' title='bbox 518 935 579 954; x_wconf 90' lang='lat' dir='ltr'><strong>cum</strong></span> <span class='ocrx_word' id='word_1_129' title='bbox 597 936 657 954; x_wconf 82' lang='lat' dir='ltr'><strong>eam</strong></span> <span class='ocrx_word' id='word_1_130' title='bbox 677 928 749 962; x_wconf 85' lang='lat' dir='ltr'><strong>apud</strong></span> <span class='ocrx_word' id='word_1_131' title='bbox 768 927 897 956; x_wconf 81' lang='lat' dir='ltr'><strong>Davidem</strong></span> <span class='ocrx_word' id='word_1_132' title='bbox 912 931 1014 957; x_wconf 81' lang='lat' dir='ltr'><strong>vestitu</strong></span> 
     </span>
    </p>
   </div>
   <div class='ocr_carea' id='block_1_19' title="bbox 223 970 1015 1007">
    <p class='ocr_par' dir='ltr' id='par_1_19' title="bbox 223 970 1015 1007">
     <span class='ocr_line' id='line_1_19' title="bbox 223 970 1015 1007; baseline 0.006 -11"><span class='ocrx_word' id='word_1_133' title='bbox 223 970 358 998; x_wconf 74' lang='lat' dir='ltr'><strong>deamata</strong></span> <span class='ocrx_word' id='word_1_134' title='bbox 387 971 511 998; x_wconf 82' lang='lat' dir='ltr'><strong>indutam</strong></span> <span class='ocrx_word' id='word_1_135' title='bbox 548 979 621 1004; x_wconf 82' lang='lat' dir='ltr'><strong>esse,</strong></span> <span class='ocrx_word' id='word_1_136' title='bbox 645 977 673 999; x_wconf 87' lang='lat' dir='ltr'><strong>et</strong></span> <span class='ocrx_word' id='word_1_137' title='bbox 699 973 880 1007; x_wconf 76' lang='lat' dir='ltr'><strong>variegatam,</strong></span> <span class='ocrx_word' id='word_1_138' title='bbox 920 975 1015 1002; x_wconf 86' lang='lat' dir='ltr'><strong>eadem</strong></span> 
     </span>
    </p>
   </div>
   <div class='ocr_carea' id='block_1_20' title="bbox 223 1017 1017 1052">
    <p class='ocr_par' dir='ltr' id='par_1_20' title="bbox 223 1017 1017 1052">
     <span class='ocr_line' id='line_1_20' title="bbox 223 1017 1017 1052; baseline 0.006 -10"><span class='ocrx_word' id='word_1_139' title='bbox 223 1017 305 1051; x_wconf 87' lang='lat' dir='ltr'><strong>plane</strong></span> <span class='ocrx_word' id='word_1_140' title='bbox 323 1021 405 1051; x_wconf 87' lang='lat' dir='ltr'><strong>atque</strong></span> <span class='ocrx_word' id='word_1_141' title='bbox 425 1018 469 1043; x_wconf 85' lang='lat' dir='ltr'><strong>hic</strong></span> <span class='ocrx_word' id='word_1_142' title='bbox 487 1018 605 1048; x_wconf 80' lang='lat' dir='ltr'><strong>ratione.</strong></span> <span class='ocrx_word' id='word_1_143' title='bbox 621 1018 744 1052; x_wconf 65' lang='lat' dir='ltr'><strong>legamus</strong></span> <span class='ocrx_word' id='word_1_144' title='bbox 763 1020 797 1046; x_wconf 85' lang='grc'><strong>¹¹.</strong></span> <span class='ocrx_word' id='word_1_145' title='bbox 821 1019 898 1052; x_wconf 85' lang='lat' dir='ltr'><strong>Quod</strong></span> <span class='ocrx_word' id='word_1_146' title='bbox 917 1020 1017 1048; x_wconf 89' lang='lat' dir='ltr'><strong>deinde</strong></span> 
     </span>
    </p>
   </div>
   <div class='ocr_carea' id='block_1_21' title="bbox 224 1062 1018 1100">
    <p class='ocr_par' dir='ltr' id='par_1_21' title="bbox 224 1062 1018 1100">
     <span class='ocr_line' id='line_1_21' title="bbox 224 1062 1018 1100; baseline 0.008 -12"><span class='ocrx_word' id='word_1_147' title='bbox 224 1063 251 1089; x_wconf 86' lang='lat' dir='ltr'><strong>in</strong></span> <span class='ocrx_word' id='word_1_148' title='bbox 268 1071 350 1089; x_wconf 85' lang='lat' dir='ltr'><strong>manu</strong></span> <span class='ocrx_word' id='word_1_149' title='bbox 366 1062 472 1090; x_wconf 86' lang='lat' dir='ltr'><strong>Domini</strong></span> <span class='ocrx_word' id='word_1_150' title='bbox 488 1063 568 1096; x_wconf 84' lang='lat' dir='ltr'><strong>dixit,</strong></span> <span class='ocrx_word' id='word_1_151' title='bbox 583 1064 642 1098; x_wconf 85' lang='lat' dir='ltr'><strong>ejus</strong></span> <span class='ocrx_word' id='word_1_152' title='bbox 659 1066 860 1100; x_wconf 87' lang='lat' dir='ltr'><strong>prolectionem</strong></span> <span class='ocrx_word' id='word_1_153' title='bbox 880 1066 1018 1094; x_wconf 81' lang='lat' dir='ltr'><strong>defensio-</strong></span> 
     </span>
    </p>
   </div>
   <div class='ocr_carea' id='block_1_22' title="bbox 224 1109 1018 1146">
    <p class='ocr_par' dir='ltr' id='par_1_22' title="bbox 224 1109 1018 1146">
     <span class='ocr_line' id='line_1_22' title="bbox 224 1109 1018 1146; baseline 0.008 -12"><span class='ocrx_word' id='word_1_154' title='bbox 224 1116 343 1144; x_wconf 83' lang='lat' dir='ltr'><strong>nemque</strong></span> <span class='ocrx_word' id='word_1_155' title='bbox 365 1109 553 1143; x_wconf 71' lang='lat' dir='ltr'><strong>significavit;</strong></span> <span class='ocrx_word' id='word_1_156' title='bbox 573 1111 619 1144; x_wconf 91' lang='lat' dir='ltr'><strong>qui</strong></span> <span class='ocrx_word' id='word_1_157' title='bbox 643 1119 701 1138; x_wconf 79' lang='lat' dir='ltr'><strong>sua:</strong></span> <span class='ocrx_word' id='word_1_158' title='bbox 725 1119 826 1139; x_wconf 88' lang='lat' dir='ltr'><strong>manus</strong></span> <span class='ocrx_word' id='word_1_159' title='bbox 848 1113 1018 1146; x_wconf 84' lang='lat' dir='ltr'><strong>protectione</strong></span> 
     </span>
    </p>
   </div>
   <div class='ocr_carea' id='block_1_23' title="bbox 223 1156 1018 1190">
    <p class='ocr_par' dir='ltr' id='par_1_23' title="bbox 223 1156 1018 1190">
     <span class='ocr_line' id='line_1_23' title="bbox 223 1156 1018 1190; baseline 0.008 -10"><span class='ocrx_word' id='word_1_160' title='bbox 223 1161 283 1180; x_wconf 81' lang='lat' dir='ltr'><strong>eam</strong></span> <span class='ocrx_word' id='word_1_161' title='bbox 301 1162 330 1181; x_wconf 87' lang='lat' dir='ltr'><strong>se</strong></span> <span class='ocrx_word' id='word_1_162' title='bbox 345 1159 535 1189; x_wconf 80' lang='lat' dir='ltr'><strong>protecturum</strong></span> <span class='ocrx_word' id='word_1_163' title='bbox 558 1156 712 1184; x_wconf 75' lang='lat' dir='ltr'><strong>afﬁrmavit.</strong></span> <span class='ocrx_word' id='word_1_164' title='bbox 732 1157 839 1185; x_wconf 83' lang='lat' dir='ltr'><strong>Asserit</strong></span> <span class='ocrx_word' id='word_1_165' title='bbox 854 1165 922 1185; x_wconf 77' lang='lat' dir='ltr'><strong>vero</strong></span> <span class='ocrx_word' id='word_1_166' title='bbox 935 1159 1018 1190; x_wconf 78' lang='lat' dir='ltr'><strong>etiam</strong></span> 
     </span>
    </p>
   </div>
   <div class='ocr_carea' id='block_1_24' title="bbox 223 1199 1018 1234">
    <p class='ocr_par' dir='ltr' id='par_1_24' title="bbox 223 1199 1018 1234">
     <span class='ocr_line' id='line_1_24' title="bbox 223 1199 1018 1234; baseline 0.008 -9"><span class='ocrx_word' id='word_1_167' title='bbox 223 1199 353 1227; x_wconf 73' lang='lat' dir='ltr'><strong>Christus</strong></span> <span class='ocrx_word' id='word_1_168' title='bbox 373 1200 431 1234; x_wconf 86' lang='lat' dir='ltr'><strong>ipse</strong></span> <span class='ocrx_word' id='word_1_169' title='bbox 451 1201 587 1228; x_wconf 88' lang='lat' dir='ltr'><strong>neminem</strong></span> <span class='ocrx_word' id='word_1_170' title='bbox 610 1210 675 1230; x_wconf 79' lang='lat' dir='ltr'><strong>suas</strong></span> <span class='ocrx_word' id='word_1_171' title='bbox 689 1211 754 1231; x_wconf 85' lang='lat' dir='ltr'><strong>oves</strong></span> <span class='ocrx_word' id='word_1_172' title='bbox 775 1204 809 1231; x_wconf 87' lang='lat' dir='ltr'><strong>de</strong></span> <span class='ocrx_word' id='word_1_173' title='bbox 825 1203 915 1231; x_wconf 76' lang='lat' dir='ltr'><strong>Patris</strong></span> <span class='ocrx_word' id='word_1_174' title='bbox 936 1212 1018 1232; x_wconf 90' lang='lat' dir='ltr'><strong>manu</strong></span> 
     </span>
    </p>
   </div>
   <div class='ocr_carea' id='block_1_25' title="bbox 223 1245 1019 1285">
    <p class='ocr_par' dir='ltr' id='par_1_25' title="bbox 223 1245 1019 1285">
     <span class='ocr_line' id='line_1_25' title="bbox 223 1245 1019 1285; baseline 0.006 -13"><span class='ocrx_word' id='word_1_175' title='bbox 223 1245 286 1273; x_wconf 75' lang='lat' dir='ltr'><strong>esse</strong></span> <span class='ocrx_word' id='word_1_176' title='bbox 300 1251 462 1282; x_wconf 80' lang='lat' dir='ltr'><strong>erepturum</strong></span> <span class='ocrx_word' id='word_1_177' title='bbox 483 1247 516 1274; x_wconf 83' lang='lat'><strong>&quot;.</strong></span> <span class='ocrx_word' id='word_1_178' title='bbox 534 1247 593 1275; x_wconf 75' lang='lat' dir='ltr'><strong>Non</strong></span> <span class='ocrx_word' id='word_1_179' title='bbox 616 1249 717 1276; x_wconf 85' lang='lat' dir='ltr'><strong>desunt</strong></span> <span class='ocrx_word' id='word_1_180' title='bbox 737 1258 832 1284; x_wconf 81' lang='lat' dir='ltr'><strong>porro,</strong></span> <span class='ocrx_word' id='word_1_181' title='bbox 852 1251 898 1285; x_wconf 86' lang='lat' dir='ltr'><strong>qui</strong></span> <span class='ocrx_word' id='word_1_182' title='bbox 915 1259 1019 1278; x_wconf 75' lang='lat' dir='ltr'><strong>roronw</strong></span> 
     </span>
    </p>
   </div>
   <div class='ocr_carea' id='block_1_26' title="bbox 224 1290 1022 1330">
    <p class='ocr_par' dir='ltr' id='par_1_26' title="bbox 224 1290 1022 1330">
     <span class='ocr_line' id='line_1_26' title="bbox 224 1290 1022 1330; baseline 0.006 -11"><span class='ocrx_word' id='word_1_183' title='bbox 224 1292 347 1325; x_wconf 88' lang='lat' dir='ltr'><strong>nomine,</strong></span> <span class='ocrx_word' id='word_1_184' title='bbox 361 1300 408 1319; x_wconf 86' lang='lat' dir='ltr'><strong>eos</strong></span> <span class='ocrx_word' id='word_1_185' title='bbox 429 1293 505 1327; x_wconf 88' lang='lat' dir='ltr'><strong>ipsos</strong></span> <span class='ocrx_word' id='word_1_186' title='bbox 527 1294 696 1330; x_wconf 78' lang='lat' dir='ltr'><strong>intelligant,</strong></span> <span class='ocrx_word' id='word_1_187' title='bbox 711 1296 758 1330; x_wconf 90' lang='lat' dir='ltr'><strong>qui</strong></span> <span class='ocrx_word' id='word_1_188' title='bbox 783 1297 810 1323; x_wconf 91' lang='lat' dir='ltr'><strong>in</strong></span> <span class='ocrx_word' id='word_1_189' title='bbox 823 1296 936 1324; x_wconf 82' lang='lat' dir='ltr'><strong>Christo</strong></span> <span class='ocrx_word' id='word_1_190' title='bbox 955 1290 1022 1324; x_wconf 76' lang='lat' dir='ltr'><strong>cunt</strong></span> 
     </span>
    </p>
   </div>
   <div class='ocr_carea' id='block_1_27' title="bbox 225 1338 1021 1377">
    <p class='ocr_par' dir='ltr' id='par_1_27' title="bbox 225 1338 1021 1377">
     <span class='ocr_line' id='line_1_27' title="bbox 225 1338 1021 1377; baseline 0.008 -13"><span class='ocrx_word' id='word_1_191' title='bbox 225 1338 326 1366; x_wconf 78' lang='lat' dir='ltr'><strong>virtute</strong></span> <span class='ocrx_word' id='word_1_192' title='bbox 339 1343 366 1366; x_wconf 86' lang='lat' dir='ltr'><strong>et</strong></span> <span class='ocrx_word' id='word_1_193' title='bbox 378 1339 458 1366; x_wconf 88' lang='lat' dir='ltr'><strong>laude</strong></span> <span class='ocrx_word' id='word_1_194' title='bbox 471 1341 616 1368; x_wconf 78' lang='lat' dir='ltr'><strong>vixerunt:</strong></span> <span class='ocrx_word' id='word_1_195' title='bbox 633 1349 680 1376; x_wconf 85' lang='lat' dir='ltr'><strong>per</strong></span> <span class='ocrx_word' id='word_1_196' title='bbox 694 1343 767 1377; x_wconf 81' lang='lat' dir='ltr'><strong>regni</strong></span> <span class='ocrx_word' id='word_1_197' title='bbox 785 1351 850 1370; x_wconf 79' lang='lat' dir='ltr'><strong>vero</strong></span> <span class='ocrx_word' id='word_1_198' title='bbox 866 1343 953 1377; x_wconf 80' lang='lat' dir='ltr'><strong>ipsius</strong></span> <span class='ocrx_word' id='word_1_199' title='bbox 966 1343 1021 1370; x_wconf 85' lang='lat' dir='ltr'><strong>dia-</strong></span> 
     </span>
    </p>
   </div>
   <div class='ocr_carea' id='block_1_28' title="bbox 228 1383 1019 1423">
    <p class='ocr_par' dir='ltr' id='par_1_28' title="bbox 228 1383 1019 1423">
     <span class='ocr_line' id='line_1_28' title="bbox 228 1383 1019 1423; baseline 0.008 -13"><span class='ocrx_word' id='word_1_200' title='bbox 228 1383 317 1418; x_wconf 78' lang='lat' dir='ltr'><strong>dema,</strong></span> <span class='ocrx_word' id='word_1_201' title='bbox 335 1392 383 1412; x_wconf 88' lang='lat' dir='ltr'><strong>eos</strong></span> <span class='ocrx_word' id='word_1_202' title='bbox 399 1385 495 1418; x_wconf 87' lang='lat' dir='ltr'><strong>etiam,</strong></span> <span class='ocrx_word' id='word_1_203' title='bbox 512 1386 558 1420; x_wconf 88' lang='lat' dir='ltr'><strong>qui</strong></span> <span class='ocrx_word' id='word_1_204' title='bbox 574 1387 700 1414; x_wconf 88' lang='lat' dir='ltr'><strong>eumdem</strong></span> <span class='ocrx_word' id='word_1_205' title='bbox 720 1388 854 1423; x_wconf 77' lang='lat' dir='ltr'><strong>sanguine</strong></span> <span class='ocrx_word' id='word_1_206' title='bbox 867 1397 918 1416; x_wconf 85' lang='lat' dir='ltr'><strong>suo</strong></span> <span class='ocrx_word' id='word_1_207' title='bbox 929 1390 1019 1417; x_wconf 88' lang='lat' dir='ltr'><strong>testati</strong></span> 
     </span>
    </p>
   </div>
   <div class='ocr_carea' id='block_1_29' title="bbox 226 1432 1021 1468">
    <p class='ocr_par' dir='ltr' id='par_1_29' title="bbox 226 1432 1021 1468">
     <span class='ocr_line' id='line_1_29' title="bbox 226 1432 1021 1468; baseline 0.004 -11"><span class='ocrx_word' id='word_1_208' title='bbox 226 1434 310 1457; x_wconf 89' lang='lat' dir='ltr'><strong>sunt:</strong></span> <span class='ocrx_word' id='word_1_209' title='bbox 325 1439 395 1464; x_wconf 74' lang='lat' dir='ltr'><strong>quos</strong></span> <span class='ocrx_word' id='word_1_210' title='bbox 409 1439 458 1458; x_wconf 89' lang='lat' dir='ltr'><strong>sua</strong></span> <span class='ocrx_word' id='word_1_211' title='bbox 472 1432 531 1466; x_wconf 86' lang='lat' dir='ltr'><strong>ipse</strong></span> <span class='ocrx_word' id='word_1_212' title='bbox 543 1440 622 1459; x_wconf 88' lang='lat' dir='ltr'><strong>manu</strong></span> <span class='ocrx_word' id='word_1_213' title='bbox 640 1433 760 1468; x_wconf 79' lang='lat' dir='ltr'><strong>Seligens</strong></span> <span class='ocrx_word' id='word_1_214' title='bbox 777 1434 869 1467; x_wconf 85' lang='lat' dir='ltr'><strong>Pater,</strong></span> <span class='ocrx_word' id='word_1_215' title='bbox 887 1434 959 1462; x_wconf 82' lang='lat' dir='ltr'><strong>Filio</strong></span> <span class='ocrx_word' id='word_1_216' title='bbox 974 1436 1021 1461; x_wconf 87' lang='lat' dir='ltr'><strong>ad-</strong></span> 
     </span>
    </p>
   </div>
   <div class='ocr_carea' id='block_1_30' title="bbox 226 1474 1019 1516">
    <p class='ocr_par' dir='ltr' id='par_1_30' title="bbox 226 1474 1019 1516">
     <span class='ocr_line' id='line_1_30' title="bbox 226 1474 1019 1516; baseline 0.008 -15"><span class='ocrx_word' id='word_1_217' title='bbox 226 1474 329 1510; x_wconf 77' lang='lat' dir='ltr'><strong>jungit,</strong></span> <span class='ocrx_word' id='word_1_218' title='bbox 342 1476 427 1503; x_wconf 90' lang='lat' dir='ltr'><strong>veluti</strong></span> <span class='ocrx_word' id='word_1_219' title='bbox 454 1485 580 1504; x_wconf 86' lang='lat' dir='ltr'><strong>coronant</strong></span> <span class='ocrx_word' id='word_1_220' title='bbox 600 1486 759 1513; x_wconf 77' lang='lat' dir='ltr'><strong>apponens;</strong></span> <span class='ocrx_word' id='word_1_221' title='bbox 781 1481 903 1516; x_wconf 73' lang='lat' dir='ltr'><strong>regioque</strong></span> <span class='ocrx_word' id='word_1_222' title='bbox 925 1481 1019 1507; x_wconf 81' lang='lat' dir='ltr'><strong>diade-</strong></span> 
     </span>
    </p>
   </div>
   <div class='ocr_carea' id='block_1_31' title="bbox 226 1522 1021 1562">
    <p class='ocr_par' dir='ltr' id='par_1_31' title="bbox 226 1522 1021 1562">
     <span class='ocr_line' id='line_1_31' title="bbox 226 1522 1021 1562; baseline 0.008 -14"><span class='ocrx_word' id='word_1_223' title='bbox 226 1526 307 1554; x_wconf 82' lang='lat' dir='ltr'><strong>mate,</strong></span> <span class='ocrx_word' id='word_1_224' title='bbox 325 1522 351 1548; x_wconf 89' lang='lat' dir='ltr'><strong>id</strong></span> <span class='ocrx_word' id='word_1_225' title='bbox 369 1528 422 1554; x_wconf 80' lang='lat' dir='ltr'><strong>est,</strong></span> <span class='ocrx_word' id='word_1_226' title='bbox 442 1531 536 1550; x_wconf 88' lang='lat' dir='ltr'><strong>eorum</strong></span> <span class='ocrx_word' id='word_1_227' title='bbox 558 1524 713 1559; x_wconf 78' lang='lat' dir='ltr'><strong>frequentia</strong></span> <span class='ocrx_word' id='word_1_228' title='bbox 731 1525 882 1558; x_wconf 80' lang='lat' dir='ltr'><strong>lmunrans,</strong></span> <span class='ocrx_word' id='word_1_229' title='bbox 902 1528 948 1561; x_wconf 90' lang='lat' dir='ltr'><strong>qui</strong></span> <span class='ocrx_word' id='word_1_230' title='bbox 973 1535 1021 1562; x_wconf 80' lang='lat' dir='ltr'><strong>per</strong></span> 
     </span>
    </p>
   </div>
   <div class='ocr_carea' id='block_1_32' title="bbox 227 1566 1056 1608">
    <p class='ocr_par' dir='ltr' id='par_1_32' title="bbox 227 1566 1056 1608">
     <span class='ocr_line' id='line_1_32' title="bbox 227 1566 1056 1608; baseline 0.01 -15"><span class='ocrx_word' id='word_1_231' title='bbox 227 1567 329 1602; x_wconf 83' lang='lat' dir='ltr'><strong>ipsum,</strong></span> <span class='ocrx_word' id='word_1_232' title='bbox 343 1574 371 1594; x_wconf 86' lang='lat' dir='ltr'><strong>cl.</strong></span> <span class='ocrx_word' id='word_1_233' title='bbox 397 1569 430 1595; x_wconf 88' lang='lat' dir='ltr'><strong>ab</strong></span> <span class='ocrx_word' id='word_1_234' title='bbox 448 1569 508 1603; x_wconf 81' lang='lat' dir='ltr'><strong>ipso</strong></span> <span class='ocrx_word' id='word_1_235' title='bbox 528 1571 645 1597; x_wconf 81' lang='lat' dir='ltr'><strong>salutem</strong></span> <span class='ocrx_word' id='word_1_236' title='bbox 671 1571 762 1606; x_wconf 85' lang='lat' dir='ltr'><strong>adepti</strong></span> <span class='ocrx_word' id='word_1_237' title='bbox 778 1576 842 1599; x_wconf 86' lang='lat' dir='ltr'><strong>sunt</strong></span> <span class='ocrx_word' id='word_1_238' title='bbox 859 1581 865 1598; x_wconf 92' lang='lat'>:</span> <span class='ocrx_word' id='word_1_239' title='bbox 885 1581 900 1600; x_wconf 89' lang='lat' dir='ltr'><strong>a</strong></span> <span class='ocrx_word' id='word_1_240' title='bbox 919 1574 1018 1608; x_wconf 86' lang='lat' dir='ltr'><strong>quibus</strong></span> <span class='ocrx_word' id='word_1_241' title='bbox 1035 1566 1056 1594; x_wconf 77' lang='lat' dir='ltr'><strong>C</strong></span> 
     </span>
    </p>
   </div>
   <div class='ocr_carea' id='block_1_33' title="bbox 227 1615 1019 1652">
    <p class='ocr_par' dir='ltr' id='par_1_33' title="bbox 227 1615 1019 1652">
     <span class='ocr_line' id='line_1_33' title="bbox 227 1615 1019 1652; baseline 0.006 -12"><span class='ocrx_word' id='word_1_242' title='bbox 227 1620 282 1640; x_wconf 79' lang='lat' dir='ltr'><strong>non</strong></span> <span class='ocrx_word' id='word_1_243' title='bbox 308 1615 447 1640; x_wconf 78' lang='lat' dir='ltr'><strong>vocabitur</strong></span> <span class='ocrx_word' id='word_1_244' title='bbox 464 1616 578 1649; x_wconf 75' lang='lat' dir='ltr'><strong>amplius</strong></span> <span class='ocrx_word' id='word_1_245' title='bbox 603 1624 662 1651; x_wconf 80' lang='lat' dir='ltr'><strong>qua:</strong></span> <span class='ocrx_word' id='word_1_246' title='bbox 684 1625 772 1644; x_wconf 79' lang='lat' dir='ltr'><strong>recens</strong></span> <span class='ocrx_word' id='word_1_247' title='bbox 788 1626 881 1644; x_wconf 84' lang='lat' dir='ltr'><strong>nomen</strong></span> <span class='ocrx_word' id='word_1_248' title='bbox 903 1619 1019 1652; x_wconf 85' lang='lat' dir='ltr'><strong>accepit,</strong></span> 
     </span>
    </p>
   </div>
   <div class='ocr_carea' id='block_1_34' title="bbox 227 1658 1022 1695">
    <p class='ocr_par' dir='ltr' id='par_1_34' title="bbox 227 1658 1022 1695">
     <span class='ocr_line' id='line_1_34' title="bbox 227 1658 1022 1695; baseline 0.01 -12"><span class='ocrx_word' id='word_1_249' title='bbox 227 1658 356 1685; x_wconf 76' lang='lat' dir='ltr'><strong>derelicta</strong></span> <span class='ocrx_word' id='word_1_250' title='bbox 372 1665 396 1686; x_wconf 82' lang='lat' dir='ltr'><strong>et</strong></span> <span class='ocrx_word' id='word_1_251' title='bbox 410 1659 526 1693; x_wconf 81' lang='lat' dir='ltr'><strong>deserta,</strong></span> <span class='ocrx_word' id='word_1_252' title='bbox 542 1662 588 1688; x_wconf 84' lang='lat' dir='ltr'><strong>sed</strong></span> <span class='ocrx_word' id='word_1_253' title='bbox 607 1663 728 1689; x_wconf 79' lang='lat' dir='ltr'><strong>voluntas</strong></span> <span class='ocrx_word' id='word_1_254' title='bbox 744 1670 815 1695; x_wconf 81' lang='lat' dir='ltr'><strong>mea;</strong></span> <span class='ocrx_word' id='word_1_255' title='bbox 833 1663 857 1690; x_wconf 89' lang='lat' dir='ltr'><strong>id</strong></span> <span class='ocrx_word' id='word_1_256' title='bbox 871 1670 910 1690; x_wconf 82' lang='lat' dir='ltr'><strong>est</strong></span> <span class='ocrx_word' id='word_1_257' title='bbox 924 1672 1022 1691; x_wconf 83' lang='lat' dir='ltr'><strong>secun-</strong></span> 
     </span>
    </p>
   </div>
   <div class='ocr_carea' id='block_1_35' title="bbox 226 1705 1019 1744">
    <p class='ocr_par' dir='ltr' id='par_1_35' title="bbox 226 1705 1019 1744">
     <span class='ocr_line' id='line_1_35' title="bbox 226 1705 1019 1744; baseline 0.006 -13"><span class='ocrx_word' id='word_1_258' title='bbox 226 1705 291 1732; x_wconf 80' lang='lat' dir='ltr'><strong>dum</strong></span> <span class='ocrx_word' id='word_1_259' title='bbox 307 1707 470 1733; x_wconf 81' lang='lat' dir='ltr'><strong>uoluntatem</strong></span> <span class='ocrx_word' id='word_1_260' title='bbox 493 1715 593 1734; x_wconf 82' lang='lat' dir='ltr'><strong>meam:</strong></span> <span class='ocrx_word' id='word_1_261' title='bbox 612 1708 714 1742; x_wconf 85' lang='lat' dir='ltr'><strong>quibus</strong></span> <span class='ocrx_word' id='word_1_262' title='bbox 735 1716 794 1734; x_wconf 74' lang='lat' dir='ltr'><strong>eam</strong></span> <span class='ocrx_word' id='word_1_263' title='bbox 817 1709 898 1736; x_wconf 81' lang='lat' dir='ltr'><strong>etiam</strong></span> <span class='ocrx_word' id='word_1_264' title='bbox 914 1715 1019 1744; x_wconf 78' lang='lat' dir='ltr'><strong>gratam</strong></span> 
     </span>
    </p>
   </div>
   <div class='ocr_carea' id='block_1_36' title="bbox 227 1749 1021 1788">
    <p class='ocr_par' dir='ltr' id='par_1_36' title="bbox 227 1749 1021 1788">
     <span class='ocr_line' id='line_1_36' title="bbox 227 1749 1021 1788; baseline 0.006 -12"><span class='ocrx_word' id='word_1_265' title='bbox 227 1749 285 1777; x_wconf 83' lang='lat' dir='ltr'><strong>fore</strong></span> <span class='ocrx_word' id='word_1_266' title='bbox 298 1755 324 1777; x_wconf 93' lang='lat' dir='ltr'><strong>et</strong></span> <span class='ocrx_word' id='word_1_267' title='bbox 334 1756 474 1785; x_wconf 85' lang='lat' dir='ltr'><strong>acceptam</strong></span> <span class='ocrx_word' id='word_1_268' title='bbox 487 1752 636 1787; x_wconf 74' lang='lat' dir='ltr'><strong>significat.</strong></span> <span class='ocrx_word' id='word_1_269' title='bbox 653 1753 718 1785; x_wconf 70' lang='lat' dir='ltr'><strong>Qua:</strong></span> <span class='ocrx_word' id='word_1_270' title='bbox 730 1752 834 1780; x_wconf 75' lang='lat' dir='ltr'><strong>deserta</strong></span> <span class='ocrx_word' id='word_1_271' title='bbox 849 1754 883 1781; x_wconf 87' lang='lat' dir='ltr'><strong>ob</strong></span> <span class='ocrx_word' id='word_1_272' title='bbox 900 1755 936 1785; x_wconf 81' lang='lat' dir='ltr'><strong>id,</strong></span> <span class='ocrx_word' id='word_1_273' title='bbox 949 1755 1021 1788; x_wconf 89' lang='lat' dir='ltr'><strong>quod</strong></span> 
     </span>
    </p>
   </div>
   <div class='ocr_carea' id='block_1_37' title="bbox 229 1794 1021 1828">
    <p class='ocr_par' dir='ltr' id='par_1_37' title="bbox 229 1794 1021 1828">
     <span class='ocr_line' id='line_1_37' title="bbox 229 1794 1021 1828; baseline 0.008 -8"><span class='ocrx_word' id='word_1_274' title='bbox 229 1794 258 1821; x_wconf 90' lang='lat' dir='ltr'><strong>in</strong></span> <span class='ocrx_word' id='word_1_275' title='bbox 277 1794 419 1821; x_wconf 87' lang='lat' dir='ltr'><strong>Christum</strong></span> <span class='ocrx_word' id='word_1_276' title='bbox 438 1795 597 1827; x_wconf 82' lang='lat' dir='ltr'><strong>admiserat,</strong></span> <span class='ocrx_word' id='word_1_277' title='bbox 617 1796 687 1823; x_wconf 86' lang='lat' dir='ltr'><strong>facta</strong></span> <span class='ocrx_word' id='word_1_278' title='bbox 709 1797 808 1828; x_wconf 84' lang='lat' dir='ltr'><strong>fuerat,</strong></span> <span class='ocrx_word' id='word_1_279' title='bbox 831 1798 877 1824; x_wconf 79' lang='lat' dir='ltr'><strong>sed</strong></span> <span class='ocrx_word' id='word_1_280' title='bbox 902 1799 1021 1826; x_wconf 88' lang='lat' dir='ltr'><strong>servatis</strong></span> 
     </span>
    </p>
   </div>
   <div class='ocr_carea' id='block_1_38' title="bbox 228 1840 1022 1877">
    <p class='ocr_par' dir='ltr' id='par_1_38' title="bbox 228 1840 1022 1877">
     <span class='ocr_line' id='line_1_38' title="bbox 228 1840 1022 1877; baseline 0.006 -11"><span class='ocrx_word' id='word_1_281' title='bbox 228 1840 364 1874; x_wconf 85' lang='lat' dir='ltr'><strong>reliquiis,</strong></span> <span class='ocrx_word' id='word_1_282' title='bbox 380 1841 552 1877; x_wconf 78' lang='lat' dir='ltr'><strong>gentibusque</strong></span> <span class='ocrx_word' id='word_1_283' title='bbox 569 1850 630 1869; x_wconf 88' lang='lat' dir='ltr'><strong>cum</strong></span> <span class='ocrx_word' id='word_1_284' title='bbox 646 1842 706 1876; x_wconf 87' lang='lat' dir='ltr'><strong>ipso</strong></span> <span class='ocrx_word' id='word_1_285' title='bbox 722 1842 890 1875; x_wconf 69' lang='lat' dir='ltr'><strong>conjunctis,</strong></span> <span class='ocrx_word' id='word_1_286' title='bbox 905 1845 930 1870; x_wconf 95' lang='lat' dir='ltr'><strong>in</strong></span> <span class='ocrx_word' id='word_1_287' title='bbox 947 1845 1022 1871; x_wconf 85' lang='lat' dir='ltr'><strong>mul-</strong></span> 
     </span>
    </p>
   </div>
   <div class='ocr_carea' id='block_1_39' title="bbox 228 1887 1024 1924">
    <p class='ocr_par' dir='ltr' id='par_1_39' title="bbox 228 1887 1024 1924">
     <span class='ocr_line' id='line_1_39' title="bbox 228 1887 1024 1924; baseline 0.005 -10"><span class='ocrx_word' id='word_1_288' title='bbox 228 1887 373 1915; x_wconf 80' lang='lat' dir='ltr'><strong>titudinem</strong></span> <span class='ocrx_word' id='word_1_289' title='bbox 390 1888 479 1915; x_wconf 85' lang='lat' dir='ltr'><strong>evasit</strong></span> <span class='ocrx_word' id='word_1_290' title='bbox 499 1888 645 1918; x_wconf 74' lang='lat' dir='ltr'><strong>infinitam.</strong></span> <span class='ocrx_word' id='word_1_291' title='bbox 667 1889 720 1916; x_wconf 78' lang='grc' dir='ltr'><strong>Ι)εο</strong></span> <span class='ocrx_word' id='word_1_292' title='bbox 738 1889 825 1924; x_wconf 88' lang='lat' dir='ltr'><strong>ipsam</strong></span> <span class='ocrx_word' id='word_1_293' title='bbox 844 1890 977 1924; x_wconf 83' lang='lat' dir='ltr'><strong>probante</strong></span> <span class='ocrx_word' id='word_1_294' title='bbox 997 1895 1024 1918; x_wconf 86' lang='lat' dir='ltr'><strong>et</strong></span> 
     </span>
    </p>
   </div>
   <div class='ocr_carea' id='block_1_40' title="bbox 227 1934 1022 1972">
    <p class='ocr_par' dir='ltr' id='par_1_40' title="bbox 227 1934 1022 1972">
     <span class='ocr_line' id='line_1_40' title="bbox 227 1934 1022 1972; baseline 0.006 -13"><span class='ocrx_word' id='word_1_295' title='bbox 227 1934 431 1968; x_wconf 76' lang='lat' dir='ltr'><strong>amplectente;</strong></span> <span class='ocrx_word' id='word_1_296' title='bbox 465 1935 654 1969; x_wconf 86' lang='lat' dir='ltr'><strong>quantumvis,</strong></span> <span class='ocrx_word' id='word_1_297' title='bbox 687 1936 896 1963; x_wconf 80' lang='lat' dir='ltr'><strong>exercitationis</strong></span> <span class='ocrx_word' id='word_1_298' title='bbox 923 1938 1022 1972; x_wconf 76' lang='lat' dir='ltr'><strong>gratia,</strong></span> 
     </span>
    </p>
   </div>
   <div class='ocr_carea' id='block_1_41' title="bbox 228 1979 1031 2017">
    <p class='ocr_par' dir='ltr' id='par_1_41' title="bbox 228 1979 1031 2017">
     <span class='ocr_line' id='line_1_41' title="bbox 228 1979 1031 2017; baseline 0.002 -11"><span class='ocrx_word' id='word_1_299' title='bbox 228 1980 355 2008; x_wconf 70' lang='lat' dir='ltr'><strong>alllirtam</strong></span> <span class='ocrx_word' id='word_1_300' title='bbox 375 1989 447 2016; x_wconf 68' lang='lat' dir='ltr'><strong>saepe</strong></span> <span class='ocrx_word' id='word_1_301' title='bbox 464 1982 603 2017; x_wconf 80' lang='lat' dir='ltr'><strong>negligere</strong></span> <span class='ocrx_word' id='word_1_302' title='bbox 628 1983 765 2010; x_wconf 80' lang='lat' dir='ltr'><strong>videatur.</strong></span> <span class='ocrx_word' id='word_1_303' title='bbox 786 1983 902 2016; x_wconf 84' lang='lat' dir='ltr'><strong>Quidam</strong></span> <span class='ocrx_word' id='word_1_304' title='bbox 918 1979 1031 2015; x_wconf 79' lang='lat' dir='ltr'><strong>autem,‘</strong></span> 
     </span>
    </p>
   </div>
   <div class='ocr_carea' id='block_1_42' title="bbox 228 2026 1023 2064">
    <p class='ocr_par' dir='ltr' id='par_1_42' title="bbox 228 2026 1023 2064">
     <span class='ocr_line' id='line_1_42' title="bbox 228 2026 1023 2064; baseline 0.006 -13"><span class='ocrx_word' id='word_1_305' title='bbox 228 2026 300 2059; x_wconf 86' lang='lat' dir='ltr'><strong>quod</strong></span> <span class='ocrx_word' id='word_1_306' title='bbox 322 2032 346 2052; x_wconf 72' lang='lat' dir='ltr'><strong>et</strong></span> <span class='ocrx_word' id='word_1_307' title='bbox 368 2033 440 2054; x_wconf 81' lang='lat' dir='ltr'><strong>terra</strong></span> <span class='ocrx_word' id='word_1_308' title='bbox 463 2032 508 2054; x_wconf 81' lang='lat' dir='ltr'><strong>tua</strong></span> <span class='ocrx_word' id='word_1_309' title='bbox 530 2028 655 2054; x_wconf 81' lang='lat' dir='ltr'><strong>habitata</strong></span> <span class='ocrx_word' id='word_1_310' title='bbox 682 2029 763 2061; x_wconf 81' lang='lat' dir='ltr'><strong>dixit,</strong></span> <span class='ocrx_word' id='word_1_311' title='bbox 781 2028 813 2055; x_wconf 80' lang='lat' dir='ltr'><strong>ad</strong></span> <span class='ocrx_word' id='word_1_312' title='bbox 837 2037 926 2056; x_wconf 75' lang='lat' dir='ltr'><strong>recens</strong></span> <span class='ocrx_word' id='word_1_313' title='bbox 948 2030 1023 2064; x_wconf 72' lang='lat' dir='ltr'><strong>I‘t&#39;gni</strong></span> 
     </span>
    </p>
   </div>
   <div class='ocr_carea' id='block_1_43' title="bbox 883 136 1198 168">
    <p class='ocr_par' dir='ltr' id='par_1_43' title="bbox 883 136 1198 168">
     <span class='ocr_line' id='line_1_43' title="bbox 883 136 1198 168; baseline 0.013 -4"><span class='ocrx_word' id='word_1_314' title='bbox 883 136 1059 167; x_wconf 82' lang='lat' dir='ltr'><strong>PROCOPII</strong></span> <span class='ocrx_word' id='word_1_315' title='bbox 1075 138 1198 168; x_wconf 67' lang='grc' dir='ltr'><strong>ϐΑΖίΕΙ</strong></span> 
     </span>
    </p>
   </div>
   <div class='ocr_carea' id='block_1_44' title="bbox 1785 132 1869 164">
    <p class='ocr_par' dir='ltr' id='par_1_44' title="bbox 1785 132 1869 164">
     <span class='ocr_line' id='line_1_44' title="bbox 1785 132 1869 164; baseline 0.012 -1"><span class='ocrx_word' id='word_1_316' title='bbox 1785 132 1869 164; x_wconf 70' lang='lat'><strong>2656</strong></span> 
     </span>
    </p>
   </div>
   <div class='ocr_carea' id='block_1_45' title="bbox 1069 189 1870 231">
    <p class='ocr_par' dir='ltr' id='par_1_45' title="bbox 1069 189 1870 231">
     <span class='ocr_line' id='line_1_45' title="bbox 1069 189 1870 231; baseline -0.004 -11"><span class='ocrx_word' id='word_1_317' title='bbox 1069 203 1130 231; x_wconf 84' lang='grc' dir='ltr'>σμῳ</span> <span class='ocrx_word' id='word_1_318' title='bbox 1145 195 1278 229; x_wconf 76' lang='grc' dir='ltr'>λαμπὰς,</span> <span class='ocrx_word' id='word_1_319' title='bbox 1297 194 1397 221; x_wconf 77' lang='grc' dir='ltr'>εἰπών·</span> <span class='ocrx_word' id='word_1_320' title='bbox 1413 194 1473 221; x_wconf 73' lang='grc' dir='ltr'><strong>⁸οτ¹</strong></span> <span class='ocrx_word' id='word_1_321' title='bbox 1488 193 1520 220; x_wconf 80' lang='grc' dir='ltr'><strong>ἂν</strong></span> <span class='ocrx_word' id='word_1_322' title='bbox 1545 189 1568 219; x_wconf 81' lang='grc' dir='ltr'><strong>ὧ</strong></span> <span class='ocrx_word' id='word_1_323' title='bbox 1583 193 1611 219; x_wconf 75' lang='grc' dir='ltr'>ἐν</span> <span class='ocrx_word' id='word_1_324' title='bbox 1624 191 1662 227; x_wconf 84' lang='grc' dir='ltr'>τῷ</span> <span class='ocrx_word' id='word_1_325' title='bbox 1673 192 1778 227; x_wconf 80' lang='grc' dir='ltr'>κόσμῳ,</span> <span class='ocrx_word' id='word_1_326' title='bbox 1800 191 1870 225; x_wconf 76' lang='grc' dir='ltr'><strong>φῶς</strong></span> 
     </span>
    </p>
   </div>
   <div class='ocr_carea' id='block_1_46' title="bbox 1065 237 1869 276">
    <p class='ocr_par' dir='ltr' id='par_1_46' title="bbox 1065 237 1869 276">
     <span class='ocr_line' id='line_1_46' title="bbox 1065 237 1869 276; baseline -0.006 -8"><span class='ocrx_word' id='word_1_327' title='bbox 1065 241 1123 275; x_wconf 85' lang='grc' dir='ltr'>είμι</span> <span class='ocrx_word' id='word_1_328' title='bbox 1139 241 1186 268; x_wconf 89' lang='grc' dir='ltr'><strong>τοῦ</strong></span> <span class='ocrx_word' id='word_1_329' title='bbox 1203 241 1319 276; x_wconf 77' lang='grc' dir='ltr'><strong>κόσμου,</strong></span> <span class='ocrx_word' id='word_1_330' title='bbox 1337 240 1452 275; x_wconf 76' lang='grc' dir='ltr'>ἀσεϐείᾳ</span> <span class='ocrx_word' id='word_1_331' title='bbox 1467 239 1514 266; x_wconf 79' lang='grc' dir='ltr'>καὶ</span> <span class='ocrx_word' id='word_1_332' title='bbox 1526 238 1758 274; x_wconf 81' lang='grc' dir='ltr'>πλημμελήμασιν</span> <span class='ocrx_word' id='word_1_333' title='bbox 1770 237 1869 264; x_wconf 71' lang='grc' dir='ltr'>ἁπάν-</span> 
     </span>
    </p>
   </div>
   <div class='ocr_carea' id='block_1_47' title="bbox 1063 282 1868 320">
    <p class='ocr_par' dir='ltr' id='par_1_47' title="bbox 1063 282 1868 320">
     <span class='ocr_line' id='line_1_47' title="bbox 1063 282 1868 320; baseline -0.006 -7"><span class='ocrx_word' id='word_1_334' title='bbox 1063 294 1118 312; x_wconf 86' lang='grc' dir='ltr'><strong>των</strong></span> <span class='ocrx_word' id='word_1_335' title='bbox 1134 286 1337 318; x_wconf 81' lang='grc' dir='ltr'>ἐσκοτισμένων</span> <span class='ocrx_word' id='word_1_336' title='bbox 1351 285 1382 312; x_wconf 82' lang='grc' dir='ltr'>τὺ</span> <span class='ocrx_word' id='word_1_337' title='bbox 1399 285 1542 320; x_wconf 83' lang='grc' dir='ltr'>πρότερον.</span> <span class='ocrx_word' id='word_1_338' title='bbox 1554 284 1754 316; x_wconf 79' lang='grc' dir='ltr'><strong>Δικαιοσύνην</strong></span> <span class='ocrx_word' id='word_1_339' title='bbox 1767 282 1796 308; x_wconf 81' lang='grc' dir='ltr'><strong>δὲ</strong></span> <span class='ocrx_word' id='word_1_340' title='bbox 1809 282 1868 308; x_wconf 69' lang='grc' dir='ltr'>καὶ</span> 
     </span>
    </p>
   </div>
   <div class='ocr_carea' id='block_1_48' title="bbox 1064 328 1868 365">
    <p class='ocr_par' dir='ltr' id='par_1_48' title="bbox 1064 328 1868 365">
     <span class='ocr_line' id='line_1_48' title="bbox 1064 328 1868 365; baseline -0.004 -8"><span class='ocrx_word' id='word_1_341' title='bbox 1064 330 1160 363; x_wconf 71' lang='grc' dir='ltr'><strong>δόξαν</strong></span> <span class='ocrx_word' id='word_1_342' title='bbox 1178 332 1260 359; x_wconf 79' lang='grc' dir='ltr'>πάλιν</span> <span class='ocrx_word' id='word_1_343' title='bbox 1278 331 1356 358; x_wconf 84' lang='grc' dir='ltr'>καλεί</span> <span class='ocrx_word' id='word_1_344' title='bbox 1372 331 1418 357; x_wconf 80' lang='grc' dir='ltr'>τὸν</span> <span class='ocrx_word' id='word_1_345' title='bbox 1437 330 1566 365; x_wconf 65' lang='grc' dir='ltr'>Χριστάν.</span> <span class='ocrx_word' id='word_1_346' title='bbox 1584 328 1787 363; x_wconf 82' lang='grc' dir='ltr'>Δεδικαιώμεθα</span> <span class='ocrx_word' id='word_1_347' title='bbox 1804 330 1868 362; x_wconf 82' lang='grc' dir='ltr'><strong>γὰρ</strong></span> 
     </span>
    </p>
   </div>
   <div class='ocr_carea' id='block_1_49' title="bbox 1063 376 1867 415">
    <p class='ocr_par' dir='ltr' id='par_1_49' title="bbox 1063 376 1867 415">
     <span class='ocr_line' id='line_1_49' title="bbox 1063 376 1867 415; baseline -0.001 -11"><span class='ocrx_word' id='word_1_348' title='bbox 1063 378 1093 404; x_wconf 79' lang='grc' dir='ltr'><strong>ὲν</strong></span> <span class='ocrx_word' id='word_1_349' title='bbox 1113 379 1198 415; x_wconf 73' lang='grc' dir='ltr'>αὐτῷ,</span> <span class='ocrx_word' id='word_1_350' title='bbox 1216 380 1262 406; x_wconf 74' lang='grc' dir='ltr'>καὶ</span> <span class='ocrx_word' id='word_1_351' title='bbox 1275 379 1324 415; x_wconf 82' lang='grc' dir='ltr'>τὴν</span> <span class='ocrx_word' id='word_1_352' title='bbox 1337 380 1403 414; x_wconf 86' lang='grc' dir='ltr'>παρ’</span> <span class='ocrx_word' id='word_1_353' title='bbox 1419 378 1500 405; x_wconf 82' lang='grc' dir='ltr'>αὑτοῦ</span> <span class='ocrx_word' id='word_1_354' title='bbox 1521 377 1750 413; x_wconf 81' lang='grc' dir='ltr'>πεπλουτήκαμεν</span> <span class='ocrx_word' id='word_1_355' title='bbox 1767 376 1867 408; x_wconf 66' lang='grc' dir='ltr'><strong>δόξαν.</strong></span> 
     </span>
    </p>
   </div>
   <div class='ocr_carea' id='block_1_50' title="bbox 1105 465 1867 504">
    <p class='ocr_par' dir='ltr' id='par_1_50' title="bbox 1105 465 1867 504">
     <span class='ocr_line' id='line_1_50' title="bbox 1105 465 1867 504; baseline -0.005 -9"><span class='ocrx_word' id='word_1_356' title='bbox 1105 468 1178 504; x_wconf 73' lang='grc' dir='ltr'>Πρὸς</span> <span class='ocrx_word' id='word_1_357' title='bbox 1194 468 1341 503; x_wconf 78' lang='grc' dir='ltr'><strong>καινότητα</strong></span> <span class='ocrx_word' id='word_1_358' title='bbox 1356 467 1384 494; x_wconf 78' lang='grc' dir='ltr'><strong>δὲ</strong></span> <span class='ocrx_word' id='word_1_359' title='bbox 1401 467 1539 502; x_wconf 80' lang='grc' dir='ltr'>τραπεϊσσ.</span> <span class='ocrx_word' id='word_1_360' title='bbox 1566 466 1649 500; x_wconf 78' lang='grc' dir='ltr'>ζωῆς,</span> <span class='ocrx_word' id='word_1_361' title='bbox 1667 465 1773 492; x_wconf 78' lang='grc' dir='ltr'>καινὸν</span> <span class='ocrx_word' id='word_1_362' title='bbox 1795 465 1867 500; x_wconf 66' lang='grc' dir='ltr'>ἔσχε</span> 
     </span>
    </p>
   </div>
   <div class='ocr_carea' id='block_1_51' title="bbox 1069 511 1867 550">
    <p class='ocr_par' dir='ltr' id='par_1_51' title="bbox 1069 511 1867 550">
     <span class='ocr_line' id='line_1_51' title="bbox 1069 511 1867 550; baseline -0.008 -7"><span class='ocrx_word' id='word_1_363' title='bbox 1069 516 1117 543; x_wconf 74' lang='grc' dir='ltr'>καὶ</span> <span class='ocrx_word' id='word_1_364' title='bbox 1143 515 1296 550; x_wconf 79' lang='grc' dir='ltr'>τοῦνομα,</span> <span class='ocrx_word' id='word_1_365' title='bbox 1320 514 1381 540; x_wconf 76' lang='grc' dir='ltr'>ἀντὶ</span> <span class='ocrx_word' id='word_1_366' title='bbox 1413 513 1578 547; x_wconf 78' lang='grc' dir='ltr'><strong>Συναγωγῆς</strong></span> <span class='ocrx_word' id='word_1_367' title='bbox 1615 512 1785 547; x_wconf 74' lang='grc' dir='ltr'><strong>Ἐκκλησία,</strong></span> <span class='ocrx_word' id='word_1_368' title='bbox 1812 511 1867 537; x_wconf 76' lang='grc' dir='ltr'>καὶ</span> 
     </span>
    </p>
   </div>
   <div class='ocr_carea' id='block_1_52' title="bbox 1067 556 1867 597">
    <p class='ocr_par' dir='ltr' id='par_1_52' title="bbox 1067 556 1867 597">
     <span class='ocr_line' id='line_1_52' title="bbox 1067 556 1867 597; baseline -0.006 -9"><span class='ocrx_word' id='word_1_369' title='bbox 1067 560 1151 593; x_wconf 73' lang='grc' dir='ltr'>οἶκος,</span> <span class='ocrx_word' id='word_1_370' title='bbox 1176 561 1224 587; x_wconf 78' lang='grc' dir='ltr'>καὶ</span> <span class='ocrx_word' id='word_1_371' title='bbox 1250 560 1327 591; x_wconf 77' lang='grc' dir='ltr'>πόλις</span> <span class='ocrx_word' id='word_1_372' title='bbox 1355 559 1434 592; x_wconf 84' lang='grc' dir='ltr'>Θεοῦ,</span> <span class='ocrx_word' id='word_1_373' title='bbox 1457 556 1474 597; x_wconf 81' lang='grc' dir='ltr'>ᾖ</span> <span class='ocrx_word' id='word_1_374' title='bbox 1507 559 1614 594; x_wconf 80' lang='grc' dir='ltr'>φησινὸ</span> <span class='ocrx_word' id='word_1_375' title='bbox 1629 558 1720 585; x_wconf 72' lang='grc' dir='ltr'><strong>Δαϐίδ·</strong></span> <span class='ocrx_word' id='word_1_376' title='bbox 1745 558 1867 590; x_wconf 81' lang='grc' dir='ltr'>Δεδοξα-</span> 
     </span>
    </p>
   </div>
   <div class='ocr_carea' id='block_1_53' title="bbox 1067 602 1868 642">
    <p class='ocr_par' dir='ltr' id='par_1_53' title="bbox 1067 602 1868 642">
     <span class='ocr_line' id='line_1_53' title="bbox 1067 602 1868 642; baseline -0.004 -9"><span class='ocrx_word' id='word_1_377' title='bbox 1067 608 1154 642; x_wconf 83' lang='grc' dir='ltr'>σμένσ.</span> <span class='ocrx_word' id='word_1_378' title='bbox 1184 605 1302 641; x_wconf 74' lang='grc' dir='ltr'>ἐλαλήθη</span> <span class='ocrx_word' id='word_1_379' title='bbox 1327 606 1392 639; x_wconf 77' lang='grc' dir='ltr'>περὶ</span> <span class='ocrx_word' id='word_1_380' title='bbox 1414 605 1505 640; x_wconf 81' lang='grc' dir='ltr'>σοῦ,ή</span> <span class='ocrx_word' id='word_1_381' title='bbox 1528 605 1604 636; x_wconf 72' lang='grc' dir='ltr'>πόλις</span> <span class='ocrx_word' id='word_1_382' title='bbox 1629 604 1675 630; x_wconf 82' lang='grc' dir='ltr'><strong>τοῦ</strong></span> <span class='ocrx_word' id='word_1_383' title='bbox 1702 602 1779 630; x_wconf 84' lang='grc' dir='ltr'>Θεοῦ.</span> <span class='ocrx_word' id='word_1_384' title='bbox 1799 604 1868 630; x_wconf 86' lang='grc' dir='ltr'>Ὀτι</span> 
     </span>
    </p>
   </div>
   <div class='ocr_carea' id='block_1_54' title="bbox 1065 649 1868 686">
    <p class='ocr_par' dir='ltr' id='par_1_54' title="bbox 1065 649 1868 686">
     <span class='ocr_line' id='line_1_54' title="bbox 1065 649 1868 686; baseline -0.006 -7"><span class='ocrx_word' id='word_1_385' title='bbox 1065 652 1094 679; x_wconf 85' lang='grc' dir='ltr'><strong>δὲ</strong></span> <span class='ocrx_word' id='word_1_386' title='bbox 1122 652 1169 679; x_wconf 73' lang='grc' dir='ltr'><strong>καὶ</strong></span> <span class='ocrx_word' id='word_1_387' title='bbox 1186 651 1326 686; x_wconf 83' lang='grc' dir='ltr'>εὐπρεπὴς</span> <span class='ocrx_word' id='word_1_388' title='bbox 1350 651 1445 683; x_wconf 74' lang='grc' dir='ltr'>ἔσται,</span> <span class='ocrx_word' id='word_1_389' title='bbox 1474 651 1521 678; x_wconf 77' lang='grc' dir='ltr'>καὶ</span> <span class='ocrx_word' id='word_1_390' title='bbox 1550 650 1736 684; x_wconf 73' lang='grc' dir='ltr'>ἀπαραὸλήτῳ</span> <span class='ocrx_word' id='word_1_391' title='bbox 1766 649 1868 675; x_wconf 75' lang='grc' dir='ltr'>κάλλει</span> 
     </span>
    </p>
   </div>
   <div class='ocr_carea' id='block_1_55' title="bbox 1068 694 1869 732">
    <p class='ocr_par' dir='ltr' id='par_1_55' title="bbox 1068 694 1869 732">
     <span class='ocr_line' id='line_1_55' title="bbox 1068 694 1869 732; baseline -0.005 -9"><span class='ocrx_word' id='word_1_392' title='bbox 1068 698 1292 732; x_wconf 83' lang='grc' dir='ltr'>κατεστεμμὲνη,</span> <span class='ocrx_word' id='word_1_393' title='bbox 1321 697 1478 731; x_wconf 75' lang='grc' dir='ltr'>ἐπήγαγεν·</span> <span class='ocrx_word' id='word_1_394' title='bbox 1511 696 1586 729; x_wconf 84' lang='grc' dir='ltr'><strong>Ἔσῃ</strong></span> <span class='ocrx_word' id='word_1_395' title='bbox 1612 695 1762 729; x_wconf 68' lang='grc' dir='ltr'>στέφανος</span> <span class='ocrx_word' id='word_1_396' title='bbox 1788 694 1869 720; x_wconf 71' lang='grc' dir='ltr'><strong>κάλ-</strong></span> 
     </span>
    </p>
   </div>
   <div class='ocr_carea' id='block_1_56' title="bbox 1066 740 1869 778">
    <p class='ocr_par' dir='ltr' id='par_1_56' title="bbox 1066 740 1869 778">
     <span class='ocr_line' id='line_1_56' title="bbox 1066 740 1869 778; baseline -0.006 -8"><span class='ocrx_word' id='word_1_397' title='bbox 1066 745 1151 776; x_wconf 75' lang='grc' dir='ltr'><strong>λους.</strong></span> <span class='ocrx_word' id='word_1_398' title='bbox 1169 743 1263 769; x_wconf 69' lang='lat' dir='ltr'><strong>“iactv</strong></span> <span class='ocrx_word' id='word_1_399' title='bbox 1278 743 1332 778; x_wconf 77' lang='grc' dir='ltr'><strong>γὰρ</strong></span> <span class='ocrx_word' id='word_1_400' title='bbox 1344 744 1425 776; x_wconf 81' lang='grc' dir='ltr'>ἁγίαν</span> <span class='ocrx_word' id='word_1_401' title='bbox 1437 742 1554 777; x_wconf 64' lang='grc' dir='ltr'><strong>ψυχὴν,</strong></span> <span class='ocrx_word' id='word_1_402' title='bbox 1568 741 1617 768; x_wconf 82' lang='grc' dir='ltr'>καὶ</span> <span class='ocrx_word' id='word_1_403' title='bbox 1630 741 1679 776; x_wconf 86' lang='grc' dir='ltr'>τὴν</span> <span class='ocrx_word' id='word_1_404' title='bbox 1696 740 1869 774; x_wconf 82' lang='grc' dir='ltr'>Ἐκκλησίαν</span> 
     </span>
    </p>
   </div>
   <div class='ocr_carea' id='block_1_57' title="bbox 1068 786 1868 824">
    <p class='ocr_par' dir='ltr' id='par_1_57' title="bbox 1068 786 1868 824">
     <span class='ocr_line' id='line_1_57' title="bbox 1068 786 1868 824; baseline -0.005 -8"><span class='ocrx_word' id='word_1_405' title='bbox 1068 790 1147 824; x_wconf 75' lang='grc' dir='ltr'>ὃλην,</span> <span class='ocrx_word' id='word_1_406' title='bbox 1175 789 1316 824; x_wconf 69' lang='grc' dir='ltr'>στεφάνῳ</span> <span class='ocrx_word' id='word_1_407' title='bbox 1344 789 1544 823; x_wconf 75' lang='grc' dir='ltr'>παρεικαστέον</span> <span class='ocrx_word' id='word_1_408' title='bbox 1565 789 1597 815; x_wconf 84' lang='grc' dir='ltr'>ὲκ</span> <span class='ocrx_word' id='word_1_409' title='bbox 1622 787 1727 813; x_wconf 76' lang='grc' dir='ltr'>πολλῶν</span> <span class='ocrx_word' id='word_1_410' title='bbox 1756 786 1868 812; x_wconf 77' lang='grc' dir='ltr'><strong>ἀνθέων</strong></span> 
     </span>
    </p>
   </div>
   <div class='ocr_carea' id='block_1_58' title="bbox 1070 833 1868 871">
    <p class='ocr_par' dir='ltr' id='par_1_58' title="bbox 1070 833 1868 871">
     <span class='ocr_line' id='line_1_58' title="bbox 1070 833 1868 871; baseline -0.008 -8"><span class='ocrx_word' id='word_1_411' title='bbox 1070 837 1260 871; x_wconf 79' lang='grc' dir='ltr'><strong>συγκειμένῳ,</strong></span> <span class='ocrx_word' id='word_1_412' title='bbox 1282 834 1434 868; x_wconf 76' lang='grc' dir='ltr'>βασιλικῷ</span> <span class='ocrx_word' id='word_1_413' title='bbox 1457 844 1486 861; x_wconf 82' lang='grc' dir='ltr'><strong>τε</strong></span> <span class='ocrx_word' id='word_1_414' title='bbox 1517 834 1685 867; x_wconf 78' lang='grc' dir='ltr'>διαδήματι.</span> <span class='ocrx_word' id='word_1_415' title='bbox 1711 833 1780 867; x_wconf 79' lang='grc' dir='ltr'>Φησὶ</span> <span class='ocrx_word' id='word_1_416' title='bbox 1808 833 1868 868; x_wconf 68' lang='grc' dir='ltr'>γὰρ</span> 
     </span>
    </p>
   </div>
   <div class='ocr_carea' id='block_1_59' title="bbox 1068 877 1868 917">
    <p class='ocr_par' dir='ltr' id='par_1_59' title="bbox 1068 877 1868 917">
     <span class='ocr_line' id='line_1_59' title="bbox 1068 877 1868 917; baseline -0.008 -9"><span class='ocrx_word' id='word_1_417' title='bbox 1068 881 1139 908; x_wconf 75' lang='grc' dir='ltr'>εἶναι</span> <span class='ocrx_word' id='word_1_418' title='bbox 1159 881 1209 917; x_wconf 85' lang='grc' dir='ltr'>τὴν</span> <span class='ocrx_word' id='word_1_419' title='bbox 1231 881 1396 916; x_wconf 78' lang='grc' dir='ltr'><strong>Ἐκκλησίαν</strong></span> <span class='ocrx_word' id='word_1_420' title='bbox 1417 880 1500 906; x_wconf 71' lang='grc' dir='ltr'>Δαϐὶδ</span> <span class='ocrx_word' id='word_1_421' title='bbox 1524 880 1552 905; x_wconf 79' lang='grc' dir='ltr'>ἐν</span> <span class='ocrx_word' id='word_1_422' title='bbox 1567 877 1708 915; x_wconf 79' lang='grc' dir='ltr'>ἱματισμῷ</span> <span class='ocrx_word' id='word_1_423' title='bbox 1724 877 1868 914; x_wconf 74' lang='grc' dir='ltr'><strong>διαχρύσῳ</strong></span> 
     </span>
    </p>
   </div>
   <div class='ocr_carea' id='block_1_60' title="bbox 1069 924 1868 964">
    <p class='ocr_par' dir='ltr' id='par_1_60' title="bbox 1069 924 1868 964">
     <span class='ocr_line' id='line_1_60' title="bbox 1069 924 1868 964; baseline -0.006 -10"><span class='ocrx_word' id='word_1_424' title='bbox 1069 928 1326 964; x_wconf 77' lang='grc' dir='ltr'>περιϐεϐλημένην,</span> <span class='ocrx_word' id='word_1_425' title='bbox 1348 925 1582 961; x_wconf 77' lang='grc' dir='ltr'>πεποικιλμένην,</span> <span class='ocrx_word' id='word_1_426' title='bbox 1616 925 1662 951; x_wconf 82' lang='grc' dir='ltr'><strong>ίσα</strong></span> <span class='ocrx_word' id='word_1_427' title='bbox 1687 924 1774 958; x_wconf 81' lang='grc' dir='ltr'>λέγων</span> <span class='ocrx_word' id='word_1_428' title='bbox 1807 924 1868 955; x_wconf 82' lang='grc' dir='ltr'>τοῖς</span> 
     </span>
    </p>
   </div>
   <div class='ocr_carea' id='block_1_61' title="bbox 1069 969 1868 1009">
    <p class='ocr_par' dir='ltr' id='par_1_61' title="bbox 1069 969 1868 1009">
     <span class='ocr_line' id='line_1_61' title="bbox 1069 969 1868 1009; baseline -0.006 -9"><span class='ocrx_word' id='word_1_429' title='bbox 1069 974 1273 1009; x_wconf 73' lang='grc' dir='ltr'>προκειμένοις.</span> <span class='ocrx_word' id='word_1_430' title='bbox 1293 973 1340 1006; x_wconf 81' lang='grc' dir='ltr'>Τὸ,</span> <span class='ocrx_word' id='word_1_431' title='bbox 1356 973 1391 1000; x_wconf 78' lang='grc' dir='ltr'><strong>ἐν</strong></span> <span class='ocrx_word' id='word_1_432' title='bbox 1409 972 1483 1006; x_wconf 81' lang='grc' dir='ltr'>χειρὶ</span> <span class='ocrx_word' id='word_1_433' title='bbox 1499 971 1527 998; x_wconf 81' lang='grc' dir='ltr'>δὲ</span> <span class='ocrx_word' id='word_1_434' title='bbox 1542 971 1627 1003; x_wconf 84' lang='grc' dir='ltr'><strong>Θεοῦ,</strong></span> <span class='ocrx_word' id='word_1_435' title='bbox 1641 970 1670 996; x_wconf 73' lang='grc' dir='ltr'>τὸ</span> <span class='ocrx_word' id='word_1_436' title='bbox 1692 970 1744 996; x_wconf 81' lang='grc' dir='ltr'><strong>ὑπὸ</strong></span> <span class='ocrx_word' id='word_1_437' title='bbox 1758 969 1868 1003; x_wconf 73' lang='grc' dir='ltr'>σκέπην</span> 
     </span>
    </p>
   </div>
   <div class='ocr_carea' id='block_1_62' title="bbox 1067 1016 1867 1056">
    <p class='ocr_par' dir='ltr' id='par_1_62' title="bbox 1067 1016 1867 1056">
     <span class='ocr_line' id='line_1_62' title="bbox 1067 1016 1867 1056; baseline -0.008 -9"><span class='ocrx_word' id='word_1_438' title='bbox 1067 1021 1143 1056; x_wconf 83' lang='grc' dir='ltr'>δηλοῖ</span> <span class='ocrx_word' id='word_1_439' title='bbox 1157 1020 1206 1055; x_wconf 83' lang='grc' dir='ltr'>τὴν</span> <span class='ocrx_word' id='word_1_440' title='bbox 1220 1020 1313 1047; x_wconf 82' lang='grc' dir='ltr'>αὑτοῦ.</span> <span class='ocrx_word' id='word_1_441' title='bbox 1332 1021 1380 1051; x_wconf 84' lang='grc' dir='ltr'><em>Ὃς</em></span> <span class='ocrx_word' id='word_1_442' title='bbox 1391 1019 1437 1046; x_wconf 78' lang='grc' dir='ltr'><strong>καί</strong></span> <span class='ocrx_word' id='word_1_443' title='bbox 1449 1027 1542 1054; x_wconf 70' lang='grc' dir='ltr'>φησιν·</span> <span class='ocrx_word' id='word_1_444' title='bbox 1561 1018 1617 1044; x_wconf 75' lang='grc' dir='ltr'><strong>Καὶ</strong></span> <span class='ocrx_word' id='word_1_445' title='bbox 1628 1017 1680 1043; x_wconf 76' lang='grc' dir='ltr'><strong>ὑπὸ</strong></span> <span class='ocrx_word' id='word_1_446' title='bbox 1698 1016 1803 1051; x_wconf 74' lang='grc' dir='ltr'>σκέπην</span> <span class='ocrx_word' id='word_1_447' title='bbox 1815 1016 1867 1050; x_wconf 81' lang='grc' dir='ltr'>τῆς</span> 
     </span>
    </p>
   </div>
   <div class='ocr_carea' id='block_1_63' title="bbox 1068 1063 1868 1102">
    <p class='ocr_par' dir='ltr' id='par_1_63' title="bbox 1068 1063 1868 1102">
     <span class='ocr_line' id='line_1_63' title="bbox 1068 1063 1868 1102; baseline -0.006 -8"><span class='ocrx_word' id='word_1_448' title='bbox 1068 1068 1160 1102; x_wconf 69' lang='grc' dir='ltr'>χειρός</span> <span class='ocrx_word' id='word_1_449' title='bbox 1175 1076 1225 1102; x_wconf 79' lang='grc' dir='ltr'><strong>μου</strong></span> <span class='ocrx_word' id='word_1_450' title='bbox 1240 1067 1370 1093; x_wconf 80' lang='grc' dir='ltr'>σκεπάσω</span> <span class='ocrx_word' id='word_1_451' title='bbox 1382 1075 1422 1092; x_wconf 85' lang='grc' dir='ltr'>σε.</span> <span class='ocrx_word' id='word_1_452' title='bbox 1440 1066 1496 1092; x_wconf 78' lang='grc' dir='ltr'><strong>Καὶ</strong></span> <span class='ocrx_word' id='word_1_453' title='bbox 1511 1066 1525 1091; x_wconf 84' lang='grc' dir='ltr'>ὁ</span> <span class='ocrx_word' id='word_1_454' title='bbox 1547 1065 1666 1100; x_wconf 76' lang='grc' dir='ltr'>Χριστὸς</span> <span class='ocrx_word' id='word_1_455' title='bbox 1685 1064 1714 1090; x_wconf 86' lang='grc' dir='ltr'><strong>δὲ</strong></span> <span class='ocrx_word' id='word_1_456' title='bbox 1730 1064 1796 1098; x_wconf 70' lang='grc' dir='ltr'>περὶ</span> <span class='ocrx_word' id='word_1_457' title='bbox 1810 1063 1868 1090; x_wconf 82' lang='grc' dir='ltr'><strong>τῶν</strong></span> 
     </span>
    </p>
   </div>
   <div class='ocr_carea' id='block_1_64' title="bbox 1070 1109 1869 1148">
    <p class='ocr_par' dir='ltr' id='par_1_64' title="bbox 1070 1109 1869 1148">
     <span class='ocr_line' id='line_1_64' title="bbox 1070 1109 1869 1148; baseline -0.006 -9"><span class='ocrx_word' id='word_1_458' title='bbox 1070 1113 1142 1140; x_wconf 78' lang='grc' dir='ltr'>ἰδίων</span> <span class='ocrx_word' id='word_1_459' title='bbox 1162 1113 1309 1148; x_wconf 77' lang='grc' dir='ltr'>προεάτων</span> <span class='ocrx_word' id='word_1_460' title='bbox 1323 1112 1390 1148; x_wconf 76' lang='grc' dir='ltr'>φησι</span> <span class='ocrx_word' id='word_1_461' title='bbox 1403 1120 1409 1126; x_wconf 92' lang='grc'>·</span> <span class='ocrx_word' id='word_1_462' title='bbox 1427 1112 1482 1138; x_wconf 78' lang='grc' dir='ltr'><strong>Καὶ</strong></span> <span class='ocrx_word' id='word_1_463' title='bbox 1495 1110 1583 1142; x_wconf 75' lang='grc' dir='ltr'>οὐδεὶς</span> <span class='ocrx_word' id='word_1_464' title='bbox 1603 1111 1723 1145; x_wconf 76' lang='grc' dir='ltr'>ἁρπάσει</span> <span class='ocrx_word' id='word_1_465' title='bbox 1747 1109 1818 1136; x_wconf 81' lang='grc' dir='ltr'>αὐτὰ</span> <span class='ocrx_word' id='word_1_466' title='bbox 1833 1110 1869 1135; x_wconf 80' lang='grc' dir='ltr'><strong>ὲκ</strong></span> 
     </span>
    </p>
   </div>
   <div class='ocr_carea' id='block_1_65' title="bbox 1068 1155 1868 1194">
    <p class='ocr_par' dir='ltr' id='par_1_65' title="bbox 1068 1155 1868 1194">
     <span class='ocr_line' id='line_1_65' title="bbox 1068 1155 1868 1194; baseline -0.005 -9"><span class='ocrx_word' id='word_1_467' title='bbox 1068 1158 1118 1193; x_wconf 80' lang='grc' dir='ltr'><strong>τῆς</strong></span> <span class='ocrx_word' id='word_1_468' title='bbox 1129 1159 1220 1194; x_wconf 74' lang='grc' dir='ltr'>χειρὸς</span> <span class='ocrx_word' id='word_1_469' title='bbox 1234 1158 1281 1185; x_wconf 91' lang='grc' dir='ltr'><strong>τοῦ</strong></span> <span class='ocrx_word' id='word_1_470' title='bbox 1294 1159 1414 1193; x_wconf 79' lang='grc' dir='ltr'>Πατέρος</span> <span class='ocrx_word' id='word_1_471' title='bbox 1433 1166 1496 1192; x_wconf 84' lang='grc' dir='ltr'>μου.</span> <span class='ocrx_word' id='word_1_472' title='bbox 1505 1157 1582 1187; x_wconf 80' lang='grc' dir='ltr'>Τινὲς</span> <span class='ocrx_word' id='word_1_473' title='bbox 1592 1157 1620 1182; x_wconf 81' lang='grc' dir='ltr'>δὲ</span> <span class='ocrx_word' id='word_1_474' title='bbox 1634 1155 1787 1190; x_wconf 56' lang='grc' dir='ltr'>στέφανον</span> <span class='ocrx_word' id='word_1_475' title='bbox 1796 1155 1868 1188; x_wconf 83' lang='grc' dir='ltr'>Χρι-</span> 
     </span>
    </p>
   </div>
   <div class='ocr_carea' id='block_1_66' title="bbox 1071 1201 1867 1238">
    <p class='ocr_par' dir='ltr' id='par_1_66' title="bbox 1071 1201 1867 1238">
     <span class='ocr_line' id='line_1_66' title="bbox 1071 1201 1867 1238; baseline -0.005 -7"><span class='ocrx_word' id='word_1_476' title='bbox 1071 1204 1136 1231; x_wconf 79' lang='grc' dir='ltr'>στοῦ</span> <span class='ocrx_word' id='word_1_477' title='bbox 1151 1205 1214 1235; x_wconf 78' lang='grc' dir='ltr'>τοὺς</span> <span class='ocrx_word' id='word_1_478' title='bbox 1237 1205 1269 1231; x_wconf 87' lang='grc' dir='ltr'><strong>δι’</strong></span> <span class='ocrx_word' id='word_1_479' title='bbox 1284 1204 1367 1231; x_wconf 80' lang='grc' dir='ltr'>αὐτοῦ</span> <span class='ocrx_word' id='word_1_480' title='bbox 1380 1204 1583 1238; x_wconf 72' lang='grc' dir='ltr'>κατορθοῦντας</span> <span class='ocrx_word' id='word_1_481' title='bbox 1598 1204 1726 1238; x_wconf 71' lang='grc' dir='ltr'>εἰρήκασι</span> <span class='ocrx_word' id='word_1_482' title='bbox 1736 1211 1743 1217; x_wconf 88' lang='grc'><strong>·</strong></span> <span class='ocrx_word' id='word_1_483' title='bbox 1756 1201 1867 1235; x_wconf 74' lang='grc' dir='ltr'>καὶτῆς</span> 
     </span>
    </p>
   </div>
   <div class='ocr_carea' id='block_1_67' title="bbox 1069 1248 1867 1284">
    <p class='ocr_par' dir='ltr' id='par_1_67' title="bbox 1069 1248 1867 1284">
     <span class='ocr_line' id='line_1_67' title="bbox 1069 1248 1867 1284; baseline -0.008 -6"><span class='ocrx_word' id='word_1_484' title='bbox 1069 1251 1153 1278; x_wconf 78' lang='grc' dir='ltr'>αὑτοῦ</span> <span class='ocrx_word' id='word_1_485' title='bbox 1165 1251 1329 1283; x_wconf 75' lang='grc' dir='ltr'>,βασιλείας</span> <span class='ocrx_word' id='word_1_486' title='bbox 1339 1250 1479 1283; x_wconf 71' lang='grc' dir='ltr'>διάδημα,</span> <span class='ocrx_word' id='word_1_487' title='bbox 1491 1250 1554 1280; x_wconf 80' lang='grc' dir='ltr'>τοὺς</span> <span class='ocrx_word' id='word_1_488' title='bbox 1570 1249 1641 1284; x_wconf 79' lang='grc' dir='ltr'>ὑπὲρ</span> <span class='ocrx_word' id='word_1_489' title='bbox 1660 1248 1742 1274; x_wconf 80' lang='grc' dir='ltr'>αὐτοῦ</span> <span class='ocrx_word' id='word_1_490' title='bbox 1759 1255 1867 1282; x_wconf 79' lang='grc' dir='ltr'>μαρτυ·</span> 
     </span>
    </p>
   </div>
   <div class='ocr_carea' id='block_1_68' title="bbox 1071 1292 1868 1332">
    <p class='ocr_par' dir='ltr' id='par_1_68' title="bbox 1071 1292 1868 1332">
     <span class='ocr_line' id='line_1_68' title="bbox 1071 1292 1868 1332; baseline -0.008 -9"><span class='ocrx_word' id='word_1_491' title='bbox 1071 1297 1217 1332; x_wconf 77' lang='grc' dir='ltr'>ρήσαντας,</span> <span class='ocrx_word' id='word_1_492' title='bbox 1236 1296 1282 1328; x_wconf 76' lang='grc' dir='ltr'>οὒς</span> <span class='ocrx_word' id='word_1_493' title='bbox 1296 1297 1328 1331; x_wconf 85' lang='grc' dir='ltr'>τῇ</span> <span class='ocrx_word' id='word_1_494' title='bbox 1342 1295 1438 1322; x_wconf 81' lang='grc' dir='ltr'>ἑαυτοῦ</span> <span class='ocrx_word' id='word_1_495' title='bbox 1457 1295 1531 1330; x_wconf 76' lang='grc' dir='ltr'>χειρὶ</span> <span class='ocrx_word' id='word_1_496' title='bbox 1547 1296 1561 1322; x_wconf 86' lang='grc' dir='ltr'>ὁ</span> <span class='ocrx_word' id='word_1_497' title='bbox 1579 1293 1674 1329; x_wconf 83' lang='grc' dir='ltr'>Πατὴρ</span> <span class='ocrx_word' id='word_1_498' title='bbox 1685 1292 1868 1327; x_wconf 71' lang='grc' dir='ltr'><strong>ἐκλεξάμενος</strong></span> 
     </span>
    </p>
   </div>
   <div class='ocr_carea' id='block_1_69' title="bbox 1069 1339 1868 1378">
    <p class='ocr_par' dir='ltr' id='par_1_69' title="bbox 1069 1339 1868 1378">
     <span class='ocr_line' id='line_1_69' title="bbox 1069 1339 1868 1378; baseline -0.005 -9"><span class='ocrx_word' id='word_1_499' title='bbox 1069 1342 1108 1378; x_wconf 85' lang='grc' dir='ltr'>τῷ</span> <span class='ocrx_word' id='word_1_500' title='bbox 1123 1343 1180 1378; x_wconf 81' lang='grc' dir='ltr'><strong>Υἰῷ</strong></span> <span class='ocrx_word' id='word_1_501' title='bbox 1194 1342 1374 1378; x_wconf 75' lang='grc' dir='ltr'><strong>περιτίθησιν,</strong></span> <span class='ocrx_word' id='word_1_502' title='bbox 1385 1341 1545 1376; x_wconf 58' lang='grc' dir='ltr'><strong>στεφανῶν</strong></span> <span class='ocrx_word' id='word_1_503' title='bbox 1557 1341 1639 1368; x_wconf 74' lang='grc' dir='ltr'>αὐτὸν</span> <span class='ocrx_word' id='word_1_504' title='bbox 1648 1341 1696 1367; x_wconf 72' lang='grc' dir='ltr'>καὶ</span> <span class='ocrx_word' id='word_1_505' title='bbox 1709 1339 1868 1373; x_wconf 70' lang='grc' dir='ltr'>διαδήματι</span> 
     </span>
    </p>
   </div>
   <div class='ocr_carea' id='block_1_70' title="bbox 1067 1385 1869 1423">
    <p class='ocr_par' dir='ltr' id='par_1_70' title="bbox 1067 1385 1869 1423">
     <span class='ocr_line' id='line_1_70' title="bbox 1067 1385 1869 1423; baseline -0.005 -9"><span class='ocrx_word' id='word_1_506' title='bbox 1067 1389 1219 1421; x_wconf 74' lang='grc' dir='ltr'>βασιλικῷ</span> <span class='ocrx_word' id='word_1_507' title='bbox 1229 1388 1326 1423; x_wconf 80' lang='grc' dir='ltr'>τιμῶν,</span> <span class='ocrx_word' id='word_1_508' title='bbox 1336 1388 1375 1423; x_wconf 81' lang='grc' dir='ltr'>τῷ</span> <span class='ocrx_word' id='word_1_509' title='bbox 1384 1388 1480 1422; x_wconf 83' lang='grc' dir='ltr'>πλήθει</span> <span class='ocrx_word' id='word_1_510' title='bbox 1491 1388 1546 1414; x_wconf 84' lang='grc' dir='ltr'><strong>τῶν</strong></span> <span class='ocrx_word' id='word_1_511' title='bbox 1554 1387 1587 1413; x_wconf 85' lang='grc' dir='ltr'><strong>δι’</strong></span> <span class='ocrx_word' id='word_1_512' title='bbox 1601 1385 1684 1412; x_wconf 77' lang='grc' dir='ltr'>αὐτοῦ</span> <span class='ocrx_word' id='word_1_513' title='bbox 1698 1385 1802 1412; x_wconf 74' lang='grc' dir='ltr'>καὶὺπ*</span> <span class='ocrx_word' id='word_1_514' title='bbox 1813 1385 1869 1411; x_wconf 85' lang='grc' dir='ltr'><strong>αὺ-</strong></span> 
     </span>
    </p>
   </div>
   <div class='ocr_carea' id='block_1_71' title="bbox 1070 1429 1867 1468">
    <p class='ocr_par' dir='ltr' id='par_1_71' title="bbox 1070 1429 1867 1468">
     <span class='ocr_line' id='line_1_71' title="bbox 1070 1429 1867 1468; baseline -0.005 -8"><span class='ocrx_word' id='word_1_515' title='bbox 1070 1434 1124 1460; x_wconf 76' lang='grc' dir='ltr'><strong>τοῦ</strong></span> <span class='ocrx_word' id='word_1_516' title='bbox 1133 1433 1325 1468; x_wconf 80' lang='grc' dir='ltr'>σεσωσμένων.</span> <span class='ocrx_word' id='word_1_517' title='bbox 1341 1434 1399 1468; x_wconf 81' lang='grc' dir='ltr'><strong>Ἐφ’</strong></span> <span class='ocrx_word' id='word_1_518' title='bbox 1415 1431 1455 1465; x_wconf 75' lang='grc' dir='ltr'><strong>οἷς</strong></span> <span class='ocrx_word' id='word_1_519' title='bbox 1467 1434 1523 1460; x_wconf 80' lang='grc' dir='ltr'>οὐκ</span> <span class='ocrx_word' id='word_1_520' title='bbox 1535 1432 1578 1459; x_wconf 85' lang='grc' dir='ltr'>ἐτι</span> <span class='ocrx_word' id='word_1_521' title='bbox 1594 1431 1778 1465; x_wconf 67' lang='grc' dir='ltr'>κληθήσεται</span> <span class='ocrx_word' id='word_1_522' title='bbox 1796 1431 1815 1464; x_wconf 81' lang='grc' dir='ltr'><em>ἠ</em></span> <span class='ocrx_word' id='word_1_523' title='bbox 1831 1429 1867 1456; x_wconf 87' lang='grc' dir='ltr'>τὸ</span> 
     </span>
    </p>
   </div>
   <div class='ocr_carea' id='block_1_72' title="bbox 1071 1475 1868 1513">
    <p class='ocr_par' dir='ltr' id='par_1_72' title="bbox 1071 1475 1868 1513">
     <span class='ocr_line' id='line_1_72' title="bbox 1071 1475 1868 1513; baseline -0.005 -8"><span class='ocrx_word' id='word_1_524' title='bbox 1071 1479 1177 1505; x_wconf 73' lang='grc' dir='ltr'>καινὸν</span> <span class='ocrx_word' id='word_1_525' title='bbox 1195 1479 1289 1513; x_wconf 79' lang='grc' dir='ltr'>ὄνομα</span> <span class='ocrx_word' id='word_1_526' title='bbox 1313 1479 1464 1512; x_wconf 77' lang='grc' dir='ltr'>λαϐοῦσα,</span> <span class='ocrx_word' id='word_1_527' title='bbox 1481 1476 1721 1512; x_wconf 67' lang='grc' dir='ltr'>ὐπολελειμμένη</span> <span class='ocrx_word' id='word_1_528' title='bbox 1738 1476 1786 1502; x_wconf 74' lang='grc' dir='ltr'>καὶ</span> <span class='ocrx_word' id='word_1_529' title='bbox 1800 1475 1868 1508; x_wconf 82' lang='grc' dir='ltr'><strong>ἕρη-</strong></span> 
     </span>
    </p>
   </div>
   <div class='ocr_carea' id='block_1_73' title="bbox 1068 1518 1868 1558">
    <p class='ocr_par' dir='ltr' id='par_1_73' title="bbox 1068 1518 1868 1558">
     <span class='ocr_line' id='line_1_73' title="bbox 1068 1518 1868 1558; baseline -0.005 -8"><span class='ocrx_word' id='word_1_530' title='bbox 1068 1532 1126 1558; x_wconf 81' lang='grc' dir='ltr'><strong>μος</strong></span> <span class='ocrx_word' id='word_1_531' title='bbox 1136 1545 1142 1556; x_wconf 83' lang='grc'><strong>,</strong></span> <span class='ocrx_word' id='word_1_532' title='bbox 1155 1523 1224 1550; x_wconf 82' lang='grc' dir='ltr'>ἀλλὰ</span> <span class='ocrx_word' id='word_1_533' title='bbox 1232 1524 1348 1558; x_wconf 72' lang='grc' dir='ltr'>θέλημα</span> <span class='ocrx_word' id='word_1_534' title='bbox 1357 1523 1444 1558; x_wconf 83' lang='grc' dir='ltr'><strong>ἐμὸν,</strong></span> <span class='ocrx_word' id='word_1_535' title='bbox 1462 1523 1535 1551; x_wconf 87' lang='grc' dir='ltr'>τοῦτ’</span> <span class='ocrx_word' id='word_1_536' title='bbox 1545 1523 1614 1553; x_wconf 75' lang='grc' dir='ltr'>ἔστι.</span> <span class='ocrx_word' id='word_1_537' title='bbox 1633 1523 1703 1549; x_wconf 72' lang='grc' dir='ltr'>κατὰ</span> <span class='ocrx_word' id='word_1_538' title='bbox 1714 1521 1744 1548; x_wconf 69' lang='grc' dir='ltr'>τδ</span> <span class='ocrx_word' id='word_1_539' title='bbox 1751 1518 1868 1554; x_wconf 71' lang='grc' dir='ltr'><strong>θέλημά</strong></span> 
     </span>
    </p>
   </div>
   <div class='ocr_carea' id='block_1_74' title="bbox 1070 1565 1866 1604">
    <p class='ocr_par' dir='ltr' id='par_1_74' title="bbox 1070 1565 1866 1604">
     <span class='ocr_line' id='line_1_74' title="bbox 1070 1565 1866 1604; baseline -0.004 -9"><span class='ocrx_word' id='word_1_540' title='bbox 1070 1577 1140 1603; x_wconf 82' lang='grc' dir='ltr'><strong>μου.</strong></span> <span class='ocrx_word' id='word_1_541' title='bbox 1152 1569 1191 1595; x_wconf 81' lang='grc' dir='ltr'><strong>Δι’</strong></span> <span class='ocrx_word' id='word_1_542' title='bbox 1211 1565 1240 1596; x_wconf 81' lang='grc' dir='ltr'><strong>οὗ</strong></span> <span class='ocrx_word' id='word_1_543' title='bbox 1259 1569 1335 1604; x_wconf 81' lang='grc' dir='ltr'>δηλοῖ</span> <span class='ocrx_word' id='word_1_544' title='bbox 1346 1570 1393 1596; x_wconf 76' lang='grc' dir='ltr'><strong>καὶ</strong></span> <span class='ocrx_word' id='word_1_545' title='bbox 1408 1569 1449 1601; x_wconf 72' lang='grc' dir='ltr'><strong>τὸ,</strong></span> <span class='ocrx_word' id='word_1_546' title='bbox 1465 1569 1581 1604; x_wconf 72' lang='grc' dir='ltr'>θελητὴν</span> <span class='ocrx_word' id='word_1_547' title='bbox 1598 1569 1682 1603; x_wconf 77' lang='grc' dir='ltr'>αὐτὴν</span> <span class='ocrx_word' id='word_1_548' title='bbox 1695 1566 1804 1594; x_wconf 76' lang='grc' dir='ltr'>ἔσεσθαι</span> <span class='ocrx_word' id='word_1_549' title='bbox 1816 1566 1866 1600; x_wconf 80' lang='grc' dir='ltr'><strong>τὴν</strong></span> 
     </span>
    </p>
   </div>
   <div class='ocr_carea' id='block_1_75' title="bbox 1073 1612 1866 1651">
    <p class='ocr_par' dir='ltr' id='par_1_75' title="bbox 1073 1612 1866 1651">
     <span class='ocr_line' id='line_1_75' title="bbox 1073 1612 1866 1651; baseline -0.004 -10"><span class='ocrx_word' id='word_1_550' title='bbox 1073 1616 1138 1651; x_wconf 69' lang='grc' dir='ltr'>πρὶν</span> <span class='ocrx_word' id='word_1_551' title='bbox 1152 1615 1370 1650; x_wconf 74' lang='grc' dir='ltr'>ἐρημωθεῖσαν,</span> <span class='ocrx_word' id='word_1_552' title='bbox 1384 1615 1443 1642; x_wconf 78' lang='grc' dir='ltr'>ἀνθ’</span> <span class='ocrx_word' id='word_1_553' title='bbox 1461 1625 1499 1642; x_wconf 89' lang='grc' dir='ltr'><strong>ων</strong></span> <span class='ocrx_word' id='word_1_554' title='bbox 1523 1615 1658 1650; x_wconf 76' lang='grc' dir='ltr'>ὴθέτησεν</span> <span class='ocrx_word' id='word_1_555' title='bbox 1673 1614 1712 1645; x_wconf 77' lang='grc' dir='ltr'><strong>εἰς</strong></span> <span class='ocrx_word' id='word_1_556' title='bbox 1729 1612 1847 1648; x_wconf 84' lang='grc' dir='ltr'>Χριστόν</span> <span class='ocrx_word' id='word_1_557' title='bbox 1858 1621 1866 1628; x_wconf 70' lang='grc' dir='ltr'><strong><em>ν</em></strong></span> 
     </span>
    </p>
   </div>
   <div class='ocr_carea' id='block_1_76' title="bbox 1073 1659 1868 1695">
    <p class='ocr_par' dir='ltr' id='par_1_76' title="bbox 1073 1659 1868 1695">
     <span class='ocr_line' id='line_1_76' title="bbox 1073 1659 1868 1695; baseline -0.005 -7"><span class='ocrx_word' id='word_1_558' title='bbox 1073 1661 1143 1688; x_wconf 77' lang='grc' dir='ltr'>ἀλλὰ</span> <span class='ocrx_word' id='word_1_559' title='bbox 1158 1661 1292 1693; x_wconf 77' lang='grc' dir='ltr'><strong>σωθέντος</strong></span> <span class='ocrx_word' id='word_1_560' title='bbox 1312 1661 1360 1688; x_wconf 87' lang='grc' dir='ltr'><strong>τοῦ</strong></span> <span class='ocrx_word' id='word_1_561' title='bbox 1388 1661 1621 1695; x_wconf 81' lang='grc' dir='ltr'>καταλείμματος,</span> <span class='ocrx_word' id='word_1_562' title='bbox 1640 1661 1688 1686; x_wconf 81' lang='grc' dir='ltr'>καὶ</span> <span class='ocrx_word' id='word_1_563' title='bbox 1712 1659 1868 1685; x_wconf 81' lang='grc' dir='ltr'>ἑνωθέντων</span> 
     </span>
    </p>
   </div>
   <div class='ocr_carea' id='block_1_77' title="bbox 1074 1705 1869 1742">
    <p class='ocr_par' dir='ltr' id='par_1_77' title="bbox 1074 1705 1869 1742">
     <span class='ocr_line' id='line_1_77' title="bbox 1074 1705 1869 1742; baseline -0.005 -9"><span class='ocrx_word' id='word_1_564' title='bbox 1074 1707 1148 1742; x_wconf 74' lang='grc' dir='ltr'>αὐτῷ</span> <span class='ocrx_word' id='word_1_565' title='bbox 1164 1707 1218 1734; x_wconf 80' lang='grc' dir='ltr'>τῶν</span> <span class='ocrx_word' id='word_1_566' title='bbox 1233 1708 1267 1739; x_wconf 84' lang='grc' dir='ltr'><strong>ἐξ</strong></span> <span class='ocrx_word' id='word_1_567' title='bbox 1281 1707 1389 1738; x_wconf 83' lang='grc' dir='ltr'><strong>ἐθνῶν,</strong></span> <span class='ocrx_word' id='word_1_568' title='bbox 1409 1708 1448 1738; x_wconf 87' lang='grc' dir='ltr'><strong>εἰς</strong></span> <span class='ocrx_word' id='word_1_569' title='bbox 1467 1707 1569 1741; x_wconf 81' lang='grc' dir='ltr'>πλῆθος</span> <span class='ocrx_word' id='word_1_570' title='bbox 1586 1706 1723 1732; x_wconf 78' lang='grc' dir='ltr'>ἐπέδωκεν</span> <span class='ocrx_word' id='word_1_571' title='bbox 1742 1705 1869 1739; x_wconf 75' lang='grc' dir='ltr'>ἄπειρον,</span> 
     </span>
    </p>
   </div>
   <div class='ocr_carea' id='block_1_78' title="bbox 1075 1751 1869 1789">
    <p class='ocr_par' dir='ltr' id='par_1_78' title="bbox 1075 1751 1869 1789">
     <span class='ocr_line' id='line_1_78' title="bbox 1075 1751 1869 1789; baseline -0.005 -9"><span class='ocrx_word' id='word_1_572' title='bbox 1075 1753 1250 1784; x_wconf 72' lang='grc' dir='ltr'>εὐδοκοῦντος</span> <span class='ocrx_word' id='word_1_573' title='bbox 1270 1754 1298 1779; x_wconf 81' lang='grc' dir='ltr'>ὲν</span> <span class='ocrx_word' id='word_1_574' title='bbox 1316 1753 1384 1789; x_wconf 79' lang='grc' dir='ltr'>αὐτῇ</span> <span class='ocrx_word' id='word_1_575' title='bbox 1401 1753 1480 1786; x_wconf 85' lang='grc' dir='ltr'>Θεοῦ,</span> <span class='ocrx_word' id='word_1_576' title='bbox 1497 1753 1521 1779; x_wconf 79' lang='grc' dir='ltr'><strong>εί</strong></span> <span class='ocrx_word' id='word_1_577' title='bbox 1538 1752 1586 1778; x_wconf 66' lang='grc' dir='ltr'><strong>καὶ</strong></span> <span class='ocrx_word' id='word_1_578' title='bbox 1611 1752 1721 1786; x_wconf 66' lang='grc' dir='ltr'>παρορᾷ</span> <span class='ocrx_word' id='word_1_579' title='bbox 1738 1751 1869 1782; x_wconf 78' lang='grc' dir='ltr'><strong>πολλάκις</strong></span> 
     </span>
    </p>
   </div>
   <div class='ocr_carea' id='block_1_79' title="bbox 1076 1796 1867 1835">
    <p class='ocr_par' dir='ltr' id='par_1_79' title="bbox 1076 1796 1867 1835">
     <span class='ocr_line' id='line_1_79' title="bbox 1076 1796 1867 1835; baseline -0.005 -9"><span class='ocrx_word' id='word_1_580' title='bbox 1076 1800 1229 1835; x_wconf 81' lang='grc' dir='ltr'>γυμνασίας</span> <span class='ocrx_word' id='word_1_581' title='bbox 1239 1800 1321 1835; x_wconf 80' lang='grc' dir='ltr'>χάριν</span> <span class='ocrx_word' id='word_1_582' title='bbox 1337 1799 1518 1835; x_wconf 81' lang='grc' dir='ltr'>διωκομένην.</span> <span class='ocrx_word' id='word_1_583' title='bbox 1537 1798 1614 1830; x_wconf 83' lang='grc' dir='ltr'>Τινὲς</span> <span class='ocrx_word' id='word_1_584' title='bbox 1627 1798 1656 1824; x_wconf 77' lang='grc' dir='ltr'><strong>δὲ</strong></span> <span class='ocrx_word' id='word_1_585' title='bbox 1668 1798 1709 1826; x_wconf 82' lang='grc' dir='ltr'><strong>τδ.</strong></span> <span class='ocrx_word' id='word_1_586' title='bbox 1727 1797 1776 1824; x_wconf 72' lang='grc' dir='ltr'>καὶ</span> <span class='ocrx_word' id='word_1_587' title='bbox 1787 1798 1812 1830; x_wconf 79' lang='grc' dir='ltr'>,ὴ</span> <span class='ocrx_word' id='word_1_588' title='bbox 1830 1796 1867 1831; x_wconf 74' lang='grc' dir='ltr'>γῆ</span> 
     </span>
    </p>
   </div>
   <div class='ocr_carea' id='block_1_80' title="bbox 1076 1841 1867 1880">
    <p class='ocr_par' dir='ltr' id='par_1_80' title="bbox 1076 1841 1867 1880">
     <span class='ocr_line' id='line_1_80' title="bbox 1076 1841 1867 1880; baseline -0.005 -8"><span class='ocrx_word' id='word_1_589' title='bbox 1076 1854 1134 1872; x_wconf 77' lang='grc' dir='ltr'>σου</span> <span class='ocrx_word' id='word_1_590' title='bbox 1159 1845 1338 1880; x_wconf 70' lang='grc' dir='ltr'>οἰκουμένη,</span> <span class='ocrx_word' id='word_1_591' title='bbox 1359 1846 1388 1871; x_wconf 81' lang='grc' dir='ltr'><strong>ἐν</strong></span> <span class='ocrx_word' id='word_1_592' title='bbox 1409 1845 1448 1877; x_wconf 80' lang='grc' dir='ltr'>τῷ</span> <span class='ocrx_word' id='word_1_593' title='bbox 1465 1845 1557 1877; x_wconf 75' lang='grc' dir='ltr'>καινῷ</span> <span class='ocrx_word' id='word_1_594' title='bbox 1580 1844 1658 1871; x_wconf 72' lang='grc' dir='ltr'>αἰῶνι</span> <span class='ocrx_word' id='word_1_595' title='bbox 1679 1844 1729 1878; x_wconf 82' lang='grc' dir='ltr'><strong>τῆς</strong></span> <span class='ocrx_word' id='word_1_596' title='bbox 1751 1841 1867 1877; x_wconf 81' lang='grc' dir='ltr'>Χριστοῦ</span> 
     </span>
    </p>
   </div>
   <div class='ocr_carea' id='block_1_81' title="bbox 1079 1888 1868 1926">
    <p class='ocr_par' dir='ltr' id='par_1_81' title="bbox 1079 1888 1868 1926">
     <span class='ocr_line' id='line_1_81' title="bbox 1079 1888 1868 1926; baseline -0.004 -9"><span class='ocrx_word' id='word_1_597' title='bbox 1079 1892 1217 1926; x_wconf 79' lang='grc' dir='ltr'>βασιλείας</span> <span class='ocrx_word' id='word_1_598' title='bbox 1238 1888 1305 1926; x_wconf 73' lang='grc' dir='ltr'>φασὶ</span> <span class='ocrx_word' id='word_1_599' title='bbox 1327 1892 1391 1923; x_wconf 72' lang='grc' dir='ltr'>τοὺς</span> <span class='ocrx_word' id='word_1_600' title='bbox 1410 1891 1465 1918; x_wconf 85' lang='grc' dir='ltr'><strong>τῶν</strong></span> <span class='ocrx_word' id='word_1_601' title='bbox 1487 1890 1660 1924; x_wconf 72' lang='grc' dir='ltr'>ἐπαγγελιῶν</span> <span class='ocrx_word' id='word_1_602' title='bbox 1681 1889 1772 1922; x_wconf 77' lang='grc' dir='ltr'>ἀξίους</span> <span class='ocrx_word' id='word_1_603' title='bbox 1792 1888 1868 1923; x_wconf 81' lang='grc' dir='ltr'>οἰκή-</span> 
     </span>
    </p>
   </div>
   <div class='ocr_carea' id='block_1_82' title="bbox 1077 1935 1868 1974">
    <p class='ocr_par' dir='ltr' id='par_1_82' title="bbox 1077 1935 1868 1974">
     <span class='ocr_line' id='line_1_82' title="bbox 1077 1935 1868 1974; baseline -0.006 -10"><span class='ocrx_word' id='word_1_604' title='bbox 1077 1947 1158 1974; x_wconf 81' lang='grc' dir='ltr'>τορας</span> <span class='ocrx_word' id='word_1_605' title='bbox 1168 1938 1311 1971; x_wconf 66' lang='grc' dir='ltr'>ἓξουσαν⁴”</span> <span class='ocrx_word' id='word_1_606' title='bbox 1323 1938 1347 1964; x_wconf 75' lang='grc' dir='ltr'>οἳ</span> <span class='ocrx_word' id='word_1_607' title='bbox 1363 1937 1410 1964; x_wconf 75' lang='grc' dir='ltr'><strong>καὶ</strong></span> <span class='ocrx_word' id='word_1_608' title='bbox 1419 1938 1447 1963; x_wconf 81' lang='grc' dir='ltr'>ὲν</span> <span class='ocrx_word' id='word_1_609' title='bbox 1462 1937 1582 1972; x_wconf 78' lang='grc' dir='ltr'>τοσαύτῃ</span> <span class='ocrx_word' id='word_1_610' title='bbox 1594 1936 1712 1971; x_wconf 73' lang='grc' dir='ltr'>θυμηδίᾳ</span> <span class='ocrx_word' id='word_1_611' title='bbox 1721 1935 1868 1967; x_wconf 70' lang='grc' dir='ltr'>διάξουσιν,</span> 
     </span>
    </p>
   </div>
   <div class='ocr_carea' id='block_1_83' title="bbox 1081 1982 1799 2017">
    <p class='ocr_par' dir='ltr' id='par_1_83' title="bbox 1081 1982 1799 2017">
     <span class='ocr_line' id='line_1_83' title="bbox 1081 1982 1799 2017; baseline -0.003 -7"><span class='ocrx_word' id='word_1_612' title='bbox 1081 1984 1119 2015; x_wconf 84' lang='grc' dir='ltr'><strong>ὡς</strong></span> <span class='ocrx_word' id='word_1_613' title='bbox 1130 1984 1260 2010; x_wconf 73' lang='grc' dir='ltr'>ἑοικέναι</span> <span class='ocrx_word' id='word_1_614' title='bbox 1274 1984 1427 2015; x_wconf 75' lang='grc' dir='ltr'>νεανίσκῳ</span> <span class='ocrx_word' id='word_1_615' title='bbox 1446 1983 1638 2017; x_wconf 78' lang='grc' dir='ltr'>συνῳκηκότι</span> <span class='ocrx_word' id='word_1_616' title='bbox 1650 1982 1799 2015; x_wconf 69' lang='grc' dir='ltr'>παρθένῳ.</span> 
     </span>
    </p>
   </div>
   <div class='ocr_carea' id='block_1_84' title="bbox 227 2071 1868 2111">
    <p class='ocr_par' dir='ltr' id='par_1_84' title="bbox 227 2071 1868 2111">
     <span class='ocr_line' id='line_1_84' title="bbox 227 2071 1868 2111; baseline 0.004 -14"><span class='ocrx_word' id='word_1_617' title='bbox 227 2071 330 2099; x_wconf 82' lang='lat' dir='ltr'><strong>Christi</strong></span> <span class='ocrx_word' id='word_1_618' title='bbox 355 2075 664 2107; x_wconf 62' lang='lat' dir='ltr'><strong>sacculumretulerunt,</strong></span> <span class='ocrx_word' id='word_1_619' title='bbox 699 2076 780 2110; x_wconf 81' lang='grc'><strong>712</strong></span> <span class='ocrx_word' id='word_1_620' title='bbox 814 2083 870 2111; x_wconf 90' lang='lat' dir='ltr'><strong>quo</strong></span> <span class='ocrx_word' id='word_1_621' title='bbox 900 2080 1024 2110; x_wconf 87' lang='lat' dir='ltr'><strong>tetnpore</strong></span> <span class='ocrx_word' id='word_1_622' title='bbox 1051 2076 1156 2104; x_wconf 83' lang='lat' dir='ltr'><strong>incolas</strong></span> <span class='ocrx_word' id='word_1_623' title='bbox 1185 2077 1418 2111; x_wconf 81' lang='lat' dir='ltr'><strong>promissionibns</strong></span> <span class='ocrx_word' id='word_1_624' title='bbox 1440 2077 1552 2104; x_wconf 87' lang='lat' dir='ltr'><strong>minime</strong></span> <span class='ocrx_word' id='word_1_625' title='bbox 1581 2075 1712 2111; x_wconf 82' lang='lat' dir='ltr'><strong>indignos</strong></span> <span class='ocrx_word' id='word_1_626' title='bbox 1743 2076 1868 2103; x_wconf 80' lang='lat' dir='ltr'><strong>habitura</strong></span> 
     </span>
    </p>
   </div>
   <div class='ocr_carea' id='block_1_85' title="bbox 227 2119 1868 2158">
    <p class='ocr_par' dir='ltr' id='par_1_85' title="bbox 227 2119 1868 2158">
     <span class='ocr_line' id='line_1_85' title="bbox 227 2119 1868 2158; baseline 0 -12"><span class='ocrx_word' id='word_1_627' title='bbox 227 2123 280 2150; x_wconf 83' lang='lat' dir='ltr'><strong>est,</strong></span> <span class='ocrx_word' id='word_1_628' title='bbox 298 2119 414 2153; x_wconf 80' lang='lat' dir='ltr'><strong>quivita</strong></span> <span class='ocrx_word' id='word_1_629' title='bbox 429 2121 647 2155; x_wconf 85' lang='lat' dir='ltr'><strong>etiamjueunda</strong></span> <span class='ocrx_word' id='word_1_630' title='bbox 676 2122 744 2149; x_wconf 81' lang='lat' dir='ltr'><strong>adeo</strong></span> <span class='ocrx_word' id='word_1_631' title='bbox 779 2126 806 2149; x_wconf 86' lang='lat' dir='ltr'><strong>et</strong></span> <span class='ocrx_word' id='word_1_632' title='bbox 836 2123 985 2157; x_wconf 84' lang='lat' dir='ltr'><strong>tranquilla</strong></span> <span class='ocrx_word' id='word_1_633' title='bbox 1022 2123 1136 2158; x_wconf 87' lang='lat' dir='ltr'><strong>potituri</strong></span> <span class='ocrx_word' id='word_1_634' title='bbox 1166 2128 1242 2156; x_wconf 89' lang='lat' dir='ltr'><strong>sunt,</strong></span> <span class='ocrx_word' id='word_1_635' title='bbox 1275 2127 1306 2149; x_wconf 92' lang='lat' dir='ltr'><strong>ut</strong></span> <span class='ocrx_word' id='word_1_636' title='bbox 1330 2123 1435 2157; x_wconf 78' lang='lat' dir='ltr'><strong>juvenis</strong></span> <span class='ocrx_word' id='word_1_637' title='bbox 1462 2130 1522 2148; x_wconf 84' lang='lat' dir='ltr'><strong>cum</strong></span> <span class='ocrx_word' id='word_1_638' title='bbox 1550 2122 1650 2157; x_wconf 78' lang='lat' dir='ltr'><strong>virgine</strong></span> <span class='ocrx_word' id='word_1_639' title='bbox 1679 2121 1800 2147; x_wconf 70' lang='lat' dir='ltr'><strong>Ital/itare</strong></span> <span class='ocrx_word' id='word_1_640' title='bbox 1831 2121 1868 2147; x_wconf 79' lang='lat' dir='ltr'><strong>vi—</strong></span> 
     </span>
    </p>
   </div>
   <div class='ocr_carea' id='block_1_86' title="bbox 228 2163 337 2190">
    <p class='ocr_par' dir='ltr' id='par_1_86' title="bbox 228 2163 337 2190">
     <span class='ocr_line' id='line_1_86' title="bbox 228 2163 337 2190; baseline -0.018 0"><span class='ocrx_word' id='word_1_641' title='bbox 228 2163 253 2190; x_wconf 66' lang='lat' dir='ltr'><strong>di</strong></span> <span class='ocrx_word' id='word_1_642' title='bbox 264 2168 337 2189; x_wconf 83' lang='lat' dir='ltr'><strong>atnr.</strong></span> 
     </span>
    </p>
   </div>
   <div class='ocr_carea' id='block_1_87' title="bbox 265 2208 1019 2247">
    <p class='ocr_par' dir='ltr' id='par_1_87' title="bbox 265 2208 1019 2247">
     <span class='ocr_line' id='line_1_87' title="bbox 265 2208 1019 2247; baseline 0.009 -13"><span class='ocrx_word' id='word_1_643' title='bbox 265 2208 337 2235; x_wconf 91' lang='lat' dir='ltr'><strong>Sunt</strong></span> <span class='ocrx_word' id='word_1_644' title='bbox 357 2212 459 2241; x_wconf 81' lang='lat' dir='ltr'><strong>tamen,</strong></span> <span class='ocrx_word' id='word_1_645' title='bbox 476 2209 523 2244; x_wconf 92' lang='lat' dir='ltr'><strong>qni</strong></span> <span class='ocrx_word' id='word_1_646' title='bbox 549 2217 583 2237; x_wconf 85' lang='lat' dir='ltr'><strong>ex</strong></span> <span class='ocrx_word' id='word_1_647' title='bbox 609 2210 712 2238; x_wconf 58' lang='lat' dir='ltr'><strong>Iudaeis</strong></span> <span class='ocrx_word' id='word_1_648' title='bbox 734 2211 853 2247; x_wconf 91' lang='lat' dir='ltr'><strong>primum</strong></span> <span class='ocrx_word' id='word_1_649' title='bbox 873 2213 1019 2241; x_wconf 81' lang='lat' dir='ltr'><strong>Ecclesiaxr</strong></span> 
     </span>
    </p>
   </div>
   <div class='ocr_carea' id='block_1_88' title="bbox 1072 2208 1867 2247">
    <p class='ocr_par' dir='ltr' id='par_1_88' title="bbox 1115 2211 1867 2246">
     <span class='ocr_line' id='line_1_88' title="bbox 1115 2211 1867 2246; baseline -0.001 -7"><span class='ocrx_word' id='word_1_650' title='bbox 1115 2212 1194 2244; x_wconf 78' lang='grc' dir='ltr'>Τινὲς</span> <span class='ocrx_word' id='word_1_651' title='bbox 1216 2212 1244 2238; x_wconf 86' lang='grc' dir='ltr'><em>δέ</em></span> <span class='ocrx_word' id='word_1_652' title='bbox 1260 2220 1344 2246; x_wconf 81' lang='grc' dir='ltr'>φασιν</span> <span class='ocrx_word' id='word_1_653' title='bbox 1367 2212 1404 2243; x_wconf 84' lang='grc' dir='ltr'><strong>ὡς</strong></span> <span class='ocrx_word' id='word_1_654' title='bbox 1416 2211 1445 2243; x_wconf 78' lang='grc' dir='ltr'><strong>ἐξ</strong></span> <span class='ocrx_word' id='word_1_655' title='bbox 1473 2211 1607 2238; x_wconf 76' lang='grc' dir='ltr'>Ἰουδαίων</span> <span class='ocrx_word' id='word_1_656' title='bbox 1623 2213 1738 2246; x_wconf 83' lang='grc' dir='ltr'>συνέστη</span> <span class='ocrx_word' id='word_1_657' title='bbox 1761 2211 1792 2238; x_wconf 81' lang='grc' dir='ltr'><strong>τὸ</strong></span> <span class='ocrx_word' id='word_1_658' title='bbox 1812 2212 1867 2238; x_wconf 82' lang='grc' dir='ltr'>κατ’</span> 
     </span>
    </p>
   </div>
   <div class='ocr_carea' id='block_1_89' title="bbox 229 2256 1024 2295">
    <p class='ocr_par' dir='ltr' id='par_1_89' title="bbox 229 2256 1024 2295">
     <span class='ocr_line' id='line_1_89' title="bbox 229 2256 1024 2295; baseline 0.008 -13"><span class='ocrx_word' id='word_1_659' title='bbox 229 2256 313 2282; x_wconf 78' lang='lat' dir='ltr'><strong>velint</strong></span> <span class='ocrx_word' id='word_1_660' title='bbox 329 2256 506 2290; x_wconf 82' lang='lat' dir='ltr'><strong>constitisse;</strong></span> <span class='ocrx_word' id='word_1_661' title='bbox 526 2257 598 2284; x_wconf 89' lang='lat' dir='ltr'><strong>inter</strong></span> <span class='ocrx_word' id='word_1_662' title='bbox 612 2265 683 2292; x_wconf 88' lang='lat' dir='ltr'><strong>quos</strong></span> <span class='ocrx_word' id='word_1_663' title='bbox 696 2261 805 2287; x_wconf 67' lang='lat' dir='ltr'><strong>caeteris</strong></span> <span class='ocrx_word' id='word_1_664' title='bbox 820 2260 925 2287; x_wconf 87' lang='lat' dir='ltr'><strong>Christi</strong></span> <span class='ocrx_word' id='word_1_665' title='bbox 955 2269 1024 2295; x_wconf 68' lang='lat' dir='ltr'><strong>prte-</strong></span> 
     </span>
    </p>
   </div>
   <div class='ocr_carea' id='block_1_90' title="bbox 229 2302 1025 2340">
    <p class='ocr_par' dir='ltr' id='par_1_90' title="bbox 229 2302 1025 2340">
     <span class='ocr_line' id='line_1_90' title="bbox 229 2302 1025 2340; baseline 0.006 -12"><span class='ocrx_word' id='word_1_666' title='bbox 229 2302 380 2329; x_wconf 66' lang='lat' dir='ltr'><strong>stantiores</strong></span> <span class='ocrx_word' id='word_1_667' title='bbox 397 2303 514 2336; x_wconf 86' lang='lat' dir='ltr'><strong>apostoli</strong></span> <span class='ocrx_word' id='word_1_668' title='bbox 528 2307 603 2330; x_wconf 88' lang='lat' dir='ltr'><strong>tanto</strong></span> <span class='ocrx_word' id='word_1_669' title='bbox 618 2312 681 2339; x_wconf 84' lang='lat' dir='ltr'><strong>erga</strong></span> <span class='ocrx_word' id='word_1_670' title='bbox 690 2312 749 2331; x_wconf 89' lang='lat' dir='ltr'><strong>eam</strong></span> <span class='ocrx_word' id='word_1_671' title='bbox 759 2313 851 2332; x_wconf 89' lang='lat' dir='ltr'><strong>amore</strong></span> <span class='ocrx_word' id='word_1_672' title='bbox 863 2305 1025 2340; x_wconf 76' lang='lat' dir='ltr'><strong>ﬂagrarunt,</strong></span> 
     </span>
    </p>
   </div>
   <div class='ocr_carea' id='block_1_91' title="bbox 230 2348 1025 2386">
    <p class='ocr_par' dir='ltr' id='par_1_91' title="bbox 230 2348 1025 2386">
     <span class='ocr_line' id='line_1_91' title="bbox 230 2348 1025 2386; baseline 0.008 -12"><span class='ocrx_word' id='word_1_673' title='bbox 230 2351 261 2374; x_wconf 90' lang='lat' dir='ltr'><strong>ut</strong></span> <span class='ocrx_word' id='word_1_674' title='bbox 278 2356 327 2382; x_wconf 87' lang='lat' dir='ltr'><strong>pro</strong></span> <span class='ocrx_word' id='word_1_675' title='bbox 342 2348 382 2375; x_wconf 87' lang='lat' dir='ltr'><strong>eis</strong></span> <span class='ocrx_word' id='word_1_676' title='bbox 399 2349 546 2376; x_wconf 85' lang='lat' dir='ltr'><strong>anathema</strong></span> <span class='ocrx_word' id='word_1_677' title='bbox 564 2349 620 2377; x_wconf 83' lang='lat' dir='ltr'><strong>ﬁeri</strong></span> <span class='ocrx_word' id='word_1_678' title='bbox 636 2349 740 2378; x_wconf 86' lang='lat' dir='ltr'><strong>Paulus</strong></span> <span class='ocrx_word' id='word_1_679' title='bbox 760 2352 902 2386; x_wconf 78' lang='lat' dir='ltr'><strong>exaptarit</strong></span> <span class='ocrx_word' id='word_1_680' title='bbox 917 2353 951 2380; x_wconf 73' lang='lat'><strong>“.</strong></span> <span class='ocrx_word' id='word_1_681' title='bbox 971 2352 1025 2380; x_wconf 84' lang='lat' dir='ltr'><strong>Sed</strong></span> 
     </span>
    </p>
   </div>
   <div class='ocr_carea' id='block_1_92' title="bbox 230 2393 1024 2434">
    <p class='ocr_par' dir='ltr' id='par_1_92' title="bbox 230 2393 1024 2434">
     <span class='ocr_line' id='line_1_92' title="bbox 230 2393 1024 2434; baseline 0.006 -14"><span class='ocrx_word' id='word_1_682' title='bbox 230 2398 272 2421; x_wconf 88' lang='lat' dir='ltr'><strong>est</strong></span> <span class='ocrx_word' id='word_1_683' title='bbox 289 2402 380 2421; x_wconf 83' lang='lat' dir='ltr'><strong>rerum</strong></span> <span class='ocrx_word' id='word_1_684' title='bbox 394 2394 493 2430; x_wconf 72' lang='lat' dir='ltr'><strong>ingens</strong></span> <span class='ocrx_word' id='word_1_685' title='bbox 514 2396 586 2423; x_wconf 83' lang='lat' dir='ltr'><strong>facta</strong></span> <span class='ocrx_word' id='word_1_686' title='bbox 601 2398 756 2426; x_wconf 81' lang='lat' dir='ltr'><strong>renovatio.</strong></span> <span class='ocrx_word' id='word_1_687' title='bbox 780 2393 955 2425; x_wconf 48' lang='lat' dir='ltr'><strong>Vetus&#39;enim</strong></span> <span class='ocrx_word' id='word_1_688' title='bbox 972 2398 1024 2434; x_wconf 90' lang='lat' dir='ltr'><strong>Sy-</strong></span> 
     </span>
    </p>
   </div>
   <div class='ocr_carea' id='block_1_93' title="bbox 230 2443 1027 2479">
    <p class='ocr_par' dir='ltr' id='par_1_93' title="bbox 230 2443 1027 2479">
     <span class='ocr_line' id='line_1_93' title="bbox 230 2443 1027 2479; baseline 0.004 -11"><span class='ocrx_word' id='word_1_689' title='bbox 230 2448 347 2476; x_wconf 78' lang='lat' dir='ltr'><strong>nagoga,</strong></span> <span class='ocrx_word' id='word_1_690' title='bbox 365 2445 503 2470; x_wconf 87' lang='lat' dir='ltr'><strong>vetustate</strong></span> <span class='ocrx_word' id='word_1_691' title='bbox 520 2443 639 2477; x_wconf 88' lang='lat' dir='ltr'><strong>quodam</strong></span> <span class='ocrx_word' id='word_1_692' title='bbox 661 2447 742 2478; x_wconf 87' lang='lat' dir='ltr'><strong>pacto</strong></span> <span class='ocrx_word' id='word_1_693' title='bbox 764 2444 902 2477; x_wconf 83' lang='lat' dir='ltr'><strong>obsoleta,</strong></span> <span class='ocrx_word' id='word_1_694' title='bbox 925 2444 1027 2479; x_wconf 86' lang='lat' dir='ltr'><strong>juven-</strong></span> 
     </span>
    </p>
   </div>
   <div class='ocr_carea' id='block_1_94' title="bbox 231 2487 1028 2526">
    <p class='ocr_par' dir='ltr' id='par_1_94' title="bbox 231 2487 1028 2526">
     <span class='ocr_line' id='line_1_94' title="bbox 231 2487 1028 2526; baseline 0.006 -14"><span class='ocrx_word' id='word_1_695' title='bbox 231 2487 300 2513; x_wconf 60' lang='lat' dir='ltr'><strong>cule</strong></span> <span class='ocrx_word' id='word_1_696' title='bbox 321 2494 508 2522; x_wconf 84' lang='lat' dir='ltr'><strong>comparatur.</strong></span> <span class='ocrx_word' id='word_1_697' title='bbox 525 2489 616 2523; x_wconf 85' lang='lat' dir='ltr'><strong>Ipsius</strong></span> <span class='ocrx_word' id='word_1_698' title='bbox 636 2490 738 2517; x_wconf 88' lang='lat' dir='ltr'><strong>deinde</strong></span> <span class='ocrx_word' id='word_1_699' title='bbox 756 2490 814 2522; x_wconf 83' lang='lat' dir='ltr'><strong>ﬁlii.</strong></span> <span class='ocrx_word' id='word_1_700' title='bbox 834 2490 960 2526; x_wconf 84' lang='lat' dir='ltr'><strong>Apostoli</strong></span> <span class='ocrx_word' id='word_1_701' title='bbox 983 2490 1028 2517; x_wconf 34' lang='lat' dir='ltr'><strong>nir-</strong></span> 
     </span>
    </p>
   </div>
   <div class='ocr_carea' id='block_1_95' title="bbox 232 2532 1030 2568">
    <p class='ocr_par' dir='ltr' id='par_1_95' title="bbox 232 2532 1030 2568">
     <span class='ocr_line' id='line_1_95' title="bbox 232 2532 1030 2568; baseline 0.005 -10"><span class='ocrx_word' id='word_1_702' title='bbox 232 2532 344 2564; x_wconf 86' lang='lat' dir='ltr'><strong>mirum,</strong></span> <span class='ocrx_word' id='word_1_703' title='bbox 358 2541 417 2560; x_wconf 86' lang='lat' dir='ltr'><strong>cum</strong></span> <span class='ocrx_word' id='word_1_704' title='bbox 432 2541 463 2561; x_wconf 85' lang='lat' dir='ltr'><strong>ea</strong></span> <span class='ocrx_word' id='word_1_705' title='bbox 480 2534 647 2568; x_wconf 78' lang='lat' dir='ltr'><strong>habitarunt,</strong></span> <span class='ocrx_word' id='word_1_706' title='bbox 661 2543 722 2563; x_wconf 92' lang='lat' dir='ltr'><strong>cum</strong></span> <span class='ocrx_word' id='word_1_707' title='bbox 732 2536 868 2568; x_wconf 84' lang='lat' dir='ltr'><strong>eamdem,</strong></span> <span class='ocrx_word' id='word_1_708' title='bbox 878 2536 961 2564; x_wconf 88' lang='lat' dir='ltr'><strong>veluti</strong></span> <span class='ocrx_word' id='word_1_709' title='bbox 979 2544 1030 2563; x_wconf 92' lang='lat' dir='ltr'><strong>nu-</strong></span> 
     </span>
    </p>
   </div>
   <div class='ocr_carea' id='block_1_96' title="bbox 235 2578 1028 2616">
    <p class='ocr_par' dir='ltr' id='par_1_96' title="bbox 235 2578 1028 2616">
     <span class='ocr_line' id='line_1_96' title="bbox 235 2578 1028 2616; baseline 0.006 -12"><span class='ocrx_word' id='word_1_710' title='bbox 235 2578 343 2611; x_wconf 73' lang='lat' dir='ltr'><strong>tricem,</strong></span> <span class='ocrx_word' id='word_1_711' title='bbox 363 2587 445 2607; x_wconf 83' lang='lat' dir='ltr'><strong>manu</strong></span> <span class='ocrx_word' id='word_1_712' title='bbox 462 2586 608 2616; x_wconf 69' lang='lat' dir='ltr'><strong>regerent;</strong></span> <span class='ocrx_word' id='word_1_713' title='bbox 626 2590 689 2609; x_wconf 90' lang='lat' dir='ltr'><strong>cum</strong></span> <span class='ocrx_word' id='word_1_714' title='bbox 706 2583 777 2609; x_wconf 88' lang='lat' dir='ltr'><strong>sicut</strong></span> <span class='ocrx_word' id='word_1_715' title='bbox 795 2587 911 2610; x_wconf 85' lang='lat' dir='ltr'><strong>matrem</strong></span> <span class='ocrx_word' id='word_1_716' title='bbox 927 2590 1028 2610; x_wconf 90' lang='lat' dir='ltr'><strong>conso-</strong></span> 
     </span>
    </p>
   </div>
   <div class='ocr_carea' id='block_1_97' title="bbox 234 2623 1025 2663">
    <p class='ocr_par' dir='ltr' id='par_1_97' title="bbox 234 2623 1025 2663">
     <span class='ocr_line' id='line_1_97' title="bbox 234 2623 1025 2663; baseline 0.006 -13"><span class='ocrx_word' id='word_1_717' title='bbox 234 2623 377 2658; x_wconf 79' lang='lat' dir='ltr'><strong>larentur;</strong></span> <span class='ocrx_word' id='word_1_718' title='bbox 390 2633 451 2652; x_wconf 88' lang='lat' dir='ltr'><strong>cum</strong></span> <span class='ocrx_word' id='word_1_719' title='bbox 472 2626 592 2662; x_wconf 84' lang='lat' dir='ltr'><strong>denique</strong></span> <span class='ocrx_word' id='word_1_720' title='bbox 619 2629 687 2663; x_wconf 75' lang='lat' dir='ltr'><strong>legis</strong></span> <span class='ocrx_word' id='word_1_721' title='bbox 703 2629 816 2656; x_wconf 83' lang='lat' dir='ltr'><strong>umbras</strong></span> <span class='ocrx_word' id='word_1_722' title='bbox 834 2629 922 2656; x_wconf 87' lang='lat' dir='ltr'><strong>vitare</strong></span> <span class='ocrx_word' id='word_1_723' title='bbox 938 2628 1025 2656; x_wconf 84' lang='lat' dir='ltr'><strong>doce-</strong></span> 
     </span>
    </p>
   </div>
   <div class='ocr_carea' id='block_1_98' title="bbox 236 2672 1029 2710">
    <p class='ocr_par' dir='ltr' id='par_1_98' title="bbox 236 2672 1029 2710">
     <span class='ocr_line' id='line_1_98' title="bbox 236 2672 1029 2710; baseline 0.006 -13"><span class='ocrx_word' id='word_1_724' title='bbox 236 2675 316 2698; x_wconf 85' lang='lat' dir='ltr'><strong>rent:</strong></span> <span class='ocrx_word' id='word_1_725' title='bbox 335 2672 408 2699; x_wconf 90' lang='lat' dir='ltr'><strong>unde</strong></span> <span class='ocrx_word' id='word_1_726' title='bbox 430 2681 478 2707; x_wconf 85' lang='lat' dir='ltr'><strong>pro</strong></span> <span class='ocrx_word' id='word_1_727' title='bbox 496 2675 622 2708; x_wconf 86' lang='lat' dir='ltr'><strong>patribus</strong></span> <span class='ocrx_word' id='word_1_728' title='bbox 637 2684 699 2703; x_wconf 81' lang='lat' dir='ltr'><strong>esse</strong></span> <span class='ocrx_word' id='word_1_729' title='bbox 714 2680 796 2703; x_wconf 87' lang='lat' dir='ltr'><strong>natos</strong></span> <span class='ocrx_word' id='word_1_730' title='bbox 812 2676 852 2702; x_wconf 91' lang='lat' dir='ltr'><strong>illi</strong></span> <span class='ocrx_word' id='word_1_731' title='bbox 868 2676 939 2703; x_wconf 85' lang='lat' dir='ltr'><strong>ﬁlios</strong></span> <span class='ocrx_word' id='word_1_732' title='bbox 956 2675 1029 2710; x_wconf 83' lang='lat' dir='ltr'><strong>apud</strong></span> 
     </span>
    </p>
   </div>
   <div class='ocr_carea' id='block_1_99' title="bbox 237 2717 1030 2756">
    <p class='ocr_par' dir='ltr' id='par_1_99' title="bbox 237 2717 1030 2756">
     <span class='ocr_line' id='line_1_99' title="bbox 237 2717 1030 2756; baseline 0.006 -13"><span class='ocrx_word' id='word_1_733' title='bbox 237 2717 368 2745; x_wconf 83' lang='lat' dir='ltr'><strong>Davidem</strong></span> <span class='ocrx_word' id='word_1_734' title='bbox 384 2719 500 2754; x_wconf 77' lang='lat' dir='ltr'><strong>legimus</strong></span> <span class='ocrx_word' id='word_1_735' title='bbox 512 2722 544 2748; x_wconf 80' lang='lat'><strong>“’.</strong></span> <span class='ocrx_word' id='word_1_736' title='bbox 559 2721 627 2749; x_wconf 90' lang='lat' dir='ltr'><strong>Cum</strong></span> <span class='ocrx_word' id='word_1_737' title='bbox 639 2723 711 2749; x_wconf 90' lang='lat' dir='ltr'><strong>enim</strong></span> <span class='ocrx_word' id='word_1_738' title='bbox 724 2722 771 2749; x_wconf 89' lang='lat' dir='ltr'><strong>filii</strong></span> <span class='ocrx_word' id='word_1_739' title='bbox 782 2727 887 2752; x_wconf 79' lang='lat' dir='ltr'><strong>essent.</strong></span> <span class='ocrx_word' id='word_1_740' title='bbox 899 2723 925 2750; x_wconf 91' lang='lat' dir='ltr'><strong>in</strong></span> <span class='ocrx_word' id='word_1_741' title='bbox 938 2726 1030 2756; x_wconf 86' lang='lat' dir='ltr'><strong>patres</strong></span> 
     </span>
    </p>
   </div>
   <div class='ocr_carea' id='block_1_100' title="bbox 238 2764 1027 2801">
    <p class='ocr_par' dir='ltr' id='par_1_100' title="bbox 238 2764 1027 2801">
     <span class='ocr_line' id='line_1_100' title="bbox 238 2764 1027 2801; baseline 0.004 -12"><span class='ocrx_word' id='word_1_742' title='bbox 238 2766 398 2790; x_wconf 82' lang='lat' dir='ltr'><strong>evaSeruut.</strong></span> <span class='ocrx_word' id='word_1_743' title='bbox 423 2764 489 2796; x_wconf 72' lang='lat' dir='ltr'><strong>Qua:</strong></span> <span class='ocrx_word' id='word_1_744' title='bbox 508 2773 570 2793; x_wconf 91' lang='lat' dir='ltr'><strong>cum</strong></span> <span class='ocrx_word' id='word_1_745' title='bbox 595 2766 634 2793; x_wconf 88' lang='lat' dir='ltr'><strong>ita</strong></span> <span class='ocrx_word' id='word_1_746' title='bbox 657 2774 687 2794; x_wconf 86' lang='lat' dir='ltr'><strong>se</strong></span> <span class='ocrx_word' id='word_1_747' title='bbox 713 2767 846 2801; x_wconf 75' lang='lat' dir='ltr'><strong>habeant;</strong></span> <span class='ocrx_word' id='word_1_748' title='bbox 863 2766 901 2794; x_wconf 90' lang='lat' dir='ltr'><strong>ita</strong></span> <span class='ocrx_word' id='word_1_749' title='bbox 928 2767 1027 2800; x_wconf 87' lang='lat' dir='ltr'><strong>inquit,</strong></span> 
     </span>
    </p>
   </div>
   <div class='ocr_carea' id='block_1_101' title="bbox 274 2819 1154 2860">
    <p class='ocr_par' dir='ltr' id='par_1_101' title="bbox 274 2819 1154 2860">
     <span class='ocr_line' id='line_1_101' title="bbox 274 2819 1154 2860; baseline -0.003 -7"><span class='ocrx_word' id='word_1_750' title='bbox 274 2819 391 2860; x_wconf 53' lang='lat' dir='ltr'><strong>&quot;109p.</strong></span> <span class='ocrx_word' id='word_1_751' title='bbox 415 2831 473 2857; x_wconf 86' lang='grc' dir='ltr'>νιιι,</span> <span class='ocrx_word' id='word_1_752' title='bbox 501 2825 544 2853; x_wconf 75' lang='lat'><strong>12.</strong></span> <span class='ocrx_word' id='word_1_753' title='bbox 565 2826 586 2842; x_wconf 84' lang='lat'>“</span> <span class='ocrx_word' id='word_1_754' title='bbox 603 2826 674 2855; x_wconf 83' lang='lat' dir='ltr'><strong>Psal.</strong></span> <span class='ocrx_word' id='word_1_755' title='bbox 702 2835 812 2860; x_wconf 66' lang='lat' dir='ltr'><strong>anvr,</strong></span> <span class='ocrx_word' id='word_1_756' title='bbox 830 2828 856 2855; x_wconf 76' lang='grc'><strong>5.</strong></span> <span class='ocrx_word' id='word_1_757' title='bbox 895 2829 917 2843; x_wconf 75' lang='grc'><strong>’³³</strong></span> <span class='ocrx_word' id='word_1_758' title='bbox 932 2826 1006 2855; x_wconf 81' lang='lat' dir='ltr'><strong>Psal.</strong></span> <span class='ocrx_word' id='word_1_759' title='bbox 1022 2833 1094 2858; x_wconf 64' lang='grc' dir='ltr'>κων,</span> <span class='ocrx_word' id='word_1_760' title='bbox 1111 2824 1154 2851; x_wconf 79' lang='lat' dir='ltr'><strong>lt).</strong></span> 
     </span>
    </p>
   </div>
   <div class='ocr_carea' id='block_1_102' title="bbox 243 2856 381 2889">
    <p class='ocr_par' dir='ltr' id='par_1_102' title="bbox 243 2856 381 2889">
     <span class='ocr_line' id='line_1_102' title="bbox 243 2856 381 2889; baseline 0.007 -6"><span class='ocrx_word' id='word_1_761' title='bbox 243 2863 316 2889; x_wconf 80' lang='lat' dir='ltr'><strong>mv,</strong></span> <span class='ocrx_word' id='word_1_762' title='bbox 339 2856 381 2884; x_wconf 82' lang='lat' dir='ltr'><strong>t7.</strong></span> 
     </span>
    </p>
   </div>
   <div class='ocr_carea' id='block_1_103' title="bbox 1080 2255 1868 2295">
    <p class='ocr_par' dir='ltr' id='par_1_103' title="bbox 1080 2255 1868 2295">
     <span class='ocr_line' id='line_1_103' title="bbox 1080 2255 1868 2295; baseline -0.003 -9"><span class='ocrx_word' id='word_1_763' title='bbox 1080 2259 1177 2295; x_wconf 77' lang='grc' dir='ltr'>ἀρχὰς,</span> <span class='ocrx_word' id='word_1_764' title='bbox 1196 2255 1233 2285; x_wconf 81' lang='grc' dir='ltr'>ὧν</span> <span class='ocrx_word' id='word_1_765' title='bbox 1248 2257 1414 2293; x_wconf 77' lang='grc' dir='ltr'>προῦχοντες</span> <span class='ocrx_word' id='word_1_766' title='bbox 1430 2256 1500 2292; x_wconf 85' lang='grc' dir='ltr'>ἦσαν</span> <span class='ocrx_word' id='word_1_767' title='bbox 1514 2258 1537 2283; x_wconf 86' lang='grc' dir='ltr'><strong>οἰ</strong></span> <span class='ocrx_word' id='word_1_768' title='bbox 1557 2258 1603 2284; x_wconf 79' lang='grc' dir='ltr'><strong>τοῦ</strong></span> <span class='ocrx_word' id='word_1_769' title='bbox 1617 2258 1736 2293; x_wconf 78' lang='grc' dir='ltr'>Χριστοῦ</span> <span class='ocrx_word' id='word_1_770' title='bbox 1751 2257 1868 2292; x_wconf 78' lang='grc' dir='ltr'>μαθηταὶ</span> 
     </span>
    </p>
   </div>
   <div class='ocr_carea' id='block_1_104' title="bbox 1079 2302 1866 2340">
    <p class='ocr_par' dir='ltr' id='par_1_104' title="bbox 1079 2302 1866 2340">
     <span class='ocr_line' id='line_1_104' title="bbox 1079 2302 1866 2340; baseline -0.004 -8"><span class='ocrx_word' id='word_1_771' title='bbox 1079 2306 1128 2336; x_wconf 79' lang='grc' dir='ltr'>τὴν</span> <span class='ocrx_word' id='word_1_772' title='bbox 1148 2306 1188 2336; x_wconf 78' lang='grc' dir='ltr'>εἰς</span> <span class='ocrx_word' id='word_1_773' title='bbox 1199 2305 1283 2340; x_wconf 80' lang='grc' dir='ltr'>ἄκρον</span> <span class='ocrx_word' id='word_1_774' title='bbox 1295 2304 1406 2338; x_wconf 80' lang='grc' dir='ltr'>ἀγάπην</span> <span class='ocrx_word' id='word_1_775' title='bbox 1417 2305 1456 2335; x_wconf 83' lang='grc' dir='ltr'>είς</span> <span class='ocrx_word' id='word_1_776' title='bbox 1470 2303 1554 2338; x_wconf 81' lang='grc' dir='ltr'>αὐτὴν</span> <span class='ocrx_word' id='word_1_777' title='bbox 1567 2302 1754 2335; x_wconf 78' lang='grc' dir='ltr'>διασώζοντες,</span> <span class='ocrx_word' id='word_1_778' title='bbox 1773 2303 1810 2334; x_wconf 81' lang='grc' dir='ltr'><strong>ὡς</strong></span> <span class='ocrx_word' id='word_1_779' title='bbox 1823 2304 1866 2330; x_wconf 78' lang='grc' dir='ltr'>καὶ</span> 
     </span>
    </p>
   </div>
   <div class='ocr_carea' id='block_1_105' title="bbox 1079 2348 1866 2384">
    <p class='ocr_par' dir='ltr' id='par_1_105' title="bbox 1079 2348 1866 2384">
     <span class='ocr_line' id='line_1_105' title="bbox 1079 2348 1866 2384; baseline -0.003 -6"><span class='ocrx_word' id='word_1_780' title='bbox 1079 2350 1224 2378; x_wconf 78' lang='grc' dir='ltr'>ὀδυνᾶσθαι</span> <span class='ocrx_word' id='word_1_781' title='bbox 1249 2350 1296 2376; x_wconf 84' lang='grc' dir='ltr'><strong>τὸν</strong></span> <span class='ocrx_word' id='word_1_782' title='bbox 1335 2349 1441 2375; x_wconf 85' lang='grc' dir='ltr'>Παῦλον</span> <span class='ocrx_word' id='word_1_783' title='bbox 1466 2349 1536 2384; x_wconf 79' lang='grc' dir='ltr'>ὑπὲρ</span> <span class='ocrx_word' id='word_1_784' title='bbox 1565 2349 1654 2375; x_wconf 80' lang='grc' dir='ltr'>αὐτῶν</span> <span class='ocrx_word' id='word_1_785' title='bbox 1673 2349 1718 2375; x_wconf 84' lang='grc' dir='ltr'><strong>καὶ</strong></span> <span class='ocrx_word' id='word_1_786' title='bbox 1743 2348 1866 2384; x_wconf 73' lang='grc' dir='ltr'>εὒχεςθιι</span> 
     </span>
    </p>
   </div>
   <div class='ocr_carea' id='block_1_106' title="bbox 1077 2395 1866 2433">
    <p class='ocr_par' dir='ltr' id='par_1_106' title="bbox 1077 2395 1866 2433">
     <span class='ocr_line' id='line_1_106' title="bbox 1077 2395 1866 2433; baseline -0.006 -8"><span class='ocrx_word' id='word_1_787' title='bbox 1077 2398 1202 2433; x_wconf 76' lang='grc' dir='ltr'>ἀνάθεμα</span> <span class='ocrx_word' id='word_1_788' title='bbox 1215 2395 1295 2424; x_wconf 74' lang='grc' dir='ltr'>εἶναι.</span> <span class='ocrx_word' id='word_1_789' title='bbox 1318 2395 1404 2426; x_wconf 81' lang='grc' dir='ltr'>Πολὺς</span> <span class='ocrx_word' id='word_1_790' title='bbox 1422 2395 1449 2421; x_wconf 80' lang='grc' dir='ltr'><strong>δὲ</strong></span> <span class='ocrx_word' id='word_1_791' title='bbox 1474 2395 1528 2421; x_wconf 86' lang='grc' dir='ltr'>τῶν</span> <span class='ocrx_word' id='word_1_792' title='bbox 1551 2395 1721 2430; x_wconf 76' lang='grc' dir='ltr'>πραγμάτων</span> <span class='ocrx_word' id='word_1_793' title='bbox 1745 2396 1758 2421; x_wconf 79' lang='grc' dir='ltr'>ὁ</span> <span class='ocrx_word' id='word_1_794' title='bbox 1782 2403 1866 2421; x_wconf 83' lang='grc' dir='ltr'>καινι-</span> 
     </span>
    </p>
   </div>
   <div class='ocr_carea' id='block_1_107' title="bbox 1078 2440 1865 2479">
    <p class='ocr_par' dir='ltr' id='par_1_107' title="bbox 1078 2440 1865 2479">
     <span class='ocr_line' id='line_1_107' title="bbox 1078 2440 1865 2479; baseline -0.006 -8"><span class='ocrx_word' id='word_1_795' title='bbox 1078 2444 1157 2479; x_wconf 79' lang='grc' dir='ltr'>σμός.</span> <span class='ocrx_word' id='word_1_796' title='bbox 1183 2442 1213 2470; x_wconf 84' lang='grc' dir='ltr'><strong><em>Ἡ</em></strong></span> <span class='ocrx_word' id='word_1_797' title='bbox 1226 2443 1280 2478; x_wconf 80' lang='grc' dir='ltr'>γὰρ</span> <span class='ocrx_word' id='word_1_798' title='bbox 1295 2441 1398 2477; x_wconf 79' lang='grc' dir='ltr'>ἀρχαία</span> <span class='ocrx_word' id='word_1_799' title='bbox 1416 2440 1569 2475; x_wconf 76' lang='grc' dir='ltr'>Συναγωγή</span> <span class='ocrx_word' id='word_1_800' title='bbox 1589 2441 1692 2475; x_wconf 69' lang='grc' dir='ltr'>τρόπον</span> <span class='ocrx_word' id='word_1_801' title='bbox 1703 2440 1764 2466; x_wconf 76' lang='grc' dir='ltr'>τινὰ</span> <span class='ocrx_word' id='word_1_802' title='bbox 1778 2449 1865 2467; x_wconf 78' lang='grc' dir='ltr'>πεπα-</span> 
     </span>
    </p>
   </div>
   <div class='ocr_carea' id='block_1_108' title="bbox 1076 2485 1865 2524">
    <p class='ocr_par' dir='ltr' id='par_1_108' title="bbox 1076 2485 1865 2524">
     <span class='ocr_line' id='line_1_108' title="bbox 1076 2485 1865 2524; baseline -0.004 -8"><span class='ocrx_word' id='word_1_803' title='bbox 1076 2488 1216 2524; x_wconf 77' lang='grc' dir='ltr'>λαιωμένη</span> <span class='ocrx_word' id='word_1_804' title='bbox 1234 2490 1265 2523; x_wconf 85' lang='grc' dir='ltr'>τῇ</span> <span class='ocrx_word' id='word_1_805' title='bbox 1289 2487 1461 2521; x_wconf 70' lang='grc' dir='ltr'>παλαιότητι,</span> <span class='ocrx_word' id='word_1_806' title='bbox 1484 2485 1586 2513; x_wconf 82' lang='grc' dir='ltr'>νεάνιδι</span> <span class='ocrx_word' id='word_1_807' title='bbox 1610 2487 1818 2521; x_wconf 73' lang='grc' dir='ltr'>παρεικάζεται.</span> <span class='ocrx_word' id='word_1_808' title='bbox 1836 2487 1865 2513; x_wconf 79' lang='grc' dir='ltr'><strong>υἱ</strong></span> 
     </span>
    </p>
   </div>
   <div class='ocr_carea' id='block_1_109' title="bbox 1077 2530 1865 2567">
    <p class='ocr_par' dir='ltr' id='par_1_109' title="bbox 1077 2530 1865 2567">
     <span class='ocr_line' id='line_1_109' title="bbox 1077 2530 1865 2567; baseline -0.008 -5"><span class='ocrx_word' id='word_1_809' title='bbox 1077 2535 1106 2562; x_wconf 74' lang='grc' dir='ltr'><strong>δὲ</strong></span> <span class='ocrx_word' id='word_1_810' title='bbox 1121 2534 1174 2561; x_wconf 81' lang='grc' dir='ltr'><strong>υίοὶ</strong></span> <span class='ocrx_word' id='word_1_811' title='bbox 1185 2533 1269 2567; x_wconf 81' lang='grc' dir='ltr'>αὐτῆς</span> <span class='ocrx_word' id='word_1_812' title='bbox 1281 2532 1424 2558; x_wconf 79' lang='grc' dir='ltr'><strong>ἀπόστολοι</strong></span> <span class='ocrx_word' id='word_1_813' title='bbox 1434 2531 1469 2558; x_wconf 81' lang='grc' dir='ltr'><strong>ἐν</strong></span> <span class='ocrx_word' id='word_1_814' title='bbox 1483 2530 1561 2565; x_wconf 79' lang='grc' dir='ltr'><strong>αὐτῇ</strong></span> <span class='ocrx_word' id='word_1_815' title='bbox 1575 2530 1742 2563; x_wconf 74' lang='grc' dir='ltr'>κατῴκουν,</span> <span class='ocrx_word' id='word_1_816' title='bbox 1755 2530 1792 2562; x_wconf 80' lang='grc' dir='ltr'><strong>ὠς</strong></span> <span class='ocrx_word' id='word_1_817' title='bbox 1809 2540 1865 2566; x_wconf 59' lang='grc' dir='ltr'>τρν-</span> 
     </span>
    </p>
   </div>
   <div class='ocr_carea' id='block_1_110' title="bbox 1079 2577 1863 2615">
    <p class='ocr_par' dir='ltr' id='par_1_110' title="bbox 1079 2577 1863 2615">
     <span class='ocr_line' id='line_1_110' title="bbox 1079 2577 1863 2615; baseline -0.004 -9"><span class='ocrx_word' id='word_1_818' title='bbox 1079 2581 1129 2615; x_wconf 77' lang='grc' dir='ltr'>φὺν</span> <span class='ocrx_word' id='word_1_819' title='bbox 1156 2577 1410 2615; x_wconf 79' lang='grc' dir='ltr'>χειραγωγοῦντες,</span> <span class='ocrx_word' id='word_1_820' title='bbox 1439 2577 1664 2614; x_wconf 80' lang='grc' dir='ltr'>παρακαλοῦντες</span> <span class='ocrx_word' id='word_1_821' title='bbox 1684 2577 1721 2608; x_wconf 78' lang='grc' dir='ltr'><strong>ὡς</strong></span> <span class='ocrx_word' id='word_1_822' title='bbox 1749 2578 1863 2612; x_wconf 75' lang='grc' dir='ltr'>μητέρι,</span> 
     </span>
    </p>
   </div>
   <div class='ocr_carea' id='block_1_111' title="bbox 1081 2625 1866 2661">
    <p class='ocr_par' dir='ltr' id='par_1_111' title="bbox 1081 2625 1866 2661">
     <span class='ocr_line' id='line_1_111' title="bbox 1081 2625 1866 2661; baseline 0 -9"><span class='ocrx_word' id='word_1_823' title='bbox 1081 2626 1192 2660; x_wconf 83' lang='grc' dir='ltr'>φεύγειν</span> <span class='ocrx_word' id='word_1_824' title='bbox 1207 2625 1253 2652; x_wconf 80' lang='grc' dir='ltr'><strong>τοῦ</strong></span> <span class='ocrx_word' id='word_1_825' title='bbox 1271 2625 1354 2660; x_wconf 84' lang='grc' dir='ltr'>νόμου</span> <span class='ocrx_word' id='word_1_826' title='bbox 1373 2625 1423 2658; x_wconf 80' lang='grc' dir='ltr'><strong>τὰς</strong></span> <span class='ocrx_word' id='word_1_827' title='bbox 1452 2627 1533 2658; x_wconf 72' lang='grc' dir='ltr'>σκιὰς</span> <span class='ocrx_word' id='word_1_828' title='bbox 1553 2626 1758 2661; x_wconf 73' lang='grc' dir='ltr'>εἰσηγούμενοι,</span> <span class='ocrx_word' id='word_1_829' title='bbox 1773 2626 1810 2657; x_wconf 84' lang='grc' dir='ltr'><strong>ὡς</strong></span> <span class='ocrx_word' id='word_1_830' title='bbox 1825 2628 1866 2652; x_wconf 63' lang='lat' dir='ltr'><strong>tl&quot;;</strong></span> 
     </span>
    </p>
   </div>
   <div class='ocr_carea' id='block_1_112' title="bbox 1085 2670 1866 2707">
    <p class='ocr_par' dir='ltr' id='par_1_112' title="bbox 1085 2670 1866 2707">
     <span class='ocr_line' id='line_1_112' title="bbox 1085 2670 1866 2707; baseline 0 -10"><span class='ocrx_word' id='word_1_831' title='bbox 1085 2671 1167 2698; x_wconf 73' lang='lat' dir='ltr'><strong>Aa6‘i6</strong></span> <span class='ocrx_word' id='word_1_832' title='bbox 1182 2671 1288 2705; x_wconf 81' lang='grc' dir='ltr'>λέγειν·</span> <span class='ocrx_word' id='word_1_833' title='bbox 1314 2670 1387 2697; x_wconf 79' lang='grc' dir='ltr'>Ἀντὶ</span> <span class='ocrx_word' id='word_1_834' title='bbox 1407 2671 1462 2698; x_wconf 81' lang='grc' dir='ltr'>τῶν</span> <span class='ocrx_word' id='word_1_835' title='bbox 1487 2671 1615 2707; x_wconf 82' lang='grc' dir='ltr'>πατέρων</span> <span class='ocrx_word' id='word_1_836' title='bbox 1638 2679 1685 2698; x_wconf 88' lang='grc' dir='ltr'><strong>σου</strong></span> <span class='ocrx_word' id='word_1_837' title='bbox 1704 2671 1866 2706; x_wconf 60' lang='grc' dir='ltr'>ἐγενήθησάν</span> 
     </span>
    </p>
   </div>
   <div class='ocr_carea' id='block_1_113' title="bbox 1083 2715 1865 2752">
    <p class='ocr_par' dir='ltr' id='par_1_113' title="bbox 1083 2715 1865 2752">
     <span class='ocr_line' id='line_1_113' title="bbox 1083 2715 1865 2752; baseline 0 -9"><span class='ocrx_word' id='word_1_838' title='bbox 1083 2726 1125 2744; x_wconf 91' lang='grc' dir='ltr'><strong>σοι</strong></span> <span class='ocrx_word' id='word_1_839' title='bbox 1141 2717 1205 2743; x_wconf 79' lang='grc' dir='ltr'>υἱοί.</span> <span class='ocrx_word' id='word_1_840' title='bbox 1222 2717 1281 2743; x_wconf 71' lang='grc' dir='ltr'>Υἱοὶ</span> <span class='ocrx_word' id='word_1_841' title='bbox 1301 2717 1355 2752; x_wconf 82' lang='grc' dir='ltr'><strong>γὰρ</strong></span> <span class='ocrx_word' id='word_1_842' title='bbox 1369 2717 1456 2750; x_wconf 74' lang='grc' dir='ltr'>ὅντες,</span> <span class='ocrx_word' id='word_1_843' title='bbox 1474 2718 1515 2749; x_wconf 78' lang='grc' dir='ltr'><strong>εἰς</strong></span> <span class='ocrx_word' id='word_1_844' title='bbox 1532 2718 1655 2752; x_wconf 78' lang='grc' dir='ltr'>πατέρας</span> <span class='ocrx_word' id='word_1_845' title='bbox 1672 2718 1807 2751; x_wconf 70' lang='grc' dir='ltr'>ἐγένοντο.</span> <span class='ocrx_word' id='word_1_846' title='bbox 1819 2715 1865 2743; x_wconf 77' lang='grc' dir='ltr'>Ὧν</span> 
     </span>
    </p>
   </div>
   <div class='ocr_carea' id='block_1_114' title="bbox 1081 2763 1866 2798">
    <p class='ocr_par' dir='ltr' id='par_1_114' title="bbox 1081 2763 1866 2798">
     <span class='ocr_line' id='line_1_114' title="bbox 1081 2763 1866 2798; baseline 0 -8"><span class='ocrx_word' id='word_1_847' title='bbox 1081 2763 1169 2795; x_wconf 73' lang='grc' dir='ltr'>οὕτως</span> <span class='ocrx_word' id='word_1_848' title='bbox 1184 2763 1312 2798; x_wconf 73' lang='grc' dir='ltr'>ἐχόντων,</span> <span class='ocrx_word' id='word_1_849' title='bbox 1325 2763 1412 2795; x_wconf 80' lang='grc' dir='ltr'>οὕτως</span> <span class='ocrx_word' id='word_1_850' title='bbox 1434 2763 1676 2798; x_wconf 74' lang='grc' dir='ltr'>εὐφρανθήσεται</span> <span class='ocrx_word' id='word_1_851' title='bbox 1694 2764 1800 2798; x_wconf 77' lang='grc' dir='ltr'>Κύριος</span> <span class='ocrx_word' id='word_1_852' title='bbox 1820 2764 1866 2790; x_wconf 61' lang='grc' dir='ltr'><strong>ἐπὶ</strong></span> 
     </span>
    </p>
   </div>
   <div class='ocr_carea' id='block_1_115' title="bbox 1204 2821 1860 2856">
    <p class='ocr_par' dir='ltr' id='par_1_115' title="bbox 1204 2821 1860 2856">
     <span class='ocr_line' id='line_1_115' title="bbox 1204 2821 1860 2856; baseline 0.002 -7"><span class='ocrx_word' id='word_1_853' title='bbox 1204 2822 1226 2838; x_wconf 75' lang='grc'><strong>’³</strong></span> <span class='ocrx_word' id='word_1_854' title='bbox 1245 2821 1324 2850; x_wconf 83' lang='lat' dir='ltr'><strong>Joan.</strong></span> <span class='ocrx_word' id='word_1_855' title='bbox 1340 2830 1366 2856; x_wconf 71' lang='grc' dir='ltr'><strong>κ,</strong></span> <span class='ocrx_word' id='word_1_856' title='bbox 1379 2821 1426 2850; x_wconf 71' lang='lat'><strong>‘29.</strong></span> <span class='ocrx_word' id='word_1_857' title='bbox 1479 2822 1502 2838; x_wconf 81' lang='lat'>&quot;</span> <span class='ocrx_word' id='word_1_858' title='bbox 1520 2823 1600 2850; x_wconf 79' lang='lat' dir='ltr'><strong>Rom.</strong></span> <span class='ocrx_word' id='word_1_859' title='bbox 1615 2829 1654 2855; x_wconf 70' lang='grc' dir='ltr'>ιι,</span> <span class='ocrx_word' id='word_1_860' title='bbox 1669 2822 1696 2849; x_wconf 83' lang='grc'><strong>5.</strong></span> <span class='ocrx_word' id='word_1_861' title='bbox 1749 2822 1773 2839; x_wconf 74' lang='grc'><strong>⁸³</strong></span> <span class='ocrx_word' id='word_1_862' title='bbox 1790 2821 1860 2851; x_wconf 78' lang='lat' dir='ltr'><strong>Psal.</strong></span> 
     </span>
    </p>
   </div>
  </div>
