1988 3079
95 167 165 200 2657

659 164 929 196 COMMENTARII
941 164 983 194 IN
1005 163 1148 194 ISAIAM.

1658 160 1729 192 2658

95 223 158 256 σοὶ,
179 222 312 256 καθάπερ
343 221 448 257 ἀμέλει
474 221 524 249 καὶ
548 222 678 256 νυμφίος
697 221 746 248 ἐπὶ
772 222 887 255 νύμφῃ.

945 227 1017 254 super
1032 224 1056 246 te
1074 218 1210 247 lwtabitur
1226 218 1368 251 Dominus,
1382 217 1604 254 quemadmodum
1619 217 1729 244 (tutatur

97 268 233 296 Καθίκετο
245 268 297 303 γὰρ
312 267 340 301 ἐξ
353 266 475 303 οὐρανῶν
486 268 500 293 ὁ
512 267 661 302 μονογενὴς
676 266 762 300 Λόγος
782 265 884 300 ἐγκαρ-

98 324 148 342 πον
163 315 300 349 ἀποφῆναι
315 314 365 349 τὴν
382 313 554 348 Ἐκκλησίαν,
569 312 602 348 ἢν
616 311 697 343 αὐτὸς
714 310 802 346 ἑαυτῷ
817 319 887 346 παρ-

97 361 196 396 έστησε
223 359 359 395 παρθένον
383 359 479 394 ἁγνὴν,
499 358 536 394 μὴ
553 358 669 393 ἔχουσαν
689 357 784 383 σπίλον
801 356 817 392 ἦ
837 358 885 392 ῥυ-

96 407 165 433 τίδα.
184 406 325 441 Δεξαμένη
339 406 367 432 δὲ
387 405 452 440 παρ’
473 403 556 432 αὐτοῦ
569 404 618 439 τῆς
640 402 822 437 εὐαγγελικῆς
835 410 886 428 πο-

96 451 199 483 λιτείας
211 451 246 478 τὰ
257 451 415 486 σπέρματα,
427 450 538 477 τέτοκεν
550 450 643 476 οὐκέτι
653 449 702 484 τὴν
717 449 750 475 δι’
761 447 887 483 αἱμάτων

98 497 146 524 καὶ
172 496 278 524 καπνοῦ
300 497 440 532 λατρείαν,
466 496 523 522 ἀλλ’
543 497 572 522 ὲν
632 495 663 522 τὸ
683 495 732 529 τῆς
758 494 888 530 ἀληθείας

97 543 300 579 ὲντετὸρνευται
321 543 428 575 κάλλος,
457 539 530 579 ᾗπερ
555 543 669 573 εἰκότως
686 542 886 576 εὐφραίνεται,

97 590 161 622 τοὺς
174 589 276 621 τύπους
291 591 331 621 εἰς
346 589 476 625 ἀλήθειαν
492 588 722 624 μετατιθεμένους
740 588 821 622 ὁρῶν.
833 588 888 615 Καὶ

98 636 131 662 ὲκ
152 635 264 662 τελείων
295 635 384 671 μελῶν
408 635 457 670 τὴν
482 635 603 669 νύμφην
634 633 805 660 συνεστῶσαν
822 633 888 659 θεώ-

100 689 189 716 μενος,
207 681 255 707 τοῦ
267 690 297 707 τε
313 681 447 717 προτέρου
471 681 518 708 καὶ
532 681 580 707 τοῦ
589 680 649 706 νέου
667 680 742 711 λαοῦ,
756 677 803 706 οἶα
815 689 889 715 νυμ-

98 728 169 762 φίος
194 727 243 753 ἐπὶ
265 728 366 762 νύμφῃ
387 726 647 761 εὐφρανθήσεται,
668 728 834 760 καταστήσει
859 734 889 752 τε

99 770 249 805 φυλακὰς,
273 772 407 806 ἀγγέλους
430 771 530 807 δηλαδὴ
552 771 659 803 θείους,
688 771 735 797 καὶ
758 771 889 806 δυνάμεις

100 817 180 851 ἁγίας
199 819 243 850 εὶς
261 817 293 844 τὸ
308 819 357 851 τῆς
373 818 436 849 νέας
456 817 655 852 Ἰερουσαλὴμ
676 817 713 843 τὰ
728 817 812 852 τείχη
835 825 890 850 sev-

99 862 232 892 λάττειν.
257 862 330 893 ὅπως
343 863 372 888 ὲν
387 863 483 897 εἰρήνῃ
504 862 660 897 κατάρχων,
688 862 770 892 αὐτὸς
790 862 830 892 εἰς
843 861 890 887 τὸν

940 272 1053 299 sponsus
1070 272 1128 290 cum
1143 271 1251 298 sponsa.
1268 262 1412 290 Descendit
1426 263 1499 290 enim
1512 262 1546 290 de
1561 262 1639 289 cadis
1667 261 1732 288 Ver-

939 309 1004 337 bum
1023 310 1153 344 unigena,
1172 313 1202 335 ut
1220 308 1370 336 Ecclesium
1383 308 1561 340 l‘ccundaret;
1577 314 1658 342 quam
1672 307 1733 341 ipse

940 355 994 384 sibi
1019 355 1155 391 virginem
1182 361 1287 382 caSIaui
1318 355 1416 382 ascivit
1432 355 1466 387 ",
1496 361 1551 382 non
1584 353 1732 380 habentem

941 403 1089 433 maculam.
1127 401 1170 429 vel
1208 409 1304 437 rugam
1328 401 1361 428 ’⁷.
1392 401 1461 428 Cum
1487 405 1579 428 autem
1609 399 1644 426 ab
1671 399 1732 434 ipso

940 448 1108 483 evangeliea:
1140 448 1394 475 administrationis
1424 448 1530 475 semina
1560 446 1730 481 excepisset:

941 501 996 520 non
1014 493 1176 528 sanguinem
1193 494 1324 528 amplius,
1341 497 1368 521 et
1384 493 1522 520 fumosum
1534 493 1638 519 cultum
1651 492 1732 519 enixa

941 544 994 572 est,
1012 539 1059 566 sed
1073 547 1135 567 eum
1148 540 1249 575 ipsum,
1268 540 1295 567 in
1312 548 1366 575 quo
1379 547 1509 575 expressa
1523 544 1596 567 esset
1607 539 1732 566 veritatis

942 587 1134 621 pulchritudo;
1150 595 1202 622 qua
1219 595 1273 614 non
1289 587 1428 614 immerito
1443 589 1560 619 lit-tatur,
1576 588 1621 622 qui
1632 587 1733 622 ﬁguras

942 632 970 659 in
986 633 1132 660 veritatem
1148 637 1269 660 mutatas
1283 641 1345 660 esse
1359 634 1460 660 videat.
1479 633 1627 660 Ltrlubilur
1639 640 1731 667 porro,

943 682 1071 713 tanquam
1080 679 1182 704 veteris
1195 678 1315 713 novique
1327 679 1419 713 populi
1433 687 1543 712 sponsus
1554 687 1613 704 cum
1622 686 1732 712 sponsa,

942 732 1005 752 cum
1028 725 1087 752 suis
1113 725 1246 752 membris
1270 725 1424 752 absolutam
1451 730 1476 752 et
1500 724 1649 759 perfectam
1671 731 1733 751 esse

942 779 1067 805 sponsam
1090 770 1253 803 intuebitur,
1273 771 1457 803 custodesque,
1473 771 1498 797 id
1524 775 1577 802 est,
1603 770 1732 797 caelestes

943 817 1065 852 angelos,
1082 822 1110 844 et
1129 818 1246 844 virtutes
1269 822 1391 849 sanctas,
1404 817 1436 843 ad
1458 825 1597 843 murorum
1612 815 1733 843 recentis

943 863 1095 890 Jerusalem
1113 863 1266 890 custodiant
1281 864 1432 895 constituet,
1448 871 1502 898 quo
1519 863 1606 898 possit
1627 862 1652 889 in
1667 869 1734 896 pace

102 908 187 934 αἰῶνα
198 908 296 942 διάγοι.
311 908 347 933 Ἦ
361 908 430 942 τάχα
452 908 593 943 φυλακὰς
617 907 691 941 λέγει
711 908 774 939 τοὺς
799 907 893 940 ἁγίους

945 909 1048 945 degens
1074 914 1207 944 perpetuo
1231 910 1378 944 imperare.
1402 909 1449 936 Vel
1479 911 1570 937 forsan
1594 909 1734 936 custodum

102 954 314 988 μυσταγωγοὺς,
333 953 357 979 οἳ
377 953 421 980 διὰ
449 954 550 985 παντὸς
574 954 723 989 ἁνυμνοῦσι
737 954 787 988 τὴν
813 953 893 986 δόξαν

102 998 197 1031 αὑτοῦ,
216 999 386 1034 μεμνημένοι
403 1000 458 1026 τῶν
469 999 630 1035 θαυμασίων
644 999 739 1033 αὑτοῦ,
760 999 833 1026 καθὰ
848 999 895 1033 γέ-

101 1053 241 1081 γραπται’
271 1045 340 1081 Περὶ
362 1043 392 1073 οὗ
414 1046 547 1078 λέξουσιν,
570 1047 610 1073 ὃτι
635 1047 692 1072 οὑκ
714 1046 800 1072 ἐστιν
823 1045 895 1080 ὑμῖν

102 1090 214 1126 ὅμοιος.
239 1091 323 1118 ’Ὀσον
348 1092 402 1128 γὰρ
432 1094 465 1128 τῇ
492 1092 592 1126 φύσει,
619 1092 746 1118 τοσοῦτον
769 1091 894 1127 διαφέρει

102 1137 331 1173 χρηστότητι.Ὠς
342 1138 452 1174 εἴρηται
464 1138 518 1174 γὰρ
529 1139 558 1165 ὲν
580 1138 705 1174 Ψαλμοῖς
716 1146 723 1153 ·
741 1147 750 1163 ι
767 1138 803 1164 Οὐ
822 1138 894 1165 κατὰ

101 1191 152 1214 τχς
172 1183 287 1218 ἀνομίας
310 1183 387 1219 ἡμῶν
403 1184 530 1220 εποίησεν
554 1185 633 1220 ἡμῖν,
664 1177 726 1211 οὐδὲ
750 1184 823 1211 κατὰ
844 1184 894 1216 τὰς

101 1229 240 1265 ἁμαρτίας
255 1229 333 1265 ἡμῶν
348 1230 541 1258 ἀνταπέδωκεν
556 1231 633 1266 ἡμῖν.
647 1240 658 1258 ›

144 1362 218 1389 ’Δντὶ
238 1361 267 1389 δὲ
291 1362 340 1389 τοῦ
355 1370 362 1377 ·
386 1363 448 1390 Οὐκ
469 1363 537 1390 ἐστι
553 1362 608 1399 γὰρ
625 1363 698 1398 ἡμῖν
716 1363 828 1398 ὅμοιος,
841 1362 896 1390 ἐὰν

102 1407 263 1443 διορθώσῃ,
291 1409 340 1435 καὶ
365 1409 478 1444 ποιήσῃ
506 1409 706 1445 Ἰερουσαλὴμ
727 1410 896 1445 ἁγιιιιρίαμα

102 1454 154 1480 ἐπὶ
178 1453 232 1488 τῆς
247 1452 317 1489 γῆς·
343 1454 504 1490 Σύμμαχος,
532 1455 581 1489 Μὴ
608 1455 797 1490 ἠσυχάσητε,
816 1457 894 1492 φησὶ,

100 1499 180 1535 μηδὲ
204 1500 279 1527 δῶτε
302 1501 459 1536 ἠσυχάσαι
482 1503 567 1534 λίθῳ,
583 1502 638 1536 ἕως
663 1503 819 1538 ἑτοιμιὶσῃ,
846 1503 895 1530 καὶ

103 1545 160 1578 ἕως
185 1545 221 1580 θῇ
242 1545 300 1579 τὴν
324 1546 525 1581 Ἰερουσαλὴμ
543 1547 663 1574 αἴγεσιν
676 1547 710 1573 ἐν
734 1547 770 1582 τῇ
790 1547 838 1582 γῇ.
863 1549 896 1574 "A

103 1591 136 1626 δὴ
154 1591 278 1617 λέλεκται
292 1593 349 1623 τοῖς
365 1591 489 1618 εἰποῦσιν
499 1592 564 1619 ἄνω
579 1593 631 1618 Διὰ
645 1592 723 1619 Σιὼν
737 1594 772 1619 οὺ
784 1593 896 1627 σιωπή-
910 1584 931 1612 C

103 1645 206 1671 σομαι,
224 1637 273 1664 καὶ
291 1637 340 1664 διὰ
358 1637 558 1673 Ἰερουσαλὴμ
577 1640 633 1665 οὐκ
655 1638 770 1673 ἀνήσω,
788 1638 844 1672 ἕως
859 1639 897 1666 ἂν

103 1683 215 1718 ἐξέλθῃ
236 1684 276 1717 ὡς
299 1684 363 1719 φῶς
387 1685 405 1718 ’ἠ
434 1685 612 1719 δικαιοσύνη
636 1685 739 1719 αὐτῆς.
764 1686 818 1712 Τοῦ
842 1687 896 1722 γὰρ

105 1731 277 1765 προφητικοῦ
300 1731 385 1758 ταῦτα
407 1732 549 1767 εἰρηκότος
573 1732 667 1767 χοροῦ,
692 1732 721 1758 τὸ
736 1733 849 1768 Πνεῦμα
866 1733 897 1760 τδ

106 1777 183 1810 ὰγιον
197 1777 407 1813 παραθαρῤύνει
420 1779 481 1810 ταῖς
499 1778 570 1811 ὑπὲρ
591 1778 682 1804 αὐτῶν
698 1779 839 1812 ἐπιμένειν
852 1779 894 1805 εὐ-

105 1823 179 1857 χαῖς,
197 1823 243 1849 καὶ
265 1824 302 1858 μὴ
320 1825 472 1858 συγχωρεῖν
495 1823 652 1858 ἠσυχάσαι
671 1823 710 1858 τῷ
731 1823 897 1857 ἐπαγγειλα-

108 1868 182 1904 μένῳ
210 1869 298 1895 ταῦτα
321 1869 389 1904 Θεῷ,
418 1871 470 1902 ἓως
494 1870 533 1896 ἂν
552 1869 590 1904 θῇ
614 1870 671 1904 τὴν
697 1870 897 1904 Ἰερουσαλὴμ

106 1914 225 1941 αῖνεσιν
242 1915 275 1941 ἑν
286 1914 323 1949 τῇ
334 1915 383 1949 τῇ,
402 1912 453 1942 Ὧν
467 1915 499 1950 δὴ
518 1915 652 1950 βοώντων,
668 1917 681 1943 ὁ
698 1916 800 1942 εἰπών·
819 1916 897 1942 «Ἔτι

108 1969 156 1987 σου
185 1960 328 1993 λαλοῦντος
351 1961 415 1996 ἐρῶ,
432 1962 498 1988 Ἰδοὺ
522 1963 669 1998 πάρειμι,ι
699 1962 895 1998 ἀποκρίνεταισ

109 2007 240 2040 Ὤμοσεν
266 2007 382 2040 Κύριος,
414 2008 492 2034 Κατᾶ
505 2008 533 2034 δὲ
555 2010 619 2040 τοὺς
640 2009 842 2044 Ἑϐδομὴκοντα
867 2009 897 2041 ἐξ

107 2053 204 2088 ἑτέρας
223 2053 312 2088 ἀρχῆς
336 2053 453 2089 ληπτέον
469 2055 510 2087 τὸ,
530 2055 601 2082 Ἐὰν
623 2055 783 2089 διορθώσῃ,
799 2055 846 2082 καὶ
861 2056 896 2082 τὰ

107 2100 183 2134 ἑξῆς.
206 2100 238 2126 Τί
264 2099 311 2126 οὖν
337 2100 435 2135 ὄμνυσι
457 2101 556 2136 μηκέτι
585 2101 730 2127 πείσεσθαι
755 2101 864 2133 αὐτοὺς,
879 2101 898 2127 ἃ

108 2146 241 2181 πρότερον
262 2146 425 2178 ἀσεϐοῦντες
452 2147 598 2182 ὑπέμενον,
625 2146 777 2182 δῃουμένης
806 2147 897 2173 αὐτῶν

109 2191 161 2218 ὑπὸ
185 2192 324 2226 πολεμίων
345 2193 395 2227 τῆς
418 2192 526 2228 χιὶρας;
543 2193 598 2227 Οὐχ
620 2193 712 2224 ἁπλῶς
723 2193 763 2226 δὲ,
777 2192 832 2220 ἀλλ’
848 2193 896 2219 ἐὰν

107 2236 308 2272 διορθώσωνται
326 2238 421 2265 τύπων
445 2239 616 2274 παυσάμενοι
633 2239 763 2273 νομικῶν,
787 2239 837 2273 τὴν
852 2239 896 2265 διὰ

109 2284 227 2315 πίστεως
239 2284 381 2319 δεξάμενοι
393 2285 484 2320 χάριν,
501 2284 674 2320 καυχώμενοι
689 2294 718 2312 τε
729 2286 758 2312 ἐν
773 2285 895 2321 Χριστῷ.

109 2330 195 2357 Τοῦτο
209 2331 263 2366 γὰρ
282 2331 312 2357 τὸ
328 2331 424 2358 ποιεῖν
449 2331 629 2366 ἀγαυρίαμα.
647 2331 714 2358 Τότε
742 2332 807 2367 γὰρ,
825 2331 897 2358 κατὰ

108 2376 154 2402 τὸν
167 2376 249 2403 Δαῦὶδ
259 2376 362 2411 νοητῶς
375 2377 517 2412 εἰρηκότα,
541 2386 550 2402 ι
566 2377 635 2409 Τοὺς
648 2377 772 2412 καρποὺς
785 2377 840 2403 τῶν
852 2377 898 2403 πό-

109 2430 161 2448 νων
175 2430 221 2448 σου
237 2422 365 2456 φάγεσαι.
384 2432 394 2448 ι
411 2423 465 2448 Καὶ
486 2422 557 2449 κατὰ
574 2422 690 2454 Παῦλον,
709 2423 759 2448 «Ὃ
774 2422 828 2456 γὰρ
849 2423 897 2449 ἐὰν

110 2467 208 2503 σπείρῃ
231 2467 391 2503 ἄνθρωπος,
417 2468 497 2495 τοῦτο
519 2469 565 2494 καὶ
586 2468 700 2504 θερίσει.
722 2477 731 2493 ι
754 2469 828 2499 Καὶ,
848 2468 898 2495 «Ὀ

110 2514 230 2548 σπείρων
252 2515 290 2544 εἰς
312 2514 342 2540 τὺ
359 2513 478 2549 πνεῦμα,
503 2515 536 2541 ὲκ
551 2514 598 2540 τοῦ
617 2513 771 2549 πνεύματος
794 2514 897 2549 θερίσει

110 2559 182 2594 ζωὴν
195 2559 313 2587 αἰώνιον.
330 2570 338 2586 ι
354 2560 440 2586 Πάλαι
452 2561 481 2587 δὲ
495 2560 540 2587 τὸν
556 2560 660 2587 ἑαυτῶν
672 2560 777 2595 καρπὸν
791 2559 898 2594 ,ϐρῶμα

110 2607 240 2642 παρεῖχον
256 2606 317 2639 τοῖς
333 2607 450 2641 ἐχθροῖς
475 2607 521 2634 τοῦ
544 2607 623 2640 Θεοῦ,
644 2607 779 2642 δαιμόνων
795 2607 898 2641 τροφὴν

109 2653 159 2684 τὰς
174 2653 278 2680 ἑαυτῶν
300 2654 413 2689 πράξεις
437 2654 669 2689 ἀπεργαζόμενοι.
693 2654 779 2680 Τοῦτο
802 2653 831 2679 δὲ
849 2653 898 2679 οὐκ

111 2698 187 2725 ἑτι-αι
209 2700 267 2730 τοῖς
299 2699 346 2725 τοῦ
376 2699 438 2726 νέου
475 2699 759 2734 καταξιωθησομένοις
787 2699 897 2731 αἰῶνος,

111 2744 179 2772 ἀλλὰ
199 2744 248 2779 τὴν
275 2745 375 2780 ἀρετὴν
400 2744 636 2781 κατορθώσαντες,
651 2745 704 2772 τῶν
731 2744 802 2771 ἰδίων
825 2752 896 2779 κοιρ-

147 2837 170 2853 ¹⁶
183 2836 204 2864 ll
217 2837 271 2880 cor
285 2837 371 2880 u‘,_2l.‘
386 2839 419 2880 _"’
439 2837 537 2874 Ephes.
551 2849 576 2873 v,
589 2839 634 2867 27.
671 2842 694 2859 η
704 2841 775 2871 Psal.
789 2850 834 2874 cn,
851 2842 891 2869 l0.

945 2842 1016 2871 ’lsa.
1031 2851 1066 2870 ιιι
1080 2863 1086 2876 ,
1102 2843 1135 2876 6;
1159 2844 1269 2878 L\'ll|,9.
1309 2840 1371 2860 '6'"
1391 2845 1602 2880 Psachxvnﬂ.

113 2872 161 2901 lat.
189 2881 226 2908 νι,
237 2874 264 2901 s.
303 2874 324 2889 δι
336 2874 403 2901 una.

945 955 1065 987 nomine,
1081 959 1192 982 sanctos
1205 962 1370 982 arcanorum
1387 954 1516 982 doctores
1532 955 1671 989 intelligit,
1686 954 1733 989 qui

944 1006 1113 1036 patratorum
1129 1001 1165 1027 ab
1181 1001 1242 1035 ipso
1263 1001 1459 1027 miraculorum
1479 1000 1638 1027 memoriam
1657 1007 1735 1028 recou

944 1047 1043 1078 lentes,
1066 1046 1126 1081 ejus
1147 1047 1262 1081 gloriam
1293 1051 1425 1081 perpetuo
1449 1046 1578 1074 laudibus
1588 1047 1731 1074 extollant.

945 1092 984 1120 De
1009 1101 1063 1127 quo
1081 1098 1108 1120 ct
1129 1093 1194 1119 illud
1217 1094 1298 1120 etiam
1323 1100 1377 1120 non
1404 1097 1468 1120 sunt
1491 1093 1633 1125 omissuri,
1660 1093 1734 1128 quod

946 1139 1042 1166 similis
1060 1139 1130 1166 vobis
1154 1148 1205 1165 non
1221 1139 1268 1166 sit.
1285 1139 1426 1171 Quantum
1451 1139 1523 1166 enim
1542 1144 1653 1172 natura,
1673 1143 1735 1166 tan-

946 1189 1004 1212 tum
1017 1190 1044 1212 et
1067 1185 1113 1212 ille
1138 1185 1231 1212 diﬂert
1254 1186 1388 1212 bonitate.
1410 1185 1444 1212 Ut
1463 1187 1536 1213 enim
1562 1186 1680 1220 legimus
1705 1186 1732 1213 iu

946 1229 1080 1258 Psalmis:
1108 1239 1118 1256 ι
1138 1229 1197 1257 Non
1222 1231 1372 1258 secundum
1398 1236 1509 1266 peccata
1534 1231 1615 1266 713
1639 1235 1733 1258 nostra

947 1276 1012 1304 fecit
1037 1276 1128 1308 nobis,
1155 1284 1241 1311 neque
1262 1277 1412 1304 secundum
1438 1277 1598 1312 iniquitates
1625 1281 1735 1306 nostras

947 1323 1073 1350 retribuit
1088 1323 1168 1350 nobis
1184 1324 1216 1351 “.
1237 1333 1246 1349 ι

983 1368 1084 1397 Verum
1100 1377 1154 1403 quo
1171 1369 1248 1396 loco:
1273 1368 1334 1396 Non
1353 1374 1389 1396 est
1401 1369 1477 1396 nobis
1492 1369 1600 1403 similis,
1614 1370 1637 1396 si
1650 1369 1736 1396 carri-

947 1419 1003 1449 gat,
1018 1419 1043 1441 et
1059 1415 1142 1449 faciat
1159 1413 1307 1442 Jerusalem
1325 1415 1451 1450 gaudium
1467 1415 1494 1442 in
1506 1420 1587 1448 terra,
1602 1416 1681 1449 dixit,
1698 1416 1735 1442 ita

947 1461 1144 1496 Symmachus:
1161 1461 1202 1489 Ne
1214 1461 1365 1496 quiescatis,
1386 1462 1485 1497 inquit,
1499 1470 1581 1497 neque
1601 1463 1736 1496 permitta-

949 1509 983 1534 tis
998 1507 1083 1541 lapidi
1097 1509 1238 1543 quiescere,
1250 1509 1332 1535 donec
1347 1510 1547 1543 prwparaverit.
1559 1514 1583 1536 et
1597 1509 1679 1536 donec
1693 1517 1737 1544 po-

948 1554 1031 1581 suerit
1051 1553 1203 1581 Jerusalem
1230 1553 1336 1581 laudem
1369 1555 1396 1581 in
1417 1560 1498 1582 terra.
1520 1554 1585 1588 Quzu
1605 1559 1680 1582 certe
1702 1555 1737 1582 iis

948 1607 1010 1627 esse
1031 1607 1165 1634 responsa
1185 1605 1312 1634 apparet,
1332 1600 1377 1634 qui
1392 1608 1421 1627 se
1435 1607 1542 1634 propter
1565 1600 1669 1628 Sionem
1684 1609 1736 1628 non

947 1653 1004 1672 esse
1019 1646 1165 1677 laciluros,
1189 1654 1269 1680 neque
1297 1651 1403 1679 propter
1425 1644 1578 1672 Jerusalem
1599 1647 1736 1681 quieturos

947 1691 1027 1718 donec
1043 1691 1214 1726 egrediatur,
1241 1697 1268 1718 ut
1295 1692 1401 1723 lumen,
1427 1692 1535 1726 justitia
1558 1692 1629 1724 ejus,
1656 1697 1735 1720 antea

947 1738 1085 1766 dixerant.
1111 1737 1181 1771 Quia
1197 1739 1269 1764 enim
1285 1738 1403 1773 idipsum
1427 1738 1621 1773 prophetarum
1634 1740 1736 1767 chorus

948 1782 1112 1817 usmpavil;
1132 1782 1259 1817 precibus
1277 1783 1332 1817 jam
1347 1790 1442 1810 eorum
1460 1784 1569 1811 nomine
1589 1784 1736 1812 fundendis

948 1829 1077 1856 insistere
1092 1833 1209 1856 sanctus
1229 1829 1409 1862 adhortatur,
1432 1838 1520 1865 neque
1543 1831 1618 1865 prius
1639 1830 1743 1864 Deum;

948 1875 994 1909 qui
1012 1875 1064 1901 ista
1084 1875 1237 1909 promittat,
1255 1875 1308 1909 pati
1320 1876 1463 1910 quiescere,
1481 1884 1560 1910 quam
1574 1875 1735 1909 Jerusalem,

947 1922 975 1948 in
991 1926 1060 1948 terra
1076 1921 1182 1948 laudem
1198 1930 1253 1948 esse
1274 1921 1375 1956 fecerit.
1400 1922 1506 1955 Quibus
1521 1927 1596 1950 certe
1616 1923 1737 1950 clamau-

949 1967 1032 1999 tibus,
1048 1968 1094 2001 qui
1108 1967 1190 1994 dicit:
1212 1977 1219 1992 i
1236 1968 1331 1994 Adhuc
1346 1972 1372 1995 te
1387 1969 1516 2003 loquente
1527 1969 1615 1996 dicam
1628 1979 1634 1997 :
1647 1979 1656 1995 ι
1667 1969 1737 1997 Ecce

947 2013 1044 2040 adsum
1055 2013 1095 2047 '9;
1113 2023 1122 2038 ι
1144 2014 1254 2048 jurasse
1275 2013 1418 2041 Dominum
1433 2015 1584 2050 respondit.
1600 2014 1700 2043 Verum
1712 2017 1736 2043 si

948 2059 982 2086 ad
1003 2060 1167 2095 interpretes
1182 2059 1361 2094 Septuaginta
1381 2060 1494 2093 referas,
1509 2065 1551 2088 est
1565 2061 1644 2095 illud,
1662 2063 1735 2098 quod

947 2105 1029 2137 dixit,
1045 2104 1075 2132 Si
1090 2106 1224 2141 corrigat,
1247 2110 1274 2133 ct
1296 2114 1356 2141 quae
1373 2107 1521 2142 deinceps;
1549 2112 1679 2143 tanquam
1701 2111 1735 2137 ab

948 2153 1002 2180 alio
1015 2153 1151 2188 principio
1170 2155 1233 2189 poni
1253 2155 1478 2182 existimandum.
1501 2157 1571 2189 Quid
1585 2162 1626 2185 est
1642 2158 1734 2193 igitur,

948 2202 1020 2235 quod
1038 2208 1090 2227 non
1108 2209 1137 2228 ea
1151 2209 1283 2235 passuros
1303 2203 1437 2236 amplius,
1461 2211 1520 2237 quze
1540 2204 1604 2230 olim
1627 2211 1737 2240 propter

913 2253 934 2280 υ
949 2246 1114 2280 impietatem
1128 2251 1293 2278 senserunt,
1316 2255 1379 2273 cum
1395 2252 1437 2275 est
1452 2249 1486 2275 ab
1505 2249 1630 2277 hostibus
1641 2259 1735 2278 eorum

946 2291 1051 2326 direpta
1066 2292 1140 2326 regio
1151 2313 1158 2324 ,
1171 2292 1351 2327 jurejurando
1367 2293 1501 2321 allirmat?
1514 2295 1546 2321 At
1559 2304 1612 2323 non
1629 2296 1655 2323 id
1669 2297 1736 2323 sim-

946 2338 1054 2372 pliciter
1072 2338 1181 2372 quidem
1205 2339 1367 2373 pollicetur;
1387 2339 1434 2367 sed
1452 2341 1474 2368 si
1494 2342 1587 2376 liguris
1604 2342 1736 2378 legalibus

945 2383 1107 2418 antiquatis.
1124 2384 1184 2410 lidei
1199 2385 1315 2419 gratiam
1328 2385 1445 2420 amplexi
1456 2387 1482 2413 in
1494 2386 1603 2414 Christo
1615 2388 1736 2422 glorien-

946 2434 1008 2456 tur:
1030 2430 1102 2464 quod
1125 2430 1192 2457 nihil
1220 2431 1294 2458 aliud
1313 2437 1369 2463 est,
1396 2439 1477 2467 quam
1493 2433 1619 2466 gaudium
1639 2435 1735 2469 facere.

952 2475 1029 2503 Tunc
1043 2477 1116 2503 enim
1129 2477 1201 2511 quod
1215 2485 1318 2504 arcano
1332 2485 1413 2505 sensu
1431 2487 1477 2513 per
1488 2479 1617 2507 Davidem
1634 2480 1735 2508 dictum

951 2526 1030 2548 estzt
1045 2521 1164 2550 Labures
1174 2531 1304 2550 manuum
1320 2528 1428 2551 tuarum
1440 2525 1621 2553 manducabis
1635 2527 1708 2554 ³⁰·δ⁰.
1725 2537 1734 2553 ι

951 2565 1036 2598 Quale
1055 2570 1097 2594 est
1118 2571 1146 2594 et
1174 2568 1244 2602 apud
1267 2568 1446 2603 Apostolum,
1472 2577 1534 2597 cum
1561 2571 1614 2598 ait:
1631 2580 1640 2597 ι
1660 2571 1737 2604 Quod

952 2611 1024 2638 enim
1043 2613 1161 2639 seminat
1174 2613 1266 2644 homo,
1298 2614 1416 2649 idipsum
1436 2619 1462 2642 et
1478 2620 1561 2643 metet
1580 2617 1614 2644 “.
1634 2628 1643 2642 ι
1662 2618 1738 2645 ltenl-

949 2664 1017 2692 que:
1038 2666 1047 2682 ι
1067 2657 1118 2690 Qui
1131 2659 1249 2686 seminat
1263 2660 1289 2686 in
1307 2661 1416 2694 spiritu,
1438 2661 1472 2688 de
1485 2661 1584 2695 spiritu
1600 2668 1683 2690 metet
1696 2673 1737 2691 vi-

951 2707 1004 2729 tam
1018 2707 1148 2731 aeternam
1158 2705 1191 2732 δ’,
1209 2714 1218 2730 ι
1236 2705 1304 2732 Cum
1324 2710 1414 2733 autem
1440 2706 1545 2734 fructus
1554 2715 1619 2736 suos
1630 2710 1694 2737 olim
1711 2711 1738 2738 in

949 2748 1046 2782 cibum,
1062 2749 1109 2776 Dei
1123 2751 1241 2778 hostibus
1255 2757 1442 2786 suggerereut,
1459 2753 1591 2781 dmmonia
1606 2755 1664 2790 ipsa
1680 2759 1738 2785 suis

1647 2847 1668 2864 δι
1683 2847 1738 2875 Ga-
