1988 3079
213 118 250 152 26
255 119 286 151 ἶ3

213 227 294 250 antea
310 230 373 250 cum
387 223 433 250 illa
451 223 556 256 habuit.
572 229 602 252 ut
618 234 668 253 nec
679 227 802 261 ejusdem
819 229 878 255 loca
890 235 1007 266 augusta

211 269 387 302 relicturum,
410 270 517 305 adjicit.
544 271 606 304 Quo
629 272 730 300 factum
751 278 809 308 est,
831 280 859 302 ut
883 276 916 304 ad
941 285 1007 305 oves

211 316 332 350 primum
353 317 454 349 Israel,
483 326 545 353 qua:
560 319 720 354 perierant,
741 321 893 356 discipulos
914 324 1005 351 mitte-

210 365 254 388 ret
266 361 307 388 '3:
330 367 357 389 et
376 363 448 398 apmt
469 363 731 400 Syrophwuissam,
754 375 837 395 canes
853 376 899 396 eos
912 370 1005 404 appel-

210 408 267 435 lare
291 417 346 437 non
363 410 553 445 dubitaret”,
579 413 626 448 qui
650 419 745 449 postea
763 416 788 442 in
817 416 887 444 ﬁlios
913 421 1005 445 essent

210 458 399 491 computandi.
429 457 495 486 Erat
514 460 589 486 enim
615 460 668 496 ipsi
691 469 792 496 scopus
817 463 860 490 hic
877 466 1004 499 proposi-

209 505 271 534 tus,
291 507 320 529 ut
344 503 388 529 isti
403 504 512 538 quidem
529 505 769 540 illuminarentur;
793 509 831 535 illi
847 515 937 536 autem
958 519 1004 536 ne-

208 555 346 582 quaquam
367 549 537 579 exciderent.
552 551 605 578 Sed
615 554 759 587 oportebat
771 562 817 582 eos
831 555 908 590 prius
924 556 1003 591 737

869 127 1046 160 PROCOPII
1061 130 1183 163 GAZi’El

214 177 361 212 vnleatur',
383 186 438 206 non
464 187 523 207 eam
540 188 571 209 se
587 188 650 210 esse
666 181 900 218 familiaritatem,
926 195 995 221 quan

214 227 292 234 Mm
697 227 702 232 .
751 228 757 234 .
819 229 825 234 .

1060 189 1106 214 Διὸ
1131 190 1242 225 πρῶτον
1263 192 1333 228 πρὸς
1354 193 1389 221 τὰ
1414 195 1574 225 ἀπολωλότα
1601 200 1727 234 πρόϐατα

1787 150 1861 182 23ὓ4

1751 203 1862 241 Ἰσραὴλ

1062 235 1167 270 πέμπει
1182 237 1245 269 τοὺς
1263 238 1400 275 μαθητάς.
1420 242 1475 269 Καὶ
1500 245 1569 279 πρὸς
1585 245 1636 281 τὴν
1653 235 1861 283 Συροφοινίκισ-

1061 288 1111 306 σαν
1138 281 1262 317 ἠνείχετο
1288 285 1357 317 τέως
1379 287 1465 319 κύνας
1491 289 1584 316 καλεῖν
1609 292 1672 324 τοὺς
1700 295 1730 320 ἐν
1751 295 1860 328 τέκνοις

1060 325 1173 362 ὕστερον
1190 332 1496 368 καταταχθησομὲνους.
1519 336 1624 368 Σκοπὸς
1650 339 1705 375 γὰρ
1728 338 1762 376 ἧν
1781 325 1858 379 αὑτῷ

1059 372 1106 398 καὶ
1119 373 1246 407 τούτους
1261 377 1461 412 φωτισοῆναι,
1478 381 1624 414 κακείνους
1642 384 1680 420 μὴ
1698 372 1854 422 ἀποτυχεῖν..

1065 417 1163 470 Ἐχρῗγν
1182 419 1211 446 δὲ
1228 423 1444 458 προτιμηθῆναι,
1462 423 1514 460 οἷς,
1526 428 1599 455 κατὰ
1612 417 1727 464 Παῦλον,
1741 417 1818 470 sub};
1837 436 1854 470 ὴ

1058 465 1215 499 νομοθεσία,
1231 468 1308 505 καὶὴ
1324 469 1447 507 λατρεία,
1461 469 1499 500 ὧν
1517 475 1541 500 οἱ
1559 477 1689 512 πατέρες,
1707 480 1754 506 καὶ
1769 481 1798 514 ἐξ

1056 511 1071 536 ὁ
1084 512 1202 546 Χριστὸς
1217 515 1287 542 κατὰ
1304 517 1404 552 σάρκα·
1424 521 1503 554 ἢρκει
1528 522 1582 558 γὰρ
1600 511 1640 556 εἰς
1653 525 1790 560 σωτηρίαν
1804 527 1853 554 καὶ

1058 558 1162 591 τούτοις
1183 561 1320 594 κάκείνοις
1338 565 1353 598 ἡ
1371 565 1462 600 χάρις.

209 591 312 621 honore
330 594 399 621 allici
413 614 421 626 ,
434 595 533 629 quibus
552 596 644 623 datam
661 605 723 625 esse
747 598 832 633 legem
848 605 875 626 ct
894 602 998 627 cultum
1019 601 1085 629 dicit
1102 602 1221 638 Paulus,
1245 591 1478 644 qnorutithpatres
1507 613 1523 639 ii
1546 614 1628 641 etiam
1667 616 1786 649 fuerunt,
1821 623 1849 646 et

207 640 312 674 quibus
350 642 502 669 secundum
534 652 644 672 carnem
665 651 747 673 natus
778 651 822 674 est
843 647 975 676 Christus
997 650 1031 676 ⁵⁸.

208 688 275 719 Ιιιιιι,
290 689 337 716 sed
357 694 384 716 et
402 690 454 717 illis
466 691 561 718 etiam.

243 736 321 769 Quod
338 737 436 765 deinde
453 739 487 766 de
498 740 596 766 recenti
606 742 711 768 nomine
726 741 863 777 adjunxit,
876 743 909 769 ad
922 743 1002 770 Chri-

208 782 327 814 stianos,
349 787 377 810 et
403 791 463 817 eos,
479 785 525 819 qui
552 786 630 813 ﬁdem
649 788 766 822 amplexi
793 793 866 818 sunt.
893 788 998 817 retulit.

206 827 312 860 Quibus
330 828 352 855 si
369 830 535 857 contradicit
550 831 598 866 qui
616 831 727 860 Judzeus
744 837 798 865 est,
820 841 833 859 a
857 841 886 861 se
908 843 998 863 recens

205 882 300 901 nomen
314 875 425 910 aliquod
443 876 546 904 factum
561 885 622 905 esse
629 878 801 907 demonstret
813 887 928 909 necesse
944 887 996 909 est.

204 919 335 956 lntelligit
361 929 426 949 vero
443 931 492 957 per
516 923 679 951 voluntatem
709 927 778 953 nihil
801 927 886 960 aliud,
913 936 994 962 quam

203 974 263 1000 eos,
281 968 327 1001 qui
343 967 506 996 voluntatem
525 978 602 997 suam
616 971 737 1006 faciant;
754 981 822 1007 quos
838 974 920 1000 etiam
936 974 996 1001 dili-

203 1020 267 1047 gere
293 1021 332 1045 se,
358 1021 413 1048 quo
439 1022 517 1042 more
547 1016 649 1042 habitat
666 1017 773 1052 juvenis
799 1027 858 1046 cum
886 1020 998 1054 virgine,

202 1059 342 1094 signiﬁcat
362 1069 368 1087 :
383 1061 456 1095 quod
473 1070 526 1089 non
538 1068 580 1090 est
592 1063 624 1090 ad
642 1069 779 1099 stuprum,
794 1067 840 1092 scil
854 1066 887 1092 ad
901 1074 997 1093 neces-

202 1106 335 1134 situdinis
353 1108 569 1143 magnitudinem
601 1111 790 1138 referendum.
810 1112 908 1140 Servat
924 1113 997 1140 enim

202 1152 290 1187 ipsam
307 1153 498 1190 incorruptam
512 1161 538 1183 et
553 1155 706 1192 virginem;
721 1158 800 1193 juxta
818 1157 895 1186 Pauli
907 1166 999 1186 sacra-

201 1204 324 1227 mentum
352 1201 431 1234 iilud,
457 1201 530 1237 quod
557 1202 629 1230 idem
652 1204 679 1231 in
701 1205 815 1232 Christo
830 1210 857 1232 et
872 1206 996 1233 Ecclesia

200 1253 262 1274 esse
278 1246 346 1274 dicit
355 1246 388 1274 “.
399 1247 567 1276 Praesentem
581 1250 680 1278 deinde
693 1251 881 1279 Ecclesiarum
891 1257 994 1279 statum

200 1292 373 1320 demonstrat
394 1293 474 1328 juxta
502 1297 680 1324 sacerdotum
700 1303 775 1325 nocte
798 1307 830 1325 ac
850 1299 892 1326 die
908 1298 996 1326 factas

205 1337 239 1365 ad
258 1339 399 1373 populum,
415 1340 462 1375 qui
473 1339 558 1368 Deum
573 1342 693 1377 ignorat,
708 1344 901 1372 enarrationvs
919 1345 996 1379 :qui-

200 1384 252 1412 hus
260 1389 289 1412 ut
297 1387 413 1420 gratiam
423 1393 550 1421 reponat,
561 1396 651 1416 muros
660 1389 720 1424 ejus
731 1390 956 1425 inexpugnabiles
965 1399 995 1418 se

199 1429 392 1464 redditurum;
405 1431 430 1458 id
442 1435 484 1459 est
499 1432 632 1461 daemonis
643 1442 772 1462 accessus
785 1436 993 1470 propulsnruin,

200 1476 358 1511 pollicetur.
377 1477 517 1506 Promittit
529 1480 624 1512 etiam,
641 1480 664 1507 si
693 1480 812 1508 litteram
831 1489 950 1516 spectes,
967 1487 994 1509 et

199 1528 286 1551 tutam
314 1524 475 1553 civitatibus
500 1526 719 1560 habitationem;
748 1533 778 1555 ut
806 1529 994 1564 promovendo

200 1570 314 1597 alteram
332 1576 459 1605 quaerant
479 1572 679 1607 intelligibilem
704 1583 710 1600 :
728 1573 787 1600 Non
809 1575 889 1602 aliter
911 1583 992 1610 quam

200 1615 234 1643 de
250 1616 406 1644 Abrahamo
434 1617 562 1652 legimus,
582 1619 629 1653 qui
658 1618 730 1646 facta
749 1620 800 1647 sibi
824 1625 904 1648 terra:
927 1629 991 1656 pro-
1007 1635 1030 1666 ο

199 1663 345 1697 missione,
365 1673 419 1692 non
436 1666 462 1692 in
480 1666 531 1692 ista
545 1667 689 1701 oecupari,
709 1675 764 1694 non
781 1669 992 1703 i-amdcmqum-

199 1716 271 1740 rere.
299 1711 346 1737 sed
364 1711 483 1738 futuram
508 1717 638 1747 appetere
651 1713 727 1741 visus
745 1719 787 1741 est
797 1715 828 1741 ".
851 1714 886 1741 lis
901 1715 994 1750 igitur,

200 1755 247 1789 qui
262 1757 297 1782 ita
311 1755 401 1783 affecti
419 1761 496 1789 sunt,
513 1759 631 1785 maxime
643 1763 734 1786 autem
747 1761 874 1791 Abrahae,
889 1767 992 1787 secun-

200 1799 266 1826 dum
291 1808 402 1828 carnem
431 1803 560 1837 posteris,
588 1805 661 1831 nulla
691 1813 753 1833 esse
780 1813 842 1832 cum
871 1807 992 1842 gentibus

199 1846 439 1880 comparationem
477 1848 627 1883 signiﬁcat,
646 1849 693 1876 sed
722 1850 756 1877 iis
789 1850 879 1886 longe,
903 1859 992 1886 quan-

198 1896 257 1918 tum
274 1892 307 1919 ad
324 1893 458 1920 honorem
475 1895 575 1921 attinet
589 1903 652 1923 esse
666 1895 836 1931 superiores.
861 1896 901 1924 Eo
917 1898 990 1924 enim

198 1939 252 1967 line
271 1943 298 1966 et
322 1939 417 1968 Patres
440 1946 552 1968 sanctos
581 1941 666 1977 legem
696 1942 848 1976 habuisse,
877 1951 910 1970 eo
924 1943 989 1971 item

197 1984 324 2013 miranda
357 1985 384 2013 in
419 1985 539 2022 Aigypto
573 1995 684 2022 opera,
717 1992 744 2016 et
776 1988 805 2016 in
844 1990 992 2018 solitudine

197 2030 312 2064 vidisse,
344 2036 375 2058 ut
409 2039 500 2059 mores
518 2040 585 2061 suos
615 2033 649 2061 ad
680 2033 766 2073 Deum
799 2036 938 2067 conversi,
965 2039 992 2063 et

197 2075 226 2103 in
251 2076 311 2111 ipso
335 2077 528 2110 conﬁdentes,
552 2079 743 2107 emendarem.
771 2081 799 2108 ld
825 2082 899 2108 enim
925 2089 989 2110 vere

196 2121 288 2156 gaudii
301 2123 411 2149 nomine
424 2123 586 2158 signiﬁcari.
597 2123 711 2152 Animas
722 2126 821 2153 deinde
833 2126 988 2162 alloquens,

195 2175 257 2204 qua:
265 2169 298 2196 de
307 2170 536 2204 promissionibus
545 2171 696 2206 ambigaut,
703 2171 882 2206 jurejurando
891 2174 989 2206 utitur,

1017 962 1035 987 Β

1053 650 1213 681 Stiliiciehat
1230 656 1302 683 enim
1321 657 1354 684 ad
1374 659 1493 687 salutem
1509 662 1611 696 gratia;
1635 671 1688 691 non
1716 665 1776 693 istis
1803 674 1849 695 ξος

1085 735 1197 761 Ιι“ιιινὸν
1218 736 1246 764 δέ
1269 746 1351 774 φηςιν
1375 740 1470 775 ὄνομα
1494 742 1524 768 τὸ
1549 744 1720 779 Χριστιανῶν
1744 749 1789 775 καὶ
1812 749 1845 776 τὸ

1051 781 1165 809 πιστῶν,
1195 782 1223 809 Ὀ
1250 783 1278 810 δὲ
1300 785 1448 820 ἀντιλέγων
1475 789 1611 821 Ἰουδαῖος,
1641 791 1772 820 δεικνύτω
1799 795 1844 829 ἐφ’

1049 827 1146 854 ἑαυτοῦ
1167 830 1274 856 καινέν
1290 832 1435 867 γενόμενον
1458 834 1561 868 ὄνομα.
1580 836 1701 872 Θέλημα
1723 838 1751 865 δέ
1775 827 1842 874 φησι

1049 875 1112 906 τοὺς
1134 875 1168 902 τὸ
1190 877 1305 912 θέλημα
1319 880 1413 906 αὐτοῦ
1431 881 1584 915 ποιοῦντας,
1605 883 1651 915 οὖς
1669 885 1716 910 καὶ
1732 886 1843 921 ἀγαπᾷν

1048 921 1134 955 λέγει,
1153 922 1190 955 ὡς
1208 925 1362 952 συνοικῶν
1377 929 1542 961 νεανίσκος
1557 930 1694 963 παρθένῳ
1707 939 1713 945 “
1727 932 1795 967 ὅπερ
1810 932 1841 958 οὐ

1049 968 1162 1004 φθορὰν,
1182 969 1239 996 ἀλλ’
1261 971 1440 1006 ἀκμάζουσαν
1462 975 1554 1009 σχέσιν
1573 975 1657 1011 δηλοῖ.
1680 977 1767 1012 Τηρεί
1787 978 1842 1015 γὰρ

1048 1017 1133 1051 αὐτὴν
1150 1018 1292 1053 παρῦένον,
1311 1021 1380 1046 κατὰ
1401 1021 1432 1047 τὸ
1456 1023 1531 1057 παρὰ
1557 1023 1656 1059 Παύλῳ
1679 1025 1840 1061 μυστήριον,

1047 1063 1117 1098 ὅπερ
1137 1064 1177 1095 εὶς
1199 1065 1317 1099 Χριστὸν
1342 1067 1388 1093 καὶ
1408 1067 1458 1103 τὴν
1480 1068 1645 1105 Ἐκκλησίαν
1667 1069 1751 1103 λέγει.
1774 1069 1841 1098 Εἶτα

1048 1110 1097 1145 τὴν
1114 1110 1161 1137 νῦν
1173 1112 1341 1140 κατάστασιν
1354 1114 1408 1140 τῶν
1427 1115 1597 1150 Ἐκκλησιῶν
1614 1117 1752 1152 ἐμφαίνει,
1770 1118 1841 1144 κατὰ

1046 1157 1097 1191 τὴν
1130 1157 1185 1184 τῶν
1214 1159 1311 1194 ἱερέων
1333 1160 1470 1196 ὑφήγησιν
1492 1162 1605 1197 ἡμέρας
1637 1163 1686 1190 καὶ
1718 1165 1840 1197 νυκτὸς,

1047 1201 1208 1235 ἀγνοοῦντος
1223 1203 1270 1229 τοῦ
1285 1203 1349 1230 λαοῦ
1365 1205 1410 1231 τὸν
1425 1204 1503 1237 Θεὸν,
1518 1206 1577 1232 ἀνθ’
1599 1203 1636 1233 ὧν
1661 1207 1843 1243 ἀμειϐόμενος

1047 1247 1147 1281 τεῖχος
1175 1249 1265 1275 αὐτῶν
1292 1249 1449 1285 ἀπόρθητον
1475 1251 1591 1285 γίνεται,
1620 1252 1669 1284 τὰς
1691 1254 1805 1288 ἀφόδους
1822 1260 1842 1273 ιη

1048 1293 1192 1330 ἀπείργων
1207 1295 1254 1321 τοῦ
1271 1295 1409 1330 δαίμονος.
1429 1297 1645 1332 Ἐπαγγέλλεται
1658 1299 1698 1331 δὲ,
1709 1301 1781 1327 κατὰ
1793 1301 1842 1335 τὴν

1046 1339 1130 1372 λέξιν,
1147 1340 1194 1367 καὶ
1208 1341 1317 1376 ἀσφαλῆ
1334 1343 1395 1373 ταῖς
1411 1343 1522 1370 πόλεσιν
1537 1343 1658 1378 οἴκησιν,
1673 1345 1712 1376 ὡς
1726 1345 1758 1371 ἂν
1776 1355 1843 1381 προ-

1046 1386 1182 1420 κόψαντες
1216 1388 1367 1422 ἐπιζητῶσι
1409 1389 1458 1424 τὴν
1505 1391 1625 1426 νοητήν-
1660 1390 1754 1427 ὥσπερ
1795 1390 1843 1418 οὖν

1052 1431 1179 1466 Ἀϐραὰμ
1199 1432 1250 1467 γῆς
1277 1432 1366 1460 λαϐὼν
1391 1434 1572 1468 ἐπαγγελίαν,
1598 1434 1628 1461 οὐ
1655 1436 1721 1470 περὶ
1739 1435 1842 1471 ταύτην

1045 1478 1181 1514 ὴσχόλητο
1191 1498 1198 1510 ,
1211 1479 1272 1505 οὐδὲ
1287 1479 1390 1516 ταύτην
1406 1481 1475 1516 ᾔτει,
1502 1482 1550 1517 τὴν
1564 1481 1592 1508 δὲ
1609 1481 1760 1516 μέλλουσαν
1778 1483 1842 1517 ἐπᾴ-

1045 1525 1097 1552 θει.
1112 1526 1175 1557 Τοῖς
1190 1526 1218 1552 δὲ
1229 1525 1301 1553 οὕτω
1315 1526 1508 1562 διακειμένοις,
1526 1528 1573 1554 καὶ
1595 1527 1713 1563 μάλιστα
1732 1529 1787 1560 τοῖς
1809 1514 1842 1554 {ac

1044 1571 1290 1608 γένουςΓΑΰραὰμ
1314 1574 1386 1600 κατὰ
1413 1573 1512 1608 σάρκα,
1541 1574 1670 1609 οὐδεμίαν
1697 1574 1842 1610 σύγκρισιν

1045 1618 1115 1652 πρὸς
1129 1617 1165 1644 τὰ
1175 1618 1247 1650 ἔθνη
1262 1619 1357 1654 φησὶν,
1376 1619 1555 1654 ὑπερκεῖσθαι
1569 1620 1596 1646 δὲ
1609 1620 1681 1652 λίαν,
1701 1621 1762 1646 ὅσον
1775 1618 1842 1656 ἧκεν

1047 1663 1087 1696 εἰς
1107 1665 1202 1699 τιμήν.
1226 1665 1284 1691 Καὶ
1313 1665 1368 1700 γὰρ
1395 1665 1491 1700 ἔτυχον
1517 1666 1644 1701 πατέρων
1672 1665 1774 1700 ἁγίων,
1795 1666 1843 1692 καὶ

1047 1711 1143 1746 νόμου,
1165 1713 1212 1738 καὶ
1233 1712 1282 1744 τὰς
1299 1714 1327 1739 ὲν
1342 1713 1473 1749 Αἰγύπτῳ
1496 1713 1720 1749 θαυματουργίας
1749 1715 1797 1741 καὶ
1813 1715 1843 1741 ἐν

1046 1758 1144 1794 ἐρήμῳ
1165 1758 1308 1786 τεοέανται
1322 1780 1329 1790 ,
1354 1761 1443 1795 μόνων
1463 1761 1510 1787 ἐὰν
1525 1765 1539 1779 ιι
1565 1761 1710 1796 διόρθωσιν
1732 1761 1844 1795 τρόπων

1047 1805 1208 1840 ποιήσονται
1220 1806 1381 1838 πεποιθότες
1398 1807 1442 1833 ἐπὶ
1458 1807 1527 1842 Θεῷ.
1541 1807 1627 1834 Τοῦτο
1642 1807 1697 1843 γὰρ
1713 1808 1743 1834 τὸ
1760 1809 1844 1842 ἀγαυ-

1047 1849 1145 1885 ρεαμα.
1159 1851 1231 1886 Πρὸς
1245 1851 1273 1877 δὲ
1292 1851 1342 1883 τὰς
1360 1852 1529 1885 ἐπαγγελίας
1543 1853 1776 1888 ἀμφιϐαλλούσαις
1790 1855 1842 1889 ψυ-

1048 1897 1110 1931 χαῖς
1132 1896 1222 1922 λαλῶν
1238 1897 1315 1931 ὅρκῳ
1334 1898 1477 1933 κέχρηται,
1500 1900 1530 1925 οὐ
1545 1899 1579 1925 δι’
1599 1900 1696 1926 ἑαυτὸν
1713 1900 1842 1936 (ἀλήθεια

1046 1942 1100 1978 γάρ
1115 1943 1189 1969 ἐστιν
1199 1943 1219 1978 ),
1234 1944 1292 1970 ἀλλ’
1311 1944 1420 1975 ἐκείνας
1437 1945 1629 1979 πιστούμενος.
1646 1946 1702 1972 Καὶ
1724 1948 1784 1978 τοὺς
1809 1948 1841 1973 ἐι

1045 1989 1098 2023 γῆς
1114 1989 1239 2024 καρποὺς
1256 1989 1466 2024 ἐπαγγέλλεται,
1483 1991 1618 2017 διδάσκων
1633 1991 1671 2023 ὡς
1685 1992 1766 2023 αὐτὸς
1779 1993 1824 2019 τοὺ
1835 2007 1841 2012 -

1044 2044 1100 2063 των
1113 2037 1172 2063 ἐστὶ
1193 2037 1322 2072 χορηγὸς,
1339 2038 1386 2063 καὶ⁴
1399 2037 1488 2072 μάτην
1506 2038 1572 2073 περὶ
1594 2038 1692 2065 εἰδώλα
1707 2039 1839 2074 στρέψον-

1045 2090 1101 2114 ται,
1121 2082 1161 2108 διὸ
1179 2083 1226 2109 καὶ
1242 2079 1316 2109 οὗτοι
1337 2084 1407 2118 πρὸς
1426 2084 1459 2118 τῇ
1475 2084 1628 2120 συγκομιδῇ
1643 2084 1839 2120 διεφθείροντο,

1044 2128 1082 2160 ὡς
1094 2127 1127 2154 ἂν
1143 2128 1191 2155 καὶ
1203 2128 1377 2164 τελεσφορεῖν
1394 2129 1557 2164 δυναμένου,
1572 2131 1619 2157 καὶ
1633 2131 1765 2167 παρέχειν
1778 2131 1839 2157 €05-

1044 2173 1149 2207 λοντος,
1163 2175 1243 2210 εἴπερ
1260 2175 1409 2210 ἐτύγχανον
1425 2174 1507 2208 ἄξιοι.

195 2221 251 2240 non
264 2213 290 2241 id
304 2213 415 2249 quidem
432 2219 543 2250 propter
557 2224 597 2249 se,
616 2217 664 2252 qui
685 2217 787 2245 veritas
804 2218 862 2245 sit:
881 2218 927 2246 sed
943 2223 973 2246 ut
994 2219 1050 2247 illis
1067 2219 1147 2247 ﬁdem
1163 2219 1257 2247 faciat.
1277 2220 1419 2248 Promittit
1440 2229 1504 2248 vero
1523 2226 1550 2248 et
1569 2225 1649 2249 terra:
1672 2221 1788 2255 fructus,
1810 2228 1840 2251 ut

193 2267 242 2287 eos
261 2268 291 2288 se
320 2261 507 2295 suppeditare,
530 2261 690 2298 frustraque
711 2264 744 2291 ad
765 2264 836 2292 idola
856 2265 1005 2300 confugere
1016 2265 1136 2294 doceat:
1154 2267 1228 2294 unde
1244 2267 1283 2294 illi
1315 2269 1398 2294 etiam
1426 2267 1454 2294 in
1476 2267 1632 2302 colligendo
1648 2270 1785 2303 peribant,
1808 2275 1838 2296 ut

194 2309 222 2333 et
250 2305 284 2332 ad
303 2305 488 2333 maturitatem
503 2314 584 2342 posse
605 2309 768 2342 perducere,
790 2314 817 2337 et
834 2311 958 2345 praebere
975 2311 1044 2339 velle
1064 2312 1285 2344 demonstraret,
1313 2313 1336 2340 si
1367 2313 1450 2348 718
1474 2313 1574 2348 dignos
1592 2321 1622 2341 se
1642 2315 1837 2349 praebuissent.

229 2352 310 2380 Nunc
331 2358 421 2381 autem
448 2354 471 2382 si
487 2355 668 2390 corrigantur,
695 2357 816 2384 hostium
843 2366 987 2386 accessum

1077 2360 1132 2387 Καὶ
1149 2360 1196 2387 νῦν
1221 2360 1250 2387 δὲ
1269 2360 1492 2396 ὃιορθουμένων
1515 2362 1593 2397 ὑμῶν
1619 2363 1668 2394 τὰς
1683 2363 1737 2390 τῶν
1757 2365 1836 2391 1:075-

194 2405 257 2425 esse
269 2397 351 2424 etiam
369 2398 585 2432 prohibiturum.
603 2399 748 2427 Ponat-unt
773 2401 872 2430 deinde
893 2405 986 2438 appel-

194 2443 297 2471 latione
313 2451 469 2471 sermonem
483 2445 666 2480 isagogicum,
683 2446 879 2483 Christumque
895 2449 985 2484 ipsum

194 2491 370 2525 signiﬁcavit,
387 2491 434 2526 qui
452 2495 530 2526 porta
553 2493 635 2519 etiam
662 2493 774 2526 dicitur,
790 2503 838 2530 per
851 2503 934 2530 quam
953 2497 986 2524 ad

192 2535 300 2564 Patrem
316 2537 471 2572 ingressum
485 2538 618 2567 habemus
633 2540 666 2565 ".
685 2540 722 2567 De
737 2549 793 2576 quo
810 2542 944 2570 scribitur
960 2548 988 2571 et

194 2581 278 2615 illud;
297 2591 306 2607 ι
321 2581 374 2610 Ista
387 2588 429 2610 est
443 2588 521 2618 porta
536 2583 654 2617 Domini,
668 2585 737 2620 justi
754 2588 943 2622 ingredientur
959 2590 985 2616 in

192 2635 252 2655 eam
268 2627 300 2654 “.
319 2638 328 2654 ι
345 2628 541 2657 Sacerdotibus
561 2630 660 2658 deinde
678 2633 812 2667 pnecipit,
840 2638 869 2661 ut
890 2635 987 2662 subdi-

163 2698 166 2700 .
194 2678 284 2702 torum
302 2682 392 2703 mores
406 2676 557 2711 aequabiles
580 2676 705 2709 reddant,
722 2686 757 2706 ne
773 2679 799 2706 in
821 2688 921 2714 pravas
943 2681 984 2708 illi

228 2731 252 2767 ‘_'
265 2731 360 2759 Matth.
377 2740 403 2764 x,
418 2732 444 2760 6.
483 2733 505 2749 '”
519 2732 614 2761 Matth.
635 2742 680 2767 xv,
696 2734 741 2761 26.

783 2736 805 2752 ⁵ο
824 2735 903 2765 Rom.
925 2745 953 2764 1x
964 2758 971 2770 ,
985 2738 1012 2768 5.

194 2766 219 2783 “
238 2765 311 2794 Psal.
325 2775 408 2801 cxvu.
423 2767 467 2795 20.

1041 2407 1111 2442 μίων
1124 2407 1235 2440 ἐφόδους
1251 2406 1376 2434 κωλύσω.
1403 2407 1508 2440 Πύλας
1525 2408 1553 2434 δὲ
1573 2409 1651 2435 καλεῖ
1681 2409 1761 2444 λόγον
1783 2412 1841 2438 εἱσ-

1041 2453 1188 2487 αγωγικὺν,
1210 2453 1257 2479 καὶ
1270 2453 1398 2488 Χριστὸν,
1419 2453 1448 2485 ὃς
1467 2454 1638 2489 ἐχρημάτισε
1665 2456 1746 2491 οὐρα,
1759 2456 1792 2483 δι’
1807 2456 1840 2485 οὗ

1039 2500 1108 2534 πρδς
1119 2499 1164 2525 τὺν
1176 2499 1285 2532 Πατέρα
1303 2499 1352 2534 τὴν
1369 2499 1472 2525 εἴσοδον
1505 2500 1616 2535 ἔχομεν.
1631 2501 1699 2536 Περὶ
1715 2500 1745 2529 οὗ
1764 2502 1840 2529 λέλεο

1037 2553 1100 2571 κται
1114 2551 1120 2558 ·
1141 2554 1150 2570 ι
1164 2544 1238 2579 Αὕτη
1264 2545 1281 2579 ἡ
1303 2544 1374 2579 πύλη
1400 2545 1575 2580 τοῦΚυρίου.
1595 2545 1701 2573 Δίκαιοι
1716 2548 1838 2573 εἰσελεύ-

1037 2599 1129 2617 σονται
1155 2591 1184 2616 ἐν
1208 2591 1288 2626 αὐτῇ.
1309 2600 1319 2616 ι
1347 2590 1410 2621 Τοῖς
1437 2590 1465 2616 δὲ
1487 2590 1592 2626 ἱερεῦσι
1618 2593 1838 2628 παρακελεύεται

1037 2637 1127 2671 ὁμαλὰ
1143 2637 1198 2663 τῶν
1224 2637 1276 2663 ὑπὸ
1294 2638 1373 2672 χεῖρα
1394 2636 1428 2662 τὰ
1441 2636 1494 2672 ἤθη
1510 2639 1610 2670 ποιεῖν,
1632 2638 1670 2670 ὡς
1684 2638 1717 2665 ἂν
1733 2639 1771 2675 μὴ
1789 2648 1839 2665 πο·

1035 2684 1130 2718 νηροϊς
1157 2683 1357 2719 προσκόπτοιεν
1383 2683 1537 2718 λογισμοῖς.
1560 2683 1677 2718 Λέγοιτο
1692 2685 1715 2711 δ’
1733 2685 1765 2711 ἂν
1790 2685 1839 2711 καὶ

1052 2740 1074 2755 ⁶¹
1093 2739 1195 2775 Ephes.
1210 2749 1237 2775 ν,
1255 2740 1300 2769 52.
1356 2741 1378 2757 ⁶²
1397 2740 1481 2768 llebr.
1497 2747 1536 2773 ιι,
1549 2741 1593 2769 17.
1632 2741 1655 2758 ⁸³
1673 2740 1754 2769 Joan.
1767 2742 1834 2772 3,9.

833 2817 950 2845 ΥΑΙὶΙᾹΞ
967 2819 1173 2849 LECTIONES.

231 2863 251 2878 ω
264 2866 310 2894 7p.
326 2858 448 2894 ἐφόδους.
487 2859 558 2896 "to.
574 2860 665 2896 μόνον,
681 2861 718 2894 ὡς
731 2861 774 2890 ἀν.
