1988 3079
139 115 214 148 2665

726 103 993 144 COMMENTARII
1014 110 1054 140 1N
1072 104 1214 141 ISAIAM.

1711 107 1780 143 2666

139 169 212 205 πρὸς
225 167 271 194 τδν
287 168 315 194 ἐν
332 166 441 203 ἑκάστῳ
463 167 537 201 νοῦν,
555 167 593 200 ὡς
609 166 643 194 ἂν
664 168 782 202 ἠνιοχεῖν
801 166 931 201 τεταγμέ-

986 163 1168 199 cogitationes
1195 164 1358 199 impingam.
1382 163 1489 191 Referri
1515 165 1597 192 etiam
1629 170 1713 200 queat
1744 166 1778 193 ad

139 223 188 246 νος
201 214 252 249 τὴν
265 213 374 240 ἃπασαν
384 213 539 249 ὲξομαλίζοι
553 213 653 249 ψυχήν,
667 212 734 240 Εἶτα
747 212 932 248 παρακελεύε-

139 270 188 288 ται
203 262 260 292 τοῖς
277 260 307 293 ἐξ
326 260 446 296 Ἰσραὴλ,
464 260 567 295 ἀρετῆς
589 260 637 287 καὶ
654 260 781 294 γνώσεως
796 259 864 286 Θεοῦ
880 267 933 285 πα-

140 306 279 342 ράδειγμα
293 306 421 341 γενέσθαι
435 306 497 339 τοῖς
516 305 649 333 ἔθνεσιν.
668 305 772 340 Ἀνῆψα
789 305 844 341 γὰρ
859 305 932 339 ὑμᾶς

138 352 245 380 ἄνωθεν
260 352 298 384 ὠς
311 352 452 388 λαμλπάδα,
473 353 511 384 ὡς
524 352 557 379 ἂν
568 352 646 387 ὑμῶν
659 352 698 388 τῷ
720 353 790 387 φωτὶ
806 351 842 378 τὰ
859 352 932 386 ἔθνη

138 398 306 434 πορεύηται.
342 399 559 434 Κατεᾶττηχότας
589 399 617 426 δὲ
648 399 697 431 τὰς
727 399 851 433 συνεχεῖς
878 398 933 424 τῶν

140 444 273 471 ἐπιόντων
286 445 396 479 ἐφόδους
412 442 632 481 τὲαραθαῤῥὺνει,
648 445 697 479 τὴν
712 445 808 472 ἑαυτοῦ
821 447 934 478 παροιν-

140 490 215 516 σίαν
229 490 473 524 ἐπαγγελλόμενος.
491 489 568 516 Οὕτω
593 490 620 516 δὲ
633 489 683 525 τὴν
699 486 796 516 ἑαυτοῦ
821 489 935 524 κηδεμο-

140 535 201 561 νίαν
213 534 301 562 καλεῖ.
322 534 474 569 Τοιγαροῦν
494 534 604 569 ἔλεγον·
630 535 666 561 Οὐ
684 535 721 570 μὴ
740 531 871 569 τελέσητε
884 534 934 566 τὰς

140 581 245 612 πόλεις,
264 580 318 612 ἕως
333 580 366 607 ἂν
383 581 447 617 ἔλθῃ
461 581 475 607 ὁ
488 581 553 613 Υἱὸς
565 580 611 608 τοῦ
626 581 770 616 ἀνθρώπου
784 589 791 595 ·
807 581 837 607 οὺ
847 581 933 616 δήπου

140 626 225 660 ἄλλην
243 627 396 662 παρουσίαν
407 627 506 663 δηλῶν,
522 626 590 654 ἀλλὰ
610 618 659 662 τήν
676 626 772 653 ἑαυτοῦ
785 627 853 662 πρὸς
868 634 934 662 καρ-

140 671 234 707 τερίαν
259 672 444 707 παράκλησιν.
471 673 508 699 Οὐ
533 672 588 707 γὰρ
611 671 645 699 ἃν
671 672 802 707 ἤνεγκαν,
828 672 865 708 μὴ
883 673 934 706 τὴν

141 717 221 751 ἰσχὺν
249 715 299 752 τ’ὴν
324 717 428 744 ἄνωθεν
450 718 566 752 ἔχοντες.
598 717 640 744 Τὰ
663 717 774 753 κρυπτὰ
793 717 822 744 δὲ
844 716 933 749 εἰδὼς,

140 762 211 797 πρὸς
227 761 276 797 τὴν
296 762 375 794 ἀξίαν
395 762 503 798 ἑκάστῳ
524 763 700 797 παρίσταται,
723 764 836 798 μισθὸν
847 763 934 795 διδοὺς

140 808 187 834 τὸν
209 809 395 844 προσήκοντα.
417 809 497 836 Οὕτω
520 810 568 836 καὶ
597 809 630 836 δι’
652 810 784 845 Ἰεζεκιὴλ
799 809 934 844 λεγόντων

982 210 1153 244 singulorum
1182 214 1318 243 mentem;
1355 215 1384 237 ut
1424 218 1485 246 qua:
1507 211 1623 239 habenis
1647 211 1775 246 prmfecta

982 260 1036 286 est,
1054 258 1138 281 totam
1157 254 1276 281 animam
1295 255 1457 290 mquabilem
1472 255 1566 283 faciat.
1582 255 1716 292 Deinceps
1735 256 1775 284 lsé

984 302 1094 329 raclitas
1115 301 1294 335 adhortatur,
1318 306 1346 329 ut
1368 302 1479 330 virtutis
1498 307 1526 330 et
1542 303 1713 338 cognitionis
1729 303 1777 331 Dei

984 354 1045 373 sese
1064 347 1185 381 gentibus
1202 347 1359 383 exemplum
1379 348 1530 382 prwbeant.
1558 349 1619 376 Ideo
1645 349 1718 377 enim
1747 357 1778 377 se

984 392 1046 419 illus
1062 393 1096 420 ab
1122 393 1203 420 initio
1221 393 1304 421 veluti
1327 394 1483 429 lampadem
1502 395 1674 428 accendisse,
1693 401 1724 423 ut
1750 396 1777 423 in

984 445 1080 465 eorum
1095 439 1198 466 lumine
1217 445 1305 474 gentes
1321 440 1507 468 ambularent.
1524 440 1593 474 Quia
1606 441 1707 469 deinde
1723 442 1778 469 fre-

984 490 1101 520 quentes
1123 485 1326 521 insurgentium
1341 494 1472 514 accessus
1488 488 1664 521 metuebant;
1691 488 1778 515 conll-

985 530 1050 559 dere
1067 532 1201 567 praecipit,
1223 540 1304 560 suum
1333 533 1391 569 ipse
1420 533 1561 561 adventum
1583 534 1751 562 denuntians
1769 543 1777 562 :

985 584 1039 612 qua
1062 578 1168 605 ratione
1181 585 1277 605 curam
1294 586 1374 606 suam
1390 586 1422 607 ac
1444 579 1616 616 diligentiam
1643 580 1779 616 slgnilicaa

984 623 1035 650 vit.
1052 623 1122 651 Hinc
1139 623 1222 659 igitur
1237 624 1318 657 illud;
1332 625 1406 660 quod
1422 625 1571 653 dicebant:
1589 626 1649 654 Non
1667 627 1778 656 faciatis

985 669 1068 697 urbes
1083 670 1173 697 donec
1183 670 1277 698 veniat
1292 670 1380 698 Filius
1397 672 1538 706 hominis;
1555 673 1601 701 ubi
1619 681 1676 701 non
1692 674 1777 701 alium

987 717 1064 742 certe
1082 713 1232 742 adventum
1247 715 1400 748 intellexit;
1417 716 1465 743 sed
1485 724 1566 751 quam
1583 717 1642 752 ipse
1654 717 1779 752 suggerit

986 761 1014 788 in
1028 760 1159 796 patiendo
1178 762 1405 790 consolationem.
1425 762 1554 797 Alioquin
1576 764 1649 790 enim
1668 763 1780 791 ferendo

987 813 1041 832 non
1059 804 1191 839 fuissent,
1215 806 1263 841 qui
1283 813 1403 841 superne
1417 807 1550 836 omissum
1564 808 1650 835 robur
1662 814 1716 835 non
1731 807 1780 836 lia-

139 855 249 882 αὐτῶνἱ
276 865 285 880 ι
303 855 454 882 Ἀπόλωλεν
477 857 494 891 ἠ
519 856 596 891 ἰσχὺς
621 856 710 891 ἡμῶν,
739 855 875 891 ἐξηράνθη
898 855 931 882 τὰ

987 851 1098 881 bebant.
1133 853 1232 881 Verum
1257 854 1304 890 qui
1329 855 1405 882 novit
1428 856 1599 889 abscomlita,
1619 856 1777 892 unicuique,

139 901 208 927 ὀστᾶ
219 901 309 935 ἡμῶν,
325 910 334 926 ι
350 901 568 937 παραθαρρύνων
595 901 678 936 φησίν
690 908 697 916 ·
722 901 768 933 Ὠς
795 901 867 936 ὑγρὰ
886 901 933 936 ξη-

142 947 223 981 ρᾶναι
234 946 363 982 δύναμαι,
381 947 453 974 οὕτω
464 949 511 974 καὶ
525 947 691 974 τούναντίον.
709 947 742 974 ’³0
758 947 806 974 καὶ
823 947 868 973 ἐπὶ
883 947 933 982 τῆς

141 991 242 1026 ῥάϐδου
260 993 410 1028 πεποίηκεν
432 992 548 1029 Ἀαρών.
566 993 621 1020 Καὶ
639 993 686 1019 νῦν
702 990 748 1020 οὖν
763 992 933 1027 παρέσεσθαι

141 1045 236 1072 φησιν,
259 1037 307 1065 ἐὰν
317 1038 387 1071 ἄξιοι
411 1038 555 1072 γένωνται.
576 1039 615 1065 Δι’
637 1038 704 1065 αὐτὸ
719 1037 774 1073 γὰρ
797 1035 933 1072 παρέσχον

140 1083 188 1109 καὶ
202 1083 305 1119 πλῆθος
317 1084 382 1119 ὑμῖν
406 1085 535 1116 ἐντολῶν,
553 1085 602 1120 οὐχ
622 1085 665 1111 ἵνα
679 1083 781 1115 πολλὰς
794 1083 933 1119 παραϐαί-

140 1137 243 1161 νοντες,
262 1129 347 1157 πολλὰ
363 1131 409 1157 καὶ
424 1129 658 1166 καταδικάζησθεν
678 1129 737 1157 ἀλλ’
760 1129 803 1156 ἵνα
818 1129 870 1156 κᾶν
883 1129 934 1160 τὰς

143 1175 268 1209 μεγάλας
281 1176 435 1211 ὑπερῦῆτε,
449 1176 503 1203 τῶν
518 1176 693 1211 ἐλαττόνωνή
707 1175 815 1211 φυλακὴ
825 1175 933 1210 πρόφα-

142 1225 185 1248 σιν
199 1221 263 1256 ὑμῖν
277 1222 415 1258 σωτηρίας
439 1223 578 1258 παράσχῃ.
596 1222 790 1256 Φιλάνθρωπος
813 1221 878 1256 γὰρ,
902 1221 932 1247 οὺ

141 1268 333 1301 καταδικάζων
357 1269 387 1303 ἐξ
405 1267 442 1296 ὢν
465 1269 666 1305 ὴαραὸαινετε,
692 1269 760 1296 ἀλλὰ
786 1266 887 1298 σώζων
903 1266 933 1300 ἐξ

140 1311 239 1346 ὀλίγων
267 1310 305 1340 ὧν
332 1313 507 1348 κατορθοῦτε.
537 1313 592 1341 Τοῦ
619 1314 674 1349 γὰρ
699 1312 864 1348 ἁμαρτωλοῦ
884 1311 934 1348 τὴν

141 1358 220 1392 ζωὴν
247 1358 372 1394 βούλεται
402 1360 514 1395 μᾶλλον,
540 1360 612 1396 ἥπερ
637 1359 684 1386 τὸν
714 1358 841 1386 θάνατον.
867 1357 935 1384 Τότε

141 1403 271 1438 ζητήσω,
283 1407 377 1441 φησὶν,
395 1406 483 1442 ὑμᾶς,
496 1407 601 1441 ἁγίους
611 1405 723 1433 καλῶν.
732 1404 826 1432 Ταῦτα
841 1403 871 1431 δὲ
887 1404 935 1431 καὶ

142 1452 183 1483 εἰς
214 1451 262 1487 τὴν
288 1446 405 1479 ἑκάστου
436 1452 554 1488 ληπτέον
582 1452 690 1487 ψυχὴν,
723 1451 761 1486 μὴ
786 1450 824 1482 ὡς
854 1450 935 1486 ψιλὰς

142 1497 264 1533 ἱστορίας
302 1498 551 1532 ἀναγινώσκοντας.
586 1498 711 1532 Ἐκὰστῳ
740 1497 796 1532 γὰρ
836 1505 935 1532 κατορο

141 1542 231 1571 θοῦντι
245 1545 381 1580 παρέσται
396 1545 544 1581 συγχωρῶν
558 1545 592 1572 τὰ
605 1543 799 1580 ἡμαρτημένα.

987 904 1069 934 prout
1084 900 1184 935 dignus
1198 904 1252 934 est,
1280 901 1350 929 solet
1367 901 1483 934 adesse,
1507 901 1640 937 justaque
1660 903 1780 930 mercede

990 944 1100 979 singula
1115 952 1305 980 compensare.
1325 945 1372 973 Sic
1386 950 1413 973 et
1427 946 1498 981 apud
1523 946 1694 974 Ezecliiclem
1715 952 1778 975 cum

987 995 1091 1025 essent,
1106 991 1155 1026 qui
1167 990 1291 1019 dicerent
1307 1001 1313 1019 :
1332 1000 1341 1018 ι
1360 992 1443 1019 Periit
1459 992 1547 1020 virtus
1561 997 1673 1026 nostra;
1689 994 1780 1021 exsic-

987 1041 1047 1064 cuta
1070 1041 1135 1064 sunt
1152 1044 1216 1065 ossa
1234 1042 1328 1065 nostra
1346 1038 1385 1070 ⁸⁵,
1409 1047 1418 1064 ι
1440 1038 1552 1066 eosdem
1575 1038 1715 1066 conlidere
1734 1038 1781 1073 ju-

987 1081 1066 1114 bcns,
1094 1086 1123 1108 ut
1139 1082 1251 1110 humida
1277 1083 1394 1115 siccare,
1422 1083 1462 1111 sic
1485 1087 1512 1111 et
1536 1087 1632 1110 contra
1653 1091 1682 1111 se
1697 1088 1780 1118 posse

987 1128 1140 1163 respondit.
1162 1128 1241 1162 Quod
1268 1129 1295 1156 in
1320 1129 1439 1157 Aaronis
1464 1129 1546 1157 etiam
1564 1130 1641 1165 virga
1671 1130 1779 1165 praesti-

986 1175 1021 1202 tit
1039 1175 1073 1202 “.
1092 1174 1123 1202 Et
1139 1175 1192 1203 hoc
1207 1176 1268 1203 loco
1281 1176 1377 1211 igitur,
1396 1177 1417 1203 si
1432 1176 1506 1211 digni
1526 1182 1599 1208 sunt,
1618 1176 1779 1204 adfuturum

987 1228 1018 1249 se
1040 1221 1187 1257 signiﬁcat.
1204 1222 1246 1250 0b
1260 1222 1286 1249 id
1305 1222 1377 1250 enim
1393 1226 1420 1249 et
1435 1230 1495 1258 ego,
1517 1223 1619 1258 inquit,
1640 1223 1779 1259 ingentem

987 1266 1049 1294 dedi
1068 1268 1259 1294 mandatorum
1278 1275 1424 1295 numerum
1442 1275 1449 1294 ε
1467 1276 1522 1295 non
1541 1272 1581 1301 ut,
1599 1276 1661 1295 cum
1677 1274 1694 1295 a
1709 1268 1780 1296 mul‘

987 1313 1023 1340 tis
1038 1313 1216 1346 aberraretis,
1240 1313 1334 1340 multis
1357 1313 1441 1340 etiam
1457 1314 1484 1340 in
1501 1321 1551 1341 vos
1571 1314 1779 1342 animadverte-1

987 1365 1045 1386 rem
1071 1367 1076 1385 Ξ
1092 1357 1140 1386 sed
1156 1363 1196 1391 ut,
1214 1366 1277 1386 cum
1292 1366 1352 1391 νοε,
1373 1366 1434 1394 qua:
1451 1366 1549 1395 magna
1563 1363 1668 1391 essent,
1684 1364 1778 1387 trans-

988 1404 1064 1439 gredi
1079 1405 1270 1440 contingeret;
1287 1405 1419 1432 leviorum
1431 1405 1588 1433 observatio
1604 1406 1683 1434 vobis
1700 1413 1715 1433 a
1733 1410 1778 1433 me

987 1450 1105 1478 salutem
1124 1454 1313 1485 extorqueret.
1331 1450 1397 1478 Sum
1420 1451 1492 1478 enim
1515 1451 1592 1479 mitis
1606 1456 1633 1478 et
1646 1452 1779 1484 clemens;

988 1504 1043 1524 non
1057 1496 1148 1529 exiis,
1167 1504 1227 1532 quae
1244 1500 1388 1532 perperam
1409 1497 1503 1532 agitis,
1518 1498 1712 1529 condemnare.
1730 1498 1778 1526 sed

943 1540 966 1569 ϐ
988 1546 1020 1571 εἰ
1033 1551 1182 1578 paucorum
1195 1543 1302 1570 ratione
1315 1551 1378 1578 qua:
1391 1543 1443 1578 ipsi
1454 1550 1517 1570 cum
1531 1545 1637 1572 virtute
1654 1549 1682 1572 et
1697 1544 1780 1572 laude

139 1590 231 1619 facitis
254 1592 358 1619 salvam
382 1592 490 1624 solitus,
515 1591 563 1626 qui
589 1591 728 1626 peccantis
754 1590 810 1617 vita
835 1588 927 1624 potius
946 1596 1028 1623 quam
1052 1591 1142 1616 morte
1163 1587 1295 1616 delector.
1327 1587 1407 1622 Tum,
1440 1589 1546 1624 inquit,
1583 1598 1702 1625 quierant
1723 1599 1778 1623 uos.-

140 1645 203 1665 cum
232 1644 340 1667 sanctos
357 1639 466 1668 vocabo.
484 1637 567 1675 ’119
583 1637 665 1665 Decet
680 1644 745 1664 vero
759 1640 786 1663 et
805 1636 860 1663 ista
875 1643 930 1662 non
949 1635 1083 1662 historias
1108 1635 1199 1662 nudas
1211 1640 1320 1669 putare.
1347 1635 1394 1662 sed
1428 1635 1461 1663 ad
1486 1636 1624 1671 cujusque
1656 1637 1777 1665 animam

139 1685 253 1714 referre.
278 1686 376 1714 Aderit
400 1686 472 1714 enim
503 1685 620 1721 singulis
648 1684 721 1720 quod
749 1687 856 1711 rectum
883 1687 926 1710 est
944 1681 1121 1715 facientibus,
1142 1685 1180 1708 'ut
1207 1682 1311 1709 eisdem
1337 1682 1476 1710 condonet
1495 1691 1556 1719 quae
1581 1689 1741 1719 peccat-unt.

432 1732 558 1760 ΚΕΦΑΛ.
588 1730 647 1759 EI".

174 1783 245 1812 u—g’.
265 1781 314 1813 Τίς
341 1777 432 1813 οὗτος
458 1781 475 1807 ό
501 1779 743 1814 παραγενόμενος
761 1777 797 1811 ἐξ
816 1776 930 1811 Ἐδώμ;

138 1825 271 1860 ἐρύθημα
286 1826 408 1859 ἱματίων
419 1825 454 1852 ἐκ
464 1825 576 1858 Βόσορ,
587 1823 681 1857 οὕτως
693 1822 800 1858 ὡραῖος
813 1822 848 1849 ἐν
861 1830 931 1848 στο-

139 1870 191 1906 λῇ,
201 1871 257 1904 ,βία
271 1871 346 1906 μετὰ
362 1871 479 1905 ἰσχύος.
499 1870 570 1905 Ἐγὼ
587 1869 761 1904 διαλέγομαι
775 1867 930 1895 δικαιοσύ-

139 1926 197 1951 νην
212 1917 262 1944 καὶ
274 1917 376 1951 κρίσιν
386 1916 546 1950 σωτηρίου.
566 1915 619 1942 Διὰ
636 1917 664 1942 τί
687 1923 746 1942 σου
766 1915 875 1950 ἐρυθρὰ
895 1914 931 1940 τὰ

139 1963 250 1999 (parta,
264 1964 315 1991 καὶ
331 1963 368 1990 τὰ
382 1962 534 1997 ἐνδύματά
545 1970 603 1990 σου
625 1963 665 1996 ὡς
681 1962 740 1989 ἀπὸ
757 1962 931 1996 πατήμιιτος

143 2009 241 2043 ληνοῦ
261 2008 409 2043 πλήρους,
425 2008 725 2044 καταπεπατημένης,
741 2017 768 2035 κ.
781 2017 806 2035 τ.
821 2007 845 2034 λ.

174 2055 282 2090 Ὠσπερ
299 2055 396 2090 μισθὸν
423 2055 437 2081 ὁ
456 2055 552 2090 Σωτὴρ
578 2053 685 2088 ἐλέγετο
701 2054 756 2085 τοῖς
774 2052 930 2080 εὐσεὸοὖσιν

139 2094 294 2127 ἀποδιδόναι
309 2100 373 2136 (ἔφη
389 2100 443 2136 γάρ
455 2103 463 2116 ‘
479 2101 533 2127 Καὶ
551 2099 565 2126 ὁ
577 2099 672 2135 μισθὸς
688 2098 772 2125 αὑτοῦ
801 2098 859 2134 μετ’
882 2098 930 2125 αὺ-

138 2146 198 2182 τοῦ)
211 2156 218 2161 -
238 2146 324 2178 οὓτως
339 2147 395 2178 τοῖς
409 2146 521 2173 ἀσεϐέσι
541 2145 654 2181 φοϐερὸς
669 2144 745 2180 ἥξειν
761 2143 929 2176 θεσπίζεται,

138 2191 194 2224 ὅτε,
211 2191 282 2217 κατὰ
301 2190 347 2217 τὸν
367 2190 537 2223 Ἀπόστολον,
555 2191 717 2226 καταργήσῃ
734 2190 824 2217 πᾶσαν
843 2189 930 2224 ἀρχὴν

138 2236 186 2262 καὶ
203 2235 337 2268 ἐξουσίαν.
361 2236 406 2262 Ἐν
417 2232 457 2267 οἷς
472 2237 530 2262 ἐστι
545 2237 593 2263 καὶ
608 2236 638 2262 τὸ
655 2236 769 2271 ἔσχατον
782 2236 930 2271 καταργεῖ-

140 2282 202 2308 σθαι
213 2282 258 2309 τὸν
271 2281 397 2309 θάνατον.
412 2281 546 2317 Ὀρῶντες
557 2282 585 2309 δὲ
597 2282 678 2309 αὐτόν
689 2290 759 2313 τινες
772 2282 799 2308 έν
811 2281 930 2316 σχήματι

138 2327 355 2364 καθῃμαγμένον
382 2328 533 2364 πολεμικῷ,
562 2328 630 2364 πρὸς
653 2328 683 2354 τὸ
707 2327 781 2360 ξένον
799 2326 848 2362 τῆς
866 2326 930 2358 θέας

1285 1728 1362 1757 CAP.
1384 1729 1476 1756 LXIII.

1017 1775 1100 1803 Vens.
1112 1775 1246 1809 I-6.Quis
1261 1781 1299 1802 est
1318 1776 1378 1808 iste,
1394 1777 1440 1811 qui
1450 1776 1518 1804 venit
1529 1776 1561 1804 de
1570 1778 1655 1804 Edam
1666 1778 1678 1806 2’
1688 1777 1778 1806 Rubaf

981 1822 1092 1848 vestium
1102 1821 1134 1848 de
1146 1822 1231 1848 Bosor
1256 1821 1300 1849 Sic
1312 1821 1444 1856 formosus
1459 1823 1487 1849 in
1500 1823 1570 1850 stola
1584 1832 1645 1851 sua.
1667 1823 1776 1851 Violen-

982 1867 1022 1893 tia
1039 1875 1100 1894 cum
1119 1867 1287 1902 fortitudine.
1307 1867 1364 1902 Ego
1389 1868 1483 1902 loquor
1500 1868 1639 1903 justitiam
1657 1874 1682 1897 et
1700 1870 1776 1905 judi-

981 1913 1052 1940 cium
1078 1914 1217 1941 aalutaris.
1247 1914 1337 1947 Quare
1359 1916 1440 1941 rubra
1469 1920 1530 1942 sunt
1553 1916 1708 1944 vestimenta
1730 1919 1776 1944 tua’

981 1964 1006 1986 et
1022 1960 1178 1987 indumenta
1194 1965 1251 1992 tua,
1270 1965 1396 1996 tanquam
1423 1969 1439 1988 a
1460 1962 1658 1990 conculcatione
1682 1969 1774 1991 torcu-i

982 2005 1048 2034 larix
1068 2007 1149 2041 pleni,
1169 2007 1327 2040 toneulcati,
1346 2011 1400 2035 etc.

1019 2054 1058 2083 Ut
1082 2055 1238 2082 mercedem
1264 2054 1390 2082 Salvator
1414 2055 1449 2083 iis
1475 2055 1553 2091 ipsis,
1575 2057 1622 2092 qui
1645 2058 1774 2092 pietatem

982 2100 1114 2133 colerent,
1123 2100 1309 2128 retributurus
1320 2100 1464 2129 dicebatur
1473 2102 1543 2138 (eam
1556 2103 1628 2129 enim
1640 2103 1698 2131 fore
1711 2111 1774 2131 eum

981 2147 1043 2182 ipso
1063 2146 1230 2181 allirmavit),
1246 2145 1286 2173 sic
1301 2145 1393 2182 impiis
1410 2148 1574 2175 metuendus
1588 2148 1690 2177 instare
1705 2158 1775 2185 prae-

981 2192 1094 2224 dicitur,
1116 2200 1178 2219 cum
1201 2192 1279 2227 juxta
1299 2192 1472 2228 Apostolum,
1496 2201 1607 2222 omnem
1633 2195 1772 2231 principa-

982 2241 1052 2269 tum.
1065 2242 1093 2266 et
1110 2239 1261 2272 potentiam
1277 2239 1410 2266 deleveril
1423 2239 1455 2266 ⁸⁷.
1471 2239 1531 2273 Quo
1548 2240 1608 2268 loco
1624 2242 1774 2269 novissime

981 2283 1151 2310 destructam
1170 2282 1202 2309 iri
1221 2287 1337 2310 mortem
1362 2284 1499 2318 adjuuxil.
1517 2285 1584 2312 Cum
1604 2290 1694 2314 autem
1710 2295 1772 2314 elllll

983 2328 1108 2357 nonnulli
1125 2329 1238 2356 militari
1258 2329 1502 2365 liabilursangniue
1520 2338 1663 2367 aspersum
1683 2333 1773 2361 intucd

138 2373 276 2410 ἐρωτῶσιν
301 2374 442 2409 ἀλλήλους.
475 2373 586 2409 Ἐπειδὴ
599 2373 627 2400 δὲ
640 2373 738 2406 Βόσορ
752 2372 802 2398 καὶ
822 2371 927 2406 Ἐδὼμ,

985 2380 1088 2407 rentur,
1105 2375 1143 2402 rei
1162 2375 1281 2403 novitate
1305 2377 1436 2404 cOmnioti
1459 2378 1493 2405 ad
1519 2383 1629 2406 mutuas
1653 2380 1772 2406 interro-

137 2419 188 2455 τῆς
200 2420 255 2448 τῶν
268 2420 425 2455 ἀλλοφύλων
438 2419 530 2455 χώρας
538 2420 585 2446 καὶ
600 2418 738 2454 πολεμίων
748 2418 795 2445 τοῦ
807 2417 925 2452 Ἰσραὴλ,

137 2467 249 2498 εἰκότως
259 2466 302 2493 διὰ
314 2465 417 2492 τούτων
431 2465 480 2496 τὰς
495 2464 686 2500 ἀντικειμένας
701 2464 829 2498 δυνάμεις
840 2464 927 2489 αἰνιτ-

136 2521 221 2545 τεται,
235 2510 272 2540 ὧν
286 2512 334 2548 τὴν
347 2513 487 2548 ἀναίρεσιν
505 2511 644 2547 τροπικῶς
656 2511 758 2545 αἵματι
776 2510 928 2546 παρείκασε

137 2558 248 2593 φονικῷ.
268 2558 376 2588 Εἰδότες
393 2557 421 2583 δὲ
447 2556 528 2583 αὑτὸν
542 2557 657 2592 ἥμερον,
672 2553 722 2582 εἷθ’
738 2554 833 2590 ὥσπτερ
842 2557 927 2581 τεθυ-

135 2603 271 2639 μωμένον
281 2604 409 2639 ὁρῶντες,
427 2603 547 2630 ἐοίκασιν
561 2602 642 2629 αὑτὸν
661 2602 699 2638 μὴ
714 2600 868 2636 γινώσκειν.
883 2599 928 2627 Διὸ

137 2650 183 2676 καὶ
208 2649 401 2676 πυνθάνονται.
423 2650 452 2675 Ὁ
469 2649 508 2681 ,δὲ
530 2649 598 2684 πρὸς
612 2648 711 2679 αὐτοὺς
738 2648 926 2682 ἀποκρίνεται·

143 2695 216 2729 Ἐγὼ
233 2695 407 2729 διαλέγομαι
424 2695 633 2727 δικαιοσύνην,
647 2693 697 2720 καὶ
710 2694 811 2727 κρίσιν
828 2700 925 2723 σωτη-

134 2742 211 2777 ρίου,
227 2743 297 2769 χατὰ
308 2743 335 2769 δὲ
352 2742 499 2778 Σύμμαχον
514 2750 520 2757 ·
539 2741 613 2776 Ἐγὼ
628 2740 713 2768 λαλῶ
727 2740 761 2767 ὲν
772 2739 926 2767 δικαιοσύ-

981 2423 1106 2458 gationes
1131 2421 1327 2456 confugerunt.
1355 2422 1492 2455 Quoniam
1518 2428 1609 2452 autem
1635 2425 1722 2452 Bosnr
1748 2430 1772 2453 ct

983 2468 1080 2500 Edam,
1104 2471 1293 2500 exteruorum,
1320 2472 1348 2495 et
1376 2468 1497 2496 hostium
1526 2469 1620 2502 Israel,
1646 2471 1772 2505 regiones

983 2513 1067 2549 720
1082 2517 1160 2540 erant
1184 2521 1191 2539 :
1215 2520 1264 2547 per
1286 2521 1333 2540 cas
1355 2521 1410 2540 non
1431 2513 1580 2546 immerito,
1599 2515 1771 2543 adversarias

965 2552 1132 2593 'potestatcs
1167 2557 1316 2590 indicavit,
1348 2566 1465 2592 quarum
1496 2559 1632 2587 excidium
1667 2561 1772 2596 tropice

982 2604 1106 2638 sanguini
1126 2603 1199 2631 cmde
1216 2603 1303 2631 clluso
1320 2610 1504 2640 compararet.
1527 2605 1578 2638 Qui
1603 2612 1693 2634 autem
1718 2606 1770 2632 mi—'

979 2655 1035 2677 tem
1055 2659 1118 2678 eum
1135 2654 1162 2677 ct
1178 2650 1318 2685 placidum
1336 2659 1397 2679 esse
1414 2652 1576 2686 didicerant,
1595 2661 1656 2680 cum
1676 2657 1770 2688 postea

979 2696 1063 2723 veluti
1088 2696 1178 2730 furore
1204 2695 1332 2730 percitum
1351 2696 1536 2730 intuerentur,
1563 2699 1688 2726 eumdem
1714 2706 1768 2725 non

980 2749 1130 2776 agnoscere
1145 2741 1195 2769 visi
1212 2746 1288 2775 sunt,
1305 2749 1359 2777 quo
1380 2742 1483 2771 factum
1501 2750 1552 2776 cst,
1570 2748 1600 2771 ut
1619 2744 1681 2779 quis
1698 2745 1771 2772 esset

172 2828 193 2850 ”
211 2834 308 2862 Ezcch.
325 2842 428 2866 xxxv”,
444 2833 486 2861 II.
524 2833 546 2848 “
566 2832 647 2860 Num.
670 2840 736 2864 xm,
750 2831 777 2857 ‘2.
815 2831 836 2845 ⁸⁷
851 2830 859 2857 ι
876 2831 938 2859 Cor.
955 2840 998 2865 xv,
1015 2831 1059 2860 21;

275 2882 413 2912 l‘nuOL.
433 2882 487 2913 Gn.
507 2879 698 2912 LXXXYIL

1556 2879 1594 2910 δῶ
