1988 3079
157 135 224 167 2071

818 132 995 164 PROCOPII
1015 130 1137 163 GAZAEI

1711 131 1782 165 2672

156 199 217 225 qum
233 199 247 217 a
264 190 404 216 Salvatore
425 189 530 222 ﬁerent,
543 195 575 216 ex
589 197 643 224 quo
656 196 766 217 carnem
782 198 940 225 assumpse-

995 190 1052 216 οὐδὲ
1067 189 1227 224 ὁπλοφορεῖν
1240 209 1247 220 ,
1265 187 1289 214 εί
1312 197 1358 215 και
1381 188 1466 220 οὕτως
1493 188 1632 223 ἐφάνησαν
1650 188 1689 224 τῷ
1706 189 1779 221 Γιέζι

156 237 225 272 rat),
241 237 287 265 scd
303 245 335 264 ca
354 244 381 263 re
397 237 488 263 doceri
505 243 555 263 nos
570 235 709 269 existima,
728 236 839 270 angelos
859 236 940 262 etiam

158 284 300 311 hominum
316 283 405 310 salute
420 282 560 313 delectari,
576 289 694 315 eumque
709 282 798 316 ipsum
816 281 942 308 laudibus

157 330 263 357 allicere
278 334 304 356 et
318 327 423 360 mirari,
438 328 484 362 qui
507 332 623 354 mortem
644 327 724 353 nobis
741 327 803 361 jure
821 327 942 353 debitam

156 376 319 408 exsolvere,
344 375 456 409 patique
483 374 611 400 voluerit.
640 372 733 407 Neque
762 373 834 400 enim
866 373 943 400 dicas

156 422 282 456 ignorare
310 421 445 455 angelos:
468 424 497 446 ut
523 427 573 447 nec
601 426 677 445 arma
705 419 794 452 ferre,
821 419 882 446 licet
905 420 941 445 ita

155 466 230 495 Giesi
252 466 303 493 visi
328 469 392 493 sunt
405 464 440 498 ⁸³,
457 472 519 492 cum
534 464 669 499 dcjectum
684 464 806 491 timentis
821 465 942 491 animum

154 513 301 546 erigerent.
316 511 369 544 Qui
386 511 469 545 igitur
487 511 538 538 ista
554 511 694 542 dixerunt,
712 510 795 537 etiam
812 511 845 537 ad
862 511 943 538 histo-

155 559 224 585 riam
239 556 402 588 retulerunt,
419 564 481 584 cum
503 557 549 592 qui
569 556 622 583 illis
643 561 722 583 antea
739 556 785 583 Dei
801 564 879 591 opem
899 556 944 583 ad-

156 611 252 630 versus
270 602 390 630 hostium
411 602 526 630 insidias
539 602 740 634 denuntiasset,
753 602 943 629 dubitantibus

154 649 280 684 quisnam
295 652 380 681 esset,
392 649 440 683 qui
453 653 565 680 erueret,
577 656 639 675 eum
651 649 818 682 respondere
830 648 943 674 aﬁirma-

155 698 228 725 runt,
248 693 296 728 qui
317 692 456 720 Edomitas
475 693 554 720 vobis
577 693 758 725 insurgentes,
778 700 841 719 cum
862 692 944 720 hosti—

155 739 204 765 bus
225 737 334 770 vestris,
351 742 378 763 et
403 737 437 763 iis
459 737 554 768 etiam,
571 743 585 762 a
603 736 704 770 quibus
725 735 871 770 ell‘ugicndi
894 736 943 762 vias

154 783 360 814 obsiderentur,
376 782 412 809 ita
424 782 567 810 delcturus
582 783 628 814 sit,
642 786 672 809 ut
687 782 797 808 illorum
812 782 941 816 sanguine

153 829 289 864 inquinari
306 828 439 856 videatur.
452 828 580 863 intelligit
593 833 682 856 autem
699 836 746 862 per
762 827 856 860 Edam,
871 827 941 855 Esau

154 880 278 909 posteros
292 883 300 901 :
315 882 363 909 per
376 874 460 901 Bosor
473 882 546 907 vero,
565 875 689 902 llosram.
705 874 763 901 Non
779 879 821 902 est
836 874 938 907 iniusta

153 920 237 954 igitur
253 920 340 954 ipsius
362 919 389 946 in
407 919 469 947 illos
486 920 595 946 decreta
615 919 828 946 animadversio.
854 918 940 945 Vocat

153 964 224 990 enim
252 963 322 992 Deus
347 964 381 991 ad
407 964 543 999 judicium
569 964 710 995 homines,
738 968 767 990 ut
795 972 938 999 poenarum

152 1010 307 1044 aequitatem
321 1011 460 1042 ostendat,
475 1017 523 1037 nec
536 1018 583 1037 eas
597 1010 630 1037 ab
647 1010 712 1042 alio,
727 1018 809 1044 quant
824 1011 858 1037 ab
872 1010 938 1044 ipsis

154 1055 302 1090 proﬁcisci.
319 1056 387 1083 Cum
403 1056 475 1082 enim
493 1056 647 1088 ulciscitur,
664 1057 783 1091 idipsum
806 1055 872 1083 facit
895 1063 939 1084 sa-

153 1102 220 1129 lutis
235 1103 321 1136 gratia
338 1102 410 1134 :vel,
425 1105 455 1128 ut
473 1102 639 1136 prenitcntes
662 1103 818 1134 salvemur,
839 1102 891 1134 vel,
910 1107 940 1129 ut

992 234 1041 270 τὴν
1057 234 1158 260 δειλίαν
1173 234 1255 260 αὐτοῦ
1267 233 1463 269 διορθούμενοι.
1480 233 1573 260 Ταῦτα
1585 235 1674 261 τοίνυν
1688 235 1780 262 εἰπόν-

991 289 1048 312 τες,
1068 280 1114 306 καὶ
1131 280 1191 306 καθ’
1207 280 1329 315 ιστορίαν
1343 279 1483 313 ἐξέλαϐον,
1501 279 1627 314 λέγοντες
1639 288 1646 295 ’
1666 280 1705 313 ὼς
1714 290 1779 317 προ-

992 327 1175 361 αναφωνήσας
1190 326 1281 357 αὐτοῖς
1295 325 1342 352 τοῦ
1357 326 1425 352 Θεοῦ
1438 326 1487 361 τὴν
1498 326 1642 361 ἀντίληψιν
1653 327 1721 363 πρὸς
1732 329 1781 363 τὴν

991 371 1046 398 τῶν
1061 371 1194 398 ἐπιόντων
1212 371 1369 407 ἐπιϐουλὴν,
1384 371 1589 407 ἀμφισϐητοῦσι
1603 371 1645 403 τίς
1657 375 1673 399 ό
1685 373 1781 407 ῥυσό-

990 426 1092 452 μενος,
1107 417 1207 452 φησίντ
1235 417 1263 443 '0
1278 417 1342 449 τοὺς
1357 417 1391 449 ἐξ
1408 417 1501 452 Ἐδὼμ
1520 418 1583 450 τοὺς
1604 418 1781 452 ἐπιθεμένους

994 463 1063 499 μετὰ
1075 463 1129 490 τῶν
1143 463 1248 498 ἐχθρῶν
1272 463 1349 497 ὑμῶν
1370 463 1446 498 ὑμῖν,
1465 463 1512 490 καὶ
1537 464 1587 496 τὰς
1614 464 1663 499 τῆς
1692 465 1782 499 φυγῆς

992 509 1154 544 διεκδρομὰς
1180 508 1393 543 ἁποφράξαντας
1419 509 1522 541 ἀνελεῖ,
1547 510 1584 540 ὡς
1598 511 1781 545 μεμολύνθαι

992 555 1081 581 δοκεῖν
1091 555 1130 589 τῷ
1142 554 1252 581 ἐκείνων
1263 555 1374 590 αἵματι.
1395 555 1489 590 Ἐδὼμ
1503 555 1532 582 δὲ
1542 555 1614 589 λέγει
1632 557 1696 588 τοὺς
1707 551 1782 588 υἱοὺς

999 600 1095 633 Ἡσαῦ,
1112 601 1211 635 Βόσορ
1225 601 1252 627 δὲ
1266 601 1316 636 τὴν
1330 601 1446 636 βόστραν
1464 607 1486 628 ι’.
1513 603 1614 637 Δικαία
1626 603 1715 628 τοίνυν
1730 603 1780 628 αὑ-

993 645 1057 677 τοὺς
1069 645 1174 680 μέτεισι
1182 645 1276 680 ψήφῳ.
1302 645 1368 677 Θεὸς
1387 646 1441 681 γὰρ
1457 646 1620 680 ἀνθρώπους
1636 647 1676 678 είς
1691 647 1782 682 κρίσιν

993 691 1081 723 καλεῖ,
1099 690 1129 717 τὸ
1145 691 1249 717 δίκαιον
1259 691 1308 726 τῆς
1319 691 1456 726 τιμωρίας
1479 691 1713 726 ἐπιδεικνύμενος,
1736 692 1782 717 καὶ

992 735 1029 766 ὡς
1042 735 1072 768 ἐξ
1083 735 1187 762 ἑαυτῶν
1203 735 1396 770 ὑπομένουσιν.
1410 736 1497 767 Αὐτὸς
1511 737 1565 771 γὰρ
1579 736 1657 772 δίκην
1671 737 1781 770 ἐπάγων

993 780 1064 816 ὑπὲρ
1075 781 1214 816 σωτηρίας
1228 783 1310 812 ποιεῖ,
1322 781 1338 816 ἢ
1353 782 1396 808 ἵνα
1407 782 1539 816 σωθῶμεν
1553 783 1780 818 μετανοήσαντες,

993 827 1009 862 ἦ
1025 827 1221 862 περιπέσωμεν
1235 828 1391 863 κουφοτέρα
1405 830 1438 863 τῇ
1452 829 1542 863 κρίσει
1561 828 1608 854 τοῦ
1629 828 1781 863 μέλλοντος.

993 872 1204 908 Τιμωρούμενος
1219 874 1247 900 δὲ
1257 874 1321 904 τοὺς
1335 874 1369 905 ἐξ
1381 874 1477 909 Ἐδὼμ
1493 875 1574 909 ἤρκει
1591 875 1680 909 ἐαυτῷ
1703 874 1771 910 μηδε

992 918 1036 950 vi):
1055 919 1288 953 συμμαχοῦντος
1315 920 1455 953 δεόμενος.
1483 922 1568 954 Λόγῳ
1595 921 1650 955 γὰρ
1664 920 1781 954 ἀναιρεῖ,

992 966 1040 992 καὶ
1051 966 1144 993 ἱκανὸν
1157 966 1239 993 αὑτοῦ
1254 966 1334 1001 μόνον
1352 967 1382 992 τὸ
1398 967 1516 1002 θέλημα,
1534 967 1673 1001 ἐξαλεῖψαι
1690 967 1718 992 δὲ
1734 967 1782 992 αὑ-

991 1012 1054 1043 τοὺς
1077 1011 1238 1045 βουλομένου
1264 1011 1342 1042 Θεοῦ,
1370 1012 1420 1038 οὐκ
1434 1010 1468 1047 ἦν
1487 1021 1514 1038 τι
1526 1012 1664 1046 ,βοηθοῦν
1679 1012 1780 1042 αὐτοῖς.

993 1057 1048 1083 Οὐκ
1061 1055 1094 1091 ἥν
1107 1057 1161 1092 γὰρ
1177 1058 1206 1084 ὲν
1227 1058 1319 1088 αὐτοῖς
1333 1057 1437 1088 δίκαιος
1456 1058 1617 1092 δυσωπῆσαι
1634 1057 1783 1092 δυνάμενος

992 1102 1038 1129 τὸν
1051 1102 1128 1130 Θεὸν.

160 1148 247 1176 levius
267 1148 412 1183 judicium,
435 1155 517 1183 quam
538 1149 610 1184 quod
633 1149 755 1176 futurum
777 1153 830 1182 est,
852 1149 1011 1176 subeamus.
1028 1148 1120 1183 Neque
1139 1156 1204 1176 vero
1244 1156 1308 1176 cum
1330 1148 1468 1176 Edontitas
1502 1149 1600 1176 ulcisci
1643 1147 1782 1178 statuerit,

153 1195 316 1231 cujusquam
344 1195 446 1222 auxilio
471 1196 618 1231 indigebit,
643 1196 690 1231 qui
717 1196 770 1224 sibi
797 1196 864 1224 satis
892 1196 938 1223 sit.
958 1196 1043 1223 Necat
1062 1197 1134 1223 enim
1153 1197 1229 1223 verba
1253 1197 1329 1231 ipso,
1355 1197 1491 1232 habetque
1526 1197 1611 1224 solam
1642 1196 1676 1224 ad
1691 1198 1783 1223 omn‘a

155 1243 280 1270 idoneam
300 1245 328 1269 et
362 1241 543 1269 sufﬁcientem
568 1243 748 1270 voluntatem.
770 1241 838 1269 Cum
865 1247 956 1269 autem
994 1241 1086 1269 delere
1110 1242 1185 1276 ipsos
1210 1242 1282 1269 Deus
1308 1242 1463 1275 statuisset,
1485 1242 1553 1269 nihil
1575 1250 1690 1277 prorsus
1712 1247 1783 1271 erat,

154 1288 222 1324 quod
237 1288 425 1316 auxiliaretur.
450 1288 519 1322 Quia
541 1288 648 1316 scilicet
669 1287 741 1314 inter
760 1295 808 1315 eos
831 1287 939 1322 justitia
978 1287 1198 1319 commendatus,
1222 1287 1268 1322 qui
1294 1287 1377 1315 Deum
1405 1287 1515 1322 placare
1540 1292 1648 1323 posset,
1692 1288 1783 1316 nullus

157 1335 357 1370 reperiebatur.

189 1381 371 1417 725—725
401 1381 486 1410 Vens.
511 1382 583 1410 7-19.
611 1381 806 1409 Misericordia
834 1381 942 1409 Domini

1028 1381 1105 1413 ζ-ιθ⁸.
1129 1381 1184 1408 Τὸν
1196 1381 1285 1408 ἔλεον
1300 1381 1411 1416 Κυρίου
1425 1381 1583 1416 ἐμνήσθην
1592 1389 1600 1396 ·
1612 1383 1665 1415 τὰς
1679 1382 1784 1415 ἀρετὰς

156 1430 310 1455 recordatus
344 1436 421 1460 sum;
450 1429 578 1454 virtutum
608 1427 713 1454 Domini
743 1428 885 1455 meminero
915 1429 942 1454 in

995 1428 1113 1461 Kuplov,
1126 1427 1161 1454 ἐν
1175 1427 1270 1454 πᾶσιν
1283 1425 1328 1459 οἷς
1343 1427 1450 1460 Κύριος
1461 1426 1533 1461 ἡμῖν
1551 1427 1783 1459 ᾀνταποὸίδωσι.

156 1475 288 1507 omnibus,
302 1483 360 1509 qua:
376 1474 499 1501 retribuit
515 1474 602 1501 nobis.
620 1473 748 1500 Dominus
763 1474 846 1508 judect
861 1474 943 1501 bonus

995 1473 1101 1506 Κύριος
1127 1473 1228 1507 κριτὴς
1254 1472 1365 1507 ἀγαθὸς
1382 1472 1422 1505 τῷ
1440 1473 1512 1505 οἴκῳ
1545 1473 1668 1506 Ἰσραὴλ
1681 1473 1786 1507 ἐπάγει

155 1521 246 1546 domui
261 1519 347 1547 Israel
361 1519 471 1546 adducit
485 1519 560 1546 nobis
575 1519 717 1546 secundum
730 1519 943 1546 misericordiam

995 1518 1067 1552 ἡμῖν
1082 1519 1158 1545 κατὰ
1179 1519 1210 1545 τὸ
1228 1519 1314 1551 ἕλεος
1329 1518 1434 1549 αὑτοῦ,
1463 1518 1511 1544 καὶ
1529 1518 1603 1545 κατὰ
1621 1518 1655 1545 τὸ
1669 1517 1786 1551 πλῆθος

156 1574 243 1598 suam,
265 1570 290 1592 et
307 1564 451 1592 secundum
479 1564 673 1591 multitudinem
695 1563 810 1598 justitiw
827 1571 892 1591 sum.
911 1563 943 1590 Et

996 1564 1050 1598 τῆς
1068 1564 1263 1597 δικαιοσύνης
1284 1563 1388 1591 αὐτοῦ.
1405 1564 1459 1590 Καὶ
1483 1564 1582 1595 εἶπεν,
1601 1565 1662 1598 Οὐχ
1682 1565 1698 1590 ὀ
1711 1565 1786 1595 λαός

156 1611 225 1637 dixit
240 1619 248 1638 .'
265 1609 328 1637 Non
350 1610 462 1645 populus
484 1617 557 1637 utens
579 1609 650 1644 ﬁlii?
673 1609 848 1644 Nequaquam
870 1616 947 1641 repu-

156 1657 279 1684 diantur.
295 1655 330 1683 Et
345 1656 433 1690 factus
451 1661 490 1683 est
512 1657 566 1683 illis
589 1657 616 1683 in
638 1656 749 1682 salutem
768 1662 800 1682 ea:
814 1655 885 1681 omni
901 1655 944 1680 tri-

158 1702 293 1729 bulatione
307 1709 409 1729 eorum.
425 1701 485 1728 Non
500 1701 611 1736 legatus,
626 1709 677 1728 non
696 1701 817 1736 angelus,
830 1699 875 1727 sed
892 1700 946 1734 ipse

159 1748 284 1778 saluauit,
299 1752 354 1775 etc.

191 1792 273 1827 726
286 1791 416 1819 Absoluta
437 1792 470 1819 de
488 1791 609 1819 secundo
626 1791 673 1818 Dei
690 1790 806 1818 adventu
822 1791 945 1826 disputa-

158 1838 242 1867 tione.
254 1839 287 1864 ad
303 1836 377 1864 aliud
394 1837 492 1864 transit
504 1841 708 1871 argumentum,
719 1837 744 1863 in
756 1844 810 1871 quo
824 1837 944 1871 seipsutn

159 1883 287 1918 populus,
308 1882 381 1917 quod
408 1883 464 1910 suis
489 1883 514 1909 in
539 1883 624 1910 Deum
652 1890 760 1917 semper
778 1883 812 1910 de
832 1890 861 1910 se
878 1882 946 1909 bene

159 1930 284 1955 meritum
297 1928 461 1956 criminibus
472 1929 591 1963 reiectus
601 1929 647 1961 sit,
656 1932 780 1956 accusat.
792 1928 844 1955 Alii
855 1932 946 1955 tamen

157 1974 329 2006 exisdmant,
348 1973 394 2001 ubi
409 1973 443 2001 de
466 1982 514 2001 sua
529 1975 569 2001 ira
584 1974 656 2002 Deus
671 1974 803 2002 adversus
823 1982 875 2001 non
891 1982 947 2002 cre-

158 2020 253 2046 dentes
273 2019 352 2052 dixit,
370 2026 384 2045 a
415 2019 608 2055 desperatione
624 2027 672 2047 eos
689 2019 851 2055 prophetam
872 2027 947 2047 revo-

159 2073 233 2097 care,
250 2065 297 2099 qui
320 2064 405 2092 Deum
428 2065 588 2092 clementem
603 2069 630 2093 et
651 2066 800 2092 humanum
819 2072 880 2092 esse
895 2064 946 2092 do-

159 2114 229 2137 ceat.
243 2110 296 2137 Alii
315 2110 398 2137 ctiam
415 2111 551 2142 eumdem,
567 2110 612 2137 ubi
636 2109 831 2137 beneﬁciorum
847 2110 947 2137 multi—

160 2156 282 2182 tudinem
305 2155 523 2183 demonstrasset
540 2155 579 2191 (in
595 2156 695 2190 quibus
715 2155 775 2190 ipsa
793 2155 874 2183 etiam
896 2156 945 2182 ad-

992 1619 1052 1645 μου
1064 1609 1154 1637 τέκνα
1162 1619 1172 1643 ;
1184 1611 1224 1637 Οῡ
1237 1610 1276 1644 μὴ
1288 1610 1466 1644 ἁθετηθῶσι.
1483 1610 1537 1637 Καὶ
1552 1610 1669 1644 ἐγένετο
1684 1609 1783 1643 αὐτοῖς

995 1657 1038 1689 εἰς
1063 1656 1213 1690 σωτηρίαν
1241 1656 1275 1682 ἐκ
1313 1655 1415 1690 πάσης
1449 1656 1580 1690 θλίψεως
1605 1654 1714 1683 αὐτῶν.
1744 1657 1785 1682 Οὐ

995 1701 1139 1735 πρέσϐυς,
1167 1701 1237 1727 οὐδὲ
1266 1700 1408 1736 ἄγγελος,
1445 1701 1515 1729 ἀλλ’
1550 1702 1642 1734 αὑτὺς
1668 1701 1786 1728 ἔσωσεν

996 1747 1117 1780 αὐτοὺς,
1137 1755 1164 1774 κ.
1181 1756 1207 1774 τ.
1222 1747 1246 1774 λ.

1032 1793 1073 1820 Τὰ
1084 1793 1148 1828 περὶ
1166 1793 1215 1827 τῆς
1231 1791 1360 1828 δευτέρας
1375 1792 1421 1819 τοῦ
1437 1792 1556 1828 Χριστοῦ
1570 1793 1721 1828 παρουσίας
1736 1801 1785 1819 πε-

996 1838 1149 1873 πλήρωται,
1165 1838 1212 1864 καὶ
1231 1838 1352 1873 μέτεισιν
1379 1839 1420 1870 εἰς
1441 1838 1540 1873 ἑτέραν
1566 1838 1708 1870 ὑπόθεσιν,
1725 1835 1786 1875 ὲνῇ

995 1885 1146 1919 κατηγορεῖ
1161 1883 1259 1910 ἑαυτοῦ
1285 1884 1299 1910 ὁ
1314 1884 1388 1916 λαὸς,
1404 1884 1442 1916 ὡς
1467 1885 1507 1916 είς
1521 1884 1625 1911 ἄνωθεν
1636 1884 1785 1919 εὐεργέτην

995 1929 1042 1954 τὸν
1057 1928 1123 1954 Θεὸν
1136 1928 1305 1964 ἡμαρτηκὼς
1325 1929 1523 1964 ἁποῦἑϐληται.
1535 1930 1604 1956 Καθ’
1619 1929 1731 1965 ἑτέρους
1746 1930 1785 1961 δὲ,

996 1973 1064 2000 Θεοῦ
1090 1974 1139 2009 τὴν
1164 1974 1235 2001 κατὰ
1261 1974 1315 2001 τῶν
1326 1975 1501 2010 ὴπιθηκότων
1524 1975 1646 2007 εἰπόντος
1662 1976 1756 2010 ὀργὴν,
1772 1976 1786 2001 ὁ

997 2019 1139 2055 προφήτης
1154 2020 1203 2046 οὐκ
1213 2020 1246 2055 ἐᾷ.
1263 2021 1361 2056 χωρεῖν
1374 2021 1472 2052 αὐτοὺς
1485 2021 1525 2051 είς
1544 2021 1710 2054 ἀπόγνωσιν,
1726 2021 1786 2054 φιλο

996 2065 1141 2100 ανθρώπου
1159 2066 1338 2101 τυγχάνοντος
1367 2066 1414 2092 τοῦ
1442 2067 1520 2094 Θεοῦ.
1539 2067 1606 2093 Κατ’
1624 2066 1720 2097 ἄλλους
1745 2066 1783 2100 δὲ,

997 2110 1065 2146 πρὸς
1074 2110 1104 2136 τὸ
1117 2111 1217 2145 πλῆθος
1228 2111 1282 2137 τῶν
1297 2111 1458 2146 δειχθέντων
1471 2111 1580 2145 ἀγαθῶν
1590 2111 1629 2146 τῷ
1646 2113 1784 2148 προφήτῃ,

997 2156 1026 2182 ὲν
1041 2153 1083 2187 οἷς
1095 2153 1129 2191 ἧν
1154 2156 1202 2182 καὶ
1218 2157 1234 2191 ἡ
1252 2156 1323 2182 κατὰ
1350 2157 1404 2183 τῶν
1434 2156 1590 2191 ἀλλοεύλων
1606 2157 1685 2192 ὀργὴ.
1704 2159 1740 2192 μὴ
1755 2158 1784 2184 τὸ

160 2209 256 2228 \crsus
282 2201 453 2235 alienigenas
475 2202 515 2228 ira
537 2201 647 2233 fuerat,
670 2201 718 2236 qui
745 2201 847 2227 nullam
874 2201 943 2236 grati

998 2201 1066 2237 πρὸς
1079 2201 1145 2227 Θεὸν
1162 2200 1375 2236 ἐπιδειξαμένων
1391 2202 1562 2237 εὐχάριστον,
1586 2201 1667 2233 αὐτὸς
1681 2202 1783 2237 διηγεῖ-

159 2247 243 2274 animi
265 2246 496 2281 signiﬁcationem
512 2246 568 2273 Deo
583 2245 766 2281 prasbuerant)
786 2251 944 2281 perpetuam

160 2292 206 2319 Dei
224 2292 433 2319 misericordiam
453 2299 606 2319 recensere.
626 2291 684 2318 Non
701 2292 772 2318 cnim
788 2292 946 2325 obliviscar,

160 2338 258 2371 inquit,
277 2337 479 2372 quantumlibet
501 2338 615 2365 molesta
628 2343 654 2365 et
669 2338 737 2365 dura
750 2346 800 2365 nos
819 2337 845 2364 in
864 2338 945 2364 ﬁnem

160 2384 224 2417 pati,
238 2389 267 2410 et
286 2383 361 2418 rejici
386 2384 542 2419 contigerit.
568 2384 620 2411 Sed
643 2388 685 2412 est
706 2384 867 2415 notandum,
888 2383 944 2415 ubi,

161 2429 192 2455 In
216 2429 354 2461 omnibus,
381 2438 440 2465 qua:
468 2430 590 2456 retribuit
618 2430 710 2462 nobis,
739 2430 886 2462 habemus,
909 2429 946 2456 De

158 2474 289 2504 omnibus,
300 2482 358 2509 qua:
378 2474 501 2508 benefacit
517 2474 602 2505 nobis.
618 2473 812 2509 Symmachum
827 2473 946 2507 dixisse,

159 2519 203 2545 ubi
218 2526 326 2546 rursum
341 2518 435 2546 Bonus
445 2520 540 2553 judex,
557 2520 639 2546 etiam
653 2520 684 2546 de
696 2519 860 2553 plenitudine
871 2520 946 2546 boni-

160 2565 222 2591 latis
243 2564 428 2598 interpretari.
451 2564 587 2592 Czcterum
611 2571 664 2592 non
686 2568 814 2598 tanquam
836 2571 947 2593 severus

159 2610 240 2645 judea;
265 2610 333 2636 iram
357 2617 433 2637 suam
458 2611 484 2637 in
509 2617 558 2638 nos
581 2610 701 2645 peccatis
724 2609 882 2642 admetitur,
900 2612 946 2639 sed

159 2655 301 2684 clementia
326 2660 469 2691 temperat.
490 2655 549 2683 Non
570 2656 642 2685 enim
665 2659 797 2683 nocentes
823 2656 942 2691 relinqui

193 2741 214 2757 ⁸³
230 2741 262 2768 lV
279 2742 346 2777 lleg.
362 2750 400 2776 vi,
417 2742 460 2770 17.

996 2256 1040 2274 ται
1057 2247 1103 2273 τοῦ
1117 2246 1186 2273 Θεοῦ
1197 2246 1242 2273 τὸν
1258 2247 1361 2274 ἀνωθεν
1373 2247 1470 2274 ἔλεον.
1488 2247 1525 2273 Οὑ
1536 2248 1591 2282 γὰρ
1606 2247 1782 2283 ἐπιλήσομαι,

997 2297 1008 2311 ³
1027 2293 1051 2318 εί
1068 2292 1115 2318 καὶ
1130 2291 1281 2327 σκυθρωπὰ
1298 2292 1430 2327 μετῆλθεν
1443 2292 1515 2326 ἡμᾶς
1527 2293 1555 2317 ἐν
1570 2292 1652 2322 τέλει,
1669 2294 1715 2318 καὶ
1732 2294 1784 2318 ἁπ-

996 2338 1158 2372 εϐλήθημεν.
1173 2337 1245 2364 ’Λντὶ
1260 2337 1288 2364 δὲ
1303 2337 1362 2371 τοῦ,
1384 2338 1419 2364 ἐν
1435 2337 1551 2365 ἅπασιν
1565 2335 1609 2370 οἷς
1623 2338 1780 2365 ἀνταποδί-

996 2383 1090 2410 δωσιν
1102 2383 1184 2418 ἡμῖν,
1206 2385 1220 2410 ὁ
1237 2383 1394 2420 Σύμμαχος,
1415 2384 1481 2418 περὶ
1497 2384 1617 2410 πάντων
1634 2381 1678 2410 ὧν
1696 2385 1783 2418 εὐηρ-

1000 2429 1128 2464 γέτησεν
1140 2429 1228 2464 ἡμᾶς,
1255 2431 1360 2465 είρηκε,
1377 2430 1423 2457 καὶ
1439 2430 1500 2456 ἀντὶ
1512 2430 1569 2462 τοῦ,
1588 2428 1697 2464 Κριτὴς
1712 2431 1785 2465 ἀμι-

999 2477 1051 2508 οός
1062 2484 1068 2491 ·
1083 2475 1117 2502 ἐκ
1136 2476 1272 2510 πλήθους
1290 2476 1497 2511 ἀγαθωσύνης.
1512 2475 1586 2510 Πλὴν
1598 2477 1646 2511 οὶιχ
1667 2475 1705 2507 ὡς
1725 2485 1786 2509 κρι-

1000 2523 1055 2556 τὴς
1078 2524 1196 2558 ἀκριδὴς
1224 2524 1394 2558 πιραμετρεί
1416 2523 1466 2558 τὴν
1484 2523 1613 2558 ἐφ’ὴμᾶς
1630 2523 1715 2558 ὀργὴν
1729 2524 1786 2554 τοῖς

1000 2569 1244 2604 πλημμελήμασιν,
1260 2569 1408 2604 ἁγαθὸτητι
1429 2569 1531 2604 ταύτην
1548 2569 1660 2604 κιρνῶν.
1689 2569 1786 2604 Ἀκρὸ-

1001 2623 1052 2649 της
1070 2615 1119 2648 μὲν
1135 2614 1187 2649 γὰρ
1202 2614 1239 2640 ὢν
1257 2614 1429 2649 δικαιοσύνης
1445 2615 1495 2641 οὐκ
1518 2613 1622 2646 ἀθῴους
1651 2615 1695 2649 ὲᾷ.
1714 2615 1787 2647 dra-

1000 2660 1099 2692 οότιιτι
1115 2659 1143 2686 δὲ
1154 2660 1198 2688 τὸν
1210 2659 1295 2695 θυμὸν
1309 2660 1416 2696 ἡμεροῑ,
1433 2659 1574 2688 Σέσωσται
1590 2660 1644 2696 γὰρ
1656 2659 1686 2686 τὸ
1700 2660 1786 2686 κατά-

794 2787 911 2818 ΥΑΜᾹ]
931 2788 1135 2819 LEC'l‘lONES.

196 2840 208 2858 τ
236 2846 280 2871 ῃ).
293 2838 401 2873 βὸσραν.
441 2845 452 2858 ο
467 2841 496 2865 .l.
512 2847 603 2873 φησιν.
