1988 3079
168 186 239 217 Ξῦτό

746 185 1011 215 COMMENTARII
1025 184 1064 215 IN
1084 184 1226 214 lSAIAM.

1719 180 1767 210 201'
1773 179 1789 209 4

169 242 282 275 λειμμα.
313 239 417 274 Δεῖγμα
442 239 470 265 δὲ
498 239 626 273 μέγιστον
639 239 693 272 τῆς
712 239 913 272 ἀγαθότητος,
929 240 959 266 τὸ

1017 241 1122 272 τιιιίιιιιι,
1134 239 1180 274 qui
1195 236 1308 273 jusliliu:
1324 236 1462 270 fastigium
1477 234 1597 267 obtinet,
1613 234 1659 262 sed
1675 234 1792 262 bonitate

169 285 284 318 ἀξιῶσαι
298 285 388 312 τέκνα
405 285 498 311 καλεῖν
508 285 561 312 τὸν
575 286 663 316 λαὸν,
679 286 704 311 εἰ
718 286 754 320 μὴ
766 286 888 312 ἀθετοῖεν
906 286 956 321 τὴν

169 333 259 367 χάριν.
275 332 320 357 Διὸ
330 331 400 357 κατὰ
412 330 560 366 Σύμμαχον
575 331 682 365 εἴρηται
693 339 701 346 ·
717 331 803 364 Πλὴν
815 332 889 364 λαός
898 331 956 366 μού

169 379 248 405 εισιν
263 377 322 404 vlot
340 378 395 404 οὐκ
409 376 666 410 ἁσυνθηκοῦντες.
682 376 736 406 Οὓς
759 377 913 412 ἀπήλεγχεν
927 378 957 403 ὲν

170 425 240 458 ἀρχῇ
258 424 355 457 λέγων·
368 423 450 454 Υἰοὺς
464 422 608 457 ἐγέννησα,
625 422 674 449 καὶ¹
695 422 792 457 ὖψωσα
806 431 812 438 ·
832 423 910 449 αὐτοὶ
929 423 956 449 δέ

172 478 206 503 με
220 469 368 503 ἠθέτησαν.
399 469 498 504 Ἐχρῆν
515 469 570 504 γὰρ
585 469 624 498 ὡς
643 468 733 495 τέκνα
762 468 904 495 πείθεσθαι
919 468 958 503 τῷ

171 514 337 549 πατέρι,καὶ
348 513 516 547 αὐτάγγελον
535 514 582 540 ἐπὶ
596 513 720 549 σωτηρίᾳ
745 514 867 548 παρόντα
880 513 958 546 δέξα-

173 558 234 584 σθαι
253 558 305 584 τὸν
325 558 403 589 mw,
417 558 467 593 οὐχ
484 558 569 594 ἑτέρῳ
579 559 632 584 τινὶ
645 558 761 593 διακόνῳ
774 558 958 593 χρησάμενον·

171 605 201 630 οὺ
211 604 266 639 γὰρ
277 601 311 638 ἦν
325 604 470 637 πρέσϐυς,
482 603 572 640 [φησὶ]
586 605 740 639 προφήτης,
752 605 806 631 οὐκ
820 604 958 639 ἅγγελος.

1008 287 1076 314 iram
1097 286 1255 313 moderatur
1273 288 1299 310 ct
1319 283 1395 310 lenit.
1420 282 1490 308 Sunt
1504 281 1576 308 enim
1597 281 1711 309 salutent
1727 288 1791 308 con-

1009 335 1109 359 secuta:
1133 330 1265 365 reliquim.
1287 328 1333 355 Est
1357 335 1422 354 vero
1449 327 1575 353 bonitatis
1601 329 1791 359 argumentum

1009 377 1170 408 maximum,
1187 374 1260 410 quod
1288 373 1412 408 populant
1434 372 1552 405 [illorum
1570 371 1651 406 727
1672 371 1791 405 appella-

1009 423 1083 449 tione
1100 421 1243 456 dignatur,
1261 420 1283 446 si
1304 419 1420 454 gratiam
1444 425 1499 444 non
1519 421 1709 451 aspernentur.
1732 415 1792 448 Qun

1010 468 1111 494 factum
1128 471 1179 498 est,
1198 472 1227 493 ιιι
1252 466 1289 492 ita
1311 467 1430 492 verteret
1450 463 1632 498 Symmachus
1650 469 1658 488 :
1682 461 1790 488 Verum.

1011 517 1097 538 tamen
1119 511 1228 546 populus
1255 519 1326 537 meus
1350 514 1410 536 sunt
1425 509 1474 543 ﬁlii
1498 516 1549 534 mm
1572 507 1794 542 prwvaricantes;

1010 567 1079 594 quos
1090 559 1168 585 initio
1181 557 1365 593 reprehendit,
1376 564 1438 584 cum
1452 556 1521 583 ﬁlios
1533 555 1672 590 genuisse,
1683 559 1709 581 et
1724 555 1796 581 exal-

1011 608 1096 637 tasse,
1112 604 1146 630 ab
1163 603 1231 638 ipsis
1255 606 1344 629 autem
1361 601 1521 628 derelictum
1546 607 1575 626 se
1595 606 1658 627 esse
1674 606 1796 633 conque-

173 652 243 679 ritur
255 652 289 679 ⁸¹.
305 651 423 679 Docebat
441 652 513 678 enim
530 656 660 686 tanquam
676 651 747 685 ﬁlios
766 651 841 678 Patri
858 659 960 679 moretn
979 659 1085 687 gerere,
1098 655 1126 679 et
1139 650 1251 682 Filium,
1273 650 1319 684 qui
1337 657 1351 676 ιι
1368 649 1457 681 Patre,
1473 647 1570 676 salutis
1586 654 1680 674 eorum
1699 652 1794 677 causa,

174 698 251 724 nullo
282 697 398 725 alterius
427 698 598 726 ministerio.
626 697 763 731 venisset,
797 702 960 733 prmaentem
995 698 1131 733 amplecti.
1169 697 1231 725 Non
1255 697 1328 724 enim
1356 696 1456 730 legatus
1484 698 1544 722 erat
1559 693 1610 728 (ait
1638 692 1794 728 propheta).

173 751 225 769 non
242 743 362 777 angelus.

209 789 263 815 Καὶ
279 790 308 815 ὲν
316 789 446 824 Αἰγύπτῳ
454 789 493 821 δὲ,
506 789 599 823 φασὶν,
613 790 638 816 εἰ
649 790 696 816 καὶ
709 789 790 824 μέσος
797 787 831 826 ἦν
842 790 956 825 Μωσῆς,

1044 789 1073 816 lu
1089 788 1206 824 )Egypto
1218 787 1325 819 deinde,
1339 787 1426 818 aiunt.
1440 791 1597 821 quanquam
1615 783 1721 810 medius
1738 782 1798 809 Mo-

173 833 230 860 ἀλλ“
250 833 330 865 αὐτὸς
341 834 450 869 ἐνήργει
464 834 496 860 δι’
509 834 614 860 ἐκείνου
628 834 662 861 τὰ
685 836 811 870 μέγιστα.
842 835 897 862 Καὶ
910 844 958 870 μο-

1017 845 1053 863 tes
1067 835 1160 866 fuerit.
1175 842 1222 869 per
1238 842 1300 860 eum
1317 834 1374 868 ipse
1385 840 1446 867 qua:
1462 831 1580 858 maxima
1604 832 1685 856 erant
1699 835 1798 862 opera-

175 879 367 913 σχοποιήσασιν
381 876 528 913 ἡπεὶλησεν
546 878 662 913 ἄγγελον
677 879 795 914 πέμψειν
821 879 867 906 τὸν
888 880 958 914 ἡγη-

1017 885 1100 909 ηιιιτ.
1117 881 1257 908 Miuitatus
1271 884 1313 906 est
1330 883 1472 913 praeterea,
1496 884 1557 904 cum
1571 875 1689 902 vitulum
1705 874 1799 901 confc-

175 924 300 958 σάμενον.
322 924 376 949 Καὶ
390 923 585 958 δυσφοροῦντος
598 924 729 955 Μωσέως,
741 924 823 956 αὐτὸς
834 924 959 960 ήγεῖσοαι

1017 929 1124 959 risseut,
1140 927 1265 962 angelum
1287 933 1317 953 se
1343 925 1504 955 missurum,
1529 921 1576 956 qui
1602 921 1643 948 eis
1658 923 1798 955 praeesset.

175 969 421 1003 κατεπηγγείλατο.
436 970 492 996 Καὶ
509 969 594 1003 αὐτὴν
605 969 633 995 δὲ
649 969 698 1004 τὴν
725 971 888 1004 παρουσίαν,
909 970 958 1005 οὐχ

1017 973 1089 1006 Quod
1107 980 1170 1000 cum
1183 979 1254 1006 mgre
1268 971 1339 998 ferre
1352 969 1445 997 Mosen
1458 968 1574 999 videret.
1587 967 1685 994 ducem
1697 973 1727 993 se
1741 964 1799 992 lore

175 1015 218 1041 ἵνα
248 1015 341 1050 κρίνῃ.
359 1015 516 1050 πεποίηται,
543 1016 630 1042 καίτοι.
658 1016 762 1050 κριτὴς
777 1016 826 1047 ὢν,
840 1017 896 1044 ἀλλ’
918 1017 960 1043 ἵνα

1017 1019 1123 1052 adjecit.
1147 1017 1240 1053 Neque
1257 1024 1322 1043 vero
1337 1016 1484 1043 adventum
1496 1020 1589 1046 suum,
1606 1016 1636 1039 ut
1649 1012 1798 1046 judicaret,

175 1060 223 1091 τὰς
238 1060 374 1095 ἁμαρτίας
388 1061 584 1096 ὁμολογήσουσι
601 1062 610 1079 ι
639 1062 769 1099 παράσχῃ
802 1062 852 1097 τὴν
865 1062 962 1096 ἄφεσιν

1017 1063 1093 1094 iudex
1105 1062 1240 1097 alioquin,
1255 1065 1365 1088 exstare
1379 1059 1477 1091 voluit,
1497 1058 1545 1086 sed
1562 1061 1593 1085 ut
1603 1055 1800 1085 conﬁtentibus

175 1105 219 1130 διὰ
246 1105 372 1136 πίστεως.
397 1105 473 1132 Θέλει
501 1106 555 1140 γὰρ
567 1107 614 1132 καὶ
632 1107 703 1141 ἡμᾶς
728 1107 835 1139 ἑαυτοῖς
851 1107 962 1141 ἀγαθῶν

175 1150 288 1182 αἰτίους,
304 1150 350 1176 καὶ
367 1150 404 1185 μὴ
417 1151 471 1177 τῶν
486 1152 614 1178 ἐναντίων
629 1152 692 1178 καοί
711 1152 819 1180 τασοαι.
842 1153 962 1188 Τοιγαρ-

174 1195 221 1220 οῦν
236 1194 285 1229 τῆς
297 1195 495 1230 αἱμοῤῥοούσης
522 1196 572 1232 τὴν
584 1196 675 1223 πίστιν
700 1196 789 1224 αἰτίαν
804 1197 889 1232 ἔφησε
913 1198 964 1232 τῆς

177 1241 284 1272 ἰάσεως.
315 1241 397 1268 Ὀσον
425 1242 479 1277 γὰρ
506 1240 574 1277 ἧκεν
589 1242 628 1274 εις
647 1243 739 1275 αὐτὸν,
763 1243 801 1275 ὡς
812 1243 909 1277 πατὴρ
919 1243 964 1271 τέ-

177 1296 260 1320 κνοις
274 1288 313 1318 el;
325 1287 437 1320 ἀγαθῶν
453 1287 595 1322 πρόκειται
614 1288 756 1323 χορηγίαν,
774 1288 885 1323 διηνεχῆ
899 1297 965 1324 προ-

175 1333 271 1359 τείνων
298 1333 344 1359 τὸν
371 1333 470 1365 ἔλεον,
492 1333 561 1367 πλὴν
577 1333 601 1359 εἰ
622 1334 659 1368 μή
674 1342 717 1365 τις
728 1333 858 1369 ἁμαρτὼν
870 1334 963 1361 διακό-

176 1379 262 1414 ψειεν.
277 1378 317 1405 Τὰ
336 1378 385 1413 μὲν
399 1376 445 1405 οὖν
458 1379 508 1413 τῆς
524 1378 609 1406 αὐτοῦ
627 1379 832 1413 φιλανθρωπίας
841 1379 963 1406 τοιαῦτα.

177 1423 224 1458 Mi)
236 1423 426 1458 παρασχόντες
438 1423 466 1449 δὲ
476 1422 612 1458 πρόφασιν
627 1422 702 1458 αὐτῷ
715 1423 766 1457 τῆς
789 1423 894 1450 ἑαυτῶν
912 1432 965 1450 σω-

181 1470 292 1504 τηρίας,
320 1470 364 1502 εἰς
393 1469 527 1503 πόλεμον
556 1469 757 1495 ἐπεσπάσαντο.
779 1469 823 1500 Ὠς
833 1470 889 1504 γάρ
899 1478 966 1504 φησι

178 1515 224 1541 καὶ
235 1514 317 1542 Δαϐίδ
331 1523 338 1530 ’
353 1524 363 1541 ι
394 1515 511 1546 Ποσάκις
533 1515 743 1550 παρεπίκραναν
767 1514 849 1541 αὑτὸν
876 1516 905 1542 ὲν
932 1516 964 1551 τῇ

177 1559 290 1594 ὲρήμῳ;
306 1558 483 1594 παρώργισαν
496 1560 579 1586 αὑτὸν
590 1560 619 1586 ὲν
632 1561 668 1595 γῇ
680 1559 797 1594 ἀνύδρῳ.
818 1569 827 1585 ι
842 1559 962 1594 Παρώρ-

179 1613 269 1639 γισαν
294 1604 323 1630 δὲ
350 1605 398 1630 καὶ⁸
408 1604 439 1630 τὸ
453 1604 571 1638 πνεῦμα
595 1605 735 1638 Χριστοῦ.
752 1605 801 1639 τὴν
818 1605 962 1631 ἀπείθειαν

1012 1113 1125 1144 peccata
1141 1116 1190 1142 per
1204 1107 1283 1135 ﬁdem
1305 1106 1464 1133 remitteret.
1482 1103 1546 1131 Vult
1558 1104 1632 1131 enim
1650 1103 1733 1130 etiam
1748 1108 1800 1128 nos

1014 1155 1091 1181 nobis
1105 1154 1249 1186 bonorum,
1259 1157 1286 1181 et
1302 1161 1355 1180 non
1369 1154 1613 1183 contra,auctores
1627 1156 1689 1177 esse
1701 1157 1708 1175 :
1723 1148 1800 1176 inde-

1014 1208 1066 1235 quc
1087 1200 1157 1235 ejus,
1188 1206 1248 1233 quae
1273 1197 1436 1233 proﬂuvium
1467 1194 1611 1230 sanguinis
1634 1193 1799 1229 patiebatur,

1015 1245 1186 1274 sanationem
1210 1244 1243 1270 ad
1259 1243 1339 1270 tidem
1362 1241 1500 1269 retulit".
1518 1240 1656 1273 Quantum
1673 1239 1744 1266 enim
1771 1239 1798 1266 in

1015 1292 1075 1326 ipso
1089 1291 1171 1318 situm
1186 1294 1239 1322 est,
1254 1288 1337 1316 veluti
1357 1294 1431 1322 pater
1450 1287 1514 1321 ﬁliis
1540 1286 1574 1314 ad
1592 1287 1725 1313 honorum
1745 1285 1801 1311 lar-

1015 1336 1145 1372 giliont‘m
1161 1342 1326 1370 propensus.
1348 1333 1487 1360 assiduam
1507 1331 1720 1359 misericordiam
1739 1338 1802 1366 pro-

1016 1381 1120 1415 tendit;
1150 1381 1204 1408 nisi
1234 1380 1297 1415 quis
1326 1387 1386 1407 eam
1419 1379 1542 1414 peccatis
1575 1378 1682 1405 irritam
1707 1376 1800 1404 faciat.

1015 1426 1092 1454 Talia
1114 1427 1197 1461 igitur
1218 1425 1397 1452 humanitatis
1423 1425 1512 1459 ipsius
1528 1427 1556 1452 et
1582 1423 1802 1450 mansuetudinis

1017 1472 1096 1506 signa
1111 1472 1286 1499 exstiterunt.
1310 1470 1363 1498 Sed
1384 1478 1445 1497 cum
1475 1477 1534 1497 sine
1557 1469 1655 1497 salutis
1680 1469 1803 1495 occasio-

1017 1526 1079 1546 nem
1102 1518 1128 1545 ei
1145 1525 1198 1545 non
1215 1518 1378 1553 praeberent,
1405 1516 1439 1543 ad
1464 1516 1560 1544 bellum
1583 1523 1645 1543 eum
1661 1515 1803 1549 compule—

1016 1569 1091 1591 runt.
1102 1563 1136 1590 Ut
1148 1563 1220 1590 enim
1229 1562 1269 1590 vel
1281 1562 1408 1589 Davidem
1422 1562 1450 1589 in
1460 1561 1647 1589 testimonium
1657 1567 1784 1587 vocemus
1797 1568 1803 1586 :

1021 1617 1030 1633 ι
1047 1607 1160 1640 Quoties
1177 1608 1412 1634 eracerhaverunt
1426 1613 1488 1634 eum
1507 1606 1533 1633 in
1554 1605 1682 1632 deserto?
1698 1604 1732 1631 ad
1748 1605 1804 1631 ira-

179 1652 353 1686 νοσήσαντες.
369 1651 420 1677 Διὸ
435 1651 565 1685 κατέστη
587 1651 741 1685 πολέμιος.
762 1651 822 1678 Ἶνα
839 1651 895 1687 γὰρ
928 1651 965 1686 μὴ

1017 1653 1146 1681 cundiam
1173 1656 1357 1688 provocarunt
1371 1652 1398 1679 in
1415 1656 1486 1679 terra
1512 1655 1624 1679 earente
1639 1651 1718 1686 aquis
1735 1650 1769 1677 ⁸⁸.
1791 1659 1801 1676 ι

179 1697 288 1732 δαίμοσι
298 1697 347 1732 τὴν
360 1696 535 1732 ἐπαγομένην
559 1697 651 1728 αὐτοῖς
672 1697 853 1732 ὲπιγρᾶφοιεν
874 1697 964 1732 δίκην,

179 1743 260 1774 αὐτὸς
270 1742 362 1773 αὐτοῖς
383 1742 494 1775 λέγεται
506 1742 739 1778 πεπολεμηκέναι.
754 1743 808 1769 Καὶ
825 1743 966 1778 γὰρΊὼὸ,

181 1789 280 1823 καίπερ
313 1788 392 1820 εἰδὼς
405 1789 438 1815 ἐκ
454 1788 502 1815 τοῦ
517 1788 779 1822 διαϐόλου-γίνεσθαι
794 1789 844 1821 τὰς
859 1790 969 1823 ἐπαγω-

180 1834 242 1868 γὰς,
278 1833 359 1861 αὐτοῦ
381 1834 430 1869 μὲν
459 1834 490 1861 οὺ
520 1834 666 1870 μέμνηται,
684 1834 723 1869 τῷ
735 1833 764 1860 δὲ
781 1834 968 1870 συγχωροῦντι

181 1881 327 1914 ὲπιγράφῑι
357 1880 427 1914 Θεῷ.
440 1880 634 1914 Πεττολέμηκε
664 1880 694 1906 δὲ
708 1880 753 1907 τον
765 1880 830 1908 λαὸν
846 1882 887 1912 εἰς
908 1880 970 1908 νοῦν

181 1926 216 1952 τὰ
231 1925 328 1960 πρῶτα
342 1925 446 1956 λαϐὼν,
461 1925 508 1951 καὶ
518 1925 555 1957 ὠς
569 1925 600 1952 οὐ
621 1925 669 1952 νῦν
679 1925 781 1961 πρῶτοι
795 1926 911 1953 τοιοῦτοι
925 1934 971 1960 γε-

181 1971 302 2004 γόνασιν.
320 1970 435 2001 Λύτίκα,
450 1970 497 1997 καὶ
507 1970 556 1996 διὰ
569 1970 700 2003 Μωσέως
723 1971 857 2007 τοσαύτης
871 1981 970 2007 πειρα-

183 2015 274 2046 θέντες
296 2016 341 2042 διὰ
368 2015 518 2050 Θαυμάτων
546 2016 717 2052 εὐεργεσίας,
741 2017 788 2044 τὸν
801 2017 887 2044 αἴτιον
903 2019 972 2044 ἀπο·

184 2062 347 2096 στραφέντες
362 2062 593 2096 ἐμοσχοποίησαν,
610 2063 647 2097 μὴ
661 2063 849 2097 σκοπήσαντες
861 2064 899 2095 ὠς
923 2063 971 2091 0&-

182 2107 282 2134 λατταν
290 2107 380 2142 τεμὼν
391 2107 536 2143 Ἐρυθρὰν,
545 2108 585 2141 ὡς
593 2108 698 2139 ἵππον,
707 2109 804 2141 αὐτοὺς
815 2110 859 2136 διὰ
869 2110 971 2145 ταύτης

182 2152 323 2186 διήγαγεν,
338 2152 487 2187 ἐπιστήσας
499 2152 590 2183 αὐτοῖς
607 2152 732 2187 Μωσῆν,
751 2151 794 2180 οἷα
811 2154 972 2187 προϐάτοις

183 2197 319 2231 ποιμένα,
351 2197 395 2223 διὰ
419 2197 473 2223 τῶν
488 2197 608 2232 σημείων
631 2198 746 2232 ὑψὼσας
759 2199 852 2227 αὐτόν.
886 2199 972 2226 Τοῦτο

183 2243 236 2278 γὰρ
251 2243 283 2269 τὸ
298 2243 468 2277 ἀναγαγεῖν,
484 2243 567 2277 ἤγουν
578 2244 692 2278 ἐμφανῆ
719 2245 894 2280 καταστήσας
908 2246 971 2272 λαν-

184 2288 300 2314 θάνοντα
326 2288 374 2314 καὶ
407 2288 604 2323 κρυπτόμενον,
630 2287 660 2314 ὃν
680 2288 726 2314 καὶ
754 2290 898 2326 προφήτην
918 2291 969 2317 ἁπ-

187 2332 291 2365 ἔδειξεν
302 2332 349 2358 τοῦ
363 2332 428 2359 ἰδίου
440 2331 587 2367 πληρώσας
595 2332 772 2366 πνεύματος.

1019 1698 1248 1726 Εαιιιενὺαυενιιιιι
1273 1705 1338 1726 vero
1356 1702 1383 1726 et
1411 1697 1510 1725 Christi
1535 1697 1670 1732 spiritum,
1686 1696 1733 1732 qui
1760 1696 1804 1723 in-

1019 1744 1192 1772 credulitatis
1205 1744 1301 1772 morbo
1320 1744 1486 1772 laborarent.
1509 1743 1571 1777 Quo
1588 1743 1690 1770 factum
1707 1745 1760 1776 est,
1775 1747 1805 1769 ιιι

1019 1790 1071 1816 sint
1092 1789 1124 1816 ab
1149 1790 1207 1824 ipso
1222 1790 1376 1825 oppugnati.
1394 1789 1433 1816 Ita
1456 1788 1530 1816 enim
1557 1788 1610 1816 sibi
1637 1786 1804 1822 loquendum

1019 1843 1080 1864 esse
1095 1835 1280 1868 existimavit;
1298 1843 1332 1862 ne
1348 1843 1417 1870 quas
1433 1835 1484 1869 ipsi
1511 1842 1608 1869 pinnas
1622 1834 1804 1868 pertulerunt.

1020 1882 1192 1909 daemonibus
1216 1882 1408 1908 attribuerent.
1438 1880 1580 1915 Siquidem
1605 1883 1633 1907 et.
1655 1878 1707 1906 Job
1737 1878 1805 1912 ipse,

1022 1928 1085 1955 licet
1109 1935 1170 1962 qum
1194 1927 1357 1962 patiebatur,
1383 1926 1435 1954 sibi
1455 1934 1470 1953 a
1489 1925 1599 1953 diabolo
1627 1924 1723 1952 inferri
1751 1931 1806 1951 nm

1023 1973 1174 2008 ignoraret,
1203 1972 1237 1999 de
1251 1979 1284 1998 eo
1301 1976 1390 1998 tamen
1405 1978 1466 1998 esse
1491 1970 1543 1998 sibi
1567 1969 1718 1997 tacendum
1734 1968 1805 1996 arbi-

1022 2022 1123 2050 tratus,
1142 2025 1174 2044 ea
1203 2017 1257 2044 Deo
1287 2016 1350 2050 ipsi,
1373 2016 1419 2051 qui
1446 2015 1503 2043 ﬁeri
1521 2017 1703 2050 permitteret,
1719 2013 1807 2042 ascri-

1023 2064 1063 2092 bit
1092 2065 1124 2090 δ’.
1143 2063 1307 2098 Oppugnuvit
1329 2070 1393 2090 vero
1421 2061 1570 2096 populum,
1599 2061 1691 2096 priora
1717 2065 1808 2088 mente

1023 2111 1140 2145 agitans.
1153 2117 1215 2136 cum
1228 2109 1296 2136 tales
1309 2109 1344 2135 ab
1360 2109 1410 2135 hoc
1423 2112 1546 2141 tempore
1561 2107 1678 2141 primum
1696 2106 1807 2133 minimc,

1024 2156 1082 2183 ﬁeri
1105 2155 1223 2189 coepisse
1234 2154 1436 2181 recordaretur.
1451 2152 1491 2180 Ac
1515 2160 1549 2179 ne
1567 2152 1647 2186 longe
1662 2151 1805 2181 abeamus.

1023 2202 1105 2228 etiam
1130 2208 1193 2227 cum
1212 2199 1283 2226 duce
1309 2198 1382 2225 lllose
1409 2205 1536 2233 magnam
1557 2197 1629 2224 adeo
1649 2196 1733 2231 728
1759 2203 1807 2230 per

1023 2245 1148 2273 miranda
1171 2252 1252 2279 opera
1278 2245 1450 2280 largitionem
1477 2244 1580 2279 experti
1605 2247 1717 2275 essent;
1746 2241 1807 2275 ejus

1022 2294 1160 2318 auctorem
1172 2294 1261 2316 tamen
1274 2289 1404 2320 aversati,
1420 2288 1536 2315 vitulum
1552 2287 1604 2315 sibi
1616 2287 1737 2314 conﬂare
1751 2293 1805 2313 non

986 2331 1185 2362 Ddubitarunt
1199 2335 1234 2362 ⁸⁵.
1251 2334 1306 2362 Nec
1333 2334 1490 2369 cogitarunt
1516 2340 1570 2368 quo
1585 2337 1664 2367 pacto
1688 2331 1807 2359 divisum

184 2385 259 2403 mare
283 2376 417 2408 Rubrum,
438 2382 564 2411 tanquam
589 2385 682 2412 equus,
708 2378 883 2412 trajecerint;
905 2386 968 2406 cum
987 2379 1043 2407 illis
1060 2381 1159 2408 ducem
1173 2380 1292 2415 Moysen,
1308 2380 1393 2408 veluti
1409 2384 1544 2414 pastorem
1582 2378 1684 2410 auibus,
1720 2374 1809 2412 signis

182 2424 403 2452 commendatum
433 2423 631 2458 praefecissem.
657 2423 780 2459 ldipsum
807 2425 880 2452 enim
906 2429 970 2458 est,
987 2426 1061 2461 quod
1084 2426 1210 2454 educendi
1226 2427 1309 2454 verbo
1333 2426 1494 2462 signiﬁcare
1528 2423 1640 2451 voluit:
1676 2426 1807 2457 tanquam

182 2478 245 2497 emn
262 2478 292 2498 se
313 2471 459 2503 illustrem,
483 2470 529 2506 qui
554 2471 581 2497 in
608 2471 717 2499 occulto
739 2471 852 2505 latebat,
872 2472 1047 2508 reddidisse;
1077 2475 1132 2502 imo
1155 2478 1182 2502 et
1219 2475 1379 2510 prophetam
1404 2474 1499 2505 etiam,
1537 2479 1600 2499 cum
1631 2470 1734 2504 Spiritu
1759 2476 1809 2497 suo

184 2516 364 2550 implevisset,
378 2516 505 2544 olfecisse
521 2515 636 2544 diceret.

218 2562 296 2593 Τινὲς
310 2561 339 2588 δὲ
355 2561 480 2595 ποιμένα
489 2562 534 2587 τὸν
553 2561 652 2596 Ἰωσὴφ
682 2561 797 2597 ἔφασαν,
819 2560 905 2599 οὗπερ
916 2564 970 2592 ἆν-

183 2606 302 2641 αγαγὼν
314 2607 349 2633 τὰ
363 2607 440 2639 ὀστᾶ,
464 2606 535 2641 μετὰ
545 2606 600 2633 τῶν
614 2607 679 2642 πρὶν
701 2608 866 2644 ὑποχειρίων
877 2609 971 2644 διήγα-

184 2661 243 2685 γεν,
256 2652 362 2684 δεικνὺς
375 2651 412 2684 ῶς
424 2651 485 2678 οὐδὲ
504 2652 610 2687 νεκρῶν
620 2652 675 2679 τῶν
685 2653 770 2687 ἁγίων
795 2654 970 2681 ἐπιλανθάνε-

184 2706 239 2729 ται,
252 2697 393 2729 ζωοποιεῖν
405 2697 473 2724 αὐτὰ
496 2697 722 2733 προαιρούμενος.
740 2699 833 2726 Ἀλλοι
843 2700 888 2727 τὸν
901 2701 969 2736 Χρι-

220 2754 307 2793 ἾΙςιι.
329 2755 397 2793 1.}.
428 2755 458 2793 ξ’
479 2755 572 2793 .‘\l_atth.
592 2763 635 2793 ut,
655 2755 690 2784 20
710 2765 786 2793 seqq.
823 2759 845 2774 ⁸⁵
864 2758 937 2786 Psal.
962 2767 965 2786 ι

1017 2765 1064 2790 vn,
1092 2756 1136 2784 40.

185 2791 206 2807 ³⁷
227 2790 295 2817 Gen.
311 2798 341 2823 1.,
353 2789 402 2822 ΞΜ
428 2789 514 2817 Exod.
531 2798 590 2823 χιιι,
606 2791 648 2818 l9.

1058 2563 1118 2592 Non
1143 2563 1243 2591 desunt
1267 2568 1367 2592 tamen,
1382 2560 1430 2596 qui
1455 2558 1570 2594 pastoris
1592 2554 1756 2583 vocabulum
1772 2552 1807 2581 ad

1022 2610 1171 2646 .losephum
1188 2608 1326 2641 referant;
1342 2606 1424 2641 cujus
1445 2613 1507 2633 cum
1522 2611 1586 2632 ossa
1600 2601 1675 2630 educi
1696 2603 1808 2628 curaret

1024 2655 1166 2688 Dominus,
1179 2659 1206 2682 et
1221 2662 1252 2682 ea
1271 2661 1333 2681 eum
1351 2654 1416 2685 illis,
1429 2650 1475 2686 qui
1492 2655 1555 2677 ante
1568 2651 1670 2684 captivi
1683 2651 1804 2680 fuerant,

1024 2699 1133 2727 reduxit
1147 2699 1181 2732 ⁸⁷,
1201 2702 1230 2724 ιιι
1254 2701 1425 2729 sanctorum,
1439 2695 1486 2730 qui
1508 2694 1651 2726 obierunt,
1667 2702 1720 2720 nou
1737 2693 1807 2720 obli‘

1197 2755 1219 2771 "
1239 2755 1290 2783 Job
1309 2762 1328 2786 ι,
1347 2754 1392 2780 2t.
1445 2752 1468 2768 “
1487 2751 1573 2779 Exod.
1587 2751 1708 2783 xum!
1729 2757 1806 2785 seqq.

837 2837 953 2866 VARI/ﬁ
975 2835 1177 2864 LECTIONES.

225 2886 232 2904 ι
252 2885 294 2911 τσ.
304 2885 496 2920 ὖμιιλογήτασι.
