1988 3079
161 124 232 159 2679

825 130 1001 161 PROCOPII
1016 129 1137 160 GAZ/EI

1723 124 1793 157 2680

162 180 332 212 devenimus,
356 180 403 214 qui
428 181 577 210 mundanis
607 182 810 218 cupiditatibus
838 184 952 218 addicti,

1018 183 1243 216 ιλινθοποιοῦντες
1261 183 1444 220 ἐλατρεύομεν
1458 182 1597 218 πνεύμασι
1612 182 1794 217 πονηροῖς.·0

163 227 309 254 diabolicis
322 227 438 262 pedibus
453 227 645 263 subjacemus.
661 229 727 257 Cum
744 230 816 258 enim
834 230 861 257 in
877 231 950 263 istis,

163 275 294 306 tanquam
319 272 345 298 in
358 272 494 307 lingendis
507 273 651 306 lateribus,
668 281 881 309 oceuparemur,
893 275 951 309 spi-

163 318 262 345 ritibus
275 317 355 345 malis
369 318 609 347 inserviebamus:
626 320 699 355 quod
715 321 798 348 etiam
815 321 869 348 hoc
882 326 952 348 tem-

162 371 230 398 pore
245 364 392 400 contingit.
410 365 458 392 Est
483 373 549 392 vero
563 365 630 393 illud
647 374 695 401 per
719 366 892 395 Salvatorem
912 368 953 394 si-

163 410 322 445 gnificatum
334 431 341 443 ,
358 411 403 438 ubi
423 412 563 447 spirituum,
574 413 621 448 qui
636 420 765 448 egressus
777 413 879 446 fuerat,
889 421 951 441 cum

163 461 266 492 septem
305 457 368 485 aliis
408 459 589 493 nequioribus
624 468 765 488 reversum
801 461 952 488 novissima

164 504 303 537 prioribus
319 504 411 539 pejora
423 505 577 534 reddidisse
595 511 707 539 narrat;
724 506 854 541 idemque
871 513 954 541 gene-

163 549 264 578 rationi
282 550 320 577 illi
337 558 398 578 esse
411 555 573 579 eventurum
591 552 626 579 ⁸⁸.
645 552 712 585 Quae
724 556 790 580 sunt
806 552 955 587 igiturltoc

1003 232 1053 259 καὶ
1063 231 1111 258 νῦν
1128 231 1243 266 γίνεται.
1258 231 1344 258 Τοῦτο
1358 231 1386 258 δὲ
1399 230 1566 266 παρίστησιν
1581 229 1596 256 ὀ
1622 229 1716 264 Σωτὴρ
1729 229 1795 264 περὶ

1003 278 1050 304 τοῦ
1061 277 1214 311 ἐξελθόντος
1225 277 1380 313 πνεύματος
1393 277 1491 312 λέγων,
1507 276 1554 303 καὶ
1570 275 1794 311 ὑποστρέψαντος

1007 324 1066 360 μεθ’
1083 325 1186 360 ἐτέρων
1197 325 1389 361 πονηροτέρων
1402 324 1438 357 ζ’,
1453 324 1500 350 ὅτε
1518 322 1552 349 τὰ
1569 321 1672 357 ἔσχατα
1681 320 1794 356 χείρονα

1005 370 1060 398 τῶν
1074 371 1192 406 πρώτων
1206 371 1290 398 εἰπών
1307 380 1314 387 ·
1332 370 1428 402 Οὕτως
1446 369 1523 396 ἔσται
1539 370 1572 404 τῇ
1590 368 1674 403 γενεᾷ
1696 366 1795 403 ταύτῃ.

1005 416 1111 443 Οὐκοῦν
1127 417 1162 444 τὰ
1175 418 1222 444 νῦν
1234 417 1367 453 εἰρημένα
1384 415 1563 453 προφητικῶς
1583 414 1632 441 ἐπὶ
1646 413 1692 440 τὸν
1701 412 1798 448 καιρδν

1006 461 1051 488 τὺν
1067 463 1137 498 μετὰ
1150 463 1200 499 τὴν
1216 463 1365 498 ἐπιδημίαν
1378 462 1519 497 ἀνάγεται,
1549 461 1594 488 ὅτε
1612 459 1657 486 διὰ
1668 459 1703 486 τὰ
1726 457 1800 485 κατὰ

1007 508 1127 543 Χριστοῦ
1156 509 1360 545 παρεώρανται,
1382 508 1421 540 ὡς
1455 507 1501 534 ὅτε
1524 506 1626 534 τούτων
1651 505 1702 532 οὐκ
1728 502 1799 541 ἦρχε

1008 553 1085 581 Θεός.

165 597 228 624 loco
252 598 412 632 prophetica
427 600 513 632 dicta,
544 600 579 627 ad
593 607 637 632 ea,
654 608 716 635 qua:
733 600 956 628 incarnationem
976 608 1072 630 secuta
1102 608 1169 632 sunt
1188 607 1314 639 tempora
1347 602 1518 635 referuntur,
1537 609 1600 629 cum
1625 603 1736 635 propter
1761 597 1799 630 id.

164 645 237 681 quod
252 645 279 672 in
295 645 436 677 Christum
452 647 492 674 illi
509 647 693 681 admiserunt,
713 655 768 675 non
782 647 862 675 aliter
875 655 958 683 quam
975 656 1037 676 cum
1058 651 1175 678 istorum
1194 651 1267 679 Deus
1279 659 1334 678 non
1346 654 1430 683 esset,
1442 649 1558 685 neglecti
1572 651 1647 676 sunt.

200 692 238 719 Ita
259 700 325 720 vero
343 693 427 721 verba
457 695 510 722 ista
532 699 589 721 tota
609 695 809 729 interpretatur
827 695 955 730 Symma-

164 737 252 766 chus:
276 736 353 765 Facti
373 747 466 766 sumus
485 739 555 766 velut
577 748 594 766 a
613 740 733 771 swculo;
761 747 875 774 quorum
903 748 956 766 non

165 783 358 812 dominaberis.
387 783 479 819 Neque
490 786 640 812 invocatum
660 790 699 812 est
716 793 809 812 nomen
821 791 894 812 tuum
908 786 957 818 eis,

164 839 247 866 neque
272 832 357 866 ruptis
382 833 455 859 cretis
473 832 634 860 descendisti
652 832 749 866 afacie
771 837 827 859 tua.
854 831 958 859 Montes

165 877 301 915 ﬂuxerunt
330 883 457 913 tanquam
482 879 628 906 combustio
648 879 726 914 ignis.
755 878 854 909 Tabuit
874 886 956 907 mare.

167 925 249 959 Anum
264 925 364 952 territm
375 930 446 952 sunt.
461 924 542 953 Tales
557 926 642 957 enim,
661 926 761 960 inquit.
779 926 845 959 facti
855 934 957 957 sumus,

166 978 198 1001 ac
210 971 232 998 si
244 979 275 998 ea
294 979 448 1007 nunquam.
463 979 524 1007 qua!
542 979 556 999 a
576 977 602 999 te
617 980 664 1007 per
679 971 772 1000 Mosen
792 973 863 999 facta
882 977 957 1004 sunt,

166 1018 286 1051 experiri
314 1025 365 1045 nos
381 1018 514 1045 miracula
531 1018 704 1053 contigisset.
721 1018 766 1045 Sic
784 1022 874 1045 autem
887 1019 958 1053 apud

167 1063 332 1098 interpretes
345 1063 524 1099 Septuaginta
544 1065 682 1099 reperias:
704 1063 783 1091 Facti
794 1072 886 1091 sumus
900 1069 960 1091 tan-

167 1118 247 1143 quam
264 1109 296 1136 ab
310 1110 396 1136 initio.
421 1109 521 1137 Verum
557 1118 610 1138 non
638 1111 810 1145 ignoramus,
827 1112 851 1138 si
867 1111 960 1138 artum

170 1156 272 1189 aperire
299 1160 418 1187 statuas,
452 1161 581 1191 tanquam
610 1155 694 1187 Deus,
723 1162 863 1183 tremorem
889 1164 906 1182 a
939 1161 962 1182 te

169 1207 272 1229 montes
288 1201 374 1237 ipsos.
389 1202 415 1229 id
433 1207 475 1230 est
491 1202 667 1230 adversarias
683 1207 844 1238 potestates,
859 1210 920 1238 qua:
932 1211 962 1230 se

169 1247 301 1279 adversus
319 1247 356 1275 tui
369 1248 494 1275 notitiam
511 1248 716 1280 attollunt,esse
726 1249 961 1283 apprehensurum;

170 1292 384 1325 Gentes'autem.
399 1302 414 1322 a
434 1295 538 1330 quibus
553 1295 702 1330 ignoraris,
720 1303 782 1324 esse
810 1299 836 1323 te
853 1300 962 1323 contur-

171 1340 306 1372 baturum.
334 1340 382 1367 Est
407 1348 473 1368 vero
498 1342 640 1376 prophetis
656 1347 751 1376 optare
771 1343 915 1374 usitatum,
934 1345 964 1369 ut

171 1395 233 1421 quae
258 1387 443 1416 Israelitarum
471 1388 592 1422 peccatis
623 1387 666 1414 ira
688 1388 820 1420 debetur,
844 1388 871 1415 in
895 1388 964 1416 alias

170 1438 264 1470 gentes
301 1433 454 1468 rejiciatur.
492 1433 621 1469 Legimus
651 1435 724 1462 enim
757 1435 786 1462 in
822 1435 963 1467 Psalmis:

173 1489 182 1509 ι
207 1479 320 1506 EtTunde
337 1478 405 1505 iram
420 1484 493 1506 tuam
507 1480 533 1506 in
552 1484 657 1515 gentes,
675 1488 736 1515 qua:
757 1485 783 1508 te
810 1487 865 1508 non
882 1488 964 1508 nove-

170 1531 247 1556 runt,
265 1531 292 1553 et
309 1526 336 1552 in
358 1533 451 1561 regna.
480 1534 541 1561 qua:
565 1533 666 1553 nomen
681 1531 759 1554 tuum
781 1534 836 1554 non
852 1527 964 1553 invoca-

170 1576 270 1602 verunt
284 1572 316 1598 9'.
336 1582 346 1597 ι

474 1621 549 1649 CAP.
571 1621 662 1649 LXIV.

208 1666 290 1696 Vnus.
307 1668 382 1695 1-12.
410 1667 440 1696 Si
467 1669 573 1702 aperias
608 1668 721 1700 (mlum,
748 1673 847 1696 tremor
873 1675 966 1702 appre-

171 1713 266 1744 hendat
280 1721 312 1741 ea:
325 1718 348 1741 te
360 1719 474 1746 montes,
487 1719 512 1741 et
525 1715 678 1749 liquescent,
694 1715 762 1741 sicut
780 1723 841 1742 cera
861 1714 892 1740 ab
908 1715 966 1749 igne

173 1758 304 1792 liquescit.
321 1758 354 1786 Et
367 1760 502 1786 comburet
514 1759 582 1794 ignis
597 1760 764 1787 adversarios
781 1764 826 1787 τοι
840 1761 890 1787 erit
906 1768 966 1786 rua-

172 1804 297 1839 uifestum
312 1813 404 1833 nomen
419 1805 529 1833 Domini
544 1806 614 1834 inter
630 1806 808 1838 adversarios,
822 1811 874 1834 etc.

208 1894 289 1931 732
306 1896 338 1923 Et
350 1903 423 1923 nunc
441 1896 523 1923 etiam
540 1895 592 1922 ait:
607 1895 637 1923 Si
648 1896 753 1930 aperias
769 1897 863 1924 coelum
876 1897 910 1924 ad
920 1897 968 1924 iras

173 1945 228 1971 tute
244 1941 419 1973 descensum,
436 1941 510 1968 sicut
525 1941 661 1968 eluvionis
674 1945 814 1976 tempere;
832 1950 887 1977 quo
902 1943 965 1970 coeli

174 1991 326 2015 cataractas
338 1987 436 2021 aperiri
448 1988 574 2022 contigit;
589 1993 652 2015 tunc
665 1989 714 2015 erit
723 1989 792 2016 inter
800 1990 968 2017 adversarios

175 2035 345 2070 manifestum
359 2043 453 2061 nomen
468 2041 559 2062 tuum:
581 2042 636 2063 non
650 2035 729 2063 aliter
743 2044 837 2071 quam,
851 2044 913 2064 cum
927 2043 968 2065 est

176 2080 204 2106 in
220 2078 378 2119 Sodomitas
403 2078 475 2114 ignis
496 2077 529 2105 de
553 2078 624 2105 caelo
640 2078 796 2115 demissus;
819 2087 882 2108 cum
906 2080 969 2108 item

175 2125 284 2152 Pharao
302 2124 390 2161 plagis
413 2124 507 2152 multis
527 2124 658 2160 acceptis.
688 2124 733 2154 Ira
751 2125 844 2160 igitur,
869 2127 970 2162 inquit,

176 2174 203 2200 in
224 2178 283 2206 cce,
301 2180 355 2200 non
371 2172 516 2200 adversum
534 2179 594 2204 nos,
619 2172 733 2207 gloriam
749 2177 823 2199 tuam
855 2171 971 2199 demon-

177 2223 274 2248 strato.
287 2219 382 2254 Neque
403 2227 468 2246 vero
497 2227 558 2254 qua).
576 2219 629 2246 hoc
652 2219 713 2246 loco
741 2218 881 2249 dicuntur,
907 2219 972 2246 talia

1051 698 1080 724 '0
1101 697 1130 724 δὲ
1154 697 1304 733 Σύμμαχος
1324 697 1374 732 τὴν
1389 697 1454 733 ὃλην
1469 696 1556 726 οὕτως
1567 693 1685 727 ἐξέδωκε
1702 692 1799 726 ῥῆσιν·

1015 743 1215 778 Ἐγενήθημεν
1228 744 1268 776 ὼς
1280 743 1332 770 ἀπ’
1343 743 1461 776 αἰῶνος,
1472 738 1515 768 ὧν
1529 742 1584 768 οὐκ
1598 737 1801 771 ἐξουσιάσεις,

1010 789 1082 817 οὐδὲ
1106 789 1259 823 ἐπεκλήθη
1275 789 1309 815 τὸ
1324 789 1420 823 ὄνομά
1447 796 1506 816 σου
1526 785 1629 818 αὐτοῖς
1639 806 1646 817 ,
1661 784 1733 812 οὐδὲ
1744 783 1802 818 1511-.

1011 835 1067 868 ξας
1085 836 1233 870 οὐρανοὺς
1247 835 1375 868 κατέϐης
1394 833 1454 861 ἀπὸ
1476 831 1639 866 προσώπου
1655 830 1802 863 σου.’ορη

1011 881 1211 916 κατέρρευσεν
1225 881 1265 914 ὡς
1278 881 1425 913 ἐκκαυσις
1442 879 1547 914 πυρός.
1556 877 1663 911 Ἐτὰκη
1689 875 1803 904 adlatr-

1008 936 1065 955 σα·
1082 928 1178 956 ὕδατα
1189 927 1392 961 ἐπτοήθησαν.
1403 926 1526 953 Τοιοῦτοι
1541 924 1607 959 γὰρ,
1623 922 1703 958 φησὶ.
1721 921 1805 956 τεγέ-

1009 983 1115 1010 ναμεν,
1129 975 1168 1006 ὡς
1185 974 1254 1010 μηδὲ
1271 973 1380 1001 πώποτε
1395 973 1450 1000 τῶν
1471 972 1525 999 σῶν
1545 969 1722 1006 πειραθέντες
1738 968 1805 994 θαυ-

1012 1021 1116 1056 μάτων,
1133 1020 1208 1056 ὅιπερ
1235 1018 1339 1051 ἔδειξας
1365 1018 1412 1045 ἐπὶ
1433 1017 1565 1049 Μωσέως.
1586 1015 1666 1043 Κατὰ
1688 1014 1717 1041 δὲ
1740 1012 1806 1044 τοὺς

1018 1067 1236 1103 Ἐϐδομήκοντα·
1253 1066 1427 1100 Γεγόναμεν
1444 1064 1485 1097 ὡς
1507 1063 1540 1090 τὸ
1557 1060 1708 1095 ἁπαρχῆς.
1731 1059 1805 1094 Πλὴν

1013 1112 1104 1148 ἴσμεν,
1120 1111 1158 1144 ὡς
1186 1112 1233 1139 ἐὰν
1258 1111 1375 1147 Θελήσῃς
1400 1109 1520 1142 ἀνοῖξαι
1539 1108 1594 1135 τὸν
1614 1105 1754 1141 οὐρανὸν,
1767 1104 1806 1136 ὡς

1011 1158 1095 1192 Θεὸς,
1112 1157 1220 1192 τρόμος
1233 1157 1363 1190 λήψεται
1380 1156 1438 1184 ἀπὸ
1452 1155 1510 1183 σοῦ
1525 1155 1593 1189 ὅρη·
1618 1153 1669 1184 τὰς
1685 1153 1806 1179 ἀντικει-

1013 1205 1099 1241 μένας
1119 1204 1242 1239 δηλονότι
1256 1203 1395 1238 δυνάμεις.
1411 1201 1462 1233 τὰς
1475 1200 1658 1236 ἐπαιρομένας
1673 1198 1743 1226 κατὰ
1756 1197 1806 1231 τῆς

1012 1250 1140 1286 γνώσεώς
1156 1258 1214 1276 σου.
1230 1249 1285 1275 Καὶ
1301 1249 1338 1276 τὰ
1351 1249 1424 1282 ἔον-η
1437 1248 1476 1280 δὲ,
1491 1247 1526 1273 τὰ
1543 1246 1580 1281 μὴ
1597 1245 1687 1271 εἰδότα
1705 1252 1746 1275 σε,
1757 1251 1808 1269 τα-

1010 1296 1208 1333 ράξεις.¹ΕΘος
1221 1296 1249 1322 δὲ
1260 1297 1316 1326 τοῖς
1331 1295 1486 1330 προφήταις
1499 1293 1549 1329 τὴν
1561 1292 1632 1319 κατὰ
1644 1290 1691 1318 τοῦ
1699 1289 1807 1325 Ἰσραὴλ

1013 1343 1204 1381 ἡμαρτηκότος
1220 1342 1314 1377 ὀργὴν
1327 1342 1368 1373 εἰς
1382 1341 1446 1372 τοὺς
1462 1339 1630 1374 ἀλλοφύλους
1646 1338 1731 1365 αἰτεῖν
1741 1336 1809 1362 ἁπο-

1015 1389 1184 1425 πέμπεσθαι.
1203 1388 1259 1416 Καὶ
1282 1389 1311 1415 ἐν
1326 1387 1451 1422 Ψαλμοῖς
1475 1385 1529 1420 γάρ
1555 1392 1655 1420 φησιν·
1676 1382 1809 1416 ι”Εκχεον

1015 1438 1064 1472 τὴν
1078 1436 1163 1472 ὀργήν
1178 1443 1223 1462 σου
1237 1435 1283 1461 ἐπὶ
1297 1434 1332 1461 τὰ
1346 1433 1409 1468 ἔθνη
1422 1432 1458 1459 τὰ
1475 1432 1513 1467 μὴ
1529 1429 1699 1466 γινώσκοντά
1713 1437 1752 1458 σε,
1763 1427 1810 1454 καὶ

1016 1483 1061 1508 ἐπὶ
1078 1480 1230 1517 βασιλείας,
1245 1480 1273 1507 αῖ
1288 1479 1318 1506 τὺ
1335 1479 1424 1514 δνομά
1442 1486 1489 1505 σου
1502 1477 1553 1504 οὐκ
1567 1475 1778 1504 ἐπεκαλέσαντο.
1796 1481 1807 1503 ι

1309 1621 1437 1649 ΚΕΦΛΛ.
1457 1620 1515 1648 ΞΔ’.

1053 1671 1128 1706 φιβ’.
1146 1671 1214 1697 Ἐὰν
1233 1669 1359 1703 ἀνοίξῃς
1374 1668 1428 1695 τὸν
1442 1667 1584 1701 οὐρανὸν,
1596 1666 1703 1700 τρόμος
1716 1663 1813 1697 λήψο-

1016 1726 1063 1744 ται
1082 1717 1141 1744 ἀπὸ
1157 1716 1216 1744 σοῦ
1231 1716 1296 1749 ὄρη,
1313 1714 1362 1742 καὶ
1382 1714 1576 1747 τακήσονται,
1590 1712 1630 1745 ὡς
1645 1710 1736 1744 κηρὸς
1751 1709 1812 1736 ἀπὸ

1018 1764 1115 1798 πυρὸς
1129 1762 1261 1796 τήκεται.
1279 1761 1334 1788 Καὶ
1348 1761 1533 1788 κατακαύσει
1552 1758 1611 1792 πῦρ
1628 1757 1699 1789 τοὺς
1721 1757 1813 1783 ﬁrma

1017 1810 1152 1842 αντίους,
1169 1808 1218 1835 καὶ
1233 1807 1366 1842 φανερὸν
1383 1807 1469 1834 ἔσται
1491 1806 1524 1832 τὸ
1546 1805 1639 1840 ὄνομα
1651 1802 1762 1836 Κυρίου
1778 1801 1814 1828 ἐν

1018 1856 1080 1889 τοῖς
1095 1855 1299 1887 ὑπεναντίοις,
1315 1863 1343 1881 κ.
1359 1862 1384 1881 τ.
1402 1853 1428 1880 λ.

1055 1902 1110 1929 Καὶ
1123 1900 1169 1928 νῦν
1182 1900 1210 1927 δέ
1223 1908 1305 1934 φησιν
1315 1907 1321 1914 ·
1341 1899 1415 1926 Ἐὰν
1426 1898 1554 1931 ἀνοίξῃς
1569 1897 1623 1924 τὸν
1636 1894 1768 1930 οὐρανὸν
1779 1894 1814 1928 τῇ

1019 1949 1126 1984 καθόδῳ
1141 1948 1196 1982 τῆς
1213 1947 1305 1982 ὀργῆς
1317 1967 1324 1977 ,
1345 1947 1382 1978 ὡς
1399 1946 1428 1972 ἐν
1443 1943 1533 1979 καιρῷ
1557 1942 1603 1969 τοῦ
1620 1939 1815 1975 κατακλυσμοῦ

1022 1994 1231 2030 (ἀνεῴχθησαν
1256 1993 1311 2028 γὰρ
1344 1993 1368 2019 οἱ
1399 1991 1571 2026 καταράκται
1592 1987 1640 2014 τοῦ
1667 1985 1815 2022 οὐρανοῦ),

1020 2040 1106 2068 ἔσται
1121 2047 1180 2067 σου
1190 2038 1323 2073 φανερὸν
1333 2037 1366 2065 τὸ
1380 2037 1474 2071 ὄνομα
1484 2036 1519 2062 ἐν
1532 2034 1595 2068 τοῖς
1611 2032 1815 2064 ὑπεναντίοις,

1021 2085 1059 2117 ὡς
1069 2085 1113 2112 ὅτε
1128 2083 1286 2119 Σοδομίταις
1298 2075 1373 2117 τῖφιει
1386 2081 1417 2108 τὺ
1430 2080 1466 2107 πῦ
1471 2089 1496 2116 ρ,
1511 2080 1558 2107 καὶ
1572 2079 1690 2114 πληγαῖς
1704 2076 1816 2107 πολλαῖς

1021 2132 1136 2168 ὴκίσατο
1149 2129 1261 2166 Φαραώ.
1277 2129 1326 2155 Διὰ
1339 2128 1389 2163 τῆς
1405 2125 1452 2154 οὖν
1467 2126 1528 2153 κατ’
1539 2125 1651 2152 ἐκείνων
1666 2121 1766 2158 ὀργῆς,
1779 2121 1818 2157 μὴ

1022 2178 1067 2205 διὰ
1090 2178 1140 2213 τῆς
1158 2176 1221 2204 καθ’
1234 2175 1324 2212 ἡμῶν,
1340 2173 1502 2210 φανερώσῃς
1515 2173 1565 2207 τὴν
1581 2170 1696 2198 σεαυτοῦ
1711 2169 1816 2201 δόξαν.

1023 2224 1064 2251 Τὰ
1077 2223 1106 2251 δὲ
1120 2223 1243 2258 παρόντα
1254 2222 1351 2254 ταῦτα,
1366 2219 1562 2256 παραστατικὰ
1573 2217 1619 2244 τοῦ
1635 2217 1672 2252 μὴ
1687 2216 1723 2243 δι’
1737 2215 1819 2242 ἀσθέ-

177 2266 308 2302 populum
323 2270 432 2300 propter
450 2265 497 2293 Dei
525 2265 741 2293 imbecillitatem
765 2264 839 2292 ferre
861 2264 963 2300 signifi-

1019 2278 1093 2297 νειαν
1110 2269 1158 2297 τοῦ
1172 2268 1241 2296 Θεοῦ
1257 2267 1372 2295 τοιαῦτα
1385 2265 1484 2293 παθεῖν
1500 2264 1546 2292 τὸν
1561 2263 1626 2290 ’λαὸν
1638 2284 1644 2295 ,
1660 2261 1709 2289 διὰ
1723 2261 1751 2288 δὲ
1771 2259 1820 2295 μό-

177 2317 260 2346 cant;
278 2312 325 2340 sed
336 2317 443 2348 propter
455 2312 608 2347 iniquitates
620 2316 724 2338 tantum
741 2311 905 2346 derelinqui.
923 2311 971 2340 Est

178 2359 250 2387 enim
267 2363 343 2386 tanta
355 2359 403 2387 Dei
418 2359 554 2394 potentia,
568 2363 596 2384 ut
610 2357 704 2386 uelum
729 2361 756 2385 et
770 2364 830 2392 quae
846 2357 897 2384 sub
911 2356 971 2391 ipso

178 2410 255 2439 sunt,
274 2405 475 2441 complectatur
493 2409 520 2432 et
540 2408 627 2439 regat.
637 2403 698 2437 Quo
716 2403 745 2432 (it
761 2407 791 2430 ut
817 2411 833 2430 τι
861 2403 971 2434 sarculo,

179 2459 226 2479 nec
245 2452 329 2479 talem
351 2451 435 2478 Deum
457 2459 520 2479 esse
542 2450 741 2481 audit-erimus;
766 2457 854 2484 neque.
877 2456 973 2484 quem-

179 2505 260 2532 quam
276 2497 372 2525 talium
388 2506 496 2533 operum
509 2502 675 2531 patratorem
686 2496 841 2524 viderimus.
859 2495 973 2523 Constat

179 2545 252 2572 enim
277 2545 362 2572 Deum
389 2545 490 2573 vidisse
515 2545 670 2577 neminem;
702 2551 754 2571 nee
783 2543 879 2570 faciem
910 2542 972 2576 ejus

181 2599 348 2626 quemquam
366 2592 499 2622 visurum,
516 2595 543 2618 ct
559 2591 709 2622 victurum,
725 2589 772 2618 sed
793 2589 828 2617 al)
842 2589 886 2617 his
901 2596 968 2624 cog-

180 2638 269 2670 nosci,
284 2646 346 2673 quae
361 2642 528 2673 operaturnt
545 2637 610 2664 facit
627 2637 660 2663 ".
695 2646 704 2662 ε
725 2636 875 2664 lnvisibilia
899 2636 972 2663 enim

181 2684 279 2718 ipsius,
295 2684 393 2711 scribit
409 2683 568 2719 Apostolus,
583 2691 597 2710 a
613 2682 773 2711 conditione
788 2683 882 2710 mundi
910 2690 974 2718 ope-

182 2732 260 2758 ribus
279 2732 415 2759 inlellccta
431 2732 642 2767 conspiciuntur
655 2731 689 2758 ’⁷.
709 2740 718 2756 ι
753 2730 884 2758 Fortasse
911 2737 976 2757 vero

183 2780 211 2807 et
224 2777 364 2804 Christum
383 2777 483 2810 ipsum,
501 2777 547 2812 qui
565 2777 591 2804 in
607 2776 673 2803 Sina
697 2777 779 2803 etiam
808 2783 856 2811 per
867 2775 977 2810 conspi-

221 2866 246 2888 ’ἲ
266 2865 359 2899 Matth.
384 2874 434 2899 xu,
455 2866 544 2893 ιίῦ-ίϐ.
583 2865 605 2881 ⁵⁸
624 2865 696 2894 Psal.
722 2873 818 2897 vant.
846 2865 890 2892 9.3.

1022 2325 1070 2346 νας
1089 2316 1233 2350 ἁμαρτίας
1257 2311 1512 2349 ἐγκαταλελεῖφθαι.
1529 2309 1654 2345 Τοσαύτη
1669 2309 1723 2344 γὰρ
1737 2308 1753 2343 ή
1771 2306 1819 2334 τοῦ

1022 2362 1090 2390 Θεοῦ
1105 2362 1230 2397 δύναμις,
1240 2361 1278 2393 ὡς
1290 2359 1420 2394 οὐρανοῦ
1444 2358 1493 2386 καὶ
1505 2357 1559 2384 τῶν
1571 2356 1623 2383 ὑπὸ
1640 2355 1735 2382 τούτου
1755 2362 1822 2389 κρα-

1023 2409 1175 2437 τεῖν.”Οθεν
1196 2407 1246 2435 ἀπ’
1261 2406 1370 2439 αἰῶνος
1392 2407 1448 2432 οὐκ
1471 2404 1647 2438 ἠκούσαμεν
1665 2401 1706 2433 τίς
1727 2401 1821 2435 ἕτερος

1023 2454 1143 2485 τοιοῦτος
1178 2453 1261 2486 esse,
1280 2452 1341 2479 οὐδὲ
1371 2450 1500 2478 τοιούτων
1533 2449 1629 2484 ἔργων
1661 2446 1822 2481 τεθεάμεθα

1027 2501 1165 2534 ποιητήν·
1185 2499 1250 2526 Θεῦν
1266 2499 1316 2534 μὲν
1328 2498 1384 2533 γὰρ
1397 2497 1484 2529 οὐδεὶς
1499 2496 1604 2531 ἑώρακε
1618 2494 1728 2521 πώποτε
1740 2502 1746 2508 ·
1763 2493 1820 2523 κατ,

1028 2547 1123 2577 Οὐδεὶς
1132 2544 1227 2580 ὄψεταί
1245 2552 1296 2579 μου
1311 2543 1342 2570 τὸ
1356 2542 1504 2579 πρόσωπον
1519 2542 1567 2570 καὶ
1582 2541 1705 2576 ζήσεται.
1715 2534 1822 2573 ’Δφ’ὦν

1026 2593 1055 2619 δὲ
1070 2592 1143 2618 ποιεῖ
1166 2590 1213 2617 καὶ
1237 2589 1353 2624 πράττει
1371 2587 1546 2623 γνωρίζεται.
1564 2595 1573 2611 t
1591 2586 1632 2612 Τὰ
1649 2585 1705 2619 γὰρ
1719 2583 1824 2619 ἀόρατα

1027 2637 1120 2669 αὐτοῦ,
1130 2635 1223 2671 φησὶν,
1235 2634 1288 2661 ἀπὸ
1299 2633 1414 2664 κτίσεως
1426 2632 1528 2667 κόσμου
1536 2632 1591 2662 τοῖς
1603 2630 1736 2665 ποιήμασι
1747 2627 1825 2654 νοού-

1030 2691 1100 2718 μενα
1115 2681 1277 2717 καθορᾶται.
1294 2688 1303 2704 ι
1323 2679 1379 2706 Καὶ
1393 2678 1439 2705 τὸν
1454 2677 1572 2713 Χριστὸν
1587 2676 1615 2702 δὲ
1631 2675 1697 2706 toto;
1709 2673 1826 2700 αἰνίττευ

1028 2738 1074 2756 ται
1088 2729 1133 2756 τὶν
1148 2728 1194 2754 καὶ
1210 2727 1257 2754 érrt
1271 2726 1317 2752 τοῦ
1334 2726 1398 2752 Σινᾶ
1411 2723 1530 2759 φανέντα
1539 2722 1583 2749 διὰ
1594 2722 1644 2756 τῆς
1657 2718 1825 2755 ἐμφαινομέ-

1031 2784 1080 2811 νης
1096 2776 1163 2802 πᾶσι
1178 2773 1282 2807 δόξης.
1299 2772 1368 2808 Φησὶ
1385 2772 1449 2807 γὰρ,
1460 2771 1503 2802 Ὡς
1516 2769 1590 2805 ἑώρα
1607 2769 1660 2799 πᾶς
1672 2768 1686 2794 ὁ
1702 2766 1765 2797 λαὸς
1776 2765 1826 2800 τὴν

931 2866 952 2880 "“
990 2864 1077 2897 Exod.
1105 2871 1203 2897 xxxiii,
1234 2862 1280 2891 20.
1319 2862 1341 2878 ³⁷
1363 2860 1441 2890 Rom.
1459 2858 1539 2893 1,20.
