1988 3079
148 153 218 186 2681

718 152 989 185 COMMENTARII
1010 151 1051 182 IN
1072 151 1218 182 ISAIAM.

1718 150 1791 182 2682

145 210 224 244 δόξαν
247 209 362 245 Κυρίου.
379 209 441 242 Τοῖς
465 210 495 237 δὲ
518 210 706 244 ὑπομένουσι
724 218 772 241 σε.
797 208 939 236 τοῦτ’ἕστι

994 214 1071 235 suam
1087 207 1217 234 omnibus
1234 206 1356 241 'gloriam
1382 207 1520 242 apparuit,
1540 205 1657 235 obscure
1680 206 1788 234 innuit:

146 257 204 287 τοῖς
228 255 386 287 ἐλπίζουσιν
413 256 460 282 ἐπὶ
484 256 529 287 σὲ,
552 255 739 290 ἐπιδαψιλεύει
767 256 814 282 τὸν
842 255 941 282 ἔλεον.

149 302 265 337 Ἕψεται
283 303 336 337 γὰρ
349 303 457 334 πάντως
474 302 536 335 τοῖς
556 302 612 336 τῆς
636 302 833 336 δικαιοσύνης
857 301 942 336 ἐργά-

147 348 338 381 ταις.”οδοὺς
349 348 404 384 γὰρ
419 349 531 382 Κυρίου
552 348 627 383 λέγει
648 349 697 380 τὰς
714 348 834 380 ἐντολὰς,
848 347 943 383 ὥσπερ

148 392 195 422 οὖν
221 395 236 421 ὁ
261 394 359 421 Δαϐίδ·
381 394 426 421 Ἐν
439 396 473 430 τῇ
490 395 541 430 ὀδῷ
559 404 605 422 σου
622 395 752 430 ζήσομαι,
771 394 818 421 καὶ
840 394 920 421 πάλιν
933 401 941 409 ²

153 441 229 468 Ὀδὸν
251 441 366 468 ἐντολῶν
389 450 436 468 σου
458 441 592 477 ἔδραμον,
607 440 646 468 ὅτ’
659 441 692 468 ἂν
718 441 872 472 ἐπλάτυνας
893 439 943 475 τὴν

147 487 264 522 καρδίαν
290 488 459 522 μου.’ῐστέον
484 488 513 514 δὲ
537 488 575 520 ὡς
599 488 646 521 τὸ,
670 488 732 515 οὐκ
753 488 942 522 ἠκούσαμεν,

147 533 219 561 οὐδὲ
240 534 268 560 οἱ
292 533 438 568 ὀφθαλμοὶ
461 533 547 568 ἡμῶν
563 532 656 566 εἶδον,
673 534 781 569 εἴρηται
797 533 846 568 μὲν
859 534 899 564 εἰς
912 532 944 560 τδ

147 577 197 612 τῆς
219 577 295 610 θείας
311 578 452 613 δυνάμεως
468 578 672 614 ἁπαράὅλητον.
682 579 711 605 '0
723 579 752 605 δὲ
769 578 875 610 Παῦλος
891 587 944 614 μη-

147 623 192 651 δὲν
207 623 295 660 τούτῳ
317 625 526 659 λυμαινόμενος,
549 625 589 656 εἰς
612 624 648 652 τὰ
669 624 874 658 ἐπαγγελθέιτα
887 626 944 656 τοῖς

148 672 277 706 ἀγαπῶσι
293 672 339 699 τὸν
352 672 418 699 Θεὸν
433 673 574 709 ἐξείληφεν
592 673 693 706 ἀγαθὰ,
708 672 726 699 ἃ
737 672 877 707 ὀφθαλμὸς
893 673 944 699 οὐκ

147 715 229 748 εἶδεν,
245 717 292 744 καὶ
313 715 359 748 οὖς
382 717 432 744 οὐκ
455 717 583 752 ἤκουσεν.
600 716 682 743 Οὐδὲν
698 716 754 752 γὰρ
768 716 888 742 τοιοῦτον
911 715 942 742 οὐ

147 761 254 794 θεατὸν,
268 761 330 788 οὔτε
353 762 407 797 μὴν
430 763 572 789 ἀκουστόν.
590 761 646 788 Kal
660 761 778 796 ἀλλαχοῦ
795 761 824 787 δέ
840 768 922 795 φησιν
935 768 943 777 ·

153 806 261 842 Ἀροεῖς
272 807 326 838 ἕως
340 807 433 842 τρίτου
446 806 563 842 οὐρανοῦ
579 807 683 842 ἤκουσα
695 806 805 842 ἄρρητα
819 806 942 841 ῥήματα,

147 852 165 880 ἃ
181 853 232 879 οὐκ
245 853 305 885 ἐξὸν
319 852 456 888 ἀνθρώπῳ
474 852 600 887 λαλῆσαι·
617 853 667 887 οὐχ
687 852 725 884 ὡς
747 852 886 884 ἐνταλθεὶς
905 852 942 890 μὴ

993 261 1056 281 cum
1073 253 1224 288 Scriptura;
1239 253 1398 289 testimonio
1413 254 1542 288 popnlmn
1559 261 1667 280 omnem
1681 252 1788 280 Domini

994 299 1109 334 gloriam
1132 299 1262 325 intuitum
1287 306 1351 326 esse
1373 298 1598 326 didicerimus".
1621 297 1700 331 Quod
1725 306 1791 325 vero

993 345 1206 380 exspectantibus
1223 350 1247 372 te
1259 345 1411 376 addidit,ad
1424 349 1566 379 sperantes
1581 345 1607 371 in
1619 344 1705 371 Deum
1716 348 1792 371 retu-

993 390 1044 423 lit;
1059 391 1160 426 quibus
1175 395 1217 418 est
1234 390 1345 418 abunde
1361 390 1576 417 misericordiam
1599 397 1677 416 suam
1697 389 1790 424 largiri

994 437 1103 465 solitus.
1124 437 1262 472 Sequetur
1280 437 1353 464 enim
1366 445 1409 464 eos
1425 436 1521 471 procul
1538 436 1633 467 dubio,
1649 435 1695 471 qui
1709 436 1791 470 justi-

995 484 1060 510 tiam
1077 484 1189 519 faciunt.
1206 483 1300 519 Neque
1315 490 1382 511 sane
1401 483 1505 510 viarum
1519 482 1570 509 Dei
1587 482 1698 509 nomine
1714 481 1791 516 quid-

994 538 1078 566 quam
1092 531 1177 563 aliud,
1192 538 1274 566 quam
1290 530 1350 565 ejus
1378 533 1513 565 prtecepta
1541 528 1686 564 intelligit:
1709 527 1791 562 quale

994 581 1037 604 est
1054 576 1126 611 apud
1145 575 1287 608 Davidem,
1301 576 1347 604 ubi
1369 583 1398 603 se
1412 576 1439 604 in
1460 575 1503 604 via
1518 575 1579 610 ejus
1594 575 1729 602 victurum
1746 574 1790 602 di-

994 623 1033 649 cit
1041 622 1081 649 πε
1098 621 1142 648 ubi
1159 622 1223 649 item
1238 622 1266 649 in
1282 622 1324 648 via
1342 622 1533 648 mandatorum
1550 620 1611 655 ejus
1627 619 1786 648 cururrissc

995 676 1035 700 se,
1046 675 1109 695 cum
1120 668 1236 696 essetab
1248 669 1343 696 eodem
1360 676 1406 696 cor
1418 668 1478 702 eius
1490 667 1644 695 dilatatam.
1661 666 1710 694 Est
1720 673 1786 694 vero

995 714 1209 749 haudquaquam
1222 714 1414 748 ignorantium,
1440 713 1512 748 quod
1536 721 1566 741 se
1576 721 1622 740 nec
1644 712 1790 743 audivisse.

995 768 1041 787 nec
1061 760 1144 787 oculis
1161 761 1218 787 suis
1241 760 1338 788 vidisse
1357 760 1468 795 adjecit,
1484 767 1518 787 eo
1537 759 1590 786 line
1610 759 1734 791 dixisse;
1761 762 1791 786 ut

995 805 1043 834 Dei
1061 806 1134 833 vires
1144 813 1205 833 cum
1220 806 1304 833 nullis
1319 813 1399 841 posse
1413 805 1568 840 comparari
1577 804 1790 832 demonstraret.

995 851 1073 885 Quod
1088 851 1188 879 Paulus
1205 856 1308 884 tamen,
1326 853 1401 880 nulla
1419 853 1469 880 loci
1486 853 1648 885 violatione,
1659 852 1691 880 ad
1704 852 1790 882 bona.

147 898 247 931 εἰπεῖν,
260 898 318 926 ἀλλ’
335 898 374 930 ὡς
390 898 428 934 μὴ
444 899 549 934 φρᾶσαι
563 898 651 926 ταῦτα
668 898 737 934 πρὸς
759 898 838 930 ἀξίαν
862 898 941 925 δυνά-

994 905 1055 933 quae
1073 897 1157 925 Deum
1176 898 1356 933 diligentibus
1376 899 1586 934 promittuntur,
1599 906 1660 934 quze
1671 905 1792 925 necocu-

148 952 240 979 μενος.

996 943 1039 971 lus
1057 943 1136 976 vidit,
1165 951 1216 972 nec
1236 945 1311 972 auris
1337 945 1450 977 audivit,
1476 945 1607 972 retulit‘:
1635 951 1697 971 cum
1722 942 1788 970 nihil

145 989 282 1025 ejusmodi
301 990 327 1017 in
352 989 496 1016 oculorum
510 989 552 1016 vel
572 989 682 1016 aurium
711 996 811 1017 sensus
839 989 939 1016 cadere
959 989 1204 1018 animadverteret.
1221 989 1253 1018 Et
1267 998 1333 1018 vero
1348 991 1426 1022 alibi,
1460 999 1522 1019 cum
1543 995 1618 1019 esset
1654 989 1734 1025 733
1756 989 1789 1016 ad

147 1037 260 1065 tertium
280 1044 368 1072 usque
380 1036 480 1064 uelum
507 1041 631 1067 evectus,
647 1042 679 1063 ea
704 1043 734 1063 se
766 1042 868 1063 arcana
900 1034 983 1063 verba
1001 1035 1142 1063 audivisse
1153 1037 1255 1063 asserit
1276 1037 1298 1069 ‘,
1315 1045 1376 1071 quae
1395 1036 1473 1064 eii'ari
1490 1036 1595 1064 homini
1619 1044 1675 1064 non
1697 1037 1790 1064 liceat.

146 1083 207 1111 Non
229 1083 302 1118 quod
323 1087 415 1111 tacere
436 1082 464 1109 in
488 1081 626 1109 mandatis
640 1081 761 1116 [haberet
789 1081 836 1109 sed
865 1081 937 1117 quod
957 1081 1055 1109 ell‘erre
1070 1090 1119 1116 pro
1135 1082 1270 1117 dignitate
1283 1091 1337 1109 non
1352 1087 1453 1118 posset.

188 1131 268 1158 Ἰδοὺ
284 1131 324 1158 σὺ
338 1131 503 1165 (ἶξρτίσθης,
522 1130 571 1157 καὶ
594 1130 681 1165 ἡμεῖς
702 1130 890 1165 ἡμάρτομεν·
907 1130 946 1161 ὠς

146 1179 171 1204 εἰ
186 1178 353 1213 σαφέστερον
367 1177 473 1212 ἔλεγεν,
491 1176 601 1211 Ἐπειδὴ
614 1177 695 1212 ἡμεῖς
709 1175 891 1211 ἡμάρτομεν,
904 1176 945 1203 σὺ

145 1224 306 1259 ὡργίσθης.
323 1225 378 1251 Kal
393 1225 480 1254 ἄλλως
495 1223 534 1254 δὲ.
546 1224 613 1250 Θεοῦ
630 1223 704 1258 ἡμᾶς
722 1222 945 1258 ἀποστραφέντος

145 1271 183 1298 δι’
194 1272 349 1306 ἁμαρτίας,
362 1271 456 1306 μεῖζον
471 1272 500 1298 ἐν
511 1271 577 1306 ἡμῖν
591 1270 621 1297 τὸ
639 1269 725 1297 κακὸν
740 1269 895 1304 ἐμφύεται·
907 1268 945 1300 ὡς

146 1316 325 1351 παιδαγωγοῦ
348 1325 420 1348 τινος
438 1316 637 1351 ἀπειλήσαντος
661 1315 711 1350 μὲν
731 1315 873 1349 πολλάκις,
894 1315 941 1342 καὶ

144 1364 294 1400 τύψαντος,
313 1363 390 1395 τέλος
411 1363 440 1390 δὲ
456 1363 616 1400 παριδόντος
632 1363 692 1390 νέον
709 1362 830 1397 συνεχῶς
849 1362 941 1398 ἁμαρ-

145 1410 275 1436 τάνοντα.
285 1408 379 1441 Μείζω
390 1409 443 1444 γὰρ
454 1406 531 1440 οὗτος
542 1409 596 1435 τῶν
609 1408 702 1435 κακῶν
711 1408 767 1441 ἕξει
777 1407 826 1444 τὴν
838 1408 940 1435 ἄδειαν.

145 1455 177 1481 Εἰ
197 1455 251 1490 γὰρ
274 1455 342 1481 Θεοῦ
359 1455 554 1490 συνεργοῦντος
570 1456 654 1490 ἐσμεν
669 1454 785 1488 ἀγαθοί·
799 1453 889 1489 δῆλον,
903 1453 941 1485 ὡς

145 1501 376 1535 ἀποστραφέντος,
386 1500 517 1535 μειζόνως
531 1501 620 1527 κακοί.
633 1500 698 1532 Θεὸς
710 1500 763 1535 γάρ
777 1501 851 1526 ἐστιν
864 1500 878 1526 ὁ
887 1499 942 1525 τῶν

144 1545 286 1580 δυνάμεων
298 1545 409 1580 Κύριος.
422 1546 477 1572 Καὶ
487 1546 541 1582 γὰρ
557 1546 610 1581 ἔφη
624 1546 740 1581 Χριστός
750 1555 758 1562 ·
772 1546 864 1581 Χωρὶς
874 1545 941 1580 ἐμοῦ

1033 1130 1168 1166 Sequitur
1179 1138 1265 1159 vero:
1282 1131 1351 1158 Ecce
1364 1137 1392 1158 tu
1405 1132 1491 1159 iratus
1510 1141 1548 1165 es,
1567 1137 1592 1159 et
1614 1141 1662 1159 nos
1671 1131 1791 1166 peccavi-

995 1185 1074 1204 mus:
1093 1181 1225 1210 tanquam
1242 1185 1275 1205 eo
1292 1178 1363 1212 ipso,
1381 1178 1454 1212 quod
1470 1179 1647 1212 peccaverint,
1663 1179 1745 1206 irasci
1761 1185 1792 1205 se

995 1223 1117 1258 apertius
1139 1223 1288 1258 signiticet.
1316 1223 1392 1251 Alias
1414 1224 1496 1252 etiam
1521 1225 1543 1251 si
1565 1232 1579 1251 a
1598 1225 1679 1252 nobis
1704 1224 1788 1258 Deus,

993 1274 1101 1304 propter
1119 1270 1285 1304 iniquitates,
1303 1275 1460 1302 avertatur;
1488 1271 1577 1306 majus
1592 1271 1618 1298 in
1634 1272 1713 1299 nobis
1731 1279 1789 1299 ma-

995 1315 1050 1342 lum
1069 1316 1237 1343 innascitur:
1252 1324 1314 1343 cum
1326 1317 1614 1352 saepequidem,veluti
1627 1318 1790 1353 paedagogus

994 1361 1105 1396 aliquis,
1117 1361 1215 1388 minari
1228 1362 1333 1390 soleat:
1345 1370 1417 1397 saepe
1430 1363 1514 1390 etiam
1531 1363 1630 1391 ferire:
1650 1368 1791 1398 postremo

996 1412 1087 1435 autem
1105 1415 1246 1443 spernere,
1263 1409 1286 1436 si
1299 1416 1368 1436 nova
1386 1409 1527 1444 prioribus
1544 1417 1653 1444 semper
1671 1410 1792 1445 adjicere

997 1459 1157 1488 peccantem
1171 1454 1275 1483 videat.
1293 1453 1427 1482 Futurum
1447 1460 1490 1483 est
1504 1455 1590 1489 enim,
1611 1459 1642 1482 ut
1659 1455 1705 1490 qui
1727 1456 1791 1483 talis

995 1501 1042 1531 sit,
1060 1501 1194 1528 malorum
1221 1505 1296 1528 metu
1319 1502 1412 1529 minus
1438 1500 1582 1528 adiciatur.
1603 1501 1631 1529 Si
1648 1501 1721 1528 enim
1736 1501 1791 1529 Deo

995 1546 1146 1573 accndenle
1172 1545 1237 1572 boni
1264 1545 1422 1579 reddimur;
1451 1546 1548 1574 eodem
1570 1546 1654 1574 etiam
1674 1554 1690 1573 a
1711 1547 1792 1574 nobis

143 1593 174 1619 οὐ
193 1592 306 1618 δύνασθε
324 1593 411 1618 ποιεῖν
425 1591 512 1618 οὐδέν.
532 1592 588 1618 Καὶ
610 1592 743 1627 περὶτῶν
761 1592 846 1627 ἁγίων
861 1592 941 1626 φησὶν

995 1592 1143 1619 τειοθιιιιιιιο
1170 1592 1317 1626 nequiores
1341 1592 1420 1627 longe
1444 1592 1502 1619 ﬁeri
1523 1592 1702 1620 manifestum
1725 1597 1790 1621 est:

144 1639 159 1668 ὁ
175 1637 256 1664 Δαϐίδ
268 1645 276 1652 θ
293 1637 371 1664 ("Ott
386 1637 417 1663 τὸ
433 1637 566 1672 καύχημα
580 1636 634 1664 τῶν
646 1637 789 1671 δυνάμεων
806 1636 896 1664 αὐτῶν
916 1635 942 1664 εἷ

145 1684 189 1716 at}.
207 1694 215 1710 I
231 1683 287 1715 Καὶ
302 1683 419 1719 ἀλλαχοῦ
434 1683 462 1710 δέ
480 1692 578 1719 φησιν·
597 1693 606 1709 ί
620 1683 678 1710 Οὐκ
692 1684 737 1710 ἐπὶ
752 1682 790 1718 τῷ
806 1683 875 1718 τόξῳ
889 1691 940 1718 μου

144 1731 240 1763 ὲλπιω,
261 1731 308 1757 καὶ
319 1729 476 1765 ἡ¹ῥομφαία
491 1737 541 1765 μου
555 1729 585 1756 οὐ
602 1729 683 1756 σώσει
700 1729 876 1764 palliatum;
886 1729 941 1764 γὰρ

144 1777 219 1811 ἡμᾶς
245 1777 278 1803 ἐκ
301 1775 356 1805 τῶν
381 1775 526 1802 θλιὸόντων
549 1775 633 1811 ἡμᾶς.
651 1785 660 1801 ι
681 1775 717 1802 Οὐ
739 1775 794 1811 γὰρ
817 1775 859 1809 ἐφ’
874 1775 940 1809 ἡμῖν

143 1823 290 1856 τοσοῦτον,
308 1823 371 1849 ὅσον
394 1823 422 1850 ἐν
444 1822 514 1857 Θεῷ,
536 1821 586 1856 τῆς
611 1821 749 1857 σωτηρίας
773 1822 790 1855 ἡ
815 1821 939 1856 δύναμις.

151 1869 233 1895 Ἀλλὰ
246 1869 294 1895 καὶ
312 1867 536 1902 ὲπλανήθημεν.
552 1867 628 1902 φησὶ,
642 1867 692 1894 καὶ
706 1867 890 1902 ἐγενήθημεν
900 1867 941 1899 ὡς

143 1915 317 1950 ἀκάθαρτοι.
334 1916 365 1942 El
379 1915 407 1942 δὲ
424 1915 472 1941 καὶ
484 1914 555 1948 δόξει
570 1923 612 1946 τις
631 1915 661 1941 ἐν
676 1915 741 1949 ἡμῖν
756 1913 856 1940 δικαία
867 1914 940 1949 πρᾶ-

145 1963 184 1995 ξις
201 1962 388 1998 εὑρίσκεσθαι,
405 1960 602 1996 ἑρῤυπωμένη
633 1961 681 1988 καὶ
697 1960 767 1996 αὕτη
781 1961 828 1987 καὶ
843 1960 941 1995 ἄτιμος

144 2009 328 2044 ἐξελέγχεται.
344 2009 399 2035 Kal
412 2008 472 2040 πῶς
486 2008 541 2043 γὰρ
555 2007 590 2034 ἂν
612 2007 656 2042 εἴη
679 2006 857 2040 δικαιοσύνη
870 2007 942 2042 παρ’

144 2053 238 2084 αὐτοῖς
252 2054 293 2084 εις
305 2053 422 2088 Χριστδν
435 2052 584 2088 ἠσεϐηκόσι
595 2072 602 2083 ,
623 2052 672 2087 τὴν
685 2052 770 2083 ὅντως
785 2052 938 2080 δικαιοσύ-

145 2107 218 2133 νηνῖ
228 2099 400 2133 ’Λκάθαρτοι
415 2099 517 2129 τοίνυν,
533 2098 586 2125 κᾶν
600 2098 705 2125 δοκοῖέν
720 2106 793 2130 τινες
808 2099 940 2130 ἐπιεικεῖς

146 2145 175 2171 ἐν
192 2144 294 2176 αὐτοῖς.
314 2144 374 2170 Κᾶν
387 2143 442 2179 γὰρ
458 2144 644 2179 παρατηροῖεν
665 2143 715 2175 τὰς
737 2143 858 2176 ἐντολὰς,
872 2143 941 2171 ἀλλά

145 2190 265 2217 διάθεσιν
277 2190 328 2217 οὐκ
344 2189 438 2225 ἔχουσι
459 2189 527 2224 προς
541 2189 618 2216 Θεόν.
635 2188 721 2216 Τοῦτο
732 2189 761 2215 δὲ
777 2189 824 2215 καὶ
838 2189 941 2223 ἔκρου-

145 2243 198 2263 aur
212 2234 294 2269 ἡμῖν,
306 2235 346 2267 ὡς
368 2234 500 2269 φύλλοις
514 2234 548 2261 ἐκ
559 2233 685 2268 δένδρου
711 2233 873 2269 πεποίηκεν,
891 2235 941 2269 τῆς

146 2281 251 2314 ἑαυτῶν
276 2280 354 2316 ῥίζης
380 2280 584 2307 ἐκπεπτωκόσι.
600 2280 655 2306 Καὶ
678 2280 692 2307 ὁ
711 2280 761 2314 μὲν
778 2280 941 2312 ’Δπόστολος

145 2327 192 2359 τοῦ
206 2327 299 2359 ἔθνους
315 2326 488 2362 κατηγορῶν,
501 2327 538 2358 ὡς
556 2326 670 2358 κλάδους
693 2326 747 2353 ἀπὸ
767 2327 876 2362 δένδρου
892 2335 940 2353 κεν

145 2373 263 2400 κλᾶσθαί
290 2380 384 2408 φησιν.
401 2372 431 2399 '0
456 2371 486 2400 δὲ
513 2372 562 2401 τὴν
587 2372 756 2407 κατηγορίαν
784 2372 940 2406 ἐπιτείνων,

144 2421 275 2455 φύλλοις
285 2419 439 2454 πᾶρέϐαλεν
449 2419 479 2453 ἐξ
494 2419 595 2455 ἀνέμου
606 2419 732 2454 ῥιφεῖσιν.
745 2419 942 2455 Εὑπαρακόμι-

146 2475 209 2493 στον
223 2466 278 2501 γὰρ
295 2465 431 2500 ἐσχήκασι
449 2464 499 2500 τὴν
513 2464 628 2499 καρδίαν
637 2484 645 2496 ,
663 2464 711 2495 καὶ
725 2462 781 2491 οἷον
794 2465 876 2492 παντὶ
892 2474 941 2491 πε-

147 2512 332 2548 ριφερομένην
359 2511 508 2546 πνεύματι.
524 2511 580 2540 Καὶ
608 2511 666 2542 πῶς
691 2511 745 2546 γὰρ
763 2508 798 2546 ἦν
813 2511 887 2546 ἡμᾶς
909 2508 940 2538 εὖ

145 2558 249 2593 πρᾶξαι
264 2558 313 2593 τὴν
325 2557 525 2592 ἀποστροφὴν
541 2558 590 2593 τὴν
602 2557 678 2591 παρὰ
691 2557 751 2587 σοῦ,
763 2558 857 2592 φησὶν,
871 2557 940 2584 ὑπο-

147 2604 257 2639 μείναντ
265 2612 310 2635 ις;
328 2603 396 2630 Οὺδέ
411 2603 466 2638 γὰρ
480 2604 581 2639 εὑρέθη
599 2612 642 2634 τις
655 2605 685 2630 ἐν
697 2604 763 2638 ἡμῖν
776 2603 790 2629 ὀ
811 2603 940 2639 δυσωπῆ-

145 2659 191 2678 σαι
205 2650 354 2685 δυνάμενός
368 2658 399 2676 σε
413 2649 594 2684 δικαιοσύνῃ
611 2650 659 2677 καὶ
674 2651 850 2685 προσευχαῖς.

992 1644 1055 1663 cum
1073 1636 1159 1664 Deum
1171 1644 1233 1664 esse
1246 1637 1381 1664 virtutum
1398 1637 1544 1664 Dominum
1560 1645 1641 1666 nemo
1659 1638 1789 1672 ambigat:

991 1690 1054 1709 cum
1081 1682 1221 1709 Christum
1247 1682 1330 1709 etiam
1369 1683 1476 1717 absque
1510 1691 1541 1711 se
1574 1683 1643 1711 nihil
1666 1684 1790 1718 praestari

992 1735 1084 1763 posse,
1098 1727 1249 1756 affirmasse
1263 1733 1369 1756 certum
1382 1729 1419 1756 sit
1432 1729 1454 1756 ³.
1472 1728 1574 1756 Scribit
1588 1737 1671 1765 porro
1681 1729 1715 1757 de
1728 1737 1792 1757 san-

991 1775 1044 1802 ctis
1055 1779 1082 1802 et
1095 1773 1178 1802 David
1189 1775 1262 1802 hunc
1271 1775 1297 1802 in
1308 1775 1418 1802 modum
1430 1784 1437 1802 :
1449 1774 1585 1808 Quoniam
1599 1776 1725 1811 gloriatio
1735 1775 1792 1802 vir-

992 1825 1080 1848 tutum
1095 1821 1154 1856 ipse
1169 1828 1200 1848 es
1209 1820 1231 1848 δ.
1251 1830 1260 1846 ι
1283 1820 1316 1847 Et
1333 1822 1397 1848 alibi
1413 1830 1420 1848 :
1438 1821 1512 1849 «Non
1530 1822 1557 1848 in
1569 1829 1632 1849 arcu
1653 1829 1714 1848 meo
1729 1829 1792 1856 spe-

991 1867 1075 1902 rabo;
1095 1875 1184 1903 neque
1202 1867 1310 1903 gladius
1330 1875 1409 1894 meus
1441 1867 1561 1894 salvabit
1591 1875 1645 1894 me.
1672 1867 1788 1895 Salvasti

992 1914 1064 1942 enim
1078 1922 1131 1942 nos
1148 1921 1162 1940 a
1178 1914 1405 1941 tribulationibus
1419 1914 1442 1940 π.
1462 1923 1471 1939 ι
1501 1913 1596 1948 Neque
1619 1913 1693 1941 enim
1713 1917 1791 1940 tanta

991 1965 1034 1988 est
1056 1960 1082 1988 in
1106 1960 1187 1987 nobis
1214 1960 1303 1987 virtus
1323 1960 1358 1986 ad
1383 1959 1513 1992 salutem,
1547 1964 1651 1995 quanta
1675 1959 1703 1987 in
1722 1959 1789 1987 Deo.

992 2005 1147 2039 Quinetiam
1164 2007 1322 2038 erravimus,
1347 2006 1441 2039 addit,
1459 2013 1483 2033 et
1510 2007 1576 2041 facti
1599 2015 1690 2034 sumus
1713 2006 1792 2040 quasi

991 2051 1132 2079 immundi.
1157 2051 1214 2078 lmo
1229 2058 1305 2083 vero,
1328 2051 1351 2078 si
1370 2052 1501 2078 nonnulla
1529 2052 1555 2078 in
1577 2051 1656 2078 nobis
1679 2054 1792 2085 apparet

988 2097 1065 2130 jusla
1081 2097 1171 2128 actio;
1187 2097 1345 2130 reperietur
1358 2096 1497 2123 immunda
1511 2101 1538 2133 et
1555 2096 1626 2130 ipsa,
1647 2097 1792 2132 gloriaque

992 2142 1135 2169 destituta.
1153 2142 1325 2176 Ecquaenim
1342 2141 1416 2177 apud
1428 2149 1476 2170 eos
1492 2142 1672 2177 essejuslitia
1683 2142 1788 2176 valeat,

992 2189 1039 2228 qui
1051 2189 1078 2215 in
1093 2188 1244 2221 Christum,
1259 2188 1428 2223 quijustitia
1449 2195 1512 2216 vere
1534 2196 1575 2220 es,
1591 2188 1674 2223 impie
1695 2188 1792 2215 saevie-

993 2235 1162 2265 runt?Sunt
1187 2235 1272 2270 igitur
1291 2235 1432 2267 immundi,
1456 2235 1634 2269 quantumvis
1658 2234 1732 2261 inter
1742 2242 1790 2262 eos

957 2267 979 2296 Ῐ)
993 2289 1054 2310 esse
1071 2282 1222 2310 clementes
1240 2281 1366 2309 nonnulli
1385 2281 1542 2308 videantur.
1559 2280 1616 2308 Etsi
1630 2281 1703 2308 enim
1714 2287 1791 2307 man-

993 2328 1057 2355 data
1071 2328 1235 2359 observent,
1258 2327 1383 2356 instituto
1397 2331 1489 2355 tamen
1509 2332 1537 2355 et
1560 2328 1702 2355 voluntate
1725 2331 1791 2355 sunt

993 2380 1007 2399 a
1024 2372 1079 2400 Deo
1092 2373 1186 2400 alieni.
1208 2373 1375 2407 Atqueillud
1399 2372 1510 2408 quidem
1532 2379 1585 2406 est,
1608 2373 1681 2407 quod
1703 2372 1790 2407 deﬂu-

993 2419 1064 2446 υἱιιηι
1083 2419 1187 2454 pt‘pcrit
1203 2419 1289 2452 nobis,
1309 2419 1389 2448 veluti
1400 2419 1473 2459 [aliis
1494 2419 1526 2446 ab
1543 2419 1649 2453 arbore,
1665 2427 1727 2446 cum
1744 2420 1790 2446 illa

994 2473 1010 2493 a
1030 2466 1123 2493 radice
1148 2474 1198 2493 sua
1218 2465 1362 2493 decidunt.
1390 2466 1462 2503 Quin
1485 2470 1512 2494 et
1537 2466 1688 2501 Apostolus
1720 2467 1788 2498 ipse,

995 2519 1057 2540 cum
1073 2517 1181 2546 gentem
1193 2517 1349 2545 accusaret,
1362 2517 1491 2549 tanquam
1510 2521 1618 2540 ramum
1636 2513 1670 2540 ab
1679 2513 1790 2547 arbore,

999 2559 1121 2586 avulsam
1138 2566 1199 2586 esse
1215 2559 1404 2593 pronuntiavit
1418 2560 1439 2586 ⁸.
1452 2559 1501 2587 llic
1515 2564 1618 2591 autem,
1635 2564 1790 2586 utaccusa-

997 2605 1099 2632 tionem
1119 2609 1243 2640 augeret,
1257 2604 1330 2639 [aliis
1349 2605 1540 2640 comparavit;
1563 2613 1624 2640 qua:
1645 2609 1791 2632 ventorum

996 2651 1101 2686 impetu
1126 2652 1282 2685 rapiuntur.
1301 2651 1371 2678 Sunt
1384 2651 1456 2678 enim
1474 2651 1558 2678 corde
1573 2651 1624 2678 levi
1641 2655 1669 2677 et
1683 2650 1790 2683 mobili;

144 2697 192 2734 qui
207 2697 283 2725 nullo
300 2705 355 2725 non
373 2696 456 2724 veluti
477 2700 559 2724 vento
568 2696 804 2731 circumaguntur.
816 2696 876 2730 Quo
895 2701 977 2732 pacto
989 2697 1062 2725 enim
1079 2696 1195 2724 feliciter
1210 2704 1292 2732 agere
1304 2697 1456 2729 valeamus,
1491 2697 1590 2732 inquit,
1624 2696 1671 2731 qui
1707 2703 1789 2722 aver-

145 2746 245 2772 sionem
267 2751 282 2771 a
300 2748 327 2772 te
349 2744 488 2780 patimur?
515 2742 574 2771 Non
594 2744 676 2781 73!.
698 2745 772 2772 enim
792 2745 940 2780 quisquam
959 2746 1032 2774 inter
1047 2753 1098 2774 nos
1114 2749 1240 2780 repertus
1253 2750 1308 2780 est,
1319 2745 1366 2781 qui
1378 2749 1472 2780 posset
1492 2749 1518 2773 te
1532 2745 1660 2780 precibus
1686 2747 1714 2771 et
1726 2743 1788 2778 jus-

147 2793 209 2820 τέιὶα
218 2791 337 2819 ﬂectere.

182 2853 205 2869 98
219 2851 304 2880 Exod.
318 2860 394 2882 XXIX,
411 2851 422 2878 l
443 2859 520 2887 seqq.
558 2851 661 2879 “Psal.
680 2860 776 2885 cxvru,
795 2853 840 2880 42.
880 2853 987 2882 ‘ICor.
1005 2861 1036 2887 ll,
1052 2853 1079 2880 9.
1133 2853 1144 2868 ¹
1160 2851 1182 2879 ll
1195 2851 1260 2880 Cor.
1279 2859 1328 2884 xu,
1345 2851 1371 2879 ι.
1411 2850 1421 2866 ³
1450 2849 1529 2880 Joan.
1558 2849 1642 2884 “,5.
1681 2849 1692 2865 δ
1707 2848 1781 2878 Psal.

558 2851 661 2879 “Psal.
680 2860 776 2885 cxvru,
795 2853 840 2880 42.
880 2853 888 2869 ¹
902 2853 912 2881 Ι
924 2853 987 2882 Cor.
1005 2861 1036 2887 ll,
1052 2853 1079 2880 9.

145 2896 223 2921 wn,
243 2888 269 2915 4.
308 2889 319 2904 ⁸
347 2887 452 2920 ibid.7,
473 2888 500 2915 8.

539 2887 549 2903 θ
575 2886 655 2917 liom.
677 2896 709 2921 ιι,
729 2888 772 2915 l7.
