1988 3079
228 148 297 181 2687

884 154 1060 188 ΠΠΟΟΟΡΙΙ
1077 156 1197 187 GAZ/El

1789 157 1861 190 2688

227 203 303 230 mihi.
319 203 412 239 Neque
427 205 499 232 enim
516 204 576 232 aliis
594 212 715 240 unquam
738 206 877 239 litassent,
896 208 947 235 nisi
971 216 1016 236 me

1074 209 1121 244 (ἄρ
1137 211 1169 237 ἂν
1189 209 1267 237 ἔθυον
1287 211 1400 246 ἑτέροις,
1419 211 1456 247 μὴ
1478 219 1712 246 καταφρονουντες
1729 211 1765 244 ὡς
1782 212 1860 238 εὐτε-

227 249 471 284 contempsissent,
498 254 625 285 tanquam
652 251 723 279 Deus
748 252 807 287 ipse
836 261 891 280 non
912 261 1015 281 essem.

228 294 306 327 Quod
323 299 414 322 autem
443 304 495 322 non
517 295 661 323 taciturum
677 305 707 324 se
726 298 847 332 adjecit;
865 298 898 326 ad
917 307 1018 334 exspe-

227 344 335 368 ctantes
355 349 385 368 se
413 342 518 370 retulit.
536 341 630 377 ltaque
648 344 670 370 si
689 345 846 372 Inveniatur
867 345 968 380 aliquis
984 354 1018 373 ex

227 394 259 413 ea
280 387 464 422 multitudine,
479 388 525 423 qui
545 389 642 417 salutis
677 398 752 425 spem
785 391 894 424 habeat,
919 393 1017 419 horum

228 433 275 460 ille
292 433 317 459 in
335 442 450 461 numero
474 442 527 463 non
555 425 711 463 babebitur.
734 436 763 464 Si
780 438 853 464 enim
887 439 927 465 vel
955 440 1019 467 vitis

229 479 287 513 ipsa
306 479 427 511 Domini,
442 488 491 515 pro
507 482 579 513 uvis,
597 482 692 516 spinas
705 483 850 517 producat;
865 484 1020 511 eradicabi-

229 529 286 552 tur.
305 526 353 553 Sin
380 533 471 555 autem
497 529 538 555 vel
564 535 679 563 paucus,
695 529 774 556 veluti
807 529 834 556 in
854 531 923 556 sicco
945 530 1019 558 botro

230 573 322 600 acinus
339 574 482 601 incolumis
497 575 664 608 inveniatur;
679 581 809 609 tanquam
826 576 1018 604 benedictionis

230 618 378 654 particeps.
394 621 561 647 servabitur.
587 620 646 647 Non
669 621 749 648 aliter
766 628 798 648 ac
816 621 838 649 si
852 622 910 656 agri
926 621 1020 649 Domi-

231 672 283 691 nus
299 672 432 692 racemum
455 666 590 700 amputari
617 666 771 700 prohibeat,
788 666 815 693 in
832 675 886 701 quo
898 669 1019 701 supersit

231 709 335 740 acinus,
350 718 431 744 quem
447 710 547 738 habere
569 710 776 737 benedictione»:
792 716 913 738 moneat.
927 711 972 738 Sic
992 715 1020 739 et

231 754 350 781 Sodoma
372 760 548 782 servaturum
569 763 598 783 se
627 756 807 790 pollicebatur
836 756 978 787 Dominus.
995 756 1018 784 si

230 801 272 828 vel
290 801 510 836 quinquejustos
527 802 709 829 habuisset“.
724 802 775 829 Hic
791 807 882 829 autem
898 802 930 829 ad
941 803 1021 830 boui-

230 847 295 874 tatis
319 847 508 874 extensionem
532 852 644 882 propter
665 848 770 875 acinum
796 856 891 881 unum,
915 849 1017 876 botrum

1070 255 1142 288 λοῦς,
1159 256 1206 282 καὶ
1224 257 1290 292 μηδέ
1306 258 1381 289 ουτος
1394 257 1472 285 Θεοῦ.
1489 258 1526 284 Τὸ
1542 258 1634 289 δὲ,οῠ
1647 258 1691 293 μὴ
1704 259 1859 292 σιωπήσω,

1071 302 1254 336 ἐπιμενόντων
1271 296 1360 330 αὐτῶν
1380 303 1511 338 δηλονότι.
1525 303 1677 339 Τοιγαροῦν
1691 305 1716 330 εὶ
1733 305 1859 340 εὑρεθείη

1070 354 1112 377 τις
1126 348 1155 372 ἐν
1171 347 1209 382 τῷ
1228 347 1324 382 πλήθει
1341 348 1478 383 σωτηρίας
1488 348 1558 383 ἔχων
1568 349 1675 380 ἐλπίδα,
1690 349 1794 376 τούτων
1807 349 1861 382 ἔξω

1071 392 1226 425 γενήσεται,
1246 394 1276 419 Εἰ
1294 393 1348 428 γὰρ
1362 394 1410 420 καὶ
1427 395 1441 420 ὁ
1454 394 1584 429 ἁμπελὼν
1601 396 1704 430 Κυρίου
1722 396 1783 422 ἀντὶ
1800 404 1863 423 στα-

1071 436 1157 472 φυλῆς
1168 437 1289 469 ἀκάνθας
1303 439 1419 473 ποιήσας
1431 444 1456 469 t,
1466 439 1698 475 ἀφανισθήσεταιο
1709 441 1768 467 ἀλλ’
1781 441 1863 467 εἵπου

1070 490 1112 513 τις
1127 482 1303 517 εὑρεθήσεται
1319 483 1431 515 σπάνιος
1450 484 1490 516 ὡς
1506 485 1540 510 ὲν
1562 484 1643 518 ξηρῷ
1663 485 1776 519 βότρυι·
1797 486 1863 519 ῥὼὶῖ

1070 527 1168 561 ὑγιὴς.
1179 527 1217 559 ὠς
1231 529 1374 563 εὐλογίας
1383 529 1517 565 μετέχων,
1535 529 1689 564 σωθήσεται
1699 539 1706 545 ·
1721 530 1759 562 ὡς
1776 532 1800 558 εἱ
1814 533 1864 557 καὶ

1070 571 1207 607 δεσπότης
1226 573 1312 608 ἀγροῦ
1334 574 1435 601 κωλύοι
1465 575 1603 611 τμηθῆναι
1627 577 1746 610 ,βότρυν
1764 578 1863 612 ἔχοντα

1070 618 1115 645 τὸν
1137 619 1184 645 ἕνα
1205 619 1296 654 ρὦα,
1324 621 1467 654 εὐλογίαν
1482 621 1553 656 ἔχειν
1574 622 1669 655 εἰπὼν,
1687 622 1759 649 οὕτω
1780 624 1863 658 μέχρι

1071 664 1151 690 πέντε
1165 664 1277 690 δικαίων
1290 665 1305 691 ὁ
1319 664 1385 697 Θεὸς
1401 666 1535 701 ὑπέσχετο
1559 666 1657 699 σώζειν
1683 668 1719 694 τὰ
1742 668 1860 702 Σόδομα.

1070 709 1127 735 Νῦν
1137 709 1166 735 δὲ
1181 710 1242 735 κατ’
1256 711 1382 737 ἐπίτασιν
1393 711 1572 747 ἁγαθὸτητος,
1587 712 1622 739 δι’
1639 713 1687 740 ἕνα
1701 713 1800 750 [ῥῶγα]
1815 714 1863 740 λέ-

1070 763 1113 788 γει
1124 755 1169 781 τδν
1179 755 1296 788 ,Βότρυν
1312 756 1495 791 σωθήσεσθαι,
1506 757 1607 793 δηλαδὴ
1619 758 1708 791 πόλιν,
1722 759 1738 794 ἢ
1752 759 1863 794 κώμην.

1071 801 1125 827 Καὶ
1150 801 1200 836 τὴν
1230 801 1359 828 ἐπάνοδον
1389 803 1443 838 γὰρ
1475 804 1609 838 πεποίηκε
1629 805 1674 832 διὰ
1697 805 1862 840 Ζοροϐάϐελ,

1076 847 1180 882 Ἰησοῦν
1201 856 1231 874 τε
1252 848 1299 874 καὶ
1332 849 1461 884 Ἐσδραν,
1486 849 1533 876 καὶ
1552 850 1579 876 εῐ
1593 858 1636 882 τις
1651 851 1781 882 τοιοῦτος.
1806 851 1866 878 Καὶ

229 892 319 927 ipsum
337 901 344 924 ;
359 892 440 919 idest
457 893 609 923 civitatem.
625 893 667 920 vel
683 901 793 928 pagum,
808 897 980 920 servaturum
990 902 1019 921 se

1074 892 1120 918 νῦν
1144 893 1172 920 δὲ
1197 893 1368 929 ἐξελοῦμαι,
1391 882 1475 930 ἤγουν
1505 896 1606 931 ὑψηλὸν
1631 896 1764 930 ἀποδείξω
1779 897 1809 923 τὺ
1833 898 1866 930 ἐξ

229 938 376 972 signiﬁcat.
391 937 461 965 Olim
478 938 550 966 enim
560 939 805 967 etiantrevcrteudi
819 940 928 974 copialu
944 939 1018 972 fecit,

228 988 341 1019 propter
370 984 579 1016 Zorobahelem.
592 991 618 1012 et
644 985 750 1016 Jesum,
765 990 792 1013 et
809 986 935 1017 Esdram,
953 990 980 1013 et
995 986 1017 1013 si

228 1030 291 1064 quis
306 1031 451 1066 ejusmodi.
467 1032 499 1059 Et
512 1040 584 1059 nunc
593 1041 704 1068 quoque
715 1033 872 1060 educturum
885 1041 922 1063 se.
939 1033 963 1060 id
976 1036 1019 1060 est

228 1077 368 1104 excelsum
388 1077 610 1106 facturumludaa
622 1087 708 1106 semen
722 1084 746 1106 et
759 1078 857 1106 Jacobi
871 1078 1017 1113 signiﬁcat.

227 1120 359 1156 lntelligit
384 1130 448 1150 vero
477 1125 585 1151 seminis
612 1124 795 1159 appellatione
824 1124 889 1150 illud
918 1124 1018 1158 ipsum,

227 1168 301 1202 quod
326 1169 433 1196 caeteris
453 1169 485 1196 ad
503 1170 640 1197 fructuum
668 1170 816 1197 editionem
832 1169 957 1197 conferre
973 1178 1019 1196 va-

229 1214 385 1249 leatzquale
400 1220 443 1243 est
460 1215 543 1243 illud:
562 1227 569 1241 ι
590 1215 646 1244 Nisi
664 1216 798 1244 Dominus
815 1216 935 1243 Sabaoth
953 1216 1014 1243 reli-

228 1260 333 1294 quisset
343 1261 420 1288 nobis
438 1269 529 1288 semen
541 1262 579 1294 1";
594 1271 602 1288 ι
616 1262 718 1297 quibus
727 1262 819 1288 verbis
829 1262 1017 1296 apostolorum

228 1306 332 1333 chorus
349 1307 521 1341 signiﬁcatur
534 1315 542 1340 ;
556 1308 613 1342 qui,
628 1308 734 1335 ueteris
748 1308 927 1342 pereuntibus,
941 1315 1018 1334 mon-

230 1357 280 1383 tem
292 1358 413 1380 sanctum
428 1354 575 1387 possidens,
593 1354 625 1380 all
642 1359 761 1381 montem
784 1353 860 1386 Sion,
871 1359 898 1381 et
925 1353 958 1380 ad
976 1353 1018 1380 ci-

229 1398 343 1425 vitalem
362 1397 407 1426 Dei
420 1399 699 1430 viventis.cmlestem
712 1399 864 1426 Jerusalem
881 1399 913 1430 ¹⁶,
930 1399 955 1425 id
973 1403 1016 1425 est

1079 938 1175 965 Ἰούδα
1187 939 1306 974 σπέρμα
1324 939 1373 966 καὶ
1393 940 1503 968 Ἰακώϐ.
1523 941 1559 967 To
1569 942 1597 967 δέ
1611 942 1731 976 σπέρμα
1746 942 1822 977 δηλοῖ
1833 943 1865 969 τὸ

1072 985 1112 1016 εἰς
1150 984 1252 1019 ἐτέρων
1284 984 1472 1019 καρποφοριαν
1510 985 1667 1011 συντελέσαι
1702 985 1864 1020 δυνάμενον·

1070 1031 1162 1056 ὁποῖον
1192 1030 1238 1061 τὸ,
1265 1039 1274 1056 ι
1295 1030 1326 1056 Εἰ
1345 1030 1383 1065 μὴ
1407 1030 1510 1066 Κύριος
1532 1030 1648 1058 Σαϐαὼθ
1682 1032 1867 1064 ἐγκατέλιπεν

1073 1076 1141 1110 ἡμῖν
1158 1075 1277 1110 σπέρμα,
1298 1085 1307 1101 ι
1336 1075 1351 1102 ὅ
1373 1075 1419 1102 τὸν
1434 1076 1613 1103 ἀποστολικδν
1625 1077 1754 1112 σημαίνει
1768 1078 1864 1113 χορὸνο

1073 1122 1097 1154 δ,
1115 1122 1170 1148 τῶν
1192 1121 1281 1148 ἄλλων
1306 1122 1537 1156 ἀπολλυμένων,
1554 1123 1587 1150 τὸ
1601 1123 1688 1156 ἅγιον
1701 1124 1867 1158 ἐκληρονό-

1070 1176 1171 1202 μησεν
1192 1167 1262 1202 ὀρος
1283 1176 1290 1183 ·
1319 1168 1480 1203 φάσκοντες,
1514 1169 1765 1205 Προσεληλύθαμεν
1795 1169 1865 1195 Σιὼν

1072 1214 1142 1248 ὕρει,
1168 1214 1216 1241 καὶ
1233 1215 1309 1241 πόλει
1325 1215 1392 1241 Θεοῦ
1411 1214 1512 1247 ζῶντος
1538 1215 1719 1250 Ἰερουσαλὴμ
1746 1217 1869 1251 ἐπουρα-

1072 1260 1131 1295 νίῳ,
1150 1259 1233 1295 ⁸Ῑγγονν
1248 1259 1297 1294 τὴν
1318 1260 1481 1295 Ἐκκλησίαν
1495 1261 1566 1287 κατὰ
1580 1261 1620 1292 τὸ,
1638 1261 1750 1287 [Movent
1767 1261 1868 1295 εὐφρο-

1073 1306 1168 1342 σύνην,
1192 1307 1298 1334 πίονται
1318 1304 1400 1340 οἶνον,
1421 1307 1561 1342 χρίσονται
1585 1307 1671 1342 μῦρον
1689 1307 1724 1333 ἐν
1744 1306 1783 1339 τῷ
1803 1306 1868 1340 ὄρει

1072 1352 1169 1388 τούτῳ,
1189 1353 1222 1380 δι’
1241 1351 1279 1380 ὧν
1298 1353 1449 1388 ἐπληροῦτο
1474 1354 1521 1380 καὶ
1543 1353 1584 1386 τὸ,
1602 1353 1747 1380 Ἔσονται
1770 1352 1806 1378 ἐν
1825 1350 1869 1384 τῷ

1070 1398 1172 1432 δρυμῷ
1197 1400 1351 1432 ἐπαύλεις.

229 1444 391 1477 Ecclesiam,
403 1445 552 1473 accessisse
570 1453 598 1473 se
614 1445 708 1472 dicunt
723 1445 816 1480 :juxta
833 1445 906 1480 quod
919 1445 1055 1472 bibituros
1067 1445 1200 1476 laetitiam,
1225 1445 1360 1473 liibituros
1378 1446 1640 1480 riuum;unguento
1651 1445 1769 1480 denique
1781 1451 1830 1472 eos
1838 1444 1868 1473 in

229 1495 317 1517 monte
333 1496 445 1518 unctum
458 1491 491 1518 iri
508 1491 645 1527 legimus;
662 1491 763 1527 quibus
780 1491 904 1519 etl‘ectum
916 1495 968 1524 est,
989 1497 1018 1519 ut
1037 1491 1110 1529 quod
1129 1491 1236 1526 futuras
1250 1492 1277 1518 in
1291 1492 1364 1521 saltu
1383 1491 1477 1519 caulas
1495 1491 1578 1526 739
1616 1491 1728 1525 adjecit,
1762 1490 1866 1517 factum

231 1538 393 1571 reperiatur.

267 1584 315 1612 Est
335 1593 399 1612 vero
414 1589 557 1617 usttatum,
575 1588 605 1612 ut
617 1585 702 1612 saltus
714 1585 836 1617 nomine,
861 1589 1016 1622 exterarum

1105 1583 1223 1618 Δρυμὸν
1240 1583 1362 1618 συνήθως
1389 1582 1477 1616 λέγων
1495 1581 1549 1608 τῶν
1566 1581 1724 1616 ἀλλοψύλων
1747 1582 1778 1607 τὺ
1797 1582 1868 1616 πλῆ-

231 1630 356 1665 gentium
373 1631 522 1657 multitudo
536 1631 708 1665 signiﬁcetur
720 1639 727 1663 ;
739 1630 810 1665 apud
823 1638 892 1665 quas
910 1630 1022 1657 institit-

232 1679 275 1702 tas
289 1682 352 1702 esse
384 1679 494 1703 constat
525 1675 662 1703 Ecclesias
676 1684 683 1708 ;
697 1683 758 1709 quae
781 1675 875 1707 cautw,
892 1680 919 1702 et
942 1675 1021 1702 vallis

231 1723 321 1749 Achar
336 1723 517 1757 appellantur.
530 1723 568 1750 Ae
584 1724 607 1751 si
630 1723 736 1751 diceret
750 1732 757 1750 :
772 1723 829 1750 Non
847 1724 926 1750 aliter
939 1731 1020 1758 quam

231 1768 330 1794 vallem
357 1768 451 1795 Achor
484 1773 568 1796 totam
600 1769 817 1797 exsecrationem
851 1769 905 1803 pati
933 1769 1022 1796 couti-

233 1814 272 1847 git
287 1814 307 1830 "’
321 1822 328 1845 ;
343 1821 405 1841 cum
421 1822 454 1842 eo
474 1815 614 1849 coniectus
628 1815 719 1842 Acltor
745 1819 799 1848 est,
819 1816 865 1850 qui
886 1823 947 1849 qua:
967 1814 1023 1841 Deo

233 1859 343 1887 fuerant
367 1865 529 1887 consecrata
549 1860 658 1888 furatus
686 1861 855 1888 esset:talis
877 1860 967 1888 fuerat
996 1863 1024 1887 et

234 1905 293 1939 ipsa
307 1906 429 1941 gentium
451 1907 610 1941 impiarum,
634 1907 744 1942 Deoque
757 1907 909 1934 carentium
926 1907 1021 1941 regio;

234 1959 295 1987 quae
305 1952 331 1979 in
344 1957 524 1980 armentorum
543 1953 669 1988 requiem,
685 1953 791 1987 populo,
804 1953 849 1988 qui
862 1961 902 1980 me
925 1954 1024 1988 quwsi-

234 2002 337 2030 verum,
360 1996 451 2024 futura
465 2002 508 2025 est
523 2006 530 2024 :
549 2006 630 2033 quem
640 2002 668 2025 et.
680 1999 790 2030 racemi,
801 2002 827 2025 et
843 1998 1025 2030 seminis,ele—

234 2048 342 2070 clarum
359 2044 482 2077 insuper,
495 2048 522 2071 et
546 2051 688 2071 servorum
708 2044 865 2071 nominibus
881 2043 1024 2072 indicavit.

233 2090 341 2126 Cogcut
353 2091 425 2118 enim
447 2095 569 2118 armenta
587 2094 614 2118 et
624 2099 725 2126 greges,
742 2098 797 2118 non
814 2091 841 2118 in
858 2090 960 2124 lsrael;
977 2090 1026 2118 sed

235 2135 262 2166 in
273 2135 345 2162 saltu
370 2135 513 2170 przedicto,
528 2139 556 2163 et
585 2137 653 2164 valle
676 2136 787 2163 Achoris
800 2145 810 2169 ;
825 2136 852 2163 id
867 2141 919 2169 cst,
938 2137 965 2163 in
983 2145 1026 2164 re-

236 2181 324 2215 gionis
348 2181 540 2216 amplitudine,
567 2181 590 2209 si
614 2181 735 2209 nominis
765 2181 1022 2217 interpretationem

238 2227 371 2260 postulas.
383 2228 474 2262 Atque
498 2227 556 2255 haec
578 2227 690 2262 quidem
712 2227 775 2255 istis
801 2232 932 2255 eventura
950 2231 1025 2255 sunt.

237 2271 265 2299 In
286 2275 401 2299 caeteros
420 2276 523 2305 auteml
540 2272 587 2307 qui
604 2277 718 2300 montem
733 2279 855 2300 sanctum
880 2272 1028 2308 dereliquc-
1043 2267 1067 2296 D

237 2323 308 2350 runt,
327 2326 412 2353 seque
431 2319 561 2354 gentibus
575 2319 612 2346 ita
627 2318 827 2355 adjunxerunt,
847 2323 875 2346 ut
892 2327 953 2346 mox
970 2319 1027 2354 for-

237 2369 310 2392 tuna:
339 2364 483 2392 simulacro
513 2372 631 2391 mensam
658 2368 793 2398 pararent,
822 2371 885 2391 mox
913 2363 1029 2391 dwmom’

235 2412 377 2445 potionem,
390 2417 414 2438 et
431 2412 537 2448 gladius
562 2412 646 2439 etiam
669 2412 826 2439 inducetur.
842 2411 921 2444 Quod
946 2412 970 2440 si
987 2412 1030 2438 itt-

237 2462 371 2492 terroges,
387 2464 438 2484 Clll'
455 2464 471 2484 ιι
498 2464 541 2484 me
571 2461 671 2483 caetera
700 2456 947 2491 praztermittantur
963 2462 971 2487 ;
988 2462 1030 2482 me

238 2511 289 2531 vos
303 2508 415 2538 propter
431 2503 567 2539 meipsum
581 2511 688 2530 vocasse
715 2501 900 2537 respondebo,
916 2509 966 2528 vos
979 2508 1030 2528 au-

238 2551 291 2578 tem
306 2556 358 2575 non
372 2548 505 2576 audivisse
519 2556 527 2581 ;
545 2549 626 2584 quale
640 2548 706 2575 illud
721 2547 782 2580 fuit,
799 2547 872 2582 quod
888 2551 979 2579 antea,
989 2554 1032 2574 me

237 2595 347 2622 venisse
364 2594 487 2629 quidem,
499 2596 546 2622 sed
565 2595 704 2622 hominem
728 2602 784 2622 non
812 2594 919 2627 fuisse;
939 2599 967 2621 et
983 2600 1032 2620 vo—

237 2649 318 2670 casse
335 2643 429 2676 etiam,
450 2642 497 2670 sed
519 2642 624 2670 nullum
649 2642 818 2676 obedivisse,
839 2642 945 2669 monui.
967 2639 1027 2668 Non

238 2687 340 2717 desunt
365 2695 458 2723 porro,
473 2688 519 2723 qui
550 2692 688 2724 postrema
704 2688 769 2721 ista,
784 2689 818 2716 ad
844 2693 951 2723 gentes,
966 2694 1028 2722 qua:

1076 1630 1132 1661 οος,
1155 1629 1221 1665 παρ’
1245 1625 1287 1658 οἷς
1321 1628 1480 1663 Ἐκκλησίαι
1512 1627 1696 1662 κατέστησαν,
1724 1627 1868 1660 ἐπαύλεις

1075 1676 1253 1711 καλούμεναι,
1271 1674 1319 1701 καὶ
1328 1673 1446 1708 φάραγξ
1467 1673 1565 1707 Ἄχώρ.
1578 1673 1656 1700 Τοῦτ’
1671 1673 1756 1704 ἐστιν,
1773 1672 1869 1707 ὥσπερ

1076 1722 1145 1757 αὑτὴ
1162 1721 1274 1755 γέγονεν
1299 1719 1575 1754 ἁνατεθηματισμένη
1599 1717 1742 1752 παγγενεὶ,
1759 1717 1840 1744 τοῦτο
1855 1722 1866 1735 ι

1076 1767 1204 1802 ἀνάθημα
1221 1765 1372 1801 κλέψαντος
1392 1764 1575 1800 ἐμϐληθέντος
1592 1763 1660 1798 αὐτῇ
1673 1771 1680 1779 ’
1697 1762 1808 1798 τοιαύτη
1826 1771 1869 1793 τις

1076 1812 1111 1850 ἦν
1131 1815 1148 1849 ἡ
1163 1813 1239 1848 χώρα
1260 1812 1315 1838 τῶν
1335 1811 1423 1838 ἀθέων
1436 1810 1532 1842 ἐθνῶν,
1557 1811 1619 1845 ἥτις
1635 1811 1680 1843 εὶς
1693 1809 1871 1837 ἀνάπαυσιν

1077 1861 1154 1887 ἔσται
1177 1858 1352 1891 βουκολίων
1367 1858 1407 1891 τῷ
1422 1857 1623 1891 ἐκζητήσαντί
1643 1865 1681 1891 με
1695 1856 1770 1889 λαῷ,
1786 1856 1816 1887 ὃς
1834 1854 1871 1891 ἦν

1077 1907 1091 1934 ὁ
1109 1906 1174 1941 ῥὼξ
1194 1905 1242 1932 καὶ
1255 1905 1287 1931 τὸ
1305 1904 1426 1939 σπέρμα
1438 1904 1468 1930 τδ
1486 1903 1643 1938 εἰρημένον,
1658 1903 1683 1929 οἱ
1700 1902 1824 1929 ἐκλεκτοί
1840 1911 1871 1929 τε

1052 1986 1055 1988 η
1078 1953 1177 1979 δοῦλοι.
1207 1951 1391 1986 Συστήσονται
1416 1950 1472 1985 γὰρ
1497 1946 1571 1976 οὗτοι
1592 1948 1742 1981 ,βουκόλιά
1766 1957 1795 1974 τε
1824 1948 1872 1975 καὶ

1079 1999 1213 2033 ποίμνια,
1228 1998 1277 2024 οὐκ
1294 1998 1323 2023 ὲν
1339 1997 1378 2032 τῷ
1394 1995 1513 2031 Ἰσραὴλ,
1535 1995 1593 2021 ἀλλ’
1615 1996 1643 2021 ἐν
1658 1995 1697 2030 τῷ
1720 1994 1872 2028 δηλωθέντι

1079 2044 1189 2080 δρυμῷ,
1199 2044 1247 2072 καὶ
1255 2043 1292 2078 τῇ
1305 2042 1433 2078 φάραγγι
1447 2041 1502 2069 τοῦ
1518 2041 1660 2077 Ἀχᾶψ,ὃς
1676 2040 1870 2076 ἑρμηνεύεται,

1080 2091 1178 2126 φασιν,
1195 2089 1361 2126 εὐρυχωρία.
1380 2088 1474 2115 Ταῦτα
1499 2087 1549 2123 μὲν
1571 2087 1675 2119 τούτοις
1688 2095 1694 2102 ’
1714 2088 1771 2118 τοῖς
1799 2086 1873 2113 δὲτὸ

1080 2136 1166 2172 ἅγιον
1186 2133 1442 2171 ἐγκαταλιποῦσιν
1461 2133 1540 2167 ὅρος,
1568 2132 1615 2159 καὶ
1643 2131 1802 2166 συναφθεῐσι
1815 2132 1873 2162 τοῖς

1081 2182 1207 2212 ἐθνικοῖς,
1224 2181 1262 2212 ὡς
1291 2177 1529 2214 παρασκευάζειν
1544 2177 1583 2211 τῷ
1590 2178 1649 2212 μὲν
1659 2176 1807 2211 ἀγάλματι
1818 2176 1872 2208 τῆς

1081 2228 1175 2262 τύχης
1189 2224 1346 2260 τράπεζαν,
1372 2224 1413 2257 τῷ
1432 2223 1466 2250 δὲ
1481 2224 1600 2258 δαίμονι
1614 2222 1750 2257 κέρασμα
1774 2221 1815 2256 τῷ
1842 2222 1873 2246 ἐν

1080 2272 1165 2307 αὐτῷ,
1188 2271 1373 2307 ἐπαχθήσεται
1388 2269 1528 2304 μάχαιρα.
1545 2269 1604 2295 Κᾶν
1616 2268 1776 2304 ἐρωτήσῃς,
1794 2266 1870 2293 ’Λνθ“

1079 2319 1141 2345 ὅτου
1174 2318 1258 2345 τᾶλλα
1288 2317 1401 2350 παρεῖς;
1429 2315 1485 2350 ἐρῶ
1510 2316 1552 2342 ὅτι
1567 2314 1601 2341 δι’
1623 2313 1744 2349 ἐμαυτοῦ
1770 2313 1875 2339 καλῶν

1081 2363 1274 2400 παρεγενόμην
1282 2363 1365 2398 ὑμᾶς,
1379 2363 1459 2396 ὑμεῖς
1470 2361 1498 2388 δὲ
1508 2362 1565 2388 οὐκ
1574 2360 1782 2394 ὑπηκούσατε.
1794 2358 1875 2385 Καθά

1081 2411 1222 2446 προεῖπεν.
1234 2408 1349 2440 Ἦλθον,
1365 2408 1413 2435 καὶ
1431 2408 1479 2434 οὐκ
1506 2405 1541 2441 ἦν
1570 2406 1727 2442 ἄνθρωπος*
1742 2404 1873 2434 ἐκάλεσα,

1082 2457 1130 2484 καὶ
1146 2456 1196 2483 οὐκ
1207 2454 1240 2491 ἦν
1251 2456 1265 2481 ὀ
1280 2454 1436 2481 ὑπακούων.
1449 2453 1528 2484 Τινὲς
1541 2453 1569 2479 δὲ
1580 2452 1614 2479 τὰ
1629 2452 1774 2478 τελευταῖα
1788 2450 1874 2477 ταῦτα

1083 2503 1151 2537 πρὸς
1162 2502 1225 2531 τοὺς
1234 2501 1265 2533 ἐξ
1273 2501 1357 2527 ἐθνῶν
1366 2499 1571 2535 ἀπειθήσαντας
1583 2498 1711 2534 εἰρῆσθαί
1719 2505 1811 2532 φασιν.
1829 2496 1875 2528 Ὠς

1082 2549 1137 2584 γὰρ
1151 2548 1181 2574 οὐ
1199 2547 1312 2582 γέγονεν
1332 2546 1450 2581 ἀζήμιον
1465 2546 1521 2576 τοῖς
1535 2544 1565 2576 ἐξ
1586 2543 1694 2579 Ἰσραὴλ
1712 2543 1742 2569 τὸ
1756 2542 1874 2576 ἀπειθῆ-

1083 2603 1128 2622 σαι
1143 2592 1255 2628 Χριστῷ
1267 2592 1381 2628 (δέδοται
1395 2591 1449 2626 γὰρ
1464 2591 1503 2622 εἰς
1521 2589 1639 2625 σφαγὴν,
1655 2588 1724 2623 ἐλέῳ
1737 2587 1806 2613 Θεοῦ
1822 2595 1876 2612 σω-

1083 2641 1175 2672 θέντος
1193 2640 1240 2666 τοῦ
1263 2637 1505 2673 καταλείμματος),
1522 2636 1609 2668 οὕτως
1625 2636 1655 2661 ἐν
1669 2635 1702 2669 τῇ
1717 2633 1771 2660 τῶν
1785 2632 1874 2658 ἐθνῶν

1081 2686 1177 2721 κλήσει
1187 2685 1212 2711 οἱ
1223 2683 1261 2719 μὴ
1271 2683 1428 2714 πεισθέντες
1440 2679 1674 2716 παραδοθήσονται
1685 2678 1753 2712 πρὸς
1767 2676 1876 2711 σφαγὴν

280 2765 302 2781 ⁸⁸
317 2764 387 2794 Gen.
409 2774 487 2799 xvut,
503 2765 550 2794 '52.
588 2766 673 2794 u‘lsa.
692 2774 710 2800 ι,
726 2766 754 2795 9.
795 2766 910 2794 “llcbr.
923 2774 973 2798 xu,
991 2765 1038 2798 22,
1059 2765 1106 2793 25.
1143 2763 1259 2792 "Josue
1278 2761 1384 2796 vu,26.

898 2823 1017 2855 VARIE
1036 2821 1238 2852 LECTIONES.

281 2875 295 2895 Υ
307 2880 350 2905 πμ.
366 2872 474 2907 ποιήσῃ.
514 2877 572 2906 ⁷)·ρ,
589 2871 634 2898 τοῦ
651 2873 693 2899 τὸ.
