1988 3079
108 127 172 161 2689

666 126 931 157 COMMENTARII
953 127 993 157 IN
1007 127 1152 158 ISAIAM.

1660 128 1730 160 2690

109 185 243 216 κατιόντες
266 184 306 216 είς
321 184 398 220 ᾅδου,
414 184 462 210 καὶ
486 183 534 218 τὴν
554 182 598 209 διὰ
614 182 701 218 πυρὸς
713 183 894 218 ὑπομένοντες

955 184 1024 211 idem
1052 189 1227 219 respucrunt,
1258 183 1354 212 referri
1378 184 1482 212 dicant.
1501 183 1536 212 Ut
1569 184 1643 211 enitn
1675 191 1729 210 non

109 231 226 263 κόλασιν,
248 231 293 262 οὓς
322 231 369 257 καὶ
395 231 477 265 τιμᾷν
497 237 563 265 φησι
584 228 633 263 τὴν
652 229 765 263 τύχην,
786 229 835 255 καὶ
861 228 891 254 τὸ

107 278 267 313 δαιμόνιον.

946 230 1058 265 impune
1072 230 1157 257 cessit
1184 230 1328 263 lsraelitis,
1344 230 1417 265 quod
1433 230 1544 258 Christo
1559 238 1613 257 non
1630 238 1731 265 parue-

946 280 1013 302 runt
1025 276 1154 311 (servulis
1169 277 1242 303 enim
1253 276 1300 304 Dei
1313 277 1492 304 miseratione
1507 275 1632 311 reliquiis
1641 276 1732 312 inter-

107 326 212 353 neeioni
228 325 285 353 dati
295 325 371 361 sunt)
381 335 387 353 :
398 326 438 354 sic
449 329 476 353 et
490 326 517 352 in
527 325 586 360 ipsa
601 324 723 360 gentium
738 324 893 354 vocatione.
913 324 1047 359 quiﬁdem
1056 331 1109 350 non
1121 323 1330 358 amplectentur,
1343 322 1371 350 in
1386 322 1486 350 caedem
1518 323 1630 350 demissi
1659 324 1732 359 apud

108 373 209 401 inferos
243 373 400 406 tradentur,
428 373 548 409 igneque
574 373 789 402 crneiabuntur;
817 380 887 406 quos
905 372 988 399 etiam
1006 372 1140 405 fortunam
1154 375 1180 398 et
1191 370 1349 398 ria-manium
1361 371 1450 398 colere
1464 370 1611 405 signiﬁcat.

140 424 227 454 ιγ-κε’.
252 421 304 447 Διὰ
324 419 412 447 τοῦτο
431 419 503 446 τάδε
519 419 600 454 ,λέγει
616 419 724 452 Κύριος
736 427 744 433 ·
767 418 846 445 Ἰδοὺ
865 419 893 445 οι

107 466 302 499 ὃουλεύοντές
317 475 368 500 μοι
386 465 552 500 φαίνωνται·
567 464 651 499 ὑμεῖς
671 463 704 490 δὲ
724 464 892 490 πεινάσετε.

113 510 188 538 Ἰδοὺ
201 511 228 537 oI
239 510 438 544 δουλεύοντές
447 519 498 545 μοι
512 510 636 536 altorem
644 517 650 523 ·
662 508 747 543 ὑμεῖς
759 508 792 534 δὲ
804 508 893 543 διψή-

107 564 184 583 oste.
210 555 284 582 Ἰδοὺ
301 557 328 582 ot
343 555 542 588 δουλεύοντές
549 564 599 589 μοι
613 554 874 589 εὐφρανθήσονται
886 562 892 569 ·

107 602 189 636 ὑμεῖς
206 601 240 627 δὲ
261 600 518 636 αἰσχυνθήσεσθε.
544 600 623 627 Ἰδοὺ
643 602 670 627 ol
694 599 890 634 δουλεύοντές

105 655 152 681 μοι
168 646 406 681 ἀγαλλιάσονται
418 647 453 673 ἐν
467 647 654 681 εὐφροσύνῃ,
677 656 703 674 κ.
719 655 743 672 τ.
760 646 785 672 λ.

141 692 233 719 Εἰπὼν
257 692 288 718 τὸ
301 690 362 719 κατ’
380 693 495 728 ἐκλογὴν
511 693 622 728 σπέρμα
639 692 686 719 τοῦ
709 691 828 728 Ἰσραὴλ,
846 691 894 717 καὶ

108 737 153 767 τὰς
164 737 197 763 δι’
212 737 302 763 αὐτῶν
322 737 459 769 συστάσας
479 736 642 772 Ἐκκλησίας
653 742 682 757 ι’
700 737 756 768 τοῖς
771 735 798 762 δὲ
812 735 895 763 ἀπολ-

108 783 246 817 λυμένοις,
271 783 343 810 κατὰ
370 783 420 818 μέν
441 791 518 814 τινας
534 782 726 818 Ἰσραηλίταις,
756 782 817 809 καθ’
836 781 895 808 ἐτέ-

982 417 1170 453 740-741
1207 416 1290 444 Vens.
1308 416 1407 443 13-25.
1427 416 1571 450 Propterea
1592 418 1647 444 hmc
1666 418 1733 445 dicit

945 462 1073 490 Dominus
1086 471 1095 489 :
1111 463 1177 489 Ecce
1194 463 1263 490 servi
1276 465 1326 490 mei
1341 463 1487 495 comedent,
1501 471 1546 490 vos
1563 468 1650 490 autem
1670 473 1732 490 esu-

945 509 1029 535 rielis.
1056 507 1124 535 Ecce
1147 509 1215 536 servi
1238 509 1289 535 mei
1313 508 1415 541 bibent,
1437 517 1481 536 vos
1510 513 1599 536 autem
1621 510 1728 536 sitietis.

946 554 1014 582 Ecce
1025 555 1093 582 servi
1107 556 1156 581 mei
1170 554 1333 590 gaudebunt,
1349 563 1392 582 vos
1412 561 1500 582 autem
1517 555 1732 585 cottfundemini.

945 600 1013 628 Ecce
1031 601 1098 628 servi
1115 601 1165 628 mei
1183 600 1355 628 exsultabant
1369 602 1396 628 in
1411 601 1518 636 gaudio,
1532 607 1587 629 etc.

982 690 1064 726 742
1079 690 1262 724 Posteaquam
1278 689 1388 717 lsraelis
1405 697 1497 717 semen
1515 690 1630 718 electum
1641 696 1667 719 et
1680 691 1732 719 Ec-

947 738 1056 768 clesias,
1070 744 1131 771 qua:
1143 745 1176 764 ex
1194 736 1254 770 ipso
1270 735 1392 762 conﬁatte
1408 740 1482 767 sunt,
1513 737 1602 764 sancti
1629 738 1733 765 montis

949 783 1138 810 luet-editatem
1153 790 1214 809 esse
1231 781 1394 814 auditurus;
1426 783 1605 817 pereuntibus
1631 789 1733 815 autem,

109 834 168 861 ρους
181 825 209 852 δὲ
220 826 347 859 ἑθνικοῐς,
359 826 408 857 τὰς
424 825 609 861 καταλλήλους
621 825 636 845 1⁷
648 825 732 852 είτιὼν
747 824 893 859 τιμωρίας-

955 830 1005 855 sive
1020 828 1166 859 lsraelitis,
1191 828 1250 855 sive
1267 827 1406 862 gentibus,
1431 831 1460 854 ut
1483 828 1545 854 aliis
1567 833 1649 862 atque
1672 829 1736 856 aliis

109 872 175 907 πρὸς
191 872 254 903 τοὺς
267 872 367 903 αὐτοὺς
378 872 453 905 λέγει
464 872 511 898 καὶ
522 873 556 898 τὰ
571 871 749 907 προκείμενα,
762 870 894 897 διδάσκων

109 917 144 948 ὼς
162 917 267 948 δίκαιος
282 916 320 943 ὣν
338 918 352 943 ὁ
365 917 442 949 Θεὸς,
466 917 530 948 τοὺς
549 916 718 952 πανταχόθεν
732 915 806 951 αὐτῷ
825 916 896 943 δουη

110 963 266 996 ιιεύοντας,
283 963 340 990 ἀλλ’
356 963 386 989 οὐ
409 964 518 994 πάντως
543 963 572 996 ἐξ
589 962 699 998 Ἰσραὴλ
727 961 897 997 ὑποδεξαμέ-

111 1017 170 1041 νους
183 1015 194 1029 ε
211 1009 290 1036 δώσει
306 1009 401 1041 αὐτοῖς
420 1010 461 1041 εἰς
479 1009 582 1045 τροφὴν
606 1010 651 1036 τὸν
668 1009 792 1041 εἰπόντα,
827 1008 898 1042 Ἐγώ

110 1057 168 1091 είμι
181 1057 195 1082 ὁ
208 1056 289 1091 ἄρτος
305 1057 318 1082 ὁ
335 1056 368 1082 ἐχ
378 1055 425 1082 τοῦ
438 1055 553 1090 οὐρανοῦ
566 1054 700 1086 καταϐὰς,
714 1051 799 1089 οὗπερ
816 1054 840 1079 οἱ
861 1053 897 1088 μὴ

111 1101 309 1134 δουλεύοντες
332 1101 544 1137 στερηϐἠσονται
558 1109 566 1116 ·
587 1101 635 1127 καὶ
658 1101 683 1126 οἱ
706 1099 755 1134 μὲν
775 1099 819 1126 τὸν
847 1106 898 1133 μυ-

113 1148 204 1174 στικὸν
219 1148 338 1175 nlo-Vrat
354 1146 436 1179 οἶνον,
447 1148 530 1182 ἤγουν
544 1146 574 1172 τὺ
586 1146 670 1181 ὕδωρ,
685 1146 750 1181 περὶ
762 1142 792 1171 οὗ
805 1153 897 1180 φησιν·

115 1195 162 1227 Ὃς
178 1195 211 1221 ἂν
227 1193 277 1230 πίῃ
289 1195 320 1221 ἐκ
336 1194 382 1220 τοῦ
397 1193 502 1226 ὓδατος,
521 1190 551 1219 οὗ
566 1191 621 1226 ἐγὼ
630 1191 708 1218 δώσω
725 1190 810 1226 αὐτῷ,
827 1200 835 1217 ι
852 1191 901 1218 καὶ

115 1240 149 1266 τέι
163 1239 239 1274 ἑξῆς,
260 1240 284 1265 oi.
304 1238 332 1265 δὲ
348 1237 435 1273 τούτῳ
465 1236 663 1272 διψήσουσιν.
688 1236 743 1262 Καὶ
761 1236 901 1270 ἀναλόγως

113 1289 137 1313 ol
161 1287 211 1322 μὲν
235 1285 466 1321 εὐφρανοῦνται.
487 1284 625 1319 Καθαιρεῖ
640 1283 695 1318 γὰρ
714 1281 853 1318 ἁμαρτίας
867 1281 902 1308 τὰ

115 1333 234 1369 μυστικὰ
246 1353 253 1365 ,
277 1332 325 1360 καὶ
348 1332 393 1358 τὸν
410 1331 456 1358 ἐπὶ
474 1332 530 1362 τοῖς
550 1329 756 1366 ἡμαρτημένοις
781 1328 902 1363 ἐξίστησι

113 1379 206 1413 φόϐον,
225 1380 272 1405 καὶ
285 1379 374 1413 ἀγαθὰ
387 1377 494 1404 δίδωσιν
509 1376 629 1408 ἐλπίζειν
651 1375 686 1403 τὰ
707 1374 839 1410 μέλλοντα
852 1382 858 1389 ·
876 1374 902 1400 oi.

114 1426 142 1452 δὲ
154 1425 435 1459 αὶσχυνθήσονται·
459 1422 506 1450 καὶ
524 1421 549 1448 οἱ
581 1422 630 1457 μὲν
654 1419 901 1456 ἁγαλλιάσονται,

113 1471 219 1498 τούτων
244 1471 384 1506 τυχόντες,
411 1471 435 1496 ot
457 1463 484 1496 δὲ
503 1468 615 1499 τούτους
634 1467 753 1502 ὁρῶντες
770 1466 800 1493 οὐ
824 1465 904 1501 σῶμα

947 873 1047 908 placet,
1066 881 1162 908 poenas
1176 880 1206 900 se
1223 879 1364 907 congruas
1381 872 1570 900 immissurum
1583 873 1689 906 docuit,
1705 874 1732 901 in

947 919 1056 946 eosdem
1072 923 1099 946 et
1115 926 1175 953 quae
1200 919 1245 946 hic
1270 918 1416 951 habentur,
1439 919 1575 951 assumit;
1600 919 1735 955 docetque

950 965 1044 997 Deum,
1060 965 1105 1000 qui
1121 965 1215 999 justus
1233 965 1279 997 sit,
1295 972 1366 999 quos
1382 965 1482 1000 ubique
1494 973 1581 992 seruos
1594 966 1734 998 imbuerit,

948 1019 1003 1038 non
1021 1011 1162 1038 lsraelitas
1179 1018 1275 1038 omnes
1306 1018 1371 1038 esse
1393 1010 1593 1046 atnplexurum,
1616 1019 1736 1046 eumque

949 1057 976 1085 in
995 1057 1086 1084 cibum
1105 1057 1160 1084 illis
1173 1056 1355 1089 traditurutn,
1371 1057 1416 1091 qui
1436 1064 1466 1084 se
1480 1063 1577 1091 panem
1600 1057 1670 1084 cmlo
1690 1057 1738 1084 de-

951 1103 1067 1131 missum
1081 1111 1142 1130 esse
1161 1099 1306 1129 afﬁrmavit
1320 1103 1359 1135 “3;
1378 1110 1432 1136 quo
1449 1102 1492 1134 iis,
1515 1102 1562 1137 qui
1590 1103 1657 1129 serui
1681 1110 1737 1129 non

951 1149 1066 1181 fuerint.
1077 1149 1227 1176 carendum
1248 1149 1295 1176 sit.
1311 1148 1344 1175 Et
1363 1149 1390 1175 hi
1407 1149 1517 1182 quidem
1533 1149 1680 1184 mysticum
1697 1149 1739 1176 vi-

950 1203 1028 1228 nttnt,
1043 1201 1089 1222 aut
1101 1202 1212 1230 aquam,
1228 1195 1334 1222 bibitun'
1349 1200 1429 1226 sunt;
1447 1202 1529 1230 quam
1547 1200 1576 1222 ut
1591 1195 1736 1228 indicaret,

952 1242 1036 1268 verba
1048 1241 1119 1268 ista:
1138 1250 1147 1267 ι
1163 1241 1214 1274 Qui
1238 1249 1338 1276 aquarii
1362 1242 1474 1274 biberit,
1499 1249 1580 1276 quam
1611 1249 1662 1276 ego
1689 1242 1739 1269 da—

952 1287 987 1314 bo
1000 1287 1032 1319 η,
1055 1296 1065 1313 ι
1091 1291 1117 1313 et
1139 1295 1200 1321 qua:
1221 1287 1363 1322 deinceps,
1389 1289 1552 1321 usurpavit:
1582 1287 1621 1314 illi
1646 1293 1739 1315 autem

953 1333 1070 1360 istorum
1083 1333 1128 1359 siti
1140 1333 1298 1360 luboruturi.
1319 1333 1383 1361 Pari
1400 1335 1481 1361 modo
1494 1338 1560 1361 sunt
1576 1340 1603 1361 et
1625 1334 1651 1360 lu'
1671 1343 1738 1370 guu-

953 1379 1027 1406 dium
1042 1379 1160 1406 habituri
1178 1387 1187 1407 :
1205 1387 1267 1406 cum
1287 1379 1384 1406 tollant
1403 1384 1512 1414 peccata
1525 1381 1654 1415 mysteria
1669 1380 1740 1415 ipsa.

955 1429 1084 1459 metuque
1113 1425 1241 1458 liberent,
1269 1424 1317 1459 qui
1346 1425 1387 1452 eis
1412 1425 1555 1457 incutitur,
1581 1432 1687 1460 nosque
1713 1426 1740 1452 in

957 1471 1111 1498 futurorum
1128 1472 1262 1499 bonorum
1279 1480 1353 1507 spem
1377 1473 1499 1506 erigant;
1515 1472 1554 1498 illi
1568 1476 1659 1499 autem
1679 1480 1743 1499 cana

115 1516 298 1549 πονήσουσι,
313 1515 411 1550 μικρὸν
423 1514 478 1550 γὰρ
491 1514 582 1545 τοῦτο,
593 1513 642 1547 τὴν
656 1512 683 1539 δὲ
695 1512 820 1547 καρδίαν
835 1511 901 1538 ὀδυ-

955 1517 1084 1551 fusionem
1106 1518 1228 1552 passuri.
1245 1518 1316 1545 Sunt
1332 1522 1359 1545 et
1374 1518 1400 1544 bi
1420 1521 1550 1553 praetcrea
1566 1517 1740 1549 exsultaturi,

114 1561 311 1595 νηθήοονται,
323 1559 371 1586 τοῦ
391 1559 486 1594 κριτοῦ
501 1558 536 1584 τὰ
550 1557 619 1593 πρὸς
637 1557 716 1589 ἀξίαν
730 1557 821 1588 αὐτοῖς
836 1557 904 1583 ἀπο-

115 1607 253 1641 νέμοντος.
273 1605 353 1636 Τινὲς
372 1605 400 1630 δέ
425 1613 519 1639 φασιν,
546 1604 583 1635 ὡς
606 1603 829 1637 συγκαταῦαίνων
848 1603 904 1633 τοῖς

122 1653 279 1684 Ἰουδαίοις,
310 1651 339 1684 ἐξ
357 1649 394 1678 ὧν
413 1651 546 1684 ὡρίζοντο
564 1651 615 1686 τὴν
635 1649 835 1685 μακαριότητα,
857 1649 905 1675 καὶ

116 1700 166 1736 τὴν
180 1699 259 1734 δίκην
275 1699 406 1734 ὁρίζεται.
423 1698 469 1723 Ἐν
483 1697 582 1732 γαστρὶ
598 1696 652 1732 γὰρ
666 1696 696 1722 τὺ
708 1695 762 1722 πᾶν
784 1695 905 1722 ἐτίθεντο

116 1744 167 1779 τῆς
182 1743 371 1774 ἀπολαύσεως.
395 1741 477 1768 Ὅθεν
491 1741 655 1777 ἐπιστρέψαι
669 1740 841 1776 βουλόμενος,
856 1740 906 1776 τὴν

116 1789 221 1816 τούτων
235 1789 364 1824 στέρησιν
379 1787 474 1823 ἐπῄνει
486 1787 512 1821 ἀ,
528 1787 613 1814 καὶτὸ
625 1787 692 1822 μηδὲ
700 1787 793 1822 ὄνομα
803 1787 906 1813 τούτων

118 1835 262 1871 φέρεσθαι,
273 1834 509 1869 ἁντεισαγομένων
520 1835 559 1865 εις
569 1833 614 1860 τὴν
624 1833 723 1869 κλῆρον
737 1833 837 1866 αὐτῶν,
850 1833 905 1859 τῶν

116 1882 240 1914 δικαίων,
256 1880 304 1912 οὒς
317 1880 364 1907 καὶ
386 1880 497 1915 κλῆρος,
512 1879 563 1907 καί
574 1880 668 1914 ὄνομα
685 1879 811 1914 πατέρων
825 1887 908 1913 περι-

116 1928 300 1963 luctu-stat.
316 1928 352 1954 Τὸ
363 1927 391 1954 δὲ
401 1929 444 1960 εις
459 1926 656 1961 πλησμονὴν,
674 1926 714 1956 εἰς
729 1926 806 1960 μῖσος
820 1924 905 1960 δηλοῖ,

117 1976 189 2002 κατὰ
206 1975 351 2010 συνήθειαν
362 1974 511 2010 γραφικὴν,
527 1973 564 2004 ὡς
576 1973 617 2006 τὸ,
631 1971 796 2008 Ἐγενήοητέ
812 1980 856 2006 μοι
867 1972 908 2002 εἰς

118 2022 290 2058 πλησμονήν.
313 2021 341 2047 '0
362 2021 416 2056 γὰρ
444 2020 522 2055 κόρος
550 2019 726 2054 ἀποστροφὴν
750 2017 908 2053 ἀπεργάζε-

117 2077 177 2095 ται.
196 2067 338 2102 Βδέλυγμα
358 2067 446 2093 τοίνυν
472 2065 578 2097 ἔσεσθε,
599 2065 677 2100 φησὶ,
698 2064 747 2091 καὶ
767 2064 907 2098 λεγόμενοι

119 2112 207 2150 [υἱοί],
225 2114 248 2139 οί
262 2113 289 2139 δὲ
301 2113 424 2144 δίκαιοι,¹
437 2111 500 2143 λαὸς
517 2112 605 2145 ἅγιος,
617 2111 692 2141 ἔθνος
705 2110 843 2142 ἐκλεκτὸν,
859 2109 908 2144 βα-

119 2160 221 2186 σίλειον
246 2158 406 2196 ἱεράτευμα,
437 2157 508 2184 κατὰ
535 2156 585 2191 τὴν
612 2156 715 2191 Πέτρου
732 2155 834 2189 φωνήν.
853 2153 906 2179 Καὶ

118 2205 217 2237 ταῦτα,
232 2206 256 2231 εί
277 2205 346 2240 πρὸς
359 2203 483 2235 ὲθνικοὺς
506 2203 552 2230 καὶ
567 2201 762 2236 εἰδωλολάτραις
783 2202 797 2227 ὁ
816 2200 904 2233 λόγος·

118 2252 145 2277 ει
176 2251 204 2277 δὲ
230 2250 299 2286 πρὸς
327 2249 390 2281 τοὺς
414 2249 444 2281 ἐξ
470 2248 578 2284 Ἰσραὴλ
601 2247 814 2281 ἀπειθήσαντας,
841 2245 906 2271 ὅτια

118 2297 191 2332 ὅπερ
206 2294 277 2332 ἦσαν
297 2296 386 2328 αὐτοὶ,
401 2297 494 2328 τέκνα,
511 2296 559 2321 καὶ
575 2294 649 2327 λαὸς,
662 2293 709 2320 καὶ
723 2291 822 2327 κλῆρος
840 2291 907 2317 Θεοῦ

118 2343 346 2379 χρηματίζοντες,
361 2342 436 2368 τοῦτο
447 2341 471 2367 oi
487 2341 516 2374 ἐξ
531 2340 616 2366 ὲθνῶν
633 2339 846 2369 πεπιστευκότες
861 2345 908 2372 γε-

118 2390 264 2424 νήσονται·
287 2388 334 2415 καὶ
353 2387 431 2414 τοῦτο
447 2387 478 2413 τὸ
494 2386 538 2413 διὰ
553 2385 646 2420 φωνῆς
659 2385 738 2420 Ὠσηὲ
751 2392 758 2399 ”
782 2385 836 2411 Καὶ
858 2392 908 2411 χα-

118 2435 192 2462 λὲσω
206 2434 251 2462 τὸν
264 2434 327 2461 λαόν
339 2442 390 2469 μου
402 2433 432 2460 οὺ
443 2432 506 2459 λαόν
521 2440 582 2467 μου.

955 1570 1017 1590 cum
1035 1564 1092 1590 haec
1109 1570 1156 1590 eos
1171 1563 1287 1598 adipisci
1303 1563 1454 1598 contigerit
1472 1572 1478 1590 :
1495 1563 1534 1591 illi
1553 1569 1643 1591 autent
1673 1564 1743 1592 istos

955 1608 1096 1635 intuentes
1111 1615 1165 1634 non
1184 1615 1301 1641 corpore
1314 1608 1465 1634 laboraturi
1486 1608 1555 1644 (hoc
1580 1609 1654 1636 enim
1679 1617 1744 1643 par-—

955 1661 1018 1681 vum
1033 1658 1077 1681 est
1089 1653 1115 1687 :)
1132 1653 1177 1681 sed
1191 1653 1270 1680 corde
1281 1653 1400 1680 dolorem
1415 1654 1569 1687 aperturi;
1583 1661 1645 1681 cum
1657 1654 1742 1687 judex

955 1706 1003 1726 eos
1019 1705 1070 1733 pro
1087 1698 1249 1726 meritorum
1275 1699 1382 1726 ratione
1410 1699 1613 1734 compensabit.
1641 1698 1744 1727 Volunt

956 1748 1047 1772 tatnen
1068 1744 1192 1771 nonnulli
1214 1752 1277 1771 eum
1303 1751 1333 1771 sc
1360 1743 1394 1770 ad
1419 1743 1577 1771 Jutlteorum
1604 1745 1744 1780 ingenium

956 1791 1114 1823 demittere;
1132 1796 1159 1817 et
1172 1798 1208 1818 ex
1223 1790 1256 1817 iis
1269 1789 1408 1825 justitiam
1424 1790 1552 1822 deﬁnire,
1567 1790 1670 1825 quibus
1694 1799 1744 1818 eos

956 1836 1154 1864 beatitudinem
1187 1843 1305 1864 (enserc
1335 1836 1596 1863 animadvertebat.
1628 1836 1743 1863 Omnem

957 1883 1029 1909 enim
1046 1882 1255 1910 delectationem
1290 1886 1385 1909 ventre
1407 1882 1602 1909 metiebantur.
1621 1883 1681 1915 Quo
1704 1883 1743 1910 fa-

957 1931 1032 1954 ctum
1044 1931 1096 1960 est,
1117 1932 1147 1954 ut
1159 1931 1281 1954 avertere
1292 1931 1426 1959 statuens,
1439 1926 1553 1954 istorutn
1565 1927 1744 1962 privationem

959 1977 1105 2008 proponat,
1126 1981 1243 2000 monens
1258 1980 1292 2000 ne
1308 1981 1400 2000 nomen
1415 1973 1526 2007 quidem
1544 1973 1658 2000 istorum
1681 1974 1747 2001 retis

958 2019 1033 2051 ueri;
1049 2026 1112 2046 cum
1133 2019 1189 2045 sint
1212 2018 1239 2045 in
1260 2022 1362 2045 sortem
1390 2019 1499 2045 illorqu
1528 2018 1595 2052 justi
1619 2019 1744 2050 admissi.

958 2064 1060 2098 quibus
1079 2068 1106 2091 et
1129 2071 1191 2091 sot's
1212 2063 1283 2098 ipsa,
1300 2067 1328 2090 et
1354 2063 1473 2098 patriutu
1501 2071 1593 2090 nomen
1617 2063 1747 2098 relinque-

960 2114 1013 2136 tur.
1030 2109 1108 2142 Quod
1124 2109 1263 2136 deindein
1288 2109 1457 2136 saturitatem
1473 2109 1594 2142 addidit;
1609 2109 1635 2135 in
1652 2109 1748 2136 odium

960 2155 1138 2189 signiﬁcavit,
1156 2154 1236 2190 743
1255 2155 1357 2182 usitato
1376 2154 1527 2189 Scripturis
1550 2154 1678 2189 loquendi
1702 2162 1748 2189 ge-

961 2209 1026 2227 nere
1042 2209 1048 2227 :
1065 2201 1147 2235 quale
1164 2201 1231 2228 illud
1249 2201 1311 2232 fuit.
1330 2209 1393 2228 eum
1413 2201 1503 2228 factos
1518 2209 1580 2228 esse
1597 2201 1648 2228 sibi
1666 2201 1692 2228 in
1705 2208 1749 2227 sa-

961 2247 1102 2273 turitatem
1134 2248 1261 2281 praedixit
1286 2247 1319 2274 ’⁸.
1354 2247 1426 2273 l‘arit
1453 2247 1526 2274 enim
1551 2246 1690 2274 fastidium
1722 2248 1750 2274 et

961 2293 1130 2320 aversiouem
1148 2294 1273 2320 satietas.
1296 2293 1380 2321 liritis
1404 2293 1498 2327 igitur.
1524 2293 1623 2328 inquit,
1643 2293 1749 2320 abomi-

962 2339 1047 2370 uatio,
1065 2339 1147 2365 etiam
1166 2339 1214 2365 lilii
1231 2339 1381 2373 nuncupati
1399 2347 1408 2365 ι
1423 2339 1490 2372 juin
1506 2343 1608 2370 autent,
1632 2338 1751 2373 populus

962 2388 1090 2417 santtus,
1118 2393 1184 2420 gens
1214 2385 1314 2416 electa,
1336 2384 1426 2417 regale
1451 2384 1649 2416 sacerdotium,
1677 2383 1751 2411 sicut

963 2430 1034 2464 apud
1050 2429 1162 2457 Petrum
1181 2431 1298 2465 legimus
1314 2431 1347 2458 ²¹.
1366 2432 1454 2464 Atque
1471 2429 1528 2456 lucc
1544 2430 1665 2463 quidem,
1680 2429 1702 2456 si
1716 2429 1750 2455 ad

119 2488 228 2518 gentes,
245 2487 272 2509 et
285 2480 443 2508 idololatras
455 2486 545 2506 sermo
563 2478 615 2510 sit;
638 2477 681 2504 sin
697 2480 788 2503 autem
805 2475 838 2502 ad
853 2482 912 2507 eos,-
932 2476 980 2510 qui
997 2483 1028 2502 ex
1043 2475 1144 2503 lsraele
1171 2484 1226 2502 non
1251 2481 1415 2510 paruerunt;
1451 2475 1524 2509 quod
1548 2476 1586 2502 illi
1631 2475 1751 2506 fuerant,

119 2536 186 2555 cum
202 2527 261 2560 ﬁlii,
274 2533 300 2554 et
317 2526 445 2561 populus,
459 2529 486 2552 et
507 2531 568 2551 sors
584 2523 631 2551 Dei
644 2523 828 2553 vocabantur,
842 2521 960 2556 idipsmu
995 2527 1102 2556 gentes,
1130 2523 1176 2558 qui
1201 2523 1379 2550 crediderunt
1391 2523 1425 2555 “,
1449 2522 1532 2549 iuturi
1567 2527 1641 2549 sunt.
1674 2522 1751 2554 Quod

119 2576 202 2603 nobis
218 2574 294 2601 Osca:
309 2574 400 2601 verbis
413 2571 597 2607 signiﬁcatum
612 2576 654 2598 est
664 2571 698 2604 “,
714 2570 759 2598 ubi
770 2569 910 2605 populum,
928 2569 975 2604 qui
994 2578 1062 2598 suus
1078 2578 1132 2597 non
1147 2571 1194 2603 sit,
1213 2579 1292 2598 suum
1307 2579 1336 2599 se
1351 2577 1511 2598 vocaturum
1548 2570 1679 2605 propheta
1709 2569 1747 2597 si-'

120 2622 270 2658 gniﬁcavit.

156 2703 177 2720 “
187 2701 270 2731 Joan.
282 2709 321 2734 Vl,
336 2700 380 2728 5i.
411 2700 432 2715 ”
447 2698 514 2727 ibid.
530 2706 568 2731 tv,
580 2697 628 2730 45;
643 2704 691 2731 vn,
706 2695 751 2724 57.
789 2695 812 2711 ²⁰
825 2695 901 2727 Ιειω1

958 2713 977 2722 ..
1003 2693 1024 2709 ¹¹
1039 2694 1050 2720 1
1067 2693 1140 2721 Petr.
1157 2701 1187 2727 ιι,
1198 2693 1225 2720 9.
1263 2694 1285 2708 ²¹
1298 2691 1376 2720 Deut.
1389 2700 1474 2724 χχχιι,
1488 2691 1515 2719 9.
1554 2692 1576 2707 ’³
1588 2691 1657 2720 Osee
1668 2691 1739 2722 n.2i

774 2756 892 2784 VAlilA‘.‘
909 2754 1116 2782 LECTIONES.

123 2855 136 2882 ὲ
159 2824 170 2836 ⁸
186 2821 216 2847 .1.
231 2819 273 2847 ῖσ.
289 2818 505 2855 κληρονομήσειν
520 2818 550 2845 τὸ
564 2817 634 2854 ὅρος.
688 2817 703 2838 ι’
717 2825 762 2851 γρ.
777 2815 882 2853 δῴσειν.
933 2820 944 2834 ο
959 2823 1003 2849 Π).
1021 2813 1124 2845 πᾷντας
1147 2814 1210 2846 τοὺς
1239 2813 1269 2845 ἐξ
1283 2813 1392 2849 Ἰσραὴλ
1419 2811 1627 2844 ὑποδεξάμενος.
1678 2810 1690 2830 ιι
1708 2820 1752 2845 ηις

140 2856 233 2883 πάγει.
274 2860 285 2875 ε
298 2854 349 2883 ἆυ.
364 2855 416 2882 ὅτι.

140 2860 233 2889 πάγει.
274 2860 285 2875 ε
298 2862 349 2890 αφ.
364 2860 416 2882 οτι.
