1988 3079
215 126 288 165 2695
865 131 1027 163 PROCOPI

1030 128 1045 162 Ι
1067 128 1190 163 (ὶΑΖίΈΙ
1780 125 1849 158 2696

216 189 344 217 Christus
358 188 514 223 appellatus
525 188 572 222 sit,
590 188 638 224 qui
656 189 727 225 legis
738 189 930 217 ‘maledictione
941 190 1010 217 libe-

1076 190 1218 225 ιατάρατος
1232 190 1297 222 πᾶς,
1319 188 1349 221 ὃς
1363 189 1414 216 οὐκ
1433 188 1547 223 ἐμμένει
1573 188 1640 214 πᾶσι
1657 186 1712 217 τοῖς
1726 193 1851 220 γεγραμ-

216 234 304 267 rarit;
321 234 348 262 in
366 242 419 269 qua
441 234 570 270 leguntur
582 238 610 261 et
626 235 699 265 ista:
717 244 726 261 ι
740 234 902 263 Malcdictus
921 235 1012 263 omnis

217 280 264 314 qui
282 287 337 307 non
351 279 535 315 permanserit
550 279 578 306 in
594 280 734 312 omnibus,
756 288 817 316 quae
830 280 933 315 scripta
948 285 1014 308 sunt

220 326 249 353 in
269 326 338 353 libro
355 326 432 361 legis,
448 330 479 352 ut
495 325 578 353 faciat
592 333 624 353 ea
642 325 676 352 “.
690 335 708 352 ,ι

255 372 314 399 Non
329 373 429 399 desunt
460 377 564 405 tamen,
583 372 641 406 qui,
671 372 744 408 quod
762 378 815 399 non
842 372 960 407 futurum
979 371 1016 399 ibi

218 418 412 450 immaturum,
438 422 464 444 et
495 424 594 451 senem,
613 417 694 451 dixit,
726 419 764 446 ita
795 419 953 454 explicent;
986 423 1017 446 ut

220 467 320 498 putent
347 463 561 491 resurrectionis
583 463 734 499 participes
765 464 825 492 fore
853 464 1015 500 perfectos,

220 508 378 544 animisque
394 509 519 542 validos;
536 513 667 544 tanquam
696 510 763 537 nihil
791 510 961 544 inchoatum,
974 511 1018 539 ni-

220 554 259 582 hil
268 555 385 590 puerile,
395 554 574 582 nihilvietuni
588 555 708 583 habituri
723 556 778 583 sint
790 565 797 583 :
816 557 863 584 sed
875 558 932 584 sint
944 558 1017 585 inte-

220 608 277 636 grae
291 601 380 629 aetatis
391 609 499 633 omnes,
509 605 640 636 tanquam
653 601 884 638 eodemtempore
893 611 1019 631 resurre-

222 647 344 674 ctionem
362 647 657 682 regenerationemtu
668 655 749 674 unam
761 647 862 683 adepti.
877 648 1018 676 Perfectus

222 692 317 727 igitur,
338 692 386 727 qui
416 693 534 721 salutem
562 693 679 727 adeptus
709 698 763 726 est,
783 694 894 728 juvenis
924 693 1017 726 fuerit,

223 738 405 774 ejusdemque
419 747 482 767 eum
497 739 588 767 aetatis
601 740 741 772 habuerit,
757 740 805 775 qui
822 741 915 775 periit.
931 740 1018 767 Simul

222 786 296 813 enim
311 790 394 821 atque
409 794 506 814 omnes
526 787 638 814 excitati
659 786 774 820 fuerint,
787 787 885 819 salute,
896 788 938 815 vel
960 794 1019 822 ρω-

223 833 279 864 nis,
301 833 519 868 distinguentur,
536 833 615 865 aliis,
635 834 682 868 qui
709 833 736 861 in
764 834 886 868 nequitia
905 834 1019 869 perfecti

223 881 300 909 sunt,
316 877 477 911 maledictis,
494 878 611 914 suisque
624 879 740 914 peccatis
754 879 940 906 morientibus.
959 879 1019 912 Quo

224 928 349 959 tempore
368 928 396 951 et
410 930 518 957 omnes,
535 932 607 960 quas
626 926 678 953 sibi
692 926 795 961 quique
811 927 870 954 suis
898 926 1020 960 operibus

226 970 386 997 mansiones
416 977 618 1005 pra’pararunt,
643 972 765 1000 habituri
801 976 878 1004 sunt,
907 973 1021 1008 suisque

224 1015 367 1043 laboribus
385 1015 510 1050 fruituri,
525 1018 645 1053 propriis
669 1019 797 1046 videlicet
809 1019 940 1053 fructibus
968 1027 1020 1046 nn-

226 1061 297 1093 triti,
312 1069 402 1096 neque
420 1067 546 1090 verentes
559 1064 690 1098 amplius,
711 1071 746 1091 ne
768 1064 847 1091 alteri
864 1072 931 1092 suos
948 1064 1021 1091 (αδο-

224 1111 267 1130 res
285 1103 340 1131 illis
363 1103 500 1131 auferant.
526 1104 631 1140 Degth
644 1107 717 1133 enim
746 1106 773 1133 in
802 1112 933 1142 perpetua
958 1107 1022 1134 vita:

225 1148 368 1182 felicitate,
382 1150 524 1177 secundum
548 1150 603 1178 dies
625 1151 691 1187 ligni
705 1152 785 1185 vim;
811 1153 912 1187 quibus
932 1153 1022 1181 verbis

225 1194 427 1228 promissiones
443 1194 533 1221 factas
548 1194 576 1222 in
590 1195 720 1230 paradiso
735 1196 927 1231 adimplendas
948 1204 1021 1230 esse,

225 1247 356 1274 eumque,
375 1239 423 1275 qui
439 1241 548 1268 illarum
567 1242 704 1276 particeps
726 1242 819 1274 fuerit,
837 1243 975 1271 facturum
993 1252 1023 1271 se

227 1283 425 1316 immortalem,
445 1291 496 1312 nec
512 1289 652 1313 vetustate
667 1286 839 1314 deiicientem
859 1288 997 1322 signiﬁcat
1014 1296 1021 1314 :

227 1334 276 1356 aut
295 1330 348 1357 alia
365 1337 474 1357 rursum
497 1330 661 1366 migratione
676 1332 780 1359 labores
809 1340 871 1360 suos
891 1334 952 1361 aliis
967 1341 1023 1361 non

227 1382 290 1403 esse
309 1375 466 1404 relicturos.
497 1375 568 1403 Sunt
594 1381 686 1404 tamen
702 1378 749 1413 qui
776 1378 828 1405 ista
860 1379 892 1406 ad
923 1379 1024 1414 prioris

227 1420 361 1448 adventus
386 1425 510 1456 tempora
541 1422 696 1456 retulerint,
718 1424 819 1459 quibus
837 1432 904 1459 pace
928 1432 1025 1453 omnes

227 1470 254 1494 et
271 1466 442 1502 indulgentia
456 1467 510 1494 frui
523 1468 586 1496 illos
603 1470 730 1504 contigit,
742 1470 789 1505 qui
808 1471 834 1497 in
847 1471 960 1498 Christo
976 1479 1024 1506 per

228 1513 310 1540 fidem
323 1513 470 1546 maledicti,
485 1522 539 1542 non
555 1520 620 1542 sunt
634 1516 765 1544 hostibus
780 1517 899 1552 amplius
909 1521 937 1545 et
947 1518 1023 1545 cala-

230 1558 376 1586 mitatibus
398 1564 509 1595 propter
538 1561 718 1596 impietatem,
736 1566 765 1589 ut
793 1563 888 1598 prisci,
913 1564 1020 1597 traditi,

228 1612 318 1640 neque
336 1605 456 1633 laborant
478 1615 588 1634 suorum
607 1608 707 1635 damna
726 1609 780 1636 ulla
798 1609 885 1644 passi.
914 1610 961 1638 sed
975 1611 1021 1646 qui

228 1649 419 1684 spiritualibus
436 1654 511 1677 recte
528 1651 661 1678 faclornm
675 1659 789 1679 suorum
807 1653 915 1681 deliciis
930 1653 1022 1681 indulo

229 1700 337 1730 serunt,
354 1705 425 1732 quos
452 1698 548 1726 nullus
563 1706 693 1727 concessa
722 1701 794 1736 apud
813 1700 923 1729 Patrem
949 1710 1026 1730 man-

229 1740 309 1768 sione
334 1742 372 1770 sit
394 1743 554 1776 abacturus,
569 1745 672 1780 quippe
690 1746 738 1780 qui
762 1746 827 1774 vita:
855 1746 1038 1780 beatitudine,-

228 1789 341 1817 tiantur.

268 1836 402 1872 Sequitur
426 1837 544 1867 deinde:
562 1838 597 1866 Et
622 1839 703 1876 747
727 1849 807 1876 opera
834 1842 956 1870 laborum
974 1851 1026 1870 non

229 1888 392 1910 veterascent
405 1891 414 1916 ;
432 1884 534 1919 quibus
545 1885 636 1913 verbis
650 1886 849 1915 innnutahilem
864 1889 926 1916 vitae
952 1889 1024 1916 viam

231 1929 375 1956 habituros
393 1937 455 1957 esse
469 1930 619 1965 signiﬁcat.
633 1931 701 1964 Quae
715 1933 789 1960 enim
803 1933 871 1969 legis
884 1934 946 1967 fuit,
960 1936 1025 1970 quia

232 1975 357 2003 umbram
383 1976 492 2010 habuit,
508 1984 523 2003 a
542 1977 638 2013 figuris
659 1978 693 2005 ad
716 1980 860 2008 veritatem
888 1982 1024 2014 transiit;

180 2026 183 2029 '
230 2027 292 2055 quin
304 2025 395 2048 autem
408 2029 423 2048 a
451 2022 561 2050 Christo
584 2029 637 2057 est,
653 2026 717 2060 quia
742 2034 807 2054 vera
827 2033 880 2061 est,
901 2029 1031 2055 imitatio-

231 2073 293 2092 nem
307 2074 360 2093 non
377 2067 483 2094 sentit:
509 2076 552 2101 ea,
571 2078 632 2104 qua:
647 2079 702 2099 non
730 2074 879 2106 celerauit,
895 2074 947 2101 hoe
970 2075 1031 2101 loco

231 2113 435 2147 perennitatem
453 2114 640 2150 significante,
654 2118 728 2152 quod
744 2119 783 2146 illi
799 2119 913 2147 minime
927 2120 1032 2148 habue-

231 2162 306 2185 runt.
325 2158 396 2186 Sunt
408 2159 482 2187 enim
493 2160 546 2188 ista
556 2162 589 2189 ad
600 2162 740 2191 Christum
752 2172 758 2190 :
777 2172 786 2190 t
799 2163 910 2193 Justitia
920 2166 1031 2202 tua,th-

233 2205 308 2232 stitia
324 2205 351 2232 in
367 2211 512 2239 aeternum,
525 2212 552 2235 et
564 2208 606 2235 lex
623 2212 669 2236 tua
681 2211 782 2239 veritas
795 2212 817 2227 ³⁷
834 2232 841 2238 .
859 2222 868 2238 ι
883 2212 936 2240 ista
949 2220 1031 2248 porro

233 2250 306 2278 Dens
327 2251 473 2286 promittit,
494 2261 548 2280 non
570 2254 760 2289 quibuslibet;
785 2257 839 2284 imo
858 2265 908 2284 nec
925 2258 969 2291 iis,
986 2259 1031 2293 qui

233 2303 383 2330 vocantur;
406 2303 471 2325 sunt
498 2299 572 2326 enim
611 2302 702 2329 vocati
727 2303 807 2329 multi
825 2323 832 2335 ,
859 2303 939 2338 pauci
965 2311 1030 2331 vero

233 2343 313 2370 electi
327 2343 360 2370 ³⁸.
371 2343 432 2376 Quo
448 2345 488 2376 ιιι,
505 2349 535 2371 ιιι
549 2345 645 2373 electas
665 2355 727 2374 suos
747 2348 774 2374 in
788 2356 884 2375 uarium
902 2357 954 2376 ιιοιι
974 2357 1030 2376 esse

234 2386 403 2415 laboraturos
418 2389 598 2424 adjiciat.Qui
609 2392 682 2419 enim
691 2392 795 2421 Judads
806 2394 870 2421 olim
880 2401 1028 2429 praeerant,

234 2441 297 2463 cum
327 2435 457 2463 mandata
486 2437 630 2464 hominum
644 2462 646 2464 τ
660 2438 792 2467 docerent
813 2440 845 2472 ",
879 2444 971 2476 patres
991 2441 1031 2468 illi

234 2480 345 2515 quidem
360 2480 501 2508 doctrinae
519 2482 628 2510 ratione
655 2491 717 2511 sese
743 2486 924 2520 praestabant,
941 2486 989 2513 sed
1005 2486 1032 2512 in

234 2532 340 2557 vanum.
353 2530 378 2553 et
391 2527 618 2555 maledictionem.
635 2528 742 2562 Quibus
751 2530 879 2558 effectum
895 2535 938 2559 est
947 2532 1033 2558 ratio-

235 2571 327 2603 nihns,
348 2575 377 2598 ut
393 2572 512 2600 miseros
526 2582 588 2602 esse
603 2582 651 2602 eos
676 2575 808 2602 Salvator
839 2576 983 2603 aﬂirmarit
999 2576 1032 2609 ⁸ο,

234 2617 280 2652 qui
296 2625 371 2644 mare
391 2621 418 2645 et
438 2623 539 2645 terram
562 2619 714 2648 circumire
740 2628 794 2648 non
817 2620 986 2652 dubitarent,
1004 2625 1034 2649 ut

269 2706 292 2722 "
304 2706 501 2742 Deut.27,26;
515 2707 606 2736 Galat.
627 2716 669 2742 ιιι,
685 2709 729 2736 10.

805 2710 827 2726 ³⁷
841 2709 915 2737 Psal.
945 2717 1040 2743 εδει-ιιι,

235 2742 313 2775 xxtn,
337 2742 382 2770 15.

1065 236 1156 272 μένοις
1168 237 1197 264 ὲν
1209 236 1248 272 τῷ
1259 236 1354 272 βιῦλίῳ
1364 235 1462 270 τούτῳ,
1475 233 1522 260 τοῦ
1540 233 1652 268 ποιῆται
1669 231 1747 259 αὑτά.
1768 240 1778 256 ι

1101 366 1181 398 Τινὲς
1191 365 1219 392 δὲ
1229 365 1270 395 τὸ.
1289 365 1330 392 Οὐ
1340 364 1383 400 μὴ
1398 363 1520 398 γένηται
1531 362 1597 389 ἐκεῖ
1605 361 1709 395 ᾶιιιρος,
1723 360 1771 387 καὶ
1786 366 1855 394 πρε-

1065 414 1190 447 σϐύτης,
1204 412 1290 444 οὕτως
1314 411 1494 446 ἐξηγήσαντο·
1515 409 1619 439 Πάντες
1649 407 1704 443 γὰρ
1727 406 1856 441 τυχόντες

1065 461 1115 495 τῆς
1128 460 1199 495 ὲμῆς
1212 458 1397 489 ἀναστάσεως,
1407 457 1514 483 ἔσονται
1524 455 1633 486 τέλειοι,
1648 453 1753 485 καὶτὰς
1766 452 1856 487 ψυχὰς

1066 507 1191 541 ἀκμαῖοι,
1209 505 1246 537 ὡς
1265 499 1348 540 μηδὲν
1371 503 1466 532 ἀτελές
1492 510 1522 528 τε
1543 502 1591 527 καὶ
1610 501 1716 535 νήπιον,
1740 499 1809 534 μήτε
1827 497 1857 525 δὲ

1067 552 1223 587 γεγηρακὸς
1236 548 1318 582 εἶναι,
1342 549 1488 585 ἡλικιῶται
1509 547 1539 574 δὲ
1555 547 1665 578 πάντες,
1685 545 1723 576 ὡς
1745 543 1790 578 ὑφ’
1809 543 1859 570 ἕνα

1068 598 1163 633 καιρὸν
1177 596 1334 631 τευξόμενοι
1352 595 1401 631 τῆς
1416 594 1601 625 ἀναστάσεως,
1618 592 1664 619 καὶ
1684 592 1748 627 μιᾶς
1761 590 1859 623 παλιγ-

1068 643 1195 678 γενεσίας
1210 641 1378 678 μεθέξοντες.
1393 641 1503 672 Τέλειος
1518 637 1565 667 οὖν
1584 639 1598 665 ὁ
1613 638 1765 673 σωζόμενος
1781 636 1858 663 ἔσται

1069 689 1141 721 νέος,
1157 688 1206 715 καὶ
1220 688 1269 722 τῆς
1286 687 1373 722 αὐτῆς
1386 686 1495 722 ἡλικίας
1519 686 1576 718 ἔξει
1595 685 1641 711 τὸν
1661 682 1858 718 ἀπολλύμενον.

1070 735 1147 771 "Atta
1159 735 1214 770 γὰρ
1229 735 1330 765 πάντες
1345 733 1524 764 ἀναστάντες,
1540 730 1663 767 σωτηρίᾳ
1683 731 1730 756 καὶ
1750 729 1861 756 κολάσει

1070 780 1297 816 διαιρεθήσονται,
1322 779 1377 805 τῶν
1404 780 1433 805 ὲν
1459 778 1544 813 κακίᾳ
1563 777 1673 804 τελείων
1688 776 1862 810 καταράτων

1072 827 1219 862 ἐσομένων,
1235 827 1282 852 καὶ
1293 827 1326 861 τῇ
1347 826 1400 861 ἰδίᾳ
1416 824 1625 852 τελευτώντων
1639 822 1776 858 ἁμαρτίᾳ.
1795 822 1861 848 Ὅτε

1036 868 1057 898 Β
1071 874 1118 900 καὶ
1132 873 1245 905 πάντες,
1258 871 1290 904 ἃς
1306 872 1349 899 διὰ
1364 872 1419 898 τῶν
1433 871 1529 906 ἔργων
1544 871 1652 901 ἑαυτοῖς
1663 869 1861 904 προεξένησαν,

1071 919 1229 954 κομιοῦνται
1248 918 1341 952 μονὰς,
1359 919 1407 945 καὶ
1422 917 1477 944 τῶν
1494 916 1568 943 ἰδίων
1590 915 1792 943 ἀπολαύσονται
1814 914 1863 940 πό-

1070 974 1134 996 νων,
1149 964 1284 999 καρποὺς
1300 965 1382 995 ἰδίους
1396 964 1409 984 h
1426 963 1601 999 τρεφόμενοι,
1622 962 1721 998 μηκέτι
1746 961 1864 993 δεδιότες

1073 1011 1173 1047 μήπως
1191 1011 1346 1045 ἀλλότριοι
1357 1010 1428 1042 τοὺς
1440 1009 1555 1042 πόνους
1572 1008 1661 1035 αὐτῶν
1675 1007 1863 1043 ἁφαρπάσων-

1071 1067 1127 1085 ται.
1151 1059 1195 1085 ‘Ev
1210 1058 1384 1093 ἀτελευτήτῳ
1399 1057 1426 1084 δὲ
1438 1056 1575 1089 διάξουσιν
1591 1055 1703 1090 εὐζωῖᾳ.
1720 1054 1795 1081 κατὰ
1809 1053 1863 1087 τὰς

1072 1105 1184 1139 ἡμέρας
1193 1104 1246 1132 τοῦ
1262 1104 1358 1137 ξύλου
1369 1102 1423 1138 τῆς
1439 1099 1514 1137 ζωῆς
1523 1111 1530 1118 ’
1542 1102 1556 1129 ὃ
1565 1102 1610 1129 καὶ
1624 1102 1699 1137 δηλοί
1716 1101 1766 1133 τὰς
1782 1102 1867 1134 ἑπαγ-

1072 1151 1166 1186 γελίας
1179 1152 1207 1177 ὲν
1221 1150 1261 1186 τῷ
1275 1150 1433 1186 παραδείσῳ
1444 1149 1619 1185 γενήσεσοαι,
1634 1150 1681 1191 και
1689 1149 1736 1176 τὸν
1748 1148 1866 1183 τυχόντα

1071 1197 1175 1224 τούτων
1193 1197 1325 1234 ὑπάρξειν
1341 1196 1489 1227 ἀθάνατον,
1508 1196 1545 1231 μὴ
1564 1194 1766 1240 παλαιοιὸμενον
1831 1193 1866 1219 δι’

1074 1243 1171 1279 ἑτέραν
1183 1242 1260 1275 αὖθις
1277 1244 1444 1278 μετάστασιν
1457 1242 1561 1277 ἑτέροις
1583 1241 1647 1270 τοὺς
1662 1240 1766 1267 ἑαυτῶν
1783 1249 1870 1266 κατα-

1074 1289 1200 1321 λιπόντες
1218 1290 1227 1310 ί
1256 1290 1383 1322 πόνους.
1399 1288 1477 1320 Τινὲς
1493 1288 1520 1314 δὲ
1543 1288 1591 1314 καὶ
1613 1287 1700 1314 ταῦτα
1723 1286 1761 1322 τῷ
1778 1285 1868 1321 καιρῷ

1074 1336 1123 1371 τῆς
1137 1335 1250 1371 πρώτης
1272 1335 1420 1369 ἐπιδημίας
1435 1335 1592 1367 ἀπέδωκαν,
1610 1334 1655 1360 ὂτε
1671 1334 1771 1364 πάντες
1790 1333 1869 1368 εἰρή-

1074 1391 1123 1415 νης
1139 1382 1318 1415 ἀπολαύουσι,
1334 1384 1382 1409 καὶ
1397 1381 1591 1418 χρηστότητος,
1609 1381 1633 1408 οἱ
1650 1381 1679 1407 ἐν
1698 1379 1810 1415 Χριστῷ
1822 1379 1868 1406 διὰ

1075 1429 1195 1461 πίστεως
1225 1428 1436 1463 κατηραμένοι,
1459 1428 1557 1463 μηκέτι
1578 1427 1706 1462 πολέμοις
1729 1427 1777 1453 καὶ
1799 1426 1868 1461 σὺμά

1078 1476 1177 1509 φοραῖς
1189 1474 1222 1501 δι’
1235 1473 1417 1506 deﬁciamur;
1425 1474 1450 1500 οἱ
1460 1473 1555 1506 πάλαι,
1567 1473 1787 1509 παραδιδόμενοι,
1800 1471 1870 1507 μηδὲ

1077 1519 1180 1556 ζημίαν
1192 1520 1375 1555 ὑπομένοντες
1383 1520 1438 1546 τῶν
1445 1520 1536 1551 αὐτοῖς
1552 1519 1781 1553 πεπονημένων,
1788 1526 1856 1545 πνευ
1866 1531 1872 1535 -

1077 1566 1200 1601 ματικῶς
1213 1566 1400 1601 ἐντρυφῶντες
1413 1566 1442 1592 δὲ
1458 1566 1514 1598 τοῖς
1528 1565 1633 1591 ἑαυτῶν
1645 1564 1870 1600 κατορθώμασιν.

1076 1611 1128 1642 Οὓς
1142 1612 1230 1644 οὐδεὶς
1244 1612 1376 1639 ἁπελάσει
1392 1613 1442 1647 τῆς
1461 1612 1536 1647 παρὰ
1553 1611 1592 1647 τῷ
1607 1611 1709 1647 Πατέρι
1725 1611 1872 1646 δεδομένης

1078 1658 1163 1693 μονῆς
1179 1657 1252 1693 ζωὴν
1264 1659 1375 1694 ἔχοντας
1386 1659 1479 1693 ἁγίαν,
1490 1658 1561 1685 κατὰ
1572 1657 1621 1694 τὴν
1642 1657 1695 1693 πρὸ
1717 1658 1766 1693 τῆς
1786 1657 1873 1693 Ἀδὰμ

1078 1704 1273 1739 παραϐάσεως.

1079 1750 1169 1784 qualis
1201 1754 1265 1778 ante
1300 1750 1398 1778 Adami
1430 1751 1679 1786 transgressionem
1707 1750 1785 1785 fuit,
1820 1757 1872 1786 po-

1115 1842 1170 1869 Kal
1180 1841 1216 1868 τὰ
1227 1842 1311 1876 ἔργα,
1321 1840 1399 1876 φησι,
1411 1840 1468 1868 τῶν
1478 1841 1580 1867 πόνων
1589 1841 1734 1868 αὐτῶνού
1742 1840 1875 1869 παλαιῶν

1079 1890 1212 1914 σουσιν·
1234 1886 1307 1913 τοῦτ’
1327 1885 1418 1921 ἐστιν’,
1432 1886 1620 1921 ἀμετάϐλητον
1644 1885 1734 1918 ἕξουσι
1756 1885 1806 1921 τὴν
1820 1887 1875 1914 τῶν

1079 1932 1224 1969 πρακτέων
1234 1932 1304 1959 ὁδόν.
1324 1932 1356 1958 Ἡ
1369 1932 1424 1968 γὰρ
1437 1932 1549 1966 νομικὴ,
1566 1931 1686 1967 σκιώδης
1695 1929 1774 1964 οὖσα,
1792 1940 1876 1966 μετα-

1079 1978 1161 2014 ϐολὴν
1175 1979 1208 2005 ὲκ
1224 1978 1317 2005 τύπων
1331 1978 1372 2009 εἰς
1386 1977 1515 2013 ἀλήθειαν
1533 1977 1691 2010 ὑπεδέξατο.
1708 1977 1740 2004 Ἦ
1757 1978 1786 2004 δὲ
1802 1978 1875 2005 κατᾶ

1079 2025 1198 2060 Χριστὸν
1213 2024 1282 2056 ὁδὸς,
1297 2024 1335 2056 ὥς
1352 2024 1467 2059 ἀληθὴς,
1484 2023 1673 2060 ἀμετάϐλητος
1683 2032 1690 2039 '
1703 2024 1753 2059 τῆς
1769 2024 1806 2059 μὴ
1818 2032 1876 2050 :w-

1080 2070 1239 2104 λαιόξητος
1254 2068 1261 2095 ἱ
1278 2069 1396 2097 ἐνταῦθα
1406 2069 1436 2096 τδ
1450 2068 1574 2104 διηνεκὲς
1587 2068 1732 2104 δηλούσης,
1743 2069 1812 2103 ὅπερ
1825 2069 1876 2109 οᾷκ

1081 2115 1159 2151 ἔσχον
1182 2116 1292 2142 ἐκεῖνοι.
1314 2114 1388 2150 Πρὸς
1407 2113 1462 2150 γὰρ
1481 2113 1599 2151 Χριστὸν
1614 2113 1723 2149 εἴρηται
1746 2113 1787 2146 τὸ,
1808 2122 1818 2138 ι
1844 2112 1877 2138 'll

1081 2160 1241 2195 δικαιοσύνη
1257 2168 1316 2193 σου,
1331 2159 1489 2194 δικαιοσύνη
1504 2160 1545 2191 εις
1559 2159 1604 2185 τὸν
1619 2159 1715 2191 αἰῶνα,
1734 2159 1782 2185 καὶ
1798 2159 1813 2185 ὁ
1829 2159 1878 2185 νό-

1048 2202 1069 2229 D
1084 2214 1134 2240 μος
1148 2213 1194 2232 σου
1211 2204 1336 2240 ἀλήθεια.
1361 2214 1370 2230 ι
1386 2204 1480 2231 Ταῦτα
1502 2204 1530 2230 δὲ
1545 2203 1612 2236 Θεὸς
1626 2204 1656 2230 οὐ
1677 2205 1733 2235 τοῖς
1747 2203 1878 2238 τυχοῦσιν

1082 2251 1294 2286 ἐπαγγέλλεται,
1308 2252 1338 2278 οὺ
1354 2251 1382 2278 δὲ
1399 2251 1461 2284 τοῖς
1475 2250 1610 2284 κλητοῖς.
1624 2250 1720 2276 Πολλοὶ
1735 2250 1790 2284 γὰρ
1808 2249 1874 2284 κλη-

1081 2298 1134 2329 τοὶ,
1149 2298 1236 2332 ὀλίγοι
1251 2298 1279 2324 δὲ
1294 2297 1430 2324 ἐκλεκτοί·
1446 2297 1480 2323 δι’
1494 2297 1579 2332 ὅνπερ
1596 2296 1610 2316 Ιι
1622 2296 1719 2332 φησίν·
1736 2297 1771 2322 Ol
1791 2295 1879 2322 ἐκλε-

1082 2343 1148 2370 κτοί
1156 2352 1216 2378 μου
1228 2344 1264 2370 οὐ
1279 2343 1484 2370 κοπιάσουσιν
1497 2344 1540 2375 εἰς
1560 2343 1659 2369 κενόν.
1678 2343 1709 2368 υἱ
1726 2341 1780 2377 γὰρ
1794 2341 1879 2368 πάλαι

1082 2389 1137 2416 τῶν
1172 2388 1308 2416 Ἰουδαίων
1332 2388 1499 2424 καθηγηταὶ,
1519 2388 1692 2419 διδάσκοντες
1720 2387 1880 2423 ἐντάλματα

1086 2433 1249 2469 ἀνθρώπων,
1276 2435 1395 2470 πατέρες
1423 2434 1472 2469 μὲν
1491 2434 1616 2468 ἐγένοντο
1647 2433 1718 2461 κατὰ
1746 2433 1879 2468 μάθησιν,

1086 2480 1145 2507 ἀλλ’
1160 2482 1203 2513 εἰς
1216 2480 1306 2507 κενὸν
1320 2481 1369 2507 καὶ
1385 2480 1527 2514 κατάραν.
1545 2481 1590 2506 Διὺ
1609 2480 1758 2512 ταλανίζων
1778 2480 1881 2511 αὐτοὺς

1087 2526 1180 2560 ἔλεγεν
1199 2528 1213 2553 ὁ
1236 2527 1351 2562 Σωτήρ·
1374 2528 1415 2554 ὃτι
1438 2526 1589 2563 [ιεριάγετε
1615 2527 1664 2562 τὴν
1678 2527 1814 2554 θάλασσαν
1833 2527 1881 2553 καὶ

1086 2573 1135 2606 τὴν
1151 2573 1248 2608 ξηρὲιν,
1266 2574 1378 2608 ποιῆσαι
1397 2573 1446 2600 ἕνα
1463 2574 1644 2610 προσήλυτον.
1663 2575 1716 2600 Καὶ
1732 2573 1779 2600 ἐὰν
1795 2573 1881 2608 γένη-

1088 2628 1144 2650 ται,
1159 2620 1263 2645 ποιεῖτε
1289 2619 1371 2646 αὑτὸν
1390 2620 1447 2646 υἱὸν
1462 2619 1587 2655 γεέννης.
1604 2620 1661 2655 Οὐχ
1684 2618 1769 2651 οὕτως
1783 2619 1810 2644 οἱ
1831 2618 1881 2645 τοῦ

1055 2710 1117 2738 142.
1155 2709 1177 2726 ³⁸
1188 2709 1284 2737 Matth.
1305 2717 1351 2744 xx,
1374 2710 1417 2738 16.
1457 2709 1543 2738 "lsa.
1567 2718 1644 2743 xxix,
1667 2709 1711 2737 15.
1748 2710 1770 2725 ιο
1781 2709 1882 2736 Matth.

887 2787 1003 2815 Vitlile
1024 2787 1228 2817 LECTIONES.

271 2832 285 2853 ιι
307 2842 351 2867 rp.
367 2836 482 2870 καρποῖς
501 2834 581 2867 ἱδους.
624 2836 691 2870 lyp.
707 2834 917 2866 καταλιπόντας.
960 2835 965 2859 i
988 2843 1032 2870 γρ.

1049 2835 1230 2873 παλαιούσης.
1269 2837 1281 2857 li
1297 2846 1341 2872 ῃ).
1355 2837 1462 2873 διόπερ.
