1988 3079
124 176 193 208 ἳϐθτ

690 177 955 208 COMMENTARII
973 177 1015 207 IN
1034 176 1177 207 ISAIAM.

1682 177 1750 208 €698

126 235 254 270 Χριστοῦ.
287 237 405 272 Σπέρμα
435 238 489 272 γὰρ
522 235 726 271 culorum-fro?
762 235 847 261 ἔσται
880 233 911 260 τὸ

967 241 1050 259 ttmtnt
1066 233 1234 268 prosclytum
1265 231 1396 263 facerent,
1421 232 1466 259 ubi
1488 237 1577 258 autem
1597 232 1752 261 cm'cisscnt

126 281 245 316 σπέρμα
260 281 369 310 αὐτῶν.

162 370 239 401 Τινὲς
260 370 288 397 δὲ
302 371 349 398 καὶ
365 371 444 398 τοῦτο
460 371 531 399 κατὰ
553 371 602 406 τὴν
623 370 835 405 παλιγγενεσίαν
856 370 914 396 ἐδέ-

125 415 215 448 ξαντο.
232 416 262 442 Εἰ
277 417 332 451 γάρ
350 426 422 448 τινες
441 417 548 443 ἔσονται
573 417 633 443 τότε
649 417 746 449 κόποι,
772 416 912 451 σωτήριοι,

125 462 172 488 καὶ
186 461 246 488 λίαν
270 462 355 496 ἡδεῖς,
379 462 451 493 οἴους
473 462 655 495 ὑπομένουσιν
682 461 803 495 ἄγγελοι.
834 461 913 487 Ἀλλὰ

126 506 222 540 μισθὸς
247 507 339 539 αὐτοῖς
364 506 570 541 θησαυρίζεται.
588 507 656 533 Οὐδὲ
681 508 717 534 τὰ
740 507 913 541 γεννήματα

124 551 214 576 αὐτῶν
225 552 268 583 εἰς
282 551 427 585 κατάραν,
441 551 514 577 τοῦτ’
529 551 602 578 ἔστιν
615 552 640 578 οι
653 552 790 587 λογισμοὶ,
801 551 852 578 κᾶν
866 551 913 578 ἐπὶ

123 596 178 622 τῶν
195 597 354 623 ἀποστόλων
364 597 391 623 δὲ
407 598 559 632 νοήσωμεν,
574 595 610 625 ὧν
628 598 744 632 καρπὸς
760 599 776 633 ἡ
797 597 911 624 καθόλου

123 644 173 675 τῆς
190 644 241 677 γῆς
267 643 425 678 Ἐκκλησία,
446 644 494 670 καὶ
511 645 593 671 τέκνα
617 646 652 671 τὰ
666 645 710 672 διὰ
723 645 771 680 τῆς
786 645 833 671 τοῦ
851 645 913 671 λου-

123 689 188 722 τροῦ
198 690 407 724 παλιγγενεσίας
418 691 569 726 παράθεσιν
581 692 636 726 ἔχει
648 693 716 726 πρδς
724 691 759 717 τὰ
771 691 800 723 ἐξ
815 691 911 725 Ἀδὰμ,

123 732 154 762 οὗ
165 736 232 771 πρὸς
240 736 289 771 τὴν
305 738 422 770 γυναῖκα
436 737 560 764 λέλεκται
577 737 617 770 τὸ,
637 747 646 763 ‹
664 737 710 764 Ἐν
727 737 826 768 λύπαις
847 737 913 772 τέξῃ

122 782 216 808 τέκνα·
229 792 237 806 ι
250 782 324 809 κατὰ
335 782 434 816 σάρκα
443 783 497 819 γὰρ
505 783 644 818 ἐγέννων·
654 783 686 810 τὸ
695 784 722 810 δὲ
732 784 851 818 σπέρμα
858 784 912 810 τῶν

123 828 280 854 ἀποστόλων
294 829 510 864 εὐλογημένον,
525 829 540 855 ὅ
554 830 754 864 κατέσπειραν
767 830 795 856 ὲν
812 830 913 861 πάσαις

122 874 181 904 ταῖς
208 873 395 908 Ἐκκλησῐαις,
410 872 451 906 οἷς
466 875 499 909 δὴ
513 875 561 901 καὶ
573 875 709 902 λέλεκται·
724 875 797 909 Πρὶν
808 875 914 909 κεκρά-

965 278 1095 312 gehennae
1114 277 1200 304 [ilium
1214 277 1338 303 reddere.
1351 277 1385 303 At
1403 281 1446 303 est
1469 278 1521 303 alia
1536 277 1638 305 Christi
1659 278 1751 306 futura

965 324 1086 351 conditio
1104 343 1110 349 .
1129 323 1187 350 Erit
1204 324 1272 350 enim
1283 331 1370 350 semen
1385 331 1475 350 eorum
1492 323 1666 352 benedictmn.

1001 369 1068 396 Sunt
1085 369 1208 396 nonnulli
1225 372 1328 398 tamen,
1345 369 1390 402 qtti
1410 368 1461 395 ista
1485 368 1567 395 etiam
1590 369 1622 395 ad
1641 376 1753 402 regene-

965 416 1099 443 rationem
1124 416 1220 443 referri
1249 415 1405 443 voluerunt.
1434 415 1463 441 Si
1491 416 1580 446 enim,
1611 416 1751 450 inquiunt.

965 464 1030 488 tunc
1058 462 1190 496 temporis
1217 461 1319 488 labores
1336 461 1420 496 aliqui
1439 461 1523 488 futuri
1549 465 1628 494 sunt,
1646 461 1751 488 saluta-

965 515 1009 534 res
1043 507 1060 534 ii
1074 507 1224 542 etjucundi
1242 507 1332 539 valde,
1357 508 1454 542 quales
1480 507 1568 542 angeli
1597 507 1751 543 perierunt,

965 553 1047 580 futuri
1063 558 1145 580 sunt:
1163 554 1263 588 quibus
1281 561 1331 581 sua
1348 560 1455 580 merces
1475 553 1643 581 reconditur.
1661 553 1752 588 Neque

965 608 1029 627 vero
1044 608 1103 634 qtue
1119 600 1169 634 ipsi
1183 599 1353 635 generabunt,
1375 599 1410 627 id’.
1422 603 1464 626 est
1477 607 1536 633 qua:
1550 599 1642 627 animo
1665 603 1753 634 partu-

963 647 1047 679 rient,
1061 646 1272 673 maledictionem
1288 653 1403 681 passura
1420 651 1504 673 sunt:
1519 646 1625 674 etiamsi
1639 647 1672 672 dc
1687 654 1752 681 apo-

963 694 1042 721 stolis
1058 693 1242 727 intelligamus
1259 701 1267 725 ;
1283 700 1399 727 quorum
1423 693 1525 726 fructus
1549 693 1606 727 ipsa
1623 697 1664 719 est
1677 693 1753 720 orbis

963 738 1086 765 universi
1100 737 1268 770 Ecclesia,et
1285 737 1343 768 lilii,
1360 737 1406 772 qtti
1428 745 1475 772 per
1492 737 1592 764 lavacri
1606 745 1753 773 regenera-

964 782 1066 809 tionem
1083 782 1160 814 editi,
1182 782 1416 816 comparationem
1441 781 1544 808 habent
1569 789 1631 808 cum
1648 782 1753 808 Adatno

963 828 1117 863 prognatis.
1145 827 1225 862 cujus
1242 828 1321 854 uxori
1355 835 1409 854 non
1440 827 1500 854 sine
1531 826 1626 854 dolore
1651 827 1753 854 liberos

965 881 1029 900 suos
1042 881 1103 901 esse
1127 873 1278 908 parituram
1296 873 1454 900 nuntiatum
1479 877 1520 899 est
1534 872 1568 899 ".
1588 872 1753 899 Generabant

123 918 172 949 ξιιι
198 919 308 950 αὐτοὺς,
333 919 543 954 ἑπακούσομαι
568 920 670 947 αὐτῶν.
696 921 786 956 Ὅπερ
809 921 911 954 ἐγίνετο

964 920 1037 946 enim
1056 919 1199 946 secundum
1227 927 1345 946 carnem.
1367 919 1402 944 At
1423 923 1466 946 cst
1488 918 1651 945 benedictum
1667 926 1753 944 semen

123 963 408 999 θαυματουργούντων
425 966 516 992 αὐτῶν
529 966 558 992 ἐν
567 967 628 998 ταῖς
647 966 782 1002 Πράξεσιν
796 967 836 998 εἰς
848 967 911 993 ἑπι-

122 1009 243 1045 στροφὴν
257 1010 312 1036 τῶν
336 1010 513 1045 καλουμένων
528 1012 568 1043 εἰς
588 1012 689 1043 πίστιν,
706 1012 750 1038 ὅτε
771 1012 872 1043 πάντες
886 1012 912 1038 οἱ

121 1054 188 1088 πρὶν
200 1055 369 1090 ἁρπακτικοί
382 1065 412 1082 τε
425 1057 474 1083 καὶ
486 1056 630 1092 θηριώδεις
640 1057 689 1092 τὴν
699 1057 784 1093 αὐτὴν
794 1055 867 1092 εἶχον
883 1058 912 1084 ἐν

129 1100 278 1135 Ἐκκλησία
292 1102 349 1132 τοῖς
366 1101 480 1137 ἡμέροις
495 1102 620 1137 τροφὴν,
636 1102 747 1139 Γραφὴν
771 1103 820 1138 τὴν
835 1103 911 1130 θείαν

121 1147 278 1182 νεμόμενοι.
295 1148 348 1174 Καί
363 1157 405 1180 τις
430 1148 493 1183 ἱώδη
508 1150 609 1184 τρόπον
628 1149 708 1185 ἔχων,
723 1149 820 1176 τούτου
843 1158 911 1177 παυ-

123 1192 241 1228 σάμενος
252 1194 356 1229 τροφὴν
367 1195 497 1230 ἐτρέφετο
515 1195 638 1231 λογικὴν,
655 1196 716 1222 ἀντὶ
737 1196 798 1230 γῆς.
815 1195 911 1222 Τοιοῦ-

122 1247 164 1264 τοι
175 1239 204 1265 δὲ
218 1240 369 1273 γεγονότες,
385 1240 445 1271 πῶς
467 1240 507 1267 ἐτι
532 1241 662 1276 βλάπτειν
678 1241 818 1277 ἠδύναντο.
834 1242 912 1268 Ἔστι

122 1282 151 1309 δὲ
168 1283 212 1309 διὰ
222 1283 325 1310 τούτων
342 1284 390 1310 καὶ
411 1284 466 1311 τῶν
482 1285 528 1312 δύο
542 1285 615 1312 λαῶν
626 1286 744 1313 νοεῖσθαι
759 1286 808 1322 τὴν
830 1287 870 1317 εἰς
883 1286 912 1312 ἓν

123 1330 286 1366 συνδρομήν.
302 1330 342 1357 Τὰ
363 1330 413 1365 μὲν
428 1331 481 1366 γὰρ
494 1332 555 1366 ἱερὰ
571 1332 638 1364 ζῶα,
659 1333 706 1358 καὶ
722 1332 829 1364 θυσίαις
842 1333 912 1360 κατὰ

122 1374 168 1401 τὸν
191 1375 273 1410 νόμον
299 1376 436 1412 ἁρμόδια,
463 1378 591 1412 σημαίνει
611 1379 656 1405 τὸν
676 1379 795 1413 Ἰσραήλ.
820 1379 861 1405 Τὰ
883 1378 912 1404 δὲ

122 1421 226 1456 ἁνῐερα,
238 1421 286 1448 καὶ
296 1422 387 1458 θηρία,
405 1424 468 1455 τοὺς
486 1424 610 1456 ἐθνικοὺς
625 1424 700 1459 ὁμοῦ
711 1425 910 1459 τρεφομένου(

121 1466 158 1492 τά
173 1475 202 1493 τε
223 1466 282 1494 Gaia
300 1468 461 1503 μαθήματα,
478 1470 525 1496 καὶ
539 1470 585 1496 τὴν
604 1470 730 1505 οὐράνιον
749 1470 840 1505 ἄρτον.
857 1471 912 1506 Τή-

124 1521 166 1548 ρει
184 1512 223 1545 δὲ,
237 1513 275 1544 ὡς
293 1514 343 1540 οὐκ
361 1514 478 1549 εἴρηται,
500 1516 533 1542 τὰ
547 1516 640 1551 ἥμερα
658 1518 708 1551 τῆς
731 1517 785 1543 τῶν
810 1516 911 1551 θηρίων

122 1557 249 1591 μεθέξειν
266 1559 381 1597 τροφῆς,
402 1559 470 1585 ἀλλὰ
486 1560 652 1586 τούναντίον.
672 1560 842 1586 ’Λκολουθείν
860 1560 912 1595 γὰρ

121 1602 176 1628 ἔδει
187 1602 223 1628 τὰ
234 1602 319 1637 χείρω
334 1604 391 1634 τοῖς
405 1604 570 1638 κρείττοσιν,
584 1604 622 1636 ὡς
636 1606 693 1636 τοῖς
705 1606 864 1636 ἀποστόλοις
878 1605 912 1633 τὰ
925 1597 946 1626 c

120 1645 197 1681 ἔθνη.
215 1647 286 1682 Πρὸς
302 1647 330 1673 δὲ
339 1648 404 1679 τοὺς
419 1648 560 1683 οἰομένους
581 1650 615 1676 τὰ
630 1650 695 1684 ἔθνη
706 1649 809 1677 τούτων
819 1651 911 1685 τυχεῖν

128 1693 272 1726 Ἰουδαίους
295 1694 323 1720 ὲν
345 1696 378 1729 τῇ
400 1695 504 1730 παλαιᾷ
527 1695 716 1731 Ἰερουσαλὴμ,
737 1696 855 1732 ἐροῦμεν
873 1697 912 1728 ὡς

120 1740 239 1775 οὐδαμοῦ
263 1740 354 1767 αὐτῶν
368 1742 398 1768 ὲν
414 1741 520 1773 τούτοις
534 1742 578 1768 ἐπ’
600 1742 714 1776 ἀγαθοῖς
730 1743 835 1778 μνήμη,
852 1742 909 1769 ἀλλ’

121 1786 305 1821 ἀσεϐημάτων
326 1786 484 1822 ὀνειδισμοί.
499 1787 531 1814 Τί
558 1787 586 1814 δὲ
609 1788 640 1814 τὸ
659 1789 808 1822 ἀναγκαῖον
822 1788 857 1815 ἐν
870 1787 910 1821 τῷ

120 1831 194 1865 ἁγίῳ
215 1832 276 1865 ὄρει
302 1831 384 1867 θηρία
397 1833 558 1867 τυγχάνειν;
591 1834 627 1860 Ἢ
643 1833 702 1864 πῶς
727 1833 806 1860 τοῦτο
835 1834 910 1866 θείας

120 1877 196 1909 ἄξιον
208 1878 393 1912 ἑπαγγελίας;
408 1879 496 1912 ὅρους
511 1879 539 1906 δὲ
555 1879 686 1915 μνησθεὶς
699 1880 785 1914 ἁγίου
810 1880 892 1915 φησίν
902 1888 909 1896 ’

128 1923 160 1951 Ὃ
180 1925 308 1958 οὐρανός
327 1934 377 1960 μοι
400 1926 516 1959 θρόνος,
533 1926 580 1953 καὶ
596 1926 631 1953 τὰ
653 1927 696 1953 ἐπ’
716 1926 801 1961 αὐτῷ.
823 1928 861 1953 Δι’
873 1924 911 1953 ὧν

121 1970 262 2005 προδήλως
277 1973 449 2006 παραινεῖται
464 1972 515 2007 τὴν
525 1972 572 1998 ἐπὶ
584 1973 635 2008 γῆς
649 1972 839 2008 Ἰερουσαλὴμ,
853 1972 909 2009 [ἦν]

121 2015 268 2042 ἀκόλουθον
294 2017 423 2051 τοιαύτην
446 2015 516 2044 εῖναι
542 2018 738 2051 φαντάζεσθαι.
756 2019 810 2045 Καὶ
833 2019 911 2046 λαὸν

120 2061 177 2097 γὰρ
190 2062 295 2089 καινὸν
310 2062 373 2098 ἔφη,
386 2064 435 2089 καὶ
451 2063 546 2098 ὄνομα
565 2065 680 2093 καινόν.
699 2065 804 2096 ’Ἄλλως
819 2074 848 2092 τε
863 2066 911 2092 καὶ

121 2106 197 2134 εἶπεν
209 2109 245 2135 ot’t
263 2108 306 2143 μὴ
326 2108 485 2143 μνησθῶσι
503 2110 562 2136 τῶν
573 2109 725 2144 προτέρων
745 2111 799 2138 ἔτι.
816 2111 865 2138 Διὰ
881 2112 910 2138 δὲ

120 2152 174 2179 τῶν
189 2152 262 2188 ἑξῆς,
275 2155 369 2181 καὶτὰ
388 2154 395 2174 ι
415 2155 509 2187 θυσίας
532 2155 622 2182 αὐτῶν
641 2157 854 2193 ἀποστρέφεται,
875 2157 909 2185 δι“

119 2195 158 2224 ὧν
180 2199 306 2235 ἐνόμιζον
334 2201 467 2233 εὐσεϐεῖν,
497 2202 543 2228 τὸν
565 2203 702 2235 ταπεινὸν,
731 2206 778 2230 καὶ
798 2205 909 2239 ἡσύχιον

122 2245 204 2278 μόνον
219 2245 429 2281 ἀποδεχόμενος.
447 2247 519 2282 Πρὸς
532 2247 560 2273 δὲ
575 2248 605 2274 τὸ
629 2248 717 2282 παρὸν
739 2249 820 2283 ῥητὸν
840 2248 908 2284 ἔφα-

121 2290 172 2317 σάν
186 2300 269 2324 τινες,
283 2291 320 2323 ὼς
339 2292 438 2323 ἱκανῶς
456 2294 675 2327 μυσταγωγήσας
691 2294 752 2326 τοὺς
773 2294 906 2327 ὲθνικοὺς,

121 2336 282 2370 μεθίσταται
298 2337 391 2363 λοιπὸν
405 2338 449 2364 ἐπ’
463 2338 543 2365 αὑτὸν
560 2338 612 2373 ἤδη
624 2339 670 2365 τὸν
689 2339 808 2375 Ἰσραὴλ,
829 2340 908 2368 ἀποί-

119 2389 175 2407 σων
193 2381 273 2408 αὐτὸν
285 2382 334 2416 τῆς
347 2383 436 2414 σκιᾶς.

965 965 1164 998 apostolorum,
1180 965 1254 999 quod
1270 964 1296 991 in
1316 963 1448 991 Ecclesiis
1459 963 1588 990 omnibus
1605 963 1621 989 ii
1637 963 1753 989 semina-

965 1015 1043 1039 rttnt:
1061 1010 1162 1044 quibus
1184 1015 1324 1045 antequam
1355 1010 1501 1036 clamarent
1518 1018 1535 1035 a
1559 1017 1586 1036 se
1599 1008 1753 1035 exauditam

964 1057 999 1083 iri
1016 1056 1155 1091 pollicitus
1171 1060 1213 1083 est
1230 1056 1374 1083 Dominus.
1391 1055 1471 1088 Quod
1490 1063 1523 1082 eo
1544 1059 1668 1089 tempore
1683 1063 1753 1089 prap-

965 1102 1047 1132 stitit,
1063 1108 1117 1136 quo
1137 1102 1262 1136 patratis,
1277 1105 1306 1128 ut
1321 1101 1452 1128 Actorum
1471 1105 1565 1128 narrat
1592 1100 1706 1127 historia
1719 1101 1753 1130 η,

966 1149 992 1176 in
1009 1157 1104 1176 eorum
1131 1148 1322 1181 conversione,
1348 1148 1395 1182 qui
1418 1147 1452 1174 ad
1468 1147 1548 1174 [idem
1573 1147 1753 1178 vocabantur,

965 1195 1120 1228 miraculis,
1134 1195 1180 1229 qui
1196 1194 1273 1229 prius
1303 1194 1394 1228 rapaci
1411 1197 1437 1221 et
1457 1193 1539 1229 ³148
1563 1193 1652 1220 ferino
1677 1200 1755 1220 more

965 1240 1103 1272 vivebant,
1113 1240 1208 1267 eodem
1218 1247 1314 1267 ontnes
1326 1238 1395 1269 cibo.
1412 1238 1439 1265 id
1452 1243 1505 1268 est,
1520 1238 1663 1273 Scriptura
1676 1246 1754 1266 sacra

965 1293 1028 1312 cutn
1043 1285 1184 1312 cicuribus
1194 1290 1220 1312 et
1239 1285 1403 1318 mansuetis,
1418 1285 1444 1311 itt
1458 1284 1588 1317 Ecclesia,
1602 1285 1676 1318 pasci
1689 1291 1755 1311 COII-

964 1331 1035 1365 tigit.
1056 1330 1113 1358 lmo
1128 1335 1154 1358 et
1170 1331 1216 1366 qui
1233 1331 1357 1358 moribus
1385 1335 1463 1357 erant
1480 1331 1634 1361 venenatis,
1657 1331 1753 1358 iisdem

965 1377 1098 1411 depositis
1114 1385 1167 1404 non
1184 1382 1257 1404 terra
1273 1377 1400 1411 amplius,
1413 1378 1461 1404 sed
1474 1377 1603 1404 rationali
1617 1378 1680 1405 cibo
1704 1386 1754 1404 nu-

966 1423 1128 1450 triebantur.
1146 1423 1285 1456 Ejusmodi
1307 1427 1398 1450 autent
1415 1431 1476 1450 cum
1496 1423 1613 1451 abierint
1642 1425 1688 1460 qui
1703 1432 1753 1452 no-

965 1475 1028 1495 cere
1040 1468 1096 1502 jam
1111 1468 1238 1495 valeant?
1256 1467 1303 1495 Est
1317 1475 1383 1495 vero
1399 1475 1447 1502 per
1461 1468 1556 1495 istluec
1581 1470 1663 1496 etiam
1686 1470 1754 1496 dno-

966 1520 1026 1540 rum
1055 1514 1217 1548 populorutn
1243 1521 1397 1541 concursus
1414 1513 1442 1540 in
1457 1521 1542 1540 unum
1569 1514 1751 1549 signiﬁcatus.

966 1558 1058 1586 Sacris
1073 1558 1147 1586 enim
1164 1558 1339 1590 animalibus,
1358 1562 1385 1585 et
1398 1559 1430 1585 ad
1455 1559 1655 1586 sacriﬁciorum
1674 1567 1752 1587 usum

964 1604 1116 1631 secundum
1137 1604 1222 1638 legem
1248 1604 1477 1638 congruentibus,
1496 1604 1623 1632 lsraclem
1650 1605 1754 1640 signiti-

963 1649 1068 1677 ﬁcavit:
1087 1654 1115 1676 ut
1130 1656 1177 1683 per
1208 1649 1322 1683 profana
1339 1653 1365 1676 et
1397 1649 1464 1680 fera,
1476 1653 1572 1683 gentos
1593 1650 1679 1684 ipsas,
1693 1659 1753 1685 qua:

963 1695 989 1722 in
1005 1695 1093 1722 sacris
1101 1694 1354 1729 simuldiscipliuis,
1367 1695 1531 1729 caelestique
1546 1703 1614 1730 pauc
1627 1697 1752 1723 nutriun-

963 1745 1017 1768 tur.
1032 1741 1153 1769 Observa
1171 1745 1274 1772 autent,
1295 1746 1324 1767 ut
1341 1749 1403 1776 qua
1416 1747 1559 1769 mansueta
1583 1747 1657 1774 sunt,
1680 1743 1752 1770 ieru-

962 1795 1022 1814 rum
1041 1787 1164 1814 alimenti
1180 1787 1324 1822 participia
1345 1786 1403 1814 fore
1434 1795 1488 1814 non
1512 1787 1597 1822 dixit;
1617 1789 1663 1815 sed
1686 1797 1752 1816 can-

963 1838 1015 1861 tra.
1044 1833 1141 1861 Decuit
1163 1833 1235 1860 enim
1259 1841 1319 1868 quae
1345 1833 1482 1860 deteriora
1505 1839 1581 1867 sunt,
1606 1842 1638 1862 ea
1661 1837 1751 1870 sequi,

961 1887 1022 1914 qua:
1034 1879 1231 1914 praeslantioris
1239 1883 1330 1906 essent
1343 1879 1525 1912 conditionis;
1541 1885 1570 1907 ut
1584 1884 1679 1915 gentes
1687 1889 1753 1916 apo-

961 1925 1059 1952 stolos.
1074 1924 1204 1952 Utautcm
1220 1925 1254 1952 iis
1266 1925 1587 1960 respmtdeatntts.quidc
1595 1925 1750 1954 Judazorum

963 1979 1092 2004 numero,
1107 1972 1236 2007 gentibus
1257 1972 1309 1999 ista
1326 1973 1352 1998 in
1371 1977 1462 1999 vetere
1488 1972 1638 2000 Jerusalem
1665 1974 1751 2000 conli-

961 2019 1033 2054 gisse
1058 2018 1244 2045 arbitrantur:
1268 2018 1391 2046 dicemus
1406 2026 1502 2045 eorum
1519 2019 1562 2045 hic
1579 2018 1654 2046 nullo
1670 2020 1751 2046 modo

961 2066 988 2092 in
1000 2065 1133 2092 bonorum
1152 2065 1259 2092 ratione
1272 2065 1438 2091 mentionem
1455 2064 1522 2097 ﬁeri,
1532 2065 1579 2092 sed
1594 2065 1750 2099 impietates

960 2111 1117 2146 exprobari.
1136 2110 1248 2140 Deinde.
1267 2110 1313 2145 qui
1327 2115 1387 2137 erat
1397 2117 1510 2136 necesse
1524 2110 1553 2136 in
1562 2115 1650 2136 mante
1657 2116 1750 2137 sancto

962 2157 1034 2184 feras
1046 2156 1127 2184 esse?
1141 2160 1188 2183 aut
1214 2164 1270 2191 quo
1285 2161 1366 2192 pacto
1383 2156 1465 2184 fuerit
1485 2157 1557 2184 istud
1575 2156 1667 2183 divina
1687 2164 1750 2190 pro-

961 2203 1094 2230 missione
1107 2211 1160 2230 non
1173 2203 1337 2238 indignum?
1362 2203 1433 2230 facta
1450 2210 1530 2238 porro
1543 2203 1630 2229 sancti
1651 2203 1749 2230 montis

962 2250 1112 2282 mentione,
1128 2249 1222 2276 cmlum
1237 2250 1338 2284 ipsum,
1363 2254 1390 2276 et
1404 2257 1464 2283 qua:
1481 2249 1507 2275 in
1523 2257 1556 2276 eo
1570 2255 1645 2281 sunt,
1662 2248 1750 2275 sedem

962 2294 1013 2321 sibi
1026 2302 1082 2321 esse
1096 2294 1208 2329 adjicit:
1225 2294 1326 2329 quibus
1348 2294 1439 2321 verbis
1453 2293 1618 2326 Jerusalem,
1643 2301 1704 2329 qua:
1721 2294 1748 2321 in

961 2340 1043 2367 terris
1058 2343 1110 2371 est,
1126 2345 1219 2375 aperte
1235 2339 1356 2374 respuit;
1372 2346 1454 2374 quam
1473 2340 1535 2367 ideo
1552 2339 1632 2367 talem
1656 2339 1750 2367 haberi

961 2395 1016 2414 non
1034 2386 1117 2414 fuerit
1141 2387 1334 2421 incongruum,
1360 2386 1433 2421 quod
1456 2385 1582 2420 populum
1609 2390 1748 2416 recentem,

119 2435 263 2461 nomenque
275 2436 367 2455 novum
388 2428 541 2456 habituram
560 2429 682 2463 monuit;
697 2430 825 2466 quodque
838 2432 906 2459 alias
942 2433 1061 2467 priorum
1078 2440 1131 2459 non
1162 2440 1219 2459 esse
1246 2431 1431 2458 recordaturos
1453 2432 1567 2466 amplius
1594 2430 1747 2458 allirmavit.

119 2474 171 2502 Per
183 2482 216 2501 ea
235 2481 326 2509 porro,
357 2483 417 2510 quin
455 2480 620 2510 sequuntur,
645 2482 672 2504 et
692 2485 788 2505 comm
806 2479 943 2507 sacrilicia
962 2484 1124 2514 aversatur;
1141 2488 1191 2516 per
1202 2488 1264 2516 quae
1276 2487 1306 2508 se
1317 2479 1515 2515 piosexsistere
1528 2480 1672 2514 putabant,
1685 2486 1748 2506 cutn

119 2523 249 2551 humilem
265 2526 370 2550 tantum
392 2530 418 2550 et
431 2524 556 2558 quietum
567 2527 771 2562 _amplcctatur.
789 2527 828 2555 Ad
855 2528 912 2556 lucc
929 2534 1021 2557 autem
1035 2529 1118 2557 verba
1128 2537 1182 2557 non
1198 2529 1308 2563 desum,
1322 2529 1368 2565 qui
1381 2533 1520 2560 m0neant,
1550 2527 1597 2555 ubi
1621 2528 1748 2556 ethnicos

118 2569 188 2596 satis
199 2569 329 2604 mysteria
345 2569 494 2601 docuisSet,
513 2570 644 2607 deinceps
661 2572 695 2600 ad
711 2573 801 2607 ipsum
816 2574 949 2602 continuo
967 2574 1095 2603 lsraelem
1117 2575 1259 2609 transisse,
1295 2580 1325 2602 ut
1342 2582 1404 2602 eum
1431 2574 1527 2601 umbra
1555 2573 1693 2601 liberaret.

409 2616 533 2644 ΚΕΦΑΛ.
543 2616 611 2650 :q'.

1256 2621 1332 2649 CAP.
1353 2620 1446 2649 LXVI.

154 2660 203 2688 αδ.
218 2660 317 2693 Οὕτως
331 2661 414 2696 λέγει
438 2662 545 2696 Κύριος
555 2671 563 2678 ·
585 2663 616 2689 '0
631 2665 759 2698 οὐρανός
779 2674 829 2699 μοι
840 2665 906 2698 θρό-

995 2667 1080 2695 VEtts.
1095 2668 1153 2695 1-4.
1170 2666 1215 2695 Sic
1230 2667 1295 2694 dicit
1310 2666 1441 2694 Dominus
1453 2675 1462 2694 :
1474 2666 1573 2694 Cwlunt
1587 2666 1660 2693 sedes
1677 2673 1746 2692 mea.

114 2713 179 2739 νος,
195 2706 244 2733 καὶ
265 2707 285 2740 ἡ
300 2707 338 2741 γῆ
359 2708 527 2735 ὑποπόδιον
544 2709 603 2736 τῶν
616 2710 717 2737 ποδῶν
732 2719 802 2746 μου.
817 2711 907 2738 Ποῖον

964 2718 983 2740 2t
1000 2718 1071 2740 terra
1086 2713 1231 2741 scabellum
1258 2712 1352 2748 pedum
1377 2720 1504 2740 meorum.
1537 2712 1602 2745 Qute
1630 2716 1669 2739 est
1693 2711 1745 2738 ista

151 2795 252 2824 "Gen.
278 2804 320 2830 ιιι,
347 2797 390 2825 16.
429 2798 452 2814 δ’
466 2797 527 2825 Act.
548 2799 636 2831 ",65.

760 2845 803 2872 VA
810 2844 876 2872 lil/E
898 2843 1098 2872 LECTIONES.

156 2890 162 2909 '
183 2900 226 2919 γι).
243 2891 302 2919 τὰς.

221 2913 226 2918 .
243 2900 302 2919 τατ-

183 2900 216 2926 γρ
283 2919 419 2970 imm.
436 2939 493 2971 Gn.
514 2938 704 2969 Lxxxvu.
1201 2978 1207 2982 δ
1545 2941 1584 2971 es
