1988 3079
131 156 198 190 27m

713 167 980 198 COMMENTAR”
1001 170 1042 200 iN
1059 171 1202 204 ISAIAM.

1697 178 1770 211 2N2

132 219 304 252 ἐπαγγελιῶν
331 222 386 253 τοῖς
411 223 497 250 ταῦτα
522 225 694 259 προμαθοῦσι
714 228 784 254 κατὰ
812 228 858 254 τὸν
881 229 910 254 ἐν

976 229 1083 256 sianum
1099 235 1221 266 tempore
1237 231 1318 265 dixit,
1335 233 1382 269 qui
1399 234 1464 262 dum
1478 235 1614 269 viverent.
1629 237 1682 265 Ista
1697 238 1769 266 didi-

131 264 238 290 επτῶτα
254 265 321 300 βίον,
334 267 488 302 ἀκολούθως
503 270 589 298 ταῦτά
602 279 685 308 φησιν
697 281 704 287 ⁸
723 273 886 301 Ἀκούσατε
898 276 926 302 οἱ

131 309 290 345 τρέμοντες
302 313 373 347 τοὺς
386 315 499 349 λόγους
512 318 620 351 αὐτου,
645 319 710 355 περὶ
725 316 763 347 ὧν
774 320 894 355 ἔφασκεν
915 330 923 338 ο

136 365 146 381 ι
158 357 218 384 Ἐπὶ
231 359 291 386 τινα
299 359 328 386 δὲ
339 361 488 397 ἐπιὸλέψω,
503 363 559 390 ἀλλ’
574 364 591 400 ἦ
606 365 653 392 ἐπὶ
669 365 715 393 τὸν
725 367 864 400 ταπεινὸν.
876 369 924 396 καὶ

131 402 184 434 ἡσυ
187 412 254 438 χιον,
266 406 311 432 καὶ
318 407 452 442 τρέμοντά
463 418 514 444 μου
521 410 583 442 τοὺς
589 411 698 445 λόγους;
710 421 719 438 ι
731 412 772 445 οἷς
782 413 925 449 εὐαγγελι-

133 447 180 474 κὸν
187 450 370 486 παράγγελμα
378 453 441 489 [ὃίδ]
450 463 516 481 ωσιν
526 455 600 482 οὐδὲν
608 457 737 492 διαφέρον
744 458 802 485 τοῦ·
817 469 826 485 ι
839 447 923 494 ’Ᾰγα-

131 495 201 520 πᾶτε
213 496 276 527 τοὺς
292 496 406 532 ἐχθροὺς
418 499 494 534 ὑμῶν
510 508 516 516 ·
535 501 625 534 καλῶς
641 504 742 530 ποιεῖτε
756 506 813 537 τοῖς
829 506 923 540 μισοῦ-

132 548 174 566 σιν
190 541 272 576 ὑμᾶς.
290 543 477 580 Προσεύχεσθε
491 546 562 583 ὑπὲρ
574 548 628 574 τῶν
645 550 865 585 ἐπηρεαζόντων,
874 554 922 580 καὶ

129 587 283 615 διωκόντων
296 590 378 624 ὑμᾶς,
394 591 436 619 ἵνα
450 592 566 629 γένησθε
586 596 638 622 υἱοὶ
652 596 699 623 τοῦ
713 598 835 634 Πατέρος
843 600 921 635 ὑμῶν

129 633 177 660 τοῦ
196 635 224 662 ἐν
239 637 295 668 τοῖς
310 637 445 673 οὐρανοῖς.
462 649 471 665 ι
489 640 526 667 Οὐ
548 641 601 677 γὰρ
614 642 644 669 τὸ
654 643 778 679 ’τρέμειν
790 645 837 673 τοῦ
852 633 921 675 θεοῦ

129 680 201 713 τοὺς
218 682 339 717 λόγους,
350 685 419 721 πρὸς
437 686 588 723 τελειότητα
601 689 682 724 μόνον
703 691 785 726 ἀρκεῖ
797 700 804 707 ·
819 693 922 729 ἀρετῆς

128 726 158 752 δὲ
171 727 215 753 ἐπ’
230 728 314 764 ἄκρον
327 730 461 767 ἀνάληψις
477 733 636 770 ἀγαπητικὴ
651 736 720 771 πρὸς
734 737 797 769 τοὺς
812 726 920 766 θλίϐον-

127 782 179 805 τας
192 774 300 811 γνώμη,
332 777 398 805 Ἵνα
414 780 447 806 τὸ
469 780 563 816 ὄνομα
577 783 689 817 Κυρίου
706 783 854 819 δοξασθῇ,
870 786 920 814 καὶ

127 822 208 857 ὀφθῇ
217 823 252 850 ἐν
265 823 303 859 τῇ
317 826 493 862 εὐφροσύνῃ
510 828 619 856 αὐτῶν.
631 829 670 856 Δι’
682 826 721 857 ὧν
730 831 785 865 τὰρ
795 832 839 859 ἐπ’
868 833 920 859 αὑ-

125 870 184 900 τοῖς
210 870 273 898 ἀντὶ
297 871 393 906 μίσους
422 873 631 908 εὐφραίνεσθε,
655 877 729 909 θεὸς
753 877 917 913 δοξάζεται,

126 914 198 942 κατὰ
211 916 242 942 τό
257 924 266 932 ·
284 925 295 942 ι
311 917 370 944 Ἶνα
388 918 463 945 ἴδωσι
474 919 509 946 τὰ
524 920 594 948 καλὰ
609 921 686 957 ὑμῶν
698 923 777 958 ἔργα,
788 924 835 951 καὶ
842 925 919 958 δοξά-

124 967 195 986 σωσι
210 961 256 989 τὸν
268 963 380 999 Πατέρα
395 965 473 999 ὑμῶν
487 966 532 993 τὸν
543 967 573 994 ὲν
587 969 644 1000 τοῖς
659 969 795 1004 οὐρανοῖς.
818 980 828 997 ι
862 972 919 999 Καὶ

124 1006 202 1033 αὐτοὶ
216 1008 245 1034 δὲ
258 1009 338 1044 τυχὸν
348 1010 395 1037 τοῦ
408 1011 477 1038 Θεοῦ
495 1011 509 1038 ὑ
514 1012 572 1047 μῶν
587 1013 758 1046 ὃοξάσουσι
773 1016 917 1052 τοῦνομα,

123 1051 196 1079 οὕτω
219 1054 287 1089 πρὸς
312 1056 413 1088 αὐτοὺς
441 1057 631 1093 διακειμένους
655 1060 783 1096 ὁρῶντες,
808 1064 857 1090 καὶ
882 1065 916 1100 τῇ

123 1099 287 1134 χρηστότητι
303 1101 335 1136 τῇ
352 1101 417 1137 περὶ
443 1102 543 1135 αὐτοὺς
565 1104 786 1140 εὐφραινόμενοι.
799 1099 917 1143 Σύμμαξ

121 1153 171 1179 xc;
186 1145 224 1178 δὲ,
244 1147 295 1173 Καὶ
315 1147 449 1182 ὀψόμεθα
472 1149 508 1176 ἐν
523 1149 560 1185 τῇ
575 1152 749 1186 εὐφροσύνῃ
764 1154 849 1189 ὑμῶν
870 1156 916 1189 ἑξ-

120 1190 232 1225 ἐδωκεν,
246 1193 283 1225 ὡς
295 1193 328 1220 ἂν
336 1194 365 1220 ὲν
380 1194 419 1230 τῷ
428 1195 500 1223 τέλει
509 1198 558 1232 τῆς
569 1198 734 1235 ἐκδικήσεως
747 1201 851 1228 τούτων
866 1203 916 1237 μὲν

122 1237 243 1273 ἐκδήλως
264 1241 529 1277 εὐφραινουμένων
542 1252 550 1259 '
573 1245 685 1272 ἐκείνων
697 1246 726 1273 δὲ
744 1247 805 1274 λίαν
818 1248 862 1283 ὲφ*
872 1246 915 1281 οἷς

119 1283 223 1319 ὁρῶσιν
236 1286 497 1322 αὶσχυνουμένων.
521 1289 715 1326 Ἐπιστήσεται
733 1293 788 1329 γὰρ
816 1295 830 1320 ό
862 1295 912 1329 τῆς

120 1328 326 1364 ἀνταποδόσεως
349 1332 411 1359 ὅσον
432 1333 510 1361 οὔπω
538 1335 645 1372 καιρὸς,
665 1338 710 1364 ὅτε
737 1339 827 1373 φωναὶ
859 1340 914 1367 τῶν

120 1374 366 1411 κολασθησομένων
381 1379 608 1415 ἀκουσθήσυνται,
628 1382 684 1409 τῶν
697 1384 747 1418 μὲν
760 1385 914 1422 οἰκητόρων

117 1419 262 1451 ,βοώντων
271 1422 304 1448 ἐκ
314 1423 365 1456 τῆς
380 1424 507 1458 πόλεως,
519 1426 574 1452 τῶν
587 1426 615 1453 δὲ
626 1419 862 1463 λειτουργούντων.
879 1431 913 1458 ἐκ

120 1465 175 1492 τοῦ
190 1468 276 1495 ναοῦ.
295 1469 444 1503 Βοήσεται
458 1471 487 1498 δὲ
502 1473 548 1499 καὶ
557 1473 603 1500 διὰ
625 1474 681 1502 τῶν
702 1477 874 1511 πραγμάτων
898 1479 916 1505 ὁ

120 1512 237 1545 Κύριος,
255 1514 293 1546 ὡς
306 1515 389 1543 αὐτοῦ
401 1517 490 1553 κρίσει
505 1519 613 1552 γίνεται
639 1521 674 1549 τὰ
693 1522 780 1550 δεινά.
805 1524 913 1552 Εῐδέναι

118 1557 209 1609 δὲέρὴ
223 1559 261 1592 ὡς
279 1561 466 1596 εὐαγγελικῶς
486 1567 676 1609 παραγγείλας
698 1569 853 1604 ἀδελφοὺς
865 1580 912 1597 νο-
927 1580 949 1608 (χ

121 1604 211 1638 μίζειν
221 1608 285 1639 τοὺς
299 1608 432 1641 ὲθνικοὺς,
446 1604 564 1646 νομικὴν
588 1613 685 1640 ἔλυσεν
704 1615 827 1651 ἐντολήν.
842 1617 913 1652 Φησὶ

119 1651 176 1686 γὰρ
189 1653 204 1679 ό
217 1653 300 1689 νόμος
312 1662 320 1669 ⁸
336 1655 372 1682 οὺ
387 1656 515 1692 λαλήσεις
526 1658 618 1691 αὐτοῖς
639 1660 775 1696 εἰρηνικά.
793 1663 849 1689 Καὶ
861 1651 915 1691 τιᾶρ-

120 1705 172 1724 σαν
185 1698 337 1735 ἐπιγαμίαν
351 1701 486 1738 ἀπείρηκε
500 1704 569 1740 πρὸς
579 1705 689 1738 αὐτοὺς,
701 1706 739 1739 ὥς
754 1707 788 1735 ἂν
801 1709 839 1744 μὴ
848 1710 913 1745 παρ’

118 1743 212 1771 αὐτῶν
240 1746 397 1779 πεισθέντες
418 1749 459 1780 εἰς
478 1749 700 1787 εἰδωλολατρείαν
732 1743 911 1784 ἐκπέσωσιν--

118 1789 178 1816 ἀλλ’
196 1790 225 1817 ἐν
240 1791 352 1828 Χριστῷ
365 1793 462 1828 γέγονε
479 1794 513 1821 τὰ
522 1795 665 1833 ἀμφότερα
676 1797 718 1831 ἓν,
733 1800 781 1825 καὶ
803 1799 912 1828 λέλυται

118 1835 150 1862 τὸ
166 1836 323 1873 μεσότοιχον
338 1839 385 1866 τοῦ
398 1840 539 1876 φραγμοῦ,
562 1843 737 1879 κατήργηται
761 1845 790 1872 δὲ
822 1849 870 1874 καὶ
897 1849 912 1874 ὸ

118 1881 201 1916 νόμος
219 1882 274 1909 τῶν
282 1884 398 1913 ἐντολῶν
412 1887 441 1913 ὲν
456 1886 599 1922 δόγμασιν.
613 1889 701 1922 Αὐτὸς
719 1890 774 1927 γάρ
796 1892 871 1920 ἐστιν
892 1895 910 1930 ἡ

117 1926 216 1962 εἰρήνη
232 1928 323 1963 ἡμῶν.

153 2059 231 2092 Τινὲς
241 2059 269 2087 δὲ
280 2061 348 2096 πρὸς
360 2062 424 2094 τοὺς
435 2063 602 2097 ἀποστόλους
625 2065 751 2102 εἰρῆσθαί
762 2070 855 2103 φασιν,
871 2071 910 2104 ὡς

119 2104 264 2139 μέλλοντας
278 2106 331 2133 ὑπὸ
349 2107 483 2136 Ἰουδαίων
495 2110 657 2144 κακοῦσθαι,
669 2113 716 2140 καὶ
731 2114 850 2149 μάλιστα
856 2117 910 2143 τῶν

116 2151 147 2178 ἐν
164 2151 353 2188 Ἰερουσαλὴμ,
367 2150 405 2181 ὧν
413 2155 438 2181 οἱ
456 2155 586 2191 ἄρχοντες
596 2159 659 2190 τοὺς
669 2160 837 2194 ἀποστόλους
848 2163 910 2198 ῂκὶ-

117 2204 208 2230 σαντο,
225 2197 341 2224 θάνατον
356 2198 566 2235 ἀπειλήσαντες,
584 2203 608 2228 εἰ
621 2202 668 2229 τὸν
677 2205 812 2240 σωτήριον
829 2197 910 2242 λόγον

976 275 1090 307 cisscnt,
1112 283 1167 303 non
1183 277 1336 312 incongrue
1358 279 1413 314 iam
1428 287 1487 314 eos,
1511 282 1557 316 qui
1572 283 1607 309 ad
1629 290 1767 310 sermonm

975 319 1061 354 ipsius
1083 322 1299 356 contremiscunt,
1320 324 1415 351 audire
1439 326 1580 361 pmcipit;
1604 327 1638 354 de
1666 328 1768 363 quibus

975 370 1058 393 antea
1074 366 1219 399 intellexit,
1242 375 1305 396 cum
1331 369 1358 396 in
1384 378 1464 405 quem
1487 371 1571 398 alium
1591 371 1767 407 inspecturus

974 416 1058 444 esset,
1075 413 1128 439 nisi
1145 413 1172 440 in
1186 414 1316 442 humilem
1338 419 1365 442 et
1387 417 1525 452 quietum,
1541 418 1645 454 quique
1659 419 1766 446 Domini

975 457 1058 485 verba
1083 463 1228 491 metueret,
1253 461 1402 495 postulavit
1416 463 1458 490 “:
1479 464 1582 499 quibus
1598 469 1766 500 praeceptum

974 505 1163 540 evangelicum
1180 506 1215 533 ab
1228 514 1263 534 eo
1286 508 1354 535 nihil
1370 509 1535 544 discrepans
1557 511 1696 546 proponit,
1710 519 1766 546 quo

974 550 1101 578 inimicos
1117 551 1248 585 iubemur
1274 553 1405 589 diligere,
1425 564 1481 591 quo
1495 556 1539 589 iis,
1562 557 1610 592 qui
1633 564 1683 585 nos
1699 557 1766 585 ode-

974 601 1049 628 runt,
1068 596 1245 632 benefacere;
1268 607 1324 634 quo
1339 601 1457 636 denique
1472 610 1521 637 pro
1533 603 1578 636 iis,
1592 603 1638 638 qui
1656 603 1766 631 calum-

974 640 1097 673 niantur,
1115 644 1143 668 et
1158 649 1362 678 persequuntur
1388 654 1438 674 nos
1448 666 1455 678 ,
1475 654 1568 680 orare,
1583 651 1611 675 ut
1625 648 1700 676 Patri
1717 656 1766 676 no-

972 691 1044 719 stro,
1066 687 1114 722 qui
1139 687 1166 714 in
1189 688 1268 717 caelis
1286 695 1338 723 est,
1354 690 1460 719 similes
1483 691 1633 720 efﬁciamur
1645 694 1678 722 “.
1705 693 1764 721 Non

971 733 1045 760 enint
1071 734 1159 761 solum
1187 739 1218 762 ut
1241 735 1356 769 perfecti
1381 737 1480 770 simus,
1500 739 1535 766 ad
1553 738 1600 767 Dei
1617 748 1764 768 sermonem

972 783 1082 807 tremere
1098 781 1166 808 satis
1180 781 1276 815 fuerit;
1291 782 1337 810 sed
1355 791 1463 812 summa
1483 793 1554 820 opus
1572 786 1654 814 etiam
1676 787 1765 815 virtu-

970 827 1008 854 tis
1029 828 1229 864 resmnptione,
1250 837 1311 865 qua:
1331 830 1492 860 dilectionis
1517 837 1545 860 et
1567 833 1765 862 benevolentia:

972 871 1138 901 voluntatem
1156 875 1184 901 in
1198 874 1349 910 atiligentes
1364 877 1480 905 habeat:
1496 876 1530 904 Ut
1551 887 1645 906 nomen
1656 879 1764 907 Domini

969 916 1144 952 gloriﬁcetur,
1169 924 1195 946 et
1222 925 1351 954 appareat
1366 921 1395 948 in
1419 921 1518 949 la'tilt'u
1532 931 1635 950 eorum.
1655 923 1762 956 Quibus

970 963 1043 991 euint
1058 964 1085 991 in
1100 964 1152 998 eis,
1167 965 1267 1001 inquit,
1288 966 1343 994 odii
1369 967 1439 1000 loco,
1464 968 1605 1000 lwtamini,
1623 969 1693 996 Deus
1708 970 1763 1004 ipse

967 1010 1139 1044 gloriﬁcatur
1149 1019 1158 1043 ;
1168 1011 1248 1046 juxta
1262 1012 1328 1040 illud
1341 1022 1347 1040 :
1366 1022 1375 1039 ι
1389 1012 1425 1041 Ut
1441 1014 1553 1042 videant
1566 1022 1650 1050 opera
1668 1020 1761 1043 vestra

969 1056 1052 1089 bona,
1072 1061 1100 1084 et
1126 1057 1238 1085 laudent
1265 1058 1374 1086 Patrem
1407 1064 1541 1094 vestrum,
1567 1061 1614 1096 qui
1638 1061 1666 1089 in
1682 1062 1761 1089 malis

968 1107 1011 1129 est
1023 1102 1056 1130 ⁸⁷,
1076 1112 1085 1128 ι
1103 1102 1233 1131 Fortasse
1249 1112 1314 1132 vero
1327 1108 1354 1132 et
1369 1105 1408 1132 illi
1428 1105 1476 1133 Dei
1492 1107 1576 1134 vestri
1591 1115 1685 1134 nomen
1701 1107 1761 1142 glo-

968 1148 1123 1182 riﬁcabunt,
1139 1157 1201 1177 cum
1214 1157 1247 1177 eo
1261 1158 1309 1178 vos
1323 1158 1388 1186 erga
1401 1159 1431 1179 se
1443 1152 1537 1179 animo
1553 1159 1616 1180 esse
1629 1152 1760 1185 viderint,

967 1193 1025 1228 ipsa
1048 1195 1131 1222 etiam
1147 1194 1174 1222 in
1193 1203 1222 1223 se
1237 1195 1410 1224 humanitate
1437 1202 1463 1224 et
1479 1197 1667 1225 benevolentia
1684 1198 1760 1227 dele-

966 1239 1043 1268 ctati.
1054 1241 1088 1268 At
1101 1239 1283 1276 Symmachus
1295 1250 1302 1269 :
1312 1241 1347 1268 Et
1361 1241 1504 1270 videbimus
1519 1244 1546 1270 in
1557 1243 1652 1271 (milia
1662 1250 1758 1277 vestra,

966 1286 1108 1312 transtulit
1118 1293 1125 1319 ;
1136 1290 1264 1321 tanquam
1274 1286 1302 1314 in
1315 1287 1367 1314 ﬁne
1381 1287 1493 1316 ultionis
1507 1289 1577 1317 istos
1588 1290 1699 1324 quidem
1716 1291 1760 1318 ιω-

967 1335 1018 1363 los,
1027 1331 1089 1359 illos
1103 1336 1194 1359 autem
1209 1332 1252 1366 iis,
1262 1340 1323 1368 qua:
1332 1333 1452 1368 videant,
1466 1335 1555 1370 palam
1568 1336 1694 1371 confusos
1703 1337 1758 1372 fore

966 1377 1112 1413 signiticet.
1134 1378 1325 1414 Cognoscetur
1344 1380 1429 1414 enim,
1442 1386 1575 1416 quantum
1590 1390 1645 1410 non
1663 1387 1756 1414 antea.

967 1424 1155 1452 retributionis
1169 1429 1292 1460 tempus;
1314 1434 1377 1454 cttm
1403 1435 1498 1454 eorum
1517 1435 1609 1460 voces,
1631 1429 1677 1463 qui
1707 1437 1758 1465 pu-

967 1468 1090 1503 nicntur,
1112 1470 1292 1498 clamantibus
1322 1471 1355 1499 ab
1372 1472 1436 1500 urbe
1458 1472 1568 1506 incolis,
1593 1474 1759 1510 ipsisquede

967 1516 1063 1550 templo
1083 1516 1230 1548 ministris.
1248 1517 1338 1545 audiri
1362 1520 1514 1554 continget.
1534 1519 1671 1548 Clamabit
1692 1530 1758 1550 vero

966 1567 993 1589 et
1018 1562 1149 1597 operibus
1175 1563 1242 1598 ipsis
1268 1564 1408 1597 Dominus,
1426 1573 1481 1593 non
1507 1567 1573 1600 alio,
1599 1575 1681 1603 quam
1706 1577 1758 1597 suo

966 1608 1052 1643 ipsius
1065 1609 1172 1643 judicio
1188 1609 1268 1646 752
1284 1611 1455 1639 calamitates
1472 1611 1540 1640 istas
1556 1613 1677 1642 immitti.
1701 1615 1758 1642 No-

965 1655 1076 1682 tandum
1103 1662 1196 1690 porro,
1222 1663 1256 1683 co
1281 1656 1352 1691 ipso,
1377 1657 1450 1692 quod
1474 1661 1571 1693 gentes
1597 1660 1758 1696 evangelico

964 1708 1040 1728 more
1055 1700 1154 1736 fratres
1181 1709 1244 1730 esse
1272 1702 1428 1730 censendos
1456 1707 1560 1736 monet,
1586 1705 1673 1740 legem
1691 1713 1755 1734 eum

964 1745 1110 1781 abrogare,
1127 1754 1188 1783 qua:
1205 1746 1318 1783 paciﬁca
1336 1747 1370 1775 ad
1393 1748 1457 1777 illos
1482 1749 1557 1786 loqui
1582 1751 1755 1786 prohibebat.

963 1793 1080 1821 Cavcrat
1092 1798 1120 1822 et
1144 1793 1215 1829 ipsa,
1230 1801 1264 1822 ne
1280 1795 1456 1823 matrimonia
1476 1804 1540 1824 cum
1559 1797 1600 1826 eis
1615 1798 1758 1827 contrahe.

963 1843 1042 1873 rent;
1060 1848 1094 1867 ne
1111 1840 1146 1868 ab
1162 1840 1230 1875 ipsis
1245 1841 1373 1875 persuasi
1403 1841 1588 1871 idololatrian]
1605 1851 1756 1879 sequeren-

961 1889 1007 1912 tur
1020 1885 1062 1913 κε
1080 1885 1128 1913 sed
1154 1886 1181 1913 in
1205 1885 1320 1914 Christo
1337 1886 1394 1921 jam
1416 1892 1532 1923 utraque
1545 1896 1630 1917 unum
1654 1889 1755 1918 ell‘ectu

961 1937 1036 1963 sunt,
1055 1931 1266 1967 disturbatoque
1284 1933 1374 1960 medio
1393 1934 1523 1962 maceria:
1539 1936 1655 1969 pariete,
1670 1936 1753 1964 etiam

962 1977 1005 2004 lex
1020 1976 1090 2012 ipsa,
1107 1985 1169 2012 quae
1183 1978 1375 2006 tnandatorum
1390 1979 1499 2015 placitis
1514 1981 1670 2015 constabat,
1680 1982 1754 2017 jacet

960 2023 1104 2058 abrogata.
1121 2023 1168 2051 Est
1181 2025 1254 2051 enim
1271 2024 1330 2060 ipse
1347 2032 1400 2060 pax
1416 2030 1511 2054 nostra
1528 2027 1562 2054 ".

996 2069 1113 2103 Quidam
1141 2074 1234 2098 tamen
1260 2071 1294 2098 ad
1319 2071 1460 2106 apostolos
1482 2072 1537 2100 dici
1562 2073 1753 2108 arbitrantur;

961 2121 1091 2152 tanquam
1110 2124 1125 2144 ιι
1139 2116 1243 2145 Judzcis
1258 2117 1359 2145 damna
1373 2123 1467 2146 essent
1486 2120 1646 2155 accepturi;
1660 2121 1708 2148 sed
1719 2122 1755 2148 ab

961 2163 994 2190 iis
1006 2162 1154 2198 praecipue,
1176 2163 1223 2198 qui
1246 2162 1501 2200 Hierosolymorum
1527 2166 1623 2194 urbem
1652 2167 1756 2195 incole-

960 2213 1039 2236 rent:
1060 2217 1177 2244 quorum
1196 2209 1243 2244 qui
1256 2209 1396 2245 principes
1411 2210 1594 2244 habebantur,
1612 2213 1753 2247 apostolos

115 2243 288 2279 κηρύττοιεν.
305 2245 360 2272 Καὶ
371 2245 447 2272 τίδεῖ
462 2246 563 2281 λέγειν,
578 2248 616 2280 ὡς
637 2249 654 2284 ὴ
672 2254 682 2264 °
702 2250 753 2285 μὲν
783 2250 839 2285 τῆς
862 2254 909 2280 εὐ-

967 2255 1057 2290 llagris
1071 2243 1248 2290 acceperant,
1264 2259 1381 2283 mortem
1398 2255 1439 2283 eis
1453 2255 1624 2290 minitantes,
1636 2257 1658 2285 si
1678 2258 1755 2285 salu-

113 2290 273 2324 φροσύνης
282 2291 433 2326 ἐπαγγελία
445 2294 501 2325 τοῖς
517 2294 636 2329 Χριστοῦ
652 2295 748 2330 γέγονε
762 2297 908 2334 μαθηταῖς,

115 2335 149 2361 δι’
179 2335 270 2362 αὐτῶν
281 2337 421 2372 πανταχοῦ
446 2340 651 2375 συνισταμένων
667 2341 852 2378 Ἐκκλησιῶν.
876 2344 908 2372 Ἢ

114 2379 144 2407 δὲ
151 2380 199 2407 τοῦ
210 2381 277 2408 Θεοῦ
292 2383 355 2414 τοὺς
367 2384 548 2416 κακώσαντας
561 2386 671 2418 αὐτοὺς,
687 2387 907 2425 μετῆλθενόργὴ,

115 2428 303 2463 περιστάντων
338 2429 436 2461 αὐτοὺς
463 2430 610 2465 πολεμίων.
640 2433 698 2460 Καὶ
739 2434 829 2462 ’ταῦτα
857 2437 907 2470 μὲν

115 2473 239 2505 ἐκεινοις.
250 2474 287 2500 Τὸ
296 2474 324 2501 δὲ
337 2475 462 2507 θεοσεϐὲς
474 2475 635 2512 πολίτευμα,
648 2479 695 2505 καὶ
705 2479 721 2514 ή
730 2480 779 2508 νέα
791 2481 877 2515 Σιὼν,
890 2484 908 2519 ἡ

120 2518 269 2554 Ἐκκλησία
294 2520 327 2546 δι’
339 2521 417 2555 ὑμῶν
430 2524 631 2558 συστησομένη,
659 2526 789 2553 τοσοῦτον
799 2527 908 2563 ἀθρόως

114 2566 257 2601 γεννήσει
269 2568 372 2603 πλῆθος
386 2569 469 2602 λαῶν,
485 2570 524 2601 ὼς
542 2570 714 2606 ἐκπλαγῆναι
730 2573 776 2600 τὸν
795 2575 908 2602 ἀκούον-

114 2621 158 2640 τα.
177 2613 220 2644 Ὠς
233 2613 287 2648 γὰρ
302 2614 335 2641 ἂν
346 2614 478 2649 αἰφνίδιον
492 2616 563 2642 κατὰ
574 2618 693 2653 γαστρὸς
710 2618 812 2654 ἔχουσα.
836 2629 905 2656 γεν-

115 2658 203 2692 νήσει
216 2660 296 2695 γυνὴ,
316 2660 453 2696 μηδεμιᾶς
471 2661 567 2694 ὠδῖνος
590 2663 771 2700 ἡγησαμένης
786 2673 795 2682 ⁸
831 2667 864 2694 τὸ
878 2668 906 2694 δὲ

114 2705 231 2740 τεχθὲν,
260 2705 365 2739 ἄρσεν.
389 2705 484 2739 οὕτως
511 2707 658 2744 ὁλόκληρον
685 2710 792 2746 ἀθρόως
818 2712 834 2747 ἠ
859 2713 909 2740 νέα

150 2763 330 2801 ⁸⁸γ1ειιηιιχνι.
345 2765 373 2792 2.
398 2785 402 2791 .
418 2767 442 2783 κ
456 2767 550 2795 Matth.
574 2776 606 2801 ν,
627 2770 673 2798 Η.

114 2806 146 2832 ιι,
160 2800 203 2827 tt.
241 2800 264 2816 '°
281 2801 341 2829 Aet.
355 2805 424 2830 met
442 2811 478 2831 tv.

149 2897 163 2912 ο
178 2903 224 2930 γρ.
242 2894 290 2922 καί
302 2903 358 2921 τοι.

725 2771 748 2786 ⁸⁷
768 2771 865 2800 Matth.
883 2781 898 2800 v
911 2792 919 2805 ,
937 2772 983 2800 16.

964 2301 998 2328 tis
1014 2300 1191 2335 Evangelium
1214 2301 1420 2336 promulgarent
1437 2302 1473 2329 ⁶⁰.
1489 2302 1654 2339 Quanquam
1670 2304 1753 2332 etiam

964 2354 1018 2373 non
1039 2346 1109 2373 male
1131 2346 1278 2374 conveniat
1303 2346 1391 2382 ipsam
1416 2347 1522 2375 (milia:
1543 2349 1752 2384 promissionem

962 2391 1065 2420 Christi
1087 2391 1232 2427 discipulis
1257 2392 1358 2420 factam
1376 2400 1437 2421 esse
1460 2393 1611 2428 aliirmare;
1633 2403 1752 2430 quorum

962 2445 1045 2473 opera
1066 2438 1167 2472 ubique
1184 2442 1248 2465 sunt
1266 2445 1439 2475 congregans
1459 2439 1600 2468 Ecclesiae.
1623 2440 1671 2469 Est
1688 2449 1752 2470 vero

962 2491 1010 2511 eos
1022 2483 1068 2511 Dei
1083 2485 1134 2515 ira,
1155 2491 1169 2510 a
1183 2484 1284 2519 quibus
1305 2485 1406 2519 injuria
1425 2485 1515 2513 allecti
1532 2491 1608 2520 sunt,
1624 2488 1680 2515 ulta
1691 2496 1752 2517 esse

963 2530 1165 2563 existimanda;
1193 2538 1255 2557 cum
1279 2531 1314 2558 ab
1337 2532 1462 2560 hostibus
1481 2533 1601 2561 obsideri
1624 2535 1751 2570 contigit.

963 2575 1054 2610 Atque
1073 2574 1131 2602 [nec
1147 2575 1257 2609 quidem
1274 2574 1339 2603 illis.
1355 2575 1408 2608 Qui
1426 2580 1516 2604 autem
1534 2577 1606 2611 piam
1624 2577 1685 2605 vita:
1704 2586 1752 2606 ra-

965 2622 1068 2649 tionem
1086 2625 1247 2657 sequuntur,
1265 2621 1380 2657 ipsaque
1395 2622 1464 2650 adeo
1485 2630 1556 2650 nova
1576 2623 1652 2657 Sion,
1668 2624 1694 2652 id
1709 2629 1752 2653 est

962 2668 1098 2700 Ecclesia,
1110 2675 1172 2704 qua:
1191 2672 1282 2697 vestra
1307 2668 1391 2696 coibit
1404 2676 1499 2704 opera,
1516 2673 1620 2697 tantam
1638 2675 1752 2706 repente

963 2715 1050 2750 pariet
1068 2714 1231 2749 populorunt
1250 2714 1471 2746 multitudinem,
1492 2720 1522 2742 ut
1538 2715 1573 2744 iis
1590 2716 1684 2749 etiam,
1703 2717 1750 2752 qui

1034 2771 1057 2787 ⁸⁸
1079 2770 1167 2799 Exod.
1191 2777 1272 2803 χχιιι,
1296 2770 1347 2805 32;
1374 2769 1452 2799 Deut.
1466 2779 1515 2805 vn,
1529 2772 1556 2799 2.
1614 2772 1636 2789 δ’
1650 2772 1749 2808 ΕρΙιρε.

771 2852 888 2881 VARUE
908 2851 1114 2881 LECTIONES.
