1988 3079
123 193 194 226 2705

157 251 235 282 Τινὲς
251 251 281 277 δὲ
294 250 373 278 τοῦτο
388 251 456 285 πρὸς
470 251 519 283 τὰς
536 249 583 277 δύο
610 249 743 286 διαθήκας
771 250 909 283 ἐδέξαντο,
927 253 948 279 Α

122 298 276 329 ἀκολούθως
292 303 306 323 P
325 295 394 324 εἶναι
409 297 536 331 λέγοντες
546 297 595 332 τὴν
611 297 715 332 ἀθρόως
731 297 794 323 λαὸν
804 297 909 331 γεννή-

121 352 224 371 σασαν
241 344 356 379 ἇρσενιι
369 344 408 379 τῷ
423 343 493 379 Θεῷ,
513 344 561 370 καὶ
594 343 742 378 γάλακτος
756 344 795 375 εἰς
820 345 911 378 ἐκτρο-

123 391 175 426 φὴν
199 391 254 417 τῶν
276 391 361 425 αὐτῆς
395 390 566 425 πληροῦσθαι
591 390 707 424 νηπίων,
723 389 736 416 ὂ
751 390 783 424 δὴ
799 390 911 424 λογικὸν

123 436 207 463 Γάλα
218 437 250 463 ὲκ
266 436 321 463 τῶν
333 435 380 462 δύο
392 436 483 471 ρεύσει
496 435 645 469 διαθηκῶν.
657 435 742 462 Ait-al.
756 435 809 471 γὰρ
825 435 911 469 αὐτῆς

122 485 146 511 οἱ
156 484 202 510 δύο
223 484 321 518 μαστοὶ
331 483 428 517 ἀγαυοὶ
446 482 522 515 ὅντες
547 483 617 518 ὑπὲρ
645 480 726 508 οἶνον.
754 482 910 516 Παρακλή-

121 536 198 561 σεως
213 529 242 556 δέ
254 538 347 564 φησιν,
365 530 514 564 ἐπειδήπερ
546 530 572 556 ol
598 529 814 563 παρακλητικοὶ
837 528 911 562 λόγοι

121 576 174 601 τῶν
185 575 369 610 ἀτελεστέρων
382 575 478 610 ψυχῶν
508 574 588 610 γάλα
617 575 721 610 κυρίως
748 574 911 610 ὠνομάσθη-

122 630 182 653 σαν,
205 621 254 654 τῆς
283 621 399 655 στερεᾶς
412 620 517 655 τροφῆς
548 621 577 647 ὲν
602 619 734 654 δόγμασιν
770 620 911 654 μυστικοῖς

121 666 279 701 νοουμένης,
308 666 369 701 ἥτις
401 666 501 700 πρέπει
512 667 569 696 τοῖς
601 666 641 697 εἰς
661 664 746 699 ἄνδρα
760 664 911 699 προήκουσι

120 712 233 745 τέλειον,
244 712 282 747 μὴ
297 712 493 745 ἑναπομείνασι
510 711 548 746 τῷ
569 711 658 746 νηπίῳ
674 718 680 725 ·
705 710 745 736 διὸ
773 709 911 745 προσέθη-

121 767 178 789 κεν,
200 759 249 785 ἵνα
260 759 488 792 ἐκθηλάσαντες
519 758 693 793 τρυφήσητε
713 757 773 784 ἀπὸ
790 756 911 784 εἰσόδου

119 803 213 838 δόξης
226 803 321 837 αὐτῆς
335 811 342 819 ·
360 804 433 830 τοῦτ’
445 804 518 830 ἔστιν
536 803 588 836 ἔξω
601 804 684 839 θήλης
700 803 852 837 γεγονότες.
865 803 912 829 καὶ

120 849 433 885 ἀπογεγαλακτισμένοι.
447 850 501 876 Καὶ
518 849 613 881 δόξαν
648 849 697 884 μὲν
708 849 794 883 αὐτῆς
807 849 909 884 ὀνομά-

119 893 161 926 ζει
176 894 303 929 Χριστδν,
312 894 349 926 ὡς
358 895 405 921 καὶ
414 894 506 926 Δαὸὶδ,
525 903 534 919 ι
551 894 604 920 Τοῦ
614 894 824 929 κατασκηνῶσαι
832 893 911 926 δόξαν

119 941 148 966 ἐν
155 941 188 975 τῇ
204 941 239 975 γῇ
255 939 346 975 ἡμῶν.
366 949 375 964 ›
389 939 520 966 Εἵσοδον
529 939 558 966 δὲ
571 939 621 974 τῆς
635 939 705 974 μετὰ
720 938 822 974 σαρκὸς
835 939 909 965 οἱκο-

119 985 213 1020 νομίας
236 985 266 1012 τδ
295 986 455 1020 μυστήριον.
486 985 574 1012 Οἱονεὶ
593 985 647 1020 γὰρ
675 984 720 1011 διὰ
740 984 842 1020 σαρκὸς
869 985 909 1017 εἰς

118 1030 211 1057 τοῦτον
224 1031 270 1057 τὸν
287 1031 390 1066 κόσμον
410 1031 582 1066 εἰσϐἐῆηκεν.
613 1030 751 1065 Τρυφῶσι
766 1031 855 1057 τοίνυν
885 1031 910 1057 οἱ

117 1077 164 1103 τὸν
177 1078 223 1104 ἐπὶ
236 1077 324 1113 τούτῳ
346 1077 425 1112 λόγον
442 1077 646 1112 μεμαθηκότες.
677 1077 723 1104 Διὸ
740 1078 787 1104 καὶ
799 1078 813 1103 ὀ
845 1085 910 1112 προ-

118 1124 208 1159 φήτης
239 1123 472 1159 παρεζευγμένως
498 1124 548 1159 τὴν
575 1123 728 1158 ἐμφάνειαν
754 1123 838 1150 αὑτοῦ
861 1124 910 1158 τὴν

118 1170 188 1204 μετὰ
198 1169 298 1205 σαρκὸς
323 1170 426 1204 ὲναργῆ
441 1175 454 1194 ιῐ
466 1169 502 1196 ὼε
515 1169 547 1196 ἂν
561 1169 643 1196 αὐτοῦ
669 1169 796 1203 λέγοντος
809 1177 816 1185 ·
831 1168 910 1196 Ἰδοὺ

116 1213 175 1247 ἐγὼ
186 1214 315 1241 ἑκκλίνω
333 1214 378 1241 ἐπ’
416 1214 538 1246 αὐτοὺς,
556 1214 595 1246 ὡς
613 1214 748 1248 ποταμὸς
775 1214 909 1249 εἰρήνης,

117 1260 167 1287 καὶ
197 1260 238 1293 ὡς
250 1260 428 1295 χειμάῤῥους
442 1259 609 1289 ἐπικλύζων
625 1260 719 1292 δόξαν
735 1259 841 1293 ἐθνῶν,
856 1261 912 1287 πά-

118 1304 160 1331 λιν
175 1305 318 1333 κωταῦοα
351 1306 408 1339 τὴν
424 1305 484 1332 τῶν
497 1305 594 1333 ἐθνῶν
607 1305 702 1337 δόξαν
720 1306 865 1332 συνάπτων
876 1307 910 1341 τῇ

119 1352 300 1388 προλεχοείσῃ
322 1352 371 1388 νέᾳ
395 1352 490 1384 Σιὼν,
522 1353 569 1378 καὶ
585 1351 708 1386 ποταμῷ
734 1352 911 1387 παρεικάζων

116 1399 166 1432 τὴν
198 1398 343 1434 δεδομένην
360 1398 466 1430 τούτοις
499 1398 636 1432 εἰρήνην.
666 1398 720 1425 Καὶ
738 1398 855 1433 ἀλλαχοῦ
883 1398 911 1425 δέ

118 1451 211 1479 φησιν·
225 1453 234 1470 ι
244 1444 274 1471 'O
285 1444 404 1479 ποταμὸς
411 1444 456 1471 τοῦ
466 1444 533 1471 Θεοῦ
540 1443 687 1479 ἐπληρώθη
697 1443 810 1470 ὑδάτων.
823 1453 831 1469 ι
845 1444 909 1471 Καί·

122 1500 137 1515 ι-
150 1489 203 1516 Τοῦ
217 1489 338 1525 ποταμοῦ
362 1489 396 1516 τὰ
412 1491 562 1525 ὀρμὴματα
575 1490 753 1525 εὐφραίνουσι
768 1489 818 1525 τὴν
835 1490 912 1517 πόλιν

119 1535 166 1562 τοῦ
174 1535 270 1562 Θεοῦ.)
281 1536 336 1563 Καὶ
350 1536 441 1564 πάλιν·
460 1546 468 1561 ι
485 1536 539 1562 Καὶ
552 1536 597 1562 τὸν
611 1537 780 1572 χειμάρρουν
788 1537 837 1571 τῆς
846 1545 911 1572 τρυ-

118 1583 172 1617 φῆς
188 1591 235 1609 σου
245 1584 349 1615 ποτιεῖς
365 1582 473 1613 αὐτούς.
486 1591 494 1607 ι
513 1581 611 1613 Δόξαν
625 1581 653 1608 δὲ
667 1581 727 1608 τῶν
745 1582 842 1609 ἐθνῶν
849 1582 912 1614 τοὺς
925 1592 947 1621 C

117 1629 152 1661 ἐξ
160 1628 259 1656 αὐτῶν
268 1627 484 1659 πεπιστευκότας
496 1628 583 1660 καλεῖ,
594 1627 666 1654 κατὰ
677 1627 718 1660 τὸ,
729 1636 738 1652 ι
751 1627 804 1659 Οὓς
813 1627 841 1654 δὲ
853 1629 914 1656 ἐκά-

120 1675 209 1707 λεσεν,
226 1674 336 1706 τούτους
351 1675 399 1700 καὶ
415 1673 549 1705 ἐδόξασεν.
565 1683 574 1699 ι

925 924 947 952 Β

691 193 962 223 (ἸΟἈῨΜΕΝΤΛΗΙΙ
983 193 1023 223 ΙΝ
1045 193 1188 224 ISAIAM.

1144 134 1168 156 ν

999 250 1067 278 Sunt
1082 255 1183 282 tamen.
1199 251 1244 286 qui
1258 251 1330 279 istud
1345 252 1377 279 ad
1397 252 1452 280 duo
1473 255 1636 280 testamenta
1653 254 1753 281 retuli.»

962 298 1028 330 rint,
1053 303 1267 326 consentaneum
1291 307 1353 327 esse
1370 299 1511 333 arbitrati,
1531 304 1561 326 ut
1574 307 1635 334 qua:
1652 308 1751 326 murem

962 343 1093 378 populum
1112 342 1168 370 Deo
1182 343 1327 371 confertim
1348 345 1504 378 peperisset,
1522 345 1590 371 lacte
1612 345 1694 372 etiam
1718 344 1751 371 ﬂl'

962 388 1106 415 infantium
1129 388 1306 417 nutritionem
1329 389 1508 424 impleretur:
1527 389 1682 424 cujusmodi
1708 397 1753 416 r1-

962 434 1064 462 tionale
1089 435 1166 462 lactis
1183 443 1269 470 genus
1292 436 1327 463 ab
1342 441 1461 471 utroque
1479 439 1643 463 testamento
1663 435 1752 463 llum-

962 487 1022 506 rum
1047 487 1109 508 esse
1127 485 1278 508 constaret.
1309 481 1379 508 Sunt
1396 481 1470 508 enim
1495 481 1522 508 hi
1549 481 1637 509 fontes
1665 481 1752 516 ipsius

962 525 1074 559 gemini,
1088 525 1150 552 vino
1161 526 1221 560 ipso
1234 526 1455 561 praestantiores.
1471 526 1672 554 Consolationis
1686 534 1754 554 voce

962 574 1092 605 prmterea
1108 570 1168 598 ideo
1189 578 1257 598 usus
1272 575 1323 604 est,
1339 571 1411 606 quod
1429 571 1517 599 vicem
1541 572 1618 599 lac/is
1635 572 1753 599 habeant

962 616 1033 651 apud
1045 616 1260 651 imperl'ectiores
1276 617 1382 645 animas
1400 625 1542 646 sermones
1559 618 1753 645 consolatorii:

962 662 1068 690 solidus
1084 667 1176 689 autem
1199 663 1277 690 cibus
1295 663 1322 690 in
1340 663 1532 690 abstrusorum
1559 664 1752 699 mysteriorum

962 709 1069 736 ratione
1085 712 1234 744 spectetur,
1249 709 1297 744 qui
1322 709 1396 736 viros
1413 710 1492 737 decet
1513 709 1661 744 perfectos,
1683 717 1754 744 quos

961 756 1040 789 nihil,
1059 757 1130 792 quod
1150 757 1255 792 puerile
1272 757 1320 788 sit.
1331 761 1497 784 remoretur.
1516 756 1585 784 llinc
1600 761 1642 784 est
1657 756 1753 791 igitur,

962 802 1035 836 quod
1057 803 1169 835 addidit,
1186 807 1214 829 ut
1229 807 1368 838 postquam
1383 803 1524 835 suxeritis,
1540 802 1706 830 delectemini
1722 803 1754 828 ab

962 849 1076 876 introitu
1094 849 1186 884 glorile
1199 849 1256 884 ejus
1269 857 1279 881 ;
1297 850 1392 877 eodem
1409 850 1488 885 plane
1501 857 1595 881 sensu,
1614 856 1646 876 ac
1658 849 1680 876 si
1695 848 1755 876 sine

963 896 1058 929 ubere,
1073 901 1102 923 et
1116 904 1130 922 a
1147 896 1401 931 lacledepcllendOs
1416 904 1477 924 esse
1492 896 1639 931 signiﬁcet.
1655 895 1754 923 Gloria:

963 945 1094 976 pra-terea
1111 941 1224 969 nomine
1237 941 1382 969 Christum
1399 941 1491 976 ipsum
1509 940 1667 976 signiﬁcat:
1684 945 1713 967 ut
1729 944 1756 966 i-t

962 987 1058 1020 David,
1074 987 1120 1014 ubi
1143 986 1170 1014 in
1190 991 1266 1014 terra
1288 994 1384 1014 eorum
1411 987 1599 1014 habitaturam
1617 994 1679 1014 esse
1699 986 1756 1020 glo-

961 1033 1029 1059 riam
1047 1032 1150 1059 cecinit
1162 1031 1196 1058 “.
1215 1031 1292 1065 Quod
1311 1031 1409 1059 deinde
1423 1031 1553 1058 introitus
1570 1030 1706 1063 meminit,
1721 1029 1757 1055 ad

961 1078 1159 1106 incarnationis
1175 1077 1357 1106 oeconomiam
1375 1077 1436 1105 ideo
1452 1077 1556 1109 retulit,
1577 1076 1649 1111 quod
1670 1075 1755 1103 veluti

962 1132 1009 1159 per
1024 1131 1135 1151 carnem
1150 1123 1176 1150 in
1197 1123 1271 1150 hunc
1287 1123 1423 1150 mundum
1441 1122 1566 1150 intravit.
1582 1121 1757 1148 Delectanlnr

961 1177 1026 1204 ergo
1042 1169 1089 1204 qui
1106 1177 1262 1197 sermonem
1280 1168 1315 1195 de
1332 1168 1384 1196 hac
1409 1169 1467 1203 ipsa
1487 1176 1518 1196 re
1537 1167 1704 1195 didicerunt.
1724 1166 1757 1194 lC:

960 1215 1024 1243 hinc
1044 1215 1125 1250 igitur
1140 1214 1266 1242 eﬂ‘ectnm
1282 1218 1344 1244 est.
1360 1219 1390 1241 ut
1415 1214 1475 1249 ejus
1494 1214 1521 1241 in
1539 1221 1621 1241 carne
1641 1212 1757 1240 manife-

961 1261 1108 1288 stationem
1137 1260 1270 1295 propheta
1298 1259 1392 1287 statim
1412 1265 1534 1294 apertam
1562 1259 1675 1290 faceret,
1694 1262 1757 1285 tau-

961 1313 1042 1340 quam
1062 1306 1121 1340 ipso
1138 1306 1172 1332 ad
1189 1306 1262 1333 hunc
1280 1306 1392 1333 modum
1410 1306 1556 1341 loquente:
1572 1305 1639 1332 Erce
1652 1314 1699 1340 ego
1711 1306 1757 1333 de-

961 1351 1029 1378 rlino
1044 1351 1078 1377 ad
1095 1359 1150 1382 eos,
1168 1351 1246 1386 quasi
1261 1351 1358 1385 ﬂuvius
1374 1352 1459 1384 pacis,
1469 1355 1493 1378 et
1507 1351 1584 1386 quasi
1598 1356 1702 1378 torrens
1716 1351 1758 1377 in-

961 1396 1066 1424 undans
1085 1397 1199 1432 gloriam
1222 1397 1359 1432 gentium:
1381 1397 1479 1432 inquo
1500 1397 1614 1432 gloriam
1637 1397 1756 1431 gentium

962 1452 1025 1473 cum
1043 1444 1125 1472 Sione
1138 1445 1194 1478 illa,
1211 1452 1272 1479 qua}
1290 1451 1387 1472 recens
1399 1449 1462 1471 ante
1474 1445 1614 1470 nominata
1627 1447 1679 1475 est,
1691 1450 1758 1469 con-

959 1490 1069 1526 jungit,
1098 1495 1126 1519 et
1158 1499 1249 1526 pacem
1279 1498 1341 1526 quae
1366 1490 1427 1518 istis
1457 1489 1557 1517 tradita
1587 1493 1646 1521 est,
1676 1489 1757 1523 ﬂuvie

962 1538 1029 1565 facit
1045 1545 1100 1565 non
1120 1537 1294 1565 dissimilem.
1313 1536 1347 1564 Et
1372 1536 1472 1563 alicubi
1500 1536 1573 1563 enim
1600 1535 1730 1563 scribitur
1750 1555 1759 1564 .

967 1592 976 1609 ι
993 1582 1108 1611 Flumen
1126 1583 1174 1611 Dei
1196 1583 1331 1618 repletum
1351 1586 1394 1611 est
1414 1582 1495 1617 aquis
1507 1583 1541 1610 ⁸⁵.
1563 1591 1572 1608 ›
1593 1581 1646 1610 Et:
1669 1591 1678 1608 ι
1694 1581 1761 1609 Flu-

967 1629 1049 1656 minis
1073 1628 1192 1664 impetus
1221 1629 1341 1656 laztilicat
1363 1628 1500 1656 civitatem
1523 1627 1570 1655 Dei
1585 1628 1620 1655 “.
1638 1637 1647 1653 ι
1677 1627 1759 1663 755

967 1674 1106 1710 Itemque:
1127 1675 1180 1702 «De
1195 1679 1319 1702 torrente
1332 1674 1496 1702 deliciarum
1512 1675 1621 1710 potabis
1633 1681 1682 1702 eos
1694 1674 1728 1700 ⁵⁷.
1747 1683 1757 1700 ι

118 1721 248 1756 intelligit
268 1728 334 1749 vero
353 1728 403 1756 per
421 1722 535 1756 gloriam
555 1721 689 1756 gentium,
707 1728 755 1748 eos
770 1721 859 1755 ipsos,
888 1721 934 1756 qui
952 1722 985 1749 de
1002 1722 1118 1757 gentium
1141 1729 1256 1749 numero
1280 1721 1359 1749 ﬁdem
1383 1720 1501 1756 amplexi
1528 1725 1607 1754 sunt;
1625 1719 1705 1756 quale
1726 1719 1761 1747 il-

121 1767 164 1793 Ind
185 1770 237 1797 «st,
255 1765 329 1800 quod
350 1765 422 1800 apud
440 1764 613 1800 Apostolum,
645 1764 756 1792 eosdem
772 1765 854 1791 etiam
869 1766 1049 1799 glorilicasse,
1069 1774 1138 1800 quos
1153 1767 1269 1798 vocavit,
1284 1766 1435 1801 reperimus
1450 1765 1485 1793 ⁵³.

160 1812 333 1844 Ἐξέχλινεν
345 1812 374 1838 δὲ
388 1813 431 1845 εις
446 1812 482 1839 τὰ
505 1811 589 1844 ἔθνη,
607 1810 662 1837 τῶν
683 1811 712 1844 ἐξ
743 1811 854 1845 Ἰσραὴλ
871 1811 908 1847 μὴ

118 1858 272 1893 δεξαμένων
285 1858 377 1890 αὐτὸν,
391 1858 459 1893 πρὸς
472 1858 519 1889 οὓς
537 1855 604 1893 ἦλθε
620 1857 844 1893 προηγουμένως.
861 1858 910 1884 ΕΖ-

115 1905 196 1939 {vim
212 1905 239 1931 δὲ
253 1904 391 1940 βαθυτάτη
406 1904 496 1940 πολλῷ
513 1903 554 1937 τῷ
565 1904 691 1939 ῥεύματι
715 1904 765 1940 τὴν
794 1904 911 1938 Ἐκκλη-

120 1952 180 1977 σίαν
193 1950 375 1983 ἐπέκλυσεν,
395 1951 593 1986 πνευματικοῖς
613 1950 716 1985 νάμασι
733 1950 796 1982 τοὺς
809 1949 911 1985 ταύτης

119 1997 245 2032 ἐπάρδων
257 1996 343 2028 υἱούς.
366 1996 416 2023 Διὰ
431 1996 485 2032 γὰρ
499 1996 546 2023 τοῦ
565 1995 702 2032 σωτηρίου
720 1995 911 2031 κηρύγματος,

118 2044 176 2076 γὴν
194 2043 318 2078 είρήνην
326 2043 376 2078 τὴν
392 2043 460 2078 πρὸς
475 2042 520 2070 τὸν
532 2042 654 2078 Πατέρα,
667 2042 700 2069 δι’
717 2041 800 2068 αὐτοῦ
816 2051 912 2077 κεκερσ

118 2089 262 2121 ὂὰνκασιν,
275 2089 319 2115 ὃτε
333 2088 438 2120 τιθηνοί
449 2097 522 2120 τινες
537 2089 602 2120 τοὺς
616 2088 703 2123 αὐτῆς
715 2087 830 2122 νηπίους
845 2088 911 2114 ὑπο-

118 2135 294 2168 ϐαστάξουσι,
307 2135 462 2162 διδάσκαλοί
476 2143 549 2167 τινες
563 2134 741 2170 Ἐκκλησίας,
756 2135 773 2169 ἦ
788 2133 910 2168 ἄγγελοι,

120 2181 191 2208 κατὰ
207 2181 247 2212 τὸ,
265 2190 274 2206 ι
293 2181 339 2217 Μὴ
353 2181 580 2216 καταφρονήσητε
595 2179 655 2212 ἑνὸς
664 2179 719 2206 τῶν
730 2180 836 2215 μικρῶν
850 2179 912 2206 τού-

119 2236 183 2254 των.
201 2227 234 2253 Ol
247 2226 303 2262 γὰρ
315 2226 427 2261 ἄγγελοι
441 2226 530 2253 αὐτῶν
550 2226 594 2252 διὰ
619 2226 720 2257 παντὸς
739 2225 866 2260 βλέπουσι
879 2225 910 2252 τδ

119 2273 265 2306 πρόσωπον
279 2272 325 2299 τοῦ
340 2273 461 2308 Πατέρος
478 2281 529 2307 μου
554 2271 602 2299 τοῦ
617 2272 646 2298 ἐν
664 2273 720 2303 τοῖς
742 2271 878 2318 ουρανοϊς.
896 2280 906 2296 ι
927 2290 947 2318 D

118 2318 151 2344 Οἱ
162 2318 211 2352 μὲν
225 2316 271 2343 οὖν
285 2316 393 2348 τέλειοι,
409 2317 471 2348 τοὺς
489 2315 683 2351 εἰσαγομένους
700 2315 745 2342 ἐπ’
760 2313 847 2349 ὤμων
861 2314 909 2341 καὶ

121 2363 263 2398 γονάτων,
278 2363 356 2399 δίκην
368 2362 542 2398 τιοηνοῦνται
558 2362 695 2396 μητέρος.
727 2360 797 2396 Ἐγὼ
810 2361 849 2392 δὲ,
873 2361 910 2392 ὡς

120 2410 229 2437 πάντων
246 2409 350 2445 Πατὴρ,
367 2408 570 2443 παρακαλέσω
583 2408 647 2440 τοὺς
672 2407 728 2434 τῶν
751 2407 911 2434 ὑποδεεστέ-

121 2462 174 2488 ρων
191 2453 433 2487 παρακλήτορας.
446 2452 492 2479 Διό
508 2461 590 2488 φησιν
607 2452 622 2478 ό
641 2452 801 2483 Ἀπόστολος
812 2460 819 2466 ·
833 2461 842 2477 ι
858 2452 911 2478 Εὑ-

119 2498 233 2534 λογητὸς
250 2499 264 2524 ὁ
284 2498 360 2531 Θεὸς,
388 2498 402 2524 ὁ
428 2497 524 2534 Πατὴρ
539 2497 594 2524 τῶν
608 2496 769 2532 οἰκτιρμῶν,
783 2497 829 2523 καὶ
844 2496 912 2527 Θεὸς

119 2543 210 2578 πάσης
227 2543 440 2578 παρακλήσεως,
457 2544 471 2569 ὀ
486 2542 655 2578 παρακαλῶν
680 2543 755 2577 ἡμᾶς
777 2542 824 2568 ἐπὶ
837 2542 911 2576 πάσῃ

119 2590 152 2623 τῇ
167 2588 255 2624 θλίψει
267 2588 359 2624 ἡμῶν,
376 2588 444 2623 πρὸς
460 2587 491 2615 τὺ
506 2588 639 2615 δύνασθαι
654 2588 729 2622 ἡμᾶς
741 2586 911 2622 παρακαλεῖν

119 2634 182 2665 τοὺς
197 2636 226 2661 ὲν
241 2634 316 2671 πάσῃ
326 2633 424 2668 θλίψει,
435 2633 480 2661 διὰ
489 2633 539 2668 τῆς
551 2633 762 2669 παρακλήσεως,
776 2631 810 2668 ἦς
825 2640 911 2666 παρα-

121 2681 278 2715 καλούμεθα
291 2680 370 2707 αὐτοὶ
385 2681 438 2707 ὑπὸ
454 2680 500 2706 τοῦ
516 2680 594 2707 Θεοῦ.
620 2689 628 2706 ι
647 2676 697 2705 Ὧν
713 2679 785 2706 οὕτω
804 2678 912 2713 γινομέ-

121 2736 134 2754 ν
152 2735 183 2757 ιν,
198 2727 322 2761 ὄψεσθε,
335 2727 412 2762 φησὶ,
427 2726 476 2761 τὴν
490 2726 653 2761 ἐπουράνιον
673 2725 877 2759 Ἰερουσαλὴμ,
893 2725 909 2759 ἥ

997 1811 1145 1840 Declinavit
1159 1820 1223 1852 vero
1238 1812 1273 1838 ad
1289 1817 1387 1843 gentes,
1397 1820 1458 1839 cum
1487 1812 1521 1840 ab
1536 1811 1678 1843 lsraelitis,
1692 1818 1763 1852 quo-

963 1865 1023 1884 rum
1037 1858 1148 1885 nomine
1160 1849 1298 1892 prmcipuc
1310 1861 1433 1887 venerat.
1454 1860 1590 1891 exceptus
1607 1863 1661 1883 non
1674 1849 1759 1883 esset.

961 1901 1079 1937 Copioso
1097 1901 1195 1930 deinde
1209 1903 1321 1937 ﬂumine
1339 1902 1569 1936 tranquillissima
1597 1909 1651 1935 pax
1665 1900 1760 1928 Eccle-

961 1949 1030 1976 siam
1044 1948 1196 1982 inundavit,
1214 1955 1277 1976 cum
1297 1949 1490 1983 spiritualibus
1503 1947 1583 1975 undis
1599 1947 1680 1982 hujus
1690 1946 1760 1974 ﬁlios

963 1994 1099 2028 irrigarct.
1114 1992 1166 2022 Per
1183 1994 1335 2021 salutarem
1355 1993 1429 2020 enim
1444 1992 1692 2028 promulgationem
1711 2000 1760 2026 ρα-

965 2046 1020 2066 cem
1037 2039 1089 2066 sibi
1108 2046 1170 2066 cum
1191 2038 1272 2066 Patre
1292 2038 1353 2074 ejus
1376 2045 1459 2073 opera
1483 2042 1669 2073 pepererunt;
1684 2045 1758 2069 cum,

965 2085 1049 2112 veluti
1068 2085 1176 2112 nutritii
1198 2085 1321 2120 quidam,
1341 2084 1462 2112 infantes
1489 2084 1577 2119 ipsius
1605 2088 1760 2118 gesturum,

964 2131 1111 2159 doctorum
1124 2132 1212 2158 vicem
1227 2131 1254 2158 in
1277 2130 1412 2162 Ecclesia,
1426 2129 1468 2157 vel
1487 2129 1648 2164 angelorum
1663 2136 1761 2164 gercno

964 2182 1016 2210 tes,
1028 2177 1107 2213 juxta
1123 2176 1191 2204 illud
1206 2186 1214 2204 :
1235 2186 1244 2202 ι
1263 2176 1301 2204 Ne
1313 2175 1538 2211 contempseritis
1551 2182 1634 2202 unum
1651 2183 1683 2202 ex
1696 2182 1759 2209 par.

963 2223 1035 2250 vulis
1061 2223 1132 2250 istis.
1155 2222 1252 2258 Angeli
1285 2223 1359 2250 enim
1387 2222 1508 2256 ipsorum
1536 2228 1646 2255 semper
1666 2221 1761 2247 vident

964 2269 1062 2296 faciem
1079 2269 1168 2296 Patris
1184 2269 1250 2302 mei,
1265 2269 1310 2304 qui
1333 2268 1360 2296 in
1377 2267 1455 2296 caelis
1471 2271 1514 2295 est
1526 2267 1562 2294 ".
1583 2276 1592 2292 ι
1611 2266 1663 2300 Qui
1679 2267 1762 2302 igitur

965 2313 1076 2348 perfecti
1093 2318 1167 2344 sunt,
1183 2321 1242 2345 eos,
1268 2313 1314 2348 qui
1336 2313 1492 2344 initiantur,
1519 2311 1637 2339 humeris
1663 2317 1687 2338 et
1717 2320 1761 2346 ge-

964 2360 1049 2386 nubus
1063 2359 1131 2394 ipsis
1145 2359 1326 2391 sustinentes,
1341 2359 1425 2385 veluti
1446 2362 1546 2385 matres
1565 2357 1760 2385 nutricantnr.

963 2405 1019 2441 Ego
1032 2413 1097 2433 vero
1113 2409 1243 2440 tanquam
1257 2411 1357 2440 parens
1372 2404 1507 2437 omnium,
1521 2412 1580 2436 eos,
1593 2403 1640 2438 qui
1653 2403 1760 2430 tenuio-

964 2460 1008 2479 res
1034 2452 1246 2486 egentiorcsque
1273 2451 1467 2482 consolantur,
1492 2451 1551 2486 ipse
1572 2450 1761 2477 consolaturus

964 2506 1033 2524 sum.
1052 2497 1113 2530 Quo
1134 2497 1175 2530 iit,
1192 2501 1222 2524 ut
1242 2497 1315 2524 hunc
1336 2496 1364 2525 in
1389 2496 1501 2524 modum
1520 2495 1624 2523 scribat
1643 2495 1759 2531 Aposto-

964 2544 1007 2571 lus
1022 2553 1029 2570 ι
1047 2553 1057 2569 ι
1078 2543 1242 2572 Benedictus
1269 2543 1353 2574 Deus.
1382 2543 1464 2571 Pater
1493 2542 1761 2575 misericordiarum,

964 2594 991 2615 et
1008 2588 1079 2616 Deus
1093 2588 1179 2616 totius
1193 2589 1406 2618 consolationis.
1420 2588 1468 2623 qui
1484 2588 1646 2616 consolatur
1666 2595 1716 2616 nos
1730 2588 1763 2616 in

964 2633 1038 2660 omni
1055 2633 1231 2661 tribulatione
1247 2638 1352 2666 nostra,
1370 2639 1398 2661 ut
1425 2634 1567 2668 possimus
1584 2637 1612 2661 et
1627 2633 1680 2668 ipsi
1693 2641 1761 2661 con-

965 2680 1046 2706 solari
1063 2687 1122 2711 eos,
1138 2680 1184 2714 qui
1201 2680 1227 2706 in
1252 2680 1325 2707 omni
1349 2687 1481 2715 pressura
1498 2684 1581 2712 sunt;
1597 2687 1646 2715 per
1660 2687 1761 2707 cnnso-

964 2725 1103 2756 lationem,
1120 2733 1173 2760 qua
1189 2725 1365 2753 consolamur
1376 2725 1426 2759 ipsi
1451 2732 1465 2751 a
1485 2725 1539 2752 Deo
1559 2724 1593 2752 “.
1610 2733 1620 2750 ι
1643 2723 1710 2757 Quae
1731 2724 1755 2751 si

155 2786 179 2801 ³⁸
191 2785 264 2813 Psal.
279 2794 387 2816 uxmv,
406 2786 448 2812 li).
487 2786 510 2801 "
522 2785 596 2813 Psal.
609 2793 681 2819 thv,
696 2785 740 2814 10.
778 2785 801 2800 ⁸⁸
818 2784 890 2812 Psal.

964 2806 970 2813 .
988 2785 1013 2812 23.
1051 2785 1074 2800 ⁵⁷
1087 2784 1160 2811 l’sal.
1177 2792 1259 2817 xxxv,
1276 2783 1301 2811 9.
1339 2783 1362 2799 "
1379 2784 1458 2811 llom.
1472 2789 1530 2815 VIII,
1548 2782 1594 2810 50.
1626 2783 1648 2799 "
1657 2781 1753 2810 Matth.

123 2822 270 2852 xxln,10.
307 2821 330 2836 ⁶⁰
348 2821 367 2848 ΙΙ
381 2821 444 2848 Cor.
459 2829 481 2851 ι,
504 2821 530 2852 5,
547 2821 573 2847 4.

795 2866 910 2894 VARIAE
932 2866 1132 2894 LECTIUNES.

165 2918 176 2937 ι’
191 2922 232 2947 γρ,
253 2913 407 2939 ἁιίτίλουῖὶίιν.
454 2918 465 2937 τι
482 2914 555 2941 ἴσμὶ,
572 2914 653 2939 ποιεῖ.
