1988 3079
140 166 212 199 2709

712 161 980 192 COMMENTARII
1004 161 1045 191 IN
1066 128 1208 192 ISAIAiiI.

1703 160 1781 193 2710’

140 224 196 260 Τὴν
209 222 297 259 ἀληθῆ
311 221 364 258 γὰρ
380 220 482 252 πάντες
503 218 711 255 μεταδιώκομεν
737 217 934 253 Ἰερουσαλὴμ

988 224 1053 252 pace
1072 217 1181 246 dimissi
1203 220 1285 252 sunt;
1308 225 1370 245 cum
1396 217 1467 253 ipsis
1496 217 1579 246 etiam
1603 217 1708 247 reddita
1729 223 1772 246 est

140 272 281 305 φέροντες
302 269 366 300 τοὺς
388 266 499 302 ἀληθεῖς
526 265 670 297 Ἰουδαίους
692 264 739 291 ἐπ’
763 263 860 298 ὤμων,
880 264 930 290 καὶ

141 316 285 351 γονάτων,
302 315 347 341 ὅτε
370 313 446 348 μετὰ
469 311 570 346 χεῖρας
592 311 692 346 ἔχομεν
703 311 766 342 τοὺς
780 309 932 345 μακαρίους

141 361 296 397 προφήτας,
308 359 355 386 ἐπὶ
365 359 411 386 τὸν
425 358 491 385 Θεὸν
508 357 664 389 ἐλπίζοντες
686 356 812 392 Ἀϐραάμ
824 364 831 372 ·
849 355 890 383 ἔτι
903 356 932 383 δὲ

141 407 190 433 καὶ
206 406 260 432 τῶν
278 404 437 432 ἀποστόλων
465 402 534 438 μετὰ
560 401 608 428 τοῦ
633 401 761 437 Σωτῆρος
788 401 822 427 τὰ
842 400 934 436 βιϐλία

140 451 207 485 ταῖς
225 451 312 486 χερσί
338 449 542 486 περιφέρομεν·
558 448 605 475 καὶ
630 447 676 474 ἐπὶ
704 447 754 482 τῆς
777 446 893 473 ἐνταῦθα
903 445 933 472 δὲ

147 497 341 532 Ἰερουσαλὴμ
353 495 457 530 ἀληθὴς
467 495 482 522 ὁ
494 494 584 529 λόγος,
598 494 638 525 είς
649 493 683 529 ἢν
695 492 840 519 σπεύδουσι
856 490 934 527 βασι-

140 542 197 574 λεῖς
212 543 259 569 καὶ
275 541 339 577 ἔθνη
351 540 396 567 διὰ
409 540 455 567 τὸν
470 539 595 574 Σωτῆρα.

984 264 1118 299 Supellex,
1135 271 1198 291 cum
1224 263 1355 299 templum
1380 263 1508 299 denique,
1533 263 1648 299 ipsaque
1671 264 1769 291 civitas

986 310 1139 338 instaurata
1155 314 1221 337 sunt
1245 310 1288 338 “z
1316 309 1388 345 quod
1416 310 1500 337 etiam
1529 313 1592 345 post
1619 309 1771 337 Salvatoris

986 354 1133 382 adventum
1149 354 1301 390 contigisse
1316 355 1435 382 videtur.
1458 355 1498 382 Ad
1514 363 1606 383 veram
1619 356 1692 383 cnim
1714 363 1774 385 om-

986 407 1035 428 nes
1050 399 1199 428 Jerusalem
1216 401 1364 432 terdimus,
1381 409 1461 429 veros
1481 400 1589 429 Iudaeos
1611 401 1640 428 in
1659 401 1774 428 humeris

986 451 1012 474 et
1026 447 1146 482 gentibus
1162 452 1308 482 portantes,
1331 455 1393 475 cum
1414 447 1508 475 beatos
1524 447 1550 474 in
1569 448 1688 474 manibus
1709 455 1775 482 pro-

986 493 1086 528 phetas
1099 497 1249 529 gestamus,
1266 493 1314 529 qui
1331 493 1357 520 in
1384 493 1468 521 Deum
1483 493 1632 521 Abrahami
1651 501 1715 528 spes
1729 501 1776 520 no-

988 541 1061 565 stras
1076 538 1256 566 collocamus.
1272 538 1467 573 Apostolorum
1481 546 1588 571 rursus,
1610 537 1776 566 Salvatoris-

143 598 196 626 que
211 589 298 617 libros
321 587 446 615 itionibus
464 587 700 614 circuntfcrintus.
716 586 765 613 Est
781 590 914 621 praaterca
927 585 962 612 de
978 584 1141 619 Jcrusalem,
1158 593 1219 621 qua:
1233 585 1278 613 hic
1291 585 1416 619 habetur,
1436 586 1548 614 minime
1563 586 1681 615 mendax
1713 594 1777 614 ora-

142 638 192 670 tio,
212 637 246 664 ad
262 643 343 671 quam
358 640 385 663 et
397 642 475 669 reges
490 634 575 669 ipsos,
595 639 621 661 et
644 638 738 668 gentes
760 634 841 661 etiam
864 636 976 668 propter
991 631 1160 660 Salvatorem
1173 639 1321 668 properare
1336 636 1439 661 certum
1458 637 1510 661 est.

179 683 277 710 ιε’-κδ’.
294 681 367 708 ἰὃοὺ
382 681 437 716 γὰρ
451 681 559 714 Κύριος
574 679 614 712 ὡς
639 679 699 713 πῦρ
724 678 802 713 ἣξει,
829 678 879 705 καί
894 678 934 710 ὡς

142 726 276 761 καταιγὶς
302 726 338 754 τὰ
367 725 484 759 ἅρματα
507 723 601 751 αὐτοῦ
617 723 784 750 ἀποδοῦναι
805 723 839 749 ἐν
853 721 935 757 θυμῷ

142 774 311 807 ἐκδίκησιν,
327 772 377 800 καὶ
396 769 666 805 ἀποσκορακίσμὸν
684 769 778 797 αὑτοῦ
792 770 828 796 ἐν
844 768 935 804 φλογὶ

142 820 248 854 πυρός.
268 819 316 845 Ἐν
329 818 384 853 γὰρ
398 816 437 850 τῷ
448 817 519 851 πυρὶ
532 816 643 850 Κυρίου
659 815 831 850 κριθήσεται
850 813 935 842 πᾶσιι

143 866 162 900 ἡ
180 865 230 900 γῆ,
255 864 303 891 καί
321 864 356 890 ἐν
377 862 415 897 τῇ
437 863 572 897 ,ῥομφαίᾳ
598 861 702 894 αὑτοῦ,
730 860 815 889 πᾶσα
843 860 933 894 σάρξ.

142 892 255 939 ἠοίῑίίοι
274 892 450 944 τραυματίαι
464 892 585 935 dir-ortis!
600 907 659 935 ὑπὸ
681 892 805 941 Κυρίου,
823 892 936 941 ἁγνιζό-
952 892 972 919 Β

140 966 237 993 μενοι,
252 957 301 983 καὶ
312 955 535 989 καθαριζόμενοι
551 955 595 986 εἰς
613 953 686 986 τοὺς
697 952 827 986 κήπους,
843 952 892 978 καὶ
902 952 937 978 ἐν

143 1003 205 1036 τοῖς
216 1003 375 1037 προθύροις
385 1001 528 1034 ἔσθοντες
538 1000 627 1034 κρέας
641 999 736 1032 ὕειον,
752 999 801 1026 καί
816 1000 851 1025 τὰ
864 998 936 1031 βδε-

142 1050 289 1084 αιύγματα,
306 1048 356 1074 καὶ
370 1047 425 1074 τὸν
437 1047 510 1082 μῦν,
526 1046 576 1072 ἐπὶ
586 1047 619 1072 τὸ
631 1046 704 1072 αὐτὸ
719 1044 934 1078 ἀναλωθήσον-

143 1103 201 1127 ται,
214 1092 280 1121 εἷπε
295 1094 414 1127 Κύριος.
433 1091 519 1126 Κάγὼ
542 1091 579 1118 τὰ
594 1091 666 1126 ἔργα
688 1089 799 1123 αὐτῶν,
817 1089 868 1117 καὶ
882 1091 937 1117 τὸν

142 1139 292 1175 λογισμὸν
309 1138 410 1166 αὐτῶν
419 1138 592 1172 ἐπίσταμαι.
611 1145 639 1164 κ.
654 1145 681 1164 τ.
696 1136 722 1164 λ.

178 1185 234 1217 Τὰς
249 1185 304 1212 τῶν
318 1184 521 1211 πιστευσάντων
535 1183 703 1218 ἐπαγγελίας
721 1181 817 1216 εἰπὼν,
834 1182 882 1209 καὶ
897 1182 935 1215 ὡς

143 1231 288 1266 ἀπειλήσει
305 1231 362 1262 τοῖς
379 1229 546 1264 ἀπειθήσασι
571 1229 622 1264 τὴν
644 1228 770 1264 ἀπειλὴν,
796 1228 936 1254 ἐκτίθεται

145 1277 194 1304 νῦν
207 1277 256 1312 τὴν
282 1276 386 1309 ἔνδοξον
410 1275 492 1303 αὑτοῦ
521 1274 675 1310 παρουσίαν
685 1295 692 1307 ,
709 1273 797 1309 δηλῶν
811 1275 857 1301 ὅτε
869 1273 937 1308 ἥξει

148 1322 219 1358 μετὰ
231 1323 281 1358 τῆς
293 1322 372 1356 δόξης
390 1321 438 1348 τοῦ
454 1321 589 1356 Πατέρος,
609 1321 657 1348 καὶ
673 1321 727 1347 τῶν
740 1320 866 1354 ἀγγέλων
889 1320 938 1346 αὑ-

144 1368 202 1400 τοῦ,
217 1369 308 1403 κρῖναι
323 1367 427 1399 ζῶντας
441 1367 488 1394 καὶ
504 1366 628 1402 νεκρούς.
645 1366 681 1392 Τὸ
708 1366 736 1392 δὲ
761 1366 801 1399 ὠς
814 1365 887 1400 πῦρ,
902 1366 937 1392 ἐν

143 1414 215 1448 πυρὶ
230 1414 403 1450 ἑρμήνευσαν
414 1413 438 1440 oi
455 1412 556 1440 λοιποί.
574 1413 704 1447 Ἀρμιιτα
715 1411 744 1438 δὲ
761 1412 858 1446 λέγων,
872 1412 937 1444 τοὺς

143 1459 287 1494 ἀγγέλους,
305 1460 352 1486 καὶ
366 1458 417 1490 τὰς
432 1459 497 1495 περὶ
511 1458 593 1486 αὑτὸν
609 1458 739 1493 δυνάμεις
758 1458 850 1493 δηλοῖ,
865 1458 937 1486 κατὰ

144 1505 175 1532 τὸ
189 1506 216 1530 ὲν
230 1504 370 1539 Ψαλμοῖς·
389 1513 398 1529 ι
417 1503 454 1530 Τὸ
467 1504 544 1538 ἆρμα
563 1503 611 1529 τοῦ
629 1503 696 1530 Θεοῦ
721 1503 935 1538 μυριοπλάσιον,

1023 676 1107 705 Vens.
1124 677 1221 705 15-24.
1241 677 1307 705 Ecce
1318 678 1387 705 enim
1406 678 1545 711 Dominus,
1561 680 1638 714 quasi
1655 679 1723 715 ignis
1735 688 1776 708 ce-

986 723 1052 754 niet,
1065 722 1149 758 758
1160 727 1185 749 et
1201 723 1279 758 quasi
1295 727 1434 757 tempestas
1445 732 1539 751 currus
1555 724 1622 759 ejus,
1635 730 1664 752 ut
1683 725 1777 752 reddat

986 769 1014 796 in
1025 769 1114 804 furore
1127 769 1266 802 ultionem,
1279 774 1303 797 et
1316 770 1521 803 inerepalionem
1532 778 1610 798 suam
1628 771 1655 798 in
1666 772 1777 806 ﬂamma

987 813 1066 847 ignis.
1085 813 1117 840 In
1133 814 1190 849 igne
1204 814 1273 841 enim
1285 814 1395 841 Domini
1406 814 1573 849 judicabitur
1586 816 1672 843 omnis
1694 821 1776 848 terra,

986 865 1012 888 et
1025 861 1052 887 in
1066 860 1159 896 gladio
1178 860 1235 895 ejus
1255 860 1331 888 cadet
1348 862 1471 888 universa
1496 869 1570 889 caro.
1588 861 1670 889 Multi
1689 863 1777 889 vulne-

987 907 1040 933 rati
1060 911 1138 933 erunt
1157 906 1183 932 in
1200 906 1323 934 Domino.
1344 907 1397 940 Qui
1413 907 1628 942 sanctiﬁcantur,
1645 913 1670 935 et
1684 909 1779 942 puriﬁ-

987 959 1084 980 cantur
1103 953 1130 980 in
1143 954 1243 986 hortis,
1264 959 1289 981 et
1310 955 1336 980 in
1358 954 1505 986 timinibus,
1527 954 1690 982 comedentes
1717 963 1778 982 car-

988 1008 1045 1027 nem
1067 1001 1217 1034 porcinam.
1235 1005 1260 1028 et
1280 1001 1502 1034 abominationes,
1519 1005 1544 1028 et
1560 1009 1673 1034 murem,
1698 1002 1778 1029 sintut

987 1051 1185 1079 consumentur,
1207 1047 1271 1073 dicit
1291 1046 1431 1073 Dominus.
1449 1046 1483 1073 Et
1505 1054 1552 1082 ego
1579 1055 1660 1082 opera
1675 1055 1777 1079 eorum,

986 1096 1011 1118 et
1029 1091 1203 1126 cogitationes
1220 1100 1312 1119 eorum
1334 1093 1405 1126 novi,
1424 1096 1477 1120 etc.

1023 1181 1173 1217 Postquam
1202 1190 1297 1210 eorum
1324 1182 1536 1218 promissiones,
1565 1184 1612 1218 qui
1644 1184 1779 1213 credituri

987 1232 1090 1260 essent,
1116 1233 1143 1255 et
1157 1235 1200 1260 ea,
1216 1235 1277 1263 qum
1299 1235 1328 1255 se
1346 1228 1535 1263 pertinacibus
1553 1229 1720 1257 minaturum
1736 1229 1780 1257 di-

989 1273 1040 1306 xit,
1064 1274 1216 1305 enarravit,
1232 1273 1344 1309 exponit
1357 1273 1413 1308 jam
1430 1274 1580 1309 gloriosrun
1601 1275 1661 1309 ejus
1677 1275 1780 1303 adven-

987 1321 1057 1351 tum,
1084 1319 1278 1347 demonstrans
1302 1326 1358 1355 quo
1381 1324 1506 1354 tempore
1530 1320 1619 1347 Patris
1637 1320 1736 1355 gloria,
1754 1325 1781 1348 et

987 1367 1093 1402 angelis
1113 1366 1174 1401 ejus
1199 1367 1361 1400 comitatus,
1386 1367 1464 1395 vivos
1486 1372 1512 1395 et
1537 1373 1659 1395 nortuos
1671 1368 1780 1403 judica-

987 1416 1044 1439 tum
1070 1416 1196 1440 venturus
1207 1413 1243 1440 sit
1266 1413 1300 1440 ⁸³,
1316 1411 1394 1445 Quod
1409 1416 1501 1439 autem
1522 1412 1590 1440 sicut
1604 1413 1672 1448 ignis
1698 1413 1782 1441 habe-

988 1465 1068 1489 mus,
1085 1459 1113 1485 in
1128 1458 1188 1494 igne
1215 1458 1307 1486 caeleri
1337 1458 1468 1486 dixerunt
1498 1459 1674 1494 interpretes.
1700 1459 1782 1497 759

988 1502 1125 1531 Curruum
1148 1504 1248 1532 deinde
1262 1504 1383 1537 nomine,
1410 1504 1535 1540 angelos,
1552 1509 1589 1539 ct,
1614 1513 1674 1540 quae
1691 1505 1781 1541 ipsum

144 1549 262 1584 χιλιάδες
278 1548 476 1583 εὐθηνούντων.
496 1557 505 1574 ι
527 1548 574 1581 Ὠς
594 1548 728 1582 καταιγὶς
744 1548 773 1574 δὲ
793 1548 857 1582 ἥξει
872 1548 934 1581 τοῖς

988 1549 1124 1582 ambiunt,
1152 1553 1313 1592 poteslales.
1336 1549 1492 1577 intellexit:
1525 1550 1607 1586 quale
1632 1550 1700 1578 illud
1728 1555 1782 1583 est,

144 1594 283 1629 nympha;
297 1593 392 1627 ἀξίοις.
416 1594 446 1620 ’0
459 1593 487 1619 δὲ
503 1593 769 1628 ἀποσκορακισμύς
792 1594 867 1628 δηλοῖ
890 1593 937 1628 τὴν

144 1640 247 1666 τούτων
259 1639 406 1674 ἁποὸολὴν,
424 1639 560 1675 ἐροῦντος·
573 1648 582 1664 ι
594 1639 748 1674 Πορεύεσθε
768 1640 816 1666 ἀπ’
827 1639 894 1675 ἐμοῦ
911 1639 937 1666 οί

145 1685 331 1721 κατηραμένοι
341 1686 382 1716 είς
391 1684 422 1711 τὸ
428 1685 483 1720 πῦρ
493 1684 523 1711 τὸ
534 1683 653 1711 αἰώνιον·
667 1693 676 1710 ι
688 1685 737 1718 ἡδὲ
740 1685 873 1719 ῥομφαία
885 1685 935 1719 τὴν

145 1731 282 1766 τιμωρίαν
298 1731 436 1767 σημαίνει,
455 1730 579 1766 συνήθως
602 1731 660 1764 ἅμα
673 1731 721 1757 καὶ
746 1730 869 1766 φοϐερῶς
881 1732 937 1762 τοῖς

145 1776 476 1812 ἁκροωμένοις.Τοιοῦτον
490 1776 520 1803 τὺ
532 1777 721 1803 ἀποστολικόψ
732 1787 740 1803 ι
752 1777 832 1804 Κατὰ
845 1777 936 1812 δὲ’τὴν

147 1823 320 1859 σκληρότητά
337 1831 384 1850 σου
400 1822 446 1849 καὶ
458 1823 665 1858 ἀμεταμέλητον
677 1823 789 1858 καρδίαν
804 1823 936 1859 θησαυρι-

146 1868 203 1900 Cet;
210 1858 317 1903 σεαυτῷ
324 1858 422 1904 ’ὁρ-(ἡν,
433 1877 442 1894 I
460 1869 508 1895 καὶ
518 1868 554 1895 τὰ
567 1869 613 1894 ἐπὶ
629 1867 745 1900 τούτοις.
754 1858 934 1905 Ἐπιφέρειδὲ

146 1916 216 1942 τ’σιν
234 1914 399 1950 ἡτοίμασται
426 1914 526 1949 μᾶλλον
552 1914 585 1941 τὸ
605 1913 676 1948 πῦρ,
703 1915 751 1941 καὶ
771 1915 795 1941 εί
817 1915 867 1950 μὲν
883 1916 936 1951 πρὸ

146 1962 196 1995 τῆς
219 1960 388 1995 ἐπιδημίας,
415 1961 472 1992 τοῖς
499 1960 536 1995 μὴ
554 1960 625 1987 κατὰ
649 1961 731 1996 νόμον
747 1961 936 1996 ἀγνιζομὲνοις

147 2007 214 2040 φησι
232 2006 322 2041 σποδῷ
348 2014 378 2033 τε
410 2006 563 2041 δαμάλεως,
579 2006 627 2034 καὶ
648 2006 765 2039 θυσίαις,
784 2007 808 2033 εί
821 2008 849 2034 δὲ
867 2007 936 2041 μετὰ

146 2052 259 2085 ταύτην,
287 2053 344 2082 τοῖς
372 2052 433 2077 ἀντὶ
460 2051 508 2078 τοῦ
535 2051 608 2078 θείου
634 2051 837 2087 βαπτίσματος,
858 2052 935 2080 ὕδατι

147 2097 228 2130 mino
243 2097 331 2132 ὑψιλῷ
346 2102 369 2130 ι,
388 2097 465 2132 ἧκα).
491 2098 691 2133 μεμαγευμένῳ
715 2098 934 2134 καθαιρομένοις,

147 2143 177 2169 ὲν
192 2143 305 2178 δρυμοῖς
325 2152 354 2169 τε
376 2143 424 2169 καὶ
440 2143 552 2170 ἄλσεσιν
576 2144 639 2170 ἔνθα
662 2144 709 2170 καὶ
734 2144 783 2175 τὰς
808 2144 935 2178 λατρείας

148 2189 328 2224 προσέφερον.
344 2189 555 2225 Περιηγνίζοντο
573 2189 627 2225 γὰρ
644 2190 716 2224 πυρί
727 2198 755 2216 τε
771 2190 819 2217 καὶ
837 2190 933 2222 ὕδατι,

988 1595 1060 1628 quod
1075 1595 1146 1630 apud
1163 1594 1282 1623 Psaltem
1305 1595 1332 1622 in
1350 1595 1408 1623 haec
1428 1595 1510 1623 verba
1529 1596 1648 1632 legimus
1663 1605 1670 1624 :
1688 1606 1697 1623 ι
1713 1597 1783 1624 Cur-

987 1648 1035 1667 rus
1055 1640 1099 1667 Dei
1117 1641 1212 1668 dcccm
1230 1641 1353 1669 millibus
1381 1641 1537 1676 multiplex,
1565 1642 1651 1669 millia
1678 1643 1782 1671 exube-

988 1686 1108 1712 rantium
1126 1685 1159 1711 "°.
1181 1694 1190 1710 ι
1223 1685 1370 1713 Venturum
1401 1690 1546 1721 przeterea,
1574 1688 1652 1722 quasi
1684 1693 1783 1722 tempe-

987 1737 1094 1766 statem,
1107 1732 1220 1767 adjicit;
1240 1737 1270 1760 ιιι
1285 1741 1344 1765 eos,
1360 1733 1407 1768 qui
1423 1733 1501 1768 digni
1524 1737 1600 1767 sunt,
1621 1734 1781 1762 ulciscatur.

986 1777 1064 1811 Quod
1085 1785 1193 1805 rursum
1215 1778 1402 1812 increputionis
1420 1778 1504 1805 verbo
1525 1786 1593 1806 usus
1606 1783 1665 1812 est,
1685 1786 1787 1806 eorum-

987 1829 1002 1849 a
1024 1830 1053 1850 se
1069 1823 1246 1857 rejectionem
1273 1823 1450 1859 significavit,
1469 1823 1516 1858 qui
1538 1831 1553 1850 a
1574 1831 1603 1851 se
1628 1831 1676 1851 eos
1692 1823 1782 1851 disce-

986 1867 1051 1894 dere
1067 1868 1112 1902 qni
1128 1867 1297 1902 sempiterno
1312 1867 1367 1902 igni
1380 1867 1472 1894 devoti
1489 1873 1581 1895 essent
1595 1868 1616 1884 ⁷¹
1629 1888 1637 1900 ,
1650 1867 1781 1902 iussurus

987 1913 1087 1941 fuerat.
1106 1913 1249 1949 Signiﬁcat
1265 1921 1346 1949 porro
1362 1914 1493 1941 ultionem
1510 1913 1618 1949 gladius
1630 1932 1638 1945 ,
1660 1914 1705 1949 qui
1722 1922 1781 1942 mos

987 1959 1070 1987 simul
1084 1963 1111 1986 et
1131 1959 1248 1987 usitatus
1266 1963 1318 1991 est,
1336 1963 1364 1986 et
1379 1963 1482 1986 metum
1506 1958 1683 1986 audientibus
1701 1959 1780 1986 incu-

986 2005 1028 2038 tit,
1049 2004 1130 2040 quale
1153 2008 1195 2032 est
1222 2004 1294 2039 apud
1307 2004 1468 2039 Apostolum
1485 2004 1551 2031 illud
1570 2012 1576 2030 :
1594 2014 1603 2030 ι
1622 2003 1778 2031 Secundum

986 2055 1077 2079 autem
1097 2050 1225 2078 duritiem
1240 2055 1313 2077 tuam
1332 2055 1358 2078 et
1381 2050 1557 2086 imptenitens
1577 2057 1645 2082 cor,
1665 2050 1778 2077 thesau-

986 2099 1059 2125 rizas
1069 2097 1117 2124 tibi
1130 2097 1198 2124 iram
1207 2097 1240 2127 τ’,
1252 2106 1260 2122 ι
1277 2100 1304 2124 et
1321 2104 1381 2132 quae
1392 2097 1531 2132 deinceps.
1548 2096 1650 2132 Adjicit
1666 2103 1775 2124 rursmn

987 2143 1089 2179 quibus
1110 2142 1247 2178 prmcipue
1262 2143 1298 2169 sit
1313 2143 1381 2178 ignis
1405 2143 1456 2171 iste
1475 2146 1656 2178 praeparatus.
1673 2141 1739 2176 Quae
1752 2143 1773 2169 si

988 2189 1021 2217 ad
1040 2194 1175 2224 tempora,
1198 2196 1259 2224 qua:
1279 2189 1425 2216 adventum
1452 2193 1663 2225 praacesserunt,
1679 2189 1780 2216 retule-

147 2233 235 2269 ψυχῆς
251 2234 407 2270 μολυσμοὺς
425 2234 470 2262 διὰ
480 2235 582 2261 τούτων
596 2235 740 2261 ἐκπλύνειν
753 2236 881 2271 οἰόμενοι,
894 2235 935 2268 οὓς

994 2235 1051 2268 ris;
1067 2235 1102 2262 de
1119 2234 1173 2266 his,
1191 2235 1238 2269 qui
1263 2235 1375 2262 minime
1406 2235 1557 2262 secundum
1585 2234 1670 2270 legem
1687 2234 1780 2261 vitula:

147 2278 177 2311 ἐξ
193 2278 339 2313 ἀσελγείας
352 2279 401 2305 καὶ
415 2279 503 2314 φόνων
520 2280 738 2315 ὲναπεμάξαντο.

990 2281 1094 2313 cinere,
1113 2284 1140 2307 et
1157 2280 1302 2308 sacriﬁciis
1316 2281 1453 2316 pumicati
1472 2280 1584 2314 iuerint,
1601 2281 1778 2308 intellexerit.

147 2323 196 2352 Sin
219 2329 320 2358 autem,
336 2325 370 2353 ad
384 2333 427 2359 ea,
442 2333 503 2362 quae
518 2327 644 2354 eumdem
660 2331 754 2354 secuta
773 2332 848 2361 sunt,
868 2328 986 2364 respicis
998 2348 1006 2361 ,
1020 2335 1068 2357 eos
1086 2327 1162 2363 ipsos
1177 2327 1278 2360 innuit,
1313 2328 1358 2363 qui
1391 2335 1441 2363 pro
1474 2328 1568 2356 divino
1602 2328 1782 2363 baptismate,

146 2378 222 2398 mera
235 2371 353 2398 hortensi
368 2379 451 2407 aqua,
469 2375 517 2399 aut
536 2372 619 2399 etiam
635 2373 751 2407 magica,
773 2373 801 2400 in
818 2373 933 2401 saltibus
952 2378 979 2401 et
993 2373 1038 2400 ubi
1052 2372 1140 2401 sacris
1154 2372 1349 2407 operabantur,
1364 2372 1563 2400 lustrabantur.
1600 2372 1665 2408 Igne
1694 2372 1782 2408 siqui-

146 2417 209 2446 dem
224 2422 250 2445 et
264 2425 334 2452 aqua
351 2417 550 2451 lustrabantur,
571 2418 608 2445 ita
644 2418 740 2447 sordes
761 2420 870 2452 animae,
905 2427 975 2456 quas
995 2418 1070 2447 ccede
1099 2422 1126 2447 et
1143 2418 1257 2447 libidine
1283 2423 1489 2452 contraxerant,
1512 2420 1604 2447 eluere
1628 2427 1658 2447 se
1682 2419 1780 2447 existi-

145 2467 264 2490 mentes.

187 2510 261 2536 ⁸Αντὶ
274 2508 302 2534 δὲ
316 2507 363 2535 τοῦ
376 2516 383 2523 ·
398 2508 454 2535 Καὶ
472 2509 508 2536 ἐν
526 2509 589 2543 τοῖς
607 2511 767 2545 προθύροις
781 2511 906 2544 ἕσοντες
925 2511 935 2529 ί

1025 2509 1126 2537 Verum
1152 2517 1208 2544 quo
1227 2509 1305 2543 loco,
1342 2509 1377 2536 Et
1402 2510 1428 2537 in
1457 2509 1591 2537 liminibus
1616 2508 1783 2542 comedent“.

146 2555 237 2590 κρέας
250 2555 344 2588 ὕειον,
360 2555 374 2581 ό
389 2555 538 2590 Σύμμαχὸς
551 2564 634 2591 φησιν
645 2566 652 2572 -
670 2556 782 2584 Ὀπίσιιι·
793 2556 935 2590 ἀλλήλων

989 2563 1095 2583 carnem
1106 2556 1255 2590 porcinam,
1272 2556 1414 2589 habemus,
1429 2557 1465 2582 ita
1482 2557 1562 2583 vertit
1576 2556 1774 2592 Symmachus:

144 2603 179 2630 ἐν
188 2603 274 2637 μέσῳ
287 2602 452 2629 ἐσθιόντων
460 2601 494 2628 τὸ
504 2601 594 2636 κρέας
610 2602 643 2629 τὸ
663 2603 803 2638 χοίρειον,
820 2603 870 2629 οὐκ
889 2603 935 2630 αὺ-

989 2600 1070 2628 Retro
1083 2609 1112 2628 se
1132 2607 1224 2628 mutuo
1250 2602 1278 2628 in
1293 2602 1379 2629 medio
1405 2601 1569 2629 comedentcs
1594 2610 1686 2630 carnes
1712 2603 1779 2630 suil-

144 2649 208 2679 τοὺ;
223 2648 312 2682 λέγων
328 2647 454 2679 ἐσθίειν,
470 2649 573 2682 μεταξὺ
588 2649 616 2675 δὲ
635 2649 685 2684 ζῇν
707 2649 761 2675 τῶν
787 2648 883 2681 ἐθνῶν,
898 2648 935 2675 διέ

991 2647 1031 2674 las
1047 2655 1056 2673 :
1071 2654 1125 2674 non
1144 2651 1174 2674 ut
1192 2655 1240 2675 eos
1261 2648 1393 2675 conradere
1409 2648 1556 2684 signiticet,
1572 2649 1618 2677 sed
1631 2649 1703 2677 inter
1713 2657 1776 2684 gen-

146 2693 195 2719 σὺν
208 2692 300 2723 αὐτοῖς
312 2691 487 2724 ἀπολοῦνται,
504 2692 551 2719 τοῦ
575 2693 644 2720 Θεοῦ
665 2693 703 2729 μὴ
728 2694 808 2729 μόνον
825 2694 935 2729 πράξεις

991 2698 1032 2727 tes
1049 2693 1151 2726 vivere,
1168 2693 1284 2730 ideoque
1302 2702 1365 2722 cum
1392 2694 1447 2722 illis
1461 2702 1524 2722 esse
1541 2695 1698 2729 perituros;
1716 2702 1777 2722 cum

180 2745 248 2785 θἯΙΙ
262 2745 341 2773 Esdr.
360 2754 385 2779 ν,
405 2746 415 2773 1
435 2754 513 2781 seqq.
562 2747 584 2764 ’ν
599 2746 694 2776 Matth.
709 2756 772 2782 xxv,
797 2749 827 2776 5i
850 2756 930 2784 chq.
967 2748 1075 2776 "Psal.
1089 2756 1162 2777 van
1177 2769 1185 2782 ,
1213 2749 1258 2778 l8.
1311 2751 1331 2766 '“
1349 2749 1444 2779 Matth.
1475 2759 1539 2785 xxv,
1559 2751 1604 2779 Η.

1660 2751 1682 2766 ⁷²
1695 2750 1776 2785 Rotu-

146 2789 186 2813 Il.
206 2780 231 2808 5.

802 2829 917 2858 VMtiJ-Z
938 2829 1138 2857 LECTIONES.

184 2883 198 2903 ε
213 2883 258 2911 γρ.
273 2875 364 2910 κήπου
385 2873 467 2910 ψιλῶ.
510 2873 517 2891 ί
534 2871 670 2905 ἔσθοντες.
