1988 3079
190 136 258 170 2711

853 137 1028 169 PROCOPII
1048 137 1168 169 GAZIEI

1749 140 1820 172 2712

190 203 243 223 non
259 194 385 230 corporis
398 197 518 227 tantum,
549 195 596 223 sed
625 196 726 223 mentis
750 196 831 224 etiam
855 197 979 224 actiones

1035 195 1161 230 ὁρῶντος,
1177 194 1245 223 ἀλλὰ
1275 195 1322 222 καὶ
1352 195 1511 231 λογισμούς.
1542 205 1551 222 ι
1573 195 1681 223 Ὀποίὀν
1695 195 1753 223 ἐστι
1776 197 1818 228 τδ.

191 241 262 269 Deus
277 242 425 269 intueatur.
438 241 526 275 Cujus
541 242 649 276 generis
664 246 706 269 est
732 243 811 275 illud,
830 243 874 270 ubi
896 252 905 268 ι
924 244 979 269 lm-

193 287 347 322 pcrl’ectum
365 295 455 315 meum
471 287 601 315 viderunt
620 288 691 315 oeuli
710 288 750 315 tui
766 283 806 322 ⁷³,
827 299 836 315 ι
854 289 978 324 legimus.

190 333 250 361 Non
266 334 366 362 desunt
377 341 453 366 vero,
471 334 517 369 qui
543 333 753 362 abominatianes
774 342 828 362 non
843 334 877 362 ad
892 335 979 368 cibos,

190 379 237 407 sed
254 380 286 407 ad
303 380 375 407 idola
389 380 560 412 retulerunt;
581 380 652 414 quod
672 381 708 407 illi
730 388 763 408 eo
779 389 875 416 usque.
893 382 980 414 aiunt,

191 426 327 461 progressi
352 430 459 460 essent,
484 431 513 454 ut
536 435 638 455 murem
662 427 792 459 fortasse,
811 435 890 462 quem
907 427 980 454 cole-

192 476 262 504 rent,
275 472 302 498 in
323 472 445 500 delubris
462 473 605 501 haberent.
629 472 699 501 Sunt
718 479 808 501 tamen
823 474 919 508 aliqui,
935 473 981 509 qui

191 526 278 545 mures
291 522 437 546 terrestres
461 520 544 547 etiam
562 528 636 548 nunc
652 520 801 548 comedunt.
823 519 875 548 Ubi
901 528 982 556 porro

191 569 409 600 congregatarum
424 574 451 592 se
464 566 583 601 tinguant
597 575 699 593 onmem
717 567 786 594 dixit
799 575 806 598 ;
821 568 903 594 etiam
925 566 982 602 glo-

191 612 258 638 riam
274 619 352 638 suam
369 612 472 639 visuros
487 620 553 644 esse,
572 620 700 648 superque
716 621 759 639 eos
773 613 876 647 signum
891 621 919 639 se
938 620 981 639 re-

191 658 336 690 licturum;
352 661 380 684 et
393 664 426 684 ex
446 658 491 689 iis,
507 659 551 692 qui
564 658 645 693 760
655 658 752 684 salvati
765 658 873 692 fuerint,
886 665 941 684 esse
956 665 984 684 se

191 703 336 730 missurum
358 703 468 738 adjecit.
487 703 565 736 Quod
589 704 710 738 apertius
727 704 753 729 itt
771 702 925 737 Evangeliis
941 703 983 729 in-

191 749 260 783 quit,
277 748 323 775 ubi
343 748 402 775 ait:
426 758 434 774 ι
456 749 524 776 Cum
551 753 641 776 autent
664 749 767 776 venerit
790 748 876 775 Filius
896 748 983 774 Ιιοιιιὶ-

193 794 235 821 nis
252 794 278 821 in
294 793 381 829 gloria
401 793 492 821 Patris
512 795 567 827 sui,
593 800 619 822 et
633 802 728 821 omnes
746 794 834 828 angeli
862 801 924 820 cum
939 801 982 825 eo,

192 846 257 867 tunc
272 839 378 867 sedebit
393 847 477 875 super
493 840 585 867 sedem
606 840 759 875 majestatis
782 848 856 872 suae;
876 843 902 866 et
916 847 984 866 con-

192 886 380 921 gregabantur
396 892 458 912 ante
471 894 533 913 cum
559 894 656 914 omnes
670 890 765 922 gentes
789 886 831 917 ⁷⁸,
850 895 859 912 ι
880 890 906 913 et
923 893 983 920 quae
1001 890 1020 917 Β

191 936 298 966 postea.
318 930 352 958 Ut
372 935 463 958 autem
478 931 646 964 ostenderet,
663 932 709 966 qui
726 931 760 958 de
777 930 905 966 gentibus
934 939 983 963 pro

191 977 290 1004 merito
312 975 434 1003 salvundi
459 980 547 1008 erant,
566 976 599 1003 ad
630 976 749 1011 primum
770 975 916 1003 adventum
942 983 984 1002 νεα

193 1030 289 1050 versus
307 1026 349 1049 est
366 1031 373 1049 :
391 1021 425 1048 ad
440 1030 520 1056 quem
547 1026 574 1049 et
600 1022 657 1055 illa,
690 1021 791 1057 quibus
820 1021 926 1056 linguas
955 1030 984 1048 se

191 1067 505 1102 congregaturumdixit,
523 1067 674 1095 referentes
691 1067 826 1099 nonnulli,
846 1067 982 1102 recapitu-

191 1113 322 1140 lumnem
339 1113 423 1140 totius
440 1121 500 1140 esse
525 1113 672 1148 prophetia:
701 1112 889 1146 arbitrantur;
919 1120 981 1139 cum

1038 241 1255 277 ’Λκατέργαστὸν
1272 250 1322 277 μου
1342 241 1450 269 εῖδοσαν
1465 242 1491 269 οἱ
1502 242 1637 277 ὀφθαλμοί
1662 250 1720 268 σου.
1739 251 1749 268 ι
1769 242 1819 268 Τι-

1031 287 1076 319 νὲς
1088 288 1116 314 δὲ
1130 288 1165 315 τὰ
1174 288 1379 323 βδελύτματα,
1399 288 1449 315 οὐκ
1463 288 1510 315 ἐπὶ
1521 288 1688 323 βρωμάτων,
1705 283 1762 314 ἀλλ’
1776 288 1820 315 ἐπ’

1032 333 1148 360 εἰδώλων
1161 335 1297 366 ἐδέξαντο.
1310 334 1347 366 ὡς
1358 334 1407 361 καὶ
1419 334 1483 368 μῦν
1497 343 1589 368 φασιν,
1606 335 1672 366 ἴσως
1685 335 1715 360 ὲν
1727 335 1820 369 σηκοῖς

1032 381 1104 415 ἔχειν
1120 381 1277 416 σεϐόμενον.
1297 381 1369 417 Πλὴν
1384 380 1448 412 τοὺς
1463 380 1629 416 ἀρουραίους
1642 380 1714 412 τινὲς
1737 379 1821 406 εἰσέτι

1032 424 1079 451 νῦν
1107 425 1245 452 ἐσθίουσι
1262 425 1332 460 μῦς.
1356 424 1504 458 Συνάξειν
1527 425 1557 451 δὲ
1587 423 1692 451 πᾶσαν
1720 424 1820 459 γλῶσ-

1032 478 1093 497 σαν
1109 472 1205 504 εἰπὼν,
1221 471 1378 505 ’ϐψονταῃ
1394 471 1471 505 φησὶ,
1491 469 1541 506 τὴν
1565 470 1661 502 δόξαν
1683 479 1750 505 μου,
1772 469 1821 496 καὶ

1032 517 1203 551 καταλείψω
1218 517 1264 543 ἐπ’
1281 515 1380 543 αὐτῶν
1398 515 1535 550 σημεῖον,
1555 516 1605 542 καὶ
1628 515 1823 548 ἐξαποστελῶ

1032 562 1067 594 ἐξ
1081 562 1181 590 αὐτῶν
1193 562 1421 597 σεσωσμένους.
1437 562 1469 589 '0
1483 562 1649 597 σαφέστερον
1658 563 1686 588 ἐν
1701 561 1824 595 Εὐαγγέ-

1033 609 1099 641 λίοις
1112 609 1210 643 φησίν·
1230 617 1239 634 ι
1255 608 1315 634 ”οτ’
1331 608 1365 635 ἂν
1379 608 1407 634 δὲ
1422 607 1487 643 ἔλθῃ
1502 609 1516 634 ὁ
1531 607 1594 639 Υἱὸς
1619 606 1666 634 τοῦ
1678 606 1823 643 ἀνθρώπου

1034 656 1062 681 ὲν
1075 656 1108 690 τῇ
1120 654 1184 690 δόξῃ
1197 654 1244 681 τοῦ
1258 654 1379 690 Πατὲρος
1394 654 1487 686 αὑτοῦ,
1505 654 1552 680 καὶ
1565 654 1667 685 πάντες
1677 654 1701 680 οι
1712 653 1823 688 ἄγγελοι

1035 700 1094 736 μετ’
1103 700 1197 732 αὑτοῦ,
1206 700 1253 726 καὶ
1263 699 1406 732 συνάξουσι
1414 699 1501 726 πάντα
1513 699 1546 726 τὰ
1560 699 1634 734 ἔθνη,
1650 708 1659 724 ι
1675 699 1722 726 καὶ
1734 699 1767 725 τὰ
1777 700 1823 725 ἐπὶ

1033 746 1130 781 τούτῳ.
1152 745 1196 778 Ὦς
1210 746 1242 773 ἂν
1259 746 1287 772 δὲ
1303 746 1376 781 δείξῃ
1389 746 1445 772 τῶν
1461 745 1577 772 ἐθνικῶν
1592 746 1656 777 τοὺς
1668 745 1728 772 κατ’
1744 745 1824 778 ἀξίαν

1033 793 1279 827 σωθησομένους,
1297 793 1344 819 ἐπὶ
1354 793 1404 828 τὴν
1420 792 1533 827 πρώτην
1550 791 1704 828 ἀνέδραμεν
1721 800 1824 827 παρου-

1036 839 1096 866 σίαν
1107 846 1114 854 ⁸
1133 839 1197 874 περὶ
1210 836 1244 874 ἧς
1256 838 1304 865 καὶ
1315 839 1356 872 τὸ,
1369 838 1494 871 συνάξω
1516 839 1570 871 τὰς
1584 839 1736 873 γλώσσας,
1751 837 1824 869 τινὲς

1034 884 1208 919 ὲξειλήφασιν
1223 884 1464 919 ἀνακεφαλαίωσιν
1479 882 1550 911 εἶναι
1573 885 1622 920 τῆς
1636 884 1700 919 ὅλης
1715 892 1825 919 προφη·

1032 929 1118 962 τείας,
1128 929 1163 956 τὰ
1175 929 1302 957 ἐντεῦθεν
1318 931 1441 962 εἰπόντες
1459 930 1509 966 τῆς
1526 930 1594 965 μετὰ
1609 929 1711 965 σαρκὸς
1723 930 1826 956 οἰκονο-

1035 976 1098 1012 μίας
1110 977 1159 1012 τὴν
1172 976 1288 1012 δύναμιν
1313 977 1361 1002 ἀπ’
1384 976 1482 1012 ἀρχῆς,
1508 977 1589 1011 μέχρι
1613 976 1717 1008 τέλους,
1733 974 1771 1006 ὡς
1795 975 1825 1000 ὲν

1033 1022 1129 1058 βραχεῖ
1145 1022 1319 1058 περιέχοντα,
1328 1022 1461 1057 δηλοῦντα
1474 1021 1532 1060 τῶν
1544 1021 1640 1050 ἐθνῶν
1652 1021 1702 1057 τὴν
1717 1020 1825 1056 κλῆσιν,

1032 1068 1069 1100 ὡς
1086 1072 1100 1086 ’³
1117 1068 1164 1095 καὶ
1174 1069 1237 1100 τοὺς
1250 1069 1415 1100 ἀποστόλους
1429 1073 1443 1088 V
1457 1069 1599 1101 ἀναδείξας
1621 1068 1699 1104 παρὰ
1725 1067 1825 1099 παντὶς

1032 1114 1141 1147 ἔθνους
1157 1115 1457 1149 προσκυνηθήσεται.

191 1161 279 1192 ιιιιηιι,
299 1167 360 1194 qua:
376 1159 505 1194 deinceps
517 1160 732 1195 dispensationis
749 1159 776 1186 in
792 1167 875 1187 carne
888 1160 1017 1187 virtutem
1039 1161 1073 1188 ab
1087 1161 1166 1188 initio
1181 1161 1214 1188 ad
1251 1162 1342 1193 tinem,
1379 1161 1462 1189 veluti
1495 1160 1670 1196 compendio.
1703 1160 1824 1194 comple-

191 1213 316 1242 ctuntur,
344 1208 461 1244 gentium
490 1209 661 1236 vocationem
691 1209 845 1244 signiﬁcare
863 1217 871 1242 ;
903 1213 986 1243 utque
1005 1209 1157 1245 designatis
1175 1209 1302 1238 Christus
1317 1210 1450 1245 apostolis
1469 1209 1504 1236 ab
1519 1208 1594 1236 omni
1622 1213 1699 1244 gente
1726 1207 1827 1236 adora-

191 1255 275 1282 bitur.

226 1301 324 1335 Legem
351 1301 423 1327 enim
448 1305 579 1333 veterem,
605 1304 709 1335 gentem
725 1307 819 1333 unam,
845 1307 983 1335 unamque

191 1347 312 1382 linguam
331 1354 515 1381 congregasse,
533 1345 675 1373 Christum
693 1351 783 1373 autem
803 1350 899 1381 gentes
921 1347 983 1373 uni-

190 1401 296 1423 versas.
311 1399 337 1420 et
350 1400 408 1425 eos,
424 1394 470 1427 qui
493 1393 526 1419 de
542 1393 644 1420 lsraele
660 1393 757 1419 saluati
772 1397 844 1424 sunt,
858 1400 920 1420 cum
935 1400 983 1419 au-

190 1438 251 1466 dire
265 1438 317 1464 ista
344 1444 439 1472 gentes
464 1445 562 1465 omnes
593 1437 740 1472 praecipit:
769 1437 871 1471 quibus
900 1437 982 1464 etiam

191 1482 303 1517 gloriam
323 1483 408 1516 ipsius
424 1482 511 1509 videre
527 1482 653 1517 contigit,
672 1490 734 1508 cum
753 1481 844 1508 divina
860 1481 983 1515 Evange-

193 1529 220 1557 lii
236 1529 455 1565 protnulgatione
467 1529 599 1563 aequalem
619 1536 679 1556 esse
693 1527 778 1560 Patri,
793 1528 984 1562 mirabiliaque

192 1583 274 1610 opera
291 1575 383 1607 edere,
402 1579 430 1602 ct
446 1579 571 1601 mortuos
588 1575 614 1601 in
644 1575 728 1601 vitam
753 1582 884 1601 revocare
909 1573 982 1601 didi-

194 1621 312 1653 cissent;
328 1628 381 1647 non
405 1619 562 1647 Judteorum
581 1627 656 1646 ntere
671 1624 825 1654 quaerentes
840 1627 902 1652 cur,
919 1627 981 1646 cum

1077 1299 1107 1327 ὐ
1125 1300 1175 1336 μὲν
1201 1300 1255 1336 γὰρ
1286 1300 1403 1332 παλαιὸς
1425 1299 1507 1335 νόμος
1525 1300 1553 1326 ἓν
1572 1300 1671 1333 ἔθνος.
1698 1299 1828 1336 καὶμίαν

1036 1347 1182 1381 γλῶσσαν
1193 1347 1381 1382 συνήγαγεν·
1403 1347 1431 1374 '0
1450 1347 1478 1372 δὲ
1503 1346 1619 1382 Χριστὸς
1638 1346 1727 1373 πάντα
1756 1347 1826 1382 μετά

1035 1392 1090 1419 τῶν
1099 1392 1255 1419 σωθέντων
1267 1392 1296 1424 ἐξ
1316 1391 1423 1427 Ἰσραὴλ
1436 1392 1537 1426 λέγων·
1562 1390 1709 1418 Ἀκούσατε
1723 1391 1825 1424 ταῦτα,

1036 1438 1126 1465 πάντα
1136 1438 1171 1465 τὰ
1182 1438 1257 1473 ἒονη.
1269 1438 1300 1465 Οἳ
1316 1439 1362 1464 καὶ
1376 1437 1529 1464 τεθέανται
1543 1437 1601 1471 τὴν
1614 1437 1709 1470 δόξαν
1720 1437 1826 1468 αὐτοῦ.

1039 1484 1170 1519 μαθόντες
1182 1484 1226 1511 διὰ
1239 1483 1286 1511 τοῦ
1301 1484 1374 1510 θείου
1394 1484 1583 1520 κηρύγματος,
1597 1485 1635 1516 ὡς
1646 1484 1703 1516 ἶσος
1717 1485 1775 1510 ἐστὶ
1787 1484 1828 1520 τῷ

1038 1530 1151 1566 Πατέρι,
1169 1530 1373 1565 Θαυματουργεῖ
1381 1539 1411 1556 τε
1431 1530 1512 1566 μέχρι
1531 1531 1579 1557 καὶ
1592 1531 1697 1566 νεκρῶν
1709 1531 1828 1558 ἀναστά-

1038 1585 1117 1608 σεως,
1135 1576 1182 1603 καὶ
1200 1576 1237 1612 μὴ
1250 1577 1320 1603 κατά
1331 1577 1395 1607 τοὺς
1409 1576 1553 1608 Ἰουδαίους
1565 1577 1689 1608 εἰπόντες
1700 1584 1708 1591 ·
1728 1585 1738 1602 ι
1750 1577 1827 1603 Διατὶ

1039 1621 1072 1647 σὺ
1085 1621 1231 1657 ἄνθρωπος
1239 1621 1287 1654 ὢν,
1301 1623 1389 1654 ποιεῖς
1398 1622 1510 1649 σεαυτὸν
1517 1622 1600 1655 Θεόν;
1614 1631 1623 1647 ι
1639 1621 1790 1656 συμφώνως
1799 1622 1828 1648 δὲ

193 1668 275 1694 homo
291 1669 374 1699 esset,
391 1666 478 1693 Deum
494 1674 524 1693 se
538 1666 713 1701 proﬁteretur
727 1666 750 1682 '”’
765 1675 773 1693 :
788 1666 835 1694 sed
851 1674 906 1694 uno
916 1674 982 1694 con-

1035 1667 1169 1701 λέγοντες·
1180 1678 1189 1693 ‹
1203 1668 1238 1694 Σὺ
1248 1666 1292 1694 εῐὸ
1305 1669 1367 1701 Υἱὸς
1379 1668 1427 1695 τοῦ
1436 1668 1503 1695 Θεοῦ
1509 1668 1556 1695 τοῦ
1567 1667 1695 1701 ζῶντος.»
1707 1668 1770 1703 Ἐφ’
1782 1665 1828 1695 ὦν

192 1721 275 1741 sensu
302 1712 349 1740 Dei
368 1712 492 1740 'viventis
519 1720 580 1740 esse
611 1711 711 1739 Filium
741 1718 908 1740 asserentes.
935 1713 985 1740 Est

192 1765 275 1793 porro
290 1765 368 1791 super
380 1766 424 1785 eos
439 1759 545 1793 signum
559 1759 650 1786 crucis
668 1759 830 1786 venerandae
845 1759 981 1793 positum:

194 1803 245 1835 vel,
266 1804 303 1830 uti
319 1802 422 1830 Paulus
443 1804 501 1830 ait:
519 1813 528 1829 ι
550 1803 692 1839 Obsignati
717 1812 813 1831 sutnus
829 1804 925 1839 spiritu
942 1812 984 1830 re-

191 1848 358 1884 demptionis
375 1849 408 1876 ¹¹⁶.
431 1858 440 1874 ι
456 1848 498 1876 Ex
517 1849 582 1883 ipsis
594 1857 705 1876 rursum
721 1857 783 1876 cum
798 1857 825 1876 se
841 1850 984 1875 missurum

191 1895 227 1923 ad
240 1900 329 1930 gentes
343 1895 423 1928 dixit,
437 1896 470 1922 de
488 1896 522 1923 iis
534 1896 580 1930 qui
596 1897 732 1931 petierant
747 1896 898 1929 intellexit;
914 1903 985 1930 quos

191 1942 272 1969 simul
303 1946 491 1976 consumptum
522 1942 557 1967 iri
583 1945 738 1969 monuerat.
772 1943 895 1974 Quorum
924 1949 986 1976 qua:

191 1989 303 2016 διιίυαιιε
323 1989 423 2023 fuerint
449 1988 581 2024 reliquiae,
599 1989 633 2016 ad
654 1989 750 2017 harum
772 1993 854 2023 atque
875 1989 984 2015 illarum

190 2035 306 2071 gentium
333 2035 506 2062 vocationem
533 2034 703 2066 emittentur,
729 2039 755 2061 et
780 2034 904 2061 videbunt
929 2034 985 2069 glo-

191 2081 259 2107 riam
275 2089 370 2108 meum.
386 2080 468 2108 Juxta
482 2080 555 2115 qttod
574 2085 656 2107 antea
675 2080 779 2107 dictum
794 2084 846 2112 est,
862 2080 907 2107 tibi
924 2080 986 2107 illos

190 2134 252 2154 cum
267 2133 329 2153 esse
348 2126 465 2157 visuros.
480 2125 582 2160 quibus
600 2125 712 2152 minime
738 2127 910 2152 renuntiatus
922 2129 985 2157 est;

190 2176 218 2199 ct
236 2180 357 2203 rursum,
372 2172 418 2199 ubi
431 2179 461 2199 se
479 2177 572 2198 uotum
589 2171 622 2198 iis
639 2170 742 2197 factum
757 2179 829 2203 esse,
852 2178 865 2197 a
882 2171 984 2205 quibus

192 2219 303 2246 minime
320 2218 557 2253 interrogabatur,
581 2217 727 2244 allirmavit
741 2217 775 2244 '".
794 2216 846 2250 Qui
861 2218 906 2245 tibi
922 2225 984 2243 cum

192 2265 270 2298 signo
289 2271 350 2290 meo
373 2263 587 2295 ambulaverint,
615 2263 714 2297 inquit,
732 2270 780 2290 eos
801 2262 864 2297 ipsi,
882 2262 928 2295 qui
952 2262 986 2289 de

191 2310 311 2345 gentibus
327 2313 403 2342 sunt,
421 2309 519 2343 fratres
536 2308 663 2340 cllieiettt,
683 2312 710 2335 ct
731 2307 828 2334 donum
852 2307 984 2334 adducent

1035 1713 1082 1739 καὶ
1096 1713 1215 1740 τέθειται
1230 1714 1357 1748 σημεῖον
1381 1714 1428 1740 τοῦ
1445 1715 1537 1749 τιμίου
1554 1713 1690 1748 σταυροῦ·
1715 1713 1732 1749 ἢ
1755 1713 1828 1740 κατὰ

1036 1758 1140 1785 Παῦλον
1166 1759 1295 1787 εἰπόντα·
1329 1769 1338 1786 ι
1361 1759 1604 1795 Ἐσφραγίσϐημεν
1628 1759 1668 1795 τῷ
1692 1759 1827 1794 πνεύματι

1035 1805 1083 1838 τῆς
1093 1805 1315 1841 ἀπολυτρώσεως.
1323 1815 1332 1832 ι
1343 1805 1400 1833 Ἀπ’
1408 1806 1508 1833 αὐτῶν
1517 1806 1556 1838 δὲ,
1565 1808 1658 1842 φησὶν,
1667 1805 1828 1833 ἀποστελῶ

1035 1851 1084 1878 ἐπὶ
1102 1851 1137 1879 τὰ
1160 1852 1244 1886 ἔθνη,
1264 1851 1385 1887 δηλονότι
1407 1852 1461 1878 τῶν
1487 1852 1692 1887 ἀπολλυμένων,
1706 1852 1769 1889 περὶ
1789 1849 1828 1879 ὧν

1037 1897 1156 1931 ἐλέγετο-
1174 1898 1235 1924 Ὲπὶ
1249 1898 1279 1924 τὸ
1291 1898 1357 1924 αὐτὸ
1377 1898 1637 1931 ἀναλωθήσονται.
1653 1898 1698 1930 Ἐξ
1707 1895 1745 1926 ὧν
1761 1899 1826 1926 δια-

1036 1944 1134 1970 σωθὲν
1149 1943 1180 1970 τὸ
1189 1944 1366 1979 κατάλειμμα
1379 1945 1447 1980 πρὸς
1474 1945 1523 1980 τὴν
1547 1945 1607 1972 τῶν
1629 1945 1726 1973 ἐθνῶν
1742 1946 1827 1972 τῶνδε

1037 1990 1084 2016 καὶ
1109 1989 1192 2016 τῶνδε
1220 1990 1317 2024 κλῆσιν
1345 1990 1606 2024 ἀποσταλήσεται,
1629 1991 1678 2017 καὶ
1699 1990 1828 2025 ὄψονται

1034 2044 1093 2070 μου
1109 2035 1167 2069 τὴν
1180 2035 1285 2068 δόξαν,
1304 2036 1375 2062 κατὰ
1388 2036 1418 2062 τὺ
1432 2037 1482 2072 ἤδη
1495 2036 1577 2072 ῥηθέν
1587 2045 1594 2052 ·
1611 2034 1659 2069 Οἷς
1675 2037 1724 2065 οὐκ
1740 2040 1828 2073 ἀνηγ-

1037 2081 1113 2116 γέλη,
1127 2083 1191 2116 περὶ
1200 2082 1281 2109 αὑτοῦ
1295 2082 1414 2118 ὖψονταν
1426 2084 1474 2109 καὶ
1485 2083 1577 2110 πάλιν·
1592 2093 1602 2109 ι
1613 2084 1753 2120 Ἐμφανὴς
1764 2085 1827 2118 ὲγε-

1037 2127 1124 2163 νόμην
1139 2128 1195 2158 τοῖς
1220 2127 1269 2162 ἐμὲ
1284 2128 1321 2162 μὴ
1338 2128 1524 2163 ἐπερωτῶσιν.
1542 2137 1551 2154 ι
1569 2129 1601 2154 Οἳ
1623 2130 1694 2164 μετὰ
1712 2130 1760 2156 τοῦ
1776 2139 1828 2165 ση-

1039 2172 1115 2207 μείου
1141 2172 1188 2199 τοῦ
1209 2173 1276 2208 ἐμοῦ
1295 2173 1485 2208 πορευθέντες,
1504 2174 1568 2206 τοὺς
1582 2174 1641 2201 ἀπὸ
1655 2175 1714 2201 τῶν
1731 2175 1830 2203 ἐθνῶ)⁴

1037 2217 1185 2252 ἀδελφοὺς
1207 2218 1420 2253 ἀπεργάσονται,
1450 2219 1500 2246 καὶ
1519 2219 1617 2252 δῶρον
1637 2221 1828 2254 προσάξουσι

1037 2263 1077 2295 τῷ
1097 2262 1167 2295 Θεῷ.
1184 2263 1230 2290 Διὸ
1244 2266 1292 2290 καὶ
1304 2265 1486 2299 καυχώμενοι,
1500 2265 1587 2300 χαρὰν
1600 2266 1699 2298 αὐτοὺς
1710 2267 1757 2293 καὶ
1771 2268 1830 2293 στέ-

1039 2317 1121 2342 φανον
1140 2308 1315 2342 ὀνομάζουσι.
1342 2308 1379 2335 T'o
1395 2309 1424 2334 δὲ
1452 2308 1551 2335 ἄπονον
1578 2310 1629 2344 τῆς
1647 2309 1707 2336 τῶν
1732 2310 1829 2338 ἐθνῶν

192 2344 318 2382 Domino.
346 2354 405 2387 Quo
426 2353 465 2386 iit,
484 2357 515 2380 ut
542 2353 725 2386 exsultantes,
747 2361 795 2380 cos
818 2353 894 2388 ipsos
914 2361 982 2387 gau-

1036 2355 1203 2389 ἐπιστροφῆς
1214 2355 1268 2381 ἀπὸ
1283 2355 1440 2390 μεταφορᾶς
1456 2355 1511 2382 τῶν
1527 2355 1556 2381 ἐν
1577 2355 1699 2391 ὀχήμασι
1717 2356 1829 2390 κομιζο-

191 2401 266 2428 dium
281 2406 308 2428 ct
320 2407 449 2427 coronam
463 2399 607 2426 noutincnt
618 2399 651 2426 ⁷⁸³.
668 2398 703 2426 Ut
715 2404 806 2425 autem
824 2399 884 2426 sine
903 2399 981 2434 761

192 2446 285 2473 labore
309 2453 472 2472 conversum
501 2445 534 2471 iri
562 2449 651 2479 gentes
680 2444 832 2477 indicaret;
865 2445 982 2479 itlipsum

192 2497 300 2526 sumpta
316 2491 350 2518 ab
375 2491 407 2518 iis
429 2491 600 2525 metaphora,
621 2491 668 2525 qui
693 2491 828 2518 vehiculis
848 2491 982 2522 feruntur,

190 2538 404 2570 demonstravit;
428 2543 558 2571 tanquam
573 2544 620 2563 eos
635 2537 708 2564 nulla
740 2545 794 2564 non
822 2538 913 2572 quiete
942 2538 983 2565 di-

192 2591 290 2619 gnetur
316 2585 400 2612 Deus.
429 2583 500 2610 Sunt
515 2591 579 2610 vero
596 2583 650 2610 Deo
681 2584 751 2619 grati
779 2591 856 2619 irque
880 2583 981 2613 futuri.

192 2636 275 2664 atque
290 2630 411 2662 uictima,
428 2637 490 2664 qua:
519 2629 639 2664 legitime
666 2637 718 2656 non
745 2629 804 2656 sine
824 2630 938 2655 canticis
957 2633 982 2655 et

191 2676 302 2704 l-audutn
321 2675 526 2711 przedicatione,
541 2675 594 2709 ipsi
621 2675 745 2702 oll'crtur.
768 2675 845 2707 Quod
867 2682 931 2701 vero
950 2682 982 2700 ea:

226 2733 249 2748 ⁷³
272 2732 343 2759 Psal.
369 2740 506 2764 cvxu'ttt,
520 2732 563 2758 16.
616 2731 745 2758 7‘lllalth.
765 2739 828 2762 xxv,
843 2732 888 2763 5|,
909 2731 951 2759 32.

191 2768 212 2784 ’³
228 2768 345 2802 l'hilipp.
362 2775 406 2799 tv,
424 2768 446 2793 l.

1009 2733 1031 2748 ⁷⁵
1042 2732 1122 2760 Joan.
1147 2741 1175 2765 Χ,
1194 2733 1240 2760 55.

1035 2400 1124 2434 μένων
1141 2399 1300 2434 παρίστησι,
1319 2400 1409 2434 πάσης
1422 2400 1520 2431 αὐτοὺς
1543 2401 1703 2436 ἀναπαύλης
1717 2401 1827 2433 ἀξιοῦν-

1033 2454 1078 2475 τος
1089 2444 1167 2472 Θεοῦ.
1186 2445 1313 2472 Ἔσονται
1337 2446 1364 2471 δὲ
1379 2447 1575 2482 κεχαρισμένοι
1589 2446 1660 2482 Θεῷ,
1676 2447 1714 2478 ὡς
1737 2448 1829 2474 θυσίά

1034 2491 1157 2526 νομίμως
1174 2492 1367 2527 προσαγομένη
1399 2493 1459 2527 μετ’
1482 2492 1564 2528 ᾠδῆς,
1586 2494 1634 2520 καὶ
1661 2493 1826 2527 δοξολογίας.

1039 2536 1097 2563 Ἆπ’
1109 2536 1209 2563 αὐτῶν
1222 2537 1262 2569 δὲ,
1275 2537 1353 2572 φησὶ,
1369 2537 1506 2572 λήψομαι
1528 2537 1615 2572 ἱερεῖς
1628 2538 1677 2565 καὶ
1689 2539 1827 2571 Λευττιις,

1034 2583 1081 2608 καὶ
1105 2582 1136 2608 τὺ
1161 2583 1194 2608 ὲκ
1207 2582 1261 2609 τῶν
1280 2583 1439 2609 ἀποστόλων
1454 2591 1466 2604 ι
1477 2604 1484 2615 ,
1501 2584 1549 2610 καὶ
1567 2584 1597 2610 τὸ
1619 2585 1651 2610 ἐκ
1672 2583 1727 2610 τῶν
1741 2583 1830 2610 ἐθνῶν

1035 2628 1226 2663 ἀληθέστερον.
1243 2628 1344 2655 Λοιπὸν
1359 2629 1640 2664 παραδειγμαστιχῶς
1667 2629 1698 2655 τὸ
1720 2630 1769 2664 τῆς
1784 2629 1829 2654 ἐλ-

1037 2675 1112 2706 πίδος
1121 2675 1175 2702 τῶν
1188 2675 1366 2711 κεκλημένων
1378 2675 1528 2703 ἀσάλευτον
1535 2676 1680 2703 δείκνυσιν.
1692 2676 1829 2710 Οἱψανοῦ

1293 2733 1315 2749 ⁷⁶
1327 2731 1427 2768 Ephcs.
1446 2741 1472 2761 tv
1485 2752 1493 2766 ,
1517 2734 1563 2761 50.
1616 2733 1638 2749 ’¹⁷
1655 2732 1708 2761 lsa.
1725 2740 1761 2761 LII
1774 2753 1782 2766 ,
1800 2735 1827 2762 (ἰ.

854 2810 972 2839 VAlll/E
995 2812 1196 2840 Ll'lC'l'lONliS.

230 2861 243 2879 ι
263 2867 303 2893 κη,
320 2859 365 2885 καὶ
379 2859 426 2890 ὡς.
465 2863 477 2878 '
498 2860 526 2885 .l.
553 2859 594 2884 ϊσ.
610 2858 733 2893 Χρισιδς.
775 2863 786 2876 \
802 2860 843 2885 ὶσ.
862 2859 983 2894 σπέρμα.
