1988 3079
163 171 235 205 2715

813 174 992 205 pnocom
1009 156 1133 205 cum

1731 172 1803 205 2716

162 235 193 255 se
210 227 401 262 conferantur,
417 229 476 256 cwli
500 228 609 263 quidem
635 229 707 263 alim,
729 229 821 258 habita
838 230 870 256 ad
888 229 952 258 infe-

1005 229 1139 264 οὐράνιοι
1151 229 1176 263 ὶι,
1195 229 1224 256 αἱ
1239 229 1268 256 δὲ
1284 229 1340 257 τῶν
1356 228 1428 264 ὑπὲρ
1449 228 1535 260 αὐτὰς
1548 227 1598 263 γῆ.
1615 229 1756 263 Διηνεκείς
1772 228 1802 255 δὲ

161 274 250 302 riores
272 275 390 308 ratione,
406 282 468 303 esse
487 275 671 309 videbuntur;
696 280 774 303 terra:
794 281 886 304 autem
904 285 956 303 cte-

161 324 239 352 teraa,
252 321 274 349 si
291 329 353 349 cum
369 322 414 352 iis,
441 329 501 357 qua:
523 323 680 357 superiores
696 327 772 354 sunt,
791 330 956 357 comparen-

161 370 217 393 tur.
235 367 405 400 Qnmtamen
419 373 484 396 sunt
499 377 596 397 otnnes
610 370 749 397 continuat
764 375 790 397 et
807 373 955 405 perpetuae.

164 412 236 439 Sunt
248 413 319 440 enim
339 414 519 448 temporaria,
535 422 596 449 quae
609 414 636 442 in
655 415 798 442 oculorum
814 419 954 450 aspectum

161 458 285 492 cadunt;
302 463 433 495 perpettta
444 466 548 493 autem,
561 468 623 496 qua:
638 461 713 489 cerni
729 469 784 489 non
797 461 954 496 possunt”.

162 503 241 535 Quod
259 504 282 531 si
298 504 377 539 signa
402 509 467 533 sunt
484 510 511 534 et
531 506 679 542 imagines,
704 514 765 541 quae
790 506 848 542 lege
863 507 955 534 conti-~

162 554 273 582 nentur,
290 550 369 584 juxta
394 551 468 587 quod
493 552 619 579 umbram
646 552 802 579 futurorum
820 553 954 580 bonorum

161 596 286 624 eannlem
305 597 405 625 habere
420 598 490 625 dixit
507 599 656 632 Apostolus
672 598 695 615 ⁰¹
710 608 717 625 :
737 603 954 626 consentaneum

161 646 215 676 est,
232 647 262 670 ut
280 644 426 671 caelestium
441 646 562 679 nomine,
581 649 608 673 ct
624 644 692 674 festa
711 645 782 680 ipsa,
803 650 827 672 et
842 653 953 678 menses,

159 692 186 714 et
210 687 331 716 Sabbatu
368 689 570 724 intelligamus,
599 691 632 718 de
657 691 757 726 quibus
789 698 844 718 non
871 690 954 725 hujus

161 735 295 769 temporis
307 735 390 763 fuerit
409 742 504 764 exacte
522 737 674 772 disputare.
688 736 802 771 Verum,
819 738 954 773 quemad-

159 780 273 808 modum
297 780 385 809 Judmi
413 782 514 809 multas
533 782 655 818 alioquin
683 784 765 811 urbes
792 785 953 817 incolentes.

161 833 245 853 ttnam
265 826 426 854 habitabant
443 826 593 855 Jerusalem
611 828 703 856 cultus
717 829 863 857 sanctitate
885 837 955 863 pra-.-

159 872 284 907 cipuam,
301 872 328 900 in
342 880 397 908 qua
413 873 495 902 statis
517 874 699 909 temporibus,
714 874 761 909 qui
781 879 896 903 czeteras
911 876 953 902 itt-

160 917 300 952 colebant,
320 925 463 946 sacrorum
480 926 565 946 causa
579 920 779 948 conveniebant
793 941 801 954 ,
818 921 858 949 sic
870 921 952 949 intel-

1005 922 1052 950 καὶ
1066 923 1101 950 τὰ
1116 923 1146 949 ἐν
1162 924 1195 958 τῇ
1212 923 1291 949 ταχεῖ

159 963 298 997 ligendum
313 967 356 992 est
371 964 501 992 eximiam
516 965 545 992 in
564 965 637 992 caelis
650 966 741 994 inesse
757 968 864 995 caeteris
882 967 955 996 inac-

158 1017 268 1037 cessam
298 1009 346 1038 ﬁlii
377 1010 425 1038 Dei
459 1011 598 1046 pontiﬁcis
622 1012 735 1040 maximi
761 1013 955 1048 sanctitatem;

159 1058 239 1093 763
255 1058 300 1085 ctti
323 1058 375 1086 soli
402 1058 445 1086 fas
464 1059 500 1087 sit
529 1059 564 1086 ad
592 1059 684 1088 Patris
710 1059 881 1088 divinitatem
914 1062 954 1089 si-

159 1112 281 1140 numque
306 1105 467 1133 accedere:
499 1112 562 1133 cum
597 1107 678 1134 statis
711 1107 757 1134 alii
784 1108 954 1142 temporibus

159 1149 239 1184 (qua:
270 1150 381 1185 quidem
399 1150 453 1178 ista
475 1159 537 1179 esse
560 1152 772 1186 intelliguntur,
791 1157 818 1180 et
844 1153 891 1188 qui
916 1153 951 1180 ibi

159 1200 225 1223 sunt
247 1197 325 1229 anni,
348 1197 382 1224 ad
399 1204 471 1232 quos
497 1198 631 1233 propheta
651 1191 761 1233 quidam
788 1199 950 1234 respicit-us,

158 1249 247 1270 annos
268 1246 388 1271 aeternos
413 1243 442 1270 in
457 1244 591 1271 memoria
620 1243 751 1272 habuisse
766 1251 795 1271 se
812 1251 839 1271 et
866 1244 951 1271 medi-

159 1292 246 1315 tatum
284 1296 346 1316 esse
379 1288 488 1316 dicebat
513 1288 557 1325 ")
588 1288 621 1316 ad
647 1288 777 1316 eximiam
815 1289 949 1316 caelorum

158 1333 296 1361 civitatem
313 1338 466 1369 transeant,
487 1333 533 1362 Dei
550 1342 646 1370 regno,
662 1338 690 1362 et
704 1334 748 1368 iis,
764 1334 811 1370 qui
825 1335 858 1362 ad
874 1343 950 1363 sutu-

158 1387 234 1407 mum
265 1380 444 1409 beatitudinis
475 1380 615 1416 fastigium
640 1386 842 1416 pervenerunt,
868 1381 952 1409 ascri-

1007 277 1104 303 πᾶσαι.
1126 275 1168 303 Τά
1185 275 1238 311 γὰρ
1264 275 1430 311 βλεπόμενα,
1449 275 1624 310 πρόσκαιρα·
1654 273 1690 300 τὰ
1709 273 1737 300 δὲ
1763 273 1802 309 μὴ

1006 323 1174 357 βλεπόμενα,
1188 322 1296 349 αἰώνια.
1312 322 1344 349 Εἰ
1359 322 1388 350 δὲ
1401 321 1524 358 σύμϐολα
1538 321 1586 348 καὶ
1598 321 1704 353 εικόνες
1716 320 1750 347 τὰ
1762 329 1803 346 νο-

1007 370 1086 405 μικὰ,
1095 369 1167 396 κατὰ
1181 369 1223 402 τὸ,
1236 378 1246 395 ‹
1259 369 1342 396 Σκιάν
1354 369 1409 405 γὰρ
1417 369 1486 404 ἔχων
1498 369 1512 395 ό
1524 368 1606 403 νόμος
1615 368 1670 394 τῶν
1687 367 1800 402 μελλόν-

1005 425 1059 444 των
1074 416 1185 450 ἀγαθῶν
1196 424 1203 431 ·
1223 425 1232 442 s
1242 415 1390 443 ἀκόλουθον
1415 415 1578 449 οὐρανίους
1592 416 1673 446 νοεῖν,
1690 414 1798 448 ἑορτὰς,

1006 461 1057 488 καὶ
1070 461 1183 495 μῆνας,
1213 460 1263 488 καὶ
1280 459 1426 491 Σάϐϐατα,
1452 460 1524 496 ἅπερ
1539 459 1678 493 ἐξετάζειν
1700 459 1731 486 οὺ
1749 459 1797 485 τοῦ

1005 507 1141 543 παρόντος
1167 507 1275 543 καιροῦ.
1307 506 1390 542 Πλὴν,
1419 506 1515 542 ὥσπερ
1553 506 1674 533 Ἰουδαῖοι
1705 505 1798 537 πόλεις

1006 553 1094 589 ᾤκουν
1109 553 1222 587 πολλὰς,
1239 553 1372 590 κρείττων
1386 552 1415 579 δὲ
1432 552 1632 587 Ἰερουσαλὴμ
1646 553 1663 588 ἡ
1673 552 1703 579 τὸ
1719 551 1799 586 ἁγία-

1006 609 1063 635 σμα
1079 600 1209 635 φέρουσα,
1222 600 1263 631 είς
1280 599 1323 634 ἢν.
1337 599 1409 626 κατά
1424 598 1548 634 καιροὺς,
1563 599 1587 624 of
1602 598 1651 630 τὰς
1668 598 1751 630 ἄλλας
1765 598 1800 624 οι-

1006 645 1118 677 κοῦντες
1129 646 1270 681 ἀπήντων,
1283 644 1333 680 τὴν
1349 643 1498 679 Θρησκείαν
1512 643 1716 673 ὲπιτελέσοντες
1727 651 1734 658 ·
1754 642 1801 670 οὗ·

1005 700 1044 717 τω
1059 691 1169 726 νοητέον
1188 691 1224 717 ἐν
1242 690 1384 725 οὐρανοῖς
1398 690 1524 725 ἀγίασμα
1539 689 1675 724 ὑπάρχειν
1691 688 1800 723 ἐξαίρεε

1005 746 1061 770 τον,
1080 737 1149 773 πλὴν
1162 737 1210 764 τοῦ
1226 737 1378 772 ἀρχιερέως
1391 736 1457 763 Υίοῢ
1474 736 1522 763 τοῦ
1536 735 1616 769 Θεοῦ,
1631 735 1731 762 ἇόατον
1747 735 1800 761 ὑπι

1005 784 1089 819 ἀρχόν
1116 784 1174 815 τοῖς
1201 783 1302 815 ἀλλοις,
1372 783 1444 818 μόνῳ
1468 782 1548 818 Θέμις
1574 783 1607 817 τῇ
1629 781 1677 808 τοῦ
1694 780 1801 815 Πατρδς

1004 830 1134 863 πελάζειν
1145 830 1265 865 θεότητι,
1278 829 1319 862 εἷς
1335 838 1364 856 τε
1377 829 1494 862 κόλπους
1504 837 1511 844 ·
1524 829 1579 856 τῶν
1592 828 1679 856 ἄλλων
1694 828 1800 863 καιροῖς

1004 875 1185 910 τεταγμένοις
1199 875 1309 909 (οἵτινές
1324 883 1390 902 ποτε
1408 875 1432 901 οξ
1453 873 1545 910 καιροὶ
1575 873 1698 901 νοοῦνται
1715 870 1799 905 οὗτοι,

1303 927 1328 954 α,
1348 918 1386 949 ὧν
1398 930 1442 954 τις
1464 921 1607 957 προφήτης
1625 922 1654 947 ὲν
1676 920 1801 956 περινοίᾳ

1006 969 1155 1004 γενόμενος
1166 968 1331 1003 ἕλετεηΚαὶ
1344 968 1392 1004 ἔτη
1404 967 1501 995 αἰώνια
1510 967 1661 1003 ἐμνήσθην,
1676 967 1723 994 καὶ
1734 967 1801 1001 ἐμε-

1005 1015 1108 1049 λέτησα
1122 1015 1145 1049 ι)
1154 1014 1344 1042 διαϐαινόντων
1352 1014 1398 1041 ἐπὶ
1407 1014 1458 1049 τὴν
1466 1014 1604 1049 ἐξαίρετον
1611 1011 1800 1049 οὐρανόπολιν,

1006 1061 1039 1096 τῇ
1056 1060 1104 1086 τοῦ
1118 1060 1187 1087 Θεοῦ
1206 1060 1332 1096 βασιλείᾳ
1347 1060 1545 1096 ἀφωρισμένην
1569 1059 1664 1095 μονὴν,
1681 1059 1729 1086 καὶ
1744 1059 1802 1090 τοῖς

1006 1106 1047 1137 εἰς
1059 1106 1144 1141 ἀκρον
1161 1106 1363 1141 μακαριότητος
1378 1106 1503 1142 ἥκουσιν,
1522 1103 1557 1141 ἧς
1572 1105 1604 1131 οὐ
1620 1104 1800 1140 στερήσονται

1005 1151 1066 1178 οὐδὲ
1076 1152 1100 1178 οἱ
1113 1151 1327 1187 ὐποΰεὸηκότες,
1344 1151 1416 1178 κατά
1429 1151 1457 1178 δὲ
1471 1150 1613 1186 περιόδους
1628 1150 1704 1181 τινάς
1715 1150 1744 1176 ἐν
1759 1149 1800 1175 οὑ-

1013 1197 1115 1234 ρανίοις
1127 1198 1234 1234 ἑορταῖς
1243 1197 1448 1233 ἀφικνούμενοι,
1461 1198 1491 1224 ὲν
1506 1196 1568 1224 θέου
1580 1205 1609 1223 τε
1622 1196 1670 1223 καὶ
1681 1196 1800 1231 ἁλήκτου

1005 1242 1079 1275 τινὸς
1109 1243 1281 1279 εὐφροσύνης
1298 1243 1510 1279 μεταλήψονται,
1537 1242 1667 1278 ἀρρήτων
1689 1241 1801 1275 ἀγαθῶν

1004 1289 1216 1321 ἀπολαύσοντες,
1234 1285 1272 1316 ὧν
1287 1289 1491 1325 ὲμφορηθέντες
1509 1288 1551 1320 είς
1567 1287 1652 1323 μονὰς
1668 1287 1718 1318 τὰς
1733 1287 1799 1313 ὲαυ-

1004 1335 1059 1363 τῶν
1080 1336 1275 1371 ὲπανήξουσιν,
1297 1334 1381 1362 ἐκεῖιι
1403 1335 1609 1369 Σαϐϐατισμὸς
1633 1333 1739 1369 ἀληθὴς
1753 1333 1802 1360 καὶ

1006 1381 1102 1418 ψυχῶν
1112 1382 1187 1409 ἐστιν
1202 1382 1368 1413 ἀνάπαυσις.

158 1432 232 1462 ptam
250 1429 441 1462 mansionem;
465 1437 520 1465 qua
538 1433 628 1457 tamen
644 1436 698 1456 non
715 1428 734 1456 ii
756 1429 951 1465 privabantur,
967 1431 1012 1465 qui
1029 1430 1174 1458 inferiores
1199 1429 1312 1462 fuerint,
1345 1429 1393 1457 sed
1423 1428 1544 1464 periodis
1569 1427 1735 1464 quibusdam
1766 1427 1801 1454 ad

159 1475 289 1502 t-mlestes
306 1475 499 1504 solemnitates
510 1475 690 1511 appellantes,
703 1475 804 1504 divina:
817 1481 845 1505 et
861 1477 1027 1505 immottalis
1046 1477 1190 1512 cujusdam
1207 1478 1316 1509 lattitizr,
1333 1476 1567 1512 inelfabiliumque
1588 1477 1722 1503 bonorum
1735 1476 1801 1502 fient

158 1520 326 1555 participes:
355 1520 457 1556 quibus
475 1529 537 1548 cum
561 1521 713 1549 exsaturati
730 1521 844 1556 fuerint,
860 1522 894 1550 ad
910 1531 974 1550 suns
1000 1524 1051 1560 ipsi
1072 1524 1230 1551 mansiones
1245 1523 1385 1556 redibunt,
1410 1523 1457 1550 ubi
1475 1523 1661 1550 Sabbatismus
1688 1522 1803 1558 ipsaque

157 1565 226 1593 adeo
240 1567 394 1594 animarum
417 1568 538 1602 requies,
554 1575 617 1595 vera
634 1572 709 1596 sunt.

195 1612 391 1648 Significantut'
414 1621 480 1642 vero
506 1614 597 1642 carnis
622 1615 825 1650 appellatione,
858 1621 947 1651 gentes

1036 1616 1115 1651 Σὰρξ
1131 1617 1159 1642 δὲ
1180 1617 1255 1643 πᾶσα
1277 1616 1313 1643 τὰ
1332 1615 1417 1650 ἔθνη,
1444 1615 1516 1643 κατὰ
1539 1615 1570 1642 τὸ
1593 1615 1691 1652 ρηθέν-
1713 1624 1722 1640 ι
1743 1614 1802 1642 Καὶ

157 1659 234 1693 ίρεω.
252 1658 338 1692 Quale
355 1665 397 1687 est
418 1659 485 1687 illud
499 1669 505 1686 :
525 1669 535 1686 ι
555 1659 587 1686 Et.
602 1659 706 1688 videbit
721 1661 812 1688 ontnis
829 1668 894 1688 caro
909 1670 953 1688 su—

158 1706 250 1734 lutare
266 1704 314 1732 Dei
339 1705 374 1733 ".
394 1714 405 1731 ι
430 1704 464 1732 Et
483 1705 550 1733 illttd
571 1713 578 1733 :
600 1714 609 1732 t
632 1705 777 1733 Eﬂ‘undatn
798 1706 833 1734 de
855 1707 951 1741 spiritu

160 1759 221 1778 meo
239 1758 324 1786 super
336 1757 447 1778 omnem
465 1757 588 1784 carnem,
615 1755 643 1779 et
668 1752 870 1787 propltetabunt
886 1753 919 1780 ³³.
941 1762 949 1777 ι

159 1795 206 1824 Sic
219 1801 312 1824 atttctn
331 1797 466 1833 loquitur.
492 1805 528 1825 ne
543 1797 578 1825 de
603 1804 634 1826 se
660 1797 713 1826 ista
738 1806 800 1826 eum
818 1807 953 1833 usurpare

163 1846 259 1878 putent
272 1841 370 1870 ludet.
390 1843 451 1877 Quo
474 1843 513 1876 fit,
537 1847 567 1871 ut
583 1843 617 1872 de
633 1844 707 1872 omni
732 1845 888 1872 mortalium
906 1853 954 1880 gr-

160 1896 228 1915 nere
248 1888 385 1925 intelligat
399 1897 406 1916 :
423 1897 493 1925 quos
506 1889 617 1925 quidem
632 1894 755 1918 venturos
766 1898 829 1918 esse
845 1891 951 1927 signiﬁ-

159 1936 216 1960 cat.
235 1932 306 1960 Sunt
319 1941 383 1962 vero
397 1933 548 1962 Jerusalem
563 1934 638 1963 illius
657 1935 741 1967 cives,
758 1934 845 1963 multa
865 1935 951 1962 millia

159 1978 264 2014 (inquit
276 1981 427 2015 Apostolus
450 1980 492 2016 ")
509 1981 682 2016 angelorum,
707 1980 829 2009 Ecclesia
847 1982 952 2017 primo-

159 2025 329 2060 genitorum.
347 2026 385 2053 lbi
398 2027 520 2054 eruntin
544 2031 717 2063 perpetuum,
732 2027 778 2063 qui
796 2027 851 2055 Deo
869 2027 952 2055 mini-

160 2074 291 2104 strantes,
307 2071 359 2099 sub
378 2071 507 2107 pontifice
530 2073 652 2100 maximo
680 2066 789 2109 degent.
818 2073 950 2102 Videbunt

160 2124 246 2152 porro
260 2125 357 2145 omnes
367 2117 517 2152 impiorum
527 2118 683 2151 interitum,
696 2120 790 2147 animo
802 2120 950 2156 agitantes,

159 2163 273 2197 quantis
299 2163 337 2190 illi
358 2163 437 2191 bonis
460 2164 559 2199 privati
586 2165 653 2193 sint.
672 2164 786 2197 Verum,
810 2173 866 2201 quo
890 2167 951 2194 loco

160 2210 280 2237 membra
296 2210 383 2243 dixit,
408 2216 527 2237 extrema
549 2210 732 2247 Symmachus
756 2211 951 2247 interpretatus

159 2261 211 2284 est.
224 2256 278 2284 Sed
291 2265 410 2293 qttorum
419 2256 550 2289 membra,
564 2257 587 2285 si
603 2264 658 2284 non
672 2265 780 2291 eorum,
795 2257 930 2286 intellexit
942 2279 949 2290 .

1005 1663 1100 1698 ὄψεται
1112 1663 1187 1690 πᾶσα
1203 1662 1272 1698 σὰρξ
1282 1662 1312 1689 τὸ
1326 1663 1460 1698 σωτήριον
1471 1662 1518 1689 τοῦ
1532 1662 1611 1690 Θεοῦ.
1624 1671 1634 1688 ι
1653 1661 1708 1688 Καὶ
1719 1661 1798 1688 ἀλλα-

1004 1710 1069 1746 χοῦ’
1091 1719 1100 1736 ι
1121 1709 1224 1745 Ἐκχεῶ
1240 1709 1294 1736 ἀπὺ
1316 1708 1364 1736 τοῦ
1389 1708 1546 1744 πνεύματός
1569 1717 1620 1744 μου
1637 1708 1685 1735 ἐπὶ
1707 1709 1801 1735 πᾶσαν

1005 1756 1106 1791 σάρκα,
1120 1756 1166 1782 καὶ
1178 1755 1425 1791 προφητεύσουσιν.
1441 1764 1451 1782 s
1467 1755 1546 1782 Οὕτω
1558 1754 1587 1781 δὲ
1602 1754 1689 1789 λέγει,
1703 1754 1747 1781 ἵνα
1763 1754 1802 1790 μὴ

1004 1802 1069 1837 περὶ
1081 1801 1172 1829 αὐτῶν
1185 1801 1272 1828 ταῦτα
1281 1801 1409 1836 λέγεσθαι
1426 1800 1575 1836 νομίσωσιν
1590 1800 1727 1827 Ἰουδαῖοι·
1741 1801 1776 1827 δι’
1788 1800 1802 1826 ὃ

1004 1848 1059 1874 πᾶν
1072 1846 1223 1882 ἀνθρώπων
1233 1847 1311 1882 γένος
1321 1846 1407 1883 δηλοῖ.
1422 1847 1492 1874 Ἀλλ’
1505 1842 1579 1874 οὖτοι
1593 1846 1643 1882 μὲν
1655 1846 1799 1880 ἥξουσιν.

1004 1893 1036 1920 οι
1049 1893 1077 1920 δὲ
1090 1893 1140 1927 τῆς
1159 1893 1355 1928 Ἰερουσαλὴμ
1371 1892 1479 1928 ἐκείνης
1496 1892 1604 1920 πολῖται
1619 1893 1689 1920 εἰσιν
1704 1893 1732 1919 at
1750 1901 1801 1928 μυ-

1003 1938 1106 1974 ριάδες,
1119 1937 1190 1965 κατά
1205 1937 1320 1971 Παῦλον,
1340 1937 1476 1973 ἀγγέλων,
1490 1938 1507 1974 ή
1527 1937 1678 1974 Ἐκκλησία
1691 1946 1800 1974 πρωτο-

1003 1984 1101 2013 τόκων.
1123 1984 1198 2011 Ἐκεῖ
1221 1985 1266 2012 διὰ
1286 1985 1388 2017 παντὸς
1414 1984 1524 2012 ἔσονται
1552 1984 1706 2020 λειτουργοὶ
1731 1983 1801 2011 Θεοῦ

1002 2030 1088 2061 ὄντες,
1113 2029 1158 2056 ὑπ’
1176 2031 1301 2066 ἀρχιερεῖ
1316 2029 1356 2065 τῷ
1372 2029 1485 2066 μεγάλῳ
1506 2030 1678 2066 ταττόμενοι.
1694 2030 1800 2062 Πάντες

1002 2075 1031 2103 δὲ
1050 2075 1178 2110 ὄψονται
1203 2075 1258 2102 τῶν
1274 2075 1381 2102 ἀσεϐῶν
1404 2075 1455 2111 τὴν
1477 2075 1628 2108 ἀπώλειαν,
1644 2075 1801 2108 ἐννοοῦντες

1002 2121 1065 2148 οἴων
1084 2120 1196 2155 ἀγαθῶν
1210 2121 1409 2158 ἐστερήθησαν.
1432 2121 1506 2148 Ἀντὶ
1525 2121 1554 2147 δὲ
1574 2120 1635 2154 τοῦ,
1651 2121 1688 2148 τὰ
1704 2120 1798 2153 κῶλα,

1002 2166 1039 2194 τὰ
1058 2167 1173 2202 ἔσχατα
1192 2166 1340 2203 Σύμμαχος
1359 2166 1470 2203 ἔφησεν.
1492 2167 1580 2194 Τίνων
1597 2166 1626 2193 δὲ
1643 2167 1680 2194 τὰ
1697 2166 1797 2200 uasta;

1002 2213 1068 2249 περὶ
1096 2209 1134 2240 ὦν
1156 2213 1234 2248 ἔλεγε
1252 2214 1313 2240 κατ’
1332 2210 1436 2249 ἀρχάς·
1455 2223 1464 2239 t
1480 2213 1563 2245 Υἱοὺς
1578 2213 1723 2249 ἐγέννησα.
1753 2214 1801 2240 καὶ

1003 2259 1100 2294 ὕψωσα
1113 2267 1120 2274 ·
1133 2259 1209 2286 αὐτοὶ
1223 2259 1252 2286 δέ
1271 2268 1304 2294 με
1319 2259 1466 2294 ἠθέτησαν.
1483 2268 1492 2284 ι
1505 2258 1558 2291 Οὓς
1574 2259 1684 2295 μακρὰν
1696 2260 1801 2286 ἑαυτῶν

160 2304 194 2332 de
208 2304 309 2340 quibus
341 2304 422 2332 initio
445 2304 582 2336 scribens.
611 2304 683 2333 filios
715 2312 745 2333 se
771 2305 900 2341 genuisse
926 2311 952 2333 et

1005 2304 1084 2338 ὄντας
1103 2305 1128 2332 οι
1151 2305 1187 2332 ἐκ
1203 2305 1259 2339 τῆς
1281 2305 1479 2340 Ἰερουσαλὴμ
1502 2305 1621 2338 ἐξιόντες
1644 2305 1798 2336 θεάσονται,

159 2352 350 2384 exaltasse",
375 2358 390 2378 a
407 2351 509 2386 quibus
537 2351 657 2386 seipsum
685 2351 790 2386 despici
822 2351 950 2387 contigit,

160 2397 323 2425 affirmavit?
335 2405 406 2433 quos
425 2397 505 2432 longe
521 2404 536 2424 a
555 2405 586 2425 se
608 2401 740 2430 remotos,
760 2397 806 2432 qui
823 2398 856 2425 de
870 2397 951 2424 Jeru-

159 2444 243 2471 salem
259 2444 358 2472 exituri
385 2448 461 2476 sunt,
476 2443 619 2476 videbunt,
634 2447 662 2471 et
674 2444 722 2479 qui
744 2444 778 2472 ad
802 2452 868 2472 suas
892 2445 952 2472 sin-

160 2491 216 2526 guli
235 2492 393 2519 mansiones
410 2494 596 2518 revertentur.
621 2490 764 2526 Significat
785 2498 869 2526 porro
894 2499 951 2518 νει·-

160 2538 211 2564 mis
238 2537 431 2572 appellatione,
456 2537 598 2565 assiduam
624 2544 732 2569 eorum,
758 2545 820 2572 qua:
849 2537 951 2572 singuli

160 2584 347 2619 peccavimus,
361 2584 389 2611 in
405 2583 565 2620 pmnitendo
584 2582 802 2616 conscientiam;
818 2590 878 2618 quae
891 2586 953 2610 tan—

160 2634 250 2658 tormu
282 2630 417 2658 bonorum
434 2631 590 2666 privatione
626 2631 749 2658 animam
777 2630 952 2662 retnordens,

159 2684 275 2704 suorum
304 2685 400 2706 omnes
437 2677 573 2705 scelerum
602 2676 798 2704 recordatione
827 2680 951 2704 accuset.

161 2721 252 2750 Fucrit
270 2722 368 2750 deinde
383 2723 452 2758 ignis
476 2722 537 2758 ipse
553 2722 790 2758 inexslinyuibilis,
808 2722 856 2757 qui
880 2730 953 2749 sctu-

196 2781 220 2796 "
238 2779 259 2806 ll
273 2779 336 2807 Cor.
352 2788 388 2813 tv,
414 2780 457 2808 18.
509 2781 531 2796 ἰ
551 2779 632 2808 Hebr.
649 2788 676 2812 κ.
690 2780 716 2808 ί.

159 2814 185 2833 ⁸⁸
205 2815 288 2843 llebr.
306 2823 353 2847 ιιι,
370 2815 416 2842 Ἐξ.
455 2815 478 2832 ’⁸
497 2815 546 2843 Ιθίιν
566 2823 593 2846 ι,
616 2815 643 2842 2.

766 2779 790 2796 ⁹¹
806 2778 877 2807 Psal.
903 2787 995 2811 tum,
1012 2779 1040 2806 6.

1003 2351 1050 2378 καὶ
1066 2350 1113 2377 ἐπὶ
1122 2351 1172 2383 τὰς
1183 2350 1287 2383 οἰκείας
1305 2352 1389 2386 μονὰς
1407 2350 1586 2386 ὲπανήξουσι.
1604 2350 1752 2385 Σκώληκα
1769 2351 1800 2377 δέ

1003 2404 1087 2433 φησιν
1102 2396 1284 2433 ἀτελεύτητον
1303 2396 1352 2433 τὴν
1370 2397 1398 2425 ὲν
1424 2398 1464 2434 τῷ
1485 2398 1627 2433 μετανοεῖν
1648 2397 1703 2423 τῶν
1725 2397 1800 2424 ἰδίων

1005 2443 1212 2480 ἁμαρτημάτων
1235 2444 1399 2480 συνείδησιν,
1419 2446 1449 2472 ὲν
1474 2444 1514 2480 τῷ
1537 2443 1668 2471 τοιούτων
1688 2443 1800 2477 ἀγαθῶν

1004 2489 1168 2526 ἐστερῆσθαι
1190 2490 1364 2526 δακνομένων
1383 2490 1427 2517 ἀεὶ
1441 2490 1491 2527 τὴν
1504 2489 1604 2526 ψυχὴν,
1617 2489 1664 2516 καὶ
1679 2497 1784 2524 κατηγο
1793 2504 1800 2509 -

1008 2537 1128 2573 ρούντων
1152 2536 1258 2565 ἑαυτῶν
1285 2538 1332 2564 ἐπὶ
1357 2538 1391 2573 τῇ
1415 2537 1544 2574 φθασάσῃ
1568 2537 1665 2572 κακίᾳ.
1687 2535 1750 2569 Πῦρ
1771 2535 1800 2561 δὲ

1006 2583 1170 2616 ἄσϐεστον,
1184 2583 1215 2610 τδ
1226 2583 1309 2620 ῥηθὲν
1320 2583 1373 2610 ὑπὸ
1382 2583 1430 2610 τοῦ
1442 2584 1578 2620 Σωτῆρος,
1591 2583 1712 2613 αἰώνιον,
1726 2583 1800 2617 ἡτοι-

1008 2630 1156 2665 μασμένων
1169 2635 1181 2649 ο
1191 2629 1230 2664 τῷ
1243 2629 1358 2665 διαϐόλῳ
1369 2636 1376 2644 ’
1390 2629 1481 2664 σαρκὶ
1495 2629 1523 2656 δὲ
1536 2630 1580 2663 εις
1593 2629 1701 2664 ὅρασιν
1712 2628 1800 2654 ἔσον-

1006 2684 1054 2704 ται
1077 2677 1110 2712 τῇ
1127 2677 1164 2712 μὴ
1178 2675 1360 2713 κολαζομένη,
1379 2676 1446 2711 περὶ
1467 2673 1501 2712 ἧς
1523 2675 1575 2712 ἔφη
1587 2683 1594 2690 ·
1615 2675 1696 2707 Ἥξει
1716 2674 1800 2701 πᾶσα

1006 2722 1085 2758 σὰρξ
1109 2721 1163 2750 τοῦ
1185 2721 1400 2757 προσκυνῆσαι
1418 2722 1549 2749 ἐνώπιόν
1562 2730 1633 2757 μου.
1652 2721 1687 2747 Ἢ
1698 2720 1728 2747 τὸ
1743 2720 1800 2747 τῶν

1107 2779 1130 2796 ⁸³
1145 2778 1198 2807 lsa.
1214 2786 1261 2811 LII,
1285 2778 1338 2813 10;
1361 2778 1429 2808 Luc.
1445 2786 1486 2812 ιιι,
1508 2778 1534 2806 6.
1589 2778 1613 2794 “
1625 2777 1685 2806 Joel
1701 2785 1737 2810 ιι,
1751 2777 1798 2806 28.

818 2863 933 2890 VAlH/E
957 2862 1159 2891 LECTIONES.

198 2907 212 2929 Ιι
227 2917 270 2944 ῃ).
285 2910 405 2945 ούρανοέ.
445 2915 456 2929 ι
492 2910 536 2937 ἵσ.
556 2911 601 2946 ἔτη
616 2910 650 2938 τὰ
663 2912 730 2939 ἐκεῖ.
765 2911 779 2931 (ι
794 2919 839 2946 γρ.
854 2911 932 2938 ὅπου.

1002 2919 1047 2946 η).
1062 2911 1274 2947 ἡτοιμασμένον.
