  <div class='ocr_page' id='page_1' title='image "/cluster/home/n/w/nwhite01/storage/ocr_20150623/87, pt.2/njp.32101010943809/626.png"; bbox 0 0 1988 3079; ppageno 0'>
   <div class='ocr_carea' id='block_1_1' title="bbox 158 171 229 205">
    <p class='ocr_par' dir='ltr' id='par_1_1' title="bbox 158 171 229 205">
     <span class='ocr_line' id='line_1_1' title="bbox 158 171 229 205; baseline -0.028 0"><span class='ocrx_word' id='word_1_1' title='bbox 158 171 229 205; x_wconf 70' lang='lat'><strong>2717</strong></span> 
     </span>
    </p>
   </div>
   <div class='ocr_carea' id='block_1_2' title="bbox 879 178 1084 209">
    <p class='ocr_par' dir='ltr' id='par_1_2' title="bbox 879 178 1084 209">
     <span class='ocr_line' id='line_1_2' title="bbox 879 178 1084 209; baseline 0 -1"><span class='ocrx_word' id='word_1_2' title='bbox 879 178 1084 209; x_wconf 77' lang='lat' dir='ltr'><strong>EPISTOL/E.</strong></span> 
     </span>
    </p>
   </div>
   <div class='ocr_carea' id='block_1_3' title="bbox 1720 179 1793 212">
    <p class='ocr_par' dir='ltr' id='par_1_3' title="bbox 1720 179 1793 212">
     <span class='ocr_line' id='line_1_3' title="bbox 1720 179 1793 212; baseline 0.014 -1"><span class='ocrx_word' id='word_1_3' title='bbox 1720 179 1793 212; x_wconf 69' lang='lat'><strong>2718</strong></span> 
     </span>
    </p>
   </div>
   <div class='ocr_carea' id='block_1_4' title="bbox 156 230 957 272">
    <p class='ocr_par' dir='ltr' id='par_1_4' title="bbox 156 230 953 269">
     <span class='ocr_line' id='line_1_4' title="bbox 156 230 953 269; baseline 0.006 -13"><span class='ocrx_word' id='word_1_4' title='bbox 156 230 347 266; x_wconf 76' lang='grc' dir='ltr'><strong>κολαζομένων</strong></span> <span class='ocrx_word' id='word_1_5' title='bbox 369 231 476 265; x_wconf 73' lang='grc' dir='ltr'>ὄψεται</span> <span class='ocrx_word' id='word_1_6' title='bbox 500 231 577 264; x_wconf 82' lang='grc' dir='ltr'><strong>τέλος</strong></span> <span class='ocrx_word' id='word_1_7' title='bbox 597 232 667 269; x_wconf 79' lang='grc' dir='ltr'>αὑτὴ</span> <span class='ocrx_word' id='word_1_8' title='bbox 681 232 736 260; x_wconf 84' lang='grc' dir='ltr'><strong>τῶν</strong></span> <span class='ocrx_word' id='word_1_9' title='bbox 753 233 864 268; x_wconf 82' lang='grc' dir='ltr'>ἀγαθῶν</span> <span class='ocrx_word' id='word_1_10' title='bbox 881 236 953 267; x_wconf 68' lang='lat' dir='ltr'><strong>duqu</strong></span> 
     </span>
    </p>
   </div>
   <div class='ocr_carea' id='block_1_5' title="bbox 1010 230 1795 272">
    <p class='ocr_par' dir='ltr' id='par_1_5' title="bbox 1010 233 1795 272">
     <span class='ocr_line' id='line_1_5' title="bbox 1010 233 1795 272; baseline 0.001 -10"><span class='ocrx_word' id='word_1_11' title='bbox 1010 235 1130 270; x_wconf 61' lang='lat' dir='ltr'><strong>piternus</strong></span> <span class='ocrx_word' id='word_1_12' title='bbox 1143 242 1158 262; x_wconf 73' lang='grc' dir='ltr'>ο</span> <span class='ocrx_word' id='word_1_13' title='bbox 1172 233 1315 263; x_wconf 87' lang='lat' dir='ltr'><strong>Salvatore</strong></span> <span class='ocrx_word' id='word_1_14' title='bbox 1330 239 1507 271; x_wconf 83' lang='lat' dir='ltr'><strong>nuncupatus</strong></span> <span class='ocrx_word' id='word_1_15' title='bbox 1523 236 1634 264; x_wconf 89' lang='lat' dir='ltr'><strong>diabolo</strong></span> <span class='ocrx_word' id='word_1_16' title='bbox 1645 236 1795 272; x_wconf 66' lang='lat' dir='ltr'><strong>pratparari</strong></span> 
     </span>
    </p>
   </div>
   <div class='ocr_carea' id='block_1_6' title="bbox 159 276 951 312">
    <p class='ocr_par' dir='ltr' id='par_1_6' title="bbox 159 276 951 312">
     <span class='ocr_line' id='line_1_6' title="bbox 159 276 951 312; baseline 0.005 -10"><span class='ocrx_word' id='word_1_17' title='bbox 159 276 289 303; x_wconf 82' lang='grc' dir='ltr'>λαύουσα.</span> <span class='ocrx_word' id='word_1_18' title='bbox 305 276 383 308; x_wconf 85' lang='grc' dir='ltr'>Τινὲς</span> <span class='ocrx_word' id='word_1_19' title='bbox 407 277 436 303; x_wconf 82' lang='grc' dir='ltr'><strong>δὲ</strong></span> <span class='ocrx_word' id='word_1_20' title='bbox 449 276 536 304; x_wconf 79' lang='grc' dir='ltr'>ταῦτα</span> <span class='ocrx_word' id='word_1_21' title='bbox 553 277 650 312; x_wconf 80' lang='grc' dir='ltr'><strong>δηλοῦν</strong></span> <span class='ocrx_word' id='word_1_22' title='bbox 666 278 771 312; x_wconf 74' lang='grc' dir='ltr'>ἔφασαν</span> <span class='ocrx_word' id='word_1_23' title='bbox 791 278 840 310; x_wconf 82' lang='grc' dir='ltr'><strong>τὰς</strong></span> <span class='ocrx_word' id='word_1_24' title='bbox 854 280 951 306; x_wconf 78' lang='grc' dir='ltr'>ἐπενε-</span> 
     </span>
    </p>
   </div>
   <div class='ocr_carea' id='block_1_7' title="bbox 159 322 951 361">
    <p class='ocr_par' dir='ltr' id='par_1_7' title="bbox 159 322 951 361">
     <span class='ocr_line' id='line_1_7' title="bbox 159 322 951 361; baseline 0.005 -13"><span class='ocrx_word' id='word_1_25' title='bbox 159 322 270 357; x_wconf 81' lang='grc' dir='ltr'>χθείσας</span> <span class='ocrx_word' id='word_1_26' title='bbox 290 322 427 355; x_wconf 77' lang='grc' dir='ltr'><strong>Ἰουδαίοις</strong></span> <span class='ocrx_word' id='word_1_27' title='bbox 445 323 589 359; x_wconf 78' lang='grc' dir='ltr'>συμφορὰς</span> <span class='ocrx_word' id='word_1_28' title='bbox 601 324 653 350; x_wconf 76' lang='grc' dir='ltr'><strong>ὑπὸ</strong></span> <span class='ocrx_word' id='word_1_29' title='bbox 669 325 718 359; x_wconf 85' lang='grc' dir='ltr'>τῆς</span> <span class='ocrx_word' id='word_1_30' title='bbox 733 324 877 360; x_wconf 76' lang='grc' dir='ltr'>Ῥωμαίων</span> <span class='ocrx_word' id='word_1_31' title='bbox 892 334 951 361; x_wconf 84' lang='grc' dir='ltr'><strong>χει-</strong></span> 
     </span>
    </p>
   </div>
   <div class='ocr_carea' id='block_1_8' title="bbox 160 369 950 407">
    <p class='ocr_par' dir='ltr' id='par_1_8' title="bbox 160 369 950 407">
     <span class='ocr_line' id='line_1_8' title="bbox 160 369 950 407; baseline 0.004 -12"><span class='ocrx_word' id='word_1_32' title='bbox 160 369 207 404; x_wconf 64' lang='lat' dir='ltr'><strong>pb;</strong></span> <span class='ocrx_word' id='word_1_33' title='bbox 225 370 264 400; x_wconf 82' lang='grc' dir='ltr'>εἰς</span> <span class='ocrx_word' id='word_1_34' title='bbox 283 369 389 404; x_wconf 81' lang='grc' dir='ltr'>σφαγὴν</span> <span class='ocrx_word' id='word_1_35' title='bbox 402 369 566 405; x_wconf 83' lang='grc' dir='ltr'>δεδομένοις.</span> <span class='ocrx_word' id='word_1_36' title='bbox 580 370 613 396; x_wconf 82' lang='grc' dir='ltr'><strong>Οἳ</strong></span> <span class='ocrx_word' id='word_1_37' title='bbox 630 371 677 397; x_wconf 83' lang='grc' dir='ltr'>καὶ</span> <span class='ocrx_word' id='word_1_38' title='bbox 691 371 726 397; x_wconf 82' lang='grc' dir='ltr'><strong>ἐν</strong></span> <span class='ocrx_word' id='word_1_39' title='bbox 740 371 777 405; x_wconf 81' lang='grc' dir='ltr'><strong>τῇ</strong></span> <span class='ocrx_word' id='word_1_40' title='bbox 792 372 882 405; x_wconf 75' lang='grc' dir='ltr'>σαρκὶ</span> <span class='ocrx_word' id='word_1_41' title='bbox 902 380 950 407; x_wconf 85' lang='grc' dir='ltr'><strong>γε-</strong></span> 
     </span>
    </p>
   </div>
   <div class='ocr_carea' id='block_1_9' title="bbox 158 417 953 454">
    <p class='ocr_par' dir='ltr' id='par_1_9' title="bbox 158 417 953 454">
     <span class='ocr_line' id='line_1_9' title="bbox 158 417 953 454; baseline 0.006 -12"><span class='ocrx_word' id='word_1_42' title='bbox 158 417 254 450; x_wconf 82' lang='grc' dir='ltr'>γόνασι</span> <span class='ocrx_word' id='word_1_43' title='bbox 272 417 373 449; x_wconf 73' lang='grc' dir='ltr'>θεατοὶ,</span> <span class='ocrx_word' id='word_1_44' title='bbox 388 419 436 445; x_wconf 83' lang='grc' dir='ltr'>καὶ</span> <span class='ocrx_word' id='word_1_45' title='bbox 456 419 598 454; x_wconf 76' lang='grc' dir='ltr'><strong>μονονουχὶ</strong></span> <span class='ocrx_word' id='word_1_46' title='bbox 610 419 689 454; x_wconf 75' lang='grc' dir='ltr'>δίκην</span> <span class='ocrx_word' id='word_1_47' title='bbox 705 419 885 454; x_wconf 79' lang='grc' dir='ltr'><strong>ἀτελεύτητον</strong></span> <span class='ocrx_word' id='word_1_48' title='bbox 901 420 953 447; x_wconf 80' lang='grc' dir='ltr'><strong>πά-</strong></span> 
     </span>
    </p>
   </div>
   <div class='ocr_carea' id='block_1_10' title="bbox 160 464 952 501">
    <p class='ocr_par' dir='ltr' id='par_1_10' title="bbox 160 464 952 501">
     <span class='ocr_line' id='line_1_10' title="bbox 160 464 952 501; baseline 0.005 -12"><span class='ocrx_word' id='word_1_49' title='bbox 160 471 281 498; x_wconf 79' lang='grc' dir='ltr'>σχουσιν,</span> <span class='ocrx_word' id='word_1_50' title='bbox 299 464 393 491; x_wconf 80' lang='grc' dir='ltr'>Ἀλλοι</span> <span class='ocrx_word' id='word_1_51' title='bbox 408 464 437 491; x_wconf 73' lang='grc' dir='ltr'><strong>δέ.</strong></span> <span class='ocrx_word' id='word_1_52' title='bbox 461 473 553 498; x_wconf 81' lang='grc' dir='ltr'>φασιν,</span> <span class='ocrx_word' id='word_1_53' title='bbox 569 465 608 497; x_wconf 79' lang='grc' dir='ltr'><strong>ὼς</strong></span> <span class='ocrx_word' id='word_1_54' title='bbox 625 465 669 492; x_wconf 73' lang='grc' dir='ltr'><strong>διὰ</strong></span> <span class='ocrx_word' id='word_1_55' title='bbox 686 466 814 501; x_wconf 82' lang='grc' dir='ltr'><strong>χρηστῶν</strong></span> <span class='ocrx_word' id='word_1_56' title='bbox 831 467 879 493; x_wconf 77' lang='grc' dir='ltr'>καὶ</span> <span class='ocrx_word' id='word_1_57' title='bbox 904 475 952 501; x_wconf 86' lang='grc' dir='ltr'><strong>φο-</strong></span> 
     </span>
    </p>
   </div>
   <div class='ocr_carea' id='block_1_11' title="bbox 159 508 952 548">
    <p class='ocr_par' dir='ltr' id='par_1_11' title="bbox 159 508 952 548">
     <span class='ocr_line' id='line_1_11' title="bbox 159 508 952 548; baseline 0.006 -13"><span class='ocrx_word' id='word_1_58' title='bbox 159 508 248 544; x_wconf 75' lang='grc' dir='ltr'>ϐερῶν</span> <span class='ocrx_word' id='word_1_59' title='bbox 258 509 273 535; x_wconf 82' lang='grc' dir='ltr'><strong>ὁ</strong></span> <span class='ocrx_word' id='word_1_60' title='bbox 285 509 352 541; x_wconf 72' lang='grc' dir='ltr'>Θεὸς</span> <span class='ocrx_word' id='word_1_61' title='bbox 363 510 428 541; x_wconf 78' lang='grc' dir='ltr'>τοὺς</span> <span class='ocrx_word' id='word_1_62' title='bbox 449 510 591 542; x_wconf 74' lang='grc' dir='ltr'>Ἰουδαίους</span> <span class='ocrx_word' id='word_1_63' title='bbox 605 512 801 548; x_wconf 76' lang='grc' dir='ltr'><strong>προτρέπεται,</strong></span> <span class='ocrx_word' id='word_1_64' title='bbox 817 513 846 545; x_wconf 81' lang='grc' dir='ltr'><strong>ὃς</strong></span> <span class='ocrx_word' id='word_1_65' title='bbox 859 521 890 547; x_wconf 90' lang='grc' dir='ltr'>γε</span> <span class='ocrx_word' id='word_1_66' title='bbox 906 513 952 540; x_wconf 72' lang='grc' dir='ltr'>καὶ</span> 
     </span>
    </p>
   </div>
   <div class='ocr_carea' id='block_1_12' title="bbox 158 555 952 595">
    <p class='ocr_par' dir='ltr' id='par_1_12' title="bbox 158 555 952 595">
     <span class='ocr_line' id='line_1_12' title="bbox 158 555 952 595; baseline 0.006 -14"><span class='ocrx_word' id='word_1_67' title='bbox 158 555 312 590; x_wconf 82' lang='grc' dir='ltr'><strong>παρουσίαν</strong></span> <span class='ocrx_word' id='word_1_68' title='bbox 334 555 403 582; x_wconf 81' lang='grc' dir='ltr'>ιδιαν</span> <span class='ocrx_word' id='word_1_69' title='bbox 420 557 685 591; x_wconf 79' lang='grc' dir='ltr'><strong>κατεπαγγέλλεται.</strong></span> <span class='ocrx_word' id='word_1_70' title='bbox 712 559 744 585; x_wconf 86' lang='grc' dir='ltr'><strong>Ἦ</strong></span> <span class='ocrx_word' id='word_1_71' title='bbox 766 559 794 586; x_wconf 82' lang='grc' dir='ltr'>δὲ</span> <span class='ocrx_word' id='word_1_72' title='bbox 815 560 952 595; x_wconf 75' lang='grc' dir='ltr'>παρουσία</span> 
     </span>
    </p>
   </div>
   <div class='ocr_carea' id='block_1_13' title="bbox 158 600 951 638">
    <p class='ocr_par' dir='ltr' id='par_1_13' title="bbox 158 600 951 638">
     <span class='ocr_line' id='line_1_13' title="bbox 158 600 951 638; baseline 0.004 -11"><span class='ocrx_word' id='word_1_73' title='bbox 158 601 188 627; x_wconf 86' lang='grc' dir='ltr'><strong>οὐ</strong></span> <span class='ocrx_word' id='word_1_74' title='bbox 198 600 258 627; x_wconf 77' lang='grc' dir='ltr'>καθ’</span> <span class='ocrx_word' id='word_1_75' title='bbox 270 600 319 627; x_wconf 74' lang='grc' dir='ltr'>ἕνα</span> <span class='ocrx_word' id='word_1_76' title='bbox 328 601 430 636; x_wconf 86' lang='grc' dir='ltr'><strong>τρόπον</strong></span> <span class='ocrx_word' id='word_1_77' title='bbox 444 603 555 629; x_wconf 81' lang='grc' dir='ltr'>νοεῖται.</span> <span class='ocrx_word' id='word_1_78' title='bbox 570 611 579 628; x_wconf 89' lang='grc'><em>‹</em></span> <span class='ocrx_word' id='word_1_79' title='bbox 594 603 649 629; x_wconf 72' lang='grc' dir='ltr'>Καὶ</span> <span class='ocrx_word' id='word_1_80' title='bbox 659 602 714 636; x_wconf 73' lang='grc' dir='ltr'>γὰρ</span> <span class='ocrx_word' id='word_1_81' title='bbox 728 603 758 630; x_wconf 77' lang='grc' dir='ltr'><strong>οὐ</strong></span> <span class='ocrx_word' id='word_1_82' title='bbox 772 602 809 638; x_wconf 83' lang='grc' dir='ltr'>μὴ</span> <span class='ocrx_word' id='word_1_83' title='bbox 821 603 951 638; x_wconf 84' lang='grc' dir='ltr'>τελέσητε</span> 
     </span>
    </p>
   </div>
   <div class='ocr_carea' id='block_1_14' title="bbox 158 645 952 684">
    <p class='ocr_par' dir='ltr' id='par_1_14' title="bbox 158 645 952 684">
     <span class='ocr_line' id='line_1_14' title="bbox 158 645 952 684; baseline 0.005 -13"><span class='ocrx_word' id='word_1_84' title='bbox 158 645 209 676; x_wconf 77' lang='grc' dir='ltr'>τὰς</span> <span class='ocrx_word' id='word_1_85' title='bbox 224 645 316 677; x_wconf 84' lang='grc' dir='ltr'>πόλεις</span> <span class='ocrx_word' id='word_1_86' title='bbox 329 646 376 673; x_wconf 83' lang='grc' dir='ltr'><strong>τοῦ</strong></span> <span class='ocrx_word' id='word_1_87' title='bbox 398 647 517 682; x_wconf 73' lang='grc' dir='ltr'>Ἰσραὴλ,</span> <span class='ocrx_word' id='word_1_88' title='bbox 533 646 586 679; x_wconf 79' lang='grc' dir='ltr'>ἓως</span> <span class='ocrx_word' id='word_1_89' title='bbox 603 647 636 674; x_wconf 78' lang='grc' dir='ltr'>ἂν</span> <span class='ocrx_word' id='word_1_90' title='bbox 653 647 718 684; x_wconf 73' lang='grc' dir='ltr'><strong>ἔλθῃ</strong></span> <span class='ocrx_word' id='word_1_91' title='bbox 730 669 737 680; x_wconf 88' lang='lat'><strong>,</strong></span> <span class='ocrx_word' id='word_1_92' title='bbox 756 649 849 684; x_wconf 76' lang='grc' dir='ltr'><strong>φησὶν,</strong></span> <span class='ocrx_word' id='word_1_93' title='bbox 863 649 877 675; x_wconf 78' lang='grc' dir='ltr'><strong><em>ὁ</em></strong></span> <span class='ocrx_word' id='word_1_94' title='bbox 890 649 952 681; x_wconf 81' lang='grc' dir='ltr'><strong>Υἱὸς</strong></span> 
     </span>
    </p>
   </div>
   <div class='ocr_carea' id='block_1_15' title="bbox 158 691 952 729">
    <p class='ocr_par' dir='ltr' id='par_1_15' title="bbox 158 691 952 729">
     <span class='ocr_line' id='line_1_15' title="bbox 158 691 952 729; baseline 0.004 -12"><span class='ocrx_word' id='word_1_95' title='bbox 158 691 205 718; x_wconf 78' lang='grc' dir='ltr'><strong>τοῦ</strong></span> <span class='ocrx_word' id='word_1_96' title='bbox 220 691 377 726; x_wconf 82' lang='grc' dir='ltr'>ἀνθρώπου.</span> <span class='ocrx_word' id='word_1_97' title='bbox 393 700 403 717; x_wconf 79' lang='grc'><strong>›</strong></span> <span class='ocrx_word' id='word_1_98' title='bbox 425 692 515 727; x_wconf 81' lang='grc' dir='ltr'>Ὅπερ</span> <span class='ocrx_word' id='word_1_99' title='bbox 538 691 616 718; x_wconf 79' lang='grc' dir='ltr'>εἶπεν</span> <span class='ocrx_word' id='word_1_100' title='bbox 629 693 659 719; x_wconf 79' lang='grc' dir='ltr'><strong>οὐ</strong></span> <span class='ocrx_word' id='word_1_101' title='bbox 673 693 759 728; x_wconf 87' lang='grc' dir='ltr'><strong>δήπου</strong></span> <span class='ocrx_word' id='word_1_102' title='bbox 777 693 827 729; x_wconf 86' lang='grc' dir='ltr'><strong>τὴν</strong></span> <span class='ocrx_word' id='word_1_103' title='bbox 848 693 952 726; x_wconf 78' lang='grc' dir='ltr'>ἔνδοξον</span> 
     </span>
    </p>
   </div>
   <div class='ocr_carea' id='block_1_16' title="bbox 158 737 952 774">
    <p class='ocr_par' dir='ltr' id='par_1_16' title="bbox 158 737 952 774">
     <span class='ocr_line' id='line_1_16' title="bbox 158 737 952 774; baseline 0.005 -12"><span class='ocrx_word' id='word_1_104' title='bbox 158 737 242 764; x_wconf 74' lang='grc' dir='ltr'><strong>αὐτοῦ</strong></span> <span class='ocrx_word' id='word_1_105' title='bbox 258 738 410 773; x_wconf 78' lang='grc' dir='ltr'>παρουσίαν</span> <span class='ocrx_word' id='word_1_106' title='bbox 425 737 523 773; x_wconf 75' lang='grc' dir='ltr'><strong>δηλῶν,</strong></span> <span class='ocrx_word' id='word_1_107' title='bbox 539 738 589 774; x_wconf 88' lang='grc' dir='ltr'><strong>τὴν</strong></span> <span class='ocrx_word' id='word_1_108' title='bbox 603 738 631 765; x_wconf 82' lang='grc' dir='ltr'><strong>δὲ</strong></span> <span class='ocrx_word' id='word_1_109' title='bbox 643 739 704 765; x_wconf 82' lang='grc' dir='ltr'>κατ’</span> <span class='ocrx_word' id='word_1_110' title='bbox 717 739 858 774; x_wconf 77' lang='grc' dir='ltr'>ἐνέργειαν</span> <span class='ocrx_word' id='word_1_111' title='bbox 869 740 952 766; x_wconf 79' lang='grc' dir='ltr'>αὐτοῦ</span> 
     </span>
    </p>
   </div>
   <div class='ocr_carea' id='block_1_17' title="bbox 158 784 952 821">
    <p class='ocr_par' dir='ltr' id='par_1_17' title="bbox 158 784 952 821">
     <span class='ocr_line' id='line_1_17' title="bbox 158 784 952 821; baseline 0.003 -11"><span class='ocrx_word' id='word_1_112' title='bbox 158 784 226 820; x_wconf 74' lang='grc' dir='ltr'>πρὸς</span> <span class='ocrx_word' id='word_1_113' title='bbox 252 784 351 816; x_wconf 82' lang='grc' dir='ltr'>αὐτοὺς</span> <span class='ocrx_word' id='word_1_114' title='bbox 376 784 561 820; x_wconf 79' lang='grc' dir='ltr'>ἑπιφοίτησιν,</span> <span class='ocrx_word' id='word_1_115' title='bbox 584 785 623 816; x_wconf 82' lang='grc' dir='ltr'><strong>ὡς</strong></span> <span class='ocrx_word' id='word_1_116' title='bbox 650 785 698 811; x_wconf 78' lang='grc' dir='ltr'>καὶ</span> <span class='ocrx_word' id='word_1_117' title='bbox 721 785 769 812; x_wconf 88' lang='grc' dir='ltr'>νῦν</span> <span class='ocrx_word' id='word_1_118' title='bbox 788 786 839 821; x_wconf 83' lang='grc' dir='ltr'>τὴν</span> <span class='ocrx_word' id='word_1_119' title='bbox 862 786 952 813; x_wconf 82' lang='grc' dir='ltr'>αὐτῶν</span> 
     </span>
    </p>
   </div>
   <div class='ocr_carea' id='block_1_18' title="bbox 157 830 951 866">
    <p class='ocr_par' dir='ltr' id='par_1_18' title="bbox 157 830 951 866">
     <span class='ocr_line' id='line_1_18' title="bbox 157 830 951 866; baseline 0.003 -10"><span class='ocrx_word' id='word_1_120' title='bbox 157 830 301 865; x_wconf 77' lang='grc' dir='ltr'><strong>ἐπίσκεψιν</strong></span> <span class='ocrx_word' id='word_1_121' title='bbox 314 830 487 866; x_wconf 71' lang='grc' dir='ltr'><strong>ὑπεδήλωσεν</strong></span> <span class='ocrx_word' id='word_1_122' title='bbox 500 831 539 862; x_wconf 83' lang='lat' dir='ltr'><strong>si;</strong></span> <span class='ocrx_word' id='word_1_123' title='bbox 551 831 636 866; x_wconf 73' lang='grc' dir='ltr'><strong>ἡμᾶς,</strong></span> <span class='ocrx_word' id='word_1_124' title='bbox 649 830 747 865; x_wconf 82' lang='grc' dir='ltr'>λέγων,</span> <span class='ocrx_word' id='word_1_125' title='bbox 762 831 800 863; x_wconf 83' lang='grc' dir='ltr'><strong>ὡς</strong></span> <span class='ocrx_word' id='word_1_126' title='bbox 828 831 951 858; x_wconf 78' lang='grc' dir='ltr'>ἐπισυν-</span> 
     </span>
    </p>
   </div>
   <div class='ocr_carea' id='block_1_19' title="bbox 157 874 954 909">
    <p class='ocr_par' dir='ltr' id='par_1_19' title="bbox 157 874 954 909">
     <span class='ocr_line' id='line_1_19' title="bbox 157 874 954 909; baseline 0.003 -7"><span class='ocrx_word' id='word_1_127' title='bbox 157 875 224 907; x_wconf 76' lang='grc' dir='ltr'><strong>άξει</strong></span> <span class='ocrx_word' id='word_1_128' title='bbox 245 875 345 907; x_wconf 79' lang='grc' dir='ltr'>αὐτοὺς</span> <span class='ocrx_word' id='word_1_129' title='bbox 361 876 394 902; x_wconf 75' lang='grc' dir='ltr'>ἐκ</span> <span class='ocrx_word' id='word_1_130' title='bbox 415 875 525 903; x_wconf 82' lang='grc' dir='ltr'>πάντων</span> <span class='ocrx_word' id='word_1_131' title='bbox 541 874 600 902; x_wconf 82' lang='grc' dir='ltr'><strong>τῶν</strong></span> <span class='ocrx_word' id='word_1_132' title='bbox 615 875 722 909; x_wconf 78' lang='grc' dir='ltr'><strong>ἐθνῶν,</strong></span> <span class='ocrx_word' id='word_1_133' title='bbox 742 877 782 908; x_wconf 69' lang='grc' dir='ltr'>εὶς</span> <span class='ocrx_word' id='word_1_134' title='bbox 803 876 822 903; x_wconf 78' lang='grc' dir='ltr'><strong>ἃ</strong></span> <span class='ocrx_word' id='word_1_135' title='bbox 837 876 954 904; x_wconf 83' lang='grc' dir='ltr'>διασπα-</span> 
     </span>
    </p>
   </div>
   <div class='ocr_carea' id='block_1_20' title="bbox 158 921 952 957">
    <p class='ocr_par' dir='ltr' id='par_1_20' title="bbox 158 921 952 957">
     <span class='ocr_line' id='line_1_20' title="bbox 158 921 952 957; baseline 0 -9"><span class='ocrx_word' id='word_1_136' title='bbox 158 921 253 956; x_wconf 79' lang='grc' dir='ltr'>ρέντες</span> <span class='ocrx_word' id='word_1_137' title='bbox 269 922 318 954; x_wconf 74' lang='grc' dir='ltr'><strong>τὰς</strong></span> <span class='ocrx_word' id='word_1_138' title='bbox 329 922 442 949; x_wconf 73' lang='grc' dir='ltr'>ἐκείνων</span> <span class='ocrx_word' id='word_1_139' title='bbox 457 921 584 957; x_wconf 84' lang='grc' dir='ltr'><strong>γλώσσας</strong></span> <span class='ocrx_word' id='word_1_140' title='bbox 599 921 743 957; x_wconf 73' lang='grc' dir='ltr'>ἐξέμαθον,</span> <span class='ocrx_word' id='word_1_141' title='bbox 759 922 952 957; x_wconf 81' lang='grc' dir='ltr'>ἀθετησάντων</span> 
     </span>
    </p>
   </div>
   <div class='ocr_carea' id='block_1_21' title="bbox 157 968 953 1004">
    <p class='ocr_par' dir='ltr' id='par_1_21' title="bbox 157 968 953 1004">
     <span class='ocr_line' id='line_1_21' title="bbox 157 968 953 1004; baseline -0.001 -8"><span class='ocrx_word' id='word_1_142' title='bbox 157 969 185 997; x_wconf 75' lang='grc' dir='ltr'><strong>δὲ</strong></span> <span class='ocrx_word' id='word_1_143' title='bbox 214 969 305 996; x_wconf 83' lang='grc' dir='ltr'>αὐτῶν</span> <span class='ocrx_word' id='word_1_144' title='bbox 334 968 454 1004; x_wconf 67' lang='grc' dir='ltr'>Χριστος</span> <span class='ocrx_word' id='word_1_145' title='bbox 486 968 523 996; x_wconf 86' lang='grc' dir='ltr'><strong>τὰ</strong></span> <span class='ocrx_word' id='word_1_146' title='bbox 551 969 623 1003; x_wconf 78' lang='grc' dir='ltr'><strong>ἔθνη</strong></span> <span class='ocrx_word' id='word_1_147' title='bbox 653 969 842 1004; x_wconf 73' lang='grc' dir='ltr'><strong>συνήγαγεν.</strong></span> <span class='ocrx_word' id='word_1_148' title='bbox 870 969 953 1004; x_wconf 71' lang='grc' dir='ltr'>οἵπερ</span> 
     </span>
    </p>
   </div>
   <div class='ocr_carea' id='block_1_22' title="bbox 159 1013 952 1051">
    <p class='ocr_par' dir='ltr' id='par_1_22' title="bbox 159 1013 952 1051">
     <span class='ocr_line' id='line_1_22' title="bbox 159 1013 952 1051; baseline 0 -9"><span class='ocrx_word' id='word_1_149' title='bbox 159 1015 272 1049; x_wconf 81' lang='grc' dir='ltr'>ἥξουσι</span> <span class='ocrx_word' id='word_1_150' title='bbox 304 1015 369 1048; x_wconf 83' lang='grc' dir='ltr'><strong>τοὺς</strong></span> <span class='ocrx_word' id='word_1_151' title='bbox 401 1013 571 1047; x_wconf 85' lang='grc' dir='ltr'>καλέσαντας</span> <span class='ocrx_word' id='word_1_152' title='bbox 599 1016 699 1047; x_wconf 73' lang='grc' dir='ltr'><strong>αὐτοὺς</strong></span> <span class='ocrx_word' id='word_1_153' title='bbox 728 1015 896 1047; x_wconf 83' lang='grc' dir='ltr'>ἀποστόλους</span> <span class='ocrx_word' id='word_1_154' title='bbox 919 1017 952 1051; x_wconf 88' lang='grc' dir='ltr'><strong>τῇ</strong></span> 
     </span>
    </p>
   </div>
   <div class='ocr_carea' id='block_1_23' title="bbox 160 1058 954 1096">
    <p class='ocr_par' dir='ltr' id='par_1_23' title="bbox 160 1058 954 1096">
     <span class='ocr_line' id='line_1_23' title="bbox 160 1058 954 1096; baseline 0.003 -10"><span class='ocrx_word' id='word_1_155' title='bbox 160 1061 255 1096; x_wconf 81' lang='grc' dir='ltr'><strong>μνήμῃ</strong></span> <span class='ocrx_word' id='word_1_156' title='bbox 271 1060 412 1096; x_wconf 82' lang='grc' dir='ltr'>φέροντες,</span> <span class='ocrx_word' id='word_1_157' title='bbox 429 1061 478 1087; x_wconf 81' lang='grc' dir='ltr'>καὶ</span> <span class='ocrx_word' id='word_1_158' title='bbox 491 1060 612 1096; x_wconf 81' lang='grc' dir='ltr'>ζηλωταὶ</span> <span class='ocrx_word' id='word_1_159' title='bbox 628 1061 731 1088; x_wconf 86' lang='grc' dir='ltr'>τούτων</span> <span class='ocrx_word' id='word_1_160' title='bbox 744 1063 892 1096; x_wconf 79' lang='grc' dir='ltr'><strong>γινόμενοι.</strong></span> <span class='ocrx_word' id='word_1_161' title='bbox 903 1058 954 1088; x_wconf 82' lang='grc' dir='ltr'>Ὧν</span> 
     </span>
    </p>
   </div>
   <div class='ocr_carea' id='block_1_24' title="bbox 158 1106 954 1143">
    <p class='ocr_par' dir='ltr' id='par_1_24' title="bbox 158 1106 954 1143">
     <span class='ocr_line' id='line_1_24' title="bbox 158 1106 954 1143; baseline 0.001 -10"><span class='ocrx_word' id='word_1_162' title='bbox 158 1106 209 1142; x_wconf 82' lang='grc' dir='ltr'><strong>τὴν</strong></span> <span class='ocrx_word' id='word_1_163' title='bbox 223 1107 357 1141; x_wconf 83' lang='grc' dir='ltr'>εὐθυμίαν</span> <span class='ocrx_word' id='word_1_164' title='bbox 368 1106 412 1134; x_wconf 81' lang='grc' dir='ltr'><strong>διὰ</strong></span> <span class='ocrx_word' id='word_1_165' title='bbox 425 1106 478 1134; x_wconf 83' lang='grc' dir='ltr'>τῶν</span> <span class='ocrx_word' id='word_1_166' title='bbox 492 1106 639 1142; x_wconf 81' lang='grc' dir='ltr'><strong>ὀχημάτων</strong></span> <span class='ocrx_word' id='word_1_167' title='bbox 654 1107 739 1142; x_wconf 78' lang='grc' dir='ltr'>δηλοῖ,</span> <span class='ocrx_word' id='word_1_168' title='bbox 751 1107 812 1143; x_wconf 78' lang='grc' dir='ltr'><strong>ἥτις</strong></span> <span class='ocrx_word' id='word_1_169' title='bbox 827 1107 954 1143; x_wconf 75' lang='grc' dir='ltr'><strong>ἐδηλοῦτο</strong></span> 
     </span>
    </p>
   </div>
   <div class='ocr_carea' id='block_1_25' title="bbox 160 1152 687 1189">
    <p class='ocr_par' dir='ltr' id='par_1_25' title="bbox 160 1152 687 1189">
     <span class='ocr_line' id='line_1_25' title="bbox 160 1152 687 1189; baseline 0.002 -10"><span class='ocrx_word' id='word_1_170' title='bbox 160 1152 278 1189; x_wconf 82' lang='grc' dir='ltr'>πρώτως</span> <span class='ocrx_word' id='word_1_171' title='bbox 294 1152 339 1181; x_wconf 74' lang='grc' dir='ltr'><strong>διὰ</strong></span> <span class='ocrx_word' id='word_1_172' title='bbox 351 1152 399 1180; x_wconf 83' lang='grc' dir='ltr'><strong>τοῦ</strong></span> <span class='ocrx_word' id='word_1_173' title='bbox 417 1153 546 1188; x_wconf 82' lang='grc' dir='ltr'><strong>εὐνούχου</strong></span> <span class='ocrx_word' id='word_1_174' title='bbox 564 1152 687 1189; x_wconf 63' lang='lat' dir='ltr'><strong>[latitat].</strong></span> 
     </span>
    </p>
   </div>
   <div class='ocr_carea' id='block_1_26' title="bbox 1003 278 1795 315">
    <p class='ocr_par' dir='ltr' id='par_1_26' title="bbox 1003 278 1795 315">
     <span class='ocr_line' id='line_1_26' title="bbox 1003 278 1795 315; baseline 0.003 -9"><span class='ocrx_word' id='word_1_175' title='bbox 1003 279 1105 307; x_wconf 86' lang='lat' dir='ltr'><strong>dicitur</strong></span> <span class='ocrx_word' id='word_1_176' title='bbox 1115 280 1148 307; x_wconf 82' lang='grc'><strong>³⁷.</strong></span> <span class='ocrx_word' id='word_1_177' title='bbox 1170 278 1258 306; x_wconf 84' lang='lat' dir='ltr'><strong>Erunt</strong></span> <span class='ocrx_word' id='word_1_178' title='bbox 1274 280 1337 307; x_wconf 87' lang='lat' dir='ltr'><strong>item</strong></span> <span class='ocrx_word' id='word_1_179' title='bbox 1360 281 1387 307; x_wconf 79' lang='lat' dir='ltr'><strong>in</strong></span> <span class='ocrx_word' id='word_1_180' title='bbox 1413 286 1583 315; x_wconf 73' lang='lat' dir='ltr'><strong>cottspeclum</strong></span> <span class='ocrx_word' id='word_1_181' title='bbox 1609 282 1681 309; x_wconf 86' lang='lat' dir='ltr'><strong>omni</strong></span> <span class='ocrx_word' id='word_1_182' title='bbox 1702 282 1795 312; x_wconf 78' lang='lat' dir='ltr'><strong>carni,</strong></span> 
     </span>
    </p>
   </div>
   <div class='ocr_carea' id='block_1_27' title="bbox 1003 324 1796 360">
    <p class='ocr_par' dir='ltr' id='par_1_27' title="bbox 1003 324 1796 360">
     <span class='ocr_line' id='line_1_27' title="bbox 1003 324 1796 360; baseline 0.004 -10"><span class='ocrx_word' id='word_1_183' title='bbox 1003 332 1084 360; x_wconf 88' lang='lat' dir='ltr'><strong>quam</strong></span> <span class='ocrx_word' id='word_1_184' title='bbox 1101 332 1154 351; x_wconf 91' lang='lat' dir='ltr'><strong>non</strong></span> <span class='ocrx_word' id='word_1_185' title='bbox 1173 324 1231 360; x_wconf 88' lang='lat' dir='ltr'><strong>ipsa</strong></span> <span class='ocrx_word' id='word_1_186' title='bbox 1246 325 1362 360; x_wconf 78' lang='lat' dir='ltr'><strong>attinget</strong></span> <span class='ocrx_word' id='word_1_187' title='bbox 1380 325 1458 356; x_wconf 86' lang='lat' dir='ltr'><strong>ultio,</strong></span> <span class='ocrx_word' id='word_1_188' title='bbox 1472 325 1506 352; x_wconf 91' lang='lat' dir='ltr'><strong>de</strong></span> <span class='ocrx_word' id='word_1_189' title='bbox 1521 334 1575 360; x_wconf 85' lang='lat' dir='ltr'><strong>qun</strong></span> <span class='ocrx_word' id='word_1_190' title='bbox 1602 326 1683 358; x_wconf 78' lang='lat' dir='ltr'><strong>dixit,</strong></span> <span class='ocrx_word' id='word_1_191' title='bbox 1704 326 1796 353; x_wconf 78' lang='lat' dir='ltr'><strong>Veniet</strong></span> 
     </span>
    </p>
   </div>
   <div class='ocr_carea' id='block_1_28' title="bbox 1003 370 1796 406">
    <p class='ocr_par' dir='ltr' id='par_1_28' title="bbox 1003 370 1796 406">
     <span class='ocr_line' id='line_1_28' title="bbox 1003 370 1796 406; baseline 0.003 -9"><span class='ocrx_word' id='word_1_192' title='bbox 1003 371 1088 398; x_wconf 75' lang='lat' dir='ltr'><strong>omnis</strong></span> <span class='ocrx_word' id='word_1_193' title='bbox 1100 379 1173 403; x_wconf 82' lang='lat' dir='ltr'><strong>curo,</strong></span> <span class='ocrx_word' id='word_1_194' title='bbox 1189 370 1272 406; x_wconf 62' lang='grc'><strong>764</strong></span> <span class='ocrx_word' id='word_1_195' title='bbox 1287 375 1314 397; x_wconf 82' lang='grc' dir='ltr'><strong>ιιι</strong></span> <span class='ocrx_word' id='word_1_196' title='bbox 1336 371 1428 398; x_wconf 81' lang='lat' dir='ltr'><strong>adoret</strong></span> <span class='ocrx_word' id='word_1_197' title='bbox 1441 379 1531 398; x_wconf 79' lang='lat' dir='ltr'><strong>coram</strong></span> <span class='ocrx_word' id='word_1_198' title='bbox 1545 380 1586 399; x_wconf 86' lang='lat' dir='ltr'><strong>me</strong></span> <span class='ocrx_word' id='word_1_199' title='bbox 1599 380 1609 399; x_wconf 88' lang='lat'><strong><em>:</em></strong></span> <span class='ocrx_word' id='word_1_200' title='bbox 1624 377 1673 399; x_wconf 84' lang='lat' dir='ltr'><strong>aut</strong></span> <span class='ocrx_word' id='word_1_201' title='bbox 1688 380 1796 403; x_wconf 89' lang='lat' dir='ltr'><strong>eorum_</strong></span> 
     </span>
    </p>
   </div>
   <div class='ocr_carea' id='block_1_29' title="bbox 1003 417 1794 454">
    <p class='ocr_par' dir='ltr' id='par_1_29' title="bbox 1003 417 1794 454">
     <span class='ocr_line' id='line_1_29' title="bbox 1003 417 1794 454; baseline 0.004 -11"><span class='ocrx_word' id='word_1_202' title='bbox 1003 417 1050 452; x_wconf 88' lang='lat' dir='ltr'><strong>qui</strong></span> <span class='ocrx_word' id='word_1_203' title='bbox 1071 417 1231 451; x_wconf 74' lang='lat' dir='ltr'><strong>punientur,</strong></span> <span class='ocrx_word' id='word_1_204' title='bbox 1247 418 1328 444; x_wconf 76' lang='lat' dir='ltr'><strong>ﬁnem</strong></span> <span class='ocrx_word' id='word_1_205' title='bbox 1346 425 1408 445; x_wconf 85' lang='lat' dir='ltr'><strong>esse</strong></span> <span class='ocrx_word' id='word_1_206' title='bbox 1423 419 1543 445; x_wconf 83' lang='lat' dir='ltr'><strong>visuram</strong></span> <span class='ocrx_word' id='word_1_207' title='bbox 1561 419 1709 454; x_wconf 78' lang='lat' dir='ltr'><strong>significat,</strong></span> <span class='ocrx_word' id='word_1_208' title='bbox 1732 427 1794 446; x_wconf 82' lang='lat' dir='ltr'><strong>cunt</strong></span> 
     </span>
    </p>
   </div>
   <div class='ocr_carea' id='block_1_30' title="bbox 1003 465 1795 501">
    <p class='ocr_par' dir='ltr' id='par_1_30' title="bbox 1003 465 1795 501">
     <span class='ocr_line' id='line_1_30' title="bbox 1003 465 1795 501; baseline 0 -9"><span class='ocrx_word' id='word_1_209' title='bbox 1003 465 1083 492; x_wconf 84' lang='lat' dir='ltr'><strong>bonis</strong></span> <span class='ocrx_word' id='word_1_210' title='bbox 1099 465 1156 500; x_wconf 80' lang='lat' dir='ltr'><strong>ipsa</strong></span> <span class='ocrx_word' id='word_1_211' title='bbox 1178 465 1309 500; x_wconf 87' lang='lat' dir='ltr'><strong>potiatur.</strong></span> <span class='ocrx_word' id='word_1_212' title='bbox 1332 465 1391 493; x_wconf 78' lang='lat' dir='ltr'><strong>Non</strong></span> <span class='ocrx_word' id='word_1_213' title='bbox 1408 466 1508 493; x_wconf 82' lang='lat' dir='ltr'><strong>desunt</strong></span> <span class='ocrx_word' id='word_1_214' title='bbox 1526 471 1620 493; x_wconf 71' lang='lat' dir='ltr'><strong>tamen</strong></span> <span class='ocrx_word' id='word_1_215' title='bbox 1637 466 1734 501; x_wconf 78' lang='lat' dir='ltr'><strong>aliqui,</strong></span> <span class='ocrx_word' id='word_1_216' title='bbox 1748 473 1795 501; x_wconf 78' lang='lat' dir='ltr'><strong>qut</strong></span> 
     </span>
    </p>
   </div>
   <div class='ocr_carea' id='block_1_31' title="bbox 1004 509 1797 545">
    <p class='ocr_par' dir='ltr' id='par_1_31' title="bbox 1004 509 1797 545">
     <span class='ocr_line' id='line_1_31' title="bbox 1004 509 1797 545; baseline 0.001 -10"><span class='ocrx_word' id='word_1_217' title='bbox 1004 509 1094 536; x_wconf 76' lang='lat' dir='ltr'><strong>verbis</strong></span> <span class='ocrx_word' id='word_1_218' title='bbox 1114 509 1184 540; x_wconf 85' lang='lat' dir='ltr'><strong>istis.</strong></span> <span class='ocrx_word' id='word_1_219' title='bbox 1210 513 1339 544; x_wconf 81' lang='lat' dir='ltr'><strong>acceptas</strong></span> <span class='ocrx_word' id='word_1_220' title='bbox 1361 517 1376 536; x_wconf 86' lang='lat' dir='ltr'><strong>a</strong></span> <span class='ocrx_word' id='word_1_221' title='bbox 1400 509 1535 538; x_wconf 79' lang='lat' dir='ltr'><strong>Romanis</strong></span> <span class='ocrx_word' id='word_1_222' title='bbox 1554 511 1672 543; x_wconf 82' lang='lat' dir='ltr'><strong>injurias</strong></span> <span class='ocrx_word' id='word_1_223' title='bbox 1691 510 1797 545; x_wconf 80' lang='lat' dir='ltr'><strong>signiti-</strong></span> 
     </span>
    </p>
   </div>
   <div class='ocr_carea' id='block_1_32' title="bbox 1003 555 1796 591">
    <p class='ocr_par' dir='ltr' id='par_1_32' title="bbox 1003 555 1796 591">
     <span class='ocr_line' id='line_1_32' title="bbox 1003 555 1796 591; baseline 0.001 -9"><span class='ocrx_word' id='word_1_224' title='bbox 1003 555 1058 582; x_wconf 89' lang='lat' dir='ltr'><strong>cari</strong></span> <span class='ocrx_word' id='word_1_225' title='bbox 1074 555 1177 583; x_wconf 68' lang='lat' dir='ltr'><strong>Jutlmis</strong></span> <span class='ocrx_word' id='word_1_226' title='bbox 1195 556 1374 587; x_wconf 85' lang='lat' dir='ltr'><strong>arbitrentur,</strong></span> <span class='ocrx_word' id='word_1_227' title='bbox 1405 564 1522 591; x_wconf 82' lang='lat' dir='ltr'><strong>quorum</strong></span> <span class='ocrx_word' id='word_1_228' title='bbox 1539 564 1621 583; x_wconf 88' lang='lat' dir='ltr'><strong>manu</strong></span> <span class='ocrx_word' id='word_1_229' title='bbox 1649 561 1713 583; x_wconf 84' lang='lat' dir='ltr'><strong>sunt</strong></span> <span class='ocrx_word' id='word_1_230' title='bbox 1737 556 1796 583; x_wconf 72' lang='lat' dir='ltr'><strong>neri</strong></span> 
     </span>
    </p>
   </div>
   <div class='ocr_carea' id='block_1_33' title="bbox 1004 601 1798 638">
    <p class='ocr_par' dir='ltr' id='par_1_33' title="bbox 1004 601 1798 638">
     <span class='ocr_line' id='line_1_33' title="bbox 1004 601 1798 638; baseline 0 -10"><span class='ocrx_word' id='word_1_231' title='bbox 1004 601 1107 634; x_wconf 86' lang='lat' dir='ltr'><strong>traditi,</strong></span> <span class='ocrx_word' id='word_1_232' title='bbox 1119 602 1165 636; x_wconf 79' lang='lat' dir='ltr'><strong>qui</strong></span> <span class='ocrx_word' id='word_1_233' title='bbox 1182 609 1290 629; x_wconf 89' lang='lat' dir='ltr'><strong>rursum</strong></span> <span class='ocrx_word' id='word_1_234' title='bbox 1303 602 1329 629; x_wconf 82' lang='lat' dir='ltr'><strong>in</strong></span> <span class='ocrx_word' id='word_1_235' title='bbox 1346 611 1426 629; x_wconf 80' lang='lat' dir='ltr'><strong>carne</strong></span> <span class='ocrx_word' id='word_1_236' title='bbox 1445 603 1612 638; x_wconf 81' lang='lat' dir='ltr'><strong>spectabiles</strong></span> <span class='ocrx_word' id='word_1_237' title='bbox 1625 603 1725 635; x_wconf 75' lang='lat' dir='ltr'><strong>allecti,</strong></span> <span class='ocrx_word' id='word_1_238' title='bbox 1739 610 1798 637; x_wconf 72' lang='grc' dir='ltr'>ρω-</span> 
     </span>
    </p>
   </div>
   <div class='ocr_carea' id='block_1_34' title="bbox 1004 648 1798 683">
    <p class='ocr_par' dir='ltr' id='par_1_34' title="bbox 1004 648 1798 683">
     <span class='ocr_line' id='line_1_34' title="bbox 1004 648 1798 683; baseline 0 -9"><span class='ocrx_word' id='word_1_239' title='bbox 1004 655 1054 675; x_wconf 87' lang='lat' dir='ltr'><strong>nas</strong></span> <span class='ocrx_word' id='word_1_240' title='bbox 1081 648 1163 675; x_wconf 89' lang='lat' dir='ltr'><strong>etiam</strong></span> <span class='ocrx_word' id='word_1_241' title='bbox 1191 648 1249 675; x_wconf 80' lang='lat' dir='ltr'><strong>fere</strong></span> <span class='ocrx_word' id='word_1_242' title='bbox 1280 653 1427 683; x_wconf 77' lang='lat' dir='ltr'><strong>perpetuas</strong></span> <span class='ocrx_word' id='word_1_243' title='bbox 1457 649 1611 683; x_wconf 86' lang='lat' dir='ltr'><strong>patiuntur.</strong></span> <span class='ocrx_word' id='word_1_244' title='bbox 1650 648 1703 675; x_wconf 80' lang='lat' dir='ltr'><strong>Alii</strong></span> <span class='ocrx_word' id='word_1_245' title='bbox 1732 655 1798 674; x_wconf 83' lang='lat' dir='ltr'><strong>vero</strong></span> 
     </span>
    </p>
   </div>
   <div class='ocr_carea' id='block_1_35' title="bbox 1005 694 1798 729">
    <p class='ocr_par' dir='ltr' id='par_1_35' title="bbox 1005 694 1798 729">
     <span class='ocr_line' id='line_1_35' title="bbox 1005 694 1798 729; baseline -0.001 -9"><span class='ocrx_word' id='word_1_246' title='bbox 1005 694 1101 728; x_wconf 83' lang='lat' dir='ltr'><strong>Deum,</strong></span> <span class='ocrx_word' id='word_1_247' title='bbox 1128 700 1258 729; x_wconf 82' lang='lat' dir='ltr'><strong>tanquam</strong></span> <span class='ocrx_word' id='word_1_248' title='bbox 1284 702 1375 721; x_wconf 79' lang='lat' dir='ltr'><strong>rerum</strong></span> <span class='ocrx_word' id='word_1_249' title='bbox 1398 695 1507 722; x_wconf 92' lang='lat' dir='ltr'><strong>utilium</strong></span> <span class='ocrx_word' id='word_1_250' title='bbox 1532 699 1560 722; x_wconf 89' lang='lat' dir='ltr'><strong>et</strong></span> <span class='ocrx_word' id='word_1_251' title='bbox 1588 694 1798 721; x_wconf 85' lang='lat' dir='ltr'><strong>metuendarum</strong></span> 
     </span>
    </p>
   </div>
   <div class='ocr_carea' id='block_1_36' title="bbox 1003 739 1798 775">
    <p class='ocr_par' dir='ltr' id='par_1_36' title="bbox 1003 739 1798 775">
     <span class='ocr_line' id='line_1_36' title="bbox 1003 739 1798 775; baseline 0 -10"><span class='ocrx_word' id='word_1_252' title='bbox 1003 739 1258 771; x_wconf 79' lang='lat' dir='ltr'><strong>demonstratione,</strong></span> <span class='ocrx_word' id='word_1_253' title='bbox 1286 740 1397 768; x_wconf 71' lang='lat' dir='ltr'><strong>Judzeos</strong></span> <span class='ocrx_word' id='word_1_254' title='bbox 1427 745 1525 775; x_wconf 89' lang='lat' dir='ltr'><strong>putant</strong></span> <span class='ocrx_word' id='word_1_255' title='bbox 1559 739 1722 772; x_wconf 87' lang='lat' dir='ltr'><strong>adhortari,</strong></span> <span class='ocrx_word' id='word_1_256' title='bbox 1751 739 1798 773; x_wconf 92' lang='lat' dir='ltr'><strong>qui</strong></span> 
     </span>
    </p>
   </div>
   <div class='ocr_carea' id='block_1_37' title="bbox 1004 785 1798 816">
    <p class='ocr_par' dir='ltr' id='par_1_37' title="bbox 1004 785 1798 816">
     <span class='ocr_line' id='line_1_37' title="bbox 1004 785 1798 816; baseline -0.005 -3"><span class='ocrx_word' id='word_1_257' title='bbox 1004 793 1084 813; x_wconf 88' lang='lat' dir='ltr'><strong>suum</strong></span> <span class='ocrx_word' id='word_1_258' title='bbox 1097 785 1180 813; x_wconf 84' lang='lat' dir='ltr'><strong>etiam</strong></span> <span class='ocrx_word' id='word_1_259' title='bbox 1193 785 1340 812; x_wconf 78' lang='lat' dir='ltr'><strong>adventum</strong></span> <span class='ocrx_word' id='word_1_260' title='bbox 1356 785 1513 816; x_wconf 82' lang='lat' dir='ltr'><strong>detmntiet.</strong></span> <span class='ocrx_word' id='word_1_261' title='bbox 1530 786 1578 813; x_wconf 89' lang='lat' dir='ltr'><strong>sed</strong></span> <span class='ocrx_word' id='word_1_262' title='bbox 1597 793 1650 812; x_wconf 91' lang='lat' dir='ltr'><strong>non</strong></span> <span class='ocrx_word' id='word_1_263' title='bbox 1664 793 1719 812; x_wconf 81' lang='lat' dir='ltr'><strong>uno</strong></span> <span class='ocrx_word' id='word_1_264' title='bbox 1734 792 1798 811; x_wconf 89' lang='lat' dir='ltr'><strong>eum</strong></span> 
     </span>
    </p>
   </div>
   <div class='ocr_carea' id='block_1_38' title="bbox 1005 830 1800 866">
    <p class='ocr_par' dir='ltr' id='par_1_38' title="bbox 1005 830 1800 866">
     <span class='ocr_line' id='line_1_38' title="bbox 1005 830 1800 866; baseline -0.001 -8"><span class='ocrx_word' id='word_1_265' title='bbox 1005 831 1093 866; x_wconf 85' lang='lat' dir='ltr'><strong>ipsum</strong></span> <span class='ocrx_word' id='word_1_266' title='bbox 1113 831 1194 859; x_wconf 88' lang='lat' dir='ltr'><strong>tnodo</strong></span> <span class='ocrx_word' id='word_1_267' title='bbox 1211 831 1339 865; x_wconf 69' lang='lat' dir='ltr'><strong>intelligi.</strong></span> <span class='ocrx_word' id='word_1_268' title='bbox 1356 841 1365 858; x_wconf 74' lang='grc' dir='ltr'>ι</span> <span class='ocrx_word' id='word_1_269' title='bbox 1379 831 1437 859; x_wconf 88' lang='lat' dir='ltr'><strong>Non</strong></span> <span class='ocrx_word' id='word_1_270' title='bbox 1456 832 1541 863; x_wconf 85' lang='lat' dir='ltr'><strong>enim,</strong></span> <span class='ocrx_word' id='word_1_271' title='bbox 1560 832 1660 866; x_wconf 83' lang='lat' dir='ltr'><strong>inquit,</strong></span> <span class='ocrx_word' id='word_1_272' title='bbox 1672 830 1800 858; x_wconf 73' lang='lat' dir='ltr'><strong>civitates</strong></span> 
     </span>
    </p>
   </div>
   <div class='ocr_carea' id='block_1_39' title="bbox 1004 877 1797 910">
    <p class='ocr_par' dir='ltr' id='par_1_39' title="bbox 1004 877 1797 910">
     <span class='ocr_line' id='line_1_39' title="bbox 1004 877 1797 910; baseline -0.004 -5"><span class='ocrx_word' id='word_1_273' title='bbox 1004 877 1087 905; x_wconf 87' lang='lat' dir='ltr'><strong>Israel</strong></span> <span class='ocrx_word' id='word_1_274' title='bbox 1103 878 1289 910; x_wconf 81' lang='lat' dir='ltr'><strong>confeceritis,</strong></span> <span class='ocrx_word' id='word_1_275' title='bbox 1307 878 1394 906; x_wconf 90' lang='lat' dir='ltr'><strong>donec</strong></span> <span class='ocrx_word' id='word_1_276' title='bbox 1407 878 1496 905; x_wconf 83' lang='lat' dir='ltr'><strong>veniat</strong></span> <span class='ocrx_word' id='word_1_277' title='bbox 1509 877 1595 905; x_wconf 82' lang='lat' dir='ltr'><strong>Filius</strong></span> <span class='ocrx_word' id='word_1_278' title='bbox 1609 877 1727 905; x_wconf 85' lang='lat' dir='ltr'><strong>hominis</strong></span> <span class='ocrx_word' id='word_1_279' title='bbox 1735 877 1771 909; x_wconf 77' lang='lat'><strong>&quot;,</strong></span> <span class='ocrx_word' id='word_1_280' title='bbox 1787 885 1797 901; x_wconf 75' lang='grc' dir='ltr'><strong><em>ι</em></strong></span> 
     </span>
    </p>
   </div>
   <div class='ocr_carea' id='block_1_40' title="bbox 1003 922 1799 959">
    <p class='ocr_par' dir='ltr' id='par_1_40' title="bbox 1003 922 1799 959">
     <span class='ocr_line' id='line_1_40' title="bbox 1003 922 1799 959; baseline -0.004 -8"><span class='ocrx_word' id='word_1_281' title='bbox 1003 924 1078 959; x_wconf 91' lang='lat' dir='ltr'><strong>quod</strong></span> <span class='ocrx_word' id='word_1_282' title='bbox 1091 928 1135 952; x_wconf 85' lang='lat' dir='ltr'><strong>est</strong></span> <span class='ocrx_word' id='word_1_283' title='bbox 1150 925 1186 951; x_wconf 86' lang='lat' dir='ltr'><strong>ab</strong></span> <span class='ocrx_word' id='word_1_284' title='bbox 1212 931 1246 951; x_wconf 92' lang='lat' dir='ltr'><strong>eo</strong></span> <span class='ocrx_word' id='word_1_285' title='bbox 1262 928 1438 959; x_wconf 87' lang='lat' dir='ltr'><strong>ttsurpatum,</strong></span> <span class='ocrx_word' id='word_1_286' title='bbox 1462 931 1518 951; x_wconf 92' lang='lat' dir='ltr'><strong>non</strong></span> <span class='ocrx_word' id='word_1_287' title='bbox 1543 923 1665 958; x_wconf 85' lang='lat' dir='ltr'><strong>quidem,</strong></span> <span class='ocrx_word' id='word_1_288' title='bbox 1690 927 1720 949; x_wconf 90' lang='lat' dir='ltr'><strong>ut</strong></span> <span class='ocrx_word' id='word_1_289' title='bbox 1737 922 1799 957; x_wconf 74' lang='lat' dir='ltr'><strong>glo-</strong></span> 
     </span>
    </p>
   </div>
   <div class='ocr_carea' id='block_1_41' title="bbox 1004 969 1800 1002">
    <p class='ocr_par' dir='ltr' id='par_1_41' title="bbox 1004 969 1800 1002">
     <span class='ocr_line' id='line_1_41' title="bbox 1004 969 1800 1002; baseline -0.004 -5"><span class='ocrx_word' id='word_1_290' title='bbox 1004 970 1109 997; x_wconf 89' lang='lat' dir='ltr'><strong>riosum</strong></span> <span class='ocrx_word' id='word_1_291' title='bbox 1122 970 1283 1002; x_wconf 85' lang='lat' dir='ltr'><strong>adventum,</strong></span> <span class='ocrx_word' id='word_1_292' title='bbox 1304 970 1350 998; x_wconf 88' lang='lat' dir='ltr'><strong>sed</strong></span> <span class='ocrx_word' id='word_1_293' title='bbox 1371 974 1401 996; x_wconf 92' lang='lat' dir='ltr'><strong>ut</strong></span> <span class='ocrx_word' id='word_1_294' title='bbox 1416 969 1515 997; x_wconf 82' lang='lat' dir='ltr'><strong>eﬂ‘ectu</strong></span> <span class='ocrx_word' id='word_1_295' title='bbox 1534 976 1615 997; x_wconf 86' lang='lat' dir='ltr'><strong>suum</strong></span> <span class='ocrx_word' id='word_1_296' title='bbox 1631 969 1664 995; x_wconf 90' lang='lat' dir='ltr'><strong>ad</strong></span> <span class='ocrx_word' id='word_1_297' title='bbox 1683 976 1732 996; x_wconf 85' lang='lat' dir='ltr'><strong>eos</strong></span> <span class='ocrx_word' id='word_1_298' title='bbox 1754 975 1800 994; x_wconf 84' lang='lat' dir='ltr'><strong>ac-</strong></span> 
     </span>
    </p>
   </div>
   <div class='ocr_carea' id='block_1_42' title="bbox 1005 1015 1801 1048">
    <p class='ocr_par' dir='ltr' id='par_1_42' title="bbox 1005 1015 1801 1048">
     <span class='ocr_line' id='line_1_42' title="bbox 1005 1015 1801 1048; baseline -0.006 -5"><span class='ocrx_word' id='word_1_299' title='bbox 1005 1023 1115 1044; x_wconf 85' lang='lat' dir='ltr'><strong>cessum</strong></span> <span class='ocrx_word' id='word_1_300' title='bbox 1129 1016 1344 1048; x_wconf 76' lang='lat' dir='ltr'><strong>demonstraret,</strong></span> <span class='ocrx_word' id='word_1_301' title='bbox 1361 1020 1391 1042; x_wconf 91' lang='lat' dir='ltr'><strong>ut</strong></span> <span class='ocrx_word' id='word_1_302' title='bbox 1410 1019 1438 1043; x_wconf 86' lang='lat' dir='ltr'><strong>et</strong></span> <span class='ocrx_word' id='word_1_303' title='bbox 1455 1016 1507 1043; x_wconf 89' lang='lat' dir='ltr'><strong>hoc</strong></span> <span class='ocrx_word' id='word_1_304' title='bbox 1532 1015 1592 1042; x_wconf 89' lang='lat' dir='ltr'><strong>loco</strong></span> <span class='ocrx_word' id='word_1_305' title='bbox 1609 1021 1690 1042; x_wconf 85' lang='lat' dir='ltr'><strong>suam</strong></span> <span class='ocrx_word' id='word_1_306' title='bbox 1707 1015 1735 1040; x_wconf 90' lang='lat' dir='ltr'><strong>in</strong></span> <span class='ocrx_word' id='word_1_307' title='bbox 1751 1020 1801 1039; x_wconf 86' lang='lat' dir='ltr'><strong>eos</strong></span> 
     </span>
    </p>
   </div>
   <div class='ocr_carea' id='block_1_43' title="bbox 1007 1059 1801 1096">
    <p class='ocr_par' dir='ltr' id='par_1_43' title="bbox 1007 1059 1801 1096">
     <span class='ocr_line' id='line_1_43' title="bbox 1007 1059 1801 1096; baseline -0.003 -9"><span class='ocrx_word' id='word_1_308' title='bbox 1007 1061 1220 1096; x_wconf 78' lang='lat' dir='ltr'><strong>propensionem</strong></span> <span class='ocrx_word' id='word_1_309' title='bbox 1247 1066 1274 1088; x_wconf 89' lang='lat' dir='ltr'><strong>et</strong></span> <span class='ocrx_word' id='word_1_310' title='bbox 1299 1069 1407 1094; x_wconf 90' lang='lat' dir='ltr'><strong>curam,</strong></span> <span class='ocrx_word' id='word_1_311' title='bbox 1429 1069 1464 1088; x_wconf 86' lang='lat' dir='ltr'><strong>eo</strong></span> <span class='ocrx_word' id='word_1_312' title='bbox 1488 1061 1559 1095; x_wconf 87' lang='lat' dir='ltr'><strong>ipso,</strong></span> <span class='ocrx_word' id='word_1_313' title='bbox 1585 1059 1659 1095; x_wconf 90' lang='lat' dir='ltr'><strong>quod</strong></span> <span class='ocrx_word' id='word_1_314' title='bbox 1689 1059 1752 1086; x_wconf 89' lang='lat' dir='ltr'><strong>illos</strong></span> <span class='ocrx_word' id='word_1_315' title='bbox 1767 1065 1801 1085; x_wconf 78' lang='lat' dir='ltr'><strong>ex</strong></span> 
     </span>
    </p>
   </div>
   <div class='ocr_carea' id='block_1_44' title="bbox 1005 1105 1800 1143">
    <p class='ocr_par' dir='ltr' id='par_1_44' title="bbox 1005 1105 1800 1143">
     <span class='ocr_line' id='line_1_44' title="bbox 1005 1105 1800 1143; baseline -0.006 -8"><span class='ocrx_word' id='word_1_316' title='bbox 1005 1107 1126 1143; x_wconf 79' lang='lat' dir='ltr'><strong>gentibus</strong></span> <span class='ocrx_word' id='word_1_317' title='bbox 1138 1107 1277 1138; x_wconf 78' lang='lat' dir='ltr'><strong>manibus,</strong></span> <span class='ocrx_word' id='word_1_318' title='bbox 1292 1107 1319 1134; x_wconf 91' lang='lat' dir='ltr'><strong>in</strong></span> <span class='ocrx_word' id='word_1_319' title='bbox 1346 1114 1416 1141; x_wconf 86' lang='lat' dir='ltr'><strong>quas</strong></span> <span class='ocrx_word' id='word_1_320' title='bbox 1429 1106 1546 1140; x_wconf 85' lang='lat' dir='ltr'><strong>dispersi</strong></span> <span class='ocrx_word' id='word_1_321' title='bbox 1573 1105 1684 1140; x_wconf 80' lang='lat' dir='ltr'><strong>linguas</strong></span> <span class='ocrx_word' id='word_1_322' title='bbox 1704 1111 1800 1131; x_wconf 89' lang='lat' dir='ltr'><strong>eorum</strong></span> 
     </span>
    </p>
   </div>
   <div class='ocr_carea' id='block_1_45' title="bbox 1008 1149 1800 1187">
    <p class='ocr_par' dir='ltr' id='par_1_45' title="bbox 1008 1149 1800 1187">
     <span class='ocr_line' id='line_1_45' title="bbox 1008 1149 1800 1187; baseline -0.005 -8"><span class='ocrx_word' id='word_1_323' title='bbox 1008 1152 1176 1184; x_wconf 85' lang='lat' dir='ltr'><strong>didicerunt,</strong></span> <span class='ocrx_word' id='word_1_324' title='bbox 1191 1157 1412 1187; x_wconf 77' lang='lat' dir='ltr'><strong>congregatarum</strong></span> <span class='ocrx_word' id='word_1_325' title='bbox 1424 1159 1454 1179; x_wconf 86' lang='lat' dir='ltr'><strong>se</strong></span> <span class='ocrx_word' id='word_1_326' title='bbox 1473 1151 1621 1187; x_wconf 71' lang='lat' dir='ltr'><strong>significat.</strong></span> <span class='ocrx_word' id='word_1_327' title='bbox 1638 1149 1717 1183; x_wconf 84' lang='lat' dir='ltr'><strong>Quod</strong></span> <span class='ocrx_word' id='word_1_328' title='bbox 1737 1157 1800 1176; x_wconf 87' lang='lat' dir='ltr'><strong>cum</strong></span> 
     </span>
    </p>
   </div>
   <div class='ocr_carea' id='block_1_46' title="bbox 161 1197 1800 1236">
    <p class='ocr_par' dir='ltr' id='par_1_46' title="bbox 161 1197 1800 1236">
     <span class='ocr_line' id='line_1_46' title="bbox 161 1197 1800 1236; baseline -0.002 -9"><span class='ocrx_word' id='word_1_329' title='bbox 161 1207 210 1227; x_wconf 84' lang='lat' dir='ltr'><strong>eos</strong></span> <span class='ocrx_word' id='word_1_330' title='bbox 237 1200 382 1235; x_wconf 85' lang='lat' dir='ltr'><strong>aspernari</strong></span> <span class='ocrx_word' id='word_1_331' title='bbox 405 1200 578 1236; x_wconf 74' lang='lat' dir='ltr'><strong>coatigisset,</strong></span> <span class='ocrx_word' id='word_1_332' title='bbox 604 1204 670 1228; x_wconf 85' lang='lat' dir='ltr'><strong>sunt</strong></span> <span class='ocrx_word' id='word_1_333' title='bbox 687 1207 702 1226; x_wconf 87' lang='lat' dir='ltr'><strong>a</strong></span> <span class='ocrx_word' id='word_1_334' title='bbox 731 1200 842 1228; x_wconf 81' lang='lat' dir='ltr'><strong>Christo</strong></span> <span class='ocrx_word' id='word_1_335' title='bbox 863 1205 952 1235; x_wconf 75' lang='lat' dir='ltr'><strong>gentes</strong></span> <span class='ocrx_word' id='word_1_336' title='bbox 971 1205 1153 1236; x_wconf 68' lang='lat' dir='ltr'><strong>congregant,</strong></span> <span class='ocrx_word' id='word_1_337' title='bbox 1174 1208 1235 1235; x_wconf 66' lang='lat' dir='ltr'><strong>quae</strong></span> <span class='ocrx_word' id='word_1_338' title='bbox 1265 1204 1292 1227; x_wconf 90' lang='lat' dir='ltr'><strong>et</strong></span> <span class='ocrx_word' id='word_1_339' title='bbox 1311 1199 1377 1234; x_wconf 61' lang='lat' dir='ltr'><strong>ips-te</strong></span> <span class='ocrx_word' id='word_1_340' title='bbox 1409 1201 1523 1232; x_wconf 79' lang='lat' dir='ltr'><strong>uenient,</strong></span> <span class='ocrx_word' id='word_1_341' title='bbox 1547 1198 1688 1234; x_wconf 80' lang='lat' dir='ltr'><strong>apostolos</strong></span> <span class='ocrx_word' id='word_1_342' title='bbox 1712 1197 1800 1232; x_wconf 76' lang='lat' dir='ltr'><strong>ipsos,</strong></span> 
     </span>
    </p>
   </div>
   <div class='ocr_carea' id='block_1_47' title="bbox 162 1244 1804 1284">
    <p class='ocr_par' dir='ltr' id='par_1_47' title="bbox 162 1244 1804 1284">
     <span class='ocr_line' id='line_1_47' title="bbox 162 1244 1804 1284; baseline -0.001 -11"><span class='ocrx_word' id='word_1_343' title='bbox 162 1254 178 1273; x_wconf 73' lang='grc' dir='ltr'><strong>ο</strong></span> <span class='ocrx_word' id='word_1_344' title='bbox 194 1246 295 1281; x_wconf 81' lang='lat' dir='ltr'><strong>quibus</strong></span> <span class='ocrx_word' id='word_1_345' title='bbox 307 1248 397 1275; x_wconf 82' lang='lat' dir='ltr'><strong>vocati</strong></span> <span class='ocrx_word' id='word_1_346' title='bbox 412 1252 499 1282; x_wconf 83' lang='lat' dir='ltr'><strong>sunt,</strong></span> <span class='ocrx_word' id='word_1_347' title='bbox 520 1247 549 1275; x_wconf 89' lang='lat' dir='ltr'><strong>in</strong></span> <span class='ocrx_word' id='word_1_348' title='bbox 571 1247 703 1275; x_wconf 89' lang='lat' dir='ltr'><strong>memoria</strong></span> <span class='ocrx_word' id='word_1_349' title='bbox 720 1247 864 1281; x_wconf 81' lang='lat' dir='ltr'><strong>habentes,</strong></span> <span class='ocrx_word' id='word_1_350' title='bbox 880 1248 942 1276; x_wconf 89' lang='lat' dir='ltr'><strong>illos</strong></span> <span class='ocrx_word' id='word_1_351' title='bbox 961 1248 1102 1276; x_wconf 82' lang='lat' dir='ltr'><strong>imitantes</strong></span> <span class='ocrx_word' id='word_1_352' title='bbox 1117 1256 1123 1275; x_wconf 93' lang='lat'><strong>:</strong></span> <span class='ocrx_word' id='word_1_353' title='bbox 1158 1255 1275 1284; x_wconf 88' lang='lat' dir='ltr'><strong>quarum</strong></span> <span class='ocrx_word' id='word_1_354' title='bbox 1292 1247 1376 1275; x_wconf 89' lang='lat' dir='ltr'><strong>animi</strong></span> <span class='ocrx_word' id='word_1_355' title='bbox 1410 1246 1581 1274; x_wconf 83' lang='lat' dir='ltr'><strong>alacritatem</strong></span> <span class='ocrx_word' id='word_1_356' title='bbox 1597 1253 1646 1282; x_wconf 89' lang='lat' dir='ltr'><strong>per</strong></span> <span class='ocrx_word' id='word_1_357' title='bbox 1676 1244 1804 1273; x_wconf 85' lang='lat' dir='ltr'><strong>vehicula</strong></span> 
     </span>
    </p>
   </div>
   <div class='ocr_carea' id='block_1_48' title="bbox 162 1293 950 1330">
    <p class='ocr_par' dir='ltr' id='par_1_48' title="bbox 162 1293 950 1330">
     <span class='ocr_line' id='line_1_48' title="bbox 162 1293 950 1330; baseline 0.001 -8"><span class='ocrx_word' id='word_1_358' title='bbox 162 1293 265 1326; x_wconf 87' lang='lat' dir='ltr'><strong>innuit,</strong></span> <span class='ocrx_word' id='word_1_359' title='bbox 282 1301 345 1329; x_wconf 74' lang='lat' dir='ltr'><strong>quae</strong></span> <span class='ocrx_word' id='word_1_360' title='bbox 369 1294 447 1330; x_wconf 88' lang='lat' dir='ltr'><strong>prius</strong></span> <span class='ocrx_word' id='word_1_361' title='bbox 463 1294 673 1329; x_wconf 76' lang='lat' dir='ltr'><strong>signiﬁcabatur</strong></span> <span class='ocrx_word' id='word_1_362' title='bbox 693 1302 741 1330; x_wconf 88' lang='lat' dir='ltr'><strong>per</strong></span> <span class='ocrx_word' id='word_1_363' title='bbox 758 1295 890 1323; x_wconf 81' lang='lat' dir='ltr'><strong>eunuchi.</strong></span> <span class='ocrx_word' id='word_1_364' title='bbox 912 1313 920 1323; x_wconf 88' lang='lat'><strong>.</strong></span> <span class='ocrx_word' id='word_1_365' title='bbox 941 1315 950 1324; x_wconf 92' lang='lat'><strong>.</strong></span> 
     </span>
    </p>
   </div>
   <div class='ocr_carea' id='block_1_49' title="bbox 199 1371 758 1406">
    <p class='ocr_par' dir='ltr' id='par_1_49' title="bbox 199 1371 758 1406">
     <span class='ocr_line' id='line_1_49' title="bbox 199 1371 758 1406; baseline 0.004 -6"><span class='ocrx_word' id='word_1_366' title='bbox 199 1372 223 1389; x_wconf 87' lang='lat'><strong>&quot;</strong></span> <span class='ocrx_word' id='word_1_367' title='bbox 238 1371 333 1400; x_wconf 83' lang='lat' dir='ltr'><strong>Matth.</strong></span> <span class='ocrx_word' id='word_1_368' title='bbox 351 1380 417 1404; x_wconf 79' lang='lat' dir='ltr'><strong>xxv,</strong></span> <span class='ocrx_word' id='word_1_369' title='bbox 434 1372 481 1400; x_wconf 71' lang='grc'><strong>41.</strong></span> <span class='ocrx_word' id='word_1_370' title='bbox 499 1372 523 1389; x_wconf 79' lang='grc'><strong>⁸⁸</strong></span> <span class='ocrx_word' id='word_1_371' title='bbox 538 1373 637 1401; x_wconf 82' lang='lat' dir='ltr'><strong>Matth.</strong></span> <span class='ocrx_word' id='word_1_372' title='bbox 663 1382 693 1406; x_wconf 69' lang='grc' dir='ltr'><strong>ι,</strong></span> <span class='ocrx_word' id='word_1_373' title='bbox 712 1373 758 1402; x_wconf 76' lang='grc'><strong>25.</strong></span> 
     </span>
    </p>
   </div>
   <div class='ocr_carea' id='block_1_50' title="bbox 181 1467 1084 1486">
    <p class='ocr_par' dir='ltr' id='par_1_50' title="bbox 181 1467 1084 1486">
     <span class='ocr_line' id='line_1_50' title="bbox 181 1467 1084 1486; baseline -0.003 -1"><span class='ocrx_word' id='word_1_374' title='bbox 181 1467 1084 1486; x_wconf 54' lang='lat' dir='ltr'><strong>W—</strong></span> 
     </span>
    </p>
   </div>
   <div class='ocr_carea' id='block_1_51' title="bbox 947 1465 1803 1483">
    <p class='ocr_par' dir='ltr' id='par_1_51' title="bbox 947 1465 1803 1483">
     <span class='ocr_line' id='line_1_51' title="bbox 947 1465 1803 1483; baseline -0.001 0"><span class='ocrx_word' id='word_1_375' title='bbox 947 1465 1803 1483; x_wconf 45' lang='grc' dir='ltr'>Μ</span> 
     </span>
    </p>
   </div>
   <div class='ocr_carea' id='block_1_52' title="bbox 486 1555 1484 1624">
    <p class='ocr_par' dir='ltr' id='par_1_52' title="bbox 486 1555 1484 1624">
     <span class='ocr_line' id='line_1_52' title="bbox 486 1555 1484 1624; baseline -0.002 -3"><span class='ocrx_word' id='word_1_376' title='bbox 486 1562 1006 1622; x_wconf 82' lang='grc' dir='ltr'><strong>ΠΡΟΚΟΠΙΟΥ</strong></span> <span class='ocrx_word' id='word_1_377' title='bbox 1061 1555 1484 1624; x_wconf 62' lang='grc' dir='ltr'><strong>ΣΟΦΙΣΤᾸΟΥ</strong></span> 
     </span>
    </p>
   </div>
   <div class='ocr_carea' id='block_1_53' title="bbox 741 1660 1229 1730">
    <p class='ocr_par' dir='ltr' id='par_1_53' title="bbox 741 1660 1229 1730">
     <span class='ocr_line' id='line_1_53' title="bbox 741 1660 1229 1730; baseline -0.006 1"><span class='ocrx_word' id='word_1_378' title='bbox 741 1660 1229 1730; x_wconf 87' lang='grc' dir='ltr'><strong>ΕΠΙΣΤΟΛΑΙ.</strong></span> 
     </span>
    </p>
   </div>
   <div class='ocr_carea' id='block_1_54' title="bbox 323 1827 1652 1895">
    <p class='ocr_par' dir='ltr' id='par_1_54' title="bbox 323 1827 1652 1895">
     <span class='ocr_line' id='line_1_54' title="bbox 323 1827 1652 1895; baseline -0.002 0"><span class='ocrx_word' id='word_1_379' title='bbox 323 1829 691 1895; x_wconf 82' lang='lat' dir='ltr'><strong>PROCOPII</strong></span> <span class='ocrx_word' id='word_1_380' title='bbox 751 1827 1167 1893; x_wconf 60' lang='lat' dir='ltr'><strong>SOPHISTz‘lE</strong></span> <span class='ocrx_word' id='word_1_381' title='bbox 1220 1827 1652 1892; x_wconf 64' lang='lat' dir='ltr'><strong>EPISTOLZE.</strong></span> 
     </span>
    </p>
   </div>
   <div class='ocr_carea' id='block_1_55' title="bbox 507 1924 1473 1958">
    <p class='ocr_par' dir='ltr' id='par_1_55' title="bbox 507 1924 1473 1958">
     <span class='ocr_line' id='line_1_55' title="bbox 507 1924 1473 1958; baseline -0.002 -5"><span class='ocrx_word' id='word_1_382' title='bbox 507 1927 630 1958; x_wconf 82' lang='lat' dir='ltr'><strong>(Primum</strong></span> <span class='ocrx_word' id='word_1_383' title='bbox 652 1927 728 1952; x_wconf 61' lang='lat' dir='ltr'><strong>editae</strong></span> <span class='ocrx_word' id='word_1_384' title='bbox 749 1929 806 1952; x_wconf 82' lang='lat' dir='ltr'><strong>sunt</strong></span> <span class='ocrx_word' id='word_1_385' title='bbox 830 1925 861 1952; x_wconf 85' lang='lat' dir='ltr'><strong>ab</strong></span> <span class='ocrx_word' id='word_1_386' title='bbox 875 1925 942 1958; x_wconf 80' lang='lat' dir='ltr'><strong>Aug.</strong></span> <span class='ocrx_word' id='word_1_387' title='bbox 965 1925 1038 1957; x_wconf 68' lang='grc' dir='ltr'><strong>Μιιο,</strong></span> <span class='ocrx_word' id='word_1_388' title='bbox 1059 1924 1138 1952; x_wconf 75' lang='lat' dir='ltr'><strong>Class.</strong></span> <span class='ocrx_word' id='word_1_389' title='bbox 1164 1927 1265 1952; x_wconf 68' lang='lat' dir='ltr'><strong>Auctor.</strong></span> <span class='ocrx_word' id='word_1_390' title='bbox 1292 1929 1310 1951; x_wconf 88' lang='lat' dir='ltr'><strong>t.</strong></span> <span class='ocrx_word' id='word_1_391' title='bbox 1338 1926 1380 1957; x_wconf 86' lang='lat' dir='ltr'><strong>IV,</strong></span> <span class='ocrx_word' id='word_1_392' title='bbox 1404 1926 1473 1958; x_wconf 74' lang='lat'><strong>202.)</strong></span> 
     </span>
    </p>
   </div>
   <div class='ocr_carea' id='block_1_56' title="bbox 963 2004 998 2012">
    <p class='ocr_par' dir='ltr' id='par_1_56' title="bbox 963 2004 998 2012">
     <span class='ocr_line' id='line_1_56' title="bbox 963 2004 998 2012; baseline -0.057 0"><span class='ocrx_word' id='word_1_393' title='bbox 963 2004 998 2012; x_wconf 74' lang='grc'><strong>..-</strong></span> 
     </span>
    </p>
   </div>
   <div class='ocr_carea' id='block_1_57' title="bbox 926 2047 1097 2076">
    <p class='ocr_par' dir='ltr' id='par_1_57' title="bbox 926 2047 1097 2076">
     <span class='ocr_line' id='line_1_57' title="bbox 926 2047 1097 2076; baseline 0.006 -1"><span class='ocrx_word' id='word_1_394' title='bbox 926 2047 1097 2076; x_wconf 77' lang='lat' dir='ltr'><strong>MONITUM.</strong></span> 
     </span>
    </p>
   </div>
   <div class='ocr_carea' id='block_1_58' title="bbox 207 2094 1812 2135">
    <p class='ocr_par' dir='ltr' id='par_1_58' title="bbox 207 2094 1812 2135">
     <span class='ocr_line' id='line_1_58' title="bbox 207 2094 1812 2135; baseline -0.006 -6"><span class='ocrx_word' id='word_1_395' title='bbox 207 2099 330 2135; x_wconf 84' lang='lat' dir='ltr'><strong>Procopii</strong></span> <span class='ocrx_word' id='word_1_396' title='bbox 344 2098 445 2131; x_wconf 65' lang='lat' dir='ltr'><strong>Gazml,</strong></span> <span class='ocrx_word' id='word_1_397' title='bbox 461 2105 541 2134; x_wconf 86' lang='lat' dir='ltr'><strong>quem</strong></span> <span class='ocrx_word' id='word_1_398' title='bbox 566 2098 705 2126; x_wconf 87' lang='lat' dir='ltr'><strong>rhetorem</strong></span> <span class='ocrx_word' id='word_1_399' title='bbox 726 2097 859 2133; x_wconf 84' lang='lat' dir='ltr'><strong>optimum</strong></span> <span class='ocrx_word' id='word_1_400' title='bbox 876 2097 939 2124; x_wconf 89' lang='lat' dir='ltr'><strong>cod.</strong></span> <span class='ocrx_word' id='word_1_401' title='bbox 959 2096 1020 2124; x_wconf 73' lang='grc'><strong>160.</strong></span> <span class='ocrx_word' id='word_1_402' title='bbox 1035 2095 1152 2132; x_wconf 83' lang='lat' dir='ltr'><strong>appellat</strong></span> <span class='ocrx_word' id='word_1_403' title='bbox 1173 2095 1296 2128; x_wconf 85' lang='lat' dir='ltr'><strong>Photins.</strong></span> <span class='ocrx_word' id='word_1_404' title='bbox 1315 2096 1452 2124; x_wconf 88' lang='lat' dir='ltr'><strong>luculenta</strong></span> <span class='ocrx_word' id='word_1_405' title='bbox 1470 2100 1560 2124; x_wconf 84' lang='lat' dir='ltr'><strong>autem</strong></span> <span class='ocrx_word' id='word_1_406' title='bbox 1577 2095 1701 2123; x_wconf 70' lang='lat' dir='ltr'><strong>oratiouna</strong></span> <span class='ocrx_word' id='word_1_407' title='bbox 1719 2102 1733 2122; x_wconf 88' lang='lat' dir='ltr'><strong>a</strong></span> <span class='ocrx_word' id='word_1_408' title='bbox 1759 2094 1812 2121; x_wconf 84' lang='lat' dir='ltr'><strong>Fa-</strong></span> 
     </span>
    </p>
   </div>
   <div class='ocr_carea' id='block_1_59' title="bbox 171 2141 1810 2181">
    <p class='ocr_par' dir='ltr' id='par_1_59' title="bbox 171 2141 1810 2181">
     <span class='ocr_line' id='line_1_59' title="bbox 171 2141 1810 2181; baseline -0.005 -5"><span class='ocrx_word' id='word_1_409' title='bbox 171 2148 257 2176; x_wconf 83' lang='lat' dir='ltr'><strong>bricio</strong></span> <span class='ocrx_word' id='word_1_410' title='bbox 272 2147 344 2175; x_wconf 86' lang='lat' dir='ltr'><strong>edita</strong></span> <span class='ocrx_word' id='word_1_411' title='bbox 368 2145 516 2181; x_wconf 80' lang='lat' dir='ltr'><strong>discipulus</strong></span> <span class='ocrx_word' id='word_1_412' title='bbox 533 2144 617 2180; x_wconf 88' lang='lat' dir='ltr'><strong>ipsius</strong></span> <span class='ocrx_word' id='word_1_413' title='bbox 629 2143 773 2172; x_wconf 86' lang='lat' dir='ltr'><strong>Choricius</strong></span> <span class='ocrx_word' id='word_1_414' title='bbox 786 2143 948 2176; x_wconf 79' lang='lat' dir='ltr'><strong>dilaudavit,</strong></span> <span class='ocrx_word' id='word_1_415' title='bbox 964 2143 1104 2178; x_wconf 70' lang='lat' dir='ltr'><strong>sexaginta</strong></span> <span class='ocrx_word' id='word_1_416' title='bbox 1116 2142 1180 2170; x_wconf 88' lang='lat' dir='ltr'><strong>olim</strong></span> <span class='ocrx_word' id='word_1_417' title='bbox 1194 2141 1304 2170; x_wconf 69' lang='lat' dir='ltr'><strong>Graecas</strong></span> <span class='ocrx_word' id='word_1_418' title='bbox 1317 2143 1449 2178; x_wconf 73' lang='lat' dir='ltr'><strong>epistolas</strong></span> <span class='ocrx_word' id='word_1_419' title='bbox 1458 2143 1542 2170; x_wconf 82' lang='lat' dir='ltr'><strong>Aldus</strong></span> <span class='ocrx_word' id='word_1_420' title='bbox 1558 2143 1585 2170; x_wconf 94' lang='lat' dir='ltr'><strong>in</strong></span> <span class='ocrx_word' id='word_1_421' title='bbox 1601 2142 1688 2170; x_wconf 88' lang='lat' dir='ltr'><strong>lucem</strong></span> <span class='ocrx_word' id='word_1_422' title='bbox 1702 2141 1810 2174; x_wconf 76' lang='lat' dir='ltr'><strong>extulit,</strong></span> 
     </span>
    </p>
   </div>
   <div class='ocr_carea' id='block_1_60' title="bbox 172 2189 1811 2229">
    <p class='ocr_par' dir='ltr' id='par_1_60' title="bbox 172 2189 1811 2229">
     <span class='ocr_line' id='line_1_60' title="bbox 172 2189 1811 2229; baseline -0.004 -7"><span class='ocrx_word' id='word_1_423' title='bbox 172 2202 260 2229; x_wconf 86' lang='lat' dir='ltr'><strong>neque</strong></span> <span class='ocrx_word' id='word_1_424' title='bbox 273 2194 364 2228; x_wconf 83' lang='lat' dir='ltr'><strong>plures</strong></span> <span class='ocrx_word' id='word_1_425' title='bbox 380 2193 408 2220; x_wconf 90' lang='lat' dir='ltr'><strong>in</strong></span> <span class='ocrx_word' id='word_1_426' title='bbox 421 2192 652 2228; x_wconf 83' lang='lat' dir='ltr'><strong>consequentibus</strong></span> <span class='ocrx_word' id='word_1_427' title='bbox 670 2191 834 2219; x_wconf 88' lang='lat' dir='ltr'><strong>editionibtts</strong></span> <span class='ocrx_word' id='word_1_428' title='bbox 846 2197 1039 2226; x_wconf 84' lang='lat' dir='ltr'><strong>apparuerunt.</strong></span> <span class='ocrx_word' id='word_1_429' title='bbox 1054 2190 1161 2225; x_wconf 82' lang='lat' dir='ltr'><strong>Reapsc</strong></span> <span class='ocrx_word' id='word_1_430' title='bbox 1175 2195 1203 2218; x_wconf 92' lang='lat' dir='ltr'><strong>et</strong></span> <span class='ocrx_word' id='word_1_431' title='bbox 1223 2191 1371 2221; x_wconf 85' lang='lat' dir='ltr'><strong>Vaticanus</strong></span> <span class='ocrx_word' id='word_1_432' title='bbox 1387 2192 1482 2220; x_wconf 66' lang='lat' dir='ltr'><strong>Suec-ae</strong></span> <span class='ocrx_word' id='word_1_433' title='bbox 1495 2192 1593 2226; x_wconf 70' lang='lat' dir='ltr'><strong>regina&#39;</strong></span> <span class='ocrx_word' id='word_1_434' title='bbox 1606 2191 1690 2218; x_wconf 78' lang='lat' dir='ltr'><strong>codex</strong></span> <span class='ocrx_word' id='word_1_435' title='bbox 1704 2199 1731 2217; x_wconf 81' lang='grc' dir='ltr'><strong>ιι.</strong></span> <span class='ocrx_word' id='word_1_436' title='bbox 1748 2189 1811 2217; x_wconf 81' lang='grc'><strong>159.</strong></span> 
     </span>
    </p>
   </div>
   <div class='ocr_carea' id='block_1_61' title="bbox 172 2238 1814 2278">
    <p class='ocr_par' dir='ltr' id='par_1_61' title="bbox 172 2238 1814 2278">
     <span class='ocr_line' id='line_1_61' title="bbox 172 2238 1814 2278; baseline -0.002 -10"><span class='ocrx_word' id='word_1_437' title='bbox 172 2246 349 2278; x_wconf 76' lang='lat' dir='ltr'><strong>przrnotatus,</strong></span> <span class='ocrx_word' id='word_1_438' title='bbox 365 2240 507 2274; x_wconf 73' lang='lat' dir='ltr'><strong>sexaginta</strong></span> <span class='ocrx_word' id='word_1_439' title='bbox 523 2240 584 2268; x_wconf 89' lang='lat' dir='ltr'><strong>illas</strong></span> <span class='ocrx_word' id='word_1_440' title='bbox 600 2241 632 2267; x_wconf 85' lang='lat' dir='ltr'><strong>ad</strong></span> <span class='ocrx_word' id='word_1_441' title='bbox 647 2239 777 2267; x_wconf 87' lang='lat' dir='ltr'><strong>amussim</strong></span> <span class='ocrx_word' id='word_1_442' title='bbox 788 2240 920 2272; x_wconf 87' lang='lat' dir='ltr'><strong>continet,</strong></span> <span class='ocrx_word' id='word_1_443' title='bbox 933 2239 1042 2275; x_wconf 87' lang='lat' dir='ltr'><strong>insuper</strong></span> <span class='ocrx_word' id='word_1_444' title='bbox 1054 2240 1165 2268; x_wconf 86' lang='lat' dir='ltr'><strong>nullam.</strong></span> <span class='ocrx_word' id='word_1_445' title='bbox 1185 2239 1238 2268; x_wconf 82' lang='lat' dir='ltr'><strong>Sed</strong></span> <span class='ocrx_word' id='word_1_446' title='bbox 1252 2247 1316 2268; x_wconf 88' lang='lat' dir='ltr'><strong>ecce</strong></span> <span class='ocrx_word' id='word_1_447' title='bbox 1330 2239 1398 2267; x_wconf 86' lang='lat' dir='ltr'><strong>alius</strong></span> <span class='ocrx_word' id='word_1_448' title='bbox 1408 2238 1554 2267; x_wconf 77' lang='lat' dir='ltr'><strong>Vaticanus</strong></span> <span class='ocrx_word' id='word_1_449' title='bbox 1564 2239 1646 2266; x_wconf 78' lang='lat' dir='ltr'><strong>codex</strong></span> <span class='ocrx_word' id='word_1_450' title='bbox 1661 2238 1722 2267; x_wconf 79' lang='grc'><strong>506.</strong></span> <span class='ocrx_word' id='word_1_451' title='bbox 1738 2239 1814 2272; x_wconf 80' lang='lat' dir='ltr'><strong>regio</strong></span> 
     </span>
    </p>
   </div>
   <div class='ocr_carea' id='block_1_62' title="bbox 173 2286 1812 2324">
    <p class='ocr_par' dir='ltr' id='par_1_62' title="bbox 173 2286 1812 2324">
     <span class='ocr_line' id='line_1_62' title="bbox 173 2286 1812 2324; baseline -0.005 -6"><span class='ocrx_word' id='word_1_452' title='bbox 173 2288 322 2324; x_wconf 80' lang='lat' dir='ltr'><strong>antiquior,</strong></span> <span class='ocrx_word' id='word_1_453' title='bbox 353 2289 543 2324; x_wconf 73' lang='lat' dir='ltr'><strong>bombycinus,</strong></span> <span class='ocrx_word' id='word_1_454' title='bbox 568 2287 698 2322; x_wconf 75' lang='lat' dir='ltr'><strong>majorem</strong></span> <span class='ocrx_word' id='word_1_455' title='bbox 725 2288 793 2315; x_wconf 79' lang='lat' dir='ltr'><strong>adeo</strong></span> <span class='ocrx_word' id='word_1_456' title='bbox 810 2287 899 2315; x_wconf 70' lang='lat' dir='ltr'><strong>Gazaai</strong></span> <span class='ocrx_word' id='word_1_457' title='bbox 914 2287 1038 2322; x_wconf 83' lang='lat' dir='ltr'><strong>Procopii</strong></span> <span class='ocrx_word' id='word_1_458' title='bbox 1055 2288 1231 2324; x_wconf 83' lang='lat' dir='ltr'><strong>epistularum</strong></span> <span class='ocrx_word' id='word_1_459' title='bbox 1251 2295 1393 2315; x_wconf 88' lang='lat' dir='ltr'><strong>numerum</strong></span> <span class='ocrx_word' id='word_1_460' title='bbox 1422 2287 1542 2320; x_wconf 77' lang='lat' dir='ltr'><strong>exhibet,</strong></span> <span class='ocrx_word' id='word_1_461' title='bbox 1579 2291 1610 2314; x_wconf 85' lang='lat' dir='ltr'><strong>ut</strong></span> <span class='ocrx_word' id='word_1_462' title='bbox 1627 2286 1687 2321; x_wconf 84' lang='lat' dir='ltr'><strong>plus</strong></span> <span class='ocrx_word' id='word_1_463' title='bbox 1702 2290 1812 2313; x_wconf 89' lang='lat' dir='ltr'><strong>centum</strong></span> 
     </span>
    </p>
   </div>
   <div class='ocr_carea' id='block_1_63' title="bbox 175 2331 1814 2370">
    <p class='ocr_par' dir='ltr' id='par_1_63' title="bbox 175 2331 1814 2370">
     <span class='ocr_line' id='line_1_63' title="bbox 175 2331 1814 2370; baseline -0.005 -6"><span class='ocrx_word' id='word_1_464' title='bbox 175 2337 293 2365; x_wconf 76' lang='lat' dir='ltr'><strong>ineditos</strong></span> <span class='ocrx_word' id='word_1_465' title='bbox 304 2342 366 2363; x_wconf 84' lang='lat' dir='ltr'><strong>esse</strong></span> <span class='ocrx_word' id='word_1_466' title='bbox 378 2334 562 2370; x_wconf 74' lang='lat' dir='ltr'><strong>cognoverim.</strong></span> <span class='ocrx_word' id='word_1_467' title='bbox 581 2333 637 2368; x_wconf 80' lang='lat' dir='ltr'><strong>Ego</strong></span> <span class='ocrx_word' id='word_1_468' title='bbox 651 2332 734 2369; x_wconf 77' lang='lat' dir='ltr'><strong>igitur</strong></span> <span class='ocrx_word' id='word_1_469' title='bbox 750 2341 803 2361; x_wconf 89' lang='lat' dir='ltr'><strong>non</strong></span> <span class='ocrx_word' id='word_1_470' title='bbox 819 2338 873 2360; x_wconf 85' lang='lat' dir='ltr'><strong>tam</strong></span> <span class='ocrx_word' id='word_1_471' title='bbox 899 2334 1018 2368; x_wconf 88' lang='lat' dir='ltr'><strong>ipsarqu</strong></span> <span class='ocrx_word' id='word_1_472' title='bbox 1038 2338 1198 2369; x_wconf 77' lang='lat' dir='ltr'><strong>argutnento</strong></span> <span class='ocrx_word' id='word_1_473' title='bbox 1215 2334 1377 2365; x_wconf 85' lang='lat' dir='ltr'><strong>delectatus,</strong></span> <span class='ocrx_word' id='word_1_474' title='bbox 1392 2333 1464 2368; x_wconf 88' lang='lat' dir='ltr'><strong>quod</strong></span> <span class='ocrx_word' id='word_1_475' title='bbox 1481 2333 1507 2360; x_wconf 94' lang='lat' dir='ltr'><strong>in</strong></span> <span class='ocrx_word' id='word_1_476' title='bbox 1528 2332 1673 2361; x_wconf 87' lang='lat' dir='ltr'><strong>levioribus</strong></span> <span class='ocrx_word' id='word_1_477' title='bbox 1694 2331 1814 2367; x_wconf 86' lang='lat' dir='ltr'><strong>plerum-</strong></span> 
     </span>
    </p>
   </div>
   <div class='ocr_carea' id='block_1_64' title="bbox 176 2379 1814 2420">
    <p class='ocr_par' dir='ltr' id='par_1_64' title="bbox 176 2379 1814 2420">
     <span class='ocr_line' id='line_1_64' title="bbox 176 2379 1814 2420; baseline -0.003 -9"><span class='ocrx_word' id='word_1_478' title='bbox 176 2391 230 2420; x_wconf 87' lang='lat' dir='ltr'><strong>que</strong></span> <span class='ocrx_word' id='word_1_479' title='bbox 241 2384 334 2416; x_wconf 85' lang='lat' dir='ltr'><strong>rebus,</strong></span> <span class='ocrx_word' id='word_1_480' title='bbox 363 2386 394 2410; x_wconf 86' lang='lat' dir='ltr'><strong>ut</strong></span> <span class='ocrx_word' id='word_1_481' title='bbox 421 2382 591 2409; x_wconf 82' lang='lat' dir='ltr'><strong>abundantes</strong></span> <span class='ocrx_word' id='word_1_482' title='bbox 613 2381 670 2409; x_wconf 91' lang='lat' dir='ltr'><strong>otio</strong></span> <span class='ocrx_word' id='word_1_483' title='bbox 693 2380 779 2409; x_wconf 65' lang='lat' dir='ltr'><strong>Graeci</strong></span> <span class='ocrx_word' id='word_1_484' title='bbox 805 2380 905 2414; x_wconf 84' lang='lat' dir='ltr'><strong>solent,</strong></span> <span class='ocrx_word' id='word_1_485' title='bbox 925 2385 1059 2415; x_wconf 83' lang='lat' dir='ltr'><strong>versatur,</strong></span> <span class='ocrx_word' id='word_1_486' title='bbox 1081 2389 1163 2416; x_wconf 81' lang='lat' dir='ltr'><strong>quam</strong></span> <span class='ocrx_word' id='word_1_487' title='bbox 1179 2381 1278 2408; x_wconf 77' lang='lat' dir='ltr'><strong>eximia</strong></span> <span class='ocrx_word' id='word_1_488' title='bbox 1293 2382 1356 2417; x_wconf 88' lang='lat' dir='ltr'><strong>styli</strong></span> <span class='ocrx_word' id='word_1_489' title='bbox 1374 2386 1517 2408; x_wconf 84' lang='lat' dir='ltr'><strong>venustate</strong></span> <span class='ocrx_word' id='word_1_490' title='bbox 1529 2385 1636 2415; x_wconf 87' lang='lat' dir='ltr'><strong>captus,</strong></span> <span class='ocrx_word' id='word_1_491' title='bbox 1652 2385 1681 2407; x_wconf 81' lang='lat' dir='ltr'><strong>et</strong></span> <span class='ocrx_word' id='word_1_492' title='bbox 1695 2379 1814 2408; x_wconf 81' lang='lat' dir='ltr'><strong>auctoris</strong></span> 
     </span>
    </p>
   </div>
   <div class='ocr_carea' id='block_1_65' title="bbox 175 2426 1813 2464">
    <p class='ocr_par' dir='ltr' id='par_1_65' title="bbox 175 2426 1813 2464">
     <span class='ocr_line' id='line_1_65' title="bbox 175 2426 1813 2464; baseline -0.004 -6"><span class='ocrx_word' id='word_1_493' title='bbox 175 2431 258 2458; x_wconf 84' lang='lat' dir='ltr'><strong>etiam</strong></span> <span class='ocrx_word' id='word_1_494' title='bbox 272 2429 343 2456; x_wconf 80' lang='lat' dir='ltr'><strong>fama</strong></span> <span class='ocrx_word' id='word_1_495' title='bbox 358 2433 386 2457; x_wconf 88' lang='lat' dir='ltr'><strong>et</strong></span> <span class='ocrx_word' id='word_1_496' title='bbox 399 2428 562 2464; x_wconf 86' lang='lat' dir='ltr'><strong>antiquitate</strong></span> <span class='ocrx_word' id='word_1_497' title='bbox 578 2432 742 2460; x_wconf 85' lang='lat' dir='ltr'><strong>commotus,</strong></span> <span class='ocrx_word' id='word_1_498' title='bbox 755 2433 888 2462; x_wconf 83' lang='lat' dir='ltr'><strong>quotquot</strong></span> <span class='ocrx_word' id='word_1_499' title='bbox 907 2432 985 2456; x_wconf 85' lang='lat' dir='ltr'><strong>erant</strong></span> <span class='ocrx_word' id='word_1_500' title='bbox 1001 2427 1145 2462; x_wconf 64' lang='lat' dir='ltr'><strong>incognitae</strong></span> <span class='ocrx_word' id='word_1_501' title='bbox 1175 2427 1324 2462; x_wconf 77' lang='lat' dir='ltr'><strong>vulgaodas</strong></span> <span class='ocrx_word' id='word_1_502' title='bbox 1341 2427 1447 2462; x_wconf 84' lang='lat' dir='ltr'><strong>suscepi</strong></span> <span class='ocrx_word' id='word_1_503' title='bbox 1466 2436 1473 2454; x_wconf 84' lang='lat'><strong>:</strong></span> <span class='ocrx_word' id='word_1_504' title='bbox 1494 2426 1599 2458; x_wconf 58' lang='lat' dir='ltr'><strong>Grates,</strong></span> <span class='ocrx_word' id='word_1_505' title='bbox 1614 2426 1737 2461; x_wconf 83' lang='lat' dir='ltr'><strong>inquam,</strong></span> <span class='ocrx_word' id='word_1_506' title='bbox 1758 2433 1813 2452; x_wconf 87' lang='lat' dir='ltr'><strong>non</strong></span> 
     </span>
    </p>
   </div>
   <div class='ocr_carea' id='block_1_66' title="bbox 175 2473 1573 2512">
    <p class='ocr_par' dir='ltr' id='par_1_66' title="bbox 175 2473 1573 2512">
     <span class='ocr_line' id='line_1_66' title="bbox 175 2473 1573 2512; baseline -0.002 -8"><span class='ocrx_word' id='word_1_507' title='bbox 175 2477 288 2510; x_wconf 81' lang='lat' dir='ltr'><strong>Latine;</strong></span> <span class='ocrx_word' id='word_1_508' title='bbox 304 2476 436 2512; x_wconf 87' lang='lat' dir='ltr'><strong>quoniam</strong></span> <span class='ocrx_word' id='word_1_509' title='bbox 454 2475 514 2503; x_wconf 89' lang='lat' dir='ltr'><strong>laus</strong></span> <span class='ocrx_word' id='word_1_510' title='bbox 528 2482 624 2502; x_wconf 89' lang='lat' dir='ltr'><strong>earum</strong></span> <span class='ocrx_word' id='word_1_511' title='bbox 648 2474 709 2510; x_wconf 85' lang='lat' dir='ltr'><strong>styli</strong></span> <span class='ocrx_word' id='word_1_512' title='bbox 731 2474 832 2509; x_wconf 88' lang='lat' dir='ltr'><strong>potius.</strong></span> <span class='ocrx_word' id='word_1_513' title='bbox 846 2479 874 2502; x_wconf 74' lang='lat' dir='ltr'><strong>ut</strong></span> <span class='ocrx_word' id='word_1_514' title='bbox 886 2474 951 2506; x_wconf 76' lang='lat' dir='ltr'><strong>dixi,</strong></span> <span class='ocrx_word' id='word_1_515' title='bbox 972 2474 1068 2501; x_wconf 87' lang='lat' dir='ltr'><strong>merito</strong></span> <span class='ocrx_word' id='word_1_516' title='bbox 1081 2481 1161 2509; x_wconf 88' lang='lat' dir='ltr'><strong>quam</strong></span> <span class='ocrx_word' id='word_1_517' title='bbox 1181 2474 1316 2509; x_wconf 76' lang='lat' dir='ltr'><strong>gravitate</strong></span> <span class='ocrx_word' id='word_1_518' title='bbox 1333 2474 1454 2501; x_wconf 71' lang='lat' dir='ltr'><strong>materia:</strong></span> <span class='ocrx_word' id='word_1_519' title='bbox 1469 2473 1573 2501; x_wconf 88' lang='lat' dir='ltr'><strong>nititur.</strong></span> 
     </span>
    </p>
   </div>
   <div class='ocr_carea' id='block_1_67' title="bbox 453 2586 1008 2625">
    <p class='ocr_par' dir='ltr' id='par_1_67' title="bbox 453 2586 1008 2625">
     <span class='ocr_line' id='line_1_67' title="bbox 453 2586 1008 2625; baseline -0.009 -11"><span class='ocrx_word' id='word_1_520' title='bbox 453 2588 493 2615; x_wconf 82' lang='lat' dir='ltr'><strong>A&#39;.</strong></span> <span class='ocrx_word' id='word_1_521' title='bbox 513 2586 703 2622; x_wconf 80' lang='grc' dir='ltr'><strong>ΙΕΡΟΝΥΜῼ.</strong></span> <span class='ocrx_word' id='word_1_522' title='bbox 985 2594 1008 2625; x_wconf 75' lang='lat' dir='ltr'>C</span> 
     </span>
    </p>
   </div>
   <div class='ocr_carea' id='block_1_68' title="bbox 217 2631 974 2672">
    <p class='ocr_par' dir='ltr' id='par_1_68' title="bbox 217 2631 974 2672">
     <span class='ocr_line' id='line_1_68' title="bbox 217 2631 974 2672; baseline -0.007 -8"><span class='ocrx_word' id='word_1_523' title='bbox 217 2636 292 2672; x_wconf 82' lang='grc' dir='ltr'><strong>Ἐγὼ</strong></span> <span class='ocrx_word' id='word_1_524' title='bbox 305 2636 355 2672; x_wconf 78' lang='grc' dir='ltr'><strong>μὲν</strong></span> <span class='ocrx_word' id='word_1_525' title='bbox 371 2634 452 2671; x_wconf 74' lang='grc' dir='ltr'><strong>ᾧμην</strong></span> <span class='ocrx_word' id='word_1_526' title='bbox 470 2643 500 2661; x_wconf 88' lang='grc' dir='ltr'><strong>σε</strong></span> <span class='ocrx_word' id='word_1_527' title='bbox 516 2634 562 2661; x_wconf 80' lang='grc' dir='ltr'><strong>τὸν</strong></span> <span class='ocrx_word' id='word_1_528' title='bbox 586 2632 683 2659; x_wconf 79' lang='grc' dir='ltr'>Νεῖλον</span> <span class='ocrx_word' id='word_1_529' title='bbox 705 2631 788 2659; x_wconf 79' lang='grc' dir='ltr'>πάλαι</span> <span class='ocrx_word' id='word_1_530' title='bbox 811 2631 974 2668; x_wconf 78' lang='grc' dir='ltr'>κατειληφέ-</span> 
     </span>
    </p>
   </div>
   <div class='ocr_carea' id='block_1_69' title="bbox 1291 2582 1544 2612">
    <p class='ocr_par' dir='ltr' id='par_1_69' title="bbox 1291 2582 1544 2612">
     <span class='ocr_line' id='line_1_69' title="bbox 1291 2582 1544 2612; baseline -0.008 -1"><span class='ocrx_word' id='word_1_531' title='bbox 1291 2585 1312 2612; x_wconf 86' lang='grc'><strong>1.</strong></span> <span class='ocrx_word' id='word_1_532' title='bbox 1332 2583 1459 2611; x_wconf 74' lang='lat' dir='ltr'><strong>IIII&#39;ZBON</strong></span> <span class='ocrx_word' id='word_1_533' title='bbox 1466 2582 1544 2611; x_wconf 80' lang='lat' dir='ltr'><strong>YMO.</strong></span> 
     </span>
    </p>
   </div>
   <div class='ocr_carea' id='block_1_70' title="bbox 1060 2631 1816 2667">
    <p class='ocr_par' dir='ltr' id='par_1_70' title="bbox 1060 2631 1816 2667">
     <span class='ocr_line' id='line_1_70' title="bbox 1060 2631 1816 2667; baseline -0.004 -7"><span class='ocrx_word' id='word_1_534' title='bbox 1060 2632 1146 2660; x_wconf 73' lang='lat' dir='ltr'><strong>Batus</strong></span> <span class='ocrx_word' id='word_1_535' title='bbox 1163 2632 1290 2667; x_wconf 88' lang='lat' dir='ltr'><strong>equidem</strong></span> <span class='ocrx_word' id='word_1_536' title='bbox 1310 2638 1336 2659; x_wconf 86' lang='lat' dir='ltr'><strong>te</strong></span> <span class='ocrx_word' id='word_1_537' title='bbox 1352 2632 1384 2658; x_wconf 83' lang='lat' dir='ltr'><strong>ad</strong></span> <span class='ocrx_word' id='word_1_538' title='bbox 1400 2631 1490 2658; x_wconf 84' lang='lat' dir='ltr'><strong>Nilqu</strong></span> <span class='ocrx_word' id='word_1_539' title='bbox 1516 2631 1679 2666; x_wconf 83' lang='lat' dir='ltr'><strong>jampridem</strong></span> <span class='ocrx_word' id='word_1_540' title='bbox 1695 2637 1816 2658; x_wconf 59' lang='lat' dir='ltr'><strong>commov</strong></span> 
     </span>
    </p>
   </div>
   <div class='ocr_carea' id='block_1_71' title="bbox 178 2678 972 2715">
    <p class='ocr_par' dir='ltr' id='par_1_71' title="bbox 178 2678 972 2715">
     <span class='ocr_line' id='line_1_71' title="bbox 178 2678 972 2715; baseline -0.011 -3"><span class='ocrx_word' id='word_1_541' title='bbox 178 2693 223 2712; x_wconf 87' lang='grc' dir='ltr'>ναι</span> <span class='ocrx_word' id='word_1_542' title='bbox 234 2692 241 2699; x_wconf 74' lang='grc'><strong><em>⁸</em></strong></span> <span class='ocrx_word' id='word_1_543' title='bbox 257 2683 305 2711; x_wconf 76' lang='grc' dir='ltr'>καὶ</span> <span class='ocrx_word' id='word_1_544' title='bbox 320 2682 453 2713; x_wconf 83' lang='grc' dir='ltr'><strong>πολλάκις</strong></span> <span class='ocrx_word' id='word_1_545' title='bbox 478 2680 517 2712; x_wconf 71' lang='grc' dir='ltr'><strong>εἱς</strong></span> <span class='ocrx_word' id='word_1_546' title='bbox 537 2680 647 2715; x_wconf 87' lang='grc' dir='ltr'>μνήμην</span> <span class='ocrx_word' id='word_1_547' title='bbox 669 2678 826 2713; x_wconf 75' lang='grc' dir='ltr'>λαμϐάνων,</span> <span class='ocrx_word' id='word_1_548' title='bbox 844 2678 924 2704; x_wconf 82' lang='grc' dir='ltr'><strong>τοῦτο</strong></span> <span class='ocrx_word' id='word_1_549' title='bbox 939 2678 972 2713; x_wconf 85' lang='grc' dir='ltr'><strong>δὴ</strong></span> 
     </span>
    </p>
   </div>
   <div class='ocr_carea' id='block_1_72' title="bbox 177 2723 973 2764">
    <p class='ocr_par' dir='ltr' id='par_1_72' title="bbox 177 2723 973 2764">
     <span class='ocr_line' id='line_1_72' title="bbox 177 2723 973 2764; baseline -0.01 -7"><span class='ocrx_word' id='word_1_550' title='bbox 177 2731 209 2757; x_wconf 67' lang='grc' dir='ltr'>τὸ</span> <span class='ocrx_word' id='word_1_551' title='bbox 217 2729 312 2760; x_wconf 70' lang='grc' dir='ltr'>εἰωθὸς</span> <span class='ocrx_word' id='word_1_552' title='bbox 322 2728 394 2764; x_wconf 71' lang='grc' dir='ltr'><strong>ἐμοὶ,</strong></span> <span class='ocrx_word' id='word_1_553' title='bbox 404 2728 448 2759; x_wconf 81' lang='grc' dir='ltr'><strong>Ὠς</strong></span> <span class='ocrx_word' id='word_1_554' title='bbox 455 2726 625 2761; x_wconf 81' lang='grc' dir='ltr'>εὐδαίμονες,</span> <span class='ocrx_word' id='word_1_555' title='bbox 634 2725 737 2759; x_wconf 72' lang='grc' dir='ltr'>ἔλεγον,</span> <span class='ocrx_word' id='word_1_556' title='bbox 747 2724 802 2756; x_wconf 77' lang='grc' dir='ltr'>τοῖς</span> <span class='ocrx_word' id='word_1_557' title='bbox 812 2723 973 2758; x_wconf 81' lang='grc' dir='ltr'>Αἰγυπτίοις</span> 
     </span>
    </p>
   </div>
   <div class='ocr_carea' id='block_1_73' title="bbox 178 2770 973 2808">
    <p class='ocr_par' dir='ltr' id='par_1_73' title="bbox 178 2770 973 2808">
     <span class='ocr_line' id='line_1_73' title="bbox 178 2770 973 2808; baseline -0.01 -5"><span class='ocrx_word' id='word_1_558' title='bbox 178 2777 203 2803; x_wconf 81' lang='grc' dir='ltr'><strong>οι</strong></span> <span class='ocrx_word' id='word_1_559' title='bbox 213 2775 320 2808; x_wconf 82' lang='grc' dir='ltr'>παῖδες,</span> <span class='ocrx_word' id='word_1_560' title='bbox 332 2774 416 2801; x_wconf 74' lang='grc' dir='ltr'>πάλαι</span> <span class='ocrx_word' id='word_1_561' title='bbox 434 2773 484 2808; x_wconf 80' lang='grc' dir='ltr'><strong>μὲν</strong></span> <span class='ocrx_word' id='word_1_562' title='bbox 495 2773 540 2799; x_wconf 75' lang='grc' dir='ltr'>τὸν</span> <span class='ocrx_word' id='word_1_563' title='bbox 553 2772 650 2799; x_wconf 76' lang='grc' dir='ltr'>Νεῖλον</span> <span class='ocrx_word' id='word_1_564' title='bbox 664 2771 772 2806; x_wconf 77' lang='grc' dir='ltr'>ἔχοντες</span> <span class='ocrx_word' id='word_1_565' title='bbox 785 2770 902 2805; x_wconf 72' lang='grc' dir='ltr'><strong>χορηγὸν</strong></span> <span class='ocrx_word' id='word_1_566' title='bbox 917 2770 973 2796; x_wconf 83' lang='grc' dir='ltr'>τῶν</span> 
     </span>
    </p>
   </div>
   <div class='ocr_carea' id='block_1_74' title="bbox 177 2816 971 2857">
    <p class='ocr_par' dir='ltr' id='par_1_74' title="bbox 177 2816 971 2857">
     <span class='ocr_line' id='line_1_74' title="bbox 177 2816 971 2857; baseline -0.009 -8"><span class='ocrx_word' id='word_1_567' title='bbox 177 2824 228 2849; x_wconf 80' lang='grc' dir='ltr'>ὅσα</span> <span class='ocrx_word' id='word_1_568' title='bbox 243 2821 337 2857; x_wconf 74' lang='grc' dir='ltr'>φέρειν</span> <span class='ocrx_word' id='word_1_569' title='bbox 352 2818 422 2847; x_wconf 74' lang='grc' dir='ltr'>οἶδεν</span> <span class='ocrx_word' id='word_1_570' title='bbox 436 2820 539 2850; x_wconf 79' lang='grc' dir='ltr'>ἐκεῖνος</span> <span class='ocrx_word' id='word_1_571' title='bbox 549 2828 556 2835; x_wconf 90' lang='grc'><strong>·</strong></span> <span class='ocrx_word' id='word_1_572' title='bbox 569 2819 628 2845; x_wconf 80' lang='grc' dir='ltr'>νυνὶ</span> <span class='ocrx_word' id='word_1_573' title='bbox 643 2817 671 2844; x_wconf 79' lang='grc' dir='ltr'><strong>δὲ</strong></span> <span class='ocrx_word' id='word_1_574' title='bbox 685 2817 731 2843; x_wconf 75' lang='grc' dir='ltr'>καὶ</span> <span class='ocrx_word' id='word_1_575' title='bbox 744 2817 794 2851; x_wconf 84' lang='grc' dir='ltr'>τὴν</span> <span class='ocrx_word' id='word_1_576' title='bbox 811 2816 860 2852; x_wconf 83' lang='grc' dir='ltr'>σὴν</span> <span class='ocrx_word' id='word_1_577' title='bbox 869 2816 971 2851; x_wconf 79' lang='grc' dir='ltr'>μοῦσαν</span> 
     </span>
    </p>
   </div>
   <div class='ocr_carea' id='block_1_75' title="bbox 179 2862 970 2904">
    <p class='ocr_par' dir='ltr' id='par_1_75' title="bbox 179 2862 970 2904">
     <span class='ocr_line' id='line_1_75' title="bbox 179 2862 970 2904; baseline -0.009 -9"><span class='ocrx_word' id='word_1_578' title='bbox 179 2867 374 2904; x_wconf 77' lang='grc' dir='ltr'>προειληφότες</span> <span class='ocrx_word' id='word_1_579' title='bbox 397 2866 475 2892; x_wconf 67' lang='grc' dir='ltr'>οὖδὲν</span> <span class='ocrx_word' id='word_1_580' title='bbox 502 2864 667 2900; x_wconf 82' lang='grc' dir='ltr'>ἀτιμοτέραν</span> <span class='ocrx_word' id='word_1_581' title='bbox 694 2862 742 2889; x_wconf 75' lang='grc' dir='ltr'><strong>τοῦ</strong></span> <span class='ocrx_word' id='word_1_582' title='bbox 771 2862 886 2894; x_wconf 72' lang='grc' dir='ltr'>Νείλου,</span> <span class='ocrx_word' id='word_1_583' title='bbox 906 2863 970 2898; x_wconf 84' lang='grc' dir='ltr'>παρ’</span> 
     </span>
    </p>
   </div>
   <div class='ocr_carea' id='block_1_76' title="bbox 179 2908 971 2951">
    <p class='ocr_par' dir='ltr' id='par_1_76' title="bbox 179 2908 971 2951">
     <span class='ocr_line' id='line_1_76' title="bbox 179 2908 971 2951; baseline -0.009 -10"><span class='ocrx_word' id='word_1_584' title='bbox 179 2915 241 2951; x_wconf 57' lang='lat' dir='ltr'><strong>limi.</strong></span> <span class='ocrx_word' id='word_1_585' title='bbox 256 2914 285 2943; x_wconf 74' lang='grc' dir='ltr'><em>δὲ</em></span> <span class='ocrx_word' id='word_1_586' title='bbox 301 2915 381 2950; x_wconf 70' lang='grc' dir='ltr'>κριτῇ</span> <span class='ocrx_word' id='word_1_587' title='bbox 402 2912 471 2948; x_wconf 75' lang='grc' dir='ltr'><strong>τάχα</strong></span> <span class='ocrx_word' id='word_1_588' title='bbox 490 2912 535 2939; x_wconf 78' lang='grc' dir='ltr'>καὶ</span> <span class='ocrx_word' id='word_1_589' title='bbox 550 2911 645 2948; x_wconf 74' lang='grc' dir='ltr'>μείζω.</span> <span class='ocrx_word' id='word_1_590' title='bbox 667 2910 697 2937; x_wconf 91' lang='lat'><strong>&#39;0</strong></span> <span class='ocrx_word' id='word_1_591' title='bbox 718 2909 767 2944; x_wconf 77' lang='grc' dir='ltr'><strong>μὲν</strong></span> <span class='ocrx_word' id='word_1_592' title='bbox 791 2908 845 2944; x_wconf 76' lang='grc' dir='ltr'>γὰρ</span> <span class='ocrx_word' id='word_1_593' title='bbox 857 2909 905 2944; x_wconf 82' lang='grc' dir='ltr'><strong>τὴν</strong></span> <span class='ocrx_word' id='word_1_594' title='bbox 917 2908 971 2944; x_wconf 83' lang='grc' dir='ltr'><strong>χώ-</strong></span> 
     </span>
    </p>
   </div>
   <div class='ocr_carea' id='block_1_77' title="bbox 1024 2677 1816 2713">
    <p class='ocr_par' dir='ltr' id='par_1_77' title="bbox 1024 2677 1816 2713">
     <span class='ocr_line' id='line_1_77' title="bbox 1024 2677 1816 2713; baseline -0.003 -7"><span class='ocrx_word' id='word_1_595' title='bbox 1024 2679 1091 2712; x_wconf 87' lang='lat' dir='ltr'><strong>rari,</strong></span> <span class='ocrx_word' id='word_1_596' title='bbox 1103 2679 1203 2713; x_wconf 67' lang='lat' dir='ltr'><strong>saepius</strong></span> <span class='ocrx_word' id='word_1_597' title='bbox 1219 2677 1284 2705; x_wconf 89' lang='lat' dir='ltr'><strong>mihi</strong></span> <span class='ocrx_word' id='word_1_598' title='bbox 1301 2678 1327 2704; x_wconf 94' lang='lat' dir='ltr'><strong>in</strong></span> <span class='ocrx_word' id='word_1_599' title='bbox 1339 2678 1510 2710; x_wconf 81' lang='lat' dir='ltr'><strong>memoriam,</strong></span> <span class='ocrx_word' id='word_1_600' title='bbox 1524 2677 1595 2712; x_wconf 88' lang='lat' dir='ltr'><strong>quod</strong></span> <span class='ocrx_word' id='word_1_601' title='bbox 1612 2677 1676 2704; x_wconf 89' lang='lat' dir='ltr'><strong>mihi</strong></span> <span class='ocrx_word' id='word_1_602' title='bbox 1692 2677 1816 2710; x_wconf 81' lang='lat' dir='ltr'><strong>solitum,</strong></span> 
     </span>
    </p>
   </div>
   <div class='ocr_carea' id='block_1_78' title="bbox 1024 2722 1816 2758">
    <p class='ocr_par' dir='ltr' id='par_1_78' title="bbox 1024 2722 1816 2758">
     <span class='ocr_line' id='line_1_78' title="bbox 1024 2722 1816 2758; baseline -0.004 -6"><span class='ocrx_word' id='word_1_603' title='bbox 1024 2724 1186 2752; x_wconf 84' lang='lat' dir='ltr'><strong>revocabant</strong></span> <span class='ocrx_word' id='word_1_604' title='bbox 1220 2731 1301 2758; x_wconf 83' lang='lat' dir='ltr'><strong>quam</strong></span> <span class='ocrx_word' id='word_1_605' title='bbox 1332 2723 1426 2751; x_wconf 79' lang='lat' dir='ltr'><strong>felices</strong></span> <span class='ocrx_word' id='word_1_606' title='bbox 1453 2723 1530 2756; x_wconf 85' lang='lat' dir='ltr'><strong>olitn,</strong></span> <span class='ocrx_word' id='word_1_607' title='bbox 1562 2723 1633 2758; x_wconf 82' lang='lat' dir='ltr'><strong>apud</strong></span> <span class='ocrx_word' id='word_1_608' title='bbox 1661 2722 1816 2758; x_wconf 61' lang='lat' dir='ltr'><strong>Egyptios,</strong></span> 
     </span>
    </p>
   </div>
   <div class='ocr_carea' id='block_1_79' title="bbox 1023 2769 1814 2805">
    <p class='ocr_par' dir='ltr' id='par_1_79' title="bbox 1023 2769 1814 2805">
     <span class='ocr_line' id='line_1_79' title="bbox 1023 2769 1814 2805; baseline -0.003 -8"><span class='ocrx_word' id='word_1_609' title='bbox 1023 2770 1099 2805; x_wconf 88' lang='lat' dir='ltr'><strong>pueri</strong></span> <span class='ocrx_word' id='word_1_610' title='bbox 1114 2769 1301 2804; x_wconf 85' lang='lat' dir='ltr'><strong>loquerentur,</strong></span> <span class='ocrx_word' id='word_1_611' title='bbox 1323 2770 1422 2804; x_wconf 88' lang='lat' dir='ltr'><strong>quibus</strong></span> <span class='ocrx_word' id='word_1_612' title='bbox 1434 2769 1512 2796; x_wconf 80' lang='lat' dir='ltr'><strong>Nilus</strong></span> <span class='ocrx_word' id='word_1_613' title='bbox 1530 2769 1590 2796; x_wconf 78' lang='lat' dir='ltr'><strong>forts</strong></span> <span class='ocrx_word' id='word_1_614' title='bbox 1609 2775 1669 2797; x_wconf 84' lang='lat' dir='ltr'><strong>erat</strong></span> <span class='ocrx_word' id='word_1_615' title='bbox 1693 2770 1814 2796; x_wconf 91' lang='lat' dir='ltr'><strong>omnium</strong></span> 
     </span>
    </p>
   </div>
   <div class='ocr_carea' id='block_1_80' title="bbox 1022 2815 1816 2853">
    <p class='ocr_par' dir='ltr' id='par_1_80' title="bbox 1022 2815 1816 2853">
     <span class='ocr_line' id='line_1_80' title="bbox 1022 2815 1816 2853; baseline -0.001 -10"><span class='ocrx_word' id='word_1_616' title='bbox 1022 2826 1084 2853; x_wconf 77' lang='lat' dir='ltr'><strong>qua:</strong></span> <span class='ocrx_word' id='word_1_617' title='bbox 1101 2817 1176 2845; x_wconf 88' lang='lat' dir='ltr'><strong>novit</strong></span> <span class='ocrx_word' id='word_1_618' title='bbox 1195 2817 1239 2845; x_wconf 83' lang='lat' dir='ltr'><strong>ille</strong></span> <span class='ocrx_word' id='word_1_619' title='bbox 1269 2816 1375 2851; x_wconf 75' lang='lat' dir='ltr'><strong>largiri,</strong></span> <span class='ocrx_word' id='word_1_620' title='bbox 1392 2821 1419 2843; x_wconf 90' lang='lat' dir='ltr'><strong>et</strong></span> <span class='ocrx_word' id='word_1_621' title='bbox 1437 2823 1518 2850; x_wconf 82' lang='lat' dir='ltr'><strong>quam</strong></span> <span class='ocrx_word' id='word_1_622' title='bbox 1546 2823 1619 2843; x_wconf 89' lang='lat' dir='ltr'><strong>nunc</strong></span> <span class='ocrx_word' id='word_1_623' title='bbox 1649 2815 1742 2842; x_wconf 79' lang='lat' dir='ltr'><strong>felices</strong></span> <span class='ocrx_word' id='word_1_624' title='bbox 1768 2815 1816 2849; x_wconf 87' lang='lat' dir='ltr'><strong>qui</strong></span> 
     </span>
    </p>
   </div>
   <div class='ocr_carea' id='block_1_81' title="bbox 1026 2859 1816 2896">
    <p class='ocr_par' dir='ltr' id='par_1_81' title="bbox 1026 2859 1816 2896">
     <span class='ocr_line' id='line_1_81' title="bbox 1026 2859 1816 2896; baseline -0.004 -7"><span class='ocrx_word' id='word_1_625' title='bbox 1026 2867 1070 2889; x_wconf 83' lang='lat' dir='ltr'><strong>tua</strong></span> <span class='ocrx_word' id='word_1_626' title='bbox 1090 2862 1240 2896; x_wconf 77' lang='lat' dir='ltr'><strong>gauderent</strong></span> <span class='ocrx_word' id='word_1_627' title='bbox 1253 2868 1329 2888; x_wconf 83' lang='lat' dir='ltr'><strong>musa</strong></span> <span class='ocrx_word' id='word_1_628' title='bbox 1341 2868 1402 2895; x_wconf 70' lang='lat' dir='ltr'><strong>qua:</strong></span> <span class='ocrx_word' id='word_1_629' title='bbox 1417 2860 1480 2886; x_wconf 87' lang='lat' dir='ltr'><strong>Nilo</strong></span> <span class='ocrx_word' id='word_1_630' title='bbox 1497 2867 1550 2886; x_wconf 88' lang='lat' dir='ltr'><strong>non</strong></span> <span class='ocrx_word' id='word_1_631' title='bbox 1561 2860 1649 2895; x_wconf 78' lang='lat' dir='ltr'><strong>pejor,</strong></span> <span class='ocrx_word' id='word_1_632' title='bbox 1663 2860 1709 2887; x_wconf 85' lang='lat' dir='ltr'><strong>sed</strong></span> <span class='ocrx_word' id='word_1_633' title='bbox 1722 2864 1749 2886; x_wconf 88' lang='lat' dir='ltr'><strong>ct</strong></span> <span class='ocrx_word' id='word_1_634' title='bbox 1759 2859 1816 2886; x_wconf 73' lang='lat' dir='ltr'><strong>for-</strong></span> 
     </span>
    </p>
   </div>
   <div class='ocr_carea' id='block_1_82' title="bbox 1026 2905 1816 2944">
    <p class='ocr_par' dir='ltr' id='par_1_82' title="bbox 1026 2905 1816 2944">
     <span class='ocr_line' id='line_1_82' title="bbox 1026 2905 1816 2944; baseline -0.006 -8"><span class='ocrx_word' id='word_1_635' title='bbox 1026 2916 1076 2936; x_wconf 82' lang='lat' dir='ltr'><strong>san</strong></span> <span class='ocrx_word' id='word_1_636' title='bbox 1087 2917 1129 2936; x_wconf 86' lang='lat' dir='ltr'><strong>me</strong></span> <span class='ocrx_word' id='word_1_637' title='bbox 1140 2908 1242 2944; x_wconf 81' lang='lat' dir='ltr'><strong>judico,</strong></span> <span class='ocrx_word' id='word_1_638' title='bbox 1264 2907 1358 2935; x_wconf 87' lang='lat' dir='ltr'><strong>melior</strong></span> <span class='ocrx_word' id='word_1_639' title='bbox 1370 2912 1410 2935; x_wconf 76' lang='lat' dir='ltr'><strong>est</strong></span> <span class='ocrx_word' id='word_1_640' title='bbox 1427 2915 1434 2934; x_wconf 87' lang='lat'><strong><em>:</em></strong></span> <span class='ocrx_word' id='word_1_641' title='bbox 1450 2906 1495 2935; x_wconf 87' lang='lat' dir='ltr'><strong>ille</strong></span> <span class='ocrx_word' id='word_1_642' title='bbox 1505 2908 1578 2934; x_wconf 79' lang='lat' dir='ltr'><strong>enim</strong></span> <span class='ocrx_word' id='word_1_643' title='bbox 1595 2905 1816 2941; x_wconf 69' lang='lat' dir='ltr'><strong>rcgioucmillam</strong></span> 
     </span>
    </p>
   </div>
  </div>
