1988 3079
153 164 226 196 2719

825 162 998 192 PliUCQPil
1020 162 1142 191 GAZEI

1723 161 1795 192 2720

153 219 272 253 irrigans
286 216 398 244 divitem
423 215 487 242 facit
506 224 514 247 ;
529 219 559 241 -ιιι
577 222 652 246 vero,
670 219 715 241 tua
736 214 826 249 lingua
860 215 954 241 adole-

1017 223 1056 240 mv
1068 214 1152 241 αὑτοῦ
1167 213 1316 250 ἐπιρρέων,
1331 214 1459 241 πλουτεῖν
1470 213 1616 250 ἐπιτρέπει
1628 223 1634 230 ³
1649 215 1681 242 σὺ
1695 215 1724 242 δὲ
1738 216 1799 243 ταῖς

153 265 289 290 scentinm
318 267 424 289 tuentes
459 268 581 290 movens.
620 261 661 287 cis
693 259 726 286 ad
749 259 950 294 comparandas

153 310 279 337 scientia:
298 309 407 336 divitias
429 309 482 334 dux
500 307 584 337 luisti,
602 315 655 333 non
676 313 759 334 secus
775 313 807 332 ar,
817 305 880 332 olitn
895 304 950 340 Py-

155 358 285 391 thagoras
313 356 384 390 apud
415 354 476 381 illos
504 353 706 388 peregrinatus,
727 357 775 379 aut
797 352 879 379 etiam
909 351 953 378 ille

155 403 244 430 l‘lato.
261 401 324 428 llaec
336 402 406 436 apud
423 408 465 428 me
483 400 635 431 volvebant,
650 403 676 426 tu
698 405 829 430 vero,me
853 397 952 428 inscio,

156 449 228 475 hand
245 447 457 482 proculahcras,
483 446 554 474 sicut
576 446 608 472 ab
632 452 664 472 eo
689 444 780 479 accepi
810 443 856 479 qui
878 449 952 471 tuatu

157 493 224 520 mihi
257 493 372 519 reddidit
394 492 551 527 epistolam.
569 491 687 518 Primum
705 491 829 525 quidem,
853 490 952 517 obstu-

158 540 291 573 pvl‘artns,
309 548 364 565 rem
384 539 476 566 ceusni
490 546 551 566 csse
577 546 674 565 vanam
698 537 854 571 imaginem,
869 544 955 571 neque

159 585 227 612 meis
237 585 324 611 oculis
341 585 419 610 litlent
433 584 532 616 habui;
547 583 592 610 sed
605 587 778 617 posteaquam
789 582 886 609 litteris
895 589 956 616 per-

162 632 252 664 lu-rtis,
266 631 367 657 certior
380 630 416 656 l'ui
429 630 517 657 lactus
533 629 633 656 nullius
649 628 829 655 alteriusillus
843 635 902 654 esse
918 627 957 654 le-

158 681 387 712 pores,quanlum
407 675 671 707 luerimdelectatns,
691 674 821 708 cogitas?
844 673 958 707 Propius

159 724 233 750 rnim
248 723 320 750 illam
337 723 401 750 mihi
424 722 521 750 adesse
537 729 613 757 spem
636 725 661 748 te
685 721 782 747 iterum
797 720 959 750 videmliar-

159 770 279 797 hitratus
300 777 372 797 sum.
401 768 500 795 Patria:
523 775 630 802 quoque
657 774 716 793 sum
744 766 906 798 eollatatus,
929 770 960 793 ut

163 823 212 850 par
240 819 311 842 erat.
333 814 477 849 Paulisper
504 814 587 848 igitur
605 819 631 841 te
658 813 779 840 invidum
806 812 958 847 praebuisti-

156 861 219 889 Jnci
236 861 325 896 gratia
344 861 410 888 Inibi
421 860 522 888 videris
536 860 687 892 criminari,
700 859 771 894 quod
797 865 895 892 nempe
915 865 962 886 su-

165 916 213 943 pra
230 909 444 943 caputimminet
454 908 476 934 is
491 915 539 934 aer
554 906 792 942 qualemdicehas,
809 905 882 941 quod
892 912 960 940 quo—
975 896 996 923 Β

159 963 215 990 que
233 963 304 989 aqua
330 954 487 982 bibentibus
505 954 530 980 in
547 953 707 980 memoriam
734 959 811 979 utare
837 955 958 983 revocat,

162 1006 190 1028 et
204 1001 276 1036 quod
289 1000 366 1034 panis
381 1008 415 1026 ex
443 1000 546 1026 hordeo
570 999 649 1026 nobis
675 1003 778 1025 temere
803 997 957 1024 miscetur:

161 1054 216 1073 non
227 1046 369 1073 inliciabar
384 1054 391 1078 ;
404 1050 429 1072 at
439 1046 555 1072 etiamet
567 1052 581 1072 a
598 1050 623 1072 te
637 1044 776 1072 remissius
791 1043 960 1070 acet-baban-

165 1096 209 1117 tur
223 1091 257 1118 ad
283 1091 376 1125 patria:
392 1091 557 1125 parcendum
572 1098 581 1123 ς
601 1089 640 1116 illi
658 1094 757 1120 tamen,
788 1088 959 1120 charissime,

165 1136 283 1170 gratiam
304 1142 329 1163 te
346 1135 490 1171 oportebat
502 1135 633 1168 tribuere,
651 1135 750 1169 quippe
764 1142 825 1169 quae
851 1135 883 1161 ad
900 1134 961 1169 phi-

163 1181 318 1215 losophiam
339 1180 375 1206 ita
405 1185 478 1206 luam
512 1185 629 1206 tuentem
647 1180 815 1212 exercuerit,
842 1184 872 1206 ut
883 1179 962 1207 modo

164 1226 256 1260 possis
271 1225 379 1260 Aigypti
400 1225 512 1253 delicias
528 1226 680 1259 aspernari.
699 1224 828 1260 Recogita
849 1225 959 1260 sapien-

164 1277 221 1299 tem
232 1272 353 1307 Ulyssem
368 1277 513 1306 parvamet
523 1271 803 1306 asperatuiucolnisse
823 1271 939 1298 insulam
954 1280 962 1298 :

167 1318 232 1352 quid
258 1318 330 1345 enim
356 1318 429 1345 aliud
461 1317 581 1345 Ithacam
606 1317 659 1344 illis
679 1317 886 1352 praiposuiSse?
911 1317 964 1344 Sed

171 1371 259 1398 neque
286 1363 437 1398 Spartanus
451 1364 607 1398 quisquam,
624 1369 653 1390 ut
663 1370 714 1397 ego
728 1363 836 1397 opinor,
850 1363 964 1397 patriam

170 1410 277 1436 vivendi
295 1409 427 1436 rationem
444 1410 577 1444 cogitans,
590 1408 715 1442 Spartam
733 1413 877 1443 propterea
896 1409 966 1434 vitu-

170 1456 288 1489 peravit.
306 1455 358 1482 Sed
372 1455 446 1482 unde
460 1456 493 1482 ad
503 1455 684 1482 accusandum
700 1455 759 1481 sine
774 1454 858 1481 dubio
875 1453 962 1481 fueris

173 1503 310 1534 inductus,
337 1502 416 1529 Scio:
432 1502 602 1532 divitiarum,
630 1501 743 1534 optime,
762 1508 792 1528 es
813 1508 918 1533 amans,
941 1505 968 1527 et

1001 262 1056 288 τῶν
1072 261 1141 287 νέων
1159 260 1260 295 ψυχαῖς
1272 261 1323 296 τὴν
1336 260 1462 294 γλῶτταν
1473 261 1612 296 ἐπαφιεὶς,
1625 261 1670 288 ἐπὶ
1682 262 1728 288 τὸν
1744 262 1798 297 τῆς

1002 308 1159 343 ἐπιστήμης
1175 307 1291 334 πλοῦτον
1316 307 1429 339 ἰθύνεις,
1449 308 1526 334 οὐδὲν
1549 308 1688 344 ἔλαττονῆ
1715 309 1801 335 πάλαι

1004 355 1167 390 Πυθαγόρας
1180 354 1272 385 αὐτοῖς
1283 354 1362 390 ἐπιδη
1368 354 1437 389 μῶν.
1456 354 1504 381 καὶ
1522 354 1577 390 μὴν
1588 355 1690 387 ἐκεῖνος
1701 357 1714 382 ο
1726 355 1801 382 Πλά-

1003 409 1068 427 των.
1083 400 1175 427 Ταῦτα
1201 400 1252 435 μὲν
1278 397 1324 427 οὖν
1342 399 1522 436 ἐλογιζόμην·
1545 401 1577 428 σὺ
1597 401 1626 427 δὲ
1644 402 1674 428 οὐ
1690 404 1802 437 μακρὰν

1005 446 1117 481 ἀπέχων
1142 445 1299 478 ἐλάνθανες,
1317 445 1356 477 ὼς
1372 445 1404 481 δὴ
1420 445 1467 472 καὶ
1483 447 1498 472 ὁ
1511 446 1560 481 τὴν
1574 447 1719 482 ἐπιστολὴν
1737 449 1801 473 ἐπι-

1005 491 1077 524 δοὺς,
1093 492 1123 518 τὸ
1136 492 1243 527 πρῶτον
1257 491 1406 527 θαυμάζων
1422 492 1532 527 ἀπάτην
1547 492 1673 528 ἡγούμην
1685 494 1715 519 τ),
1730 495 1803 528 πρᾶ-

1007 546 1076 573 γμα,
1093 538 1140 565 καὶ
1154 539 1205 565 οὐκ
1220 538 1371 574 ἐπειθόμην
1392 539 1451 570 τοῖς
1467 534 1633 574 ὀφθαλμοῖς·
1649 539 1685 568 ὠς
1701 540 1728 566 δὲ
1745 542 1803 572 τοῖς

1008 584 1246 620 ἐγγεγραμμένοις
1269 584 1390 620 ἐντυχὼν
1414 584 1546 620 ἐπείσθην
1570 586 1608 621 μὴ
1622 585 1655 612 ἂν
1667 586 1804 621 ὑπάρχειν

1009 629 1090 656 ἄλλου
1107 629 1156 660 τὰς
1179 630 1305 665 χάριτας,
1324 630 1411 666 ἥσθην
1422 630 1482 662 πῶς
1509 631 1616 664 δοκεῖς;
1635 631 1804 667 Ἐγγατέρας

1009 676 1063 710 γὰρ
1090 676 1176 707 αὐτὰς
1202 676 1263 710 ἐμοὶ
1289 676 1339 707 τὰς
1355 676 1401 702 τοῦ
1431 685 1460 703 σε
1485 678 1568 704 πάλιν
1592 677 1655 704 ίδεῖν
1675 678 1804 712 ἡγούμην

1012 721 1122 752 ἐλπίδας
1136 727 1142 734 ·
1164 720 1212 746 καὶ
1238 721 1397 756 συνέχαιρον
1417 722 1531 753 εἰκότως
1555 723 1580 749 εἰ
1595 722 1643 757 τὴν
1665 723 1803 757 πατρίδα,

1011 766 1136 802 ζηλωτὴν
1152 765 1219 801 γοῦν
1243 767 1340 802 μικρον
1365 767 1509 803 ἀπέφηνας
1534 769 1639 804 χρόνον,
1664 769 1699 795 Σὺ
1711 769 1738 795 δὲ
1757 778 1805 804 μοι

1012 814 1099 846 δοκεῖς
1117 813 1224 846 παίζων
1244 814 1336 845 αὐτοῖς
1351 815 1530 849 κατηγορεῖν·
1549 815 1592 841 ὅτι
1613 814 1662 850 μὲν
1682 815 1736 850 γὰρ
1757 816 1806 842 τὸν

1014 861 1084 895 ὑπὲρ
1102 860 1225 896 κεφαλῆς
1243 861 1314 897 ἀέρα
1330 858 1386 887 οἷον
1402 861 1470 896 ἔφης
1483 858 1553 887 εἶναι
1575 861 1735 897 συμϐαίνει·
1757 863 1806 888 καὶ

1011 907 1048 938 ὡς
1060 907 1091 933 τὺ
1109 906 1182 942 ὓδωρ
1197 907 1261 938 τοὺς
1279 907 1408 939 πίνοντας
1429 908 1468 938 εἰς
1490 908 1601 943 μνήμην
1617 906 1679 941 ἄγει
1705 907 1806 934 θαλάτ-

1011 961 1076 988 της·
1090 954 1138 980 καὶ
1150 952 1232 989 ἄρτος
1249 954 1314 988 ἡμῖν
1324 954 1357 980 ἐκ
1368 953 1465 989 κριθῆς
1479 954 1540 989 εικῆ
1557 953 1736 988 μεμιγμένος,
1752 953 1806 979 οὐκ

1012 999 1046 1026 ἂν
1069 999 1235 1035 ἀρνηθείην·
1255 999 1323 1026 ἀλλὰ
1351 999 1398 1025 καὶ
1415 999 1526 1026 ἔλαττον
1550 998 1739 1034 ἐτραγῲδηταί
1763 1007 1806 1025 σοι

1013 1043 1101 1071 ταῦτα
1125 1044 1210 1079 φειδοῖ
1224 1045 1273 1079 τῆς
1289 1044 1435 1079 πατρίδος’
1453 1044 1509 1070 ἀλλ’
1525 1045 1610 1079 ὅμως,
1633 1041 1655 1070 ὦ
1671 1044 1806 1079 βέλτιστε,

1014 1091 1094 1126 χάριν
1110 1091 1195 1125 ἐχρῆν
1210 1091 1309 1118 ειδέναι
1326 1092 1413 1127 ταύτῃ
1428 1091 1496 1127 πρὸς
1509 1091 1668 1126 φιλοσοφίαν
1683 1092 1808 1128 ἁσκοὺσῃ

1013 1137 1064 1172 τὴν
1074 1137 1198 1173 γνώμην,
1216 1138 1290 1169 ὅπως
1299 1137 1331 1164 ἂν
1343 1138 1443 1172 εἰδείης
1455 1138 1520 1164 ποτέ
1530 1138 1635 1173 τρυφῆς
1650 1139 1807 1173 Αἰγυπτίας

1016 1183 1172 1219 ὑπερορᾷν·
1194 1183 1325 1211 Ὀδυσσέα
1339 1184 1367 1211 δὲ
1391 1184 1437 1210 τὸν
1454 1185 1536 1219 σοφὸν
1564 1185 1645 1219 νῆσον
1676 1185 1807 1212 οἰκοῦντα

1017 1228 1119 1264 μικρὸν
1147 1228 1215 1263 ὁμοῦ
1242 1228 1290 1255 καὶ
1306 1231 1437 1264 τραχεῖαν
1451 1237 1458 1244 ⁸
1474 1230 1521 1256 καὶ
1540 1229 1567 1255 τί
1579 1229 1634 1265 γὰρ
1650 1229 1742 1266 ἄλλοῆ
1758 1231 1809 1267 τὴν

1021 1273 1130 1308 Ἰθάκην
1136 1273 1196 1300 ἀντὶ
1206 1272 1308 1300 τούτων
1315 1274 1434 1310 ᾑρῆσθαι
1447 1283 1454 1307 ;
1467 1274 1539 1300 Ἀλλ’
1550 1274 1611 1301 οὐδὲ
1620 1276 1809 1311 Σπαρτιάτης,

1015 1316 1106 1354 οἶμαι,
1122 1319 1171 1354 τὴν
1186 1319 1255 1346 οἴκοι
1269 1319 1374 1346 δίαιταν
1390 1319 1500 1352 ἐννοῶν,
1517 1320 1566 1356 τὴν
1577 1321 1706 1357 Σπάρτην
1723 1323 1812 1358 ἐμέμ-

1017 1365 1097 1400 ψατο.
1121 1365 1192 1392 Ἀλλ’
1207 1363 1266 1392 οἴδα.
1289 1365 1372 1392 πόθεν
1392 1367 1457 1392 ποτε
1490 1369 1655 1402 κατηγορεῖν
1671 1368 1808 1404 ἐπήρθης·

1018 1411 1229 1447 φιλοχρημάτως
1239 1412 1322 1447 ἔχεις,
1337 1409 1359 1438 ὧ
1366 1411 1463 1448 λῷστε·
1473 1411 1533 1439 εἶτα
1547 1414 1634 1449 βραχύ
1649 1423 1674 1440 τι
1683 1415 1730 1441 τοῦ
1739 1414 1811 1450 λήμ-

1020 1466 1105 1492 ματος
1116 1459 1247 1490 ἀποστὰς,
1266 1458 1327 1491 ‘lob,
1344 1458 1396 1491 ίοὺ,
1409 1460 1484 1494 βοᾷς,
1500 1459 1547 1486 καὶ
1555 1460 1599 1486 τὸν
1609 1460 1706 1487 Νεῖλον
1715 1461 1813 1488 πολλά-

1019 1513 1063 1536 κις
1079 1504 1127 1531 καὶ
1143 1504 1189 1532 τὸν
1202 1504 1307 1532 ἐκεῖθεν
1321 1505 1436 1532 πλοῦτον
1451 1507 1608 1538 ἀνακαλεῖς.
1622 1507 1707 1534 Τοῦτό
1717 1508 1747 1534 σέ
1761 1517 1813 1534 που

168 1547 309 1582 paululum
328 1547 473 1574 deﬁciente
488 1546 576 1579 lucro,
593 1545 640 1573 Va:
658 1546 666 1573 !
680 1546 737 1573 v32!
753 1546 865 1578 clamas,
883 1549 910 1572 et
927 1544 965 1572 Ni-

1021 1551 1106 1584 ξένον,
1124 1551 1162 1583 ὡς
1182 1551 1265 1583 αὐτος
1282 1551 1361 1587 ἔφης,
1379 1555 1463 1585 ποιεῖ,
1481 1553 1571 1579 καὶτὸ
1589 1553 1667 1588 σῶμα
1682 1553 1730 1580 τοῦ
1745 1554 1814 1581 Χαι-

172 1595 228 1621 lum
246 1593 360 1628 ejusque
388 1593 497 1620 divitias
523 1592 667 1620 celebras:
687 1592 712 1618 id
742 1597 767 1619 te
795 1592 967 1626 peregrinum

174 1640 249 1670 Iacii.
264 1645 293 1666 ut
308 1639 377 1666 dicis
390 1639 459 1672 ipse,
471 1643 499 1665 et
513 1645 612 1672 corpus
628 1638 830 1673 Chterephonte
843 1646 897 1665 non
912 1645 970 1665 rne-

175 1687 226 1713 tius
246 1685 404 1713 habentem.
417 1685 486 1712 Puto
517 1690 607 1712 autem
625 1690 651 1712 te
672 1693 764 1711 amore
779 1692 887 1719 quoque
905 1693 971 1712 cott-

173 1732 247 1766 jugis
261 1732 346 1758 teneri
361 1738 448 1765 neque
462 1730 541 1758 facile
558 1731 624 1757 velle
639 1731 757 1764 experiri
781 1739 861 1765 quatn
893 1739 970 1758 acer-

172 1779 237 1804 h-nn
269 1778 305 1804 sit
333 1777 509 1804 desiderium.
524 1777 558 1804 At
573 1778 612 1805 sic
625 1785 655 1804 ea
667 1779 803 1810 eveniant,
821 1778 972 1812 Apltrodite

172 1826 270 1851 dilecta
289 1824 335 1852 let
351 1825 421 1856 vale,
436 1829 463 1851 et
479 1825 583 1852 utinam
609 1828 635 1852 te
660 1824 733 1852 brevi
753 1824 902 1852 liberorum
922 1832 970 1859 pa-

174 1877 244 1898 trem
261 1871 382 1898 salutare
394 1870 475 1897 liceat
491 1871 497 1897 !

500 1916 532 1943 ll.
551 1915 690 1944 PYTlllO.

213 1963 242 1990 Si
258 1963 321 1998 quis
337 1971 379 1990 Ille
404 1963 521 1998 primtnn
541 1963 707 1989 conveniens
724 1970 739 1988 a
762 1970 804 1989 tne
819 1961 973 1989 sciscitare-

175 2015 220 2038 tnr
237 2016 326 2037 utrum
348 2010 405 2045 lyra
419 2010 454 2036 sit
474 2009 539 2036 mihi
553 2014 580 2036 et
594 2009 627 2036 de
654 2009 793 2035 harmonia
819 2015 973 2036 sermonem

175 2058 292 2088 faceret,
309 2056 365 2082 cito
379 2063 422 2082 res
437 2062 548 2090 prorsus
560 2059 632 2082 esset
645 2059 786 2089 perspecta
798 2059 825 2081 et
836 2061 898 2080 eum
914 2061 974 2081 esse

178 2103 314 2130 musicum
340 2101 542 2137 intelligerent;
560 2101 581 2129 si
606 2106 697 2128 autent
712 2102 744 2128 de
774 2101 858 2128 armis
881 2105 974 2128 essent

176 2155 333 2180 sermones,
363 2155 521 2182 pugnasque
537 2151 678 2174 enarraret
703 2151 731 2174 et
758 2145 820 2173 belli
847 2146 974 2173 l'ortunas

178 2194 367 2222 indesinenter
403 2197 578 2225 memoraret,
608 2200 661 2219 non
690 2200 757 2227 opus
781 2197 865 2223 esset,
890 2193 974 2219 credo

1023 1597 1161 1633 ρεφῶντος
1177 1598 1252 1624 οὐδὲν
1274 1599 1445 1634 ἀστειότερον
1467 1599 1550 1634 ἔχειν.
1567 1597 1652 1634 Οἶμαι
1668 1600 1696 1626 δέ
1713 1609 1742 1626 σε
1767 1601 1815 1627 καὶ

1020 1645 1070 1679 τὴς
1095 1645 1205 1679 νύμφης
1229 1644 1369 1680 ἐρωτικῶς
1392 1645 1581 1679 περιέχεσθαι,
1599 1645 1645 1671 καὶ
1666 1645 1816 1681 πειρᾶσθαι

1023 1690 1101 1726 μόλις
1125 1691 1212 1717 ὁπόσα
1233 1691 1318 1722 δεινὸς
1340 1690 1432 1722 πόθος.
1451 1690 1534 1717 ’Δλλὰ
1554 1691 1661 1725 γένοιτο
1677 1691 1753 1718 ταῦθ’
1767 1691 1816 1718 οὒ-

1022 1744 1085 1767 τως,
1107 1736 1251 1770 Ἀφροδίτη
1278 1735 1360 1771 φίλη·
1385 1735 1434 1762 καὶ
1456 1735 1577 1772 ἔρρωσο·
1599 1735 1647 1763 καί
1671 1745 1702 1763 σε
1715 1737 1814 1764 θᾶττον

1022 1784 1199 1819 προσείποιμι
1219 1784 1265 1810 καὶ
1278 1784 1381 1811 παίδων
1396 1785 1512 1820 πατέρα.

1341 1916 1379 1944 B'.
1407 1916 1518 1953 ΠΥΘΙῼ.

1060 1962 1094 1988 Et
1103 1961 1150 1996 μοί
1160 1970 1202 1993 τις
1218 1961 1377 1997 προσελθὼν
1399 1963 1429 1989 οὐ
1452 1963 1585 1998 πρότερον
1604 1963 1684 1990 τοῦτο
1700 1965 1816 1999 ποιήσας

1023 2005 1102 2041 ἠξίου
1118 2007 1263 2042 μανθάνειν
1279 2008 1303 2034 εἰ
1324 2008 1410 2043 λύραν
1431 2009 1531 2044 ἔχοιμι,
1544 2009 1592 2035 καὶ
1604 2009 1669 2044 περὶ
1682 2010 1817 2045 ἁρμονίας

1024 2051 1103 2086 λόγον
1118 2053 1217 2086 ἐποίει,
1231 2053 1341 2085 πάντως
1364 2054 1397 2080 ἂν
1409 2054 1534 2090 ᾐσθόμην
1559 2054 1590 2081 τὸ
1615 2056 1743 2091 πρᾶγμα,
1768 2058 1817 2083 καὶ

1024 2097 1065 2124 ὄτι
1090 2099 1220 2133 μουσικὸς
1245 2095 1322 2130 οὗτος
1346 2098 1427 2130 εὐθὺς
1456 2100 1626 2135 ἠπιστάμην.
1645 2100 1677 2126 Ei
1698 2100 1726 2126 δὲ
1752 2101 1818 2134 περὶ

1025 2144 1116 2171 ὃπλων
1131 2141 1202 2180 ἦσαν
1219 2144 1244 2171 οἱ
1267 2144 1352 2179 λόγοι,
1378 2145 1425 2172 καὶ
1441 2146 1529 2181 μάχας
1548 2146 1624 2180 ἔλεγε
1635 2146 1682 2172 καὶ
1697 2146 1816 2179 πολέμου

1025 2189 1108 2224 τύχας
1122 2190 1165 2216 ἀεὶ
1175 2190 1304 2225 διηγεῖτο,
1318 2191 1369 2217 οὐκ
1386 2191 1440 2217 ἔδει
1461 2191 1600 2226 δήπουθεν
1615 2191 1675 2226 Θεῷ
1691 2192 1719 2219 δὲ
1736 2192 1816 2226 ἰέναι,

179 2241 264 2266 Deum
282 2239 356 2265 adire
370 2239 403 2265 ad
415 2238 554 2265 sciendum
572 2245 633 2264 eum
649 2245 708 2264 esse
723 2236 844 2264 militem.
861 2235 914 2264 Sed
941 2244 965 2263 at

1027 2237 1074 2262 xui.
1084 2237 1125 2262 ὅτι
1142 2236 1312 2272 στρατιώτης
1324 2233 1402 2268 οὗτος
1413 2237 1521 2263 ἀκούειν
1533 2245 1540 2270 ;
1562 2237 1643 2264 Ἀλλὰ
1657 2238 1683 2264 τί
1695 2247 1740 2273 μοι
1757 2238 1818 2274 βού-

178 2285 246 2320 quid
264 2284 340 2312 haec?
352 2283 536 2317 Prorsusjam
552 2283 725 2315 intellexisti;
739 2282 914 2309 nihilominus
930 2287 971 2308 ta-

180 2340 242 2358 men
262 2331 350 2358 dicam
365 2337 373 2357 :
392 2330 413 2357 is
430 2329 496 2357 mihi
511 2335 537 2356 lu
552 2329 654 2357 videris
682 2329 708 2355 in
727 2336 781 2364 quo
798 2336 881 2356 musa:
895 2328 973 2355 habi-

180 2382 240 2404 tent
271 2384 388 2412 reapse;
412 2384 528 2411 quorum
546 2383 579 2402 ex
601 2375 738 2402 consortio
766 2375 871 2401 dulcem
897 2375 974 2401 ducis

182 2425 265 2451 \itam
280 2431 368 2458 neque
383 2423 531 2458 quidquam
552 2422 697 2449 demiraris
720 2428 818 2456 prater
840 2420 933 2453 libros,
946 2423 974 2447 et

181 2477 334 2502 sermones,
364 2474 392 2496 et
417 2469 546 2504 quidquid
581 2472 696 2495 mentem
729 2466 869 2494 meliorem
897 2465 972 2494 facit.

182 2517 247 2543 Mihi
262 2524 296 2543 ex
323 2515 369 2542 illo
385 2520 506 2549 tempore
526 2515 624 2549 hospes
642 2514 715 2541 l'uisli
727 2519 754 2541 et
767 2521 873 2541 mecum
890 2513 972 2540 iuiistl

182 2564 330 2590 amicitiam
344 2563 402 2595 tibi,
419 2567 446 2589 ut
462 2563 569 2597 opinor,
585 2567 690 2596 gratam
708 2569 716 2593 ;
733 2561 779 2588 sed
800 2561 901 2588 utinam
930 2560 973 2587 illa

183 2617 257 2644 spes,
276 2616 358 2642 quam
372 2607 398 2635 in
413 2608 491 2634 nobis
508 2607 663 2641 I‘eposuisli,
677 2612 703 2634 te
724 2614 862 2639 nunquam
872 2605 973 2632 fefelle-

184 2656 220 2682 rit
240 2655 246 2681 !
269 2654 400 2682 Volumen
417 2659 507 2680 autem
537 2653 600 2679 illud
614 2652 687 2687 quod
702 2659 717 2678 ιι
735 2659 777 2678 me
793 2652 872 2686 petis,
893 2659 975 2686 penes

185 2708 227 2728 me
241 2700 344 2727 utinam
358 2698 458 2726 fuerit!
477 2699 620 2726 habuisses
631 2699 702 2725 enlm
723 2702 749 2725 tu
768 2698 876 2733 quidem
901 2697 973 2732 quod

184 2748 334 2782 exoptabas
357 2746 423 2772 mihi
448 2753 512 2772 vero
535 2744 764 2780 pretiosissimum
791 2743 886 2772 fuisset
910 2744 974 2778 quid

185 2794 255 2828 grati
274 2793 319 2820 tibi
339 2793 521 2828 praestitisse;
546 2799 617 2818 nunc
632 2796 722 2818 autem
738 2799 789 2818 non
807 2799 854 2824 per
875 2791 973 2817 Soet-a-

188 2845 222 2864 διε
242 2839 389 2874 platanum,
402 2839 448 2865 sed
472 2846 520 2873 per
544 2839 616 2871 ipsos
644 2837 717 2863 illius
741 2844 888 2869 sernmues,
913 2837 975 2871 juto

189 2894 232 2913 nn:
252 2886 369 2913 nomiqu
383 2886 464 2912 luisse
483 2886 591 2912 l'ru'ttum
610 2885 679 2912 bono
699 2884 753 2917 illo,
776 2889 973 2918 quantnnn-un-

1023 2282 1098 2309 λεται
1126 2282 1230 2315 rain;
1246 2283 1340 2310 Πάντα
1366 2283 1417 2318 μὲν
1436 2283 1487 2318 ἤδη
1519 2283 1680 2318 μανθάνεις·
1695 2284 1772 2310 οὐδὲν
1789 2285 1819 2311 δὲ

1022 2326 1104 2363 ἦττον
1118 2329 1193 2363 ὅμως
1207 2329 1349 2365 εἰρήσεται
1360 2338 1367 2345 ·
1385 2329 1448 2364 ἐμοὶ
1460 2329 1548 2361 δοκεῖς
1563 2330 1601 2362 ὡς
1615 2331 1693 2365 παρὰ
1708 2332 1757 2365 τὴν
1768 2332 1819 2366 σὴν

1022 2374 1112 2410 ψυχὴν
1139 2374 1225 2406 ὅντως
1238 2375 1359 2402 οἰκοῦσιν
1383 2375 1411 2401 αἱ
1431 2375 1548 2410 μοῦσαι·
1571 2373 1632 2402 εἶτα
1645 2378 1771 2408 ximam;
1781 2376 1819 2403 ὣν

1024 2421 1084 2451 ταῖς
1098 2419 1183 2452 θεαῖς,
1201 2420 1258 2455 βίον
1270 2420 1342 2456 ἔχεις
1359 2421 1456 2452 αὐταῖς
1466 2421 1610 2457 ἀνειμένον
1626 2423 1672 2448 καὶ
1683 2423 1760 2449 οὐδέν
1778 2431 1819 2448 σοι

1025 2466 1193 2502 θαυμαστὸν,
1207 2467 1248 2493 ὅτι
1267 2467 1306 2502 μὴ
1329 2467 1420 2502 βιϐλία
1435 2468 1482 2494 καὶ
1504 2468 1578 2502 λόγοι
1602 2469 1649 2495 καὶ
1663 2469 1713 2495 ὅσα
1729 2469 1819 2504 ψυχὴν

1024 2512 1072 2538 ἐπὶ
1096 2512 1126 2539 τὸ
1140 2513 1266 2548 κρεῖττον
1287 2513 1401 2547 ἀνάγει·
1416 2513 1544 2540 ἐντεῦθεν
1563 2515 1630 2550 ἡμῖν
1649 2515 1820 2550 ἐπεξενώθης

1025 2558 1112 2594 ἀρχὴν
1119 2559 1211 2593 φιλίας
1222 2559 1410 2594 ποιησάμενος
1425 2559 1596 2595 πρέπουσαν,
1605 2558 1694 2596 οἶμαι,
1708 2561 1800 2596 σαυτῷ
1812 2570 1819 2577 ·

1025 2605 1093 2632 ἀλλὰ
1110 2605 1164 2640 γὰρ
1177 2605 1232 2632 ετθε
1250 2605 1288 2640 μὴ
1312 2605 1364 2640 τῆς
1389 2606 1432 2640 ἐφ’
1447 2606 1515 2641 ἡμῖν
1529 2606 1636 2638 ἐλπίδος
1650 2607 1799 2642 διήμαρτες
1811 2615 1819 2622 δ

1025 2652 1084 2678 ἀλλ’
1096 2652 1165 2687 ὅπερ
1181 2652 1268 2682 αἰτεῖς
1281 2651 1396 2687 βιϐλίον,
1411 2651 1492 2678 τοῦτο
1505 2652 1536 2678 δὲ
1549 2651 1583 2688 ἦν
1603 2653 1669 2688 παρ’
1680 2655 1757 2689 ἡμῖν.
1767 2654 1823 2680 Οὖ-

1025 2707 1064 2726 τω
1082 2698 1137 2734 γὰρ
1149 2698 1195 2725 οὖν
1211 2699 1243 2725 σὺ
1260 2698 1311 2734 μὲν
1329 2696 1403 2733 εἶχες
1422 2698 1509 2725 ἀεὶτὸ
1526 2699 1702 2734 ποθούμενον,
1719 2699 1780 2734 ἐμοὶ
1792 2700 1822 2726 δέ

1027 2745 1154 2780 μέγιστον
1183 2742 1216 2780 ἦν
1245 2745 1274 2771 τὸ
1297 2745 1386 2772 δοκεῖν
1413 2745 1478 2779 ὑμῖν
1507 2745 1687 2780 κεχαρίσθαι·
1713 2746 1773 2772 νυνὶ
1794 2746 1822 2772 δὲ

1025 2785 1127 2827 ὄμνυμι
1144 2791 1175 2818 οὑ
1192 2791 1242 2826 τήν
1260 2791 1395 2819 πλάτανον
1411 2792 1459 2826 τὴν
1484 2791 1658 2826 Σωκράτους.
1677 2792 1744 2819 ἀλλὰ
1759 2793 1823 2823 τοὺς

1025 2839 1120 2873 λόγους
1138 2838 1237 2870 αὐτοὺς
1253 2859 1260 2871 ,
1276 2840 1361 2873 μήπω
1374 2846 1405 2872 γε
1416 2839 1598 2873 τετυχηκέναι
1611 2838 1657 2865 τοῦ
1684 2841 1758 2872 κτήμ
1768 2848 1824 2869 ιιι-,ς

1029 2885 1114 2912 καίτοι
1144 2885 1268 2910 πλεῖστον
1283 2884 1333 2919 ἤδη
1362 2885 1457 2919 χρόνον
1472 2885 1594 2919 ἐμὶνῖα·
1613 2893 1709 2920 μ’κρον
1720 2884 1747 2911 δὲ
1760 2883 1825 2912 ias-ta
