1988 3079
204 115 270 149 2721

909 110 1113 142 EPISTULJ‘I.

1769 114 1838 146 27:22

205 188 251 216 ρον
268 177 347 208 (ἀλλὰ
365 177 412 203 σὺν
436 176 522 210 Ἐρμῇ
556 174 601 201 καὶ
621 173 735 208 μιιύσαις
745 172 875 208 εἰρήσθω)
893 172 925 198 ἐκ
947 173 990 207 τῆς

1049 180 1101 206 quc
1117 178 1150 198 ex
1172 171 1255 198 multo
1272 176 1393 205 tempore
1406 171 1462 206 jatn
1481 176 1609 206 exoptato
1627 180 1634 204 ;
1651 172 1697 199 sed
1715 182 1765 199 nun
1780 181 1839 208 post.

210 223 412 259 Ἀλεξανδρείας
422 221 632 256 κομισθήσεται·
649 219 728 244 τοῦτο
743 218 797 253 γὰρ
812 217 918 243 ἐκεῖθεν
928 217 994 252 ἡμῖν

203 271 227 297 οἱ
238 268 455 305 προσταχθέντες
482 265 665 293 ἀπέστειλαν·
687 264 756 299 ὅπερ
773 264 798 292 εἰ
820 263 888 299 πρὸς
914 262 995 298 ἔργον

203 316 315 351 ἐκϐαίη,
330 316 391 350 ὄψει
408 323 441 349 με
463 313 572 344 πάντως
591 311 746 346 αὖτόματον
769 311 833 345 ὑμῖν
847 310 994 345 προσιόντα

202 362 268 398 περὶ
289 361 337 388 τοῦ
361 359 523 396 μεταδοῦναι
540 358 606 385 ὡσεὶ
633 357 681 384 καὶ
701 357 781 388 αὐτὸς
798 355 891 383 λαϐεῖν
916 356 994 383 ἐδου-

202 405 301 441 λόμην.

492 448 530 476 1".
547 448 699 483 ΔΙΟΔΩΡῼ.

246 497 280 524 'H
299 497 365 533 περ),
376 496 426 531 τῆς
442 495 492 530 σῆς
509 494 678 526 παιδεύσεως
702 493 780 529 φήμη
798 493 898 520 ὁποίων
911 492 994 528 ηὐχό-

204 543 274 580 μεθα
288 543 377 577 λόγων
392 542 442 574 τὰς
465 541 604 576 ἡμετέρας
619 540 768 575 ἐνέπλησεν
785 539 880 571 ἀκοάς.
901 540 931 566 '0
944 539 994 574 μὲν

202 591 256 625 γάρ
273 589 322 625 τὴν
334 589 383 624 τῆς
403 587 568 623 συνηγορίας
590 587 724 621 ἀφηγεῖτο
748 585 879 621 σπουδὴν,
896 586 910 612 ὁ
921 584 950 612 δὲ
963 585 994 612 τὸ

201 638 231 663 ὲν
245 637 301 667 τοῖς
314 634 499 669 δικαστηρίοις
511 632 624 659 εὗπονον
638 632 845 667 ἀπεθαύμαζεν,
861 632 875 657 ὁ
889 631 925 665 ,δὲ
942 631 993 666 τὴν

200 682 265 718 περὶ
276 681 338 712 τοὺς
354 680 515 716 προσιόντας
529 678 645 711 εὖνοιαν,
662 678 732 713 πλὴν
747 679 771 704 εἰ
790 678 827 714 μή
839 686 882 710 τις
894 677 992 711 ἀδική-

201 736 251 759 σας
278 726 445 762 έτύγχανεν⁶
467 723 527 752 οἶδα
548 725 595 751 καὶ
619 724 681 751 τόδε
712 723 832 756 ἀκούσας
857 724 896 756 ὡς
921 723 992 759 ὁρῶν

199 782 276 805 τινας
295 773 367 808 μέγα
391 772 440 808 μὲν
464 771 641 806 δυναμένους,
673 769 863 805 θαυμάζοντας
883 770 911 796 δὲ
938 769 991 796 τῶν

1048 218 1147 244 multos
1158 217 1217 244 dies
1229 218 1342 252 juvante
1362 217 1498 244 Mercurio
1515 223 1542 245 et
1558 218 1652 249 Musis,
1673 219 1836 246 Alexandria

1046 263 1197 292 afferetur:
1214 264 1277 291 inde
1288 264 1361 291 enim
1383 264 1447 291 illud
1464 264 1481 291 ii
1502 265 1547 298 qtti
1564 270 1626 291 sunt
1640 265 1707 299 jussi
1733 266 1766 291 ad
1795 273 1838 292 me

1046 309 1201 344 allegarttnt
1215 319 1221 336 :
1244 309 1316 345 quod
1329 310 1351 337 si
1366 317 1498 345 prospere
1512 311 1652 344 succedet,
1669 319 1712 338 me
1733 311 1837 339 vidi-bis

1045 357 1079 384 ad
1094 364 1142 384 vos
1161 364 1243 390 quam
1256 356 1372 383 maxime
1393 357 1464 384 ttltro
1478 363 1647 391 pergentem,
1669 359 1702 385 ad
1715 359 1755 385 sic
1770 358 1838 384 d..u-

1045 403 1108 430 dum
1125 403 1201 437 quasi
1220 404 1275 438 ipse
1286 403 1410 436 accipere
1427 408 1559 438 optarem.

1330 449 1372 476 HI.
1387 449 1549 476 DlOl)0Ii0.

1081 495 1169 522 Aures
1202 500 1310 522 n05tras
1323 496 1356 522 iis
1368 496 1400 522 de
1419 501 1464 522 tua
1486 496 1656 522 institutione
1676 503 1743 530 quos
1761 501 1837 530 opta-

1045 541 1142 568 bamus
1156 542 1329 569 sermonibus
1342 541 1413 568 fama
1427 542 1549 576 implevit
1564 551 1571 568 :
1584 542 1653 568 alter
1662 541 1734 568 enim
1763 547 1836 568 tuam

1044 586 1071 613 in
1087 587 1209 614 dicendis
1225 587 1318 614 causis
1329 587 1496 623 diligentiam
1514 587 1644 614 narrabat
1661 596 1668 620 ;
1686 587 1756 614 alter
1772 595 1837 614 vero

1044 642 1125 668 quam
1147 633 1264 661 feliciter
1281 634 1328 660 libi
1345 634 1372 660 in
1399 633 1510 668 judieiis
1527 636 1645 666 cederet,
1664 633 1836 667 mirabatur;

1046 680 1143 707 tertitts
1159 685 1249 707 autem
1266 685 1367 715 quanta
1396 688 1470 707 esses
1490 680 1678 708 benevolentia
1700 681 1726 707 in
1743 688 1836 715 quent-

1044 731 1161 758 cumque
1174 724 1551 759 accedentent.prmterquatn
1573 733 1634 752 eum
1662 726 1837 760 quisiujusle

1042 770 1154 804 egisset.
1188 769 1243 797 Hoc
1268 778 1377 805 quoque
1399 771 1460 798 novi
1480 770 1603 803 audiens,
1630 772 1702 806 quod
1728 780 1836 806 nempe.

198 819 311 845 δικαίων
331 817 424 853 μηδὲν,
440 818 524 849 πολὺς
536 818 669 848 ἐπνευσας
681 817 741 843 κατ’
755 816 856 850 αὐτῶν,
873 816 919 842 καὶ
934 815 990 842 λοι-

1044 814 1175 849 quosdam
1208 823 1268 842 cum
1301 815 1409 842 videres
1426 816 1540 842 multum
1572 820 1705 851 potentes,
1725 817 1838 844 minime

198 865 291 900 δορίαν
318 864 520 899 ἐπαινουμένην
557 863 697 898 κατέχεες.
735 861 806 896 Ἐγὼ
831 861 860 888 δὲ
887 861 991 889 τούτων

198 912 318 944 ἀκούων,
333 911 421 938 ἄλλων
436 910 505 937 ἄλλα
517 909 714 944 διηγουμένων,
726 908 820 944 ὥσπερ
837 909 930 940 ἔνθους
945 909 990 943 ὑφ’

198 959 295 994 ἡδονῆς
311 957 457 993 ἐγενόμην,
471 957 520 983 καὶ
537 957 608 991 μέγα
625 964 657 990 γε
678 957 735 987 τοῖς
753 955 842 990 λόγοις
871 955 990 990 φρονῶν,

197 1005 308 1031 ἐδόκουν
328 1004 411 1035 αὐτὸς
438 1002 628 1030 ἐπαινεῖσθαι·
647 1002 698 1038 ἤδη
714 1002 743 1029 δὲ
761 1003 809 1029 καὶ
823 1003 904 1038 χάριν
919 1003 991 1036 ὡμο-

198 1051 296 1085 λόγουν
308 1052 365 1082 τοῖς
388 1049 616 1083 ἐπαγγέλλουσιν,
632 1047 727 1084 ὥσπερ
749 1048 878 1075 εἰώθασιν
893 1049 918 1075 οἱ
936 1049 992 1074 τῶν

199 1097 302 1128 αὐτοὺς
315 1095 501 1123 ἐπαινούντων
513 1094 670 1126 ἀκούοντες.
694 1094 772 1121 Οὕτω
800 1094 828 1121 δὲ
844 1094 933 1129 ἔχοντι
945 1095 992 1122 καὶ

196 1141 366 1177 λογιζομένῳ
391 1139 552 1176 προσελθὼν
583 1140 598 1166 ὁ
627 1139 709 1171 καλὸς
730 1139 826 1174 Ὠρίων
851 1139 901 1175 τὴν
926 1139 991 1174 παρ’

198 1188 276 1223 ὑμῶν
291 1187 366 1222 αὐτῷ
380 1187 534 1222 γραφεῖσαν
562 1185 708 1220 ἐπιστολὴν
723 1185 846 1211 ἐπεδίδου
860 1193 866 1200 ·
883 1185 930 1212 καί
946 1194 992 1220 μοι

198 1233 249 1268 τῆς
272 1233 365 1268 φιλίας
382 1232 553 1267 συνέχαιρεν,
565 1231 662 1266 ὥσπερ
682 1230 769 1257 δεινὸν
786 1231 948 1266 ἡγούμενος,
968 1231 991 1256 εἰ

201 1279 345 1310 λανθάνεις
372 1279 439 1314 παρ’
455 1278 518 1312 ἐμοὶ
536 1276 656 1307 τοιοῦτος
681 1276 828 1312 ὑπάρχων·
843 1276 898 1310 ἐγὼ
919 1276 948 1302 δέ
961 1285 990 1302 σε

203 1324 273 1360 μετὰ
287 1324 337 1359 τὴν
345 1323 440 1358 φήμην
452 1323 484 1357 τῇ
500 1321 585 1356 πείρᾳ
601 1320 705 1356 μαθὼν,
723 1322 769 1348 καὶ
784 1318 838 1352 οἷος
849 1321 914 1356 περὶ
928 1321 991 1352 τοὺς

196 1371 353 1406 δεομένους,
364 1369 415 1396 κᾶν
426 1369 464 1404 μὴ
476 1368 598 1404 παρῶσι,
606 1367 789 1402 καθέστηκας,
801 1367 857 1394 οὐδ’
866 1369 899 1394 av
906 1369 992 1394 εἰπεῖν

198 1416 270 1450 ἔχοις
286 1416 348 1441 ὅσον
359 1413 515 1449 ἐθαύμασα,
526 1412 574 1439 καὶ
590 1412 673 1438 αὺτὸν
685 1411 836 1438 ἐπεκάλουν
847 1411 992 1446 εὐδαίμονα

197 1462 248 1497 τὴν
265 1461 315 1496 σὴν
330 1459 501 1495 εὐτυχηκότα
516 1459 649 1494 σπουδήν·
666 1457 705 1489 ὡς
716 1457 744 1483 δὲ
758 1457 805 1483 καὶ
819 1457 991 1492 γραμμάτων

1043 868 1107 888 vero
1120 861 1252 896 justitiam
1266 861 1453 895 observantes,
1476 862 1632 897 frequenter
1652 863 1678 889 in
1694 870 1741 890 eos
1760 863 1837 890 fuisti

1043 906 1167 935 inveettts
1200 907 1359 935 collaudatis
1400 907 1648 942 objurgationihus.
1681 908 1745 941 Quae
1783 917 1836 936 au-

1043 954 1120 981 diens
1136 975 1144 987 ,
1165 954 1216 981 alia
1241 954 1303 982 aliis
1329 955 1514 987 narrantibus,
1532 959 1659 990 tanquam
1685 962 1762 983 extra
1781 964 1837 982 me-

1044 999 1133 1034 ipsum
1149 1008 1204 1035 pne
1218 1000 1319 1034 gaudio
1347 1005 1442 1035 raptus
1459 1009 1545 1034 erant,
1556 1006 1638 1036 atque
1653 1001 1734 1028 dictis
1745 1009 1838 1036 Super-

1043 1045 1131 1078 biens,
1144 1045 1200 1080 jam
1217 1046 1276 1081 ipse
1292 1046 1398 1074 laudari
1420 1047 1485 1074 mihi
1499 1047 1620 1082 videbar,
1635 1047 1838 1074 nuntiantibus-

1043 1099 1096 1125 que
1108 1092 1210 1126 gratias
1235 1091 1354 1119 tribuere
1368 1091 1514 1126 proﬁtebar
1536 1100 1590 1119 non
1611 1092 1729 1119 absimili
1754 1093 1835 1118 modo

1043 1146 1123 1172 quam
1141 1139 1186 1174 qui
1205 1143 1230 1166 le
1244 1139 1347 1166 laudari
1361 1139 1484 1166 audiunt.
1501 1138 1567 1166 Cum
1583 1144 1671 1166 :mtem
1698 1139 1735 1166 ita
1748 1147 1835 1166 essent

1043 1183 1164 1216 atTectus,
1183 1184 1376 1219 superveniens
1391 1183 1528 1211 formosus
1536 1184 1619 1212 Orion
1629 1184 1770 1219 epistolam
1785 1193 1798 1210 a
1810 1189 1837 1212 te

1044 1229 1091 1256 tibi
1107 1229 1237 1263 scriptam
1265 1230 1386 1256 ostendit
1405 1234 1432 1257 et
1449 1229 1514 1256 Inibi
1533 1235 1605 1256 tuam
1629 1230 1778 1257 amicitiam
1795 1236 1836 1257 est

1043 1275 1347 1309 congratulatus,quasi
1368 1275 1569 1310 mirabilequid
1585 1275 1719 1308 iudicaret
1735 1284 1764 1303 se
1789 1284 1837 1302 nc-

1044 1321 1116 1348 scire
1133 1321 1279 1348 illiusmodi
1296 1321 1367 1356 apttd
1388 1329 1431 1348 tne
1457 1327 1482 1348 te
1496 1329 1567 1348 esse.
1591 1321 1646 1356 Ego
1674 1329 1748 1351 vero.
1774 1329 1835 1349 cum

1043 1374 1096 1393 non
1114 1366 1183 1393 fama
1199 1367 1286 1393 solttm
1300 1367 1346 1394 sed
1368 1372 1396 1394 et
1414 1375 1443 1394 re
1457 1367 1652 1402 comperissem
1670 1368 1758 1402 qualis
1771 1375 1835 1401 erga

1046 1416 1186 1446 togantes,
1202 1412 1267 1439 licet
1285 1419 1338 1439 non
1359 1417 1519 1446 praesentes,
1541 1413 1578 1440 sis
1595 1413 1692 1446 animi,
1711 1420 1762 1439 non
1778 1421 1837 1447 pos-

1044 1465 1089 1484 ses
1103 1458 1255 1493 intelligere
1269 1463 1399 1493 quantum
1414 1459 1466 1485 sittt
1481 1458 1626 1486 miratuset
1643 1459 1717 1486 illum
1730 1459 1835 1486 felicem

197 1507 275 1542 ἠξίου
297 1507 390 1540 τυχεῖν
413 1504 479 1540 παρ’
500 1503 580 1539 ἐμοῦ,
608 1505 641 1539 τῇ
653 1503 704 1538 τῆς
719 1504 811 1537 φιλίας
834 1503 928 1538 μνήμῃ
943 1502 990 1538 τὴν

1045 1503 1249 1536 praedicaverim
1266 1505 1312 1538 qui
1326 1505 1434 1531 luatuin
1452 1512 1482 1532 se
1491 1505 1659 1539 diligentiam
1672 1505 1834 1532 obtinuerit:

199 1553 248 1588 σὴν
264 1551 419 1587 προθυμίαν
439 1551 480 1577 ἔτι
499 1550 601 1586 μᾶλλον
613 1550 772 1585 ἐγείραντα,
789 1549 875 1585 εὐήθη
895 1549 990 1575 τοῦτον

198 1599 327 1627 ἐκάλουν·
355 1598 392 1633 μὴ
403 1599 457 1632 γὰρ
473 1598 505 1625 ἄν
531 1605 560 1623 σε
587 1596 656 1631 πρὸς
671 1596 772 1631 ἀρετὴν
786 1596 928 1630 πεφυκότα
939 1604 991 1622 κα-

198 1645 265 1678 λῶς,
279 1644 456 1680 γραμμάτων
473 1642 579 1670 δεῖσθαι
594 1643 662 1678 πρὸς
680 1642 783 1678 ταύτην
799 1641 986 1677 παρακαλούν-

197 1700 269 1718 των·
295 1691 353 1717 ἀλλ’
373 1691 448 1724 ὅμως
464 1689 562 1716 τοῦτον
574 1689 626 1715 οὐκ
647 1688 770 1715 ἔπειθον·
791 1687 880 1714 ἐδόκει
894 1688 948 1723 γάρ
963 1696 989 1714 τι

197 1739 245 1765 καὶ
255 1738 358 1765 δίκαιον
372 1736 474 1770 λέγειν,
487 1735 524 1767 ὡς
542 1736 555 1762 ό
571 1736 631 1762 καθ’
647 1735 743 1762 έαυτὶν
756 1734 887 1766 τοιοῦτος,
900 1734 943 1766 τις
956 1735 990 1762 ἂν

196 1785 301 1819 γένοιτο
313 1783 486 1818 γραμμάτων
503 1782 593 1817 τυχὼν
607 1781 683 1817 παρὰ
697 1781 765 1815 σοῦ;
781 1781 886 1808 Οὐκοῦν
899 1781 990 1814 γένοιο

198 1831 248 1866 μὲν
263 1829 345 1861 αὐτὸς
358 1829 449 1860 ὁποῖος
465 1828 656 1864 καὶπρότερον
665 1836 672 1844 ο
689 1828 854 1862 ἐπαινοίμην
870 1827 899 1854 δὲ
909 1828 989 1854 πάλιν

196 1876 247 1911 τῆς
276 1874 368 1910 φιλίας
393 1873 464 1908 ἐγώ·
489 1873 527 1909 μὴ
547 1873 692 1909 διαμάρτοι
716 1873 744 1900 δὲ
765 1873 815 1907 τῆς
845 1872 888 1907 ἐφ’
910 1873 989 1907 ὑμῶν

196 1921 304 1953 ἐλπίδος
321 1922 335 1948 ὁ
348 1920 407 1952 νέος
422 1928 430 1935 ·
451 1919 519 1946 ἀλλὰ
535 1920 682 1954 γνώτωσαν
700 1920 725 1946 οἱ
742 1919 776 1945 τά
793 1919 899 1953 μεγάλα
910 1918 987 1945 δύνα-

197 1969 259 1995 σθαι
270 1967 424 2000 δοκοῦντες,
439 1966 477 1998 ὡς
500 1966 555 2002 ἄρα
568 1965 622 1992 τῶν
638 1965 752 1992 δικαίων
776 1966 851 1991 ἐστὶν
875 1965 988 1996 εἰκότως

196 2015 340 2051 ἡττᾶσθαι.

473 2062 511 2087 A'.
521 2059 713 2094 ῐΙέΡΩΝΥΜῼ.

237 2107 309 2142 Ἐγὼ
327 2108 376 2143 μὲν
387 2108 437 2143 τῆς
450 2106 569 2141 ἀδελφῆς
584 2105 724 2132 λανθάνειν
735 2104 815 2140 ᾣμην
831 2104 876 2131 τὸν
886 2104 986 2139 γάμον,

195 2155 244 2181 καὶ
258 2154 291 2189 δὴ
313 2156 369 2185 τοῖς
387 2153 558 2188 προσήκουσι
577 2151 627 2186 τὴν
644 2151 732 2178 οἰκίαν
749 2151 895 2185 ἐγνῶσθαι,
911 2152 948 2186 μή
962 2159 987 2177 τι

1044 1556 1104 1574 cum
1132 1554 1222 1575 autem
1242 1550 1323 1576 etiam
1342 1557 1356 1576 a
1379 1558 1420 1576 me
1436 1550 1541 1576 litteras
1567 1550 1728 1584 postularet,
1748 1550 1834 1583 iiiJllI,

1042 1601 1074 1621 eo
1102 1596 1173 1629 quod
1199 1600 1270 1621 luam
1297 1596 1515 1623 benevolentiam
1549 1598 1678 1624 amicitia:
1705 1605 1834 1624 memoria

1042 1647 1142 1674 augere
1168 1641 1262 1674 vellet,
1278 1641 1391 1668 stultum
1403 1642 1458 1669 dixi
1471 1650 1477 1669 :
1491 1650 1543 1670 non
1556 1643 1628 1670 enim
1645 1643 1706 1675 tibi,
1731 1644 1776 1678 qui
1800 1644 1834 1670 ad

1043 1685 1175 1713 virtutem
1191 1685 1395 1715 feliciternatus
1405 1695 1445 1721 es,
1464 1688 1561 1716 litteris
1577 1694 1601 1716 te
1614 1689 1647 1716 ad
1676 1697 1737 1716 eum
1770 1690 1835 1716 inci-

1043 1732 1165 1759 tautibus
1181 1739 1250 1767 opus
1267 1738 1319 1760 est.
1334 1733 1409 1761 illum
1429 1739 1519 1762 tamen
1536 1743 1589 1762 non
1602 1736 1745 1770 persuasi:
1761 1743 1834 1764 recte

1041 1776 1112 1803 eniut
1126 1777 1235 1812 quidem
1251 1778 1397 1806 videbatur
1419 1779 1443 1806 id
1468 1780 1572 1813 dicere,
1589 1788 1698 1815 nempe,
1722 1781 1767 1816 qui
1793 1781 1834 1808 sic

1039 1829 1081 1851 est
1095 1831 1109 1850 a
1123 1823 1223 1859 seipso,
1235 1825 1301 1860 quid
1321 1833 1374 1853 tton
1387 1827 1548 1855 eritlilteras
1562 1835 1575 1853 a
1589 1832 1614 1854 te
1622 1819 1759 1862 accipiens
1771 1827 1783 1854 ?
1793 1826 1832 1854 Tu

1041 1872 1124 1906 igitur
1138 1873 1160 1899 is
1175 1873 1213 1900 sis
1235 1874 1279 1908 qui
1299 1879 1390 1906 antea.
1407 1882 1456 1909 ego
1472 1880 1561 1909 autem
1580 1883 1674 1903 rursus
1688 1875 1721 1902 de
1737 1875 1835 1902 amici-

1041 1919 1077 1945 tia
1090 1919 1183 1945 lauder
1196 1919 1319 1953 ;juvenis
1335 1925 1424 1948 autem
1437 1921 1480 1948 illa
1493 1929 1551 1955 spe,
1565 1928 1613 1956 pro
1623 1925 1667 1948 tua
1681 1926 1767 1956 parte,
1779 1929 1831 1948 non

1040 1964 1158 1997 decidat,
1175 1967 1221 1992 Sed
1234 1966 1324 1993 Sl'itlnl.
1345 1967 1390 2000 qui
1411 1967 1526 1993 multum
1545 1974 1623 2001 posse
1639 1967 1775 2000 videntur,
1789 1966 1833 2002 ju-

1040 2010 1122 2038 stitiaa
1135 2018 1243 2045 queque
1254 2019 1315 2038 esse
1330 2017 1482 2046 opportune
1501 2012 1583 2039 vinci.

1302 2057 1347 2084 IV.
1366 2057 1580 2085 lllliltONYilO.

1076 2102 1133 2138 Ego
1156 2104 1264 2138 quidem
1296 2105 1429 2139 opinabar
1456 2110 1482 2132 te
1506 2105 1631 2139 ignorare
1658 2108 1761 2135 sororis
1783 2115 1836 2135 nu-

1039 2149 1231 2183 ptias,easque
1242 2151 1369 2177 omnibus
1386 2150 1511 2178 allinibus
1529 2157 1607 2179 notas
1628 2160 1699 2185 esse,
1720 2160 1833 2189 pra-ter—

197 2201 251 2233 σοὶ,
268 2201 297 2227 ὃν
312 2199 392 2236 ῷμην
404 2199 445 2226 ἔτι
472 2199 549 2234 παρὰ
563 2198 602 2234 τῷ
621 2198 713 2231 Νείλῳ
736 2197 887 2232 καθῆσθαι·
911 2197 940 2223 σὲ
956 2197 983 2223 δὲ

1043 2202 1119 2230 quant
1132 2196 1178 2223 tibi
1199 2203 1279 2229 quem
1307 2197 1395 2223 adhuc
1417 2197 1449 2223 ad
1475 2196 1564 2224 Nilum
1585 2206 1646 2226 esse
1670 2201 1811 2227 credebam
1823 2209 1836 2234 ;,

194 2247 337 2274 λανθάνειν
354 2246 426 2272 ἔοικε
444 2245 499 2271 τῶν
514 2246 554 2277 εἰς
567 2245 675 2280 τρυφὴν
688 2244 811 2280 ἡκόντων
821 2243 912 2270 οὐδένι
930 2243 986 2269 ἀλλ’

193 2291 268 2327 ἡμᾶς
283 2290 312 2316 τέ
329 2299 356 2316 τι
377 2290 488 2325 δρᾶται,
503 2289 550 2316 καὶ
566 2289 597 2315 σὲ
620 2288 784 2324 προσὸάλλει
812 2287 956 2323 πόρρωθεν
970 2288 987 2322 ἡ

194 2338 249 2363 τῶν
266 2337 484 2372 ἐπιτελουμένων
503 2336 586 2372 ὀσμή·
604 2335 650 2362 καί
666 2344 717 2361 που
727 2335 798 2370 τάχα
810 2335 856 2361 τὸν
874 2335 988 2369 Ὁμηρι-

194 2383 243 2408 κὸν
263 2383 311 2408 Δία
330 2383 409 2417 νικᾷς
427 2381 521 2416 λοιϐῆς
543 2381 590 2407 καὶ
605 2380 719 2415 κνίσσης
747 2379 818 2415 ὸρῶν
844 2379 988 2414 ἑλισσομέ-

194 2438 244 2464 νης
260 2430 323 2464 περὶ
344 2429 457 2464 καπνῷ·
475 2428 564 2455 ταῦτά
584 2437 615 2455 σε
637 2428 734 2459 Νεῖλος
755 2427 877 2463 διέθηκε,
900 2427 948 2454 καὶ
964 2427 988 2453 οἱ

196 2476 262 2510 παρ’
286 2476 391 2501 ἐκεῖνον
419 2474 577 2509 εὐδαίμονες
599 2474 752 2510 ἄνθρωποι,
786 2473 846 2508 μεθ’
869 2473 916 2504 οὓς
938 2473 988 2509 τὴν

194 2520 308 2547 ἑλοῦσαν
322 2520 417 2553 οἰκῶν,
431 2519 564 2556 ὀξυτέραν
580 2519 653 2555 ἔχεις
670 2518 719 2554 τὴν
733 2519 871 2554 αἴσθησιν,
887 2517 915 2544 εῐ
935 2527 987 2544 που

194 2564 226 2599 δή
241 2573 273 2598 γε
289 2564 392 2595 καπνὸς
418 2564 586 2590 ἀναδίδοται·
602 2563 649 2590 τὸν
677 2563 706 2589 δὲ
730 2563 778 2589 σὺν
791 2562 875 2589 παῖδα
889 2562 988 2598 μικροῦ

194 2610 249 2637 δεῖν
267 2609 386 2645 ὥρμησα
406 2609 538 2636 διαθεῖναι
565 2609 671 2642 κακῶς,
693 2608 787 2644 δτιμὴ
811 2609 988 2644 μαζόγραφος

194 2660 234 2690 είς
248 2658 348 2690 πλάτος
361 2658 451 2693 ἁφῆκέ
469 2667 514 2684 σου
532 2657 581 2693 τὴν
599 2657 755 2692 ἐπιστολὴν,
770 2657 838 2684 ἀλλὰ
853 2657 930 2693 παρὰ
941 2657 988 2684 σοῦ

193 2704 270 2740 δῶρα
283 2704 442 2740 προσάγων,
461 2703 595 2738 μετέλαὸέ
621 2713 651 2730 τε
667 2706 700 2740 τῇ
725 2704 788 2740 θέᾳ·
812 2703 860 2730 καὶ
873 2704 924 2730 οὐκ
940 2701 988 2730 οἷδ’

194 2752 268 2782 ὅπως
287 2759 333 2786 μοι
349 2751 454 2777 διέλυσε
467 2751 513 2777 τὸν
526 2751 613 2785 θυμόν
625 2759 634 2767 '
651 2751 702 2778 οὐκ
718 2751 758 2782 εἰς
785 2750 893 2786 μακρὰν
909 2750 938 2777 δέ
958 2759 988 2776 σε

195 2797 290 2824 τοῦτον
319 2796 490 2832 ἀμείψομαι·
508 2796 525 2832 ἢ
544 2797 596 2832 γὰρ
620 2797 716 2832 γέγονέ
742 2806 784 2824 σοι
801 2796 988 2833 θυγάτριον,ἢ

194 2844 349 2878 γενὴτέται.

1039 2243 1086 2270 sed
1104 2248 1133 2270 ut
1153 2243 1271 2274 videtur,
1287 2244 1354 2271 nihil
1376 2249 1401 2271 te
1416 2244 1481 2272 latet
1495 2253 1658 2281 eorumqute
1674 2247 1706 2274 ad
1722 2248 1832 2275 delicias

1039 2291 1195 2323 pertinent,
1214 2297 1242 2317 at
1263 2291 1353 2325 aliquo
1381 2293 1462 2319 modo
1482 2292 1507 2319 in
1532 2298 1556 2319 te
1576 2294 1642 2328 agit,
1655 2299 1682 2321 et
1700 2295 1733 2321 ad
1764 2301 1790 2322 te
1817 2304 1835 2322 at

1039 2334 1119 2369 longe
1132 2336 1255 2369 pervenit
1264 2337 1374 2371 qmdam
1387 2344 1481 2364 eorum
1490 2345 1550 2372 qua!
1562 2340 1739 2374 perﬁciuntur
1747 2343 1831 2374 odor;

1039 2381 1153 2408 forsitan
1178 2389 1286 2417 quoque
1309 2381 1498 2411 Jovemviucis
1510 2384 1720 2412 llumericumiu
1743 2388 1834 2421 perci-

1038 2427 1138 2462 piendo
1153 2428 1298 2456 libatioues
1310 2434 1337 2456 et
1357 2429 1480 2457 nidorem
1504 2431 1530 2457 in
1555 2431 1633 2458 fumo
1664 2432 1832 2460 volutatum:

1040 2473 1112 2507 quod
1126 2473 1174 2500 tibi
1191 2473 1267 2501 dedit
1290 2473 1367 2502 Nilus
1384 2479 1408 2502 et
1426 2475 1519 2504 felices
1542 2476 1601 2511 ejus
1625 2478 1736 2511 accoltc,
1764 2479 1835 2506 inter

1039 2526 1107 2552 qttos
1127 2518 1277 2553 placentem
1296 2525 1396 2548 terram
1411 2521 1531 2549 incolens
1556 2523 1725 2552 acutioribus
1742 2526 1834 2552 sensi-

1040 2563 1089 2590 bus
1106 2565 1222 2599 percipis
1250 2566 1336 2593 sicubi
1365 2566 1456 2596 fumus
1469 2568 1600 2595 ascendit.
1622 2568 1720 2596 Parum
1742 2575 1834 2596 autem

1040 2610 1125 2638 abfuit
1153 2612 1219 2646 quin
1252 2620 1364 2646 puerum
1397 2618 1472 2640 tuum
1500 2615 1571 2642 male
1595 2615 1743 2649 haberem,
1769 2617 1833 2651 quia

1041 2661 1112 2684 luant
1137 2658 1163 2684 itt
1189 2657 1272 2685 altum
1298 2659 1439 2692 epistolam
1463 2661 1591 2687 emiserat
1607 2668 1616 2693 ;
1633 2661 1679 2688 sed
1706 2666 1749 2688 tua
1771 2670 1833 2688 tuu-

1040 2711 1104 2731 nera
1138 2704 1278 2738 proferens
1308 2705 1373 2731 mihi
1404 2710 1520 2733 mentem
1555 2714 1649 2733 eorum
1683 2713 1834 2742 conspectu

1040 2750 1154 2776 mutavit
1171 2755 1198 2777 et
1214 2757 1267 2785 quo
1284 2751 1377 2778 nescio
1392 2753 1472 2779 modo
1485 2753 1554 2779 iram
1585 2753 1690 2780 lenivit.
1706 2753 1763 2780 Non
1779 2761 1830 2780 au-

1041 2801 1093 2823 tem
1110 2796 1195 2823 tuulto
1209 2802 1269 2831 post
1289 2797 1336 2824 tibi
1353 2799 1498 2832 rependam
1516 2807 1523 2826 :
1543 2799 1584 2827 vel
1610 2799 1682 2826 enim
1697 2799 1753 2835 jam
1768 2805 1834 2826 nata

1040 2847 1082 2870 est
1096 2842 1137 2870 vel
1160 2847 1288 2871 nascetur
1307 2843 1354 2871 tibi
1371 2843 1437 2871 tilia.
