1988 3079
165 116 237 148 2723

845 116 1021 146 PROCOPII
1036 116 1158 146 ΩᾹΖιΕῘ

1738 117 1811 150 2721

166 171 200 199 ν.
218 169 333 198 ALYPO
351 168 395 197 ET
416 168 529 206 STEf-O
543 167 782 198 CRAMMATICIS
802 169 846 197 ET
866 170 961 198 lElllO
977 197 979 202 λ

1031 172 1052 197 ξ’.
1070 171 1200 206 ζΛΛΥΠῼ
1228 171 1287 198 ΚΛΙ
1322 171 1429 206 ΣΤΕΓῼ
1456 170 1721 199 ΓΡΛΜΜΔΤΙΚΟὶΣ
1750 174 1810 202 ΚΑΙ

473 204 630 233 ROMANO.

203 262 357 298 Legislator
382 262 426 289 ille
446 262 542 295 Solen,
575 268 636 289 cum
668 262 725 290 suis
750 262 855 298 legibus
879 269 961 298 quam

167 310 271 344 optime
293 309 445 336 institutam
473 315 534 335 esse
553 308 666 336 vidisset
696 309 846 341 civitatem,
861 309 962 336 ntalnm

101 353 112 361 '
168 362 230 382 esse
245 354 394 382 arbitratus
407 359 450 382 est
469 353 621 381 mirabilem
644 361 721 381 suam
737 354 899 389 sapientiam
922 354 964 382 in-

169 405 211 428 tra
237 401 335 428 Attica:
368 402 436 429 lines
465 401 626 435 angustiari.
642 399 736 436 Itaque
764 401 798 428 ad
821 400 964 437 Egyptios

171 447 304 482 perrexit,
321 447 385 474 licet
401 447 528 475 omnibus
548 447 730 482 sapientiores
740 454 800 474 esse
816 447 965 482 gloriaren-

171 499 235 525 tur;
252 495 300 520 ivit
314 501 424 528 quoque
438 494 471 520 ad
490 493 616 521 Croesum
636 493 739 520 divitiis
771 499 898 528 tanquam
927 493 967 521 l‘e‘

171 540 274 567 licitate
285 541 497 574 superbientem.
513 539 602 574 Maius
618 547 681 567 esse
704 539 796 567 Soloni
825 540 967 568 videbatur

170 586 305 620 sapientia
326 586 427 620 pollere
442 593 524 621 quam
550 586 651 614 divitiis
667 586 720 613 illis
748 593 817 620 quas
837 586 967 613 Pactolus

174 634 201 660 in
213 633 286 660 omni
307 637 378 659 terra
393 639 475 667 quant
496 632 601 667 irrigat,
622 630 760 658 dillundil.
776 631 903 658 Solonem
925 630 968 658 vi-

171 680 268 707 dentes
298 679 426 706 admirati
461 683 546 710 sunt;
569 685 687 712 eumque
714 677 877 710 discederet,
895 677 969 705 illius

173 724 312 752 desiderio
320 724 393 758 capti
406 729 481 751 sunt.
494 723 678 751 Athenienses
695 728 800 756 autem,
817 724 888 758 apud
901 730 970 758 quos

173 763 371 804 discipulorum
386 770 525 804 crepidam
549 773 675 800 exuerat.
693 768 845 796 Minervam
872 768 967 796 forsan

174 821 340 852 rogaverunt
353 821 381 844 ut
394 824 501 844 rursum
517 816 620 843 civitati
635 815 794 844 redderetur
807 814 946 850 legislator
960 822 968 848 ;

175 848 230 889 non
241 866 331 890 autem
346 862 462 890 mirarer
477 869 526 897 ego
552 861 628 889 illum
645 865 788 896 propterea
810 848 845 888 de
855 867 905 887 sua
919 867 966 895 pe-
985 848 1006 876 Β

177 907 362 942 regrinatione
376 907 521 943 cogitasse,
536 907 608 942 quod
625 912 756 942 quantum
772 907 799 934 in
816 914 845 934 se
866 906 969 934 amoris

174 953 388 982 Atheniensibus
403 958 477 981 eSset
498 954 570 981 scire
589 953 690 980 vellet:
712 958 811 989 praeter
827 953 968 981 hominem

177 1007 263 1027 unum
279 1000 325 1034 qui
343 1004 406 1027 tunc
422 1000 494 1027 forte
511 999 617 1032 aberat,
634 998 734 1027 ﬂevere
745 1006 850 1032 omnes,
862 999 970 1027 etiamsi

177 1046 315 1081 sapientes
330 1046 410 1078 alios,
433 1050 463 1074 ut
488 1046 638 1074 verisimile
658 1051 710 1080 est,
739 1046 880 1074 haberent.
902 1046 972 1079 Quid

177 1093 212 1120 de
227 1092 305 1120 nobis
330 1097 414 1125 esset,
435 1093 458 1120 si
478 1093 544 1120 illud
562 1100 698 1120 summum
714 1093 813 1120 bottum
831 1093 974 1121 amittere-

178 1146 239 1166 mus
260 1139 272 1166 ?
298 1139 326 1166 Si
346 1140 409 1174 quis
419 1139 495 1174 prius
510 1139 686 1172 dubitaverit,
699 1140 757 1167 sive
768 1140 886 1168 Atticam
916 1141 974 1168 sive

180 1182 285 1211 Italiam
299 1185 423 1219 proferre
443 1185 522 1212 licet:
540 1184 663 1220 Utraque
677 1186 757 1213 modo
769 1186 832 1213 silet
851 1190 877 1213 et
886 1187 976 1214 scien-

181 1229 225 1257 tiis
241 1236 318 1258 caret
344 1236 426 1266 atque
449 1231 545 1259 eadem
562 1232 617 1267 pati
638 1232 745 1259 videtur
778 1239 839 1267 quae
853 1231 976 1275 Citltero’

179 1277 237 1312 qui,
251 1283 426 1313 posteaquam
442 1279 592 1314 saepissime
604 1279 685 1306 dettm
708 1284 866 1315 acceperat,
879 1280 925 1308 illo
938 1288 979 1307 re-

180 1323 304 1357 cedente.
319 1325 409 1353 lubito
422 1325 548 1353 desertus
563 1326 651 1353 factus
662 1330 714 1354 est.
729 1325 785 1353 Nec
800 1327 906 1361 uspiam
918 1327 979 1354 Dio-

183 1370 286 1404 nysius.
305 1369 397 1406 Itaque
424 1371 578 1406 Apollinem
597 1371 744 1406 inerepalto
760 1372 806 1407 qui
835 1372 869 1399 ad
891 1381 921 1400 se
945 1380 979 1400 ex

183 1420 341 1451 contemptu
359 1421 452 1445 nostra
460 1418 597 1444 revocavit
620 1422 648 1445 et
664 1418 783 1445 arbitror
798 1417 903 1446 felicem
926 1419 981 1447 illis

182 1467 285 1490 sortem
306 1464 491 1498 gratttlaturas
508 1471 570 1491 esse
586 1464 685 1492 Musas.
712 1464 768 1492 Vos
784 1465 916 1492 nimirum
933 1473 983 1493 an-

185 1509 267 1543 tiquis
282 1508 381 1536 fabulis
395 1509 548 1544 repletnini,
561 1510 742 1545 recogitautes
758 1510 823 1546 quid
838 1510 907 1539 deus
931 1519 980 1547 per
992 1519 1014 1549 α

185 1555 270 1590 ipsam
303 1555 442 1592 Daphnem
470 1556 553 1585 fuerit
570 1564 679 1592 passus,
708 1557 849 1593 Daphnem
870 1565 980 1593 nempe,

186 1602 350 1635 castitatem,
379 1603 644 1638 humanitatemque,
662 1603 789 1631 arborem
808 1611 868 1638 quae
886 1611 982 1631 aman-

188 1653 244 1676 tem
261 1649 438 1682 consolatur;
465 1654 548 1684 atque
565 1649 643 1677 vobis
672 1649 743 1676 inter
766 1649 892 1677 homines
916 1649 981 1677 solis

187 1695 237 1722 dea
266 1696 379 1731 pignora
411 1696 522 1723 realiter
548 1696 645 1731 largita
681 1695 818 1729 est,'Si,
847 1695 979 1730 Apollinis

189 1741 286 1768 amicae
302 1741 401 1776 gratia,
422 1746 492 1768 nata:
524 1745 589 1769 sunt
622 1741 742 1777 cypressi
767 1748 869 1776 opacaa,
898 1746 983 1776 atque

188 1787 271 1814 etiam
294 1786 435 1814 abundans
457 1794 537 1821 aqua,
552 1791 580 1814 et
601 1786 702 1815 cicada».
716 1791 828 1820 canunt,
842 1787 883 1814 via
913 1795 982 1822 quo-

196 1840 249 1866 que
265 1832 339 1859 molli
361 1832 450 1860 herba
481 1832 592 1865 fruitur,
608 1836 636 1860 et
653 1832 767 1860 arbores
791 1833 852 1860 alite
870 1838 982 1868 propter

191 1877 271 1910 alias,
298 1882 326 1906 et
353 1878 451 1905 domus
468 1878 597 1906 arborum
613 1878 774 1906 celsitudine
789 1879 822 1906 ad
840 1879 982 1906 dimidium

190 1924 342 1956 abscousre,
358 1931 389 1951 ac
404 1931 478 1951 aura:
494 1925 598 1957 dulces,
612 1924 738 1959 variique
753 1926 863 1958 odores,
878 1930 905 1953 et
918 1925 984 1953 solis

191 1970 318 1997 arderent
339 1969 585 2005 repellensuutbra
600 1979 607 1997 :
621 1975 741 1997 vestrum
754 1975 797 1997 est
821 1975 868 1997 aut
882 1971 937 1998 cito
950 1978 982 1998 ea

191 2015 318 2042 nutttiare
329 2020 378 2042 aut
390 2015 501 2050 scriptis
519 2015 688 2044 describere.
708 2015 811 2044 Vellent
838 2023 927 2044 tamen
949 2017 983 2044 ad

191 2061 290 2089 vosire
302 2066 329 2089 et
347 2069 396 2089 vos
411 2062 515 2094 videre,
538 2067 568 2090 ut
591 2066 691 2097 praeter
716 2068 826 2095 caetera.
855 2062 983 2089 vaticinia

192 2114 301 2142 quoque
314 2107 422 2135 audiam
438 2116 446 2136 :
464 2107 529 2135 illud
543 2108 617 2136 enirn
633 2108 737 2143 opinor
753 2108 831 2137 vobis
842 2116 857 2136 a
873 2108 984 2143 Daphne

193 2155 276 2182 etiam
285 2161 348 2183 esse
363 2161 535 2182 Concessum.

478 2199 522 2227 VI.
537 2199 578 2227 PA
584 2199 718 2228 LLADIO.

230 2247 385 2276 Potentiam
399 2246 527 2273 virtutem
555 2247 700 2273 maximam
735 2253 833 2274 censeo
846 2253 907 2274 esse
922 2253 988 2274 con-

195 2294 277 2323 solari
304 2300 459 2328 oppressos.
496 2292 564 2320 Cum
578 2292 650 2319 eniut
668 2293 795 2327 potentia:
821 2293 926 2320 accedit
943 2300 989 2319 vo-

197 2342 288 2369 luntas
301 2340 426 2367 servandi
446 2339 593 2374 justitiam,
609 2339 673 2373 quid
699 2339 790 2366 obstat
817 2339 882 2374 quitt
908 2339 989 2374 peril-

196 2388 305 2415 ciantur
319 2393 379 2421 qua:
401 2386 506 2420 legibus
534 2385 678 2412 videntur?
694 2384 747 2412 Sed
769 2393 898 2419 quorsum
925 2385 989 2412 illud

199 2434 360 2468 prooemium
378 2432 390 2459 Ἰ
413 2431 532 2459 Isidorus
555 2431 748 2465 scholasticus,
766 2431 812 2466 qui
833 2431 897 2459 dum
914 2431 990 2458 vive-

200 2485 252 2513 ret,
268 2478 332 2506 tttihi
351 2478 401 2505 luit
417 2478 532 2510 amicus,
559 2484 630 2504 ttuttc
659 2481 748 2504 autem
767 2477 897 2504 memoria
922 2476 990 2504 idettt

200 2532 243 2555 est
256 2535 288 2554 ac
310 2527 386 2554 vivus
402 2532 471 2559 erat,
487 2530 514 2552 tu
531 2525 589 2553 aliis
602 2525 692 2552 dicere
717 2532 814 2560 posses
841 2532 921 2560 quant
940 2524 992 2552 nti-

202 2573 315 2601 rabilem
329 2580 358 2600 se
368 2572 512 2608 praebuerit
528 2581 536 2605 ;
552 2579 567 2599 e
583 2571 651 2599 vivis
672 2571 815 2599 discedens
835 2571 993 2598 destitutam

202 2619 275 2647 omni
298 2618 432 2654 adjutorio
454 2618 566 2646 dotttum
584 2616 694 2652 reliquit
714 2624 722 2644 :
743 2624 803 2652 qute
815 2617 887 2643 enim
907 2622 994 2644 mater

205 2665 303 2699 fuerat,
326 2665 393 2692 orba
423 2672 504 2697 nunc,
521 2665 548 2691 in
566 2669 687 2691 extrema
707 2667 857 2694 senectute,
875 2670 924 2690 nec
937 2663 993 2698 jam

205 2717 292 2739 mater
308 2720 315 2745 ;
330 2719 399 2739 uxor
423 2715 514 2738 autem
541 2710 681 2737 viduitatis
695 2709 760 2744 jugo
785 2709 918 2744 pretnilur
938 2718 945 2743 ;
963 2711 995 2737 de

207 2756 299 2784 liberis
317 2763 379 2784 vero
405 2755 470 2790 quid
484 2755 627 2783 dicendum
644 2755 656 2782 ἳ
671 2753 792 2782 Parvula:
818 2759 881 2781 sunt
901 2754 996 2788 puellte

207 2807 235 2828 et
247 2801 304 2836 jam
320 2802 503 2836 orpltanorum
519 2800 644 2828 miseram
661 2805 762 2827 sortem
779 2804 907 2835 expertae,
929 2807 995 2826 uno-

210 2854 317 2882 qu0que
333 2847 425 2881 verbo,
437 2846 562 2876 omnibus
584 2845 711 2881 iniuriam
729 2844 829 2874 inferre
843 2845 996 2874 volentibus

999 2197 1022 2226 D

1270 205 1360 242 ΙΕΡΙῼ
1388 199 1552 242 cumanae.

1050 263 1151 291 Σόλωνι
1167 263 1207 299 τῷ
1226 264 1359 300 νομοθέτῃ
1379 264 1473 301 ἐπειδή
1499 265 1592 300 νόμων
1617 264 1700 292 ἕνεκα
1719 265 1813 298 καλῶς

1014 309 1087 346 ἔχειν
1102 310 1207 346 ἡπόλις
1235 310 1335 343 ἐδόκει,
1361 310 1449 338 δεινὸν
1472 311 1624 347 ἡγούμενος
1657 312 1739 348 μέχρι
1761 312 1814 347 τῆς

1023 356 1150 392 Ἀττικῆς
1164 356 1240 391 αὐτῷ
1259 356 1308 392 τῆς
1320 357 1416 392 σοφίας
1426 357 1537 384 ἑστάναι
1554 357 1584 384 τὺ
1599 358 1703 393 θαῦμα,
1718 360 1814 394 ἐφοίτα

1018 401 1068 437 μὲν
1081 403 1146 438 παρ’
1156 402 1324 437 Αἰγυπτίους
1344 403 1444 438 καίπερ
1468 404 1641 440 σοφωτέρους
1655 404 1709 432 τῶν
1725 405 1814 433 ἀλλων

1017 448 1186 483 αὐχοῦντας·
1211 448 1306 483 ἐφοίτα
1332 448 1360 475 δέ
1384 449 1433 475 καὶ
1461 449 1539 484 παρὰ
1564 450 1682 484 Κροῖσον
1708 449 1747 481 ὡς
1769 451 1815 477 ἐπ’

1018 496 1180 532 εὐδαιμονίᾳ
1193 495 1232 532 τῷ
1247 496 1355 532 πλούτῳ
1375 496 1515 532 κομῶντα.
1540 496 1641 529 Μεῖζον
1654 498 1709 533 γὰρ
1725 497 1814 524 ἐδόκει

1017 540 1057 575 τῷ
1076 541 1176 567 Σόλωνι
1198 540 1280 576 σοφίᾳ.
1298 541 1416 576 τρυφᾷν,
1431 540 1448 576 ἢ
1467 540 1562 576 χρυσῷ
1586 541 1657 577 ῥέων
1672 543 1686 568 ό
1702 542 1816 568 Πακτω-

1018 585 1064 617 λὸς
1077 585 1129 620 γῆν
1143 585 1192 620 τὴν
1205 585 1272 620 ὅσην
1287 584 1407 619 ἐπῆλθεν
1419 586 1523 616 ἐκεῖνος
1537 593 1544 599 ·
1555 585 1604 612 καὶ
1623 585 1648 611 οἱ
1664 585 1713 620 μὲν
1728 586 1818 620 ὁρῶν-

1018 637 1064 660 τες
1085 628 1241 664 ἐθαύμαζον
1251 637 1259 644 ο
1273 628 1312 660 ὠς
1335 628 1364 655 δὲ
1377 629 1524 663 ἀπεφοίτα,
1543 629 1625 656 πάλιν
1641 629 1756 656 ἐπόθουν
1769 629 1817 656 τὸν

1019 675 1129 702 Σόλωνα
1141 682 1148 689 ·
1173 675 1310 711 Ἀθηναῖοι
1325 676 1353 702 δὲ
1364 676 1429 711 παρ’
1438 673 1480 707 οἷς
1491 675 1542 711 τὴν
1557 676 1680 712 κρηπῖδα.
1692 675 1747 702 τῶν
1763 685 1817 712 μα-

1022 722 1112 758 θητῶν
1127 722 1251 755 ἐὸάλετο,
1267 722 1338 757 τάχα
1362 723 1410 749 καὶ
1430 722 1480 758 τὴν
1496 723 1614 759 Ἀθηνᾶν
1635 722 1762 758 ηὔχοντο,
1774 723 1818 755 τὸ,

1020 768 1171 804 νομοθέτην
1186 768 1266 801 αὖθις
1278 768 1426 796 ἀποδοῦναι
1441 770 1475 804 τῇ
1492 769 1568 795 πόλει
1581 777 1588 785 ·
1606 769 1631 796 εί
1646 769 1675 796 δὲ
1694 769 1742 796 καὶ
1754 769 1818 796 τού-

1020 823 1069 842 του
1087 815 1170 841 ἕνεκα
1188 814 1238 850 τὴν
1262 814 1419 850 ἀποδημίαν
1436 815 1588 850 σοφίζεται,
1610 815 1712 850 γνῶναι
1734 815 1820 849 θέλων

1020 862 1096 893 ὅπως
1116 860 1218 897 ἔρωτος
1238 861 1355 896 ἥκουσιν
1375 861 1414 892 είς
1426 861 1508 888 αὑτὸν
1526 861 1676 897 Ἀθηναῖοι,
1701 862 1752 888 οὐκ
1774 861 1819 894 ἂν,

1020 906 1111 944 οἶμαι,
1136 907 1320 943 θαυμάσαιμι,
1344 907 1416 942 πλὴν
1432 907 1492 939 ἐνδς
1505 908 1602 943 ἀνδρὸς
1618 907 1736 940 ἀπόντος
1755 908 1821 935 ἐδά-

1020 963 1128 992 κρυσαν
1144 953 1294 989 Ἀθηναῖοι,
1307 954 1396 982 καίτοι
1405 954 1516 989 σοφοὺς,
1528 954 1566 986 ὡς
1577 954 1662 988 είκδς,
1676 954 1822 990 εὐτυχοῦν-

1021 1011 1068 1034 τες
1086 1001 1217 1036 ἑτέρως’
1235 1001 1308 1033 τίνες
1324 1001 1358 1027 ἂν
1371 1001 1520 1036 γενοίμεθα
1539 1001 1571 1028 τὸ
1594 1001 1744 1036 κεφάλαιον
1762 1001 1822 1028 ὅλον

1023 1049 1236 1084 ἀφαιρούμενοι;
1253 1047 1301 1075 καὶ
1317 1049 1350 1083 ἢν
1365 1048 1398 1074 ἀν
1413 1057 1455 1080 τις
1472 1048 1596 1075 ἐδίστασε
1613 1048 1758 1084 πρότερον,
1783 1047 1823 1074 εί-

1025 1103 1056 1120 τε
1069 1093 1119 1130 τὴν
1140 1093 1279 1128 Ἀττικὴν,
1293 1093 1347 1120 εἴτε
1357 1093 1407 1129 τὴν
1429 1093 1545 1120 Ἰταλίαν
1565 1094 1705 1129 προσῆκεν
1722 1094 1822 1127 εἰπεῖν,

1028 1140 1098 1176 αὕτη
1113 1141 1179 1175 σιγᾷ
1189 1140 1236 1166 νῦν
1254 1139 1385 1175 ἐξαίφνης
1408 1140 1456 1167 καὶ
1479 1140 1535 1166 τῶν
1551 1140 1753 1176 γνωρισμάτων
1770 1140 1824 1174 ὰφ-

1026 1187 1143 1224 ῄρηται·
1169 1187 1318 1214 καὶταῦτα
1331 1187 1446 1222 πάσχειν
1460 1187 1532 1214 ἔοικε
1556 1186 1595 1222 τῷ
1614 1187 1763 1223 Κιθερῶνι,
1781 1187 1825 1214 ὅτι

1028 1235 1113 1262 πολὺν
1131 1233 1278 1269 δεξάμενός
1291 1242 1358 1260 ποτε
1376 1233 1448 1267 θεὸν,
1462 1233 1589 1265 ἀπιόντος
1603 1233 1685 1260 πάλιν
1694 1233 1827 1268 ἐξαίφνης

1029 1282 1133 1318 ἔρημος
1147 1279 1192 1316 ἦν’
1207 1281 1254 1307 καὶ
1270 1282 1284 1307 ὁ
1298 1279 1439 1312 Διονύσιος
1451 1279 1572 1316 οὐδαμοῦ
1584 1289 1591 1296 ·
1611 1280 1672 1307 ὅθεν
1684 1279 1826 1313 καταόοῆ-

1031 1337 1114 1364 σομαι
1132 1327 1180 1354 τοῦ
1203 1326 1370 1359 Ἀπόλλωνος
1383 1348 1390 1361 ,
1408 1327 1437 1359 ὃς
1453 1327 1501 1354 καὶ
1522 1327 1588 1362 παρ’
1611 1326 1707 1354 ἑαυτὸν
1733 1326 1827 1353 ἐκάλει

1030 1374 1066 1401 τὰ
1082 1373 1204 1410 ἡμέτερα
1220 1373 1340 1408 παριδών
1351 1380 1357 1387 ·
1374 1373 1421 1400 καὶ
1441 1371 1518 1408 οἶμαι
1538 1372 1644 1404 τούτοις
1663 1371 1827 1407 συνήδεσθαι

1031 1421 1082 1455 τῆς
1099 1420 1228 1454 εὐτυχίας
1243 1419 1292 1450 τὰς
1310 1419 1424 1450 Μούσας
1435 1427 1442 1434 '
1458 1419 1538 1455 ὑμεῖς
1549 1419 1636 1453 δήπου
1647 1419 1693 1445 καὶ
1702 1418 1827 1444 παλαιῶν

1034 1464 1270 1499 μυθολογημάτων
1290 1463 1477 1498 ἐμπίπλασθε,
1501 1463 1569 1498 παρ’
1595 1463 1681 1499 αὐτὴν
1706 1463 1757 1497 ἢδη
1777 1463 1828 1498 τὴν

1032 1513 1141 1546 Δάφνην
1158 1509 1327 1545 λογιζόμενοι
1345 1510 1392 1537 τοῦ
1405 1509 1466 1537 θεοῦ
1478 1509 1509 1536 τὸ
1524 1509 1612 1541 πάθος
1621 1517 1629 1525 ³
1642 1510 1691 1546 τὴν
1705 1509 1827 1545 Δάφνην.

1031 1558 1081 1593 τὴν
1109 1556 1289 1593 σωφροσύνην
1316 1557 1364 1584 καὶ
1387 1556 1418 1584 τὸ
1446 1557 1650 1593 φιλάνθρωπον,
1674 1556 1723 1584 καὶ
1744 1555 1830 1590 φυτὼ

1032 1602 1284 1640 παραμυθούμενον
1297 1603 1416 1639 ἐραστήν
1428 1610 1435 1618 ·
1450 1603 1498 1630 καὶ
1512 1602 1578 1638 παρ’
1591 1602 1655 1638 ύμῖν
1666 1602 1759 1637 μόνοις
1773 1602 1830 1629 τῶν

1032 1650 1183 1686 ὁρωμένων
1199 1649 1216 1683 ἡ
1232 1647 1281 1675 θέα
1299 1648 1337 1683 τῷ
1351 1648 1423 1684 λόγῳ
1437 1649 1487 1681 τὴν
1498 1649 1655 1684 μαρτυρίαν
1670 1647 1828 1684 χαρίζεταυ

1032 1697 1057 1723 εί
1068 1697 1096 1722 δὲ
1108 1695 1155 1722 καὶ
1174 1695 1340 1731 κυπάριττοι
1355 1694 1459 1721 πυκναὶ
1472 1694 1540 1729 πρὸς
1551 1695 1633 1730 χάριν
1647 1695 1769 1722 ἀνεῖνται
1779 1694 1830 1728 τῆς

1032 1742 1175 1778 ἐρωμένης
1196 1741 1375 1773 Ἀπόλλωνος,
1394 1740 1442 1768 παὶ
1460 1739 1533 1778 ὕδωρ
1553 1741 1669 1776 ἄφθονον
1683 1740 1733 1768 καὶ
1743 1741 1831 1768 τέττι-

1034 1796 1081 1822 γες
1095 1787 1201 1823 ᾄδουσι,
1217 1786 1266 1814 καὶ
1287 1786 1346 1818 ὁδὸς
1363 1788 1396 1822 τῇ
1423 1786 1478 1823 πόᾳ
1499 1787 1609 1822 μαλακῇ
1627 1787 1830 1823 παρακέχυται,

1033 1835 1082 1861 καὶ
1105 1834 1203 1869 δένδρα
1229 1833 1287 1861 ἀλλ’
1305 1832 1348 1859 ἐπ’
1370 1832 1472 1864 ἄλλοις,
1499 1832 1548 1859 καὶ
1561 1832 1645 1859 οἰκίαι
1665 1832 1705 1869 τῷ
1727 1832 1832 1860 τούτων

1034 1880 1097 1916 ὕψει
1110 1880 1183 1907 κατά
1201 1880 1285 1916 μέσον
1298 1880 1500 1915 κρυπτόμεναι,
1514 1877 1587 1915 αὗρά
1609 1888 1641 1906 τε
1659 1879 1769 1915 μετρία,
1783 1879 1832 1906 καὶ

1033 1925 1106 1962 ὀσμὴ
1118 1925 1269 1962 συμμιγὴς,
1283 1925 1330 1952 καὶ
1344 1926 1409 1952 σκιά
1422 1924 1469 1952 τοῦ
1485 1925 1561 1960 ἡλίου
1575 1924 1606 1951 τδ
1623 1924 1747 1960 λυπηρὸν
1763 1925 1833 1951 ἀπο-

1034 1972 1174 2004 κλείουσα,
1202 1971 1337 2007 ὑμέτερον
1348 1971 1365 2006 ἢ
1379 1970 1416 2002 ὡς
1431 1970 1514 2006 τάχος
1531 1970 1676 2006 ἀγγέλλειν
1687 1971 1704 2006 ἢ
1726 1970 1833 2006 διηγεῖ-

1035 2018 1099 2045 σθαι
1117 2018 1173 2049 τοῖς
1185 2017 1334 2052 γράμμασι
1342 2024 1349 2031 ’
1359 2015 1431 2052 ⁵πλὴν
1443 2016 1592 2052 βουλοίμην
1607 2017 1647 2048 είς
1658 2016 1729 2051 ὑμᾶς
1738 2016 1832 2043 ἐλθόν-

1034 2071 1084 2095 τας
1102 2062 1179 2094 ἰδεῖν.
1196 2062 1239 2089 ἵνα
1255 2062 1325 2097 πρὸς
1345 2063 1403 2094 τοῖς
1425 2061 1517 2094 ἄλλοις
1544 2062 1594 2089 καὶ
1622 2062 1833 2097 μαντευομένων

1035 2108 1198 2142 ἀκούσωμαι
1208 2113 1216 2120 '
1234 2106 1373 2133 καὶτοῦτο
1383 2107 1438 2143 γὰρ
1453 2106 1519 2143 ὑμῖν
1536 2104 1614 2142 οἶμαι
1624 2106 1833 2142 δεδωκέναιτὴν

1035 2155 1157 2190 Δάφνην.

1312 2201 1358 2233 ς’.
1380 2199 1561 2235 ΠΑΑΛΑΔΙῼ.

1075 2246 1131 2282 Τὴν
1146 2246 1201 2273 τῶν
1220 2244 1292 2281 μέγα
1308 2244 1465 2279 δυναμένων
1493 2243 1595 2279 ἀρετὴν
1611 2243 1744 2278 μεγίστην
1757 2242 1835 2278 οἶμαι

1038 2295 1094 2325 τοῖς
1116 2292 1305 2328 ἀδικουμένοις
1327 2290 1517 2326 παραμυθίαν.
1542 2290 1692 2325 Δυνάμεως
1716 2289 1770 2324 γὰρ
1794 2291 1836 2321 εἰς

1040 2339 1139 2366 ταυτὸν
1172 2337 1304 2373 ἐλθούσης
1329 2337 1377 2364 καὶ
1402 2336 1515 2372 γνώμης
1539 2329 1664 2372 τιμώσης
1680 2336 1715 2362 τὰ
1730 2336 1834 2368 δίκαια,

1039 2384 1067 2411 τί
1081 2383 1180 2410 κωλύει
1195 2383 1263 2418 πρδς
1277 2383 1364 2418 πέρας
1379 2382 1448 2408 ἱέναι
1458 2381 1494 2407 τὰ.
1504 2381 1635 2408 δοκοῦντα
1648 2383 1706 2412 τοῖς
1722 2382 1815 2417 νόμοις
1827 2389 1835 2414 ;

1047 2429 1129 2456 Ἀλλὰ
1153 2429 1179 2455 τί
1209 2437 1254 2464 μοι
1275 2427 1400 2463 βούλεται
1415 2427 1445 2453 τὸ
1469 2427 1630 2462 προοίμιον;
1655 2426 1792 2462 Ἰσίδωρος
1822 2427 1838 2453 ὁ

1042 2476 1230 2511 σχολαστικὸς,
1257 2475 1272 2501 ὁ
1297 2473 1382 2501 πάλαι
1411 2474 1459 2507 μέν
1472 2473 1548 2507 φίλος
1565 2472 1646 2508 ἡνίκα
1671 2473 1731 2509 ἔζη,
1748 2473 1795 2500 νῦν
1809 2473 1838 2500 δὲ

1045 2523 1127 2557 μέχρι
1145 2522 1195 2556 τῆς
1227 2521 1350 2556 μνήμης,
1372 2517 1428 2550 οἷος
1446 2519 1496 2553 μὲν
1518 2516 1552 2554 ἦν
1582 2518 1627 2546 τὸν
1654 2518 1722 2554 βίον,
1742 2518 1839 2551 amici);

1044 2567 1212 2603 πανταχόθεν
1228 2567 1310 2593 αὑτὸν
1332 2566 1446 2601 παρεῖχε
1476 2564 1639 2599 θαυμάζειν,
1665 2564 1712 2591 καὶ
1734 2564 1838 2600 ἑτέροις

1044 2614 1125 2646 αὐτὸς
1140 2614 1299 2648 ἐξηγήσαιο.
1329 2611 1398 2638 Νυνὶ
1417 2611 1445 2637 δέ
1473 2610 1598 2637 ἀπελθὼν
1622 2610 1652 2643 ἐξ
1673 2609 1837 2645 ἀνθρώπιον,

1045 2660 1149 2696 ἔρημον
1163 2658 1323 2694 συμμαχίας
1339 2657 1468 2684 κατέλιπε
1486 2656 1535 2690 τὴν
1549 2656 1647 2683 οἰκῑαν.
1668 2655 1702 2682 Ἦ
1717 2656 1768 2691 μὲν
1784 2655 1839 2692 γὰρ

1046 2707 1130 2734 πάλαι
1143 2706 1245 2741 μήτηρ,
1257 2704 1304 2731 νῦν
1316 2704 1400 2735 ἄπαις
1412 2703 1459 2730 ἐπὶ
1468 2703 1571 2738 γήραος
1587 2701 1668 2737 οὐδῷ,
1682 2702 1730 2730 καὶ
1746 2703 1841 2738 μήτηρ

1046 2753 1139 2780 οὐκέτι
1150 2759 1157 2767 ·
1190 2752 1207 2787 ἡ
1229 2751 1257 2778 δὲ
1274 2750 1397 2781 σύνοικος
1415 2749 1529 2785 χηρείας
1546 2748 1679 2785 ὑποφέρει
1690 2749 1788 2783 ζυγόν·
1803 2748 1840 2775 τὰ

1046 2800 1075 2827 δέ
1092 2798 1185 2825 παιδία
1201 2798 1226 2824 τί
1250 2797 1291 2823 δεῖ
1320 2796 1426 2830 λέγεινς
1449 2794 1530 2830 κόραι
1555 2794 1610 2830 γὰρ
1636 2791 1716 2822 αὗται
1735 2794 1840 2831 μικρὰν

1048 2846 1164 2881 ἄγουσαι
1180 2843 1229 2879 τὴν
1243 2842 1363 2879 ἡλικίαν,
1379 2841 1426 2869 καὶ
1451 2840 1585 2877 ὀρφανίας
1604 2840 1690 2877 τύχης
1702 2840 1842 2877 πειρώμε-
