1988 3079
204 104 276 137 2725

927 102 1131 134 ΕΡΙΞΊῸΗΕ.

1776 101 1849 134 2726

198 171 262 190 ναν
283 161 422 189 συνελόντι
443 160 471 187 δὲ
499 161 592 195 φάναι,
614 160 774 195 πρόκεινται
787 162 855 187 πᾶσι
867 161 921 192 τοῖς
936 161 990 187 ἁδι-

1045 159 1179 192 obnoxite,
1195 159 1247 186 nisi
1270 163 1296 186 tu
1313 163 1388 186 vetes
1403 167 1410 185 :
1435 158 1508 186 illinc
1531 162 1648 194 vergunt
1665 165 1728 194 spes
1740 167 1824 187 earun
1837 173 1846 182 -

199 211 258 236 κεῖν
275 208 460 244 βουλομένοις,
473 207 497 232 εί
509 207 546 242 μὴ
556 207 587 232 σὺ
597 206 740 238 διο-λύσεις,
754 207 781 232 αί
799 206 902 233 τούτων
924 207 993 241 ὁρῶ-

201 264 242 282 σιν
264 255 380 286 ἐλπίδες.
400 255 430 282 '0
456 254 530 281 δεῖνα
557 254 612 289 γὰρ
641 253 722 288 φύσει
746 253 796 288 μὲν
813 253 994 288 ἐπιπόνηρος’

200 302 356 337 προσοικῶν
369 302 424 337 γὰρ
450 302 500 337 τὴν
521 300 625 327 τούτων
648 299 747 330 οἰκίαν,
769 299 817 325 καὶ
840 299 886 325 τὸν
901 299 933 324 ὲκ
947 298 994 325 τοῦ

200 347 365 381 γειτνιάζειν
391 347 489 381 φθόνον
514 345 616 378 λαϐὼν,
632 345 698 381 μίαν
711 343 859 379 πεποίηται
881 342 996 378 γνώμην

200 393 338 428 ἄχρηστον
356 392 453 424 αὑταῖς
466 391 630 425 ἀποφαίνειν
649 391 700 426 τὴν
721 390 845 423 οἴκησιν
860 388 921 416 ὅθεν
933 388 995 415 οὔτε

199 439 255 465 τῶν
269 437 485 473 οἰκοδομούντων
507 437 628 472 ἐννόμως
651 435 834 471 κωλυομένων
846 435 994 470 ἠνέσχετο·

200 485 331 518 καὶπρὸς
347 484 477 519 ἀλλήλους
497 483 696 518 διαγράμματι
721 482 890 517 συγκείμενα
912 481 995 517 λῆρον

199 528 362 565 ἡγούμενος,
377 529 545 566 κυριώτερον
561 529 643 556 αὑτὸν
653 528 877 563 ἀποφαίνειν-τῶν
892 528 993 563 νόμων,

199 575 248 603 καὶ
262 572 300 603 ὧν
309 576 390 608 αὐτὸς
397 576 574 612 ὡμολόγησεν
586 582 594 591 ·
606 575 675 603 ἀλλὰ
684 574 814 603 δικαστοῦ
826 575 873 602 καὶ
882 574 994 610 μισοῦν-

198 630 244 653 τος
260 621 295 649 τά
302 622 393 657 φαῦλα
409 622 524 658 γνώμην
536 622 639 655 λαϐὼν,
655 621 736 657 γενοῦ
754 622 814 653 ταῖς
830 621 926 656 κόραις
940 629 994 648 πα-

198 668 262 702 τὴρ,
281 668 328 695 καὶ
338 669 372 704 τῇ
389 668 475 704 μητρὶ
488 669 564 701 παῖς,
594 668 641 695 καὶ
668 669 702 704 τῇ
726 668 837 702 γυναικὶ
851 668 933 695 πάλιν
946 665 994 694 ἶσα

1053 206 1168 240 Quidam
1186 206 1270 238 enim,
1285 209 1380 232 natura
1395 212 1551 239 perversos,
1575 213 1670 232 earnm
1690 205 1781 233 domui
1803 206 1846 233 vi-

1051 251 1295 284 cinus,vicinitatc
1312 250 1415 278 invidia
1441 255 1531 285 capta,
1560 251 1585 278 id
1610 256 1714 278 tantum
1743 252 1847 287 cogitat

1049 306 1104 334 quo
1117 298 1171 325 illis
1183 298 1293 324 domum
1311 303 1388 324 suam
1401 295 1523 324 inutilem
1539 295 1620 324 faciat
1637 305 1644 324 :
1663 297 1702 324 sic
1714 304 1760 324 eos
1775 297 1846 332 legi-

1050 345 1115 372 time
1124 343 1261 371 aedificare
1281 350 1333 370 non
1349 349 1451 378 passus
1463 347 1504 370 est
1520 350 1528 376 ;
1541 348 1620 377 pacta
1634 350 1743 378 quoque
1751 347 1844 370 mutua

1048 398 1099 426 pro
1117 390 1203 418 nihilo
1219 390 1334 422 habens,
1355 395 1383 416 se
1396 389 1500 423 legibus
1519 394 1546 417 et
1568 389 1686 424 propriis
1709 390 1844 424 pactioni-

1050 437 1101 466 bus
1120 437 1290 472 snperiorem
1306 436 1418 470 praebet.
1432 435 1535 463 Judicis
1557 436 1640 471 igitur
1660 441 1777 464 mentem
1803 435 1845 463 in-

1046 483 1159 518 iustitiae
1188 482 1377 509 adversantem
1404 488 1526 514 sumens,
1544 482 1640 516 puellis
1670 486 1729 509 esto
1755 486 1844 517 pater,

1049 528 1130 557 matri
1150 528 1222 556 Illius
1235 532 1262 554 et
1273 528 1352 555 uxori
1368 528 1471 563 pariter
1482 528 1592 562 coniux,
1608 529 1763 564 nostrisque
1778 537 1846 557 oru-

1049 575 1084 604 lis
1095 575 1118 603 is
1136 582 1216 610 quem
1233 575 1399 609 experientia
1415 575 1579 610 compluries
1601 576 1719 603 ostendit
1733 584 1741 609 ;
1756 575 1846 603 sciant

1049 627 1103 647 non
1113 627 1174 647 esse
1196 619 1289 646 auxilii
1303 619 1420 654 inopiam
1430 620 1516 648 donec
1534 619 1601 657 legis
1622 626 1650 648 et
1663 620 1714 649 viri
1732 620 1843 655 iustitia!

1049 666 1168 694 cultores
1184 670 1257 693 stent
1276 666 1438 694 incolumes.

199 714 247 741 καὶ
261 714 396 747 σύνοικος,
424 715 492 750 ἡμῖν
514 714 543 741 δὲ
561 714 684 747 τοιοῦτος
699 712 756 742 οἷον
774 715 791 750 ή
816 713 991 751 προλαϐοῦσα
1009 714 1093 748 πεῖρα
1116 713 1246 745 πολλάκις
1272 713 1416 747 ἀπέδειξε·
1441 714 1489 741 καὶ
1499 713 1595 748 γνώτω
1627 714 1666 746 ὡς
1687 715 1738 742 οὐκ
1771 716 1845 742 ἔστιν

198 761 303 798 ἔρημον
321 760 391 789 εἶναι
400 762 570 798 συμμαχίας,
583 762 636 794 ἕως
646 763 679 790 ἂν
692 763 720 790 οῖ
732 772 762 789 τε
776 763 853 798 νόμοι
865 763 996 796 σώζονται
1018 763 1065 790 καὶ
1077 763 1173 799 ἄνδρες
1187 763 1324 797 τιμῶντες
1337 762 1372 789 τὰ
1384 763 1487 790 δίκαια.

368 811 405 836 Ζ¹.
421 810 540 845 ΙἙΣΣΙῼ
561 809 822 846 ΙΑΤΡΟΣΟΦΙΣΤῌ.

233 855 289 890 Τὴν
304 855 441 891 ὑμετέραν
453 856 601 892 επιστολὴν
622 857 664 889 εἰς
681 858 776 892 χεῖρας
787 857 889 888 λαϐὼν,
905 857 991 889 αὐτὰς

198 902 275 936 ἔδοξα
291 902 367 938 μόλις
383 903 566 939 ἀπειληφέναι
581 904 631 936 τὰς
653 903 777 937 Μούσας,
791 904 885 936 ἔνθους
903 913 934 932 τε
957 903 992 941 ἦν

197 950 243 984 ὑφ’
256 949 365 985 ἡδονῆς,
381 951 429 977 καὶ
443 950 494 977 οὐκ
502 948 575 986 εἶχον
587 951 601 978 ὃ
616 959 643 977 τι
668 951 716 978 καὶ
739 951 879 987 γένωμαι·
897 951 993 987 ὥσπερ

195 998 220 1025 οἰ
237 998 334 1033 Δελφοὶ
348 998 458 1024 ἐπειδὰν
467 998 542 1032 dicti
550 998 752 1034 ’Υπερὸορείων
763 998 887 1031 ἐλθόντος
894 999 993 1026 Ἀπόλ-

196 1043 292 1076 λωνοε,
306 1043 337 1070 τὸ
348 1043 414 1078 πρὶν
426 1044 568 1079 σιγῶντες,
585 1046 699 1081 πλήρεις
712 1045 844 1081 ἐξαίφνης
859 1045 992 1080 γένωνται

197 1090 246 1116 τοῦ
265 1090 338 1118 θεοῦ.
353 1090 481 1123 Τοιοῦτος
497 1088 532 1127 ἦν
556 1100 598 1123 τις
624 1091 691 1126 ἐγὼ,
718 1091 807 1119 πάντα
831 1091 991 1127 θαυμάζων,

195 1137 250 1163 τῶν
263 1137 405 1172 ὀνομάτων
424 1137 474 1173 τὴν
500 1137 586 1173 ὥραν,
601 1137 650 1172 τὴν
674 1138 744 1173 πρὸς
769 1137 872 1173 ἄλληλα
888 1138 993 1165 τούτων

195 1182 341 1218 ἁρμονίαν,
358 1182 389 1209 τὺ
401 1182 446 1210 διὰ
457 1183 566 1210 πάντων
581 1183 680 1215 κάλλος
695 1183 907 1219 ἐπιφαινόμενον
918 1192 926 1200 ·
944 1185 993 1212 καὶ

195 1228 226 1254 τὸ
238 1227 270 1263 δὴ
286 1227 427 1262 μέγιστον,
439 1228 502 1260 τοὺς
517 1228 669 1264 ὑμετέρους
683 1228 814 1263 τρόπους,
830 1228 860 1262 ὲξ
873 1225 911 1256 ὧν
927 1230 993 1265 ἡμῖν

195 1273 316 1308 προῆλθε
345 1273 379 1301 τὰ
401 1273 572 1309 πράγματα·
599 1274 647 1301 καί
671 1283 713 1301 σοι
741 1274 873 1308 πολλάκις
902 1276 994 1310 ἀγαθὰ

195 1318 303 1352 γένοιτο
314 1319 443 1355 τοιαύτην
454 1320 519 1354 ἡμῖν
534 1320 720 1347 ἀποδεδωκότι
733 1319 782 1355 τὴν
793 1320 892 1356 ἑορτήν
902 1330 908 1337 ·
924 1322 993 1349 ἀλλὰ

195 1365 250 1401 γὰρ
269 1366 318 1401 μία
332 1366 445 1402 χελιδὼν
460 1366 520 1402 ἔαρ,
535 1367 628 1401 φησιν,
645 1367 677 1394 οὺ
691 1368 776 1394 ποιεῖ·
789 1364 845 1395 οἷον
866 1368 895 1394 δὲ
911 1368 958 1395 καὶ
975 1369 991 1403 ἡ

195 1413 372 1446 προλαϐοῦσα
393 1412 506 1448 χελιδὼν
535 1415 575 1445 εἰς
602 1413 684 1450 ἔργου
714 1414 816 1450 ἧρκεσε
833 1414 944 1450 χρείαν
969 1416 993 1442 εἰ

194 1458 283 1486 δὲκαὶ
299 1459 430 1496 δευτέραν
456 1460 606 1496 προσθείην
623 1461 671 1488 καὶ
695 1461 792 1496 τρίτην
805 1459 865 1489 εἶτα
877 1462 990 1494 πολλὰς,

1185 810 1240 838 Vll.
1256 811 1380 839 GESSIO
1398 811 1525 839 INSIGNI
1553 811 1692 840 MEDICO.

1078 856 1164 884 Tuam
1177 857 1319 892 epistolam
1336 857 1363 884 in
1378 858 1504 885 manibus
1516 857 1665 892 accipiens,
1685 858 1759 892 ipsas
1784 857 1844 885 Mu-

1043 910 1088 930 sas
1101 903 1174 931 visus
1188 903 1252 930 mihi
1268 911 1328 930 sum
1347 903 1558 939 accipere:pra:
1581 904 1721 939 voluptate
1747 911 1843 931 amens

1043 950 1151 984 meique
1162 949 1285 977 nescius:
1295 950 1519 984 quemadmodum
1532 949 1648 985 Delpliii.
1656 957 1718 977 cum
1729 950 1799 978 velut
1807 957 1842 978 ex

1043 996 1227 1031 Hyperboreis
1255 995 1364 1023 advenit
1388 995 1501 1030 Apollo,
1517 996 1592 1030 prius
1612 996 1690 1028 muti,
1706 995 1777 1031 pleni
1795 1003 1839 1023 re-

1043 1047 1124 1077 pente
1140 1043 1191 1070 deo
1209 1041 1276 1069 fiunt
1292 1051 1300 1076 ;
1319 1042 1358 1070 sic
1372 1049 1433 1077 ego,
1456 1043 1546 1070 omnia
1565 1042 1678 1076 mirans,
1695 1043 1841 1069 verborum

1043 1093 1227 1120 venustatem,
1238 1096 1333 1116 eorum
1351 1089 1385 1115 ad
1400 1088 1516 1116 invicem
1532 1088 1716 1121 hannoniam,
1729 1088 1841 1115 elucen-

1045 1139 1097 1162 tetu
1109 1142 1141 1161 cx
1156 1134 1282 1162 omnibus
1301 1135 1439 1166 decorem,
1453 1134 1501 1161 sed
1516 1135 1665 1169 praesertim
1684 1138 1745 1161 tuos
1771 1134 1839 1161 alle-

1043 1184 1104 1208 clus
1118 1179 1218 1214 quibus
1238 1180 1272 1207 ad
1297 1187 1340 1207 me
1365 1187 1397 1208 ea
1416 1180 1593 1207 devenerant.
1618 1180 1757 1207 Permulta
1789 1180 1836 1207 tibi

1043 1226 1201 1261 contingant
1214 1226 1295 1257 bona,
1312 1227 1358 1262 qui
1374 1230 1479 1254 tantam
1502 1226 1567 1254 mihi
1597 1225 1771 1255 festivitatem
1800 1226 1840 1254 fe-

1043 1271 1105 1299 cisti
1120 1272 1126 1298 l
1150 1272 1269 1300 hirundo
1285 1281 1349 1306 una,
1367 1276 1396 1299 ut
1426 1273 1513 1306 aiunt,
1527 1281 1576 1300 ver
1603 1281 1656 1300 non
1672 1273 1746 1306 facit,
1777 1273 1840 1301 licet

1044 1319 1215 1353 prmveuiens
1226 1319 1345 1347 hirundo
1362 1319 1431 1346 adid
1443 1320 1510 1347 satis
1526 1320 1562 1347 sit
1579 1327 1587 1353 ;
1605 1319 1675 1355 quod
1688 1320 1710 1347 si
1725 1319 1839 1347 alterum

1046 1364 1188 1398 adderem,
1206 1369 1234 1392 et
1251 1366 1408 1399 tertiam,et
1422 1366 1521 1392 multas
1536 1370 1643 1400 postea,
1655 1374 1703 1394 ver
1714 1366 1781 1394 milii
1797 1371 1838 1393 ta-

1044 1418 1105 1438 men
1119 1418 1172 1438 non
1192 1415 1275 1444 esset,
1292 1411 1340 1438 sed
1351 1418 1439 1446 neque
1459 1411 1504 1439 ille
1519 1411 1642 1444 Crnrsus,
1662 1419 1753 1447 neque
1771 1419 1840 1440 auro

1046 1456 1133 1484 tluens
1148 1455 1286 1484 Pactolus.
1304 1455 1418 1484 Liberos
1432 1461 1494 1484 tuos
1506 1465 1568 1485 cum
1583 1457 1755 1491 iucunditate
1771 1458 1838 1491 vidi,

194 1505 271 1531 οὐδὲν
286 1506 319 1532 ἂν
339 1506 381 1541 εἴη
413 1506 463 1541 έαρ
489 1507 573 1541 ἡμῖν·
596 1506 658 1533 οὔτε
680 1508 797 1542 Κροῖσος
810 1508 914 1539 ἐκεῖνος
928 1507 990 1534 οὔτε

1045 1506 1069 1529 et
1081 1503 1160 1537 quasi
1171 1510 1219 1536 per
1233 1502 1380 1538 imaginem
1388 1503 1436 1531 tibi
1448 1504 1538 1531 denuo
1546 1503 1732 1539 coniungebar
1746 1513 1754 1537 ;
1767 1506 1839 1532 unde

195 1550 290 1585 χρυσῷ
306 1550 376 1585 ῥέων
395 1551 410 1577 ό
436 1550 596 1583 Πακτωλός.
607 1551 678 1583 Τοὺς
693 1551 722 1578 δὲ
738 1551 876 1588 ὑμετέρας
889 1552 990 1583 παῖδας

195 1594 265 1622 εἶδον
276 1597 371 1631 ἡδέως,
387 1597 435 1624 καὶ
464 1596 559 1632 ὥσπερ
576 1597 610 1624 δι’
624 1597 730 1629 εἰκόνος
759 1598 904 1633 ἀνηγόμην
921 1598 991 1633 πρὸς

196 1641 226 1667 σέ
237 1650 242 1656 ·
252 1641 313 1668 ὅθεν
331 1641 460 1677 ηὐξάμην
488 1642 536 1668 καὶ
561 1641 672 1673 πλείους
687 1641 751 1668 ἰδεῖν
761 1649 768 1656 ·
781 1641 828 1668 καὶ
843 1643 867 1668 εί
882 1642 990 1677 μεγάλα

195 1687 298 1721 λέγειν,
312 1687 360 1714 τοῦ
375 1688 478 1723 πατρὸς
490 1687 621 1722 ἀμείνους
631 1694 639 1701 ·
655 1687 713 1715 ἀλλ’
725 1685 772 1714 οὖν
787 1687 927 1723 εὖχομένῳ
940 1687 990 1724 ῥᾴ-

195 1734 250 1760 διον
264 1733 354 1768 λέγειν
365 1734 415 1761 ὃσα
427 1742 460 1768 γε
472 1734 608 1769 βούλεται,
620 1734 666 1761 καὶ
679 1733 822 1770 μιμεῖσθαι
833 1733 880 1761 τδν
891 1733 990 1760 Ἕκτο-

198 1787 241 1815 ρα·
266 1779 313 1806 τον
332 1780 440 1815 ἑταῖρον
462 1780 602 1816 Δωρόθεον
622 1780 703 1807 αὐτόν
722 1789 756 1815 με
779 1779 855 1808 δοκεῖ
865 1780 991 1815 παρόντα

196 1827 345 1861 προσάγειν
357 1826 422 1862 ὑμῖν
431 1835 438 1842 ·
449 1826 496 1853 καὶ
506 1826 596 1861 λέγειν
609 1825 673 1853 ἄλλο
686 1826 736 1861 μὲν
746 1826 832 1858 οὐδὲν,
847 1825 990 1862 πληρῶσαι

196 1873 226 1899 δὲ
238 1873 316 1899 τοῦτο
330 1873 379 1904 τάς
394 1872 506 1905 ἐλπίδας
518 1873 594 1908 αὑτῷ
620 1873 743 1909 παρέσχε
762 1873 798 1899 τὰ
810 1873 932 1908 ὑμέτερα
947 1872 989 1899 δι-

196 1920 363 1955 ηγούμενος·
379 1920 403 1946 εί
415 1919 444 1946 δὲ
454 1919 502 1946 καὶ
512 1919 545 1946 δι’
561 1920 611 1955 ὲμέ
633 1928 659 1946 τι
690 1919 771 1947 πλέον
781 1920 852 1954 ἕξειν
871 1920 987 1954 ἐλπίζει,

195 1965 329 2001 ὑμέτερον
344 1965 378 1992 ἂν
391 1965 434 1999 εἴη
446 1965 540 1993 τοῦτον
562 1967 600 2002 μὴ
619 1965 773 2001 ψευσθῆναι
791 1966 842 2001 τῆς
866 1965 989 2001 συγγνώ-

199 2021 252 2047 μης
262 2021 269 2028 ·
287 2012 417 2047 συστήσει
432 2012 461 2039 δὲ
474 2012 519 2039 τὸν
544 2013 604 2039 νέον
629 2012 694 2048 ὑμῖν
710 2012 757 2040 καὶ
779 2013 881 2048 τρόπος
890 2013 991 2048 ὁμοίως

195 2058 244 2084 καὶ
258 2057 370 2091 σπουδὴ,
384 2057 456 2093 ἅπερ
468 2059 492 2084 εἰ
504 2055 538 2094 ἦν
547 2057 628 2085 αὑτὸν
641 2058 701 2093 ἅμα
710 2059 742 2093 τῇ
754 2057 804 2094 θέᾳ
813 2059 991 2094 παραστῆσαι

197 2105 281 2139 σαφῆ,
295 2103 372 2131 οὐδὲν
387 2104 421 2131 ἂν
431 2104 495 2136 ἴσως
512 2104 566 2131 ἔδει
577 2104 632 2131 τῶν
642 2104 784 2141 ἡμετέρων
800 2104 990 2140 γραμμάτων·

195 2149 243 2176 νῦν
255 2150 282 2176 δὲ
299 2150 333 2176 δι⁹
363 2149 413 2185 ἐμὲ
445 2150 480 2176 τὰ
504 2150 602 2184 πρῶτα
627 2151 759 2186 τιμήσας,
788 2150 902 2185 ὕστερον
912 2148 991 2186 οἶμαι

1041 1549 1167 1584 exoptavi
1185 1553 1213 1576 et
1237 1548 1330 1584 plures
1348 1549 1441 1577 videre
1458 1554 1486 1578 et
1499 1550 1522 1577 si
1543 1557 1641 1586 magna
1656 1551 1748 1579 dicere
1763 1551 1840 1584 licet,

1042 1599 1120 1629 patre
1131 1594 1258 1622 meliores
1275 1604 1282 1627 ;
1301 1596 1350 1623 sed
1367 1596 1471 1630 optanti
1494 1596 1577 1624 facile
1596 1601 1640 1624 est
1668 1604 1839 1632 quaecunque

1042 1641 1215 1673 velitdicere,
1226 1647 1252 1668 et
1262 1640 1405 1668 Hectorem
1416 1641 1527 1669 itnitari.
1541 1641 1705 1670 Dorotheum
1721 1642 1840 1670 anticum

1041 1687 1107 1713 mibi
1121 1687 1213 1713 videor
1227 1690 1388 1721 praesentem
1406 1687 1453 1714 tibi
1471 1687 1581 1720 sistere,
1592 1695 1641 1716 nec
1651 1688 1754 1723 aliquid
1767 1689 1839 1715 aliud

1041 1734 1199 1766 dicere.sed
1215 1741 1274 1761 eam
1291 1733 1362 1761 illius
1376 1741 1452 1769 spem
1469 1734 1584 1769 implere
1612 1742 1695 1770 quam
1711 1739 1756 1762 tua
1774 1743 1839 1762 nar-

1041 1786 1105 1806 rans
1119 1779 1185 1806 oriri
1196 1779 1271 1807 fecit.
1281 1779 1311 1807 Si
1325 1784 1416 1807 autem
1428 1788 1476 1815 per
1489 1788 1533 1808 me
1547 1781 1699 1816 quidquam
1720 1781 1840 1816 amplius

1042 1825 1261 1860 liaberesperat,
1275 1831 1349 1853 tuum
1361 1826 1415 1854 erit
1428 1826 1500 1854 illius
1511 1827 1676 1855 desiderium
1707 1836 1760 1855 non
1787 1828 1839 1855 fal-

1042 1871 1109 1899 lere.
1121 1870 1255 1900 Juvenem
1271 1872 1319 1900 tibi
1331 1872 1450 1900 vincient
1466 1881 1558 1901 mores
1580 1873 1659 1901 simul
1677 1879 1704 1901 et
1725 1875 1840 1910 diligen-

1042 1918 1100 1945 tia:
1128 1925 1189 1952 quaa
1218 1918 1241 1945 si
1264 1919 1393 1953 possibile
1415 1924 1509 1952 esset;
1532 1927 1583 1947 una
1617 1927 1679 1947 cum
1713 1921 1837 1955 corporis

1043 1962 1137 1991 habitu
1152 1963 1298 1992 manifeste
1314 1965 1468 1998 ostendere,
1484 1974 1538 1993 non
1555 1965 1646 1994 forsan
1664 1967 1732 1994 meis
1741 1967 1839 1995 litteris

1043 2016 1113 2043 opus
1126 2015 1199 2037 esset
1212 2018 1219 2043 ;
1235 2010 1309 2037 illum
1326 2017 1438 2046 propter
1453 2018 1495 2038 me
1510 2011 1599 2046 primo
1617 2011 1838 2044 cohonestatum,

1042 2061 1147 2090 postea,
1161 2056 1254 2089 credo,
1268 2062 1380 2092 propter
1397 2058 1486 2092 ipsum
1516 2057 1661 2085 mirabere.
1677 2058 1749 2085 Puto
1770 2065 1839 2093 quo-

1044 2110 1097 2137 que
1113 2103 1230 2131 amicum
1245 2103 1422 2131 Anastasium
1437 2103 1563 2140 benignis
1578 2109 1604 2132 te
1612 2104 1698 2132 oculis
1725 2105 1837 2141 conspi-

1044 2156 1117 2182 cere,
1138 2149 1220 2177 veluti
1236 2158 1322 2186 genus
1337 2155 1461 2178 nostrum
1477 2157 1569 2179 omne.
1583 2151 1652 2184 Quid
1663 2151 1778 2187 amplius
1794 2152 1838 2179 di-

196 2195 348 2230 θαυμάσεις
356 2197 404 2223 καὶ
417 2195 450 2222 δι’
468 2196 550 2223 αὐτόν
560 2203 567 2212 ’
584 2195 660 2231 οἶμαι
676 2196 704 2223 δὲ
715 2197 763 2223 καὶ
778 2197 886 2232 ἑταῖρον
908 2197 987 2223 Ἀνα-

1045 2197 1439 2233 nendumhominijampridcm
1454 2199 1543 2226 amico
1553 2203 1581 2226 et
1601 2199 1649 2234 qui
1677 2200 1757 2227 modo
1782 2207 1836 2227 non

195 2241 305 2268 στάσιον
320 2241 463 2277 εὐμενέσιν
479 2242 551 2277 ὑμᾶς
572 2241 637 2269 ίδείν
656 2241 806 2277 ὀφθαλμοῖς
833 2242 871 2273 ὡς
890 2242 938 2268 καὶ
953 2242 984 2268 τδ

1040 2243 1137 2270 minori
1159 2243 1345 2271 benevolentia
1358 2244 1428 2271 allici
1440 2244 1539 2272 dicitur
1549 2245 1561 2272 τ

194 2290 329 2326 ἡμέτερον
344 2291 438 2325 γένος·
453 2290 481 2317 τί
497 2291 551 2327 γὰρ
562 2290 603 2318 δεῖ
627 2290 710 2317 πλέον
723 2290 810 2317 εἰπεῖν
834 2290 903 2326 πρὸς
920 2289 1006 2326 ἄνδρα
1025 2290 1110 2318 πάλαι
1134 2299 1164 2318 τε
1186 2291 1234 2319 καὶ
1253 2292 1330 2327 φίλον
1345 2292 1393 2320 καὶ
1406 2291 1453 2319 νῦν
1465 2292 1542 2319 οὐδὲν
1552 2290 1634 2329 ἦττον
1649 2292 1750 2320 εὐνοεῖν
1766 2293 1836 2329 ᾑρη-

196 2337 275 2373 μένον
282 2345 291 2369 ι

397 2383 439 2410 ιιι.
459 2382 610 2419 ΖΛΧΛΡΙᾼ
630 2383 774 2419 sas/too.

236 2429 279 2462 Ὠς
297 2429 396 2463 ἔοικεν,
413 2425 436 2456 ὧ
451 2429 549 2465 λῷστε,
563 2429 618 2456 τῶν
633 2430 672 2461 εἰς
684 2430 758 2465 ἡμᾶς
769 2425 986 2465 σκωμμάτωνοῦ

194 2485 262 2503 ποτε
276 2478 352 2512 παύῃ
361 2484 368 2492 '
382 2475 497 2511 μηδένγε
510 2475 629 2502 παύσαιο
638 2472 783 2508 τούτων,ὧ
794 2475 895 2508 πάντες
910 2475 967 2503 θεοί
979 2483 986 2491 ·

193 2523 230 2554 ὡς
245 2521 301 2556 ἐγὼ
313 2522 467 2558 λεγομένων
475 2521 618 2557 προσγελῶ
624 2530 654 2548 τε
662 2521 766 2553 τούτοις
774 2521 931 2557 γράμμασι,
940 2524 988 2550 καὶ

194 2568 263 2603 πρὸς
290 2568 362 2603 ὑμᾶς
385 2567 555 2604 ἀφικνοῦμαι
578 2569 612 2604 τῇ
642 2568 758 2604 διανοίᾳ,
783 2569 831 2595 καὶ
847 2568 938 2603 λέγειν
961 2577 987 2596 τι

193 2614 264 2641 δοκῶ
281 2614 350 2650 πρὸς
365 2614 440 2650 ἡμᾶς
455 2614 503 2642 καὶ
528 2614 662 2649 λεγόντων
677 2614 799 2642 ἀκούειν.
814 2615 890 2642 Ὤστ’
906 2617 931 2643 ετ
946 2624 988 2643 σοι

195 2661 271 2696 μέλει
286 2661 335 2695 τῆς
350 2660 379 2686 ὲν
393 2662 450 2692 τοῖς
472 2661 621 2696 γράμμασι
640 2661 764 2696 χάριτος,
780 2661 858 2696 μέλει
876 2660 904 2687 δὲ
917 2661 987 2688 πάν-

193 2714 259 2739 τως,
274 2705 350 2741 βάλλ’
366 2705 466 2739 οὕτως,
483 2707 531 2734 καὶ
547 2706 661 2741 μείζονα
679 2706 842 2742 χαρίζεσθαι
855 2707 952 2740 δόξεις,
968 2707 984 2743 ἢ

193 2751 219 2778 εί
231 2760 276 2788 μοι
290 2753 422 2788 παρεῖχες
448 2752 559 2788 Κροίσῳ
587 2752 730 2787 γενέσθαι·
758 2753 837 2780 κάλει
859 2753 888 2779 δὲ
904 2753 985 2780 πάλιν

194 2796 336 2833 σοφιστὴν,
349 2799 394 2824 καὶ
407 2798 468 2832 λέγε
481 2798 587 2834 κρότων
601 2800 667 2835 ὲρᾷν
677 2808 683 2815 ·
694 2799 781 2836 ὀφρύν
794 2808 826 2826 τε
842 2799 984 2836 προστίθει

193 2844 241 2870 καὶ
250 2843 346 2879 τύψον,
362 2844 410 2871 καὶ
423 2845 477 2872 πᾶν
492 2845 506 2873 ὅ
523 2845 548 2872 τί
565 2853 607 2872 σοι
630 2845 706 2880 φίλον
717 2854 724 2862 ·
748 2845 876 2878 πολλάκις
893 2846 921 2873 δὲ
936 2846 984 2874 καὶ

1221 2381 1287 2409 VIII.
1308 2380 1494 2408 mensum:
1517 2381 1657 2410 FRATRI.

1078 2427 1112 2456 Ut
1128 2427 1220 2455 videre
1232 2432 1284 2458 est.
1300 2426 1473 2460 charissirtw,
1489 2428 1542 2455 tuis
1566 2428 1592 2454 in
1623 2435 1673 2455 nos
1701 2429 1835 2457 conviciis

1040 2483 1094 2503 non
1106 2475 1235 2503 desistis:
1252 2474 1298 2502 sed
1329 2481 1362 2501 ne
1379 2474 1506 2506 desistas,
1534 2474 1601 2508 proli
1622 2474 1690 2502 Deos
1716 2476 1832 2503 omnes!

1041 2522 1105 2557 quia
1123 2523 1208 2550 risum
1229 2522 1295 2549 mihi
1312 2527 1421 2551 movent
1435 2531 1496 2557 quae
1510 2523 1536 2550 in
1555 2520 1609 2552 illis
1626 2524 1725 2553 litteris
1738 2526 1833 2553 dicun-

1042 2573 1097 2601 tur,
1110 2574 1138 2595 et
1154 2569 1187 2596 ad
1206 2577 1254 2596 vos
1263 2569 1429 2604 cogitatione
1441 2570 1522 2598 venio
1535 2574 1563 2597 et
1587 2571 1654 2598 milii
1676 2571 1769 2599 videor
1786 2580 1833 2600 vos

1040 2614 1141 2649 alloqui
1158 2620 1183 2641 et
1200 2615 1304 2643 audire.
1321 2614 1438 2649 ideoque
1459 2615 1481 2642 si
1505 2615 1553 2643 tibi
1579 2623 1653 2643 curae
1670 2621 1711 2643 est
1727 2616 1832 2644 littera-

1039 2669 1099 2689 rum
1117 2661 1205 2697 gratia
1220 2661 1271 2696 (et
1297 2662 1413 2689 tnaxime
1433 2662 1497 2697 est),
1511 2661 1563 2690 feri
1587 2661 1687 2695 denuo,
1712 2662 1833 2698 mihique

1039 2708 1125 2743 magis
1136 2713 1244 2744 gratum
1257 2707 1393 2736 videbitur
1407 2716 1488 2743 quam
1498 2708 1520 2735 si
1530 2715 1572 2736 me
1579 2707 1702 2736 Crmsum
1711 2709 1831 2742 faceres;

1038 2763 1147 2782 rursum
1178 2755 1329 2790 sophistam
1359 2762 1425 2782 voca
1453 2759 1480 2781 ct
1499 2754 1644 2789 plausuum
1667 2759 1830 2787 amatorem,

1038 2801 1214 2836 supercilium
1231 2800 1301 2829 adde
1317 2806 1344 2829 et
1374 2800 1530 2836 superbiam
1561 2805 1588 2828 et
1617 2800 1747 2836 quidquid
1781 2802 1824 2828 til"

1039 2847 1180 2882 placuerit.
1200 2847 1287 2884 Saepe,
1319 2854 1381 2875 cum
1411 2846 1559 2882 sophistarn
1578 2847 1692 2881 diceres,
1706 2847 1808 2876 intendi
