1988 3079
216 159 267 191 727

851 157 1008 187 PROCOI‘I
1014 156 1024 185 Ι
1044 155 1162 186 ΟΛΖκΕι

1755 153 1826 185 2728

197 214 244 241 ltus
263 212 331 240 idem
350 219 412 239 esse
428 211 452 238 id
474 211 565 239 dicere
582 220 614 239 ac
636 212 781 247 superbum
800 219 897 239 vocare
913 219 982 246 ;ego

1042 211 1164 246 ιοφιστὴν
1196 209 1281 237 είπὼν
1311 209 1482 245 ἀπηλλάγης,
1495 209 1531 240 ὡς
1547 209 1645 235 ταυτὺν
1657 209 1686 234 ὃν
1696 208 1778 235 τοῦτο
1788 211 1812 235 εἰ

202 267 267 286 vero
283 264 369 285 artem
386 266 472 285 ineant
488 266 542 285 non
555 258 677 293 ejuralto.
701 257 776 291 Quod
791 257 812 284 si
831 258 902 285 illius
921 265 983 292 pro-

197 305 286 338 prium
303 305 387 332 estin
417 304 571 338 superbiam
591 303 733 335 extollere,
768 304 800 331 ad
827 309 863 333 te,
891 303 983 335 credo,

197 351 315 385 pertinet
328 358 435 385 quoque
446 351 512 377 artis
523 350 682 377 exercitium
702 358 709 382 ;
727 350 773 376 sed
802 357 851 384 pro
878 353 922 375 tua
943 355 983 375 re-

199 398 318 424 verentia
335 397 440 423 tacebo.
467 395 549 422 Forte
568 396 665 422 mirum
683 396 708 422 in
727 398 834 422 modum
848 403 877 422 es
895 394 986 427 sophi-

197 449 250 475 sta,
262 447 289 469 et
303 451 358 469 rem
369 442 534 477 experientia
547 447 636 468 notam
646 442 735 468 verbis
749 441 984 468 tlccelcelcbrare.

197 487 332 515 Prmterea
361 488 470 515 silentio
499 487 590 513 forsan
608 487 634 513 in
664 486 761 514 litteris
789 485 925 512 transmisi
959 490 985 511 et

196 533 297 567 quaeris
315 531 395 559 ﬂores
412 537 439 559 et
455 533 627 564 hirundines,
641 537 668 559 et
684 532 802 565 placidas
815 532 898 558 maris
924 539 984 557 tnu-

198 579 323 611 tati0nes,
338 584 363 605 et
392 577 537 604 formosum
566 577 700 610 Adonida,
716 581 743 604 et
761 577 926 611 Aphroditen
956 576 986 602 il-

199 626 250 652 laut
263 625 424 651 mirabiliter
445 630 593 654 autantcm.
609 629 635 650 et
649 624 725 651 doles
740 624 811 658 quod
837 631 925 650 rosam
933 631 985 649 nou

197 672 276 698 audis
295 671 372 705 cujus
403 671 516 705 gratiam
532 670 689 704 jamdudum
722 670 828 696 miraris
843 677 849 702 ;
867 677 915 704 ego
938 676 985 694 au-

200 722 252 744 tem
270 717 335 743 nihil
362 717 415 742 tale
435 717 533 748 dicant,
547 720 574 742 et
589 716 738 750 praesertim
756 715 812 748 libi,
830 723 862 741 ne
891 721 986 741 rursus

198 763 324 790 deridens
339 771 382 789 tne
393 762 498 797 pulchri
512 763 634 797 ignarum
648 767 674 789 et
689 761 837 796 sophistam
854 769 944 788 voces.
964 764 969 795 ι

454 894 500 923 IX.
517 894 713 922 EPIPHANIO.

233 939 332 967 Potens
354 942 428 966 certe
448 946 509 966 eras
528 946 717 974 quemcunque
739 939 869 966 voluisses
892 938 924 965 .td
950 939 986 964 Io-

197 986 333 1020 qucndum
347 985 428 1013 velad
445 987 587 1013 tacendum
623 987 720 1019 ciendi,
743 986 863 1020 mihique
888 985 987 1012 videris

198 1032 300 1067 aliquid
316 1032 439 1066 ejusdem
457 1032 528 1059 tnodi
548 1032 637 1059 facere
653 1041 684 1059 ac
704 1033 725 1059 si
748 1033 808 1066 quis
830 1032 887 1067 lyra
905 1040 985 1066 quant

197 1079 292 1113 habet,
315 1080 380 1113 quia
395 1086 426 1105 ea
443 1079 481 1105 uti
503 1079 638 1112 didicerit,
661 1085 707 1106 aut
721 1087 802 1106 sonos
817 1079 926 1106 eliceret
941 1082 987 1105 aut

197 1133 213 1151 a
227 1125 368 1160 pulsandis
385 1125 494 1152 chordis
513 1126 673 1157 abstineret,
697 1126 730 1152 ad
753 1125 779 1152 id
799 1126 869 1160 quod
892 1125 987 1152 melius

197 1176 339 1205 putaretur
353 1171 409 1197 cito
423 1175 547 1205 paratus,
565 1178 614 1198 nec
627 1171 774 1206 quidquam
792 1171 924 1198 musicum
945 1171 986 1197 di—

195 1221 283 1248 ceret,
300 1224 388 1251 neque
402 1217 460 1251 ipse
481 1224 568 1250 neque
587 1217 646 1251 ejus
673 1217 741 1252 lyra.
771 1217 816 1244 Sic
835 1221 861 1244 te
883 1222 987 1243 tacente

196 1267 224 1288 et
236 1262 268 1288 ad
292 1269 362 1288 nova
388 1262 580 1296 prospiciente,
597 1263 709 1289 tristitia
730 1263 821 1290 statim
838 1262 986 1297 premimur

196 1312 223 1334 et
242 1308 354 1335 silemus
371 1316 420 1334 nos
449 1308 513 1335 olim
531 1309 706 1341 amicissimi,
724 1316 795 1335 uttnc
812 1313 901 1334 autem
918 1308 987 1334 forte

196 1354 288 1380 amici.
311 1354 365 1381 Sed
382 1355 452 1380 unde
475 1354 524 1380 hoc
542 1354 619 1381 dulce
634 1354 645 1381 ?
660 1354 744 1389 Leges
764 1359 789 1380 te
804 1358 902 1388 cogunt
916 1353 987 1379 elato

197 1400 343 1433 supercilio
356 1406 427 1426 esse.
444 1400 545 1426 Deinde
554 1407 587 1426 eo
605 1401 675 1434 quod
692 1400 853 1434 lcgislntoris
870 1404 986 1426 mentem

197 1446 349 1480 sumpseris
361 1446 453 1479 etjam
468 1446 649 1471 ltomauorutn
670 1453 712 1472 res
729 1446 777 1471 tibi
802 1445 918 1471 videaris
943 1450 987 1471 tua

197 1492 332 1518 sententia
348 1498 454 1525 gerere,
467 1491 526 1518 ideo
540 1495 642 1517 tantum
659 1491 684 1517 in
700 1490 809 1517 modum
837 1497 919 1524 supra
940 1497 988 1516 nos

196 1535 348 1562 cxtolleris.
359 1536 412 1562 Sed
430 1536 452 1562 si
470 1536 512 1562 vix
527 1536 574 1562 libi
588 1539 712 1569 superest
731 1534 851 1570 pristina:
862 1534 989 1561 amicitia:

1003 888 1024 914 B

199 1582 269 1608 ratio
279 1586 325 1607 aut
339 1582 483 1613 memoria,
494 1582 595 1608 utinam
605 1581 669 1607 olittt
684 1581 710 1608 id
724 1581 863 1608 evenerit!
877 1580 933 1615 Ego
942 1589 989 1606 au-
1002 1571 1023 1599 (ἶ

198 1628 305 1662 tetnqui
321 1633 372 1655 tua:
386 1627 481 1661 linguae
495 1629 718 1654 suavitateututta
731 1627 989 1654 cumhirundinibus

197 1674 299 1706 audivi,
320 1679 408 1701 mente
420 1674 545 1707 extollor,
557 1674 779 1708 splendidiorque
806 1673 847 1700 sol
863 1673 927 1699 tnihi
948 1675 989 1700 lu-

198 1727 263 1746 cere
279 1720 395 1751 videtur,
409 1726 434 1747 et
448 1727 520 1746 nunc
534 1721 671 1746 tnihivere
686 1722 762 1746 adest.
776 1727 822 1746 ver
839 1727 846 1752 ;
863 1721 910 1746 sed
923 1719 988 1745 mihi

198 1765 236 1791 sis
252 1771 360 1798 semper
376 1764 520 1798 benignus,
535 1772 585 1791 rtec
605 1764 721 1799 amplius
736 1765 769 1792 ad
789 1772 832 1791 me
863 1765 989 1797 iulesms,

196 1809 344 1837 obliviosus
359 1818 495 1844 amorum,
515 1810 618 1838 venias.

504 1897 526 1924 X
535 1917 543 1924 .
560 1897 715 1926 SOSIANO.

234 1943 285 1976 Qui
306 1944 462 1971 divitiarum
482 1950 524 1972 est
539 1953 644 1977 amans,
661 1946 727 1973 nihil
748 1945 860 1980 jucundi
879 1945 931 1973 nisi
951 1945 984 1974 de

198 1989 253 2017 illis
284 1990 404 2025 loquitur
442 1995 488 2018 aut
517 1991 584 2019 alios
599 1992 672 2019 audit
693 1993 834 2027 loquentes
855 2001 862 2020 :
880 1992 952 2028 quod
966 1993 988 2020 si

199 2037 237 2063 illi
261 2044 355 2063 autum
382 2037 490 2070 offeras,
508 2038 619 2066 honoris
635 2039 721 2066 otlicia
746 2041 770 2066 ei
795 2045 904 2074 pra-stat
925 2049 932 2066 :
950 2040 990 2066 sic

199 2089 309 2116 quoque
331 2083 357 2109 in
378 2084 462 2110 armis
488 2083 534 2117 qui
557 2083 696 2118 egregium
726 2089 832 2111 scututn
868 2085 988 2120 accepit,

199 2127 224 2152 id
240 2127 330 2161 magni
349 2133 454 2162 pensat,
472 2133 499 2154 et
519 2128 571 2155 huc
596 2129 659 2155 illuc
678 2129 885 2159 circumferens.
904 2130 988 2163 magis

197 2171 284 2200 Marte
301 2174 437 2207 impletur.
453 2173 523 2208 Viro_
536 2178 626 2201 autent
644 2174 714 2201 bono
727 2175 790 2208 quid
806 2173 909 2202 faciens
926 2183 989 2209 gra-

199 2225 242 2245 tus
273 2219 328 2245 eris
344 2219 430 2253 magis
448 2220 499 2246 nisi
530 2219 633 2246 similes
662 2220 712 2246 sibi
746 2220 821 2246 viros
851 2220 988 2247 videndos

197 2264 333 2292 otl'erens?
358 2264 460 2299 Itaque,
475 2269 501 2292 te
527 2266 617 2292 sciens
636 2265 790 2298 hujusmodi
805 2271 833 2293 et
853 2274 913 2293 esse
940 2275 988 2292 mt-

200 2316 256 2337 tum
283 2315 311 2338 et
343 2311 401 2337 fieri
431 2311 518 2343 velle,
535 2319 587 2338 non
615 2317 719 2338 rectum
751 2314 901 2339 arbitratus
928 2320 989 2340 sum

200 2357 247 2384 tibi
287 2364 347 2384 esse
374 2357 493 2391 ignotum
528 2357 719 2384 scholasticum
754 2358 911 2391 Diodorum,
941 2360 989 2385 sed

198 2411 260 2430 eum
281 2405 314 2429 ad
333 2408 359 2430 le
373 2404 452 2430 mitto
466 2409 494 2430 et
507 2403 554 2431 tibi
569 2404 613 2435 do,
633 2403 673 2440 (tu
689 2405 775 2437 illum,
796 2405 840 2432 ille
856 2405 905 2440 te),
919 2406 988 2432 utri-

199 2457 252 2483 que
268 2455 388 2477 vestrum
400 2455 506 2484 gratum
536 2449 625 2477 facere
649 2451 822 2484 existimans,
837 2451 859 2478 si
877 2452 992 2478 invicem

202 2495 370 2529 experientia
397 2503 445 2523 vos
481 2497 678 2530 COgIIOVCI‘llis;
707 2503 820 2532 uterque
844 2498 925 2524 etiam
953 2505 995 2525 tite

199 2537 320 2569 laudabit.
332 2542 421 2570 sciens
446 2542 537 2577 qualia
571 2543 668 2570 amicis
684 2545 802 2577 praebeo.

495 2633 541 2662 Xl.
561 2632 698 2661 JOANNI.

236 2678 479 2713 Eloquentissimus
517 2679 651 2707 Diodorus
677 2679 814 2707 silentium
849 2680 920 2707 inter
944 2688 993 2708 nos

199 2725 297 2756 solvet,
316 2729 342 2752 et
356 2732 370 2751 a
397 2730 423 2752 te
439 2725 577 2759 postulans
602 2731 631 2753 ut
654 2727 759 2753 scribas
780 2731 808 2754 et
822 2734 896 2753 meus
911 2727 943 2753 ad
969 2732 994 2754 te

200 2771 315 2798 reddens
341 2770 459 2798 litteras:
478 2771 522 2798 ille
538 2772 610 2799 euint
626 2777 667 2799 est
681 2772 747 2799 ntihi
763 2773 868 2799 amicus
884 2793 891 2805 ,
905 2778 944 2805 et,
963 2778 989 2799 te

199 2821 343 2852 antequam
369 2818 479 2850 viderit,
515 2819 641 2846 amabat:
672 2820 757 2846 nostri
782 2820 882 2846 cteuim
911 2819 946 2846 de
968 2825 993 2847 te

201 2870 340 2892 sermones
355 2866 388 2893 ad
419 2870 444 2893 te
476 2866 619 2894 videndum
643 2865 764 2894 CXt‘ilalll
783 2874 914 2894 amorem.
944 2865 990 2894 Vir

1007 2245 1027 2272 ί)

1036 258 1096 283 πεῖν
1111 257 1158 283 καὶ
1170 256 1285 288 ἀλαζόνα
1300 255 1426 281 καλέσαι.
1449 253 1519 288 Ἐγὼ
1536 254 1563 279 δὲ
1578 255 1628 289 τὴν
1645 253 1714 289 ἐμὴν
1728 254 1822 288 τέχνην

1035 303 1085 330 οὐκ
1102 302 1278 338 ἀρνησαίμην
1289 309 1295 316 ·
1308 302 1333 327 εί
1349 301 1378 327 δὲ
1399 301 1502 335 ταύτης
1516 299 1581 326 ἴδιον
1598 299 1628 325 τὸ
1643 301 1710 334 πρὸς
1727 299 1823 331 ἀλαζο-

1036 349 1110 376 νείαν
1124 348 1258 383 ἐπαίρειν,
1272 348 1319 374 καὶ
1350 346 1391 372 σοί
1415 355 1466 372 που
1485 346 1612 380 μέτεστιν
1629 345 1703 379 ἄγων
1718 346 1766 379 τῆς
1780 346 1825 371 τέ-

1035 404 1102 431 χνης
1119 403 1125 409 ·
1143 394 1212 420 ὥστε
1229 394 1335 420 δέδοικα
1354 393 1391 428 μὴ
1406 393 1471 427 ὅσης
1488 392 1590 426 ταύτης
1602 391 1726 426 μετέχεις
1738 399 1744 406 ·
1758 391 1826 417 ἀλλὰ

1035 442 1089 476 γὰρ
1101 442 1169 467 αἰδοῖ
1180 442 1212 476 τῇ
1231 440 1299 474 πρὸς
1322 439 1352 465 σὲ
1375 439 1569 473 σιωπήσομαι·
1589 437 1654 468 ἴσως
1670 436 1699 463 δὲ
1718 436 1825 471 θαυμα-

1037 487 1101 521 στὴς
1115 484 1154 518 εἷς
1173 485 1302 521 σοφιστὴς
1332 485 1387 511 ὢν*
1404 485 1451 511 καὶ
1472 484 1501 510 τὸ
1519 485 1598 518 ἔργον
1612 484 1662 518 ἥδη
1690 483 1826 517 θεώμενος

1036 533 1094 559 δέον
1107 532 1299 566 ἐκπομπεῦσαι
1314 531 1353 566 τῷ
1368 531 1439 565 λόγῳ
1450 539 1456 546 ’
1472 528 1531 556 εἶτα
1551 529 1689 564 παρῆλθον
1702 531 1765 564 σιγῇ
1779 529 1826 556 καί

1037 589 1088 606 που
1101 580 1192 614 ζητεῖς
1205 580 1233 604 ὲν
1247 580 1302 610 τοῖς
1324 577 1470 612 γράμμασι
1493 576 1559 611 ἄνθη
1575 578 1622 603 καὶ
1636 576 1770 611 χελιδόνος
1781 576 1827 602 καὶ

1037 626 1171 660 Θαλάττης
1200 624 1350 660 μεταϐολὴν
1379 625 1495 659 ἥμερον,
1516 623 1562 649 τόν
1586 631 1615 648 τε
1640 622 1755 648 Ἀδωνιν
1782 621 1827 647 τὸν

1037 671 1129 703 καλὸν,
1146 670 1192 697 καὶ
1209 670 1259 703 τὴν
1285 670 1444 705 Ἀφροδίτην
1461 668 1568 701 ἐκείνην
1589 667 1638 702 τὴν
1667 666 1827 701 παραδόξως

1037 717 1156 752 ἐρῶσαν.
1172 718 1217 743 καὶ
1229 717 1269 742 ὃτι
1293 715 1330 751 μὴ
1354 715 1384 742 τὸ
1406 716 1481 751 ῥόδον
1502 714 1623 744 ἀκούεις.
1643 714 1691 740 καὶ
1718 712 1767 747 τὴν
1783 713 1826 738 ἐπ’

1037 763 1112 797 αὐτῷ
1128 762 1207 797 χάριν
1227 761 1311 788 πάλαι
1325 760 1475 795 θαυμάζεις
1489 768 1496 775 '
1510 759 1565 793 ἐγὼ
1578 759 1606 785 δὲ
1620 758 1740 785 τοιοῦτον
1750 757 1826 783 οὐδὲν

1038 810 1070 835 ἂν
1082 810 1188 843 εἴποιμι
1213 809 1260 834 καὶ
1277 807 1394 841 μάλιστα
1421 814 1452 840 γε
1470 806 1537 840 πρὸς
1560 806 1590 832 σέ
1604 814 1610 820 ·
1627 805 1731 839 μήποτε
1746 803 1827 829 πάλιν

1038 856 1167 890 γελάτας,
1181 853 1363 889 ἀπειρόκαλόν
1382 861 1415 887 με
1434 852 1481 878 καὶ
1496 851 1626 886 σοφιστὴν
1641 850 1791 885 ὀνομάσῃς.

1320 900 1356 925 θ’.
1370 899 1542 933 malum.

1074 948 1163 978 Δεινδς
1181 948 1235 982 ἄρα
1246 955 1286 977 τις
1299 943 1371 980 ἦσθα
1387 946 1471 971 κινεῖν
1493 944 1521 970 ὃν
1536 944 1569 970 ἂν
1589 943 1683 979 ἐθέλῃς
1702 942 1771 977 πρὶς
1785 941 1828 968 λό-

1037 1004 1085 1029 γον
1091 995 1136 1020 καὶ
1146 994 1251 1028 σιωπήν
1261 1001 1268 1007 ·
1281 992 1327 1018 καί
1341 1000 1385 1026 μοι
1398 991 1484 1022 δοκεῖς
1492 990 1681 1025 παραπλήσιόν
1693 997 1719 1015 τι
1730 989 1828 1019 ποιεῖν,

1037 1039 1131 1072 ὥσπερ
1147 1038 1173 1063 εἴ
1191 1046 1233 1068 τις
1252 1037 1337 1071 λύραν
1350 1036 1429 1071 ἔχων,
1447 1035 1598 1070 κεχρῆσθαι
1624 1034 1709 1068 ταύτῃ
1723 1033 1828 1068 μαθὼν,

1038 1086 1086 1112 νῦν
1098 1085 1146 1119 μὲν
1164 1083 1270 1118 ὑφαίνοι
1288 1082 1380 1118 μέλος,
1406 1081 1454 1107 νῦν
1474 1081 1500 1107 δὲ
1515 1081 1570 1107 τῶν
1583 1080 1747 1114 κρουμάτων
1763 1079 1830 1104 ἀπό-

1039 1139 1146 1165 σχοιτο·
1175 1130 1201 1155 εί
1227 1129 1282 1164 γάρ
1305 1137 1331 1154 τι
1353 1128 1417 1163 περί
1436 1127 1523 1153 ταῦτα
1540 1127 1663 1161 κρεῖττον
1674 1124 1828 1160 νομισθείη,

1039 1177 1119 1208 εὐθὺς
1136 1175 1204 1211 πρὸς
1220 1175 1309 1202 ὲκεῖνύ
1323 1174 1354 1208 γέ
1370 1175 1439 1204 ἐστι,
1460 1166 1598 1200 καὶλούδὲν
1620 1172 1651 1198 ἂν
1668 1172 1739 1198 εἴποι
1761 1180 1828 1206 μου·

1040 1221 1126 1252 σικδν.
1143 1221 1204 1247 οὕτε
1222 1221 1303 1252 αὐτὸς
1319 1219 1381 1247 οὔτε
1395 1221 1413 1255 ἡ
1429 1219 1514 1254 λύρα·
1539 1219 1586 1244 καὶ
1602 1217 1649 1244 σοῦ
1671 1217 1828 1248 σιωπῶντος

1038 1269 1115 1304 ἡμῖν,
1131 1267 1199 1303 πρὸς
1214 1266 1248 1293 τὰ
1264 1267 1407 1300 καινότερα
1420 1263 1681 1299 μεταὸεελημμένου
1697 1263 1829 1297 κατηφεῖς

1039 1314 1138 1344 εὐθύς·
1165 1313 1213 1339 καὶ
1242 1311 1400 1340 σιωπῶντες
1423 1311 1446 1336 οι
1468 1309 1551 1335 παλαι.
1570 1309 1619 1342 μὲν
1631 1307 1764 1341 φίλτατοι,
1782 1305 1830 1332 νῦν

1039 1360 1067 1386 δὲ
1081 1360 1145 1390 ἴσως
1161 1358 1231 1393 φίλοι
1245 1366 1251 1372 ·
1266 1356 1323 1384 ἀλλ’
1342 1356 1390 1391 ἡδύ
1421 1356 1502 1382 ποθεν
1518 1355 1547 1381 τὺ
1562 1355 1680 1389 πρᾶγμα
1690 1362 1696 1368 ·
1713 1354 1737 1379 οἱ
1751 1353 1830 1386 νόμοι

1041 1415 1069 1432 σε
1080 1403 1302 1440 παρασκευάζειν
1330 1403 1490 1438 ἠνάγκασαν
1515 1401 1612 1436 σεμνὸν
1636 1401 1696 1431 ταῖς
1715 1399 1830 1434 ὀφρύσιν

1039 1452 1176 1479 ἁνέλκειν’
1193 1448 1253 1476 εἷτα
1273 1449 1401 1484 φρόνημα
1415 1448 1560 1482 νομοθέτου
1573 1446 1674 1476 λαϐὼν,
1690 1447 1736 1472 καὶ
1750 1445 1829 1477 δόξας

1039 1497 1089 1532 ἢδη
1101 1498 1134 1523 τὰ
1155 1497 1299 1531 Ῥωμαίων
1331 1496 1407 1528 ἄγειν
1432 1495 1465 1529 τῇ
1489 1493 1583 1527 ψήφῳ,
1607 1491 1733 1518 τοσοῦτον
1751 1491 1830 1525 ἡμῶν

1040 1542 1226 1577 κατεπήρθης.
1260 1541 1330 1567 Ἀλλ’
1361 1540 1454 1574 ἐπειδή
1474 1547 1503 1565 σε
1521 1539 1598 1573 μόλις
1616 1537 1764 1572 ὑπεισῆλοε
1779 1536 1830 1570 τῆς

1041 1587 1158 1617 παλαιᾶς
1179 1585 1322 1620 συνηθείας
1338 1584 1415 1618 λόγος
1443 1584 1490 1610 καὶ
1506 1584 1611 1618 μνήμη,
1640 1582 1694 1608 εῖοε
1712 1581 1762 1616 μὲν
1783 1581 1831 1607 καὶ

1040 1634 1123 1659 πάλαι
1142 1632 1238 1666 γέγονε
1248 1631 1327 1658 τοῦτο
1339 1638 1345 1645 ·
1361 1631 1376 1656 ὁ
1392 1631 1441 1664 μέν
1450 1638 1481 1664 γε
1491 1629 1538 1664 τῆς
1556 1628 1605 1663 σῆς
1619 1628 1741 1663 γλώττης
1760 1627 1830 1661 μετὰ

1039 1680 1092 1705 τῶν
1105 1678 1245 1714 χελιδόνων
1259 1677 1306 1712 ¹ἡδύ
1328 1686 1352 1703 τι
1381 1676 1571 1711 φθεγγομένης
1593 1668 1724 1705 ἀκούσας,
1753 1674 1829 1699 διαν-

1041 1726 1152 1759 ίσταμαι
1169 1725 1201 1758 τῇ
1215 1723 1286 1758 ψυχῇ
1300 1731 1306 1737 ·
1327 1723 1374 1749 καὶ
1400 1720 1591 1756 λαμπρότερόν
1614 1728 1658 1754 μοι
1689 1720 1734 1745 τὸν
1753 1719 1830 1753 ἣλιον

1040 1769 1219 1806 προσεὶἀλλειν
1232 1768 1303 1795 δοκῶ
1316 1777 1322 1783 ·
1341 1768 1389 1794 καὶ
1408 1767 1457 1794 νῦν
1475 1766 1559 1797 ὅντως
1586 1766 1635 1800 ἔαρ
1651 1764 1722 1800 ἐμοί.
1747 1765 1830 1790 Ἀλλὰ

1039 1817 1129 1851 γένοιο
1141 1816 1234 1842 λοιπὸν
1244 1816 1311 1850 ἡμῖν
1322 1814 1448 1849 εὐμενὴς,
1461 1813 1509 1840 καὶ
1530 1812 1628 1848 μηκέτ’
1649 1812 1730 1847 ἔλθῃς
1749 1811 1830 1838 πολε-

1042 1863 1122 1899 μιῶι,
1138 1862 1246 1899 ἐρώτων
1262 1863 1300 1893 εἰς
1310 1861 1404 1896 λήθην.

1336 1908 1363 1933 ι’.
1381 1905 1538 1941 sommo.

1076 1955 1111 1982 Εἴ
1121 1964 1163 1986 τις
1173 1954 1322 1990 χρημάτων
1336 1953 1409 1980 ἐστὶν
1423 1952 1551 1987 ἐραστὴς,
1571 1951 1648 1978 οὐδὲν
1663 1952 1696 1977 ἂν
1709 1950 1797 1986 ἡδέως
1811 1950 1829 1984 ἢ

1040 2003 1127 2029 ταῦτα
1144 2002 1229 2035 λέγοι,
1246 2002 1293 2028 καὶ
1317 2000 1449 2034 λεγόντων
1475 1999 1562 2025 ἄλλων
1583 1998 1744 2024 ἀκούσειεν
1765 1997 1788 2023 ει
1803 1996 1832 2022 δὲ

1041 2049 1088 2075 καὶ
1107 2048 1206 2082 χρυσὸν
1231 2047 1304 2079 ἄγων
1326 2045 1489 2080 παράσχοις,
1511 2044 1568 2078 ἔχει
1587 2044 1620 2070 τὰ
1648 2043 1714 2077 παρ’
1734 2041 1832 2076 ἐκείνῳ

1039 2092 1123 2127 τιμῆς
1133 2100 1139 2106 ·
1154 2091 1240 2121 οὕτως
1247 2091 1274 2116 δὲ
1283 2091 1311 2116 ὲν
1324 2090 1416 2120 ὅπλοις
1429 2088 1463 2115 τὰ
1478 2088 1629 2123 πράγματα
1645 2087 1731 2122 καλὴν
1745 2087 1832 2117 οὕτως

1040 2137 1141 2164 ἀσπίδα
1156 2136 1247 2163 λαϐὼν
1266 2135 1401 2170 ἐφρύνησέ
1429 2143 1456 2161 τι
1474 2134 1555 2169 μέγα,
1570 2135 1617 2160 καὶ
1639 2133 1701 2168 τῇδε
1718 2134 1831 2159 κάκεῖσε

1041 2182 1197 2217 περιφέρων
1213 2181 1244 2207 τὸ
1259 2181 1350 2215 κτῆμα
1369 2179 1519 2215 πληροῦται
1535 2179 1635 2214 μᾶλλον
1651 2178 1698 2204 τοῦ
1714 2179 1831 2213 "Apim;-

1047 2229 1138 2264 Ἀνδρὶ
1152 2229 1179 2255 δὲ
1199 2227 1294 2262 ἁγαθῷ
1326 2227 1352 2253 τί
1374 2227 1500 2261 πράττων
1526 2225 1559 2252 ἄν
1582 2235 1623 2257 τις
1655 2225 1800 2260 χαρίσαιτο
1815 2224 1832 2258 ῆ

1045 2275 1254 2311 παραπλησίους
1271 2275 1370 2308 ἄνδρας
1383 2273 1511 2308 παρέχων
1535 2272 1614 2303 ίδεῐνι
1634 2271 1716 2298 Ὅθεν
1730 2280 1759 2298 σε
1777 2280 1833 2297 τοι-

1044 2322 1123 2349 οῦτον
1140 2321 1218 2352 εἰδὼς
1236 2320 1283 2347 καὶ
1307 2319 1438 2354 γεγονότα
1451 2319 1498 2345 καὶ
1518 2315 1589 2345 εἶναι
1605 2317 1834 2353 βουλόμενον,τὺν

1046 2366 1222 2402 σχολαστικὸν
1234 2365 1366 2400 Διόδωρον
1393 2365 1500 2398 ἀγνοεῖν
1515 2363 1545 2389 οὔ
1574 2371 1620 2398 μοι
1634 2363 1739 2397 πρέπον
1754 2361 1833 2396 ἐφαί-

1045 2421 1115 2445 νετο,
1130 2412 1188 2438 ἀλλ’
1206 2412 1265 2443 ἄγω
1284 2411 1332 2437 κα)⁸
1345 2410 1452 2444 δίδωμι,
1470 2411 1503 2436 σὺ
1526 2409 1576 2444 μὲν
1594 2409 1709 2441 ἐκεῖνον,
1730 2409 1836 2439 ἐκεῖνος

1045 2458 1074 2485 δὲ
1092 2458 1121 2484 σέ
1135 2458 1321 2492 ’ἀμφότερον
1339 2456 1403 2490 ὑμῖν
1427 2455 1545 2490 νομίζων
1563 2454 1730 2490 χαριεῖσθαι,
1748 2455 1772 2480 εἰ
1788 2454 1836 2480 ἁλ-

1045 2505 1133 2540 λήλων
1161 2505 1190 2530 ἐν
1219 2504 1303 2539 πείρᾳ
1328 2503 1496 2538 γενήσεσθε·
1520 2502 1660 2529 ἐπαινέσει
1675 2501 1702 2528 δέ
1718 2510 1752 2536 με
1767 2501 1836 2527 πάνυ

1045 2559 1100 2581 τως
1121 2550 1263 2584 ἑκάτερος,
1288 2547 1333 2576 οἷα
1356 2549 1412 2580 τοῖς
1436 2549 1522 2582 φίλοις
1552 2547 1693 2583 προξενεῖν
1719 2547 1836 2573 ἐπιστά-

1048 2601 1139 2628 μενος.
1450 2603 1453 2607 -

1331 2638 1383 2664 ιΑι.
1407 2638 1550 2674 ΙΩΑΝΝῌ.

1089 2683 1118 2710 Ὁ
1132 2683 1296 2718 λογιώτατος
1304 2684 1435 2719 Διόδωρος
1446 2684 1522 2715 λύσις
1537 2685 1603 2719 ἡμῖν
1619 2683 1688 2710 ἔστω
1703 2683 1753 2719 τῆς
1767 2684 1836 2719 πρὸς

1047 2730 1180 2765 ἀλλήλους
1196 2730 1275 2764 σιγῆς
1288 2738 1295 2745 ·
1314 2730 1361 2756 καὶ
1382 2732 1411 2756 σὲ
1431 2731 1551 2765 γράφειν
1582 2731 1715 2762 ἐπαιτῶν,
1733 2730 1781 2757 καὶ
1802 2731 1836 2757 τὶ

1046 2777 1110 2810 παρ’
1126 2775 1204 2810 ἡμῶν
1220 2784 1260 2801 σοι
1274 2775 1378 2807 διδοῦς’
1400 2775 1476 2810 φίλος
1499 2776 1549 2811 μὲν
1572 2777 1626 2812 γὰρ
1651 2773 1730 2808 οὗτος
1747 2776 1813 2810 ὲμὸς
1825 2783 1833 2791 ⁸

1046 2822 1095 2856 ἤδη
1111 2821 1138 2847 δὲ
1151 2822 1216 2856 πρὶν
1234 2821 1297 2848 ἰδεῖν
1315 2822 1362 2848 καὶ
1377 2822 1421 2853 σὸς
1435 2822 1554 2857 ἐραστὴς
1569 2822 1730 2857 ἐτύγχανεν·
1750 2823 1836 2857 οἱγὰρ

1047 2868 1076 2899 ἐξ
1092 2867 1172 2902 ἡμῶν
1195 2867 1268 2902 λόγοι
1293 2868 1327 2896 τὰ
1352 2869 1415 2903 περὶ
1438 2869 1484 2895 σοῦ
1510 2868 1685 2904 διηγούμενοι
1703 2869 1771 2904 προς
1786 2869 1837 2903 τὴν
