  <div class='ocr_page' id='page_1' title='image "/cluster/home/n/w/nwhite01/storage/ocr_20150623/87, pt.2/njp.32101010943809/632.png"; bbox 0 0 1988 3079; ppageno 0'>
   <div class='ocr_carea' id='block_1_1' title="bbox 161 153 231 186">
    <p class='ocr_par' dir='ltr' id='par_1_1' title="bbox 161 153 231 186">
     <span class='ocr_line' id='line_1_1' title="bbox 161 153 231 186; baseline 0 0"><span class='ocrx_word' id='word_1_1' title='bbox 161 153 231 186; x_wconf 74' lang='grc'><strong>2729</strong></span> 
     </span>
    </p>
   </div>
   <div class='ocr_carea' id='block_1_2' title="bbox 881 156 1083 188">
    <p class='ocr_par' dir='ltr' id='par_1_2' title="bbox 881 156 1083 188">
     <span class='ocr_line' id='line_1_2' title="bbox 881 156 1083 188; baseline 0.005 -2"><span class='ocrx_word' id='word_1_2' title='bbox 881 156 1083 188; x_wconf 74' lang='lat' dir='ltr'><strong>EPISTOL/E.</strong></span> 
     </span>
    </p>
   </div>
   <div class='ocr_carea' id='block_1_3' title="bbox 1726 160 1796 193">
    <p class='ocr_par' dir='ltr' id='par_1_3' title="bbox 1726 160 1796 193">
     <span class='ocr_line' id='line_1_3' title="bbox 1726 160 1796 193; baseline 0 0"><span class='ocrx_word' id='word_1_3' title='bbox 1726 160 1796 193; x_wconf 82' lang='lat'><strong>2730</strong></span> 
     </span>
    </p>
   </div>
   <div class='ocr_carea' id='block_1_4' title="bbox 162 208 950 251">
    <p class='ocr_par' dir='ltr' id='par_1_4' title="bbox 162 208 950 246">
     <span class='ocr_line' id='line_1_4' title="bbox 162 208 950 246; baseline 0.003 -10"><span class='ocrx_word' id='word_1_4' title='bbox 162 209 228 236; x_wconf 76' lang='grc' dir='ltr'>θέαν</span> <span class='ocrx_word' id='word_1_5' title='bbox 240 209 348 236; x_wconf 74' lang='grc' dir='ltr'>ἐπιοῦσι</span> <span class='ocrx_word' id='word_1_6' title='bbox 359 208 405 236; x_wconf 79' lang='grc' dir='ltr'>τδν</span> <span class='ocrx_word' id='word_1_7' title='bbox 419 208 509 245; x_wconf 73' lang='grc' dir='ltr'>ἔρωτα</span> <span class='ocrx_word' id='word_1_8' title='bbox 519 216 526 226; x_wconf 83' lang='grc'><em>’</em></span> <span class='ocrx_word' id='word_1_9' title='bbox 553 210 567 236; x_wconf 82' lang='grc' dir='ltr'><strong>ό</strong></span> <span class='ocrx_word' id='word_1_10' title='bbox 585 209 640 245; x_wconf 81' lang='grc' dir='ltr'>γὰρ</span> <span class='ocrx_word' id='word_1_11' title='bbox 657 209 727 246; x_wconf 83' lang='grc' dir='ltr'>ἀνὴρ</span> <span class='ocrx_word' id='word_1_12' title='bbox 750 210 881 246; x_wconf 69' lang='grc' dir='ltr'>ἐρωτικός</span> <span class='ocrx_word' id='word_1_13' title='bbox 895 211 950 238; x_wconf 74' lang='grc' dir='ltr'>ἐστι</span> 
     </span>
    </p>
   </div>
   <div class='ocr_carea' id='block_1_5' title="bbox 1005 208 1795 251">
    <p class='ocr_par' dir='ltr' id='par_1_5' title="bbox 1006 211 1795 251">
     <span class='ocr_line' id='line_1_5' title="bbox 1006 211 1795 251; baseline 0.009 -13"><span class='ocrx_word' id='word_1_14' title='bbox 1006 211 1051 239; x_wconf 90' lang='lat' dir='ltr'><strong>ille</strong></span> <span class='ocrx_word' id='word_1_15' title='bbox 1072 211 1242 248; x_wconf 77' lang='lat' dir='ltr'><strong>egregiorum</strong></span> <span class='ocrx_word' id='word_1_16' title='bbox 1263 219 1360 241; x_wconf 75' lang='lat' dir='ltr'><strong>amans</strong></span> <span class='ocrx_word' id='word_1_17' title='bbox 1376 218 1404 241; x_wconf 90' lang='lat' dir='ltr'><strong>et</strong></span> <span class='ocrx_word' id='word_1_18' title='bbox 1426 214 1513 242; x_wconf 91' lang='lat' dir='ltr'><strong>bonos</strong></span> <span class='ocrx_word' id='word_1_19' title='bbox 1536 214 1631 242; x_wconf 85' lang='lat' dir='ltr'><strong>sedulo</strong></span> <span class='ocrx_word' id='word_1_20' title='bbox 1655 215 1795 251; x_wconf 74' lang='lat' dir='ltr'><strong>inquirens</strong></span> 
     </span>
    </p>
   </div>
   <div class='ocr_carea' id='block_1_6' title="bbox 161 253 952 291">
    <p class='ocr_par' dir='ltr' id='par_1_6' title="bbox 161 253 952 291">
     <span class='ocr_line' id='line_1_6' title="bbox 161 253 952 291; baseline 0.004 -11"><span class='ocrx_word' id='word_1_21' title='bbox 161 254 218 280; x_wconf 84' lang='grc' dir='ltr'><strong>τῶν</strong></span> <span class='ocrx_word' id='word_1_22' title='bbox 242 253 348 286; x_wconf 73' lang='grc' dir='ltr'>καλῶν,</span> <span class='ocrx_word' id='word_1_23' title='bbox 374 254 421 280; x_wconf 74' lang='grc' dir='ltr'>καὶ</span> <span class='ocrx_word' id='word_1_24' title='bbox 450 253 678 290; x_wconf 80' lang='grc' dir='ltr'>πολυπραγμονεῖ</span> <span class='ocrx_word' id='word_1_25' title='bbox 703 255 767 287; x_wconf 81' lang='grc' dir='ltr'>τοὺς</span> <span class='ocrx_word' id='word_1_26' title='bbox 795 255 952 291; x_wconf 77' lang='grc' dir='ltr'>χρηστούς·</span> 
     </span>
    </p>
   </div>
   <div class='ocr_carea' id='block_1_7' title="bbox 163 298 955 335">
    <p class='ocr_par' dir='ltr' id='par_1_7' title="bbox 163 298 955 335">
     <span class='ocr_line' id='line_1_7' title="bbox 163 298 955 335; baseline 0.004 -9"><span class='ocrx_word' id='word_1_27' title='bbox 163 299 258 334; x_wconf 82' lang='grc' dir='ltr'>ὥσπερ</span> <span class='ocrx_word' id='word_1_28' title='bbox 272 298 366 330; x_wconf 71' lang='grc' dir='ltr'>δεδιὼς</span> <span class='ocrx_word' id='word_1_29' title='bbox 381 300 417 335; x_wconf 85' lang='grc' dir='ltr'>μή</span> <span class='ocrx_word' id='word_1_30' title='bbox 427 300 494 327; x_wconf 84' lang='grc' dir='ltr'>ποτέ</span> <span class='ocrx_word' id='word_1_31' title='bbox 511 308 552 332; x_wconf 86' lang='grc' dir='ltr'><strong>τις</strong></span> <span class='ocrx_word' id='word_1_32' title='bbox 569 299 690 332; x_wconf 76' lang='grc' dir='ltr'>τοιοῦτος</span> <span class='ocrx_word' id='word_1_33' title='bbox 703 300 741 327; x_wconf 82' lang='grc' dir='ltr'>ὢν</span> <span class='ocrx_word' id='word_1_34' title='bbox 752 300 873 328; x_wconf 83' lang='grc' dir='ltr'>διαλάθοι</span> <span class='ocrx_word' id='word_1_35' title='bbox 884 309 891 318; x_wconf 78' lang='grc'><strong><em>⁸</em></strong></span> <span class='ocrx_word' id='word_1_36' title='bbox 908 302 955 329; x_wconf 76' lang='grc' dir='ltr'>καὶ</span> 
     </span>
    </p>
   </div>
   <div class='ocr_carea' id='block_1_8' title="bbox 163 344 954 382">
    <p class='ocr_par' dir='ltr' id='par_1_8' title="bbox 163 344 954 382">
     <span class='ocr_line' id='line_1_8' title="bbox 163 344 954 382; baseline 0.005 -12"><span class='ocrx_word' id='word_1_37' title='bbox 163 347 188 371; x_wconf 81' lang='grc' dir='ltr'><strong>τί</strong></span> <span class='ocrx_word' id='word_1_38' title='bbox 203 353 243 370; x_wconf 77' lang='grc' dir='ltr'><strong>σοι</strong></span> <span class='ocrx_word' id='word_1_39' title='bbox 256 344 290 371; x_wconf 82' lang='grc' dir='ltr'><strong>τὰ</strong></span> <span class='ocrx_word' id='word_1_40' title='bbox 304 346 370 379; x_wconf 73' lang='grc' dir='ltr'>περὶ</span> <span class='ocrx_word' id='word_1_41' title='bbox 389 344 484 371; x_wconf 85' lang='grc' dir='ltr'>τούτου</span> <span class='ocrx_word' id='word_1_42' title='bbox 496 344 586 378; x_wconf 78' lang='grc' dir='ltr'>λέγειν</span> <span class='ocrx_word' id='word_1_43' title='bbox 604 354 637 380; x_wconf 85' lang='grc' dir='ltr'><strong>με</strong></span> <span class='ocrx_word' id='word_1_44' title='bbox 654 345 710 379; x_wconf 85' lang='grc' dir='ltr'>δεῖ;</span> <span class='ocrx_word' id='word_1_45' title='bbox 727 346 841 379; x_wconf 79' lang='grc' dir='ltr'><strong>Πάντως</strong></span> <span class='ocrx_word' id='word_1_46' title='bbox 854 347 909 382; x_wconf 79' lang='grc' dir='ltr'>γὰρ</span> <span class='ocrx_word' id='word_1_47' title='bbox 921 347 954 382; x_wconf 76' lang='grc' dir='ltr'><strong>τῇ</strong></span> 
     </span>
    </p>
   </div>
   <div class='ocr_carea' id='block_1_9' title="bbox 164 389 953 426">
    <p class='ocr_par' dir='ltr' id='par_1_9' title="bbox 164 389 953 426">
     <span class='ocr_line' id='line_1_9' title="bbox 164 389 953 426; baseline 0.005 -11"><span class='ocrx_word' id='word_1_48' title='bbox 164 390 247 424; x_wconf 80' lang='grc' dir='ltr'>πείρᾳ</span> <span class='ocrx_word' id='word_1_49' title='bbox 260 389 340 416; x_wconf 82' lang='grc' dir='ltr'>τοῦτο</span> <span class='ocrx_word' id='word_1_50' title='bbox 355 389 460 424; x_wconf 80' lang='grc' dir='ltr'>μαθὼν,</span> <span class='ocrx_word' id='word_1_51' title='bbox 487 389 593 417; x_wconf 77' lang='grc' dir='ltr'>ἐλάττω</span> <span class='ocrx_word' id='word_1_52' title='bbox 621 391 745 426; x_wconf 86' lang='grc' dir='ltr'>νομίσεις</span> <span class='ocrx_word' id='word_1_53' title='bbox 760 391 806 418; x_wconf 79' lang='grc' dir='ltr'>τὸν</span> <span class='ocrx_word' id='word_1_54' title='bbox 823 392 934 419; x_wconf 73' lang='grc' dir='ltr'>ἔπαινον</span> <span class='ocrx_word' id='word_1_55' title='bbox 945 399 953 407; x_wconf 79' lang='grc'><strong>”</strong></span> 
     </span>
    </p>
   </div>
   <div class='ocr_carea' id='block_1_10' title="bbox 163 435 956 474">
    <p class='ocr_par' dir='ltr' id='par_1_10' title="bbox 163 435 956 474">
     <span class='ocr_line' id='line_1_10' title="bbox 163 435 956 474; baseline 0.004 -12"><span class='ocrx_word' id='word_1_56' title='bbox 163 437 211 462; x_wconf 80' lang='grc' dir='ltr'>καὶ</span> <span class='ocrx_word' id='word_1_57' title='bbox 225 435 325 474; x_wconf 75' lang='grc' dir='ltr'>ἀσθενῆ</span> <span class='ocrx_word' id='word_1_58' title='bbox 343 435 392 470; x_wconf 82' lang='grc' dir='ltr'>μὲν</span> <span class='ocrx_word' id='word_1_59' title='bbox 405 435 548 467; x_wconf 76' lang='grc' dir='ltr'><strong>καλέσειας</strong></span> <span class='ocrx_word' id='word_1_60' title='bbox 566 436 681 472; x_wconf 72' lang='grc' dir='ltr'>ῥήτορα,</span> <span class='ocrx_word' id='word_1_61' title='bbox 696 437 734 471; x_wconf 85' lang='grc' dir='ltr'>ὼς</span> <span class='ocrx_word' id='word_1_62' title='bbox 751 437 813 464; x_wconf 74' lang='grc' dir='ltr'><strong>οὐδὲ</strong></span> <span class='ocrx_word' id='word_1_63' title='bbox 825 438 859 464; x_wconf 80' lang='grc' dir='ltr'><strong>τὰ</strong></span> <span class='ocrx_word' id='word_1_64' title='bbox 873 446 956 474; x_wconf 88' lang='grc' dir='ltr'>προσ-</span> 
     </span>
    </p>
   </div>
   <div class='ocr_carea' id='block_1_11' title="bbox 163 480 501 516">
    <p class='ocr_par' dir='ltr' id='par_1_11' title="bbox 163 480 501 516">
     <span class='ocr_line' id='line_1_11' title="bbox 163 480 501 516; baseline 0.003 -9"><span class='ocrx_word' id='word_1_65' title='bbox 163 481 228 508; x_wconf 74' lang='grc' dir='ltr'>όντα</span> <span class='ocrx_word' id='word_1_66' title='bbox 240 480 330 515; x_wconf 85' lang='grc' dir='ltr'>λέγειν</span> <span class='ocrx_word' id='word_1_67' title='bbox 340 481 501 516; x_wconf 77' lang='grc' dir='ltr'><strong>δυνάμενον.</strong></span> 
     </span>
    </p>
   </div>
   <div class='ocr_carea' id='block_1_12' title="bbox 452 527 665 564">
    <p class='ocr_par' dir='ltr' id='par_1_12' title="bbox 452 527 665 564">
     <span class='ocr_line' id='line_1_12' title="bbox 452 527 665 564; baseline 0 -10"><span class='ocrx_word' id='word_1_68' title='bbox 452 527 501 554; x_wconf 85' lang='lat' dir='ltr'>IB’.</span> <span class='ocrx_word' id='word_1_69' title='bbox 514 528 665 564; x_wconf 82' lang='grc' dir='ltr'><strong>ΔΙΟΔΩΡῼ.</strong></span> 
     </span>
    </p>
   </div>
   <div class='ocr_carea' id='block_1_13' title="bbox 199 573 952 611">
    <p class='ocr_par' dir='ltr' id='par_1_13' title="bbox 199 573 952 611">
     <span class='ocr_line' id='line_1_13' title="bbox 199 573 952 611; baseline 0.005 -12"><span class='ocrx_word' id='word_1_70' title='bbox 199 573 285 600; x_wconf 81' lang='grc' dir='ltr'>Τοῦτο</span> <span class='ocrx_word' id='word_1_71' title='bbox 309 573 396 599; x_wconf 80' lang='grc' dir='ltr'>ἐκεῖνο</span> <span class='ocrx_word' id='word_1_72' title='bbox 418 573 433 600; x_wconf 82' lang='grc' dir='ltr'><strong>ὂ</strong></span> <span class='ocrx_word' id='word_1_73' title='bbox 460 574 509 600; x_wconf 78' lang='grc' dir='ltr'>καὶ</span> <span class='ocrx_word' id='word_1_74' title='bbox 537 574 723 610; x_wconf 82' lang='grc' dir='ltr'>προσδοκῶντι</span> <span class='ocrx_word' id='word_1_75' title='bbox 754 584 798 611; x_wconf 88' lang='grc' dir='ltr'><strong>μοι</strong></span> <span class='ocrx_word' id='word_1_76' title='bbox 822 575 952 611; x_wconf 80' lang='grc' dir='ltr'>γέγονεν·</span> 
     </span>
    </p>
   </div>
   <div class='ocr_carea' id='block_1_14' title="bbox 163 620 954 659">
    <p class='ocr_par' dir='ltr' id='par_1_14' title="bbox 163 620 954 659">
     <span class='ocr_line' id='line_1_14' title="bbox 163 620 954 659; baseline 0.005 -13"><span class='ocrx_word' id='word_1_77' title='bbox 163 620 242 656; x_wconf 80' lang='grc' dir='ltr'>ᾣμην</span> <span class='ocrx_word' id='word_1_78' title='bbox 259 621 314 655; x_wconf 74' lang='grc' dir='ltr'>γὰρ</span> <span class='ocrx_word' id='word_1_79' title='bbox 330 621 411 652; x_wconf 72' lang='grc' dir='ltr'>εὐθὺς</span> <span class='ocrx_word' id='word_1_80' title='bbox 424 620 461 651; x_wconf 83' lang='grc' dir='ltr'><strong>ὡς</strong></span> <span class='ocrx_word' id='word_1_81' title='bbox 474 621 564 648; x_wconf 78' lang='grc' dir='ltr'><strong>ἐκεῖσε</strong></span> <span class='ocrx_word' id='word_1_82' title='bbox 579 621 725 655; x_wconf 88' lang='grc' dir='ltr'>γενόμενος</span> <span class='ocrx_word' id='word_1_83' title='bbox 737 622 875 657; x_wconf 81' lang='grc' dir='ltr'><strong>ἀρχόντων</strong></span> <span class='ocrx_word' id='word_1_84' title='bbox 887 623 954 659; x_wconf 82' lang='grc' dir='ltr'>ὁρᾷν</span> 
     </span>
    </p>
   </div>
   <div class='ocr_carea' id='block_1_15' title="bbox 165 666 954 703">
    <p class='ocr_par' dir='ltr' id='par_1_15' title="bbox 165 666 954 703">
     <span class='ocr_line' id='line_1_15' title="bbox 165 666 954 703; baseline 0.005 -11"><span class='ocrx_word' id='word_1_85' title='bbox 165 666 250 702; x_wconf 76' lang='grc' dir='ltr'>βῆμα,</span> <span class='ocrx_word' id='word_1_86' title='bbox 267 667 313 693; x_wconf 74' lang='grc' dir='ltr'>καὶ</span> <span class='ocrx_word' id='word_1_87' title='bbox 326 667 449 702; x_wconf 74' lang='grc' dir='ltr'>ῥητόρων</span> <span class='ocrx_word' id='word_1_88' title='bbox 463 667 552 703; x_wconf 70' lang='grc' dir='ltr'>χορον,</span> <span class='ocrx_word' id='word_1_89' title='bbox 568 668 616 694; x_wconf 82' lang='grc' dir='ltr'><strong>καὶ</strong></span> <span class='ocrx_word' id='word_1_90' title='bbox 635 667 802 702; x_wconf 72' lang='grc' dir='ltr'>προσφύγων</span> <span class='ocrx_word' id='word_1_91' title='bbox 824 669 872 703; x_wconf 81' lang='grc' dir='ltr'>οὐχ</span> <span class='ocrx_word' id='word_1_92' title='bbox 888 669 954 696; x_wconf 79' lang='grc' dir='ltr'>ἐπό-</span> 
     </span>
    </p>
   </div>
   <div class='ocr_carea' id='block_1_16' title="bbox 165 710 954 749">
    <p class='ocr_par' dir='ltr' id='par_1_16' title="bbox 165 710 954 749">
     <span class='ocr_line' id='line_1_16' title="bbox 165 710 954 749; baseline 0.005 -11"><span class='ocrx_word' id='word_1_93' title='bbox 165 710 256 747; x_wconf 81' lang='grc' dir='ltr'>μενον’,</span> <span class='ocrx_word' id='word_1_94' title='bbox 268 712 398 749; x_wconf 65' lang='grc' dir='ltr'>’κληθήσῃ</span> <span class='ocrx_word' id='word_1_95' title='bbox 414 713 464 748; x_wconf 83' lang='grc' dir='ltr'>μὲν</span> <span class='ocrx_word' id='word_1_96' title='bbox 477 713 576 740; x_wconf 81' lang='grc' dir='ltr'>αὐτίκα</span> <span class='ocrx_word' id='word_1_97' title='bbox 593 714 766 749; x_wconf 82' lang='grc' dir='ltr'>φρονήματος</span> <span class='ocrx_word' id='word_1_98' title='bbox 776 722 782 729; x_wconf 94' lang='grc'><strong>·</strong></span> <span class='ocrx_word' id='word_1_99' title='bbox 797 715 849 742; x_wconf 85' lang='grc' dir='ltr'>κᾶν</span> <span class='ocrx_word' id='word_1_100' title='bbox 863 715 954 743; x_wconf 85' lang='grc' dir='ltr'>λαλεῖν</span> 
     </span>
    </p>
   </div>
   <div class='ocr_carea' id='block_1_17' title="bbox 163 758 954 797">
    <p class='ocr_par' dir='ltr' id='par_1_17' title="bbox 163 758 954 797">
     <span class='ocr_line' id='line_1_17' title="bbox 163 758 954 797; baseline 0.008 -14"><span class='ocrx_word' id='word_1_101' title='bbox 163 766 205 789; x_wconf 85' lang='grc' dir='ltr'><strong>τις</strong></span> <span class='ocrx_word' id='word_1_102' title='bbox 221 758 311 794; x_wconf 77' lang='grc' dir='ltr'><strong>ἐθέλῃ,</strong></span> <span class='ocrx_word' id='word_1_103' title='bbox 340 758 420 794; x_wconf 85' lang='grc' dir='ltr'>μόνον</span> <span class='ocrx_word' id='word_1_104' title='bbox 431 759 481 786; x_wconf 76' lang='grc' dir='ltr'>οὐκ</span> <span class='ocrx_word' id='word_1_105' title='bbox 503 759 586 796; x_wconf 79' lang='grc' dir='ltr'>ἀνέξῃ</span> <span class='ocrx_word' id='word_1_106' title='bbox 603 760 650 786; x_wconf 86' lang='grc' dir='ltr'>τοῦ</span> <span class='ocrx_word' id='word_1_107' title='bbox 665 760 804 795; x_wconf 83' lang='grc' dir='ltr'>λέγοντος·</span> <span class='ocrx_word' id='word_1_108' title='bbox 817 762 896 797; x_wconf 84' lang='grc' dir='ltr'>ἡμῶν</span> <span class='ocrx_word' id='word_1_109' title='bbox 925 762 954 789; x_wconf 82' lang='grc' dir='ltr'><strong>δὲ</strong></span> 
     </span>
    </p>
   </div>
   <div class='ocr_carea' id='block_1_18' title="bbox 163 803 954 844">
    <p class='ocr_par' dir='ltr' id='par_1_18' title="bbox 163 803 954 844">
     <span class='ocr_line' id='line_1_18' title="bbox 163 803 954 844; baseline 0.009 -15"><span class='ocrx_word' id='word_1_110' title='bbox 163 803 240 838; x_wconf 80' lang='grc' dir='ltr'>λόγος</span> <span class='ocrx_word' id='word_1_111' title='bbox 255 803 330 830; x_wconf 77' lang='grc' dir='ltr'>ἔσται</span> <span class='ocrx_word' id='word_1_112' title='bbox 346 805 448 840; x_wconf 72' lang='grc' dir='ltr'>βραχύς</span> <span class='ocrx_word' id='word_1_113' title='bbox 459 814 465 821; x_wconf 91' lang='grc'><strong>·</strong></span> <span class='ocrx_word' id='word_1_114' title='bbox 496 807 543 832; x_wconf 80' lang='grc' dir='ltr'>καὶ</span> <span class='ocrx_word' id='word_1_115' title='bbox 568 806 595 833; x_wconf 85' lang='grc' dir='ltr'><strong>τι</strong></span> <span class='ocrx_word' id='word_1_116' title='bbox 610 815 658 841; x_wconf 88' lang='grc' dir='ltr'><strong>μοι</strong></span> <span class='ocrx_word' id='word_1_117' title='bbox 676 808 739 839; x_wconf 75' lang='grc' dir='ltr'>τοὺς</span> <span class='ocrx_word' id='word_1_118' title='bbox 757 808 786 835; x_wconf 83' lang='grc' dir='ltr'>ὲν</span> <span class='ocrx_word' id='word_1_119' title='bbox 802 808 890 844; x_wconf 84' lang='grc' dir='ltr'><strong>σκότῳ</strong></span> <span class='ocrx_word' id='word_1_120' title='bbox 908 817 954 835; x_wconf 81' lang='grc' dir='ltr'>κε-</span> 
     </span>
    </p>
   </div>
   <div class='ocr_carea' id='block_1_19' title="bbox 163 850 953 891">
    <p class='ocr_par' dir='ltr' id='par_1_19' title="bbox 163 850 953 891">
     <span class='ocr_line' id='line_1_19' title="bbox 163 850 953 891; baseline 0.009 -16"><span class='ocrx_word' id='word_1_121' title='bbox 163 850 339 885; x_wconf 78' lang='grc' dir='ltr'>κρυμμένους</span> <span class='ocrx_word' id='word_1_122' title='bbox 371 852 493 883; x_wconf 80' lang='grc' dir='ltr'><strong>ἐκείνους</strong></span> <span class='ocrx_word' id='word_1_123' title='bbox 523 852 611 885; x_wconf 77' lang='grc' dir='ltr'>λέξεις</span> <span class='ocrx_word' id='word_1_124' title='bbox 638 853 725 889; x_wconf 79' lang='grc' dir='ltr'>δήπου</span> <span class='ocrx_word' id='word_1_125' title='bbox 758 854 866 886; x_wconf 84' lang='grc' dir='ltr'>πάντως</span> <span class='ocrx_word' id='word_1_126' title='bbox 889 856 953 891; x_wconf 80' lang='grc' dir='ltr'>περὶ</span> 
     </span>
    </p>
   </div>
   <div class='ocr_carea' id='block_1_20' title="bbox 1005 259 1796 296">
    <p class='ocr_par' dir='ltr' id='par_1_20' title="bbox 1005 259 1796 296">
     <span class='ocr_line' id='line_1_20' title="bbox 1005 259 1796 296; baseline 0.008 -11"><span class='ocrx_word' id='word_1_127' title='bbox 1005 265 1040 286; x_wconf 88' lang='lat' dir='ltr'><strong>ne</strong></span> <span class='ocrx_word' id='word_1_128' title='bbox 1055 259 1117 293; x_wconf 82' lang='lat' dir='ltr'><strong>quis</strong></span> <span class='ocrx_word' id='word_1_129' title='bbox 1142 259 1228 287; x_wconf 85' lang='lat' dir='ltr'><strong>bonus</strong></span> <span class='ocrx_word' id='word_1_130' title='bbox 1243 259 1290 286; x_wconf 80' lang='lat' dir='ltr'><strong>tibi</strong></span> <span class='ocrx_word' id='word_1_131' title='bbox 1317 260 1353 287; x_wconf 88' lang='lat' dir='ltr'><strong>sit</strong></span> <span class='ocrx_word' id='word_1_132' title='bbox 1373 260 1481 295; x_wconf 77' lang='lat' dir='ltr'><strong>ignotus</strong></span> <span class='ocrx_word' id='word_1_133' title='bbox 1492 281 1499 288; x_wconf 99' lang='lat'><strong><em>.</em></strong></span> <span class='ocrx_word' id='word_1_134' title='bbox 1527 259 1580 288; x_wconf 91' lang='lat' dir='ltr'><strong>Sed</strong></span> <span class='ocrx_word' id='word_1_135' title='bbox 1600 269 1685 296; x_wconf 82' lang='lat' dir='ltr'><strong>quare</strong></span> <span class='ocrx_word' id='word_1_136' title='bbox 1701 263 1735 291; x_wconf 89' lang='lat' dir='ltr'><strong>de</strong></span> <span class='ocrx_word' id='word_1_137' title='bbox 1750 263 1796 292; x_wconf 85' lang='lat' dir='ltr'><strong>illo</strong></span> 
     </span>
    </p>
   </div>
   <div class='ocr_carea' id='block_1_21' title="bbox 1006 303 1792 343">
    <p class='ocr_par' dir='ltr' id='par_1_21' title="bbox 1006 303 1792 343">
     <span class='ocr_line' id='line_1_21' title="bbox 1006 303 1792 343; baseline 0.008 -13"><span class='ocrx_word' id='word_1_138' title='bbox 1006 303 1054 330; x_wconf 87' lang='lat' dir='ltr'><strong>tibi</strong></span> <span class='ocrx_word' id='word_1_139' title='bbox 1092 304 1233 332; x_wconf 80' lang='lat' dir='ltr'><strong>dicerem?</strong></span> <span class='ocrx_word' id='word_1_140' title='bbox 1252 312 1312 332; x_wconf 86' lang='lat' dir='ltr'><strong>natu</strong></span> <span class='ocrx_word' id='word_1_141' title='bbox 1339 306 1506 340; x_wconf 75' lang='lat' dir='ltr'><strong>experientia</strong></span> <span class='ocrx_word' id='word_1_142' title='bbox 1536 307 1637 335; x_wconf 89' lang='lat' dir='ltr'><strong>doctus</strong></span> <span class='ocrx_word' id='word_1_143' title='bbox 1672 308 1792 343; x_wconf 71' lang='lat' dir='ltr'><strong>peiorem</strong></span> 
     </span>
    </p>
   </div>
   <div class='ocr_carea' id='block_1_22' title="bbox 998 349 1794 384">
    <p class='ocr_par' dir='ltr' id='par_1_22' title="bbox 998 349 1794 384">
     <span class='ocr_line' id='line_1_22' title="bbox 998 349 1794 384; baseline 0.006 -7"><span class='ocrx_word' id='word_1_144' title='bbox 998 349 1141 384; x_wconf 63' lang='lat' dir='ltr'><strong>judicans</strong></span> <span class='ocrx_word' id='word_1_145' title='bbox 1153 351 1258 378; x_wconf 81' lang='lat' dir='ltr'><strong>laudent</strong></span> <span class='ocrx_word' id='word_1_146' title='bbox 1280 356 1306 379; x_wconf 89' lang='lat' dir='ltr'><strong>et</strong></span> <span class='ocrx_word' id='word_1_147' title='bbox 1323 359 1366 379; x_wconf 84' lang='lat' dir='ltr'><strong>me</strong></span> <span class='ocrx_word' id='word_1_148' title='bbox 1380 352 1518 379; x_wconf 83' lang='lat' dir='ltr'><strong>inﬁrmum</strong></span> <span class='ocrx_word' id='word_1_149' title='bbox 1531 360 1643 382; x_wconf 84' lang='lat' dir='ltr'><strong>vocares</strong></span> <span class='ocrx_word' id='word_1_150' title='bbox 1657 359 1794 382; x_wconf 87' lang='lat' dir='ltr'><strong>oratorem</strong></span> 
     </span>
    </p>
   </div>
   <div class='ocr_carea' id='block_1_23' title="bbox 1005 389 1742 435">
    <p class='ocr_par' dir='ltr' id='par_1_23' title="bbox 1005 389 1742 435">
     <span class='ocr_line' id='line_1_23' title="bbox 1005 389 1742 435; baseline 0.009 -14"><span class='ocrx_word' id='word_1_151' title='bbox 1005 395 1051 430; x_wconf 88' lang='lat' dir='ltr'><strong>qui</strong></span> <span class='ocrx_word' id='word_1_152' title='bbox 1074 400 1101 423; x_wconf 89' lang='lat' dir='ltr'><strong>et</strong></span> <span class='ocrx_word' id='word_1_153' title='bbox 1115 389 1232 431; x_wconf 81' lang='lat' dir='ltr'><strong>amplius</strong></span> <span class='ocrx_word' id='word_1_154' title='bbox 1264 403 1368 431; x_wconf 86' lang='lat' dir='ltr'><strong>essent,</strong></span> <span class='ocrx_word' id='word_1_155' title='bbox 1385 398 1476 426; x_wconf 83' lang='lat' dir='ltr'><strong>dicere</strong></span> <span class='ocrx_word' id='word_1_156' title='bbox 1504 407 1558 428; x_wconf 89' lang='lat' dir='ltr'><strong>non</strong></span> <span class='ocrx_word' id='word_1_157' title='bbox 1572 399 1721 435; x_wconf 72' lang='lat' dir='ltr'><strong>potuissem</strong></span> <span class='ocrx_word' id='word_1_158' title='bbox 1733 419 1742 428; x_wconf 88' lang='lat'><em>.</em></span> 
     </span>
    </p>
   </div>
   <div class='ocr_carea' id='block_1_24' title="bbox 1280 527 1531 557">
    <p class='ocr_par' dir='ltr' id='par_1_24' title="bbox 1280 527 1531 557">
     <span class='ocr_line' id='line_1_24' title="bbox 1280 527 1531 557; baseline 0.012 -3"><span class='ocrx_word' id='word_1_159' title='bbox 1280 527 1337 557; x_wconf 79' lang='lat' dir='ltr'>XII.</span> <span class='ocrx_word' id='word_1_160' title='bbox 1368 528 1531 557; x_wconf 62' lang='lat'><strong>0100080.</strong></span> 
     </span>
    </p>
   </div>
   <div class='ocr_carea' id='block_1_25' title="bbox 1041 573 1794 608">
    <p class='ocr_par' dir='ltr' id='par_1_25' title="bbox 1041 573 1794 608">
     <span class='ocr_line' id='line_1_25' title="bbox 1041 573 1794 608; baseline 0.003 -6"><span class='ocrx_word' id='word_1_161' title='bbox 1041 574 1107 602; x_wconf 87' lang='lat' dir='ltr'><strong>Illud</strong></span> <span class='ocrx_word' id='word_1_162' title='bbox 1119 573 1186 602; x_wconf 85' lang='lat' dir='ltr'><strong>mihi</strong></span> <span class='ocrx_word' id='word_1_163' title='bbox 1216 574 1288 608; x_wconf 81' lang='lat' dir='ltr'><strong>quod</strong></span> <span class='ocrx_word' id='word_1_164' title='bbox 1309 575 1485 608; x_wconf 67' lang='lat' dir='ltr'><strong>praevideratu</strong></span> <span class='ocrx_word' id='word_1_165' title='bbox 1513 575 1628 603; x_wconf 85' lang='lat' dir='ltr'><strong>accidit:</strong></span> <span class='ocrx_word' id='word_1_166' title='bbox 1654 576 1794 604; x_wconf 76' lang='lat' dir='ltr'><strong>existima-</strong></span> 
     </span>
    </p>
   </div>
   <div class='ocr_carea' id='block_1_26' title="bbox 1005 620 1796 657">
    <p class='ocr_par' dir='ltr' id='par_1_26' title="bbox 1005 620 1796 657">
     <span class='ocr_line' id='line_1_26' title="bbox 1005 620 1796 657; baseline 0.003 -9"><span class='ocrx_word' id='word_1_167' title='bbox 1005 621 1067 648; x_wconf 91' lang='lat' dir='ltr'><strong>bam</strong></span> <span class='ocrx_word' id='word_1_168' title='bbox 1095 620 1179 653; x_wconf 90' lang='lat' dir='ltr'><strong>enim,</strong></span> <span class='ocrx_word' id='word_1_169' title='bbox 1211 620 1293 647; x_wconf 87' lang='lat' dir='ltr'><strong>simul</strong></span> <span class='ocrx_word' id='word_1_170' title='bbox 1319 627 1351 647; x_wconf 92' lang='lat' dir='ltr'><strong>ac</strong></span> <span class='ocrx_word' id='word_1_171' title='bbox 1389 620 1453 648; x_wconf 88' lang='lat' dir='ltr'><strong>illuc</strong></span> <span class='ocrx_word' id='word_1_172' title='bbox 1479 621 1621 649; x_wconf 81' lang='lat' dir='ltr'><strong>deveneris</strong></span> <span class='ocrx_word' id='word_1_173' title='bbox 1640 622 1796 657; x_wconf 84' lang='lat' dir='ltr'><strong>viderisque</strong></span> 
     </span>
    </p>
   </div>
   <div class='ocr_carea' id='block_1_27' title="bbox 1006 666 1795 701">
    <p class='ocr_par' dir='ltr' id='par_1_27' title="bbox 1006 666 1795 701">
     <span class='ocr_line' id='line_1_27' title="bbox 1006 666 1795 701; baseline 0.003 -7"><span class='ocrx_word' id='word_1_174' title='bbox 1006 667 1159 701; x_wconf 90' lang='lat' dir='ltr'><strong>principum</strong></span> <span class='ocrx_word' id='word_1_175' title='bbox 1181 666 1308 699; x_wconf 89' lang='lat' dir='ltr'><strong>tribunal,</strong></span> <span class='ocrx_word' id='word_1_176' title='bbox 1336 667 1474 694; x_wconf 73' lang='lat' dir='ltr'><strong>rhetorum</strong></span> <span class='ocrx_word' id='word_1_177' title='bbox 1495 667 1607 696; x_wconf 84' lang='lat' dir='ltr'><strong>chorum</strong></span> <span class='ocrx_word' id='word_1_178' title='bbox 1641 668 1795 696; x_wconf 88' lang='lat' dir='ltr'><strong>clientium-</strong></span> 
     </span>
    </p>
   </div>
   <div class='ocr_carea' id='block_1_28' title="bbox 1004 713 1796 749">
    <p class='ocr_par' dir='ltr' id='par_1_28' title="bbox 1004 713 1796 749">
     <span class='ocr_line' id='line_1_28' title="bbox 1004 713 1796 749; baseline 0.004 -10"><span class='ocrx_word' id='word_1_179' title='bbox 1004 720 1058 748; x_wconf 87' lang='lat' dir='ltr'><strong>que</strong></span> <span class='ocrx_word' id='word_1_180' title='bbox 1076 721 1129 741; x_wconf 92' lang='lat' dir='ltr'><strong>non</strong></span> <span class='ocrx_word' id='word_1_181' title='bbox 1155 716 1324 747; x_wconf 73' lang='lat' dir='ltr'><strong>sequentem,</strong></span> <span class='ocrx_word' id='word_1_182' title='bbox 1342 717 1368 740; x_wconf 88' lang='lat' dir='ltr'><strong>te</strong></span> <span class='ocrx_word' id='word_1_183' title='bbox 1380 713 1471 740; x_wconf 87' lang='lat' dir='ltr'><strong>statim</strong></span> <span class='ocrx_word' id='word_1_184' title='bbox 1502 713 1628 749; x_wconf 87' lang='lat' dir='ltr'><strong>sttperbia</strong></span> <span class='ocrx_word' id='word_1_185' title='bbox 1662 721 1724 742; x_wconf 85' lang='lat' dir='ltr'><strong>esse</strong></span> <span class='ocrx_word' id='word_1_186' title='bbox 1751 721 1796 742; x_wconf 86' lang='lat' dir='ltr'><strong>re-</strong></span> 
     </span>
    </p>
   </div>
   <div class='ocr_carea' id='block_1_29' title="bbox 1005 758 1794 794">
    <p class='ocr_par' dir='ltr' id='par_1_29' title="bbox 1005 758 1794 794">
     <span class='ocr_line' id='line_1_29' title="bbox 1005 758 1794 794; baseline 0.004 -9"><span class='ocrx_word' id='word_1_187' title='bbox 1005 759 1142 792; x_wconf 85' lang='lat' dir='ltr'><strong>plendum,</strong></span> <span class='ocrx_word' id='word_1_188' title='bbox 1158 763 1197 791; x_wconf 89' lang='lat' dir='ltr'><strong>et,</strong></span> <span class='ocrx_word' id='word_1_189' title='bbox 1215 758 1236 786; x_wconf 89' lang='lat' dir='ltr'><strong>si</strong></span> <span class='ocrx_word' id='word_1_190' title='bbox 1249 759 1311 793; x_wconf 88' lang='lat' dir='ltr'><strong>quis</strong></span> <span class='ocrx_word' id='word_1_191' title='bbox 1325 759 1358 786; x_wconf 81' lang='lat' dir='ltr'><strong>ad</strong></span> <span class='ocrx_word' id='word_1_192' title='bbox 1373 763 1400 787; x_wconf 85' lang='lat' dir='ltr'><strong>te</strong></span> <span class='ocrx_word' id='word_1_193' title='bbox 1413 758 1486 794; x_wconf 84' lang='lat' dir='ltr'><strong>loqui</strong></span> <span class='ocrx_word' id='word_1_194' title='bbox 1499 759 1624 792; x_wconf 88' lang='lat' dir='ltr'><strong>vquerit,</strong></span> <span class='ocrx_word' id='word_1_195' title='bbox 1640 759 1794 794; x_wconf 80' lang='lat' dir='ltr'><strong>loquentem</strong></span> 
     </span>
    </p>
   </div>
   <div class='ocr_carea' id='block_1_30' title="bbox 1005 802 1793 838">
    <p class='ocr_par' dir='ltr' id='par_1_30' title="bbox 1005 802 1793 838">
     <span class='ocr_line' id='line_1_30' title="bbox 1005 802 1793 838; baseline 0.001 -8"><span class='ocrx_word' id='word_1_196' title='bbox 1005 810 1058 830; x_wconf 91' lang='lat' dir='ltr'><strong>non</strong></span> <span class='ocrx_word' id='word_1_197' title='bbox 1069 809 1130 830; x_wconf 83' lang='lat' dir='ltr'><strong>esse</strong></span> <span class='ocrx_word' id='word_1_198' title='bbox 1140 810 1284 838; x_wconf 75' lang='lat' dir='ltr'><strong>passurum</strong></span> <span class='ocrx_word' id='word_1_199' title='bbox 1300 820 1308 828; x_wconf 87' lang='lat'><em>.</em></span> <span class='ocrx_word' id='word_1_200' title='bbox 1325 802 1421 830; x_wconf 89' lang='lat' dir='ltr'><strong>Sermo</strong></span> <span class='ocrx_word' id='word_1_201' title='bbox 1429 808 1517 830; x_wconf 92' lang='lat' dir='ltr'><strong>autem</strong></span> <span class='ocrx_word' id='word_1_202' title='bbox 1533 810 1610 830; x_wconf 86' lang='lat' dir='ltr'><strong>meus</strong></span> <span class='ocrx_word' id='word_1_203' title='bbox 1620 804 1709 831; x_wconf 83' lang='lat' dir='ltr'><strong>brevis</strong></span> <span class='ocrx_word' id='word_1_204' title='bbox 1721 804 1773 831; x_wconf 90' lang='lat' dir='ltr'><strong>erit</strong></span> <span class='ocrx_word' id='word_1_205' title='bbox 1786 813 1793 831; x_wconf 89' lang='lat'>:</span> 
     </span>
    </p>
   </div>
   <div class='ocr_carea' id='block_1_31' title="bbox 1005 847 1796 882">
    <p class='ocr_par' dir='ltr' id='par_1_31' title="bbox 1005 847 1796 882">
     <span class='ocr_line' id='line_1_31' title="bbox 1005 847 1796 882; baseline 0 -6"><span class='ocrx_word' id='word_1_206' title='bbox 1005 853 1034 876; x_wconf 92' lang='lat' dir='ltr'><strong>et</strong></span> <span class='ocrx_word' id='word_1_207' title='bbox 1052 849 1116 882; x_wconf 88' lang='lat' dir='ltr'><strong>quid</strong></span> <span class='ocrx_word' id='word_1_208' title='bbox 1144 848 1209 875; x_wconf 89' lang='lat' dir='ltr'><strong>tttibi</strong></span> <span class='ocrx_word' id='word_1_209' title='bbox 1237 848 1306 876; x_wconf 90' lang='lat' dir='ltr'><strong>dicis</strong></span> <span class='ocrx_word' id='word_1_210' title='bbox 1333 848 1392 875; x_wconf 88' lang='lat' dir='ltr'><strong>illos</strong></span> <span class='ocrx_word' id='word_1_211' title='bbox 1415 847 1442 875; x_wconf 92' lang='lat' dir='ltr'><strong>in</strong></span> <span class='ocrx_word' id='word_1_212' title='bbox 1462 849 1582 876; x_wconf 88' lang='lat' dir='ltr'><strong>tenebris</strong></span> <span class='ocrx_word' id='word_1_213' title='bbox 1597 849 1796 877; x_wconf 74' lang='lat' dir='ltr'><strong>absconditos?</strong></span> 
     </span>
    </p>
   </div>
   <div class='ocr_carea' id='block_1_32' title="bbox 163 892 950 934">
    <p class='ocr_par' dir='ltr' id='par_1_32' title="bbox 163 895 950 934">
     <span class='ocr_line' id='line_1_32' title="bbox 163 895 950 934; baseline 0.008 -13"><span class='ocrx_word' id='word_1_214' title='bbox 163 895 258 930; x_wconf 73' lang='grc' dir='ltr'>ήμῶνς</span> <span class='ocrx_word' id='word_1_215' title='bbox 272 896 303 922; x_wconf 82' lang='grc' dir='ltr'><strong>Εἰ</strong></span> <span class='ocrx_word' id='word_1_216' title='bbox 316 896 344 923; x_wconf 80' lang='grc' dir='ltr'><strong>δὲ</strong></span> <span class='ocrx_word' id='word_1_217' title='bbox 358 897 446 932; x_wconf 74' lang='grc' dir='ltr'>χαμαὶ</span> <span class='ocrx_word' id='word_1_218' title='bbox 459 898 617 933; x_wconf 72' lang='grc' dir='ltr'>ἐρχομένοις</span> <span class='ocrx_word' id='word_1_219' title='bbox 624 898 793 934; x_wconf 79' lang='grc' dir='ltr'>προσείποις,</span> <span class='ocrx_word' id='word_1_220' title='bbox 804 900 865 926; x_wconf 77' lang='grc' dir='ltr'><strong>οὐδὲ</strong></span> <span class='ocrx_word' id='word_1_221' title='bbox 875 900 950 927; x_wconf 85' lang='grc' dir='ltr'>τοῦτο</span> 
     </span>
    </p>
   </div>
   <div class='ocr_carea' id='block_1_33' title="bbox 1005 892 1792 934">
    <p class='ocr_par' dir='ltr' id='par_1_33' title="bbox 1005 893 1792 927">
     <span class='ocr_line' id='line_1_33' title="bbox 1005 893 1792 927; baseline 0.004 -7"><span class='ocrx_word' id='word_1_222' title='bbox 1005 893 1027 920; x_wconf 89' lang='lat' dir='ltr'><strong>si</strong></span> <span class='ocrx_word' id='word_1_223' title='bbox 1051 897 1140 921; x_wconf 84' lang='lat' dir='ltr'><strong>autem</strong></span> <span class='ocrx_word' id='word_1_224' title='bbox 1158 894 1232 921; x_wconf 87' lang='lat' dir='ltr'><strong>ltumi</strong></span> <span class='ocrx_word' id='word_1_225' title='bbox 1248 894 1417 921; x_wconf 77' lang='lat' dir='ltr'><strong>ambulantes</strong></span> <span class='ocrx_word' id='word_1_226' title='bbox 1435 894 1555 927; x_wconf 82' lang='lat' dir='ltr'><strong>salutes,</strong></span> <span class='ocrx_word' id='word_1_227' title='bbox 1569 895 1594 922; x_wconf 94' lang='lat' dir='ltr'><strong>id</strong></span> <span class='ocrx_word' id='word_1_228' title='bbox 1623 903 1676 922; x_wconf 75' lang='lat' dir='ltr'><strong>non</strong></span> <span class='ocrx_word' id='word_1_229' title='bbox 1695 896 1792 923; x_wconf 86' lang='lat' dir='ltr'><strong>tttirer:</strong></span> 
     </span>
    </p>
   </div>
   <div class='ocr_carea' id='block_1_34' title="bbox 163 942 952 980">
    <p class='ocr_par' dir='ltr' id='par_1_34' title="bbox 163 942 952 980">
     <span class='ocr_line' id='line_1_34' title="bbox 163 942 952 980; baseline 0.006 -12"><span class='ocrx_word' id='word_1_230' title='bbox 163 942 354 977; x_wconf 60' lang='grc' dir='ltr'>θαυμάσαιμ’</span> <span class='ocrx_word' id='word_1_231' title='bbox 375 944 406 969; x_wconf 74' lang='grc' dir='ltr'>τὸ</span> <span class='ocrx_word' id='word_1_232' title='bbox 432 943 500 970; x_wconf 72' lang='grc' dir='ltr'>αὐτὸ</span> <span class='ocrx_word' id='word_1_233' title='bbox 525 944 572 971; x_wconf 66' lang='grc' dir='ltr'>καὶ</span> <span class='ocrx_word' id='word_1_234' title='bbox 598 945 772 980; x_wconf 82' lang='grc' dir='ltr'><strong>προσεδόκων</strong></span> <span class='ocrx_word' id='word_1_235' title='bbox 784 945 831 972; x_wconf 83' lang='grc' dir='ltr'>καὶ</span> <span class='ocrx_word' id='word_1_236' title='bbox 855 946 952 980; x_wconf 78' lang='grc' dir='ltr'>γέγονε</span> 
     </span>
    </p>
   </div>
   <div class='ocr_carea' id='block_1_35' title="bbox 161 987 953 1026">
    <p class='ocr_par' dir='ltr' id='par_1_35' title="bbox 161 987 953 1026">
     <span class='ocr_line' id='line_1_35' title="bbox 161 987 953 1026; baseline 0.008 -13"><span class='ocrx_word' id='word_1_237' title='bbox 161 987 241 1014; x_wconf 83' lang='grc' dir='ltr'>τοῦτο</span> <span class='ocrx_word' id='word_1_238' title='bbox 259 987 313 1014; x_wconf 84' lang='grc' dir='ltr'>τῶν</span> <span class='ocrx_word' id='word_1_239' title='bbox 322 988 382 1014; x_wconf 87' lang='grc' dir='ltr'>καθ’</span> <span class='ocrx_word' id='word_1_240' title='bbox 394 989 465 1024; x_wconf 81' lang='grc' dir='ltr'>ὑμᾶς</span> <span class='ocrx_word' id='word_1_241' title='bbox 482 989 605 1025; x_wconf 77' lang='grc' dir='ltr'>ρητόρων</span> <span class='ocrx_word' id='word_1_242' title='bbox 630 990 661 1016; x_wconf 84' lang='grc' dir='ltr'>τὸ</span> <span class='ocrx_word' id='word_1_243' title='bbox 677 991 823 1026; x_wconf 78' lang='grc' dir='ltr'>φρόνημαο</span> <span class='ocrx_word' id='word_1_244' title='bbox 838 991 874 1025; x_wconf 85' lang='grc' dir='ltr'><strong>οἳ,</strong></span> <span class='ocrx_word' id='word_1_245' title='bbox 890 993 953 1025; x_wconf 84' lang='grc' dir='ltr'>τοὺς</span> 
     </span>
    </p>
   </div>
   <div class='ocr_carea' id='block_1_36' title="bbox 161 1033 952 1070">
    <p class='ocr_par' dir='ltr' id='par_1_36' title="bbox 161 1033 952 1070">
     <span class='ocr_line' id='line_1_36' title="bbox 161 1033 952 1070; baseline 0.006 -10"><span class='ocrx_word' id='word_1_246' title='bbox 161 1033 257 1065; x_wconf 81' lang='grc' dir='ltr'>ἄλλους</span> <span class='ocrx_word' id='word_1_247' title='bbox 277 1033 440 1070; x_wconf 72' lang='grc' dir='ltr'>πρόσφυγας</span> <span class='ocrx_word' id='word_1_248' title='bbox 450 1034 565 1062; x_wconf 85' lang='grc' dir='ltr'>καλοῦσι</span> <span class='ocrx_word' id='word_1_249' title='bbox 581 1036 627 1063; x_wconf 82' lang='grc' dir='ltr'>καὶ</span> <span class='ocrx_word' id='word_1_250' title='bbox 638 1036 673 1063; x_wconf 82' lang='grc' dir='ltr'>τὰ</span> <span class='ocrx_word' id='word_1_251' title='bbox 685 1037 745 1064; x_wconf 80' lang='grc' dir='ltr'>καθ’</span> <span class='ocrx_word' id='word_1_252' title='bbox 759 1038 873 1069; x_wconf 77' lang='grc' dir='ltr'>ἑαυτοὺς</span> <span class='ocrx_word' id='word_1_253' title='bbox 884 1037 952 1065; x_wconf 75' lang='grc' dir='ltr'>ἀπο-</span> 
     </span>
    </p>
   </div>
   <div class='ocr_carea' id='block_1_37' title="bbox 163 1081 952 1118">
    <p class='ocr_par' dir='ltr' id='par_1_37' title="bbox 163 1081 952 1118">
     <span class='ocr_line' id='line_1_37' title="bbox 163 1081 952 1118; baseline 0.008 -13"><span class='ocrx_word' id='word_1_254' title='bbox 163 1081 363 1115; x_wconf 77' lang='grc' dir='ltr'>μιμνήσκοντες</span> <span class='ocrx_word' id='word_1_255' title='bbox 391 1081 561 1116; x_wconf 77' lang='grc' dir='ltr'>πράγματα’</span> <span class='ocrx_word' id='word_1_256' title='bbox 592 1083 640 1109; x_wconf 81' lang='grc' dir='ltr'>καὶ</span> <span class='ocrx_word' id='word_1_257' title='bbox 667 1082 715 1110; x_wconf 79' lang='grc' dir='ltr'>νῦν</span> <span class='ocrx_word' id='word_1_258' title='bbox 740 1084 830 1115; x_wconf 77' lang='grc' dir='ltr'>δοκεῖς</span> <span class='ocrx_word' id='word_1_259' title='bbox 859 1084 952 1118; x_wconf 84' lang='grc' dir='ltr'>φίλους</span> 
     </span>
    </p>
   </div>
   <div class='ocr_carea' id='block_1_38' title="bbox 160 1127 952 1167">
    <p class='ocr_par' dir='ltr' id='par_1_38' title="bbox 160 1127 952 1167">
     <span class='ocr_line' id='line_1_38' title="bbox 160 1127 952 1167; baseline 0.006 -15"><span class='ocrx_word' id='word_1_260' title='bbox 160 1127 235 1160; x_wconf 80' lang='grc' dir='ltr'>ἡμᾶς</span> <span class='ocrx_word' id='word_1_261' title='bbox 249 1127 385 1162; x_wconf 70' lang='grc' dir='ltr'>εἰρῆσθαι,</span> <span class='ocrx_word' id='word_1_262' title='bbox 400 1128 430 1154; x_wconf 83' lang='grc' dir='ltr'>τὸ</span> <span class='ocrx_word' id='word_1_263' title='bbox 446 1129 580 1164; x_wconf 69' lang='grc' dir='ltr'>πρότερον</span> <span class='ocrx_word' id='word_1_264' title='bbox 595 1129 645 1156; x_wconf 76' lang='grc' dir='ltr'>οὐκ</span> <span class='ocrx_word' id='word_1_265' title='bbox 657 1130 720 1163; x_wconf 79' lang='grc' dir='ltr'>ἄξια</span> <span class='ocrx_word' id='word_1_266' title='bbox 731 1130 838 1166; x_wconf 82' lang='grc' dir='ltr'>κρίνας,</span> <span class='ocrx_word' id='word_1_267' title='bbox 855 1130 952 1167; x_wconf 81' lang='grc' dir='ltr'>ὥσπερ</span> 
     </span>
    </p>
   </div>
   <div class='ocr_carea' id='block_1_39' title="bbox 160 1172 953 1213">
    <p class='ocr_par' dir='ltr' id='par_1_39' title="bbox 160 1172 953 1213">
     <span class='ocr_line' id='line_1_39' title="bbox 160 1172 953 1213; baseline 0.008 -15"><span class='ocrx_word' id='word_1_268' title='bbox 160 1172 244 1204; x_wconf 79' lang='grc' dir='ltr'>εἰκὸς,</span> <span class='ocrx_word' id='word_1_269' title='bbox 261 1173 320 1199; x_wconf 77' lang='grc' dir='ltr'>ἀλλ’</span> <span class='ocrx_word' id='word_1_270' title='bbox 338 1173 379 1200; x_wconf 84' lang='grc' dir='ltr'>ὅτι</span> <span class='ocrx_word' id='word_1_271' title='bbox 401 1174 564 1209; x_wconf 73' lang='grc' dir='ltr'>κρειττόνων</span> <span class='ocrx_word' id='word_1_272' title='bbox 595 1175 709 1211; x_wconf 65' lang='grc' dir='ltr'>ἀπορίᾳ,</span> <span class='ocrx_word' id='word_1_273' title='bbox 736 1177 792 1208; x_wconf 79' lang='grc' dir='ltr'>τοῖς</span> <span class='ocrx_word' id='word_1_274' title='bbox 818 1177 953 1213; x_wconf 80' lang='grc' dir='ltr'>παροῦσιν</span> 
     </span>
    </p>
   </div>
   <div class='ocr_carea' id='block_1_40' title="bbox 161 1218 953 1258">
    <p class='ocr_par' dir='ltr' id='par_1_40' title="bbox 161 1218 953 1258">
     <span class='ocr_line' id='line_1_40' title="bbox 161 1218 953 1258; baseline 0.008 -14"><span class='ocrx_word' id='word_1_275' title='bbox 161 1218 270 1254; x_wconf 74' lang='grc' dir='ltr'>ἐχρήσω</span> <span class='ocrx_word' id='word_1_276' title='bbox 285 1227 292 1233; x_wconf 72' lang='grc'><strong><em>⁸</em></strong></span> <span class='ocrx_word' id='word_1_277' title='bbox 308 1219 356 1246; x_wconf 75' lang='grc' dir='ltr'>καὶ</span> <span class='ocrx_word' id='word_1_278' title='bbox 381 1220 531 1255; x_wconf 78' lang='grc' dir='ltr'>μεταμέλει</span> <span class='ocrx_word' id='word_1_279' title='bbox 557 1229 598 1248; x_wconf 88' lang='grc' dir='ltr'><strong>σοι</strong></span> <span class='ocrx_word' id='word_1_280' title='bbox 623 1222 724 1253; x_wconf 73' lang='grc' dir='ltr'>παντὸς</span> <span class='ocrx_word' id='word_1_281' title='bbox 740 1222 788 1248; x_wconf 81' lang='grc' dir='ltr'>τοῦ</span> <span class='ocrx_word' id='word_1_282' title='bbox 803 1223 911 1258; x_wconf 83' lang='grc' dir='ltr'>χρόνου,</span> <span class='ocrx_word' id='word_1_283' title='bbox 923 1223 953 1250; x_wconf 78' lang='grc' dir='ltr'>ὃν</span> 
     </span>
    </p>
   </div>
   <div class='ocr_carea' id='block_1_41' title="bbox 161 1264 953 1304">
    <p class='ocr_par' dir='ltr' id='par_1_41' title="bbox 161 1264 953 1304">
     <span class='ocr_line' id='line_1_41' title="bbox 161 1264 953 1304; baseline 0.008 -14"><span class='ocrx_word' id='word_1_284' title='bbox 161 1264 227 1300; x_wconf 79' lang='grc' dir='ltr'>παρ’</span> <span class='ocrx_word' id='word_1_285' title='bbox 246 1265 312 1300; x_wconf 80' lang='grc' dir='ltr'>ἡμῖν</span> <span class='ocrx_word' id='word_1_286' title='bbox 327 1265 444 1298; x_wconf 72' lang='grc' dir='ltr'>ἀναξίως</span> <span class='ocrx_word' id='word_1_287' title='bbox 456 1266 591 1301; x_wconf 75' lang='grc' dir='ltr'>διέτριϐες</span> <span class='ocrx_word' id='word_1_288' title='bbox 603 1273 610 1281; x_wconf 75' lang='grc'><strong><em>⁸</em></strong></span> <span class='ocrx_word' id='word_1_289' title='bbox 627 1268 675 1294; x_wconf 77' lang='grc' dir='ltr'>καὶ</span> <span class='ocrx_word' id='word_1_290' title='bbox 696 1267 744 1294; x_wconf 81' lang='grc' dir='ltr'>νῦν</span> <span class='ocrx_word' id='word_1_291' title='bbox 762 1268 870 1295; x_wconf 75' lang='grc' dir='ltr'>δέδοικα</span> <span class='ocrx_word' id='word_1_292' title='bbox 885 1270 953 1304; x_wconf 81' lang='grc' dir='ltr'><strong>γρά-</strong></span> 
     </span>
    </p>
   </div>
   <div class='ocr_carea' id='block_1_42' title="bbox 161 1310 951 1351">
    <p class='ocr_par' dir='ltr' id='par_1_42' title="bbox 161 1310 951 1351">
     <span class='ocr_line' id='line_1_42' title="bbox 161 1310 951 1351; baseline 0.009 -16"><span class='ocrx_word' id='word_1_293' title='bbox 161 1318 218 1344; x_wconf 87' lang='grc' dir='ltr'><strong>φων</strong></span> <span class='ocrx_word' id='word_1_294' title='bbox 237 1310 274 1345; x_wconf 84' lang='grc' dir='ltr'>μὴ</span> <span class='ocrx_word' id='word_1_295' title='bbox 290 1310 358 1345; x_wconf 79' lang='grc' dir='ltr'>πρὸς</span> <span class='ocrx_word' id='word_1_296' title='bbox 369 1311 419 1347; x_wconf 88' lang='grc' dir='ltr'>τὴν</span> <span class='ocrx_word' id='word_1_297' title='bbox 432 1313 498 1347; x_wconf 77' lang='grc' dir='ltr'>παρ’</span> <span class='ocrx_word' id='word_1_298' title='bbox 514 1312 593 1347; x_wconf 83' lang='grc' dir='ltr'>ἡμῶν</span> <span class='ocrx_word' id='word_1_299' title='bbox 610 1312 780 1350; x_wconf 82' lang='grc' dir='ltr'>δυσχερὰνῃς</span> <span class='ocrx_word' id='word_1_300' title='bbox 794 1314 951 1351; x_wconf 74' lang='grc' dir='ltr'>ἐπιστολήν·</span> 
     </span>
    </p>
   </div>
   <div class='ocr_carea' id='block_1_43' title="bbox 160 1355 952 1397">
    <p class='ocr_par' dir='ltr' id='par_1_43' title="bbox 160 1355 952 1397">
     <span class='ocr_line' id='line_1_43' title="bbox 160 1355 952 1397; baseline 0.009 -16"><span class='ocrx_word' id='word_1_301' title='bbox 160 1355 216 1389; x_wconf 76' lang='grc' dir='ltr'><strong>ἐγὼ</strong></span> <span class='ocrx_word' id='word_1_302' title='bbox 239 1356 267 1382; x_wconf 79' lang='grc' dir='ltr'><strong>δέ</strong></span> <span class='ocrx_word' id='word_1_303' title='bbox 287 1365 317 1383; x_wconf 87' lang='grc' dir='ltr'><strong>σε</strong></span> <span class='ocrx_word' id='word_1_304' title='bbox 332 1356 424 1388; x_wconf 85' lang='grc' dir='ltr'>καλῶς</span> <span class='ocrx_word' id='word_1_305' title='bbox 446 1358 578 1394; x_wconf 69' lang='grc' dir='ltr'>πράττειν</span> <span class='ocrx_word' id='word_1_306' title='bbox 609 1359 743 1395; x_wconf 82' lang='grc' dir='ltr'><strong>εὐξαίμην</strong></span> <span class='ocrx_word' id='word_1_307' title='bbox 755 1368 762 1374; x_wconf 93' lang='grc'><strong>·</strong></span> <span class='ocrx_word' id='word_1_308' title='bbox 778 1359 829 1387; x_wconf 81' lang='grc' dir='ltr'>κᾶν</span> <span class='ocrx_word' id='word_1_309' title='bbox 837 1360 885 1397; x_wconf 82' lang='grc' dir='ltr'><strong>δέῃ</strong></span> <span class='ocrx_word' id='word_1_310' title='bbox 899 1361 952 1389; x_wconf 81' lang='grc' dir='ltr'><strong>πά-</strong></span> 
     </span>
    </p>
   </div>
   <div class='ocr_carea' id='block_1_44' title="bbox 159 1402 952 1442">
    <p class='ocr_par' dir='ltr' id='par_1_44' title="bbox 159 1402 952 1442">
     <span class='ocr_line' id='line_1_44' title="bbox 159 1402 952 1442; baseline 0.008 -14"><span class='ocrx_word' id='word_1_311' title='bbox 159 1402 202 1428; x_wconf 89' lang='grc' dir='ltr'><strong>λιν</strong></span> <span class='ocrx_word' id='word_1_312' title='bbox 217 1403 458 1439; x_wconf 81' lang='grc' dir='ltr'>καταφρονεῖσθαι,</span> <span class='ocrx_word' id='word_1_313' title='bbox 468 1404 591 1440; x_wconf 73' lang='grc' dir='ltr'>λυπηρὸν</span> <span class='ocrx_word' id='word_1_314' title='bbox 603 1405 664 1441; x_wconf 85' lang='grc' dir='ltr'>μὲν,</span> <span class='ocrx_word' id='word_1_315' title='bbox 673 1406 782 1441; x_wconf 78' lang='grc' dir='ltr'>οίσομεν</span> <span class='ocrx_word' id='word_1_316' title='bbox 789 1406 811 1432; x_wconf 81' lang='grc' dir='ltr'><strong>δ’</strong></span> <span class='ocrx_word' id='word_1_317' title='bbox 821 1404 868 1433; x_wconf 77' lang='grc' dir='ltr'>οὖν</span> <span class='ocrx_word' id='word_1_318' title='bbox 877 1407 952 1442; x_wconf 82' lang='grc' dir='ltr'>ὅμως</span> 
     </span>
    </p>
   </div>
   <div class='ocr_carea' id='block_1_45' title="bbox 160 1449 607 1487">
    <p class='ocr_par' dir='ltr' id='par_1_45' title="bbox 160 1449 607 1487">
     <span class='ocr_line' id='line_1_45' title="bbox 160 1449 607 1487; baseline 0.007 -12"><span class='ocrx_word' id='word_1_319' title='bbox 160 1450 194 1484; x_wconf 82' lang='grc' dir='ltr'>τῇ</span> <span class='ocrx_word' id='word_1_320' title='bbox 211 1450 244 1485; x_wconf 82' lang='grc' dir='ltr'>σῇ</span> <span class='ocrx_word' id='word_1_321' title='bbox 262 1449 331 1485; x_wconf 79' lang='grc' dir='ltr'>τύχῃ</span> <span class='ocrx_word' id='word_1_322' title='bbox 348 1450 607 1487; x_wconf 81' lang='grc' dir='ltr'>παραμυθούμενοι.</span> 
     </span>
    </p>
   </div>
   <div class='ocr_carea' id='block_1_46' title="bbox 320 1497 791 1535">
    <p class='ocr_par' dir='ltr' id='par_1_46' title="bbox 320 1497 791 1535">
     <span class='ocr_line' id='line_1_46' title="bbox 320 1497 791 1535; baseline 0.008 -13"><span class='ocrx_word' id='word_1_323' title='bbox 320 1497 370 1524; x_wconf 70' lang='grc' dir='ltr'>ιΓι.</span> <span class='ocrx_word' id='word_1_324' title='bbox 390 1497 543 1533; x_wconf 81' lang='grc' dir='ltr'><strong>ΖΑΧΔΡΙᾼ</strong></span> <span class='ocrx_word' id='word_1_325' title='bbox 562 1498 623 1524; x_wconf 80' lang='grc' dir='ltr'><strong>ΚΑΙ</strong></span> <span class='ocrx_word' id='word_1_326' title='bbox 638 1497 791 1535; x_wconf 84' lang='grc' dir='ltr'><strong>ΦΙΛιῐΙΠῼ.</strong></span> 
     </span>
    </p>
   </div>
   <div class='ocr_carea' id='block_1_47' title="bbox 195 1542 951 1582">
    <p class='ocr_par' dir='ltr' id='par_1_47' title="bbox 195 1542 951 1582">
     <span class='ocr_line' id='line_1_47' title="bbox 195 1542 951 1582; baseline 0.007 -14"><span class='ocrx_word' id='word_1_327' title='bbox 195 1542 252 1577; x_wconf 85' lang='grc' dir='ltr'><strong>Τῆς</strong></span> <span class='ocrx_word' id='word_1_328' title='bbox 268 1542 317 1578; x_wconf 77' lang='grc' dir='ltr'>μὲν</span> <span class='ocrx_word' id='word_1_329' title='bbox 328 1543 518 1578; x_wconf 77' lang='grc' dir='ltr'>προλαϐούσης</span> <span class='ocrx_word' id='word_1_330' title='bbox 536 1545 642 1580; x_wconf 83' lang='grc' dir='ltr'>σιωπῆς</span> <span class='ocrx_word' id='word_1_331' title='bbox 654 1545 703 1581; x_wconf 85' lang='grc' dir='ltr'>τὴν</span> <span class='ocrx_word' id='word_1_332' title='bbox 715 1546 805 1572; x_wconf 79' lang='grc' dir='ltr'>αἰτίαν</span> <span class='ocrx_word' id='word_1_333' title='bbox 818 1546 833 1573; x_wconf 82' lang='grc' dir='ltr'><strong>ὁ</strong></span> <span class='ocrx_word' id='word_1_334' title='bbox 848 1545 951 1582; x_wconf 88' lang='grc' dir='ltr'>χειμὼν</span> 
     </span>
    </p>
   </div>
   <div class='ocr_carea' id='block_1_48' title="bbox 160 1588 953 1626">
    <p class='ocr_par' dir='ltr' id='par_1_48' title="bbox 160 1588 953 1626">
     <span class='ocr_line' id='line_1_48' title="bbox 160 1588 953 1626; baseline 0.005 -11"><span class='ocrx_word' id='word_1_335' title='bbox 160 1588 340 1623; x_wconf 80' lang='grc' dir='ltr'>ἀποφερέσθω</span> <span class='ocrx_word' id='word_1_336' title='bbox 352 1588 386 1616; x_wconf 81' lang='grc' dir='ltr'><strong>τὰ</strong></span> <span class='ocrx_word' id='word_1_337' title='bbox 399 1589 513 1616; x_wconf 76' lang='grc' dir='ltr'>εἰωθότα</span> <span class='ocrx_word' id='word_1_338' title='bbox 533 1590 642 1617; x_wconf 86' lang='grc' dir='ltr'>λυπῶν·</span> <span class='ocrx_word' id='word_1_339' title='bbox 673 1592 722 1626; x_wconf 86' lang='grc' dir='ltr'>τῆς</span> <span class='ocrx_word' id='word_1_340' title='bbox 737 1591 759 1619; x_wconf 85' lang='grc' dir='ltr'><strong>δ’</strong></span> <span class='ocrx_word' id='word_1_341' title='bbox 773 1592 911 1626; x_wconf 79' lang='grc' dir='ltr'>ἐντεῦθεν,</span> <span class='ocrx_word' id='word_1_342' title='bbox 926 1592 953 1619; x_wconf 78' lang='grc' dir='ltr'>εἴ</span> 
     </span>
    </p>
   </div>
   <div class='ocr_carea' id='block_1_49' title="bbox 160 1634 951 1673">
    <p class='ocr_par' dir='ltr' id='par_1_49' title="bbox 160 1634 951 1673">
     <span class='ocr_line' id='line_1_49' title="bbox 160 1634 951 1673; baseline 0.006 -13"><span class='ocrx_word' id='word_1_343' title='bbox 160 1643 201 1666; x_wconf 79' lang='grc' dir='ltr'><strong>τις</strong></span> <span class='ocrx_word' id='word_1_344' title='bbox 214 1635 267 1670; x_wconf 80' lang='grc' dir='ltr'>ἄρα</span> <span class='ocrx_word' id='word_1_345' title='bbox 282 1636 330 1662; x_wconf 71' lang='grc' dir='ltr'>καὶ</span> <span class='ocrx_word' id='word_1_346' title='bbox 341 1634 459 1669; x_wconf 76' lang='grc' dir='ltr'>γένοιτο,</span> <span class='ocrx_word' id='word_1_347' title='bbox 475 1635 554 1670; x_wconf 80' lang='grc' dir='ltr'>ὑμεῖς</span> <span class='ocrx_word' id='word_1_348' title='bbox 569 1636 602 1663; x_wconf 84' lang='grc' dir='ltr'>ἂν</span> <span class='ocrx_word' id='word_1_349' title='bbox 621 1637 735 1669; x_wconf 80' lang='grc' dir='ltr'>εἰκότως</span> <span class='ocrx_word' id='word_1_350' title='bbox 759 1638 887 1673; x_wconf 81' lang='grc' dir='ltr'>ὑπέχοιτε</span> <span class='ocrx_word' id='word_1_351' title='bbox 901 1638 951 1671; x_wconf 83' lang='grc' dir='ltr'><strong>τὰς</strong></span> 
     </span>
    </p>
   </div>
   <div class='ocr_carea' id='block_1_50' title="bbox 160 1680 951 1718">
    <p class='ocr_par' dir='ltr' id='par_1_50' title="bbox 160 1680 951 1718">
     <span class='ocr_line' id='line_1_50' title="bbox 160 1680 951 1718; baseline 0.006 -12"><span class='ocrx_word' id='word_1_352' title='bbox 160 1680 295 1712; x_wconf 82' lang='grc' dir='ltr'>εὐθύνας·</span> <span class='ocrx_word' id='word_1_353' title='bbox 324 1680 414 1707; x_wconf 83' lang='grc' dir='ltr'>καίτοι</span> <span class='ocrx_word' id='word_1_354' title='bbox 440 1689 472 1714; x_wconf 87' lang='grc' dir='ltr'>γε</span> <span class='ocrx_word' id='word_1_355' title='bbox 487 1681 579 1716; x_wconf 81' lang='grc' dir='ltr'>ἡλίκον</span> <span class='ocrx_word' id='word_1_356' title='bbox 600 1682 657 1713; x_wconf 86' lang='grc' dir='ltr'>τοῖς</span> <span class='ocrx_word' id='word_1_357' title='bbox 679 1682 813 1710; x_wconf 79' lang='grc' dir='ltr'>παθοῦσιν</span> <span class='ocrx_word' id='word_1_358' title='bbox 833 1684 951 1718; x_wconf 84' lang='grc' dir='ltr'>πρᾶγμα</span> 
     </span>
    </p>
   </div>
   <div class='ocr_carea' id='block_1_51' title="bbox 160 1725 950 1765">
    <p class='ocr_par' dir='ltr' id='par_1_51' title="bbox 160 1725 950 1765">
     <span class='ocr_line' id='line_1_51' title="bbox 160 1725 950 1765; baseline 0.005 -14"><span class='ocrx_word' id='word_1_359' title='bbox 160 1725 214 1752; x_wconf 85' lang='grc' dir='ltr'>τῶν</span> <span class='ocrx_word' id='word_1_360' title='bbox 227 1725 330 1752; x_wconf 84' lang='grc' dir='ltr'>παίδων</span> <span class='ocrx_word' id='word_1_361' title='bbox 346 1725 445 1760; x_wconf 83' lang='grc' dir='ltr'><strong>ἡσιγὴ,</strong></span> <span class='ocrx_word' id='word_1_362' title='bbox 460 1725 519 1757; x_wconf 84' lang='grc' dir='ltr'>πῶς</span> <span class='ocrx_word' id='word_1_363' title='bbox 533 1726 566 1753; x_wconf 83' lang='grc' dir='ltr'>ἄν</span> <span class='ocrx_word' id='word_1_364' title='bbox 594 1734 636 1758; x_wconf 87' lang='grc' dir='ltr'><strong>τις</strong></span> <span class='ocrx_word' id='word_1_365' title='bbox 656 1728 835 1763; x_wconf 74' lang='grc' dir='ltr'>παραστῆσαι</span> <span class='ocrx_word' id='word_1_366' title='bbox 845 1729 901 1760; x_wconf 84' lang='grc' dir='ltr'>τοῖς</span> <span class='ocrx_word' id='word_1_367' title='bbox 912 1729 950 1765; x_wconf 84' lang='grc' dir='ltr'>μὴ</span> 
     </span>
    </p>
   </div>
   <div class='ocr_carea' id='block_1_52' title="bbox 160 1771 950 1809">
    <p class='ocr_par' dir='ltr' id='par_1_52' title="bbox 160 1771 950 1809">
     <span class='ocr_line' id='line_1_52' title="bbox 160 1771 950 1809; baseline 0.005 -12"><span class='ocrx_word' id='word_1_368' title='bbox 160 1771 229 1806; x_wconf 79' lang='grc' dir='ltr'>πρὸς</span> <span class='ocrx_word' id='word_1_369' title='bbox 258 1771 357 1807; x_wconf 86' lang='grc' dir='ltr'>πεῖραν</span> <span class='ocrx_word' id='word_1_370' title='bbox 379 1771 503 1798; x_wconf 82' lang='grc' dir='ltr'>ἐλθοῦσιν</span> <span class='ocrx_word' id='word_1_371' title='bbox 528 1771 576 1798; x_wconf 80' lang='grc' dir='ltr'><strong>τοῦ</strong></span> <span class='ocrx_word' id='word_1_372' title='bbox 601 1772 780 1808; x_wconf 81' lang='grc' dir='ltr'>πράγματος;</span> <span class='ocrx_word' id='word_1_373' title='bbox 804 1774 900 1809; x_wconf 88' lang='grc' dir='ltr'>Ὑμεῖς</span> <span class='ocrx_word' id='word_1_374' title='bbox 926 1775 950 1802; x_wconf 82' lang='grc' dir='ltr'><strong>δ’</strong></span> 
     </span>
    </p>
   </div>
   <div class='ocr_carea' id='block_1_53' title="bbox 161 1817 950 1857">
    <p class='ocr_par' dir='ltr' id='par_1_53' title="bbox 161 1817 950 1857">
     <span class='ocr_line' id='line_1_53' title="bbox 161 1817 950 1857; baseline 0.006 -13"><span class='ocrx_word' id='word_1_375' title='bbox 161 1817 194 1844; x_wconf 79' lang='grc' dir='ltr'>ἂν</span> <span class='ocrx_word' id='word_1_376' title='bbox 204 1817 319 1852; x_wconf 81' lang='grc' dir='ltr'>εἰδείητε</span> <span class='ocrx_word' id='word_1_377' title='bbox 345 1817 456 1850; x_wconf 78' lang='grc' dir='ltr'>πάντως</span> <span class='ocrx_word' id='word_1_378' title='bbox 476 1827 534 1850; x_wconf 86' lang='grc' dir='ltr'><strong>πως</strong></span> <span class='ocrx_word' id='word_1_379' title='bbox 560 1819 632 1852; x_wconf 81' lang='grc' dir='ltr'>φίλοι</span> <span class='ocrx_word' id='word_1_380' title='bbox 662 1819 832 1852; x_wconf 80' lang='grc' dir='ltr'>διατεθέντες</span> <span class='ocrx_word' id='word_1_381' title='bbox 853 1823 950 1857; x_wconf 80' lang='grc' dir='ltr'>ἐρωτι-</span> 
     </span>
    </p>
   </div>
   <div class='ocr_carea' id='block_1_54' title="bbox 159 1863 950 1900">
    <p class='ocr_par' dir='ltr' id='par_1_54' title="bbox 159 1863 950 1900">
     <span class='ocr_line' id='line_1_54' title="bbox 159 1863 950 1900; baseline 0.006 -11"><span class='ocrx_word' id='word_1_382' title='bbox 159 1863 215 1894; x_wconf 82' lang='grc' dir='ltr'>κῶς</span> <span class='ocrx_word' id='word_1_383' title='bbox 229 1871 236 1879; x_wconf 66' lang='grc' dir='ltr'>δ</span> <span class='ocrx_word' id='word_1_384' title='bbox 252 1864 283 1889; x_wconf 75' lang='grc' dir='ltr'>οὺ</span> <span class='ocrx_word' id='word_1_385' title='bbox 295 1863 350 1899; x_wconf 80' lang='grc' dir='ltr'>γὰρ</span> <span class='ocrx_word' id='word_1_386' title='bbox 359 1863 391 1891; x_wconf 76' lang='grc' dir='ltr'>ἂν</span> <span class='ocrx_word' id='word_1_387' title='bbox 402 1863 530 1891; x_wconf 80' lang='grc' dir='ltr'>τοσοῦτον</span> <span class='ocrx_word' id='word_1_388' title='bbox 553 1865 733 1900; x_wconf 77' lang='grc' dir='ltr'>φρονήσαιμι,</span> <span class='ocrx_word' id='word_1_389' title='bbox 755 1866 793 1897; x_wconf 83' lang='grc' dir='ltr'>ὡς</span> <span class='ocrx_word' id='word_1_390' title='bbox 808 1866 854 1893; x_wconf 74' lang='grc' dir='ltr'>καὶ</span> <span class='ocrx_word' id='word_1_391' title='bbox 869 1867 950 1900; x_wconf 77' lang='grc' dir='ltr'>αὐτὸς</span> 
     </span>
    </p>
   </div>
   <div class='ocr_carea' id='block_1_55' title="bbox 159 1909 950 1947">
    <p class='ocr_par' dir='ltr' id='par_1_55' title="bbox 159 1909 950 1947">
     <span class='ocr_line' id='line_1_55' title="bbox 159 1909 950 1947; baseline 0.005 -12"><span class='ocrx_word' id='word_1_392' title='bbox 159 1909 262 1936; x_wconf 72' lang='grc' dir='ltr'>οἴεσθαι</span> <span class='ocrx_word' id='word_1_393' title='bbox 278 1910 343 1945; x_wconf 83' lang='grc' dir='ltr'>παρ’</span> <span class='ocrx_word' id='word_1_394' title='bbox 359 1909 436 1944; x_wconf 84' lang='grc' dir='ltr'>ὑμῶν</span> <span class='ocrx_word' id='word_1_395' title='bbox 453 1909 635 1944; x_wconf 78' lang='grc' dir='ltr'>ἀντερᾶσθαι·</span> <span class='ocrx_word' id='word_1_396' title='bbox 656 1910 746 1937; x_wconf 87' lang='grc' dir='ltr'>καίτοι</span> <span class='ocrx_word' id='word_1_397' title='bbox 760 1911 892 1947; x_wconf 78' lang='grc' dir='ltr'>εὐξαίμην</span> <span class='ocrx_word' id='word_1_398' title='bbox 903 1912 950 1939; x_wconf 78' lang='grc' dir='ltr'>οὖν</span> 
     </span>
    </p>
   </div>
   <div class='ocr_carea' id='block_1_56' title="bbox 161 1954 950 1994">
    <p class='ocr_par' dir='ltr' id='par_1_56' title="bbox 161 1954 950 1994">
     <span class='ocr_line' id='line_1_56' title="bbox 161 1954 950 1994; baseline 0.006 -14"><span class='ocrx_word' id='word_1_399' title='bbox 161 1963 206 1990; x_wconf 81' lang='grc' dir='ltr'><strong>μοι</strong></span> <span class='ocrx_word' id='word_1_400' title='bbox 223 1954 304 1981; x_wconf 79' lang='grc' dir='ltr'>τοῦτο</span> <span class='ocrx_word' id='word_1_401' title='bbox 318 1955 447 1990; x_wconf 83' lang='grc' dir='ltr'>γενέσθαι</span> <span class='ocrx_word' id='word_1_402' title='bbox 458 1955 580 1991; x_wconf 82' lang='grc' dir='ltr'>μᾶλλονῆ</span> <span class='ocrx_word' id='word_1_403' title='bbox 595 1956 685 1992; x_wconf 84' lang='grc' dir='ltr'>πολλῷ</span> <span class='ocrx_word' id='word_1_404' title='bbox 701 1957 789 1992; x_wconf 84' lang='grc' dir='ltr'>κομᾷν</span> <span class='ocrx_word' id='word_1_405' title='bbox 804 1958 843 1992; x_wconf 85' lang='grc' dir='ltr'>τῷ</span> <span class='ocrx_word' id='word_1_406' title='bbox 856 1959 950 1994; x_wconf 83' lang='grc' dir='ltr'>χρυσῷ</span> 
     </span>
    </p>
   </div>
   <div class='ocr_carea' id='block_1_57' title="bbox 160 2001 949 2041">
    <p class='ocr_par' dir='ltr' id='par_1_57' title="bbox 160 2001 949 2041">
     <span class='ocr_line' id='line_1_57' title="bbox 160 2001 949 2041; baseline 0.005 -14"><span class='ocrx_word' id='word_1_407' title='bbox 160 2001 206 2028; x_wconf 75' lang='grc' dir='ltr'>καὶ</span> <span class='ocrx_word' id='word_1_408' title='bbox 220 2001 378 2036; x_wconf 80' lang='grc' dir='ltr'>ἡστινοσοῦν</span> <span class='ocrx_word' id='word_1_409' title='bbox 390 2001 475 2037; x_wconf 75' lang='grc' dir='ltr'>τύχης</span> <span class='ocrx_word' id='word_1_410' title='bbox 504 2002 544 2034; x_wconf 74' lang='grc' dir='ltr'><strong>είς</strong></span> <span class='ocrx_word' id='word_1_411' title='bbox 568 2002 653 2037; x_wconf 85' lang='grc' dir='ltr'>ἄκρον</span> <span class='ocrx_word' id='word_1_412' title='bbox 672 2002 804 2038; x_wconf 76' lang='grc' dir='ltr'>ἀφίχθαι·</span> <span class='ocrx_word' id='word_1_413' title='bbox 816 2003 878 2030; x_wconf 79' lang='grc' dir='ltr'>οὒτε</span> <span class='ocrx_word' id='word_1_414' title='bbox 895 2005 949 2041; x_wconf 88' lang='grc' dir='ltr'><strong>γὰρ</strong></span> 
     </span>
    </p>
   </div>
   <div class='ocr_carea' id='block_1_58' title="bbox 158 2047 949 2086">
    <p class='ocr_par' dir='ltr' id='par_1_58' title="bbox 158 2047 949 2086">
     <span class='ocr_line' id='line_1_58' title="bbox 158 2047 949 2086; baseline 0.004 -12"><span class='ocrx_word' id='word_1_415' title='bbox 158 2047 191 2074; x_wconf 74' lang='grc' dir='ltr'>ἂν</span> <span class='ocrx_word' id='word_1_416' title='bbox 205 2048 319 2079; x_wconf 74' lang='grc' dir='ltr'>ἕκαστος</span> <span class='ocrx_word' id='word_1_417' title='bbox 347 2048 481 2083; x_wconf 57' lang='grc' dir='ltr'>ῥᾳθυμεῖν</span> <span class='ocrx_word' id='word_1_418' title='bbox 507 2049 557 2074; x_wconf 81' lang='grc' dir='ltr'>οὐκ</span> <span class='ocrx_word' id='word_1_419' title='bbox 572 2048 643 2084; x_wconf 75' lang='grc' dir='ltr'>ἔχων</span> <span class='ocrx_word' id='word_1_420' title='bbox 667 2049 712 2076; x_wconf 83' lang='grc' dir='ltr'><strong>διὰ</strong></span> <span class='ocrx_word' id='word_1_421' title='bbox 723 2049 769 2077; x_wconf 83' lang='grc' dir='ltr'>τὸν</span> <span class='ocrx_word' id='word_1_422' title='bbox 781 2050 863 2077; x_wconf 80' lang='grc' dir='ltr'>πόθον</span> <span class='ocrx_word' id='word_1_423' title='bbox 881 2051 949 2086; x_wconf 77' lang='grc' dir='ltr'>ἐμοῦ</span> 
     </span>
    </p>
   </div>
   <div class='ocr_carea' id='block_1_59' title="bbox 159 2094 950 2131">
    <p class='ocr_par' dir='ltr' id='par_1_59' title="bbox 159 2094 950 2131">
     <span class='ocr_line' id='line_1_59' title="bbox 159 2094 950 2131; baseline 0.004 -10"><span class='ocrx_word' id='word_1_424' title='bbox 159 2095 268 2126; x_wconf 84' lang='grc' dir='ltr'>πάντως</span> <span class='ocrx_word' id='word_1_425' title='bbox 295 2094 328 2121; x_wconf 81' lang='grc' dir='ltr'>ἂν</span> <span class='ocrx_word' id='word_1_426' title='bbox 355 2095 555 2130; x_wconf 84' lang='grc' dir='ltr'>παραμυθείτω</span> <span class='ocrx_word' id='word_1_427' title='bbox 582 2095 628 2121; x_wconf 82' lang='grc' dir='ltr'>τὸν</span> <span class='ocrx_word' id='word_1_428' title='bbox 644 2094 748 2131; x_wconf 75' lang='grc' dir='ltr'>ἔρωτα·</span> <span class='ocrx_word' id='word_1_429' title='bbox 765 2096 789 2122; x_wconf 76' lang='grc' dir='ltr'><strong>εί</strong></span> <span class='ocrx_word' id='word_1_430' title='bbox 802 2096 830 2123; x_wconf 83' lang='grc' dir='ltr'><strong>δὲ</strong></span> <span class='ocrx_word' id='word_1_431' title='bbox 844 2097 950 2124; x_wconf 85' lang='grc' dir='ltr'>τοιοῦτο</span> 
     </span>
    </p>
   </div>
   <div class='ocr_carea' id='block_1_60' title="bbox 159 2139 948 2176">
    <p class='ocr_par' dir='ltr' id='par_1_60' title="bbox 159 2139 948 2176">
     <span class='ocr_line' id='line_1_60' title="bbox 159 2139 948 2176; baseline 0.004 -11"><span class='ocrx_word' id='word_1_432' title='bbox 159 2139 209 2174; x_wconf 80' lang='grc' dir='ltr'>μὲν</span> <span class='ocrx_word' id='word_1_433' title='bbox 221 2139 307 2171; x_wconf 78' lang='grc' dir='ltr'>οὐδὲν,</span> <span class='ocrx_word' id='word_1_434' title='bbox 317 2139 356 2166; x_wconf 74' lang='grc' dir='ltr'>ἔτι</span> <span class='ocrx_word' id='word_1_435' title='bbox 366 2139 394 2166; x_wconf 78' lang='grc' dir='ltr'><strong>δὲ</strong></span> <span class='ocrx_word' id='word_1_436' title='bbox 406 2139 590 2175; x_wconf 81' lang='grc' dir='ltr'>σιωπήσεσθε,</span> <span class='ocrx_word' id='word_1_437' title='bbox 617 2140 801 2176; x_wconf 81' lang='grc' dir='ltr'>κατηγορήσω</span> <span class='ocrx_word' id='word_1_438' title='bbox 818 2140 878 2175; x_wconf 79' lang='grc' dir='ltr'>μὲν,</span> <span class='ocrx_word' id='word_1_439' title='bbox 891 2150 948 2168; x_wconf 78' lang='grc' dir='ltr'>τοι-</span> 
     </span>
    </p>
   </div>
   <div class='ocr_carea' id='block_1_61' title="bbox 157 2185 949 2222">
    <p class='ocr_par' dir='ltr' id='par_1_61' title="bbox 157 2185 949 2222">
     <span class='ocr_line' id='line_1_61' title="bbox 157 2185 949 2222; baseline 0.004 -10"><span class='ocrx_word' id='word_1_440' title='bbox 157 2185 227 2212; x_wconf 81' lang='grc' dir='ltr'>αῦτα</span> <span class='ocrx_word' id='word_1_441' title='bbox 255 2185 368 2212; x_wconf 83' lang='grc' dir='ltr'>παθών·</span> <span class='ocrx_word' id='word_1_442' title='bbox 391 2187 480 2222; x_wconf 79' lang='grc' dir='ltr'>κρινεῖ</span> <span class='ocrx_word' id='word_1_443' title='bbox 494 2185 522 2212; x_wconf 83' lang='grc' dir='ltr'><strong>δέ</strong></span> <span class='ocrx_word' id='word_1_444' title='bbox 545 2194 572 2212; x_wconf 84' lang='grc' dir='ltr'><strong>τι</strong></span> <span class='ocrx_word' id='word_1_445' title='bbox 590 2186 722 2221; x_wconf 74' lang='grc' dir='ltr'>ἐρωτικὸς</span> <span class='ocrx_word' id='word_1_446' title='bbox 736 2186 877 2222; x_wconf 79' lang='grc' dir='ltr'>δικαστὴς,</span> <span class='ocrx_word' id='word_1_447' title='bbox 901 2188 949 2215; x_wconf 80' lang='grc' dir='ltr'>καὶ</span> 
     </span>
    </p>
   </div>
   <div class='ocr_carea' id='block_1_62' title="bbox 1005 939 1794 976">
    <p class='ocr_par' dir='ltr' id='par_1_62' title="bbox 1005 939 1794 976">
     <span class='ocr_line' id='line_1_62' title="bbox 1005 939 1794 976; baseline 0.005 -10"><span class='ocrx_word' id='word_1_448' title='bbox 1005 939 1032 967; x_wconf 94' lang='lat' dir='ltr'><strong>id</strong></span> <span class='ocrx_word' id='word_1_449' title='bbox 1048 940 1119 973; x_wconf 86' lang='lat' dir='ltr'><strong>quod</strong></span> <span class='ocrx_word' id='word_1_450' title='bbox 1142 940 1321 975; x_wconf 81' lang='lat' dir='ltr'><strong>praevideram</strong></span> <span class='ocrx_word' id='word_1_451' title='bbox 1355 941 1462 973; x_wconf 81' lang='lat' dir='ltr'><strong>evenit,</strong></span> <span class='ocrx_word' id='word_1_452' title='bbox 1486 941 1584 976; x_wconf 88' lang='lat' dir='ltr'><strong>loquor</strong></span> <span class='ocrx_word' id='word_1_453' title='bbox 1603 942 1638 970; x_wconf 89' lang='lat' dir='ltr'><strong>de</strong></span> <span class='ocrx_word' id='word_1_454' title='bbox 1655 942 1794 970; x_wconf 82' lang='lat' dir='ltr'><strong>rhetorum</strong></span> 
     </span>
    </p>
   </div>
   <div class='ocr_carea' id='block_1_63' title="bbox 1004 985 1795 1023">
    <p class='ocr_par' dir='ltr' id='par_1_63' title="bbox 1004 985 1795 1023">
     <span class='ocr_line' id='line_1_63' title="bbox 1004 985 1795 1023; baseline 0.006 -11"><span class='ocrx_word' id='word_1_455' title='bbox 1004 985 1151 1013; x_wconf 84' lang='lat' dir='ltr'><strong>secundum</strong></span> <span class='ocrx_word' id='word_1_456' title='bbox 1174 993 1222 1013; x_wconf 87' lang='lat' dir='ltr'><strong>vos</strong></span> <span class='ocrx_word' id='word_1_457' title='bbox 1245 985 1351 1014; x_wconf 90' lang='lat' dir='ltr'><strong>illorum</strong></span> <span class='ocrx_word' id='word_1_458' title='bbox 1377 988 1523 1021; x_wconf 82' lang='lat' dir='ltr'><strong>superbia;</strong></span> <span class='ocrx_word' id='word_1_459' title='bbox 1543 989 1643 1023; x_wconf 78' lang='lat' dir='ltr'><strong>quippe</strong></span> <span class='ocrx_word' id='word_1_460' title='bbox 1667 989 1713 1023; x_wconf 91' lang='lat' dir='ltr'><strong>qui</strong></span> <span class='ocrx_word' id='word_1_461' title='bbox 1727 989 1795 1017; x_wconf 81' lang='lat' dir='ltr'><strong>alios</strong></span> 
     </span>
    </p>
   </div>
   <div class='ocr_carea' id='block_1_64' title="bbox 1004 1032 1795 1068">
    <p class='ocr_par' dir='ltr' id='par_1_64' title="bbox 1004 1032 1795 1068">
     <span class='ocr_line' id='line_1_64' title="bbox 1004 1032 1795 1068; baseline 0.005 -9"><span class='ocrx_word' id='word_1_462' title='bbox 1004 1032 1116 1060; x_wconf 77' lang='lat' dir='ltr'><strong>clientes</strong></span> <span class='ocrx_word' id='word_1_463' title='bbox 1141 1037 1241 1060; x_wconf 83' lang='lat' dir='ltr'><strong>vocant</strong></span> <span class='ocrx_word' id='word_1_464' title='bbox 1271 1037 1299 1060; x_wconf 92' lang='lat' dir='ltr'><strong>et</strong></span> <span class='ocrx_word' id='word_1_465' title='bbox 1330 1033 1436 1068; x_wconf 79' lang='lat' dir='ltr'><strong>negotia</strong></span> <span class='ocrx_word' id='word_1_466' title='bbox 1464 1041 1511 1068; x_wconf 91' lang='lat' dir='ltr'><strong>per</strong></span> <span class='ocrx_word' id='word_1_467' title='bbox 1536 1038 1561 1062; x_wconf 89' lang='lat' dir='ltr'><strong>te</strong></span> <span class='ocrx_word' id='word_1_468' title='bbox 1581 1035 1704 1062; x_wconf 80' lang='lat' dir='ltr'><strong>absoluta</strong></span> <span class='ocrx_word' id='word_1_469' title='bbox 1737 1042 1795 1063; x_wconf 90' lang='lat' dir='ltr'><strong>me-</strong></span> 
     </span>
    </p>
   </div>
   <div class='ocr_carea' id='block_1_65' title="bbox 1005 1079 1796 1116">
    <p class='ocr_par' dir='ltr' id='par_1_65' title="bbox 1005 1079 1796 1116">
     <span class='ocr_line' id='line_1_65' title="bbox 1005 1079 1796 1116; baseline 0.005 -11"><span class='ocrx_word' id='word_1_470' title='bbox 1005 1083 1130 1106; x_wconf 88' lang='lat' dir='ltr'><strong>morant.</strong></span> <span class='ocrx_word' id='word_1_471' title='bbox 1147 1079 1181 1106; x_wconf 90' lang='lat' dir='ltr'><strong>Et</strong></span> <span class='ocrx_word' id='word_1_472' title='bbox 1212 1086 1283 1106; x_wconf 89' lang='lat' dir='ltr'><strong>nunc</strong></span> <span class='ocrx_word' id='word_1_473' title='bbox 1305 1079 1407 1107; x_wconf 85' lang='lat' dir='ltr'><strong>videris</strong></span> <span class='ocrx_word' id='word_1_474' title='bbox 1435 1087 1485 1107; x_wconf 85' lang='lat' dir='ltr'><strong>nos</strong></span> <span class='ocrx_word' id='word_1_475' title='bbox 1502 1080 1604 1108; x_wconf 76' lang='lat' dir='ltr'><strong>dixisse</strong></span> <span class='ocrx_word' id='word_1_476' title='bbox 1622 1081 1698 1116; x_wconf 87' lang='lat' dir='ltr'><strong>prius</strong></span> <span class='ocrx_word' id='word_1_477' title='bbox 1727 1082 1796 1109; x_wconf 87' lang='lat' dir='ltr'><strong>ami-</strong></span> 
     </span>
    </p>
   </div>
   <div class='ocr_carea' id='block_1_66' title="bbox 1003 1125 1794 1162">
    <p class='ocr_par' dir='ltr' id='par_1_66' title="bbox 1003 1125 1794 1162">
     <span class='ocr_line' id='line_1_66' title="bbox 1003 1125 1794 1162; baseline 0.004 -10"><span class='ocrx_word' id='word_1_478' title='bbox 1003 1132 1061 1156; x_wconf 86' lang='lat' dir='ltr'><strong>cos,</strong></span> <span class='ocrx_word' id='word_1_479' title='bbox 1076 1126 1147 1160; x_wconf 91' lang='lat' dir='ltr'><strong>quod</strong></span> <span class='ocrx_word' id='word_1_480' title='bbox 1173 1129 1246 1153; x_wconf 88' lang='lat' dir='ltr'><strong>recte</strong></span> <span class='ocrx_word' id='word_1_481' title='bbox 1265 1133 1318 1152; x_wconf 90' lang='lat' dir='ltr'><strong>non</strong></span> <span class='ocrx_word' id='word_1_482' title='bbox 1344 1125 1521 1160; x_wconf 72' lang='lat' dir='ltr'><strong>iudicaveris,</strong></span> <span class='ocrx_word' id='word_1_483' title='bbox 1549 1127 1626 1162; x_wconf 83' lang='lat' dir='ltr'><strong>quasi</strong></span> <span class='ocrx_word' id='word_1_484' title='bbox 1651 1127 1794 1156; x_wconf 87' lang='lat' dir='ltr'><strong>meliorum</strong></span> 
     </span>
    </p>
   </div>
   <div class='ocr_carea' id='block_1_67' title="bbox 1004 1172 1795 1210">
    <p class='ocr_par' dir='ltr' id='par_1_67' title="bbox 1004 1172 1795 1210">
     <span class='ocr_line' id='line_1_67' title="bbox 1004 1172 1795 1210; baseline 0.004 -11"><span class='ocrx_word' id='word_1_485' title='bbox 1004 1172 1095 1206; x_wconf 84' lang='lat' dir='ltr'><strong>inopia</strong></span> <span class='ocrx_word' id='word_1_486' title='bbox 1125 1172 1306 1207; x_wconf 60' lang='lat' dir='ltr'><strong>praesentibus</strong></span> <span class='ocrx_word' id='word_1_487' title='bbox 1337 1180 1404 1200; x_wconf 87' lang='lat' dir='ltr'><strong>usus</strong></span> <span class='ocrx_word' id='word_1_488' title='bbox 1432 1173 1539 1201; x_wconf 78' lang='lat' dir='ltr'><strong>fueris:</strong></span> <span class='ocrx_word' id='word_1_489' title='bbox 1569 1174 1699 1208; x_wconf 63' lang='lat' dir='ltr'><strong>praeteriti</strong></span> <span class='ocrx_word' id='word_1_490' title='bbox 1725 1182 1795 1210; x_wconf 91' lang='lat' dir='ltr'><strong>quo-</strong></span> 
     </span>
    </p>
   </div>
   <div class='ocr_carea' id='block_1_68' title="bbox 1004 1219 1795 1256">
    <p class='ocr_par' dir='ltr' id='par_1_68' title="bbox 1004 1219 1795 1256">
     <span class='ocr_line' id='line_1_68' title="bbox 1004 1219 1795 1256; baseline 0.005 -12"><span class='ocrx_word' id='word_1_491' title='bbox 1004 1225 1056 1252; x_wconf 89' lang='lat' dir='ltr'><strong>que</strong></span> <span class='ocrx_word' id='word_1_492' title='bbox 1071 1219 1199 1253; x_wconf 88' lang='lat' dir='ltr'><strong>temporis</strong></span> <span class='ocrx_word' id='word_1_493' title='bbox 1217 1224 1243 1246; x_wconf 88' lang='lat' dir='ltr'><strong>te</strong></span> <span class='ocrx_word' id='word_1_494' title='bbox 1259 1219 1406 1254; x_wconf 71' lang='lat' dir='ltr'><strong>paeniteat,</strong></span> <span class='ocrx_word' id='word_1_495' title='bbox 1419 1220 1490 1255; x_wconf 90' lang='lat' dir='ltr'><strong>quod</strong></span> <span class='ocrx_word' id='word_1_496' title='bbox 1515 1220 1657 1248; x_wconf 88' lang='lat' dir='ltr'><strong>nobiscum</strong></span> <span class='ocrx_word' id='word_1_497' title='bbox 1686 1221 1795 1256; x_wconf 77' lang='lat' dir='ltr'><strong>indigne</strong></span> 
     </span>
    </p>
   </div>
   <div class='ocr_carea' id='block_1_69' title="bbox 1003 1265 1796 1300">
    <p class='ocr_par' dir='ltr' id='par_1_69' title="bbox 1003 1265 1796 1300">
     <span class='ocr_line' id='line_1_69' title="bbox 1003 1265 1796 1300; baseline 0.003 -8"><span class='ocrx_word' id='word_1_498' title='bbox 1003 1265 1213 1300; x_wconf 86' lang='lat' dir='ltr'><strong>consumpsisti;</strong></span> <span class='ocrx_word' id='word_1_499' title='bbox 1244 1271 1272 1294; x_wconf 89' lang='lat' dir='ltr'><strong>et</strong></span> <span class='ocrx_word' id='word_1_500' title='bbox 1298 1273 1372 1294; x_wconf 88' lang='lat' dir='ltr'><strong>nunc</strong></span> <span class='ocrx_word' id='word_1_501' title='bbox 1401 1266 1524 1294; x_wconf 90' lang='lat' dir='ltr'><strong>scribens</strong></span> <span class='ocrx_word' id='word_1_502' title='bbox 1546 1273 1644 1294; x_wconf 83' lang='lat' dir='ltr'><strong>vereor</strong></span> <span class='ocrx_word' id='word_1_503' title='bbox 1663 1274 1699 1295; x_wconf 90' lang='lat' dir='ltr'><strong>ne</strong></span> <span class='ocrx_word' id='word_1_504' title='bbox 1731 1275 1796 1294; x_wconf 83' lang='lat' dir='ltr'><strong>nos-</strong></span> 
     </span>
    </p>
   </div>
   <div class='ocr_carea' id='block_1_70' title="bbox 1003 1311 1794 1349">
    <p class='ocr_par' dir='ltr' id='par_1_70' title="bbox 1003 1311 1794 1349">
     <span class='ocr_line' id='line_1_70' title="bbox 1003 1311 1794 1349; baseline 0.004 -11"><span class='ocrx_word' id='word_1_505' title='bbox 1003 1316 1072 1339; x_wconf 90' lang='lat' dir='ltr'><strong>tram</strong></span> <span class='ocrx_word' id='word_1_506' title='bbox 1088 1311 1232 1346; x_wconf 80' lang='lat' dir='ltr'><strong>epistolam</strong></span> <span class='ocrx_word' id='word_1_507' title='bbox 1255 1312 1368 1340; x_wconf 84' lang='lat' dir='ltr'><strong>moleste</strong></span> <span class='ocrx_word' id='word_1_508' title='bbox 1393 1313 1465 1341; x_wconf 80' lang='lat' dir='ltr'><strong>feras</strong></span> <span class='ocrx_word' id='word_1_509' title='bbox 1478 1322 1485 1340; x_wconf 88' lang='lat'>:</span> <span class='ocrx_word' id='word_1_510' title='bbox 1500 1320 1550 1349; x_wconf 77' lang='lat' dir='ltr'><strong>ego</strong></span> <span class='ocrx_word' id='word_1_511' title='bbox 1563 1318 1653 1341; x_wconf 83' lang='lat' dir='ltr'><strong>tanton</strong></span> <span class='ocrx_word' id='word_1_512' title='bbox 1665 1321 1794 1348; x_wconf 81' lang='lat' dir='ltr'><strong>prospera</strong></span> 
     </span>
    </p>
   </div>
   <div class='ocr_carea' id='block_1_71' title="bbox 1003 1358 1794 1395">
    <p class='ocr_par' dir='ltr' id='par_1_71' title="bbox 1003 1358 1794 1395">
     <span class='ocr_line' id='line_1_71' title="bbox 1003 1358 1794 1395; baseline 0.005 -11"><span class='ocrx_word' id='word_1_513' title='bbox 1003 1358 1061 1391; x_wconf 78' lang='lat' dir='ltr'><strong>tibi:</strong></span> <span class='ocrx_word' id='word_1_514' title='bbox 1077 1365 1183 1392; x_wconf 87' lang='lat' dir='ltr'><strong>precor,</strong></span> <span class='ocrx_word' id='word_1_515' title='bbox 1199 1358 1305 1386; x_wconf 88' lang='lat' dir='ltr'><strong>etiamsi</strong></span> <span class='ocrx_word' id='word_1_516' title='bbox 1330 1364 1469 1394; x_wconf 90' lang='lat' dir='ltr'><strong>oporteret</strong></span> <span class='ocrx_word' id='word_1_517' title='bbox 1483 1366 1526 1386; x_wconf 89' lang='lat' dir='ltr'><strong>me</strong></span> <span class='ocrx_word' id='word_1_518' title='bbox 1553 1360 1650 1386; x_wconf 78' lang='lat' dir='ltr'><strong>iterum</strong></span> <span class='ocrx_word' id='word_1_519' title='bbox 1676 1360 1794 1395; x_wconf 79' lang='lat' dir='ltr'><strong>despici,</strong></span> 
     </span>
    </p>
   </div>
   <div class='ocr_carea' id='block_1_72' title="bbox 1003 1405 1793 1444">
    <p class='ocr_par' dir='ltr' id='par_1_72' title="bbox 1003 1405 1793 1444">
     <span class='ocr_line' id='line_1_72' title="bbox 1003 1405 1793 1444; baseline 0.004 -12"><span class='ocrx_word' id='word_1_520' title='bbox 1003 1405 1075 1440; x_wconf 85' lang='lat' dir='ltr'><strong>quod</strong></span> <span class='ocrx_word' id='word_1_521' title='bbox 1102 1413 1225 1433; x_wconf 88' lang='lat' dir='ltr'><strong>atnarum</strong></span> <span class='ocrx_word' id='word_1_522' title='bbox 1253 1410 1335 1439; x_wconf 78' lang='lat' dir='ltr'><strong>esset,</strong></span> <span class='ocrx_word' id='word_1_523' title='bbox 1366 1411 1418 1433; x_wconf 80' lang='lat' dir='ltr'><strong>tua:</strong></span> <span class='ocrx_word' id='word_1_524' title='bbox 1446 1410 1536 1434; x_wconf 84' lang='lat' dir='ltr'><strong>autem</strong></span> <span class='ocrx_word' id='word_1_525' title='bbox 1561 1406 1675 1435; x_wconf 63' lang='lat' dir='ltr'><strong>fortuna:</strong></span> <span class='ocrx_word' id='word_1_526' title='bbox 1704 1407 1793 1444; x_wconf 71' lang='lat' dir='ltr'><strong>gratia</strong></span> 
     </span>
    </p>
   </div>
   <div class='ocr_carea' id='block_1_73' title="bbox 1003 1450 1128 1479">
    <p class='ocr_par' dir='ltr' id='par_1_73' title="bbox 1003 1450 1128 1479">
     <span class='ocr_line' id='line_1_73' title="bbox 1003 1450 1128 1479; baseline 0.016 -2"><span class='ocrx_word' id='word_1_527' title='bbox 1003 1450 1109 1478; x_wconf 78' lang='lat' dir='ltr'><strong>ferreus</strong></span> <span class='ocrx_word' id='word_1_528' title='bbox 1121 1471 1128 1479; x_wconf 94' lang='lat'><strong><em>.</em></strong></span> 
     </span>
    </p>
   </div>
   <div class='ocr_carea' id='block_1_74' title="bbox 1143 1497 1653 1528">
    <p class='ocr_par' dir='ltr' id='par_1_74' title="bbox 1143 1497 1653 1528">
     <span class='ocr_line' id='line_1_74' title="bbox 1143 1497 1653 1528; baseline 0.004 -2"><span class='ocrx_word' id='word_1_529' title='bbox 1143 1497 1211 1526; x_wconf 82' lang='lat' dir='ltr'>XIII.</span> <span class='ocrx_word' id='word_1_530' title='bbox 1224 1497 1410 1526; x_wconf 71' lang='lat' dir='ltr'><strong>ZACIIARIJE</strong></span> <span class='ocrx_word' id='word_1_531' title='bbox 1426 1498 1468 1526; x_wconf 86' lang='lat' dir='ltr'><strong>ET</strong></span> <span class='ocrx_word' id='word_1_532' title='bbox 1486 1498 1653 1528; x_wconf 78' lang='lat' dir='ltr'>PIIILII’PO.</span> 
     </span>
    </p>
   </div>
   <div class='ocr_carea' id='block_1_75' title="bbox 1039 1543 1794 1580">
    <p class='ocr_par' dir='ltr' id='par_1_75' title="bbox 1039 1543 1794 1580">
     <span class='ocr_line' id='line_1_75' title="bbox 1039 1543 1794 1580; baseline 0.005 -9"><span class='ocrx_word' id='word_1_533' title='bbox 1039 1543 1174 1572; x_wconf 71' lang='lat' dir='ltr'><strong>Praeteriti</strong></span> <span class='ocrx_word' id='word_1_534' title='bbox 1207 1545 1307 1572; x_wconf 85' lang='lat' dir='ltr'><strong>silentii</strong></span> <span class='ocrx_word' id='word_1_535' title='bbox 1335 1546 1439 1572; x_wconf 83' lang='lat' dir='ltr'><strong>crimen</strong></span> <span class='ocrx_word' id='word_1_536' title='bbox 1469 1546 1539 1573; x_wconf 81' lang='lat' dir='ltr'><strong>ferat</strong></span> <span class='ocrx_word' id='word_1_537' title='bbox 1577 1547 1685 1580; x_wconf 88' lang='lat' dir='ltr'><strong>hiems,</strong></span> <span class='ocrx_word' id='word_1_538' title='bbox 1719 1554 1794 1575; x_wconf 91' lang='lat' dir='ltr'><strong>more</strong></span> 
     </span>
    </p>
   </div>
   <div class='ocr_carea' id='block_1_76' title="bbox 1004 1590 1794 1628">
    <p class='ocr_par' dir='ltr' id='par_1_76' title="bbox 1004 1590 1794 1628">
     <span class='ocr_line' id='line_1_76' title="bbox 1004 1590 1794 1628; baseline 0.005 -10"><span class='ocrx_word' id='word_1_539' title='bbox 1004 1590 1076 1618; x_wconf 85' lang='lat' dir='ltr'><strong>soliti</strong></span> <span class='ocrx_word' id='word_1_540' title='bbox 1087 1591 1271 1624; x_wconf 83' lang='lat' dir='ltr'><strong>contristans;</strong></span> <span class='ocrx_word' id='word_1_541' title='bbox 1289 1591 1393 1618; x_wconf 91' lang='lat' dir='ltr'><strong>silentii</strong></span> <span class='ocrx_word' id='word_1_542' title='bbox 1427 1597 1518 1620; x_wconf 85' lang='lat' dir='ltr'><strong>autem</strong></span> <span class='ocrx_word' id='word_1_543' title='bbox 1537 1593 1608 1620; x_wconf 91' lang='lat' dir='ltr'><strong>illius</strong></span> <span class='ocrx_word' id='word_1_544' title='bbox 1623 1594 1695 1628; x_wconf 89' lang='lat' dir='ltr'><strong>quod</strong></span> <span class='ocrx_word' id='word_1_545' title='bbox 1723 1602 1794 1623; x_wconf 91' lang='lat' dir='ltr'><strong>nunc</strong></span> 
     </span>
    </p>
   </div>
   <div class='ocr_carea' id='block_1_77' title="bbox 1002 1636 1793 1671">
    <p class='ocr_par' dir='ltr' id='par_1_77' title="bbox 1002 1636 1793 1671">
     <span class='ocr_line' id='line_1_77' title="bbox 1002 1636 1793 1671; baseline 0.006 -9"><span class='ocrx_word' id='word_1_546' title='bbox 1002 1636 1091 1667; x_wconf 77' lang='lat' dir='ltr'><strong>foret.</strong></span> <span class='ocrx_word' id='word_1_547' title='bbox 1109 1644 1158 1665; x_wconf 87' lang='lat' dir='ltr'><strong>vos</strong></span> <span class='ocrx_word' id='word_1_548' title='bbox 1174 1637 1306 1665; x_wconf 88' lang='lat' dir='ltr'><strong>rationem</strong></span> <span class='ocrx_word' id='word_1_549' title='bbox 1335 1638 1496 1666; x_wconf 87' lang='lat' dir='ltr'><strong>redderetis.</strong></span> <span class='ocrx_word' id='word_1_550' title='bbox 1531 1639 1672 1671; x_wconf 84' lang='lat' dir='ltr'><strong>Quantum</strong></span> <span class='ocrx_word' id='word_1_551' title='bbox 1701 1644 1793 1667; x_wconf 84' lang='lat' dir='ltr'><strong>autent</strong></span> 
     </span>
    </p>
   </div>
   <div class='ocr_carea' id='block_1_78' title="bbox 1002 1683 1794 1720">
    <p class='ocr_par' dir='ltr' id='par_1_78' title="bbox 1002 1683 1794 1720">
     <span class='ocr_line' id='line_1_78' title="bbox 1002 1683 1794 1720; baseline 0.004 -11"><span class='ocrx_word' id='word_1_552' title='bbox 1002 1683 1102 1710; x_wconf 83' lang='lat' dir='ltr'><strong>malum</strong></span> <span class='ocrx_word' id='word_1_553' title='bbox 1130 1684 1164 1711; x_wconf 88' lang='lat' dir='ltr'><strong>sit</strong></span> <span class='ocrx_word' id='word_1_554' title='bbox 1187 1683 1333 1711; x_wconf 89' lang='lat' dir='ltr'><strong>liberorum</strong></span> <span class='ocrx_word' id='word_1_555' title='bbox 1355 1684 1506 1718; x_wconf 85' lang='lat' dir='ltr'><strong>silentium,</strong></span> <span class='ocrx_word' id='word_1_556' title='bbox 1533 1685 1595 1720; x_wconf 88' lang='lat' dir='ltr'><strong>quis</strong></span> <span class='ocrx_word' id='word_1_557' title='bbox 1614 1685 1647 1714; x_wconf 89' lang='lat' dir='ltr'><strong>iis</strong></span> <span class='ocrx_word' id='word_1_558' title='bbox 1669 1687 1794 1714; x_wconf 88' lang='lat' dir='ltr'><strong>ostendet</strong></span> 
     </span>
    </p>
   </div>
   <div class='ocr_carea' id='block_1_79' title="bbox 1001 1731 1792 1766">
    <p class='ocr_par' dir='ltr' id='par_1_79' title="bbox 1001 1731 1792 1766">
     <span class='ocr_line' id='line_1_79' title="bbox 1001 1731 1792 1766; baseline 0.003 -8"><span class='ocrx_word' id='word_1_559' title='bbox 1001 1732 1046 1766; x_wconf 88' lang='lat' dir='ltr'><strong>qui</strong></span> <span class='ocrx_word' id='word_1_560' title='bbox 1079 1731 1202 1759; x_wconf 90' lang='lat' dir='ltr'><strong>nondum</strong></span> <span class='ocrx_word' id='word_1_561' title='bbox 1239 1737 1301 1760; x_wconf 88' lang='lat' dir='ltr'><strong>sunt</strong></span> <span class='ocrx_word' id='word_1_562' title='bbox 1328 1732 1453 1766; x_wconf 81' lang='lat' dir='ltr'><strong>experti?</strong></span> <span class='ocrx_word' id='word_1_563' title='bbox 1473 1731 1530 1759; x_wconf 84' lang='lat' dir='ltr'><strong>Vos</strong></span> <span class='ocrx_word' id='word_1_564' title='bbox 1554 1740 1667 1766; x_wconf 88' lang='lat' dir='ltr'><strong>prorsus</strong></span> <span class='ocrx_word' id='word_1_565' title='bbox 1697 1732 1792 1760; x_wconf 85' lang='lat' dir='ltr'><strong>scietis</strong></span> 
     </span>
    </p>
   </div>
   <div class='ocr_carea' id='block_1_80' title="bbox 1001 1778 1794 1814">
    <p class='ocr_par' dir='ltr' id='par_1_80' title="bbox 1001 1778 1794 1814">
     <span class='ocr_line' id='line_1_80' title="bbox 1001 1778 1794 1814; baseline 0 -9"><span class='ocrx_word' id='word_1_566' title='bbox 1001 1786 1062 1805; x_wconf 88' lang='lat' dir='ltr'><strong>cum</strong></span> <span class='ocrx_word' id='word_1_567' title='bbox 1095 1778 1199 1806; x_wconf 84' lang='lat' dir='ltr'><strong>ardenti</strong></span> <span class='ocrx_word' id='word_1_568' title='bbox 1238 1785 1330 1806; x_wconf 87' lang='lat' dir='ltr'><strong>amore</strong></span> <span class='ocrx_word' id='word_1_569' title='bbox 1355 1778 1414 1813; x_wconf 78' lang='lat' dir='ltr'><strong>capi</strong></span> <span class='ocrx_word' id='word_1_570' title='bbox 1435 1778 1516 1805; x_wconf 87' lang='lat' dir='ltr'><strong>emitti</strong></span> <span class='ocrx_word' id='word_1_571' title='bbox 1531 1798 1539 1806; x_wconf 91' lang='lat'><strong><em>.</em></strong></span> <span class='ocrx_word' id='word_1_572' title='bbox 1563 1778 1621 1806; x_wconf 84' lang='lat' dir='ltr'><strong>Non</strong></span> <span class='ocrx_word' id='word_1_573' title='bbox 1659 1785 1710 1814; x_wconf 80' lang='lat' dir='ltr'><strong>ego</strong></span> <span class='ocrx_word' id='word_1_574' title='bbox 1731 1779 1794 1814; x_wconf 82' lang='lat' dir='ltr'><strong>qui-</strong></span> 
     </span>
    </p>
   </div>
   <div class='ocr_carea' id='block_1_81' title="bbox 1000 1823 1791 1859">
    <p class='ocr_par' dir='ltr' id='par_1_81' title="bbox 1000 1823 1791 1859">
     <span class='ocr_line' id='line_1_81' title="bbox 1000 1823 1791 1859; baseline 0 -9"><span class='ocrx_word' id='word_1_575' title='bbox 1000 1824 1061 1851; x_wconf 82' lang='lat' dir='ltr'><strong>dem</strong></span> <span class='ocrx_word' id='word_1_576' title='bbox 1092 1824 1132 1850; x_wconf 90' lang='lat' dir='ltr'><strong>sic</strong></span> <span class='ocrx_word' id='word_1_577' title='bbox 1160 1823 1287 1859; x_wconf 89' lang='lat' dir='ltr'><strong>superltio</strong></span> <span class='ocrx_word' id='word_1_578' title='bbox 1314 1828 1342 1851; x_wconf 88' lang='lat' dir='ltr'><strong>ttt</strong></span> <span class='ocrx_word' id='word_1_579' title='bbox 1370 1831 1384 1851; x_wconf 89' lang='lat' dir='ltr'><strong>a</strong></span> <span class='ocrx_word' id='word_1_580' title='bbox 1402 1824 1476 1852; x_wconf 83' lang='lat' dir='ltr'><strong>vobis</strong></span> <span class='ocrx_word' id='word_1_581' title='bbox 1506 1825 1639 1851; x_wconf 85' lang='lat' dir='ltr'><strong>redamari</strong></span> <span class='ocrx_word' id='word_1_582' title='bbox 1678 1828 1791 1858; x_wconf 65' lang='lat' dir='ltr'><strong>putem,</strong></span> 
     </span>
    </p>
   </div>
   <div class='ocr_carea' id='block_1_82' title="bbox 1001 1870 1793 1906">
    <p class='ocr_par' dir='ltr' id='par_1_82' title="bbox 1001 1870 1793 1906">
     <span class='ocr_line' id='line_1_82' title="bbox 1001 1870 1793 1906; baseline 0.003 -10"><span class='ocrx_word' id='word_1_583' title='bbox 1001 1870 1071 1905; x_wconf 88' lang='lat' dir='ltr'><strong>quod</strong></span> <span class='ocrx_word' id='word_1_584' title='bbox 1101 1875 1190 1897; x_wconf 90' lang='lat' dir='ltr'><strong>tamen</strong></span> <span class='ocrx_word' id='word_1_585' title='bbox 1205 1870 1271 1897; x_wconf 87' lang='lat' dir='ltr'><strong>mihi</strong></span> <span class='ocrx_word' id='word_1_586' title='bbox 1285 1871 1370 1906; x_wconf 82' lang='lat' dir='ltr'><strong>magis</strong></span> <span class='ocrx_word' id='word_1_587' title='bbox 1390 1877 1547 1905; x_wconf 80' lang='lat' dir='ltr'><strong>exoptarem</strong></span> <span class='ocrx_word' id='word_1_588' title='bbox 1576 1878 1657 1906; x_wconf 83' lang='lat' dir='ltr'><strong>quant</strong></span> <span class='ocrx_word' id='word_1_589' title='bbox 1677 1870 1793 1905; x_wconf 84' lang='lat' dir='ltr'><strong>plurimo</strong></span> 
     </span>
    </p>
   </div>
   <div class='ocr_carea' id='block_1_83' title="bbox 1002 1916 1791 1952">
    <p class='ocr_par' dir='ltr' id='par_1_83' title="bbox 1002 1916 1791 1952">
     <span class='ocr_line' id='line_1_83' title="bbox 1002 1916 1791 1952; baseline 0.001 -9"><span class='ocrx_word' id='word_1_590' title='bbox 1002 1924 1069 1944; x_wconf 91' lang='lat' dir='ltr'><strong>auro</strong></span> <span class='ocrx_word' id='word_1_591' title='bbox 1092 1916 1230 1944; x_wconf 88' lang='lat' dir='ltr'><strong>abundare</strong></span> <span class='ocrx_word' id='word_1_592' title='bbox 1244 1922 1271 1944; x_wconf 82' lang='lat' dir='ltr'><strong>et</strong></span> <span class='ocrx_word' id='word_1_593' title='bbox 1297 1916 1331 1944; x_wconf 89' lang='lat' dir='ltr'><strong>ad</strong></span> <span class='ocrx_word' id='word_1_594' title='bbox 1352 1924 1488 1944; x_wconf 88' lang='lat' dir='ltr'><strong>summum</strong></span> <span class='ocrx_word' id='word_1_595' title='bbox 1517 1916 1629 1944; x_wconf 87' lang='lat' dir='ltr'><strong>honoris</strong></span> <span class='ocrx_word' id='word_1_596' title='bbox 1654 1916 1791 1952; x_wconf 77' lang='lat' dir='ltr'><strong>fastigium</strong></span> 
     </span>
    </p>
   </div>
   <div class='ocr_carea' id='block_1_84' title="bbox 1002 1961 1793 1998">
    <p class='ocr_par' dir='ltr' id='par_1_84' title="bbox 1002 1961 1793 1998">
     <span class='ocr_line' id='line_1_84' title="bbox 1002 1961 1793 1998; baseline 0.003 -10"><span class='ocrx_word' id='word_1_597' title='bbox 1002 1961 1148 1995; x_wconf 86' lang='lat' dir='ltr'><strong>devenire;</strong></span> <span class='ocrx_word' id='word_1_598' title='bbox 1170 1961 1215 1996; x_wconf 89' lang='lat' dir='ltr'><strong>qui</strong></span> <span class='ocrx_word' id='word_1_599' title='bbox 1247 1961 1318 1988; x_wconf 90' lang='lat' dir='ltr'><strong>enim</strong></span> <span class='ocrx_word' id='word_1_600' title='bbox 1345 1961 1486 1996; x_wconf 82' lang='lat' dir='ltr'><strong>quiescere</strong></span> <span class='ocrx_word' id='word_1_601' title='bbox 1514 1969 1566 1989; x_wconf 92' lang='lat' dir='ltr'><strong>non</strong></span> <span class='ocrx_word' id='word_1_602' title='bbox 1599 1961 1713 1990; x_wconf 86' lang='lat' dir='ltr'><strong>haberet</strong></span> <span class='ocrx_word' id='word_1_603' title='bbox 1743 1970 1793 1998; x_wconf 89' lang='lat' dir='ltr'><strong>per</strong></span> 
     </span>
    </p>
   </div>
   <div class='ocr_carea' id='block_1_85' title="bbox 1001 2007 1788 2042">
    <p class='ocr_par' dir='ltr' id='par_1_85' title="bbox 1001 2007 1788 2042">
     <span class='ocr_line' id='line_1_85' title="bbox 1001 2007 1788 2042; baseline 0.004 -9"><span class='ocrx_word' id='word_1_604' title='bbox 1001 2007 1164 2034; x_wconf 86' lang='lat' dir='ltr'><strong>desiderium</strong></span> <span class='ocrx_word' id='word_1_605' title='bbox 1190 2015 1278 2034; x_wconf 84' lang='lat' dir='ltr'><strong>meum</strong></span> <span class='ocrx_word' id='word_1_606' title='bbox 1298 2015 1349 2034; x_wconf 89' lang='lat' dir='ltr'><strong>non</strong></span> <span class='ocrx_word' id='word_1_607' title='bbox 1375 2012 1465 2042; x_wconf 86' lang='lat' dir='ltr'><strong>posset</strong></span> <span class='ocrx_word' id='word_1_608' title='bbox 1492 2008 1627 2035; x_wconf 86' lang='lat' dir='ltr'><strong>consolari</strong></span> <span class='ocrx_word' id='word_1_609' title='bbox 1655 2016 1788 2036; x_wconf 88' lang='lat' dir='ltr'><strong>amorem.</strong></span> 
     </span>
    </p>
   </div>
   <div class='ocr_carea' id='block_1_86' title="bbox 1001 2052 1790 2089">
    <p class='ocr_par' dir='ltr' id='par_1_86' title="bbox 1001 2052 1790 2089">
     <span class='ocr_line' id='line_1_86' title="bbox 1001 2052 1790 2089; baseline 0.003 -10"><span class='ocrx_word' id='word_1_610' title='bbox 1001 2052 1029 2080; x_wconf 91' lang='lat' dir='ltr'><strong>Si</strong></span> <span class='ocrx_word' id='word_1_611' title='bbox 1050 2052 1115 2079; x_wconf 82' lang='lat' dir='ltr'><strong>nihil</strong></span> <span class='ocrx_word' id='word_1_612' title='bbox 1142 2052 1295 2087; x_wconf 86' lang='lat' dir='ltr'><strong>Itujusmodi</strong></span> <span class='ocrx_word' id='word_1_613' title='bbox 1315 2053 1344 2079; x_wconf 85' lang='lat' dir='ltr'><strong>Iit</strong></span> <span class='ocrx_word' id='word_1_614' title='bbox 1363 2057 1391 2079; x_wconf 84' lang='lat' dir='ltr'><strong>el</strong></span> <span class='ocrx_word' id='word_1_615' title='bbox 1416 2053 1505 2080; x_wconf 87' lang='lat' dir='ltr'><strong>adhuc</strong></span> <span class='ocrx_word' id='word_1_616' title='bbox 1534 2054 1661 2087; x_wconf 85' lang='lat' dir='ltr'><strong>silcbitis,</strong></span> <span class='ocrx_word' id='word_1_617' title='bbox 1680 2061 1790 2089; x_wconf 80' lang='lat' dir='ltr'><strong>arguant</strong></span> 
     </span>
    </p>
   </div>
   <div class='ocr_carea' id='block_1_87' title="bbox 1001 2097 1792 2133">
    <p class='ocr_par' dir='ltr' id='par_1_87' title="bbox 1001 2097 1792 2133">
     <span class='ocr_line' id='line_1_87' title="bbox 1001 2097 1792 2133; baseline 0.004 -9"><span class='ocrx_word' id='word_1_618' title='bbox 1001 2097 1063 2125; x_wconf 88' lang='lat' dir='ltr'><strong>talia</strong></span> <span class='ocrx_word' id='word_1_619' title='bbox 1080 2098 1200 2133; x_wconf 82' lang='lat' dir='ltr'><strong>patiens;</strong></span> <span class='ocrx_word' id='word_1_620' title='bbox 1225 2098 1357 2133; x_wconf 86' lang='lat' dir='ltr'><strong>judicabit</strong></span> <span class='ocrx_word' id='word_1_621' title='bbox 1386 2104 1476 2125; x_wconf 87' lang='lat' dir='ltr'><strong>autcut</strong></span> <span class='ocrx_word' id='word_1_622' title='bbox 1491 2107 1587 2126; x_wconf 88' lang='lat' dir='ltr'><strong>atnaus</strong></span> <span class='ocrx_word' id='word_1_623' title='bbox 1600 2105 1627 2127; x_wconf 89' lang='lat' dir='ltr'><strong>et</strong></span> <span class='ocrx_word' id='word_1_624' title='bbox 1642 2099 1792 2127; x_wconf 83' lang='lat' dir='ltr'><strong>declarabit</strong></span> 
     </span>
    </p>
   </div>
   <div class='ocr_carea' id='block_1_88' title="bbox 1000 2144 1793 2179">
    <p class='ocr_par' dir='ltr' id='par_1_88' title="bbox 1000 2144 1793 2179">
     <span class='ocr_line' id='line_1_88' title="bbox 1000 2144 1793 2179; baseline 0.001 -8"><span class='ocrx_word' id='word_1_625' title='bbox 1000 2145 1064 2178; x_wconf 89' lang='lat' dir='ltr'><strong>quid</strong></span> <span class='ocrx_word' id='word_1_626' title='bbox 1080 2145 1116 2171; x_wconf 86' lang='lat' dir='ltr'><strong>sit</strong></span> <span class='ocrx_word' id='word_1_627' title='bbox 1132 2144 1208 2171; x_wconf 85' lang='lat' dir='ltr'><strong>vobis</strong></span> <span class='ocrx_word' id='word_1_628' title='bbox 1230 2145 1387 2179; x_wconf 85' lang='lat' dir='ltr'><strong>patiendum</strong></span> <span class='ocrx_word' id='word_1_629' title='bbox 1413 2149 1440 2171; x_wconf 91' lang='lat' dir='ltr'><strong>et</strong></span> <span class='ocrx_word' id='word_1_630' title='bbox 1471 2145 1706 2172; x_wconf 73' lang='lat' dir='ltr'><strong>exsolvendum...</strong></span> <span class='ocrx_word' id='word_1_631' title='bbox 1736 2145 1793 2172; x_wconf 83' lang='lat' dir='ltr'><strong>feli-</strong></span> 
     </span>
    </p>
   </div>
   <div class='ocr_carea' id='block_1_89' title="bbox 1000 2190 1792 2226">
    <p class='ocr_par' dir='ltr' id='par_1_89' title="bbox 1000 2190 1792 2226">
     <span class='ocr_line' id='line_1_89' title="bbox 1000 2190 1792 2226; baseline 0.001 -9"><span class='ocrx_word' id='word_1_632' title='bbox 1000 2191 1068 2218; x_wconf 82' lang='lat' dir='ltr'><strong>citer</strong></span> <span class='ocrx_word' id='word_1_633' title='bbox 1083 2190 1191 2224; x_wconf 89' lang='lat' dir='ltr'><strong>quidem</strong></span> <span class='ocrx_word' id='word_1_634' title='bbox 1210 2191 1307 2226; x_wconf 88' lang='lat' dir='ltr'><strong>pati</strong></span> <span class='ocrx_word' id='word_1_635' title='bbox 1325 2198 1359 2218; x_wconf 85' lang='lat' dir='ltr'><strong>ne</strong></span> <span class='ocrx_word' id='word_1_636' title='bbox 1381 2198 1423 2217; x_wconf 89' lang='lat' dir='ltr'><strong>ttte</strong></span> <span class='ocrx_word' id='word_1_637' title='bbox 1443 2199 1538 2218; x_wconf 85' lang='lat' dir='ltr'><strong>rursus</strong></span> <span class='ocrx_word' id='word_1_638' title='bbox 1559 2199 1669 2219; x_wconf 91' lang='lat' dir='ltr'><strong>atuor...</strong></span> <span class='ocrx_word' id='word_1_639' title='bbox 1684 2191 1792 2226; x_wconf 87' lang='lat' dir='ltr'><strong>judica-</strong></span> 
     </span>
    </p>
   </div>
   <div class='ocr_carea' id='block_1_90' title="bbox 156 2231 950 2272">
    <p class='ocr_par' dir='ltr' id='par_1_90' title="bbox 156 2231 949 2268">
     <span class='ocr_line' id='line_1_90' title="bbox 156 2231 949 2268; baseline 0.004 -11"><span class='ocrx_word' id='word_1_640' title='bbox 156 2231 297 2266; x_wconf 80' lang='grc' dir='ltr'>ψηφιεῖται</span> <span class='ocrx_word' id='word_1_641' title='bbox 307 2232 321 2258; x_wconf 83' lang='grc' dir='ltr'><strong>ὃ</strong></span> <span class='ocrx_word' id='word_1_642' title='bbox 334 2240 360 2258; x_wconf 94' lang='grc' dir='ltr'><strong>τι</strong></span> <span class='ocrx_word' id='word_1_643' title='bbox 371 2232 423 2267; x_wconf 81' lang='grc' dir='ltr'>χρὴ</span> <span class='ocrx_word' id='word_1_644' title='bbox 438 2231 534 2258; x_wconf 84' lang='grc' dir='ltr'>παθεῖν</span> <span class='ocrx_word' id='word_1_645' title='bbox 550 2231 841 2267; x_wconf 75' lang='grc' dir='ltr'>ὐμᾱςκαὶάποτίσαι...</span> <span class='ocrx_word' id='word_1_646' title='bbox 855 2233 884 2259; x_wconf 86' lang='grc' dir='ltr'>εὗ</span> <span class='ocrx_word' id='word_1_647' title='bbox 899 2234 949 2268; x_wconf 84' lang='grc' dir='ltr'>μὲν</span> 
     </span>
    </p>
   </div>
   <div class='ocr_carea' id='block_1_91' title="bbox 1005 2231 1792 2272">
    <p class='ocr_par' dir='ltr' id='par_1_91' title="bbox 1005 2235 1792 2272">
     <span class='ocr_line' id='line_1_91' title="bbox 1005 2235 1792 2272; baseline 0.003 -10"><span class='ocrx_word' id='word_1_648' title='bbox 1005 2235 1043 2263; x_wconf 89' lang='lat' dir='ltr'><strong>bit</strong></span> <span class='ocrx_word' id='word_1_649' title='bbox 1071 2240 1160 2262; x_wconf 87' lang='lat' dir='ltr'><strong>autem</strong></span> <span class='ocrx_word' id='word_1_650' title='bbox 1192 2243 1240 2262; x_wconf 88' lang='lat' dir='ltr'><strong>vos</strong></span> <span class='ocrx_word' id='word_1_651' title='bbox 1269 2239 1307 2262; x_wconf 87' lang='lat' dir='ltr'><strong>tot</strong></span> <span class='ocrx_word' id='word_1_652' title='bbox 1323 2235 1476 2263; x_wconf 83' lang='lat' dir='ltr'><strong>redditurus</strong></span> <span class='ocrx_word' id='word_1_653' title='bbox 1498 2236 1627 2270; x_wconf 78' lang='lat' dir='ltr'><strong>epistolas</strong></span> <span class='ocrx_word' id='word_1_654' title='bbox 1651 2244 1733 2272; x_wconf 84' lang='lat' dir='ltr'><strong>quam</strong></span> <span class='ocrx_word' id='word_1_655' title='bbox 1762 2241 1792 2264; x_wconf 86' lang='lat' dir='ltr'><strong>ut</strong></span> 
     </span>
    </p>
   </div>
   <div class='ocr_carea' id='block_1_92' title="bbox 157 2277 946 2315">
    <p class='ocr_par' dir='ltr' id='par_1_92' title="bbox 157 2277 946 2315">
     <span class='ocr_line' id='line_1_92' title="bbox 157 2277 946 2315; baseline 0.003 -11"><span class='ocrx_word' id='word_1_656' title='bbox 157 2277 254 2304; x_wconf 87' lang='grc' dir='ltr'>παθεῖν</span> <span class='ocrx_word' id='word_1_657' title='bbox 268 2278 356 2306; x_wconf 80' lang='grc' dir='ltr'><strong>ἀπο...</strong></span> <span class='ocrx_word' id='word_1_658' title='bbox 371 2287 415 2306; x_wconf 85' lang='grc' dir='ltr'><strong>ται</strong></span> <span class='ocrx_word' id='word_1_659' title='bbox 433 2279 476 2305; x_wconf 81' lang='grc' dir='ltr'>ἵνα</span> <span class='ocrx_word' id='word_1_660' title='bbox 501 2278 539 2314; x_wconf 85' lang='grc' dir='ltr'>μὴ</span> <span class='ocrx_word' id='word_1_661' title='bbox 550 2278 595 2305; x_wconf 77' lang='grc' dir='ltr'>τὸν</span> <span class='ocrx_word' id='word_1_662' title='bbox 607 2278 713 2313; x_wconf 75' lang='grc' dir='ltr'>ἐρῶντά</span> <span class='ocrx_word' id='word_1_663' title='bbox 731 2286 765 2314; x_wconf 82' lang='grc' dir='ltr'><strong>με</strong></span> <span class='ocrx_word' id='word_1_664' title='bbox 780 2279 897 2306; x_wconf 84' lang='grc' dir='ltr'>πάλιν...</span> <span class='ocrx_word' id='word_1_665' title='bbox 909 2281 946 2315; x_wconf 84' lang='lat' dir='ltr'><strong>(I)</strong></span> 
     </span>
    </p>
   </div>
   <div class='ocr_carea' id='block_1_93' title="bbox 1003 2280 1673 2314">
    <p class='ocr_par' dir='ltr' id='par_1_93' title="bbox 1003 2280 1673 2314">
     <span class='ocr_line' id='line_1_93' title="bbox 1003 2280 1673 2314; baseline 0.006 -9"><span class='ocrx_word' id='word_1_666' title='bbox 1003 2281 1131 2314; x_wconf 74' lang='lat' dir='ltr'><strong>prattcrili</strong></span> <span class='ocrx_word' id='word_1_667' title='bbox 1163 2281 1291 2314; x_wconf 89' lang='lat' dir='ltr'><strong>temporis</strong></span> <span class='ocrx_word' id='word_1_668' title='bbox 1320 2280 1458 2308; x_wconf 83' lang='lat' dir='ltr'><strong>silentium</strong></span> <span class='ocrx_word' id='word_1_669' title='bbox 1481 2281 1673 2309; x_wconf 89' lang='lat' dir='ltr'><strong>consolantini.</strong></span> 
     </span>
    </p>
   </div>
   <div class='ocr_carea' id='block_1_94' title="bbox 156 2323 1790 2364">
    <p class='ocr_par' dir='ltr' id='par_1_94' title="bbox 156 2323 1790 2364">
     <span class='ocr_line' id='line_1_94' title="bbox 156 2323 1790 2364; baseline 0.002 -13"><span class='ocrx_word' id='word_1_670' title='bbox 156 2325 298 2360; x_wconf 82' lang='grc' dir='ltr'>ψηφιεῖται</span> <span class='ocrx_word' id='word_1_671' title='bbox 321 2325 349 2352; x_wconf 86' lang='grc' dir='ltr'><strong>δὲ</strong></span> <span class='ocrx_word' id='word_1_672' title='bbox 380 2326 452 2361; x_wconf 82' lang='grc' dir='ltr'>ὑμᾶς</span> <span class='ocrx_word' id='word_1_673' title='bbox 473 2323 601 2351; x_wconf 80' lang='grc' dir='ltr'>ἀποτῖσαι</span> <span class='ocrx_word' id='word_1_674' title='bbox 630 2325 758 2358; x_wconf 81' lang='grc' dir='ltr'>τοιαύτας</span> <span class='ocrx_word' id='word_1_675' title='bbox 783 2325 945 2360; x_wconf 75' lang='grc' dir='ltr'>ἐπιστολὰς,</span> <span class='ocrx_word' id='word_1_676' title='bbox 964 2326 1035 2353; x_wconf 84' lang='grc' dir='ltr'>ὥστε</span> <span class='ocrx_word' id='word_1_677' title='bbox 1058 2326 1098 2362; x_wconf 84' lang='grc' dir='ltr'>τῷ</span> <span class='ocrx_word' id='word_1_678' title='bbox 1132 2326 1230 2362; x_wconf 86' lang='grc' dir='ltr'>πλήθει</span> <span class='ocrx_word' id='word_1_679' title='bbox 1248 2326 1295 2353; x_wconf 83' lang='grc' dir='ltr'>τοῦ</span> <span class='ocrx_word' id='word_1_680' title='bbox 1311 2326 1495 2362; x_wconf 81' lang='grc' dir='ltr'>προλαϐόντος</span> <span class='ocrx_word' id='word_1_681' title='bbox 1528 2327 1627 2363; x_wconf 81' lang='grc' dir='ltr'>χρόνου</span> <span class='ocrx_word' id='word_1_682' title='bbox 1659 2336 1790 2364; x_wconf 84' lang='grc' dir='ltr'>παραμυ,</span> 
     </span>
    </p>
   </div>
   <div class='ocr_carea' id='block_1_95' title="bbox 157 2372 467 2408">
    <p class='ocr_par' dir='ltr' id='par_1_95' title="bbox 157 2372 467 2408">
     <span class='ocr_line' id='line_1_95' title="bbox 157 2372 467 2408; baseline 0 -8"><span class='ocrx_word' id='word_1_683' title='bbox 157 2372 261 2400; x_wconf 83' lang='grc' dir='ltr'>θεῖσθαι</span> <span class='ocrx_word' id='word_1_684' title='bbox 279 2373 330 2407; x_wconf 80' lang='grc' dir='ltr'>τὴν</span> <span class='ocrx_word' id='word_1_685' title='bbox 349 2373 467 2408; x_wconf 84' lang='grc' dir='ltr'>σιωπήν.</span> 
     </span>
    </p>
   </div>
   <div class='ocr_carea' id='block_1_96' title="bbox 369 2418 734 2454">
    <p class='ocr_par' dir='ltr' id='par_1_96' title="bbox 369 2418 734 2454">
     <span class='ocr_line' id='line_1_96' title="bbox 369 2418 734 2454; baseline 0.003 -10"><span class='ocrx_word' id='word_1_686' title='bbox 369 2419 419 2446; x_wconf 82' lang='grc' dir='ltr'><strong>ΙΔ¹.</strong></span> <span class='ocrx_word' id='word_1_687' title='bbox 436 2418 575 2445; x_wconf 85' lang='lat' dir='ltr'><strong>BIKTOPI</strong></span> <span class='ocrx_word' id='word_1_688' title='bbox 591 2418 734 2454; x_wconf 80' lang='grc' dir='ltr'><strong>ΑΔΕΔΦῼ.</strong></span> 
     </span>
    </p>
   </div>
   <div class='ocr_carea' id='block_1_97' title="bbox 191 2464 946 2501">
    <p class='ocr_par' dir='ltr' id='par_1_97' title="bbox 191 2464 946 2501">
     <span class='ocr_line' id='line_1_97' title="bbox 191 2464 946 2501; baseline -0.001 -9"><span class='ocrx_word' id='word_1_689' title='bbox 191 2465 325 2500; x_wconf 83' lang='grc' dir='ltr'>Δέδεγμαι</span> <span class='ocrx_word' id='word_1_690' title='bbox 335 2464 366 2491; x_wconf 85' lang='grc' dir='ltr'>τδ</span> <span class='ocrx_word' id='word_1_691' title='bbox 384 2464 488 2500; x_wconf 80' lang='grc' dir='ltr'>βιὸλίον</span> <span class='ocrx_word' id='word_1_692' title='bbox 499 2465 530 2491; x_wconf 83' lang='grc' dir='ltr'>τὸ</span> <span class='ocrx_word' id='word_1_693' title='bbox 556 2465 610 2500; x_wconf 81' lang='grc' dir='ltr'>πρὸ</span> <span class='ocrx_word' id='word_1_694' title='bbox 637 2465 686 2500; x_wconf 77' lang='grc' dir='ltr'><strong>τῆς</strong></span> <span class='ocrx_word' id='word_1_695' title='bbox 700 2464 797 2501; x_wconf 68' lang='grc' dir='ltr'>πείρας</span> <span class='ocrx_word' id='word_1_696' title='bbox 809 2464 946 2500; x_wconf 82' lang='grc' dir='ltr'>ποθούμε-</span> 
     </span>
    </p>
   </div>
   <div class='ocr_carea' id='block_1_98' title="bbox 156 2509 946 2547">
    <p class='ocr_par' dir='ltr' id='par_1_98' title="bbox 156 2509 946 2547">
     <span class='ocr_line' id='line_1_98' title="bbox 156 2509 946 2547; baseline 0.014 -21"><span class='ocrx_word' id='word_1_697' title='bbox 156 2519 218 2538; x_wconf 65' lang='grc' dir='ltr'>νον.</span> <span class='ocrx_word' id='word_1_698' title='bbox 235 2512 295 2547; x_wconf 66' lang='grc' dir='ltr'>ἥκει</span> <span class='ocrx_word' id='word_1_699' title='bbox 314 2511 369 2547; x_wconf 74' lang='grc' dir='ltr'>γὰρ</span> <span class='ocrx_word' id='word_1_700' title='bbox 385 2512 419 2547; x_wconf 80' lang='grc' dir='ltr'>τῇ</span> <span class='ocrx_word' id='word_1_701' title='bbox 433 2511 483 2546; x_wconf 82' lang='grc' dir='ltr'>μὲν</span> <span class='ocrx_word' id='word_1_702' title='bbox 508 2510 638 2546; x_wconf 78' lang='grc' dir='ltr'>ἐπιστολῇ</span> <span class='ocrx_word' id='word_1_703' title='bbox 663 2509 821 2545; x_wconf 74' lang='grc' dir='ltr'>θαυμαστὸν</span> <span class='ocrx_word' id='word_1_704' title='bbox 842 2510 946 2545; x_wconf 78' lang='grc' dir='ltr'>ἡλίκον,</span> 
     </span>
    </p>
   </div>
   <div class='ocr_carea' id='block_1_99' title="bbox 155 2555 946 2594">
    <p class='ocr_par' dir='ltr' id='par_1_99' title="bbox 155 2555 946 2594">
     <span class='ocr_line' id='line_1_99' title="bbox 155 2555 946 2594; baseline -0.003 -10"><span class='ocrx_word' id='word_1_705' title='bbox 155 2558 194 2593; x_wconf 80' lang='grc' dir='ltr'>τῷ</span> <span class='ocrx_word' id='word_1_706' title='bbox 211 2558 239 2584; x_wconf 82' lang='grc' dir='ltr'><strong>δὲ</strong></span> <span class='ocrx_word' id='word_1_707' title='bbox 251 2557 394 2594; x_wconf 82' lang='grc' dir='ltr'>πράγματι</span> <span class='ocrx_word' id='word_1_708' title='bbox 412 2557 486 2590; x_wconf 77' lang='grc' dir='ltr'>ξένον</span> <span class='ocrx_word' id='word_1_709' title='bbox 506 2557 588 2593; x_wconf 79' lang='grc' dir='ltr'>φέρον</span> <span class='ocrx_word' id='word_1_710' title='bbox 602 2557 689 2589; x_wconf 77' lang='grc' dir='ltr'><strong>οὐδὲν,</strong></span> <span class='ocrx_word' id='word_1_711' title='bbox 704 2556 761 2583; x_wconf 85' lang='grc' dir='ltr'>ἀλλ’</span> <span class='ocrx_word' id='word_1_712' title='bbox 783 2555 798 2582; x_wconf 86' lang='grc' dir='ltr'><strong>ὃ</strong></span> <span class='ocrx_word' id='word_1_713' title='bbox 819 2556 868 2583; x_wconf 81' lang='grc' dir='ltr'>καὶ</span> <span class='ocrx_word' id='word_1_714' title='bbox 880 2556 946 2583; x_wconf 87' lang='grc' dir='ltr'>πολ-</span> 
     </span>
    </p>
   </div>
   <div class='ocr_carea' id='block_1_100' title="bbox 155 2600 947 2638">
    <p class='ocr_par' dir='ltr' id='par_1_100' title="bbox 155 2600 947 2638">
     <span class='ocr_line' id='line_1_100' title="bbox 155 2600 947 2638; baseline -0.003 -9"><span class='ocrx_word' id='word_1_715' title='bbox 155 2603 211 2630; x_wconf 67' lang='grc' dir='ltr'>λοῖς</span> <span class='ocrx_word' id='word_1_716' title='bbox 223 2603 271 2629; x_wconf 75' lang='grc' dir='ltr'>καὶ</span> <span class='ocrx_word' id='word_1_717' title='bbox 286 2602 419 2634; x_wconf 86' lang='grc' dir='ltr'>ποικίλοις</span> <span class='ocrx_word' id='word_1_718' title='bbox 432 2602 616 2629; x_wconf 77' lang='grc' dir='ltr'>ἐσπούδασται</span> <span class='ocrx_word' id='word_1_719' title='bbox 628 2610 634 2617; x_wconf 84' lang='grc'><em>’</em></span> <span class='ocrx_word' id='word_1_720' title='bbox 651 2601 698 2628; x_wconf 82' lang='grc' dir='ltr'><strong>σοῦ</strong></span> <span class='ocrx_word' id='word_1_721' title='bbox 720 2601 749 2628; x_wconf 74' lang='grc' dir='ltr'><strong>δὲ</strong></span> <span class='ocrx_word' id='word_1_722' title='bbox 766 2601 847 2638; x_wconf 84' lang='grc' dir='ltr'>χάριν</span> <span class='ocrx_word' id='word_1_723' title='bbox 868 2602 916 2628; x_wconf 77' lang='grc' dir='ltr'>καὶ</span> <span class='ocrx_word' id='word_1_724' title='bbox 933 2600 947 2627; x_wconf 88' lang='grc' dir='ltr'><strong>ὃ</strong></span> 
     </span>
    </p>
   </div>
   <div class='ocr_carea' id='block_1_101' title="bbox 154 2647 945 2684">
    <p class='ocr_par' dir='ltr' id='par_1_101' title="bbox 154 2647 945 2684">
     <span class='ocr_line' id='line_1_101' title="bbox 154 2647 945 2684; baseline 0 -10"><span class='ocrx_word' id='word_1_725' title='bbox 154 2649 184 2674; x_wconf 72' lang='grc' dir='ltr'><strong>τὸ</strong></span> <span class='ocrx_word' id='word_1_726' title='bbox 199 2648 302 2683; x_wconf 80' lang='grc' dir='ltr'>βέλτιον</span> <span class='ocrx_word' id='word_1_727' title='bbox 313 2648 402 2675; x_wconf 78' lang='grc' dir='ltr'>εἰπεῖν</span> <span class='ocrx_word' id='word_1_728' title='bbox 429 2647 585 2684; x_wconf 82' lang='grc' dir='ltr'>σεσιγὴσθω</span> <span class='ocrx_word' id='word_1_729' title='bbox 595 2655 601 2663; x_wconf 91' lang='grc'>·</span> <span class='ocrx_word' id='word_1_730' title='bbox 626 2647 684 2674; x_wconf 83' lang='grc' dir='ltr'>ἀλλ’</span> <span class='ocrx_word' id='word_1_731' title='bbox 701 2647 748 2674; x_wconf 81' lang='grc' dir='ltr'>οὖν</span> <span class='ocrx_word' id='word_1_732' title='bbox 769 2648 890 2674; x_wconf 88' lang='grc' dir='ltr'>κείσεται</span> <span class='ocrx_word' id='word_1_733' title='bbox 904 2656 945 2674; x_wconf 86' lang='grc' dir='ltr'><strong>σοι</strong></span> 
     </span>
    </p>
   </div>
   <div class='ocr_carea' id='block_1_102' title="bbox 154 2691 946 2730">
    <p class='ocr_par' dir='ltr' id='par_1_102' title="bbox 154 2691 946 2730">
     <span class='ocr_line' id='line_1_102' title="bbox 154 2691 946 2730; baseline -0.001 -9"><span class='ocrx_word' id='word_1_734' title='bbox 154 2695 233 2730; x_wconf 81' lang='grc' dir='ltr'>χάρις</span> <span class='ocrx_word' id='word_1_735' title='bbox 253 2695 293 2726; x_wconf 84' lang='grc' dir='ltr'><strong>είς</strong></span> <span class='ocrx_word' id='word_1_736' title='bbox 313 2695 384 2730; x_wconf 83' lang='grc' dir='ltr'>ἐμὴν</span> <span class='ocrx_word' id='word_1_737' title='bbox 405 2695 518 2730; x_wconf 85' lang='grc' dir='ltr'>μνήμην</span> <span class='ocrx_word' id='word_1_738' title='bbox 537 2694 713 2730; x_wconf 83' lang='grc' dir='ltr'>ἀνάγραπτος</span> <span class='ocrx_word' id='word_1_739' title='bbox 725 2702 732 2709; x_wconf 89' lang='grc'>·</span> <span class='ocrx_word' id='word_1_740' title='bbox 751 2694 823 2729; x_wconf 85' lang='grc' dir='ltr'>πλὴν</span> <span class='ocrx_word' id='word_1_741' title='bbox 837 2694 886 2729; x_wconf 86' lang='grc' dir='ltr'>οὐχ</span> <span class='ocrx_word' id='word_1_742' title='bbox 902 2691 946 2721; x_wconf 65' lang='grc' dir='ltr'>οἶα</span> 
     </span>
    </p>
   </div>
   <div class='ocr_carea' id='block_1_103' title="bbox 153 2740 946 2777">
    <p class='ocr_par' dir='ltr' id='par_1_103' title="bbox 153 2740 946 2777">
     <span class='ocr_line' id='line_1_103' title="bbox 153 2740 946 2777; baseline 0 -10"><span class='ocrx_word' id='word_1_743' title='bbox 153 2741 230 2776; x_wconf 77' lang='grc' dir='ltr'>παρὰ</span> <span class='ocrx_word' id='word_1_744' title='bbox 243 2740 282 2776; x_wconf 80' lang='grc' dir='ltr'>τῷ</span> <span class='ocrx_word' id='word_1_745' title='bbox 290 2741 432 2777; x_wconf 78' lang='grc' dir='ltr'>Παυσανίᾳ</span> <span class='ocrx_word' id='word_1_746' title='bbox 439 2741 477 2777; x_wconf 84' lang='grc' dir='ltr'>τῷ</span> <span class='ocrx_word' id='word_1_747' title='bbox 495 2741 532 2777; x_wconf 83' lang='grc' dir='ltr'>μὴ</span> <span class='ocrx_word' id='word_1_748' title='bbox 545 2741 626 2776; x_wconf 83' lang='grc' dir='ltr'>μέχρι</span> <span class='ocrx_word' id='word_1_749' title='bbox 639 2740 739 2772; x_wconf 74' lang='grc' dir='ltr'>παντὸς</span> <span class='ocrx_word' id='word_1_750' title='bbox 753 2742 946 2776; x_wconf 79' lang='grc' dir='ltr'>σωφρονοῦντι.</span> 
     </span>
    </p>
   </div>
   <div class='ocr_carea' id='block_1_104' title="bbox 160 2787 948 2824">
    <p class='ocr_par' dir='ltr' id='par_1_104' title="bbox 160 2787 948 2824">
     <span class='ocr_line' id='line_1_104' title="bbox 160 2787 948 2824; baseline -0.001 -9"><span class='ocrx_word' id='word_1_751' title='bbox 160 2787 189 2815; x_wconf 86' lang='grc'><strong>’0</strong></span> <span class='ocrx_word' id='word_1_752' title='bbox 202 2787 252 2823; x_wconf 81' lang='grc' dir='ltr'>μὲν</span> <span class='ocrx_word' id='word_1_753' title='bbox 267 2788 321 2822; x_wconf 75' lang='grc' dir='ltr'>γὰρ</span> <span class='ocrx_word' id='word_1_754' title='bbox 331 2788 391 2815; x_wconf 81' lang='grc' dir='ltr'><strong>οὐδὲ</strong></span> <span class='ocrx_word' id='word_1_755' title='bbox 419 2788 559 2820; x_wconf 77' lang='grc' dir='ltr'>Πλαταιὰς</span> <span class='ocrx_word' id='word_1_756' title='bbox 582 2788 727 2820; x_wconf 75' lang='grc' dir='ltr'>αἰδεσθεὶς,</span> <span class='ocrx_word' id='word_1_757' title='bbox 747 2787 809 2814; x_wconf 78' lang='grc' dir='ltr'>οὐδὲ</span> <span class='ocrx_word' id='word_1_758' title='bbox 830 2788 948 2824; x_wconf 81' lang='grc' dir='ltr'>τρόπαια</span> 
     </span>
    </p>
   </div>
   <div class='ocr_carea' id='block_1_105' title="bbox 1191 2415 1594 2444">
    <p class='ocr_par' dir='ltr' id='par_1_105' title="bbox 1191 2415 1594 2444">
     <span class='ocr_line' id='line_1_105' title="bbox 1191 2415 1594 2444; baseline 0.002 -1"><span class='ocrx_word' id='word_1_759' title='bbox 1191 2415 1258 2443; x_wconf 82' lang='lat' dir='ltr'><strong>XIV.</strong></span> <span class='ocrx_word' id='word_1_760' title='bbox 1285 2416 1423 2444; x_wconf 79' lang='lat' dir='ltr'><strong>VICTORI</strong></span> <span class='ocrx_word' id='word_1_761' title='bbox 1448 2416 1594 2444; x_wconf 76' lang='lat' dir='ltr'><strong>FRATRI.</strong></span> 
     </span>
    </p>
   </div>
   <div class='ocr_carea' id='block_1_106' title="bbox 1036 2463 1790 2500">
    <p class='ocr_par' dir='ltr' id='par_1_106' title="bbox 1036 2463 1790 2500">
     <span class='ocr_line' id='line_1_106' title="bbox 1036 2463 1790 2500; baseline 0.005 -10"><span class='ocrx_word' id='word_1_762' title='bbox 1036 2463 1166 2491; x_wconf 84' lang='lat' dir='ltr'><strong>Volutnen</strong></span> <span class='ocrx_word' id='word_1_763' title='bbox 1186 2467 1249 2490; x_wconf 86' lang='lat' dir='ltr'><strong>ante</strong></span> <span class='ocrx_word' id='word_1_764' title='bbox 1274 2464 1470 2498; x_wconf 78' lang='lat' dir='ltr'><strong>experientiam</strong></span> <span class='ocrx_word' id='word_1_765' title='bbox 1495 2463 1552 2498; x_wconf 86' lang='lat' dir='ltr'><strong>jam</strong></span> <span class='ocrx_word' id='word_1_766' title='bbox 1574 2469 1732 2500; x_wconf 84' lang='lat' dir='ltr'><strong>exoptatum</strong></span> <span class='ocrx_word' id='word_1_767' title='bbox 1745 2473 1790 2494; x_wconf 87' lang='lat' dir='ltr'><strong>re-</strong></span> 
     </span>
    </p>
   </div>
   <div class='ocr_carea' id='block_1_107' title="bbox 1000 2510 1790 2547">
    <p class='ocr_par' dir='ltr' id='par_1_107' title="bbox 1000 2510 1790 2547">
     <span class='ocr_line' id='line_1_107' title="bbox 1000 2510 1790 2547; baseline 0.003 -9"><span class='ocrx_word' id='word_1_768' title='bbox 1000 2511 1071 2545; x_wconf 80' lang='lat' dir='ltr'><strong>cepi.</strong></span> <span class='ocrx_word' id='word_1_769' title='bbox 1095 2510 1218 2538; x_wconf 84' lang='lat' dir='ltr'><strong>Mirabile</strong></span> <span class='ocrx_word' id='word_1_770' title='bbox 1243 2510 1315 2537; x_wconf 90' lang='lat' dir='ltr'><strong>euint</strong></span> <span class='ocrx_word' id='word_1_771' title='bbox 1338 2515 1470 2545; x_wconf 86' lang='lat' dir='ltr'><strong>quantum</strong></span> <span class='ocrx_word' id='word_1_772' title='bbox 1488 2518 1521 2537; x_wconf 83' lang='lat' dir='ltr'><strong>ex</strong></span> <span class='ocrx_word' id='word_1_773' title='bbox 1536 2515 1581 2538; x_wconf 85' lang='lat' dir='ltr'><strong>tua</strong></span> <span class='ocrx_word' id='word_1_774' title='bbox 1601 2511 1714 2547; x_wconf 85' lang='lat' dir='ltr'><strong>epistola</strong></span> <span class='ocrx_word' id='word_1_775' title='bbox 1742 2520 1790 2540; x_wconf 88' lang='lat' dir='ltr'><strong>vc-</strong></span> 
     </span>
    </p>
   </div>
   <div class='ocr_carea' id='block_1_108' title="bbox 1001 2555 1790 2591">
    <p class='ocr_par' dir='ltr' id='par_1_108' title="bbox 1001 2555 1790 2591">
     <span class='ocr_line' id='line_1_108' title="bbox 1001 2555 1790 2591; baseline 0.001 -8"><span class='ocrx_word' id='word_1_776' title='bbox 1001 2556 1057 2589; x_wconf 87' lang='lat' dir='ltr'><strong>nit,</strong></span> <span class='ocrx_word' id='word_1_777' title='bbox 1085 2555 1150 2582; x_wconf 90' lang='lat' dir='ltr'><strong>nihil</strong></span> <span class='ocrx_word' id='word_1_778' title='bbox 1186 2559 1275 2582; x_wconf 89' lang='lat' dir='ltr'><strong>tamen</strong></span> <span class='ocrx_word' id='word_1_779' title='bbox 1310 2555 1390 2582; x_wconf 87' lang='lat' dir='ltr'><strong>alieni</strong></span> <span class='ocrx_word' id='word_1_780' title='bbox 1425 2555 1512 2589; x_wconf 89' lang='lat' dir='ltr'><strong>reipsa</strong></span> <span class='ocrx_word' id='word_1_781' title='bbox 1543 2555 1712 2591; x_wconf 82' lang='lat' dir='ltr'><strong>adjunctum,</strong></span> <span class='ocrx_word' id='word_1_782' title='bbox 1743 2557 1790 2586; x_wconf 88' lang='lat' dir='ltr'><strong>sed</strong></span> 
     </span>
    </p>
   </div>
   <div class='ocr_carea' id='block_1_109' title="bbox 1000 2600 1791 2637">
    <p class='ocr_par' dir='ltr' id='par_1_109' title="bbox 1000 2600 1791 2637">
     <span class='ocr_line' id='line_1_109' title="bbox 1000 2600 1791 2637; baseline 0.003 -10"><span class='ocrx_word' id='word_1_783' title='bbox 1000 2602 1071 2636; x_wconf 88' lang='lat' dir='ltr'><strong>quod</strong></span> <span class='ocrx_word' id='word_1_784' title='bbox 1096 2601 1186 2628; x_wconf 87' lang='lat' dir='ltr'><strong>tttnltis</strong></span> <span class='ocrx_word' id='word_1_785' title='bbox 1205 2605 1232 2628; x_wconf 90' lang='lat' dir='ltr'><strong>et</strong></span> <span class='ocrx_word' id='word_1_786' title='bbox 1261 2600 1375 2628; x_wconf 86' lang='lat' dir='ltr'><strong>diversis</strong></span> <span class='ocrx_word' id='word_1_787' title='bbox 1391 2605 1545 2635; x_wconf 77' lang='lat' dir='ltr'><strong>exoptatur;</strong></span> <span class='ocrx_word' id='word_1_788' title='bbox 1562 2601 1600 2628; x_wconf 91' lang='lat' dir='ltr'><strong>tui</strong></span> <span class='ocrx_word' id='word_1_789' title='bbox 1616 2606 1705 2629; x_wconf 86' lang='lat' dir='ltr'><strong>autem</strong></span> <span class='ocrx_word' id='word_1_790' title='bbox 1728 2609 1791 2637; x_wconf 70' lang='lat' dir='ltr'><strong>gra-</strong></span> 
     </span>
    </p>
   </div>
   <div class='ocr_carea' id='block_1_110' title="bbox 1001 2646 1789 2683">
    <p class='ocr_par' dir='ltr' id='par_1_110' title="bbox 1001 2646 1789 2683">
     <span class='ocr_line' id='line_1_110' title="bbox 1001 2646 1789 2683; baseline 0 -9"><span class='ocrx_word' id='word_1_791' title='bbox 1001 2648 1036 2675; x_wconf 90' lang='lat' dir='ltr'><strong>tia</strong></span> <span class='ocrx_word' id='word_1_792' title='bbox 1053 2652 1175 2674; x_wconf 86' lang='lat' dir='ltr'><strong>taceatur</strong></span> <span class='ocrx_word' id='word_1_793' title='bbox 1200 2651 1228 2674; x_wconf 89' lang='lat' dir='ltr'><strong>et</strong></span> <span class='ocrx_word' id='word_1_794' title='bbox 1253 2648 1331 2681; x_wconf 86' lang='lat' dir='ltr'><strong>&#39;quod</strong></span> <span class='ocrx_word' id='word_1_795' title='bbox 1364 2646 1455 2674; x_wconf 85' lang='lat' dir='ltr'><strong>dicere</strong></span> <span class='ocrx_word' id='word_1_796' title='bbox 1470 2646 1587 2674; x_wconf 90' lang='lat' dir='ltr'><strong>melius.</strong></span> <span class='ocrx_word' id='word_1_797' title='bbox 1624 2646 1681 2674; x_wconf 88' lang='lat' dir='ltr'><strong>Tua</strong></span> <span class='ocrx_word' id='word_1_798' title='bbox 1702 2648 1789 2683; x_wconf 74' lang='lat' dir='ltr'><strong>gratia</strong></span> 
     </span>
    </p>
   </div>
   <div class='ocr_carea' id='block_1_111' title="bbox 1000 2692 1790 2728">
    <p class='ocr_par' dir='ltr' id='par_1_111' title="bbox 1000 2692 1790 2728">
     <span class='ocr_line' id='line_1_111' title="bbox 1000 2692 1790 2728; baseline 0 -8"><span class='ocrx_word' id='word_1_799' title='bbox 1000 2694 1027 2720; x_wconf 87' lang='lat' dir='ltr'><strong>itt</strong></span> <span class='ocrx_word' id='word_1_800' title='bbox 1042 2701 1100 2721; x_wconf 87' lang='lat' dir='ltr'><strong>utea</strong></span> <span class='ocrx_word' id='word_1_801' title='bbox 1113 2693 1243 2720; x_wconf 89' lang='lat' dir='ltr'><strong>memoria</strong></span> <span class='ocrx_word' id='word_1_802' title='bbox 1255 2693 1357 2728; x_wconf 80' lang='lat' dir='ltr'><strong>ab5que</strong></span> <span class='ocrx_word' id='word_1_803' title='bbox 1371 2692 1468 2720; x_wconf 88' lang='lat' dir='ltr'><strong>litteris</strong></span> <span class='ocrx_word' id='word_1_804' title='bbox 1480 2693 1653 2727; x_wconf 85' lang='lat' dir='ltr'><strong>perdurabit;</strong></span> <span class='ocrx_word' id='word_1_805' title='bbox 1667 2700 1745 2720; x_wconf 88' lang='lat' dir='ltr'><strong>secus</strong></span> <span class='ocrx_word' id='word_1_806' title='bbox 1758 2700 1790 2720; x_wconf 91' lang='lat' dir='ltr'><strong>ac</strong></span> 
     </span>
    </p>
   </div>
   <div class='ocr_carea' id='block_1_112' title="bbox 1000 2738 1788 2774">
    <p class='ocr_par' dir='ltr' id='par_1_112' title="bbox 1000 2738 1788 2774">
     <span class='ocr_line' id='line_1_112' title="bbox 1000 2738 1788 2774; baseline 0 -8"><span class='ocrx_word' id='word_1_807' title='bbox 1000 2741 1071 2774; x_wconf 88' lang='lat' dir='ltr'><strong>quod</strong></span> <span class='ocrx_word' id='word_1_808' title='bbox 1087 2740 1120 2767; x_wconf 90' lang='lat' dir='ltr'><strong>de</strong></span> <span class='ocrx_word' id='word_1_809' title='bbox 1137 2739 1270 2767; x_wconf 82' lang='lat' dir='ltr'><strong>Pausania</strong></span> <span class='ocrx_word' id='word_1_810' title='bbox 1285 2739 1330 2773; x_wconf 87' lang='lat' dir='ltr'><strong>qui</strong></span> <span class='ocrx_word' id='word_1_811' title='bbox 1350 2739 1376 2766; x_wconf 91' lang='lat' dir='ltr'><strong>in</strong></span> <span class='ocrx_word' id='word_1_812' title='bbox 1394 2739 1474 2766; x_wconf 80' lang='lat' dir='ltr'><strong>tinent</strong></span> <span class='ocrx_word' id='word_1_813' title='bbox 1505 2739 1615 2774; x_wconf 87' lang='lat' dir='ltr'><strong>sapiens</strong></span> <span class='ocrx_word' id='word_1_814' title='bbox 1644 2747 1695 2767; x_wconf 92' lang='lat' dir='ltr'><strong>non</strong></span> <span class='ocrx_word' id='word_1_815' title='bbox 1727 2738 1788 2766; x_wconf 77' lang='lat' dir='ltr'><strong>fuit:</strong></span> 
     </span>
    </p>
   </div>
   <div class='ocr_carea' id='block_1_113' title="bbox 1005 2784 1789 2821">
    <p class='ocr_par' dir='ltr' id='par_1_113' title="bbox 1005 2784 1789 2821">
     <span class='ocr_line' id='line_1_113' title="bbox 1005 2784 1789 2821; baseline 0.001 -9"><span class='ocrx_word' id='word_1_816' title='bbox 1005 2794 1091 2821; x_wconf 81' lang='lat' dir='ltr'><strong>neque</strong></span> <span class='ocrx_word' id='word_1_817' title='bbox 1107 2786 1177 2814; x_wconf 87' lang='lat' dir='ltr'><strong>cnim</strong></span> <span class='ocrx_word' id='word_1_818' title='bbox 1193 2784 1308 2813; x_wconf 77' lang='lat' dir='ltr'><strong>Plataeas</strong></span> <span class='ocrx_word' id='word_1_819' title='bbox 1323 2785 1459 2814; x_wconf 81' lang='lat' dir='ltr'><strong>reveritus</strong></span> <span class='ocrx_word' id='word_1_820' title='bbox 1473 2793 1562 2821; x_wconf 87' lang='lat' dir='ltr'><strong>neque</strong></span> <span class='ocrx_word' id='word_1_821' title='bbox 1577 2785 1718 2821; x_wconf 85' lang='lat' dir='ltr'><strong>splendido</strong></span> <span class='ocrx_word' id='word_1_822' title='bbox 1734 2789 1789 2813; x_wconf 88' lang='lat' dir='ltr'><strong>tro-</strong></span> 
     </span>
    </p>
   </div>
   <div class='ocr_carea' id='block_1_114' title="bbox 907 2833 1023 2864">
    <p class='ocr_par' dir='ltr' id='par_1_114' title="bbox 907 2833 1023 2864">
     <span class='ocr_line' id='line_1_114' title="bbox 907 2833 1023 2864; baseline -0.009 -2"><span class='ocrx_word' id='word_1_823' title='bbox 907 2833 1023 2864; x_wconf 69' lang='lat' dir='ltr'><strong>NOTAE.</strong></span> 
     </span>
    </p>
   </div>
   <div class='ocr_carea' id='block_1_115' title="bbox 190 2881 917 2920">
    <p class='ocr_par' dir='ltr' id='par_1_115' title="bbox 190 2881 917 2920">
     <span class='ocr_line' id='line_1_115' title="bbox 190 2881 917 2920; baseline -0.001 -10"><span class='ocrx_word' id='word_1_824' title='bbox 190 2883 321 2920; x_wconf 84' lang='lat' dir='ltr'><strong>(I)Inhis</strong></span> <span class='ocrx_word' id='word_1_825' title='bbox 337 2882 441 2911; x_wconf 88' lang='lat' dir='ltr'><strong>lacunis</strong></span> <span class='ocrx_word' id='word_1_826' title='bbox 450 2889 583 2918; x_wconf 85' lang='lat' dir='ltr'><strong>perpauca</strong></span> <span class='ocrx_word' id='word_1_827' title='bbox 602 2882 684 2909; x_wconf 85' lang='lat' dir='ltr'><strong>verba</strong></span> <span class='ocrx_word' id='word_1_828' title='bbox 703 2881 755 2916; x_wconf 79' lang='lat' dir='ltr'><strong>legi</strong></span> <span class='ocrx_word' id='word_1_829' title='bbox 769 2885 917 2917; x_wconf 85' lang='lat' dir='ltr'><strong>nequeunt.</strong></span> 
     </span>
    </p>
   </div>
   <div class='ocr_carea' id='block_1_116' title="bbox 301 2927 723 2961">
    <p class='ocr_par' dir='ltr' id='par_1_116' title="bbox 301 2927 723 2961">
     <span class='ocr_line' id='line_1_116' title="bbox 301 2927 723 2961; baseline -0.009 0"><span class='ocrx_word' id='word_1_830' title='bbox 301 2930 439 2961; x_wconf 76' lang='lat' dir='ltr'><strong>PATROL.</strong></span> <span class='ocrx_word' id='word_1_831' title='bbox 455 2930 512 2960; x_wconf 84' lang='lat' dir='ltr'><strong>Gn.</strong></span> <span class='ocrx_word' id='word_1_832' title='bbox 538 2927 723 2959; x_wconf 74' lang='lat' dir='ltr'><strong>LXXXVII.</strong></span> 
     </span>
    </p>
   </div>
   <div class='ocr_carea' id='block_1_117' title="bbox 1534 2923 1573 2952">
    <p class='ocr_par' dir='ltr' id='par_1_117' title="bbox 1534 2923 1573 2952">
     <span class='ocr_line' id='line_1_117' title="bbox 1534 2923 1573 2952; baseline 0 0"><span class='ocrx_word' id='word_1_833' title='bbox 1534 2923 1573 2952; x_wconf 82' lang='lat'><strong>86</strong></span> 
     </span>
    </p>
   </div>
  </div>
