1988 3079
181 143 252 179 2731

843 133 1022 166 PROCOPII
1042 132 1166 163 GAZ/EI

1741 125 1811 157 2732

181 202 267 237 pineo,
291 199 412 227 Barbare
444 196 583 225 tradidita
599 202 630 223 se
656 194 788 223 salvatam
817 193 971 225 Graeciam,

1034 192 1101 227 ρίλαι
1131 190 1274 227 προεδίδου
1300 187 1437 224 Βαρὸἀρῳ
1458 187 1507 222 τὴν
1529 187 1562 214 δι’
1580 186 1663 214 αὑτοῦ
1678 185 1812 213 σωθεῖσαν

181 248 259 284 quasi
278 253 330 274 non
358 244 536 280 patereturin
571 242 651 270 linem
695 248 726 269 se
747 240 852 268 felicem
884 247 968 268 esse.

182 293 222 320 Tu
236 299 301 320 vero
313 291 419 327 propria
429 296 595 322 memorans,
604 295 658 315 tton
672 291 713 315 est
724 287 794 321 qttod
807 293 860 313 non
874 286 969 319 facias;

184 339 335 367 remanebit
349 343 394 364 tua
420 337 517 370 gratia,
534 343 586 362 non
611 333 719 369 quidem
740 333 839 368 prima,
857 331 903 359 sed
924 338 972 365 per

182 382 290 414 Jovem,
305 381 360 416 pali
383 381 482 408 multas
499 381 622 415 priores,
647 382 675 405 et
689 378 791 410 altera;
814 384 866 403 una
882 381 971 403 autem

185 428 271 463 gratia
299 427 378 454 abiis
400 426 445 461 qui
462 425 593 453 beneficia
614 423 785 458 acceperint,
801 422 880 449 bonis
905 421 972 449 satis

184 474 258 508 erit,
278 475 304 501 id
323 478 413 501 autem
438 476 489 504 est,
521 471 677 499 meminisse
689 478 719 498 se
733 469 862 497 beneﬁcia
893 475 972 496 acce-

187 521 269 556 pisse.
298 520 362 547 Mihi
395 527 462 546 vero
488 518 628 552 conlingat
649 523 701 544 non
731 523 824 543 eorunt
851 514 973 542 oblivisci

185 568 284 603 quibus
319 567 442 592 voluntas
459 568 501 592 est
520 564 585 591 mihi
611 561 819 594 benefaciendi,
837 561 902 589 licet
919 568 974 589 non

186 614 219 641 ad
235 620 292 640 rem
307 611 444 639 deveniat.

455 655 513 682 XV.
530 652 690 681 DIODORO.

221 704 318 731 Adhuc
329 701 420 730 taces?
434 700 522 727 adhuc
537 706 585 726 nos
592 697 761 732 aspernaris?
771 696 809 724 Te
823 695 977 724 arbitrabar

189 751 215 777 in
231 749 398 777 saturitatem
417 747 523 774 venisse
539 745 671 779 superbia:
681 764 688 775 ,
707 744 751 771 etti
766 750 891 777 magnum
904 742 976 769 vide-

188 800 233 822 tur
245 794 341 826 silere;
370 801 419 820 nos
445 796 534 819 autent
552 798 580 817 re
598 789 768 817 ambitiosius
788 793 906 819 utemur,
923 793 977 822 quo

188 838 361 874 supercilium
386 842 495 872 propter
511 835 647 863 silentium
671 835 774 861 elatum
791 832 976 860 demittamus.

1028 238 1153 271 Ἐλλάδα,
1169 238 1265 272 ὥσπερ
1284 235 1335 262 οὐκ
1346 235 1451 270 ἀνέχων
1464 234 1504 266 είς
1518 234 1594 266 τέλος
1611 232 1728 268 εὐτυχὴς
1752 234 1812 259 ὲπι-

1024 286 1115 321 μεῖναι
1126 292 1133 299 ·
1151 284 1183 310 σὺ
1195 283 1224 309 δὲ
1239 282 1273 309 τὰ
1288 282 1378 308 οἰκεῖα.
1392 280 1554 315 πειριέπων,
1565 279 1627 306 οὐδὲ
1640 279 1654 306 ὅ
1665 288 1691 305 τι
1700 279 1738 314 μὴ
1749 279 1810 313 δρά-

1024 339 1091 362 σεις.
1104 329 1235 357 Κείσεταί
1253 337 1294 355 σοι
1309 328 1399 355 τοίνυν
1411 328 1427 362 ἡ
1439 327 1518 362 χάρις
1529 326 1560 353 ού
1579 325 1686 362 πρώτη,
1706 324 1744 360 μὰ
1753 324 1812 356 Δία,

1024 375 1092 410 πρὸς
1104 374 1214 405 πολλαῖς
1225 373 1254 400 δὲ
1268 372 1390 409 πρώταις
1405 372 1501 406 ἑτέρα·
1528 370 1578 406 μία
1598 370 1627 397 δὲ
1644 370 1724 405 χάρις
1737 369 1815 404 παρὰ

1023 421 1078 447 τῶν
1093 418 1123 446 εὖ
1139 419 1280 446 παθόντων
1304 418 1420 454 ἀργέσει
1441 417 1498 448 τοῖς
1516 416 1639 450 ἀγαθοῖς,
1660 414 1814 451 μεμνῆσθαι

1026 465 1106 502 μόνον
1119 466 1161 492 ὅτι
1175 464 1342 491 πεπόνθασιν
1353 472 1360 480 ·
1378 463 1441 499 ἐμοὶ
1463 462 1492 489 δὲ
1509 462 1616 497 γένοιτο
1631 462 1660 488 τὸ
1677 461 1744 496 μηδὲ
1759 460 1814 486 τῶν

1026 513 1108 548 μέχρι
1121 512 1219 547 βουλῆς
1230 511 1351 538 εύποιεῖν
1367 509 1514 537 ἐθελόντων
1529 509 1712 544 ἀμνημονεῖν·
1726 507 1750 533 εἰ
1765 507 1815 533 καὶ

1028 558 1068 594 μὴ
1080 557 1166 593 πέρας
1181 556 1259 583 ἔσται
1274 557 1330 588 τοῖς
1346 555 1480 589 δόξουσιν.

1307 644 1359 673 IE’.
1382 645 1533 679 ΔΙΟΔΩΡῼ.

1063 695 1123 721 Ἔτι
1136 694 1231 728 σιγᾷς;
1243 693 1284 720 ἐτι
1300 691 1475 726 περιφρονείς
1493 691 1527 716 τὰ
1540 688 1679 725 ήμέτερα;
1695 687 1748 714 Καὶ
1763 687 1817 722 μὴν

1027 740 1107 777 ᾣμην
1119 749 1149 767 σε
1162 739 1230 775 πρὸς
1248 738 1330 774 κόρον
1357 736 1471 772 άφίχθαι
1497 736 1690 770 φρονήματος·
1718 732 1817 766 σεμνὸν

1029 787 1079 822 μὲν
1090 785 1241 821 ἡγούμενον
1255 784 1285 811 τὸ
1296 783 1386 818 σιγᾷν,
1408 782 1486 818 ἡμῶν
1494 782 1521 808 δὲ
1533 780 1738 815 φιλοτιμότερον
1748 786 1818 813 χρη-

1030 832 1152 867 σομένων
1177 830 1217 866 τῷ
1247 830 1401 865 πράγματι,
1428 828 1472 854 ἵνα
1486 827 1534 854 καὶ
1555 826 1710 860 νικήσωμεν
1733 823 1819 859 ὀφρὺν

188 870 300 913 ldenim
312 870 543 912 solituntaStatim
555 885 583 908 ιιι
594 880 728 909 αιτιοι-ειη
742 878 906 912 viderisalte
917 885 980 912 pro-

1034 878 1073 906 διὰ
1087 879 1168 913 σιγὴν
1186 876 1347 913 ἐπηρμένην
1356 883 1363 892 ⁸
1376 875 1451 901 τουτὶ
1462 873 1516 909 γὰρ
1530 874 1619 900 ἐκεῖνο
1639 871 1670 898 τὸ
1692 870 1819 904 σύνηθες.

189 931 311 968 grederis
322 935 349 957 et
361 929 432 965 quod
450 929 477 955 in
491 927 610 955 sublime
628 925 719 954 Persei
733 925 786 953 alis
798 932 850 952 non
864 924 975 956 levaris,

190 976 328 1008 irasceris;
340 979 433 1002 nostra
449 978 538 1000 autem
552 971 735 999 consideranti
748 977 861 1005 parvum
878 969 941 1003 qttid
951 973 979 996 et

189 1022 268 1057 quasi
288 1020 353 1048 nihil
373 1020 511 1047 videntur.
526 1018 620 1052 Itaque
631 1017 716 1051 legem
729 1017 867 1050 antiquant
877 1019 903 1043 et
917 1015 977 1042 ubi—

190 1074 243 1102 que
255 1069 391 1100 potontem
405 1071 434 1091 es
446 1068 636 1098 trangresstts:
654 1065 761 1096 oportet
774 1062 857 1092 enim,
870 1059 978 1095 quando

189 1113 260 1147 quis,
272 1111 367 1138 solitos
385 1110 552 1144 relinquens,
570 1108 603 1135 ad
619 1107 687 1134 alios
702 1106 880 1139 transcurrit,
902 1105 977 1132 illum

190 1158 277 1193 primo
295 1156 394 1185 litteris
410 1154 564 1183 describere
587 1153 723 1188 quotnodo
743 1159 820 1179 mare
833 1156 910 1179 actus
932 1151 978 1183 sit,

190 1210 250 1238 qua:
261 1207 333 1229 terra
344 1208 404 1229 eum
416 1199 606 1231 transmiserit,
619 1202 708 1225 utrunt
724 1198 792 1225 bene
805 1197 978 1228 successerit,

191 1254 284 1275 utrum
295 1245 482 1275 benevolentia
495 1245 576 1272 fuerit
590 1249 735 1279 acceptus:
748 1250 863 1277 quorum
875 1242 942 1269 nihil
951 1246 979 1268 tu

191 1293 285 1321 dixisti
312 1299 362 1320 nec
379 1291 546 1319 narrandum
568 1290 744 1320 habebamus,
761 1288 809 1316 sed
825 1295 868 1315 me
878 1287 980 1322 judice,

191 1339 310 1374 piscibus
326 1337 410 1371 tttagis
429 1336 501 1364 l‘uisti
513 1341 614 1367 ntutus,
629 1343 662 1361 ne
677 1339 769 1361 autent
782 1332 894 1361 silentio
909 1332 980 1359 ami-

191 1384 255 1411 citia
267 1382 396 1418 paulatim
409 1381 435 1408 in
450 1381 611 1408 oblivionem
625 1378 742 1411 decidat,
755 1385 812 1406 rem
828 1384 928 1405 renavo
953 1380 981 1403 et

192 1429 243 1457 tibi
266 1429 301 1457 llo
321 1428 447 1461 amicior;
467 1431 493 1454 tu
519 1434 595 1458 vero,
614 1430 644 1453 ut
658 1425 776 1457 solebas,
792 1424 817 1451 in
832 1422 981 1450 amicitiam

193 1475 264 1511 apud
278 1481 340 1507 nos,
364 1478 408 1500 tua
424 1472 511 1508 gratia
539 1471 610 1506 digni
626 1491 634 1504 ,
650 1470 761 1504 jocare.
787 1468 863 1502 Quod
878 1467 900 1495 si
917 1467 982 1502 quid

192 1519 293 1547 accidit
313 1517 437 1550 molesti,
466 1516 554 1545 ventis
574 1515 746 1550 permittatur
759 1518 786 1541 et
801 1513 981 1541 huntanarum

194 1571 286 1592 rerum
306 1563 420 1591 fortunae
434 1570 494 1597 qua:
517 1566 608 1588 nostra
625 1560 706 1594 inque
719 1559 807 1594 deque
823 1559 983 1593 pertutbare

194 1610 344 1639 delectatur
365 1613 392 1637 et
415 1608 507 1643 rapida
524 1607 690 1634 volutatione
704 1606 779 1640 agit,
795 1605 862 1632 nihil
892 1604 984 1632 volens

194 1657 293 1685 stabile
315 1661 362 1684 attt
379 1655 516 1682 immobile
531 1654 637 1680 videre.
660 1652 758 1679 Malum
774 1651 899 1686 equidem
923 1658 985 1678 cen-

195 1709 243 1730 seo
254 1709 315 1729 esse
328 1700 459 1732 dolorem,
482 1699 566 1727 ntulto
580 1704 669 1725 autem
689 1698 765 1733 pejus
783 1697 817 1724 iis
832 1697 878 1731 qui
901 1703 982 1730 spec-

196 1748 286 1776 taculo
323 1747 483 1774 adfuerunt.
522 1745 623 1777 Puella,
671 1744 791 1771 nondum
826 1742 986 1778 propinquis

195 1793 322 1820 omnibus
335 1797 410 1822 nota,
426 1799 476 1826 pro
499 1791 619 1818 thalamo
630 1790 663 1817 ad
679 1789 833 1824 sepulcrum
864 1788 984 1820 ducitur;

196 1839 288 1873 sponsi
304 1839 398 1865 inanes
413 1845 485 1872 spes;
500 1837 590 1872 pactio
605 1835 813 1863 matrimonialis
835 1834 983 1867 discerpta.

197 1884 336 1917 Miserum,
358 1889 387 1911 ut
412 1884 540 1916 arbitror,
557 1886 585 1910 et
604 1883 675 1916 quod
690 1881 748 1909 lteri
771 1889 823 1907 tton
839 1879 984 1907 debuerit:

200 1939 254 1958 tton
269 1936 360 1958 autent
375 1931 401 1957 itt
417 1939 465 1957 nos
478 1930 594 1965 primum
608 1929 696 1957 szeviit
712 1928 831 1961 fortuna,
841 1927 887 1954 sed
902 1926 986 1961 pluri-

198 1976 325 2012 tttasjam
356 1976 424 2003 alias
452 1975 547 2010 patria:
570 1976 679 2009 eripuit,
695 1973 842 2001 thalamum
864 1973 889 1999 in
906 1971 987 1999 funus

198 2028 372 2050 convertens.
389 2022 460 2055 Quot
494 2021 627 2053 homines,
655 2027 704 2055 spe
722 2020 784 2047 elati
798 2027 846 2055 per
866 2026 925 2045 eam
946 2017 987 2044 fa-.

198 2068 260 2095 bula
287 2067 351 2095 facti
372 2067 454 2094 sunt!
481 2066 534 2094 Sed
554 2073 604 2094 nec
625 2066 760 2094 sententia
785 2065 885 2098 vincit;
907 2063 988 2091 simul

199 2121 232 2141 ac
259 2113 329 2146 vult,
355 2113 400 2146 lit;
424 2113 503 2140 ccdat
528 2111 699 2147 philosophia
721 2116 749 2139 et
772 2110 926 2142 voluntas;
942 2108 987 2135 ali-

199 2157 267 2193 quid
289 2158 325 2185 sit
344 2158 459 2192 amplius
483 2158 515 2184 iis
534 2156 580 2191 qui
605 2155 807 2184 incumbunt...
827 2154 899 2182 scire
915 2153 988 2180 ferre

1029 925 1105 960 ’Ἅμα
1121 924 1169 950 καὶ
1183 924 1233 958 τὴν
1245 921 1385 956 Καίσαρος
1402 917 1482 952 είδες,
1510 918 1558 945 καὶ
1572 918 1675 953 βαίνεις
1693 915 1760 951 ὑψοῦ
1772 915 1822 942 καὶ

1028 970 1204 1005 ἀγανακτεῖς,
1217 969 1260 995 ὃτι
1275 967 1312 1003 μὴ
1324 967 1362 993 Ile
1369 967 1455 1002 ρσέως
1462 966 1571 1000 πτεροῖς
1586 963 1651 999 αἴρῃ
1667 962 1802 1001 μετέωρος
1813 969 1820 976 ·

1030 1017 1064 1043 τά
1075 1015 1104 1042 δὲ
1121 1014 1245 1050 ἡμέτερά
1257 1022 1302 1040 σοι
1318 1011 1497 1047 λογιζομένῳ,
1524 1010 1611 1045 μικρά
1628 1017 1658 1035 τε
1679 1008 1718 1034 ἔτι
1733 1007 1822 1034 δοκεῖν

1028 1062 1076 1089 καὶ
1093 1060 1186 1087 οὐδέν·
1210 1059 1272 1086 ὅθεν
1293 1067 1334 1085 σοι
1362 1058 1445 1092 νόμος
1472 1055 1587 1086 παλαιὸς
1613 1054 1662 1080 καὶ
1683 1051 1822 1087 πανταχοῦ

1029 1106 1141 1143 κρατῶν
1157 1105 1350 1141 παρεὸαίνετο.
1363 1103 1424 1138 Χρὴ
1437 1102 1491 1137 γὰρ
1500 1101 1610 1128 ἐπειδάν
1619 1108 1662 1131 τις
1677 1099 1739 1130 τοὺς
1756 1106 1822 1124 συν-

1029 1153 1106 1189 ήθεις
1118 1149 1278 1178 καταλιπὼν
1296 1149 1340 1176 ἐπ’
1357 1148 1517 1177 ἀλλοδαποῖς
1536 1145 1622 1172 ἰθύνοι
1647 1144 1694 1171 τὸν
1710 1143 1822 1179 δρόμον,

1030 1199 1112 1226 αύτδν
1125 1196 1195 1225 εἰναι
1206 1197 1315 1232 πρῶτον
1333 1195 1379 1222 τὸν
1399 1193 1602 1224 ἐπιστέλλοντα,
1626 1192 1717 1217 ὁποῖον
1740 1189 1824 1216 αὑτὸν

1029 1242 1097 1281 ἦγεν
1106 1245 1123 1279 ἠ
1135 1243 1266 1275 θάλαττα,
1283 1242 1357 1273 ὅπως
1368 1241 1385 1275 ἡ
1398 1239 1434 1275 γῆ
1448 1239 1530 1266 τοῦτο
1546 1236 1738 1272 ὁδοιποροῦντα
1752 1243 1824 1270 παρ-

1031 1291 1165 1324 έπεμπεν,
1181 1290 1205 1315 εἰ
1217 1287 1341 1324 χρηστῆς
1366 1286 1492 1321 ἀπήλαυε
1522 1284 1618 1320 τύχης,
1636 1284 1660 1309 εἰ
1683 1283 1728 1308 τὸν
1741 1282 1824 1308 αὺτιρν

1032 1335 1155 1372 εὐμενῶς
1184 1333 1347 1369 ὑπεδέχετο·
1364 1331 1466 1359 τούτων
1491 1331 1540 1366 μὲν
1556 1329 1638 1361 αὐτὸς
1652 1329 1721 1363 ἔφης
1735 1327 1824 1359 οὐδὲν,

1032 1382 1090 1409 οὐθ’
1101 1382 1183 1417 ἡμεῖς
1196 1380 1298 1415 ἔχομεν
1315 1376 1513 1414 διηγήσασθαι·
1524 1375 1594 1402 ἀλλά
1613 1375 1714 1410 τούμὺν
1729 1374 1824 1409 μέρος.

1033 1427 1125 1454 αὐτῶν
1141 1424 1242 1460 ἰχθύων
1255 1423 1370 1458 γέγονας
1396 1421 1567 1456 ἀφωνότερος
1578 1428 1586 1435 ·
1610 1419 1669 1446 ἀλλ’
1684 1419 1727 1445 ἵνα
1741 1418 1778 1453 μὴ
1791 1417 1826 1443 τὰ

1033 1471 1086 1507 τῆς
1102 1469 1193 1504 φιλίας
1208 1469 1241 1504 τῇ
1259 1469 1322 1503 σιγῇ
1336 1466 1403 1502 πρὸς
1418 1465 1503 1501 λήθην
1521 1465 1632 1491 ἐλθόντα
1643 1463 1714 1490 κατὰ
1729 1462 1827 1498 μικρὸν

1035 1516 1170 1552 ὑπορῤέῃ,
1188 1513 1355 1549 ἀνανεοῦμαι
1371 1512 1453 1539 πάλιν
1472 1511 1502 1538 τὸ
1519 1512 1635 1546 πρᾶγμα
1649 1509 1697 1537 καὶ
1715 1507 1827 1543 γίνομαί

1035 1571 1077 1589 σοι
1104 1560 1379 1597 φιλανθρωπότερος·
1401 1558 1450 1585 καὶ
1479 1557 1512 1583 σὺ
1535 1555 1604 1588 πρὸς
1627 1554 1719 1590 φιλίαν
1744 1552 1827 1584 παῖζε

1035 1608 1103 1643 πρὸς
1117 1608 1191 1643 ἡμᾶς
1205 1606 1240 1634 τὰ
1251 1605 1356 1641 συνήθη
1379 1604 1427 1631 καὶ
1452 1603 1503 1638 τῆς
1521 1602 1571 1637 σῆς
1585 1601 1696 1637 χάριτος
1711 1600 1784 1632 ἀξια.
1795 1599 1828 1625 Εἰ

1035 1654 1064 1681 δέ
1078 1663 1104 1680 τι
1116 1649 1212 1688 γέγονε
1234 1651 1290 1678 τῶν
1318 1649 1467 1681 ἁνιὼντων,
1492 1647 1591 1683 αὔραις
1609 1647 1690 1674 τοῦτο
1702 1645 1827 1676 διδόσθω,

1036 1701 1084 1727 καὶ
1095 1701 1129 1735 τῇ
1145 1699 1219 1734 τύχῃ
1233 1697 1288 1724 τῶν
1306 1696 1484 1731 ἀνθρωπίνων
1503 1693 1686 1729 πραγμάτων,
1709 1692 1771 1727 ἥτις
1785 1692 1829 1717 ὲν-

1035 1745 1167 1781 τρυφῶσα
1181 1745 1238 1775 τοῖς
1250 1742 1396 1779 ἡμετέροις
1419 1741 1475 1768 ἀνω
1491 1739 1540 1766 καὶ
1551 1739 1626 1766 κάτω
1653 1737 1765 1772 μεταθεῖ
1780 1737 1829 1763 καὶ

1037 1791 1152 1826 βραχείᾳ
1182 1790 1254 1825 ῥοπῇ
1282 1787 1490 1824 μεταϐάλλεται,
1517 1785 1599 1821 μηδὲν
1619 1784 1748 1811 ἐθέλουσα
1766 1782 1825 1817 βλέ-

1037 1846 1097 1864 πειν
1115 1836 1232 1871 ἑστηκὸς
1247 1834 1295 1861 καὶ
1319 1834 1462 1869 ἀκίνητον·
1483 1832 1530 1859 καὶ
1544 1831 1631 1858 δεινὸν
1644 1830 1692 1866 μὲν
1704 1827 1781 1864 οἶμαι
1797 1828 1830 1854 τὸ

1035 1882 1133 1914 πάθος,
1144 1881 1295 1913 δεινότερον
1311 1880 1340 1906 δὲ
1355 1880 1412 1910 τοῖς
1426 1878 1509 1905 εἰδόσι
1523 1877 1554 1903 τὺ
1572 1877 1676 1910 θέαμα’
1694 1875 1762 1910 κόρη
1777 1883 1816 1910 μη

1035 1927 1064 1953 δὲ
1079 1928 1136 1958 τοῖς
1146 1925 1258 1956 οίκείοις
1269 1924 1373 1952 ἅπασιν
1389 1923 1561 1957 ἐγνωσμένη,
1575 1921 1604 1948 ὲν
1615 1920 1724 1947 πάντων
1736 1919 1830 1954 ὕψεσιν

1038 1973 1100 1999 ἀντὶ
1113 1971 1250 2002 παστάδος
1274 1969 1396 2005 ἀγομένη
1412 1968 1481 2004 πρός
1495 1967 1590 2002 τάφον.
1617 1966 1672 1993 Καὶ
1687 1965 1764 1992 κεναὶ
1779 1965 1830 1999 μὲν

1036 2018 1160 2046 ἐντεῦθεν
1173 2017 1330 2052 μνηστῆρος
1349 2015 1468 2046 ἐλπίδες,
1483 2013 1631 2048 συγγραφὴ
1648 2012 1677 2039 δὲ
1693 2011 1830 2047 γαμήλιος

1037 2064 1081 2091 ἐπ’
1092 2064 1162 2099 αὐτῇ
1183 2062 1364 2098 διερρήγνυτο
1376 2068 1383 2076 ·
1402 2060 1477 2088 δεινὰ
1502 2060 1552 2095 μὲν
1578 2057 1654 2094 οἶμαι
1669 2057 1765 2089 ταῦτα,
1781 2057 1830 2084 καὶ

1036 2110 1087 2136 οὐκ
1102 2109 1190 2143 ὢφελε
1200 2107 1326 2143 γενέσθαι
1340 2115 1348 2122 '
1379 2107 1450 2142 πλὴν
1473 2106 1525 2132 ούκ
1539 2105 1581 2140 ἐφ’
1601 2104 1680 2140 ήμῶν
1696 2103 1831 2138 πρῶτονή

1037 2155 1107 2190 τύχη
1124 2154 1316 2190 στρατεύεται,
1327 2152 1428 2185 πολλὰς
1435 2153 1485 2188 ήδη
1498 2160 1550 2179 που
1565 2151 1612 2178 καὶ
1623 2150 1706 2182 ἄλλας
1719 2151 1829 2185 ἥρπασε

198 2201 310 2229 vulnera
325 2201 459 2228 fortunat:
483 2199 567 2228 miror
581 2199 653 2227 enim
678 2206 728 2234 ego
754 2197 827 2226 illum
850 2197 896 2232 qui
918 2196 981 2224 dixit

1039 2200 1090 2236 τῆς
1121 2199 1262 2236 πατρίδος,
1291 2199 1340 2227 καὶ
1367 2198 1503 2234 νυμφικὺν
1529 2198 1650 2233 θάλαμον
1674 2197 1715 2229 εἰς
1732 2197 1832 2233 θρῆνον

198 2247 356 2281 sapienter:
372 2246 437 2273 Cum
460 2253 511 2272 non
531 2245 659 2272 eveniant
680 2252 740 2279 quae
763 2244 898 2276 volumus,
925 2249 986 2278 quae

200 2293 329 2319 eveniunt
342 2291 547 2319 vclimus.Abit
574 2296 674 2318 terram
699 2290 853 2325 relinquens
875 2293 906 2317 ut
918 2297 985 2316 con-

197 2338 265 2373 jugii
294 2337 364 2365 mala
380 2343 407 2365 et
424 2337 571 2364 liberorum
597 2340 701 2371 partus,
731 2335 754 2363 si
772 2335 854 2362 futuri
875 2339 988 2368 essent;

199 2384 377 2418 practermitto
403 2388 491 2410 autem
509 2382 663 2410 nutricialia
681 2381 801 2416 pericula
816 2385 842 2408 et
858 2381 928 2408 inter
950 2380 991 2407 fc~

199 2428 329 2456 licitatctn
361 2430 482 2461 titnorcs,
513 2436 546 2456 ne
575 2428 680 2456 scilicet
708 2427 887 2463 prmsentibus
909 2427 987 2455 bonis

198 2475 357 2508 excidatur;
377 2476 454 2502 malis
469 2475 531 2502 vitae
550 2475 635 2502 libera
650 2474 718 2507 abit,
735 2475 806 2500 viam
820 2481 884 2500 vere
904 2473 986 2500 latam

198 2521 354 2556 ingrediens
371 2526 398 2548 et
414 2529 494 2556 quant
523 2527 619 2547 onmes
648 2527 698 2547 nes
714 2519 819 2555 ingredi
834 2522 942 2554 oportet
956 2525 989 2545 eo

199 2566 270 2600 quod
287 2567 343 2593 nati
360 2573 454 2594 sumus
467 2585 475 2593 .

1039 2246 1197 2282 μετέϐαλεν,
1214 2247 1247 2272 ’Ὼ
1261 2246 1339 2272 πόσοι
1367 2247 1429 2277 ταῖς
1443 2245 1534 2272 ἐλπίσι
1554 2243 1724 2280 τρυφῶντες,
1746 2243 1833 2278 μῦθος

1038 2292 1082 2319 διὰ
1105 2292 1208 2327 ταύτην
1238 2291 1379 2326 ἐγένοντο·
1395 2291 1454 2318 ἀλλ’
1468 2291 1529 2318 οὐδὲ
1544 2292 1576 2325 τῇ
1595 2290 1679 2326 ψήφῳ
1690 2290 1767 2325 νικᾷ·
1784 2291 1833 2316 καὶ

1039 2337 1098 2372 ἀμα
1108 2346 1134 2363 τι
1146 2337 1216 2364 θέλει
1238 2337 1287 2364 καὶ
1301 2336 1426 2372 γίνεται“
1457 2335 1580 2362 νικάσθω
1608 2334 1754 2370 φιλοσοφία
1783 2334 1832 2361 καὶ.

1036 2382 1139 2418 -γνώμη
1153 2390 1160 2397 ·
1186 2383 1233 2410 καὶ
1248 2383 1319 2409 ἔστω
1345 2391 1370 2408 τι
1395 2382 1476 2408 πλέον
1491 2382 1548 2412 τοῖς
1565 2380 1757 2416 ἀνακειμένοις
1770 2381 1832 2412 ταῖς

1043 2428 1161 2464 μούσαις
1179 2428 1210 2454 τὸ
1228 2427 1321 2463 φέρειν
1337 2427 1435 2454 εἰδέναι
1449 2427 1498 2459 τὰς
1511 2427 1607 2462 τύχας.
1624 2426 1762 2461 Θαυμάζω
1777 2426 1833 2460 γὰρ

1041 2473 1130 2508 ἔγωγε
1153 2473 1258 2500 καὶτὸν
1275 2473 1406 2508 εἰρηκότα
1422 2472 1513 2507 σοφῶς
1528 2480 1535 2487 '
1559 2472 1628 2499 Ἀλλ’
1639 2471 1734 2507 ἐπειδὴ
1742 2472 1779 2507 μὴ
1790 2472 1833 2505 γί-

1042 2528 1117 2547 νεται
1139 2519 1158 2547 ἃ.
1180 2519 1304 2554 Θέλομεν,
1321 2519 1482 2554 θελήσωμεν
1505 2518 1540 2545 τὰ
1562 2518 1711 2553 γινόμενα·
1727 2518 1832 2552 οἴχεται

1043 2565 1092 2601 τὴν
1114 2565 1166 2600 γῆν
1195 2564 1377 2598 ἀπολιποῦσα,
1399 2565 1448 2592 καὶ
1468 2564 1559 2599 γάμου
1579 2563 1652 2590 κακὰ
1670 2563 1716 2591 καὶ
1729 2563 1833 2589 παίδων

198 2614 308 2647 ὠδῖνας,
325 2615 417 2641 εἴποτε
433 2615 480 2642 καὶ
506 2614 650 2649 ἐγένοντο·
668 2615 716 2642 καὶ
739 2614 835 2641 σιωπῶ
859 2613 924 2646 τοὺς
938 2614 989 2649 τῆς
1007 2614 1203 2649 παιδοτροφίας
1217 2613 1369 2646 κινδύνους,
1388 2613 1437 2641 καὶ
1462 2613 1508 2640 τὸν
1523 2613 1553 2640 ἐν
1585 2612 1699 2648 εὐτυχίᾳ
1737 2612 1830 2646 φόῦον,

201 2665 238 2700 μή
254 2672 320 2690 ποτε
336 2663 441 2698 γένοιτο
456 2663 509 2690 τῶν
526 2663 669 2698 παρόντων
684 2663 847 2698 διαμαρτεῖν
858 2671 866 2677 ·
884 2662 940 2689 τῶν
977 2662 1006 2689 δὲ
1027 2663 1186 2698 συντρόφων
1201 2663 1241 2698 τῷ
1257 2662 1307 2697 βίῳ
1317 2662 1411 2688 κακῶν
1429 2661 1565 2697 γενομένη
1585 2659 1694 2687 πάντων
1724 2658 1833 2687 ελεύθετ

201 2719 248 2746 ρος
261 2710 365 2746 οἴχεται
379 2709 516 2744 λεωφόρον
533 2709 618 2741 ὅντως
631 2709 702 2743 όδὺν,
715 2709 763 2736 καὶ
772 2709 807 2736 ἢν
826 2708 934 2735 όδεῦσαι
945 2709 986 2735 δεῖ
1004 2708 1120 2741 πάντας,
1133 2708 1226 2744 ἐπειδὴ
1239 2708 1286 2734 καὶ
1297 2708 1461 2742 γεγόναμεν.

478 2756 536 2784 XVI
550 2777 557 2785 .
580 2756 684 2785 EIDEM
698 2777 706 2784 .

236 2803 315 2831 Nunc
335 2801 449 2837 cognovi
480 2806 581 2836 quanta
607 2810 652 2830 nte
679 2802 754 2837 prius
776 2801 875 2837 injuria
892 2806 937 2829 tuo
954 2801 992 2829 si-

201 2849 285 2877 lentio
300 2847 440 2876 all‘eoeris:
469 2851 599 2882 quantum
623 2848 695 2877 enim
713 2855 756 2875 me
769 2848 892 2876 scribens
917 2847 994 2875 exhi-

1321 2755 1379 2790 ις’.
1402 2756 1445 2791 Ta
1457 2755 1559 2791 ΑΥἹᾨ.

1080 2802 1137 2829 Νῦν
1148 2802 1235 2838 ἔγνων
1249 2801 1311 2829 ὅσον
1324 2801 1428 2836 ἠδίκεις
1443 2801 1579 2837 πρότερον
1608 2799 1735 2828 σιωπῶν·
1752 2800 1783 2833 ἐξ
1794 2797 1833 2827 ὦν

1044 2848 1100 2884 γὰρ
1116 2847 1260 2884 ηὔφρανας
1285 2847 1410 2883 γράφων,
1432 2846 1465 2875 ἐκ
1489 2845 1594 2874 τούτων
1618 2846 1687 2878 ὅλως
1716 2845 1832 2882 σιγήσας
