1988 3079
188 142 260 176 2733

911 141 1114 184 Εριετοιξε.

1752 137 1824 173 2734

190 197 296 228 λυπεῖς·
312 196 363 231 τὴν
389 195 444 232 γὰρ
467 195 614 231 ἐπιστολὴν
637 195 677 226 εἰς
703 196 797 230 χεῖρας
812 194 914 226 λαϐὼν,
929 203 982 221 πα-

1038 194 1138 227 larasti,
1154 197 1257 222 tantum
1275 197 1367 222 tacens
1381 193 1488 228 aﬂiigis.
1514 194 1599 222 Tuam
1624 202 1742 231 namque
1765 198 1824 231 cpi-

189 242 267 273 λαιᾶς
283 240 423 277 ἐμνήσθην
447 240 620 276 εὐδαιμονίας
631 248 637 256 ·
660 241 690 267 σὲ
701 241 830 275 παρεῖναι
844 240 931 267 δοκῶν
950 240 980 266 ἐν

189 290 245 320 τοῖς
258 288 415 324 γράμμασι.
430 286 477 314 καί
492 295 518 313 τι
530 287 621 321 λέγειν
631 287 670 319 ὡς
691 287 807 323 παρόντι
819 286 960 325 προήχθην
971 293 978 301 ⁸

189 334 239 360 καὶ
252 333 286 359 τὰ
302 333 351 368 μὲν
364 331 452 363 εἷπον,
468 332 503 358 τὰ
513 332 542 358 δὲ
574 332 701 366 λέγοντος
721 331 832 359 ἀκούειν
848 330 958 358 ἐδόκουν
971 338 979 346 ·

189 379 237 405 καὶ
253 378 329 413 μόλις
339 377 506 412 ἀνενεγκὼν,
524 377 611 412 ἕγνων
626 377 663 408 ὡς
678 377 745 412 δναρ
767 375 802 413 ἦν
816 377 918 409 ἐκεῖνα,
933 377 981 404 καὶ

190 423 367 459 ἠπατήμεθα.
389 424 494 451 Οὐκοῦν
516 423 605 459 γράφε
630 424 771 455 πολλάκις,
792 424 837 451 ἵνα
852 423 901 460 τῆς
916 424 982 456 θέας

190 470 367 505 ἀποροῦντες,
381 470 518 505 ὀνείρασιν
529 469 740 505 εὐφραινώμεθα
750 478 758 485 ·
772 470 924 506 ἐπειδήπερ
933 470 982 498 καὶ

190 515 276 547 sava;
291 516 409 551 ἐραστὴς
420 515 475 543 τῶν
491 515 626 543 παιδικῶν
641 516 761 551 ἀτυχῶν,
782 517 900 552 χρηστὸν
914 517 982 553 δναρ

190 560 245 589 εἶδε
260 562 308 589 καὶ
338 561 549 597 μεταϐάλλεται·
565 562 634 589 ἀλλὰ
651 562 759 589 δέδοικα
780 562 862 589 ταυτὶ
877 562 980 597 λέγειν,

193 607 231 643 μὴ
250 608 297 635 καὶ
312 608 427 643 νομίσας
437 607 537 642 ἀληθῆ,
551 609 727 644 φρονήματος
740 608 920 644 ἐμπλησθεὶς,
935 609 983 636 καλ⁸

191 655 297 690 γένοιτο
316 655 396 682 πάλιν
409 656 504 691 σιγᾷν·
532 655 628 690 νόμιζε
653 656 743 682 τοίνυν
771 653 841 682 εἶναι
875 656 981 691 ψευδῆ·

191 700 240 727 καὶ
257 699 336 735 μόνον
352 699 496 732 λαλοῦντος
508 700 673 736 ἀκούσομαι.
697 701 750 728 Τὸν
764 701 792 728 δὲ
807 701 926 737 φέροντα
933 702 982 736 τὴν

191 746 337 782 ἐπιστολὴν
349 746 460 781 ἀνεψιὸν
471 746 536 773 ὄντα
554 747 603 773 καὶ
624 747 768 783 κηδεστὴν,
795 748 861 782 εῐγε
888 747 928 774 δεῖ
952 748 982 774 τὸ

194 792 294 827 μᾶλλον
307 792 406 825 εἰπεῖν,
418 793 562 828 εὐμενέσιν
586 793 648 820 ίδὼν
669 793 821 829 ὀφθαλμοῖς
833 813 841 826 ,
858 794 910 821 κᾶν
924 793 982 831 δέῃ,

192 837 341 874 παρασχὼν
351 837 426 873 αύτῷ
442 837 639 873 συμμαχοῦσαν
655 838 705 875 τὴν
725 839 860 874 γλῶτταν,
872 839 934 875 ἐμοί
952 847 983 866 τε

192 883 362 911 πᾶνδιδόναι
377 884 452 911 δόκει
467 884 518 920 τῆς
526 884 648 920 χάριτος.

474 974 524 1002 ιΖι.
534 975 579 1010 τᾳ
595 974 699 1010 arm.

227 1021 314 1057 Ὅσης
325 1020 468 1056 ἀπήλαυσε
487 1020 553 1056 παρ’
570 1020 648 1055 ὑμῶν
658 1021 707 1056 τῆς
721 1021 848 1053 εὐποιίας
869 1022 884 1048 ὸ
901 1021 985 1053 καλὸς

192 1067 342 1103 Ζαχαρίας,
363 1066 445 1098 αὑτός
466 1075 496 1093 τε
510 1067 656 1102 διηγεῖται,
683 1066 815 1099 πολλάκις
833 1067 882 1094 καὶ¹
903 1068 985 1103 ἡμεῖς

191 1113 371 1148 ἀκηκόαμεν·
394 1112 487 1148 ἐδήλου
507 1112 597 1139 δὲκαὶ
618 1112 652 1139 τὰ
675 1112 797 1148 ὑμέτερα
819 1112 983 1149 γράμματα,

193 1159 264 1194 πλὴν
284 1158 353 1185 ἀλλὰ
369 1158 419 1192 τῆς
433 1157 561 1193 ἀληθείας
578 1157 708 1185 ἐλάττονα
721 1165 729 1172 ·
745 1159 821 1190 ὅπως
836 1159 880 1191 ἂν,
893 1157 981 1194 οἴμαι,

191 1203 270 1239 δόξῃς
299 1203 334 1229 τὰ
355 1203 462 1238 χρηστὰ
486 1203 572 1229 ποιεῖν
586 1203 686 1230 είδὲναι
706 1203 806 1238 μᾶλλον
830 1203 846 1239 ἢ
867 1203 958 1238 λέγειν
975 1212 983 1221 ·

192 1250 262 1284 ὅπερ
281 1250 332 1276 οὐκ
358 1248 460 1284 ἀπορία
472 1248 519 1275 τοῦ
537 1248 673 1283 λὲγοντος,
692 1248 760 1276 ἀλλὰ
774 1249 890 1285 σώφρων
903 1249 985 1282 αἰδὼς

192 1293 242 1328 τὴν
263 1292 364 1327 ἑαυτῆς
383 1292 483 1328 ἀρετὴν
506 1293 723 1329 ἐπικρύπτουσα.
750 1294 806 1330 Τὴν
826 1294 855 1321 δὲ
879 1294 929 1330 σὴν
945 1295 985 1327 εἰς

1032 240 1129 268 stolam
1147 240 1173 267 in
1198 240 1323 267 manibus
1348 239 1497 274 accipiens,
1526 241 1648 275 pristinae
1665 243 1824 270 recordatus

1032 293 1092 313 sum
1114 285 1269 318 felicitatis;
1286 290 1314 312 te
1336 285 1363 312 in
1382 285 1437 313 tuis
1459 286 1558 313 litteris
1571 287 1667 315 adesse
1690 287 1824 321 opinabar

1031 336 1060 360 et
1082 332 1115 359 ad
1137 331 1327 367 alloquendum
1352 336 1378 359 te
1395 332 1468 359 Velut
1483 337 1644 367 prmsentem
1666 334 1822 367 excitabar;

1033 379 1113 406 modo
1145 378 1230 413 loqui,
1254 379 1333 406 modo
1353 379 1448 406 audire
1477 378 1542 405 mibi
1573 379 1704 413 videbar;
1735 383 1762 407 et
1779 381 1824 406 vix

1033 425 1106 452 ferre
1119 426 1202 460 potui,
1239 432 1300 452 cum
1328 424 1424 459 agnovi
1446 424 1472 451 id
1487 431 1548 452 esse
1574 425 1709 452 somnium
1737 428 1764 452 et
1781 433 1823 452 me

1033 469 1107 498 falli.
1125 471 1228 505 Saepius
1244 477 1308 506 ergo
1320 469 1419 502 scribe,
1444 474 1484 503 ut,
1506 474 1552 497 tuo
1567 475 1713 505 conspectu
1737 471 1824 498 desd-

1033 519 1119 548 tutns,
1136 514 1250 542 somniis
1277 514 1373 542 saltem
1401 515 1549 549 gaudeam.
1567 514 1706 549 Siquidem
1724 515 1823 542 ardens

1033 567 1150 592 amator.
1191 560 1248 589 suis
1279 561 1401 595 privatus
1432 560 1537 592 amicis,
1574 560 1653 587 dulce
1684 561 1821 588 somniqu

1033 609 1106 635 videt
1122 614 1149 636 et
1173 610 1291 643 seipsqu
1315 608 1393 636 fallit.
1422 609 1475 636 Sed
1500 609 1557 636 haec
1569 608 1671 642 dicens,
1691 609 1772 636 timeo
1790 617 1824 636 ne

1033 661 1096 680 vera
1113 661 1174 682 esse
1191 659 1269 689 putes
1292 658 1320 681 et
1344 653 1471 688 superbia
1490 653 1585 688 plenus
1605 654 1694 682 denuo
1716 659 1822 682 taceas:

1034 700 1121 735 cogita
1148 707 1213 735 ergo
1239 699 1307 727 falsa
1333 706 1404 733 esse,
1431 706 1485 734 quo
1511 704 1538 727 te
1556 707 1665 735 semper
1701 701 1822 729 audiam.

1034 745 1084 779 Qui
1103 750 1192 773 autem
1221 753 1308 773 meam
1329 745 1471 780 epistolam
1499 746 1533 773 ad
1557 750 1584 773 te
1609 746 1725 778 deferet.
1756 755 1825 782 quo-

1035 792 1107 818 niam
1121 791 1300 819 consobrinus
1308 796 1334 819 et
1343 791 1365 818 si
1381 791 1446 827 quid
1457 791 1573 826 amplius
1585 792 1729 820 dicendum
1743 801 1826 828 gener

1035 844 1113 865 meus
1144 842 1200 870 est.
1229 845 1290 865 eum
1316 837 1402 872 gratis
1427 837 1545 872 accipias
1569 838 1665 872 oculis,
1686 844 1723 873 et,
1738 840 1761 866 si
1777 847 1825 867 ne-

999 869 1123 916 Bcesse,
1149 888 1283 919 praestans
1312 869 1339 911 et
1355 888 1407 911 tuae
1435 869 1534 918 lina-uae
1556 869 1732 919 adiutorium.
1747 893 1823 914 sum-

1034 936 1106 956 mam
1122 929 1187 957 mihi
1199 929 1315 965 gratiam
1331 934 1445 964 praestes
1459 951 1468 959 .

1323 975 1405 1003 XVII.
1427 976 1542 1005 EIDEM.

1069 1021 1175 1055 Quanta
1191 1023 1261 1057 apud
1276 1026 1302 1050 te
1316 1022 1448 1052 felicitate
1461 1025 1570 1060 gavisus
1588 1024 1670 1052 fuerit
1690 1023 1826 1053 formosus

1035 1065 1192 1099 Zacharias.
1209 1067 1267 1102 ipse
1283 1066 1361 1095 nobis
1376 1069 1498 1096 narravit
1516 1073 1544 1096 et
1557 1068 1721 1104 compluries
1740 1069 1826 1097 audi—

1034 1113 1141 1147 vimus;
1172 1117 1233 1141 tuas
1257 1120 1365 1148 quoque
1387 1113 1493 1142 litteras
1514 1115 1692 1149 monstrabat,
1710 1115 1827 1143 veritate

1036 1162 1126 1185 tamen
1147 1159 1277 1191 minores,
1294 1159 1432 1193 quoniam.
1452 1164 1481 1187 ut
1504 1160 1613 1195 opinor.
1631 1161 1727 1188 melius
1747 1167 1826 1196 egre-

1035 1204 1071 1238 gii
1088 1203 1178 1232 facere
1192 1205 1247 1232 scis
1262 1212 1343 1240 quam
1363 1206 1468 1240 dicere,
1485 1214 1537 1233 non
1552 1213 1585 1234 ex
1600 1207 1734 1234 sermonis
1756 1207 1826 1234 iudi—

1035 1251 1139 1286 gentia,
1153 1251 1201 1279 sed
1222 1259 1255 1279 ex
1281 1252 1413 1280 modestia
1435 1259 1495 1287 qua:
1515 1260 1592 1280 suam
1612 1253 1740 1281 virtutem
1760 1261 1825 1289 pru-

1035 1299 1131 1325 denter
1153 1297 1281 1325 occultat.
1307 1297 1393 1325 Tuam
1420 1303 1510 1325 autem
1537 1299 1563 1326 in
1586 1306 1635 1326 nos
1657 1299 1825 1335 diligentiam

193 1340 268 1374 ἡμᾶς
296 1338 414 1374 σπουδὴν
438 1339 485 1365 καὶ
504 1339 571 1374 πρὶν
599 1339 727 1373 γενέσθαι
747 1341 815 1367 πᾶσι
839 1340 911 1376 βοῶ·
937 1342 984 1368 καὶ

1038 1343 1192 1379 iampridem
1210 1343 1382 1371 exsistentem
1396 1345 1520 1372 omnibus
1540 1345 1636 1378 clamo,
1652 1350 1679 1373 et
1694 1346 1751 1373 ba-c
1765 1354 1826 1373 om-

194 1385 269 1418 ξένον
281 1385 356 1411 οὐδὲν
374 1385 440 1419 ἡμῖν
458 1384 565 1411 ἅπαντα
584 1384 602 1412 ἃ
617 1385 666 1421 μὲν
686 1385 719 1412 ἂν
733 1385 889 1421 ἐλπίσωμεν
905 1386 985 1420 γενέ-

195 1431 274 1458 σθαι·
303 1432 350 1458 καὶ
383 1431 505 1467 μεγάλης
534 1431 618 1467 οὔσης
644 1432 688 1459 ἀεὶ
711 1431 762 1466 τῆς
790 1432 907 1466 ἐλπίδος,
934 1433 986 1460 οὐκ

193 1477 302 1513 ἐλέγχει
315 1477 418 1512 ταύτην
434 1479 452 1511 ἠ
471 1478 553 1513 πεῖρα
564 1485 571 1494 ·
588 1477 643 1512 ἐγὼ
661 1478 712 1514 μὲν
721 1477 769 1505 οὖν
783 1479 830 1505 καὶ
849 1479 935 1506 πλείω
947 1479 987 1506 λέ-

196 1531 257 1558 γειν
268 1523 354 1550 ἐθέλω
363 1531 370 1539 ·
382 1523 414 1550 σὺ
431 1523 459 1551 δέ
468 1532 501 1557 με
513 1523 631 1557 παίζειν,
640 1525 690 1551 οὐκ
706 1522 752 1551 οἷδ’
766 1525 850 1558 ὅπως,
861 1526 926 1561 ἡγῇ,
938 1525 987 1552 καὶ

197 1570 360 1603 σιγήσομαι·
376 1568 504 1595 τοσοῦτον
517 1570 572 1605 γάρ
585 1577 627 1596 σοι
641 1570 671 1596 τδ
689 1570 811 1605 μέτριον,
825 1570 863 1601 ὡς
878 1571 925 1597 καὶ
940 1570 986 1597 τὸν

196 1614 306 1650 ἀληθῶς
321 1615 484 1642 ἐπαινοῦντα
492 1615 599 1647 παίζειν
609 1617 665 1651 ἡγῇ
678 1624 685 1632 ·
702 1615 800 1650 ἐγὼδέ
808 1615 870 1643 οὔτε
881 1616 987 1648 παίζων

195 1662 247 1697 τῆς
261 1661 391 1696 ἀληθείας
401 1661 555 1697 ἐξίσταμαι,
572 1662 634 1688 οὔτε
650 1661 791 1697 ἀληθεύων
805 1661 852 1688 τοῦ
866 1661 986 1694 παίζειν,

197 1706 280 1742 ἡνίκα
294 1706 326 1742 δή
346 1715 392 1742 μοι
416 1707 484 1742 πρὸς
507 1707 569 1739 τοὺς
594 1706 738 1742 φιλοῦντας
759 1707 774 1734 ὸ
805 1707 896 1741 λόγος·
917 1706 988 1734 ὥστε

197 1752 300 1791 [δέχου]
321 1753 384 1784 τοὺς
413 1753 497 1788 ἐμοὺς
521 1752 649 1785 ἐπαίνους
664 1760 670 1768 ·
689 1752 752 1780 οὔτε
774 1752 829 1789 γὰρ
847 1752 989 1785 παντελῶς

196 1799 251 1826 τῶν
265 1799 482 1835 ἀπερριμμένων
495 1797 521 1826 εἴ
534 1798 599 1835 παρ’
614 1798 686 1834 ἐμοί.

476 1845 531 1872 nr.
545 1845 707 1881 assessu.

232 1891 326 1924 Δεινδς
337 1891 391 1927 ἄρα
406 1900 447 1923 τις
468 1889 541 1926 ἦσθα
564 1891 598 1919 τὰ
622 1891 728 1928 σμικρὰ
751 1890 860 1927 μεγάλα
888 1890 987 1922 ποιεῖν,

197 1937 248 1964 n1
259 1934 302 1968 οἷς
315 1937 352 1964 ἂν
361 1937 458 1973 ἐθέλῃς
473 1937 520 1964 καὶ
533 1937 636 1972 μοῦσαν
654 1937 770 1964 διδόναι·
795 1936 884 1963 καίτοι
908 1935 989 1962 ἐπαί-

197 1992 253 2014 νοις
273 1984 322 2019 οὐχ
344 1980 400 2015 οἷος
415 1983 472 2018 ἐγὼ
482 1983 585 2017 λέγειν,
604 1983 663 2010 ἀλλ’
685 1980 742 2010 οἷον
757 1982 891 2018 προσήκει
911 1981 989 2016 γενέ-

197 2029 261 2056 σθαι
270 2037 278 2044 ·
295 2029 363 2055 ἀλλὰ
378 2028 467 2063 καὶιδιν
476 2026 514 2055 ὦν
528 2037 572 2064 μοι
583 2029 645 2060 τοὺς
654 2028 749 2063 λόγους
763 2026 989 2058 minimum:th

196 2083 224 2101 τι
244 2074 351 2110 φθέγγῃ
371 2075 419 2102 καὶ
433 2075 493 2106 ταῖς
516 2075 626 2110 χάρισιν
642 2073 786 2109 ἀνειμένον
810 2072 926 2104 πείθεις,
950 2072 990 2104 ὡς

199 2120 268 2156 μήτε
285 2119 356 2148 ἑκὼν
369 2118 439 2147 εἶναι
455 2119 570 2152 τούτους
589 2119 778 2154 ἐκπέμψομεν,
795 2118 871 2154 φόϐῳ
881 2117 928 2145 τοῦ
945 2118 984 2153 μὴ

197 2166 275 2202 παρὰ
292 2167 335 2193 σοὶ
350 2167 430 2202 κριτῇ
457 2166 520 2198 τοὺς
537 2166 622 2201 ἐμοὺς
643 2164 802 2200 ἐλέγχεσθαι
818 2163 927 2196 παῖδας.
951 2163 989 2190 Τὸ

1037 1390 1080 1416 uia
1099 1397 1159 1424 qua:
1173 1397 1315 1425 speramus
1338 1390 1405 1417 nihil
1430 1389 1487 1418 fore
1511 1398 1629 1425 novum;
1656 1397 1828 1425 quantacun-

1036 1442 1089 1470 que
1104 1435 1177 1462 enim
1195 1441 1287 1464 nostra
1310 1442 1383 1470 spes,
1398 1443 1457 1463 eam
1471 1444 1524 1464 non
1539 1436 1613 1464 fallet
1627 1441 1750 1465 eventus.
1771 1437 1828 1473 Ego

1037 1480 1145 1515 quidem
1172 1480 1251 1516 plura
1280 1481 1370 1509 dicere
1395 1481 1487 1514 velim,
1511 1482 1560 1510 sed
1575 1489 1631 1515 me,
1647 1483 1739 1510 nescio
1766 1491 1826 1517 cur.

999 1540 1021 1569 α
1037 1526 1125 1562 jocari
1147 1526 1255 1561 putabis
1277 1530 1304 1554 et
1325 1527 1420 1554 tacebo
1435 1536 1443 1555 :
1459 1531 1533 1555 tanta
1556 1528 1629 1556 enim
1646 1532 1688 1556 est
1704 1534 1749 1557 tua
1768 1537 1828 1557 mo—

1038 1573 1125 1600 destia
1142 1577 1171 1599 ut
1185 1574 1319 1600 veraciter
1336 1572 1490 1601 laudantem
1504 1573 1590 1609 iocari
1606 1574 1762 1608 exisﬁmes;
1779 1575 1828 1602 sed

1037 1626 1126 1654 neque
1143 1619 1205 1654 joco
1222 1626 1237 1646 a
1252 1620 1364 1647 veritate
1381 1620 1530 1652 discedam.
1545 1628 1633 1656 neque
1654 1627 1716 1648 vera
1735 1621 1831 1649 dicens

1038 1665 1137 1699 ajoco,
1154 1665 1264 1700 quando
1278 1666 1312 1692 ad
1327 1665 1430 1693 amicos
1452 1666 1516 1693 milti
1538 1667 1591 1694 erit
1615 1674 1723 1699 sermo;
1747 1675 1762 1694 a
1787 1676 1829 1694 me

1038 1711 1120 1745 igttur
1135 1710 1230 1738 laudes
1246 1711 1354 1746 suscipe
1373 1719 1381 1738 :
1399 1719 1536 1747 nunquam
1559 1712 1631 1739 enim
1661 1719 1675 1740 e
1692 1713 1829 1747 memoria

1038 1759 1132 1782 nostra
1152 1755 1269 1782 decides.

1280 1842 1372 1871 XVIII.
1390 1842 1588 1871 DOROTHEO.

1074 1889 1175 1918 Potens
1186 1896 1254 1917 sane
1269 1897 1298 1917 es
1312 1889 1347 1917 de
1362 1889 1453 1924 parvis
1471 1897 1567 1924 magna
1580 1890 1670 1917 facere
1684 1895 1712 1917 et
1731 1891 1830 1925 quibus

1039 1935 1080 1963 vis
1097 1943 1189 1963 musas
1204 1936 1307 1970 largiri.
1323 1935 1377 1963 Sed
1394 1943 1447 1962 non
1461 1928 1549 1970 ipsum
1565 1936 1610 1970 qui
1635 1936 1747 1964 laudare
1767 1945 1830 1972 pos-

1038 1982 1102 2015 sim,
1130 1982 1178 2009 sed
1197 1982 1324 2017 quoniam
1346 1981 1403 2009 ﬁeri
1437 1985 1527 2016 potest
1543 1981 1644 2009 dicam.
1674 1982 1707 2009 -ln
1730 1984 1831 2018 quibus

1038 2027 1137 2055 litteris
1147 2035 1286 2056 sermones
1301 2035 1316 2055 a
1328 2035 1371 2055 me
1384 2028 1500 2062 expetis,
1513 2027 1604 2055 Attice
1612 2028 1679 2055 dicis
1694 2032 1720 2055 et
1735 2030 1831 2063 gratiis

1039 2074 1196 2110 persuades.
1207 2073 1244 2101 ita
1254 2077 1283 2100 ut
1290 2077 1322 2100 ad
1330 2078 1356 2100 te
1365 2081 1418 2100 non
1431 2073 1517 2100 libens
1530 2080 1578 2101 eos
1591 2073 1831 2105 Iniserim,Vcritus

1040 2127 1137 2154 nempe
1151 2127 1195 2153 ne,
1215 2124 1243 2146 te
1253 2118 1356 2154 judice,
1366 2120 1420 2146 nati
1434 2120 1485 2146 mei
1498 2119 1673 2147 damnentur.
1688 2120 1766 2155 Apud
1784 2120 1831 2156 jn-

1039 2167 1114 2194 dices
1127 2166 1199 2193 enim
1222 2165 1358 2199 faventes,
1372 2165 1473 2200 aliquid
1500 2164 1570 2193 forte
1592 2171 1700 2198 essent;
1718 2167 1766 2194 sed
1782 2174 1831 2194 vo-

197 2211 252 2247 γὰρ
277 2212 412 2247 ἡμέτερον
435 2213 501 2247 παρ’
518 2211 642 2238 εὐνοοῦσι
667 2211 716 2245 μὲν
742 2211 883 2241 δικασταῖς
908 2209 984 2245 τυχὸν

1041 2212 1158 2240 lentibus
1175 2212 1291 2240 strictim
1306 2211 1542 2244 examinor,nihil.
1556 2210 1608 2240 Sed
1620 2212 1686 2239 mihi
1701 2212 1724 2239 is
1737 2213 1774 2240 sis
1785 2213 1830 2247 qui

198 2258 264 2289 ἴσως
286 2258 358 2292 μέγα
373 2265 380 2271 ·
406 2256 602 2292 παρεξετάζειν
620 2256 649 2283 δὲ
667 2254 989 2292 βουλομένοις¹ἐναντίον

195 2303 268 2336 δόξει
282 2311 290 2319 ·
312 2303 381 2330 ἀλλά
399 2311 444 2338 μοι
470 2303 559 2337 γένοιο
579 2302 611 2329 τὸ
627 2302 759 2337 πρότερον
771 2309 779 2316 ·
803 2302 841 2333 ὡς
866 2300 915 2336 τὴν
937 2300 988 2336 σὴν

197 2348 340 2384 ἐπιστολὴν
348 2348 463 2380 δεδιότες
477 2349 502 2375 οἱ
517 2347 602 2382 λόγοι,
621 2348 673 2374 Ἔα
685 2346 838 2379 λανθάνειν,
852 2343 875 2373 ὧ
888 2345 986 2381 πάτερ,

197 2395 328 2426 πολλάκις
349 2394 434 2421 ἐϐόων
447 2401 453 2407 ·
481 2393 537 2427 ἐγὼ
559 2393 588 2419 δὲ
610 2393 739 2424 πολλάκις
767 2391 987 2428 παρεμυθούμην

194 2440 301 2467 οἴκοθεν
314 2439 406 2466 οἴκαδε
421 2439 560 2475 φοιτήσειν
575 2438 812 2473 ἐπαγγελλόμενος
825 2446 833 2453 ·
851 2438 987 2471 ἐπάγεται

194 2486 224 2512 δὲ
242 2485 330 2520 τούτῳ
351 2485 465 2520 πολίτης
481 2484 613 2520 ὑμέτερος
624 2503 631 2515 ,
657 2481 680 2518 ᾧ
693 2483 729 2510 τὰ
755 2483 864 2518 μουσῶν
892 2483 985 2515 μέλει·

195 2530 334 2566 Δωρόθεος
349 2530 433 2566 ὄνομα
451 2530 539 2566 αὐτῷ,
560 2531 608 2556 καὶ
627 2529 761 2563 Πελαγίου
780 2528 874 2556 τοῦτον
891 2529 973 2555 ἐπονο

197 2576 340 2611 μὰζουσιν.

272 2624 323 2649 lH’.
337 2622 488 2658 ΖΑΧΑΡΙᾼ
504 2622 564 2649 ΚΜ
578 2621 720 2656 ΦΙΛΙΙΙΠῼ
732 2620 907 2648 ΔΔΕΔΦΟΙΣ.

232 2667 269 2695 Εὖ
289 2676 322 2702 γε
337 2669 392 2694 τῶν
406 2668 546 2703 ὑμετέρων
561 2667 734 2702 γραμμάτων
748 2674 754 2681 ·
770 2667 807 2695 ὡς
825 2666 893 2701 πρὸς
908 2665 988 2693 εὐθυ-

199 2713 264 2749 μίαν
283 2714 351 2748 ὅσην
365 2714 443 2748 ἡμῶν
457 2711 527 2740 οἶδεν
545 2713 670 2747 ἐπαίρειν
685 2713 734 2747 τὴν
747 2712 872 2748 γνώμην.
889 2712 922 2739 Τί
933 2713 988 2748 γὰρ

196 2760 271 2795 ἣδιον
289 2759 306 2795 ἢ
327 2759 522 2794 φθεγγομένων
539 2758 652 2785 ἀκούειν
671 2758 716 2785 ὅτε
732 2758 861 2793 παρεῖναί
887 2767 929 2789 τις
955 2757 989 2785 ἂν

197 2806 272 2841 αὐτῷ
289 2806 420 2840 φθόγγοις
438 2805 611 2841 προσηύξατο
624 2813 631 2837 ;
644 2804 682 2836 ὡς
697 2805 751 2830 ἔδει
774 2805 824 2839 μὲν
838 2805 886 2830 καὶ
904 2804 988 2831 πάλαι

197 2851 286 2888 τούτῳ
299 2852 350 2888 τὴν
366 2851 452 2888 τύχην
473 2851 631 2879 ἐπινεῦσαι·
656 2851 761 2885 γένοιτο
774 2850 797 2877 δ’
810 2851 843 2878 ἄν
858 2858 923 2878 ποτε
940 2851 988 2877 καὶ¹

1043 2263 1134 2286 antea.
1158 2257 1243 2284 Tuam
1271 2258 1397 2284 timentes
1419 2257 1575 2292 epistolam,
1610 2258 1662 2286 mei
1691 2266 1832 2286 sermones

1043 2304 1142 2339 saepius
1164 2303 1317 2330 clamabant
1337 2303 1436 2335 :Sine,
1452 2311 1469 2330 ο
1492 2308 1580 2338 pater,
1595 2311 1645 2330 nos
1657 2304 1759 2337 latere;
1783 2312 1833 2339 ego

1042 2354 1133 2377 autem
1149 2357 1197 2376 eos
1219 2349 1380 2376 consolabar
1403 2349 1563 2383 promittens
1585 2349 1619 2376 de
1639 2350 1720 2376 domo
1739 2357 1786 2377 sua
1804 2351 1831 2377 in

1042 2395 1152 2422 dotnnm
1170 2401 1246 2421 suam
1259 2401 1306 2421 eos
1323 2401 1384 2421 esse
1408 2395 1505 2420 ituros.
1523 2393 1619 2420 Incitat
1647 2401 1756 2430 quoque
1781 2404 1831 2423 nos

1043 2447 1113 2468 unus
1127 2447 1159 2467 ex
1174 2440 1280 2467 civibus
1293 2435 1432 2467 musarum
1450 2440 1594 2475 plurimum
1612 2447 1719 2474 nutans,
1732 2442 1775 2469 cui
1787 2450 1833 2470 no-

1043 2493 1103 2514 men
1119 2485 1274 2514 Dorotbeus
1288 2490 1315 2513 et
1331 2485 1456 2520 Pelagius
1473 2493 1634 2520 cognomen.

1041 2622 1114 2650 XIX.
1145 2620 1332 2650 ZACHARIE
1362 2620 1406 2648 ET
1439 2619 1830 2653 PHILIPPO,FRATRIBUS.

1077 2668 1204 2696 Felicjter
1226 2673 1322 2695 vestrae
1338 2668 1436 2694 litterae
1452 2675 1459 2694 :
1484 2670 1584 2701 quanta
1601 2665 1708 2693 lea:titia
1743 2674 1831 2693 meam

1042 2718 1160 2742 mentem
1187 2713 1380 2748 perfuderunt!
1417 2713 1487 2746 Quid
1517 2712 1590 2739 enim
1620 2712 1725 2747 gratius
1750 2719 1831 2746 quam

1042 2759 1146 2790 audire.
1172 2765 1234 2785 cum
1257 2758 1332 2792 quis)
1346 2761 1474 2791 precatur
1487 2756 1539 2784 sibi
1559 2757 1676 2784 adesse?
1699 2756 1759 2784 Jam
1777 2757 1832 2791 pui-

1042 2805 1103 2831 dem
1122 2804 1267 2839 oportebat
1296 2802 1432 2830 fortunam
1448 2803 1474 2830 id
1488 2802 1652 2834 concedere,
1683 2803 1733 2830 sed
1761 2809 1828 2829 num

1045 2850 1092 2878 ﬁat
1107 2854 1134 2878 et
1148 2849 1217 2878 bene
1231 2849 1341 2878 eveniat
1355 2854 1445 2878 vestra
1456 2849 1608 2884 voluntate,
1625 2849 1678 2882 Dii,
1707 2849 1734 2876 in
1745 2854 1820 2884 quan
