1988 3079
161 156 233 191 2735

848 156 1024 187 PROCOPII
1041 156 1164 186 GAZIEI

1725 156 1796 189 2736

162 219 217 242 tum
237 221 286 248 pro
308 212 376 249 ipsis
407 213 511 241 litteras
534 213 614 241 nobis
644 213 699 241 sint
715 213 837 247 missuri,
854 213 945 248 quith

1006 212 1072 248 πρὸς
1094 212 1180 248 πέρας
1195 211 1259 248 ἔλθῃ
1274 211 1444 247 βουλομένων
1467 211 1556 247 ὑμῶν,
1571 206 1593 238 ὦ
1609 211 1677 244 θεοὶ,
1698 212 1728 239 ἐν
1740 213 1795 248 ὅσῳ

163 259 233 286 alter
247 259 350 286 erimus
364 258 477 287 Crassus
488 267 537 294 pro
553 259 669 292 deliciis,
697 259 812 294 ejusque
842 259 953 286 divitias

165 303 264 330 habere
279 303 435 331 videbimur
451 308 477 331 et
493 304 564 338 regis
576 304 662 332 instar
684 303 771 339 Magni
789 311 887 331 nomen
911 312 954 331 ac-

163 350 263 385 cipere.
291 348 343 383 Qui
366 351 541 378 hirundinem
564 351 648 384 videt,
679 351 702 378 is
715 358 764 378 vcr
776 352 873 378 adesse
890 358 953 385 pro-

163 396 285 428 nuntiat;
305 403 354 430 ego
365 400 455 423 autem
483 400 600 424 vestram
625 404 718 424 vocem
738 396 851 424 audiens
865 396 952 431 magis

163 441 274 468 ltrtabor
312 449 394 480 quam
425 441 536 469 Crmsus
569 442 623 469 illis
653 442 710 470 suis
732 442 835 470 divitiis
855 446 881 470 et
904 450 950 470 rex

162 494 275 521 magnus
284 487 448 521 subplatano
456 488 563 515 sedens.
572 487 822 516 Prohirundinibus
835 487 898 515 mihi
913 488 952 515 vi-

162 533 296 560 debantur
311 540 411 560 canere
422 532 514 560 Musa).
527 533 600 560 Cedo
613 538 714 565 autem,
731 541 766 560 ne
782 533 950 568 voluptatem

161 577 242 605 nimis
255 577 354 605 aﬂ'erre
365 578 469 609 volens.
492 578 613 613 sophista
639 579 666 606 in
681 578 750 606 meis
765 578 862 605 litteris
887 577 949 605 torti

161 623 266 655 videar,
283 628 310 651 et
324 631 357 651 ne
377 631 425 652 vos
437 624 518 652 simul
543 625 663 652 ridentes
678 625 742 652 illud
764 632 841 652 more
858 628 950 652 vestro

160 669 316 702 celebretis,
334 670 435 705 Duplex
449 675 539 697 tamen
555 671 621 698 mihi
636 671 685 698 fuit
699 671 834 710 voluptas,
849 678 898 698 vos
911 670 948 697 si-

160 716 340 751 mulalloqui;
370 716 442 744 sicut
456 717 502 751 qui
521 717 546 743 in
562 716 680 751 Delphos
704 717 859 748 veniebant,
886 723 948 742 cuin

159 761 276 795 Apollini
292 761 420 797 hymnum
449 761 583 793 dicerent,
611 761 723 788 Dianam
739 769 846 796 quoque
858 761 883 788 in
896 760 949 788 lau-

157 806 239 834 dibus
256 806 294 834 illi
312 807 524 840 consociabant;
558 807 640 842 idque
665 807 752 842 magis
771 807 840 834 Deos
859 807 949 834 delec-

159 853 243 886 tabat,
261 861 342 887 quam
358 853 380 880 si
393 859 507 888 uterque
521 860 645 881 seorsum
673 853 798 881 laudatus
825 853 920 881 fuisset
938 862 946 880 :

1005 266 1036 292 γε
1051 257 1105 293 μὴν
1119 257 1262 293 μέλλουσιν
1278 257 1336 285 ἀνθ’
1354 257 1459 284 ἑαυτῶν
1473 258 1539 293 ἡμῖν
1561 258 1739 294 χορηγεῖσθαι
1761 259 1795 285 τὰ

1004 304 1158 340 γράμματα
1168 311 1175 318 ·
1196 303 1269 338 ἄλλῳ
1283 303 1333 338 μὲν
1346 303 1401 338 γὰρ
1414 304 1443 329 ὲν
1459 303 1539 338 ἡδονῇ
1554 303 1664 338 Κροίσῳ
1679 311 1710 330 τε
1725 302 1795 330 εἷναι

1004 350 1052 378 καὶ
1079 350 1204 377 τάκείνου
1227 349 1389 384 κεκτῆσθαι,
1415 349 1454 385 τῷ
1477 349 1506 376 δὲ
1536 349 1642 385 βασιλεῖ
1664 350 1678 377 ὁ
1707 350 1793 386 μέγας

1003 396 1130 424 ἀκούειν·
1152 395 1210 423 ἀλλ’
1230 397 1244 422 ὁ
1267 395 1317 427 τὰς
1344 394 1482 430 χελιδόνας
1500 395 1574 428 ἰδὼν,
1598 395 1628 422 τὸ
1646 395 1697 431 ἔαρ
1721 395 1794 430 ἔχειν

1001 442 1140 478 ὁρίζεται·
1161 441 1217 475 ὲγὼ
1239 442 1268 469 δὲ
1285 442 1335 477 τῆς
1355 442 1492 477 ὑμετέρας
1518 440 1663 468 ἀπολαύων
1686 441 1791 476 φωνῆς,

1003 488 1096 524 μεῖζον
1125 487 1256 523 ἐφρόνουν
1282 487 1299 521 ἢ
1332 487 1449 522 Κροῖσος
1480 479 1526 512 ἐπὶ
1559 487 1617 518 τοῖς
1649 486 1792 518 ταλάντοις

1001 532 1127 565 ἐκείνοις,
1141 533 1188 559 καὶ
1204 532 1331 568 βασιλεὺς
1343 533 1358 558 ὁ
1374 531 1461 567 μέγας
1478 531 1530 558 ὑπὸ
1544 532 1577 568 τῇ
1587 531 1715 567 πλατάνῳ
1726 531 1793 558 καθ-

1001 579 1103 614 ήμενος
1115 586 1124 594 υ
1144 579 1191 605 καὶ¹
1219 579 1280 605 ἀντὶ
1301 578 1354 605 τῶν
1371 577 1513 613 χελιδόνων
1533 578 1619 609 αὐτάς
1637 586 1683 613 μοι
1711 585 1794 613 προσ-

1001 624 1074 660 ᾴδειν
1082 624 1191 651 ἐδόκουν
1203 624 1252 655 τὰς
1264 623 1376 658 μούσας·
1387 623 1455 650 ἀλλά
1467 623 1522 658 γὰρ
1536 622 1688 658 παύσομαι,
1698 622 1735 658 μὴ
1743 623 1792 658 τὴν

999 671 1096 707 ἡδονὴν
1121 672 1191 706 ἄγαν
1211 671 1343 707 ὲμφέρειν
1363 670 1480 701 ἐθέλων,
1501 669 1632 704 σοφιστὴς
1650 669 1723 696 οὕτω
1739 678 1791 696 που

998 718 1069 752 τάχα
1086 717 1154 750 δόξω
1172 718 1227 749 τοῖς
1249 717 1414 752 γράμμασι·
1440 716 1488 743 καὶ
1512 715 1647 750 γελῶντες
1665 715 1790 751 ἀλλήλοις

998 763 1078 790 τοῦτο
1098 763 1131 798 δὴ
1147 762 1178 790 τδ
1193 762 1309 799 σύνηθες
1332 763 1396 798 ὑμῖν
1416 762 1515 795 ἐπίσης
1537 761 1624 797 ὕψητε
1639 769 1647 778 ’
1667 761 1737 796 πλὴν
1750 761 1792 788 ὅτι

1000 817 1044 843 μοι
1068 807 1211 835 διπλασίαν
1232 808 1349 834 ἐνεποίει
1366 807 1415 843 τὴν
1446 806 1543 842 ἡδονὴν
1559 806 1590 833 τὸ
1611 807 1687 842 κοινῇ
1707 814 1792 841 προσ-

1001 855 1076 890 ερεῖν
1106 855 1186 890 ὑμῖν·
1205 854 1299 889 ὥσπερ
1316 854 1379 886 τοὺς
1395 854 1435 885 εἰς
1460 853 1579 888 Δελφοὺς
1596 852 1790 887 ἀφικομένους,

158 899 257 926 fratres
277 900 350 926 enim
368 906 430 927 cum
454 903 556 932 essent,
581 898 681 926 fratres
701 906 808 934 quoque
823 899 848 926 in
867 899 945 933 hym-

999 900 1109 927 ἐπειδὰν
1141 899 1226 935 ὕμνον
1256 900 1379 930 είπόντες
1400 898 1559 925 ’Δπόλλωνά
1581 907 1610 924 τε
1640 898 1728 932 σχοῖεν
1753 897 1792 931 τῷ

158 944 201 972 nis
216 945 301 972 videri
316 944 453 972 volebant.

999 945 1082 981 λόγῳ,
1103 946 1150 973 καὶ
1165 947 1298 981 ΙἈρτεμις
1313 945 1372 981 ἅμα
1389 946 1472 982 μέρος
1491 943 1526 982 ἦν
1540 945 1591 980 τῆς
1604 945 1675 980 ᾠδῆς
1686 952 1693 959 ·
1712 943 1793 971 τοῦτο

155 990 248 1018 δὲκαὶ
270 991 334 1022 τοὺς
367 991 447 1022 θεοὺς
472 990 609 1028 ηὔφραινε
631 992 746 1027 μᾶλλον,
785 991 802 1026 ἢ
840 991 865 1017 εί
890 990 954 1017 καθ’
985 991 1068 1018 αὐτόν
1101 1000 1144 1024 τις
1178 991 1323 1019 ἀπολαϐὼν
1353 992 1483 1027 ἑκάτερον
1517 992 1656 1027 ὕμνησεν·
1683 990 1792 1025 ἀδελφοὶ

155 1039 211 1074 γὰρ
231 1037 318 1070 ὄντες,
341 1038 388 1064 καὶ
412 1038 474 1069 ταῖς
495 1038 580 1073 ᾠδαῖς
606 1037 723 1064 τοιοῦτοι
749 1036 840 1070 μένειν
860 1036 1016 1071 ἠϐούλοντο.

361 1083 421 1110 XX.
436 1083 625 1111 ZACHARIIE
644 1083 788 1111 FRATRI.

191 1128 232 1157 'l‘n
255 1130 362 1165 quidem
392 1131 473 1157 horas
501 1131 598 1158 amicis
615 1130 708 1165 fugere
726 1130 876 1164 quereris;
898 1138 948 1166 ego

156 1179 248 1202 autem
268 1182 315 1202 eas
327 1175 423 1202 iterum
437 1182 498 1203 esse
511 1175 642 1209 fugituras
652 1184 660 1208 ;
671 1175 735 1210 quid
754 1176 837 1210 igitur
853 1176 948 1204 taces?

157 1228 209 1249 non
223 1221 296 1249 enim
313 1221 450 1249 suiﬁciens
479 1221 601 1257 apologia
613 1221 727 1256 alicujus
755 1222 819 1249 l'acti
842 1223 946 1250 crimen

157 1268 185 1295 in
199 1274 229 1295 se
240 1274 396 1300 assumere;
411 1268 457 1294 sed
471 1267 528 1301 qui,
543 1275 606 1294 reus
625 1275 687 1295 cum
714 1267 761 1300 sit,
774 1272 889 1295 cancros
902 1263 948 1301 po-

157 1317 214 1340 stea
238 1313 383 1347 vituperat,
403 1313 425 1340 si
455 1313 545 1340 caeteri
575 1321 627 1340 non
654 1318 803 1342 accusent.
826 1313 946 1347 seipsum

157 1362 277 1386 accusat.
294 1358 390 1393 Neque
405 1358 469 1385 mihi
497 1359 614 1386 adducas
631 1363 749 1385 nostram
761 1359 883 1394 Byzantii
901 1366 946 1385 ra-

157 1404 258 1431 tionem
271 1404 299 1431 in
315 1403 424 1431 silentio
440 1403 546 1430 \ivendi
563 1412 570 1436 ;
584 1404 649 1430 mihi
666 1404 737 1431 enim
759 1405 847 1431 omnis
861 1403 948 1430 tribus

158 1449 238 1477 testis
249 1454 299 1481 est,
316 1449 399 1476 multa
414 1455 444 1476 se
469 1448 553 1476 fuisse
570 1449 698 1480 locutam,
718 1449 853 1477 audivisse
869 1448 946 1476 nihil.

158 1495 211 1522 Sed
225 1495 328 1521 utinam
341 1495 428 1521 adhuc
438 1494 502 1521 mihi
512 1494 697 1522 essetclarum
715 1494 844 1527 tribunal,
854 1495 948 1529 judex-

157 1548 210 1575 que
228 1541 332 1568 Atticus
345 1545 373 1568 et
393 1540 533 1574 splendida
557 1540 726 1568 Athenarum
762 1541 846 1575 ﬁgura
862 1550 868 1568 :
886 1547 946 1568 cum

156 1586 261 1614 scilicet
285 1593 414 1621 prospera
439 1592 511 1614 sorte
538 1592 658 1614 uteretur
696 1587 843 1615 rhetorica.
870 1586 982 1632 Platoc

156 1637 259 1665 autem,
275 1632 375 1665 dicam,
392 1639 447 1659 non
464 1633 595 1659 tuliteam
607 1632 723 1660 feliciter
741 1640 837 1668 agere:
853 1632 946 1660 statim

157 1683 251 1706 centra
268 1683 294 1706 te
311 1679 449 1706 accusatio
473 1678 625 1706 deferretur
641 1679 792 1707 :adversus
808 1679 939 1707 Grmciam

158 1727 253 1756 peccat
283 1723 431 1756 rhetorica,
455 1731 508 1758 qua
532 1725 687 1752 constitutae
716 1728 781 1752 sunt
797 1725 945 1757 civitates;

157 1769 282 1803 nihilque
297 1770 516 1804 praetermittitur
532 1777 625 1797 eorum
636 1770 735 1804 quibus
752 1777 883 1798 accusare
892 1770 948 1797 vel-

156 1815 207 1843 les.
219 1815 273 1843 Sed
285 1815 350 1842 mihi
365 1815 413 1843 des
425 1816 530 1842 veniam
543 1815 681 1851 paulisper
690 1815 777 1843 eli'erri
794 1816 866 1851 :jam
875 1815 946 1842 enim

157 1861 195 1888 ira
206 1866 233 1888 et
245 1860 479 1896 objurgationibus
501 1861 595 1896 plenus
628 1869 698 1889 sum.
722 1861 755 1889 Et
765 1862 868 1897 primo:
893 1870 946 1889 non

157 1907 263 1939 tacebo,
276 1906 401 1942 judices:
417 1907 489 1934 nihil.
498 1907 570 1935 enim
583 1907 660 1943 pejus
682 1914 744 1936 esse
761 1912 851 1943 potest
866 1911 946 1943 quam

154 1960 216 1980 cuin
246 1953 287 1979 vir
309 1952 349 1980 sic
363 1953 502 1981 maledicit
525 1953 562 1981 illi
579 1954 616 1981 rei
644 1960 695 1988 qua
712 1953 759 1981 tibi
777 1954 853 1980 venit
875 1953 945 1988 quod

154 2004 195 2027 est
209 2009 217 2028 :
234 2000 275 2027 sic
285 1999 330 2026 ille
344 2000 432 2027 bonus
444 2000 476 2027 de
491 2005 516 2026 te
526 2000 632 2027 locutus
646 2000 726 2027 audet
741 1999 822 2027 etiam
839 2003 866 2027 et
881 2006 946 2026 con—

156 2051 196 2073 tra
226 2046 390 2074 rhetoricam
417 2047 518 2079 dicere,
534 2053 567 2074 ex
586 2054 638 2082 qua
666 2046 703 2074 illi
733 2047 788 2073 vita
814 2047 890 2074 beata
920 2050 947 2073 et

154 2091 288 2126 plausus;
314 2092 350 2119 ita
370 2092 505 2119 sententia
526 2092 579 2119 lata
592 2113 599 2125 ,
618 2093 652 2120 ab
675 2099 707 2120 ea
721 2093 805 2119 victor
830 2092 947 2119 vincitur

153 2139 178 2165 ei
205 2146 257 2173 qua
281 2138 393 2165 vincere
425 2138 515 2166 datur.
543 2138 681 2165 Platonem
710 2146 818 2173 quoque
848 2143 944 2165 testcut

154 2184 339 2220 producitqui
365 2184 532 2211 rhetoricam
559 2184 690 2211 extremis
704 2184 782 2211 malis
797 2184 946 2211 devovitet

154 2230 182 2258 in
207 2230 333 2258 rhetores
347 2234 419 2257 totus
443 2230 633 2257 invehebatur.
648 2229 710 2257 Haec
731 2230 871 2264 judicibus
896 2238 946 2265 per

1214 1084 1257 1111 K'.
1278 1083 1429 1118 ΖΑΧΑΡΙᾼ
1439 1083 1581 1118 nemo.

1036 1129 1073 1156 Σὺ
1093 1129 1141 1165 μὲν
1157 1129 1284 1164 ἐγκαλεῖς
1301 1130 1340 1161 ὼς
1356 1129 1516 1165 παρῲχοντο
1535 1129 1599 1160 τοὺς
1616 1129 1744 1164 ἑταίρους
1760 1129 1790 1155 αι

1001 1173 1071 1210 ὧραι
1084 1183 1090 1190 ·
1118 1175 1174 1209 ἐγὼ
1190 1175 1219 1202 δὲ
1235 1175 1273 1207 ὡς
1287 1175 1335 1202 καὶ
1346 1175 1458 1211 πάρεισι
1476 1175 1557 1202 πάλιν
1569 1182 1576 1190 ⁸
1600 1175 1626 1201 τί
1640 1174 1730 1202 τοίνυν
1751 1174 1792 1201 ἔτι

1002 1221 1096 1256 σιγᾷς;
1112 1221 1150 1248 Οὐ
1166 1221 1220 1256 γὰρ
1242 1221 1334 1248 ἱκανὸν
1345 1222 1386 1253 είς
1401 1220 1561 1255 ἀπολογίαν,
1582 1220 1730 1255 προλαὸεἳν
1749 1228 1792 1252 τις

1000 1267 1061 1294 καθ’
1081 1266 1164 1294 αὐτοῦ
1194 1275 1267 1299 τινος
1285 1267 1425 1302 ἔγκλημίυ
1449 1267 1507 1293 ἀλλ’
1533 1267 1607 1298 ὅστις
1633 1266 1724 1302 ἔνοχος
1741 1265 1792 1300 ὢν,

1000 1311 1059 1339 εἶτα
1081 1314 1139 1345 τοῖς
1171 1312 1261 1344 ἄλλοις
1292 1313 1449 1348 μέμφεται.
1478 1312 1511 1339 ἂν
1535 1312 1638 1348 ἀφέλῃς
1657 1313 1687 1338 τὸ
1708 1311 1791 1347 δῆθεν

1001 1359 1101 1395 ἑτέρων
1124 1359 1299 1394 κατηγορεῖν,
1327 1358 1423 1385 ἑαυτὸν
1449 1358 1583 1394 αἰτιᾶται·
1609 1358 1657 1384 καὶ
1676 1358 1712 1393 μή
1742 1367 1788 1393 μοι

999 1406 1139 1441 πρόσφερε
1170 1405 1220 1440 τὴν
1253 1407 1282 1431 ὲν
1317 1403 1457 1440 Βυζαντίῳ
1482 1405 1620 1439 διαγωγὴν
1653 1403 1792 1438 σιγώντων

999 1451 1097 1486 ἡμῶν·
1119 1451 1182 1485 ἐμοὶ
1200 1450 1255 1486 γὰρ
1281 1452 1327 1477 καὶ
1355 1451 1500 1486 πάμφυλος
1532 1450 1638 1486 μάρτυς
1662 1449 1733 1484 αὓτη
1752 1450 1791 1482 dx;

999 1496 1084 1522 πολλὰ
1101 1496 1150 1531 μὲν
1170 1496 1273 1531 ἔλεγεν,
1296 1496 1398 1531 ἤκουσε
1419 1496 1448 1522 δὲ
1469 1496 1561 1523 οὐδέν⁸
1585 1495 1642 1523 ἀλλ’
1663 1495 1720 1522 εἴθε
1744 1504 1791 1530 μοι

1000 1541 1080 1568 πάλιν
1106 1540 1141 1578 ἦν
1167 1541 1242 1577 βῆμα
1264 1542 1364 1573 σεμνὸν
1381 1542 1427 1569 καὶ
1449 1542 1581 1578 δικαστὴς
1597 1541 1726 1573 Ἀττικὸς
1743 1542 1792 1568 καὶ

1000 1588 1094 1623 σχῆμα
1131 1587 1258 1624 λαμπρὸν
1280 1588 1412 1623 Ἀθῆναι·
1446 1588 1490 1614 ὅτε
1520 1589 1652 1624 ῥητορικὴ
1664 1588 1715 1623 μὲν
1743 1588 1792 1614 ἐπὶ

1000 1633 1101 1667 σεμνῆς
1117 1633 1226 1668 ἤκμαζε
1241 1634 1345 1669 τύχης·
1364 1633 1477 1660 Πλάτων
1501 1633 1530 1660 δὲ
1548 1633 1607 1665 πῶς
1628 1633 1661 1660 ἂν
1684 1634 1791 1668 εἴποιμι

1000 1679 1119 1714 μετρίως
1146 1679 1197 1706 οὐκ
1222 1679 1320 1714 ἔφερεν
1342 1678 1528 1714 εὐτυχοῦσαν·
1559 1679 1654 1715 γραφὴ
1677 1679 1732 1715 γὰρ
1756 1680 1791 1706 ἂν

998 1725 1080 1756 εὐθὺς
1096 1725 1229 1752 ἀπέκειτο
1253 1725 1325 1752 κατὰ
1341 1725 1406 1752 σοῦ·
1423 1725 1461 1758 ὡς
1488 1726 1591 1752 ἀδικεῖν
1606 1726 1656 1762 τὴν
1676 1725 1791 1753 Ἐλλάδα

1000 1771 1159 1806 ῥητορικὴν,
1172 1772 1215 1805 ἐφ’
1232 1768 1266 1806 ἧς
1285 1771 1432 1806 ἑστήκασιν
1453 1772 1482 1799 αι
1501 1771 1604 1804 πόλεις,
1625 1773 1701 1799 οὐδὲν
1717 1770 1788 1799 εῖναι

998 1824 1024 1842 τι
1037 1816 1123 1848 θέλεις
1147 1816 1303 1852 παρελθὼν,
1322 1817 1512 1852 κατηγόρουν·
1536 1817 1604 1844 ἀλλά
1630 1826 1675 1852 μοι
1691 1817 1791 1852 μικρὸν

1000 1861 1074 1887 δίδου
1092 1861 1278 1888 νεανιεύεσθαι
1294 1870 1301 1877 ·
1326 1861 1376 1897 ἤδη
1396 1861 1451 1897 γὰρ
1471 1862 1516 1888 ὑπ’
1529 1862 1613 1897 ὀργῆς
1630 1863 1678 1890 καὶ
1700 1861 1790 1897 λόγων

998 1907 1165 1942 κατηγορίας
1188 1907 1385 1942 ὲμπίπλαμαι·
1412 1909 1460 1935 καὶ
1482 1908 1532 1944 τὴν
1564 1909 1653 1944 ἀρχὴν
1683 1908 1732 1935 οὐκ
1755 1909 1788 1935 ἂν

999 1952 1182 1986 σιωπήσαιμι,
1202 1952 1284 1978 Οὐδὲν
1303 1950 1337 1988 ἦν
1359 1952 1412 1989 ἄρα
1427 1953 1588 1989 δεινότερον,
1612 1950 1634 1980 ὧ
1651 1953 1788 1986 δικασταὶ,

998 1995 1014 2031 ἢ
1039 1996 1103 2022 ὅταν
1133 1995 1275 2031 ἄνθρωπος
1306 1997 1386 2024 τοῦτο
1403 1998 1470 2033 λέγῃ
1493 1999 1587 2030 κακῶς
1620 1999 1681 2026 ὅθεν
1714 1999 1788 2035 αὐτῷ

998 2041 1162 2076 προσῆλθεν,
1186 2038 1242 2074 οἶος
1262 2043 1328 2077 ἡμῖν
1342 2043 1357 2068 ὁ
1377 2043 1494 2078 χρηστὸς
1509 2043 1600 2070 οὑτοσὶ
1615 2043 1702 2078 λέγων
1722 2044 1789 2080 περὶ

999 2086 1045 2112 σοῦ
1061 2086 1132 2113 κατά
1147 2087 1295 2123 ῥητορικῆς
1310 2087 1399 2123 τολμᾷ
1414 2096 1440 2114 τι
1452 2089 1498 2115 καὶ
1513 2088 1681 2123 φθέγγεσθαι
1695 2097 1702 2103 ·
1723 2089 1788 2124 ἑξῆς

997 2131 1073 2166 αὖτῷ
1091 2131 1147 2167 βίος
1165 2132 1304 2168 εὐδαίμων
1319 2133 1365 2160 καὶ
1385 2133 1494 2168 φῆμαι·
1519 2133 1589 2160 ὥστε
1602 2134 1654 2160 κᾶν
1671 2135 1721 2170 τὴν
1735 2134 1790 2168 ψῆ-

998 2186 1048 2212 φον
1066 2178 1147 2214 λάϐῃ,
1166 2178 1305 2213 νενίκηται
1317 2179 1410 2215 ,ταύτῃ
1427 2180 1546 2215 κρατῶν,
1565 2180 1595 2213 ἐξ
1609 2178 1644 2217 ἧς
1667 2181 1740 2216 αύτῷ
1757 2182 1788 2208 τὸ

1000 2226 1078 2260 νικᾷν
1092 2233 1099 2240 ·
1120 2225 1168 2252 καὶ
1187 2226 1305 2261 μάρτυρι
1318 2226 1417 2262 χρῆται
1431 2227 1471 2262 τῷ
1493 2227 1617 2255 Πλάτωνι
1631 2227 1660 2259 ὃς
1676 2227 1725 2264 τὴν
1739 2228 1789 2263 ρη-

154 2281 198 2301 me
210 2274 329 2306 edoctis,
340 2281 448 2308 patriam
463 2281 514 2301 non
525 2275 665 2302 adderem.
674 2274 768 2302 Polum
777 2279 802 2302 et
817 2275 944 2303 Calliclea

999 2270 1109 2306 τορικὴν
1125 2272 1226 2307 ἐσχάτῃ
1242 2271 1343 2299 δέδωκε
1352 2273 1448 2308 μοίρᾳ,
1461 2273 1508 2300 καὶ
1520 2274 1560 2304 εἰς
1573 2273 1694 2309 ρητόρων
1708 2273 1788 2308 ὕϐριν

154 2320 260 2353 dicens,
276 2317 415 2347 Platonem
430 2319 491 2347 dico
507 2319 573 2347 :illc
586 2321 657 2347 enim
675 2320 721 2347 tibi
736 2327 783 2348 eos
801 2320 877 2355 ﬁngit
900 2328 943 2348 ve-

155 2366 194 2393 lut
208 2366 234 2393 in
243 2367 365 2393 dramate
377 2373 438 2401 quae
451 2373 485 2394 ex
496 2365 649 2401 composito
662 2366 733 2393 inter
745 2373 775 2394 se
794 2366 942 2394 concinna-

155 2413 256 2445 verint,
282 2413 423 2447 loquentes
439 2421 446 2446 ;
465 2413 507 2440 sin
528 2417 617 2440 autem
633 2413 774 2441 comoedia:
801 2412 940 2441 Socratem

153 2458 225 2494 loqui
238 2458 320 2486 sinas.

1000 2316 1100 2352 ἐχώρει
1124 2317 1225 2349 πολύς*
1241 2318 1329 2345 ταῦτα
1357 2319 1491 2353 μαθόντας
1515 2319 1578 2351 τοὺς
1595 2318 1634 2354 τῷ
1657 2319 1728 2355 λόγῳ
1745 2319 1787 2346 δι-

997 2363 1111 2395 καστὰς,
1130 2363 1180 2389 οὐκ
1198 2363 1232 2390 ἂν
1245 2363 1284 2390 ἔτι
1300 2364 1450 2400 προσθείην
1464 2364 1495 2391 τὸ
1505 2364 1626 2400 τίμημα,
1651 2365 1743 2392 Πῶλον
1758 2366 1788 2392 δὲ

996 2407 1044 2434 καὶ
1074 2407 1228 2435 Καλλικλέα
1254 2409 1357 2444 λέγων,
1381 2410 1522 2445 προστίθει
1545 2410 1592 2438 τοῦ
1628 2410 1786 2442 Πλάτωνος·

996 2453 1107 2485 τούτους
1121 2453 1176 2489 γὰρ
1194 2453 1284 2490 ἑαυτῷ
1298 2455 1461 2490 δημιουργεῖ
1479 2455 1605 2491 καθάπερ
1626 2456 1655 2483 ὲν
1667 2456 1787 2492 δράματι

996 2499 1208 2534 φθεγγομένους,
1234 2500 1253 2527 δι
1267 2501 1299 2536 δὴ
1318 2501 1460 2528 συνέθεντο
1471 2509 1478 2516 ·
1494 2503 1518 2528 εί
1534 2501 1563 2529 δὲ
1578 2502 1629 2538 μὴ,
1643 2502 1689 2530 τὸν
1707 2503 1736 2530 ὲν
1753 2504 1786 2539 τῇ

996 2545 1128 2581 κωμῳδίᾳ
1146 2545 1217 2572 δίδου
1239 2546 1389 2582 Σωκράτην
1408 2545 1534 2582 ἡγεῖσθαι
1557 2547 1608 2583 (l).

904 2586 1018 2617 NOT/E.

189 2632 227 2666 tl)
247 2630 362 2666 Epistola
375 2638 438 2666 quite
450 2631 476 2659 in
490 2632 570 2659 editis
587 2635 628 2659 est
639 2629 693 2665 LII,
707 2631 867 2666 incipitque,
882 2633 940 2662 Νῦν

150 2664 235 2705 δντως
250 2664 347 2701 ἔγνων,
364 2664 417 2705 οὑκ
425 2664 459 2701 ἦν
469 2665 616 2705 ἀρα-λύγος
634 2667 692 2693 ἀλλ’
705 2664 785 2705 ἔργον
848 2664 939 2705 φήμη,

152 2700 275 2729 lacunam
292 2708 346 2735 prae
361 2709 390 2728 se
404 2700 456 2728 fert
468 2700 494 2728 in
511 2702 586 2728 libris
602 2700 725 2735 itemque
737 2702 762 2728 in
775 2700 868 2730 codice
880 2700 940 2731 "re;

151 2738 196 2771 ιςἱο
212 2737 272 2764 Vat.
288 2737 351 2770 159,
361 2744 388 2771 p.
400 2735 464 2770 251,
477 2737 503 2764 b.
520 2737 559 2763 sic
573 2736 602 2763 ὅν
622 2737 652 2762 ὲν
662 2737 720 2768 ταῖς
732 2736 798 2763 εὑ...
819 2737 938 2766 ακούειν.

152 2770 239 2799 καίτοι
255 2779 299 2805 γε,
314 2770 368 2799 etc;
380 2770 466 2807 Porro
475 2779 536 2805 quae
547 2771 720 2798 continuatur
735 2779 798 2806 pars
819 2774 940 2807 epistulas

151 2807 178 2833 in
204 2807 280 2834 libris
294 2811 321 2833 et
336 2807 362 2834 in
375 2806 503 2840 praedicto
518 2806 612 2834 codice
627 2807 686 2834 sine
701 2807 782 2834 dubio
798 2806 884 2835 aliena
896 2813 938 2836 est

151 2841 188 2876 ab
199 2841 250 2876 hac
267 2841 378 2876 cpistola
393 2841 600 2876 importuneth
614 2842 719 2870 absuta.
734 2841 882 2871 Bandinius
894 2845 936 2871 ni-

152 2875 191 2902 hil
206 2875 278 2913 aliud
287 2875 455 2913 adnotavit,
473 2876 524 2903 nisi
544 2875 613 2904 hanc
641 2876 783 2913 epistolam
813 2877 937 2913 aliquan-

153 2913 210 2937 tum
227 2910 256 2937 in
272 2911 361 2939 medio
374 2911 508 2939 diversam
524 2918 593 2946 esse,
612 2910 714 2941 scilicet
729 2920 743 2940 a
760 2913 851 2942 codice
859 2910 936 2941 Lau-

993 2636 1127 2672 rentiano.
1154 2637 1225 2665 Ecce
1253 2641 1343 2664 autem
1366 2637 1393 2664 in
1409 2637 1542 2665 Vaticano
1565 2642 1708 2672 praestante
1720 2639 1785 2666 506.

992 2671 1031 2705 (p.
1049 2671 1111 2711 loti)
1141 2673 1186 2711 qui
1219 2672 1283 2711 mihi
1310 2676 1351 2711 tot
1374 2673 1490 2711 inedilas
1516 2672 1786 2711 l’rocopiiepistolus

992 2706 1160 2742 suppeditat,
1174 2708 1210 2735 ita
1231 2714 1262 2734 se
1276 2707 1360 2742 habet
1374 2708 1489 2742 genuina
1502 2709 1562 2742 ejus
1577 2706 1699 2742 epistolae
1709 2709 1786 2735 clau-

991 2741 1048 2778 sula
1066 2741 1167 2778 (neque
1180 2742 1259 2778 aliter
1270 2742 1296 2769 in
1309 2741 1492 2778 Laurentiano
1507 2741 1600 2778 codice
1631 2742 1682 2778 legi
1699 2751 1786 2778 augu-

991 2776 1047 2813 ror)
1064 2776 1133 2813 decu
1147 2776 1358 2813 venabantur;
1371 2776 1472 2813 μᾶλλον
1499 2777 1555 2813 ὀρῷ
1583 2776 1785 2813 μετριὶίδτερον⁹

991 2810 1053 2837 ὅθεν
1067 2811 1110 2838 ἀεὶ
1127 2812 1219 2838 καὶτὰ
1236 2810 1323 2846 μείζω
1339 2810 1524 2847 προσδέχομαι
1541 2810 1549 2828 ³
1566 2810 1622 2847 τοῖς
1633 2810 1785 2847 γὰρτοιοὺ-

990 2854 1047 2883 τοις
1061 2847 1251 2883 ἐπιμετρεῖται
1271 2846 1380 2883 πάντως
1393 2848 1408 2882 ἡ
1419 2846 1498 2883 τύχη,
1515 2846 1598 2883 μηδὲν
1615 2846 1788 2883 τῶνπρολα-

991 2880 1093 2918 ϐὁντων
1115 2881 1310 2918 βασκαίνουσα.
1333 2880 1590 2918 δθᾳυῖῑιιῖἑρῖειὸιθ
1602 2891 1615 2918 Δτ
1631 2880 1716 2918 Δέχού
1735 2883 1789 2918 τὴν

991 2915 1134 2951 παροῦσαν
1148 2916 1304 2951 ἐπιστολήν.
1378 2915 1386 2918 ’
1493 2915 1500 2917 ’
1602 2916 1605 2919 ’
