1988 3079
205 165 256 198 737

449 223 514 250 KA'.
535 223 578 258 Tu
597 222 700 258 ΑΥΤῼ.

221 268 305 302 Δέχου
323 268 373 305 τὴν
383 268 525 304 παροῦσαν
540 269 695 304 ἐπιστολὴν,
712 269 824 304 χρονίαν
838 269 899 305 μὲν,
917 269 973 295 ἀλλ’

183 313 259 349 ὅμως
281 313 445 350 θαρροῦσαν,
464 314 506 341 ὃτι
520 314 595 350 παρὰ
616 315 701 350 φίλων
724 316 838 350 ἀφῖκται
851 323 858 330 ·
876 315 975 342 οὐκοῦν

186 360 224 394 μὴ
245 360 349 396 ψεύσῃς
365 361 449 396 αὐτὴν
466 361 516 396 τῆς
531 361 649 394 ἐλπίδος,
677 361 915 397 ἀποστρεφόμενός
945 370 974 388 τε

184 405 231 432 καὶ
242 406 291 437 τάς
304 405 389 442 ὀφρῦς
408 406 534 441 συνάγων
544 407 612 442 αὐτῇ
627 414 635 422 ·
651 406 713 434 ἐπεὶ
725 407 843 439 καὶτοὺς
855 407 975 442 ἐρῶντας

185 461 252 487 φασι
265 453 353 488 χρόνῳ
366 453 414 480 καὶ¹
427 452 503 488 μόλις
511 453 698 488 ἐπιτυχόντας,
709 452 761 480 ὑπὸ
772 453 821 488 τῆς
833 453 975 488 παρούσης

183 498 278 534 ἡδονῆς
297 498 351 525 τῶν
368 498 560 535 προλαϐόντων
580 499 669 526 πόνων
683 499 927 526 ἐπιλανθάνεσθαι·
950 499 975 526 εἰ

183 545 212 573 δὲ
229 544 392 580 σκυθρωπὸς
416 545 485 580 πρὸς
503 544 605 580 ταύτην
630 545 751 581 φανείης,
777 545 899 580 λυπηρὸν
925 544 975 580 μὲν

183 590 254 623 ὅλον,
270 591 339 624 λέξω
355 591 377 617 δ’
388 592 463 626 ὅμως
479 598 486 606 ⁸
501 591 606 618 δέδοικα
619 592 672 627 γὰρ
694 591 732 627 μὴ
746 591 807 618 οὐδὲ
823 591 890 626 ἄλλη
907 591 975 626 πρὸς

184 636 214 663 σὲ
229 637 329 672 ῥᾳδίως
344 637 480 672 ἀφίξεται,
493 638 624 674 ὑϐριστήν
638 646 668 664 τε
687 637 848 672 νομίζουσα,
864 638 911 664 καὶ
925 637 975 672 τὴν

183 683 375 719 προλαϐοῦσαν
390 681 433 711 οἶα
449 684 567 711 πέπονθε
585 684 758 719 λογιζομένη.

408 729 471 757 KB’.
488 729 582 764 enim
602 730 743 765 ΛΔΕΛΦῼ.

219 773 318 800 Ἔοικα
332 773 387 800 τῶν
405 774 546 810 ὑμετέρων
556 774 731 809 γραμμάτων
746 773 928 810 μετειληφὼς,
943 773 973 800 οὺ

183 820 274 855 μένειν
300 819 344 853 ἐφ’
357 817 398 852 οἷς
414 829 466 847 που
490 820 537 846 καὶ
551 821 695 856 πρότερον,
716 820 784 848 ἀλλὰ
802 821 909 856 τρυφᾷν
934 819 973 855 τῷ

181 865 288 901 καιρῷ·
311 866 358 893 καὶ
379 867 494 901 ἐρμαιον
522 866 648 901 ἡγεῖσθαι
670 866 719 902 τὴν
741 867 879 901 ἀφορμήν.
907 865 972 893 Ἰδοὺ

180 911 234 946 γάρ
246 919 287 938 σοι
300 911 354 938 τῶν
364 911 512 939 αἰτούντων
525 912 655 947 ἐξαίφνης
670 912 734 947 ἐγώ·
751 913 783 938 σὺ
798 912 826 939 δὲ
837 912 868 938 τὸ
878 912 970 947 τάχος,
989 903 1010 930 Β

179 954 268 993 οἶμαι,
285 957 442 993 θαυμάζων,
462 957 529 992 ταχὺ
543 958 572 984 τὸ
587 959 637 993 τῆς
648 957 793 992 κωμῳδίας
809 959 882 992 ἐρεῖς
892 966 898 973 ·
913 958 971 985 ἀλλ’

180 1002 236 1036 ἐγὼ
251 1001 335 1029 δεινὸν
351 1001 475 1038 ἡγούμην
496 1003 520 1029 εἰ
542 1003 587 1029 τὸν
601 1002 696 1038 χρόνον
714 1002 900 1038 περισκοπῶν,
921 1002 971 1029 οὐκ

179 1048 286 1083 αἰτήσω
313 1048 411 1076 θᾶττον
425 1047 439 1075 ὃ
455 1048 503 1075 καὶ
523 1048 565 1075 σοὶ
589 1048 688 1075 διδόναι
708 1048 794 1083 κάμοὶ
817 1048 910 1075 λαϐεῖν
925 1048 971 1074 εὑ-

179 1094 296 1130 πρεπές.
322 1094 430 1126 Αἰνείας
444 1094 524 1129 γὰρὸ
538 1093 588 1130 τὴν
612 1093 756 1129 ἐπιστολὴν
777 1094 855 1129 ἡμῶν
882 1095 970 1122 ἐπιδι-

178 1140 252 1172 δοὺς,
271 1139 383 1174 πολίτης
395 1139 469 1166 ἐστὶν
486 1140 630 1174 ἡμέτερος,
650 1139 680 1166 ὃν
700 1139 821 1174 εὐτυχεῖν
838 1139 970 1175 βούλομαι

179 1185 214 1212 δι’
226 1186 313 1221 ὑμῶν.
339 1185 436 1218 Γένους
449 1194 479 1212 τε
488 1185 542 1220 γὰρ
555 1185 612 1220 ἔχει
624 1185 725 1217 καλῶς,
740 1186 788 1212 καὶ
806 1185 852 1212 τὸν
870 1186 971 1221 τρόπον

179 1232 255 1258 ἐστὶν
270 1231 424 1266 ἐλεύθερος,
448 1231 495 1257 καὶ
517 1231 614 1265 τέχνην
627 1229 679 1257 οἶδε
695 1231 759 1262 τοὺς
775 1231 888 1266 νόμους·
907 1230 970 1266 βού-

179 1278 255 1305 λεται
268 1277 297 1304 δέ
310 1277 437 1304 τοσοῦτον
454 1276 601 1304 ἀπολαύειν
613 1277 662 1311 τῆς
672 1276 782 1312 τέχνης,
796 1277 833 1308 ὡς
846 1276 910 1311 θεῷ,
924 1277 970 1303 καὶ

180 1323 229 1359 τὴν
254 1323 366 1358 γνώμην
390 1322 482 1358 μένειν
497 1323 638 1358 ἐλεύθερον
650 1331 658 1338 ο
678 1323 707 1348 οὺ
723 1323 777 1357 γὰρ
800 1320 853 1348 οἵδε
870 1322 968 1357 κέρδος

180 1368 309 1395 τοσοῦτον
337 1369 502 1405 εὐφραίνειν,
532 1367 569 1403 μὴ
592 1369 661 1402 μετὰ
682 1368 787 1394 δικαίου
812 1367 969 1402 γενόμενον.

183 1415 304 1452 Πάρεοτι
320 1415 348 1442 δὲ
362 1414 442 1442 τοῦτο
457 1415 505 1441 καὶ
518 1416 551 1450 τῇ
568 1414 651 1450 πείρᾳ
666 1414 762 1449 μαθεῖν
774 1421 781 1430 ο
798 1414 902 1440 πόλεων
917 1413 971 1449 γάρ

181 1470 263 1488 τινων
276 1461 323 1488 ἐπὶ
335 1462 391 1492 τοῖς
406 1461 522 1492 δικαίοις
539 1460 773 1495 προϐεϐλημένος,
795 1460 842 1486 καὶ
863 1459 912 1494 τὴν
925 1461 971 1486 ἐκ·

181 1507 257 1534 δίκου
272 1506 461 1542 προσηγορίαν
480 1505 579 1538 λαϐὼν,
592 1502 670 1537 οὗτος
682 1507 838 1541 ἐμιμήσατο
850 1506 912 1537 τοὺς
926 1505 970 1531 νό-

183 1561 261 1587 μους,
271 1552 353 1583 ῑῶστε
370 1551 417 1579 καὶ
433 1551 601 1586 συκοφάντου
617 1551 698 1585 φύσιν
719 1551 845 1586 ἐνίκησεν
856 1558 862 1565 ·
883 1550 971 1582 οὐδεὶς

182 1596 237 1632 γὰρ
252 1597 360 1623 οὐδόλου
371 1597 432 1623 οὺδέ
446 1596 547 1628 ἀδίκως
558 1596 711 1631 ἐμέμψατο,
727 1595 796 1622 ἀλλὰ
809 1595 891 1622 τοῦτο
901 1596 972 1631 τάχα

183 1644 232 1669 καὶ
245 1642 334 1677 γέλως
346 1642 434 1669 ἐδόκει
449 1643 506 1674 τοῖς
515 1642 631 1677 ἄρχουσι
647 1642 700 1677 πρὸ
715 1641 792 1677 ὑμῶν
803 1650 810 1657 ·
825 1641 906 1676 μόνου
918 1641 973 1677 γὰρ

182 1686 252 1724 ἦσαν
273 1687 321 1715 τοῦ
337 1687 445 1714 λαϐεῖν’
471 1689 485 1714 ό
499 1687 528 1714 δὲ
547 1687 601 1714 τῶν
623 1687 749 1714 διδόντων
771 1687 820 1714 οὐκ
840 1685 889 1722 ἦν⁸
912 1687 974 1714 ὅθεν

181 1735 196 1760 ὁ
213 1733 262 1768 μὲν
272 1732 399 1765 ἐπαύετο,
409 1732 498 1768 ἐτεροι
512 1733 541 1759 δὲ
551 1729 631 1767 ἦσαν,
646 1732 684 1763 ὼς
693 1731 777 1764 εἰκὸς,
786 1731 849 1764 ἄξια
857 1730 973 1766 δρῶντες

181 1776 220 1805 ὦν
257 1778 454 1805 ἐδεδώκεισαν·
480 1778 605 1812 βούλεται
620 1777 649 1804 δὲ
671 1777 719 1804 νῦν
744 1778 791 1803 ἐπὶ
812 1778 861 1812 τῆς
887 1777 974 1812 αὺτῆς

183 1823 270 1858 τύχης
290 1822 428 1857 γενέσθαι,
444 1822 548 1858 δωρεὰν
570 1821 635 1856 ὑμῖν
655 1821 802 1856 προσάγων
816 1820 846 1847 τὸ
865 1819 974 1846 δικαίαν

182 1871 256 1906 ἔχειν
273 1870 324 1906 τὴν
349 1870 464 1905 γνώμην
476 1877 483 1884 ·
511 1867 566 1904 ἆρά
589 1877 631 1894 σοι
647 1868 694 1894 τοῦ
721 1868 807 1894 αἰτεῖν
821 1868 854 1893 ἐκ
871 1867 973 1902 μητρὸς

182 1917 304 1952 ἡκόντων
326 1916 519 1951 κατάρχομαι;
544 1915 641 1942 οὐκοῦν
657 1915 680 1941 εἰ
697 1914 848 1950 θαυμάζεις
861 1913 911 1949 τὴν
932 1913 974 1940 αἴ-

183 1971 273 1998 τησιν,
285 1962 353 1998 τίμα
365 1962 469 1997 ταύτην
481 1962 538 1993 τοῖς
554 1960 656 1995 λόγοις.

456 2051 519 2079 Kl".
539 2051 582 2087 rp
601 2049 703 2086 arm.

225 2098 297 2134 Ἐγώ
318 2107 366 2125 σου
389 2097 438 2133 τὴν
462 2097 608 2132 ἐπιστολὴν
631 2095 757 2131 ἀσμένως
782 2095 854 2129 ἰδὼν,
879 2096 974 2131 ὥσπερ

184 2146 268 2178 εἰκὸς,
284 2144 406 2171 ἐπαινεῖν
422 2143 450 2169 δὲ
462 2143 531 2178 πρὸς
547 2142 628 2175 ἀξίαν
642 2141 692 2168 οὐκ
706 2140 786 2176 ἔχων,
802 2140 902 2177 μικροῦ
919 2141 974 2167 δεῖν

185 2201 227 2219 σοι
246 2191 297 2227 τὴν
319 2190 404 2226 αὐτὴν
424 2188 610 2223 ἁντεπέθηκα,
625 2186 866 2222 τοὺπιγραμμένον
889 2195 974 2222 μετα-

185 2236 275 2263 ϐαλών
287 2244 293 2250 ·
313 2233 354 2267 οἷς
380 2235 435 2270 γὰρ
466 2233 542 2268 τάμὰ
563 2232 711 2267 θαυμάζων
729 2231 899 2263 ἐπέστειλας,
919 2232 973 2258 τῶν

185 2282 242 2309 σῶν
255 2281 375 2308 ἐπαίνων
389 2279 498 2307 ἀκούειν
513 2278 635 2305 ἐδόκουν.
648 2277 703 2304 Καί
719 2276 763 2312 μοι
781 2285 808 2303 τι
831 2276 975 2312 παραπλή-

187 2337 244 2355 σιον
259 2327 362 2359 ἐδόκεις
378 2327 475 2358 ποιεῖν,
488 2324 526 2357 ὡς
537 2324 569 2351 ἂν
582 2325 607 2350 εἰ
624 2323 671 2350 καὶ
681 2323 727 2350 τὸν
745 2323 879 2358 Θερσίτην
894 2323 976 2349 ἐθαύ-

188 2373 273 2410 μαζεν
289 2374 304 2400 ό
317 2373 437 2409 Νηρεὺς,
449 2371 478 2403 ὃς
490 2371 634 2402 κάλλιστος
647 2371 717 2405 ἀνὴρ
735 2370 788 2397 ὑπὸ
802 2370 883 2397 Ἴλιον
898 2368 974 2406 ἦλθε.

189 2421 270 2448 Ὅθεν
280 2419 362 2452 αἰδώς
376 2428 422 2454 μοι
436 2418 607 2454 προσέπιπτε
622 2417 677 2444 τῶν
691 2417 825 2443 ἐπαίνων·
842 2416 913 2451 πλὴν
928 2417 976 2452 οὐχ

187 2467 258 2494 ὥστε
277 2466 316 2503 μὴ
335 2467 442 2502 χαίρειν
460 2464 500 2500 τῷ
514 2464 676 2499 πράγματι·
694 2464 710 2498 ἡ
726 2463 780 2498 γὰρ
795 2463 924 2498 ἐπιστολὴ
942 2463 976 2490 δι’

189 2511 225 2541 ὧν
250 2513 330 2548 δῆθεν
346 2511 440 2548 ἐπῄνει
461 2511 496 2538 τὰ
514 2511 579 2546 ἐμὰ,
603 2509 737 2545 ὡραϊζετό
778 2517 808 2535 τε
832 2509 881 2536 καὶ
908 2510 977 2545 πρὸς

191 2559 277 2594 μείζω
299 2558 381 2585 πόθον
404 2557 491 2584 ἐκίνει
519 2556 566 2583 τὸν
592 2556 721 2591 ἐραστήν.
744 2554 827 2581 Ἀλλὰ
853 2555 902 2581 καὶ
928 2555 977 2590 τὴν

190 2604 337 2641 πρεσϐείαν
354 2603 384 2630 οὺ
399 2603 518 2639 μετρίως
532 2602 624 2636 ὲπῆρα
640 2603 696 2633 τοῖς
705 2600 869 2637 γράμμασιν
883 2610 890 2616 ·
910 2601 934 2627 εἰ
948 2601 977 2628 δὲ

190 2649 352 2686 πρεσϐεύων
370 2649 548 2683 ἐπαινοῦμαι,
570 2647 612 2679 τίς
635 2647 668 2674 ἂν
692 2648 751 2682 εῐην
767 2647 848 2678 αὐτὸς
870 2647 977 2674 ἐπινεύ-

191 2704 257 2728 σας;
275 2695 336 2722 ὅθεν
349 2695 404 2730 γὰρ
421 2693 514 2729 μεῖζον
525 2693 574 2720 τοῦ
587 2694 675 2720 αἰτεῖν
687 2693 717 2719 τὺ
731 2692 840 2726 διδόναι,
851 2693 978 2720 τοσοῦτον

190 2742 292 2777 ἀρετῆς
312 2741 391 2776 λόγον
415 2741 430 2767 ὁ
453 2740 554 2767 διδόναι
565 2740 574 2774 ἶ
580 2739 686 2774 μέλλων
704 2739 749 2765 τὸν
764 2738 884 2774 ᾐτηκότα
901 2740 975 2775 νικᾷ.

198 2788 228 2815 Ὀ
250 2788 280 2814 δὲ
303 2786 467 2822 λογιώτατος
495 2786 604 2817 Αἰνείας
629 2786 666 2816 ὡς
694 2785 745 2820 ἤδη
772 2785 863 2813 λαϐὼν
892 2786 978 2820 ἀνυμ-

191 2835 250 2862 νεῖ·
280 2835 333 2870 ἤδη
366 2834 421 2869 γάρ
446 2833 525 2868 ἡμῶν
555 2832 596 2864 εἰς
624 2833 722 2866 πεῖραν
744 2830 847 2864 ἐλθὼν,
874 2831 902 2858 ἐν
929 2832 979 2867 ἴσῳ

191 2881 222 2908 τὸ
251 2880 347 2916 μέλλον
377 2880 415 2916 τῷ
439 2878 588 2916 πραχθέντι
615 2877 771 2912 λογίζεται’
801 2877 824 2903 εί
854 2878 881 2904 δέ
913 2878 978 2914 πρὶν

905 164 1107 196 EPISTOLfE.

1748 163 1821 196 2738

1322 223 1394 252 XXI.
1415 223 1530 253 EIDEM.

1059 269 1134 297 llanc
1159 269 1252 305 accipe
1272 271 1415 304 epistolam
1441 272 1518 299 tarde
1532 271 1641 306 quidem
1666 270 1820 299 venientem

1026 317 1074 344 sed
1106 320 1194 345 tamen
1209 317 1392 345 confidentem
1418 326 1448 345 se
1460 326 1493 346 ex
1514 318 1603 345 amico
1631 318 1733 345 venire.
1754 317 1818 345 Eam

1027 362 1112 399 igitur
1138 371 1171 390 ne
1187 370 1234 398 spe
1253 363 1399 392 defraudes
1411 384 1419 397 ,
1441 372 1490 392 nec
1506 364 1642 399 despicias
1659 371 1708 392 nec
1724 363 1817 391 adver-

1026 416 1073 437 sus
1087 417 1147 437 eam
1159 409 1304 444 supercilia
1318 417 1437 438 moveas.
1451 410 1591 446 Siquidem
1605 411 1735 437 dicuntur
1743 417 1820 437 ama-

1027 459 1111 488 tores,
1140 460 1262 491 tempore
1295 456 1340 483 vix
1372 461 1501 491 arrepto.
1528 456 1727 491 praeteritorum
1764 464 1819 491 prae

1026 501 1153 535 praesenti
1171 501 1310 537 voluptate
1322 502 1446 530 oblivisci
1463 503 1606 530 malorum.
1624 503 1652 530 Si
1662 508 1753 530 autem
1766 503 1818 529 dn-

1026 554 1072 574 rus
1088 547 1114 574 in
1127 554 1186 575 eam
1199 555 1286 580 esses,
1311 547 1421 576 Christo
1435 548 1557 582 omnino,
1589 557 1643 575 non
1662 553 1752 575 tamen
1777 553 1818 575 ta-

1026 592 1094 620 cebo
1111 603 1117 620 :
1132 601 1228 621 vereor
1241 594 1341 621 etenim
1362 599 1390 620 ut
1403 594 1459 628 jam
1476 595 1562 621 altera
1577 594 1611 621 ad
1625 599 1651 622 te
1669 595 1746 622 facile
1761 600 1815 622 cat.

1025 640 1064 667 Te
1090 644 1189 675 putans
1215 639 1376 675 iujuriosunt
1400 645 1427 667 et
1455 648 1514 676 qua:
1534 648 1614 675 passa
1634 641 1716 669 fuerit
1743 641 1818 676 prior

1026 692 1118 712 secum
1136 689 1274 720 reputans.

1234 729 1317 758 XXII.
1332 730 1465 759 TIIOM/E
1480 730 1617 759 FRATRI.

1061 776 1124 803 Mihi
1144 776 1232 804 visunt
1247 781 1300 810 est,
1315 781 1467 804 vestrarunt
1489 778 1642 805 litterarum
1661 779 1817 814 cognitione

1025 821 1129 855 habita,
1145 830 1197 849 non
1213 827 1287 850 stare
1305 822 1338 850 iis
1353 823 1454 858 quibus
1478 823 1570 851 forsan
1586 828 1613 851 et
1625 825 1753 859 printum,
1769 828 1816 853 scd

1024 866 1076 893 frui
1090 866 1234 894 occasione
1244 886 1252 899 ,
1269 872 1297 894 et
1313 872 1440 902 tanquam
1455 869 1559 895 lucrum
1576 868 1736 897 existimare
1751 874 1817 896 tetn—

1025 920 1075 947 pus
1089 918 1269 946 opportunum
1290 920 1297 940 :
1316 919 1382 940 ecce
1399 913 1471 940 euint
1489 914 1538 940 tibi
1552 918 1580 940 et
1598 921 1710 942 numero
1725 919 1816 949 postn—

1026 957 1138 984 lantium
1156 958 1251 985 adsum
1266 958 1356 985 subito
1370 966 1377 984 :
1393 962 1419 984 ιιι
1433 965 1497 986 vero
1512 958 1680 986 celeritatettt
1700 959 1815 993 mirans,

1025 1003 1133 1037 opinor,
1157 1003 1222 1030 illud
1242 1003 1377 1030 comicum
1393 1004 1468 1031 dices
1484 1012 1492 1030 :
1511 1004 1559 1031 sed
1572 1012 1624 1039 ego
1639 1005 1738 1032 ntirum
1754 1006 1815 1033 exi-

1025 1049 1180 1076 stimassem
1199 1049 1269 1084 quod
1285 1053 1393 1084 tempus
1410 1050 1645 1084 circumspiciens,
1663 1058 1716 1078 non
1729 1052 1815 1084 petis-

1024 1102 1081 1122 sem
1097 1094 1176 1121 citius
1191 1095 1263 1129 quod
1275 1100 1302 1122 et
1316 1095 1362 1122 tibi
1382 1095 1446 1122 dare
1456 1100 1484 1122 et
1499 1095 1564 1122 milti
1581 1097 1704 1131 accipere
1716 1100 1816 1123 conve<

1025 1139 1074 1167 nit.
1093 1139 1194 1167 [Encas
1213 1140 1284 1167 enim
1311 1140 1356 1174 qui
1379 1146 1500 1167 nostram
1525 1139 1667 1174 epistolam
1690 1140 1814 1175 porrigit,

1024 1187 1145 1212 concivis
1167 1191 1208 1213 cst
1227 1191 1330 1218 uoster,
1358 1194 1438 1220 quem
1461 1194 1508 1220 per
1523 1194 1571 1213 vos
1594 1185 1694 1214 bonam
1721 1186 1814 1214 sortiri

1025 1231 1160 1258 fortunam
1182 1231 1242 1258 volo
1261 1240 1268 1259 :
1290 1232 1360 1258 bono
1379 1239 1480 1265 genere
1507 1235 1597 1263 natus,
1611 1231 1768 1258 conditioue
1782 1230 1814 1258 li-

1025 1278 1088 1305 bera
1103 1283 1155 1310 est,
1167 1281 1194 1305 et
1213 1277 1301 1312 quoad
1316 1282 1402 1304 artem
1427 1277 1502 1304 novit
1518 1277 1591 1311 leges
1606 1287 1615 1305 :
1629 1277 1687 1304 vult
1699 1285 1815 1311 praeser-

1025 1324 1071 1351 tim
1087 1323 1138 1350 frui
1163 1328 1232 1355 arte,
1248 1327 1276 1350 ut
1294 1323 1358 1350 tnihi
1377 1323 1495 1356 videtur,
1521 1327 1548 1350 et
1565 1323 1590 1350 in
1612 1323 1754 1350 sententiis
1772 1331 1815 1350 re-

1024 1377 1136 1396 manere
1163 1370 1251 1397 liber:
1276 1378 1328 1396 Iunt
1357 1369 1429 1396 enint
1454 1369 1556 1403 cogitat
1578 1368 1684 1396 lucrum
1709 1373 1813 1396 tantum

1024 1415 1172 1447 delectare,
1194 1422 1246 1442 non
1264 1422 1326 1442 cum
1342 1413 1450 1448 iustitia
1466 1417 1622 1448 perceptunt
1636 1422 1643 1440 :
1665 1417 1773 1441 constat
1787 1418 1815 1440 et

1025 1460 1089 1488 illud
1105 1460 1273 1495 experientia
1297 1460 1444 1487 didicisse:
1464 1460 1573 1486 urbium
1596 1459 1668 1486 enittt
1681 1467 1813 1494 quarunt-

1025 1508 1086 1534 dam
1102 1514 1150 1541 pro
1169 1506 1276 1541 juribus
1301 1506 1473 1541 praepositus,
1491 1509 1518 1532 et
1531 1504 1684 1532 defensoris
1702 1512 1814 1531 tnttnerc

1025 1559 1152 1588 suscepto
1174 1553 1226 1579 iste
1244 1553 1317 1587 leges
1338 1552 1477 1579 simulavit
1497 1551 1534 1578 ita
1552 1556 1581 1578 ut
1597 1555 1625 1578 et
1639 1551 1813 1587 sycophanta!

1025 1603 1149 1625 uaturant
1165 1598 1334 1632 superaverit
1351 1606 1358 1624 :
1372 1598 1460 1625 nullus
1469 1598 1542 1625 enim
1559 1597 1615 1624 ullo
1628 1597 1708 1624 modo
1726 1605 1814 1631 neque

1025 1643 1123 1679 injuste
1137 1643 1282 1676 incusavit,
1297 1644 1344 1670 sed
1358 1644 1425 1670 illud
1447 1643 1539 1670 forsan
1555 1648 1583 1670 et
1598 1642 1689 1670 irrisio
1701 1643 1813 1670 videba-

1025 1694 1068 1717 tur
1083 1689 1134 1716 illis
1146 1690 1190 1722 qui
1207 1693 1270 1716 ante
1289 1696 1337 1716 vos
1360 1688 1550 1723 imperabant:
1570 1688 1659 1716 soluat
1681 1689 1755 1715 enim
1772 1695 1814 1715 ac-

1024 1735 1115 1768 cipere
1127 1739 1259 1762 noverant
1273 1742 1279 1761 :
1296 1734 1341 1761 ille
1357 1739 1446 1761 autent
1461 1728 1532 1760 inter
1549 1733 1644 1761 dantes
1660 1741 1713 1760 non
1732 1738 1811 1761 erat:

1025 1779 1086 1806 ideo
1099 1779 1150 1806 iste
1165 1779 1333 1814 quiescebat,
1347 1779 1391 1805 alii
1404 1786 1467 1805 vero
1481 1777 1618 1804 faciebant
1633 1783 1662 1805 ut
1676 1779 1812 1811 convenit,

1025 1825 1109 1860 digna
1126 1825 1160 1851 iis
1173 1833 1233 1859 qua:
1253 1825 1385 1853 dederant
1399 1833 1406 1851 :
1429 1824 1485 1851 vult
1500 1829 1589 1851 autem
1606 1832 1677 1851 nunc
1689 1824 1812 1851 eamdem

1025 1876 1112 1897 artem
1125 1877 1254 1898 exercere
1270 1870 1370 1897 donum
1384 1870 1461 1898 vobis
1475 1869 1700 1904 oll‘ereusjnstam
1715 1869 1813 1896 habere

1025 1917 1189 1943 sententiam
1210 1924 1217 1942 2
1245 1924 1308 1942 nttttt
1335 1923 1350 1942 a
1376 1920 1401 1943 te
1417 1920 1509 1949 petere
1525 1922 1585 1950 qu:e
1601 1922 1634 1942 ex
1658 1921 1744 1943 matre
1767 1922 1814 1941 ve-

1025 1961 1113 1994 niunt,
1131 1961 1253 1996 incipio?
1268 1962 1353 1997 Igitur
1371 1961 1394 1989 si
1413 1961 1522 1988 miraris
1534 1961 1705 1996 petitionem,
1718 1968 1814 1988 verere

1026 2007 1098 2034 illattt
1119 2007 1303 2035 sermonibus.

1296 2052 1390 2080 XXIII.
1413 2052 1529 2080 EIDEM.

1059 2101 1116 2136 Ego
1133 2106 1206 2128 tuam
1229 2100 1371 2134 epistolam
1393 2099 1510 2126 libenter
1534 2098 1588 2127 vidi
1617 2103 1646 2126 ut
1667 2099 1812 2131 convenit,

1025 2156 1086 2175 cum
1099 2153 1189 2174 autem
1213 2146 1326 2174 laudare
1345 2146 1496 2173 secundum
1514 2145 1641 2173 merituttt
1658 2153 1710 2172 tton
1730 2145 1814 2173 habe-

1026 2200 1094 2225 rem,
1116 2199 1211 2227 parum
1231 2191 1397 2226 abfuitquiu
1424 2191 1472 2217 tibi
1488 2191 1610 2218 eamdem
1635 2191 1812 2224 remitterent,

991 2248 1014 2276 Β
1028 2240 1162 2273 scriptura
1189 2242 1290 2265 mutata
1308 2247 1315 2265 :
1344 2244 1392 2272 per
1407 2244 1454 2265 eos
1475 2238 1547 2264 enim
1567 2237 1666 2271 quibus
1684 2244 1742 2264 mea
1765 2237 1815 2263 nti-

1029 2293 1092 2312 rans
1108 2292 1157 2320 per
1182 2284 1287 2311 litteras
1302 2283 1415 2315 misisti,
1433 2287 1494 2310 tuas
1513 2282 1606 2310 laudes
1624 2283 1718 2310 audire
1738 2282 1814 2309 vide-

1028 2331 1090 2362 bar;
1107 2335 1133 2357 ct
1148 2330 1214 2357 mihi
1231 2329 1332 2364 aliquid
1355 2329 1443 2356 simile
1457 2329 1591 2356 videbaris
1606 2328 1698 2356 facere
1716 2328 1754 2355 illi
1768 2329 1812 2363 qui

1028 2376 1181 2403 tnirahatur
1204 2374 1358 2401 'I‘hersitent
1383 2372 1482 2406 Nereo,
1511 2373 1695 2408 pulcherrimo
1725 2373 1812 2400 virum

1027 2421 1074 2457 qui
1095 2421 1145 2449 sub
1167 2419 1242 2447 Ilittnt
1264 2425 1396 2447 venerunt
1410 2429 1416 2446 :
1434 2419 1496 2447 ideo
1511 2421 1598 2454 pudor
1614 2426 1656 2446 me
1670 2418 1814 2454 superfuitl-

1028 2467 1109 2494 tlebat
1120 2466 1225 2493 illarum
1242 2465 1350 2492 landum
1365 2474 1373 2492 :
1394 2471 1447 2491 non
1472 2468 1600 2498 excerpto
1614 2464 1686 2499 quod
1703 2471 1746 2490 res
1761 2471 1813 2490 ttun

1029 2512 1094 2539 mihi
1109 2511 1218 2539 afferret
1239 2511 1366 2544 gaudium
1380 2519 1387 2537 :
1405 2509 1517 2544 cpistola
1534 2510 1605 2537 enint
1621 2510 1656 2536 ab
1669 2509 1701 2536 iis
1715 2509 1813 2544 quibus

1027 2558 1132 2586 scilicet
1152 2556 1278 2584 laudabat
1296 2563 1368 2590 mea,
1386 2556 1535 2583 ornabatur
1553 2560 1580 2582 et
1592 2556 1625 2582 ad
1641 2555 1727 2589 majus
1740 2556 1811 2582 desi-

1028 2605 1132 2632 derium
1147 2603 1284 2631 excitabat
1300 2602 1415 2629 amicum
1433 2610 1440 2627 :
1456 2601 1479 2629 si
1499 2601 1570 2627 enim
1585 2600 1686 2633 legatos
1702 2601 1812 2627 mittens

1029 2650 1134 2683 laudor,
1151 2649 1212 2681 quis
1231 2656 1318 2676 essent
1335 2648 1393 2682 ipse
1414 2645 1571 2682 appellcns?
1587 2646 1669 2681 Igitur
1683 2654 1716 2673 eo
1730 2648 1815 2681 magis

1029 2696 1099 2731 quod
1129 2694 1246 2722 nobilius
1269 2697 1311 2720 est
1332 2693 1396 2720 dare
1421 2699 1502 2726 quant
1526 2696 1628 2726 petere,
1651 2691 1760 2718 virtutis
1776 2699 1817 2717 ra-

1030 2743 1129 2769 tionent
1146 2741 1190 2775 qui
1217 2740 1281 2767 dare
1298 2739 1378 2767 debet
1394 2743 1503 2772 praestat
1530 2738 1577 2765 illo
1591 2738 1637 2772 qui
1655 2737 1752 2772 petiit:
1774 2736 1815 2764 fa-

1030 2787 1215 2816 cundissimus
1226 2791 1317 2813 autem
1339 2784 1442 2812 [Encas
1462 2785 1574 2818 perinde
1587 2791 1619 2810 ac
1634 2783 1655 2811 si
1666 2783 1723 2818 jam
1738 2791 1815 2810 acce-

1030 2834 1116 2870 pisset
1129 2836 1221 2860 cantat
1235 2841 1241 2859 :
1262 2839 1323 2859 cum
1339 2831 1410 2858 ettim
1421 2831 1476 2864 jam
1494 2835 1616 2857 nostrum
1629 2830 1655 2857 in
1671 2829 1814 2864 experieuv

1032 2881 1095 2908 tiam
1111 2879 1224 2912 venerit,
1245 2885 1320 2913 a‘que
1337 2877 1456 2906 futurum
1472 2884 1502 2904 ac
1519 2882 1659 2912 peractum
1674 2875 1789 2904 aestimat
1805 2883 1814 2902 ι
