1988 3079
162 174 235 207 2739

814 173 991 206 PROCOPII
1011 174 1133 206 GAZ/EI

1724 175 1798 209 2740

163 231 187 258 si
204 238 269 258 vero
282 234 427 266 antequam
448 230 573 266 accipiat,
589 231 748 265 sncclamct,
766 231 829 266 quid
845 236 917 258 esset
934 231 952 258 si

1008 231 1101 258 λαϐεῖν
1114 231 1256 267 κηρύττει,
1273 231 1314 263 τίς
1336 232 1371 259 ἂν
1387 232 1492 267 γένοιτο
1510 233 1557 261 τοῦ
1571 231 1739 269 ποθουμένου
1751 243 1796 260 τυ-

163 277 234 311 quod
259 277 396 305 desiderat
424 277 593 305 obtinuerit?
618 277 651 304 Et
665 277 728 305 olim
762 282 806 305 tua
832 277 954 305 referens

163 322 327 356 superaddet
349 322 474 356 omnino,
498 323 536 350 ita
558 327 587 350 ut
602 322 728 350 celeriter
751 322 890 357 duplicare
906 328 953 349 ne-

163 375 241 396 cesse
252 373 326 396 esset
340 370 462 403 gratias:
485 369 618 404 optitnmn
638 376 702 396 vero
717 368 835 404 Megam,
848 367 871 395 si
888 375 952 402 pos-

163 415 241 444 sibile
264 420 337 443 esset
359 416 453 444 eadem
484 415 528 443 die
560 415 702 443 instituere
728 415 800 442 inter
817 414 952 447 rhetores,

163 469 216 488 non
231 462 308 490 nobis
325 463 476 490 necessaria
494 462 565 489 foret
581 462 699 490 secunda
718 461 784 488 dies.

181 508 276 537 XXIV.
289 508 475 536 ZACIIARl/E
491 508 536 536 ET
552 507 710 536 PHILIPPO
726 505 934 535 FRATRIBUS.

196 554 392 583 Admirabilem
418 553 554 581 Juliannm
582 559 610 582 et
635 554 715 582 aliter
732 554 841 588 quidem
857 553 952 588 dilige-

163 603 223 629 bam
237 611 243 628 :
263 602 376 629 idoneus
388 602 460 629 enim
476 600 630 627 attrahendi
651 600 685 627 ad
701 599 807 627 labores
824 605 953 633 prospere

162 648 302 674 cedentem
316 651 418 681 printer
437 646 603 673 desiderium
617 654 624 672 :
639 650 666 672 at
680 645 765 672 multo
778 645 865 680 magis
878 644 953 672 dele-

161 698 250 720 ctatus
279 700 339 720 sum
364 693 435 727 quod
459 700 491 719 ex
516 692 616 720 vestris
633 691 732 719 litteris
749 691 814 718 mihi
835 695 895 717 nata
911 694 954 718 est

161 739 269 767 occasio
286 749 293 767 ε
307 739 389 767 istum
403 739 476 767 enim
493 739 515 767 si
534 737 783 773 reprehendissem,
801 738 834 765 ad
849 737 952 773 Cinny-t

162 793 220 812 ram
236 791 298 812 esse
309 785 383 812 visus
396 791 503 812 essem:
519 784 635 819 postulat
647 789 736 810 autem
752 782 861 811 ditIicile
874 783 951 811 nihil:

162 831 208 857 sed
225 830 288 857 huic
309 837 353 857 me
371 830 466 857 adesse
487 833 514 856 et
531 829 586 856 illic
605 828 709 860 volens,
726 835 774 862 per
793 835 842 855 vos
862 832 953 863 sperat

162 875 228 903 illud
241 875 311 908 ﬁeri.
328 876 399 910 quod
416 880 443 903 et
456 883 506 910 ego
521 876 633 902 omnino
649 884 655 902 :
672 880 699 902 at
715 882 766 910 ego
779 874 846 901 nihil
861 879 952 908 utpote

1006 277 1062 313 χών
1075 286 1082 310 ;
1097 278 1145 305 καὶ
1157 286 1223 305 ποτε
1233 278 1267 305 τὰ
1279 279 1313 306 σὰ
1326 279 1505 315 διηγούμενος
1514 280 1665 316 προσῡήσει
1678 280 1797 311 πάντως.

1004 322 1043 354 ὡς
1060 323 1109 350 καὶ
1123 322 1163 359 τῷ
1173 323 1252 359 τάχει
1266 323 1454 356 διπλασιάζειν
1473 325 1528 352 ἔδει
1538 325 1588 357 τὰς
1606 325 1721 361 χάριτας
1731 334 1739 342 ·
1751 325 1799 353 τὸν

1003 369 1032 396 δὲ
1054 369 1193 405 βέλτιστον
1218 370 1330 405 Μέγαν,
1356 371 1436 407 εἴπερ
1455 368 1511 398 οἶόν
1530 380 1559 398 τε
1579 370 1614 407 ἦν
1637 372 1796 407 αὺοήμερον

1006 413 1223 449 μετασκευάζειν
1248 415 1289 447 είς
1313 415 1443 452 ῥήτορας,
1465 416 1515 443 οὐκ
1531 416 1565 444 ἂν
1586 417 1652 452 ήμτν
1665 417 1719 444 ἔδει
1735 417 1796 444 δευ-

1003 459 1087 496 τέρας
1103 460 1222 495 ἡμέρας.

1075 505 1139 533 ΚΔ’.
1157 505 1308 541 ΖΑΧΑΡΙᾼ
1318 506 1379 533 ΚΑΙ
1394 507 1536 542 ΦΙΛΙΠΗῼ
1550 507 1727 535 ΑΔΕΛΦΟΙΣ.

1038 551 1091 578 Τὸν
1108 551 1266 587 θαυμαστὸν
1280 552 1426 580 Ὶουλιανὸν
1438 553 1485 579 καὶ
1499 553 1588 585 ἄλλως
1603 553 1653 587 μὲν
1664 553 1796 588 ἠγάπων

1006 597 1099 629 ἱκανὸς
1124 597 1178 633 γὰρ
1207 597 1370 632 ἐφέλκεσθαι
1399 598 1499 631 πόνους
1532 598 1699 634 εὐτυχοῦντα
1726 599 1796 635 πρὸς

1004 641 1087 669 πόθον
1096 650 1102 657 ·
1127 641 1196 669 πολὺ
1211 641 1239 669 δὲ
1255 642 1356 677 μᾶλλον
1368 642 1456 678 ἥσθην
1469 643 1509 670 ὃτι
1523 652 1568 679 μοι
1581 644 1629 671 καὶ
1643 643 1711 679 πρὸς
1726 644 1796 679 ὑμε-

1003 687 1092 723 τέρων
1107 687 1281 723 γραμμάτων
1302 688 1397 722 γέγονε
1416 689 1564 724 πρόφασις.
1584 689 1687 717 Τούτου
1702 689 1756 725 γὰρ
1771 689 1799 717 ετ

1004 741 1068 760 ποτε
1085 733 1232 769 λαϐοίμην,
1257 733 1304 760 ἐπὶ
1316 734 1363 761 τὸν
1382 734 1519 770 Κιννύραν
1531 732 1604 762 εἶναι
1618 735 1689 762 δοκῶ
1701 743 1708 750 ⁸
1725 736 1797 762 αίτεῑ

1003 779 1031 805 δὲ
1056 779 1188 815 δυσχερὲς
1211 779 1303 807 οὐδέν·
1327 780 1396 807 ἀλλὰ
1417 780 1456 816 τῷ
1477 790 1511 816 με
1534 781 1662 817 παρεῖναι
1684 783 1796 809 κακεῖσε

1005 824 1179 861 βουλόμενος,
1203 825 1237 852 δι’
1257 825 1335 861 ὑμῶν
1353 825 1458 859 ἐλπίζει
1474 827 1552 854 τοῦτο
1568 827 1707 862 γενέσθαι,
1727 828 1796 864 ὅπερ

1005 873 1115 903 πάντως
1134 871 1214 906 κὰγὼ
1225 880 1232 887 ·
1248 872 1304 907 ἐγὼ
1317 872 1345 899 δὲ
1363 873 1440 900 οὐδὲν
1453 873 1487 901 ἂν
1500 874 1514 901 ὃ
1528 874 1609 909 τιτμὴ
1631 874 1726 911 παρὼν
1738 875 1797 909 ἐγι-

162 929 215 948 non
227 929 347 956 praesens
361 926 482 956 poteram
497 931 506 949 :
528 922 617 956 quoad
633 920 865 948 ennsismrianum
884 920 949 955 quid

1007 919 1105 953 νόμην·
1125 918 1157 944 τὸ
1177 917 1206 944 δὲ
1229 919 1427 954 κονσιστόριον,
1440 919 1455 946 ὃ
1476 928 1503 946 τι
1525 920 1575 955 μέν
1597 921 1672 947 ἐστιν
1688 921 1795 955 ἀγνοῶ’

160 969 196 995 sit
222 969 341 1003 ignoro:
361 968 512 995 Romanum
542 969 615 996 enint
641 975 689 1003 per
719 967 811 994 orbein
839 966 952 994 eﬂ‘undit

161 1022 249 1042 meam
276 1015 374 1042 famam
391 1024 398 1042 :
415 1023 463 1050 per
483 1022 530 1043 vos
547 1018 642 1047 autem
658 1018 685 1042 et
702 1021 799 1041 nomen
815 1013 880 1040 mihi
895 1013 952 1048 pla-

161 1064 215 1091 cet,
231 1064 258 1086 et
272 1059 392 1086 divinum
413 1067 477 1086 vere
500 1060 587 1094 ipsum
607 1058 702 1086 vellem
718 1066 798 1086 esse:
816 1063 953 1086 etvereor

161 1105 381 1140 appellationem,
395 1105 472 1139 cujus
486 1104 602 1132 oilicinm
615 1110 657 1132 est
676 1104 744 1132 mihi
759 1104 927 1139 incognitum
943 1113 950 1131 :

162 1151 184 1178 si
202 1158 266 1178 vero
290 1156 316 1178 et
334 1156 428 1178 evecta
452 1150 503 1178 fuit
526 1151 573 1178 tibi
596 1151 629 1177 ad
646 1150 734 1185 majus
757 1150 876 1182 fortuna.
891 1157 953 1184 per-

163 1204 241 1224 mane
266 1201 355 1224 tamen
380 1202 408 1223 nt
425 1197 522 1224 novisti
548 1196 574 1224 in
602 1196 727 1231 pristinis
755 1196 895 1233 operibus,
919 1203 953 1224 ne

163 1242 316 1270 thrasonem
332 1242 560 1271 consistat-ianum
573 1247 601 1270 te
618 1242 760 1277 appellem.

407 1300 490 1330 XXV.
507 1299 704 1330 ZACHARLE.

197 1358 302 1392 Patria,
323 1366 387 1387 eam
416 1359 472 1386 Deo
489 1358 573 1386 etiam
597 1358 634 1389 sit
655 1358 789 1391 additum,
813 1357 954 1386 benevolis

160 1405 229 1432 vidit
251 1412 301 1432 nos
315 1405 403 1433 oculis
417 1413 424 1432 :
441 1405 544 1432 amicos
563 1404 635 1432 enim
654 1404 754 1432 obtulit
765 1404 860 1439 quales
872 1409 952 1439 opta-

162 1452 224 1479 bam
238 1451 331 1479 videre
347 1459 355 1479 :
372 1450 447 1478 brevi
460 1455 549 1478 autem
562 1450 714 1485 interrupta
731 1450 838 1478 theatra
855 1451 889 1477 ad
908 1458 953 1478 tne

161 1496 294 1530 compulit
322 1500 352 1523 et
376 1495 487 1530 plausus
512 1495 689 1523 concitabat:
714 1500 742 1523 et
770 1501 812 1522 tne
829 1495 952 1530 quaedam

162 1541 232 1568 fama
256 1541 425 1576 prmveniens
442 1548 490 1575 per
510 1540 602 1568 omnia
628 1540 784 1568 celebrabat
797 1547 854 1572 ora.
874 1541 910 1568 ita
925 1545 954 1568 ut

1011 962 1158 998 Ῥωμαϊκῷ
1171 962 1226 999 γὰρ
1243 963 1338 999 κόσμῳ
1364 963 1529 1000 προσϐάλλει
1547 964 1596 999 τὴν
1611 964 1681 999 ἐμὴν
1690 964 1794 999 ἀκοήν·

1002 1008 1037 1035 δι’
1054 1009 1126 1043 ὑμᾶς
1138 1008 1167 1035 δὲ
1183 1009 1230 1035 καὶ
1245 1009 1365 1044 τοῦνομα
1379 1009 1459 1043 φιλῶ,
1477 1010 1524 1036 καὶ
1539 1009 1611 1037 θεῖον
1630 1010 1715 1041 ὅντως
1728 1009 1796 1037 αὐτὸ

1004 1054 1152 1089 βουλοίμην
1170 1055 1305 1090 ὑπάρχειν
1319 1063 1326 1070 '
1351 1055 1397 1081 καὶ
1412 1055 1484 1090 τιμῶ
1499 1056 1695 1092 προσηγορίαν,
1709 1053 1743 1091 ἧς
1764 1055 1796 1082 τὸ

1002 1099 1084 1134 ἔργον
1105 1099 1240 1134 ἠγνόησα.
1257 1101 1287 1126 El
1300 1100 1329 1126 δὲ
1343 1100 1390 1127 καὶ
1405 1101 1604 1136 μεταϐέϐληται
1622 1109 1662 1128 σοι
1681 1102 1750 1137 πρὶς
1764 1100 1796 1128 τδ

1004 1144 1097 1179 μεῖζον
1119 1146 1136 1180 ἡ
1165 1145 1244 1181 τύχη,
1268 1145 1336 1172 ἀλλὰ
1359 1146 1424 1180 μένε
1443 1147 1511 1182 ὅπερ
1540 1145 1619 1173 οἶσθα
1635 1147 1717 1173 πάλαι
1738 1147 1796 1179 τοῖς

1007 1190 1111 1225 ἔργοις,
1135 1191 1179 1218 ἵνα
1208 1191 1246 1227 μή
1282 1200 1312 1218 σε
1346 1191 1464 1224 ἀλαζόνα
1490 1192 1710 1226 κονοιστοριανὸν
1735 1192 1796 1219 ὀνο-

1005 1236 1093 1271 μάσω.

1282 1293 1347 1321 KE’.
1360 1293 1523 1330 ΖΑΧΔΡΙᾼ.

1044 1351 1077 1379 Ἦ
1091 1351 1203 1388 πατρὶς,
1227 1352 1276 1380 σὺν
1290 1352 1350 1389 Θεῷ
1362 1352 1391 1379 δὲ
1408 1352 1539 1388 εἰρήσθω,
1569 1351 1715 1387 εὐμενέσιν
1724 1348 1797 1379 εἶδεν

1003 1400 1077 1436 ἡμᾶς
1092 1399 1257 1435 ὀφθαλμοῖς·
1271 1400 1336 1433 τοὺς
1359 1400 1414 1436 γὰρ
1430 1400 1602 1436 ἐπιτηδείους
1623 1399 1796 1435 παρέστησεν

1003 1447 1115 1479 ὁποίους
1128 1446 1254 1482 ηὐχόμην
1273 1446 1346 1473 ἰδεῖν·
1362 1446 1450 1482 βραχὺ
1465 1446 1493 1473 δὲ
1508 1445 1670 1473 διαλιποῦσα
1692 1445 1799 1482 θέατρά

1004 1502 1050 1529 μοι
1066 1493 1166 1528 συνῆγε
1179 1493 1226 1520 καὶ
1238 1493 1351 1528 κρότους
1366 1493 1452 1520 ἐκίνει
1463 1501 1471 1508 ·
1487 1493 1535 1519 καί
1553 1492 1588 1528 μέ
1600 1501 1642 1525 τις
1659 1493 1738 1529 φήμη
1748 1492 1797 1520 λα-

1003 1539 1089 1566 ϐοῦσα
1112 1539 1156 1566 διὰ
1184 1539 1293 1566 πάντων
1323 1536 1371 1576 ᾖδε
1398 1539 1554 1574 στομάτων.
1583 1539 1610 1565 εἴ
1634 1538 1661 1565 τί
1674 1547 1725 1565 που
1748 1539 1799 1565 καὶ

161 1591 189 1614 et
198 1588 378 1622 juvenescere
395 1587 488 1615 videar
503 1595 510 1614 :
528 1592 556 1615 et
567 1594 644 1615 mens
661 1587 780 1615 exaltata
799 1592 840 1615 est
852 1586 952 1622 plausi-

1007 1585 1191 1613 νεανιεύεσθαι
1219 1585 1291 1612 δοκῶ
1303 1594 1310 1601 ·
1335 1586 1383 1613 καὶ
1400 1585 1446 1613 τὸν
1462 1585 1524 1612 νοῦν
1540 1585 1648 1621 ἐπήρθη
1663 1587 1719 1618 τοῖς
1736 1587 1799 1621 κρό-

162 1634 224 1667 bus,
243 1638 270 1661 et
282 1633 463 1669 sophisticum
489 1633 592 1669 aliquid
613 1633 673 1662 sine
686 1638 747 1661 arte
763 1634 908 1666 habebam.
923 1637 953 1661 ut

163 1680 220 1714 ipse
237 1679 364 1707 diceres:
386 1684 414 1706 tu
431 1679 542 1714 quidem
568 1679 650 1715 igitur
671 1679 800 1707 cavillare
827 1680 927 1708 similia
944 1690 952 1708 :

162 1732 213 1760 ego
227 1729 317 1752 atttem
333 1732 387 1752 non
406 1724 527 1752 tolerabo
540 1732 594 1752 non
615 1724 705 1753 clarus
721 1733 792 1758 esse,
810 1729 836 1753 el
853 1725 953 1753 fastum

162 1769 387 1803 superextollere,
408 1774 437 1797 et
461 1769 548 1804 legem
575 1770 643 1798 artis
667 1777 734 1797 meae
762 1771 862 1805 sequi:
893 1777 954 1805 quae

162 1815 273 1850 quidem
285 1816 367 1851 igitur
381 1815 448 1843 mihi
466 1823 514 1851 per
524 1815 616 1850 jocum
631 1816 703 1843 dicta
724 1815 792 1848 sint,
814 1820 843 1842 ut
857 1814 906 1842 tibi
925 1819 954 1843 et

162 1862 307 1890 cavillandi
335 1866 366 1890 ut
386 1869 446 1890 mos
476 1866 529 1894 est,
565 1862 706 1890 materiam
741 1863 902 1897 prazbeam:
927 1865 954 1889 te

162 1909 235 1936 enim
259 1909 338 1944 juvat
356 1916 399 1936 me
421 1908 553 1941 cavillari,
575 1908 639 1936 illud
661 1908 731 1936 habe
752 1912 857 1941 notum,
873 1908 953 1941 alios,

163 1953 257 1982 multis
271 1953 397 1982 laudibus
408 1953 557 1982 cumulare.

349 2009 446 2039 XXVI.
458 2009 618 2039 PHILIPPO
633 2010 774 2040 FRATRI.

196 2068 270 2099 Ecce
296 2067 345 2097 tibi
368 2072 396 2096 et
426 2068 523 2096 iterum
544 2068 612 2096 alias
633 2069 711 2096 mitto
737 2068 859 2103 litteras;
889 2069 955 2105 quid

166 2121 261 2150 passus
282 2114 385 2146 nescio,
404 2114 502 2141 iterum
518 2114 584 2142 siles
597 2122 605 2142 :
619 2114 642 2142 si
652 2115 724 2142 enim
738 2115 823 2149 quieti
839 2123 892 2143 non
907 2123 956 2143 va-

164 2167 229 2187 care
248 2160 329 2193 dicis.
355 2160 402 2187 sed
425 2159 474 2188 tibi
499 2159 655 2188 onmimode
678 2168 724 2188 ars
740 2161 844 2188 lucrum
863 2160 954 2194 allert.

165 2206 264 2234 tniruut
284 2206 393 2241 quidem
408 2206 506 2240 opinor
521 2206 593 2242 quod
609 2214 644 2234 ne
663 2206 737 2234 brevi
755 2207 865 2241 quidem
883 2212 953 2235 tent-

1004 1640 1073 1663 τοις,
1098 1631 1146 1658 καὶ
1158 1631 1189 1658 τὸ
1205 1632 1363 1666 σοφιστικὸν
1376 1631 1498 1667 ἀτεχνῶς
1517 1631 1600 1667 ἔχειν,
1617 1631 1655 1664 ὡς
1669 1632 1703 1659 ἂν
1716 1633 1799 1664 αὐτὸς

1004 1677 1093 1709 εῐποις
1106 1685 1114 1694 ·
1130 1677 1163 1704 σὺ
1185 1677 1234 1712 μὲν
1266 1675 1314 1704 οὖν
1338 1677 1448 1704 σκῶπτε
1473 1677 1606 1705 τοιαῦτα·
1629 1677 1685 1712 ἐγὼ
1705 1677 1735 1704 δὲ
1747 1677 1800 1704 οὐκ

1004 1722 1135 1759 ἀνέξομαι
1152 1723 1191 1759 μὴ
1202 1723 1233 1751 οὐ
1248 1723 1375 1760 λαμπρὸς
1404 1721 1486 1757 εἶναι,
1502 1723 1551 1751 καὶ
1574 1724 1624 1760 τὴν
1637 1724 1724 1759 ὀφρὺν
1741 1723 1800 1750 ἄνω

1006 1768 1112 1803 φέρειν,
1143 1769 1192 1796 καὶ⁴
1208 1767 1248 1804 τῷ
1275 1769 1327 1803 τῆς
1350 1769 1420 1804 ἐμῆς
1443 1769 1543 1805 τέχνης
1571 1769 1686 1797 ἕπεσθαι
1711 1769 1798 1805 νόμῳ.

1005 1815 1100 1843 Ταῦτα
1122 1815 1172 1851 μὲν
1199 1813 1246 1843 οὖν
1271 1824 1316 1851 μοι
1345 1815 1550 1852 πεπαίχθω,ὡς
1562 1817 1595 1844 ἄν
1613 1825 1655 1843 σοι
1677 1816 1726 1843 καὶ
1750 1815 1799 1843 τοῦ

1006 1860 1144 1887 σκώπτειν
1166 1860 1290 1896 συνήθως
1312 1860 1380 1897 ὕλην
1395 1861 1530 1897 παράσχω
1541 1868 1548 1876 ·
1567 1862 1725 1898 εὐφραίνεις
1742 1862 1800 1898 γάρ

1006 1915 1042 1942 με
1054 1905 1200 1941 σκώπτων,
1215 1905 1246 1935 εὖ
1268 1907 1333 1940 ῑσθι,
1346 1907 1363 1944 ἢ
1375 1907 1486 1941 πολλοῖς
1512 1908 1635 1941 ἐπαίνοις
1654 1907 1800 1944 βάλλοντες

1005 1953 1105 1988 ἕτεροι.

1208 2012 1282 2046 KG’.
1297 2011 1441 2049 «mutum
1461 2013 1603 2049 ΑΔΕΛΦῼ.

1048 2070 1115 2098 Ἰδού
1143 2078 1184 2097 σοι
1208 2071 1255 2098 καὶ
1281 2070 1363 2098 πάλιν
1377 2070 1460 2107 ἕτερα
1472 2070 1627 2106 γράμματα
1641 2078 1646 2085 ·
1662 2069 1689 2097 τί
1704 2069 1799 2097 παθὼν

1005 2117 1056 2144 οὐκ
1072 2114 1142 2149 οῐδα,
1159 2116 1242 2143 πάλιν
1257 2116 1355 2152 σιγᾷς·
1369 2115 1395 2142 εί
1409 2115 1460 2151 μὲν
1474 2114 1528 2151 γὰρ
1545 2114 1642 2151 σχολὴν
1658 2115 1709 2142 οὐκ
1721 2114 1800 2148 ἄγειν

1006 2162 1091 2196 ἐρεῖς,
1105 2161 1175 2189 ἀλλά
1197 2170 1238 2188 σοι
1252 2161 1295 2188 διὰ
1313 2162 1415 2194 παντὸς
1427 2162 1443 2197 ἠ
1458 2161 1541 2197 τέχνη
1563 2161 1641 2197 φέρει
1654 2170 1680 2188 τι
1694 2161 1799 2196 κέρδος,

1006 2207 1092 2235 δεινὸν
1105 2208 1165 2243 μὲν,
1182 2205 1271 2243 οἶμαι,
1299 2207 1398 2240 δεινὸν,
1413 2208 1438 2235 εί
1456 2207 1525 2243 μηδὲ
1541 2207 1629 2243 βραχὺ
1640 2207 1687 2234 τοῦ
1699 2207 1801 2240 παντὲς

164 2259 231 2285 pore
246 2259 294 2286 per
309 2257 394 2279 totum
415 2260 514 2279 annum
540 2252 619 2280 nobis
639 2253 809 2288 temetipsum
833 2254 952 2288 praebue-

1008 2254 1085 2286 ἔτους
1113 2255 1178 2289 ἡμῖν
1208 2254 1342 2290 παρέχεις
1356 2254 1470 2281 σεαυτόν
1482 2261 1489 2269 ’
1509 2253 1567 2281 ἀλλ’
1587 2251 1633 2281 οὖν
1651 2252 1801 2289 συνήδομαι

166 2299 223 2326 ris:
239 2298 287 2326 sed
305 2298 462 2333 congaudeo
484 2302 572 2325 tecum
587 2298 659 2332 quod
682 2299 708 2326 in
729 2300 845 2335 negotiis
864 2308 955 2328 verse-

165 2345 225 2372 rls:
244 2345 267 2372 si
288 2351 354 2373 vero
385 2349 497 2378 propter
521 2344 639 2377 divitias,
660 2345 711 2372 nisi
735 2351 845 2381 propter
868 2351 955 2373 artem

163 2390 240 2422 siles,
266 2388 442 2424 congratulor
458 2389 505 2417 tibi
522 2397 552 2416 ea
568 2389 603 2417 de
618 2398 647 2417 re
663 2399 670 2417 :
698 2399 751 2418 nott
778 2396 868 2419 tamen
896 2392 955 2420 vel—

162 2435 215 2462 lent
245 2439 270 2462 te
299 2427 403 2461 tantum
427 2434 563 2462 ditescere
576 2440 605 2463 ut
628 2444 710 2471 supra
731 2444 781 2464 nos
802 2437 954 2470 extollaris,

162 2488 214 2508 nec
231 2480 345 2514 amplius
359 2481 451 2509 videas
471 2488 519 2508 eos
534 2481 579 2515 qui
595 2485 674 2508 erant
693 2481 758 2509 olim
773 2482 929 2510 amicissimi
946 2492 953 2511 ι

163 2531 191 2554 ct
208 2531 283 2554 certe
298 2526 463 2554 inhiavimus
478 2530 530 2554 ate
546 2526 652 2555 litteras
668 2536 675 2554 :
695 2532 723 2555 et
739 2528 772 2556 ad
786 2535 861 2556 mare
874 2537 954 2564 pros-

163 2573 289 2608 picimus,
317 2580 370 2600 non
397 2573 489 2601 minus
505 2580 539 2600 ac
559 2572 656 2601 Philis.
679 2574 893 2610 Demophontem
910 2584 955 2603 vo-

163 2625 230 2645 cans
244 2617 374 2652 iniustum
389 2622 418 2646 et
436 2617 523 2645 amori
538 2619 751 2653 correspondere
768 2620 952 2647 nescientem:

163 2671 224 2690 cum
243 2664 288 2691 ille
303 2671 419 2700 sponsus
436 2669 508 2691 esset
525 2669 649 2692 recenter
669 2669 696 2693 et
710 2665 817 2693 Phillidi
833 2674 953 2694 amorem

149 2713 286 2745 ,augeret,
304 2709 371 2737 abiit
386 2710 534 2740 thalamum
547 2710 692 2746 nuptialem
707 2711 864 2746 relinquens
878 2721 884 2739 ε
903 2712 953 2740 ista

166 2761 255 2784 tamen
278 2757 371 2784 itidem
395 2757 512 2793 augebat
533 2764 581 2785 sua
602 2757 660 2785 vice
674 2765 735 2793 spes
756 2758 900 2793 praebens:
925 2764 954 2787 ut

165 2805 255 2829 autem
281 2801 363 2837 igitur
383 2802 458 2830 vices
486 2803 608 2838 rependit
634 2809 662 2832 et
682 2804 759 2838 abiit,
784 2804 827 2832 ille
844 2806 952 2840 quidem

164 2846 256 2873 statim
281 2847 416 2879 clamavit,
444 2852 470 2875 et
493 2847 606 2876 Phillida
631 2857 679 2877 sua
707 2851 765 2878 vice
789 2859 842 2878 non
861 2850 951 2880 vidit:

164 2890 250 2920 Philis
267 2896 356 2920 autem
371 2894 404 2921 ad
423 2901 497 2922 male
515 2903 591 2924 versa
611 2896 701 2930 ﬂebat,
715 2902 742 2925 ct
758 2906 841 2928 naves
859 2907 952 2928 nume-

1007 2299 1039 2334 γέ
1053 2307 1093 2326 σοι
1109 2299 1159 2334 τῆς
1185 2299 1323 2335 ἀσχολίας.
1343 2300 1374 2326 El
1390 2299 1418 2327 δὲ
1431 2299 1567 2332 πλουτῶν,
1579 2299 1668 2332 ἄλλως
1682 2299 1736 2327 ἀπὸ
1750 2299 1802 2334 τῆς

1006 2346 1104 2382 τέχνης
1125 2346 1214 2382 σιγᾷς,
1230 2347 1371 2382 συγχαίρω
1386 2346 1436 2382 μέν
1454 2356 1495 2374 σοι
1507 2347 1555 2374 καὶ
1567 2346 1662 2374 τούτου
1673 2356 1681 2364 ι
1695 2347 1726 2373 οὐ
1747 2346 1801 2382 μὴν

1006 2392 1157 2428 ἐϐουλόμην
1168 2391 1197 2419 σε
1214 2393 1342 2420 τοσοῦτον
1354 2393 1480 2420 πλουτεῖν
1490 2393 1528 2425 ὡς
1540 2393 1601 2420 καθ’
1618 2392 1698 2428 ἡμῶν
1711 2392 1801 2428 ἐπῆρ-

1007 2438 1064 2470 θαι,
1085 2439 1132 2466 καὶ
1149 2438 1246 2474 μηκέτ’
1264 2438 1364 2465 εἰδέναι
1381 2439 1444 2471 τοὺς
1455 2439 1540 2467 πάλαι
1557 2439 1721 2474 φιλτάτους·
1738 2438 1800 2465 καί-

1005 2491 1046 2510 τοι
1072 2483 1228 2519 κεχήναμέν
1243 2484 1275 2518 γὲ
1288 2492 1335 2510 σου
1349 2484 1405 2515 τοῖς
1429 2484 1575 2519 γράμμασι
1586 2491 1593 2499 ⁸
1607 2484 1655 2511 καὶ
1670 2483 1737 2518 πρὸς
1750 2484 1802 2518 τὴν

1006 2528 1142 2557 θάλατταν
1155 2529 1273 2565 ὁρῶμεν,
1289 2530 1339 2565 οὺχ
1355 2527 1437 2567 ἦττον
1449 2530 1464 2566 ἢ
1476 2530 1573 2562 Φυλλὶς
1589 2530 1636 2557 τδν
1651 2530 1802 2566 Δημοφῶν-

1004 2583 1039 2602 τα
1052 2575 1173 2602 καλοῦσα
1182 2575 1229 2601 τὸν
1245 2576 1336 2602 ἄδικον
1355 2577 1458 2603 ἐκεῖνον
1478 2576 1527 2603 καὶ
1554 2577 1672 2612 ἁντερᾷν
1700 2576 1750 2603 οὐκ
1764 2578 1803 2603 εἰ-

1005 2621 1069 2648 δότα
1082 2631 1089 2637 -
1106 2621 1136 2653 ὃς
1149 2621 1245 2657 ἐπειδὴ
1266 2622 1384 2657 νυμφίος
1400 2620 1435 2658 ἧν
1459 2622 1563 2658 ἀρτίως
1587 2622 1635 2650 καὶ
1665 2622 1744 2658 ηὕξει
1767 2623 1802 2657 τῇ

1005 2667 1113 2694 eumsi
1128 2667 1174 2694 τὸν
1197 2667 1296 2704 ἔρωτα,
1308 2668 1400 2705 ῷχητο
1410 2669 1459 2704 τὴν
1475 2668 1600 2696 παστάδα
1616 2667 1779 2695 καταλιπών
1792 2677 1799 2684 η

1004 2711 1085 2750 ἦμὴν
1102 2714 1139 2746 ὼς
1150 2714 1211 2750 ἥξει
1229 2715 1309 2741 πάλιν
1321 2715 1432 2747 ἐλπίδας
1443 2715 1531 2747 διδούς
1542 2724 1549 2730 ·
1563 2715 1601 2748 ὡς
1616 2715 1639 2742 δ“
1654 2712 1702 2742 οὖν
1719 2715 1800 2750 ἀμεί-

1006 2761 1060 2796 φθη
1082 2761 1130 2787 καὶ
1145 2760 1248 2796 ᾣχητο,
1265 2761 1279 2787 ὁ
1301 2761 1351 2796 μὲν
1364 2761 1446 2793 εὐθὺς
1476 2761 1642 2797 μετεσοήθη,
1675 2761 1723 2788 καὶ
1748 2762 1799 2796 τὴν

1005 2805 1120 2832 Φυλλίδα
1136 2806 1218 2832 πάλιν
1229 2806 1280 2832 οὐκ
1295 2803 1380 2833 εἷδεν’
1395 2808 1411 2842 ἡ
1430 2806 1459 2833 δὲ
1474 2807 1543 2842 πρὶς
1572 2807 1710 2834 θάλατταν
1736 2807 1798 2833 ἐδα-

1005 2860 1082 2887 κρυε,
1101 2852 1149 2878 καὶ
1169 2852 1219 2884 τὰς
1242 2853 1357 2884 ὁλκάδας
1378 2852 1491 2888 ἠρίθμει
1505 2854 1543 2889 μή
1560 2854 1626 2880 ποτέ
1652 2863 1693 2885 τις
1707 2852 1800 2881 αὐτῶν

1004 2897 1050 2925 τὸν
1069 2898 1240 2934 Δημοφῶντα
1256 2899 1405 2935 κομίζοιτο.
1420 2899 1504 2928 ’Λλλὰ
1522 2900 1576 2936 γὰρ
1588 2900 1618 2928 τὸ
1635 2900 1695 2927 καθ’
1711 2900 1798 2936 ἡμᾶς,
