1988 3079
457 135 481 146 /

168 165 235 198 2741

884 168 1088 204 EPISTOLIE.

1730 174 1802 208 2⁷142

167 218 257 256 οἴμαι,
274 220 425 258 δεινότερόν
456 222 532 250 ἐστιν
543 231 550 238 ·
573 223 587 251 ό
597 225 648 260 μὲν
673 223 728 261 γὰρ
752 224 803 253 οὐκ
816 225 910 262 ἤθελεν
921 226 961 254 ἑτι

1020 229 1091 256 tabat
1106 236 1139 257 ne
1155 236 1209 265 qua
1226 237 1259 258 ex
1275 230 1340 265 ipsis
1358 230 1572 265 Demophontem
1587 231 1778 260 transveheret
1792 236 1801 257 ἐ

169 267 308 302 παρεῖναι,
326 267 359 294 σὺ
370 267 400 294 δὲ
413 267 444 294 οὐ
459 269 569 305 μακρὰν
579 269 659 298 ἀπὼν
675 271 854 300 ἐπιστέλλειν.

407 401 471 430 KZ'.
490 403 724 441 ΚΩΝΣΤΔΝΤΙῼ.

206 449 268 475 Ἔτι
284 449 359 486 παρὰ
382 450 429 477 τὸν
445 451 541 478 Νεῖλον
553 452 636 479 οἰκῶν
660 452 710 488 τὴν
740 453 826 490 καλὴν
848 453 958 489 ἐκείνην

170 495 313 529 ἐπιστολὴν
329 496 481 532 ἐδεξάμηνο
511 496 567 524 οἷον
583 498 612 524 δέ
628 499 693 534 περὶ
715 499 819 534 ταύτης
846 499 959 534 συνέϐη.

170 541 201 568 οὐ
217 542 307 574 καλῶς
321 541 354 569 ἂν
375 543 431 577 ἔχοι
447 545 511 580 σιγῇ
529 545 686 580 παρελθεῖν.
705 545 749 577 Ὦς
764 546 819 581 γὰρ
841 545 963 573 ἐπέδωκέ

173 597 220 622 μοι
247 588 349 624 ταύτην
364 590 378 616 ό
394 589 495 626 φέρων,
518 592 566 618 καὶ
582 592 739 627 προσετίθει
756 592 784 619 δὲ
795 593 843 619 καὶ
869 593 962 626 πόθεν,

171 635 269 670 πάσχω
281 644 306 662 τι
321 636 405 668 πάθος
419 636 554 672 ἐρώντων.
578 638 669 674 Βραχὺ
683 639 738 674 γὰρ
751 638 959 674 ἀποπλανηθεὶς

171 680 218 706 τοῦ
235 682 348 713 εἰκότος,
358 682 408 717 ἤδη
419 691 447 709 σε
461 683 508 710 καὶ
517 683 645 719 παρεῖναί
659 693 703 719 μοι
717 685 825 717 πάντως
839 685 960 712 ἐδόκουν·

172 726 218 752 καὶ
230 727 332 760 τοίνυν,
345 725 368 754 ὧ
382 729 494 762 φίλτατε
506 729 626 764 βροτῶν,
651 729 721 765 ἔφην
735 730 772 762 ὡς
792 730 870 757 ἀπὼν
893 731 964 765 ᾶγαν

172 772 282 805 ἐλύπεις
292 782 302 791 ο
319 775 366 801 καὶ
380 775 428 801 νῦν
440 775 568 802 ποθοῦσιν
585 777 691 810 ἀφῖξαι.
716 777 759 808 Ὠς
767 777 802 804 τὰ
810 777 838 803 δὲ
851 777 964 804 τοιαῦτα

173 819 304 851 πολλάκις
332 818 419 854 εἷπον,
452 824 509 854 τοῖς
536 823 670 858 παροῦσιν
695 823 813 859 ὑποψίαν
835 825 964 859 παρέχων

170 865 217 891 τοῦ
231 866 394 902 πράγματος
405 876 414 884 ε
432 869 486 895 Καὶ
497 869 528 904 δὴ
543 869 568 895 τί
579 870 704 904 πάσχεις,
719 869 843 905 ἐφησαν;
861 870 891 896 οὺ
909 870 963 906 γὰρ

170 911 202 945 δή
213 919 255 938 σοι
275 913 322 939 καὶ
343 913 438 948 παρὼν
452 915 555 946 ἐκεῖνος
585 915 714 950 τυγχάνει
727 924 733 930 ·
749 916 789 947 εἰς
808 915 837 941 δὲ
852 916 963 951 μνήμην

171 957 256 984 ἐλθὼν
282 959 401 993 ἐμαυτοῦ
420 960 545 996 ἠνιάθην,
575 958 619 987 οἷα
638 961 669 996 δή
688 970 730 992 τις
752 961 880 988 ἐκπεσὼν
910 961 961 994 τῆς

170 1004 299 1038 τοιαύτης
313 1004 430 1038 ἐλπίδος,
449 1006 497 1032 καὶ
511 1005 599 1042 βραχὺ
615 1007 755 1041 δακρύσας
769 1006 857 1040 ἔγνων
872 1008 964 1034 όποῖον

170 1050 240 1085 ἔρως
259 1050 355 1085 ἰσχύει,
375 1052 422 1077 καὶ
436 1051 477 1077 ὃτι
490 1051 578 1087 πλάνη
606 1061 647 1084 τις
663 1049 697 1087 ἧν
727 1051 964 1088 παραμυθουμένη

169 1095 216 1121 τὸν
243 1094 374 1130 λογισμόν
385 1104 393 1111 η
411 1096 448 1128 ὡς
463 1097 491 1123 δὲ
506 1097 555 1132 τὴν
568 1097 716 1132 ἐπιστολὴν
740 1097 877 1129 ἀναλύσας
889 1097 967 1124 ἐσκό-

170 1141 349 1177 πουν,ἥσθην
373 1142 500 1169 τοσοῦτον
518 1143 556 1175 ὠς
581 1144 626 1170 ὅτε
653 1144 701 1170 τοῦ
733 1144 867 1179 παρόντος
895 1143 966 1170 ἐκὼν

170 1188 340 1223 ἁφιστάμην,
353 1188 390 1224 μὴ
401 1188 448 1215 καὶ
464 1189 546 1216 πάλιν
561 1190 693 1222 πολλάκις
708 1189 803 1224 εἰπὼν,
821 1190 868 1217 καὶ
878 1192 892 1218 ό
906 1190 962 1218 τῶν

173 1233 324 1267 μελλόντων
338 1242 371 1269 με
386 1234 536 1270 κατέπειγε
557 1235 650 1268 πόθος.

287 1323 356 1351 KH’.
370 1324 510 1361 omnia.
535 1325 634 1361 [Band.
657 1325 839 1362 οΛΥΜΠΙῼ.]

207 1368 259 1394 Τὸν
287 1368 445 1404 θαυμαστὸν
471 1371 643 1405 Στρατήγιον
672 1372 720 1398 καὶ
747 1371 882 1407 πρότερον
914 1371 967 1407 ήδη

171 1414 267 1449 φιλῶν,
282 1415 330 1442 νῦν
341 1416 382 1443 ἔτι
398 1417 444 1443 καὶ
463 1416 564 1451 μᾶλλον
587 1417 732 1452 ἠγάπησα,
751 1417 817 1444 διότι
830 1417 885 1444 τῶν
897 1418 967 1454 πρὸς

171 1460 302 1496 ἀλλήλους
318 1462 384 1496 ἡμῖν
404 1463 578 1497 γραμμάτων
604 1463 725 1498 ὑπῆρξεν
751 1463 879 1495 ὑπόθεσις
891 1472 898 1479 ⁸
914 1463 965 1498 τὴν

172 1505 227 1539 γὰρ
259 1506 394 1540 προτέραν
424 1507 529 1541 σιωπὴν
560 1508 745 1543 μεταστήσας,
763 1507 881 1535 δέδωκεν
895 1509 960 1543 ἡμῖν

1013 275 1060 303 sed
1077 276 1148 310 quod
1166 276 1237 304 inter
1253 284 1312 308 nos,
1328 277 1435 311 opinor,
1451 285 1504 304 non
1526 276 1615 305 tnittus
1629 277 1727 305 mirum
1740 282 1802 306 est:

1012 329 1083 349 unus
1097 322 1169 349 enim
1185 330 1238 350 non
1254 323 1361 351 volebat
1383 323 1474 350 adhuc
1492 323 1612 358 prodire,
1628 329 1656 352 tu
1669 331 1734 352 vero
1749 332 1803 352 non

1012 367 1121 395 mittere
1134 368 1229 402 procul
1243 369 1342 396 absens
1357 369 1472 396 litteras.

1220 413 1326 441 XXVII.
1341 413 1594 442 CONSTANTINO.

1048 459 1142 487 Adhuc
1166 461 1236 494 apud
1252 459 1341 487 Nilum
1360 460 1487 488 habitans
1503 461 1630 496 pulchras
1648 461 1697 489 has
1711 462 1805 497 accepi

1013 505 1136 533 litteras:
1153 506 1225 540 quod
1241 511 1332 533 autem
1350 507 1383 534 de
1401 506 1454 534 illis
1475 507 1587 539 accidit,
1608 515 1661 534 non
1679 507 1748 535 bene
1762 515 1806 536 es-

1013 557 1055 580 set
1069 552 1179 580 silentio
1198 553 1339 587 praeterire
1357 562 1363 580 :
1386 558 1413 580 ιιι
1433 553 1506 580 enim
1524 553 1590 580 ntilti
1614 553 1723 580 tradidit
1745 553 1806 580 illas

1013 598 1059 633 qui
1080 598 1195 632 ferebat,
1217 603 1245 626 et
1268 598 1373 626 addidit
1396 599 1467 626 unde
1484 603 1587 631 essent,
1601 599 1741 627 mc.subiit
1756 598 1806 626 ali-

1014 644 1076 678 quis
1091 644 1239 683 amantium
1266 644 1379 671 all‘ectus
1395 654 1402 672 :
1423 644 1514 672 subito
1538 644 1610 671 enim
1628 649 1726 679 praeter
1745 652 1807 672 mo-

1014 689 1079 716 dum
1103 690 1245 732 abet‘rans,
1271 689 1324 723 iam
1342 694 1367 717 te
1381 694 1408 717 et
1425 690 1521 718 adesse
1539 691 1603 717 milii
1627 690 1738 718 omnino
1757 698 1806 725 pu-

1015 734 1106 761 tabam
1125 739 1175 761 :et
1199 734 1270 766 ideo,
1287 743 1303 761 ο
1327 734 1488 762 charissime
1513 734 1679 765 mortalium,
1702 735 1807 768 inquie-

1015 779 1076 807 bam
1093 787 1172 814 quam
1199 780 1298 807 absens
1314 779 1423 806 nimiam
1439 779 1576 808 inferebas
1599 779 1755 807 tristitiam!
1779 786 1808 807 et

1016 835 1086 854 nttnc
1101 827 1133 854 ad
1148 831 1176 854 te
1190 827 1375 854 desiderantes
1394 826 1493 854 venisti
1510 835 1517 854 :
1535 826 1572 853 ita
1585 832 1613 854 et
1625 826 1723 854 sintilia
1737 833 1807 861 saepe

1016 873 1160 905 iterabant,
1185 873 1364 908 praesentibus
1388 873 1426 900 rei
1450 874 1633 907 suspicionem
1659 873 1805 908 praebens:

1015 919 1080 953 quid
1100 918 1183 953 igitur
1200 918 1312 952 pateris,
1333 918 1462 945 dicebant
1476 918 1488 945 ?
1505 925 1558 946 non
1581 918 1653 945 enim
1668 922 1743 945 certe
1758 917 1807 944 tibi

1016 969 1043 991 ct
1068 971 1186 997 praesens
1213 964 1264 991 iste
1285 963 1404 991 occurrit
1425 973 1433 990 :
1458 967 1549 991 mente
1584 968 1673 990 autem
1700 967 1807 997 recepta

1017 1014 1130 1036 Inatstus
1149 1009 1221 1036 evasi
1247 1013 1375 1043 tanqttatn
1403 1009 1502 1044 aliquis
1517 1017 1532 1037 e
1559 1013 1631 1036 tanta
1649 1017 1697 1044 spe
1714 1009 1807 1036 detur-

1016 1055 1104 1087 batus,
1117 1060 1145 1082 et
1164 1055 1254 1082 subito
1266 1054 1430 1091 lacrymans,
1446 1056 1542 1090 agnovi
1566 1060 1667 1090 quanta
1684 1055 1708 1082 vi
1727 1055 1808 1090 pollet

1016 1109 1102 1133 amor,
1126 1107 1229 1129 etesse
1256 1102 1456 1129 aberrationcm
1484 1102 1628 1136 quamdam
1657 1109 1709 1136 qua
1738 1101 1809 1129 ratio

1017 1147 1143 1174 levatur:
1160 1155 1221 1173 cum
1246 1152 1336 1174 autem
1364 1147 1508 1181 epistolam
1531 1147 1638 1174 solvens
1652 1146 1808 1174 considera-

1015 1193 1088 1227 bam,
1113 1193 1262 1221 delectatus
1285 1201 1344 1221 sum
1365 1194 1477 1228 perinde
1493 1201 1525 1221 ac
1549 1193 1570 1220 si
1592 1201 1607 1220 a
1623 1196 1756 1228 praesente
1774 1193 1808 1220 li-

1016 1239 1083 1266 hens
1102 1239 1269 1272 recederent,
1286 1247 1364 1272 quem
1381 1244 1409 1266 et
1433 1240 1529 1267 iterntn
1548 1247 1618 1273 saepe
1631 1247 1682 1266 non
1696 1239 1807 1266 fuissem

1017 1286 1163 1319 allocutus,
1181 1291 1209 1314 et
1225 1285 1309 1313 futuri
1326 1293 1370 1313 me
1386 1285 1544 1314 sollicitavit
1560 1285 1737 1313 desiderium.

1286 1331 1406 1360 XXVIII.
1422 1330 1534 1359 ULPIO.

1053 1378 1204 1406 Mirabilem
1229 1378 1388 1413 Strategium
1403 1382 1432 1405 et
1445 1383 1525 1404 antea
1536 1377 1592 1412 lam
1613 1384 1719 1409 amans,
1737 1383 1810 1404 nunc

1017 1429 1044 1452 et
1069 1424 1157 1452 adhuc
1179 1423 1265 1458 magis
1284 1423 1379 1458 diligo,
1409 1423 1472 1457 quia
1500 1422 1578 1449 nobis
1598 1422 1632 1448 ad
1651 1421 1768 1449 invicem
1791 1428 1807 1447 a

1018 1470 1116 1498 litteris
1130 1473 1223 1496 exorta
1237 1473 1278 1497 est
1294 1469 1404 1496 occasio
1421 1477 1427 1495 :
1448 1468 1565 1504 primum
1579 1467 1652 1494 enim
1667 1467 1806 1494 silentium

1018 1517 1181 1551 abrumpens
1213 1515 1321 1543 tradidit
1362 1515 1439 1542 nobis
1474 1515 1545 1541 viam
1570 1513 1670 1548 aliquid
1695 1513 1742 1540 tibi
1768 1512 1810 1539 di-

173 1552 260 1578 είπεῐν
277 1560 302 1577 τι
320 1551 388 1585 πρὸς
401 1552 445 1578 σέ·
460 1553 508 1579 καὶ
525 1553 713 1588 φθεγγομένου
729 1553 810 1581 πάλιν
829 1555 960 1586 ἀκούσας.

1020 1561 1115 1589 cendi:
1138 1565 1164 1589 et
1181 1561 1337 1596 loquentem
1353 1561 1412 1588 vice
1433 1565 1478 1587 tua
1496 1559 1595 1586 audisti
1611 1567 1618 1586 :
1645 1558 1667 1586 si
1683 1565 1749 1585 vero
1762 1557 1811 1586 tibi

174 1597 205 1623 El
219 1597 246 1624 δὲ
261 1598 307 1624 καὶ
329 1599 370 1624 σοὶ
392 1598 454 1625 καθ’
481 1598 577 1634 ἡδονὴν
588 1599 621 1625 τὰ
648 1599 772 1635 ἡμέτερα
797 1600 965 1636 γράμματα,

174 1643 241 1677 τίμα
257 1644 285 1670 δὲ
305 1644 408 1670 τούτων
442 1644 491 1680 τὴν
513 1644 614 1676 αἰτίαν,
640 1646 692 1680 ἤδη
718 1645 768 1680 μὲν
791 1646 855 1680 ὑμῖν
888 1646 968 1681 χάριν

175 1689 356 1723 ὁμολογοῦντα
381 1691 430 1724 τῆς
457 1690 647 1725 προλαόούσης
666 1691 802 1726 σπουδῆς,
819 1691 921 1726 μᾶλλον
940 1691 968 1718 δὲ

174 1737 332 1772 κηρύξαντα
352 1738 401 1772 τὴν
430 1738 636 1774 εὑεργεσίαν,εἰ
659 1739 727 1773 πρὸς
756 1738 834 1770 τέλος
861 1739 968 1773 ἐνέγκοι

174 1784 224 1818 τὴν
254 1784 353 1819 χάριν·
383 1784 440 1811 ἀλλ’
469 1785 600 1817 ἐπίδειξαι
618 1794 644 1812 τι
665 1785 790 1812 νεανικὸν
817 1784 888 1812 κατὰ
913 1785 969 1811 τῶν

174 1830 348 1863 ἀδικούντων,
373 1831 447 1862 ὅπως
462 1831 495 1858 ἂν
519 1831 661 1857 αἴσθοιντο
680 1832 793 1865 πάντες,
814 1831 887 1863 οἴους
914 1831 968 1866 ἄρα

174 1877 238 1907 τοὺς
258 1876 351 1910 φίλους
365 1876 435 1911 ἔχων
451 1876 610 1903 ἐλάνθανον·
625 1878 671 1903 τον
683 1877 711 1904 δέ
740 1877 873 1912 ὑμέτερον
897 1877 970 1903 ἀδελ-

175 1921 226 1956 φὸν
257 1922 303 1948 καὶ
330 1922 393 1957 πρὶν
409 1923 457 1957 μὲν
482 1922 547 1949 ἰδεῖν
572 1922 751 1958 ἠπιστάμην·
767 1923 900 1958 ἐγνώρισε
913 1922 969 1958 γάρ

176 1976 222 2002 μοι
238 1967 332 1994 τοῦτον
350 1959 512 2004 πολλάκις
528 1969 607 2004 φήμη
619 1977 626 1985 ο
646 1969 706 1996 νυνὶ
722 1968 751 1995 δὲ
773 1969 874 2004 μᾶλλον
887 1968 969 1994 ὲθαὺ-

176 2020 252 2047 μασα
265 2013 298 2048 τῇ
314 2012 398 2049 πείρᾳ
420 2013 513 2048 μαθών
525 2021 532 2028 ·
546 2014 592 2040 καὶ
601 2013 684 2040 τοῦτο
696 2013 758 2041 ίδών
778 2022 807 2040 σε
824 2013 858 2039 δι’
873 2013 969 2049 ἐτέρου

174 2057 302 2093 σώματος
334 2059 407 2094 ἔχειν
436 2059 642 2095 ἡγούμην-καὶ
677 2061 787 2095 μακρὰν
819 2059 910 2093 ἀπὼν,
934 2059 968 2087 δι’

175 2103 259 2139 ἄλλης
273 2105 340 2140 ἡμῖν
354 2105 459 2138 εἰκόνος
471 2105 575 2137 ἐδόκεις
591 2107 733 2142 παρεῖναι.
820 2098 823 2100 ’

455 2198 519 2226 κεν.
537 2199 692 2235 summa.

1019 1607 1147 1643 voluptati
1176 1607 1277 1634 fuerint
1300 1612 1398 1634 nostra:
1425 1606 1533 1638 litterae,
1552 1605 1726 1633 observantia
1751 1604 1811 1632 cole

1019 1654 1125 1681 illarum
1142 1661 1265 1685 causam,
1288 1652 1343 1688 jam
1365 1652 1474 1687 quidem
1499 1651 1577 1678 vobis
1591 1651 1706 1686 gratiam
1728 1649 1811 1685 profi-

1021 1704 1120 1727 tentem
1141 1698 1330 1734 prmveniettlis
1353 1697 1452 1730 studii,
1477 1697 1563 1731 magis
1584 1701 1675 1725 autem
1701 1703 1809 1723 annun-

1021 1745 1132 1772 tiantem
1156 1743 1374 1776 beneﬁcentiam,
1395 1742 1428 1769 ad
1450 1742 1530 1769 tinem
1546 1742 1661 1777 gratiam
1683 1741 1812 1768 adductu-

1022 1799 1077 1818 ram
1091 1800 1098 1818 :
1114 1791 1160 1818 sed
1175 1790 1316 1817 ostendisti
1332 1788 1434 1824 aliquid
1453 1788 1523 1815 forte
1540 1793 1633 1815 contra
1650 1787 1811 1822 iujnstitiam

1020 1835 1232 1866 committentes,
1253 1838 1283 1860 ut
1297 1840 1393 1860 omnes
1411 1833 1513 1859 scirent
1527 1831 1622 1865 quales
1645 1830 1747 1858 inscius
1764 1830 1812 1857 ha-

1020 1880 1112 1907 berem
1136 1880 1258 1908 amicos:
1286 1882 1408 1906 vestrum
1434 1883 1523 1904 autent
1547 1876 1660 1904 fratrem
1686 1879 1713 1903 ct
1732 1880 1811 1902 ante-

1020 1935 1102 1961 quam
1131 1927 1204 1954 htntc
1238 1926 1359 1953 viderem
1384 1923 1605 1958 cognoscebam:
1629 1921 1813 1949 mattifestavit

1019 1973 1092 2000 cnint
1122 1972 1196 2000 illutn
1222 1971 1289 1999 mihi
1315 1977 1385 2005 saepe
1407 1970 1498 1997 fama:
1524 1977 1595 1996 nunc
1620 1972 1709 1994 autent
1727 1967 1813 2002 magis

1021 2020 1105 2047 miror
1132 2027 1192 2045 cum
1217 2017 1383 2053 experientia
1405 2016 1467 2043 novi
1485 2023 1493 2042 :
1515 2022 1595 2050 quam
1611 2014 1707 2041 videns
1724 2018 1748 2040 te
1764 2020 1812 2047 per

1021 2065 1136 2092 alterunt
1150 2071 1251 2099 corpus
1266 2063 1367 2090 habere
1387 2061 1591 2093 existimabam,
1614 2064 1642 2086 et
1656 2065 1812 2094 quanquam

1021 2111 1099 2145 longe
1110 2111 1195 2142 absis,
1220 2109 1298 2136 nobis
1311 2108 1407 2136 adesse
1425 2114 1474 2142 per
1498 2105 1579 2134 aliam
1597 2104 1717 2141 specient
1740 2103 1813 2131 vide-

1021 2155 1106 2183 baris.

1280 2195 1378 2224 XXIX.
1397 2194 1554 2222 SOSIANO.

213 2243 338 2277 Ἐπρεπε
366 2242 439 2278 κάμὲ
466 2243 631 2278 θαρροῦντα,
647 2243 755 2279 χαίρειν
778 2245 864 2271 αἰτεῖν
888 2245 965 2280 παρὰ

1054 2243 1218 2272 Decebatme
1229 2241 1410 2270 conﬁdentem
1422 2241 1537 2268 salutem
1553 2247 1567 2266 ιι
1580 2243 1606 2266 te
1621 2243 1712 2274 petere
1725 2247 1731 2265 :
1745 2242 1773 2265 et
1788 2242 1814 2265 ιο

176 2289 222 2317 σοῦ
233 2298 240 2305 ·
257 2290 305 2316 καὶ
320 2290 349 2316 σὲ
359 2289 506 2325 προθύμως
521 2290 622 2316 διδόναι
636 2290 803 2326 ἀμφοτέροις
819 2291 966 2327 ἁρμόττον,

174 2335 238 2370 ἐμοὶ
247 2335 296 2371 μὲν
302 2335 393 2369 λέγειν
403 2336 466 2362 ὃτου
479 2335 547 2369 δέοι,
563 2336 604 2362 σοὶ
618 2336 646 2362 δὲ
657 2336 725 2371 πρὸς
736 2336 815 2371 λόγον
829 2337 967 2372 ἐκφέρειν

175 2381 340 2416 Στρατήγιος
357 2380 412 2415 γὰρ
428 2379 579 2415 ἀπήγγειλέ
593 2389 637 2415 μοι
647 2379 784 2415 τοσαύτην
796 2380 873 2414 ὑμῶν
888 2388 968 2414 γεγε-

175 2426 274 2462 νῆσθαι
289 2426 339 2462 τὴν
353 2427 393 2458 εἰς
409 2426 489 2452 αὐτὸν
501 2425 668 2462 προθυμίαν,
681 2425 753 2453 ὥστε
767 2425 801 2452 τὰ
815 2426 862 2452 ἐπὶ
873 2426 914 2452 σοὶ
922 2426 969 2453 καὶ

176 2473 265 2506 πέρας
278 2472 340 2507 ἔσχε
359 2472 376 2508 ἡ
395 2472 456 2507 δίκη
470 2472 515 2498 καὶ
526 2473 711 2507 νενικήκαμεν
723 2480 730 2487 ⁸
744 2471 803 2498 ἀλλ’
820 2472 894 2502 ὅπως
923 2472 970 2498 καὶ

175 2519 232 2549 τοῖς
257 2518 347 2554 ἔργοις
365 2519 471 2552 γένοιτο
488 2517 586 2546 ταῦτα.
602 2517 736 2544 Τοσοῦτον
750 2518 803 2553 γὰρ
819 2517 913 2554 θαρρῶ
927 2517 971 2544 διὰ

177 2562 225 2589 σο)
237 2564 265 2589 τὺ
282 2563 369 2598 πέρας
396 2563 525 2596 ἐλπίζων,
551 2563 622 2590 ὥστε
642 2563 688 2591 καὶ
712 2564 767 2599 πρὸ
795 2563 890 2596 τέλους
919 2564 970 2600 ἤδη

178 2609 272 2643 λόγους
289 2608 374 2644 ζητῶ,
391 2608 424 2636 δι’
435 2605 472 2636 ὦν
484 2609 647 2645 ὁμολογήσω
665 2610 715 2645 τὴν
735 2610 827 2646 χάριν.

315 2655 357 2680 A’.
372 2654 513 2689 omnia.
536 2654 635 2691 [Baud.
650 2655 832 2692 omnium]

214 2699 317 2734 Πολλὴν
326 2700 391 2734 ἡμῖν
404 2700 474 2726 κατὰ
482 2699 529 2726 σοῦ
538 2700 732 2736 μελετωμένην
739 2701 908 2737 κατηγορίαν
931 2702 972 2729 δι-

179 2744 289 2780 έφυγες·
298 2745 335 2777 ὡς
343 2747 396 2780 γὰρ
404 2742 470 2781 ἧκεν
477 2747 490 2772 ὁ
497 2747 530 2772 Στ
536 2747 674 2782 ρατήγιος,
683 2747 835 2783 γράμματα
841 2747 869 2774 δὲ
878 2748 927 2775 οὐκ
935 2746 974 2774 εί-

180 2800 237 2828 χεν,
245 2791 365 2827 ἠρυθρία
381 2792 430 2828 μὲν
445 2794 511 2828 ἡμῖν
522 2793 692 2828 προσελθεῖν.
704 2794 827 2829 Πῶς”γὰρ
835 2793 974 2830 οὐκέμελ-

180 2837 210 2864 λε
221 2845 228 2870 ;
240 2837 369 2870 πολλάκις
377 2839 406 2865 δὲ
417 2839 582 2874 διαφεύγων,
590 2839 667 2875 μόλις
679 2840 765 2867 ἑάλω·
778 2841 826 2868 καὶ
838 2841 871 2876 δὴ
881 2841 975 2876 βδελυ-

180 2884 229 2919 ρὸν
240 2883 321 2912 αὐτὸν
336 2885 382 2912 καὶ
396 2885 465 2918 θεοῖς
477 2885 574 2922 ἐχθρὸν
584 2886 749 2921 ἀπεκάλουν,
759 2887 800 2914 ὅτι
815 2887 884 2923 πρὸς
900 2887 974 2923 ἡμᾶς

1020 2289 1165 2324 diligenter
1185 2287 1344 2315 incumbere
1369 2285 1480 2320 utrique
1495 2283 1641 2318 ,convenit,
1664 2283 1729 2311 tnilti
1753 2284 1814 2319 qui—

1021 2335 1081 2362 dem
1097 2334 1187 2362 dicere
1204 2333 1269 2368 quid
1292 2332 1477 2360 necessarium
1496 2335 1579 2363 esset,
1605 2329 1653 2357 tibi
1677 2336 1739 2357 vero
1754 2337 1814 2356 scr-

1023 2388 1103 2408 mone
1118 2380 1228 2415 vulgare
1244 2379 1333 2414 quoad
1350 2383 1376 2405 te
1390 2387 1396 2404 :
1413 2377 1571 2411 Strategius
1590 2375 1664 2403 enim
1679 2375 1815 2402 nuntiavit

1023 2427 1089 2455 tnihi
1117 2430 1219 2454 tantam
1244 2433 1259 2453 a
1279 2425 1356 2453 vobis
1379 2424 1534 2452 adhibitam
1559 2421 1642 2449 fuisse
1663 2420 1815 2449 festinatio-

1022 2481 1095 2505 nem,
1113 2477 1142 2500 ttt
1166 2472 1199 2500 lis
1224 2472 1304 2499 linem
1332 2470 1458 2498 habuerit
1478 2474 1505 2496 et
1526 2467 1690 2495 vicerimus:
1714 2467 1761 2494 sed
1789 2472 1816 2495 et

1023 2519 1140 2553 negotiis
1169 2518 1226 2546 haec
1247 2517 1398 2545 eveniant:
1419 2520 1494 2543 tanta
1517 2514 1590 2542 enim
1609 2514 1707 2540 ﬁducia
1725 2520 1774 2548 per
1790 2517 1815 2540 to

1022 2572 1103 2600 spero
1130 2564 1209 2591 finem
1227 2568 1256 2590 ιιι
1281 2567 1308 2590 rt
1334 2567 1396 2589 ante
1421 2562 1501 2588 linem
1517 2560 1572 2595 jam
1591 2559 1672 2586 verba
1695 2566 1814 2593 quaeram

1024 2611 1121 2648 quibus
1139 2610 1253 2646 gratiam
1267 2609 1426 2646 profitebor.

1312 2656 1396 2684 ΧΧΧ.
1412 2654 1526 2683 ULPIO.

1060 2704 1142 2732 Multa
1158 2704 1271 2732 crimina
1291 2711 1351 2737 qua:
1374 2707 1467 2730 contra
1490 2709 1515 2729 te
1530 2702 1734 2729 intenderamus
1747 2700 1815 2727 cffu-

1026 2751 1088 2786 gisti
1107 2759 1114 2778 :
1130 2758 1191 2777 cum
1219 2750 1291 2777 enittt
1318 2748 1568 2783 vruitStrategius,
1596 2748 1700 2774 litteras
1726 2752 1815 2773 autent

1026 2803 1081 2824 non
1109 2795 1233 2826 haberet,
1264 2794 1362 2821 rubore
1388 2793 1498 2827 quidem
1528 2793 1661 2827 superfusi
1689 2792 1814 2818 fuimus:

1026 2841 1161 2876 quomodo
1180 2840 1251 2867 enitn
1269 2847 1321 2867 non
1335 2839 1370 2866 ita
1385 2839 1477 2867 esset?
1492 2846 1563 2873 saepe
1580 2843 1670 2865 autem
1686 2837 1816 2872 effugiens

1028 2886 1136 2915 diIIicile
1158 2889 1253 2921 camus
1275 2889 1317 2914 est
1334 2891 1341 2912 :
1360 2889 1388 2913 et
1412 2885 1594 2919 impudentem
1618 2883 1704 2920 ipsum
1717 2887 1745 2911 et
1765 2881 1800 2910 dii
