1988 3079
175 143 245 181 2743

804 148 981 180 PROCOPII
999 149 1121 180 GAZ/EI

1739 158 1813 191 27H

175 203 316 252 inimicum
328 203 509 238 appellabam,
529 204 601 240 quod
616 205 650 232 ad
665 212 714 233 nos
727 206 884 238 adveniens,
899 206 966 234 nihil

1020 206 1180 242 ἀφιγμένος,
1203 207 1279 252 οὐδὲν
1299 209 1364 245 περὶ
1388 209 1467 244 ὑμῶν
1480 209 1535 237 τῶν
1559 211 1696 246 φιλτάτων
1720 215 1812 252 ἀπήγ-

173 250 207 276 de
220 244 296 276 vobis
313 249 358 285 qui
373 250 527 278 charissimi
547 251 614 279 estis
651 252 832 284 annuntiavit,
857 253 890 280 de
905 253 967 287 qui-

173 295 225 321 bus
249 302 320 330 saepe
340 293 435 322 audire
457 295 639 331 exoptabam:
663 301 782 326 attamen
800 298 851 325 iste
874 297 967 326 defen-

174 340 278 368 sionem
297 338 462 369 suﬂicienter
483 343 580 377 agebat
598 352 604 370 :
619 344 719 371 etettim
737 351 847 371 causam
870 343 967 372 attere-

175 387 222 413 bat
234 385 337 421 fugam,
350 386 422 421 quod
439 386 545 415 litteras
564 395 617 414 non
633 387 738 416 ferret:
755 393 783 416 et
796 388 833 416 illi
856 389 965 423 quidem

177 431 202 458 itt
218 431 260 459 his
282 432 454 460 erubescenti
477 433 583 460 veniam
603 433 737 468 largiebar
753 443 759 461 :
778 434 902 462 dicebam
917 442 966 462 au-

174 478 229 504 tem
242 475 311 504 infra
329 477 460 511 nteipsum
483 483 583 512 quanta
602 479 710 506 auferre
731 484 758 506 et
775 484 881 507 tttutare
898 484 964 507 tetu-

175 530 226 557 pus
251 522 367 550 noverit.
394 523 509 557 Quando
535 525 607 552 enim
631 525 729 552 nobilis
749 525 841 560 Ulpius
868 532 967 554 nostra":

176 567 295 603 antiquae
315 568 433 597 fortuna!
451 571 588 606 partiet-ps
600 575 668 603 erat,
686 573 789 599 amicus
810 578 870 600 erat
885 577 912 600 et
928 574 966 600 vi-

175 614 301 648 debatur,
326 621 354 644 et
378 625 515 651 nunquam
545 617 570 645 in
599 618 717 645 animum
744 619 863 646 venisset
892 619 965 646 illum

175 658 335 690 mutandum
357 665 437 686 esse:
460 667 520 686 cum
539 664 627 687 autem
650 660 809 695 magnificus
834 662 967 690 cxaltattts

174 707 215 730 est
231 707 257 730 et
272 711 386 738 magnus
401 705 496 735 evasit,
514 705 692 732 intolerabilis
704 711 746 733 est
760 706 828 733 bona
848 706 967 741 gaudens

174 749 293 782 fortuna,
309 755 336 778 et
352 758 399 778 eos
414 751 460 785 qui
479 757 557 778 erant
583 757 661 779 antea
676 752 756 780 amici
773 752 940 780 obliviscitur
957 762 964 781 :

175 794 244 822 bona
262 796 378 830 gaudeat
390 797 496 824 fortuna
514 802 630 830 tantum,
648 803 674 824 et
687 799 824 826 moderate
840 799 966 826 sustine-

174 841 265 869 bimus
280 842 398 876 despecti
415 852 421 870 :
439 844 538 885 haec-rt
554 844 651 871 similia
671 845 782 872 dicens:
799 845 881 872 mtdta
898 853 964 872 cott-

1018 252 1103 287 γειλε,
1137 262 1201 287 περι
1227 250 1265 280 ὦν
1289 254 1418 287 πολλάκις
1445 255 1570 293 ηὐχόμην
1594 258 1723 286 ἀκούειν·
1752 250 1811 289 ἀλλ’

1017 298 1093 332 ὅμως
1124 298 1228 331 ἐκεῖνος
1262 300 1477 335 τὴνιάπολογίαν
1500 302 1601 336 ίκανῶς
1615 305 1749 333 ἐποιεῖτο·
1762 309 1811 335 καὶ

1018 342 1073 378 γὰρ
1098 343 1184 371 αἴτιον
1215 344 1291 379 ἔλεγε
1313 345 1363 381 τὴν
1389 347 1490 382 φυγὴν,
1521 348 1561 375 ὅτι
1588 350 1742 385 γράμματα
1770 353 1810 388 μὴ

1018 389 1143 424 κομίζοι·
1164 391 1284 426 κάκείνῳ
1310 391 1360 426 μὲν
1375 393 1541 429 συγγνώμην
1563 395 1667 428 ἐδίδων,
1681 397 1727 424 ἐπὶ
1743 399 1808 425 τού-

1017 442 1074 466 τοις
1093 433 1275 471 Ἔρυθριῶντι.
1294 436 1407 472 Ἔλεγον
1421 438 1450 464 δὲ
1466 439 1535 474 πρὸς
1554 441 1682 475 ἐμαυτὸν,
1710 443 1760 470 ὅσα
1776 444 1810 480 δὴ

1018 479 1111 515 φέρειν
1125 481 1172 507 καὶ
1189 482 1370 516 μεταϐάλλειν
1385 483 1454 510 οἶδεν
1468 485 1482 511 ό
1497 485 1605 521 χρόνος.
1627 487 1745 521 Οὐλπιος
1755 490 1809 525 γὰρ

1017 525 1031 551 ὁ
1043 524 1123 557 καλὸς
1138 526 1219 561 ὴνίκα
1230 527 1279 562 μὲν
1290 528 1356 563 ἡμῖν
1366 528 1416 564 τῆς
1429 529 1547 562 παλαιᾶς
1557 531 1696 560 ἐκοινώνει
1711 524 1809 569 τύχης,

1017 571 1094 606 φίλος
1109 581 1139 598 τε
1154 570 1188 607 ἦν
1203 573 1249 600 καί
1275 574 1372 608 ἐδόκει,
1391 576 1437 602 καὶ
1464 577 1514 603 οὐκ
1529 578 1562 604 ἄν
1588 587 1654 605 ποτε
1674 577 1753 614 ᾤμην
1771 581 1810 612 ὡς

1019 618 1232 652 μεταϐάλλοιτο·
1264 619 1301 651 ὡς
1327 620 1356 646 δὲ
1383 621 1510 657 λαμπρὸς
1536 624 1608 660 ἤρθη
1634 625 1683 652 καὶ
1711 626 1809 660 γέγονε

1018 664 1116 699 μέγας,
1143 665 1280 701 ἀφόρητός
1309 668 1384 694 ἐστιν
1412 668 1544 704 εὐτυχῶν,
1569 671 1684 698 καὶτῶν
1711 672 1809 708 πρώην

1017 710 1127 737 ἐκείνων
1157 711 1376 740 ἐπιλανθάνεται.
1410 714 1542 750 Εὐτυχοίη
1568 715 1597 742 es
1628 716 1730 752 μόνον,
1760 718 1809 745 καὶ

1016 757 1125 792 οἴσομεν
1139 758 1341 793 παρορώμενοι.
1358 760 1452 787 Ταῦτα
1468 762 1514 788 καὶ
1529 762 1562 788 τὰ
1579 763 1694 790 τοιαῦτα
1707 763 1807 798 λέγων,

1017 802 1118 838 πολλὴν
1138 804 1208 830 κατὰ
1224 804 1271 830 σοῦ
1295 807 1466 841 κατηγορίαν
1493 808 1649 843 συνέλεγον.
1668 809 1712 841 Ὠς
1727 811 1754 837 δέ
1767 819 1809 842 τις

1017 847 1103 875 ἐλθὼν
1130 849 1180 884 τὴν
1203 851 1268 885 παρ’
1295 851 1373 885 ὑμῶν
1388 852 1535 890 ἐπιστολὴν
1552 855 1686 888 ἐπεδίδου,
1699 856 1809 891 πρῶτον

175 890 215 914 tra
240 892 266 915 te
292 888 457 916 iustrucbam
481 889 619 917 crimina:
649 898 709 917 cum
733 899 797 918 vero
816 892 913 926 aliquis
929 892 966 918 in-

1020 894 1069 929 μὲν
1082 895 1146 930 πρὶν
1162 895 1242 922 λῦσαι
1256 896 1386 929 πολλάκις
1401 899 1450 932 τὴν
1459 888 1616 934 ἐπιγραφὴν
1631 888 1806 937 ἠσπαζόμην·

174 941 283 970 gressus
298 941 313 960 a
327 935 404 962 vobis
418 935 560 970 epistolam
582 936 702 969 tradidit,
719 937 835 971 primum
855 937 963 972 quidem

173 984 237 1007 ante
275 980 389 1008 solutam
426 989 497 1016 saepe
540 982 743 1017 inscriptionem
785 983 962 1011 osculabar:

174 1026 273 1054 deinde
309 1027 336 1054 in
367 1026 474 1055 litteras
508 1028 647 1062 incidens,
681 1029 819 1056 dilationis
851 1036 962 1057 causam

175 1072 276 1106 inveni,
306 1077 334 1101 et
363 1082 415 1102 non
444 1074 617 1102 mediocriter
633 1076 742 1110 gavisus
765 1083 823 1102 smn
851 1080 904 1102 :et
921 1081 963 1102 me

175 1118 322 1153 poenitebat
343 1120 486 1147 verborum
510 1128 570 1152 qua:
591 1126 654 1148 ante
682 1121 845 1156 protuleratn
865 1121 963 1148 :dice-

176 1166 235 1191 ham
253 1170 342 1192 autent
371 1166 470 1200 potius,
492 1166 559 1200 proh
585 1174 666 1201 quam
690 1167 772 1194 tnttlta
791 1167 964 1201 suspicantur

174 1204 313 1238 homines!
331 1212 518 1240 admirabilem
540 1213 612 1240 ettint
629 1218 750 1241 ttostrum
772 1213 881 1248 Ulpium
904 1221 964 1240 mtt-

175 1257 241 1285 tavit
257 1265 343 1293 neque
357 1263 462 1293 tempus
477 1267 563 1294 neque
577 1259 697 1292 fortuna,
712 1259 759 1287 sed
774 1263 816 1286 est
831 1259 963 1294 benignus

1017 937 1077 967 εἶτα
1091 942 1147 973 τοῖς
1162 941 1331 980 [γράμμασι]
1349 945 1515 980 περιτυχὼν,
1533 947 1582 973 καὶ
1596 946 1645 982 τὴν
1659 947 1809 982 ἀπολογίαν

1016 985 1063 1012 τοῦ
1084 986 1199 1021 βράδους
1210 989 1306 1024 εὑρὼν,
1321 990 1409 1026 ἥσθην
1424 992 1454 1017 οὐ
1471 992 1606 1027 μετρίως·
1624 993 1672 1020 καὶ
1692 994 1810 1029 μετέμε-

1016 1031 1062 1058 λέν
1078 1041 1123 1067 μοι
1143 1033 1198 1061 τῶν
1225 1034 1322 1070 πρώην
1347 1037 1496 1072 ῥημάτων·
1524 1038 1618 1072 ἔλεγον
1636 1040 1665 1066 δὲ
1683 1041 1784 1075 μᾶλλον
1799 1049 1808 1057 ·

1015 1077 1068 1104 Φεῦ
1084 1079 1121 1110 ὡς
1133 1080 1217 1107 πολλὰ
1237 1082 1338 1116 μᾶλλον
1359 1083 1560 1111 ὑποπτεύουσιν
1587 1084 1743 1121 ἄνθρωποιί
1762 1087 1810 1114 τὸν

1016 1122 1174 1159 Θαυμαστὸν
1197 1126 1252 1161 γὰρ
1267 1127 1333 1162 ἡμῖν
1356 1128 1474 1156 Οὐλπιον
1493 1130 1643 1164 μετέϐαλεν
1661 1130 1724 1159 οὐτε
1745 1132 1810 1168 χρό-

1016 1177 1061 1200 νος
1077 1169 1138 1196 οὔτε
1150 1171 1166 1206 ἡ
1177 1171 1256 1207 τύχη,
1281 1173 1340 1200 ἀλλ’
1367 1174 1517 1210 εὐγνώμων
1531 1176 1561 1203 τέ
1575 1177 1660 1210 ἐστιν,
1676 1178 1751 1212 κάμὲ
1762 1179 1810 1204 τὸν

1016 1215 1163 1251 εὐεργέτην
1187 1218 1330 1246 ἐπίσταται
1345 1228 1353 1236 ν
1382 1220 1441 1247 ἀλλ’
1467 1221 1542 1256 ὅμως
1559 1222 1596 1257 μὴ
1617 1223 1699 1250 πάλιν
1724 1224 1810 1251 σιγῶν

1016 1258 1094 1294 αὖθις
1109 1262 1183 1297 ἡμᾶς
1199 1264 1241 1296 είς
1252 1264 1301 1300 τὴν
1316 1266 1486 1301 κατηγορίαν
1506 1267 1645 1303 ἐνέγκαις,

177 1314 205 1336 ct
220 1314 264 1335 me
277 1306 480 1335 benefactorem
504 1315 564 1336 esse
581 1315 634 1336 non
657 1308 784 1343 ignorat:
801 1308 848 1336 sed
865 1307 969 1343 pariter
986 1315 1021 1336 ne
1036 1309 1134 1337 iterum
1149 1310 1232 1339 silens
1246 1319 1296 1340 nos
1330 1313 1364 1340 ad
1382 1314 1581 1342 accusationem
1615 1315 1809 1344 intendendam

174 1354 285 1383 inferas.

447 1400 535 1428 XXXI
551 1399 686 1428 SILANO.

210 1446 315 1479 Quanta
332 1454 379 1481 spe
395 1453 443 1474 nos
461 1447 575 1481 eieceris
597 1447 687 1474 dicere
701 1454 753 1474 non
769 1453 880 1481 posses:
901 1453 963 1473 cttm

1137 1399 1201 1427 AA'.
1227 1400 1362 1436 ΣΙΛΑΝῼ.
1380 1400 1479 1437 [Band.
1504 1403 1675 1440 manuve]

1056 1445 1236 1481 Ἐξὲκρουσας
1265 1447 1338 1481 ἡμᾶς
1361 1447 1479 1480 ἐλπίδος,
1503 1449 1559 1476 οὐδ’
1579 1450 1612 1476 ἂν
1634 1451 1725 1482 είπείν
1737 1451 1810 1486 ἔχοις

174 1493 246 1520 enim
267 1497 339 1519 tuam
356 1493 499 1527 epistolam
528 1492 600 1520 inter
623 1499 720 1519 manus
740 1492 918 1527 accepissent,
938 1496 966 1518 et

1020 1492 1126 1528 5πόσης.
1155 1490 1228 1526 Ἐγὼ
1248 1493 1302 1528 γάρ
1319 1493 1430 1529 σουίτὴν
1441 1494 1578 1530 προτέραν
1595 1496 1741 1531 ἐπιστολὴν
1768 1497 1810 1528 είς

175 1548 210 1567 ex
226 1539 285 1574 ipsa
305 1540 443 1574 cognitum
468 1539 566 1567 fuisset
579 1544 604 1566 te
621 1538 699 1572 paulo
721 1542 782 1573 post
803 1538 964 1570 rediturum,

1014 1538 1110 1573 χεῖρας
1124 1537 1227 1570 λαϐὼν,
1259 1539 1306 1565 καὶ
1321 1540 1402 1573 γνοὺς
1415 1539 1445 1572 ἐξ
1464 1539 1550 1575 αὐτῆς
1568 1540 1606 1572 ὡς
1620 1541 1719 1576 μικρὸν
1729 1541 1793 1568 ὖστε
1807 1556 1809 1560 ι

175 1585 281 1614 laetatus
297 1593 356 1614 sum
373 1590 400 1613 et
412 1585 530 1613 animant
543 1593 598 1620 prae
611 1584 747 1619 voluptate
765 1583 900 1619 recipiens
921 1583 964 1610 in-

1020 1592 1062 1619 ρον
1091 1584 1157 1619 ἡμῖν
1171 1583 1327 1619 ἐπανήξεις,
1343 1584 1432 1620 ἥσθην
1445 1593 1475 1611 τε
1490 1585 1538 1611 καὶ
1564 1585 1637 1620 μέγα
1652 1586 1699 1621 ὑφ’
1709 1587 1810 1622 ἡδονῆς

174 1630 301 1666 quiebam
322 1641 329 1659 :
347 1631 369 1659 0
383 1630 500 1666 Jupiter,
521 1632 577 1658 hac
603 1630 728 1658 eveniant
745 1638 752 1657 :
778 1630 862 1664 igitur
882 1629 964 1656 animi

174 1684 323 1712 suspensus
343 1685 419 1705 eram
443 1677 557 1712 singulis
572 1677 668 1704 diebus
688 1681 714 1703 et
733 1684 759 1703 III
776 1683 871 1702 vanam
890 1682 965 1710 spem

176 1724 340 1756 incidebam,
354 1723 503 1752 dictitans:
527 1723 610 1758 igitur
632 1730 751 1757 unquam
768 1722 866 1749 videbo
882 1725 909 1749 et
927 1721 967 1748 al-

175 1769 273 1805 loquar
285 1770 330 1804 qui
345 1769 445 1796 dttdum
462 1778 514 1797 nott
533 1769 617 1801 venit,
633 1773 659 1795 et
674 1769 771 1795 iterum
785 1768 834 1795 iste
848 1768 944 1794 ﬁebant
958 1775 965 1794 :

176 1823 238 1843 CIIII]
256 1819 346 1843 autent
363 1820 468 1850 tempus
483 1819 556 1842 esset
571 1819 664 1842 contra
683 1821 770 1848 spent,
784 1821 836 1841 IIOII
848 1813 968 1840 scribere

177 1859 322 1895 dignabar,
343 1860 519 1893 incentivum,
547 1859 684 1894 inquiunt,
709 1858 811 1885 antoris
836 1857 899 1884 illttd
930 1857 967 1884 la-

176 1907 264 1939 eiens,
282 1910 311 1934 ut
326 1906 464 1934 contemni
480 1906 565 1938 visus,
585 1905 618 1932 ad
638 1912 687 1932 nos
702 1903 855 1936 festinares,
874 1903 967 1930 volens

179 1953 227 1980 tibi
247 1953 413 1986 exprobrare
437 1952 509 1986 quod
537 1950 686 1978 amicorum
710 1958 762 1977 nott
789 1949 966 1976 metnineris:

178 2002 206 2025 et
229 1997 294 2025 tnihi
319 1997 419 2024 videris
444 1996 594 2024 Strolocles
614 1996 694 2024 ttobis
714 1996 807 2023 rhetor
830 1995 967 2022 evadere:

178 2043 229 2070 iste
253 2043 326 2070 enini
351 2043 430 2071 tietis
457 2042 670 2070 Atheniensibus
694 2047 722 2070 et
746 2041 828 2070 sortis
856 2041 967 2076 ignaris,

178 2089 321 2116 victoriam
339 2089 529 2123 attnunliavit;
548 2089 639 2117 statim
655 2088 736 2124 igitur
753 2088 817 2115 urbs
833 2092 968 2114 commota

179 2139 233 2168 est,
250 2140 278 2162 et
293 2135 326 2162 ad
347 2135 425 2163 ludos
445 2135 634 2170 praecipitabat
658 2139 687 2162 et
705 2133 867 2161 infortttnati
892 2132 968 2160 laeta-

178 2181 301 2208 bantur:
318 2189 380 2209 cutn
404 2186 495 2209 autem
510 2181 611 2209 veritas
631 2179 738 2213 cognita
761 2184 813 2211 est.
834 2183 861 2207 et
882 2177 968 2206 errori

175 2225 232 2259 jam
248 2233 302 2253 non
320 2230 392 2255 esset
407 2227 493 2260 locus,
511 2227 537 2254 in
553 2233 607 2262 quo
623 2226 662 2253 ait
676 2224 826 2253 Stratocles
842 2223 968 2258 injuriam

1017 1629 1190 1661 dtva-trvatie'at;
1203 1629 1270 1664 ἔφην
1282 1638 1288 1644 ·
1303 1627 1338 1656 Ὦ
1355 1630 1417 1664 Ζεῦ,
1431 1631 1536 1664 γένοιτο
1549 1630 1646 1659 ταῦτα.
1660 1632 1812 1669 Τοιγαροῦν

1019 1675 1157 1710 μετέωρος
1173 1674 1206 1712 ἦν
1222 1677 1359 1712 ὁσημέραι
1378 1677 1426 1704 καὶ
1449 1677 1497 1703 ἐπὶ
1515 1678 1622 1713 κούφης
1636 1678 1745 1705 ἔϐαινον
1758 1680 1810 1714 τῆς

1018 1722 1137 1754 ἐλπίδος,
1168 1722 1259 1748 πυκνὰ
1278 1721 1307 1748 δὲ
1324 1722 1429 1757 λέγων·
1443 1720 1518 1758 τΛρρίι
1543 1732 1607 1750 ποτε
1638 1724 1739 1759 ὄψομαι
1763 1725 1812 1751 καὶ

1019 1768 1161 1803 προσείπω
1190 1768 1308 1803 χρόνιον,
1332 1768 1380 1795 καὶ
1395 1769 1526 1805 γενοίμην
1539 1770 1615 1801 αὖθις
1630 1770 1734 1802 ἐκεῖνος
1744 1778 1751 1786 ⁸
1773 1770 1813 1802 ὡς

1018 1813 1048 1840 δὲ
1063 1813 1158 1849 χρόνος
1181 1811 1215 1849 ἦν
1243 1815 1309 1850 παρ’
1337 1815 1459 1848 ἐλπίδας,
1485 1816 1546 1843 οὐδὲ
1570 1816 1676 1851 γράψαι
1706 1817 1812 1851 ἠξίουν,

1019 1859 1164 1894 ἐρέθισμα,
1179 1860 1384 1896 φησὶν,²ἕρωτος
1399 1861 1581 1893 τοῦτοποιῶν,
1591 1862 1666 1894 ὅπως
1679 1862 1713 1888 ἂν
1728 1871 1812 1889 κατα-

1021 1906 1180 1941 φρονεῖσθαι
1212 1906 1308 1940 δοκῶν,
1323 1907 1365 1933 ἔτι
1384 1907 1484 1942 μᾶλλον
1498 1908 1622 1942 ὲπείγοιο
1634 1908 1702 1944 πρὸς
1724 1909 1811 1943 ἡμᾶς,

1020 1952 1148 1979 ὀνειδίσαι
1174 1953 1258 1980 θέλων
1272 1953 1302 1980 τὸ
1323 1953 1360 1989 μὴ
1378 1953 1464 1988 φίλων
1485 1953 1653 1989 μεμνῆσθαι.
1682 1953 1737 1980 Καί
1766 1962 1812 1988 μοι

1019 1999 1108 2031 δοκεῖς
1129 1999 1300 2035 Στρατοκλῆς
1324 2000 1391 2035 ἡμῖν
1406 2001 1420 2027 6
1436 2000 1529 2036 ῥήτωρ
1543 2000 1670 2034 γενέσθαι
1683 2008 1690 2016 ·
1708 2000 1812 2032 ἐκεῖνος

1020 2045 1075 2081 γὰρ
1084 2045 1251 2080 ἡττωμένοις
1260 2046 1315 2077 τοῖς
1323 2045 1477 2080 Ἀθηναίοις
1491 2046 1538 2072 καὶ
1545 2046 1595 2080 τὴν
1604 2045 1689 2080 τύχην
1697 2045 1812 2079 ἀγνοοῦ-

1022 2100 1059 2125 σι,
1077 2091 1157 2127 νίκην
1168 2091 1346 2127 ἀπήγγειλεν.
1365 2092 1454 2124 Εὐθὺς
1467 2090 1514 2119 οὖν
1530 2092 1547 2128 ή
1564 2091 1640 2124 πόλις
1670 2091 1749 2127 ὀρθὴ,
1765 2090 1814 2117 καὶ

1021 2137 1129 2169 παίζειν
1152 2137 1254 2169 ἀνεῖτο,
1273 2138 1319 2164 καὶ
1334 2137 1529 2173 δυστυχοῦντες
1553 2137 1741 2172 εὐφραίνοντο.
1769 2136 1815 2167 Ὠς

1020 2182 1049 2209 δὲ
1067 2182 1183 2218 τάληθὲς
1192 2183 1324 2218 ἠγγέλθη,
1338 2183 1386 2210 καὶ
1394 2183 1424 2209 τὺ
1438 2183 1526 2210 δοκεῖν
1539 2180 1574 2218 ἦν
1589 2182 1692 2213 οὐκέτι,
1706 2182 1740 2208 Τί
1758 2181 1814 2216 γὰρ

1022 2227 1105 2263 φησὶν
1118 2228 1131 2253 ὁ
1144 2227 1329 2263 Στρατοκλῆς,
1341 2228 1460 2263 ἠδίκουν,
1471 2229 1495 2254 εἰ
1510 2228 1583 2255 δυοῖν
1594 2227 1711 2263 ἡμέραιν
1720 2227 1814 2262 ἡδίους

178 2271 242 2304 feci,
258 2273 281 2300 si
303 2272 408 2299 duabus
427 2272 523 2300 diebus
547 2272 664 2300 laetiores
686 2279 734 2306 per
757 2277 800 2297 me
815 2269 923 2298 fuistis?
942 2275 966 2297 et

1024 2274 1155 2308 γεγόνατε
1181 2274 1214 2300 δι’
1229 2273 1296 2309 ἐμέ,
1323 2275 1371 2301 καὶ
1400 2275 1496 2311 κέρδος
1521 2273 1555 2310 ἦν
1571 2274 1602 2301 τὸ
1621 2274 1724 2301 δοκεῖν·
1754 2273 1812 2300 ἀλλ’

179 2317 285 2345 lucrum
301 2322 362 2345 erat
376 2325 473 2346 error:
491 2318 537 2346 sed
553 2326 614 2345 cum
632 2318 727 2345 matris
746 2324 827 2345 causa
845 2322 874 2344 et
893 2323 972 2351 nego-

180 2364 209 2391 tii
240 2364 327 2399 potior
353 2364 472 2392 Pindaro
515 2368 656 2400 appareat,
690 2369 715 2391 te
754 2363 859 2391 videret
889 2363 970 2391 citius

180 2410 266 2444 patria
280 2415 307 2438 et
321 2418 371 2438 nos
388 2415 448 2446 post
457 2419 528 2439 eant.

357 2455 464 2484 XXXII.
476 2455 636 2484 PHILIPPO
650 2455 790 2483 FRATRI.

217 2505 288 2534 Ecce
303 2505 350 2533 tibl
368 2505 466 2533 iterum
489 2504 631 2539 epistolam
657 2504 798 2535 mittimus,
825 2507 852 2530 et
871 2502 970 2530 iterum

178 2553 250 2580 bene
270 2552 333 2581 ttovi
358 2559 443 2588 quare
472 2550 600 2579 silueris:
626 2555 654 2578 et
668 2550 691 2578 si
709 2550 775 2578 milti
798 2549 861 2577 illud
881 2549 971 2576 dicere

179 2605 252 2633 aegre
273 2598 371 2626 ferenti
396 2597 562 2632 ignosceres,
586 2598 613 2625 in
648 2596 887 2632 praesumptionem
923 2595 971 2622 tibi

179 2652 258 2672 versa
281 2648 322 2672 est
338 2643 454 2678 indoles,
472 2648 501 2672 et
517 2650 571 2671 tton
590 2644 630 2672 vis
648 2650 790 2671 remanere
806 2642 894 2677 qualis
910 2649 972 2669 eras

180 2695 209 2719 et
226 2696 305 2718 antea
319 2699 327 2718 :
343 2691 390 2719 sed
407 2690 469 2718 licet
487 2698 540 2717 tton
555 2697 629 2717 mare
642 2689 774 2724 Bosphori
788 2688 973 2722 transfretavi,

181 2740 209 2763 et
226 2736 298 2770 regis
320 2736 414 2764 urbem
439 2736 579 2770 ingressus
597 2743 678 2763 sum:
703 2734 804 2770 pariter
817 2740 844 2762 et
864 2741 914 2770 ego
935 2740 974 2761 rc-

182 2789 241 2816 gem
258 2789 385 2816 magnum
405 2782 510 2815 videns,
533 2786 561 2810 et
579 2782 728 2816 primorum
750 2786 839 2816 togam
861 2786 888 2808 et
915 2789 972 2808 uta.

181 2828 325 2862 gistratum
338 2829 482 2864 quemdam
505 2829 652 2856 maximum
671 2829 847 2864 appellatum,
863 2833 890 2855 et
905 2836 965 2863 qua:

183 2878 247 2901 sunt
262 2875 404 2910 magniﬁca
419 2876 488 2911 apud
502 2883 558 2910 vos,
576 2875 633 2904 sive
641 2883 698 2904 rem
714 2875 779 2904 velis
797 2875 899 2908 dicere,
913 2875 971 2903 sive

188 2923 196 2938 ι
210 2920 276 2949 Isth.
292 2929 311 2955 ι,
325 2921 352 2948 '2.

1022 2319 1116 2355 ἐπειδὴ
1131 2320 1235 2356 μητρὸς
1257 2321 1374 2356 πρᾶγμα
1390 2321 1440 2348 καὶ
1455 2321 1582 2356 ἀσχολίας
1609 2321 1760 2356 ὑπέρτερον
1775 2319 1814 2352 τῷ

1023 2366 1168 2402 Πινδάρῳ¹
1188 2366 1274 2400 δοκεῖ,
1292 2367 1341 2393 ἴδοι
1356 2376 1386 2394 σε
1399 2367 1496 2394 θᾶττον
1515 2368 1532 2403 ἡ
1553 2367 1654 2402 πατρὶς
1679 2367 1727 2394 καὶ
1755 2366 1816 2402 μετ’

1023 2412 1132 2446 ἐκείνην
1144 2412 1233 2447 ἡμεῖς.

1224 2457 1286 2484 AB’.
1303 2457 1445 2494 orntum)
1460 2458 1602 2494 ΔΔΕΛΦῼ.

1059 2503 1125 2530 Ἰδού
1142 2512 1184 2531 σοι
1212 2504 1294 2531 πάλιν
1315 2505 1445 2540 ἐπιστολὴ
1473 2505 1540 2540 παρ’
1560 2504 1654 2540 ἡμῶν
1673 2503 1721 2530 καὶ
1733 2503 1816 2530 πάλιν

1023 2550 1053 2577 εὖ
1067 2548 1116 2577 οἷδ’
1130 2551 1144 2577 ὃ
1157 2560 1184 2578 τι
1201 2551 1319 2587 σιγήσας
1330 2571 1337 2583 ,
1369 2552 1417 2578 καὶ
1435 2550 1461 2578 εἴ
1479 2560 1524 2586 μοι
1548 2551 1624 2585 δοίης
1649 2550 1817 2585 συγγνώμην

1023 2598 1166 2634 ἀχθομένῳ
1175 2598 1278 2633 λέγειν,
1296 2598 1499 2634 μεταὸέϋληταί
1513 2606 1554 2624 σοι
1569 2597 1640 2633 πρὸς
1654 2597 1816 2629 ἀλαζονείαν

1023 2646 1038 2672 ὁ
1051 2645 1163 2681 τρόπος,
1193 2646 1240 2672 καὶ
1256 2645 1286 2672 οὐ
1302 2645 1392 2677 θέλεις
1424 2646 1517 2680 μένειν
1529 2641 1586 2676 οἷος
1599 2642 1674 2680 ἦσθα
1685 2643 1733 2671 καὶ
1748 2644 1816 2679 πρός

1024 2700 1114 2727 τερον·
1130 2692 1223 2719 ἀλλἐὖ
1234 2700 1266 2726 γε
1282 2692 1322 2719 ὅτι
1339 2691 1377 2726 μὴ
1393 2691 1442 2726 τὴν
1455 2690 1501 2717 τοῦ
1512 2690 1652 2725 Βοσπόρου
1667 2688 1817 2716 διέπλευσα

1025 2737 1171 2771 θάλατταν,
1200 2738 1248 2764 καὶ
1267 2737 1401 2772 βασιλέως
1423 2737 1499 2764 πόλιν
1524 2737 1645 2772 ἀφῖγμαι
1657 2743 1665 2750 θ
1684 2735 1749 2767 ἴσως
1761 2735 1817 2770 γὰρ

1024 2782 1057 2811 ἂν
1081 2784 1160 2818 κάγὼ
1186 2784 1299 2818 βασιλέα
1318 2783 1365 2810 τὸν
1386 2784 1472 2818 μέγαν
1483 2782 1566 2818 δρῶν,
1581 2783 1629 2809 καὶ
1641 2782 1691 2817 τὴν
1706 2781 1818 2808 ὑπάτων

1024 2829 1121 2865 στολὴν
1147 2830 1195 2856 καὶ
1224 2829 1311 2865 ἀρχὴν
1336 2829 1368 2864 δή
1386 2837 1448 2856 τινα
1479 2828 1612 2864 μεγίστην
1633 2827 1816 2862 καλουμένην,

1027 2877 1073 2904 καὶ
1089 2877 1122 2905 τὰ
1138 2877 1224 2911 σεμνὰ
1239 2876 1271 2913 δὴ
1285 2877 1371 2904 ταῦτα
1398 2875 1463 2912 παρ’
1488 2875 1576 2911 ὑμῶν,
1595 2875 1651 2902 εἴτε
1666 2873 1817 2910 πράγματα
