  <div class='ocr_page' id='page_1' title='image "/cluster/home/n/w/nwhite01/storage/ocr_20150623/87, pt.2/njp.32101010943809/640.png"; bbox 0 0 1988 3079; ppageno 0'>
   <div class='ocr_carea' id='block_1_1' title="bbox 180 138 250 171">
    <p class='ocr_par' dir='ltr' id='par_1_1' title="bbox 180 138 250 171">
     <span class='ocr_line' id='line_1_1' title="bbox 180 138 250 171; baseline 0.014 -1"><span class='ocrx_word' id='word_1_1' title='bbox 180 138 250 171; x_wconf 69' lang='grc'><strong>2725</strong></span> 
     </span>
    </p>
   </div>
   <div class='ocr_carea' id='block_1_2' title="bbox 895 142 1099 174">
    <p class='ocr_par' dir='ltr' id='par_1_2' title="bbox 895 142 1099 174">
     <span class='ocr_line' id='line_1_2' title="bbox 895 142 1099 174; baseline -0.005 0"><span class='ocrx_word' id='word_1_2' title='bbox 895 142 1099 174; x_wconf 77' lang='lat' dir='ltr'><strong>EPISTOLIE.</strong></span> 
     </span>
    </p>
   </div>
   <div class='ocr_carea' id='block_1_3' title="bbox 1737 142 1808 174">
    <p class='ocr_par' dir='ltr' id='par_1_3' title="bbox 1737 142 1808 174">
     <span class='ocr_line' id='line_1_3' title="bbox 1737 142 1808 174; baseline 0 0"><span class='ocrx_word' id='word_1_3' title='bbox 1737 142 1808 174; x_wconf 67' lang='grc'><strong>2746</strong></span> 
     </span>
    </p>
   </div>
   <div class='ocr_carea' id='block_1_4' title="bbox 182 192 974 234">
    <p class='ocr_par' dir='ltr' id='par_1_4' title="bbox 182 192 970 234">
     <span class='ocr_line' id='line_1_4' title="bbox 182 192 970 234; baseline 0.005 -14"><span class='ocrx_word' id='word_1_4' title='bbox 182 192 272 231; x_wconf 78' lang='grc' dir='ltr'><strong>βούλει</strong></span> <span class='ocrx_word' id='word_1_5' title='bbox 296 193 385 229; x_wconf 79' lang='grc' dir='ltr'>λέγειν</span> <span class='ocrx_word' id='word_1_6' title='bbox 408 194 463 221; x_wconf 75' lang='grc' dir='ltr'>εἴτε</span> <span class='ocrx_word' id='word_1_7' title='bbox 475 195 607 231; x_wconf 71' lang='grc' dir='ltr'>ὀνόματα,</span> <span class='ocrx_word' id='word_1_8' title='bbox 635 196 726 232; x_wconf 82' lang='grc' dir='ltr'>ὲπῆρα</span> <span class='ocrx_word' id='word_1_9' title='bbox 741 196 791 232; x_wconf 81' lang='grc' dir='ltr'>τὴν</span> <span class='ocrx_word' id='word_1_10' title='bbox 811 197 908 234; x_wconf 78' lang='grc' dir='ltr'>ὀφρῦν,</span> <span class='ocrx_word' id='word_1_11' title='bbox 922 199 970 224; x_wconf 74' lang='grc' dir='ltr'>καὶ</span> 
     </span>
    </p>
   </div>
   <div class='ocr_carea' id='block_1_5' title="bbox 1028 192 1805 234">
    <p class='ocr_par' dir='ltr' id='par_1_5' title="bbox 1028 197 1805 233">
     <span class='ocr_line' id='line_1_5' title="bbox 1028 197 1805 233; baseline 0.004 -9"><span class='ocrx_word' id='word_1_12' title='bbox 1028 204 1131 230; x_wconf 82' lang='lat' dir='ltr'><strong>touten,</strong></span> <span class='ocrx_word' id='word_1_13' title='bbox 1155 197 1299 232; x_wconf 84' lang='lat' dir='ltr'><strong>supercilia</strong></span> <span class='ocrx_word' id='word_1_14' title='bbox 1325 197 1436 225; x_wconf 82' lang='lat' dir='ltr'><strong>allevaVI</strong></span> <span class='ocrx_word' id='word_1_15' title='bbox 1456 202 1484 225; x_wconf 88' lang='lat' dir='ltr'><strong>et</strong></span> <span class='ocrx_word' id='word_1_16' title='bbox 1504 205 1630 233; x_wconf 78' lang='lat' dir='ltr'><strong>magnum</strong></span> <span class='ocrx_word' id='word_1_17' title='bbox 1655 199 1719 233; x_wconf 89' lang='lat' dir='ltr'><strong>quid</strong></span> <span class='ocrx_word' id='word_1_18' title='bbox 1738 200 1805 227; x_wconf 85' lang='lat' dir='ltr'><strong>atl&#39;e-</strong></span> 
     </span>
    </p>
   </div>
   <div class='ocr_carea' id='block_1_6' title="bbox 182 239 969 279">
    <p class='ocr_par' dir='ltr' id='par_1_6' title="bbox 182 239 969 279">
     <span class='ocr_line' id='line_1_6' title="bbox 182 239 969 279; baseline 0.003 -11"><span class='ocrx_word' id='word_1_19' title='bbox 182 239 306 268; x_wconf 75' lang='grc' dir='ltr'>νεανικδν</span> <span class='ocrx_word' id='word_1_20' title='bbox 333 241 475 276; x_wconf 70' lang='grc' dir='ltr'>ἑφρόνουν,</span> <span class='ocrx_word' id='word_1_21' title='bbox 500 242 569 277; x_wconf 76' lang='grc' dir='ltr'>πρὸς</span> <span class='ocrx_word' id='word_1_22' title='bbox 583 242 634 278; x_wconf 80' lang='grc' dir='ltr'>τὴν</span> <span class='ocrx_word' id='word_1_23' title='bbox 658 242 713 270; x_wconf 80' lang='grc' dir='ltr'>τῶν</span> <span class='ocrx_word' id='word_1_24' title='bbox 735 243 883 279; x_wconf 73' lang='grc' dir='ltr'><strong>ὁρωμένων</strong></span> <span class='ocrx_word' id='word_1_25' title='bbox 893 243 969 270; x_wconf 82' lang='grc' dir='ltr'>ἐπαι-</span> 
     </span>
    </p>
   </div>
   <div class='ocr_carea' id='block_1_7' title="bbox 183 286 968 325">
    <p class='ocr_par' dir='ltr' id='par_1_7' title="bbox 183 286 968 325">
     <span class='ocr_line' id='line_1_7' title="bbox 183 286 968 325; baseline 0.001 -10"><span class='ocrx_word' id='word_1_26' title='bbox 183 286 297 322; x_wconf 76' lang='grc' dir='ltr'>ρόμενος</span> <span class='ocrx_word' id='word_1_27' title='bbox 313 286 409 323; x_wconf 76' lang='grc' dir='ltr'>τύχην,</span> <span class='ocrx_word' id='word_1_28' title='bbox 425 288 472 315; x_wconf 87' lang='grc' dir='ltr'><strong>καί</strong></span> <span class='ocrx_word' id='word_1_29' title='bbox 491 296 535 323; x_wconf 81' lang='grc' dir='ltr'><strong>μοι</strong></span> <span class='ocrx_word' id='word_1_30' title='bbox 549 288 583 315; x_wconf 74' lang='grc' dir='ltr'><strong>τὰ</strong></span> <span class='ocrx_word' id='word_1_31' title='bbox 594 288 678 315; x_wconf 81' lang='grc' dir='ltr'>πάλαι</span> <span class='ocrx_word' id='word_1_32' title='bbox 688 289 754 323; x_wconf 77' lang='grc' dir='ltr'>φίλα</span> <span class='ocrx_word' id='word_1_33' title='bbox 768 290 850 325; x_wconf 85' lang='grc' dir='ltr'>λῆρος</span> <span class='ocrx_word' id='word_1_34' title='bbox 867 289 968 316; x_wconf 68' lang='grc' dir='ltr'>ὲδόκεν</span> 
     </span>
    </p>
   </div>
   <div class='ocr_carea' id='block_1_8' title="bbox 181 331 969 370">
    <p class='ocr_par' dir='ltr' id='par_1_8' title="bbox 181 331 969 370">
     <span class='ocr_line' id='line_1_8' title="bbox 181 331 969 370; baseline 0.004 -12"><span class='ocrx_word' id='word_1_35' title='bbox 181 332 249 358; x_wconf 76' lang='grc' dir='ltr'>ὅπου</span> <span class='ocrx_word' id='word_1_36' title='bbox 264 331 320 366; x_wconf 78' lang='grc' dir='ltr'><strong>γὰρ</strong></span> <span class='ocrx_word' id='word_1_37' title='bbox 333 332 381 359; x_wconf 80' lang='grc' dir='ltr'>καὶ</span> <span class='ocrx_word' id='word_1_38' title='bbox 394 333 501 364; x_wconf 82' lang='grc' dir='ltr'><strong>τούτοις</strong></span> <span class='ocrx_word' id='word_1_39' title='bbox 521 332 618 366; x_wconf 75' lang='grc' dir='ltr'>ἑάλως,</span> <span class='ocrx_word' id='word_1_40' title='bbox 631 332 681 360; x_wconf 82' lang='grc' dir='ltr'>οὐκ</span> <span class='ocrx_word' id='word_1_41' title='bbox 691 333 724 361; x_wconf 79' lang='grc' dir='ltr'>ἂν</span> <span class='ocrx_word' id='word_1_42' title='bbox 738 334 843 370; x_wconf 70' lang='grc' dir='ltr'>εἴποιμι</span> <span class='ocrx_word' id='word_1_43' title='bbox 857 334 969 370; x_wconf 70' lang='grc' dir='ltr'>ῥᾳδίως,</span> 
     </span>
    </p>
   </div>
   <div class='ocr_carea' id='block_1_9' title="bbox 183 376 971 415">
    <p class='ocr_par' dir='ltr' id='par_1_9' title="bbox 183 376 971 415">
     <span class='ocr_line' id='line_1_9' title="bbox 183 376 971 415; baseline 0.005 -13"><span class='ocrx_word' id='word_1_44' title='bbox 183 376 221 408; x_wconf 85' lang='grc' dir='ltr'>ὡς</span> <span class='ocrx_word' id='word_1_45' title='bbox 233 377 360 412; x_wconf 81' lang='grc' dir='ltr'><strong>διέφυγον</strong></span> <span class='ocrx_word' id='word_1_46' title='bbox 373 378 407 405; x_wconf 82' lang='grc' dir='ltr'>ἂν</span> <span class='ocrx_word' id='word_1_47' title='bbox 421 377 451 404; x_wconf 75' lang='grc' dir='ltr'><strong>τὸ</strong></span> <span class='ocrx_word' id='word_1_48' title='bbox 465 378 502 414; x_wconf 74' lang='grc' dir='ltr'>μὴ</span> <span class='ocrx_word' id='word_1_49' title='bbox 524 378 555 405; x_wconf 83' lang='grc' dir='ltr'>οὑ</span> <span class='ocrx_word' id='word_1_50' title='bbox 575 379 660 406; x_wconf 87' lang='grc' dir='ltr'>ταῦτα</span> <span class='ocrx_word' id='word_1_51' title='bbox 689 379 798 411; x_wconf 79' lang='grc' dir='ltr'><strong>παθεῖν,</strong></span> <span class='ocrx_word' id='word_1_52' title='bbox 816 380 840 406; x_wconf 82' lang='grc' dir='ltr'><strong>εί</strong></span> <span class='ocrx_word' id='word_1_53' title='bbox 854 379 892 415; x_wconf 86' lang='grc' dir='ltr'>μὴ</span> <span class='ocrx_word' id='word_1_54' title='bbox 923 379 971 406; x_wconf 87' lang='grc' dir='ltr'><strong>καί</strong></span> 
     </span>
    </p>
   </div>
   <div class='ocr_carea' id='block_1_10' title="bbox 183 422 968 462">
    <p class='ocr_par' dir='ltr' id='par_1_10' title="bbox 183 422 968 462">
     <span class='ocr_line' id='line_1_10' title="bbox 183 422 968 462; baseline 0.005 -13"><span class='ocrx_word' id='word_1_55' title='bbox 183 431 226 454; x_wconf 85' lang='grc' dir='ltr'><strong>τις</strong></span> <span class='ocrx_word' id='word_1_56' title='bbox 254 423 385 459; x_wconf 79' lang='grc' dir='ltr'>λογισμδς</span> <span class='ocrx_word' id='word_1_57' title='bbox 415 423 590 460; x_wconf 80' lang='grc' dir='ltr'>ὑπεισῆλθεν,</span> <span class='ocrx_word' id='word_1_58' title='bbox 602 425 640 457; x_wconf 84' lang='grc' dir='ltr'><strong>ὡς</strong></span> <span class='ocrx_word' id='word_1_59' title='bbox 654 425 685 452; x_wconf 84' lang='grc' dir='ltr'>οὐ</span> <span class='ocrx_word' id='word_1_60' title='bbox 707 426 816 460; x_wconf 80' lang='grc' dir='ltr'>ταυτὸν,</span> <span class='ocrx_word' id='word_1_61' title='bbox 833 422 856 453; x_wconf 79' lang='grc' dir='ltr'><strong>ὦ</strong></span> <span class='ocrx_word' id='word_1_62' title='bbox 870 425 968 462; x_wconf 87' lang='grc' dir='ltr'>λῷστε,</span> 
     </span>
    </p>
   </div>
   <div class='ocr_carea' id='block_1_11' title="bbox 183 469 971 509">
    <p class='ocr_par' dir='ltr' id='par_1_11' title="bbox 183 469 971 509">
     <span class='ocr_line' id='line_1_11' title="bbox 183 469 971 509; baseline 0.005 -13"><span class='ocrx_word' id='word_1_63' title='bbox 183 469 280 506; x_wconf 83' lang='grc' dir='ltr'><strong>γνώμη</strong></span> <span class='ocrx_word' id='word_1_64' title='bbox 295 471 342 497; x_wconf 75' lang='grc' dir='ltr'>καὶ</span> <span class='ocrx_word' id='word_1_65' title='bbox 354 470 440 506; x_wconf 57' lang='grc' dir='ltr'>τύχηπ</span> <span class='ocrx_word' id='word_1_66' title='bbox 453 471 512 499; x_wconf 78' lang='grc' dir='ltr'>ἀλλ’</span> <span class='ocrx_word' id='word_1_67' title='bbox 523 472 540 506; x_wconf 82' lang='grc' dir='ltr'>ἠ</span> <span class='ocrx_word' id='word_1_68' title='bbox 553 471 612 506; x_wconf 85' lang='grc' dir='ltr'>μὲν,</span> <span class='ocrx_word' id='word_1_69' title='bbox 623 471 661 504; x_wconf 88' lang='grc' dir='ltr'>ὡς</span> <span class='ocrx_word' id='word_1_70' title='bbox 672 471 706 499; x_wconf 71' lang='grc' dir='ltr'>ἂν</span> <span class='ocrx_word' id='word_1_71' title='bbox 715 473 784 509; x_wconf 83' lang='grc' dir='ltr'>αὐτῇ</span> <span class='ocrx_word' id='word_1_72' title='bbox 799 473 875 508; x_wconf 76' lang='grc' dir='ltr'>δοκῇ,</span> <span class='ocrx_word' id='word_1_73' title='bbox 888 472 971 509; x_wconf 82' lang='grc' dir='ltr'>φέρε-</span> 
     </span>
    </p>
   </div>
   <div class='ocr_carea' id='block_1_12' title="bbox 183 516 970 556">
    <p class='ocr_par' dir='ltr' id='par_1_12' title="bbox 183 516 970 556">
     <span class='ocr_line' id='line_1_12' title="bbox 183 516 970 556; baseline 0.006 -15"><span class='ocrx_word' id='word_1_74' title='bbox 183 523 239 548; x_wconf 76' lang='grc' dir='ltr'>ται,</span> <span class='ocrx_word' id='word_1_75' title='bbox 256 516 302 543; x_wconf 66' lang='grc' dir='ltr'>καὶ</span> <span class='ocrx_word' id='word_1_76' title='bbox 323 517 487 552; x_wconf 74' lang='grc' dir='ltr'><strong>μεταπίπτει</strong></span> <span class='ocrx_word' id='word_1_77' title='bbox 502 518 632 551; x_wconf 79' lang='grc' dir='ltr'><strong>πολλάκις</strong></span> <span class='ocrx_word' id='word_1_78' title='bbox 645 519 692 545; x_wconf 75' lang='grc' dir='ltr'>καὶ</span> <span class='ocrx_word' id='word_1_79' title='bbox 704 519 772 555; x_wconf 84' lang='grc' dir='ltr'><strong>γελᾷ</strong></span> <span class='ocrx_word' id='word_1_80' title='bbox 783 519 816 546; x_wconf 75' lang='grc' dir='ltr'><strong>τὰ</strong></span> <span class='ocrx_word' id='word_1_81' title='bbox 829 519 951 556; x_wconf 80' lang='grc' dir='ltr'>ἡμέτερα</span> <span class='ocrx_word' id='word_1_82' title='bbox 961 528 970 536; x_wconf 89' lang='grc'>·</span> 
     </span>
    </p>
   </div>
   <div class='ocr_carea' id='block_1_13' title="bbox 183 560 972 599">
    <p class='ocr_par' dir='ltr' id='par_1_13' title="bbox 183 560 972 599">
     <span class='ocr_line' id='line_1_13' title="bbox 183 560 972 599; baseline 0.005 -12"><span class='ocrx_word' id='word_1_83' title='bbox 183 560 234 595; x_wconf 72' lang='grc' dir='ltr'>τῆς</span> <span class='ocrx_word' id='word_1_84' title='bbox 255 561 282 588; x_wconf 78' lang='grc' dir='ltr'>δὲ</span> <span class='ocrx_word' id='word_1_85' title='bbox 297 561 392 597; x_wconf 84' lang='grc' dir='ltr'>κύριον</span> <span class='ocrx_word' id='word_1_86' title='bbox 415 563 549 598; x_wconf 87' lang='grc' dir='ltr'>προσήκει</span> <span class='ocrx_word' id='word_1_87' title='bbox 570 564 615 590; x_wconf 76' lang='grc' dir='ltr'>τὸν</span> <span class='ocrx_word' id='word_1_88' title='bbox 633 564 835 599; x_wconf 78' lang='grc' dir='ltr'><strong>σωφρονοῦντα,</strong></span> <span class='ocrx_word' id='word_1_89' title='bbox 857 565 904 591; x_wconf 73' lang='grc' dir='ltr'>καὶ</span> <span class='ocrx_word' id='word_1_90' title='bbox 920 564 972 599; x_wconf 85' lang='grc' dir='ltr'><strong>μή-</strong></span> 
     </span>
    </p>
   </div>
   <div class='ocr_carea' id='block_1_14' title="bbox 185 607 970 646">
    <p class='ocr_par' dir='ltr' id='par_1_14' title="bbox 185 607 970 646">
     <span class='ocr_line' id='line_1_14' title="bbox 185 607 970 646; baseline 0.005 -14"><span class='ocrx_word' id='word_1_91' title='bbox 185 614 216 632; x_wconf 79' lang='grc' dir='ltr'><strong>τε</strong></span> <span class='ocrx_word' id='word_1_92' title='bbox 231 607 367 644; x_wconf 77' lang='grc' dir='ltr'>αἰρομένῃ</span> <span class='ocrx_word' id='word_1_93' title='bbox 396 609 607 644; x_wconf 73' lang='grc' dir='ltr'>συναναστῆναι,</span> <span class='ocrx_word' id='word_1_94' title='bbox 643 610 712 646; x_wconf 77' lang='grc' dir='ltr'>μήτε</span> <span class='ocrx_word' id='word_1_95' title='bbox 739 609 879 646; x_wconf 76' lang='grc' dir='ltr'>πιπτούσῃ</span> <span class='ocrx_word' id='word_1_96' title='bbox 893 610 970 646; x_wconf 74' lang='grc' dir='ltr'>ξσυμ-</span> 
     </span>
    </p>
   </div>
   <div class='ocr_carea' id='block_1_15' title="bbox 186 653 413 688">
    <p class='ocr_par' dir='ltr' id='par_1_15' title="bbox 186 653 413 688">
     <span class='ocr_line' id='line_1_15' title="bbox 186 653 413 688; baseline 0.013 -8"><span class='ocrx_word' id='word_1_97' title='bbox 186 653 413 688; x_wconf 75' lang='grc' dir='ltr'>μεταϐάλλεσθαι.</span> 
     </span>
    </p>
   </div>
   <div class='ocr_carea' id='block_1_16' title="bbox 377 700 776 738">
    <p class='ocr_par' dir='ltr' id='par_1_16' title="bbox 377 700 776 738">
     <span class='ocr_line' id='line_1_16' title="bbox 377 700 776 738; baseline 0.005 -11"><span class='ocrx_word' id='word_1_98' title='bbox 377 702 438 728; x_wconf 82' lang='lat' dir='ltr'><strong>Af&quot;.</strong></span> <span class='ocrx_word' id='word_1_99' title='bbox 454 700 606 738; x_wconf 79' lang='grc' dir='ltr'><strong>ΖΑΧΛΡΙᾼ</strong></span> <span class='ocrx_word' id='word_1_100' title='bbox 632 701 776 738; x_wconf 80' lang='grc' dir='ltr'><strong>ΑΔΕΛΦῼ.</strong></span> 
     </span>
    </p>
   </div>
   <div class='ocr_carea' id='block_1_17' title="bbox 220 744 972 784">
    <p class='ocr_par' dir='ltr' id='par_1_17' title="bbox 220 744 972 784">
     <span class='ocr_line' id='line_1_17' title="bbox 220 744 972 784; baseline 0.004 -12"><span class='ocrx_word' id='word_1_101' title='bbox 220 744 268 777; x_wconf 85' lang='grc' dir='ltr'>Τίς</span> <span class='ocrx_word' id='word_1_102' title='bbox 276 745 310 773; x_wconf 80' lang='grc' dir='ltr'>ἂν</span> <span class='ocrx_word' id='word_1_103' title='bbox 324 747 456 782; x_wconf 82' lang='grc' dir='ltr'><strong>γενοίμην</strong></span> <span class='ocrx_word' id='word_1_104' title='bbox 467 749 586 784; x_wconf 78' lang='grc' dir='ltr'>ἐραστὴν</span> <span class='ocrx_word' id='word_1_105' title='bbox 601 749 648 775; x_wconf 79' lang='grc' dir='ltr'>καὶ</span> <span class='ocrx_word' id='word_1_106' title='bbox 662 748 776 783; x_wconf 81' lang='grc' dir='ltr'>ἀδελφὺν</span> <span class='ocrx_word' id='word_1_107' title='bbox 790 746 972 784; x_wconf 85' lang='grc' dir='ltr'>κατηγοροῦν-</span> 
     </span>
    </p>
   </div>
   <div class='ocr_carea' id='block_1_18' title="bbox 183 791 970 830">
    <p class='ocr_par' dir='ltr' id='par_1_18' title="bbox 183 791 970 830">
     <span class='ocr_line' id='line_1_18' title="bbox 183 791 970 830; baseline 0.005 -12"><span class='ocrx_word' id='word_1_108' title='bbox 183 800 218 819; x_wconf 87' lang='grc' dir='ltr'><strong>τα</strong></span> <span class='ocrx_word' id='word_1_109' title='bbox 229 791 330 824; x_wconf 77' lang='grc' dir='ltr'>λαϐὼν,</span> <span class='ocrx_word' id='word_1_110' title='bbox 342 793 388 820; x_wconf 69' lang='grc' dir='ltr'>καὶ</span> <span class='ocrx_word' id='word_1_111' title='bbox 401 793 483 830; x_wconf 81' lang='grc' dir='ltr'>μηδὲν</span> <span class='ocrx_word' id='word_1_112' title='bbox 497 795 569 830; x_wconf 80' lang='grc' dir='ltr'>ἔχειν</span> <span class='ocrx_word' id='word_1_113' title='bbox 585 796 709 829; x_wconf 82' lang='grc' dir='ltr'>οἰόμενον</span> <span class='ocrx_word' id='word_1_114' title='bbox 719 795 732 822; x_wconf 82' lang='grc' dir='ltr'><strong>ὅ</strong></span> <span class='ocrx_word' id='word_1_115' title='bbox 742 804 768 821; x_wconf 90' lang='grc' dir='ltr'><strong>τι</strong></span> <span class='ocrx_word' id='word_1_116' title='bbox 782 795 829 822; x_wconf 73' lang='grc' dir='ltr'>καὶ</span> <span class='ocrx_word' id='word_1_117' title='bbox 838 794 970 829; x_wconf 72' lang='grc' dir='ltr'>λέξομενς</span> 
     </span>
    </p>
   </div>
   <div class='ocr_carea' id='block_1_19' title="bbox 183 837 971 876">
    <p class='ocr_par' dir='ltr' id='par_1_19' title="bbox 183 837 971 876">
     <span class='ocr_line' id='line_1_19' title="bbox 183 837 971 876; baseline 0.004 -12"><span class='ocrx_word' id='word_1_118' title='bbox 183 837 211 864; x_wconf 81' lang='grc' dir='ltr'><strong>τί</strong></span> <span class='ocrx_word' id='word_1_119' title='bbox 236 838 291 874; x_wconf 88' lang='grc' dir='ltr'><strong>γὰρ</strong></span> <span class='ocrx_word' id='word_1_120' title='bbox 318 838 348 874; x_wconf 84' lang='grc' dir='ltr'>δὴ</span> <span class='ocrx_word' id='word_1_121' title='bbox 367 840 438 875; x_wconf 86' lang='grc' dir='ltr'>φής;</span> <span class='ocrx_word' id='word_1_122' title='bbox 471 841 600 876; x_wconf 82' lang='grc' dir='ltr'>Ῥήτορες</span> <span class='ocrx_word' id='word_1_123' title='bbox 627 841 708 876; x_wconf 84' lang='grc' dir='ltr'>ἡμεῖς</span> <span class='ocrx_word' id='word_1_124' title='bbox 739 841 786 868; x_wconf 77' lang='grc' dir='ltr'>καὶ</span> <span class='ocrx_word' id='word_1_125' title='bbox 811 841 971 876; x_wconf 77' lang='grc' dir='ltr'>θυγατέρων</span> 
     </span>
    </p>
   </div>
   <div class='ocr_carea' id='block_1_20' title="bbox 186 883 972 922">
    <p class='ocr_par' dir='ltr' id='par_1_20' title="bbox 186 883 972 922">
     <span class='ocr_line' id='line_1_20' title="bbox 186 883 972 922; baseline 0.004 -13"><span class='ocrx_word' id='word_1_126' title='bbox 186 884 305 919; x_wconf 82' lang='grc' dir='ltr'><strong>πατέρες</strong></span> <span class='ocrx_word' id='word_1_127' title='bbox 322 883 427 912; x_wconf 78' lang='grc' dir='ltr'>πολλῶν</span> <span class='ocrx_word' id='word_1_128' title='bbox 440 893 448 901; x_wconf 88' lang='lat'><strong>&#39;</strong></span> <span class='ocrx_word' id='word_1_129' title='bbox 466 886 513 917; x_wconf 70' lang='grc' dir='ltr'><strong>τὰς</strong></span> <span class='ocrx_word' id='word_1_130' title='bbox 524 887 579 922; x_wconf 79' lang='grc' dir='ltr'><strong>γὰρ</strong></span> <span class='ocrx_word' id='word_1_131' title='bbox 596 887 742 919; x_wconf 77' lang='grc' dir='ltr'>ἐπιστολὰς</span> <span class='ocrx_word' id='word_1_132' title='bbox 770 886 856 918; x_wconf 74' lang='grc' dir='ltr'>οὓτως</span> <span class='ocrx_word' id='word_1_133' title='bbox 873 886 972 922; x_wconf 77' lang='grc' dir='ltr'>ὀνομά-</span> 
     </span>
    </p>
   </div>
   <div class='ocr_carea' id='block_1_21' title="bbox 185 927 970 967">
    <p class='ocr_par' dir='ltr' id='par_1_21' title="bbox 185 927 970 967">
     <span class='ocr_line' id='line_1_21' title="bbox 185 927 970 967; baseline 0.005 -13"><span class='ocrx_word' id='word_1_134' title='bbox 185 927 243 960; x_wconf 79' lang='grc' dir='ltr'>ζειν</span> <span class='ocrx_word' id='word_1_135' title='bbox 267 929 365 958; x_wconf 77' lang='grc' dir='ltr'>ἐδόκει.</span> <span class='ocrx_word' id='word_1_136' title='bbox 398 930 469 958; x_wconf 80' lang='grc' dir='ltr'>Ἀλλ’</span> <span class='ocrx_word' id='word_1_137' title='bbox 493 931 527 966; x_wconf 78' lang='grc' dir='ltr'>ἦν</span> <span class='ocrx_word' id='word_1_138' title='bbox 556 932 608 967; x_wconf 76' lang='grc' dir='ltr'>φὴς</span> <span class='ocrx_word' id='word_1_139' title='bbox 634 932 717 958; x_wconf 77' lang='grc' dir='ltr'>πάλαι</span> <span class='ocrx_word' id='word_1_140' title='bbox 745 932 840 964; x_wconf 82' lang='grc' dir='ltr'>ταῦτα,</span> <span class='ocrx_word' id='word_1_141' title='bbox 855 932 902 958; x_wconf 82' lang='grc' dir='ltr'><strong>νῦν</strong></span> <span class='ocrx_word' id='word_1_142' title='bbox 916 932 970 966; x_wconf 75' lang='grc' dir='ltr'>γὰρ</span> 
     </span>
    </p>
   </div>
   <div class='ocr_carea' id='block_1_22' title="bbox 184 975 972 1013">
    <p class='ocr_par' dir='ltr' id='par_1_22' title="bbox 184 975 972 1013">
     <span class='ocr_line' id='line_1_22' title="bbox 184 975 972 1013; baseline 0.003 -11"><span class='ocrx_word' id='word_1_143' title='bbox 184 975 277 1002; x_wconf 80' lang='grc' dir='ltr'>οὐκέτι</span> <span class='ocrx_word' id='word_1_144' title='bbox 291 985 298 992; x_wconf 88' lang='grc'>·</span> <span class='ocrx_word' id='word_1_145' title='bbox 316 976 373 1003; x_wconf 74' lang='grc' dir='ltr'>ἀλλ’</span> <span class='ocrx_word' id='word_1_146' title='bbox 393 977 519 1013; x_wconf 73' lang='grc' dir='ltr'>ὕϐρισταί</span> <span class='ocrx_word' id='word_1_147' title='bbox 533 986 605 1009; x_wconf 81' lang='grc' dir='ltr'>τινες</span> <span class='ocrx_word' id='word_1_148' title='bbox 619 978 709 1013; x_wconf 83' lang='grc' dir='ltr'>ὑμεῖς,</span> <span class='ocrx_word' id='word_1_149' title='bbox 736 977 783 1004; x_wconf 75' lang='grc' dir='ltr'>καὶ</span> <span class='ocrx_word' id='word_1_150' title='bbox 797 977 897 1012; x_wconf 77' lang='grc' dir='ltr'>θεσμὸν</span> <span class='ocrx_word' id='word_1_151' title='bbox 912 979 972 1004; x_wconf 83' lang='grc' dir='ltr'>ἀτι-</span> 
     </span>
    </p>
   </div>
   <div class='ocr_carea' id='block_1_23' title="bbox 185 1021 971 1059">
    <p class='ocr_par' dir='ltr' id='par_1_23' title="bbox 185 1021 971 1059">
     <span class='ocr_line' id='line_1_23' title="bbox 185 1021 971 1059; baseline 0.004 -12"><span class='ocrx_word' id='word_1_152' title='bbox 185 1021 316 1056; x_wconf 80' lang='grc' dir='ltr'>μάζοντες</span> <span class='ocrx_word' id='word_1_153' title='bbox 335 1022 446 1057; x_wconf 78' lang='grc' dir='ltr'>ἔρωτος.</span> <span class='ocrx_word' id='word_1_154' title='bbox 472 1023 542 1050; x_wconf 82' lang='grc' dir='ltr'>Ἀλλ’</span> <span class='ocrx_word' id='word_1_155' title='bbox 558 1024 582 1050; x_wconf 83' lang='grc' dir='ltr'><strong>εί</strong></span> <span class='ocrx_word' id='word_1_156' title='bbox 598 1023 647 1058; x_wconf 74' lang='grc' dir='ltr'>μὲν</span> <span class='ocrx_word' id='word_1_157' title='bbox 660 1021 694 1059; x_wconf 83' lang='grc' dir='ltr'>ἦν</span> <span class='ocrx_word' id='word_1_158' title='bbox 702 1032 745 1055; x_wconf 88' lang='grc' dir='ltr'><strong>τις</strong></span> <span class='ocrx_word' id='word_1_159' title='bbox 754 1024 906 1059; x_wconf 77' lang='grc' dir='ltr'>ποιητικὸς.</span> <span class='ocrx_word' id='word_1_160' title='bbox 923 1024 971 1050; x_wconf 81' lang='grc' dir='ltr'>τὸν</span> 
     </span>
    </p>
   </div>
   <div class='ocr_carea' id='block_1_24' title="bbox 190 1067 971 1105">
    <p class='ocr_par' dir='ltr' id='par_1_24' title="bbox 190 1067 971 1105">
     <span class='ocr_line' id='line_1_24' title="bbox 190 1067 971 1105; baseline 0.005 -12"><span class='ocrx_word' id='word_1_161' title='bbox 190 1067 347 1095; x_wconf 75' lang='grc' dir='ltr'>Ἀπόλλωνα</span> <span class='ocrx_word' id='word_1_162' title='bbox 361 1068 446 1103; x_wconf 78' lang='grc' dir='ltr'>δήπου</span> <span class='ocrx_word' id='word_1_163' title='bbox 463 1069 511 1096; x_wconf 68' lang='grc' dir='ltr'>καὶ</span> <span class='ocrx_word' id='word_1_164' title='bbox 524 1069 574 1101; x_wconf 84' lang='grc' dir='ltr'><strong>τὰς</strong></span> <span class='ocrx_word' id='word_1_165' title='bbox 599 1069 702 1105; x_wconf 79' lang='grc' dir='ltr'><strong>μούσας</strong></span> <span class='ocrx_word' id='word_1_166' title='bbox 722 1069 852 1097; x_wconf 69' lang='grc' dir='ltr'>ἐκάλουνο</span> <span class='ocrx_word' id='word_1_167' title='bbox 878 1069 971 1105; x_wconf 76' lang='grc' dir='ltr'>Δῴητέ</span> 
     </span>
    </p>
   </div>
   <div class='ocr_carea' id='block_1_25' title="bbox 186 1112 972 1150">
    <p class='ocr_par' dir='ltr' id='par_1_25' title="bbox 186 1112 972 1150">
     <span class='ocr_line' id='line_1_25' title="bbox 186 1112 972 1150; baseline 0.004 -12"><span class='ocrx_word' id='word_1_168' title='bbox 186 1120 242 1148; x_wconf 83' lang='grc' dir='ltr'>μοι,</span> <span class='ocrx_word' id='word_1_169' title='bbox 256 1112 447 1147; x_wconf 84' lang='grc' dir='ltr'>).έγων,εῐπεῖν</span> <span class='ocrx_word' id='word_1_170' title='bbox 461 1114 507 1141; x_wconf 82' lang='grc' dir='ltr'>καὶ</span> <span class='ocrx_word' id='word_1_171' title='bbox 522 1115 630 1147; x_wconf 78' lang='grc' dir='ltr'>παῖδας,</span> <span class='ocrx_word' id='word_1_172' title='bbox 645 1115 689 1142; x_wconf 57' lang='grc' dir='ltr'>καὶ</span> <span class='ocrx_word' id='word_1_173' title='bbox 703 1115 740 1150; x_wconf 83' lang='grc' dir='ltr'>μὴ</span> <span class='ocrx_word' id='word_1_174' title='bbox 749 1114 840 1142; x_wconf 80' lang='grc' dir='ltr'>ἄδικον</span> <span class='ocrx_word' id='word_1_175' title='bbox 853 1115 972 1150; x_wconf 82' lang='grc' dir='ltr'>φανῆναι</span> 
     </span>
    </p>
   </div>
   <div class='ocr_carea' id='block_1_26' title="bbox 183 1158 969 1196">
    <p class='ocr_par' dir='ltr' id='par_1_26' title="bbox 183 1158 969 1196">
     <span class='ocr_line' id='line_1_26' title="bbox 183 1158 969 1196; baseline 0.004 -12"><span class='ocrx_word' id='word_1_176' title='bbox 183 1158 218 1184; x_wconf 81' lang='grc' dir='ltr'><strong>τὰ</strong></span> <span class='ocrx_word' id='word_1_177' title='bbox 231 1159 352 1185; x_wconf 78' lang='grc' dir='ltr'>παιδικά.</span> <span class='ocrx_word' id='word_1_178' title='bbox 374 1159 442 1186; x_wconf 77' lang='grc' dir='ltr'>Νυνὶ</span> <span class='ocrx_word' id='word_1_179' title='bbox 455 1160 482 1186; x_wconf 74' lang='grc' dir='ltr'>δὲ</span> <span class='ocrx_word' id='word_1_180' title='bbox 500 1160 656 1196; x_wconf 85' lang='grc' dir='ltr'>μιμήσομαι</span> <span class='ocrx_word' id='word_1_181' title='bbox 680 1160 745 1194; x_wconf 83' lang='grc' dir='ltr'>γοῦν</span> <span class='ocrx_word' id='word_1_182' title='bbox 768 1169 794 1187; x_wconf 88' lang='grc' dir='ltr'><strong>τι</strong></span> <span class='ocrx_word' id='word_1_183' title='bbox 817 1161 969 1196; x_wconf 78' lang='grc' dir='ltr'>ποιητικὸν,</span> 
     </span>
    </p>
   </div>
   <div class='ocr_carea' id='block_1_27' title="bbox 183 1204 971 1243">
    <p class='ocr_par' dir='ltr' id='par_1_27' title="bbox 183 1204 971 1243">
     <span class='ocr_line' id='line_1_27' title="bbox 183 1204 971 1243; baseline 0.004 -12"><span class='ocrx_word' id='word_1_184' title='bbox 183 1204 233 1231; x_wconf 74' lang='grc' dir='ltr'>καὶ</span> <span class='ocrx_word' id='word_1_185' title='bbox 243 1204 289 1231; x_wconf 70' lang='grc' dir='ltr'><strong>ἐπὶ</strong></span> <span class='ocrx_word' id='word_1_186' title='bbox 312 1206 398 1240; x_wconf 79' lang='grc' dir='ltr'>μέγαν</span> <span class='ocrx_word' id='word_1_187' title='bbox 419 1205 500 1241; x_wconf 84' lang='grc' dir='ltr'>ὅρκον</span> <span class='ocrx_word' id='word_1_188' title='bbox 519 1206 652 1242; x_wconf 77' lang='grc' dir='ltr'>ὀμοῦμαι,</span> <span class='ocrx_word' id='word_1_189' title='bbox 671 1206 728 1234; x_wconf 77' lang='grc' dir='ltr'>θεοὶ</span> <span class='ocrx_word' id='word_1_190' title='bbox 741 1206 764 1233; x_wconf 90' lang='grc' dir='ltr'>δ’</span> <span class='ocrx_word' id='word_1_191' title='bbox 781 1207 971 1243; x_wconf 80' lang='grc' dir='ltr'>ἐπιμάρτυρες</span> 
     </span>
    </p>
   </div>
   <div class='ocr_carea' id='block_1_28' title="bbox 184 1248 972 1288">
    <p class='ocr_par' dir='ltr' id='par_1_28' title="bbox 184 1248 972 1288">
     <span class='ocr_line' id='line_1_28' title="bbox 184 1248 972 1288; baseline 0.005 -13"><span class='ocrx_word' id='word_1_192' title='bbox 184 1248 281 1282; x_wconf 76' lang='grc' dir='ltr'>ἔστων,</span> <span class='ocrx_word' id='word_1_193' title='bbox 297 1250 335 1285; x_wconf 87' lang='grc' dir='ltr'>μὴ</span> <span class='ocrx_word' id='word_1_194' title='bbox 351 1250 438 1282; x_wconf 78' lang='grc' dir='ltr'>οὕτως</span> <span class='ocrx_word' id='word_1_195' title='bbox 464 1251 536 1286; x_wconf 75' lang='grc' dir='ltr'>ἔχειν</span> <span class='ocrx_word' id='word_1_196' title='bbox 551 1252 584 1279; x_wconf 77' lang='grc' dir='ltr'><strong>τὰ</strong></span> <span class='ocrx_word' id='word_1_197' title='bbox 601 1251 662 1279; x_wconf 74' lang='grc' dir='ltr'>καθ’</span> <span class='ocrx_word' id='word_1_198' title='bbox 690 1252 764 1288; x_wconf 80' lang='grc' dir='ltr'>ἡμᾶς</span> <span class='ocrx_word' id='word_1_199' title='bbox 788 1252 826 1284; x_wconf 82' lang='grc' dir='ltr'>ὥς</span> <span class='ocrx_word' id='word_1_200' title='bbox 845 1261 897 1279; x_wconf 87' lang='grc' dir='ltr'>που</span> <span class='ocrx_word' id='word_1_201' title='bbox 924 1252 972 1280; x_wconf 74' lang='grc' dir='ltr'>καὶ</span> 
     </span>
    </p>
   </div>
   <div class='ocr_carea' id='block_1_29' title="bbox 185 1294 971 1333">
    <p class='ocr_par' dir='ltr' id='par_1_29' title="bbox 185 1294 971 1333">
     <span class='ocr_line' id='line_1_29' title="bbox 185 1294 971 1333; baseline 0.006 -13"><span class='ocrx_word' id='word_1_202' title='bbox 185 1294 303 1328; x_wconf 79' lang='grc' dir='ltr'>λέγεται·</span> <span class='ocrx_word' id='word_1_203' title='bbox 315 1296 379 1322; x_wconf 78' lang='grc' dir='ltr'>ἀλλὰ</span> <span class='ocrx_word' id='word_1_204' title='bbox 391 1295 445 1331; x_wconf 73' lang='grc' dir='ltr'><strong>γὰρ</strong></span> <span class='ocrx_word' id='word_1_205' title='bbox 457 1297 502 1323; x_wconf 79' lang='grc' dir='ltr'>ἐπὶ</span> <span class='ocrx_word' id='word_1_206' title='bbox 516 1297 607 1332; x_wconf 78' lang='grc' dir='ltr'>φιλίας</span> <span class='ocrx_word' id='word_1_207' title='bbox 620 1297 698 1333; x_wconf 77' lang='grc' dir='ltr'>ἡμῶν</span> <span class='ocrx_word' id='word_1_208' title='bbox 714 1297 796 1329; x_wconf 72' lang='grc' dir='ltr'>αἰδὼς</span> <span class='ocrx_word' id='word_1_209' title='bbox 813 1297 861 1325; x_wconf 71' lang='grc' dir='ltr'>καὶ</span> <span class='ocrx_word' id='word_1_210' title='bbox 875 1298 971 1333; x_wconf 78' lang='grc' dir='ltr'>μνήμη</span> 
     </span>
    </p>
   </div>
   <div class='ocr_carea' id='block_1_30' title="bbox 185 1340 972 1379">
    <p class='ocr_par' dir='ltr' id='par_1_30' title="bbox 185 1340 972 1379">
     <span class='ocr_line' id='line_1_30' title="bbox 185 1340 972 1379; baseline 0.003 -12"><span class='ocrx_word' id='word_1_211' title='bbox 185 1340 322 1375; x_wconf 82' lang='grc' dir='ltr'>φιλτάτων</span> <span class='ocrx_word' id='word_1_212' title='bbox 332 1350 339 1358; x_wconf 71' lang='grc' dir='ltr'><strong>ν</strong></span> <span class='ocrx_word' id='word_1_213' title='bbox 351 1342 378 1368; x_wconf 89' lang='grc' dir='ltr'><strong>τί</strong></span> <span class='ocrx_word' id='word_1_214' title='bbox 390 1340 437 1369; x_wconf 81' lang='grc' dir='ltr'>οὖν</span> <span class='ocrx_word' id='word_1_215' title='bbox 453 1343 516 1378; x_wconf 78' lang='grc' dir='ltr'>φὴς,</span> <span class='ocrx_word' id='word_1_216' title='bbox 531 1344 547 1378; x_wconf 88' lang='grc' dir='ltr'><strong>ἡ</strong></span> <span class='ocrx_word' id='word_1_217' title='bbox 564 1343 644 1379; x_wconf 85' lang='grc' dir='ltr'>σιγή;</span> <span class='ocrx_word' id='word_1_218' title='bbox 658 1343 764 1370; x_wconf 81' lang='grc' dir='ltr'>δέδοικα</span> <span class='ocrx_word' id='word_1_219' title='bbox 774 1344 811 1379; x_wconf 83' lang='grc' dir='ltr'>μή</span> <span class='ocrx_word' id='word_1_220' title='bbox 825 1353 866 1376; x_wconf 79' lang='grc' dir='ltr'><strong>τις</strong></span> <span class='ocrx_word' id='word_1_221' title='bbox 880 1344 972 1375; x_wconf 79' lang='grc' dir='ltr'>ἄδικος</span> 
     </span>
    </p>
   </div>
   <div class='ocr_carea' id='block_1_31' title="bbox 184 1386 974 1425">
    <p class='ocr_par' dir='ltr' id='par_1_31' title="bbox 184 1386 974 1425">
     <span class='ocr_line' id='line_1_31' title="bbox 184 1386 974 1425; baseline 0.003 -12"><span class='ocrx_word' id='word_1_222' title='bbox 184 1386 253 1422; x_wconf 78' lang='grc' dir='ltr'>τύχη</span> <span class='ocrx_word' id='word_1_223' title='bbox 267 1388 326 1418; x_wconf 77' lang='grc' dir='ltr'>ταῖς</span> <span class='ocrx_word' id='word_1_224' title='bbox 335 1388 416 1422; x_wconf 78' lang='grc' dir='ltr'>ἐμαῖς</span> <span class='ocrx_word' id='word_1_225' title='bbox 432 1388 595 1425; x_wconf 74' lang='grc' dir='ltr'><strong>ὲπικωμὰζῃ</strong></span> <span class='ocrx_word' id='word_1_226' title='bbox 609 1389 712 1423; x_wconf 77' lang='grc' dir='ltr'>γοναῖς.</span> <span class='ocrx_word' id='word_1_227' title='bbox 731 1390 777 1415; x_wconf 80' lang='grc' dir='ltr'>καὶ</span> <span class='ocrx_word' id='word_1_228' title='bbox 796 1389 861 1424; x_wconf 71' lang='grc' dir='ltr'>πρὸς</span> <span class='ocrx_word' id='word_1_229' title='bbox 877 1389 906 1415; x_wconf 72' lang='grc' dir='ltr'>σὲ</span> <span class='ocrx_word' id='word_1_230' title='bbox 923 1388 974 1421; x_wconf 74' lang='grc' dir='ltr'><strong>τὰς</strong></span> 
     </span>
    </p>
   </div>
   <div class='ocr_carea' id='block_1_32' title="bbox 186 1432 973 1470">
    <p class='ocr_par' dir='ltr' id='par_1_32' title="bbox 186 1432 973 1470">
     <span class='ocr_line' id='line_1_32' title="bbox 186 1432 973 1470; baseline 0.004 -12"><span class='ocrx_word' id='word_1_231' title='bbox 186 1432 256 1468; x_wconf 75' lang='grc' dir='ltr'>ιμὰς</span> <span class='ocrx_word' id='word_1_232' title='bbox 274 1433 439 1469; x_wconf 75' lang='grc' dir='ltr'>ἐπείγομαι,</span> <span class='ocrx_word' id='word_1_233' title='bbox 462 1434 544 1470; x_wconf 82' lang='grc' dir='ltr'>ἄλλην</span> <span class='ocrx_word' id='word_1_234' title='bbox 559 1434 654 1462; x_wconf 83' lang='grc' dir='ltr'>ἄλλοτε</span> <span class='ocrx_word' id='word_1_235' title='bbox 666 1435 760 1469; x_wconf 82' lang='grc' dir='ltr'>φέρειν</span> <span class='ocrx_word' id='word_1_236' title='bbox 771 1442 777 1450; x_wconf 93' lang='grc'><strong>·</strong></span> <span class='ocrx_word' id='word_1_237' title='bbox 799 1435 846 1461; x_wconf 85' lang='grc' dir='ltr'><strong>καί</strong></span> <span class='ocrx_word' id='word_1_238' title='bbox 865 1443 915 1461; x_wconf 87' lang='grc' dir='ltr'>που</span> <span class='ocrx_word' id='word_1_239' title='bbox 929 1433 973 1467; x_wconf 65' lang='lat' dir='ltr'><strong>Ei-</strong></span> 
     </span>
    </p>
   </div>
   <div class='ocr_carea' id='block_1_33' title="bbox 989 819 1009 846">
    <p class='ocr_par' dir='ltr' id='par_1_33' title="bbox 989 819 1009 846">
     <span class='ocr_line' id='line_1_33' title="bbox 989 819 1009 846; baseline 0 0"><span class='ocrx_word' id='word_1_240' title='bbox 989 819 1009 846; x_wconf 87' lang='grc' dir='ltr'><strong>Β</strong></span> 
     </span>
    </p>
   </div>
   <div class='ocr_carea' id='block_1_34' title="bbox 1021 242 1804 278">
    <p class='ocr_par' dir='ltr' id='par_1_34' title="bbox 1021 242 1804 278">
     <span class='ocr_line' id='line_1_34' title="bbox 1021 242 1804 278; baseline 0.003 -8"><span class='ocrx_word' id='word_1_241' title='bbox 1021 242 1140 277; x_wconf 81' lang='lat' dir='ltr'><strong>ctabam,</strong></span> <span class='ocrx_word' id='word_1_242' title='bbox 1159 250 1304 278; x_wconf 74' lang='lat' dir='ltr'><strong>assurgens</strong></span> <span class='ocrx_word' id='word_1_243' title='bbox 1327 243 1360 270; x_wconf 87' lang='lat' dir='ltr'><strong>ad</strong></span> <span class='ocrx_word' id='word_1_244' title='bbox 1375 251 1469 271; x_wconf 85' lang='lat' dir='ltr'><strong>eorum</strong></span> <span class='ocrx_word' id='word_1_245' title='bbox 1488 251 1558 278; x_wconf 90' lang='lat' dir='ltr'><strong>quos</strong></span> <span class='ocrx_word' id='word_1_246' title='bbox 1579 245 1702 272; x_wconf 83' lang='lat' dir='ltr'><strong>videbant</strong></span> <span class='ocrx_word' id='word_1_247' title='bbox 1720 244 1804 272; x_wconf 84' lang='lat' dir='ltr'><strong>fortu-</strong></span> 
     </span>
    </p>
   </div>
   <div class='ocr_carea' id='block_1_35' title="bbox 1020 288 1805 326">
    <p class='ocr_par' dir='ltr' id='par_1_35' title="bbox 1020 288 1805 326">
     <span class='ocr_line' id='line_1_35' title="bbox 1020 288 1805 326; baseline 0.003 -10"><span class='ocrx_word' id='word_1_248' title='bbox 1020 296 1096 321; x_wconf 88' lang='lat' dir='ltr'><strong>nam,</strong></span> <span class='ocrx_word' id='word_1_249' title='bbox 1110 294 1137 317; x_wconf 88' lang='lat' dir='ltr'><strong>ct</strong></span> <span class='ocrx_word' id='word_1_250' title='bbox 1150 296 1209 324; x_wconf 61' lang='lat' dir='ltr'><strong>qua;</strong></span> <span class='ocrx_word' id='word_1_251' title='bbox 1226 288 1291 316; x_wconf 90' lang='lat' dir='ltr'><strong>ntihi</strong></span> <span class='ocrx_word' id='word_1_252' title='bbox 1311 288 1376 316; x_wconf 89' lang='lat' dir='ltr'><strong>olim</strong></span> <span class='ocrx_word' id='word_1_253' title='bbox 1393 293 1471 317; x_wconf 84' lang='lat' dir='ltr'><strong>erant</strong></span> <span class='ocrx_word' id='word_1_254' title='bbox 1488 289 1571 318; x_wconf 87' lang='lat' dir='ltr'><strong>chara</strong></span> <span class='ocrx_word' id='word_1_255' title='bbox 1585 298 1662 326; x_wconf 64' lang='lat' dir='ltr'><strong>ungat</strong></span> <span class='ocrx_word' id='word_1_256' title='bbox 1676 291 1805 318; x_wconf 87' lang='lat' dir='ltr'><strong>videban-</strong></span> 
     </span>
    </p>
   </div>
   <div class='ocr_carea' id='block_1_36' title="bbox 1022 334 1805 370">
    <p class='ocr_par' dir='ltr' id='par_1_36' title="bbox 1022 334 1805 370">
     <span class='ocr_line' id='line_1_36' title="bbox 1022 334 1805 370; baseline 0.001 -9"><span class='ocrx_word' id='word_1_257' title='bbox 1022 339 1085 362; x_wconf 88' lang='lat' dir='ltr'><strong>tur:</strong></span> <span class='ocrx_word' id='word_1_258' title='bbox 1102 335 1200 370; x_wconf 85' lang='lat' dir='ltr'><strong>quippe</strong></span> <span class='ocrx_word' id='word_1_259' title='bbox 1217 334 1300 369; x_wconf 81' lang='lat' dir='ltr'><strong>igitur</strong></span> <span class='ocrx_word' id='word_1_260' title='bbox 1328 334 1370 361; x_wconf 87' lang='lat' dir='ltr'><strong>his</strong></span> <span class='ocrx_word' id='word_1_261' title='bbox 1383 339 1478 369; x_wconf 86' lang='lat' dir='ltr'><strong>captus</strong></span> <span class='ocrx_word' id='word_1_262' title='bbox 1496 335 1590 369; x_wconf 86' lang='lat' dir='ltr'><strong>fueris,</strong></span> <span class='ocrx_word' id='word_1_263' title='bbox 1614 344 1666 364; x_wconf 85' lang='lat' dir='ltr'><strong>non</strong></span> <span class='ocrx_word' id='word_1_264' title='bbox 1685 337 1805 363; x_wconf 80' lang='lat' dir='ltr'><strong>dicerem</strong></span> 
     </span>
    </p>
   </div>
   <div class='ocr_carea' id='block_1_37' title="bbox 1021 379 1805 415">
    <p class='ocr_par' dir='ltr' id='par_1_37' title="bbox 1021 379 1805 415">
     <span class='ocr_line' id='line_1_37' title="bbox 1021 379 1805 415; baseline 0.001 -8"><span class='ocrx_word' id='word_1_265' title='bbox 1021 379 1101 408; x_wconf 81' lang='lat' dir='ltr'><strong>facile</strong></span> <span class='ocrx_word' id='word_1_266' title='bbox 1126 381 1260 415; x_wconf 90' lang='lat' dir='ltr'><strong>quomodo</strong></span> <span class='ocrx_word' id='word_1_267' title='bbox 1285 379 1342 407; x_wconf 64' lang='lat' dir='ltr'><strong>haec</strong></span> <span class='ocrx_word' id='word_1_268' title='bbox 1366 387 1418 407; x_wconf 89' lang='lat' dir='ltr'><strong>non</strong></span> <span class='ocrx_word' id='word_1_269' title='bbox 1443 381 1564 415; x_wconf 84' lang='lat' dir='ltr'><strong>perferre</strong></span> <span class='ocrx_word' id='word_1_270' title='bbox 1591 382 1756 414; x_wconf 82' lang='lat' dir='ltr'><strong>vitavissem,</strong></span> <span class='ocrx_word' id='word_1_271' title='bbox 1782 381 1805 408; x_wconf 93' lang='lat' dir='ltr'><strong>si</strong></span> 
     </span>
    </p>
   </div>
   <div class='ocr_carea' id='block_1_38' title="bbox 1020 426 1807 461">
    <p class='ocr_par' dir='ltr' id='par_1_38' title="bbox 1020 426 1807 461">
     <span class='ocr_line' id='line_1_38' title="bbox 1020 426 1807 461; baseline 0.003 -8"><span class='ocrx_word' id='word_1_272' title='bbox 1020 426 1154 461; x_wconf 83' lang='lat' dir='ltr'><strong>quoddam</strong></span> <span class='ocrx_word' id='word_1_273' title='bbox 1180 426 1363 459; x_wconf 85' lang='lat' dir='ltr'><strong>ratiocinium,</strong></span> <span class='ocrx_word' id='word_1_274' title='bbox 1394 427 1499 455; x_wconf 75' lang='lat' dir='ltr'><strong>scilicet</strong></span> <span class='ocrx_word' id='word_1_275' title='bbox 1530 435 1582 455; x_wconf 88' lang='lat' dir='ltr'><strong>non</strong></span> <span class='ocrx_word' id='word_1_276' title='bbox 1607 435 1666 455; x_wconf 81' lang='lat' dir='ltr'><strong>esse</strong></span> <span class='ocrx_word' id='word_1_277' title='bbox 1694 427 1807 460; x_wconf 81' lang='lat' dir='ltr'><strong>idem,o</strong></span> 
     </span>
    </p>
   </div>
   <div class='ocr_carea' id='block_1_39' title="bbox 1021 471 1804 506">
    <p class='ocr_par' dir='ltr' id='par_1_39' title="bbox 1021 471 1804 506">
     <span class='ocr_line' id='line_1_39' title="bbox 1021 471 1804 506; baseline 0 -6"><span class='ocrx_word' id='word_1_278' title='bbox 1021 472 1132 506; x_wconf 86' lang='lat' dir='ltr'><strong>optime,</strong></span> <span class='ocrx_word' id='word_1_279' title='bbox 1147 471 1303 506; x_wconf 86' lang='lat' dir='ltr'><strong>opinionem</strong></span> <span class='ocrx_word' id='word_1_280' title='bbox 1318 477 1345 500; x_wconf 90' lang='lat' dir='ltr'><strong>et</strong></span> <span class='ocrx_word' id='word_1_281' title='bbox 1362 471 1510 505; x_wconf 75' lang='lat' dir='ltr'><strong>fortunam,</strong></span> <span class='ocrx_word' id='word_1_282' title='bbox 1530 481 1582 500; x_wconf 89' lang='lat' dir='ltr'><strong>non</strong></span> <span class='ocrx_word' id='word_1_283' title='bbox 1597 481 1640 500; x_wconf 92' lang='lat' dir='ltr'><strong>nte</strong></span> <span class='ocrx_word' id='word_1_284' title='bbox 1656 473 1783 501; x_wconf 87' lang='lat' dir='ltr'><strong>subiisset</strong></span> <span class='ocrx_word' id='word_1_285' title='bbox 1797 481 1804 500; x_wconf 91' lang='lat'><strong>:</strong></span> 
     </span>
    </p>
   </div>
   <div class='ocr_carea' id='block_1_40' title="bbox 1021 517 1807 554">
    <p class='ocr_par' dir='ltr' id='par_1_40' title="bbox 1021 517 1807 554">
     <span class='ocr_line' id='line_1_40' title="bbox 1021 517 1807 554; baseline 0 -8"><span class='ocrx_word' id='word_1_286' title='bbox 1021 517 1069 546; x_wconf 88' lang='lat' dir='ltr'><strong>sed</strong></span> <span class='ocrx_word' id='word_1_287' title='bbox 1082 518 1143 550; x_wconf 83' lang='lat' dir='ltr'><strong>ista,</strong></span> <span class='ocrx_word' id='word_1_288' title='bbox 1160 522 1189 545; x_wconf 90' lang='lat' dir='ltr'><strong>ut</strong></span> <span class='ocrx_word' id='word_1_289' title='bbox 1205 517 1256 544; x_wconf 85' lang='lat' dir='ltr'><strong>sibi</strong></span> <span class='ocrx_word' id='word_1_290' title='bbox 1273 519 1309 545; x_wconf 88' lang='lat' dir='ltr'><strong>sit</strong></span> <span class='ocrx_word' id='word_1_291' title='bbox 1330 518 1435 550; x_wconf 88' lang='lat' dir='ltr'><strong>similis,</strong></span> <span class='ocrx_word' id='word_1_292' title='bbox 1452 518 1548 551; x_wconf 84' lang='lat' dir='ltr'><strong>fertur.</strong></span> <span class='ocrx_word' id='word_1_293' title='bbox 1564 525 1591 546; x_wconf 86' lang='lat' dir='ltr'><strong>et</strong></span> <span class='ocrx_word' id='word_1_294' title='bbox 1603 519 1674 546; x_wconf 80' lang='lat' dir='ltr'><strong>cadit</strong></span> <span class='ocrx_word' id='word_1_295' title='bbox 1693 526 1764 554; x_wconf 70' lang='lat' dir='ltr'><strong>sa‘pe</strong></span> <span class='ocrx_word' id='word_1_296' title='bbox 1779 524 1807 546; x_wconf 88' lang='lat' dir='ltr'><strong>et</strong></span> 
     </span>
    </p>
   </div>
   <div class='ocr_carea' id='block_1_41' title="bbox 1024 564 1807 592">
    <p class='ocr_par' dir='ltr' id='par_1_41' title="bbox 1024 564 1807 592">
     <span class='ocr_line' id='line_1_41' title="bbox 1024 564 1807 592; baseline 0 -1"><span class='ocrx_word' id='word_1_297' title='bbox 1024 568 1114 591; x_wconf 86' lang='lat' dir='ltr'><strong>nostra</strong></span> <span class='ocrx_word' id='word_1_298' title='bbox 1132 564 1226 592; x_wconf 88' lang='lat' dir='ltr'><strong>irridet</strong></span> <span class='ocrx_word' id='word_1_299' title='bbox 1240 573 1247 592; x_wconf 89' lang='lat'>:</span> <span class='ocrx_word' id='word_1_300' title='bbox 1262 564 1334 592; x_wconf 88' lang='lat' dir='ltr'><strong>illius</strong></span> <span class='ocrx_word' id='word_1_301' title='bbox 1345 569 1434 591; x_wconf 83' lang='lat' dir='ltr'><strong>autem</strong></span> <span class='ocrx_word' id='word_1_302' title='bbox 1453 565 1595 592; x_wconf 88' lang='lat' dir='ltr'><strong>Dominum</strong></span> <span class='ocrx_word' id='word_1_303' title='bbox 1608 572 1668 592; x_wconf 84' lang='lat' dir='ltr'><strong>esse</strong></span> <span class='ocrx_word' id='word_1_304' title='bbox 1681 564 1807 592; x_wconf 89' lang='lat' dir='ltr'><strong>convenit</strong></span> 
     </span>
    </p>
   </div>
   <div class='ocr_carea' id='block_1_42' title="bbox 1021 610 1806 645">
    <p class='ocr_par' dir='ltr' id='par_1_42' title="bbox 1021 610 1806 645">
     <span class='ocr_line' id='line_1_42' title="bbox 1021 610 1806 645; baseline 0 -9"><span class='ocrx_word' id='word_1_305' title='bbox 1021 611 1170 644; x_wconf 86' lang='lat' dir='ltr'><strong>sapientem</strong></span> <span class='ocrx_word' id='word_1_306' title='bbox 1187 617 1236 638; x_wconf 86' lang='lat' dir='ltr'><strong>nec</strong></span> <span class='ocrx_word' id='word_1_307' title='bbox 1250 617 1312 637; x_wconf 87' lang='lat' dir='ltr'><strong>cum</strong></span> <span class='ocrx_word' id='word_1_308' title='bbox 1333 610 1468 638; x_wconf 80' lang='lat' dir='ltr'><strong>exaltatur</strong></span> <span class='ocrx_word' id='word_1_309' title='bbox 1491 617 1665 645; x_wconf 77' lang='lat' dir='ltr'><strong>consurgere,</strong></span> <span class='ocrx_word' id='word_1_310' title='bbox 1681 617 1730 637; x_wconf 84' lang='lat' dir='ltr'><strong>nec</strong></span> <span class='ocrx_word' id='word_1_311' title='bbox 1744 617 1806 637; x_wconf 92' lang='lat' dir='ltr'><strong>cunt</strong></span> 
     </span>
    </p>
   </div>
   <div class='ocr_carea' id='block_1_43' title="bbox 1022 655 1243 683">
    <p class='ocr_par' dir='ltr' id='par_1_43' title="bbox 1022 655 1243 683">
     <span class='ocr_line' id='line_1_43' title="bbox 1022 655 1243 683; baseline 0 -1"><span class='ocrx_word' id='word_1_312' title='bbox 1022 655 1095 683; x_wconf 81' lang='lat' dir='ltr'><strong>cadit</strong></span> <span class='ocrx_word' id='word_1_313' title='bbox 1108 663 1243 683; x_wconf 87' lang='lat' dir='ltr'><strong>corruere.</strong></span> 
     </span>
    </p>
   </div>
   <div class='ocr_carea' id='block_1_44' title="bbox 1250 700 1578 729">
    <p class='ocr_par' dir='ltr' id='par_1_44' title="bbox 1250 700 1578 729">
     <span class='ocr_line' id='line_1_44' title="bbox 1250 700 1578 729; baseline 0.003 -1"><span class='ocrx_word' id='word_1_314' title='bbox 1250 701 1372 728; x_wconf 75' lang='lat' dir='ltr'><strong>XXXIII.</strong></span> <span class='ocrx_word' id='word_1_315' title='bbox 1383 700 1578 729; x_wconf 76' lang='lat' dir='ltr'><strong>ZACllAﬂl/E.</strong></span> 
     </span>
    </p>
   </div>
   <div class='ocr_carea' id='block_1_45' title="bbox 1058 747 1805 783">
    <p class='ocr_par' dir='ltr' id='par_1_45' title="bbox 1058 747 1805 783">
     <span class='ocr_line' id='line_1_45' title="bbox 1058 747 1805 783; baseline -0.001 -8"><span class='ocrx_word' id='word_1_316' title='bbox 1058 748 1157 783; x_wconf 79' lang='lat' dir='ltr'><strong>Accepi</strong></span> <span class='ocrx_word' id='word_1_317' title='bbox 1177 747 1293 775; x_wconf 73' lang='lat' dir='ltr'><strong>amicum</strong></span> <span class='ocrx_word' id='word_1_318' title='bbox 1321 754 1349 774; x_wconf 87' lang='lat' dir='ltr'><strong>et</strong></span> <span class='ocrx_word' id='word_1_319' title='bbox 1376 748 1487 775; x_wconf 79' lang='lat' dir='ltr'><strong>fratrem</strong></span> <span class='ocrx_word' id='word_1_320' title='bbox 1512 749 1573 780; x_wconf 82' lang='lat' dir='ltr'><strong>quis</strong></span> <span class='ocrx_word' id='word_1_321' title='bbox 1594 747 1739 775; x_wconf 79' lang='lat' dir='ltr'><strong>evasissent</strong></span> <span class='ocrx_word' id='word_1_322' title='bbox 1759 754 1805 774; x_wconf 84' lang='lat' dir='ltr'><strong>ett-</strong></span> 
     </span>
    </p>
   </div>
   <div class='ocr_carea' id='block_1_46' title="bbox 1023 793 1808 829">
    <p class='ocr_par' dir='ltr' id='par_1_46' title="bbox 1023 793 1808 829">
     <span class='ocr_line' id='line_1_46' title="bbox 1023 793 1808 829; baseline -0.001 -9"><span class='ocrx_word' id='word_1_323' title='bbox 1023 794 1195 829; x_wconf 82' lang='lat' dir='ltr'><strong>probrautcm</strong></span> <span class='ocrx_word' id='word_1_324' title='bbox 1217 798 1244 820; x_wconf 92' lang='lat' dir='ltr'><strong>et</strong></span> <span class='ocrx_word' id='word_1_325' title='bbox 1260 793 1423 828; x_wconf 77' lang='lat' dir='ltr'><strong>cogitantem</strong></span> <span class='ocrx_word' id='word_1_326' title='bbox 1444 794 1508 820; x_wconf 83' lang='lat' dir='ltr'><strong>nihil</strong></span> <span class='ocrx_word' id='word_1_327' title='bbox 1530 793 1631 820; x_wconf 76' lang='lat' dir='ltr'><strong>habere</strong></span> <span class='ocrx_word' id='word_1_328' title='bbox 1655 793 1718 827; x_wconf 92' lang='lat' dir='ltr'><strong>quid</strong></span> <span class='ocrx_word' id='word_1_329' title='bbox 1732 793 1808 819; x_wconf 84' lang='lat' dir='ltr'><strong>dica-</strong></span> 
     </span>
    </p>
   </div>
   <div class='ocr_carea' id='block_1_47' title="bbox 1025 839 1806 873">
    <p class='ocr_par' dir='ltr' id='par_1_47' title="bbox 1025 839 1806 873">
     <span class='ocr_line' id='line_1_47' title="bbox 1025 839 1806 873; baseline 0 -7"><span class='ocrx_word' id='word_1_330' title='bbox 1025 848 1084 867; x_wconf 86' lang='lat' dir='ltr'><strong>mus</strong></span> <span class='ocrx_word' id='word_1_331' title='bbox 1101 849 1107 867; x_wconf 88' lang='lat'>:</span> <span class='ocrx_word' id='word_1_332' title='bbox 1124 840 1192 873; x_wconf 86' lang='lat' dir='ltr'><strong>Quid</strong></span> <span class='ocrx_word' id='word_1_333' title='bbox 1219 847 1284 866; x_wconf 91' lang='lat' dir='ltr'><strong>vero</strong></span> <span class='ocrx_word' id='word_1_334' title='bbox 1305 839 1389 867; x_wconf 83' lang='lat' dir='ltr'><strong>dicis?</strong></span> <span class='ocrx_word' id='word_1_335' title='bbox 1412 840 1546 866; x_wconf 73' lang='lat' dir='ltr'><strong>lthetores</strong></span> <span class='ocrx_word' id='word_1_336' title='bbox 1561 847 1610 866; x_wconf 92' lang='lat' dir='ltr'><strong>nos</strong></span> <span class='ocrx_word' id='word_1_337' title='bbox 1627 847 1720 866; x_wconf 85' lang='lat' dir='ltr'><strong>sumus</strong></span> <span class='ocrx_word' id='word_1_338' title='bbox 1735 844 1761 867; x_wconf 88' lang='lat' dir='ltr'><strong>et</strong></span> <span class='ocrx_word' id='word_1_339' title='bbox 1778 839 1806 866; x_wconf 82' lang='lat' dir='ltr'><strong>ii-</strong></span> 
     </span>
    </p>
   </div>
   <div class='ocr_carea' id='block_1_48' title="bbox 1024 883 1806 920">
    <p class='ocr_par' dir='ltr' id='par_1_48' title="bbox 1024 883 1806 920">
     <span class='ocr_line' id='line_1_48' title="bbox 1024 883 1806 920; baseline -0.001 -7"><span class='ocrx_word' id='word_1_340' title='bbox 1024 886 1119 913; x_wconf 86' lang='lat' dir='ltr'><strong>liarunt</strong></span> <span class='ocrx_word' id='word_1_341' title='bbox 1145 891 1235 920; x_wconf 69' lang='lat' dir='ltr'><strong>patres</strong></span> <span class='ocrx_word' id='word_1_342' title='bbox 1254 885 1399 912; x_wconf 87' lang='lat' dir='ltr'><strong>multarunt</strong></span> <span class='ocrx_word' id='word_1_343' title='bbox 1416 894 1423 912; x_wconf 86' lang='lat'><strong>:</strong></span> <span class='ocrx_word' id='word_1_344' title='bbox 1450 883 1554 912; x_wconf 83' lang='lat' dir='ltr'><strong>litter&#39;as</strong></span> <span class='ocrx_word' id='word_1_345' title='bbox 1579 886 1650 912; x_wconf 88' lang='lat' dir='ltr'><strong>enim</strong></span> <span class='ocrx_word' id='word_1_346' title='bbox 1668 885 1704 912; x_wconf 87' lang='lat' dir='ltr'><strong>ita</strong></span> <span class='ocrx_word' id='word_1_347' title='bbox 1719 885 1806 912; x_wconf 91' lang='lat' dir='ltr'><strong>nomi-</strong></span> 
     </span>
    </p>
   </div>
   <div class='ocr_carea' id='block_1_49' title="bbox 1024 930 1808 962">
    <p class='ocr_par' dir='ltr' id='par_1_49' title="bbox 1024 930 1808 962">
     <span class='ocr_line' id='line_1_49' title="bbox 1024 930 1808 962; baseline -0.001 -4"><span class='ocrx_word' id='word_1_348' title='bbox 1024 940 1089 958; x_wconf 83' lang='lat' dir='ltr'><strong>nare</strong></span> <span class='ocrx_word' id='word_1_349' title='bbox 1115 932 1279 959; x_wconf 78' lang='lat' dir='ltr'><strong>videbatur:</strong></span> <span class='ocrx_word' id='word_1_350' title='bbox 1302 930 1349 958; x_wconf 85' lang='lat' dir='ltr'><strong>sed</strong></span> <span class='ocrx_word' id='word_1_351' title='bbox 1379 931 1401 958; x_wconf 89' lang='lat' dir='ltr'><strong>si</strong></span> <span class='ocrx_word' id='word_1_352' title='bbox 1425 931 1482 958; x_wconf 80' lang='lat' dir='ltr'><strong>ha-e</strong></span> <span class='ocrx_word' id='word_1_353' title='bbox 1511 931 1613 958; x_wconf 83' lang='lat' dir='ltr'><strong>dixeris</strong></span> <span class='ocrx_word' id='word_1_354' title='bbox 1639 930 1715 962; x_wconf 86' lang='lat' dir='ltr'><strong>olim,</strong></span> <span class='ocrx_word' id='word_1_355' title='bbox 1735 937 1808 957; x_wconf 84' lang='lat' dir='ltr'><strong>nunc</strong></span> 
     </span>
    </p>
   </div>
   <div class='ocr_carea' id='block_1_50' title="bbox 1022 976 1808 1011">
    <p class='ocr_par' dir='ltr' id='par_1_50' title="bbox 1022 976 1808 1011">
     <span class='ocr_line' id='line_1_50' title="bbox 1022 976 1808 1011; baseline -0.001 -8"><span class='ocrx_word' id='word_1_356' title='bbox 1022 981 1096 1003; x_wconf 82' lang='lat' dir='ltr'><strong>certe</strong></span> <span class='ocrx_word' id='word_1_357' title='bbox 1113 984 1164 1003; x_wconf 91' lang='lat' dir='ltr'><strong>non</strong></span> <span class='ocrx_word' id='word_1_358' title='bbox 1179 977 1314 1011; x_wconf 84' lang='lat' dir='ltr'><strong>amplius;</strong></span> <span class='ocrx_word' id='word_1_359' title='bbox 1328 976 1375 1004; x_wconf 87' lang='lat' dir='ltr'><strong>sed</strong></span> <span class='ocrx_word' id='word_1_360' title='bbox 1390 976 1455 1003; x_wconf 83' lang='lat' dir='ltr'><strong>estis</strong></span> <span class='ocrx_word' id='word_1_361' title='bbox 1471 977 1579 1011; x_wconf 83' lang='lat' dir='ltr'><strong>quidam</strong></span> <span class='ocrx_word' id='word_1_362' title='bbox 1597 984 1628 1003; x_wconf 84' lang='lat' dir='ltr'><strong>ex</strong></span> <span class='ocrx_word' id='word_1_363' title='bbox 1652 976 1727 1003; x_wconf 82' lang='lat' dir='ltr'><strong>vobis</strong></span> <span class='ocrx_word' id='word_1_364' title='bbox 1742 983 1808 1002; x_wconf 87' lang='lat' dir='ltr'><strong>cott-</strong></span> 
     </span>
    </p>
   </div>
   <div class='ocr_carea' id='block_1_51' title="bbox 1023 1022 1807 1056">
    <p class='ocr_par' dir='ltr' id='par_1_51' title="bbox 1023 1022 1807 1056">
     <span class='ocr_line' id='line_1_51' title="bbox 1023 1022 1807 1056; baseline -0.001 -7"><span class='ocrx_word' id='word_1_365' title='bbox 1023 1023 1178 1054; x_wconf 81' lang='lat' dir='ltr'><strong>viciatores,</strong></span> <span class='ocrx_word' id='word_1_366' title='bbox 1204 1027 1232 1049; x_wconf 88' lang='lat' dir='ltr'><strong>et</strong></span> <span class='ocrx_word' id='word_1_367' title='bbox 1252 1030 1353 1049; x_wconf 77' lang='lat' dir='ltr'><strong>nzorctn</strong></span> <span class='ocrx_word' id='word_1_368' title='bbox 1376 1028 1495 1049; x_wconf 88' lang='lat' dir='ltr'><strong>veterem</strong></span> <span class='ocrx_word' id='word_1_369' title='bbox 1529 1022 1630 1049; x_wconf 78' lang='lat' dir='ltr'><strong>amoris</strong></span> <span class='ocrx_word' id='word_1_370' title='bbox 1654 1022 1807 1056; x_wconf 65' lang='lat' dir='ltr'><strong>ncgligitis:</strong></span> 
     </span>
    </p>
   </div>
   <div class='ocr_carea' id='block_1_52' title="bbox 1023 1067 1809 1102">
    <p class='ocr_par' dir='ltr' id='par_1_52' title="bbox 1023 1067 1809 1102">
     <span class='ocr_line' id='line_1_52' title="bbox 1023 1067 1809 1102; baseline -0.004 -6"><span class='ocrx_word' id='word_1_371' title='bbox 1023 1069 1069 1096; x_wconf 89' lang='lat' dir='ltr'><strong>sed</strong></span> <span class='ocrx_word' id='word_1_372' title='bbox 1086 1068 1108 1095; x_wconf 88' lang='lat' dir='ltr'><strong>si</strong></span> <span class='ocrx_word' id='word_1_373' title='bbox 1133 1068 1194 1101; x_wconf 85' lang='lat' dir='ltr'><strong>quis</strong></span> <span class='ocrx_word' id='word_1_374' title='bbox 1221 1073 1294 1095; x_wconf 87' lang='lat' dir='ltr'><strong>esset</strong></span> <span class='ocrx_word' id='word_1_375' title='bbox 1328 1068 1461 1102; x_wconf 77' lang='lat' dir='ltr'><strong>poeticus,</strong></span> <span class='ocrx_word' id='word_1_376' title='bbox 1490 1067 1657 1102; x_wconf 77' lang='lat' dir='ltr'><strong>Appollincm</strong></span> <span class='ocrx_word' id='word_1_377' title='bbox 1685 1072 1759 1094; x_wconf 81' lang='lat' dir='ltr'><strong>certe</strong></span> <span class='ocrx_word' id='word_1_378' title='bbox 1781 1073 1809 1093; x_wconf 91' lang='lat' dir='ltr'><strong>et</strong></span> 
     </span>
    </p>
   </div>
   <div class='ocr_carea' id='block_1_53' title="bbox 1024 1113 1810 1145">
    <p class='ocr_par' dir='ltr' id='par_1_53' title="bbox 1024 1113 1810 1145">
     <span class='ocr_line' id='line_1_53' title="bbox 1024 1113 1810 1145; baseline 0 -5"><span class='ocrx_word' id='word_1_379' title='bbox 1024 1121 1114 1140; x_wconf 84' lang='lat' dir='ltr'><strong>musas</strong></span> <span class='ocrx_word' id='word_1_380' title='bbox 1128 1114 1280 1140; x_wconf 86' lang='lat' dir='ltr'><strong>invocarent</strong></span> <span class='ocrx_word' id='word_1_381' title='bbox 1297 1122 1303 1140; x_wconf 88' lang='lat'><strong>:</strong></span> <span class='ocrx_word' id='word_1_382' title='bbox 1327 1115 1388 1141; x_wconf 83' lang='lat' dir='ltr'><strong>date</strong></span> <span class='ocrx_word' id='word_1_383' title='bbox 1402 1113 1480 1145; x_wconf 82' lang='lat' dir='ltr'><strong>mihi.</strong></span> <span class='ocrx_word' id='word_1_384' title='bbox 1499 1114 1593 1141; x_wconf 89' lang='lat' dir='ltr'><strong>dicens</strong></span> <span class='ocrx_word' id='word_1_385' title='bbox 1608 1121 1654 1140; x_wconf 86' lang='lat' dir='ltr'><strong>vos</strong></span> <span class='ocrx_word' id='word_1_386' title='bbox 1668 1121 1767 1140; x_wconf 81' lang='lat' dir='ltr'><strong>vocare</strong></span> <span class='ocrx_word' id='word_1_387' title='bbox 1780 1117 1810 1140; x_wconf 85' lang='lat' dir='ltr'><strong>et</strong></span> 
     </span>
    </p>
   </div>
   <div class='ocr_carea' id='block_1_54' title="bbox 1022 1157 1809 1190">
    <p class='ocr_par' dir='ltr' id='par_1_54' title="bbox 1022 1157 1809 1190">
     <span class='ocr_line' id='line_1_54' title="bbox 1022 1157 1809 1190; baseline -0.001 -5"><span class='ocrx_word' id='word_1_388' title='bbox 1022 1157 1133 1190; x_wconf 88' lang='lat' dir='ltr'><strong>liberos,</strong></span> <span class='ocrx_word' id='word_1_389' title='bbox 1151 1165 1178 1186; x_wconf 86' lang='lat' dir='ltr'><strong>ct</strong></span> <span class='ocrx_word' id='word_1_390' title='bbox 1196 1166 1248 1185; x_wconf 82' lang='lat' dir='ltr'><strong>non</strong></span> <span class='ocrx_word' id='word_1_391' title='bbox 1264 1158 1399 1185; x_wconf 81' lang='lat' dir='ltr'><strong>immerito</strong></span> <span class='ocrx_word' id='word_1_392' title='bbox 1417 1158 1500 1185; x_wconf 80' lang='lat' dir='ltr'><strong>videri</strong></span> <span class='ocrx_word' id='word_1_393' title='bbox 1521 1158 1648 1185; x_wconf 88' lang='lat' dir='ltr'><strong>delicias:</strong></span> <span class='ocrx_word' id='word_1_394' title='bbox 1674 1166 1746 1185; x_wconf 90' lang='lat' dir='ltr'><strong>ttunc</strong></span> <span class='ocrx_word' id='word_1_395' title='bbox 1760 1165 1809 1184; x_wconf 90' lang='lat' dir='ltr'><strong>att-</strong></span> 
     </span>
    </p>
   </div>
   <div class='ocr_carea' id='block_1_55' title="bbox 1024 1202 1810 1238">
    <p class='ocr_par' dir='ltr' id='par_1_55' title="bbox 1024 1202 1810 1238">
     <span class='ocr_line' id='line_1_55' title="bbox 1024 1202 1810 1238; baseline -0.003 -8"><span class='ocrx_word' id='word_1_396' title='bbox 1024 1207 1077 1230; x_wconf 90' lang='lat' dir='ltr'><strong>tem</strong></span> <span class='ocrx_word' id='word_1_397' title='bbox 1097 1203 1197 1238; x_wconf 81' lang='lat' dir='ltr'><strong>aliquid</strong></span> <span class='ocrx_word' id='word_1_398' title='bbox 1211 1202 1333 1238; x_wconf 77' lang='lat' dir='ltr'><strong>ellingam</strong></span> <span class='ocrx_word' id='word_1_399' title='bbox 1349 1203 1496 1237; x_wconf 86' lang='lat' dir='ltr'><strong>poeticum,</strong></span> <span class='ocrx_word' id='word_1_400' title='bbox 1511 1208 1538 1229; x_wconf 91' lang='lat' dir='ltr'><strong>et</strong></span> <span class='ocrx_word' id='word_1_401' title='bbox 1551 1210 1687 1236; x_wconf 77' lang='lat' dir='ltr'><strong>magnum,</strong></span> <span class='ocrx_word' id='word_1_402' title='bbox 1707 1207 1734 1229; x_wconf 84' lang='lat' dir='ltr'><strong>et</strong></span> <span class='ocrx_word' id='word_1_403' title='bbox 1751 1209 1810 1228; x_wconf 80' lang='lat' dir='ltr'><strong>ma—</strong></span> 
     </span>
    </p>
   </div>
   <div class='ocr_carea' id='block_1_56' title="bbox 1023 1248 1809 1285">
    <p class='ocr_par' dir='ltr' id='par_1_56' title="bbox 1023 1248 1809 1285">
     <span class='ocr_line' id='line_1_56' title="bbox 1023 1248 1809 1285; baseline -0.001 -9"><span class='ocrx_word' id='word_1_404' title='bbox 1023 1257 1104 1284; x_wconf 81' lang='lat' dir='ltr'><strong>gnum</strong></span> <span class='ocrx_word' id='word_1_405' title='bbox 1119 1249 1303 1285; x_wconf 88' lang='lat' dir='ltr'><strong>jurantentum</strong></span> <span class='ocrx_word' id='word_1_406' title='bbox 1331 1249 1403 1281; x_wconf 80' lang='lat' dir='ltr'><strong>dico,</strong></span> <span class='ocrx_word' id='word_1_407' title='bbox 1433 1249 1524 1284; x_wconf 85' lang='lat' dir='ltr'><strong>diique</strong></span> <span class='ocrx_word' id='word_1_408' title='bbox 1549 1252 1632 1275; x_wconf 72' lang='lat' dir='ltr'><strong>testes</strong></span> <span class='ocrx_word' id='word_1_409' title='bbox 1658 1248 1722 1280; x_wconf 88' lang='lat' dir='ltr'><strong>sint,</strong></span> <span class='ocrx_word' id='word_1_410' title='bbox 1738 1249 1809 1283; x_wconf 91' lang='lat' dir='ltr'><strong>quod</strong></span> 
     </span>
    </p>
   </div>
   <div class='ocr_carea' id='block_1_57' title="bbox 1025 1294 1809 1330">
    <p class='ocr_par' dir='ltr' id='par_1_57' title="bbox 1025 1294 1809 1330">
     <span class='ocr_line' id='line_1_57' title="bbox 1025 1294 1809 1330; baseline -0.003 -8"><span class='ocrx_word' id='word_1_411' title='bbox 1025 1303 1078 1322; x_wconf 94' lang='lat' dir='ltr'><strong>non</strong></span> <span class='ocrx_word' id='word_1_412' title='bbox 1096 1295 1132 1322; x_wconf 90' lang='lat' dir='ltr'><strong>ita</strong></span> <span class='ocrx_word' id='word_1_413' title='bbox 1145 1296 1180 1322; x_wconf 88' lang='lat' dir='ltr'><strong>sit</strong></span> <span class='ocrx_word' id='word_1_414' title='bbox 1193 1296 1262 1330; x_wconf 90' lang='lat' dir='ltr'><strong>apud</strong></span> <span class='ocrx_word' id='word_1_415' title='bbox 1284 1303 1332 1323; x_wconf 93' lang='lat' dir='ltr'><strong>nos</strong></span> <span class='ocrx_word' id='word_1_416' title='bbox 1347 1300 1375 1322; x_wconf 92' lang='lat' dir='ltr'><strong>ut</strong></span> <span class='ocrx_word' id='word_1_417' title='bbox 1390 1294 1487 1322; x_wconf 85' lang='lat' dir='ltr'><strong>alicubi</strong></span> <span class='ocrx_word' id='word_1_418' title='bbox 1513 1294 1683 1322; x_wconf 77' lang='lat' dir='ltr'><strong>ailirmatnr:</strong></span> <span class='ocrx_word' id='word_1_419' title='bbox 1700 1294 1726 1320; x_wconf 89' lang='lat' dir='ltr'><strong>itt</strong></span> <span class='ocrx_word' id='word_1_420' title='bbox 1743 1295 1809 1320; x_wconf 87' lang='lat' dir='ltr'><strong>anti-</strong></span> 
     </span>
    </p>
   </div>
   <div class='ocr_carea' id='block_1_58' title="bbox 1024 1340 1808 1368">
    <p class='ocr_par' dir='ltr' id='par_1_58' title="bbox 1024 1340 1808 1368">
     <span class='ocr_line' id='line_1_58' title="bbox 1024 1340 1808 1368; baseline -0.001 -1"><span class='ocrx_word' id='word_1_421' title='bbox 1024 1341 1088 1368; x_wconf 82' lang='lat' dir='ltr'><strong>citia</strong></span> <span class='ocrx_word' id='word_1_422' title='bbox 1106 1346 1198 1368; x_wconf 87' lang='lat' dir='ltr'><strong>nostra</strong></span> <span class='ocrx_word' id='word_1_423' title='bbox 1211 1348 1367 1368; x_wconf 88' lang='lat' dir='ltr'><strong>reveremur</strong></span> <span class='ocrx_word' id='word_1_424' title='bbox 1382 1346 1407 1368; x_wconf 88' lang='lat' dir='ltr'><strong>et</strong></span> <span class='ocrx_word' id='word_1_425' title='bbox 1421 1341 1592 1368; x_wconf 83' lang='lat' dir='ltr'><strong>meminimus</strong></span> <span class='ocrx_word' id='word_1_426' title='bbox 1610 1340 1808 1367; x_wconf 86' lang='lat' dir='ltr'><strong>amicissimos:</strong></span> 
     </span>
    </p>
   </div>
   <div class='ocr_carea' id='block_1_59' title="bbox 1025 1385 1809 1422">
    <p class='ocr_par' dir='ltr' id='par_1_59' title="bbox 1025 1385 1809 1422">
     <span class='ocr_line' id='line_1_59' title="bbox 1025 1385 1809 1422; baseline -0.001 -9"><span class='ocrx_word' id='word_1_427' title='bbox 1025 1387 1089 1422; x_wconf 90' lang='lat' dir='ltr'><strong>quid</strong></span> <span class='ocrx_word' id='word_1_428' title='bbox 1109 1387 1201 1422; x_wconf 80' lang='lat' dir='ltr'><strong>igitur,</strong></span> <span class='ocrx_word' id='word_1_429' title='bbox 1220 1386 1298 1419; x_wconf 66' lang='lat' dir='ltr'><strong>diris,</strong></span> <span class='ocrx_word' id='word_1_430' title='bbox 1322 1387 1373 1414; x_wconf 91' lang='lat' dir='ltr'><strong>hoc</strong></span> <span class='ocrx_word' id='word_1_431' title='bbox 1393 1386 1554 1413; x_wconf 82' lang='lat' dir='ltr'><strong>silentium?</strong></span> <span class='ocrx_word' id='word_1_432' title='bbox 1571 1386 1650 1413; x_wconf 70' lang='lat' dir='ltr'><strong>timeo</strong></span> <span class='ocrx_word' id='word_1_433' title='bbox 1666 1394 1700 1412; x_wconf 84' lang='lat' dir='ltr'><strong>ne</strong></span> <span class='ocrx_word' id='word_1_434' title='bbox 1717 1385 1809 1419; x_wconf 79' lang='lat' dir='ltr'><strong>iniqua</strong></span> 
     </span>
    </p>
   </div>
   <div class='ocr_carea' id='block_1_60' title="bbox 1027 1431 1812 1465">
    <p class='ocr_par' dir='ltr' id='par_1_60' title="bbox 1027 1431 1812 1465">
     <span class='ocr_line' id='line_1_60' title="bbox 1027 1431 1812 1465; baseline -0.001 -7"><span class='ocrx_word' id='word_1_435' title='bbox 1027 1431 1134 1459; x_wconf 79' lang='lat' dir='ltr'><strong>fortuna</strong></span> <span class='ocrx_word' id='word_1_436' title='bbox 1160 1432 1186 1458; x_wconf 89' lang='lat' dir='ltr'><strong>itt</strong></span> <span class='ocrx_word' id='word_1_437' title='bbox 1205 1440 1280 1458; x_wconf 77' lang='lat' dir='ltr'><strong>meos</strong></span> <span class='ocrx_word' id='word_1_438' title='bbox 1295 1432 1401 1465; x_wconf 76' lang='lat' dir='ltr'><strong>gentiles</strong></span> <span class='ocrx_word' id='word_1_439' title='bbox 1425 1431 1587 1458; x_wconf 75' lang='lat' dir='ltr'><strong>invehatur:</strong></span> <span class='ocrx_word' id='word_1_440' title='bbox 1607 1436 1632 1458; x_wconf 83' lang='lat' dir='ltr'><strong>et</strong></span> <span class='ocrx_word' id='word_1_441' title='bbox 1646 1431 1678 1457; x_wconf 82' lang='lat' dir='ltr'><strong>ad</strong></span> <span class='ocrx_word' id='word_1_442' title='bbox 1694 1436 1719 1458; x_wconf 81' lang='lat' dir='ltr'><strong>te</strong></span> <span class='ocrx_word' id='word_1_443' title='bbox 1736 1439 1812 1457; x_wconf 65' lang='lat' dir='ltr'><strong>meas</strong></span> 
     </span>
    </p>
   </div>
   <div class='ocr_carea' id='block_1_61' title="bbox 187 1475 974 1516">
    <p class='ocr_par' dir='ltr' id='par_1_61' title="bbox 187 1479 972 1516">
     <span class='ocr_line' id='line_1_61' title="bbox 187 1479 972 1516; baseline 0.003 -11"><span class='ocrx_word' id='word_1_444' title='bbox 187 1487 240 1505; x_wconf 87' lang='grc' dir='ltr'><strong>νων</strong></span> <span class='ocrx_word' id='word_1_445' title='bbox 270 1479 373 1511; x_wconf 85' lang='grc' dir='ltr'>ταύτας</span> <span class='ocrx_word' id='word_1_446' title='bbox 404 1480 556 1516; x_wconf 73' lang='grc' dir='ltr'>ἠνέγκαντο</span> <span class='ocrx_word' id='word_1_447' title='bbox 582 1482 683 1516; x_wconf 86' lang='grc' dir='ltr'>χεῖρες,</span> <span class='ocrx_word' id='word_1_448' title='bbox 709 1480 878 1514; x_wconf 83' lang='grc' dir='ltr'>ἀγνοούντων</span> <span class='ocrx_word' id='word_1_449' title='bbox 900 1481 972 1513; x_wconf 86' lang='grc' dir='ltr'>τίνες</span> 
     </span>
    </p>
   </div>
   <div class='ocr_carea' id='block_1_62' title="bbox 1028 1475 1813 1516">
    <p class='ocr_par' dir='ltr' id='par_1_62' title="bbox 1028 1475 1813 1506">
     <span class='ocr_line' id='line_1_62' title="bbox 1028 1475 1813 1506; baseline -0.001 -1"><span class='ocrx_word' id='word_1_450' title='bbox 1028 1479 1103 1506; x_wconf 91' lang='lat' dir='ltr'><strong>mitto</strong></span> <span class='ocrx_word' id='word_1_451' title='bbox 1121 1478 1190 1505; x_wconf 79' lang='lat' dir='ltr'><strong>ﬁlias</strong></span> <span class='ocrx_word' id='word_1_452' title='bbox 1209 1482 1238 1504; x_wconf 89' lang='lat' dir='ltr'><strong>ut</strong></span> <span class='ocrx_word' id='word_1_453' title='bbox 1259 1478 1305 1505; x_wconf 90' lang='lat' dir='ltr'><strong>tibi</strong></span> <span class='ocrx_word' id='word_1_454' title='bbox 1332 1477 1413 1504; x_wconf 82' lang='lat' dir='ltr'><strong>aliam</strong></span> <span class='ocrx_word' id='word_1_455' title='bbox 1441 1479 1520 1505; x_wconf 90' lang='lat' dir='ltr'><strong>tttodo</strong></span> <span class='ocrx_word' id='word_1_456' title='bbox 1547 1479 1660 1505; x_wconf 81' lang='lat' dir='ltr'><strong>ferant:</strong></span> <span class='ocrx_word' id='word_1_457' title='bbox 1687 1482 1714 1504; x_wconf 83' lang='lat' dir='ltr'><strong>et</strong></span> <span class='ocrx_word' id='word_1_458' title='bbox 1742 1475 1813 1504; x_wconf 68' lang='lat' dir='ltr'><strong>furta</strong></span> 
     </span>
    </p>
   </div>
   <div class='ocr_carea' id='block_1_63' title="bbox 187 1521 973 1562">
    <p class='ocr_par' dir='ltr' id='par_1_63' title="bbox 187 1521 973 1562">
     <span class='ocr_line' id='line_1_63' title="bbox 187 1521 973 1562; baseline 0.003 -11"><span class='ocrx_word' id='word_1_459' title='bbox 187 1521 267 1551; x_wconf 73' lang='grc' dir='ltr'>αὗται</span> <span class='ocrx_word' id='word_1_460' title='bbox 291 1526 337 1552; x_wconf 80' lang='grc' dir='ltr'>καὶ</span> <span class='ocrx_word' id='word_1_461' title='bbox 362 1526 460 1552; x_wconf 75' lang='grc' dir='ltr'>πόθεν·</span> <span class='ocrx_word' id='word_1_462' title='bbox 494 1526 562 1553; x_wconf 83' lang='grc' dir='ltr'>ἀλλὰ</span> <span class='ocrx_word' id='word_1_463' title='bbox 589 1526 644 1561; x_wconf 87' lang='grc' dir='ltr'><strong>γὰρ</strong></span> <span class='ocrx_word' id='word_1_464' title='bbox 666 1526 774 1562; x_wconf 83' lang='grc' dir='ltr'>ἀτυχὼν</span> <span class='ocrx_word' id='word_1_465' title='bbox 801 1527 849 1553; x_wconf 66' lang='grc' dir='ltr'><strong>ἐπὶ</strong></span> <span class='ocrx_word' id='word_1_466' title='bbox 860 1526 973 1559; x_wconf 79' lang='grc' dir='ltr'>ταύταις</span> 
     </span>
    </p>
   </div>
   <div class='ocr_carea' id='block_1_64' title="bbox 188 1565 973 1606">
    <p class='ocr_par' dir='ltr' id='par_1_64' title="bbox 188 1565 973 1606">
     <span class='ocr_line' id='line_1_64' title="bbox 188 1565 973 1606; baseline 0.005 -12"><span class='ocrx_word' id='word_1_467' title='bbox 188 1569 235 1595; x_wconf 69' lang='grc' dir='ltr'><strong>καὶ</strong></span> <span class='ocrx_word' id='word_1_468' title='bbox 259 1569 394 1604; x_wconf 81' lang='grc' dir='ltr'>ἀγνώμων</span> <span class='ocrx_word' id='word_1_469' title='bbox 420 1565 541 1596; x_wconf 63' lang='grc' dir='ltr'>ἐδόκουν</span> <span class='ocrx_word' id='word_1_470' title='bbox 556 1571 603 1596; x_wconf 75' lang='grc' dir='ltr'>καὶ</span> <span class='ocrx_word' id='word_1_471' title='bbox 624 1569 765 1606; x_wconf 78' lang='grc' dir='ltr'>κρίνομαι·</span> <span class='ocrx_word' id='word_1_472' title='bbox 787 1570 838 1602; x_wconf 81' lang='grc' dir='ltr'><strong>τὰς</strong></span> <span class='ocrx_word' id='word_1_473' title='bbox 862 1571 912 1605; x_wconf 80' lang='grc' dir='ltr'>μὲν</span> <span class='ocrx_word' id='word_1_474' title='bbox 926 1568 973 1598; x_wconf 84' lang='grc' dir='ltr'>οὖν</span> 
     </span>
    </p>
   </div>
   <div class='ocr_carea' id='block_1_65' title="bbox 187 1614 974 1652">
    <p class='ocr_par' dir='ltr' id='par_1_65' title="bbox 187 1614 974 1652">
     <span class='ocr_line' id='line_1_65' title="bbox 187 1614 974 1652; baseline 0.001 -10"><span class='ocrx_word' id='word_1_475' title='bbox 187 1614 271 1646; x_wconf 76' lang='grc' dir='ltr'>ἄλλας</span> <span class='ocrx_word' id='word_1_476' title='bbox 299 1615 340 1646; x_wconf 86' lang='grc' dir='ltr'><strong>τίς</strong></span> <span class='ocrx_word' id='word_1_477' title='bbox 357 1615 390 1642; x_wconf 83' lang='grc' dir='ltr'>ἄν</span> <span class='ocrx_word' id='word_1_478' title='bbox 406 1624 448 1647; x_wconf 87' lang='grc' dir='ltr'><strong>τις</strong></span> <span class='ocrx_word' id='word_1_479' title='bbox 469 1615 568 1651; x_wconf 80' lang='grc' dir='ltr'>ἀνιῷτο</span> <span class='ocrx_word' id='word_1_480' title='bbox 579 1615 665 1649; x_wconf 81' lang='grc' dir='ltr'>λέγων</span> <span class='ocrx_word' id='word_1_481' title='bbox 678 1624 684 1631; x_wconf 76' lang='grc' dir='ltr'><strong>ι</strong></span> <span class='ocrx_word' id='word_1_482' title='bbox 699 1616 768 1642; x_wconf 80' lang='grc' dir='ltr'><strong>ἀλλά</strong></span> <span class='ocrx_word' id='word_1_483' title='bbox 783 1616 845 1652; x_wconf 81' lang='grc' dir='ltr'><strong>χοές</strong></span> <span class='ocrx_word' id='word_1_484' title='bbox 860 1625 911 1644; x_wconf 80' lang='grc' dir='ltr'>που</span> <span class='ocrx_word' id='word_1_485' title='bbox 926 1616 974 1643; x_wconf 70' lang='grc' dir='ltr'>καὶ</span> 
     </span>
    </p>
   </div>
   <div class='ocr_carea' id='block_1_66' title="bbox 189 1659 974 1697">
    <p class='ocr_par' dir='ltr' id='par_1_66' title="bbox 189 1659 974 1697">
     <span class='ocr_line' id='line_1_66' title="bbox 189 1659 974 1697; baseline 0.001 -10"><span class='ocrx_word' id='word_1_486' title='bbox 189 1659 285 1696; x_wconf 84' lang='grc' dir='ltr'>πρώην</span> <span class='ocrx_word' id='word_1_487' title='bbox 300 1661 400 1696; x_wconf 71' lang='grc' dir='ltr'>ἐστάλη</span> <span class='ocrx_word' id='word_1_488' title='bbox 411 1669 454 1692; x_wconf 87' lang='grc' dir='ltr'><strong>τις</strong></span> <span class='ocrx_word' id='word_1_489' title='bbox 468 1661 505 1692; x_wconf 83' lang='grc' dir='ltr'>ὡς</span> <span class='ocrx_word' id='word_1_490' title='bbox 522 1662 561 1692; x_wconf 81' lang='grc' dir='ltr'>σὲ,</span> <span class='ocrx_word' id='word_1_491' title='bbox 576 1661 639 1693; x_wconf 81' lang='grc' dir='ltr'>τοὺς</span> <span class='ocrx_word' id='word_1_492' title='bbox 654 1661 738 1697; x_wconf 76' lang='grc' dir='ltr'>ἐμοὺς</span> <span class='ocrx_word' id='word_1_493' title='bbox 751 1662 858 1696; x_wconf 75' lang='grc' dir='ltr'>ἀγῶνας</span> <span class='ocrx_word' id='word_1_494' title='bbox 865 1661 974 1697; x_wconf 87' lang='grc' dir='ltr'>διηγου-</span> 
     </span>
    </p>
   </div>
   <div class='ocr_carea' id='block_1_67' title="bbox 191 1705 975 1742">
    <p class='ocr_par' dir='ltr' id='par_1_67' title="bbox 191 1705 975 1742">
     <span class='ocr_line' id='line_1_67' title="bbox 191 1705 975 1742; baseline 0.003 -10"><span class='ocrx_word' id='word_1_495' title='bbox 191 1705 278 1741; x_wconf 79' lang='grc' dir='ltr'>μένη·</span> <span class='ocrx_word' id='word_1_496' title='bbox 302 1706 349 1733; x_wconf 74' lang='grc' dir='ltr'>καὶ</span> <span class='ocrx_word' id='word_1_497' title='bbox 365 1707 422 1739; x_wconf 85' lang='grc' dir='ltr'>νῦν,</span> <span class='ocrx_word' id='word_1_498' title='bbox 452 1707 488 1738; x_wconf 85' lang='grc' dir='ltr'><strong>ὡς</strong></span> <span class='ocrx_word' id='word_1_499' title='bbox 508 1707 590 1740; x_wconf 77' lang='grc' dir='ltr'>ἔοικε,</span> <span class='ocrx_word' id='word_1_500' title='bbox 617 1706 683 1742; x_wconf 79' lang='grc' dir='ltr'>ξένη</span> <span class='ocrx_word' id='word_1_501' title='bbox 701 1716 743 1739; x_wconf 84' lang='grc' dir='ltr'><strong>τις</strong></span> <span class='ocrx_word' id='word_1_502' title='bbox 769 1707 904 1734; x_wconf 81' lang='grc' dir='ltr'>πλανᾶται</span> <span class='ocrx_word' id='word_1_503' title='bbox 927 1707 975 1734; x_wconf 74' lang='grc' dir='ltr'>καὶ</span> 
     </span>
    </p>
   </div>
   <div class='ocr_carea' id='block_1_68' title="bbox 189 1751 975 1789">
    <p class='ocr_par' dir='ltr' id='par_1_68' title="bbox 189 1751 975 1789">
     <span class='ocr_line' id='line_1_68' title="bbox 189 1751 975 1789; baseline 0.003 -11"><span class='ocrx_word' id='word_1_504' title='bbox 189 1751 291 1787; x_wconf 77' lang='grc' dir='ltr'>ἕρημος</span> <span class='ocrx_word' id='word_1_505' title='bbox 305 1761 311 1767; x_wconf 94' lang='grc'><strong>·</strong></span> <span class='ocrx_word' id='word_1_506' title='bbox 324 1752 381 1779; x_wconf 79' lang='grc' dir='ltr'>ἀλλ’</span> <span class='ocrx_word' id='word_1_507' title='bbox 397 1753 460 1788; x_wconf 76' lang='grc' dir='ltr'>ἥκοι</span> <span class='ocrx_word' id='word_1_508' title='bbox 483 1752 548 1779; x_wconf 78' lang='grc' dir='ltr'>ποτὲ</span> <span class='ocrx_word' id='word_1_509' title='bbox 563 1754 658 1789; x_wconf 73' lang='grc' dir='ltr'>χεῖρας</span> <span class='ocrx_word' id='word_1_510' title='bbox 671 1752 708 1785; x_wconf 85' lang='grc' dir='ltr'>ὡς</span> <span class='ocrx_word' id='word_1_511' title='bbox 724 1753 784 1786; x_wconf 79' lang='grc' dir='ltr'>σὰς,</span> <span class='ocrx_word' id='word_1_512' title='bbox 799 1753 846 1780; x_wconf 67' lang='grc' dir='ltr'>καὶ</span> <span class='ocrx_word' id='word_1_513' title='bbox 861 1753 975 1789; x_wconf 81' lang='grc' dir='ltr'>εὔφραι-</span> 
     </span>
    </p>
   </div>
   <div class='ocr_carea' id='block_1_69' title="bbox 189 1798 975 1834">
    <p class='ocr_par' dir='ltr' id='par_1_69' title="bbox 189 1798 975 1834">
     <span class='ocr_line' id='line_1_69' title="bbox 189 1798 975 1834; baseline 0.001 -10"><span class='ocrx_word' id='word_1_514' title='bbox 189 1798 287 1833; x_wconf 81' lang='grc' dir='ltr'>νοίμην</span> <span class='ocrx_word' id='word_1_515' title='bbox 311 1798 444 1830; x_wconf 86' lang='grc' dir='ltr'>ἀκούσας·</span> <span class='ocrx_word' id='word_1_516' title='bbox 468 1798 503 1826; x_wconf 76' lang='grc' dir='ltr'><strong>τὰ</strong></span> <span class='ocrx_word' id='word_1_517' title='bbox 518 1799 546 1825; x_wconf 84' lang='grc' dir='ltr'>δὲ</span> <span class='ocrx_word' id='word_1_518' title='bbox 573 1799 607 1826; x_wconf 81' lang='grc' dir='ltr'>σὰ</span> <span class='ocrx_word' id='word_1_519' title='bbox 627 1798 701 1834; x_wconf 81' lang='grc' dir='ltr'>δῶρα</span> <span class='ocrx_word' id='word_1_520' title='bbox 716 1798 806 1825; x_wconf 82' lang='grc' dir='ltr'>λαϐὼν</span> <span class='ocrx_word' id='word_1_521' title='bbox 828 1799 916 1834; x_wconf 80' lang='grc' dir='ltr'>ἧσο-ην</span> <span class='ocrx_word' id='word_1_522' title='bbox 929 1799 975 1825; x_wconf 73' lang='grc' dir='ltr'><strong>ἐπὶ</strong></span> 
     </span>
    </p>
   </div>
   <div class='ocr_carea' id='block_1_70' title="bbox 189 1842 975 1881">
    <p class='ocr_par' dir='ltr' id='par_1_70' title="bbox 189 1842 975 1881">
     <span class='ocr_line' id='line_1_70' title="bbox 189 1842 975 1881; baseline 0.001 -11"><span class='ocrx_word' id='word_1_523' title='bbox 189 1843 305 1876; x_wconf 75' lang='grc' dir='ltr'>τούτοις,</span> <span class='ocrx_word' id='word_1_524' title='bbox 318 1845 365 1880; x_wconf 75' lang='grc' dir='ltr'><strong>οὐχ</strong></span> <span class='ocrx_word' id='word_1_525' title='bbox 378 1842 458 1881; x_wconf 82' lang='grc' dir='ltr'>ἦττον</span> <span class='ocrx_word' id='word_1_526' title='bbox 469 1845 485 1880; x_wconf 89' lang='grc' dir='ltr'>ή</span> <span class='ocrx_word' id='word_1_527' title='bbox 503 1845 648 1877; x_wconf 79' lang='grc' dir='ltr'>Ὀδυσσεὺς</span> <span class='ocrx_word' id='word_1_528' title='bbox 660 1845 709 1880; x_wconf 85' lang='grc' dir='ltr'>μὲν</span> <span class='ocrx_word' id='word_1_529' title='bbox 721 1844 860 1872; x_wconf 76' lang='grc' dir='ltr'>Ἀλκινόου</span> <span class='ocrx_word' id='word_1_530' title='bbox 871 1845 975 1880; x_wconf 80' lang='grc' dir='ltr'>φιλοτι-</span> 
     </span>
    </p>
   </div>
   <div class='ocr_carea' id='block_1_71' title="bbox 193 1888 976 1926">
    <p class='ocr_par' dir='ltr' id='par_1_71' title="bbox 193 1888 976 1926">
     <span class='ocr_line' id='line_1_71' title="bbox 193 1888 976 1926; baseline 0.003 -11"><span class='ocrx_word' id='word_1_531' title='bbox 193 1889 257 1925; x_wconf 89' lang='grc' dir='ltr'>μίαν</span> <span class='ocrx_word' id='word_1_532' title='bbox 270 1890 355 1925; x_wconf 71' lang='grc' dir='ltr'>6ρῶν¹</span> <span class='ocrx_word' id='word_1_533' title='bbox 374 1890 433 1916; x_wconf 71' lang='grc' dir='ltr'>ἐκεῖ</span> <span class='ocrx_word' id='word_1_534' title='bbox 446 1890 495 1925; x_wconf 82' lang='grc' dir='ltr'>μὲν</span> <span class='ocrx_word' id='word_1_535' title='bbox 508 1890 562 1925; x_wconf 85' lang='grc' dir='ltr'><strong>γὰρ</strong></span> <span class='ocrx_word' id='word_1_536' title='bbox 574 1891 604 1917; x_wconf 80' lang='grc' dir='ltr'>τὸ</span> <span class='ocrx_word' id='word_1_537' title='bbox 614 1890 709 1920; x_wconf 74' lang='grc' dir='ltr'>λαϐεῖν</span> <span class='ocrx_word' id='word_1_538' title='bbox 723 1888 780 1926; x_wconf 74' lang='grc' dir='ltr'>εἷχε</span> <span class='ocrx_word' id='word_1_539' title='bbox 796 1890 892 1926; x_wconf 83' lang='grc' dir='ltr'>μόνην,</span> <span class='ocrx_word' id='word_1_540' title='bbox 911 1889 976 1926; x_wconf 89' lang='grc' dir='ltr'>παρ’</span> 
     </span>
    </p>
   </div>
   <div class='ocr_carea' id='block_1_72' title="bbox 190 1935 978 1972">
    <p class='ocr_par' dir='ltr' id='par_1_72' title="bbox 190 1935 978 1972">
     <span class='ocr_line' id='line_1_72' title="bbox 190 1935 978 1972; baseline 0.001 -10"><span class='ocrx_word' id='word_1_541' title='bbox 190 1936 258 1972; x_wconf 78' lang='grc' dir='ltr'>ἡμῖν</span> <span class='ocrx_word' id='word_1_542' title='bbox 280 1936 309 1962; x_wconf 80' lang='grc' dir='ltr'>δὲ</span> <span class='ocrx_word' id='word_1_543' title='bbox 333 1935 434 1972; x_wconf 84' lang='grc' dir='ltr'>ἄμφω·</span> <span class='ocrx_word' id='word_1_544' title='bbox 461 1936 502 1963; x_wconf 82' lang='grc' dir='ltr'>ὅτι</span> <span class='ocrx_word' id='word_1_545' title='bbox 526 1937 558 1964; x_wconf 82' lang='grc' dir='ltr'>σὺ</span> <span class='ocrx_word' id='word_1_546' title='bbox 587 1936 638 1972; x_wconf 78' lang='grc' dir='ltr'>μὲν</span> <span class='ocrx_word' id='word_1_547' title='bbox 665 1935 754 1971; x_wconf 81' lang='grc' dir='ltr'>δίδως,</span> <span class='ocrx_word' id='word_1_548' title='bbox 789 1935 845 1970; x_wconf 72' lang='grc' dir='ltr'><strong>ἐγὼ</strong></span> <span class='ocrx_word' id='word_1_549' title='bbox 863 1935 892 1963; x_wconf 80' lang='grc' dir='ltr'>δὲ</span> <span class='ocrx_word' id='word_1_550' title='bbox 907 1935 978 1972; x_wconf 87' lang='grc' dir='ltr'>λαμ-</span> 
     </span>
    </p>
   </div>
   <div class='ocr_carea' id='block_1_73' title="bbox 191 1982 275 2010">
    <p class='ocr_par' dir='ltr' id='par_1_73' title="bbox 191 1982 275 2010">
     <span class='ocr_line' id='line_1_73' title="bbox 191 1982 275 2010; baseline 0.012 -1"><span class='ocrx_word' id='word_1_551' title='bbox 191 1982 275 2010; x_wconf 76' lang='grc' dir='ltr'>δάνω.</span> 
     </span>
    </p>
   </div>
   <div class='ocr_carea' id='block_1_74' title="bbox 458 2025 720 2063">
    <p class='ocr_par' dir='ltr' id='par_1_74' title="bbox 458 2025 720 2063">
     <span class='ocr_line' id='line_1_74' title="bbox 458 2025 720 2063; baseline 0 -9"><span class='ocrx_word' id='word_1_552' title='bbox 458 2027 517 2054; x_wconf 71' lang='grc' dir='ltr'>[ιε’.</span> <span class='ocrx_word' id='word_1_553' title='bbox 548 2025 720 2063; x_wconf 80' lang='grc' dir='ltr'><strong>ΕΠΙΦΑΝῘῼ.</strong></span> 
     </span>
    </p>
   </div>
   <div class='ocr_carea' id='block_1_75' title="bbox 227 2072 979 2110">
    <p class='ocr_par' dir='ltr' id='par_1_75' title="bbox 227 2072 979 2110">
     <span class='ocr_line' id='line_1_75' title="bbox 227 2072 979 2110; baseline -0.001 -9"><span class='ocrx_word' id='word_1_554' title='bbox 227 2074 392 2110; x_wconf 82' lang='grc' dir='ltr'>Ἕτισιγᾷς;</span> <span class='ocrx_word' id='word_1_555' title='bbox 410 2073 449 2100; x_wconf 79' lang='grc' dir='ltr'>ἔτι</span> <span class='ocrx_word' id='word_1_556' title='bbox 462 2073 516 2100; x_wconf 86' lang='grc' dir='ltr'><strong>τῶν</strong></span> <span class='ocrx_word' id='word_1_557' title='bbox 531 2073 748 2109; x_wconf 66' lang='grc' dir='ltr'>ἀπερριμμένων</span> <span class='ocrx_word' id='word_1_558' title='bbox 758 2072 837 2109; x_wconf 78' lang='grc' dir='ltr'>ἡμεῖς</span> <span class='ocrx_word' id='word_1_559' title='bbox 850 2081 857 2106; x_wconf 90' lang='lat'><strong>;</strong></span> <span class='ocrx_word' id='word_1_560' title='bbox 873 2073 934 2100; x_wconf 72' lang='grc' dir='ltr'>οὐδὲ</span> <span class='ocrx_word' id='word_1_561' title='bbox 948 2081 979 2100; x_wconf 88' lang='grc' dir='ltr'><strong>σε</strong></span> 
     </span>
    </p>
   </div>
   <div class='ocr_carea' id='block_1_76' title="bbox 1025 1523 1812 1558">
    <p class='ocr_par' dir='ltr' id='par_1_76' title="bbox 1025 1523 1812 1558">
     <span class='ocr_line' id='line_1_76' title="bbox 1025 1523 1812 1558; baseline -0.001 -7"><span class='ocrx_word' id='word_1_562' title='bbox 1025 1532 1122 1552; x_wconf 87' lang='lat' dir='ltr'><strong>tnanus</strong></span> <span class='ocrx_word' id='word_1_563' title='bbox 1141 1524 1291 1552; x_wconf 85' lang='lat' dir='ltr'><strong>alienorum</strong></span> <span class='ocrx_word' id='word_1_564' title='bbox 1310 1524 1375 1551; x_wconf 88' lang='lat' dir='ltr'><strong>istas</strong></span> <span class='ocrx_word' id='word_1_565' title='bbox 1400 1524 1520 1551; x_wconf 85' lang='lat' dir='ltr'><strong>tulerunt</strong></span> <span class='ocrx_word' id='word_1_566' title='bbox 1542 1523 1587 1558; x_wconf 89' lang='lat' dir='ltr'><strong>qui</strong></span> <span class='ocrx_word' id='word_1_567' title='bbox 1611 1530 1670 1558; x_wconf 70' lang='lat' dir='ltr'><strong>qua:</strong></span> <span class='ocrx_word' id='word_1_568' title='bbox 1691 1527 1718 1549; x_wconf 82' lang='lat' dir='ltr'><strong>et</strong></span> <span class='ocrx_word' id='word_1_569' title='bbox 1740 1523 1812 1550; x_wconf 79' lang='lat' dir='ltr'><strong>unde</strong></span> 
     </span>
    </p>
   </div>
   <div class='ocr_carea' id='block_1_77' title="bbox 1024 1568 1812 1605">
    <p class='ocr_par' dir='ltr' id='par_1_77' title="bbox 1024 1568 1812 1605">
     <span class='ocr_line' id='line_1_77' title="bbox 1024 1568 1812 1605; baseline -0.005 -7"><span class='ocrx_word' id='word_1_570' title='bbox 1024 1575 1116 1598; x_wconf 79' lang='lat' dir='ltr'><strong>essent</strong></span> <span class='ocrx_word' id='word_1_571' title='bbox 1130 1570 1290 1605; x_wconf 70' lang='lat' dir='ltr'><strong>ignorabant</strong></span> <span class='ocrx_word' id='word_1_572' title='bbox 1307 1579 1313 1597; x_wconf 88' lang='lat'>:</span> <span class='ocrx_word' id='word_1_573' title='bbox 1330 1570 1376 1596; x_wconf 86' lang='lat' dir='ltr'><strong>sed</strong></span> <span class='ocrx_word' id='word_1_574' title='bbox 1392 1570 1462 1596; x_wconf 87' lang='lat' dir='ltr'><strong>enim</strong></span> <span class='ocrx_word' id='word_1_575' title='bbox 1484 1569 1575 1596; x_wconf 66' lang='lat' dir='ltr'><strong>infelix</strong></span> <span class='ocrx_word' id='word_1_576' title='bbox 1605 1569 1637 1596; x_wconf 86' lang='lat' dir='ltr'><strong>de</strong></span> <span class='ocrx_word' id='word_1_577' title='bbox 1656 1569 1697 1596; x_wconf 74' lang='lat' dir='ltr'><strong>his</strong></span> <span class='ocrx_word' id='word_1_578' title='bbox 1720 1572 1747 1595; x_wconf 86' lang='lat' dir='ltr'><strong>et</strong></span> <span class='ocrx_word' id='word_1_579' title='bbox 1762 1568 1812 1595; x_wconf 88' lang='lat' dir='ltr'><strong>int-</strong></span> 
     </span>
    </p>
   </div>
   <div class='ocr_carea' id='block_1_78' title="bbox 1025 1613 1814 1651">
    <p class='ocr_par' dir='ltr' id='par_1_78' title="bbox 1025 1613 1814 1651">
     <span class='ocr_line' id='line_1_78' title="bbox 1025 1613 1814 1651; baseline -0.003 -9"><span class='ocrx_word' id='word_1_580' title='bbox 1025 1616 1142 1651; x_wconf 75' lang='lat' dir='ltr'><strong>prudens</strong></span> <span class='ocrx_word' id='word_1_581' title='bbox 1164 1615 1276 1642; x_wconf 78' lang='lat' dir='ltr'><strong>videbar</strong></span> <span class='ocrx_word' id='word_1_582' title='bbox 1297 1619 1324 1642; x_wconf 88' lang='lat' dir='ltr'><strong>ct</strong></span> <span class='ocrx_word' id='word_1_583' title='bbox 1340 1614 1447 1648; x_wconf 88' lang='lat' dir='ltr'><strong>jndicor</strong></span> <span class='ocrx_word' id='word_1_584' title='bbox 1468 1624 1474 1642; x_wconf 90' lang='lat'>:</span> <span class='ocrx_word' id='word_1_585' title='bbox 1498 1615 1565 1641; x_wconf 76' lang='lat' dir='ltr'><strong>alias</strong></span> <span class='ocrx_word' id='word_1_586' title='bbox 1597 1614 1706 1648; x_wconf 84' lang='lat' dir='ltr'><strong>quidem</strong></span> <span class='ocrx_word' id='word_1_587' title='bbox 1732 1613 1814 1649; x_wconf 77' lang='lat' dir='ltr'><strong>igitur</strong></span> 
     </span>
    </p>
   </div>
   <div class='ocr_carea' id='block_1_79' title="bbox 1024 1660 1812 1696">
    <p class='ocr_par' dir='ltr' id='par_1_79' title="bbox 1024 1660 1812 1696">
     <span class='ocr_line' id='line_1_79' title="bbox 1024 1660 1812 1696; baseline -0.001 -9"><span class='ocrx_word' id='word_1_588' title='bbox 1024 1662 1085 1696; x_wconf 86' lang='lat' dir='ltr'><strong>quis</strong></span> <span class='ocrx_word' id='word_1_589' title='bbox 1109 1661 1291 1688; x_wconf 77' lang='lat' dir='ltr'><strong>olfcttderetur</strong></span> <span class='ocrx_word' id='word_1_590' title='bbox 1310 1661 1421 1696; x_wconf 47' lang='lat' dir='ltr'><strong>legens?</strong></span> <span class='ocrx_word' id='word_1_591' title='bbox 1443 1661 1489 1688; x_wconf 90' lang='lat' dir='ltr'><strong>sed</strong></span> <span class='ocrx_word' id='word_1_592' title='bbox 1511 1661 1566 1687; x_wconf 84' lang='lat' dir='ltr'><strong>lteri</strong></span> <span class='ocrx_word' id='word_1_593' title='bbox 1583 1665 1609 1686; x_wconf 86' lang='lat' dir='ltr'><strong>et</strong></span> <span class='ocrx_word' id='word_1_594' title='bbox 1628 1665 1708 1687; x_wconf 87' lang='lat' dir='ltr'><strong>antea</strong></span> <span class='ocrx_word' id='word_1_595' title='bbox 1730 1660 1812 1687; x_wconf 80' lang='lat' dir='ltr'><strong>missa</strong></span> 
     </span>
    </p>
   </div>
   <div class='ocr_carea' id='block_1_80' title="bbox 1025 1707 1814 1742">
    <p class='ocr_par' dir='ltr' id='par_1_80' title="bbox 1025 1707 1814 1742">
     <span class='ocr_line' id='line_1_80' title="bbox 1025 1707 1814 1742; baseline -0.004 -8"><span class='ocrx_word' id='word_1_596' title='bbox 1025 1707 1075 1734; x_wconf 89' lang='lat' dir='ltr'><strong>fuit.</strong></span> <span class='ocrx_word' id='word_1_597' title='bbox 1089 1715 1141 1734; x_wconf 87' lang='lat' dir='ltr'><strong>una</strong></span> <span class='ocrx_word' id='word_1_598' title='bbox 1154 1715 1214 1742; x_wconf 78' lang='lat' dir='ltr'><strong>qua:</strong></span> <span class='ocrx_word' id='word_1_599' title='bbox 1233 1713 1257 1734; x_wconf 89' lang='lat' dir='ltr'><strong>te</strong></span> <span class='ocrx_word' id='word_1_600' title='bbox 1274 1715 1331 1734; x_wconf 86' lang='lat' dir='ltr'><strong>utea</strong></span> <span class='ocrx_word' id='word_1_601' title='bbox 1345 1708 1495 1734; x_wconf 72' lang='lat' dir='ltr'><strong>cettatttina</strong></span> <span class='ocrx_word' id='word_1_602' title='bbox 1513 1707 1643 1733; x_wconf 75' lang='lat' dir='ltr'><strong>doceret:</strong></span> <span class='ocrx_word' id='word_1_603' title='bbox 1659 1710 1686 1732; x_wconf 87' lang='lat' dir='ltr'><strong>et</strong></span> <span class='ocrx_word' id='word_1_604' title='bbox 1699 1713 1770 1732; x_wconf 89' lang='lat' dir='ltr'><strong>ttttttc</strong></span> <span class='ocrx_word' id='word_1_605' title='bbox 1785 1709 1814 1732; x_wconf 87' lang='lat' dir='ltr'><strong>ut</strong></span> 
     </span>
    </p>
   </div>
   <div class='ocr_carea' id='block_1_81' title="bbox 1026 1750 1812 1789">
    <p class='ocr_par' dir='ltr' id='par_1_81' title="bbox 1026 1750 1812 1789">
     <span class='ocr_line' id='line_1_81' title="bbox 1026 1750 1812 1789; baseline -0.004 -9"><span class='ocrx_word' id='word_1_606' title='bbox 1026 1760 1149 1788; x_wconf 80' lang='lat' dir='ltr'><strong>apparet,</strong></span> <span class='ocrx_word' id='word_1_607' title='bbox 1170 1754 1312 1789; x_wconf 77' lang='lat' dir='ltr'><strong>peregrina</strong></span> <span class='ocrx_word' id='word_1_608' title='bbox 1331 1759 1406 1781; x_wconf 80' lang='lat' dir='ltr'><strong>errat</strong></span> <span class='ocrx_word' id='word_1_609' title='bbox 1427 1759 1454 1781; x_wconf 86' lang='lat' dir='ltr'><strong>et</strong></span> <span class='ocrx_word' id='word_1_610' title='bbox 1468 1753 1596 1780; x_wconf 76' lang='lat' dir='ltr'><strong>deserta:</strong></span> <span class='ocrx_word' id='word_1_611' title='bbox 1619 1752 1665 1779; x_wconf 87' lang='lat' dir='ltr'><strong>sed</strong></span> <span class='ocrx_word' id='word_1_612' title='bbox 1682 1751 1746 1778; x_wconf 90' lang='lat' dir='ltr'><strong>olim</strong></span> <span class='ocrx_word' id='word_1_613' title='bbox 1770 1750 1812 1778; x_wconf 81' lang='lat' dir='ltr'><strong>in—</strong></span> 
     </span>
    </p>
   </div>
   <div class='ocr_carea' id='block_1_82' title="bbox 1027 1797 1813 1833">
    <p class='ocr_par' dir='ltr' id='par_1_82' title="bbox 1027 1797 1813 1833">
     <span class='ocr_line' id='line_1_82' title="bbox 1027 1797 1813 1833; baseline -0.005 -7"><span class='ocrx_word' id='word_1_614' title='bbox 1027 1800 1099 1827; x_wconf 82' lang='lat' dir='ltr'><strong>cidat</strong></span> <span class='ocrx_word' id='word_1_615' title='bbox 1112 1799 1138 1827; x_wconf 94' lang='lat' dir='ltr'><strong>iu</strong></span> <span class='ocrx_word' id='word_1_616' title='bbox 1154 1808 1260 1833; x_wconf 81' lang='lat' dir='ltr'><strong>manus,</strong></span> <span class='ocrx_word' id='word_1_617' title='bbox 1278 1804 1305 1827; x_wconf 90' lang='lat' dir='ltr'><strong>et</strong></span> <span class='ocrx_word' id='word_1_618' title='bbox 1320 1800 1405 1827; x_wconf 86' lang='lat' dir='ltr'><strong>libens</strong></span> <span class='ocrx_word' id='word_1_619' title='bbox 1425 1800 1532 1826; x_wconf 85' lang='lat' dir='ltr'><strong>audiant</strong></span> <span class='ocrx_word' id='word_1_620' title='bbox 1547 1808 1553 1826; x_wconf 88' lang='lat'>:</span> <span class='ocrx_word' id='word_1_621' title='bbox 1573 1803 1617 1826; x_wconf 82' lang='lat' dir='ltr'><strong>tua</strong></span> <span class='ocrx_word' id='word_1_622' title='bbox 1639 1803 1729 1824; x_wconf 86' lang='lat' dir='ltr'><strong>autem</strong></span> <span class='ocrx_word' id='word_1_623' title='bbox 1744 1797 1813 1824; x_wconf 86' lang='lat' dir='ltr'><strong>dona</strong></span> 
     </span>
    </p>
   </div>
   <div class='ocr_carea' id='block_1_83' title="bbox 1027 1841 1815 1879">
    <p class='ocr_par' dir='ltr' id='par_1_83' title="bbox 1027 1841 1815 1879">
     <span class='ocr_line' id='line_1_83' title="bbox 1027 1841 1815 1879; baseline -0.001 -9"><span class='ocrx_word' id='word_1_624' title='bbox 1027 1844 1118 1879; x_wconf 87' lang='lat' dir='ltr'><strong>accepi</strong></span> <span class='ocrx_word' id='word_1_625' title='bbox 1132 1849 1159 1872; x_wconf 86' lang='lat' dir='ltr'><strong>et</strong></span> <span class='ocrx_word' id='word_1_626' title='bbox 1172 1844 1205 1871; x_wconf 92' lang='lat' dir='ltr'><strong>de</strong></span> <span class='ocrx_word' id='word_1_627' title='bbox 1218 1845 1261 1872; x_wconf 90' lang='lat' dir='ltr'><strong>his</strong></span> <span class='ocrx_word' id='word_1_628' title='bbox 1275 1844 1382 1872; x_wconf 83' lang='lat' dir='ltr'><strong>hetatus</strong></span> <span class='ocrx_word' id='word_1_629' title='bbox 1398 1852 1459 1872; x_wconf 91' lang='lat' dir='ltr'><strong>sum</strong></span> <span class='ocrx_word' id='word_1_630' title='bbox 1481 1851 1532 1871; x_wconf 88' lang='lat' dir='ltr'><strong>nou</strong></span> <span class='ocrx_word' id='word_1_631' title='bbox 1554 1843 1643 1871; x_wconf 91' lang='lat' dir='ltr'><strong>minus</strong></span> <span class='ocrx_word' id='word_1_632' title='bbox 1658 1852 1689 1869; x_wconf 85' lang='lat' dir='ltr'><strong>ac</strong></span> <span class='ocrx_word' id='word_1_633' title='bbox 1705 1841 1815 1877; x_wconf 68' lang='lat' dir='ltr'><strong>Ulysses</strong></span> 
     </span>
    </p>
   </div>
   <div class='ocr_carea' id='block_1_84' title="bbox 1027 1889 1814 1924">
    <p class='ocr_par' dir='ltr' id='par_1_84' title="bbox 1027 1889 1814 1924">
     <span class='ocr_line' id='line_1_84' title="bbox 1027 1889 1814 1924; baseline -0.005 -6"><span class='ocrx_word' id='word_1_634' title='bbox 1027 1890 1132 1918; x_wconf 83' lang='lat' dir='ltr'><strong>Alcinoi</strong></span> <span class='ocrx_word' id='word_1_635' title='bbox 1160 1891 1377 1918; x_wconf 81' lang='lat' dir='ltr'><strong>benevolentiam</strong></span> <span class='ocrx_word' id='word_1_636' title='bbox 1402 1891 1515 1918; x_wconf 86' lang='lat' dir='ltr'><strong>videns:</strong></span> <span class='ocrx_word' id='word_1_637' title='bbox 1543 1890 1587 1917; x_wconf 91' lang='lat' dir='ltr'><strong>ltic</strong></span> <span class='ocrx_word' id='word_1_638' title='bbox 1607 1889 1715 1924; x_wconf 83' lang='lat' dir='ltr'><strong>quidem</strong></span> <span class='ocrx_word' id='word_1_639' title='bbox 1741 1889 1814 1916; x_wconf 87' lang='lat' dir='ltr'><strong>enim</strong></span> 
     </span>
    </p>
   </div>
   <div class='ocr_carea' id='block_1_85' title="bbox 1028 1935 1814 1972">
    <p class='ocr_par' dir='ltr' id='par_1_85' title="bbox 1028 1935 1814 1972">
     <span class='ocr_line' id='line_1_85' title="bbox 1028 1935 1814 1972; baseline -0.003 -8"><span class='ocrx_word' id='word_1_640' title='bbox 1028 1936 1100 1964; x_wconf 90' lang='lat' dir='ltr'><strong>illam</strong></span> <span class='ocrx_word' id='word_1_641' title='bbox 1127 1937 1212 1965; x_wconf 87' lang='lat' dir='ltr'><strong>solam</strong></span> <span class='ocrx_word' id='word_1_642' title='bbox 1236 1937 1360 1972; x_wconf 86' lang='lat' dir='ltr'><strong>accipere</strong></span> <span class='ocrx_word' id='word_1_643' title='bbox 1377 1941 1445 1969; x_wconf 86' lang='lat' dir='ltr'><strong>erat,</strong></span> <span class='ocrx_word' id='word_1_644' title='bbox 1468 1936 1537 1971; x_wconf 90' lang='lat' dir='ltr'><strong>apud</strong></span> <span class='ocrx_word' id='word_1_645' title='bbox 1563 1943 1612 1963; x_wconf 78' lang='lat' dir='ltr'><strong>nos</strong></span> <span class='ocrx_word' id='word_1_646' title='bbox 1635 1940 1725 1963; x_wconf 88' lang='lat' dir='ltr'><strong>autettt</strong></span> <span class='ocrx_word' id='word_1_647' title='bbox 1741 1935 1814 1962; x_wconf 86' lang='lat' dir='ltr'><strong>duo:</strong></span> 
     </span>
    </p>
   </div>
   <div class='ocr_carea' id='block_1_86' title="bbox 1028 1982 1662 2019">
    <p class='ocr_par' dir='ltr' id='par_1_86' title="bbox 1028 1982 1662 2019">
     <span class='ocr_line' id='line_1_86' title="bbox 1028 1982 1662 2019; baseline 0 -11"><span class='ocrx_word' id='word_1_648' title='bbox 1028 1983 1127 2018; x_wconf 87' lang='lat' dir='ltr'><strong>quippe</strong></span> <span class='ocrx_word' id='word_1_649' title='bbox 1141 1983 1250 2019; x_wconf 85' lang='lat' dir='ltr'><strong>quidem</strong></span> <span class='ocrx_word' id='word_1_650' title='bbox 1267 1988 1294 2010; x_wconf 90' lang='lat' dir='ltr'><strong>tu</strong></span> <span class='ocrx_word' id='word_1_651' title='bbox 1307 1984 1366 2015; x_wconf 87' lang='lat' dir='ltr'><strong>das,</strong></span> <span class='ocrx_word' id='word_1_652' title='bbox 1380 1991 1429 2018; x_wconf 67' lang='lat' dir='ltr'><strong>ego</strong></span> <span class='ocrx_word' id='word_1_653' title='bbox 1442 1987 1533 2010; x_wconf 88' lang='lat' dir='ltr'><strong>autem</strong></span> <span class='ocrx_word' id='word_1_654' title='bbox 1546 1982 1662 2016; x_wconf 86' lang='lat' dir='ltr'><strong>accipio.</strong></span> 
     </span>
    </p>
   </div>
   <div class='ocr_carea' id='block_1_87' title="bbox 1253 2027 1585 2056">
    <p class='ocr_par' dir='ltr' id='par_1_87' title="bbox 1253 2027 1585 2056">
     <span class='ocr_line' id='line_1_87' title="bbox 1253 2027 1585 2056; baseline -0.003 -1"><span class='ocrx_word' id='word_1_655' title='bbox 1253 2028 1374 2056; x_wconf 79' lang='lat' dir='ltr'><strong>XXXIV.</strong></span> <span class='ocrx_word' id='word_1_656' title='bbox 1391 2027 1585 2056; x_wconf 83' lang='lat' dir='ltr'><strong>EPIPIlANlO.</strong></span> 
     </span>
    </p>
   </div>
   <div class='ocr_carea' id='block_1_88' title="bbox 1064 2073 1816 2108">
    <p class='ocr_par' dir='ltr' id='par_1_88' title="bbox 1064 2073 1816 2108">
     <span class='ocr_line' id='line_1_88' title="bbox 1064 2073 1816 2108; baseline -0.004 -5"><span class='ocrx_word' id='word_1_657' title='bbox 1064 2075 1160 2103; x_wconf 78' lang='lat' dir='ltr'><strong>Adhuc</strong></span> <span class='ocrx_word' id='word_1_658' title='bbox 1181 2074 1263 2103; x_wconf 75' lang='lat' dir='ltr'><strong>siles?</strong></span> <span class='ocrx_word' id='word_1_659' title='bbox 1284 2075 1372 2102; x_wconf 88' lang='lat' dir='ltr'><strong>adltue</strong></span> <span class='ocrx_word' id='word_1_660' title='bbox 1389 2075 1461 2101; x_wconf 85' lang='lat' dir='ltr'><strong>inter</strong></span> <span class='ocrx_word' id='word_1_661' title='bbox 1493 2073 1637 2108; x_wconf 87' lang='lat' dir='ltr'><strong>despectos</strong></span> <span class='ocrx_word' id='word_1_662' title='bbox 1660 2080 1709 2100; x_wconf 84' lang='lat' dir='ltr'><strong>nos</strong></span> <span class='ocrx_word' id='word_1_663' title='bbox 1732 2073 1816 2100; x_wconf 84' lang='lat' dir='ltr'><strong>hahe-</strong></span> 
     </span>
    </p>
   </div>
   <div class='ocr_carea' id='block_1_89' title="bbox 193 2118 974 2156">
    <p class='ocr_par' dir='ltr' id='par_1_89' title="bbox 193 2118 974 2156">
     <span class='ocr_line' id='line_1_89' title="bbox 193 2118 974 2156; baseline -0.003 -8"><span class='ocrx_word' id='word_1_664' title='bbox 193 2121 317 2149; x_wconf 75' lang='grc' dir='ltr'>παλαιῶν</span> <span class='ocrx_word' id='word_1_665' title='bbox 342 2121 453 2156; x_wconf 77' lang='grc' dir='ltr'>ἐρώτων</span> <span class='ocrx_word' id='word_1_666' title='bbox 480 2119 642 2155; x_wconf 76' lang='grc' dir='ltr'>ὑπεισῆλοεν</span> <span class='ocrx_word' id='word_1_667' title='bbox 668 2119 878 2156; x_wconf 72' lang='grc' dir='ltr'>υὺδένςνηλεὴς</span> <span class='ocrx_word' id='word_1_668' title='bbox 898 2118 930 2146; x_wconf 83' lang='grc' dir='ltr'>σύ</span> <span class='ocrx_word' id='word_1_669' title='bbox 945 2118 974 2154; x_wconf 83' lang='grc' dir='ltr'>γέ</span> 
     </span>
    </p>
   </div>
   <div class='ocr_carea' id='block_1_90' title="bbox 1028 2118 1818 2156">
    <p class='ocr_par' dir='ltr' id='par_1_90' title="bbox 1033 2118 1818 2155">
     <span class='ocr_line' id='line_1_90' title="bbox 1033 2118 1818 2155; baseline -0.006 -6"><span class='ocrx_word' id='word_1_670' title='bbox 1033 2122 1116 2149; x_wconf 82' lang='lat' dir='ltr'><strong>mur?</strong></span> <span class='ocrx_word' id='word_1_671' title='bbox 1140 2120 1212 2148; x_wconf 84' lang='lat' dir='ltr'><strong>Nihil</strong></span> <span class='ocrx_word' id='word_1_672' title='bbox 1230 2127 1296 2155; x_wconf 81' lang='lat' dir='ltr'><strong>ergo</strong></span> <span class='ocrx_word' id='word_1_673' title='bbox 1320 2119 1424 2154; x_wconf 86' lang='lat' dir='ltr'><strong>antiqui</strong></span> <span class='ocrx_word' id='word_1_674' title='bbox 1446 2120 1547 2147; x_wconf 79' lang='lat' dir='ltr'><strong>amoris</strong></span> <span class='ocrx_word' id='word_1_675' title='bbox 1569 2119 1652 2146; x_wconf 91' lang='lat' dir='ltr'><strong>subiit</strong></span> <span class='ocrx_word' id='word_1_676' title='bbox 1678 2118 1818 2146; x_wconf 75' lang='lat' dir='ltr'><strong>animum?</strong></span> 
     </span>
    </p>
   </div>
   <div class='ocr_carea' id='block_1_91' title="bbox 191 2165 980 2203">
    <p class='ocr_par' dir='ltr' id='par_1_91' title="bbox 191 2165 980 2203">
     <span class='ocr_line' id='line_1_91' title="bbox 191 2165 980 2203; baseline -0.005 -7"><span class='ocrx_word' id='word_1_677' title='bbox 191 2177 220 2196; x_wconf 83' lang='grc' dir='ltr'><strong>τι</strong></span> <span class='ocrx_word' id='word_1_678' title='bbox 232 2168 280 2196; x_wconf 79' lang='grc' dir='ltr'>καὶ</span> <span class='ocrx_word' id='word_1_679' title='bbox 293 2167 432 2203; x_wconf 80' lang='grc' dir='ltr'>ἀμείλιχος</span> <span class='ocrx_word' id='word_1_680' title='bbox 463 2166 581 2193; x_wconf 77' lang='grc' dir='ltr'>ἀνάλαῦέ</span> <span class='ocrx_word' id='word_1_681' title='bbox 600 2173 647 2201; x_wconf 89' lang='grc' dir='ltr'><strong>μοι</strong></span> <span class='ocrx_word' id='word_1_682' title='bbox 662 2165 712 2201; x_wconf 76' lang='grc' dir='ltr'>τὴν</span> <span class='ocrx_word' id='word_1_683' title='bbox 729 2166 850 2201; x_wconf 82' lang='grc' dir='ltr'>μνήμην,</span> <span class='ocrx_word' id='word_1_684' title='bbox 863 2165 902 2198; x_wconf 82' lang='grc' dir='ltr'><strong>ὡς</strong></span> <span class='ocrx_word' id='word_1_685' title='bbox 916 2165 980 2192; x_wconf 81' lang='grc' dir='ltr'>οὑκ-</span> 
     </span>
    </p>
   </div>
   <div class='ocr_carea' id='block_1_92' title="bbox 1030 2161 1819 2199">
    <p class='ocr_par' dir='ltr' id='par_1_92' title="bbox 1030 2161 1819 2199">
     <span class='ocr_line' id='line_1_92' title="bbox 1030 2161 1819 2199; baseline -0.009 -4"><span class='ocrx_word' id='word_1_686' title='bbox 1030 2166 1154 2195; x_wconf 89' lang='lat' dir='ltr'><strong>Crudelis</strong></span> <span class='ocrx_word' id='word_1_687' title='bbox 1171 2170 1200 2192; x_wconf 93' lang='lat' dir='ltr'><strong>tu</strong></span> <span class='ocrx_word' id='word_1_688' title='bbox 1217 2169 1245 2193; x_wconf 88' lang='lat' dir='ltr'><strong>et</strong></span> <span class='ocrx_word' id='word_1_689' title='bbox 1269 2164 1447 2199; x_wconf 80' lang='lat' dir='ltr'><strong>implacabilis</strong></span> <span class='ocrx_word' id='word_1_690' title='bbox 1472 2171 1514 2190; x_wconf 87' lang='lat' dir='ltr'><strong>ttte</strong></span> <span class='ocrx_word' id='word_1_691' title='bbox 1540 2163 1574 2189; x_wconf 90' lang='lat' dir='ltr'><strong>ad</strong></span> <span class='ocrx_word' id='word_1_692' title='bbox 1599 2161 1758 2189; x_wconf 89' lang='lat' dir='ltr'><strong>memoriam</strong></span> <span class='ocrx_word' id='word_1_693' title='bbox 1775 2169 1819 2188; x_wconf 83' lang='lat' dir='ltr'><strong>re-</strong></span> 
     </span>
    </p>
   </div>
   <div class='ocr_carea' id='block_1_93' title="bbox 191 2208 974 2248">
    <p class='ocr_par' dir='ltr' id='par_1_93' title="bbox 191 2212 974 2248">
     <span class='ocr_line' id='line_1_93' title="bbox 191 2212 974 2248; baseline -0.004 -7"><span class='ocrx_word' id='word_1_694' title='bbox 191 2214 234 2241; x_wconf 79' lang='grc' dir='ltr'>ἐτι</span> <span class='ocrx_word' id='word_1_695' title='bbox 264 2213 404 2245; x_wconf 69' lang='grc' dir='ltr'>τοιαύταις</span> <span class='ocrx_word' id='word_1_696' title='bbox 423 2214 488 2248; x_wconf 80' lang='grc' dir='ltr'>ἡμῖν</span> <span class='ocrx_word' id='word_1_697' title='bbox 502 2212 610 2248; x_wconf 79' lang='grc' dir='ltr'>ἀπῆρας</span> <span class='ocrx_word' id='word_1_698' title='bbox 624 2212 730 2239; x_wconf 79' lang='grc' dir='ltr'>ἐλπίσιν</span> <span class='ocrx_word' id='word_1_699' title='bbox 743 2220 750 2227; x_wconf 73' lang='grc' dir='ltr'><strong><em>ο</em></strong></span> <span class='ocrx_word' id='word_1_700' title='bbox 777 2212 834 2238; x_wconf 83' lang='grc' dir='ltr'>ἁλλ’</span> <span class='ocrx_word' id='word_1_701' title='bbox 850 2212 974 2248; x_wconf 76' lang='grc' dir='ltr'>ἐδάκρυες</span> 
     </span>
    </p>
   </div>
   <div class='ocr_carea' id='block_1_94' title="bbox 1028 2208 1816 2248">
    <p class='ocr_par' dir='ltr' id='par_1_94' title="bbox 1031 2208 1816 2248">
     <span class='ocr_line' id='line_1_94' title="bbox 1031 2208 1816 2248; baseline -0.01 -7"><span class='ocrx_word' id='word_1_702' title='bbox 1031 2220 1097 2241; x_wconf 89' lang='lat' dir='ltr'><strong>voca</strong></span> <span class='ocrx_word' id='word_1_703' title='bbox 1113 2212 1184 2248; x_wconf 89' lang='lat' dir='ltr'><strong>quod</strong></span> <span class='ocrx_word' id='word_1_704' title='bbox 1205 2219 1342 2246; x_wconf 84' lang='lat' dir='ltr'><strong>nunquam</strong></span> <span class='ocrx_word' id='word_1_705' title='bbox 1368 2209 1486 2245; x_wconf 87' lang='lat' dir='ltr'><strong>amplius</strong></span> <span class='ocrx_word' id='word_1_706' title='bbox 1514 2209 1579 2236; x_wconf 88' lang='lat' dir='ltr'><strong>tttihi</strong></span> <span class='ocrx_word' id='word_1_707' title='bbox 1602 2208 1718 2236; x_wconf 90' lang='lat' dir='ltr'><strong>similent</strong></span> <span class='ocrx_word' id='word_1_708' title='bbox 1741 2215 1816 2242; x_wconf 83' lang='lat' dir='ltr'><strong>spent</strong></span> 
     </span>
    </p>
   </div>
   <div class='ocr_carea' id='block_1_95' title="bbox 193 2257 980 2297">
    <p class='ocr_par' dir='ltr' id='par_1_95' title="bbox 193 2257 980 2297">
     <span class='ocr_line' id='line_1_95' title="bbox 193 2257 980 2297; baseline -0.005 -9"><span class='ocrx_word' id='word_1_709' title='bbox 193 2260 244 2297; x_wconf 71' lang='grc' dir='ltr'>μὲν</span> <span class='ocrx_word' id='word_1_710' title='bbox 261 2261 358 2296; x_wconf 71' lang='grc' dir='ltr'>Οτμοιί</span> <span class='ocrx_word' id='word_1_711' title='bbox 376 2260 423 2287; x_wconf 84' lang='grc' dir='ltr'>καὶ</span> <span class='ocrx_word' id='word_1_712' title='bbox 440 2259 518 2293; x_wconf 83' lang='grc' dir='ltr'>μόλις</span> <span class='ocrx_word' id='word_1_713' title='bbox 533 2259 663 2294; x_wconf 78' lang='grc' dir='ltr'>ἀπείχου“</span> <span class='ocrx_word' id='word_1_714' title='bbox 679 2257 796 2294; x_wconf 72' lang='grc' dir='ltr'>γράψειν</span> <span class='ocrx_word' id='word_1_715' title='bbox 812 2258 980 2293; x_wconf 84' lang='grc' dir='ltr'>διομολόγεις</span> 
     </span>
    </p>
   </div>
   <div class='ocr_carea' id='block_1_96' title="bbox 194 2304 981 2344">
    <p class='ocr_par' dir='ltr' id='par_1_96' title="bbox 194 2304 981 2344">
     <span class='ocr_line' id='line_1_96' title="bbox 194 2304 981 2344; baseline -0.008 -9"><span class='ocrx_word' id='word_1_716' title='bbox 194 2308 294 2344; x_wconf 81' lang='grc' dir='ltr'>μικροῦ</span> <span class='ocrx_word' id='word_1_717' title='bbox 307 2308 362 2334; x_wconf 80' lang='grc' dir='ltr'>δεῖν</span> <span class='ocrx_word' id='word_1_718' title='bbox 376 2307 423 2334; x_wconf 68' lang='grc' dir='ltr'><strong>καὶ⁴</strong></span> <span class='ocrx_word' id='word_1_719' title='bbox 434 2306 499 2342; x_wconf 83' lang='grc' dir='ltr'>πρὶν</span> <span class='ocrx_word' id='word_1_720' title='bbox 509 2305 638 2341; x_wconf 75' lang='grc' dir='ltr'>ἐπιϐῆναι</span> <span class='ocrx_word' id='word_1_721' title='bbox 653 2304 704 2340; x_wconf 78' lang='grc' dir='ltr'>τῆς</span> <span class='ocrx_word' id='word_1_722' title='bbox 718 2304 785 2340; x_wconf 78' lang='grc' dir='ltr'>γῆς’</span> <span class='ocrx_word' id='word_1_723' title='bbox 796 2304 856 2331; x_wconf 78' lang='grc' dir='ltr'>νυνὶ</span> <span class='ocrx_word' id='word_1_724' title='bbox 865 2304 894 2330; x_wconf 78' lang='grc' dir='ltr'>δὲ</span> <span class='ocrx_word' id='word_1_725' title='bbox 909 2305 981 2339; x_wconf 75' lang='grc' dir='ltr'>οἶχε-</span> 
     </span>
    </p>
   </div>
   <div class='ocr_carea' id='block_1_97' title="bbox 192 2351 981 2390">
    <p class='ocr_par' dir='ltr' id='par_1_97' title="bbox 192 2351 981 2390">
     <span class='ocr_line' id='line_1_97' title="bbox 192 2351 981 2390; baseline -0.005 -9"><span class='ocrx_word' id='word_1_726' title='bbox 192 2364 238 2382; x_wconf 83' lang='grc' dir='ltr'><strong>ται</strong></span> <span class='ocrx_word' id='word_1_727' title='bbox 256 2354 305 2390; x_wconf 84' lang='grc' dir='ltr'><strong>μὲν</strong></span> <span class='ocrx_word' id='word_1_728' title='bbox 320 2355 429 2385; x_wconf 76' lang='grc' dir='ltr'>ἐκεῖνα.</span> <span class='ocrx_word' id='word_1_729' title='bbox 453 2353 559 2388; x_wconf 82' lang='grc' dir='ltr'>σιωπᾷς</span> <span class='ocrx_word' id='word_1_730' title='bbox 576 2353 675 2389; x_wconf 84' lang='grc' dir='ltr'>μόνον·</span> <span class='ocrx_word' id='word_1_731' title='bbox 687 2352 766 2388; x_wconf 79' lang='grc' dir='ltr'>ἡμῶν</span> <span class='ocrx_word' id='word_1_732' title='bbox 785 2351 822 2385; x_wconf 79' lang='grc' dir='ltr'>δὲ,</span> <span class='ocrx_word' id='word_1_733' title='bbox 833 2351 911 2385; x_wconf 83' lang='grc' dir='ltr'>λόγος</span> <span class='ocrx_word' id='word_1_734' title='bbox 935 2351 981 2377; x_wconf 79' lang='grc' dir='ltr'><strong>οὒ-</strong></span> 
     </span>
    </p>
   </div>
   <div class='ocr_carea' id='block_1_98' title="bbox 193 2397 980 2434">
    <p class='ocr_par' dir='ltr' id='par_1_98' title="bbox 193 2397 980 2434">
     <span class='ocr_line' id='line_1_98' title="bbox 193 2397 980 2434; baseline -0.006 -6"><span class='ocrx_word' id='word_1_735' title='bbox 193 2401 264 2432; x_wconf 76' lang='grc' dir='ltr'>δείς·</span> <span class='ocrx_word' id='word_1_736' title='bbox 279 2401 304 2427; x_wconf 82' lang='grc' dir='ltr'><strong>εί</strong></span> <span class='ocrx_word' id='word_1_737' title='bbox 319 2399 348 2426; x_wconf 69' lang='grc' dir='ltr'>δὲ</span> <span class='ocrx_word' id='word_1_738' title='bbox 369 2400 518 2434; x_wconf 75' lang='grc' dir='ltr'>σιωπήσεις</span> <span class='ocrx_word' id='word_1_739' title='bbox 533 2399 584 2431; x_wconf 82' lang='grc' dir='ltr'>ἔτι,</span> <span class='ocrx_word' id='word_1_740' title='bbox 597 2397 783 2434; x_wconf 79' lang='grc' dir='ltr'>ἁναΰοήσομαί</span> <span class='ocrx_word' id='word_1_741' title='bbox 794 2406 820 2424; x_wconf 88' lang='grc' dir='ltr'><strong>τι</strong></span> <span class='ocrx_word' id='word_1_742' title='bbox 838 2397 980 2433; x_wconf 79' lang='grc' dir='ltr'>τραγικὸν,</span> 
     </span>
    </p>
   </div>
   <div class='ocr_carea' id='block_1_99' title="bbox 200 2441 980 2480">
    <p class='ocr_par' dir='ltr' id='par_1_99' title="bbox 200 2441 980 2480">
     <span class='ocr_line' id='line_1_99' title="bbox 200 2441 980 2480; baseline -0.008 -6"><span class='ocrx_word' id='word_1_743' title='bbox 200 2446 254 2480; x_wconf 87' lang='grc' dir='ltr'><strong>Ἰὼ,</strong></span> <span class='ocrx_word' id='word_1_744' title='bbox 270 2446 332 2478; x_wconf 79' lang='grc' dir='ltr'>Ζεῦ,</span> <span class='ocrx_word' id='word_1_745' title='bbox 345 2446 443 2480; x_wconf 84' lang='grc' dir='ltr'>λέγων,</span> <span class='ocrx_word' id='word_1_746' title='bbox 454 2445 502 2471; x_wconf 82' lang='grc' dir='ltr'>καὶ</span> <span class='ocrx_word' id='word_1_747' title='bbox 515 2444 592 2479; x_wconf 83' lang='grc' dir='ltr'>φιλία</span> <span class='ocrx_word' id='word_1_748' title='bbox 609 2444 655 2470; x_wconf 76' lang='grc' dir='ltr'>καὶ</span> <span class='ocrx_word' id='word_1_749' title='bbox 669 2443 745 2478; x_wconf 84' lang='grc' dir='ltr'>λόγοι</span> <span class='ocrx_word' id='word_1_750' title='bbox 755 2451 762 2459; x_wconf 90' lang='grc'><strong>·</strong></span> <span class='ocrx_word' id='word_1_751' title='bbox 785 2442 914 2478; x_wconf 76' lang='grc' dir='ltr'>ἠδίκησθε</span> <span class='ocrx_word' id='word_1_752' title='bbox 929 2441 980 2477; x_wconf 81' lang='grc' dir='ltr'>μὲν</span> 
     </span>
    </p>
   </div>
   <div class='ocr_carea' id='block_1_100' title="bbox 194 2487 982 2529">
    <p class='ocr_par' dir='ltr' id='par_1_100' title="bbox 194 2487 982 2529">
     <span class='ocr_line' id='line_1_100' title="bbox 194 2487 982 2529; baseline -0.006 -9"><span class='ocrx_word' id='word_1_753' title='bbox 194 2495 282 2529; x_wconf 80' lang='grc' dir='ltr'>ὑμεῖς’</span> <span class='ocrx_word' id='word_1_754' title='bbox 294 2493 427 2529; x_wconf 78' lang='grc' dir='ltr'>ἠδίκημαι</span> <span class='ocrx_word' id='word_1_755' title='bbox 436 2492 464 2518; x_wconf 81' lang='grc' dir='ltr'>δὲ</span> <span class='ocrx_word' id='word_1_756' title='bbox 479 2490 544 2526; x_wconf 74' lang='grc' dir='ltr'><strong>ὲγώο</strong></span> <span class='ocrx_word' id='word_1_757' title='bbox 554 2490 568 2517; x_wconf 85' lang='grc' dir='ltr'><strong>ό</strong></span> <span class='ocrx_word' id='word_1_758' title='bbox 582 2490 610 2516; x_wconf 78' lang='grc' dir='ltr'>δὲ</span> <span class='ocrx_word' id='word_1_759' title='bbox 620 2489 720 2517; x_wconf 84' lang='grc' dir='ltr'>ἀδικῶν</span> <span class='ocrx_word' id='word_1_760' title='bbox 729 2487 763 2525; x_wconf 86' lang='grc' dir='ltr'>ἦν</span> <span class='ocrx_word' id='word_1_761' title='bbox 775 2489 820 2516; x_wconf 82' lang='grc' dir='ltr'>ὅτε</span> <span class='ocrx_word' id='word_1_762' title='bbox 830 2489 906 2525; x_wconf 80' lang='grc' dir='ltr'>φίλον</span> <span class='ocrx_word' id='word_1_763' title='bbox 917 2487 982 2516; x_wconf 84' lang='grc' dir='ltr'>ὲκά-</span> 
     </span>
    </p>
   </div>
   <div class='ocr_carea' id='block_1_101' title="bbox 193 2537 485 2574">
    <p class='ocr_par' dir='ltr' id='par_1_101' title="bbox 193 2537 485 2574">
     <span class='ocr_line' id='line_1_101' title="bbox 193 2537 485 2574; baseline -0.01 -8"><span class='ocrx_word' id='word_1_764' title='bbox 193 2539 244 2567; x_wconf 77' lang='grc' dir='ltr'>λει·</span> <span class='ocrx_word' id='word_1_765' title='bbox 261 2538 308 2566; x_wconf 81' lang='grc' dir='ltr'><strong>νῦν</strong></span> <span class='ocrx_word' id='word_1_766' title='bbox 320 2538 373 2574; x_wconf 71' lang='grc' dir='ltr'>γὰρ</span> <span class='ocrx_word' id='word_1_767' title='bbox 383 2537 485 2564; x_wconf 79' lang='grc' dir='ltr'>οὐκέτι.</span> 
     </span>
    </p>
   </div>
   <div class='ocr_carea' id='block_1_102' title="bbox 483 2668 708 2705">
    <p class='ocr_par' dir='ltr' id='par_1_102' title="bbox 483 2668 708 2705">
     <span class='ocr_line' id='line_1_102' title="bbox 483 2668 708 2705; baseline -0.009 -7"><span class='ocrx_word' id='word_1_768' title='bbox 483 2671 545 2698; x_wconf 84' lang='lat' dir='ltr'><strong>AE&#39;.</strong></span> <span class='ocrx_word' id='word_1_769' title='bbox 565 2668 708 2705; x_wconf 69' lang='grc' dir='ltr'><strong>ιοΑΝΝῌ.</strong></span> 
     </span>
    </p>
   </div>
   <div class='ocr_carea' id='block_1_103' title="bbox 231 2714 984 2756">
    <p class='ocr_par' dir='ltr' id='par_1_103' title="bbox 231 2714 984 2756">
     <span class='ocr_line' id='line_1_103' title="bbox 231 2714 984 2756; baseline -0.007 -9"><span class='ocrx_word' id='word_1_770' title='bbox 231 2720 262 2748; x_wconf 76' lang='lat' dir='ltr'><strong>El</strong></span> <span class='ocrx_word' id='word_1_771' title='bbox 277 2719 328 2756; x_wconf 77' lang='grc' dir='ltr'><strong>τὴν</strong></span> <span class='ocrx_word' id='word_1_772' title='bbox 341 2718 433 2754; x_wconf 82' lang='grc' dir='ltr'>φιλίαν</span> <span class='ocrx_word' id='word_1_773' title='bbox 446 2717 618 2753; x_wconf 75' lang='grc' dir='ltr'>ἐψευσμένην</span> <span class='ocrx_word' id='word_1_774' title='bbox 631 2715 752 2743; x_wconf 85' lang='grc' dir='ltr'>δείκνυσι</span> <span class='ocrx_word' id='word_1_775' title='bbox 773 2714 804 2742; x_wconf 79' lang='grc' dir='ltr'>τὸ</span> <span class='ocrx_word' id='word_1_776' title='bbox 827 2715 917 2751; x_wconf 80' lang='grc' dir='ltr'>σιγᾷν,</span> <span class='ocrx_word' id='word_1_777' title='bbox 935 2715 984 2742; x_wconf 70' lang='grc' dir='ltr'>ἀνα</span> 
     </span>
    </p>
   </div>
   <div class='ocr_carea' id='block_1_104' title="bbox 195 2760 985 2802">
    <p class='ocr_par' dir='ltr' id='par_1_104' title="bbox 195 2760 985 2802">
     <span class='ocr_line' id='line_1_104' title="bbox 195 2760 985 2802; baseline -0.01 -7"><span class='ocrx_word' id='word_1_778' title='bbox 195 2768 269 2802; x_wconf 84' lang='grc' dir='ltr'>άγκη</span> <span class='ocrx_word' id='word_1_779' title='bbox 286 2766 366 2802; x_wconf 85' lang='grc' dir='ltr'>μέχρι</span> <span class='ocrx_word' id='word_1_780' title='bbox 383 2764 470 2799; x_wconf 83' lang='grc' dir='ltr'>λόγων</span> <span class='ocrx_word' id='word_1_781' title='bbox 483 2763 569 2799; x_wconf 75' lang='grc' dir='ltr'>αὐτὴν</span> <span class='ocrx_word' id='word_1_782' title='bbox 583 2762 627 2789; x_wconf 81' lang='grc' dir='ltr'>ἀεὶ</span> <span class='ocrx_word' id='word_1_783' title='bbox 642 2760 821 2788; x_wconf 80' lang='grc' dir='ltr'>συνεστάναι·</span> <span class='ocrx_word' id='word_1_784' title='bbox 839 2761 867 2787; x_wconf 83' lang='grc' dir='ltr'>εῐ</span> <span class='ocrx_word' id='word_1_785' title='bbox 879 2769 910 2795; x_wconf 91' lang='grc' dir='ltr'><strong>γε</strong></span> <span class='ocrx_word' id='word_1_786' title='bbox 923 2761 985 2788; x_wconf 86' lang='grc' dir='ltr'>τού-</span> 
     </span>
    </p>
   </div>
   <div class='ocr_carea' id='block_1_105' title="bbox 195 2806 984 2845">
    <p class='ocr_par' dir='ltr' id='par_1_105' title="bbox 195 2806 984 2845">
     <span class='ocr_line' id='line_1_105' title="bbox 195 2806 984 2845; baseline -0.011 -4"><span class='ocrx_word' id='word_1_787' title='bbox 195 2822 251 2841; x_wconf 75' lang='grc' dir='ltr'><strong>των</strong></span> <span class='ocrx_word' id='word_1_788' title='bbox 264 2812 389 2840; x_wconf 83' lang='grc' dir='ltr'>ἀπόντων</span> <span class='ocrx_word' id='word_1_789' title='bbox 404 2810 554 2845; x_wconf 79' lang='grc' dir='ltr'>ἐλέγχεται,</span> <span class='ocrx_word' id='word_1_790' title='bbox 563 2807 660 2835; x_wconf 79' lang='grc' dir='ltr'>οὐκοῦν</span> <span class='ocrx_word' id='word_1_791' title='bbox 674 2806 794 2834; x_wconf 80' lang='grc' dir='ltr'>λείπεται</span> <span class='ocrx_word' id='word_1_792' title='bbox 804 2806 851 2834; x_wconf 76' lang='grc' dir='ltr'>καὶ</span> <span class='ocrx_word' id='word_1_793' title='bbox 863 2806 909 2833; x_wconf 84' lang='grc' dir='ltr'><strong>τὸν</strong></span> <span class='ocrx_word' id='word_1_794' title='bbox 921 2806 984 2833; x_wconf 88' lang='grc' dir='ltr'>δυσ-</span> 
     </span>
    </p>
   </div>
   <div class='ocr_carea' id='block_1_106' title="bbox 200 2853 986 2896">
    <p class='ocr_par' dir='ltr' id='par_1_106' title="bbox 200 2853 986 2896">
     <span class='ocr_line' id='line_1_106' title="bbox 200 2853 986 2896; baseline -0.009 -10"><span class='ocrx_word' id='word_1_795' title='bbox 200 2859 267 2896; x_wconf 80' lang='grc' dir='ltr'>μενῆ</span> <span class='ocrx_word' id='word_1_796' title='bbox 289 2859 365 2893; x_wconf 81' lang='grc' dir='ltr'>φίλον</span> <span class='ocrx_word' id='word_1_797' title='bbox 387 2855 524 2892; x_wconf 70' lang='grc' dir='ltr'>ἡγεῖσθαι,</span> <span class='ocrx_word' id='word_1_798' title='bbox 554 2855 634 2891; x_wconf 82' lang='grc' dir='ltr'>μόνον</span> <span class='ocrx_word' id='word_1_799' title='bbox 667 2854 709 2882; x_wconf 68' lang='grc' dir='ltr'>ἀεὶ</span> <span class='ocrx_word' id='word_1_800' title='bbox 742 2853 986 2888; x_wconf 68' lang='grc' dir='ltr'>φθέγγοιτο.“Δλ&gt;.ὰ</span> 
     </span>
    </p>
   </div>
   <div class='ocr_carea' id='block_1_107' title="bbox 1030 2253 1818 2294">
    <p class='ocr_par' dir='ltr' id='par_1_107' title="bbox 1030 2253 1818 2294">
     <span class='ocr_line' id='line_1_107' title="bbox 1030 2253 1818 2294; baseline -0.01 -6"><span class='ocrx_word' id='word_1_801' title='bbox 1030 2259 1186 2294; x_wconf 86' lang='lat' dir='ltr'><strong>eripueris:</strong></span> <span class='ocrx_word' id='word_1_802' title='bbox 1205 2257 1252 2285; x_wconf 85' lang='lat' dir='ltr'><strong>sed</strong></span> <span class='ocrx_word' id='word_1_803' title='bbox 1278 2257 1373 2287; x_wconf 86' lang='lat' dir='ltr'><strong>t‘lehas,</strong></span> <span class='ocrx_word' id='word_1_804' title='bbox 1400 2255 1492 2286; x_wconf 85' lang='lat' dir='ltr'><strong>credo.</strong></span> <span class='ocrx_word' id='word_1_805' title='bbox 1518 2260 1545 2282; x_wconf 89' lang='lat' dir='ltr'><strong>et</strong></span> <span class='ocrx_word' id='word_1_806' title='bbox 1572 2255 1615 2282; x_wconf 87' lang='lat' dir='ltr'><strong>vix</strong></span> <span class='ocrx_word' id='word_1_807' title='bbox 1641 2253 1818 2282; x_wconf 71' lang='grc' dir='ltr'>ιὼειίιιώηεε</span> 
     </span>
    </p>
   </div>
   <div class='ocr_carea' id='block_1_108' title="bbox 1031 2301 1818 2338">
    <p class='ocr_par' dir='ltr' id='par_1_108' title="bbox 1031 2301 1818 2338">
     <span class='ocr_line' id='line_1_108' title="bbox 1031 2301 1818 2338; baseline -0.01 -7"><span class='ocrx_word' id='word_1_808' title='bbox 1031 2304 1197 2338; x_wconf 82' lang='lat' dir='ltr'><strong>scripturum</strong></span> <span class='ocrx_word' id='word_1_809' title='bbox 1215 2302 1389 2330; x_wconf 83' lang='lat' dir='ltr'><strong>conliteharis</strong></span> <span class='ocrx_word' id='word_1_810' title='bbox 1407 2308 1503 2335; x_wconf 81' lang='lat' dir='ltr'><strong>parum</strong></span> <span class='ocrx_word' id='word_1_811' title='bbox 1521 2301 1608 2333; x_wconf 82' lang='lat' dir='ltr'><strong>abest,</strong></span> <span class='ocrx_word' id='word_1_812' title='bbox 1629 2305 1656 2327; x_wconf 89' lang='lat' dir='ltr'><strong>et</strong></span> <span class='ocrx_word' id='word_1_813' title='bbox 1673 2305 1818 2333; x_wconf 84' lang='lat' dir='ltr'><strong>antequam</strong></span> 
     </span>
    </p>
   </div>
   <div class='ocr_carea' id='block_1_109' title="bbox 1032 2344 1821 2377">
    <p class='ocr_par' dir='ltr' id='par_1_109' title="bbox 1032 2344 1821 2377">
     <span class='ocr_line' id='line_1_109' title="bbox 1032 2344 1821 2377; baseline -0.008 -1"><span class='ocrx_word' id='word_1_814' title='bbox 1032 2349 1059 2377; x_wconf 91' lang='lat' dir='ltr'><strong>itt</strong></span> <span class='ocrx_word' id='word_1_815' title='bbox 1075 2353 1176 2376; x_wconf 87' lang='lat' dir='ltr'><strong>terram</strong></span> <span class='ocrx_word' id='word_1_816' title='bbox 1202 2348 1408 2375; x_wconf 81' lang='lat' dir='ltr'><strong>descenderes:</strong></span> <span class='ocrx_word' id='word_1_817' title='bbox 1434 2353 1505 2373; x_wconf 89' lang='lat' dir='ltr'><strong>nunc</strong></span> <span class='ocrx_word' id='word_1_818' title='bbox 1529 2351 1620 2372; x_wconf 85' lang='lat' dir='ltr'><strong>autent</strong></span> <span class='ocrx_word' id='word_1_819' title='bbox 1645 2345 1736 2372; x_wconf 75' lang='lat' dir='ltr'><strong>abiere</strong></span> <span class='ocrx_word' id='word_1_820' title='bbox 1763 2344 1821 2370; x_wconf 77' lang='lat' dir='ltr'><strong>ha-c</strong></span> 
     </span>
    </p>
   </div>
   <div class='ocr_carea' id='block_1_110' title="bbox 1031 2393 1822 2427">
    <p class='ocr_par' dir='ltr' id='par_1_110' title="bbox 1031 2393 1822 2427">
     <span class='ocr_line' id='line_1_110' title="bbox 1031 2393 1822 2427; baseline -0.009 -5"><span class='ocrx_word' id='word_1_821' title='bbox 1031 2395 1134 2427; x_wconf 83' lang='lat' dir='ltr'><strong>omnia,</strong></span> <span class='ocrx_word' id='word_1_822' title='bbox 1152 2393 1217 2421; x_wconf 77' lang='lat' dir='ltr'><strong>siles</strong></span> <span class='ocrx_word' id='word_1_823' title='bbox 1242 2401 1306 2420; x_wconf 80' lang='lat' dir='ltr'><strong>vero</strong></span> <span class='ocrx_word' id='word_1_824' title='bbox 1328 2397 1432 2419; x_wconf 85' lang='lat' dir='ltr'><strong>tantum</strong></span> <span class='ocrx_word' id='word_1_825' title='bbox 1455 2400 1462 2418; x_wconf 91' lang='lat'>:</span> <span class='ocrx_word' id='word_1_826' title='bbox 1490 2395 1582 2418; x_wconf 80' lang='lat' dir='ltr'><strong>uoster</strong></span> <span class='ocrx_word' id='word_1_827' title='bbox 1607 2396 1699 2418; x_wconf 81' lang='lat' dir='ltr'><strong>autent</strong></span> <span class='ocrx_word' id='word_1_828' title='bbox 1729 2396 1822 2417; x_wconf 81' lang='lat' dir='ltr'><strong>sermo</strong></span> 
     </span>
    </p>
   </div>
   <div class='ocr_carea' id='block_1_111' title="bbox 1033 2435 1822 2469">
    <p class='ocr_par' dir='ltr' id='par_1_111' title="bbox 1033 2435 1822 2469">
     <span class='ocr_line' id='line_1_111' title="bbox 1033 2435 1822 2469; baseline -0.008 -2"><span class='ocrx_word' id='word_1_829' title='bbox 1033 2440 1122 2468; x_wconf 89' lang='lat' dir='ltr'><strong>nulltts</strong></span> <span class='ocrx_word' id='word_1_830' title='bbox 1138 2449 1145 2467; x_wconf 88' lang='lat'><strong>:</strong></span> <span class='ocrx_word' id='word_1_831' title='bbox 1162 2440 1184 2467; x_wconf 91' lang='lat' dir='ltr'><strong>si</strong></span> <span class='ocrx_word' id='word_1_832' title='bbox 1202 2446 1265 2466; x_wconf 85' lang='lat' dir='ltr'><strong>vero</strong></span> <span class='ocrx_word' id='word_1_833' title='bbox 1281 2439 1390 2466; x_wconf 87' lang='lat' dir='ltr'><strong>silueris</strong></span> <span class='ocrx_word' id='word_1_834' title='bbox 1402 2438 1498 2468; x_wconf 84' lang='lat' dir='ltr'><strong>adhuc.</strong></span> <span class='ocrx_word' id='word_1_835' title='bbox 1518 2436 1674 2464; x_wconf 77' lang='lat' dir='ltr'><strong>exclatnabo</strong></span> <span class='ocrx_word' id='word_1_836' title='bbox 1690 2435 1789 2469; x_wconf 73' lang='lat' dir='ltr'><strong>tragice</strong></span> <span class='ocrx_word' id='word_1_837' title='bbox 1803 2443 1822 2462; x_wconf 81' lang='grc' dir='ltr'><strong>ο</strong></span> 
     </span>
    </p>
   </div>
   <div class='ocr_carea' id='block_1_112' title="bbox 1032 2481 1821 2520">
    <p class='ocr_par' dir='ltr' id='par_1_112' title="bbox 1032 2481 1821 2520">
     <span class='ocr_line' id='line_1_112' title="bbox 1032 2481 1821 2520; baseline -0.008 -7"><span class='ocrx_word' id='word_1_838' title='bbox 1032 2486 1147 2520; x_wconf 76' lang='lat' dir='ltr'><strong>Jupiter,</strong></span> <span class='ocrx_word' id='word_1_839' title='bbox 1163 2486 1256 2512; x_wconf 77' lang='lat' dir='ltr'><strong>dicens</strong></span> <span class='ocrx_word' id='word_1_840' title='bbox 1277 2490 1304 2512; x_wconf 88' lang='lat' dir='ltr'><strong>et</strong></span> <span class='ocrx_word' id='word_1_841' title='bbox 1318 2484 1436 2511; x_wconf 82' lang='lat' dir='ltr'><strong>amicitia</strong></span> <span class='ocrx_word' id='word_1_842' title='bbox 1453 2489 1480 2512; x_wconf 87' lang='lat' dir='ltr'><strong>et</strong></span> <span class='ocrx_word' id='word_1_843' title='bbox 1495 2483 1576 2511; x_wconf 86' lang='lat' dir='ltr'><strong>verba</strong></span> <span class='ocrx_word' id='word_1_844' title='bbox 1591 2491 1599 2510; x_wconf 85' lang='lat'><strong>:</strong></span> <span class='ocrx_word' id='word_1_845' title='bbox 1615 2482 1693 2509; x_wconf 89' lang='lat' dir='ltr'><strong>vobis</strong></span> <span class='ocrx_word' id='word_1_846' title='bbox 1712 2481 1821 2516; x_wconf 85' lang='lat' dir='ltr'><strong>quidem</strong></span> 
     </span>
    </p>
   </div>
   <div class='ocr_carea' id='block_1_113' title="bbox 1032 2528 1823 2567">
    <p class='ocr_par' dir='ltr' id='par_1_113' title="bbox 1032 2528 1823 2567">
     <span class='ocr_line' id='line_1_113' title="bbox 1032 2528 1823 2567; baseline -0.009 -8"><span class='ocrx_word' id='word_1_847' title='bbox 1032 2532 1130 2567; x_wconf 84' lang='lat' dir='ltr'><strong>injuria</strong></span> <span class='ocrx_word' id='word_1_848' title='bbox 1152 2530 1201 2558; x_wconf 82' lang='lat' dir='ltr'><strong>iuit</strong></span> <span class='ocrx_word' id='word_1_849' title='bbox 1217 2531 1313 2559; x_wconf 85' lang='lat' dir='ltr'><strong>illata:</strong></span> <span class='ocrx_word' id='word_1_850' title='bbox 1337 2531 1402 2558; x_wconf 88' lang='lat' dir='ltr'><strong>tttilti</strong></span> <span class='ocrx_word' id='word_1_851' title='bbox 1424 2535 1514 2557; x_wconf 87' lang='lat' dir='ltr'><strong>autent</strong></span> <span class='ocrx_word' id='word_1_852' title='bbox 1542 2528 1592 2563; x_wconf 90' lang='lat' dir='ltr'><strong>ipsi</strong></span> <span class='ocrx_word' id='word_1_853' title='bbox 1609 2535 1616 2554; x_wconf 89' lang='lat'><strong>:</strong></span> <span class='ocrx_word' id='word_1_854' title='bbox 1635 2528 1823 2562; x_wconf 75' lang='lat' dir='ltr'><strong>injuriamau-</strong></span> 
     </span>
    </p>
   </div>
   <div class='ocr_carea' id='block_1_114' title="bbox 1034 2573 1823 2606">
    <p class='ocr_par' dir='ltr' id='par_1_114' title="bbox 1034 2573 1823 2606">
     <span class='ocr_line' id='line_1_114' title="bbox 1034 2573 1823 2606; baseline -0.01 0"><span class='ocrx_word' id='word_1_855' title='bbox 1034 2583 1087 2606; x_wconf 91' lang='lat' dir='ltr'><strong>tem</strong></span> <span class='ocrx_word' id='word_1_856' title='bbox 1102 2578 1222 2604; x_wconf 83' lang='lat' dir='ltr'><strong>iuferclts</strong></span> <span class='ocrx_word' id='word_1_857' title='bbox 1242 2581 1302 2604; x_wconf 80' lang='lat' dir='ltr'><strong>erat</strong></span> <span class='ocrx_word' id='word_1_858' title='bbox 1321 2583 1382 2604; x_wconf 91' lang='lat' dir='ltr'><strong>cum</strong></span> <span class='ocrx_word' id='word_1_859' title='bbox 1402 2583 1446 2603; x_wconf 89' lang='lat' dir='ltr'><strong>me</strong></span> <span class='ocrx_word' id='word_1_860' title='bbox 1460 2575 1576 2603; x_wconf 86' lang='lat' dir='ltr'><strong>anticum</strong></span> <span class='ocrx_word' id='word_1_861' title='bbox 1598 2573 1711 2601; x_wconf 77' lang='lat' dir='ltr'><strong>vocabat</strong></span> <span class='ocrx_word' id='word_1_862' title='bbox 1726 2581 1734 2600; x_wconf 83' lang='lat'><strong>:</strong></span> <span class='ocrx_word' id='word_1_863' title='bbox 1752 2579 1823 2599; x_wconf 86' lang='lat' dir='ltr'><strong>nunc</strong></span> 
     </span>
    </p>
   </div>
   <div class='ocr_carea' id='block_1_115' title="bbox 1034 2623 1320 2658">
    <p class='ocr_par' dir='ltr' id='par_1_115' title="bbox 1034 2623 1320 2658">
     <span class='ocr_line' id='line_1_115' title="bbox 1034 2623 1320 2658; baseline -0.007 -6"><span class='ocrx_word' id='word_1_864' title='bbox 1034 2624 1106 2652; x_wconf 84' lang='lat' dir='ltr'><strong>enim</strong></span> <span class='ocrx_word' id='word_1_865' title='bbox 1123 2632 1175 2652; x_wconf 85' lang='lat' dir='ltr'><strong>non</strong></span> <span class='ocrx_word' id='word_1_866' title='bbox 1192 2623 1320 2658; x_wconf 75' lang='lat' dir='ltr'><strong>amplius.</strong></span> 
     </span>
    </p>
   </div>
   <div class='ocr_carea' id='block_1_116' title="bbox 1300 2664 1559 2695">
    <p class='ocr_par' dir='ltr' id='par_1_116' title="bbox 1300 2664 1559 2695">
     <span class='ocr_line' id='line_1_116' title="bbox 1300 2664 1559 2695; baseline -0.012 0"><span class='ocrx_word' id='word_1_867' title='bbox 1300 2666 1411 2695; x_wconf 76' lang='lat' dir='ltr'><strong>XXXV.</strong></span> <span class='ocrx_word' id='word_1_868' title='bbox 1429 2664 1559 2694; x_wconf 73' lang='lat' dir='ltr'><strong>JOANNI.</strong></span> 
     </span>
    </p>
   </div>
   <div class='ocr_carea' id='block_1_117' title="bbox 1072 2709 1822 2746">
    <p class='ocr_par' dir='ltr' id='par_1_117' title="bbox 1072 2709 1822 2746">
     <span class='ocr_line' id='line_1_117' title="bbox 1072 2709 1822 2746; baseline -0.011 -3"><span class='ocrx_word' id='word_1_869' title='bbox 1072 2714 1101 2743; x_wconf 89' lang='lat' dir='ltr'><strong>Si</strong></span> <span class='ocrx_word' id='word_1_870' title='bbox 1132 2714 1281 2742; x_wconf 86' lang='lat' dir='ltr'><strong>amicitiam</strong></span> <span class='ocrx_word' id='word_1_871' title='bbox 1313 2714 1453 2746; x_wconf 88' lang='lat' dir='ltr'><strong>deceptattt</strong></span> <span class='ocrx_word' id='word_1_872' title='bbox 1476 2713 1646 2739; x_wconf 83' lang='lat' dir='ltr'><strong>demonstret</strong></span> <span class='ocrx_word' id='word_1_873' title='bbox 1672 2709 1822 2742; x_wconf 86' lang='lat' dir='ltr'><strong>silentium,</strong></span> 
     </span>
    </p>
   </div>
   <div class='ocr_carea' id='block_1_118' title="bbox 1035 2758 1822 2794">
    <p class='ocr_par' dir='ltr' id='par_1_118' title="bbox 1035 2758 1822 2794">
     <span class='ocr_line' id='line_1_118' title="bbox 1035 2758 1822 2794; baseline -0.009 -5"><span class='ocrx_word' id='word_1_874' title='bbox 1035 2768 1147 2790; x_wconf 86' lang='lat' dir='ltr'><strong>necesse</strong></span> <span class='ocrx_word' id='word_1_875' title='bbox 1162 2765 1204 2788; x_wconf 78' lang='lat' dir='ltr'><strong>est</strong></span> <span class='ocrx_word' id='word_1_876' title='bbox 1221 2767 1307 2794; x_wconf 89' lang='lat' dir='ltr'><strong>usque</strong></span> <span class='ocrx_word' id='word_1_877' title='bbox 1318 2759 1351 2786; x_wconf 85' lang='lat' dir='ltr'><strong>ad</strong></span> <span class='ocrx_word' id='word_1_878' title='bbox 1364 2759 1444 2786; x_wconf 87' lang='lat' dir='ltr'><strong>verba</strong></span> <span class='ocrx_word' id='word_1_879' title='bbox 1461 2758 1545 2793; x_wconf 84' lang='lat' dir='ltr'><strong>ipsam</strong></span> <span class='ocrx_word' id='word_1_880' title='bbox 1561 2764 1669 2791; x_wconf 84' lang='lat' dir='ltr'><strong>semper</strong></span> <span class='ocrx_word' id='word_1_881' title='bbox 1681 2761 1822 2783; x_wconf 82' lang='lat' dir='ltr'><strong>constare:</strong></span> 
     </span>
    </p>
   </div>
   <div class='ocr_carea' id='block_1_119' title="bbox 1039 2802 1823 2842">
    <p class='ocr_par' dir='ltr' id='par_1_119' title="bbox 1039 2802 1823 2842">
     <span class='ocr_line' id='line_1_119' title="bbox 1039 2802 1823 2842; baseline -0.009 -7"><span class='ocrx_word' id='word_1_882' title='bbox 1039 2808 1174 2842; x_wconf 87' lang='lat' dir='ltr'><strong>siquidem</strong></span> <span class='ocrx_word' id='word_1_883' title='bbox 1199 2806 1259 2834; x_wconf 82' lang='lat' dir='ltr'><strong>istis</strong></span> <span class='ocrx_word' id='word_1_884' title='bbox 1285 2810 1312 2833; x_wconf 82' lang='lat' dir='ltr'><strong>ct.</strong></span> <span class='ocrx_word' id='word_1_885' title='bbox 1337 2805 1496 2833; x_wconf 80' lang='lat' dir='ltr'><strong>absentibus</strong></span> <span class='ocrx_word' id='word_1_886' title='bbox 1522 2804 1654 2832; x_wconf 81' lang='lat' dir='ltr'><strong>exsistete</strong></span> <span class='ocrx_word' id='word_1_887' title='bbox 1681 2802 1823 2837; x_wconf 84' lang='lat' dir='ltr'><strong>probatur,</strong></span> 
     </span>
    </p>
   </div>
   <div class='ocr_carea' id='block_1_120' title="bbox 1042 2847 1822 2890">
    <p class='ocr_par' dir='ltr' id='par_1_120' title="bbox 1042 2847 1822 2890">
     <span class='ocr_line' id='line_1_120' title="bbox 1042 2847 1822 2890; baseline -0.009 -9"><span class='ocrx_word' id='word_1_888' title='bbox 1042 2854 1125 2890; x_wconf 75' lang='lat' dir='ltr'><strong>igitur</strong></span> <span class='ocrx_word' id='word_1_889' title='bbox 1139 2857 1225 2881; x_wconf 73' lang='lat' dir='ltr'><strong>restat</strong></span> <span class='ocrx_word' id='word_1_890' title='bbox 1245 2857 1271 2880; x_wconf 83' lang='lat' dir='ltr'><strong>et</strong></span> <span class='ocrx_word' id='word_1_891' title='bbox 1288 2851 1451 2880; x_wconf 85' lang='lat' dir='ltr'><strong>malevolum</strong></span> <span class='ocrx_word' id='word_1_892' title='bbox 1469 2851 1585 2878; x_wconf 85' lang='lat' dir='ltr'><strong>anticum</strong></span> <span class='ocrx_word' id='word_1_893' title='bbox 1603 2849 1760 2878; x_wconf 73' lang='lat' dir='ltr'><strong>existimare</strong></span> <span class='ocrx_word' id='word_1_894' title='bbox 1776 2847 1822 2882; x_wconf 85' lang='lat' dir='ltr'><strong>qui</strong></span> 
     </span>
    </p>
   </div>
  </div>
