1988 3079
143 125 214 159 2747

788 125 963 157 PROCOPII
982 127 1105 158 GAZ/EI

1695 129 1768 161 2748

140 182 227 210 solum
251 187 358 216 semper
369 180 547 216 loqueretur:
570 180 617 209 sed
637 189 687 210 nos
703 190 755 209 non
774 190 867 210 sumus
884 186 942 210 ta-.

995 181 1015 216 νὴ
1031 183 1146 210 τοιοῦτοι
1163 183 1255 219 κριταὶ
1267 183 1358 218 φιλίας
1370 184 1452 220 ἡμεῖς
1464 192 1471 200 “
1489 184 1517 212 τί
1532 184 1587 221 γὰρ
1606 185 1705 212 κωλύει
1719 186 1767 213 καὶ

140 228 179 255 les
200 226 326 254 amicitiae
344 226 450 260 iudices
469 236 476 254 :
491 227 556 261 quid
571 227 643 255 enim
661 228 772 263 impedit
796 236 830 256 ne
844 229 927 256 silens

140 273 270 300 memoria
294 274 396 300 amicos
412 272 521 300 videat?
539 272 615 306 Quod
640 281 710 300 nunc
727 274 804 301 nobis
819 274 888 302 inest
900 272 934 302 αι’

142 327 279 353 numquam
293 319 410 346 cessabit
423 327 429 345 :
445 319 629 351 expendamus
643 324 732 347 autent
750 320 838 354 potius
853 321 927 355 quod

143 371 195 390 non
211 364 301 390 datum
313 368 355 390 est
369 364 459 390 onmia
483 363 571 391 facere
593 369 621 391 ut
633 365 749 399 quisque
761 365 819 391 vult
835 373 843 392 :
861 364 928 392 foris

143 409 214 435 cnim
236 408 432 435 sollicitudines
451 409 513 436 vitae
541 414 568 436 et
582 409 664 436 futuri
688 410 852 436 incertitudo
875 410 928 437 ali-

143 454 250 488 quando
264 454 360 481 rationi
382 455 528 489 praevalent.
545 464 552 482 :
570 463 629 489 qure
643 455 751 490 quidem
765 461 866 489 agunt;
883 455 927 483 illa

144 504 233 525 autem
261 499 391 526 deliberat
408 504 434 526 ct
449 500 648 534 persuadetur:
672 501 711 527 sic
732 500 808 531 mibi,
829 500 929 535 quippe

145 542 249 569 discere
272 544 437 577 supervenit,
464 544 612 571 certamina
636 545 763 571 continua
777 549 804 571 et
817 550 929 580 propter

146 586 202 614 hmc
229 588 425 616 sollicitudines
443 597 457 616 a
473 590 606 624 principio
629 598 672 618 me
696 591 862 624 invaserunt,
879 598 929 619 nec

146 639 190 659 me
216 640 300 667 usque
322 634 355 660 ad
374 634 439 661 illud
461 640 566 669 tempus
588 635 738 670 reliquere:
761 644 821 671 quze
839 636 929 671 potius

146 679 286 712 oportebat
308 681 448 707 attendere
465 689 544 714 quam
568 682 698 715 suspicari
725 690 758 708 an
782 687 810 709 et
834 682 930 710 antici-

149 724 191 750 Iim
208 725 432 754 consuleremus:
455 732 482 753 et
499 735 570 754 nunc
592 727 646 760 jam
672 728 847 755 cessavimus.
876 728 928 756 Sed

147 777 163 794 ο
180 769 293 804 Jupiter,
309 776 336 797 et
351 779 457 799 amores
478 777 504 799 et
516 781 610 800 omnes
626 774 670 808 qui
689 774 816 802 amicitia:
833 775 930 811 invigi-

150 814 222 846 lmis,
251 817 410 850 persuadetc
435 825 508 858 meos
523 825 696 846 accusatores
713 829 720 846 :
745 828 883 855 nunquam
896 822 929 849 ad

148 861 310 889 oblivionem
329 856 448 896 ipsorum
465 864 586 898 perveni,
601 865 647 892 sed
663 873 723 892 (-qu
747 867 852 894 ratione
865 874 933 894 con-
948 856 972 887 Β

149 914 253 940 versor,
271 914 297 934 et
330 909 420 936 dicere
443 909 553 944 aliquid.
577 915 604 937 et
630 911 750 939 dicentes
775 913 870 940 audire
895 913 935 940 vi-

149 952 215 978 (II'OI‘
230 960 238 979 :
256 957 282 978 et
298 953 333 979 ita
348 954 368 979 si
386 961 432 981 eos
444 955 613 988 ignoravero,
627 956 781 985 obliviscar.

152 996 269 1025 XXXVI.
284 998 467 1027 ZACHARIAE
492 1001 535 1028 ΕΤ
551 1000 709 1030 PIIILIPI'O
724 1003 934 1034 FIlATRIBUS.

185 1043 293 1077 Quanto
310 1045 445 1073 desiderio
471 1046 660 1080 laboraverim.
677 1052 813 1083 quomodo
828 1059 934 1082 possmn

153 1090 234 1116 verbo
257 1091 419 1125 exprimere,
440 1092 491 1120 nisi
513 1092 583 1120 forte
607 1094 704 1121 similia
723 1096 797 1130 passi
813 1096 936 1124 fueritis?

152 1134 203 1166 Qui
220 1135 292 1162 enim
307 1144 402 1170 passus
421 1143 463 1165 est
479 1139 512 1166 ad
528 1138 705 1173 iudicandum
721 1142 806 1177 magis
821 1148 863 1170 est
879 1144 937 1170 ido-

153 1188 219 1207 neus
236 1189 243 1207 :
270 1181 349 1209 talem
372 1189 462 1211 autem
485 1192 546 1212 esse
567 1193 725 1220 persuasum
747 1189 884 1221 Ilabe0,el
899 1189 922 1218 le

153 1234 212 1260 gem
238 1234 347 1254 servare
365 1229 492 1257 amicitia:
512 1231 592 1259 simul
607 1237 635 1260 et
649 1238 753 1261 naturae
768 1241 801 1261 ex
819 1235 861 1262 his
878 1243 939 1270 qua:

154 1273 274 1300 scribitis
288 1279 316 1301 et
336 1277 456 1304 suadetis
469 1278 496 1304 in
513 1279 611 1306 vestris
634 1279 752 1308 litteris:
770 1281 835 1308 mibi
848 1288 938 1309 autem

154 1318 237 1352 igitur
260 1320 360 1353 pariter
385 1322 516 1351 transﬁxo
544 1324 646 1357 dolore,
675 1330 702 1353 et
725 1326 826 1361 aliquid
852 1328 940 1356 simile

155 1371 226 1397 sa'pe
240 1365 330 1393 dicere
354 1368 463 1395 accidit.
488 1368 596 1397 Utinam
625 1379 713 1398 essent
729 1371 846 1400 Perseus
862 1378 888 1400 et
902 1375 942 1401 vi-

154 1409 233 1437 derer
260 1418 393 1445 pennatus
414 1421 477 1442 aera
493 1416 629 1450 scindens,
644 1421 672 1444 et
693 1425 775 1452 super
799 1427 873 1446 mare
887 1419 942 1447 ela-

156 1460 209 1487 tus,
225 1461 253 1484 ut
273 1465 434 1493 quocunque
457 1461 536 1488 modo
559 1462 644 1495 Iieret,
660 1464 730 1497 apud
745 1472 793 1492 vos
810 1473 898 1492 essent
915 1470 942 1493 et

155 1509 248 1529 antore
272 1503 400 1532 fruerer:
421 1511 519 1540 praeter
544 1513 667 1535 naturam
697 1510 816 1543 quidem,
832 1512 878 1538 sed
901 1516 942 1539 est
956 1521 977 1550 ο

156 1548 322 1581 propositum
339 1556 432 1577 eorum
449 1551 495 1584 qtti
513 1560 564 1578 non
578 1552 648 1580 ultra
659 1553 814 1582 desiderant
830 1557 939 1584 errandi

157 1592 273 1619 facibter
296 1600 322 1620 ct
344 1597 494 1623 seminandi
521 1606 581 1631 quae
605 1598 662 1626 ﬁeri
688 1601 810 1627 naturale
837 1607 877 1628 est
894 1610 902 1630 :
918 1602 940 1629 si

159 1645 220 1665 vero
232 1640 327 1667 iterum
347 1643 411 1669 mihi
429 1643 541 1671 fabulari
564 1645 652 1678 detur,
665 1645 720 1680 jam
733 1652 761 1674 et
777 1647 858 1675 Abari
871 1657 942 1683 sa'pe

158 1685 241 1712 invidi
260 1686 386 1722 Scythico
398 1689 506 1723 quidem
521 1695 548 1717 et
563 1690 693 1724 Barbare,
709 1692 776 1720 alias
791 1699 881 1721 autem
898 1702 943 1720 sa-

158 1729 242 1764 pienti
260 1736 287 1758 ct
306 1732 327 1759 si
353 1733 434 1761 libeat
455 1734 545 1763 felici:
571 1737 670 1771 quippe
690 1738 815 1772 sagittam
840 1739 943 1773 cogita-

159 1775 231 1803 tione
249 1777 409 1805 velociorem
430 1779 532 1808 habens
543 1782 613 1815 apud
628 1790 695 1816 quos
711 1784 817 1811 volebat
831 1792 861 1812 se
875 1792 944 1811 con-

160 1820 231 1848 ferre
254 1827 380 1856 poterat,
399 1829 423 1851 et
449 1825 499 1852 viae
516 1827 684 1861 longitudine
707 1829 778 1856 nulla
798 1831 944 1858 contrista-

160 1866 239 1894 batur
253 1869 370 1897 Abaris:
386 1870 432 1898 scd
448 1872 512 1906 quid
530 1879 579 1906 ego
592 1880 652 1907 qua:
675 1879 739 1900 sunt
756 1874 833 1909 longe
848 1881 946 1910 przeter

161 1917 285 1941 naturaet
306 1917 419 1950 quam?
433 1917 525 1944 Soluut
539 1919 617 1945 nobis
630 1918 819 1954 relinquuntur
830 1921 863 1947 ad
879 1929 943 1948 con-

159 1958 320 1987 solationem
338 1961 454 1989 liuenez
480 1962 598 1991 Perseus
618 1969 709 1991 autem
729 1969 754 1992 et
771 1965 869 1994 Abaris
882 1974 947 2001 poe-

162 2004 196 2032 tis
210 2007 394 2034 concedantur
409 2014 436 2035 et
452 2008 561 2037 fabulis.

379 2054 511 2083 XXXVII.
534 2055 727 2085 EPIPHANIO.

198 2096 228 2125 Si
244 2099 307 2126 dum
332 2099 468 2135 loquimur
488 2106 570 2136 taces,
594 2104 692 2132 scribis
713 2111 777 2132 vero
793 2105 855 2132 dum
876 2110 948 2132 taee-

164 2151 235 2177 mus,
252 2146 335 2173 timeo
348 2147 482 2179 scribens,
499 2155 531 2174 ne
551 2153 677 2183 oporteat
692 2150 803 2177 omnino
815 2154 862 2177 aut
875 2151 948 2185 loqui

981 228 1125 255 σιωπῶντα
1139 231 1172 265 τῇ
1191 230 1285 265 μνήμῃ
1300 230 1363 261 τοὺς
1387 230 1481 264 φίλους
1502 230 1584 266 ὀρᾷν;
1608 231 1678 266 ὅπερ
1701 232 1768 266 ἡμῖν

980 273 1028 300 καὶ
1049 273 1096 300 νῦν
1111 274 1232 300 ἐστικαὶ
1255 274 1353 301 οὔποτε
1369 274 1513 302 παύσεται.
1537 275 1718 309 Λογισώμεθα
1739 275 1768 302 δὲ

982 319 1082 354 μᾶλλον
1103 318 1141 350 ὡς
1162 320 1193 346 οὐ
1216 320 1320 347 δέδοται
1343 320 1433 347 πάντα
1457 321 1588 355 πράττειν
1604 320 1641 352 ὡς
1654 321 1768 351 ἕκαστος

981 365 1121 399 βούλεται”
1140 365 1241 398 ἔξωθεν
1255 365 1283 392 δέ
1300 365 1441 401 φροντίδες
1454 366 1501 392 τοῦ
1518 366 1576 401 βίου
1599 366 1646 392 καὶ
1666 366 1696 392 τὸ
1719 365 1767 392 τοῦ

983 411 1125 447 μέλλοντος
1148 412 1246 447 ἄδηλον
1268 411 1464 447 ἐπικρατοῦσιν
1487 411 1542 438 ἐσθ’
1558 412 1602 437 ὅτε
1626 411 1673 438 τοῦ
1693 411 1769 445 λογι-

982 457 1052 492 σμοῦ
1062 465 1069 473 ·
1085 457 1131 484 καὶ
1142 457 1176 484 τὰ
1192 458 1240 493 μὲν
1255 458 1316 491 ἄγει
1326 478 1333 489 ,
1347 459 1361 484 ὁ
1375 457 1404 484 δὲ
1427 457 1548 492 βουλεύει
1567 458 1615 484 καὶ
1633 457 1768 484 πείθεται.

981 503 1073 538 Κὰμοὶ
1086 503 1184 535 τοίνυν,
1201 503 1294 537 ἐπειδὴ
1307 502 1355 529 τοῦ
1372 503 1507 529 διδάσκειν
1529 503 1630 537 ἐπέϐην
1641 523 1649 534 ,
1663 501 1769 536 ἀγῶνες

981 558 1011 575 τε
1028 550 1158 584 συνεχεῖς,
1179 549 1224 576 καὶ
1236 550 1265 575 αἱ
1279 549 1343 584 περὶ
1356 549 1459 576 τούτων
1473 549 1614 584 φροντίδες
1633 548 1664 580 ἐξ
1683 547 1768 584 ἀρχῆς

982 595 1126 628 ἐπέθεντο,
1144 597 1191 622 καὶ
1208 594 1287 630 μέχρι
1308 594 1355 621 νῦν
1370 596 1420 621 οὐκ
1435 594 1584 621 ἀπέλιπον·
1601 594 1687 620 ταῦτα
1704 593 1770 628 μᾶλ-

982 640 1027 668 λον
1041 641 1126 676 ἐχρῆν
1140 640 1323 676 ἐνθυμεῖσθαι,
1341 640 1357 676 ἢ
1376 641 1422 668 ἐπὶ
1437 641 1544 676 μικροῖς
1559 639 1721 667 ὑποπτεύειν
1732 639 1771 670 ὡς

981 684 1053 723 ἦμεν
1065 685 1162 720 ἀγαθοί
1181 694 1210 712 τε
1228 686 1296 721 πρὸς
1309 686 1399 720 φιλίαν
1409 693 1417 701 ·
1435 686 1482 712 καὶ
1496 685 1544 712 νῦν
1560 685 1610 721 ἤδη
1627 684 1770 718 πεπαύμε-

983 732 1028 759 θα.
1038 731 1118 764 Ἀλλ’,
1128 728 1150 758 ὧ
1159 729 1223 763 Ζεῦ,
1234 731 1281 758 καὶ
1289 730 1399 767 ἔρωτες,
1411 731 1457 758 καὶ
1469 731 1526 757 ὅσοι
1538 730 1628 764 φιλίας
1641 729 1770 762 ἐπόπται,

983 779 1102 806 πείθοιτε
1117 778 1180 809 τοὺς
1193 777 1278 813 ἐμοὺς
1293 778 1463 813 κατηγόρους
1473 785 1479 792 ·
1492 777 1589 803 οὔποτε
1604 777 1672 811 πρὸς
1685 776 1771 811 λήθην

985 825 1075 853 αὐτῶν
1088 825 1238 860 ἀφικόμην,
1253 824 1319 851 ἀλλὰ
1339 824 1446 859 σύνειμι
1457 823 1497 858 τῷ
1511 823 1644 858 λογισμῷ,
1656 822 1703 849 καὶ
1726 821 1772 848 λέ-

985 880 1043 906 γειν
1055 879 1081 897 τι
1097 870 1178 902 δοκῶ,
1192 870 1240 898 καὶ
1252 870 1385 905 λεγόντων
1403 869 1514 896 ἀκούειν
1525 877 1533 886 ’
1547 869 1594 896 καὶ
1614 868 1652 900 ὡς
1666 868 1691 895 εί
1710 867 1772 894 τού-

984 926 1047 949 τους
1065 916 1165 951 ἀγνοῶ,
1180 917 1226 943 καὶ
1240 915 1360 951 ἐμαυτοῦ
1376 914 1553 950 ἐπιλήσομαι.

1045 1004 1113 1040 ΛΞΓ.
1135 1004 1284 1040 ΖΛΧΑΡῘᾼ
1302 1004 1363 1030 ΚΑΙ
1380 1003 1521 1038 ΦΙΛΙΠΠῼ
1540 1001 1711 1029 ΑΔΕΛΦΟΙΣ.

1023 1052 1096 1085 Ὂσῳ
1120 1050 1160 1086 τῷ
1186 1049 1250 1084 περὶ
1276 1049 1350 1084 ἡμᾶς
1373 1048 1547 1084 κεκράτημαι
1571 1047 1657 1082 πόθῳ,
1669 1046 1727 1077 πῶς
1741 1055 1776 1074 αν

986 1097 1120 1130 δυναίμην
1136 1094 1314 1130 παραστῆσαι
1326 1093 1364 1129 τῷ
1376 1093 1458 1128 λόγῳ,
1473 1093 1542 1128 πλὴν
1560 1093 1584 1119 εἰ
1600 1093 1637 1128 μή
1652 1101 1703 1119 που
1720 1100 1775 1119 πα-

989 1142 1126 1178 ραπλήσια
1144 1141 1292 1176 τυγχάνετε
1312 1140 1496 1172 πεπονθότες;
1518 1139 1547 1165 '(l
1563 1139 1617 1173 γὰρ
1632 1138 1774 1169 πεπονθὼς

987 1187 1021 1213 τὰ
1036 1185 1158 1221 περὶτοῦ
1174 1186 1278 1220 κρίνειν
1291 1186 1453 1211 ἐπίσταται·
1477 1185 1631 1219 πέπεισμαι
1643 1184 1672 1211 δέ
1686 1183 1774 1210 τοιοῦ-

988 1241 1033 1264 τος
1054 1231 1133 1263 εἶναι,
1149 1232 1197 1258 καὶ
1210 1231 1292 1266 νόμον
1311 1229 1454 1262 διασώζειν
1469 1230 1559 1264 φιλίας
1573 1229 1632 1265 ἃμα
1653 1230 1700 1256 καὶ
1722 1229 1775 1264 φύ-

990 1287 1059 1309 σεως
1083 1277 1112 1310 ἐξ
1135 1273 1173 1304 ὢν
1196 1277 1244 1303 καὶ
1271 1275 1391 1311 γράφετε
1415 1277 1463 1302 καὶ
1487 1275 1693 1310 παραμυθεῖσθε
1719 1275 1775 1306 τοῖς

989 1325 1151 1360 γράμμασιν
1161 1330 1168 1338 ·
1187 1323 1250 1357 ἐμοὶ
1263 1321 1285 1348 δ’
1301 1318 1347 1348 οὖν
1361 1321 1435 1356 ὅμως
1450 1320 1619 1356 ὴπορημένῳ
1632 1320 1672 1355 τῷ
1686 1320 1777 1353 πάθει,

990 1368 1038 1395 καὶ
1052 1367 1172 1395 τοιοῦτόν
1184 1375 1211 1394 τι
1226 1367 1354 1399 πολλάκις
1365 1366 1481 1401 ἐπῆλθεν
1498 1367 1595 1393 εἰπεῖν·
1613 1366 1675 1393 Εἴθε
1687 1366 1778 1400 γενοί-

994 1420 1047 1447 μην
1063 1411 1186 1447 Περσεὺς
1209 1411 1256 1437 καὶ
1279 1410 1393 1446 φανείην
1408 1411 1563 1445 ὑπόπτερος
1576 1410 1621 1437 τὸν
1645 1411 1713 1446 ἀέρα
1732 1411 1779 1438 τέ-

994 1466 1078 1493 μνων,
1089 1458 1136 1484 καὶ
1148 1457 1200 1484 ύπδ
1210 1457 1259 1492 τῆς
1271 1457 1408 1492 Θαλάσσης
1420 1458 1579 1492 φερόμενος,
1592 1458 1665 1489 ὅπως
1677 1458 1710 1484 ἃν
1721 1458 1780 1493 ἅμα

992 1512 1022 1530 τε
1038 1503 1115 1539 δοκῇ,
1132 1504 1178 1530 καὶ
1190 1503 1310 1538 γίνωμαι
1327 1504 1392 1538 παρ’
1404 1504 1469 1538 ὑμῖν
1493 1503 1541 1530 καὶ
1565 1504 1721 1539 ἀποναίμην
1732 1503 1781 1530 τοῦ

994 1549 1095 1585 ἔρωτος
1105 1557 1112 1564 ·
1131 1549 1205 1584 παρὰ
1221 1548 1302 1583 φύσιν
1317 1548 1375 1584 μὲν,
1391 1548 1449 1574 ἀλλ’
1465 1548 1496 1574 ού
1519 1548 1613 1583 πόρῤω
1627 1548 1782 1575 ποθούντων

995 1596 1012 1630 ἡ
1027 1594 1123 1630 γνώμη
1146 1595 1299 1622 πλανᾶσθαί
1321 1603 1351 1621 τε
1373 1594 1472 1630 ῥᾳδίως
1496 1595 1543 1621 καὶ
1568 1595 1748 1629 ὀνειροπολεῖν
1764 1594 1785 1622 ὃ.

995 1640 1101 1675 πέφυκε
1125 1640 1267 1675 γίνεσθαι’
1290 1641 1315 1667 εί
1338 1641 1367 1667 δέ
1391 1649 1442 1676 μου
1467 1640 1548 1667 πάλιν
1572 1641 1784 1675 μυθολογοῦντος

996 1686 1111 1722 ἀνάσχῃ,
1125 1686 1174 1722 ἥδη
1192 1686 1295 1714 καὶτὸν
1307 1687 1424 1721 ’Ἄϐαριν
1434 1685 1562 1718 πολλάκις
1576 1686 1710 1721 ἐζήλωσα,
1719 1687 1785 1714 Σκύ-

997 1733 1047 1768 θην
1066 1733 1114 1767 μὲν
1139 1732 1204 1759 ὄντα
1229 1732 1276 1759 καὶ¹
1296 1732 1447 1768 Βάρὸαρον,
1464 1732 1545 1767 σοφὸν
1563 1732 1590 1758 δὲ
1603 1732 1701 1764 ἄλλως,
1716 1733 1741 1759 εί
1756 1733 1786 1759 δὲ

998 1779 1096 1812 θέλεις,
1114 1778 1259 1814 εὐδαίμονα
1270 1786 1276 1793 ·
1293 1779 1334 1804 ὅτι
1346 1777 1392 1804 τὸν
1409 1778 1498 1804 ὀϊστὸν
1515 1777 1582 1812 ἔχων
1597 1777 1786 1813 ὑπηρετοῦντα

997 1827 1030 1860 τῇ
1054 1824 1162 1860 γνώμῃ,
1178 1824 1242 1859 παρ’
1254 1823 1301 1855 οὓς
1315 1823 1409 1859 ἤθελεν
1423 1824 1520 1858 ῆγετο⁶
1543 1823 1590 1850 καὶ
1611 1823 1671 1850 ὁδοῦ
1698 1823 1786 1858 μῆκος

997 1871 1074 1898 οὐδὲν
1090 1868 1243 1905 παρελύπει
1257 1868 1302 1895 τὸν
1314 1867 1428 1904 ’Δΰαριν
1438 1875 1445 1881 ·
1460 1866 1527 1893 ἀλλὰ
1539 1866 1565 1893 τί
1585 1875 1630 1901 μοι
1646 1866 1680 1893 τὰ
1693 1866 1788 1902 πόρῤω

999 1917 1076 1952 παρὰ
1093 1916 1173 1950 φύσιν
1195 1915 1307 1949 (aestv;
1325 1913 1415 1941 Μόνον
1433 1914 1498 1948 ἡμῖν
1512 1913 1636 1939 λείπεται
1652 1912 1720 1947 πρὸς
1736 1921 1787 1939 πα-

1000 1961 1138 1999 ραμυθίαν
1165 1960 1200 1988 τὰ
1225 1960 1391 1996 γράμματαο
1408 1957 1532 1994 Περσεὺς
1555 1958 1582 1984 δὲ
1606 1958 1655 1984 καὶ
1672 1957 1788 1992 ’Δὸαρις

1000 2008 1124 2043 ποιηταῖς
1136 2006 1253 2034 δεδόσθω
1266 2005 1312 2032 καὶ
1327 2004 1432 2040 μύθοις.

1269 2052 1329 2080 AZ’.
1343 2051 1515 2087 ΕΠΙΦΑΝΙῼ.

1036 2100 1068 2127 Ei
1083 2098 1236 2126 λαλούντων
1259 2098 1337 2133 ἡμῶν
1360 2097 1476 2132 σιωπᾷς,
1492 2096 1609 2132 γράφεις
1624 2095 1653 2122 δὲ
1667 2093 1789 2122 σιωπώνο

1001 2155 1065 2178 των,
1077 2145 1182 2172 δέδοικα
1204 2144 1332 2180 γράφων,
1348 2143 1375 2169 εἴ
1396 2151 1428 2176 τε
1453 2142 1499 2177 δέῃ
1526 2142 1633 2172 πάντως
1657 2141 1675 2176 ἢ
1699 2140 1790 2167 λαλεῖν

165 2196 226 2216 cum
241 2191 334 2222 mutis,
354 2197 402 2218 aut
416 2196 538 2220 tacentes
555 2193 650 2220 audire
663 2203 669 2221 :
684 2200 710 2221 et
724 2196 833 2228 quidem
846 2195 942 2223 littera:

1002 2191 1132 2226 ἀφώνοις,
1153 2191 1169 2225 ἢ
1187 2189 1347 2220 σιωπῶντας
1370 2189 1497 2215 ἀκούειν·
1517 2187 1606 2214 καίτοι
1624 2195 1656 2222 γε
1681 2187 1712 2214 τὺ
1727 2187 1791 2213 ἐπι-

168 2235 286 2268 mittere,
301 2241 330 2263 ut
351 2238 479 2265 convenit
503 2239 642 2274 imagitmti
668 2244 731 2266 sunt
753 2240 894 2272 homines,
923 2246 952 2267 ιιι

167 2280 323 2309 absentibus
339 2282 482 2317 imaginem
502 2289 645 2312 servarent
665 2286 850 2320 praesentium,
864 2290 892 2313 et
909 2286 953 2312 di-

167 2330 262 2353 cerent
281 2327 306 2354 in
319 2328 415 2355 litteris
429 2329 540 2363 perinde
555 2337 586 2357 ac
603 2330 624 2357 si
643 2335 889 2357 conversarentur:
904 2338 953 2364 ego

167 2377 258 2400 autem
272 2378 345 2400 tuam
363 2374 506 2408 epistolam
528 2382 737 2410 recognoscens,
751 2383 806 2410 pra:
817 2376 955 2410 voluptate

168 2418 240 2452 ﬂevi,
256 2423 284 2445 et
301 2425 327 2446 te
340 2426 502 2454 praesentem
524 2425 555 2448 ut
577 2428 759 2448 consueveras
778 2421 890 2449 videbar
909 2430 955 2448 nu-

168 2465 247 2499 dire;
271 2470 298 2492 et
319 2466 396 2494 dulce
417 2467 564 2501 suspirium
594 2467 705 2494 trabem
733 2467 876 2495 dicebam:
894 2467 956 2495 Iltec

168 2515 211 2538 cst
242 2512 409 2539 amicissima
438 2520 512 2539 vox:
533 2513 581 2540 sed
606 2513 730 2540 obtestor
759 2520 807 2547 per
835 2520 956 2540 amorem

171 2558 258 2591 ipsum
283 2562 309 2585 et
327 2566 420 2585 vocem
435 2559 514 2586 istam
531 2559 553 2586 si
569 2559 641 2586 illam
655 2558 859 2586 alicubi‘adhuc
875 2566 958 2586 nove-

171 2605 209 2632 ris
226 2608 253 2631 et
269 2605 426 2632 memineris
441 2613 474 2632 ne
488 2605 554 2632 mibi
572 2613 588 2632 a
605 2605 704 2633 litteris
718 2612 860 2632 removeas
872 2624 879 2637 ,
910 2612 958 2632 ne-

171 2657 225 2684 que
249 2651 318 2678 bane
330 2651 414 2678 solam
443 2652 655 2679 consolationem
673 2651 806 2686 eripueris
824 2659 831 2678 :
849 2658 882 2678 ne
910 2659 960 2678 un-

173 2703 253 2729 quam
272 2696 341 2723 forte
356 2697 489 2724 invideam
511 2697 543 2724 iis
555 2697 600 2731 qui
614 2704 702 2731 neque
714 2703 807 2723 amare
819 2701 958 2729 ceperunt,

175 2742 326 2776 quibusque
345 2751 398 2770 non
418 2744 516 2770 accidit
535 2743 635 2770 similia
654 2740 789 2776 perpessis
807 2741 960 2780 iuuentem.

178 2785 320 2814 XXXVIII.
337 2787 522 2815 ZACIIAIIIAE
533 2787 576 2813 ΕΤ
586 2786 743 2813 PIIILII’PO
751 2785 960 2814 FRATRIBUS.

215 2833 302 2860 Unum
326 2836 468 2868 quandam
491 2840 571 2862 antea
598 2833 675 2862 vobis
696 2833 884 2862 commendavi
915 2841 962 2869 per

1003 2237 1133 2269 στέλλειν,
1152 2236 1190 2267 ὼς
1205 2236 1291 2267 εἰκθις,
1306 2234 1514 2270 ἐμηχανήσαντο
1538 2233 1676 2268 ἄνθρωποι
1688 2253 1695 2264 ,
1717 2232 1792 2264 ὅπως

1002 2284 1058 2315 τοῖς
1069 2282 1186 2309 ἀποῦσιν
1199 2282 1312 2317 μίμημα
1326 2281 1438 2312 σώζοιεν
1453 2279 1594 2314 παρόντων
1605 2286 1613 2294 ⁸
1626 2278 1674 2304 καὶ
1687 2278 1792 2312 λέγοιεν

1003 2328 1033 2355 ἐν
1055 2329 1110 2359 τοῖς
1127 2327 1299 2363 γράμμασιν,
1315 2326 1410 2360 ὥσπερ
1425 2325 1457 2352 ἆν
1473 2325 1498 2351 εί
1514 2325 1562 2351 καὶ
1581 2324 1706 2355 συνόντες
1730 2320 1791 2350 ὢσι.

1010 2374 1080 2408 Ἐγὼ
1096 2373 1125 2400 δέ
1142 2380 1187 2399 σου
1203 2373 1252 2407 τὴν
1263 2371 1407 2406 ἐπιστολὴν
1423 2370 1566 2404 ἀναγνοὺς,
1581 2368 1626 2404 ὑφ’
1637 2369 1734 2404 ἡδονῆς
1745 2368 1794 2395 καὶ

1005 2419 1152 2454 ἐδάκρυσα,
1168 2418 1216 2445 καὶ
1238 2418 1284 2444 cro-3
1301 2417 1434 2452 παρόντος
1454 2416 1548 2451 ὥσπερ
1565 2415 1670 2446 εἰώθεις
1687 2414 1795 2441 ἐδόκουν

1005 2466 1114 2493 ἀκούειν
1124 2474 1130 2481 ·
1149 2466 1196 2492 καὶ
1220 2465 1268 2500 ἡδύ
1283 2473 1307 2490 τι
1318 2464 1435 2495 πνεύσας
1451 2463 1530 2490 τοῦτο
1545 2460 1632 2493 εἷπον.
1653 2461 1762 2495 Ἐκείνη
1777 2461 1796 2496 ἡ

1007 2513 1120 2547 φιλτάτη
1139 2512 1224 2547 φωνή.
1234 2510 1304 2537 Ἀλλ’
1315 2507 1337 2536 ὦ
1351 2510 1417 2545 πρὸς
1434 2509 1535 2543 ἔρωτος
1544 2507 1627 2534 αὑτοῦ
1642 2507 1689 2534 καὶ
1703 2507 1796 2541 φωνῆς

1006 2558 1125 2594 ἐκείνης,
1143 2558 1170 2584 εἴ
1184 2566 1235 2583 που
1258 2556 1361 2592 ταύτην
1375 2555 1416 2581 ἐτι
1431 2552 1511 2581 οἶσθα
1526 2554 1573 2580 καὶ
1589 2553 1739 2588 μέμνησαι,
1757 2551 1795 2586 μή

1010 2613 1055 2640 μοι
1069 2603 1294 2638 τοῖςγρὰμμασιν
1305 2600 1450 2635 ἀποδήμει,
1460 2599 1528 2633 μηδὲ
1538 2598 1587 2633 τὴν
1600 2598 1685 2632 μόνην
1695 2596 1798 2631 ἀφέλῃς

1008 2647 1199 2684 ’παραμυθίαν-
1217 2646 1253 2682 μή
1270 2654 1336 2671 ποτε
1351 2645 1422 2679 τάχα
1445 2642 1560 2678 ζηλὼσω
1581 2643 1646 2674 τοὺς
1664 2641 1731 2677 μηδὲ
1747 2641 1798 2676 τὴν

1009 2694 1097 2729 ἀρχὴν
1113 2692 1244 2728 ἐρῶντας,
1262 2691 1310 2722 οὓς
1326 2691 1393 2726 μηδὲ
1411 2688 1557 2724 συμϐαίνει
1569 2688 1682 2714 τοιαῦτα
1697 2686 1799 2714 παθόν-

1009 2749 1058 2771 τας
1077 2738 1230 2774 ὀδύρεσθαι.

1070 2784 1135 2811 All’.
1157 2782 1306 2817 ΖΔΧΑΡΙᾼ
1325 2781 1385 2808 ΚΑΙ
1404 2781 1546 2815 ΦΙΛΙΠΠῼ
1564 2778 1740 2806 ΛΔΕΛΦΟΙΣ.

1047 2831 1098 2858 Τὸν
1111 2830 1185 2857 δεῖνα
1199 2829 1305 2864 φθάσας
1325 2829 1390 2863 ὑμῖν
1412 2827 1566 2862 συνέστησά
1578 2825 1624 2853 διὰ
1635 2824 1686 2860 τῆς
1699 2821 1800 2860 προτέ-
