1988 3079
180 130 253 163 2749

902 127 1106 159 EPISTOL/E.

1741 123 1814 159 2750

176 197 226 224 ρας
240 185 402 220 ἐπιστολῆς·
418 185 470 212 οὐκ
485 184 524 217 εἰς
546 184 661 221 ἀκριϐὲς
674 183 778 211 ἐκεῖνον
792 184 871 216 ειδὼς
883 204 890 216 ,
906 184 968 211 ἀλλ¹

1023 185 1139 220 primam
1161 183 1303 220 epistolam
1322 189 1329 210 :
1348 189 1402 211 non
1425 181 1507 210 istum
1531 186 1661 210 accurate
1685 189 1813 211 noscens.

174 234 204 266 ἐξ
225 229 263 260 ὧν
278 231 426 259 ἐπλάττετο
436 251 444 263 ,
459 229 556 257 τοῦτον
570 225 724 266 ἡγούμενος
749 229 819 264 ὅπερ
842 229 892 255 οὐκ
915 226 949 265 ἦν
962 238 968 245 ·

174 278 304 306 ἐλάνθανε
325 277 389 312 γὰρ,
405 276 582 312 προσχήματι
599 275 648 311 μὲν
673 274 765 306 καλῶς
788 275 969 310 κεχρημένος,

173 324 212 351 ὢν
227 324 256 351 δὲ
274 323 397 355 τοιοῦτος
421 319 478 349 οἷον
505 321 633 355 ὑπέδειξε
655 321 750 348 τοῦτον
765 321 782 356 ἡ
798 320 970 356 πεῖρα.“Απὸ

173 371 228 405 γὰρ
241 369 291 405 τῆς
306 368 431 401 Γαζαίων
441 367 614 403 ὁρμώμενος,
628 366 674 394 καὶ
690 366 795 402 μέλλων
807 366 969 401 ἀνάγεσθαι,

174 415 289 442 κατέλυε
306 414 355 450 μὲν
371 414 448 449 παρά
461 422 516 441 τινι
531 413 585 440 τῶν
599 412 773 449 ἐπιτηδείων,
789 411 884 448 ὥσπερ
897 412 969 445 είκός

174 462 244 494 ἐστι,
257 461 338 496 μέχρι
349 459 432 491 πλοῦς
439 460 564 495 γένηται·
578 458 734 490 πιστευθεὶς
743 458 770 485 δὲ
781 459 856 494 νόμῳ
867 458 969 493 φιλίας,

173 507 220 533 καὶ
234 506 302 542 πρὸς
317 506 429 538 πολλαῖς
443 506 551 542 ἑτέραις
572 505 622 532 καὶ
645 504 748 540 ταύτην
770 505 852 540 χάριν
867 504 969 539 λαϐὼν,

172 551 221 578 τοῦ
236 551 437 587 ὑποδεξαμένου
460 551 575 586 διώρυξε
597 551 647 586 τὴν
663 550 771 578 οἰκίαν·
787 551 837 577 καὶ
859 548 896 577 ὧν
913 548 970 585 εἶχε

173 599 323 634 χρημάτων
346 597 440 625 τοῦτον
465 597 622 632 ἐγύμνωσε·
638 597 686 623 καὶ
702 597 746 624 ἵνα
768 596 838 632 λάθῃ
861 597 896 623 τὰ
919 597 971 631 τῆς

173 645 301 680 ὑποψίας,
319 644 394 676 κλεὶς
411 644 460 679 μὲν
473 641 507 680 ἦν
523 644 597 680 αὐτῷ
611 644 680 679 πρὸς
695 643 744 679 τὴν
762 642 910 678 ἐπιϐουλὴν
923 643 971 670 εὐ-

171 692 294 727 -ιιρεπής⁸
308 691 395 726 ταύτῃ
412 691 441 717 δὲ
455 690 602 723 διανοίξας,
624 690 673 717 καὶ
688 689 761 725 ἅπερ
779 685 842 724 εὗρε
865 688 968 722 λαϐὼν,

172 737 254 764 πάλιν
269 736 308 772 τῷ
322 736 442 772 κιϐωτίῳ
458 735 489 762 τὸ
505 736 621 763 παλαιὸν
633 735 754 770 ἐπέθηκε
767 734 863 769 σχῆμα
872 741 879 748 ⁸
893 733 931 765 ὠς
941 733 970 760 δὲ

174 783 250 818 μόλις
267 782 351 814 αὐτὸς
368 781 492 817 ἀνήχθη,
510 781 557 807 καὶ
581 779 650 815 πρὸς
664 779 699 806 τὰ
715 778 847 806 δοκοῦντα.
862 777 969 805 κεῖσθαι

170 829 251 864 χρεία.
275 828 329 855 τῶν
354 828 503 863 κτημάτων
518 826 621 859 ἐκάλει,
638 824 704 862 ἦλθε
729 825 759 852 τὸ
783 825 877 861 δρᾶμα
902 823 970 859 πρὸς

171 875 294 910 ἔλεγχον,
309 874 357 901 καὶ
372 875 428 905 τοῖς
441 873 603 909 τεκμηρίοις
619 872 769 906 ἀντιλέγειν
783 871 832 897 οὐκ
845 868 896 906 ἦν·
913 879 970 897 τοι-

171 920 259 947 ούτων
282 920 330 946 καὶ
355 919 495 950 Μενέλαος
517 918 572 945 τῶν
596 918 692 951 ξενίων
713 916 882 952 ἁπήλαυσεν,
906 916 970 943 ἀντ’

171 966 290 1001 ἀμοιϐῆς
321 974 395 997 τινος
420 965 471 1000 τὴν
501 964 612 1000 Ἑλένην
637 963 831 999 ἀφῃρημένος
856 961 970 989 τοιαῦτα

170 1011 288 1046 γράφειν
312 1010 433 1046 ἐπήρθη,
447 1010 491 1037 ἵνα
505 1009 543 1045 μὴ
557 1009 592 1036 δι’
607 1009 684 1044 ὑμῶν
699 1007 873 1040 πιστευθεὶς,
887 1007 969 1042 ἕτερα

170 1055 283 1083 τοιαῦτα
300 1055 345 1081 τὶν
358 1054 544 1081 πιστεύσαντα
559 1053 648 1090 δράσῃ
660 1062 666 1070 ι
692 1053 740 1080 καὶ
758 1052 896 1088 μέμψεται
919 1051 969 1087 μὲν

171 1101 244 1136 ὑμᾶς
260 1102 274 1128 ό
289 1099 396 1133 παθὼν,
409 1100 459 1136 ἐμὲ
477 1100 506 1127 δὲ
521 1100 631 1131 πάντως
647 1100 737 1136 ὑμεῖς.

423 1190 485 1218 ΛΘ’.
507 1189 729 1224 ΔΘΠΝΟΔΩΡῼ.1

206 1239 358 1274 Δεξάμενος
380 1237 410 1265 τὸ
436 1236 547 1273 βιϐλίον,
565 1235 630 1271 ὑμῖν
647 1236 696 1271 μὲν
712 1235 794 1270 χάριν
810 1233 968 1270 ὡμολόγουν

169 1286 295 1318 είκότως,
310 1284 422 1320 ἐμαυτῷ
443 1283 472 1310 δὲ
497 1282 651 1318 συνηδόμην
677 1282 701 1308 εί
731 1280 870 1312 τοιούτους
894 1280 968 1316 ὑμᾶς

169 1332 251 1363 ὄντας
265 1331 333 1366 πρὸς
346 1330 438 1366 φιλίαν
451 1328 606 1364 εὐτύχησα·
623 1327 670 1354 καὶ
686 1327 723 1363 μή
740 1336 775 1361 με
788 1326 909 1362 βαλλέτω
925 1326 967 1353 λί-

171 1377 211 1412 θῳ
229 1376 325 1412 τραχεῖ
338 1376 353 1402 ὁ
364 1374 473 1410 φθόνος,
486 1374 522 1405 ὡς
543 1373 581 1408 τῷ
599 1373 726 1408 Πινδάρῳ
738 1372 812 1399 δοκεῖ
822 1381 830 1388 ·
841 1372 968 1408 ηὐχόμην

170 1424 199 1451 δέ
216 1424 264 1451 καὶ
276 1425 310 1459 τῇ
325 1423 405 1460 τύχῃ,
421 1422 553 1449 δύνασθαί
572 1421 606 1457 μέ
631 1430 697 1448 ποτε
722 1421 883 1456 πρέπουσαν
904 1420 968 1454 ὑμῖν

171 1470 368 1498 ἀνταποδοῦναι
379 1470 428 1504 τὴν
440 1470 521 1504 χάριν
531 1477 538 1484 ·
557 1469 573 1504 ἡ
586 1469 615 1495 δὲ
629 1468 733 1503 ταχέως
744 1468 836 1495 δίδωσι
846 1466 893 1494 τὸν
904 1475 970 1493 και-

173 1517 229 1552 ρόν,
246 1515 301 1543 οἷον
319 1515 351 1542 σύ
365 1524 395 1542 τε
410 1515 530 1547 ἐϐούλου,
545 1514 624 1548 κάγὼ
639 1514 723 1541 πάλαι
737 1513 839 1549 ζητῶν,
856 1512 904 1539 νῦν
918 1512 967 1547 μὸ-
981 1526 1002 1554 c

171 1562 213 1593 λις
231 1562 394 1596 ἐτύγχανον⁸
411 1561 456 1587 τὸν
472 1555 526 1595 γὰρ
539 1559 636 1595 ἔχοντα
652 1559 702 1594 τὴν
716 1558 832 1586 καθόλου
847 1558 966 1585 πέπεικα

171 1606 251 1634 τοῦτό
266 1615 307 1633 σοι
323 1606 406 1641 μέρος
420 1605 580 1638 ἀποδόσθαι,
597 1601 628 1631 οὗ
643 1605 690 1631 καὶ
703 1603 849 1639 τυγχάνεις
869 1603 966 1637 δεόμε-

176 1661 216 1684 to:
228 1661 235 1668 ·
254 1653 279 1679 εἰ
297 1651 346 1687 μὲν
360 1649 406 1678 οὖν
423 1651 503 1686 ἔλθῃς
516 1651 553 1683 ὡς
566 1651 639 1686 ἡμᾶς
649 1670 656 1683 ,
675 1650 773 1677 θᾶττον
791 1650 823 1676 ἂν
836 1648 922 1684 λάϐῃς
937 1648 968 1675 τὺ

174 1698 267 1732 κτῆμα
283 1696 358 1734 παρὰ
375 1696 425 1732 τῆς
439 1696 533 1731 τιμῆς,
550 1695 585 1722 τὰ
603 1695 653 1730 μὲν
677 1695 786 1727 πείσας,
802 1694 837 1721 τὰ
855 1694 884 1720 δὲ
908 1701 968 1720 πει-

174 1743 258 1774 σθεὶς.
273 1742 311 1774 ὡς
325 1743 339 1769 ὁ
350 1742 401 1777 τῆς
421 1741 556 1777 ἐμπορίας
574 1741 700 1776 βούλεται
715 1739 797 1775 νόμος
808 1747 816 1755 ⁸
835 1738 859 1766 εί
872 1738 901 1765 δὲ
918 1738 967 1773 μὴ,

173 1787 254 1819 αὐτὸς
269 1788 329 1823 ἥξει
344 1787 412 1824 πρὸς
434 1787 464 1814 οὲ
482 1787 581 1823 καιροῦ
595 1786 753 1820 καλοῦντος,
766 1785 804 1818 ὡς
826 1785 894 1821 ἡμῖν
917 1784 968 1810 ὲπ-

173 1833 332 1870 ηγγείλατο.

455 1925 501 1952 M'.
526 1923 684 1960 ΣΟΣΙΑΝῼ.

216 1971 245 1998 '0
259 1970 411 2005 Θαυμάσιος
433 1969 560 2003 ’Λλφαῖος
572 1967 724 2004 ἀπήγγειλέ
740 1976 797 2003 μοι,
807 1966 929 1994 τοιοῦτόν
938 1975 968 1993 σε

174 2017 239 2052 περὶ
255 2016 337 2043 αὑτὸν
349 2015 523 2050 γεγενῆσθαι,
535 2012 591 2041 οἷον
603 2014 684 2046 αὐτὸς
700 2013 750 2048 μὲν
763 2013 901 2040 ἐϐούλετο·
912 2013 968 2047 ἐγὼ

173 2063 202 2090 δὲ
217 2062 312 2090 τοῦτον
328 2062 448 2093 ἀκούσας
462 2061 550 2097 ἥσθην
569 2061 620 2097 μὲν
643 2060 653 2096 (
666 2061 724 2093 πῶς
738 2061 793 2096 γὰρ
817 2060 868 2087 οὐκ
889 2059 968 2095 ἔμελ-

174 2110 219 2135 λον
229 2108 260 2144 ;)·
276 2108 306 2135 οὐ
323 2107 369 2144 μὴν
385 2108 435 2143 ἤδη
453 2116 499 2143 μοι
515 2108 562 2135 καὶ
571 2107 727 2142 θαυμαστὸν
744 2107 832 2134 ἐδόκει
850 2106 881 2132 τὸ
894 2106 966 2141 πρᾶ-

174 2161 249 2188 γμα·
268 2154 292 2180 εί
318 2153 346 2180 δὲ
371 2153 478 2188 βούλει,
501 2153 549 2180 καὶ
570 2152 716 2188 προλαϐὼν
737 2151 889 2187 διηγούμην
912 2148 967 2182 οἷος

1022 231 1068 258 sed
1084 238 1117 258 ex
1132 230 1166 258 iis
1189 237 1250 264 quae
1263 229 1422 261 simulabat.
1446 228 1520 255 illum
1542 232 1642 263 putans
1658 235 1719 256 esse
1741 227 1813 262 quod

1022 285 1076 305 non
1093 282 1151 304 erat
1170 287 1177 304 :
1193 275 1297 304 latebat
1322 276 1407 309 cnim,
1423 274 1513 309 specie
1529 274 1639 310 quidem
1665 268 1731 301 falsa
1749 274 1816 301 bene

1022 331 1097 355 usus,
1114 323 1175 350 talis
1194 328 1285 351 autem
1304 321 1413 358 qualem
1432 321 1510 348 illum
1523 319 1816 356 perbibnitexperien-

1023 369 1070 397 tia.
1096 369 1170 398 Gaza
1195 370 1268 397 enim
1290 376 1428 404 egressus,
1457 368 1529 395 unde
1553 366 1728 401 expellendus
1743 370 1814 398 erat,

1021 415 1092 449 apud
1120 414 1265 449 quemdam
1291 421 1323 441 ex
1349 413 1445 441 amicis
1474 412 1627 440 divcrsatus
1650 415 1703 443 est,
1729 417 1816 446 usque

1022 460 1084 488 dum
1100 465 1129 487 ut
1143 467 1250 494 aequum
1271 463 1323 493 est,
1344 460 1421 487 ﬁeret
1448 458 1584 494 navigatio
1601 466 1608 484 :
1630 457 1751 486 conlisus
1764 465 1814 484 au-

1022 512 1075 535 tem
1092 508 1150 542 lege
1163 508 1291 535 amicitiae
1305 511 1333 535 et
1350 511 1446 542 prmter
1465 506 1564 534 multas
1580 506 1650 534 alias
1660 505 1711 533 hac
1727 505 1816 540 gratia

1022 559 1146 588 accepta,
1164 552 1224 588 ejus
1234 553 1279 588 qui
1299 561 1361 581 eum
1376 557 1515 587 receperat
1531 552 1679 587 perforavit
1693 552 1814 584 domum,

1021 603 1049 626 et
1061 599 1166 627 divitiis
1182 606 1251 633 quas
1273 599 1390 626 habebat
1415 598 1489 625 illum
1516 599 1665 634 spoliavit:
1682 603 1710 626 et
1730 605 1764 625 ne
1786 597 1814 625 in

1021 645 1205 678 suspicionem
1234 645 1386 676 incideret,
1412 648 1472 672 erat
1497 645 1547 680 ipsi
1577 644 1663 672 clavis
1681 644 1714 671 ad
1738 644 1815 672 dolos

1022 690 1152 717 instructa
1172 698 1178 717 :
1197 698 1260 717 cum
1286 689 1357 717 illius
1381 697 1432 724 ope
1455 690 1581 724 aperiens
1596 710 1604 723 ,
1629 697 1689 725 qua:
1714 689 1816 717 invenit

1022 734 1153 770 cepisset,
1169 742 1264 762 rursus
1281 734 1402 762 arculam
1417 735 1444 761 in
1465 735 1579 769 pristino
1596 740 1668 763 statu
1680 735 1814 770 reposuit.

1022 780 1072 808 Vix
1091 782 1182 808 autem
1195 780 1252 816 ipse
1269 779 1329 808 vela
1345 780 1422 813 fecit,
1434 785 1462 808 et
1476 781 1510 808 ad
1526 788 1557 808 ca
1578 788 1639 815 qua:
1651 780 1816 814 videbantur

1018 826 1111 863 jacere
1129 835 1194 854 usus
1216 834 1297 862 opum
1325 826 1430 861 impulit
1448 831 1529 862 atque
1558 827 1659 854 factum
1687 826 1762 854 venit
1781 826 1815 853 ad

1021 872 1215 907 cognitionem,
1244 872 1309 906 quin
1338 872 1505 906 conjecturis
1528 872 1716 900 contradicere
1730 871 1816 907 possi~

1020 917 1074 945 bile
1092 922 1165 945 esset
1178 926 1186 945 :
1202 917 1262 944 talia
1278 922 1306 944 et
1319 918 1353 944 ab
1372 917 1478 952 hospite
1491 926 1600 945 munera
1618 919 1737 952 percepit
1752 919 1812 945 Me-

1021 964 1114 990 nelaus
1129 983 1136 995 ,
1155 971 1216 990 cum
1244 970 1292 998 pro
1320 963 1437 998 quadam
1453 963 1604 991 ciliciorum
1629 963 1815 991 vicissitudine

1021 1014 1099 1044 rapta
1117 1009 1167 1036 luit
1185 1008 1286 1037 llelena
1303 1017 1310 1036 :
1331 1009 1431 1036 similia
1462 1009 1583 1037 scribere
1599 1010 1732 1036 adductus
1752 1017 1814 1036 smn

1021 1062 1055 1082 ne
1079 1055 1151 1081 inter
1177 1061 1226 1082 vos
1249 1054 1370 1082 conlisus
1395 1053 1421 1082 in
1447 1055 1628 1082 conlidenlem
1647 1054 1699 1081 alia
1714 1054 1815 1082 similia

1021 1106 1166 1135 praestaret
1180 1109 1187 1128 :
1203 1105 1231 1128 et
1242 1101 1352 1136 quidem
1379 1101 1413 1129 de
1427 1101 1641 1137 vobisqueretur
1658 1108 1764 1135 passus,
1781 1100 1815 1128 de

1020 1153 1063 1174 me
1074 1150 1165 1174 autem
1181 1154 1229 1174 vos
1245 1147 1368 1174 omnino.

1220 1192 1343 1220 XXXIX.
1364 1191 1615 1220 ATHENODORO.

1055 1238 1159 1266 Libello
1176 1245 1299 1274 accepto,
1312 1240 1390 1267 vobis
1410 1240 1518 1275 quidem
1549 1239 1654 1273 gratias
1676 1238 1814 1274 persolve-

1019 1284 1080 1312 bam
1096 1287 1192 1313 merito
1210 1295 1218 1314 :
1234 1286 1263 1313 in
1288 1293 1331 1314 me
1352 1289 1443 1314 autetn
1467 1285 1620 1321 gaudebam
1648 1285 1722 1320 quod
1745 1284 1812 1312 mihi

1018 1331 1163 1366 contigerit
1178 1339 1226 1359 vos
1241 1339 1303 1359 cum
1321 1331 1387 1359 tales
1404 1331 1466 1359 sitis
1488 1331 1515 1358 in
1539 1330 1660 1358 amicitia
1683 1330 1785 1358 habere
1800 1338 1808 1357 :

1020 1382 1053 1401 ne
1064 1382 1107 1402 me
1121 1374 1204 1402 feriat
1217 1381 1315 1409 aspero
1329 1373 1417 1409 lapide
1433 1373 1542 1406 invidia.
1561 1377 1590 1401 ut
1606 1373 1723 1401 Pindaro
1737 1373 1814 1401 vide-

1020 1424 1063 1447 tur
1075 1429 1082 1447 :
1095 1420 1229 1455 precabar
1238 1424 1328 1448 autem
1339 1424 1364 1447 et
1377 1419 1512 1447 fortunam
1524 1423 1552 1446 ut
1563 1419 1628 1447 olim
1641 1419 1707 1446 mihi
1717 1419 1814 1446 liceret

1020 1473 1111 1501 aequas
1135 1466 1211 1493 vobis
1240 1467 1391 1501 rependere
1412 1465 1516 1501 gratias
1533 1474 1540 1493 :
1556 1472 1616 1500 quae
1635 1465 1743 1500 quidem
1768 1472 1814 1492 sn-

1020 1510 1075 1538 bito
1092 1511 1206 1546 prmbllit
1220 1512 1392 1541 Occasionem
1409 1516 1438 1539 nt
1455 1511 1574 1545 volebas,
1592 1517 1621 1539 et
1646 1519 1695 1546 ego
1708 1512 1812 1546 jamdiu

1022 1564 1149 1591 quaerens
1167 1558 1210 1584 vix
1225 1557 1333 1585 obviam
1349 1558 1430 1585 habui
1447 1567 1455 1586 :
1472 1559 1546 1586 illum
1570 1563 1660 1586 autem
1683 1559 1729 1594 qui
1749 1566 1811 1586 eam

1020 1602 1102 1628 habet
1114 1603 1270 1629 stunmatim
1287 1603 1448 1630 adhortatus
1460 1611 1521 1630 sum
1547 1608 1576 1630 ut
1597 1603 1667 1630 hanc
1683 1603 1730 1630 tibi
1748 1611 1812 1637 par-

1020 1652 1072 1674 tem
1088 1647 1218 1679 traderet,
1230 1655 1284 1682 qua
1297 1652 1323 1675 et
1337 1648 1405 1675 forte
1428 1649 1532 1682 indiges
1547 1658 1554 1676 :
1571 1648 1593 1676 si
1612 1649 1693 1684 igitur
1704 1648 1813 1683 quidem

1018 1693 1127 1720 veneris
1145 1693 1178 1719 ad
1193 1701 1253 1726 nos,
1269 1694 1350 1721 citius
1369 1694 1570 1728 possessionem
1583 1702 1616 1721 ex
1633 1699 1710 1728 parte
1725 1694 1812 1721 bono-

1019 1739 1058 1766 ris
1082 1739 1211 1773 recipies,
1227 1739 1281 1767 alia
1294 1740 1404 1774 quidem
1419 1740 1598 1774 persuadens,
1610 1739 1699 1774 quoad
1714 1745 1814 1767 ctetera

1018 1791 1176 1819 persuasus,
1194 1790 1222 1811 ut
1238 1784 1293 1812 vult
1311 1785 1352 1812 lex
1368 1785 1570 1820 negotiationis.
1586 1785 1608 1812 si
1621 1788 1685 1817 n‘on.
1695 1785 1753 1820 ipse
1768 1792 1815 1813 ve-

1019 1831 1075 1858 niet
1098 1830 1132 1858 ad
1150 1835 1176 1858 te
1193 1834 1315 1866 tempore
1337 1831 1488 1865 invitatus,
1506 1836 1536 1858 ut
1554 1831 1634 1859 nobis
1658 1831 1812 1858 nuntiatqu

1019 1880 1072 1913 est.

1300 1922 1358 1951 ιιι.
1380 1922 1536 1952 SOSIANO.

1053 1969 1227 1998 Admirabilis
1254 1970 1382 2005 Alpbteus
1406 1969 1578 1998 annuntiavit
1604 1969 1670 1998 mibi
1696 1973 1723 1997 te
1746 1976 1809 1997 eum
1836 1995 1839 1998 λ

1019 2023 1084 2051 erga
1103 2016 1190 2051 ipsum
1206 2016 1292 2045 fuisse
1304 2024 1384 2052 quem
1405 2017 1463 2051 ipse
1483 2016 1594 2051 quidem
1612 2016 1720 2044 volebat
1735 2024 1743 2044 :
1763 2023 1813 2051 ego

1019 2066 1109 2090 autem
1123 2062 1188 2090 illud
1196 2062 1333 2098 accipiens
1347 2063 1451 2090 laetatus
1464 2070 1524 2090 sum
1540 2062 1660 2097 quidem.
1672 2062 1814 2096 Quomodo

1019 2109 1092 2136 enim
1104 2116 1156 2136 non
1173 2108 1278 2137 laetatus
1297 2109 1406 2137 essem?
1423 2117 1476 2137 non
1495 2113 1584 2137 tatnen
1603 2109 1661 2145 jam
1684 2108 1753 2136 mihi
1784 2113 1813 2136 et

1021 2155 1153 2189 stupenda
1169 2163 1213 2183 res
1228 2156 1392 2183 videbatur:
1411 2156 1433 2184 si
1452 2161 1542 2183 autem
1560 2156 1655 2189 mavis,
1667 2159 1695 2183 et
1711 2163 1815 2190 pracve—

175 2197 344 2232 ὑπογράφων
368 2197 433 2232 περὶ
456 2196 552 2224 τοῦτον
579 2197 692 2231 ἐγένου·
709 2197 747 2229 ὠς
769 2197 873 2223 ἐκεῖνον
899 2196 967 2223 ἁπο-

1022 2201 1099 2229 niens
1113 2201 1227 2236 exposui
1245 2202 1406 2230 describens
1434 2202 1523 2237 qualis
1540 2210 1605 2237 erga
1622 2202 1704 2231 istum
1720 2201 1812 2236 fuisti;

175 2245 273 2281 ροῦντα
284 2244 377 2270 λοιπὸν
391 2245 405 2270 ὃ
417 2253 443 2270 τι
458 2243 505 2270 καὶ
521 2243 597 2278 λέγει
612 2243 669 2278 ἅμα
677 2243 725 2270 καὶ
741 2242 840 2277 γέλωτι
858 2242 965 2278 σιωπᾷ·

173 2290 221 2318 καὶ
235 2290 382 2324 εὐδαίμονά
398 2298 432 2324 με
446 2289 494 2324 τῆς
507 2289 599 2323 φιλίας
615 2288 726 2322 ἐγκαλεῖ
738 2295 744 2302 ·
759 2287 816 2314 ἀλλ’
829 2287 904 2322 ὅμως
916 2287 966 2323 τὴν

174 2338 235 2372 ῐσην
250 2336 368 2371 σπουδὴν
387 2336 547 2371 εἰσενέγκῃς
558 2335 623 2370 περὶ
635 2331 671 2362 ὧν
685 2335 699 2360 ὑ
704 2333 762 2369 μῶν
772 2334 888 2369 ἐδεήθην
899 2341 968 2369 παρ-

173 2383 222 2416 ὼν,
236 2383 311 2415 ὅπως
323 2382 404 2414 αὐτὸς
423 2382 474 2418 μέν
491 2390 537 2417 μοι
554 2382 634 2417 χάριν
651 2380 762 2416 είδείην,
775 2380 927 2416 ἀμφότεροι
938 2379 967 2406 δὲ

173 2430 255 2457 πάλιν
271 2429 347 2465 ὑμῖν.

439 2476 466 2502 Μ
469 2473 507 2502 A'.
535 2474 699 2510 ΝΙΙΦΑΛΙῼ.

209 2523 256 2554 Εἰς
275 2523 337 2550 ὅσον
356 2522 419 2557 ἥκει
432 2522 481 2556 τῆς
495 2520 615 2556 ἀπορίας
628 2521 642 2546 ὁ
660 2520 808 2554 Στέφανος,
826 2519 881 2546 οὐδ’
893 2519 966 2554 ὑμᾶς

173 2566 250 2603 οἴμαι
267 2567 410 2595 λανθάνειν
421 2575 428 2582 ·
445 2567 492 2594 καὶ
507 2567 548 2594 ὅτι
564 2566 626 2602 μηδ’
642 2567 671 2593 ὲν
684 2567 744 2597 ταῖς
760 2566 840 2601 χερσὶ
854 2565 967 2592 δύναται

174 2614 310 2641 ποιεῖσθαι
326 2614 375 2647 τὴν
396 2612 508 2646 ἐλπίδα,
525 2613 573 2639 τοῦ
596 2612 655 2647 βίου
672 2612 772 2648 μικροῦ
787 2612 843 2638 δεῖν
859 2612 906 2638 καὶ
920 2612 966 2639 τὸν

173 2659 313 2695 ὀφθαλμὸν
328 2659 381 2685 ὑπὸ
401 2659 451 2694 τῆς
473 2658 558 2694 τύχης
582 2659 774 2696 ἀφῃρημένος·
798 2657 861 2685 ὅθεν
886 2658 967 2693 θερα-

174 2703 254 2731 πείαν
267 2703 328 2730 τινὰ
345 2705 413 2740 πρὸς
426 2704 476 2739 τὴν
491 2704 593 2731 ἔνδειαν
612 2704 791 2739 σοφιζόμενος
813 2705 853 2736 είς
875 2703 967 2730 διακό-

174 2758 228 2776 νων
248 2748 410 2783 ἐνήλλακται
435 2749 544 2784 σχῆμα’
560 2749 712 2776 κινδυνεύει
735 2749 763 2775 δὲ
783 2749 867 2785 μηδὲν
884 2750 966 2776 αὑτὸν

174 2795 271 2830 ὀνῆσαι
283 2795 314 2821 τὸ
330 2795 462 2830 σόφισμα,
476 2796 546 2832 πλὴν
560 2797 583 2823 εί
599 2795 637 2831 μὴ
653 2796 702 2830 τῆς
717 2796 879 2830 ἐπικουρίας
897 2796 965 2832 τύχῃ

172 2839 221 2874 τῆς
235 2839 311 2876 παρὰ
325 2840 382 2874 σοῦ,
399 2841 432 2876 ἢν
445 2841 492 2868 καὶ
508 2842 575 2869 πᾶσι
589 2840 750 2877 προκεῖσθαι
765 2840 894 2877 πείθομαι
907 2843 965 2875 τοῖς

1020 2248 1065 2276 ille
1090 2248 1164 2276 enim
1190 2248 1332 2276 dubitabat
1357 2252 1484 2276 caterum
1503 2256 1538 2276 an
1560 2249 1663 2276 diceret
1683 2248 1764 2275 simul
1786 2252 1814 2275 et

1021 2293 1076 2320 risu
1089 2293 1181 2321 sileret
1197 2302 1204 2321 :
1221 2298 1248 2321 et
1261 2293 1428 2321 fortunatum
1448 2301 1491 2321 me
1506 2293 1627 2321 amicitia
1644 2294 1745 2329 arguit,
1763 2294 1812 2321 sed

1020 2340 1124 2374 pariter
1141 2339 1211 2367 idem
1227 2339 1347 2368 studium
1368 2339 1467 2368 afferas
1479 2341 1568 2375 quoad
1583 2348 1614 2368 ea
1627 2348 1688 2375 qus
1701 2348 1716 2367 a
1736 2340 1813 2368 vobis

1023 2386 1119 2421 rogavi
1134 2393 1266 2421 praesens,
1279 2392 1309 2413 nt
1328 2387 1384 2420 ipse
1401 2386 1509 2421 quidem
1525 2386 1591 2414 mihi
1606 2391 1697 2422 grates
1710 2385 1813 2421 persol-

1020 2439 1081 2458 vant
1095 2436 1122 2459 et
1135 2432 1216 2459 ambo
1235 2439 1344 2460 rursum
1358 2432 1446 2459 vobis.

1276 2477 1347 2504 XLI.
1365 2476 1550 2506 NEPIIALIO.

1057 2522 1086 2550 In
1103 2528 1220 2558 quantas
1237 2524 1378 2559 angustias
1394 2524 1534 2551 devenerit
1561 2523 1716 2558 Stephanus
1728 2543 1737 2557 ,
1758 2531 1811 2551 non

1019 2576 1068 2596 vos
1083 2569 1209 2604 ignorare
1223 2569 1322 2605 opinor
1337 2579 1344 2597 :
1363 2575 1391 2597 et
1415 2571 1486 2604 quod
1505 2575 1622 2605 nequeat
1637 2570 1662 2597 in
1689 2577 1811 2605 prmaens

1020 2622 1094 2649 spem
1107 2615 1247 2649 perlicere,
1264 2615 1362 2650 quippe
1375 2615 1440 2647 vita,
1460 2623 1557 2650 parum
1583 2617 1671 2647 abl-st.
1688 2621 1716 2643 et
1730 2615 1810 2642 oculo

1019 2667 1083 2687 casu
1115 2660 1237 2695 privatus
1268 2660 1376 2689 fuerit:
1402 2661 1473 2689 unde
1500 2662 1680 2689 ministerium
1708 2660 1809 2696 aliquid

1019 2711 1130 2741 propter
1145 2706 1333 2735 necessitatem
1355 2707 1468 2735 edoctus
1481 2703 1507 2735 in
1523 2714 1664 2735 servorum
1677 2707 1810 2734 conditio-

1020 2758 1081 2778 nem
1097 2758 1245 2779 conversus
1261 2756 1303 2780 est
1318 2761 1324 2779 :
1342 2752 1413 2780 forte
1428 2757 1519 2780 autem
1535 2753 1601 2780 nihil
1615 2753 1736 2787 proderit
1752 2752 1810 2780 haec

1021 2797 1107 2829 ratio,
1124 2797 1176 2825 nisi
1190 2805 1205 2824 a
1226 2802 1252 2826 lc
1265 2797 1414 2826 obtinuerit
1433 2799 1565 2826 auxilium
1584 2799 1654 2834 quod
1684 2798 1810 2826 omnibus

1020 2843 1144 2872 obtinere
1153 2843 1305 2874 volentibus
1317 2845 1415 2874 adesse
1428 2852 1587 2875 persuasum
1609 2845 1716 2873 habeo:
1732 2843 1809 2881 vobis
