1988 3079
169 128 240 162 2151

828 125 1004 157 I‘ROCOPII
1028 125 1150 156 GAZIEI

1740 127 1773 158 27
1777 127 1813 158 5‘3

169 185 244 213 enim
255 183 421 220 petenti-bus.
433 182 532 219 aliquis
545 182 615 218 apud
630 189 679 210 vos
689 181 842 214 custodem,
859 181 963 208 auxilio

1018 181 1192 217 βουλομένοις
1206 181 1316 217 τυχεῖν·
1331 180 1409 226 uti.th
1430 180 1484 216 γὰρ
1505 180 1657 208 αἰτούντων
1673 181 1813 209 ἐπινεύσει

169 231 260 259 veniet
273 230 382 266 opinor,
395 235 426 258 ut
435 238 498 258 eum
517 229 720 258 ministrantem
746 228 855 259 habeat.
871 228 913 255 vel
937 232 965 255 et

169 276 257 304 soluat
280 275 517 304 nutriatzscitote
540 275 614 302 enim
648 274 724 302 illum
753 267 855 301 nullum
888 274 964 300 inve-

171 322 291 350 uientem
308 321 469 356 subsidium,
487 329 539 349 non
555 321 635 348 finem
654 328 786 353 nugarum
808 319 962 353 facturum;

170 367 192 395 si
208 375 273 395 vero
290 367 394 401 aliquid
406 367 567 396 beneﬁcium
582 372 712 402 expertus
728 367 791 398 erit,
809 373 863 401 quo
879 370 964 393 terra-

172 422 234 442 rum
263 414 379 449 gratiam
402 421 493 442 nonne
522 413 710 448 pervulgabit‘l
733 412 852 440 dimittet
879 411 963 444 cuitu,

171 466 256 493 emo,
270 459 425 488 naturalem
439 460 571 495 ineptiam
587 463 616 486 ut
631 459 726 493 gratiae
740 459 882 487 inhrereat.

424 514 507 543 XLII.
528 514 711 542 PALLADIO.

205 569 309 599 Vestra:
333 571 475 607 sapientia;
490 571 604 606 epistola
621 571 678 598 visa
705 571 813 606 quidem
835 570 963 598 omnibus

168 615 245 651 juxta
267 624 370 645 morem
398 617 482 645 movit
503 617 624 645 Imtitiam
639 626 646 644 :
663 625 723 644 cum
746 621 836 644 autem
859 618 962 652 scripta

171 663 364 697 cognoscendo
384 654 586 697 .habnerimns,
612 672 706 699 parum
726 663 813 691 abfuit
841 664 905 698 quin
937 668 964 690 et

171 707 302 745 Iacrymis
328 710 414 745 ipsam
439 710 651 745 impleverimns.
687 710 808 743 Quorum
834 711 905 737 enim
936 714 963 738 ei.

170 756 268 789 gaudia
294 756 450 784 communia
479 760 542 783 sunt
557 776 564 788 ,
601 763 648 784 eos
669 756 691 783 si
715 756 780 791 quid
798 762 840 783 est
861 756 963 783 doloris

170 801 318 836 participes
340 809 400 829 esse
430 809 543 830 necesse
571 807 612 829 est
627 810 634 829 :
651 802 697 829 sed
726 802 785 829 vide
813 809 861 837 per
883 801 962 833 Deos,

169 851 301 880 quantum
315 846 423 874 fortuna
444 852 506 882 agat
519 847 729 878 inconsiderate.
748 855 800 874 non
817 847 908 874 volens
923 847 962 874 di-
979 857 999 884 Β

167 891 291 925 judicare
308 897 397 919 utrum
413 893 498 920 mulos
516 898 659 927 percutere
676 893 827 925 festinaliit,
842 901 876 920 an
896 900 962 919 con-

171 941 212 964 tra
228 937 312 965 bonos
334 938 387 965 tela
406 938 511 966 emittet
531 947 537 965 :
552 939 574 965 si
590 939 663 974 enim
681 939 780 965 virtute
796 946 840 965 res
858 938 961 974 pondu-

171 988 309 1023 rarentur,
323 992 376 1012 non
395 985 519 1019 profectu
533 984 660 1019 iujuslau:
678 985 812 1012 fortunam
838 984 964 1019 pertulis-

169 1037 217 1058 ses
231 1038 238 1063 ;
258 1037 331 1058 nunc
354 1035 444 1058 autem
458 1038 568 1058 uxorein
580 1030 671 1063 defles,
687 1031 836 1065 sapientem
852 1030 961 1064 quidem

170 1080 200 1103 ut
228 1083 335 1111 aequum
365 1080 420 1109 est,
446 1080 473 1104 et
488 1076 595 1112 qualem
616 1076 730 1104 decebat
756 1077 815 1103 viro
845 1077 962 1112 sapienti

170 1122 323 1150 cousociari
337 1131 345 1156 ;
359 1123 431 1156 quod
449 1129 512 1150 vero
530 1123 648 1151 maxime
661 1123 798 1155 acerbum,
818 1122 962 1151 infantium

171 1172 296 1201 matrem,
316 1172 344 1195 et
369 1167 514 1195 infantium
533 1168 671 1203 egentium
700 1173 797 1196 matre.
845 1168 912 1202 Quis
930 1176 962 1196 ea

171 1213 303 1245 audiens,
333 1220 387 1240 non
416 1212 516 1241 ﬂeret?
542 1213 609 1246 Quis
636 1220 702 1240 vero
722 1221 818 1248 passus
845 1213 964 1248 perferat

172 1267 225 1287 non
261 1261 415 1288 consentire
445 1259 552 1287 tecum?
581 1259 744 1287 Persuasum
771 1260 844 1287 cnim
877 1260 964 1288 habeo

172 1304 283 1338 perinde
291 1312 322 1332 ac
333 1305 354 1332 si
367 1305 508 1332 Socratem
520 1304 697 1339 persuadens,
707 1309 850 1339 antequam
861 1304 964 1340 aliquid

171 1356 269 1384 passus
285 1349 381 1382 fueris,
401 1350 468 1377 illud
492 1350 580 1386 ipsum
602 1350 685 1377 fuisse
707 1355 849 1385 expertum
872 1352 963 1384 rebus,

172 1394 257 1422 multa
274 1395 374 1422 similia
394 1395 542 1427 videntem,
560 1400 607 1422 aut
622 1395 706 1422 multa
729 1401 837 1423 narrata
852 1397 965 1424 audien-

172 1445 237 1474 tem,
254 1447 315 1474 ηοω
332 1440 404 1467 enim
424 1448 467 1467 res
484 1440 591 1467 funesta
622 1440 702 1468 nobis
722 1448 776 1467 non
800 1441 900 1475 abripit
924 1441 966 1468 vi-

172 1486 250 1514 tam?
269 1486 340 1520 Quid
354 1491 444 1514 autem
463 1487 532 1514 mari
547 1486 635 1521 magis
650 1487 783 1514 domitum
803 1488 965 1515 exhibetur?

173 1531 218 1559 Ille
230 1531 339 1566 quidem
358 1531 461 1558 tollitur
478 1539 602 1566 magnus,
622 1531 675 1560 iste
689 1539 755 1559 vero
772 1533 805 1559 ad
822 1534 965 1560 summita-
978 1527 1000 1556 α

172 1583 228 1606 tem
242 1583 390 1615 provectus
401 1577 509 1606 fortuna
523 1579 645 1613 proditus
657 1585 698 1607 est
714 1585 739 1606 et
757 1579 856 1607 cecidit
872 1589 879 1607 :
895 1587 965 1607 unus

171 1625 302 1658 senescit,
318 1629 432 1653 mortem
444 1629 473 1653 ut
488 1625 615 1653 solatiqu
641 1626 796 1660 postulans;
815 1626 885 1653 alter
903 1631 965 1654 ante

169 1671 311 1704 juventam
325 1670 429 1698 ablatus
442 1676 485 1698 est
502 1679 509 1698 :
527 1679 640 1699 uxorem
655 1671 731 1699 ducit
753 1672 864 1707 quidam
884 1672 965 1704 alius,

172 1722 330 1745 consortem
342 1717 507 1745 lamentatur
524 1726 530 1744 :
546 1717 602 1745 haec
626 1717 732 1752 replent
747 1718 827 1745 vitam
846 1727 852 1745 :
869 1722 895 1745 et
913 1717 967 1744 Ilo-

174 1763 243 1791 meri
259 1763 424 1791 confirmare
448 1764 571 1798 cogimur
589 1765 762 1796 sententiam,
788 1772 883 1799 nempe
907 1772 966 1799 quia:

174 1808 243 1836 nihil
258 1808 376 1836 debilitts
390 1814 461 1836 terra
480 1811 583 1837 nutriat
606 1810 716 1837 homine
732 1817 739 1836 :
755 1810 873 1845 undique
893 1813 965 1838 enim

173 1855 336 1882 observatur
350 1855 417 1882 nihil
435 1855 566 1883 fuitunati
595 1863 754 1891 permanere
778 1856 848 1884 sicut
861 1862 888 1884 et
904 1865 967 1885 eve-

175 1902 216 1929 nit
231 1912 238 1930 :
254 1902 301 1930 sed
318 1901 340 1929 si
357 1902 420 1936 quid
436 1901 584 1929 secundum
601 1903 723 1929 animum
744 1903 780 1930 sit
800 1903 965 1936 hominibhs,

175 1955 284 1982 parum,
301 1948 438 1982 inquiunt,
459 1948 611 1975 remanebit
627 1953 655 1975 et
672 1948 762 1975 omnia
778 1949 900 1977 abibunt.
916 1948 968 1985 lgi-

142 1991 146 1994 ”
173 2000 222 2023 tur
247 1995 414 2029 spatiamur,
439 1995 505 2022 illud
531 1994 578 2022 Dei
594 1996 765 2030 providentia
786 1996 906 2031 permitti
920 2004 963 2024 coe

176 2040 301 2068 laedatur
324 2045 352 2068 et
369 2041 509 2069 voluntate
534 2049 595 2076 qua:
620 2042 731 2070 omnino
760 2042 829 2069 bene
847 2042 968 2077 disponit

176 2091 272 2114 nostra
290 2095 298 2114 :
318 2094 487 2122 quaecunque
511 2092 602 2115 autem
624 2087 745 2122 perferre
769 2088 841 2116 Deus
862 2088 968 2116 dederit

176 2132 299 2165 fortiter,
314 2133 425 2160 vincere
448 2133 575 2161 virtutem
600 2141 712 2161 necesse
727 2138 780 2166 est,
807 2141 857 2162 nec
876 2135 967 2162 omnia

1015 235 1067 261 τις,
1074 226 1162 263 οἴμαι,
1170 227 1227 255 τῶν
1234 228 1300 264 παρ’
1310 227 1562 264 ὗμῶνὲπισκόπων,
1574 228 1591 264 ἢ
1603 228 1814 263 λειτουργοῦντα

1015 274 1111 301 τοῦτον
1127 274 1208 307 ἕξειν,
1220 274 1237 309 ἢ
1250 275 1298 302 καὶ
1314 274 1590 310 μόνον’τρεφόμενον·
1608 273 1664 300 ἴστε
1678 273 1706 300 δὲ
1717 274 1755 305 ὡς
1766 275 1815 300 καὶ

1017 320 1100 356 μηδὲν
1113 319 1313 355 ὠφελούμενος,
1329 320 1360 346 ού
1377 320 1494 347 παύεται
1505 319 1650 355 φλυαρῶν·
1667 320 1691 346 εί
1704 320 1732 346 δὲ
1742 319 1813 354 τύχῃ

1015 366 1089 397 τινος
1102 366 1282 401 εὐεργεσίας,
1299 365 1351 393 ποῦ
1371 367 1468 393 τοῦτον
1485 366 1535 394 οὐκ
1549 367 1623 397 είκδς
1637 367 1812 401 ἀνακηρύξαι

1014 411 1064 447 τὴν
1080 411 1177 447 χάρινς
1191 411 1328 439 ἀναλώσει
1340 412 1405 448 γὰρ,
1422 410 1512 447 οἶμαι,
1524 413 1575 448 τὴν
1589 412 1711 448 ἔμφυτον
1726 413 1813 448 φλυα-

1016 459 1077 495 ρίαν
1091 460 1132 492 είς
1145 460 1176 487 τὸ
1187 460 1327 495 μενεϊσθαι
1339 461 1388 495 τῆς
1401 461 1522 496 χάριτος.

1274 506 1342 534 MB’.
1363 507 1548 543 ΠΑΛΛΑΔΙῼ.

1056 551 1090 578 Ἣ
1111 551 1163 586 τῆς
1187 551 1324 587 ὑμετέρας
1347 552 1446 586 σοφίας
1469 553 1599 588 ἐπιστολὴ
1615 554 1742 589 ὁρωμένη
1761 553 1811 588 μὲν

1015 598 1119 626 ἅπασιν
1133 598 1220 625 ἐκίνει
1237 599 1362 633 συνήθως
1377 599 1427 633 τὴν
1440 600 1537 634 ἡδονήν
1547 609 1554 616 ·
1570 600 1608 633 ὡς
1627 600 1655 626 δὲ
1669 600 1717 627 καὶ
1740 608 1811 635 μαν-

1015 643 1107 670 θάνειν
1122 643 1176 670 ἔδει
1191 643 1224 670 τὰ
1235 644 1430 679 γεγραμμένα,
1442 644 1541 679 μυιροῦ
1556 644 1612 671 δεῖν
1627 645 1673 672 καὶ
1684 645 1812 680 δακρύων

1015 687 1102 724 αὐτὴν
1116 688 1335 724 ὲπληρώσαμεν·
1351 685 1389 715 ὧν
1411 689 1466 725 γὰρ
1490 690 1518 715 αἱ
1543 689 1694 724 εύπραγίαι
1708 690 1810 719 κοιναὶ.

1014 734 1126 767 τούτους
1141 736 1190 761 καὶ
1214 735 1240 762 εί
1260 744 1287 761 τι
1309 735 1390 762 λυπεῖ
1412 735 1538 771 μετέχειν
1557 736 1666 769 πάντως
1681 736 1789 772 ἀνάγκη
1802 745 1809 752 ·

1015 779 1072 807 ἀλλ’
1089 779 1140 815 ὅρα
1167 779 1236 815 πρὸς
1252 779 1332 812 θεῶν,
1350 779 1373 806 ὢ
1397 779 1481 806 πόσον
1507 781 1523 814 ἠ
1546 780 1614 816 τύχη
1631 782 1810 812 νεανιεύεται,

1018 824 1101 860 μηδὲν
1118 824 1250 851 ἐθέλουσα
1264 824 1424 860 διακρίνειν,
1440 825 1464 851 εί
1479 825 1588 860 βάλλειν
1603 826 1745 860 ἐπείγεται
1759 835 1811 853 πο-

1014 871 1113 907 νηροὺς
1123 891 1131 903 .
1150 872 1175 898 εἰ
1191 871 1262 898 κατὰ
1275 871 1428 898 σπουδαίων
1444 872 1540 907 ἀφίησι
1555 872 1589 899 τὰ
1603 872 1772 906 τοξεύματαί
1787 874 1812 898 εί

1013 918 1068 954 γὰρ
1081 915 1115 954 ἦν
1131 918 1217 953 ἀρετῇ
1235 917 1394 953 μετρεῖσθαι
1417 918 1451 945 τὰ
1469 919 1633 953 πράγματα,
1648 918 1698 945 οὐκ
1714 919 1759 951 ἂν,
1780 917 1812 945 εὖ

1014 964 1079 997 ἴσθι,
1099 964 1149 999 τῆς
1164 964 1258 990 ἀδίκου
1283 963 1370 999 τύχης
1382 964 1550 999 πεπείρασο·
1576 964 1623 990 νῦν
1642 964 1671 991 δὲ
1696 965 1813 999 γυναῖκα

1014 1010 1133 1046 θρηνεῖς,
1151 1010 1279 1046 σώφρονα
1305 1010 1364 1045 μὲν,
1378 1010 1416 1042 ὡς
1441 1011 1526 1042 εἰκδς,
1542 1011 1590 1037 καὶ
1615 1011 1675 1038 οἵαν
1693 1011 1813 1046 ἔπρεπεν

1013 1056 1091 1092 ἀνδρὶ
1109 1055 1184 1091 σοφῷ
1203 1056 1340 1083 συνοικεῖν
1350 1064 1358 1071 ·
1374 1056 1405 1083 τὸ
1427 1056 1456 1083 δὲ
1472 1056 1625 1084 δεινότατον
1639 1057 1743 1084 παίδων
1758 1066 1812 1092 μη-

1013 1101 1091 1137 τέρα,
1107 1102 1154 1129 καὶ
1178 1101 1281 1129 τούτων
1307 1102 1488 1137 ἐπιδεομένων
1515 1103 1627 1138 μητρός.
1653 1102 1749 1130 Ταῦτα
1770 1103 1813 1134 τίς

1016 1147 1066 1182 μὶν
1080 1147 1187 1174 ἀκούων
1196 1166 1204 1179 ,
1216 1148 1266 1175 οὐκ
1279 1149 1311 1176 ἂν
1324 1148 1487 1184 δακρύσειε;
1506 1149 1548 1180 τίς
1561 1148 1588 1175 δὲ
1607 1148 1702 1175 παθὼν
1718 1157 1815 1184 καρτε-

1015 1195 1058 1230 ρεῖ
1076 1195 1113 1228 μὴ
1129 1193 1241 1229 γνώμην
1255 1195 1408 1230 εὐτυχήσας
1429 1194 1479 1230 τὴν
1495 1195 1563 1229 σὴν;
1587 1194 1743 1229 Πέπεισμαι
1760 1195 1814 1229 γὰρ

1013 1239 1079 1266 ὡσεὶ
1106 1240 1256 1276 Σωκράτην
1278 1241 1455 1276 πειθόμενος,
1474 1240 1539 1275 πρίν
1562 1250 1587 1267 τι
1613 1241 1721 1272 παθεῖν,
1748 1241 1815 1268 αὐτὸ

1015 1285 1193 1320 ὲνεγυμνάσω
1206 1287 1263 1318 τοῖς
1279 1286 1437 1322 πράγμασι,
1449 1286 1534 1313 πολλὰ
1547 1287 1596 1321 μὲν
1607 1286 1678 1322 ὁρῶν
1691 1286 1814 1318 τοιαῦτα,

1015 1332 1121 1358 πολλῶν
1135 1331 1163 1358 δὲ
1178 1332 1368 1368 διηγουμένων
1386 1333 1513 1360 ἀκούων·
1535 1333 1561 1360 τί
1583 1333 1636 1369 γὰρ
1660 1334 1714 1360 τῶν
1736 1333 1816 1368 χαλε-

1016 1377 1074 1404 πῶν
1089 1378 1156 1414 ἡμῖν
1167 1378 1217 1405 οὐκ
1230 1379 1293 1413 ἄγει
1305 1379 1351 1406 τὸν
1367 1379 1442 1414 βίον;
1458 1379 1486 1406 τί
1506 1379 1534 1406 δὲ
1556 1379 1692 1412 θαλάττης
1708 1380 1815 1407 δείκνυ-

1016 1432 1057 1450 σιν
1073 1424 1248 1460 ἡμερώτερον
1259 1435 1265 1458 ;
1276 1427 1290 1453 ὁ
1303 1426 1352 1460 μὲν
1363 1425 1472 1461 αἴρεται
1485 1427 1573 1460 μέγας
1582 1435 1589 1442 ·
1602 1428 1616 1453 ὁ
1626 1426 1654 1453 δὲ
1667 1426 1736 1461 πρὸς
1749 1426 1816 1461 ὕψος

1017 1469 1103 1497 ἐλθὼν
1120 1471 1299 1506 προδιδοῦσαν
1314 1471 1378 1507 ἔσχε
1398 1472 1448 1507 τὴν
1470 1472 1572 1508 τύχην,
1588 1472 1636 1499 καὶ
1661 1472 1791 1499 πέπτωκε
1804 1481 1812 1488 ·

1017 1517 1064 1543 καὶ
1085 1518 1099 1543 ὁ
1119 1517 1170 1552 μὲν
1184 1519 1258 1553 γηρᾷ
1272 1517 1319 1544 τὸν
1336 1518 1453 1545 Θάνατον
1469 1520 1507 1550 εἰς
1522 1519 1700 1554 παραμυθίαν
1711 1519 1797 1546 αἰτῶν
1807 1526 1815 1533 ⁸

1016 1564 1030 1590 ὁ
1045 1563 1073 1590 δὲ
1090 1563 1140 1598 πρὸ
1150 1563 1200 1599 τῆς
1212 1564 1282 1599 ἥϐης
1293 1565 1484 1600 ἀνήρπασται·
1497 1567 1582 1600 γαμεῖ
1593 1574 1636 1596 τις
1651 1565 1817 1600 ἓτερος,τὴν

1017 1609 1196 1636 συνοικοῦσαν
1209 1609 1352 1646 ὀδύρεται·
1373 1610 1460 1637 ταῦτα
1485 1611 1530 1638 τὸν
1556 1611 1614 1646 βίον
1634 1610 1751 1647 πληροῖ·
1768 1610 1816 1638 καὶ

1016 1654 1066 1689 τῂν
1082 1654 1203 1690 Ὀμήρου
1229 1655 1355 1690 βεϐαιοῦν
1378 1656 1519 1690 ἐπείγεται
1543 1656 1670 1692 γνώμην,
1685 1657 1724 1688 ὼς
1739 1657 1817 1683 οὐδὲν

1017 1700 1192 1736 ἀκιδνότερον
1204 1701 1271 1734 γαῖα
1285 1700 1381 1736 τρέφει
1396 1701 1553 1737 ἀνθρώποιο
1563 1710 1570 1717 ο
1584 1702 1752 1737 πανταχόθεν
1762 1703 1818 1738 γὰρ

1016 1745 1166 1780 ψηφίζεται
1180 1745 1210 1772 τὸ
1224 1745 1363 1779 δαιμόνιον
1376 1746 1459 1781 μηδὲν
1471 1747 1562 1781 μένειν
1575 1744 1633 1773 οἷον
1645 1747 1692 1774 καὶ
1703 1747 1800 1782 γέγονε
1811 1756 1818 1763 ’

1017 1791 1074 1819 ἀλλ’
1091 1791 1117 1818 εἰ
1127 1801 1152 1819 τι
1163 1792 1235 1819 κατὰ
1243 1791 1305 1819 νοῦν
1320 1793 1395 1819 ἐστιν
1410 1793 1576 1828 ἀνθρώποις,
1591 1793 1708 1829 Μικρὸν,
1720 1795 1818 1829 φησὶν,

1018 1838 1175 1873 ἀνάμεινον,
1188 1839 1236 1865 καὶ
1249 1839 1338 1865 πάντα
1351 1840 1493 1873 οἰχήσεται
1503 1848 1510 1856 ·
1532 1840 1562 1866 τὸ
1587 1839 1637 1874 μὲν
1655 1837 1707 1866 οὖν
1721 1839 1820 1865 παθεῖν

1017 1884 1085 1910 Θεοῦ
1103 1885 1218 1920 προνοίᾳ
1240 1885 1368 1917 δεδόσθω,
1384 1885 1431 1912 καὶ
1455 1885 1570 1920 νεύματι
1594 1885 1705 1916 πάντως
1725 1885 1818 1917 καλῶς

1018 1930 1111 1964 ἄγοντι
1125 1930 1159 1956 τὰ
1172 1930 1298 1967 ἡμέτερα
1308 1939 1316 1947 ·
1334 1931 1364 1958 τὺ
1377 1931 1405 1958 δὲ
1419 1931 1536 1966 φέρεινό
1551 1940 1576 1958 τι
1592 1931 1626 1958 ἂν
1642 1932 1656 1958 ὁ
1672 1931 1739 1963 Θεὸς
1756 1931 1820 1967 διδῷ

1017 1976 1160 2010 γενναίως,
1175 1977 1254 2013 νικᾷν
1280 1977 1355 2004 ἐστιν
1370 1977 1471 2013 ἀρετὴν
1495 1978 1541 2004 καὶ
1560 1977 1597 2012 μὴ
1614 1977 1702 2004 πάντα
1718 1976 1820 2004 διδόναι

1018 2022 1050 2057 τῇ
1063 2021 1147 2057 τύχῃ·
1163 2021 1243 2048 τοῦτο
1260 2021 1315 2057 γὰρ
1337 2024 1395 2054 τοῖς
1420 2023 1533 2057 ἀγαθοῖς
1546 2021 1775 2057 ὲγκαλλώπισμα,
1789 2022 1820 2049 τὺ

1019 2067 1058 2102 μὴ
1080 2067 1130 2102 τὴν
1150 2067 1265 2103 γνώμην
1288 2068 1531 2104 συμμεταπίπτειν
1557 2069 1614 2100 τοῖς
1640 2068 1818 2104 πράγμασιν·

1018 2112 1117 2139 οὐκοῦν
1132 2113 1192 2144 ἃλις
1206 2112 1277 2140 ἔστω
1289 2113 1417 2150 δακρύων
1427 2122 1434 2129 ·
1450 2114 1480 2140 ού
1493 2113 1547 2148 γάρ
1559 2121 1606 2148 μιν
1618 2113 1742 2148 αἰτήσεις
1753 2113 1820 2148 πρίν

1017 2167 1044 2185 τι
1061 2158 1147 2185 κακὸν
1162 2158 1226 2185 ἄλλο
1239 2158 1388 2185 παθέσθαι·
1413 2160 1470 2188 τοῖς
1494 2158 1523 2185 δὲ
1548 2158 1643 2184 παισὶν
1666 2158 1748 2190 αὐτὸς
1773 2159 1821 2184 καὶ

178 2181 286 2208 tradere
298 2180 415 2208 fortuna:
434 2190 440 2208 :
460 2180 525 2209 illud
545 2181 618 2208 enim
633 2181 712 2209 bonis
727 2181 885 2217 gloriosum,
909 2182 965 2209 ani-

178 2233 251 2240 -ιιιι-υι
264 2227 344 2240 ..ιιι-..η
355 2235 406 2240 ..Α-1
416 2226 504 2240 ,ιιι-,ξιι-
517 2235 525 2240 .
539 2227 631 2240 ειμι-...ι
643 2227 709 2240 ...ς-ἒ,-
722 2227 754 2240 ..ζι
766 2227 945 2240 I..-_..............
960 2235 965 2240 .

1021 2204 1113 2240 μήτηρ
1130 2205 1295 2240 γενήσεται·
1319 2205 1367 2231 καὶ
1390 2180 1524 2237 Θεὺςζέις
1547 2204 1591 2231 ἐπ’
1603 2205 1696 2236 αὐτοῖς
1709 2180 1823 2236 ὲλέιίδας

178 2233 252 2254 mum
264 2227 345 2254 rebus
355 2226 504 2255 uonohviis
517 2235 525 2254 :
539 2227 632 2262 itaque
642 2227 710 2255 satis
722 2227 946 2262 sitlacrymarum
960 2235 968 2254 :

177 2280 232 2300 non
249 2273 322 2301 enim
336 2273 409 2301 illaut
433 2273 584 2308 postulabis
606 2278 752 2309 antequam
773 2273 873 2309 aliquid
898 2273 970 2301 aliud

177 2318 278 2347 tnalum
305 2319 443 2354 patiaris:
462 2319 611 2347 infantibus
635 2324 726 2347 autem
755 2320 816 2354 ipse
832 2323 860 2347 et
883 2325 971 2347 mater

177 2366 231 2394 erit
247 2374 255 2394 :
271 2369 299 2394 et
316 2365 387 2393 Deus
402 2373 465 2401 spes
481 2366 570 2400 quoad
594 2366 666 2401 ipsos
684 2366 806 2401 perficiet
821 2366 969 2394 voluntate.

425 2421 515 2450 XLIII.
537 2421 720 2451 NES'IORIO.

213 2476 348 2505 Gaudium
365 2477 457 2505 attulit
474 2483 519 2505 tua
541 2477 661 2512 jucunda
689 2479 772 2506 nimis
790 2479 918 2515 epistola,
937 2488 971 2508 ex

178 2531 231 2551 una
257 2530 333 2558 parte
359 2531 493 2552 excusans
520 2524 680 2551 diuturnum
713 2525 876 2558 silentium,
898 2526 970 2561 quod

177 2577 334 2605 quanquam
348 2577 419 2604 saepe
433 2569 603 2603 scripsisses,
619 2570 687 2598 bene
703 2571 768 2598 mihi
785 2572 890 2600 scilicet
909 2581 969 2599 scr-

153 2625 156 2628 ’
178 2615 264 2643 vabas
289 2615 378 2644 donec
403 2615 510 2644 litteras
538 2617 631 2651 accepi
652 2615 708 2645 τω(
731 2617 817 2645 altera
840 2623 868 2645 et
893 2618 971 2646 valde

178 2664 383 2699 reprehendens
399 2666 470 2699 quod
492 2665 518 2692 in
534 2665 669 2700 principio
691 2664 830 2692 silentium
855 2665 949 2692 incusa
962 2680 970 2685 -

178 2709 241 2737 bam
257 2709 336 2738 :Inuc
353 2710 406 2738 duo
420 2710 486 2737 mihi
504 2710 633 2745 gaudium
651 2710 800 2737 attulerunt
816 2717 864 2745 per
879 2710 969 2738 Deos:

178 2763 262 2784 unum
290 2756 364 2783 enim
383 2761 443 2784 erat
469 2756 584 2791 alicujus
611 2764 663 2783 non
689 2756 858 2784 deﬂectentis
882 2756 971 2791 quoad

179 2802 282 2830 amicos
296 2810 304 2830 :
319 2802 432 2830 alterum
445 2809 500 2829 non
520 2802 639 2829 volentis
651 2809 770 2837 unquam
790 2801 852 2829 talis
874 2808 971 2828 occur~

179 2848 356 2878 rerezvictus
371 2847 453 2884 igitur
461 2847 500 2877 fui
513 2847 652 2876 silentium
663 2847 794 2876 incusans
810 2856 816 2875 :
832 2851 858 2875 et
875 2846 970 2875 vellem

1021 2251 1061 2284 εἰς
1076 2251 1158 2287 ἔργον
1170 2251 1230 2284 ἄξει
1240 2251 1280 2287 τῷ
1295 2251 1423 2287 νεύματι.

1283 2383 1350 2412 Ml".
1371 2383 1553 2419 ΝΕΣΤΟΡΙῼ.
1832 2410 1841 2427 ὶ

1058 2431 1165 2467 Ἧσθην
1183 2439 1231 2458 σου
1257 2431 1291 2466 τῇ
1315 2431 1385 2464 καλῇ
1409 2430 1456 2456 καὶ
1482 2429 1543 2456 λίαν
1565 2429 1708 2464 ἐπιστολῇ,
1721 2428 1756 2455 τὰ
1775 2429 1825 2464 μὲν

1021 2478 1229 2514 ἀπολογουμένῃ
1243 2477 1309 2513 περὶ
1329 2477 1379 2512 τῆς
1405 2477 1516 2512 μακρᾶς
1532 2477 1650 2511 σιωπῆς,
1669 2477 1705 2511 ἦν
1729 2477 1754 2502 εἰ
1777 2477 1826 2502 καὶ

1022 2523 1154 2556 πολλάκις
1170 2523 1335 2560 ἐγεγράφεις
1345 2544 1353 2556 ,
1369 2520 1400 2549 εὖ
1424 2531 1469 2557 μοι
1484 2523 1550 2556 γοῦν
1565 2522 1661 2556 ἐσίγας
1677 2521 1759 2557 μέχρι
1775 2521 1825 2552 τὰς

1022 2570 1169 2602 ἐπιστολὰς
1185 2569 1336 2605 ἐδεξάμην·
1355 2568 1389 2596 τὰ
1409 2568 1438 2595 δὲ
1461 2569 1509 2596 καὶ
1525 2568 1585 2595 λίαν
1599 2567 1768 2604 ὲπιτιμώσῃ,
1785 2567 1825 2594 ὃτ-

1023 2626 1070 2644 σου
1087 2616 1137 2652 τὴν
1150 2616 1237 2651 ἀρχὴν
1253 2616 1399 2643 ἐνεκάλουν
1415 2616 1513 2650 σιγήν·
1528 2614 1617 2650 ἥσθην
1630 2615 1714 2650 ἄμφω
1728 2613 1828 2646 ταῦτα,

1024 2661 1062 2698 μὰ
1077 2662 1141 2694 τοὺς
1158 2661 1251 2694 θεούς·
1266 2662 1297 2689 τὸ
1314 2662 1364 2698 μὲν
1376 2661 1430 2697 γὰρ
1443 2662 1492 2697 οὐχ
1507 2661 1702 2697 ἡμαρτηκότος
1714 2658 1750 2696 ἦν
1761 2664 1830 2695 περὶ

1022 2708 1117 2743 φίλους
1128 2715 1135 2724 ·
1150 2708 1181 2735 τὸ
1197 2708 1225 2736 δὲ
1237 2709 1306 2744 μηδὲ
1329 2708 1496 2744 βουλομένου
1512 2707 1635 2735 τοιούτου
1651 2707 1744 2742 τυχεῖν
1754 2715 1762 2722 ·
1776 2706 1829 2741 ἧτ-

1022 2764 1109 2790 τημαι
1123 2755 1213 2782 τοίνυν
1228 2754 1337 2790 σιωπὴν
1360 2754 1531 2789 ἐγκαλέσας·
1553 2753 1601 2780 καὶ
1625 2752 1774 2788 βουλοίμην
1794 2751 1830 2778 ἂν

1022 2801 1169 2833 διαπαντὸς
1194 2801 1224 2828 ὲν
1246 2800 1335 2836 τούτῳ
1361 2801 1507 2828 νικᾶσθαι·
1527 2799 1657 2833 δέδεγμαι
1671 2798 1700 2825 δὲ
1717 2806 1764 2825 σου
1778 2798 1832 2830 τὰς

1025 2847 1169 2880 ἐπιστολὰς
1193 2847 1282 2884 χρόνῳ
1309 2847 1357 2875 καὶ
1385 2848 1481 2883 μόλις·
1512 2846 1560 2875 καὶ
1585 2847 1602 2881 ἥ
1628 2854 1659 2880 γε
1688 2843 1764 2880 παρὰ
1780 2844 1832 2871 σοῦ
