1988 3079
131 171 204 204 2753

855 166 1061 197 EPISTOL/E.

1699 170 1772 203 2754

132 229 229 266 πρώτη
253 229 322 265 πρός
344 227 419 263 ἡμᾶς
443 228 557 262 ἀφῖκται
580 226 710 262 δευτέρα’
736 225 782 253 σὺν
802 225 870 253 δ’ἂν
887 225 919 252 εἴτ

984 231 1092 259 semper
1121 224 1147 252 in
1183 223 1236 252 hoc
1263 224 1462 260 vincizreccpi
1495 229 1554 254 tuas
1577 226 1681 256 litteras
1712 233 1772 255 tan-

132 277 255 309 σκοπεῖν,
267 275 305 307 ὡς
319 275 343 302 εί
355 273 442 301 δοκῶν
458 272 611 300 ἀδικεῖσθαι
627 271 755 300 τοσοῦτον
768 271 924 307 κατηγορῶ,

130 322 172 355 τίς
186 322 219 349 ἂν
233 320 363 357 γενοίμην
378 320 463 352 ὅντως
477 319 590 351 παοών;

397 454 463 480 MA’.
485 452 654 488 ΣΤΕΦΑΝῼ.

164 501 201 528 Σὺ
218 500 267 536 μὲν
284 499 324 526 ἔτι
345 499 440 534 σιγᾷς·
467 499 515 525 καὶ
535 498 622 524 ταῦτα
642 497 694 533 τὴν
707 497 817 532 Δάφνην
831 496 924 528 οίκῶν,

130 544 161 571 τὸ
184 543 264 570 λάλον
287 543 361 578 ὕδωρ
382 543 471 570 ἐκεῖνο
493 542 543 569 καὶ
567 542 717 578 μαντικόν·
731 542 787 577 ἐγὼ
800 543 829 570 δὲ
843 542 925 569 πάλιν

130 590 292 626 περισκοπῶ
306 590 355 621 τὰς
372 589 501 621 ὁλκάδας.
520 589 658 625 μετέωρος
671 589 716 617 ἀεὶ
732 589 802 626 πρὸς
815 590 846 616 τὸ
860 589 920 625 μέλ-

128 636 174 663 λον
189 636 332 671 γινόμενος
342 643 350 651 ·
364 636 392 662 al
405 636 434 662 δέ
450 644 501 662 που
516 635 679 671 καταίρουσι
691 636 739 662 καὶ
752 635 866 671 δευτέρα
878 635 924 662 καὶ

128 683 217 718 τρίτη,
234 682 282 709 καὶ
298 682 332 709 τὰ
345 681 408 709 καθ’
421 682 495 717 ἡμᾶς
509 681 692 717 διελέγχουσιν
705 681 742 713 ὡς
758 682 839 718 μόνον
853 679 923 718 ἦσαν

128 728 237 760 ἐλπίδες
248 737 255 743 ·
273 728 324 763 τὴν
346 727 374 754 δὲ
397 727 448 762 τῆς
469 727 548 762 σιγῆς
566 727 656 754 αἰτίαν
673 727 779 760 σκοπῶ,
793 728 841 754 καὶ
853 735 923 754 παν-

127 773 243 809 ταχόθεν
263 773 427 808 ἠπόρημαι·
451 772 476 799 εἰ
499 773 548 808 μὲν
562 772 617 807 γάρ
635 781 662 800 τι
676 772 815 809 λελύπηκα
832 773 922 800 καίτοι

126 819 252 855 λυπήσας
268 819 368 855 μηδὲν,
385 819 473 846 ταῦτα
491 818 542 854 μὲν
556 818 672 854 οἰχέσθω
687 818 735 846 καὶ
751 819 860 855 φέροιεν
873 817 923 847 αὗ-

128 872 191 900 ραι·
218 865 306 900 μείζω
318 865 341 891 δ’
355 862 402 891 οὖν
416 865 491 899 ὅμως
505 864 560 892 τῶν
573 865 755 900 ἐγκλημάτων
769 865 922 901 ὑφίσταμαι

125 911 213 948 δίκην,
227 912 251 938 εί
267 911 305 947 μὴ
321 910 465 942 λαλοῦντος
488 911 659 946 ἁκούσομαι-
682 912 706 938 εί
730 911 760 938 δὲ
782 912 921 947 τηνάλλως
938 904 959 933 Β

126 958 227 995 ἀκκίζῃ
253 958 290 994 μὴ
311 957 441 985 δύνασθαι
454 958 542 992 λέγων
557 959 597 990 είς
611 958 709 991 κάλλος
725 959 812 986 εἰπεῖν
822 979 830 992 ,
844 959 922 987 δικα-

127 1005 188 1031 σταὶ
200 1005 304 1031 τούτων
317 1005 408 1040 ἡμεῖς,
422 1004 469 1032 καὶ
484 1005 534 1040 τὴν
547 1005 638 1032 αἰτίαν
652 1005 820 1041 μεμφόμεθα
830 1013 837 1022 ⁸
857 1005 922 1033 ἀλλ’

126 1050 176 1086 ἤδη
189 1059 239 1077 που
252 1050 322 1086 τάχα
335 1051 364 1077 τὸ
373 1051 490 1086 πρᾶγμα
502 1051 683 1087 μαντεύομαι,
698 1052 767 1086 μηδὲ
777 1051 828 1087 τὴν
853 1052 922 1088 ὑμε-

124 1097 208 1133 τέραν
232 1096 341 1131 Δάφνην
366 1095 451 1123 πιών·
477 1096 609 1132 ὲρυθριᾷν
626 1097 724 1133 φήσεις
738 1098 776 1130 ὼς
792 1099 921 1133 παραϐὰς

123 1143 174 1177 τὴν
194 1141 353 1177 ὑπόσχεσιν,
369 1142 416 1168 καὶ
437 1141 487 1173 τὰς
507 1141 645 1177 συνθήκας
659 1142 806 1178 ὑπεριδὼν,
821 1144 870 1170 καὶ
891 1143 922 1171 τὺ

125 1187 228 1222 βιϐλίον
242 1187 303 1223 ἔχον
319 1196 370 1214 που
387 1187 478 1223 τρίτον
492 1187 509 1223 ἧ
523 1187 654 1223 τέταρτον
667 1188 728 1220 ἔτος
743 1188 839 1222 τουτὶ,
854 1190 868 1216 ό
882 1190 920 1225 μὴ

123 1233 152 1260 δὲ
164 1233 255 1268 τρίτον
271 1235 345 1269 μῆνα
355 1233 481 1267 καθέξειν
498 1233 736 1270 ἐπαγγειλάμενος
747 1242 754 1250 ·
768 1234 856 1262 ταῦτα
867 1235 922 1262 τοί·

125 1288 173 1307 νυν
189 1280 214 1307 εί
229 1279 280 1315 μὲν
294 1279 446 1315 ἀχθόμενος
464 1280 547 1315 ἐρεῖς,
562 1279 642 1316 δόξης
659 1281 698 1316 μὴ
713 1280 799 1307 πλείω
823 1281 921 1316 χρόνον

125 1327 286 1363 κρατήσεις,
303 1326 351 1353 καὶ
364 1327 414 1362 τὴν
430 1327 537 1362 σιωπὴν
554 1327 758 1362 ἀποδεξάμενος
770 1328 801 1355 τὸ
817 1328 920 1364 σύμϐο-

125 1373 170 1400 λον
193 1373 244 1407 τῆς
267 1372 370 1404 αἰδοῦς,
386 1373 466 1407 δόξης
482 1373 520 1409 μὴ
535 1373 622 1400 πλείω
637 1373 735 1410 χρόνον
749 1374 899 1410 κρατήσεις
911 1382 918 1390 ·

124 1422 158 1456 τῇ
173 1420 282 1456 ἀνάγκῃ
291 1420 322 1446 τὸ
334 1420 453 1456 πρᾶγμα
461 1419 605 1456 λογίζομαι
615 1428 622 1436 ·
635 1420 726 1447 καίτοι
738 1420 842 1456 βιϐλίον
855 1421 920 1456 ὑμῖν

123 1467 258 1499 δεδωκὼς,
270 1463 301 1493 οὗ
313 1466 363 1502 τὴν
376 1466 459 1502 τιμὴν
473 1467 579 1493 οὐδέπω
590 1466 638 1494 καὶ
650 1466 697 1494 νῦν
707 1467 902 1502 καταϐέϐληκα
911 1475 918 1484 ⁸

124 1512 182 1539 ἀλλ’
207 1512 305 1547 ἄδηλον
320 1512 376 1538 εἴτε
403 1512 450 1538 τοῦ
474 1512 681 1548 πιπράσκοντός
697 1513 779 1546 ἐστιν,
799 1513 855 1540 εῐτε
872 1513 919 1540 τοῦ

123 1558 269 1590 δεδωκότος
294 1558 378 1594 ὁμοῦ·
403 1558 461 1585 ἀλλ’
474 1559 550 1593 ὅμως
572 1558 650 1585 οὐδὲν
676 1559 803 1594 ἐμποδὼν
826 1561 860 1595 τῇ
886 1561 918 1594 σῇ

124 1604 204 1640 χρείᾳ
220 1604 390 1639 πεποίημαι“
403 1604 435 1630 οὺ
450 1603 481 1630 τὸ
494 1603 542 1630 τοῦ
557 1604 698 1639 κτήματος
714 1604 811 1640 ἄδηλον
821 1613 829 1620 ·
843 1605 873 1631 οὐ
890 1605 919 1631 τὸ

122 1650 178 1677 δεῖν
195 1649 225 1682 ἐξ
236 1649 319 1677 αὐτοῦ
337 1658 362 1676 τι
380 1649 489 1685 μαθεῖν·
504 1649 573 1676 ἀλλὰ
588 1650 676 1676 πάντα
689 1649 812 1685 παριδὼν
824 1671 831 1683 ,
849 1651 919 1685 μετὰ

123 1695 229 1723 πολλῶν
236 1695 269 1722 ἄν
286 1704 327 1722 σοι
340 1695 489 1731 παρέσχον,
504 1696 530 1722 εί
544 1696 591 1722 καὶ
604 1695 684 1722 τοῦτο
697 1697 784 1723 ποιεῖν
801 1697 920 1731 συνεχώ-

125 1749 214 1775 ρησα·
237 1741 313 1777 ὅμως
328 1741 404 1768 οὐδὲν
417 1741 503 1768 δεινὸν
524 1743 548 1768 εἰ
573 1742 655 1777 μέχρι
671 1741 718 1768 τοῦ
734 1741 782 1768 νῦν
794 1742 875 1778 ὁρίζῃ
889 1742 919 1768 τὸ

124 1787 239 1823 βράδος’
264 1787 290 1813 εἰ
315 1787 345 1814 δὲ
369 1786 537 1823 προσθήσεις
557 1788 616 1821 ἔτι,
632 1788 760 1815 τοσοῦτον
772 1789 920 1816 ἀπολαύσω

122 1832 170 1859 τοῦ
187 1833 350 1868 πράγματος
374 1833 415 1860 ὅτι
437 1833 471 1869 δὴ
487 1834 592 1866 πάντας
607 1834 738 1865 ἀπίστους
758 1835 897 1870 ἡγήσομαι
909 1843 917 1850 ν

123 1878 150 1904 τί
167 1877 222 1913 γὰρ
239 1878 273 1904 ἂν
287 1877 441 1913 ὲλπίσαιμι,
453 1878 529 1914 παρά
545 1878 592 1905 σοῦ
604 1879 717 1907 τοιαῦτα
732 1880 842 1913 παοὼνς
857 1880 920 1907 ἀλλ’

123 1924 173 1959 οὐχ
189 1924 202 1950 ὃ
227 1931 260 1957 γε
278 1922 433 1958 σοφώτατος
451 1924 576 1959 Ἰωάννης
590 1925 724 1958 τοιοῦτος,
741 1925 771 1957 ὃς
785 1926 814 1952 ἒν
829 1925 919 1953 λαϐὼν

123 1970 189 2006 παρ’
205 1969 285 2005 ἐμοῦ,
305 1969 365 2005 μετ’
377 1969 409 1997 οὐ
432 1969 517 1997 πολὺν
532 1971 630 2006 χρόνον
652 1971 780 2007 δεύτερον
795 1980 920 2007 προσαπ-

123 2016 261 2043 έστειλεν·
278 2015 366 2048 οὕτως
381 2016 532 2053 εὐγνώμων
556 2017 646 2045 δοκεῖν
669 2017 749 2054 ήθελε
776 2018 876 2054 μᾶλλον
900 2018 917 2053 ἢ

123 2061 273 2096 κεκτῆσθαι
289 2061 400 2097 βιϐλίον·
416 2062 464 2089 καὶ
479 2063 517 2098 μή
533 2071 578 2098 μοι
595 2063 668 2098 λέγε,
680 2064 718 2096 ὡς
733 2064 790 2090 Οὐκ
803 2065 918 2100 ἀπορεῖν

123 2107 224 2134 ὲθέλων
240 2107 386 2143 κατέσχον·
403 2107 484 2134 τοῦτο
497 2109 547 2143 μὲν
562 2108 616 2145 γὰρ
628 2110 756 2145 τυγχάνω
770 2110 919 2145 πεπεισμέ-

123 2163 180 2186 νος,
195 2153 244 2181 καὶ
264 2154 310 2180 ἐπὶ
336 2154 423 2189 μέγαν
445 2154 527 2189 ὅρκον
552 2154 691 2190 ὀμοῦμαι·
716 2155 774 2182 ἀλλ’
789 2156 839 2182 οὐκ
864 2155 918 2183 ἔδει

124 2201 287 2236 παρατεῖναι
301 2200 341 2235 τῷ
357 2200 451 2235 βράδει
461 2208 468 2216 ³
483 2201 550 2228 ὅπου
566 2209 598 2236 γε
613 2201 661 2228 καὶ
681 2200 739 2229 ἴσον
753 2201 867 2230 δύναται
880 2202 919 2238 τῷ

979 271 1040 298 dem
1072 275 1099 298 et
1121 270 1253 298 didit-ile:
1280 275 1308 298 et
1333 271 1427 306 prima:
1455 280 1522 307 quas
1542 273 1641 301 misisti
1664 274 1698 301 ad
1720 282 1773 302 nos

978 318 1105 345 secundae
1132 318 1462 346 venerunt:considcres
1490 319 1584 354 igitur,
1612 319 1636 347 si
1663 324 1769 347 tantum

979 369 1140 390 accusarem
1161 362 1260 398 injuria
1276 363 1346 391 allici
1363 364 1489 398 credens,
1504 365 1591 401 qualis
1607 373 1695 394 essem
1708 373 1770 394 rea-

978 407 1041 437 liter
1057 416 1166 444 passus.

1226 455 1319 484 XLIV.
1335 455 1529 484 STEPIIANO.

1013 501 1052 529 Tu
1069 501 1177 536 quidem
1197 503 1286 529 adhuc
1300 503 1377 535 siles,
1394 507 1420 529 tu
1432 503 1478 538 qui
1503 503 1624 538 Daphne:
1648 503 1770 536 habitas.

980 555 1067 583 prope
1077 555 1174 583 aquam
1196 547 1270 575 illam
1283 547 1426 584 loquacem
1444 553 1473 576 et
1495 550 1694 584 propheticam.
1710 550 1769 586 Ego

983 597 1074 620 autem
1089 593 1384 628 rursuscircumspicio
1397 601 1491 626 naves,
1516 599 1636 621 attentus
1647 595 1680 622 ad
1697 594 1770 622 lutu-

976 646 1037 666 rum
1053 638 1153 666 lactus.
1170 638 1236 672 Qua:
1252 639 1362 673 quidem
1391 638 1568 674 appelluntur
1592 643 1620 667 αι
1646 641 1767 668 secunda

974 688 1002 711 et
1017 684 1107 716 tertia,
1137 688 1166 711 et
1195 683 1263 711 nihil
1289 683 1363 712 aliud
1386 684 1540 712 ostendunt
1565 692 1646 720 quant
1674 685 1769 713 initas

973 727 1058 758 fuisse
1081 737 1143 765 spes
1160 734 1278 758 nostras.
1307 729 1358 757 Tui
1387 730 1488 758 silentii
1515 738 1626 758 causam
1653 731 1769 759 intesti-

974 783 1053 812 gans,
1085 777 1208 812 undique
1231 776 1330 804 dubius
1348 775 1461 804 ﬂuctuo.
1487 776 1516 804 Si
1541 777 1615 804 enim
1629 781 1658 804 te
1677 777 1769 812 aliquo

974 822 1056 850 modo
1072 823 1232 850 contristavi
1250 822 1385 858 (quamvis
1402 823 1513 850 minime
1525 823 1767 859 contristaverim),

975 869 1027 897 hoc
1048 869 1175 897 abeundo
1187 869 1312 897 auferant
1327 876 1400 897 aurae
1419 877 1427 896 :
1443 870 1575 904 majorem
1591 876 1657 905 ergo
1665 869 1768 897 nihilo-

974 914 1063 942 minus
1092 914 1252 942 criminibus
1277 914 1346 942 meis
1371 914 1456 942 subeo
1483 921 1604 950 pmnam,
1638 916 1661 941 si
1677 919 1765 942 tenon

974 961 1082 988 audiam
1099 960 1266 995 loquentem.
1293 960 1322 988 Si
1344 960 1413 988 forte
1434 961 1514 995 quasi
1536 961 1676 989 delicatior
1692 963 1767 989 dicas

975 1010 1001 1034 te
1019 1013 1073 1034 non
1091 1006 1215 1041 potuisse
1231 1006 1263 1034 ad
1278 1014 1395 1041 unguem
1412 1007 1508 1041 inqui;
1526 1015 1587 1039 nos,
1602 1007 1642 1034 tui
1657 1007 1766 1041 iudices

975 1051 1050 1085 facti,
1071 1053 1143 1080 hanc
1159 1060 1269 1080 causam
1284 1052 1480 1088 vituperamus.
1508 1053 1561 1080 Sed
1574 1052 1629 1087 jam
1645 1061 1695 1089 ego
1708 1061 1766 1081 rem

976 1098 1091 1125 forsitan
1122 1106 1251 1134 auguror,
1282 1099 1407 1132 quamvis
1438 1099 1557 1134 Daphna
1579 1098 1681 1126 fontem
1709 1106 1765 1127 non

972 1143 1099 1172 biherim.
1131 1143 1244 1171 Diceste
1259 1143 1360 1179 pudere
1375 1144 1448 1179 quod
1472 1151 1535 1178 ego,
1568 1145 1649 1172 lldem
1672 1149 1765 1172 trans-

979 1195 1089 1224 gressus
1103 1192 1131 1216 et
1146 1188 1234 1224 pactis
1256 1196 1309 1216 non
1323 1192 1410 1221 stans,
1438 1195 1453 1215 a
1471 1189 1577 1217 duobus
1602 1189 1644 1217 vel
1678 1189 1766 1218 tribus

977 1234 1058 1262 anuis
1081 1235 1151 1262 hunc
1170 1235 1255 1270 ipsum
1273 1234 1415 1262 habuerim
1436 1234 1554 1267 librum,
1586 1243 1668 1271 quem
1695 1244 1766 1263 nun-

972 1281 1103 1308 tiaveram
1125 1287 1159 1308 ne
1183 1284 1239 1307 tres
1254 1280 1365 1315 quidem
1383 1287 1493 1308 menses
1509 1281 1575 1308 mihi
1589 1281 1763 1310 retinendum

971 1333 1044 1354 esse.
1061 1326 1092 1354 1d
1108 1326 1131 1353 si
1144 1331 1221 1353 ratus
1236 1326 1351 1359 dixeris,
1368 1334 1423 1353 non
1439 1326 1542 1355 diutius
1557 1334 1617 1354 mea
1631 1327 1765 1361 gaudebis

974 1372 1200 1405 existimatione;
1220 1373 1242 1400 si
1255 1373 1394 1400 silentium
1418 1380 1467 1408 pro
1488 1373 1600 1408 pudoris
1622 1374 1699 1408 signo
1713 1374 1764 1400 ha-

971 1418 1074 1450 bueris,
1095 1425 1150 1446 non
1177 1418 1280 1446 diutius
1309 1420 1378 1446 licita
1398 1419 1500 1447 frueris
1525 1420 1667 1455 opinione.
1695 1420 1765 1448 Fato

974 1471 1031 1491 rem
1049 1463 1140 1492 tribuo
1160 1472 1170 1492 :
1190 1469 1218 1491 tu
1235 1464 1344 1499 quidem
1363 1464 1463 1493 librant
1492 1465 1568 1493 nobis
1583 1466 1692 1498 dedisti,
1715 1474 1764 1494 cu-

968 1511 1013 1545 jus
1043 1511 1164 1546 pretium
1191 1510 1311 1538 nondva
1342 1511 1427 1545 soivi;
1458 1511 1509 1539 sed
1533 1511 1670 1540 incertum
1703 1518 1765 1540 erat

973 1563 1064 1583 utrum
1083 1557 1248 1583 venderetnr
1260 1565 1294 1583 an
1307 1564 1340 1583 ex
1358 1565 1432 1584 mera
1450 1557 1563 1585 daretur
1586 1557 1764 1586 liberalitate.

972 1601 1142 1637 Cazteroquin
1159 1602 1262 1629 nullum
1278 1604 1430 1631 commodis
1447 1603 1502 1631 tuis
1520 1604 1597 1632 attuli
1613 1605 1763 1632 detrimen-

972 1653 1041 1681 tum,
1058 1655 1109 1675 nec
1127 1653 1263 1683 quatenus
1279 1649 1383 1676 incerta
1401 1653 1443 1676 est
1463 1649 1522 1676 libri
1551 1651 1695 1684 possessio,
1714 1658 1764 1678 nec

971 1698 1109 1728 quatenus
1141 1699 1248 1728 oportet
1280 1694 1381 1729 aliquid
1405 1702 1442 1721 ex
1472 1696 1569 1723 eodem
1601 1701 1626 1723 te
1646 1697 1763 1724 discere.

971 1740 1180 1773 Verumtamen,
1194 1741 1323 1768 onmihus
1348 1740 1390 1768 his
1406 1740 1479 1767 nulla
1504 1742 1656 1770 attentione
1680 1743 1762 1776 data,

970 1792 1032 1812 cum
1060 1785 1154 1813 multis
1175 1792 1233 1812 rem
1254 1785 1301 1813 tibi
1325 1787 1512 1820 pnestitissem
1525 1806 1534 1820 ,
1565 1787 1589 1814 sl
1608 1788 1659 1815 hoc
1673 1788 1764 1816 facere

971 1831 1171 1859 concessisses.
1204 1830 1391 1860 Nihilominus
1409 1833 1521 1860 minime
1549 1834 1647 1860 mirum
1671 1839 1715 1862 est
1740 1835 1763 1862 si

971 1883 1075 1904 moram
1113 1876 1217 1910 ﬁnias;
1252 1877 1325 1912 quod
1354 1878 1377 1905 si
1407 1886 1423 1905 e
1447 1884 1542 1907 contra
1578 1881 1763 1915 produxeris,

970 1923 997 1952 id
1016 1923 1142 1950 utilitatis
1159 1930 1203 1950 res
1216 1923 1274 1958 gista
1297 1925 1363 1951 mihi
1382 1923 1490 1957 all‘eret,
1519 1926 1589 1960 quod
1612 1934 1763 1954 omnesrc-

970 1969 1070 2005 putabo
1082 1968 1194 1997 fallaces
1210 1978 1217 1996 :
1234 1971 1371 2005 quomodo
1390 1971 1464 1998 enim
1481 1971 1629 2004 conﬁdant,
1660 1973 1724 2000 talia
1746 1981 1760 2000 a

971 2020 997 2043 te
1025 2014 1192 2049 perpessus?
1216 2013 1275 2041 Non
1304 2015 1367 2042 talis
1392 2015 1612 2050 sapientissimus
1630 2016 1762 2048 Joannes.

969 2061 1027 2097 qui,
1040 2068 1095 2088 uno
1107 2060 1177 2088 libro
1193 2067 1208 2087 ιι
1230 2066 1274 2088 me
1289 2065 1414 2095 accepto,
1427 2061 1542 2089 alterum
1552 2069 1609 2089 non
1627 2062 1664 2090 ita
1677 2063 1763 2090 multo

969 2112 1031 2143 post
1052 2107 1118 2135 mihi
1128 2107 1224 2135 misit:
1246 2107 1311 2135 ades
1334 2107 1428 2135 maluit
1451 2109 1541 2136 comis
1568 2108 1657 2136 videri
1679 2117 1761 2144 quam

970 2155 1069 2182 librum
1085 2154 1236 2189 possidere.
1251 2153 1306 2182 Nec
1319 2154 1395 2182 dicas
1408 2162 1452 2182 me
1463 2156 1610 2185 retinuisse
1631 2159 1761 2191 pretium,

969 2201 1032 2237 quia
1050 2200 1193 2236 penuriam
1212 2200 1299 2228 vitare
1319 2200 1447 2228 volebam
1465 2209 1473 2229 :
1494 2201 1521 2229 id
1549 2203 1621 2230 cuitu
1643 2210 1762 2238 persua-

125 2247 288 2281 ἀποστερεῖν
309 2246 348 2282 τῷ
376 2246 466 2282 χρόνῳ
488 2248 535 2274 καὶ
559 2248 638 2282 μόλις
661 2248 835 2276 ἀποδιδόναι
849 2249 918 2276 ἀλλὰ

973 2255 1031 2276 sum
1061 2247 1159 2280 habeo,
1187 2252 1213 2274 et
1236 2254 1334 2282 magno
1351 2246 1507 2281 iuramento
1521 2249 1637 2277 allirmo.
1664 2251 1762 2279 Atnon

126 2292 192 2327 πρὸς
214 2292 306 2326 φιλίαν
332 2293 369 2328 μὴ
386 2293 538 2330 ἁναμείνῃς
555 2293 595 2321 ἔτι
611 2294 728 2330 δεύτερα
742 2294 898 2330 γράμματα
909 2303 918 2311 ι

127 2338 193 2374 μηδέ
216 2338 309 2366 πλοῖον
325 2338 419 2374 ἕτερον
447 2339 509 2374 ἢτὸ
533 2340 647 2376 κομίζον
673 2348 715 2367 σοι
737 2341 787 2376 τὴν
809 2341 918 2368 ἐπιστο-

125 2386 183 2421 λήν.

401 2519 467 2546 ME'.
488 2519 638 2555 ΔΙΟΔΩΡῼ.

164 2564 194 2591 '0
210 2564 302 2600 φέρων
319 2573 360 2591 σοι
376 2564 425 2600 τὴν
439 2565 601 2601 ἐπιστολὴν,
615 2566 646 2592 οὺ
667 2565 715 2592 νῦν
729 2566 838 2601 πρῶτον
854 2575 917 2594 πει-

125 2607 274 2643 ραθήσεται
290 2608 342 2643 τῆς
368 2609 477 2640 εὐνοίας
499 2609 549 2645 τῆς
567 2611 635 2645 σῆς,
651 2609 708 2637 ἀλλ’
726 2610 767 2637 ἔτι
780 2611 830 2647 τὴν
842 2611 917 2647 πρώ-

110 2662 172 2692 Στην
195 2653 385 2689 διηγούμενος,
409 2654 543 2690 δευτέραν
563 2655 679 2691 λήψεται
702 2657 819 2692 πεῖραν*
836 2657 874 2689 ὡς
888 2657 918 2684 δὲ

110 2686 205 2739 laesa.
217 2686 350 2735 τάχα-καὶ
363 2686 499 2735 μείζονα·⁷
510 2686 619 2736 ἐκείνης
634 2701 684 2737 μὲν
693 2686 916 2739 γὰρ’ἀπήλανσε,

113 2727 268 2781 ὶκηδεστὴςη
276 2727 424 2773 καλεῖσθαι*
434 2727 541 2782 μέλλων
553 2727 686 2783 ἡμέτερος

122 2790 213 2826 ψεται,
229 2791 278 2818 καὶ
301 2791 333 2828 δὴ
357 2792 426 2827 πρὸς
449 2793 530 2828 ἔργον
546 2792 631 2821 ἐλθών
642 2802 648 2808 ·
665 2794 680 2820 ὁ
695 2793 724 2820 δέ
739 2802 771 2828 γε
784 2794 916 2830 μέλλοντα

122 2838 216 2865 τοῦτον
232 2839 352 2875 τιμήσας
362 2858 371 2872 ,
385 2840 428 2871 τίς
441 2839 474 2867 ἂν
487 2840 529 2875 εἴη
543 2841 726 2876 γεγενημένος
740 2841 818 2875 ίδών;
831 2839 915 2877 οἶμαι

123 2883 178 2921 γὰρ
191 2884 228 2917 ὡς
244 2885 299 2913 τῶν
321 2887 412 2921 νόμων
427 2886 509 2920 εὐθὺς
523 2888 625 2924 ταμιεῖα
641 2886 783 2923 κινήσεις*
799 2888 847 2915 καὶ
860 2897 916 2917 πα-

970 2293 1091 2329 oportuit
1104 2301 1194 2321 moras
1209 2293 1403 2327 internectere,
1416 2301 1477 2321 cum
1493 2295 1563 2322 idem
1577 2295 1714 2330 signiﬁcet
1728 2299 1762 2326 de

970 2340 1014 2368 die
1030 2340 1057 2367 in
1073 2340 1145 2367 diem
1162 2340 1270 2374 privare
1282 2347 1363 2374 quam
1376 2348 1449 2374 ωδε-ο
1470 2341 1596 2373 reddere,
1616 2341 1714 2369 Verum
1726 2345 1762 2371 ad

969 2387 1119 2414 amicitiam
1148 2393 1184 2414 ne
1203 2392 1350 2422 exspectes
1365 2387 1512 2414 secundas
1526 2387 1641 2421 litteras,
1669 2395 1762 2425 ineque

969 2432 1071 2467 aliquid
1080 2432 1153 2460 aliud
1169 2440 1251 2468 quant
1266 2434 1339 2468 quod
1354 2433 1470 2469 requirit
1483 2434 1695 2463 transmittenda
1710 2436 1761 2464 tibi

970 2479 1028 2506 haec
1047 2478 1173 2513 epistola.
1779 2481 1784 2513 ζ

1248 2524 1331 2553 XLV.
1352 2525 1517 2554 DlODORO.

1005 2572 1056 2606 Qui
1072 2572 1143 2601 hanc
1162 2573 1209 2600 tibi
1227 2573 1281 2600 l'ert
1296 2574 1451 2608 epistulare,
1474 2581 1527 2601 non
1554 2581 1627 2602 nunc
1641 2575 1759 2609 primum

973 2623 1047 2646 tuam
1061 2618 1221 2653 experictur
1240 2619 1480 2653 benevolentiam;
1509 2620 1556 2648 sed
1577 2620 1692 2655 primam
1709 2621 1760 2649 ad-

967 2662 1021 2690 huc
1034 2670 1200 2696 memorans,
1214 2664 1362 2691 secundam
1381 2670 1472 2692 sumet
1487 2665 1696 2700 experientiam,
1711 2673 1756 2700 ac,

969 2711 999 2735 ut
1015 2713 1093 2742 puto,
1111 2709 1204 2736 forsan
1223 2709 1320 2737 adhuc
1332 2709 1486 2737 meliorem.
1503 2709 1592 2738 Priori
1602 2711 1677 2738 enim
1692 2711 1760 2738 l'rui-

969 2756 1014 2780 tus
1029 2757 1081 2787 est,
1098 2753 1184 2782 afﬁnis
1203 2760 1297 2782 noster
1318 2763 1381 2782 mox
1399 2757 1553 2790 vocandus;
1580 2757 1757 2792 posteriorem

968 2805 1034 2826 vero
1061 2804 1162 2834 suntet,
1190 2808 1251 2827 cum
1269 2800 1304 2827 ad
1321 2800 1456 2836 negatittut
1492 2802 1597 2829 venerit
1612 2810 1620 2829 :
1635 2802 1682 2838 qui
1709 2811 1759 2829 tm-

968 2848 1024 2873 tem
1036 2844 1110 2873 illum
1129 2850 1273 2874 venturum
1303 2846 1454 2880 honorasti,
1479 2848 1615 2882 quomodo
1645 2849 1758 2878 habebis

965 2891 1022 2927 jam
1039 2891 1148 2924 visum?
1161 2892 1242 2928 Nam,
1255 2898 1284 2922 ut
1299 2901 1389 2930 spero,
1426 2893 1515 2929 legum
1531 2895 1621 2924 statim
1644 2901 1758 2924 ωεοιιο-
