1988 3079
211 154 282 187 2755

879 149 1056 180 PROCOPII
1074 149 1197 181 GAZ/EI

1784 151 1857 182 2756

212 211 479 239 miammoturuses,
510 210 537 233 et
567 206 688 241 linguam
707 211 819 237 acuens,
849 203 1002 239 iniquorum

1064 204 1176 239 εαοήξας
1191 203 1240 239 τὴν
1253 203 1377 238 γλῶτταν
1393 204 1439 230 καὶ
1453 203 1507 230 τῶν
1522 203 1692 231 ἀδικούντων
1706 205 1792 239 λόγων
1805 207 1855 232 ἐπ-

211 262 366 283 sermonum
389 253 479 280 fontes
502 251 667 286 spnmabis:
688 249 720 277 ad
745 249 810 284 quid
835 249 907 276 enim
931 248 1003 275 aliud

211 310 292 338 quatit
310 304 438 335 si-ggeslo
451 298 530 326 Attici
543 297 576 325 ad
592 296 750 324 memoriam
766 294 855 322 adibis
869 298 1005 330 spectato-

213 357 270 377 rem
301 347 357 375 Hoc
372 346 418 373 tibi
434 345 580 372 dicendum
598 344 696 373 habeo.
725 342 776 370 hoc
795 341 874 369 adest
891 347 1005 376 sperans

212 394 390 425 a‘lolesceus;
408 397 496 425 neque
510 397 560 426 ego
576 388 710 416 mendacii
733 388 892 419 convincar,
917 393 1006 422 neque

214 441 265 468 hoc
277 439 378 466 frustra
394 437 556 471 speraverit.

245 484 338 512 XLVI.
353 481 539 510 ZACHARIA‘J
553 480 595 508 ET
603 478 763 508 PHILIPPO
777 477 991 505 FliATRlBUS.

250 530 352 558 Vestrae.
367 527 488 564 epistolae
503 532 531 555 et
546 531 668 554 vestram
689 532 755 559 ergo
776 531 825 551 nos
841 523 1006 551 benevolen-

215 578 280 605 tiam
312 575 504 605 ostendebant,
531 578 558 601 et
574 580 589 599 a
605 571 734 599 comitate
761 578 814 597 non
842 569 1007 596 recedebant

214 622 329 658 sapienti
347 630 355 648 :
372 624 488 655 utraque
501 626 567 646 vero
585 616 806 652 comparationes
830 622 892 642 cum
921 613 1006 640 altera

215 668 345 698 immunis
356 666 508 694 videbatur.
522 665 578 692 Nec
590 664 654 698 quia
679 661 857 690 desiderastis
872 660 1006 694 simplici-

216 719 319 742 ternos
335 713 436 741 habere
453 710 590 741 voluistis,
609 708 657 736 sed
677 707 728 734 nisi
745 706 916 734 commodum
934 705 1007 732 insu-

215 770 264 798 per
273 765 357 792 esset,
375 758 541 794 superﬂuum
559 755 660 783 duxisti
675 759 769 783 nostro
781 754 886 785 visutn‘;
902 759 950 779 nec
963 751 1006 778 tn-

217 809 270 837 turi
302 804 497 834 incertitudine
523 801 676 833 terrel'acti,
697 801 730 827 ad
759 800 854 827 tnbetn
882 803 1006 825 uestram

218 854 308 882 redire
323 851 466 879 abnuistis.
492 847 546 877 Sed
562 846 669 876 consilii
691 846 774 873 vestri
800 845 896 872 modus
920 843 1007 870 futilis

1056 251 1175 285 αφήσεις
1190 251 1283 285 πηγάς
1295 258 1302 265 ·
1322 250 1369 277 καὶ
1379 251 1469 286 τίγὰρ
1485 250 1579 286 ἕτερον
1595 251 1611 287 ἢ
1629 251 1751 286 βήματος
1769 253 1857 279 Ἀττι-

1056 296 1105 323 κοῦ
1129 295 1198 331 πρδς
1223 296 1333 332 μνήμην
1354 295 1431 331 ἥξεις
1455 295 1501 322 τον
1524 295 1639 332 θεατήν;
1658 297 1751 324 Ταῦτα
1764 298 1857 332 λέγειν

1056 342 1125 377 ἔχω·
1140 341 1228 369 ταῦτα
1243 342 1378 378 πάρεστιν
1394 342 1512 374 ἐλπίζων
1535 344 1551 369 ὁ
1574 344 1644 375 νέος·
1665 344 1713 370 καὶ
1729 343 1787 370 οὔτ’
1799 344 1857 378 ἐγὼ

1056 387 1233 423 ψευδολογίας
1258 387 1411 424 ἁλώσομαι,
1428 387 1491 415 οὔτε
1523 389 1612 425 μάτην
1639 389 1755 421 ἐλπίσας
1780 391 1857 417 ἐκεῖ·

1057 443 1112 462 νοῖ.

1110 482 1187 516 Mq’.
1207 480 1359 518 ΖΔΧΛΡΙᾼ
1379 482 1440 508 ΚΑΙ
1458 482 1603 518 ΦΙΛΙΠΠῼ
1620 482 1799 509 ΔΔΕΛΦΟῘΣ.

1093 529 1134 556 Τὰ
1149 529 1271 564 ὑμέτερα
1287 528 1443 564 γράμματα
1464 529 1512 556 καὶ
1532 529 1584 564 τὴν
1598 530 1639 561 εἰς
1660 530 1733 564 ἡμᾶς
1746 529 1858 557 εὔνοιαν

1057 576 1165 611 ἐδήλου,
1184 576 1232 602 καὶ
1246 575 1360 610 γνώμης
1376 575 1426 602 οὐκ
1441 575 1601 612 ἀπήλλακτο
1617 575 1756 610 σώφρονος
1766 585 1774 591 ·
1790 577 1859 604 ἑκά-

1057 630 1136 657 τερον
1158 621 1187 648 δὲ
1209 623 1242 657 τῇ
1259 621 1352 657 ἐτέρου
1366 621 1516 658 παραθήκῃ
1530 621 1652 657 καθαρὸν
1667 621 1835 657 ὑπεφαίνετο
1849 631 1857 638 ·

1057 668 1120 695 οὕτε
1137 668 1190 704 γὰρ
1217 668 1255 700 ὡς
1280 667 1427 700 ποθοῦντες
1449 668 1542 700 ἁπλῶς
1562 668 1635 704 ἒχειν
1651 669 1725 704 ἡμᾶς
1741 669 1858 706 ἐϐουλή-

1059 715 1136 750 θητε,
1155 714 1213 740 ἀλλ’
1230 715 1254 740 εἰ
1274 714 1312 750 μὴ
1330 714 1421 741 καὶτὸ
1438 714 1579 750 συμφέρον
1593 716 1704 750 προσῇ,
1722 716 1859 751 περιττὴν

1058 761 1171 796 ἡγεῖσθε
1184 761 1234 796 τὴν
1248 761 1328 787 οέαν·
1345 760 1408 787 οὔτε
1423 761 1462 796 τῷ
1477 761 1525 787 τοῦ
1542 762 1686 796 μέλλοντος
1702 762 1795 797 ἀδήλῳ
1807 771 1859 789 πε-

1060 808 1158 843 ριδεεῖς
1173 807 1327 842 γεγονότες,
1340 807 1390 844 τὴν
1403 807 1471 844 πρὸς
1486 809 1560 843 ἡμᾶς
1576 808 1645 835 ἰέναι
1656 809 1736 835 πάλιν
1751 810 1860 844 ἁπηγο·

1061 852 1176 888 ρεύσατε
1188 862 1194 868 ·
1212 852 1271 879 ἀλλ’
1286 850 1321 888 ἦν
1338 852 1415 884 κενὸς
1429 853 1443 879 ὁ
1457 853 1557 888 τρόπος
1571 853 1621 888 τῆς
1638 853 1793 889 συμϐουλῆς
1808 855 1860 881 καὶ

217 905 288 934 erat,
304 906 337 927 ac
355 897 503 926 rhetorica:
517 900 670 930 congruens
700 890 887 926 imaginationl
919 896 1007 924 neque

1064 901 1193 936 ῥητορικῇ
1206 899 1320 935 πρέπων
1330 899 1420 935 ἐννοίᾳ
1429 907 1435 914 ·
1450 898 1512 926 οὔτε
1523 900 1553 925 τὸ
1565 899 1664 926 καλοῦν
1675 899 1745 935 ἔχων
1755 899 1858 935 θρασὺ,

217 955 267 976 nos
281 946 413 974 audacter
427 943 552 975 hortans,
576 941 623 970 sed
647 939 740 976 potius
754 937 932 966 dissuasionis
945 943 1007 963 sns-

169 1019 171 1022 .
216 1000 321 1030 pectus.
352 991 464 1022 Verum,
487 993 594 1016 tantum
612 986 731 1014 abestut
748 992 798 1019 ego
821 983 964 1019 strepitum
981 986 1009 1010 et

217 1039 325 1076 negotia
341 1045 428 1066 amem
438 1036 611 1069 alienamque
628 1033 765 1061 invideam
785 1031 952 1063 felicitatem,
979 1033 1009 1056 ut

217 1093 324 1119 contra,
346 1085 409 1112 licet
423 1084 466 1110 hic
483 1090 535 1109 non
552 1081 584 1108 ad
602 1085 695 1108 votum
712 1078 825 1109 faciens,
843 1076 935 1103 tandiu
966 1077 1010 1102 til-

219 1141 281 1162 men
294 1129 484 1160 remanserint.
512 1128 545 1155 Et
568 1134 652 1159 nunc,
675 1124 738 1160 quia
756 1124 822 1152 mihi
849 1122 1010 1150 nuntiantur

217 1180 290 1216 quod
309 1178 388 1206 decet
404 1175 514 1208 facturi,
547 1181 601 1201 non
632 1177 817 1208 opportunum
846 1169 916 1196 duco
940 1174 1009 1195 vana

218 1213 380 1261 sittipliciter
405 1228 454 1258 spe
475 1220 594 1256 regalem
620 1218 715 1246 videre
748 1218 856 1249 urbem,
884 1222 935 1250 ego
961 1213 1010 1250 qui

219 1271 444 1308 tranquillitatem
459 1276 522 1296 amo
537 1272 565 1295 et
583 1274 633 1302 pro
648 1265 706 1294 sola
723 1264 854 1292 felicitate
869 1263 967 1294 habeo,
983 1265 1011 1288 et

219 1307 354 1354 Byzantio
368 1317 401 1344 ad
417 1314 518 1343 mentis
533 1312 742 1348 applicationem
759 1308 883 1340 discessi,
900 1307 1010 1335 utviam

220 1353 372 1394 invenirem
384 1370 399 1389 a
410 1360 527 1396 negotiis
539 1358 685 1393 aliquando
698 1355 815 1384 exeundi
829 1353 1011 1388 diviniorique

219 1411 274 1438 vita
286 1408 406 1437 fruendi.
422 1406 570 1436 Praeterea.
581 1403 690 1440 negotia
709 1410 761 1429 non
775 1401 906 1432 amando,
938 1399 1010 1434 eligo

221 1457 294 1492 quod
310 1455 391 1483 docet
409 1462 416 1481 :
437 1451 504 1480 nihil
519 1452 592 1479 cnim
608 1449 764 1485 eligendum
784 1447 856 1482 quod
883 1454 937 1474 non
960 1453 1010 1480 ap-

219 1503 317 1539 probet
331 1501 422 1534 Deus;
448 1498 579 1535 quidquid
600 1500 692 1524 autem
708 1503 762 1522 non
774 1493 875 1525 evenit,
896 1492 944 1520 Dei
957 1499 1010 1519 non

220 1549 322 1577 habere
337 1552 431 1574 nutum
452 1544 624 1576 ostenditur;
653 1541 724 1570 sicut
749 1541 772 1569 si
800 1539 864 1575 quid
890 1539 1009 1571 eveniat,

616 1569 729 1624 quidem
761 1569 924 1623 sejtinetum)
956 1569 1011 1613 Deo
1025 1569 1047 1598 θ

220 1647 333 1677 prorsus
347 1639 450 1675 placuit
460 1642 490 1666 ut
505 1637 645 1669 eveniret;
663 1636 712 1669 ita,
737 1634 759 1662 si
776 1633 841 1670 quid
856 1640 888 1660 ex
904 1633 937 1660 iis
951 1638 1012 1666 qua:

219 1684 286 1715 inihi
301 1685 472 1716 nuntiantur,
487 1682 607 1714 eveniat,
619 1686 693 1709 stare
706 1680 778 1708 sicut
796 1680 874 1707 decet
889 1681 1009 1713 oportet,

220 1732 268 1760 sed
281 1730 346 1766 quid
359 1728 545 1758 contradicam
560 1727 647 1755 habeo
658 1734 665 1753 :
677 1727 699 1754 si
710 1733 775 1753 vero
793 1726 851 1753 hzee
867 1725 934 1752 meri
949 1727 1013 1751 sunt

221 1784 376 1811 sermones,
393 1783 426 1804 ac
439 1775 530 1803 veniat
547 1782 638 1802 rerum
652 1781 704 1801 non
721 1774 813 1801 contio
829 1771 949 1807 gentium
962 1777 1012 1797 ne-

222 1823 347 1856 cessitas,
363 1823 389 1850 id
401 1821 531 1853 ostendit,
544 1819 590 1847 Dei
605 1819 746 1855 placitum,
764 1817 841 1854 quasi
852 1824 899 1844 vos
912 1817 950 1844 ire
966 1815 1011 1850 ju-

222 1872 309 1900 bens:
327 1869 381 1898 nisi
391 1867 464 1895 enim
477 1868 529 1895 hoc
545 1870 628 1900 esset,
644 1866 671 1893 in
691 1866 790 1901 quibus
810 1871 854 1892 me
875 1866 1014 1899 operteret

221 1918 394 1954 requiescere
403 1915 416 1942 ‘I

422 1961 525 1992 XLVII.
547 1957 708 1990 οιοῡοιιο.

257 2011 390 2040 Putabam
406 2015 434 2039 te
451 2015 601 2045 tnartyrum
614 2008 684 2042 apud
700 2013 751 2034 nos
775 2004 873 2033 coelum
888 2001 1012 2037 comple-

221 2059 305 2091 visse,
329 2061 357 2085 et
386 2063 459 2092 aegre
478 2056 544 2082 dare
564 2054 642 2081 nobis
669 2052 775 2079 felicem
793 2051 831 2078 lui
859 2053 1010 2084 aspectum.

222 2104 262 2132 Tu
279 2110 343 2130 vero
373 2103 539 2138 (quanquam
568 2099 642 2126 larva
667 2098 693 2126 in
716 2096 819 2125 somnis
834 2096 891 2123 visa
915 2094 1013 2122 merito

224 2150 355 2185 trepidas,
386 2153 414 2176 et
427 2147 575 2182 auspicium
602 2144 753 2173 formidans
769 2142 866 2171 merito
879 2141 950 2169 diem
966 2148 1014 2176 ap-

223 2197 308 2231 pellas
322 2194 468 2229 nefastam)
491 2197 566 2220 tanto
581 2192 690 2219 laboras
710 2190 785 2222 odio,
815 2193 845 2216 ut
869 2193 1011 2224 propterea

1060 947 1109 974 καὶ
1128 947 1178 982 τὴν
1201 946 1362 982 ἀποτροπὴν
1385 946 1573 982 ὐφοριῖιμενος.
1586 946 1658 982 Ἐγὼ
1681 947 1709 974 δὲ
1728 947 1860 975 τοσοῦτον

1060 993 1156 1029 ἀπέχω
1172 993 1220 1020 τοῦ
1244 994 1351 1029 κόμπου
1375 994 1424 1020 καὶ
1448 994 1620 1030 πραγμάτων
1647 995 1722 1030 ἐρᾷν,
1739 995 1860 1023 καὶτῶν

1060 1040 1163 1075 ἐτέρων
1185 1039 1360 1076 εὐδαιμονίαν
1384 1039 1496 1074 ζηλοῦν.
1510 1040 1581 1067 ὥστε
1599 1041 1700 1076 καίπερ
1726 1041 1757 1067 οὗ
1785 1042 1860 1068 κατὰ

1061 1086 1124 1113 νοῦν
1143 1086 1250 1121 πράξας
1273 1086 1391 1114 ἐνταῦθα
1404 1106 1412 1119 ,
1430 1086 1557 1114 τοσοῦτον
1579 1087 1655 1122 ὅμως
1680 1087 1860 1122 ἐκαρτέρησα

1061 1132 1158 1168 χρόνον
1168 1141 1174 1147 ·
1193 1133 1239 1160 καὶ
1256 1132 1304 1160 νῦν
1316 1133 1467 1169 ἐπειδήπερ
1482 1133 1699 1168 ἐπαγγέλλονται
1718 1143 1764 1169 μοι
1778 1135 1861 1168 ποιή-

1062 1186 1119 1205 σειν
1137 1177 1173 1204 τὰ
1188 1178 1357 1214 μέτρια,οὺχ
1371 1178 1485 1214 ἕρμαιον
1499 1178 1620 1213 ἡγοῦμαι
1636 1178 1751 1212 κούφαις
1762 1178 1861 1210 ἁπλῶς

1062 1224 1154 1252 ἐλπίσι
1177 1225 1308 1260 βασιλέως
1327 1226 1405 1252 πόλιν
1423 1225 1499 1258 ἰδεῖν,
1513 1225 1560 1252 καὶ
1574 1225 1660 1252 ταῦτα
1675 1225 1724 1260 τῆς
1738 1225 1860 1260 ἡσυχίας

1061 1270 1143 1305 ἐρῶν,
1158 1272 1205 1296 καὶ
1222 1271 1285 1305 μίαν
1308 1271 1412 1305 ταύτην
1435 1271 1609 1306 εὐδαιμονίαν
1630 1270 1794 1305 ἡγούμενος,
1810 1271 1862 1297 καὶ

1061 1316 1109 1343 τοῦ
1129 1316 1276 1349 Βυζαντίου
1292 1316 1359 1352 πρὸς
1376 1317 1480 1343 ἔννοιαν
1495 1316 1565 1347 ὅλως
1575 1316 1661 1343 ἐλθὼν
1670 1317 1744 1348 ὅπως
1752 1317 1861 1350 ἐφόδιον

1062 1363 1172 1399 εὕροιμι
1187 1362 1234 1389 τοῦ
1249 1371 1316 1389 ποτε
1327 1363 1500 1398 πραγμάτων
1514 1362 1567 1394 ἔξω
1577 1362 1716 1397 γενέσθαι,
1727 1362 1774 1389 καὶ
1787 1361 1861 1389 θειο-

1062 1410 1145 1446 τέρας
1161 1408 1314 1436 ἀπολαῦσαι
1330 1408 1403 1445 ζωῆς
1415 1417 1421 1424 ·
1434 1409 1505 1444 πλὴν
1519 1409 1570 1436 οὐκ
1582 1409 1654 1444 ἐρῶν
1663 1409 1718 1435 τῶν
1729 1410 1862 1444 πραγμά-

1061 1464 1117 1482 των
1128 1455 1239 1490 τίθεμαι
1255 1455 1286 1482 τὸ
1301 1454 1414 1482 δοκοῦν·
1429 1455 1490 1481 οὐδὲ
1506 1457 1560 1491 γὰρ
1578 1454 1687 1489 αἱρετὸν
1700 1455 1714 1481 ὃ
1731 1455 1770 1490 μὴ
1788 1454 1860 1481 Θεοῦ

1062 1501 1170 1536 δέχεται
1194 1500 1282 1537 νεῦμα
1295 1509 1303 1517 ⁸
1326 1501 1374 1528 καὶ
1393 1501 1431 1537 μὴ
1448 1501 1591 1537 γινόμενον
1616 1501 1748 1533 ἕκαστον,
1766 1501 1796 1528 τδ
1819 1501 1860 1537 μὴ

1063 1547 1129 1574 Θεὸν
1141 1547 1214 1583 ἔχειν
1229 1547 1393 1575 ἐπαινοῦντα
1408 1547 1500 1583 δηλοτ’
1514 1547 1608 1584 ὥσπερ
1625 1548 1676 1574 κᾶν
1690 1556 1717 1574 τι
1732 1547 1861 1582 γένηται,

1065 1593 1103 1630 μὴ
1116 1594 1198 1621 πάθει
1213 1593 1430 1629 συνεζευγμένον
1443 1593 1503 1630 Θεῷ
1520 1594 1630 1625 πάντως
1642 1592 1730 1619 ἐδόκει
1747 1593 1795 1619 καὶ
1809 1592 1862 1626 γέ-

1062 1647 1125 1674 γονε
1136 1647 1143 1656 ·
1159 1639 1206 1667 καὶ
1219 1638 1281 1666 οὗτε
1296 1647 1322 1666 τι
1339 1638 1377 1675 μὴ
1390 1638 1486 1665 δοκοῦν
1503 1638 1561 1665 ἐστι
1578 1638 1716 1673 γενέσθαι,
1730 1637 1793 1665 οὔτε
1808 1646 1860 1672 γε-

1062 1694 1129 1720 γενη
1134 1685 1214 1721 μένον
1230 1686 1268 1721 μὴ
1286 1685 1374 1713 δοκεῖν
1384 1693 1392 1701 ”
1406 1686 1476 1712 ὥστε
1492 1685 1520 1712 εί
1532 1694 1558 1712 τι
1572 1685 1627 1712 τῶν
1643 1684 1862 1720 ἐπηγγελμένων

1063 1730 1194 1766 προϐαίη,
1204 1731 1305 1766 μένειν,
1313 1730 1352 1762 ὡς
1359 1730 1442 1763 ἔοικε,
1449 1729 1500 1763 δεῖ,
1507 1729 1556 1757 καὶ
1566 1729 1718 1763 ἀντιλέγειν
1728 1729 1779 1755 οὐκ
1791 1728 1859 1763 ἔχω·

1063 1778 1088 1804 εἰ
1105 1777 1133 1804 δὲ
1147 1777 1222 1811 λόγοι
1235 1777 1322 1804 ταῦτα
1337 1777 1384 1803 καὶ
1398 1777 1503 1812 οἴχεται
1525 1777 1543 1812 ἡ
1566 1775 1621 1802 τῶν
1640 1776 1678 1811 μὴ
1701 1774 1860 1810 γενομένων

1063 1823 1181 1859 ἀνάγκη,
1195 1823 1244 1859 τὴν
1258 1822 1306 1850 τοῦ
1320 1822 1387 1850 Θεοῦ
1400 1823 1520 1849 δείκνυσι
1533 1822 1635 1857 ψῆφον,
1648 1822 1687 1853 ὡς
1699 1822 1772 1857 ὑμᾶς
1789 1820 1860 1848 ἰέναι

1064 1870 1246 1897 κελεύουσαν·
1272 1870 1297 1896 εἰ
1316 1869 1371 1906 γὰρ
1390 1869 1427 1905 μὴ
1443 1868 1522 1896 τοῦτο
1537 1869 1646 1900 πάντως
1667 1867 1701 1895 ἃν
1723 1867 1859 1904 ὑπῆρξεν,

1063 1917 1106 1952 ἐφ’
1119 1915 1160 1949 οἷς
1172 1925 1208 1953 με
1225 1916 1316 1952 μένειν
1331 1916 1432 1951 ἐχρῆν;
1686 1910 1690 1913 ’

1349 1960 1416 1988 MZ’.
1434 1960 1587 1996 ΔΙΟΔΩΡῼ.

1102 2009 1192 2044 ᾬμην
1211 2016 1240 2034 σε
1250 2007 1300 2043 τὴν
1311 2007 1366 2034 τῶν
1381 2006 1601 2043 μαρτύρωνπφ
1613 2007 1684 2043 ἡμῖν
1698 2007 1858 2035 ἐπιτελέσαι

1065 2055 1235 2090 πανήγυριν,
1259 2054 1307 2080 καὶ
1325 2053 1426 2080 διδόναι
1455 2053 1532 2088 μόλις
1561 2054 1628 2088 ἡμῖν
1644 2053 1795 2089 εὐτυχῆσαι
1822 2056 1858 2091 τῇ

1065 2100 1125 2136 θέᾳ.
1139 2099 1176 2127 Σὺ
1190 2099 1218 2126 δέ
1233 2098 1284 2126 κᾶν
1301 2099 1367 2134 ὗναρ
1382 2099 1440 2135 ἴδῃς
1451 2099 1496 2126 τὸν
1512 2100 1630 2135 μαιμᾶν,
1646 2099 1683 2130 ὡς
1697 2099 1780 2132 ἔοικε,
1792 2101 1859 2126 δυσ-

1064 2147 1218 2183 χεραίνεις,
1246 2147 1294 2172 καὶ
1325 2146 1372 2172 τον
1389 2145 1484 2172 οἰωνὸν
1513 2145 1607 2177 δεδιὼς
1632 2146 1778 2182 ἀποφράδα
1808 2146 1860 2179 τὴν

1065 2193 1171 2229 ἡμέραν
1193 2192 1302 2223 καλεῖς’
1331 2191 1403 2218 οὕτω
1430 2199 1472 2218 σοι
1489 2191 1572 2218 πάλαι
1585 2192 1633 2218 καὶ
1652 2191 1796 2228 πὸῥρωοεν
1827 2192 1861 2219 τὸ

224 2251 258 2269 ne
274 2241 377 2268 amicos
390 2239 499 2274 quidem
512 2238 604 2265 videre
621 2236 704 2269 velis;
728 2241 756 2263 et
768 2234 892 2263 ostendis
908 2239 1010 2269 tempus

1067 2240 1146 2275 μῖσος
1157 2239 1329 2271 ἐνέστακται,
1354 2237 1393 2269 ὡς
1415 2237 1459 2264 διὰ
1476 2237 1556 2264 τοῦτο
1584 2237 1653 2272 μηδέ
1673 2238 1737 2270 τοὺς
1763 2237 1860 2272 φίλους

223 2288 292 2316 iram
305 2285 416 2314 auxisse
429 2284 518 2320 potius
536 2290 617 2319 quam
646 2283 825 2311 destruxisse.
859 2279 922 2309 Hme
947 2280 1013 2307 olim

222 2335 271 2363 tibi
289 2340 397 2368 semper
409 2331 591 2367 pmdicebam
605 2336 666 2365 qua:
683 2335 757 2356 nunc
776 2327 957 2356 acciderunt:
974 2327 1014 2354 vi-

222 2382 290 2408 dens
312 2378 385 2407 enim
408 2382 434 2405 te
462 2377 594 2405 molestos
631 2375 679 2403 tibi
706 2379 895 2408 aversantem,
927 2373 1012 2401 eheu!

221 2433 294 2461 sepe
301 2425 399 2461 sepius
411 2423 570 2452 dietitabam
581 2422 640 2450 fore
654 2427 694 2454 ut.
703 2420 788 2449 semel
802 2428 817 2448 ιι
832 2420 910 2448 nobis
924 2419 1014 2448 divul-

223 2481 285 2507 sus,
299 2472 357 2506 jam
378 2478 431 2499 non
454 2469 571 2505 amplius
582 2476 636 2496 non
652 2468 746 2496 videre
764 2467 858 2496 velles.
882 2467 940 2495 Non
957 2467 1015 2502 ipse

221 2518 345 2547 Achilles
365 2516 461 2545 tandiu
488 2517 575 2544 iratus
591 2519 634 2544 est
650 2514 774 2548 Achivis,
799 2514 846 2542 sed
868 2519 1014 2549 postquam

222 2574 270 2593 eos
281 2564 406 2592 absentia
421 2570 471 2591 sua
487 2562 595 2595 alllixit,
619 2561 728 2589 tandem
752 2561 851 2588 iterum
876 2560 959 2588 cessit
986 2564 1016 2588 ut

223 2611 367 2647 oportebat
380 2615 408 2638 et
421 2614 542 2638 mutatus
559 2613 612 2637 est.
631 2608 700 2636 Fato
714 2608 796 2643 igitur
810 2607 913 2642 gratias
926 2606 1015 2634 habeo

221 2657 294 2693 quod
304 2663 357 2684 non
370 2655 493 2691 Tltetyda
504 2654 605 2682 habeas
620 2652 858 2686 matrem,jamdiu
869 2651 942 2678 enim
955 2657 1015 2685 per-

223 2704 323 2732 niciem
337 2707 460 2730 nostram
484 2701 611 2736 petiisses
623 2704 650 2727 et
668 2699 856 2734 impetrasses.

475 2746 592 2774 XLVIII.
611 2744 765 2774 lRENtEO.

259 2794 390 2822 Zonnaeni
411 2792 592 2821 familiaribus
617 2799 705 2820 meam
724 2790 908 2818 conciliabant
931 2790 1015 2817 benc-

225 2841 385 2874 voientiam,
400 2840 518 2876 primum
529 2846 589 2872 vos,
604 2843 632 2867 et
647 2842 708 2874 post
727 2837 924 2874 experientiam
935 2836 1016 2871 juve-

226 2895 292 2915 num
304 2891 403 2915 natura
417 2895 425 2915 :
444 2885 498 2916 tuis
514 2885 587 2915 enim
616 2891 664 2920 per
686 2890 713 2914 te
729 2883 848 2913 amicitia
864 2883 1014 2920 conjuncti,

1064 2286 1166 2314 ἐθέλειν
1183 2286 1267 2321 ὸρᾷν·
1285 2284 1332 2312 καὶ
1343 2283 1492 2319 διελέγχεις
1506 2284 1552 2310 τὸν
1569 2284 1665 2318 χρόνον
1677 2283 1796 2316 αὔξοντα
1811 2284 1861 2311 θυ-

1066 2333 1116 2370 μδν
1130 2332 1241 2368 μᾶλλον,
1259 2331 1275 2367 ἢ
1299 2330 1448 2366 διελέγχειν
1467 2330 1557 2357 εἰδότα
1569 2338 1576 2345 ”
1598 2331 1687 2358 ταῦτα
1706 2330 1861 2366 προῦλεγον

1064 2380 1118 2412 ἀεὶ,
1134 2378 1220 2406 ταῦτα
1245 2377 1293 2404 καὶ
1306 2377 1435 2412 γέγονεν’
1456 2376 1528 2412 ὁρῶν
1542 2376 1596 2412 γάρ
1621 2385 1651 2403 σε
1667 2376 1711 2403 διὰ
1730 2376 1795 2408 τοὺς
1812 2377 1861 2404 λυ-

1065 2424 1184 2456 ποῦντας
1193 2424 1239 2451 καὶ
1249 2423 1295 2450 τὸν
1309 2422 1371 2449 τότε
1385 2422 1639 2457 ἀποστρεφόμενον,
1647 2421 1710 2454 ’1οὺ,
1728 2422 1780 2453 ἰοὺ,
1792 2422 1862 2448 πολ-

1064 2469 1143 2500 λάκις
1154 2468 1233 2503 ἔφην,
1245 2467 1283 2498 ὡς
1300 2467 1373 2500 ἅπαξ
1387 2467 1454 2503 ἡμῖν
1465 2466 1646 2501 ἀπαλλαγεὶς,
1657 2467 1708 2493 οὑκ
1721 2466 1864 2503 ἐθελήσεις

1065 2513 1144 2544 αὖθις
1170 2514 1252 2550 δρᾷν·
1279 2512 1338 2539 ἀλλ’
1363 2513 1425 2539 οὐδὲ
1442 2512 1583 2548 Ἀχιλλεὺς
1609 2511 1738 2539 τοσοῦτον
1763 2513 1866 2548 χρόνον

1065 2559 1200 2596 ἐθυμοῦτο
1214 2560 1272 2590 τοῖς
1285 2558 1421 2594 ’Δχαιοῖς⁶
1441 2558 1511 2585 ἀλλὰ
1531 2557 1657 2593 λυπήσας
1680 2557 1771 2589 ἀπὼν,
1791 2556 1866 2590 εἶξεν

1065 2605 1155 2638 αὖθις,
1178 2605 1216 2637 ὡς
1239 2605 1304 2637 ἔδει,
1322 2605 1369 2631 καὶ
1385 2604 1565 2639 μετεϐάλετο·
1585 2603 1667 2639 χάριν
1689 2603 1713 2630 δ’
1726 2603 1773 2630 οῦν
1786 2604 1866 2639 ὅμως

1065 2650 1125 2680 οἶδα
1136 2654 1168 2688 τῇ
1183 2652 1252 2687 τύχῃ
1265 2652 1306 2678 ὅτι
1317 2651 1355 2687 μὴ
1373 2651 1453 2677 Θέτιν
1468 2651 1540 2686 ἔχεις
1558 2651 1681 2686 μητέρα·
1694 2650 1782 2677 πάλαι
1808 2651 1866 2686 γὰρ

1066 2698 1100 2726 ἂν
1115 2686 1189 2734 ηὔξω
1203 2686 1251 2724 καί
1264 2696 1397 2724 ἀπολώλει
1402 2705 1463 2730 μεν.
1875 2686 1878 2692 ’

1329 2745 1400 2771 MH’.
1418 2743 1594 2783 ΕΙΡῌΝΛΙῼ.

1103 2791 1166 2823 Τοῖς
1182 2790 1247 2826 περ).
1261 2790 1413 2817 Ζώνναινον
1427 2789 1475 2824 τὴν
1485 2790 1554 2825 ἐμὴν
1570 2789 1678 2817 εὔνοιαν
1688 2790 1817 2824 ἐνεποίει,
1832 2791 1865 2818 τὸ

1068 2838 1119 2874 μέν
1133 2838 1241 2873 πρῶτον
1254 2837 1345 2872 ὑμεῖς,
1364 2836 1436 2872 μετὰ
1451 2836 1480 2863 δὲ
1503 2836 1553 2872 τὴν
1572 2838 1670 2872 πεῖραν
1682 2838 1737 2864 τῶν
1750 2838 1819 2864 νέων
1846 2839 1864 2868 ἠ

1067 2884 1165 2922 φύσιςσ
1181 2885 1229 2913 καὶ
1244 2884 1299 2912 τῶν
1313 2884 1433 2920 πρώτων
1447 2883 1492 2912 διὰ
1510 2884 1540 2911 σὲ
1557 2884 1696 2920 τυχόντες,
1714 2884 1746 2911 τὺ
1768 2884 1863 2912 τελευ-
