1988 3079
155 137 226 171 2757

878 139 1085 172 EPISTOLZE.

1721 147 1792 183 2758

155 199 232 225 ταῖον
241 191 316 224 οὗτοι
331 196 365 223 δι’
379 196 478 229 αὐτοὺς
493 196 633 225 ένεποίουν
647 196 693 224 τὸν
718 197 809 233 ἔρωτα
820 205 827 212 ·
851 198 942 232 κοσμεέ

1002 198 1119 225 finalitcr
1138 198 1164 227 hi
1177 199 1293 234 juvenes
1311 207 1360 236 per
1375 201 1480 237 seipsos
1497 203 1562 231 mihi
1590 203 1792 240 inspiraverunt

155 244 210 279 γὰρ
227 244 326 276 αὐτοὺς
343 243 373 270 τὺ
389 243 439 280 μὲν
459 244 568 280 πρῶτον
580 243 682 278 σπουδή
693 251 699 258 ·
717 244 767 279 τὴν
784 243 812 270 δὲ
829 244 947 278 σπουδὴν

155 289 206 316 οὐκ
219 289 340 325 ἐλέγχειν
353 287 424 316 οἶδεν
436 290 453 325 ὴ
469 289 567 324 φύσις·
583 289 654 315 ὥστε
670 290 695 316 εί
713 290 750 325 μὴ
767 289 948 325 προμηνύσας

156 335 262 371 ἔτυχες,
280 335 333 362 ἴσθ’
361 336 396 364 ἂν
413 335 619 372 ὲπιστευσάμην
636 336 674 367 ὡς
691 336 759 372 πρὸς
773 336 803 362 σὲ
823 337 854 362 τὸ
869 335 948 370 γένος

157 382 332 414 συνάπτουσι,
350 382 390 417 τῷ
405 382 561 418 χαρακτῆρι
581 382 632 417 τῆς
651 381 760 416 φύσεως
773 381 947 417 στοχασάμε-

154 436 215 460 νος·
233 428 293 455 ἀλλ’
306 426 335 455 εὖ
353 428 386 463 γέ
411 437 458 455 σου
471 427 518 454 τοῦ
544 428 642 462 γένους
661 428 686 454 εί
707 428 820 455 τοιαῦτα
843 428 947 455 τίκτειν

154 474 318 501 ἐπίσταται·
344 475 394 509 τὴν
419 474 469 510 μὲν
484 471 532 501 οὖν
555 474 626 510 ἐμὴν
644 473 758 509 γνώμην
785 474 947 510 ἐρρωμένην

156 520 210 547 ἴσθι
226 522 283 553 τοῖς
300 521 386 553 νέοις·
405 521 429 547 εί
445 521 474 547 δὲ
490 521 538 547 καὶ
552 520 667 556 δύναμιν
682 520 874 557 ὑπουργοῦσαν
891 521 946 557 ἔχω

153 567 188 602 τῇ
199 566 352 603 προθυμίᾳ,
367 566 438 593 θεῶν
453 567 482 594 έν
496 566 609 601 γούνασι
626 566 738 594 κείσθω.

302 611 369 639 ΜΘ,
390 611 540 648 ΖΑΧΛΡΙᾼ
557 612 617 639 ΚΑΙ
638 611 793 648 ΦΙΛΙΠΠῼ.

205 658 227 684 0
238 657 319 689 καλδς
332 657 458 692 Ἰωάννης
472 659 527 685 κάκ
539 658 586 685 τοῦ
597 659 692 693 γένους
712 659 784 695 ὑμᾶς
798 659 945 696 ἀπαιτήσει

153 703 204 739 τὴν
216 702 334 736 εὖνοιαν,
349 703 404 730 κάκ
424 704 474 739 τῆς
488 704 553 740 παρ’
569 704 632 738 ἐμοὶ
645 706 872 740 συμφοιτήσεως”
887 706 945 732 ἐστι

154 749 209 785 γὰρ
225 749 352 777 Λεοντίου
370 751 435 781 παῖς
445 757 451 764 ·
473 750 498 776 εἰ
513 750 652 777 Διονύσιον
670 751 728 777 ῖστε
743 751 793 786 τῆς
806 751 945 787 ἡμετέρας

152 795 248 832 τίτθης
260 795 306 823 τὸν
314 796 410 832 ἄνδρα,
424 796 522 823 τούτου
533 796 655 831 πέφυκεν
678 797 803 832 ἁδελφὸς,
819 799 833 824 ὁ
848 797 944 824 τούτου

152 842 244 878 πατήρ
254 850 261 858 ·
275 842 318 869 ῖνα
329 842 429 878 καίπερ
441 842 552 875 ειδότες,
563 843 716 879 ὑπομνήσω
729 843 775 870 τὸν
783 843 944 878 ἄνθρωπον

1000 252 1143 273 amorem:
1165 247 1338 274 commendat
1353 248 1424 275 enim
1444 256 1491 276 eos
1517 251 1634 283 primum
1658 253 1788 286 studium,

999 291 1120 317 Studium
1149 298 1214 318 vero
1245 293 1393 326 reprimere
1422 295 1510 321 nescit
1550 301 1657 323 natura.
1693 297 1731 324 Ita
1750 304 1790 330 ut,

998 337 1104 363 etiamsi
1125 344 1169 364 tne
1187 345 1239 364 nan
1256 339 1477 372 pramuonuisses,
1493 346 1586 368 certus
1602 341 1713 370 fuissem
1727 343 1790 371 illos

1000 382 1048 409 libi
1069 390 1169 417 genere
1196 384 1316 420 conjugi,
1351 385 1440 413 indole
1470 391 1594 414 naturam
1628 396 1788 424 agnoscens.

998 427 1073 455 Felix
1087 436 1172 464 genus
1192 435 1278 464 tuum,
1305 431 1377 465 quod
1397 432 1461 459 talia
1471 434 1694 470 scitproducere.
1711 435 1788 462 Scito

999 473 1154 508 igiturmihi
1174 474 1201 501 in
1222 482 1318 510 magna
1329 483 1391 504 esse
1405 477 1593 505 benevolentia
1607 478 1658 506 hos
1680 479 1790 507 adoles-

997 524 1110 552 centes;
1124 520 1147 546 si
1166 525 1255 547 autem
1270 520 1342 548 vires
1354 520 1429 548 bonae
1447 522 1578 549 voluntati
1592 524 1789 558 respondentes

1000 565 1126 598 habeam,
1141 565 1192 592 hoc
1206 566 1232 593 in
1250 567 1361 594 deorum
1377 572 1527 602 potestates
1542 575 1699 604 reponatur.

1119 611 1215 640 XVIX.
1237 612 1426 641 ZACHARIA‘I
1440 614 1483 642 ET
1494 614 1663 643 PHILIPPO.

1032 657 1149 686 Pulcher
1164 657 1284 687 Joannes
1295 664 1413 687 vestram
1427 661 1546 696 requiret
1558 662 1786 697 benevolentiam,

998 708 1054 731 ιιιιιι
1066 709 1176 739 propter
1193 712 1279 740 genus
1292 712 1384 738 suum,
1412 711 1468 733 tum
1484 712 1595 742 [‘l‘OpICI‘
1624 716 1730 736 mecum
1747 711 1788 736 fa-

999 750 1196 778 miliaritatem.
1220 751 1268 778 Est
1281 752 1353 779 enim
1379 751 1451 780 ﬁlius
1471 752 1590 787 Leontii,
1618 756 1695 790 cujus
1711 761 1788 791 pater

996 795 1047 822 fttit
1060 795 1146 823 frater
1165 794 1298 832 Dionysii,
1311 797 1379 824 avia:
1395 802 1495 825 nostra:
1503 800 1604 832 mariti,
1614 800 1691 828 vobis
1705 801 1788 830 forsi-

999 845 1044 868 tan
1060 842 1116 869 noti
1126 842 1177 877 (ut,
1194 842 1217 870 si
1235 843 1413 878 coguovistis,
1440 845 1599 872 memoriam
1628 847 1688 881 ejus
1712 847 1788 875 vobis

152 887 176 913 εί
189 887 216 914 δὲ
230 887 277 914 καὶ
292 887 330 924 μὴ
342 887 430 915 ταῦτα
440 888 557 923 προσῆν,
569 888 677 920 πάντως
691 889 790 916 οἰκεῖον
802 889 942 925 ἡγήσασθε

997 888 1145 924 revocent).
1159 888 1236 922 Quod
1252 889 1273 917 si
1295 890 1435 918 ltacratio
1459 899 1512 918 non
1537 892 1649 926 valeret,
1675 895 1788 921 omnino

152 932 291 968 θιασώτην
305 933 452 969 ἡμέτερον,
469 934 516 960 καὶ
528 933 576 960 τδν
592 934 658 969 παρ’
670 934 733 969 ἐμοὶ
747 934 828 970 χορὸν
840 935 944 970 ἐκπλη-

153 979 294 1014 ρώσαντα·
314 979 413 1006 οὐκοῦν
443 979 481 1016 μὴ
511 979 623 1015 μέλλετε
649 980 696 1006 τὸν
724 981 785 1007 νέον
806 978 836 1007 εὖ
855 982 944 1008 ποιεῖν

151 1024 248 1059 ἔχοντα
258 1024 428 1060 πανταχόθεν
442 1025 622 1061 ὀφειλομένην
634 1025 684 1061 τὴν
700 1025 822 1053 εὔνοιαν·
847 1026 944 1054 σιωπῶ

151 1071 207 1106 γὰρ
222 1071 311 1105 λέγειν
328 1071 364 1103 ὡς
376 1072 424 1098 καὶ
437 1071 476 1107 τῷ
489 1073 584 1108 τρόπῳ
598 1073 662 1105 τοὺς
675 1073 797 1108 ὁρῶντας
811 1074 943 1108 ἐπάγεται

151 1116 291 1152 ὲρυθριᾷν,
307 1117 386 1149 elati);
402 1118 466 1153 πρίν
479 1127 506 1145 τι
521 1120 568 1146 καὶ¹
583 1118 675 1154 λέγειν
699 1119 748 1147 καὶ
774 1119 943 1154 φθέγγεσθαι

152 1162 261 1197 μέτρια,
277 1162 316 1197 τῷ
330 1163 419 1199 καιρῷ
433 1164 495 1195 τοὺς
506 1164 602 1198 λόγους
616 1164 736 1201 μετρῶν,
751 1165 798 1191 καὶ
820 1166 867 1192 τὸν
880 1165 944 1192 νοῦν

151 1208 220 1244 ὑπὲρ
235 1208 284 1245 τὴν
299 1209 407 1244 ήλικίαν
418 1210 607 1246 κτησάμενος·
622 1211 636 1237 ό
652 1211 681 1238 δὲ
697 1211 794 1247 μιαρὸς
806 1211 942 1247 Θεόδωρος

150 1254 197 1280 τὸν
216 1254 331 1282 πλοῦτον
346 1255 412 1291 ἡμῖν
439 1256 621 1289 ὲπανατείνας
648 1257 729 1284 πάλιν
747 1258 847 1290 ἀνέδυ,
872 1258 943 1294 τάχα

150 1301 303 1335 καταγνοὺς
317 1301 415 1328 ἑαυτοῦ
431 1302 510 1339 εἴπερ
520 1311 547 1330 τι
563 1303 704 1339 προειπὼν
713 1304 885 1340 ἀληθεύσειε,
894 1305 944 1332 καὶ

150 1347 219 1383 πρὸς
232 1347 320 1384 πέρας
335 1347 442 1383 ἐνέγκοι
457 1350 503 1376 τὸν
516 1348 606 1384 λόγον.

405 1437 447 1465 N’.
466 1437 545 1464 ΤυΙΣ
556 1438 693 1466 ΔΥΤΟΙΣ.

186 1484 272 1511 Πάλιν
287 1484 353 1520 ὑμῖν
367 1483 522 1520 ὶπιστολὴν,
552 1484 601 1512 καὶ
617 1485 698 1512 πάλιν
722 1485 817 1522 ἕτερος
842 1485 921 1522 ὄχλος
932 1494 941 1503 ⁸

151 1529 229 1557 ἔοικα
243 1530 298 1567 γάρ
313 1539 365 1557 που
380 1529 428 1557 τοῦ
452 1531 540 1558 αίτεῖν
563 1531 602 1566 μὴ
622 1531 694 1567 τάχα
712 1532 814 1569 μέτρον
827 1533 939 1567 ειδέναι,
953 1551 975 1582 c

149 1575 218 1602 ἀλλά
237 1575 349 1610 φθάνειν
363 1576 406 1603 ἀεὶ
419 1577 477 1608 τοῖς
488 1576 626 1612 δευτέροις
639 1577 674 1603 τὰ
687 1577 871 1612 προλαϐόντα,
891 1587 941 1613 γε-

149 1621 199 1656 λᾷν
208 1629 238 1647 τε
250 1621 383 1656 ἀλλήλους
395 1621 441 1647 καὶ
453 1620 555 1655 λέγειν,
582 1620 620 1652 ὡς
637 1622 761 1657 κρεῖττον
777 1619 811 1658 ἦν
830 1622 942 1650 σιωπῶν

150 1668 167 1704 ἥ
183 1668 296 1699 πυκνοῖς
311 1667 416 1702 βάλλων
434 1668 489 1699 τοῖς
510 1667 690 1703 γράμμασιν·
707 1667 766 1694 ἀλλ’
792 1668 868 1703 ὅμως
887 1669 941 1696 κᾶν

149 1713 292 1749 διατριϐὴν
317 1714 383 1749 ὑμῖν
411 1713 525 1750 παρέχω
551 1714 599 1740 καὶ
622 1713 739 1749 γέλωτα,
763 1716 869 1750 σιωπᾷν
891 1715 942 1743 οὐκ

150 1759 295 1794 ἀνέξομαι·
315 1758 355 1791 ὡς
370 1759 403 1786 ἂν
419 1759 498 1794 ὑμεῖς
508 1758 611 1786 εῖποιτε
628 1759 726 1795 τέχνης
744 1759 789 1787 ἀεὶ
802 1760 832 1787 τὸ
851 1760 941 1787 λαλεῖν

149 1804 227 1840 παρὰ
242 1804 292 1839 τῆς
299 1805 397 1840 τέχνης
407 1804 510 1831 λαλῶν·
526 1805 575 1831 καὶ
586 1805 673 1832 ταῦτά
685 1813 726 1831 σοι
740 1805 798 1832 νυνὶ
811 1805 943 1841 πράγμα-

149 1860 194 1883 τος
211 1852 251 1884 είς
262 1853 400 1888 ἡμετέραν
411 1851 505 1888 χρείαν
520 1852 639 1889 ὁρῶντος
649 1860 656 1867 ⁶
672 1854 696 1880 οί
712 1853 767 1889 γὰρ
788 1852 854 1888 παρ’
874 1854 941 1888 ἡμῖν

149 1897 262 1932 λογάδες
283 1898 440 1933 ψηφίσματι
468 1898 551 1934 κοινῷ
577 1898 628 1934 τὴν
655 1899 789 1935 μεγίστην
818 1899 941 1932 ἀξιοῦσιν

148 1944 248 1980 ἀρχὴν,
264 1944 356 1980 ῥᾴδιον
379 1943 519 1971 ἐπινεῦσαι
548 1945 677 1980 πρᾶγμα,
695 1945 787 1972 πλεῖον
803 1946 833 1972 τὸ
863 1954 941 1981 σιτη-

151 1990 240 2025 ρέσιόν
266 1999 312 2025 μοι
336 1990 490 2026 χορηγῆσαι
518 1989 684 2026 δυνάμενον·
708 1991 814 2018 αἰτοῦσι
833 1992 862 2018 δὲ
893 1992 941 2018 καὶ

148 2036 267 2068 παλαιὰς
279 2035 421 2069 συντάξεις
438 2036 623 2072 βεϐαιωθῆναι
642 2039 698 2070 τοῖς
724 2037 939 2073 διαδεξαμένοις,

148 2084 195 2111 καὶ
208 2084 291 2119 ψιλὴν
308 2083 464 2119 μεταθεῖναι
476 2084 683 2120 προσηγορίαν·
700 2084 787 2111 ταῦτα
807 2085 855 2120 τὴν
871 2085 939 2117 ὑμε-

147 2130 232 2165 τέραν
250 2128 380 2164 ἀναμένει
392 2128 512 2164 σπουδήν
522 2136 530 2144 '
545 2128 632 2156 ταῦτα
642 2129 710 2164 πρδς
718 2129 805 2165 πέρας
817 2129 941 2163 ἐνεγκόν-

147 2183 204 2208 τες,
218 2175 303 2210 κάμοὶ
315 2174 457 2210 χαριεῖσθε
485 2174 535 2201 καὶ
560 2176 618 2206 τοῖς
644 2175 790 2211 αἰτήσασιν
812 2175 884 2211 ὑμᾶς
905 2175 939 2202 δι’

995 935 1158 962 familiarem
1176 935 1446 964 duxistisconvivam
1478 943 1610 970 nostram,
1642 940 1687 974 qui
1715 942 1785 975 apud

994 989 1039 1008 tne
1052 981 1138 1009 choro
1154 982 1287 1010 interfuit.
1302 982 1398 1009 Nonne
1411 983 1493 1018 igitur
1508 984 1575 1012 bene
1589 986 1728 1021 exeepturi
1743 993 1788 1014 es-

995 1026 1177 1062 tisjuvenem,
1195 1028 1237 1055 cui
1257 1028 1428 1056 omnimodas
1439 1029 1474 1056 ob
1486 1037 1582 1057 causas
1604 1031 1720 1058 debetur
1738 1032 1786 1058 be-

994 1073 1171 1101 nevolentia?
1186 1073 1253 1101 Silet
1265 1074 1339 1101 enim
1353 1075 1386 1102 de
1402 1075 1461 1110 ejus
1476 1075 1609 1109 moribus,
1642 1076 1687 1110 qui
1703 1077 1787 1104 omni-

995 1119 1046 1146 bus
1066 1119 1225 1147 videntibus
1238 1119 1370 1154 pudorem
1384 1121 1538 1149 incutiunt:
1559 1129 1622 1149 num
1642 1122 1695 1150 scit
1710 1128 1787 1150 aute-

997 1171 1080 1199 quam
1098 1164 1226 1199 loquatur
1241 1166 1392 1194 decentiatn
1408 1167 1565 1198 observare.
1587 1176 1727 1197 sermones
1738 1177 1787 1204 ap-

995 1214 1034 1237 tat
1052 1210 1276 1245 circumstantiis,
1289 1211 1496 1247 intelligentiam
1511 1214 1592 1241 habet
1608 1220 1687 1242 artate
1703 1223 1785 1250 supe-

994 1256 1105 1284 riorem.
1116 1257 1239 1293 Nequam
1255 1266 1320 1286 vero
1335 1258 1507 1294 Theodorus,
1536 1261 1678 1294 pecuniam
1706 1263 1786 1290 nobis

994 1302 1142 1337 pollicitus,
1163 1310 1178 1329 a
1202 1309 1283 1338 pacto
1298 1304 1411 1331 recessit
1425 1313 1433 1332 :
1446 1312 1506 1332 eutn
1533 1305 1785 1341 fors:tn.p(enituis-

993 1352 1036 1375 set
1052 1349 1075 1376 si
1091 1348 1117 1375 iu
1136 1348 1279 1383 promissis
1290 1348 1386 1377 fuisset
1401 1351 1535 1378 veridicus
1550 1355 1577 1378 et
1600 1352 1672 1379 dicta
1693 1353 1725 1379 ad
1737 1354 1781 1380 et-

993 1393 1097 1421 fectum
1109 1393 1243 1422 duxisset.

1044 1474 1046 1476 ,
1296 1440 1328 1469 ι,
1349 1440 1488 1470 EISDEM.
1608 1474 1617 1481 Δ

1029 1485 1213 1514 ltursusnova
1231 1486 1309 1514 vobis
1330 1487 1456 1522 epistola,
1480 1495 1576 1517 rursus
1602 1489 1674 1517 aliud
1699 1498 1783 1526 uego-

995 1535 1062 1559 ltttm
1078 1539 1086 1558 :
1104 1531 1214 1559 videtur
1231 1538 1274 1559 me
1289 1532 1421 1566 precibus
1434 1532 1542 1560 modum
1571 1532 1710 1567 imponere
1721 1541 1784 1561 nes-

993 1577 1062 1609 cire.
1084 1578 1132 1604 sed
1148 1577 1299 1611 praevenire
1313 1584 1421 1612 semper
1448 1577 1645 1612 posterioribus
1661 1579 1784 1613 priores;

993 1629 1024 1649 ac
1039 1622 1218 1656 probabiliter
1232 1622 1304 1649 inter
1315 1629 1362 1650 vos
1371 1622 1467 1650 ridetis
1483 1622 1604 1650 dicentes
1622 1623 1784 1651 tttiltisatitts

992 1676 1054 1696 esse
1065 1668 1146 1696 silere
1165 1675 1246 1703 quam
1259 1668 1366 1696 crebris
1387 1669 1515 1704 persequi
1531 1676 1578 1697 v0s
1589 1669 1699 1697 litteris.
1731 1669 1785 1697 Ve-

993 1720 1157 1748 rumtamen,
1171 1715 1278 1742 etiamsi
1295 1715 1434 1742 fastidium
1463 1715 1540 1743 vobis
1559 1721 1686 1750 praestem
1703 1721 1731 1744 et
1747 1717 1785 1744 ri-

992 1768 1052 1789 sum
1075 1765 1167 1788 tacere
1181 1768 1234 1788 non
1259 1765 1365 1795 potero,
1394 1764 1522 1796 tanquam
1547 1761 1569 1788 si
1594 1761 1692 1789 dicatis
1716 1763 1785 1789 artis

991 1814 1051 1835 esse
1063 1814 1172 1842 semper
1187 1806 1260 1841 loqui
1285 1811 1362 1834 extra
1387 1812 1473 1834 artem
1493 1805 1609 1841 loquens
1625 1811 1653 1834 ct
1673 1807 1783 1842 quidem

995 1851 1087 1887 agitur
1101 1859 1174 1879 nunc
1191 1853 1225 1879 de
1252 1858 1282 1878 re
1302 1852 1335 1878 ad
1354 1858 1441 1878 meam
1458 1851 1603 1879 utilitatem
1629 1858 1782 1886 speetante.

992 1897 1100 1925 Etenim
1119 1898 1169 1925 viri
1186 1898 1257 1932 apud
1273 1904 1323 1924 nos
1337 1897 1415 1925 electi
1439 1898 1577 1924 cotnmuni
1606 1905 1649 1924 me
1672 1899 1784 1926 decreto

991 1951 1117 1979 suprenta
1132 1945 1280 1979 dtgnaulur
1292 1943 1474 1971 auctoritate:
1486 1943 1564 1977 cuius
1576 1943 1685 1978 quidem
1699 1951 1780 1971 exer-

991 1991 1084 2018 citium
1103 1991 1180 2017 facile
1198 1994 1251 2022 est,
1266 1997 1298 2017 ac
1311 1990 1450 2017 meliorem
1479 1990 1545 2016 tnihi
1567 1990 1668 2018 vietum
1694 1995 1783 2025 potest

991 2036 1179 2071 suppeditare;
1195 2040 1293 2069 rogant
1305 2043 1370 2063 vero
1391 2035 1519 2070 antiquas
1542 2035 1697 2063 confirmari
1715 2043 1782 2071 pett-

990 2081 1082 2109 siones
1100 2081 1132 2108 iis
1142 2081 1188 2115 qui
1201 2085 1371 2115 receperunt,
1386 2085 1413 2108 et
1429 2080 1580 2116 simplicius
1607 2082 1704 2108 mutari
1730 2089 1781 2109 no-

992 2133 1063 2154 men.
1085 2126 1113 2153 ld
1126 2131 1241 2153 vestram
1259 2131 1352 2154 manet
1373 2133 1489 2154 curam:
1506 2127 1557 2154 hoc
1579 2127 1716 2162 negotium
1748 2129 1781 2154 ad

991 2171 1072 2199 (litem
1084 2171 1228 2204 ducentes,
1254 2176 1411 2207 pergratum
1427 2171 1533 2200 facietis
1553 2177 1581 2200 et
1604 2173 1670 2200 mihi
1688 2178 1715 2201 et
1729 2174 1781 2201 illis

149 2219 217 2255 ἐμοῦ
229 2228 236 2235 “
253 2221 279 2247 εί
292 2219 321 2247 δὲ
335 2219 424 2247 ταῦτα
438 2220 590 2257 παρίδοιτε,
613 2219 695 2247 διπλᾶ
723 2229 768 2255 μοι
794 2221 939 2256 συμϐαίνει

995 2219 1037 2254 [ιυί
1059 2226 1107 2253 per
1122 2226 1166 2246 me
1179 2218 1340 2246 sollicitant.
1364 2218 1391 2245 Si
1410 2225 1475 2246 vero
1501 2219 1656 2254 negligatis,
1682 2219 1781 2255 duplex

148 2263 257 2298 παθεῖν,
286 2264 333 2291 καὶ
348 2264 379 2291 τὸ
405 2263 443 2300 μὴ
460 2266 552 2300 τυχεῖν
569 2264 621 2300 τῆς
640 2265 757 2298 ἐλπίδος.
785 2266 833 2293 καὶ
857 2266 889 2293 τὺ
903 2267 938 2293 δι’

147 2310 226 2345 ὑμῶν
241 2310 279 2346 μὴ
294 2311 385 2346 τυχεῖν
395 2318 402 2326 ”
419 2307 457 2337 ὧν
472 2310 503 2337 τὸ
519 2310 568 2346 μὲν
587 2310 730 2346 αἰσχύνην.
748 2311 779 2338 τὸ
794 2311 823 2338 δὲ
837 2311 940 2348 ζημίαν

148 2355 309 2392 ὶργάζεται·
325 2356 383 2383 ἀλλ’
397 2356 583 2392 εὐτυχήσομεν
598 2356 716 2390 πάντως,
725 2357 793 2384 Θεοῦ
806 2358 856 2393 μὲν
870 2359 939 2386 ἀνω⁴

147 2403 194 2430 θεν
204 2403 386 2436 ὲπινεύοντος,
402 2403 479 2438 ὑμῶν
489 2403 517 2430 δὲ
529 2403 725 2431 διακονούντων
738 2405 771 2440 τῇ
785 2405 877 2441 χρείᾳ,
888 2405 941 2442 ψη-

147 2449 298 2485 φιζομένης
312 2449 340 2476 δὲ
352 2449 402 2486 τῆς
422 2448 555 2485 μεγίστης
568 2449 667 2484 ἀρχῆς.

368 2538 435 2566 NA'.
457 2538 536 2564 ΤΟΙΣ
552 2537 687 2564 ΔΥΤΟΙΣ.

181 2584 316 2612 Τοσοῦτον
330 2585 404 2619 ἡμᾶς
418 2584 450 2610 τὸ
463 2585 545 2619 τάχος
556 2583 711 2620 κατέπληξε
723 2583 772 2619 τῆς
800 2584 937 2620 ὑμετέρας

147 2634 278 2670 σπουδῆς,
303 2633 341 2665 ὡς
361 2633 410 2664 τὰς
425 2632 532 2667 ἡμέρας
550 2631 679 2667 ἀριθμεῖν
701 2632 730 2664 ἐξ
741 2628 772 2658 οὗ
788 2632 938 2667 πεπόμφα-

147 2689 198 2717 μεν
213 2680 248 2707 τὰ
264 2679 440 2714 ψηφίσματα,
457 2678 504 2705 καὶ
522 2677 622 2713 μικροῦ
636 2677 691 2704 δεῖν
708 2678 780 2713 ὑμᾶς
803 2678 937 2709 νικῶντας

145 2726 191 2753 τὸν
209 2726 305 2760 χρόνον
320 2724 411 2759 εὑρεῖν
422 2731 430 2739 ⁸
455 2723 583 2750 τοσοῦτόν
597 2723 671 2750 ἐστιν
688 2723 800 2757 ἀγαθῶν
814 2723 937 2759 ἀδελφῶν

146 2770 342 2808 περιάχοεσθαι
358 2769 472 2805 σπουδῇ,
497 2769 594 2804 κέρδος
624 2770 784 2805 ἡγουμένων
812 2770 885 2804 ἅπερ
903 2770 936 2798 ἃν

146 2818 273 2854 ἀλλήλοις
282 2817 351 2854 πρὸς
361 2816 495 2852 εὐθυμίαν
508 2815 674 2851 πορίσωνται
685 2823 692 2832 ·
709 2815 741 2842 τὸ
752 2815 781 2842 δὲ
795 2815 843 2842 καὶ
856 2816 936 2851 νικῆ-

148 2873 193 2892 σαι
203 2863 257 2892 τῶν
268 2863 436 2899 αῖτηθέντων
446 2862 496 2898 τὴν
503 2862 609 2898 χρείαν,
629 2862 675 2889 καὶ
688 2861 774 2888 πλείω
783 2863 936 2898 παρασχεῖν

991 2264 1078 2300 patiar
1096 2264 1314 2299 malum,uempe
1333 2265 1405 2299 quod
1432 2271 1480 2299 spe
1504 2264 1649 2293 frustratus
1665 2265 1730 2297 sitn,
1753 2271 1781 2292 et

990 2310 1060 2345 quod
1076 2309 1127 2337 sim
1137 2316 1185 2344 per
1195 2317 1242 2337 vos
1258 2308 1406 2337 frustratus
1421 2316 1427 2335 :
1445 2318 1562 2344 quorum
1596 2310 1671 2346 prius
1695 2312 1780 2346 pudo-

990 2364 1060 2389 retn,
1074 2355 1210 2391 posterius
1220 2355 1421 2383 incommodum
1431 2356 1496 2382 mihi
1508 2354 1643 2384 afferretis
1656 2357 1704 2384 sed
1719 2357 1780 2384 feli-

990 2409 1035 2430 ces
1048 2401 1159 2429 Omnino
1170 2401 1272 2429 erimus
1283 2421 1291 2434 ,
1325 2401 1381 2429 Deo
1412 2402 1520 2429 cmlitus
1534 2406 1680 2436 anttuente,
1704 2403 1781 2430 Vobis

989 2447 1100 2475 utilitati
1114 2447 1315 2481 servientibus,
1339 2453 1367 2475 et
1384 2448 1496 2476 decreta
1519 2447 1586 2475 mihi
1604 2454 1709 2475 suntma
1733 2455 1781 2483 po-

990 2497 1097 2521 testate.
1492 2495 1496 2497 “

1293 2539 1336 2567 LI.
1354 2538 1493 2567 EISDEM.

1024 2587 1141 2615 Tantam
1156 2586 1235 2614 nobis
1245 2585 1372 2613 celeritas
1383 2585 1467 2612 vestri
1490 2583 1574 2611 studii
1589 2583 1675 2611 movit
1694 2584 1781 2612 admi-

989 2634 1137 2664 rationem.
1157 2638 1185 2660 ut
1196 2633 1253 2660 dics
1268 2639 1443 2659 numeremus
1451 2638 1483 2658 ex
1494 2638 1549 2665 quo
1560 2629 1687 2665 suffragia
1702 2631 1780 2658 misi-

988 2688 1058 2712 mus,
1084 2688 1114 2707 ac
1133 2684 1237 2706 tantum
1261 2686 1314 2705 nott
1341 2677 1510 2705 inveniamus
1535 2683 1583 2703 vos
1606 2680 1713 2710 tempus
1742 2677 1780 2703 vi-

987 2725 1058 2752 cisse
1072 2733 1079 2752 :
1096 2731 1184 2759 usque
1207 2723 1276 2751 adeo
1290 2722 1477 2750 sollicitudine
1505 2721 1574 2748 allici
1589 2725 1632 2748 est
1647 2721 1780 2749 bonorum

987 2771 1153 2799 amicorum!
1178 2770 1283 2804 Quippe
1312 2770 1357 2804 qtti
1386 2770 1491 2796 lucrum
1517 2768 1619 2795 habent
1648 2767 1779 2803 quidquid

987 2818 1039 2846 sibi
1057 2818 1173 2845 invicem
1197 2816 1328 2844 benevole
1352 2815 1515 2851 largiuntur.
1543 2814 1660 2842 Vincere
1689 2818 1778 2841 autem

987 2863 1126 2891 concessis
1144 2862 1240 2898 petita,
1270 2866 1298 2890 et
1312 2861 1372 2897 plus
1383 2865 1514 2896 pra‘stare
1528 2867 1611 2897 quam
1620 2859 1706 2888 voluit
1715 2867 1779 2894 pus-
