1988 3079
196 164 267 198 2759

847 160 1026 191 PROCOPII
1039 160 1162 191 GAZ/EI

1762 155 1836 189 2760

197 222 299 254 tulans.
315 224 445 256 quantam
461 219 582 247 ostendit
610 217 820 253 benignitatem!
844 216 916 252 Ergo
939 223 988 244 ne-

1051 217 1058 252 ξ
1077 216 1092 243 ό
1105 216 1223 252 αἰτήσας
1238 215 1380 252 ήὸοῠλετο,
1397 215 1485 251 πόσην
1504 214 1555 241 οὐκ
1569 213 1700 249 ἐμφαίνει
1723 212 1773 249 τὴν
1787 213 1833 240 εὗ-

197 276 250 304 que
272 275 320 295 vos
347 266 478 295 desinatis
506 265 569 293 talia
596 264 697 297 facere,
726 269 816 300 neque
832 270 882 291 nos
903 262 936 291 de
956 262 990 290 iis

196 314 312 342 multum
329 313 453 349 gloriari.

447 357 501 386 LII.
520 355 737 385 HIERONYMO.

232 406 284 440 Tu,
318 406 432 442 optime,
448 413 463 432 a
482 404 562 432 nobis
585 403 735 439 profectus,
771 401 845 438 prior
868 400 989 429 debuisti

197 451 276 479 nobis
289 452 419 484 scribere,
439 454 468 477 et
481 450 580 477 tlocerc
589 456 639 476 nos
647 449 718 476 scire
735 447 877 482 cupientes
890 454 924 473 an
938 445 988 473 lte-

202 503 246 526 tus
260 498 306 525 tibi
328 497 410 524 fuerit
424 495 577 531 Neptunus,
599 499 626 523 et
639 494 700 522 navi
715 500 768 521 tua:
784 501 860 521 mare
886 499 990 520 strave-

199 545 244 578 rit,
259 553 292 571 an
307 543 480 571 Alexandria:
493 549 624 577 prospere
640 548 669 568 se
680 549 723 568 res
733 540 886 570 habuerint,
902 547 936 566 an
949 539 990 566 in-

198 587 404 625 gentemNilum
418 587 534 615 feliciter
548 586 707 619 transieris,
729 593 763 613 an
779 585 876 613 ﬂoride
897 584 924 612 in
943 589 988 611 tua

199 635 345 663 residentia
365 639 390 661 te
402 634 513 666 trabeas,
535 641 568 659 an
587 632 726 667 supersint
741 639 912 659 nttmmornm
932 639 990 666 my-

199 681 301 714 riades,
319 689 353 707 an
368 681 466 708 domus
484 685 529 707 tua
554 678 725 714 Egyptiacis
738 679 858 706 abundet
872 679 991 706 muneri-

202 727 264 755 bus.
277 727 340 754 llaec
353 726 473 753 scribere
484 726 610 757 debuisti,
625 733 657 752 ae
667 725 799 760 promissa
808 724 921 760 implere
934 724 992 759 qui-

200 773 251 801 bus
275 773 421 800 missurutn
435 777 461 799 te
471 771 600 807 epistolas
614 776 642 798 et
655 773 758 798 amicos
770 779 907 806 nunquam
920 771 991 798 obli-

201 825 291 847 turum
312 818 495 854 pollicebaris.
519 817 558 845 Tu
578 825 643 845 vero
669 825 712 845 me
724 817 807 845 etiam
826 817 990 845 scribentem

201 866 331 900 despicis,
351 865 501 900 dedignaris
514 864 581 891 meis
596 865 764 898 respondere
788 864 922 899 epistolis.
949 869 991 892 el-

207 913 279 940 enim
295 911 349 945 jam
362 910 508 938 secundam
523 910 570 936 tibi
581 910 668 936 mitto.
681 910 804 937 Siadhuc
816 910 919 942 silebis,
935 909 992 937 iur-

204 959 275 986 sitan
304 957 412 985 tertiam
427 957 516 983 adhuc
529 956 681 989 mittemus,
708 956 794 984 donec
814 961 839 984 te
856 956 993 985 factorum

202 1005 314 1040 pudeat,
327 1008 456 1038 tuamque
467 1001 586 1038 linguam
597 1003 706 1030 tandem
718 1002 867 1031 solvamus.

469 1091 538 1119 Llll.
552 1091 728 1120 AGAPETO.

237 1137 347 1165 Peritus
364 1142 429 1172 ergo
446 1143 477 1164 es
493 1136 696 1164 accusationem
711 1136 880 1172 subripiendi
899 1145 995 1173 spera-

209 1189 276 1216 tam,
295 1189 322 1210 et
336 1183 362 1210 in
375 1182 444 1209 alios
466 1181 640 1216 retorquendi
664 1182 778 1209 crimina
795 1190 854 1218 quae
865 1183 934 1211 alitis
947 1184 995 1212 tibi

200 1229 275 1265 juste
288 1229 462 1257 intendisset.
477 1227 543 1255 Nam
553 1228 617 1255 olim
628 1228 770 1256 habitabas
783 1229 975 1257 Alexandriam
987 1239 995 1258 :

205 1277 257 1304 hac
267 1283 332 1303 vero
349 1275 443 1302 relicta
463 1274 574 1307 silebas,
584 1279 611 1302 et
626 1282 674 1309 pro
688 1279 731 1302 tua
744 1280 819 1310 parte
833 1277 996 1304 tuametiam

207 1323 315 1351 celabas
328 1322 513 1358 przrscntiam.
532 1320 585 1349 Sed
602 1321 718 1349 feliciter
742 1322 826 1355 fama,
855 1331 914 1357 qua:
929 1323 998 1350 nillil

206 1369 307 1396 bonmn
325 1367 493 1400 lateresinit,
510 1371 538 1394 et
556 1367 655 1394 ntirum
671 1367 805 1396 habebam
819 1376 867 1396 cur
888 1369 996 1396 sileres.

206 1415 234 1443 Si
245 1416 279 1443 ad
291 1415 343 1442 rite
355 1414 556 1442 observandum
577 1421 687 1441 sacrum
704 1414 769 1441 illud
789 1413 949 1450 Pythagora:
961 1416 999 1443 si-

205 1463 318 1490 lentium
336 1471 344 1489 :
361 1465 400 1494 at,
419 1461 590 1496 inquiebam,
606 1461 725 1488 rhetoris
740 1468 793 1488 non
810 1466 852 1489 est
865 1462 958 1490 silere.
969 1463 998 1490 Si

205 1516 275 1537 vero
293 1513 394 1536 terram
423 1517 484 1544 qum
499 1513 524 1537 te
536 1513 696 1543 receperat,
722 1513 849 1544 tanquam
867 1510 918 1538 diis
930 1510 997 1537 invi‘

1040 270 1133 296 νοιαν;
1157 262 1221 298 μήτ’
1232 260 1278 289 οὖν
1292 262 1372 298 ὑμεῖς
1384 261 1527 297 παύσησθε
1552 260 1667 288 τοιαῦτα
1681 259 1834 290 ποιοῦντες,

1042 310 1111 345 μήτε
1129 309 1201 345 μέγα
1217 309 1325 345 φρονῶν
1341 308 1388 334 ἐπὶ
1402 308 1509 339 τούτοις
1523 307 1589 342 ἐγώ.

1298 355 1363 382 NB’.
1387 354 1579 390 1ΕΡΩΝΥΜῼ.

1074 402 1108 429 Σὲ
1120 402 1180 438 μὲν,
1197 399 1220 429 ὧ
1233 402 1368 437 βέλτιστε,
1385 401 1430 428 τὸν
1441 401 1470 435 ἐξ
1484 401 1565 436 ἡμῶν
1576 401 1722 437 ἁπάραντα
1736 403 1838 439 κατάρ-

1041 457 1100 485 χειν
1116 448 1170 475 ἔδει
1190 448 1373 484 γραμμάτων,
1388 449 1436 474 καὶ
1452 447 1589 474 διδάσκειν
1606 448 1705 476 εἰδέναι
1721 449 1838 476 ποθοῦν-

1040 503 1101 527 τας,
1120 495 1146 521 εἴ
1161 503 1203 521 σοι
1215 494 1327 529 γέγονεν
1347 494 1465 529 εὐμενὴς
1481 495 1495 520 ὁ
1511 494 1657 527 Ποσειδὼν,
1671 495 1720 522 καὶ
1735 496 1768 530 τῇ
1790 494 1838 530 νηῒ

1040 542 1090 578 τὴν
1117 542 1253 569 θάλατταν
1281 541 1479 576 ὑπεστόρεσεν·
1505 541 1529 567 εἰ
1545 542 1580 568 τὰ
1608 541 1681 568 κατὰ
1696 541 1745 577 τὴν
1761 541 1839 568 Ἀλε-

1042 589 1154 625 ξάνδρου
1169 589 1282 624 γέγονεν
1299 588 1402 623 εὐμενῆ
1415 596 1423 603 ·
1449 589 1473 616 εί
1488 588 1533 616 τὸν
1550 588 1635 615 πολὺν
1658 588 1756 615 Νεῖλον
1782 590 1833 616 ἀν-

1042 635 1178 667 έπλευσας
1190 635 1327 670 εὐτυχῶς·
1349 635 1373 661 εί
1386 634 1421 661 τὰ
1433 634 1482 669 τῆς
1497 634 1642 670 διατριϐῆς
1650 634 1749 670 εὐθαλῆ
1761 642 1769 649 ⁸
1789 635 1840 661 καί

1042 691 1083 708 σοι
1095 681 1189 708 λοιπὸν
1204 682 1233 707 ὲν
1250 680 1364 716 μυριάσι
1373 680 1403 706 τὸ
1416 680 1547 716 νόμισμα,
1563 680 1609 707 καὶ
1620 681 1665 707 τὸν
1678 678 1752 708 οἷκον
1764 679 1840 715 ἔχεις

1041 727 1202 761 Αἰγυπτίοις
1220 727 1357 762 πλήθοντα
1373 726 1470 762 δώροις
1482 734 1489 742 ”
1508 726 1593 754 ταῦτα
1607 726 1723 761 γράφειν
1739 727 1835 762 ἐχρῆν,

1041 773 1091 800 καὶ
1109 773 1161 805 τὰς
1171 773 1336 807 ὑποσχέσεις
1350 772 1482 808 πληροῦν,
1494 773 1523 799 ὲν
1537 770 1582 803 αἷς
1594 772 1691 799 πολλαὶ
1707 772 1757 807 μὲν
1773 773 1838 799 ἑπι-

1043 818 1221 855 στολαὶ,λήθη
1238 819 1266 845 δὲ
1279 819 1333 846 τῶν
1349 819 1434 858 φίλιον
1448 816 1539 854 οὺκῆν
1549 826 1556 833 ’
1572 819 1603 845 σὺ
1614 818 1641 844 δὲ
1654 818 1700 844 καὶ
1711 818 1839 844 ἐπιστέλ-

1043 865 1136 897 λοντος
1155 866 1289 900 παρορᾷς,
1307 865 1356 891 οὐκ
1371 864 1470 891 ἐθέλων
1484 864 1648 900 ἀμείϐεσθαι
1674 864 1836 899 γράμμασι·

1044 911 1189 947 τοιγαροῦν
1212 911 1261 947 ἤδη
1275 911 1324 938 καὶ
1339 911 1469 947 δευτέραν
1487 911 1633 938 ἐπέστειλα
1645 919 1652 926 ·
1674 910 1725 937 κᾶν
1740 910 1780 937 ἔτι
1797 919 1840 937 σι-

1044 957 1143 993 γήσῃς,
1170 957 1241 992 τάχα
1266 957 1314 983 καὶ
1340 957 1437 992 τρίτην
1459 957 1664 992 προσθήσομεν,
1680 956 1732 988 ἕως
1752 955 1782 983 σέ
1797 964 1840 986 τις

1044 1002 1190 1038 ἐπεισέλθῃ
1205 1003 1259 1029 τῶν
1270 1003 1419 1038 δρωμένων
1447 1003 1540 1036 αἰδὼς,
1554 1002 1602 1030 καὶ
1617 1001 1668 1038 τὴν
1683 1001 1733 1039 σὴν
1746 1001 1841 1036 φωνὴν

1045 1049 1232 1085 εὐτυχήσομεν

1317 1096 1381 1124 NF'.
1399 1096 1572 1131 ΑΓΑΠῙΙΤῼ.

1082 1142 1174 1174 Δεινὺς
1189 1142 1244 1178 ἄρα
1257 1151 1299 1173 τις
1313 1140 1395 1178 ἦσθα,
1426 1142 1595 1178 κατηγορίαν
1611 1142 1782 1177 ὑφαρπάζειν
1797 1142 1834 1169 ἑλ-

1047 1190 1210 1225 πιξομένην,
1227 1190 1275 1217 καὶ
1297 1189 1384 1217 ταῦτα
1397 1189 1546 1224 προφέρειν
1557 1190 1613 1221 τοῖς
1629 1189 1730 1220 ἄλλοις,
1752 1187 1794 1221 οἷς
1808 1190 1842 1216 ἄν

1046 1243 1089 1267 τις
1103 1235 1215 1266 δικαίως
1229 1235 1366 1270 ἐχρήσατο
1377 1235 1448 1261 κατὰ
1460 1234 1506 1262 σοῦ
1517 1242 1524 1250 ·
1541 1234 1626 1261 πάλαι
1643 1235 1691 1269 μὲν
1703 1234 1756 1269 γὰρ
1767 1233 1843 1270 εἶχες

1047 1281 1097 1316 τὴν
1107 1280 1296 1315 Ἀλεξάνδρου,
1310 1280 1358 1307 καὶ
1369 1280 1473 1315 ταύτην
1496 1279 1640 1307 ἀπολιπὼν
1666 1281 1772 1314 ἐσίγας,
1789 1281 1840 1307 καὶ

1048 1327 1077 1352 τὸ
1095 1326 1141 1353 σὺν
1157 1327 1240 1362 μέρος
1259 1326 1405 1357 ἐλάνθανες
1420 1326 1467 1352 καὶ
1488 1325 1599 1360 παρών·
1621 1326 1678 1352 ἀλλ’
1693 1326 1723 1353 εὖ
1739 1335 1772 1360 γε
1790 1327 1842 1361 τῆς

1049 1373 1154 1408 φήμης,
1169 1373 1187 1408 ἢ
1202 1372 1257 1398 τῶν
1272 1372 1393 1407 ἀρίστων
1407 1373 1440 1407 ἑᾷ.
1467 1371 1608 1398 λανθάνειν
1623 1372 1709 1405 οὐδὲν,
1726 1372 1796 1407 αὓτη
1811 1381 1844 1399 σε

1050 1421 1173 1455 παρόντα
1195 1420 1338 1456 μεμήνυκε
1352 1429 1358 1437 ·
1372 1420 1420 1447 καὶ
1436 1420 1588 1455 θαυμάζειν
1608 1418 1681 1455 εἰχον
1703 1421 1761 1447 ἀνθ’
1780 1422 1844 1447 ὅτου

1049 1467 1082 1502 δὴ
1098 1467 1145 1493 καὶ
1157 1467 1253 1502 σιγᾷς·
1273 1466 1297 1493 εί
1315 1466 1363 1502 μὲν
1377 1466 1475 1502 σεμνὸν
1498 1466 1578 1493 τοῦτο
1605 1467 1651 1493 καὶ
1679 1466 1843 1503 Πυθαγόρου

1051 1513 1182 1549 νομίζων,
1198 1513 1256 1540 ἀλλ’
1271 1513 1301 1539 οὺ
1320 1513 1434 1548 ῥήτορος
1449 1511 1543 1547 ελεγον
1558 1513 1574 1547 ἡ
1604 1513 1684 1547 σιγή·
1705 1513 1729 1540 εί
1741 1513 1771 1539 δὲ
1793 1513 1845 1549 τὴν

207 1563 266 1583 sam
288 1560 316 1583 et
332 1555 491 1583 barathrum
501 1562 573 1590 mare
596 1555 746 1590 patereris,
772 1556 916 1591 opoﬂebat
936 1556 997 1583 sola.

1056 1559 1169 1586 ἑλοῦσαν
1184 1559 1220 1590 ὡς
1233 1559 1305 1590 θεοῖς
1317 1558 1418 1594 ἐχθρὰν
1433 1558 1481 1585 καὶ
1494 1558 1632 1593 βάραθρον
1643 1558 1845 1594 ἐδυσχέραινες,

205 1602 285 1634 tium,
299 1602 333 1629 ab
345 1601 441 1629 amicis
458 1607 561 1636 petere.
586 1601 663 1629 Unde
685 1601 788 1628 ttttllum
814 1609 848 1628 ex
875 1602 916 1629 his
931 1609 1000 1637 prae-

208 1648 328 1676 textibus
348 1646 537 1679 admittebam,
560 1647 607 1674 setl
624 1646 746 1674 dicebam
759 1648 849 1682 potius
864 1651 890 1674 te
905 1655 1001 1682 super-

206 1694 303 1727 biisse,
319 1698 480 1728 veteresque
491 1694 593 1720 amicos
608 1692 665 1727 jam
690 1701 738 1728 pro
754 1693 836 1720 nihilo
853 1698 978 1728 reputare
992 1702 998 1719 :

207 1747 362 1775 quanquam
386 1739 523 1774 regionem
542 1744 614 1766 tuam
631 1739 687 1773 ipse
715 1739 881 1771 habitabant,
907 1746 938 1766 ac
951 1746 1000 1773 pa-

210 1793 268 1812 rum
286 1786 382 1812 aberat
402 1785 466 1823 quin
481 1784 593 1811 fratrem
618 1789 693 1812 tttum
717 1785 807 1812 ridere
835 1784 1000 1812 nescientem

209 1831 383 1866 pardagogum
406 1829 544 1857 haberem.
564 1829 628 1857 Hazc
642 1837 746 1856 mecum
763 1831 924 1865 recogitans,
947 1838 1000 1857 non

208 1881 410 1912 exspectassem
435 1880 461 1903 te
490 1883 580 1903 meum
612 1877 702 1904 subito
730 1875 786 1903 fore
802 1881 1000 1904 accusatorem.

211 1923 288 1951 Unde
305 1927 365 1949 tuas
386 1922 490 1950 litteras
503 1930 565 1950 cum
578 1922 632 1950 risu
644 1923 821 1957 aspiciebam,
841 1927 869 1950 et
883 1923 1002 1950 mirabar

207 1969 279 2004 quod
293 1969 429 1996 rhetorica
442 1973 543 1996 tantam
559 1973 702 2003 prwstarct
726 1969 885 2003 potentiam,
917 1973 945 1995 ut
969 1968 1001 1995 ad

211 2014 395 2043 defensionem
416 2022 558 2042 recurrere
583 2022 697 2049 cogerer
715 2022 765 2048 ego
777 2015 822 2050 qtti
838 2014 902 2042 olim
919 2015 1000 2042 verba

211 2067 256 2089 tua
270 2062 432 2089 criminatus
444 2069 528 2090 eram.
547 2062 630 2089 Sacra
661 2062 712 2090 ista
741 2063 887 2096 sophistica
910 2069 943 2089 ne
960 2063 1002 2088 ri—

213 2107 251 2135 ris
282 2107 394 2141 quidem
431 2106 552 2141 ejusdem
583 2107 650 2134 artis
677 2106 774 2141 parcit,
812 2107 857 2134 sed
890 2114 937 2134 eos
968 2107 1001 2134 ad

213 2152 316 2186 glauca:
326 2150 445 2178 Palladis
465 2151 570 2185 urbem,
589 2156 618 2178 ut
630 2153 716 2185 aiunt,
734 2151 844 2186 relegat.
869 2151 922 2179 Mei
938 2160 1002 2186 ergo

213 2198 260 2225 lilii
287 2197 339 2233 (sic
356 2197 429 2225 enim
452 2204 528 2225 meos
552 2199 669 2225 vocabas
693 2198 843 2233 sermones)
868 2198 901 2226 ad
919 2203 945 2225 te
962 2199 1002 2226 ire

211 2247 350 2278 verentur,
363 2244 408 2279 qui
426 2243 480 2271 scis
490 2244 572 2271 etiam
598 2243 714 2272 latentes
729 2244 855 2279 detegere
877 2244 999 2272 mendas.
1018 2235 1040 2262 Ῑ)

441 2284 449 2287 ’ξ
458 2287 529 2323 LIV,
556 2289 754 2318 DOllUTllEO.

248 2335 290 2363 Me
299 2334 355 2370 jam
367 2339 491 2370 paratum
509 2335 604 2370 prima:
621 2340 672 2363 tute
697 2335 860 2370 respondere
872 2335 1003 2370 epistolae,

210 2381 268 2416 ipse
283 2380 437 2415 praevenisti
458 2380 606 2407 secundam
619 2381 751 2409 mittendo
765 2389 772 2407 :
787 2380 854 2408 adeo
884 2381 910 2407 in
938 2381 1004 2416 ipsis

210 2427 293 2455 etiatn
320 2427 419 2455 litteris
443 2427 554 2455 vincere
582 2427 713 2454 festinas!
745 2428 791 2460 At,
824 2428 941 2462 inquies,
953 2435 1004 2455 cur

213 2478 287 2501 tanta
302 2473 398 2501 mora?
412 2473 467 2501 Cur
478 2473 523 2501 illa
544 2474 679 2501 scribendi
694 2473 804 2501 dilatio!
837 2473 894 2501 Non
916 2478 1005 2508 potest

212 2520 294 2547 homo
306 2519 438 2554 quidquid
456 2519 512 2546 vult
527 2519 627 2553 facere,
657 2519 705 2547 sed
722 2526 835 2547 necesse
849 2524 892 2546 est
907 2520 1005 2547 cedere

212 2569 240 2592 et
268 2565 401 2593 inservire
435 2565 546 2593 utilitati
574 2570 601 2592 et
623 2570 717 2601 patere
753 2565 966 2594 circumstantiis
995 2573 1002 2592 :

212 2619 272 2646 qua:
289 2611 398 2646 quidem
418 2619 472 2640 non
489 2613 555 2640 dant
575 2612 705 2648 quidquid
736 2613 834 2647 cuique
864 2612 939 2646 libet,
956 2612 1004 2640 sed

212 2657 284 2692 quod
302 2656 336 2685 ad
353 2657 495 2686 utilitatem
517 2666 629 2687 necesse
647 2663 689 2687 est
704 2666 873 2686 mensurare.
898 2658 1005 2686 Hacte-

213 2711 265 2731 nus
285 2704 367 2739 igitur
383 2705 484 2732 invitus
493 2709 520 2732 et
532 2713 602 2741 aegre
615 2705 688 2739 silui,
717 2713 777 2733 cum
794 2705 945 2740 prmsertim
957 2705 1004 2732 ad-

214 2750 351 2777 tnirationi
369 2750 483 2778 habeam
506 2755 580 2778 tuutn
606 2752 725 2779 studium
741 2751 849 2786 quando
868 2752 938 2786 apud
955 2758 1004 2779 nos

213 2803 286 2830 eras,
302 2802 523 2830 perseverantem
539 2797 622 2824 etiam
631 2802 692 2832 post
720 2803 794 2825 tuum
810 2797 911 2825 abitum
928 2802 1004 2826 tuam

213 2848 278 2876 erga
293 2848 336 2868 me
353 2841 579 2877 benevolentiam,
598 2849 722 2872 exortum
742 2849 837 2872 contra
861 2848 886 2872 te
911 2845 1002 2872 odium

214 2893 241 2915 ct
268 2887 409 2924 antiquam
424 2888 540 2918 fortuna:
555 2888 698 2918 malitiam.
721 2888 774 2925 Tu,
801 2891 873 2919 velut
893 2891 1003 2926 sapiens

1051 1603 1136 1638 ἐχρῆν
1149 1602 1213 1637 περὶ
1223 1602 1278 1628 τῶν
1291 1603 1376 1637 φίλων
1387 1603 1566 1637 παραμυθίαν
1587 1604 1674 1629 αἰτεῖν
1685 1611 1693 1618 ο
1707 1604 1769 1630 ὅθεν
1782 1604 1846 1631 toti-

1051 1657 1105 1675 των
1121 1647 1172 1682 μὲν
1186 1648 1273 1681 οὐδὲν,
1298 1648 1395 1683 ἔλεγον
1420 1649 1449 1675 δὲ
1465 1649 1566 1683 μᾶλλον
1581 1649 1619 1681 ὡς
1645 1650 1729 1681 πολὺς
1744 1650 1845 1686 ἠρθης,

1051 1695 1099 1721 καὶ
1114 1695 1176 1726 τοὺς
1205 1694 1288 1721 πάλαι
1305 1694 1448 1729 φιλτάτους
1465 1695 1548 1730 λῆρον
1573 1693 1643 1724 εἶναι
1666 1696 1773 1730 δοκεῖς·
1797 1700 1846 1725 καὶ

1051 1740 1138 1768 ταῦτα
1153 1740 1202 1776 τὴν
1223 1740 1337 1767 ἑλοῦσαν
1350 1741 1443 1773 οἰκῶν,
1457 1741 1504 1767 καὶ
1518 1741 1616 1776 μικροῦ
1636 1741 1692 1768 δεῖν
1706 1743 1751 1768 ὑπ’
1764 1743 1846 1769 ἀδελ-

1052 1786 1096 1822 φῷ
1114 1787 1151 1822 μὴ
1165 1787 1279 1821 γελῶντι
1294 1787 1568 1821 παιδαγωγούμενοςο
1583 1787 1669 1814 ταῦτα
1684 1789 1745 1815 κατ’
1757 1789 1847 1823 ἐμαυ-

1051 1833 1097 1860 τδν
1110 1834 1219 1865 ἐννοῶν,
1235 1833 1284 1860 οὒκ
1310 1833 1342 1860 ἂν
1356 1833 1462 1869 ἥλπικά
1481 1842 1511 1860 σε
1535 1835 1688 1870 κατήγορον
1711 1834 1846 1870 ἐξαίφνης

1054 1879 1135 1906 ἰδεῖν·
1150 1879 1212 1906 ὅθεν
1223 1879 1397 1915 προσεγέλων
1412 1879 1446 1906 τὰ
1461 1879 1624 1915 γράμματα.
1640 1881 1687 1907 καὶ
1701 1880 1750 1915 τὴν
1765 1881 1848 1916 ῥητο-

1053 1925 1133 1962 ρικὴν
1145 1925 1298 1960 ἐθαύμαζον
1313 1925 1449 1960 τοσαύτην
1461 1925 1633 1961 χορηγοῦσαν
1645 1926 1695 1961 τὴν
1707 1927 1845 1959 ἐξευσίαν,

1052 1972 1086 1998 δι’
1102 1972 1136 2007 ἣν
1150 1972 1299 2005 ἀπολογίαν
1314 1971 1437 2007 ἐζήτουν,
1455 1972 1469 1999 ὁ
1489 1972 1573 1998 πάλαι
1589 1972 1628 2006 τῷ
1642 1972 1713 2007 λόγῳ
1727 1980 1847 2006 κατηγο-

1056 2017 1109 2053 ρῶν
1122 2025 1129 2032 ·
1145 2017 1230 2044 ταῦτα
1244 2017 1293 2052 τῆς
1312 2017 1472 2053 σοφιστικῆς
1486 2018 1519 2044 τὰ
1543 2018 1641 2053 σεμνὰ.
1657 2018 1704 2044 καὶ
1717 2018 1776 2044 οὐδὲ
1788 2017 1847 2044 τῶν

1052 2061 1208 2097 ὁμοτέχνων
1224 2062 1363 2097 ἐφείσατο,
1372 2062 1491 2096 γλαῦγα,
1504 2064 1598 2097 φησὶν,
1613 2062 1744 2098 ’Λθήναζε
1754 2071 1848 2098 παρα-

1054 2107 1216 2141 πέμπουσα’
1236 2107 1261 2133 οἱ
1276 2106 1304 2133 δὲ
1328 2106 1392 2141 ἐμοὶ
1416 2107 1510 2138 παῖδες
1542 2106 1640 2141 (οὕτως
1657 2106 1710 2140 γὰρ
1737 2106 1848 2138 ἐκάλεις

1053 2154 1117 2184 τοὺς
1145 2153 1251 2188 λόγους)
1270 2153 1338 2188 πρὸς
1359 2153 1388 2179 σὲ
1416 2154 1511 2188 φοιτᾷν
1531 2152 1690 2188 ἐρυθριῶσι,
1723 2151 1847 2187 ἐλέγχειν

1054 2200 1145 2227 εἰδότα
1164 2200 1211 2228 καὶ
1227 2199 1412 2228 λανθάνουσαν
1428 2200 1579 2236 ἀμορφίαν,

1331 2288 1394 2315 NA’.
1411 2287 1571 2324 ΔΩΡΟΘΕῼ.

1091 2335 1159 2370 Ἤδη
1178 2344 1213 2371 με
1233 2335 1364 2370 μέλλοντα
1390 2335 1458 2370 πρὸς
1487 2335 1537 2369 τὴν
1564 2335 1701 2371 προτέραν
1729 2335 1848 2370 γράφειν

1053 2382 1209 2418 ἐπιστολὴν,
1227 2382 1333 2416 φθάσας
1359 2382 1440 2413 αὐτὸς
1460 2381 1508 2408 καὶ
1534 2381 1665 2417 δευτέραν
1687 2381 1846 2417 ἐπέθηκαν

1054 2428 1125 2455 οὕτω
1139 2429 1191 2455 κάν
1205 2429 1260 2459 τοῖς
1283 2428 1431 2464 γράμμασι
1447 2428 1546 2462 ἐπείγῃ
1562 2428 1652 2463 νικᾷν.
1674 2427 1754 2454 Ἀλλὰ
1767 2427 1810 2460 τίς
1834 2429 1849 2455 ὁ

1054 2476 1162 2512 χρόνος,
1175 2476 1258 2511 ἐρεῖς,
1285 2475 1332 2502 καὶ
1344 2475 1360 2510 ή
1374 2474 1422 2501 τοῦ
1438 2473 1475 2509 μὴ
1491 2474 1609 2508 γράφειν
1624 2474 1760 2509 ἀναδολή;
1789 2475 1849 2501 Οὐκ

1054 2523 1128 2550 ἔστιν
1147 2522 1289 2558 ἄνθρωπον
1312 2522 1388 2553 ὄντα,
1414 2521 1546 2556 πράττειν
1567 2521 1620 2547 ὅσα
1645 2529 1687 2552 τις
1711 2520 1847 2555 βούλεται,

1054 2569 1111 2596 ἀλλ’
1130 2569 1238 2603 ἀνάγκη
1255 2567 1426 2603 παρέχεσθαι
1443 2566 1490 2594 καὶ¹
1503 2565 1639 2592 δουλεύειν
1655 2567 1688 2601 τῇ
1706 2566 1788 2601 χρεία
1801 2567 1851 2593 καὶ

1055 2614 1247 2650 πείθεσθαιτῷ
1262 2614 1351 2650 καιρῷ
1362 2622 1368 2629 ·
1384 2615 1398 2640 ὁ
1412 2613 1440 2639 δὲ
1458 2613 1565 2640 δίδωσιν
1582 2613 1631 2648 οὐχ
1643 2613 1693 2640 ὅσα
1705 2621 1746 2644 τις
1762 2612 1848 2643 θέλει.

1053 2662 1112 2690 ἀλλ’
1122 2662 1173 2689 ὅσα
1184 2661 1253 2697 πρδς
1267 2659 1316 2695 τὴν
1330 2660 1426 2695 χρείαν
1441 2659 1547 2694 ἀνάγκη
1563 2659 1684 2694 μετρεῖν.
1699 2658 1781 2685 Ταῦτ’
1794 2659 1849 2694 ἀρα

1055 2709 1152 2744 μέχρις
1169 2695 1277 2742 τῆξνῦν
1287 2706 1362 2733 ἄκων
1380 2706 1441 2741 μὲν,
1459 2706 1569 2732 σιωπῶν
1583 2705 1605 2732 δ’
1620 2703 1666 2733 οὖν
1681 2706 1755 2740 ὅμως
1770 2695 1854 2741 ὴχθὸ-ι

1056 2764 1110 2791 μην
1120 2764 1126 2771 ·
1140 2754 1230 2781 καίτοι
1243 2753 1394 2789 θαυμάζειν
1404 2753 1474 2788 ἔχων
1486 2753 1536 2788 τὴν
1548 2753 1592 2779 ὅτε
1606 2753 1671 2789 παρ’
1690 2754 1756 2788 ἡμῖν
1775 2749 1850 2787 ἦσθα

1056 2802 1184 2837 σπουδὴν,
1195 2802 1246 2836 τὴν
1256 2800 1350 2835 ἐπειδὴ
1362 2800 1442 2827 πάλιν
1452 2800 1572 2835 ἀνήχθης
1585 2800 1626 2826 ἔτι
1643 2808 1688 2834 μοι
1705 2799 1850 2834 διαμένου-

1057 2857 1106 2874 σαν
1120 2847 1239 2879 εὓνοιαν,
1260 2846 1306 2872 τὸν
1315 2845 1386 2872 κατὰ
1402 2844 1449 2871 σοῦ
1468 2844 1605 2871 συστάντα
1624 2844 1722 2879 φθόνον
1737 2844 1784 2870 καὶ
1798 2843 1849 2878 τὴν

1056 2891 1140 2919 πάλαι
1155 2891 1204 2927 τῆς
1218 2890 1304 2926 τύχης
1315 2890 1462 2926 ἐπιϐουλήν
1472 2897 1479 2905 ·
1497 2890 1545 2917 καὶ
1557 2889 1596 2922 ὡς
1610 2889 1726 2925 σώφρων
1743 2889 1849 2924 ἀνήγου
