  <div class='ocr_page' id='page_1' title='image "/cluster/home/n/w/nwhite01/storage/ocr_20150623/87, pt.2/njp.32101010943809/648.png"; bbox 0 0 1988 3079; ppageno 0'>
   <div class='ocr_carea' id='block_1_1' title="bbox 175 121 242 154">
    <p class='ocr_par' dir='ltr' id='par_1_1' title="bbox 175 121 242 154">
     <span class='ocr_line' id='line_1_1' title="bbox 175 121 242 154; baseline 0.015 -1"><span class='ocrx_word' id='word_1_1' title='bbox 175 121 242 154; x_wconf 82' lang='lat'><strong>2761</strong></span> 
     </span>
    </p>
   </div>
   <div class='ocr_carea' id='block_1_2' title="bbox 897 119 1104 152">
    <p class='ocr_par' dir='ltr' id='par_1_2' title="bbox 897 119 1104 152">
     <span class='ocr_line' id='line_1_2' title="bbox 897 119 1104 152; baseline 0.014 -3"><span class='ocrx_word' id='word_1_2' title='bbox 897 119 1104 152; x_wconf 81' lang='lat' dir='ltr'><strong>EPISTOL/E.‘</strong></span> 
     </span>
    </p>
   </div>
   <div class='ocr_carea' id='block_1_3' title="bbox 1730 128 1800 163">
    <p class='ocr_par' dir='ltr' id='par_1_3' title="bbox 1730 128 1800 163">
     <span class='ocr_line' id='line_1_3' title="bbox 1730 128 1800 163; baseline 0.043 -3"><span class='ocrx_word' id='word_1_3' title='bbox 1730 128 1800 163; x_wconf 78' lang='grc'><strong>2762</strong></span> 
     </span>
    </p>
   </div>
   <div class='ocr_carea' id='block_1_4' title="bbox 175 175 955 217">
    <p class='ocr_par' dir='ltr' id='par_1_4' title="bbox 175 175 955 213">
     <span class='ocr_line' id='line_1_4' title="bbox 175 175 955 213; baseline -0.005 -7"><span class='ocrx_word' id='word_1_4' title='bbox 175 182 221 206; x_wconf 74' lang='grc' dir='ltr'>τ¹ρν</span> <span class='ocrx_word' id='word_1_5' title='bbox 235 179 314 211; x_wconf 83' lang='grc' dir='ltr'>λόγον</span> <span class='ocrx_word' id='word_1_6' title='bbox 328 177 481 213; x_wconf 80' lang='grc' dir='ltr'>γινόμενος.</span> <span class='ocrx_word' id='word_1_7' title='bbox 505 175 552 203; x_wconf 69' lang='grc' dir='ltr'><strong>καὶ</strong></span> <span class='ocrx_word' id='word_1_8' title='bbox 577 176 611 211; x_wconf 82' lang='grc' dir='ltr'><strong>τῇ</strong></span> <span class='ocrx_word' id='word_1_9' title='bbox 637 176 702 211; x_wconf 76' lang='grc' dir='ltr'>περὶ</span> <span class='ocrx_word' id='word_1_10' title='bbox 729 175 817 202; x_wconf 82' lang='grc' dir='ltr'>ταῦτα</span> <span class='ocrx_word' id='word_1_11' title='bbox 844 175 955 212; x_wconf 59' lang='grc' dir='ltr'>φλυαρίᾳ</span> 
     </span>
    </p>
   </div>
   <div class='ocr_carea' id='block_1_5' title="bbox 1009 175 1798 217">
    <p class='ocr_par' dir='ltr' id='par_1_5' title="bbox 1015 177 1798 217">
     <span class='ocr_line' id='line_1_5' title="bbox 1015 177 1798 217; baseline 0.013 -13"><span class='ocrx_word' id='word_1_12' title='bbox 1015 177 1103 206; x_wconf 86' lang='lat' dir='ltr'><strong>iactus</strong></span> <span class='ocrx_word' id='word_1_13' title='bbox 1112 179 1220 215; x_wconf 78' lang='lat' dir='ltr'><strong>dignius</strong></span> <span class='ocrx_word' id='word_1_14' title='bbox 1232 180 1397 216; x_wconf 82' lang='lat' dir='ltr'><strong>loquebaris,</strong></span> <span class='ocrx_word' id='word_1_15' title='bbox 1424 185 1451 208; x_wconf 87' lang='lat' dir='ltr'><strong>et</strong></span> <span class='ocrx_word' id='word_1_16' title='bbox 1469 181 1547 217; x_wconf 79' lang='lat' dir='ltr'><strong>nugis</strong></span> <span class='ocrx_word' id='word_1_17' title='bbox 1558 182 1630 210; x_wconf 88' lang='lat' dir='ltr'><strong>circa</strong></span> <span class='ocrx_word' id='word_1_18' title='bbox 1649 184 1706 212; x_wconf 69' lang='lat' dir='ltr'><strong>hmc</strong></span> <span class='ocrx_word' id='word_1_19' title='bbox 1722 187 1798 214; x_wconf 86' lang='lat' dir='ltr'><strong>vale-</strong></span> 
     </span>
    </p>
   </div>
   <div class='ocr_carea' id='block_1_6' title="bbox 175 221 960 260">
    <p class='ocr_par' dir='ltr' id='par_1_6' title="bbox 175 221 960 260">
     <span class='ocr_line' id='line_1_6' title="bbox 175 221 960 260; baseline -0.005 -9"><span class='ocrx_word' id='word_1_20' title='bbox 175 225 281 260; x_wconf 76' lang='grc' dir='ltr'><strong>χαίρειν</strong></span> <span class='ocrx_word' id='word_1_21' title='bbox 297 223 392 256; x_wconf 70' lang='grc' dir='ltr'>εἰπὼν,</span> <span class='ocrx_word' id='word_1_22' title='bbox 405 223 589 258; x_wconf 81' lang='grc' dir='ltr'>αἱρησάμενος</span> <span class='ocrx_word' id='word_1_23' title='bbox 601 223 658 253; x_wconf 85' lang='grc' dir='ltr'>τοῖς</span> <span class='ocrx_word' id='word_1_24' title='bbox 670 222 755 248; x_wconf 82' lang='grc' dir='ltr'>πᾶσιν</span> <span class='ocrx_word' id='word_1_25' title='bbox 781 221 960 248; x_wconf 80' lang='grc' dir='ltr'>ἐλαττοῦσθαι</span> 
     </span>
    </p>
   </div>
   <div class='ocr_carea' id='block_1_7' title="bbox 177 267 961 305">
    <p class='ocr_par' dir='ltr' id='par_1_7' title="bbox 177 267 961 305">
     <span class='ocr_line' id='line_1_7' title="bbox 177 267 961 305; baseline -0.004 -8"><span class='ocrx_word' id='word_1_26' title='bbox 177 271 287 305; x_wconf 73' lang='grc' dir='ltr'>μῑλλον,</span> <span class='ocrx_word' id='word_1_27' title='bbox 302 270 346 296; x_wconf 76' lang='grc' dir='ltr'>ἵνα</span> <span class='ocrx_word' id='word_1_28' title='bbox 356 278 387 295; x_wconf 81' lang='grc' dir='ltr'>κε</span> <span class='ocrx_word' id='word_1_29' title='bbox 393 269 497 305; x_wconf 76' lang='grc' dir='ltr'>ρδάνῃς·</span> <span class='ocrx_word' id='word_1_30' title='bbox 508 268 558 299; x_wconf 80' lang='grc' dir='ltr'><strong>τὰς</strong></span> <span class='ocrx_word' id='word_1_31' title='bbox 579 267 696 303; x_wconf 82' lang='grc' dir='ltr'>μούσας·</span> <span class='ocrx_word' id='word_1_32' title='bbox 709 267 766 294; x_wconf 82' lang='grc' dir='ltr'>ἀλλ’</span> <span class='ocrx_word' id='word_1_33' title='bbox 780 267 855 293; x_wconf 77' lang='grc' dir='ltr'>ὄναιο</span> <span class='ocrx_word' id='word_1_34' title='bbox 864 267 961 294; x_wconf 80' lang='grc' dir='ltr'>θᾶττον</span> 
     </span>
    </p>
   </div>
   <div class='ocr_carea' id='block_1_8' title="bbox 174 311 959 351">
    <p class='ocr_par' dir='ltr' id='par_1_8' title="bbox 174 311 959 351">
     <span class='ocr_line' id='line_1_8' title="bbox 174 311 959 351; baseline -0.006 -9"><span class='ocrx_word' id='word_1_35' title='bbox 174 316 274 351; x_wconf 79' lang='grc' dir='ltr'>ἔρωτος</span> <span class='ocrx_word' id='word_1_36' title='bbox 290 314 432 350; x_wconf 79' lang='grc' dir='ltr'>μουσικοῦ,</span> <span class='ocrx_word' id='word_1_37' title='bbox 443 314 490 340; x_wconf 77' lang='grc' dir='ltr'><strong>καὶ</strong></span> <span class='ocrx_word' id='word_1_38' title='bbox 497 312 623 340; x_wconf 83' lang='grc' dir='ltr'>τοσοῦτον</span> <span class='ocrx_word' id='word_1_39' title='bbox 633 312 724 344; x_wconf 74' lang='grc' dir='ltr'>λάϐοις</span> <span class='ocrx_word' id='word_1_40' title='bbox 732 311 831 338; x_wconf 83' lang='grc' dir='ltr'>ὁπόσον</span> <span class='ocrx_word' id='word_1_41' title='bbox 844 311 959 343; x_wconf 68' lang='grc' dir='ltr'>ἐθέλως’</span> 
     </span>
    </p>
   </div>
   <div class='ocr_carea' id='block_1_9' title="bbox 173 356 961 396">
    <p class='ocr_par' dir='ltr' id='par_1_9' title="bbox 173 356 961 396">
     <span class='ocr_line' id='line_1_9' title="bbox 173 356 961 396; baseline -0.009 -7"><span class='ocrx_word' id='word_1_42' title='bbox 173 362 220 389; x_wconf 68' lang='grc' dir='ltr'><strong>καὶ</strong></span> <span class='ocrx_word' id='word_1_43' title='bbox 232 361 321 396; x_wconf 83' lang='grc' dir='ltr'>γένοιο</span> <span class='ocrx_word' id='word_1_44' title='bbox 339 361 386 395; x_wconf 86' lang='grc' dir='ltr'>τῆς</span> <span class='ocrx_word' id='word_1_45' title='bbox 397 358 587 395; x_wconf 76' lang='grc' dir='ltr'>προλαϐούσης</span> <span class='ocrx_word' id='word_1_46' title='bbox 605 358 743 392; x_wconf 75' lang='grc' dir='ltr'>διαϐολῆς,</span> <span class='ocrx_word' id='word_1_47' title='bbox 757 357 781 383; x_wconf 82' lang='grc' dir='ltr'><strong>εί</strong></span> <span class='ocrx_word' id='word_1_48' title='bbox 793 357 843 392; x_wconf 74' lang='grc' dir='ltr'>μὲν</span> <span class='ocrx_word' id='word_1_49' title='bbox 857 356 961 392; x_wconf 77' lang='grc' dir='ltr'>ἀληθὴς</span> 
     </span>
    </p>
   </div>
   <div class='ocr_carea' id='block_1_10' title="bbox 172 403 959 442">
    <p class='ocr_par' dir='ltr' id='par_1_10' title="bbox 172 403 959 442">
     <span class='ocr_line' id='line_1_10' title="bbox 172 403 959 442; baseline -0.008 -9"><span class='ocrx_word' id='word_1_50' title='bbox 172 406 224 442; x_wconf 79' lang='grc' dir='ltr'>ἦν,</span> <span class='ocrx_word' id='word_1_51' title='bbox 240 407 476 442; x_wconf 79' lang='grc' dir='ltr'><strong>σωφρονέστερος·</strong></span> <span class='ocrx_word' id='word_1_52' title='bbox 502 406 527 432; x_wconf 86' lang='grc' dir='ltr'><strong>εί</strong></span> <span class='ocrx_word' id='word_1_53' title='bbox 546 404 576 431; x_wconf 80' lang='grc' dir='ltr'>δὲ</span> <span class='ocrx_word' id='word_1_54' title='bbox 603 404 713 439; x_wconf 82' lang='grc' dir='ltr'>ψευδὴς,</span> <span class='ocrx_word' id='word_1_55' title='bbox 742 403 939 438; x_wconf 81' lang='grc' dir='ltr'><strong>εὐτυχέστερος</strong></span> <span class='ocrx_word' id='word_1_56' title='bbox 951 410 959 418; x_wconf 92' lang='grc'><strong>·</strong></span> 
     </span>
    </p>
   </div>
   <div class='ocr_carea' id='block_1_11' title="bbox 171 447 960 487">
    <p class='ocr_par' dir='ltr' id='par_1_11' title="bbox 171 447 960 487">
     <span class='ocr_line' id='line_1_11' title="bbox 171 447 960 487; baseline -0.009 -7"><span class='ocrx_word' id='word_1_57' title='bbox 171 455 246 485; x_wconf 82' lang='grc' dir='ltr'>ὅπως</span> <span class='ocrx_word' id='word_1_58' title='bbox 261 453 275 479; x_wconf 79' lang='grc' dir='ltr'>ὁ</span> <span class='ocrx_word' id='word_1_59' title='bbox 288 453 357 487; x_wconf 77' lang='grc' dir='ltr'>μετά</span> <span class='ocrx_word' id='word_1_60' title='bbox 370 452 458 478; x_wconf 83' lang='grc' dir='ltr'>ταῦτα</span> <span class='ocrx_word' id='word_1_61' title='bbox 473 449 529 486; x_wconf 84' lang='grc' dir='ltr'>βίος</span> <span class='ocrx_word' id='word_1_62' title='bbox 544 450 581 486; x_wconf 86' lang='grc' dir='ltr'>μὴ</span> <span class='ocrx_word' id='word_1_63' title='bbox 591 450 675 485; x_wconf 78' lang='grc' dir='ltr'>ψευδῆ</span> <span class='ocrx_word' id='word_1_64' title='bbox 691 448 817 483; x_wconf 79' lang='grc' dir='ltr'>διαϐολὴν</span> <span class='ocrx_word' id='word_1_65' title='bbox 833 447 960 483; x_wconf 74' lang='grc' dir='ltr'>ἐπιδέξη-</span> 
     </span>
    </p>
   </div>
   <div class='ocr_carea' id='block_1_12' title="bbox 171 493 961 533">
    <p class='ocr_par' dir='ltr' id='par_1_12' title="bbox 171 493 961 533">
     <span class='ocr_line' id='line_1_12' title="bbox 171 493 961 533; baseline -0.008 -7"><span class='ocrx_word' id='word_1_66' title='bbox 171 507 230 526; x_wconf 69' lang='grc' dir='ltr'>ται·</span> <span class='ocrx_word' id='word_1_67' title='bbox 245 498 312 525; x_wconf 81' lang='grc' dir='ltr'>ἀλλὰ.</span> <span class='ocrx_word' id='word_1_68' title='bbox 331 498 442 533; x_wconf 75' lang='grc' dir='ltr'>φανείης</span> <span class='ocrx_word' id='word_1_69' title='bbox 459 497 541 523; x_wconf 86' lang='grc' dir='ltr'>πάλιν</span> <span class='ocrx_word' id='word_1_70' title='bbox 555 497 658 528; x_wconf 77' lang='grc' dir='ltr'>ἐκεῖνος</span> <span class='ocrx_word' id='word_1_71' title='bbox 670 496 685 522; x_wconf 83' lang='grc' dir='ltr'><strong>ό</strong></span> <span class='ocrx_word' id='word_1_72' title='bbox 701 496 832 530; x_wconf 82' lang='grc' dir='ltr'>πρότερον</span> <span class='ocrx_word' id='word_1_73' title='bbox 845 502 852 510; x_wconf 88' lang='grc'>·</span> <span class='ocrx_word' id='word_1_74' title='bbox 873 493 961 526; x_wconf 81' lang='grc' dir='ltr'>οὓτως</span> 
     </span>
    </p>
   </div>
   <div class='ocr_carea' id='block_1_13' title="bbox 171 540 960 580">
    <p class='ocr_par' dir='ltr' id='par_1_13' title="bbox 171 540 960 580">
     <span class='ocr_line' id='line_1_13' title="bbox 171 540 960 580; baseline -0.006 -8"><span class='ocrx_word' id='word_1_75' title='bbox 171 547 225 580; x_wconf 78' lang='grc' dir='ltr'>γὰρ</span> <span class='ocrx_word' id='word_1_76' title='bbox 249 545 282 572; x_wconf 87' lang='grc' dir='ltr'>ἂν</span> <span class='ocrx_word' id='word_1_77' title='bbox 303 544 461 580; x_wconf 75' lang='grc' dir='ltr'>ἡνῳθέντων</span> <span class='ocrx_word' id='word_1_78' title='bbox 478 543 530 570; x_wconf 82' lang='grc' dir='ltr'><strong>τῶν</strong></span> <span class='ocrx_word' id='word_1_79' title='bbox 553 543 646 579; x_wconf 77' lang='grc' dir='ltr'>ἄκρων</span> <span class='ocrx_word' id='word_1_80' title='bbox 672 543 808 570; x_wconf 82' lang='grc' dir='ltr'>διόλλυται</span> <span class='ocrx_word' id='word_1_81' title='bbox 824 541 854 568; x_wconf 85' lang='grc' dir='ltr'><strong>τὺ</strong></span> <span class='ocrx_word' id='word_1_82' title='bbox 876 540 960 576; x_wconf 82' lang='grc' dir='ltr'>μέσον</span> 
     </span>
    </p>
   </div>
   <div class='ocr_carea' id='block_1_14' title="bbox 171 589 583 626">
    <p class='ocr_par' dir='ltr' id='par_1_14' title="bbox 171 589 583 626">
     <span class='ocr_line' id='line_1_14' title="bbox 171 589 583 626; baseline -0.007 -9"><span class='ocrx_word' id='word_1_83' title='bbox 171 590 294 626; x_wconf 79' lang='grc' dir='ltr'>ἑκατέρῳ</span> <span class='ocrx_word' id='word_1_84' title='bbox 310 589 388 625; x_wconf 84' lang='grc' dir='ltr'>μέρει</span> <span class='ocrx_word' id='word_1_85' title='bbox 409 589 583 624; x_wconf 84' lang='grc' dir='ltr'>βαλλόμενον.</span> 
     </span>
    </p>
   </div>
   <div class='ocr_carea' id='block_1_15' title="bbox 448 633 695 669">
    <p class='ocr_par' dir='ltr' id='par_1_15' title="bbox 448 633 695 669">
     <span class='ocr_line' id='line_1_15' title="bbox 448 633 695 669; baseline -0.008 -8"><span class='ocrx_word' id='word_1_86' title='bbox 448 635 513 661; x_wconf 86' lang='lat' dir='ltr'><strong>NE&#39;.</strong></span> <span class='ocrx_word' id='word_1_87' title='bbox 529 633 695 669; x_wconf 79' lang='grc' dir='ltr'><strong>ΣΤΕΦΑΝῼ.</strong></span> 
     </span>
    </p>
   </div>
   <div class='ocr_carea' id='block_1_16' title="bbox 207 678 958 717">
    <p class='ocr_par' dir='ltr' id='par_1_16' title="bbox 207 678 958 717">
     <span class='ocr_line' id='line_1_16' title="bbox 207 678 958 717; baseline -0.005 -9"><span class='ocrx_word' id='word_1_88' title='bbox 207 682 269 708; x_wconf 84' lang='grc' dir='ltr'><strong>Ἔτι</strong></span> <span class='ocrx_word' id='word_1_89' title='bbox 287 682 385 717; x_wconf 83' lang='grc' dir='ltr'>σιγᾷ;;</span> <span class='ocrx_word' id='word_1_90' title='bbox 401 681 441 707; x_wconf 72' lang='grc' dir='ltr'><strong>ἔτι</strong></span> <span class='ocrx_word' id='word_1_91' title='bbox 451 681 505 707; x_wconf 86' lang='grc' dir='ltr'>τῶν</span> <span class='ocrx_word' id='word_1_92' title='bbox 522 681 703 716; x_wconf 80' lang='grc' dir='ltr'><strong>ἠμελημένων</strong></span> <span class='ocrx_word' id='word_1_93' title='bbox 719 680 819 715; x_wconf 83' lang='grc' dir='ltr'><strong>ἡμεῖς;</strong></span> <span class='ocrx_word' id='word_1_94' title='bbox 837 679 884 705; x_wconf 83' lang='grc' dir='ltr'><strong>καὶ</strong></span> <span class='ocrx_word' id='word_1_95' title='bbox 905 678 958 713; x_wconf 85' lang='grc' dir='ltr'>μὴν</span> 
     </span>
    </p>
   </div>
   <div class='ocr_carea' id='block_1_17' title="bbox 170 722 958 762">
    <p class='ocr_par' dir='ltr' id='par_1_17' title="bbox 170 722 958 762">
     <span class='ocr_line' id='line_1_17' title="bbox 170 722 958 762; baseline -0.004 -8"><span class='ocrx_word' id='word_1_96' title='bbox 170 728 253 756; x_wconf 78' lang='grc' dir='ltr'>πάλαι</span> <span class='ocrx_word' id='word_1_97' title='bbox 268 736 300 762; x_wconf 87' lang='grc' dir='ltr'><strong>γε</strong></span> <span class='ocrx_word' id='word_1_98' title='bbox 315 728 425 760; x_wconf 82' lang='grc' dir='ltr'>πυκνοῖς</span> <span class='ocrx_word' id='word_1_99' title='bbox 436 728 509 762; x_wconf 78' lang='grc' dir='ltr'>ἡμᾶς</span> <span class='ocrx_word' id='word_1_100' title='bbox 519 725 590 762; x_wconf 77' lang='grc' dir='ltr'>εἶχες</span> <span class='ocrx_word' id='word_1_101' title='bbox 601 728 658 758; x_wconf 75' lang='grc' dir='ltr'>τοῖς</span> <span class='ocrx_word' id='word_1_102' title='bbox 674 726 835 761; x_wconf 82' lang='grc' dir='ltr'>γράμμασιν</span> <span class='ocrx_word' id='word_1_103' title='bbox 845 732 852 740; x_wconf 78' lang='grc'><strong><em>⁸</em></strong></span> <span class='ocrx_word' id='word_1_104' title='bbox 865 724 912 752; x_wconf 75' lang='grc' dir='ltr'><strong>καὶ</strong></span> <span class='ocrx_word' id='word_1_105' title='bbox 923 722 958 760; x_wconf 83' lang='grc' dir='ltr'>ἦν</span> 
     </span>
    </p>
   </div>
   <div class='ocr_carea' id='block_1_18' title="bbox 169 769 956 810">
    <p class='ocr_par' dir='ltr' id='par_1_18' title="bbox 169 769 956 810">
     <span class='ocr_line' id='line_1_18' title="bbox 169 769 956 810; baseline -0.008 -10"><span class='ocrx_word' id='word_1_106' title='bbox 169 775 277 810; x_wconf 77' lang='grc' dir='ltr'>ἥδιστον</span> <span class='ocrx_word' id='word_1_107' title='bbox 292 774 322 800; x_wconf 81' lang='grc' dir='ltr'>τὸ</span> <span class='ocrx_word' id='word_1_108' title='bbox 343 774 435 808; x_wconf 82' lang='grc' dir='ltr'>κτῆμα</span> <span class='ocrx_word' id='word_1_109' title='bbox 459 772 646 808; x_wconf 77' lang='grc' dir='ltr'><strong>φθεγγομένου</strong></span> <span class='ocrx_word' id='word_1_110' title='bbox 676 771 806 802; x_wconf 78' lang='grc' dir='ltr'>πολλάκις</span> <span class='ocrx_word' id='word_1_111' title='bbox 826 769 956 796; x_wconf 82' lang='grc' dir='ltr'><strong>ἀκούειν·</strong></span> 
     </span>
    </p>
   </div>
   <div class='ocr_carea' id='block_1_19' title="bbox 168 815 955 854">
    <p class='ocr_par' dir='ltr' id='par_1_19' title="bbox 168 815 955 854">
     <span class='ocr_line' id='line_1_19' title="bbox 168 815 955 854; baseline -0.006 -8"><span class='ocrx_word' id='word_1_112' title='bbox 168 820 237 847; x_wconf 82' lang='grc' dir='ltr'>ἀλλὰ</span> <span class='ocrx_word' id='word_1_113' title='bbox 245 819 292 846; x_wconf 80' lang='grc' dir='ltr'>νῦν</span> <span class='ocrx_word' id='word_1_114' title='bbox 308 819 439 854; x_wconf 78' lang='grc' dir='ltr'><strong>ἐξαίφνης</strong></span> <span class='ocrx_word' id='word_1_115' title='bbox 457 819 536 854; x_wconf 82' lang='grc' dir='ltr'>σιγᾷς</span> <span class='ocrx_word' id='word_1_116' title='bbox 549 819 595 845; x_wconf 80' lang='grc' dir='ltr'><strong>καὶ</strong></span> <span class='ocrx_word' id='word_1_117' title='bbox 607 818 657 852; x_wconf 76' lang='grc' dir='ltr'>τῆς</span> <span class='ocrx_word' id='word_1_118' title='bbox 669 817 766 853; x_wconf 79' lang='grc' dir='ltr'>ἡδονῆς</span> <span class='ocrx_word' id='word_1_119' title='bbox 775 815 955 851; x_wconf 77' lang='grc' dir='ltr'>ἐστερήμεθα·</span> 
     </span>
    </p>
   </div>
   <div class='ocr_carea' id='block_1_20' title="bbox 167 861 960 901">
    <p class='ocr_par' dir='ltr' id='par_1_20' title="bbox 167 861 960 901">
     <span class='ocr_line' id='line_1_20' title="bbox 167 861 960 901; baseline -0.006 -9"><span class='ocrx_word' id='word_1_120' title='bbox 167 866 280 892; x_wconf 77' lang='grc' dir='ltr'>τοιαῦτα</span> <span class='ocrx_word' id='word_1_121' title='bbox 295 866 349 892; x_wconf 84' lang='grc' dir='ltr'>τῶν</span> <span class='ocrx_word' id='word_1_122' title='bbox 365 865 492 901; x_wconf 80' lang='grc' dir='ltr'>χρηστῶν</span> <span class='ocrx_word' id='word_1_123' title='bbox 503 865 613 901; x_wconf 77' lang='grc' dir='ltr'>βιϐλίων</span> <span class='ocrx_word' id='word_1_124' title='bbox 624 865 770 900; x_wconf 82' lang='grc' dir='ltr'>ἀπήλαυσα</span> <span class='ocrx_word' id='word_1_125' title='bbox 780 871 786 879; x_wconf 93' lang='grc'><strong>·</strong></span> <span class='ocrx_word' id='word_1_126' title='bbox 805 862 895 898; x_wconf 83' lang='grc' dir='ltr'>ζητῶν</span> <span class='ocrx_word' id='word_1_127' title='bbox 905 861 960 896; x_wconf 86' lang='grc' dir='ltr'><strong>γὰρ</strong></span> 
     </span>
    </p>
   </div>
   <div class='ocr_carea' id='block_1_21' title="bbox 168 908 956 945">
    <p class='ocr_par' dir='ltr' id='par_1_21' title="bbox 168 908 956 945">
     <span class='ocr_line' id='line_1_21' title="bbox 168 908 956 945; baseline -0.004 -8"><span class='ocrx_word' id='word_1_128' title='bbox 168 911 270 943; x_wconf 77' lang='grc' dir='ltr'>ἐκεῖνα,</span> <span class='ocrx_word' id='word_1_129' title='bbox 287 911 334 937; x_wconf 70' lang='grc' dir='ltr'>καὶ</span> <span class='ocrx_word' id='word_1_130' title='bbox 344 911 390 937; x_wconf 75' lang='grc' dir='ltr'><strong>τὸν</strong></span> <span class='ocrx_word' id='word_1_131' title='bbox 403 911 511 937; x_wconf 78' lang='grc' dir='ltr'>πάντων</span> <span class='ocrx_word' id='word_1_132' title='bbox 525 919 569 945; x_wconf 81' lang='grc' dir='ltr'><strong>μοι</strong></span> <span class='ocrx_word' id='word_1_133' title='bbox 590 910 717 945; x_wconf 78' lang='grc' dir='ltr'>φίλτατον</span> <span class='ocrx_word' id='word_1_134' title='bbox 733 908 956 945; x_wconf 63' lang='grc' dir='ltr'>προσαπολέσθαι</span> 
     </span>
    </p>
   </div>
   <div class='ocr_carea' id='block_1_22' title="bbox 167 954 954 992">
    <p class='ocr_par' dir='ltr' id='par_1_22' title="bbox 167 954 954 992">
     <span class='ocr_line' id='line_1_22' title="bbox 167 954 954 992; baseline -0.005 -8"><span class='ocrx_word' id='word_1_135' title='bbox 167 957 253 984; x_wconf 83' lang='grc' dir='ltr'>δοκῶ·</span> <span class='ocrx_word' id='word_1_136' title='bbox 269 957 301 984; x_wconf 84' lang='grc' dir='ltr'>σὺ</span> <span class='ocrx_word' id='word_1_137' title='bbox 314 957 342 984; x_wconf 74' lang='grc' dir='ltr'>δὲ</span> <span class='ocrx_word' id='word_1_138' title='bbox 357 957 475 992; x_wconf 83' lang='grc' dir='ltr'>μάλιστα</span> <span class='ocrx_word' id='word_1_139' title='bbox 491 957 542 992; x_wconf 81' lang='grc' dir='ltr'>μὲν</span> <span class='ocrx_word' id='word_1_140' title='bbox 552 957 599 982; x_wconf 76' lang='grc' dir='ltr'><strong>καὶ</strong></span> <span class='ocrx_word' id='word_1_141' title='bbox 618 956 649 982; x_wconf 78' lang='grc' dir='ltr'>τὸ</span> <span class='ocrx_word' id='word_1_142' title='bbox 666 955 768 991; x_wconf 74' lang='grc' dir='ltr'>βιϐλίον</span> <span class='ocrx_word' id='word_1_143' title='bbox 783 954 954 985; x_wconf 75' lang='grc' dir='ltr'>ἀπόστειλον,</span> 
     </span>
    </p>
   </div>
   <div class='ocr_carea' id='block_1_23' title="bbox 168 999 957 1039">
    <p class='ocr_par' dir='ltr' id='par_1_23' title="bbox 168 999 957 1039">
     <span class='ocr_line' id='line_1_23' title="bbox 168 999 957 1039; baseline -0.005 -9"><span class='ocrx_word' id='word_1_144' title='bbox 168 1003 215 1030; x_wconf 77' lang='grc' dir='ltr'><strong>καὶ</strong></span> <span class='ocrx_word' id='word_1_145' title='bbox 231 1003 294 1039; x_wconf 81' lang='grc' dir='ltr'>περὶ</span> <span class='ocrx_word' id='word_1_146' title='bbox 311 1003 361 1038; x_wconf 80' lang='grc' dir='ltr'>τῆς</span> <span class='ocrx_word' id='word_1_147' title='bbox 378 1003 484 1034; x_wconf 77' lang='grc' dir='ltr'>εὐνοίας</span> <span class='ocrx_word' id='word_1_148' title='bbox 501 1002 638 1037; x_wconf 77' lang='grc' dir='ltr'>ἀπολίπῃς</span> <span class='ocrx_word' id='word_1_149' title='bbox 653 1001 752 1036; x_wconf 79' lang='grc' dir='ltr'>μηδέν·</span> <span class='ocrx_word' id='word_1_150' title='bbox 772 1002 796 1027; x_wconf 78' lang='grc' dir='ltr'>εἰ</span> <span class='ocrx_word' id='word_1_151' title='bbox 811 1000 840 1027; x_wconf 81' lang='grc' dir='ltr'>δὲ</span> <span class='ocrx_word' id='word_1_152' title='bbox 859 999 906 1035; x_wconf 87' lang='grc' dir='ltr'>μὴ,</span> <span class='ocrx_word' id='word_1_153' title='bbox 921 999 957 1026; x_wconf 78' lang='grc' dir='ltr'>τὰ</span> 
     </span>
    </p>
   </div>
   <div class='ocr_carea' id='block_1_24' title="bbox 167 1044 957 1083">
    <p class='ocr_par' dir='ltr' id='par_1_24' title="bbox 167 1044 957 1083">
     <span class='ocr_line' id='line_1_24' title="bbox 167 1044 957 1083; baseline -0.004 -9"><span class='ocrx_word' id='word_1_154' title='bbox 167 1048 232 1082; x_wconf 82' lang='grc' dir='ltr'>γοῦν</span> <span class='ocrx_word' id='word_1_155' title='bbox 245 1047 333 1083; x_wconf 84' lang='grc' dir='ltr'>φίλοις</span> <span class='ocrx_word' id='word_1_156' title='bbox 346 1045 417 1075; x_wconf 78' lang='grc' dir='ltr'>εἶναι</span> <span class='ocrx_word' id='word_1_157' title='bbox 429 1047 594 1082; x_wconf 81' lang='grc' dir='ltr'>διαμενέτω’</span> <span class='ocrx_word' id='word_1_158' title='bbox 611 1047 679 1080; x_wconf 83' lang='grc' dir='ltr'><strong>δόξω</strong></span> <span class='ocrx_word' id='word_1_159' title='bbox 694 1046 749 1081; x_wconf 82' lang='grc' dir='ltr'><strong>γὰρ</strong></span> <span class='ocrx_word' id='word_1_160' title='bbox 771 1044 843 1072; x_wconf 77' lang='grc' dir='ltr'>οὕτω</span> <span class='ocrx_word' id='word_1_161' title='bbox 857 1053 957 1071; x_wconf 86' lang='grc' dir='ltr'>πεπον-</span> 
     </span>
    </p>
   </div>
   <div class='ocr_carea' id='block_1_25' title="bbox 168 1089 957 1128">
    <p class='ocr_par' dir='ltr' id='par_1_25' title="bbox 168 1089 957 1128">
     <span class='ocr_line' id='line_1_25' title="bbox 168 1089 957 1128; baseline -0.005 -8"><span class='ocrx_word' id='word_1_162' title='bbox 168 1093 243 1120; x_wconf 83' lang='grc' dir='ltr'>θέναι</span> <span class='ocrx_word' id='word_1_163' title='bbox 258 1093 342 1128; x_wconf 83' lang='grc' dir='ltr'>μηδέν</span> <span class='ocrx_word' id='word_1_164' title='bbox 354 1102 360 1110; x_wconf 92' lang='grc'><strong>·</strong></span> <span class='ocrx_word' id='word_1_165' title='bbox 375 1093 495 1128; x_wconf 84' lang='grc' dir='ltr'>δήλωσον</span> <span class='ocrx_word' id='word_1_166' title='bbox 510 1092 539 1119; x_wconf 81' lang='grc' dir='ltr'><strong>δέ</strong></span> <span class='ocrx_word' id='word_1_167' title='bbox 558 1101 603 1128; x_wconf 83' lang='grc' dir='ltr'><strong>μοι</strong></span> <span class='ocrx_word' id='word_1_168' title='bbox 621 1092 668 1119; x_wconf 77' lang='grc' dir='ltr'><strong>καὶ</strong></span> <span class='ocrx_word' id='word_1_169' title='bbox 689 1092 763 1123; x_wconf 76' lang='grc' dir='ltr'>ὅπως</span> <span class='ocrx_word' id='word_1_170' title='bbox 777 1092 842 1126; x_wconf 83' lang='grc' dir='ltr'>ὑμῖν</span> <span class='ocrx_word' id='word_1_171' title='bbox 860 1089 957 1125; x_wconf 76' lang='grc' dir='ltr'>ἐχειτὸ</span> 
     </span>
    </p>
   </div>
   <div class='ocr_carea' id='block_1_26' title="bbox 166 1136 957 1175">
    <p class='ocr_par' dir='ltr' id='par_1_26' title="bbox 166 1136 957 1175">
     <span class='ocr_line' id='line_1_26' title="bbox 166 1136 957 1175; baseline -0.005 -9"><span class='ocrx_word' id='word_1_172' title='bbox 166 1140 386 1175; x_wconf 67' lang='grc' dir='ltr'>φροντιστήριον·</span> <span class='ocrx_word' id='word_1_173' title='bbox 402 1140 449 1167; x_wconf 56' lang='grc' dir='ltr'><strong>καὶ⁸</strong></span> <span class='ocrx_word' id='word_1_174' title='bbox 457 1141 481 1167; x_wconf 92' lang='grc' dir='ltr'>εἰ</span> <span class='ocrx_word' id='word_1_175' title='bbox 493 1139 595 1174; x_wconf 76' lang='grc' dir='ltr'>πλῆθος</span> <span class='ocrx_word' id='word_1_176' title='bbox 604 1139 740 1174; x_wconf 82' lang='grc' dir='ltr'>ὁμιλητων</span> <span class='ocrx_word' id='word_1_177' title='bbox 754 1147 795 1164; x_wconf 91' lang='grc' dir='ltr'><strong>σοι</strong></span> <span class='ocrx_word' id='word_1_178' title='bbox 806 1136 957 1173; x_wconf 75' lang='grc' dir='ltr'>περιφράτ-</span> 
     </span>
    </p>
   </div>
   <div class='ocr_carea' id='block_1_27' title="bbox 166 1183 956 1222">
    <p class='ocr_par' dir='ltr' id='par_1_27' title="bbox 166 1183 956 1222">
     <span class='ocr_line' id='line_1_27' title="bbox 166 1183 956 1222; baseline -0.004 -9"><span class='ocrx_word' id='word_1_179' title='bbox 166 1195 206 1213; x_wconf 71' lang='grc' dir='ltr'><strong>τει</strong></span> <span class='ocrx_word' id='word_1_180' title='bbox 222 1187 252 1213; x_wconf 85' lang='grc' dir='ltr'><strong>τὺ</strong></span> <span class='ocrx_word' id='word_1_181' title='bbox 268 1186 399 1222; x_wconf 85' lang='grc' dir='ltr'>θέατρον·</span> <span class='ocrx_word' id='word_1_182' title='bbox 419 1186 467 1213; x_wconf 78' lang='grc' dir='ltr'><strong>καὶ</strong></span> <span class='ocrx_word' id='word_1_183' title='bbox 479 1186 509 1213; x_wconf 74' lang='grc' dir='ltr'><strong>τὸ</strong></span> <span class='ocrx_word' id='word_1_184' title='bbox 528 1186 561 1221; x_wconf 85' lang='grc' dir='ltr'>δὴ</span> <span class='ocrx_word' id='word_1_185' title='bbox 582 1186 725 1221; x_wconf 82' lang='grc' dir='ltr'>μέγιστον,</span> <span class='ocrx_word' id='word_1_186' title='bbox 741 1184 764 1211; x_wconf 83' lang='grc' dir='ltr'>εἰ</span> <span class='ocrx_word' id='word_1_187' title='bbox 781 1183 890 1219; x_wconf 85' lang='grc' dir='ltr'>πλούτῳ</span> <span class='ocrx_word' id='word_1_188' title='bbox 906 1191 956 1210; x_wconf 86' lang='grc' dir='ltr'><strong>κο-</strong></span> 
     </span>
    </p>
   </div>
   <div class='ocr_carea' id='block_1_28' title="bbox 168 1229 954 1267">
    <p class='ocr_par' dir='ltr' id='par_1_28' title="bbox 168 1229 954 1267">
     <span class='ocr_line' id='line_1_28' title="bbox 168 1229 954 1267; baseline -0.013 -1"><span class='ocrx_word' id='word_1_189' title='bbox 168 1234 231 1267; x_wconf 76' lang='grc' dir='ltr'><strong>μᾷς,</strong></span> <span class='ocrx_word' id='word_1_190' title='bbox 249 1232 296 1260; x_wconf 81' lang='grc' dir='ltr'>καί</span> <span class='ocrx_word' id='word_1_191' title='bbox 310 1241 351 1259; x_wconf 86' lang='grc' dir='ltr'><strong>σοι</strong></span> <span class='ocrx_word' id='word_1_192' title='bbox 371 1232 464 1260; x_wconf 78' lang='grc' dir='ltr'>λοιπὸν</span> <span class='ocrx_word' id='word_1_193' title='bbox 485 1232 526 1265; x_wconf 84' lang='grc' dir='ltr'><strong>είς</strong></span> <span class='ocrx_word' id='word_1_194' title='bbox 551 1231 673 1267; x_wconf 83' lang='grc' dir='ltr'>χιλιάδας</span> <span class='ocrx_word' id='word_1_195' title='bbox 691 1230 848 1266; x_wconf 84' lang='grc' dir='ltr'>ἀριθμεῖται</span> <span class='ocrx_word' id='word_1_196' title='bbox 862 1229 892 1256; x_wconf 83' lang='grc' dir='ltr'>τὸ</span> <span class='ocrx_word' id='word_1_197' title='bbox 911 1229 954 1256; x_wconf 87' lang='grc' dir='ltr'>νό-</span> 
     </span>
    </p>
   </div>
   <div class='ocr_carea' id='block_1_29' title="bbox 169 1286 268 1314">
    <p class='ocr_par' dir='ltr' id='par_1_29' title="bbox 169 1286 268 1314">
     <span class='ocr_line' id='line_1_29' title="bbox 169 1286 268 1314; baseline 0.02 -10"><span class='ocrx_word' id='word_1_198' title='bbox 169 1286 268 1314; x_wconf 79' lang='grc' dir='ltr'>μισμα..</span> 
     </span>
    </p>
   </div>
   <div class='ocr_carea' id='block_1_30' title="bbox 432 1322 665 1358">
    <p class='ocr_par' dir='ltr' id='par_1_30' title="bbox 432 1322 665 1358">
     <span class='ocr_line' id='line_1_30' title="bbox 432 1322 665 1358; baseline -0.004 -8"><span class='ocrx_word' id='word_1_199' title='bbox 432 1323 504 1357; x_wconf 71' lang='lat' dir='ltr'><strong>Nq&#39;.</strong></span> <span class='ocrx_word' id='word_1_200' title='bbox 530 1322 665 1358; x_wconf 79' lang='grc' dir='ltr'><strong>ΣΑΒΙΝῼ.</strong></span> 
     </span>
    </p>
   </div>
   <div class='ocr_carea' id='block_1_31' title="bbox 203 1367 956 1405">
    <p class='ocr_par' dir='ltr' id='par_1_31' title="bbox 203 1367 956 1405">
     <span class='ocr_line' id='line_1_31' title="bbox 203 1367 956 1405; baseline -0.003 -9"><span class='ocrx_word' id='word_1_201' title='bbox 203 1370 236 1397; x_wconf 72' lang='lat' dir='ltr'><strong>Et</strong></span> <span class='ocrx_word' id='word_1_202' title='bbox 253 1369 309 1402; x_wconf 81' lang='grc' dir='ltr'>τοῖς</span> <span class='ocrx_word' id='word_1_203' title='bbox 320 1369 419 1405; x_wconf 75' lang='grc' dir='ltr'>ἐρῶσιν</span> <span class='ocrx_word' id='word_1_204' title='bbox 431 1369 523 1405; x_wconf 82' lang='grc' dir='ltr'>ἡμέρα</span> <span class='ocrx_word' id='word_1_205' title='bbox 540 1369 588 1404; x_wconf 89' lang='grc' dir='ltr'><strong>μία</strong></span> <span class='ocrx_word' id='word_1_206' title='bbox 604 1368 673 1404; x_wconf 77' lang='grc' dir='ltr'>πρὸς</span> <span class='ocrx_word' id='word_1_207' title='bbox 687 1368 777 1404; x_wconf 84' lang='grc' dir='ltr'>γῆρας</span> <span class='ocrx_word' id='word_1_208' title='bbox 792 1367 884 1404; x_wconf 79' lang='grc' dir='ltr'>ἀρκεῖ,</span> <span class='ocrx_word' id='word_1_209' title='bbox 904 1367 956 1394; x_wconf 79' lang='grc' dir='ltr'><strong>οὐκ</strong></span> 
     </span>
    </p>
   </div>
   <div class='ocr_carea' id='block_1_32' title="bbox 167 1413 955 1451">
    <p class='ocr_par' dir='ltr' id='par_1_32' title="bbox 167 1413 955 1451">
     <span class='ocr_line' id='line_1_32' title="bbox 167 1413 955 1451; baseline -0.004 -8"><span class='ocrx_word' id='word_1_210' title='bbox 167 1416 201 1444; x_wconf 86' lang='grc' dir='ltr'>ἂν</span> <span class='ocrx_word' id='word_1_211' title='bbox 220 1416 333 1451; x_wconf 83' lang='grc' dir='ltr'>φθάνοις</span> <span class='ocrx_word' id='word_1_212' title='bbox 353 1416 479 1451; x_wconf 79' lang='grc' dir='ltr'>ἀριθμῶν</span> <span class='ocrx_word' id='word_1_213' title='bbox 490 1416 577 1443; x_wconf 83' lang='grc' dir='ltr'>ὁπόσα</span> <span class='ocrx_word' id='word_1_214' title='bbox 591 1415 623 1451; x_wconf 84' lang='grc' dir='ltr'>δὴ</span> <span class='ocrx_word' id='word_1_215' title='bbox 639 1415 849 1450; x_wconf 83' lang='grc' dir='ltr'><strong>γεγηράκαμεν·</strong></span> <span class='ocrx_word' id='word_1_216' title='bbox 871 1413 955 1441; x_wconf 77' lang='grc' dir='ltr'>πάλαι</span> 
     </span>
    </p>
   </div>
   <div class='ocr_carea' id='block_1_33' title="bbox 167 1459 955 1498">
    <p class='ocr_par' dir='ltr' id='par_1_33' title="bbox 167 1459 955 1498">
     <span class='ocr_line' id='line_1_33' title="bbox 167 1459 955 1498; baseline -0.003 -10"><span class='ocrx_word' id='word_1_217' title='bbox 167 1463 217 1497; x_wconf 75' lang='grc' dir='ltr'>μὲν</span> <span class='ocrx_word' id='word_1_218' title='bbox 229 1459 301 1498; x_wconf 80' lang='grc' dir='ltr'>ἦμεν</span> <span class='ocrx_word' id='word_1_219' title='bbox 312 1462 480 1496; x_wconf 80' lang='grc' dir='ltr'>εὐδαίμονες,</span> <span class='ocrx_word' id='word_1_220' title='bbox 490 1461 520 1488; x_wconf 83' lang='grc' dir='ltr'><strong>σέ</strong></span> <span class='ocrx_word' id='word_1_221' title='bbox 526 1470 555 1488; x_wconf 81' lang='grc' dir='ltr'><strong>τε</strong></span> <span class='ocrx_word' id='word_1_222' title='bbox 568 1461 683 1497; x_wconf 80' lang='grc' dir='ltr'>ὁρῶντες</span> <span class='ocrx_word' id='word_1_223' title='bbox 695 1461 741 1488; x_wconf 74' lang='grc' dir='ltr'><strong>καὶ</strong></span> <span class='ocrx_word' id='word_1_224' title='bbox 753 1461 808 1487; x_wconf 77' lang='grc' dir='ltr'>τῶν</span> <span class='ocrx_word' id='word_1_225' title='bbox 823 1460 878 1487; x_wconf 85' lang='grc' dir='ltr'><strong>σῶν</strong></span> <span class='ocrx_word' id='word_1_226' title='bbox 891 1460 955 1487; x_wconf 82' lang='grc' dir='ltr'>ἀντ-</span> 
     </span>
    </p>
   </div>
   <div class='ocr_carea' id='block_1_34' title="bbox 166 1504 952 1541">
    <p class='ocr_par' dir='ltr' id='par_1_34' title="bbox 166 1504 952 1541">
     <span class='ocr_line' id='line_1_34' title="bbox 166 1504 952 1541; baseline -0.001 -9"><span class='ocrx_word' id='word_1_227' title='bbox 166 1506 304 1541; x_wconf 85' lang='grc' dir='ltr'>εχόμενοι·</span> <span class='ocrx_word' id='word_1_228' title='bbox 318 1506 366 1533; x_wconf 81' lang='grc' dir='ltr'>καὶ</span> <span class='ocrx_word' id='word_1_229' title='bbox 397 1504 430 1540; x_wconf 80' lang='grc' dir='ltr'>ἦν</span> <span class='ocrx_word' id='word_1_230' title='bbox 445 1507 511 1541; x_wconf 82' lang='grc' dir='ltr'>ἡμῖν</span> <span class='ocrx_word' id='word_1_231' title='bbox 529 1505 618 1533; x_wconf 77' lang='grc' dir='ltr'>πάντα</span> <span class='ocrx_word' id='word_1_232' title='bbox 633 1506 751 1541; x_wconf 74' lang='grc' dir='ltr'>χρηστὰ,</span> <span class='ocrx_word' id='word_1_233' title='bbox 768 1506 830 1541; x_wconf 74' lang='grc' dir='ltr'>δψις</span> <span class='ocrx_word' id='word_1_234' title='bbox 846 1506 952 1541; x_wconf 81' lang='grc' dir='ltr'>ἡδίστη,</span> 
     </span>
    </p>
   </div>
   <div class='ocr_carea' id='block_1_35' title="bbox 166 1551 956 1588">
    <p class='ocr_par' dir='ltr' id='par_1_35' title="bbox 166 1551 956 1588">
     <span class='ocr_line' id='line_1_35' title="bbox 166 1551 956 1588; baseline 0 -10"><span class='ocrx_word' id='word_1_235' title='bbox 166 1553 238 1587; x_wconf 77' lang='grc' dir='ltr'>λόγοι</span> <span class='ocrx_word' id='word_1_236' title='bbox 249 1552 465 1587; x_wconf 79' lang='grc' dir='ltr'>κατακηλοῦντες</span> <span class='ocrx_word' id='word_1_237' title='bbox 491 1552 540 1587; x_wconf 86' lang='grc' dir='ltr'>τὴν</span> <span class='ocrx_word' id='word_1_238' title='bbox 561 1553 657 1587; x_wconf 81' lang='grc' dir='ltr'>ἀκοὴν,</span> <span class='ocrx_word' id='word_1_239' title='bbox 689 1551 785 1587; x_wconf 85' lang='grc' dir='ltr'>γνώμη</span> <span class='ocrx_word' id='word_1_240' title='bbox 799 1552 956 1588; x_wconf 79' lang='grc' dir='ltr'>χορηγοῦσα</span> 
     </span>
    </p>
   </div>
   <div class='ocr_carea' id='block_1_36' title="bbox 165 1597 956 1636">
    <p class='ocr_par' dir='ltr' id='par_1_36' title="bbox 165 1597 956 1636">
     <span class='ocr_line' id='line_1_36' title="bbox 165 1597 956 1636; baseline -0.004 -10"><span class='ocrx_word' id='word_1_241' title='bbox 165 1602 215 1636; x_wconf 82' lang='grc' dir='ltr'>τὴν</span> <span class='ocrx_word' id='word_1_242' title='bbox 229 1601 336 1628; x_wconf 79' lang='grc' dir='ltr'>εὔνοιαν</span> <span class='ocrx_word' id='word_1_243' title='bbox 346 1610 353 1616; x_wconf 93' lang='grc'><strong>·</strong></span> <span class='ocrx_word' id='word_1_244' title='bbox 369 1600 416 1628; x_wconf 75' lang='grc' dir='ltr'><strong>καὶ</strong></span> <span class='ocrx_word' id='word_1_245' title='bbox 432 1601 446 1627; x_wconf 82' lang='grc' dir='ltr'><strong>ὃ</strong></span> <span class='ocrx_word' id='word_1_246' title='bbox 458 1601 483 1627; x_wconf 89' lang='grc' dir='ltr'><strong>τί</strong></span> <span class='ocrx_word' id='word_1_247' title='bbox 493 1609 535 1632; x_wconf 88' lang='grc' dir='ltr'><strong>τις</strong></span> <span class='ocrx_word' id='word_1_248' title='bbox 544 1600 637 1627; x_wconf 79' lang='grc' dir='ltr'>ἐπόθει</span> <span class='ocrx_word' id='word_1_249' title='bbox 648 1599 739 1632; x_wconf 79' lang='grc' dir='ltr'>καλὸν,</span> <span class='ocrx_word' id='word_1_250' title='bbox 753 1599 832 1634; x_wconf 76' lang='grc' dir='ltr'>ἤρκει</span> <span class='ocrx_word' id='word_1_251' title='bbox 846 1598 912 1632; x_wconf 74' lang='grc' dir='ltr'>πρὸς</span> <span class='ocrx_word' id='word_1_252' title='bbox 926 1597 956 1623; x_wconf 79' lang='grc' dir='ltr'>σὲ</span> 
     </span>
    </p>
   </div>
   <div class='ocr_carea' id='block_1_37' title="bbox 167 1643 954 1680">
    <p class='ocr_par' dir='ltr' id='par_1_37' title="bbox 167 1643 954 1680">
     <span class='ocr_line' id='line_1_37' title="bbox 167 1643 954 1680; baseline -0.006 -7"><span class='ocrx_word' id='word_1_253' title='bbox 167 1647 247 1680; x_wconf 81' lang='grc' dir='ltr'>μόνον</span> <span class='ocrx_word' id='word_1_254' title='bbox 262 1647 340 1673; x_wconf 60' lang='grc' dir='ltr'>ἰδεῖν</span> <span class='ocrx_word' id='word_1_255' title='bbox 358 1646 425 1673; x_wconf 77' lang='grc' dir='ltr'>ἀλλὰ</span> <span class='ocrx_word' id='word_1_256' title='bbox 435 1646 481 1672; x_wconf 79' lang='grc' dir='ltr'>νῦν</span> <span class='ocrx_word' id='word_1_257' title='bbox 491 1645 620 1680; x_wconf 70' lang='grc' dir='ltr'>ἐξαίφνης</span> <span class='ocrx_word' id='word_1_258' title='bbox 632 1645 731 1680; x_wconf 74' lang='grc' dir='ltr'>ἔρημοι</span> <span class='ocrx_word' id='word_1_259' title='bbox 742 1644 850 1670; x_wconf 86' lang='grc' dir='ltr'>πάντων</span> <span class='ocrx_word' id='word_1_260' title='bbox 863 1643 954 1678; x_wconf 76' lang='grc' dir='ltr'>ἡμεῖς,</span> 
     </span>
    </p>
   </div>
   <div class='ocr_carea' id='block_1_38' title="bbox 165 1688 955 1729">
    <p class='ocr_par' dir='ltr' id='par_1_38' title="bbox 165 1688 955 1729">
     <span class='ocr_line' id='line_1_38' title="bbox 165 1688 955 1729; baseline 0 -10"><span class='ocrx_word' id='word_1_261' title='bbox 165 1692 226 1720; x_wconf 76' lang='grc' dir='ltr'>ὅθεν</span> <span class='ocrx_word' id='word_1_262' title='bbox 242 1692 396 1729; x_wconf 73' lang='grc' dir='ltr'>ἠπόρημαι,</span> <span class='ocrx_word' id='word_1_263' title='bbox 421 1692 467 1719; x_wconf 80' lang='grc' dir='ltr'><strong>καὶ</strong></span> <span class='ocrx_word' id='word_1_264' title='bbox 485 1691 531 1718; x_wconf 75' lang='grc' dir='ltr'>τὸν</span> <span class='ocrx_word' id='word_1_265' title='bbox 560 1690 645 1726; x_wconf 82' lang='grc' dir='ltr'>μῦθον</span> <span class='ocrx_word' id='word_1_266' title='bbox 672 1690 745 1726; x_wconf 78' lang='grc' dir='ltr'><strong>ἐρῶ·</strong></span> <span class='ocrx_word' id='word_1_267' title='bbox 772 1689 818 1716; x_wconf 75' lang='grc' dir='ltr'>καὶ</span> <span class='ocrx_word' id='word_1_268' title='bbox 833 1688 955 1724; x_wconf 67' lang='grc' dir='ltr'>Περσεὺς</span> 
     </span>
    </p>
   </div>
   <div class='ocr_carea' id='block_1_39' title="bbox 165 1735 954 1774">
    <p class='ocr_par' dir='ltr' id='par_1_39' title="bbox 165 1735 954 1774">
     <span class='ocr_line' id='line_1_39' title="bbox 165 1735 954 1774; baseline -0.006 -9"><span class='ocrx_word' id='word_1_269' title='bbox 165 1739 269 1770; x_wconf 67' lang='grc' dir='ltr'>ἐκεῖνος</span> <span class='ocrx_word' id='word_1_270' title='bbox 282 1739 415 1774; x_wconf 75' lang='grc' dir='ltr'>εὐξαίμην</span> <span class='ocrx_word' id='word_1_271' title='bbox 428 1738 571 1773; x_wconf 63' lang='grc' dir='ltr'>γενέσοαιι</span> <span class='ocrx_word' id='word_1_272' title='bbox 588 1737 659 1772; x_wconf 83' lang='grc' dir='ltr'><strong>τάχα</strong></span> <span class='ocrx_word' id='word_1_273' title='bbox 683 1736 738 1772; x_wconf 82' lang='grc' dir='ltr'><strong>γὰρ</strong></span> <span class='ocrx_word' id='word_1_274' title='bbox 762 1736 795 1763; x_wconf 84' lang='grc' dir='ltr'>ἂν</span> <span class='ocrx_word' id='word_1_275' title='bbox 819 1735 892 1770; x_wconf 76' lang='grc' dir='ltr'>ἐξείη</span> <span class='ocrx_word' id='word_1_276' title='bbox 910 1743 954 1770; x_wconf 86' lang='grc' dir='ltr'><strong>μοι</strong></span> 
     </span>
    </p>
   </div>
   <div class='ocr_carea' id='block_1_40' title="bbox 167 1780 955 1820">
    <p class='ocr_par' dir='ltr' id='par_1_40' title="bbox 167 1780 955 1820">
     <span class='ocr_line' id='line_1_40' title="bbox 167 1780 955 1820; baseline -0.008 -8"><span class='ocrx_word' id='word_1_277' title='bbox 167 1785 264 1820; x_wconf 74' lang='grc' dir='ltr'>μικρὸν</span> <span class='ocrx_word' id='word_1_278' title='bbox 275 1785 457 1820; x_wconf 79' lang='grc' dir='ltr'>ἀναπταμένῳ</span> <span class='ocrx_word' id='word_1_279' title='bbox 469 1783 689 1819; x_wconf 71' lang='grc' dir='ltr'>παραμυθεῖσθαι</span> <span class='ocrx_word' id='word_1_280' title='bbox 706 1783 750 1808; x_wconf 78' lang='grc' dir='ltr'>τὸν</span> <span class='ocrx_word' id='word_1_281' title='bbox 765 1781 853 1817; x_wconf 80' lang='grc' dir='ltr'>ἔρωτα</span> <span class='ocrx_word' id='word_1_282' title='bbox 864 1800 870 1807; x_wconf 95' lang='grc'><em>.</em></span> <span class='ocrx_word' id='word_1_283' title='bbox 881 1800 888 1807; x_wconf 97' lang='grc'>.</span> <span class='ocrx_word' id='word_1_284' title='bbox 898 1800 905 1806; x_wconf 97' lang='grc'><em>.</em></span> <span class='ocrx_word' id='word_1_285' title='bbox 916 1780 955 1816; x_wconf 83' lang='grc' dir='ltr'><strong>(ί)</strong></span> 
     </span>
    </p>
   </div>
   <div class='ocr_carea' id='block_1_41' title="bbox 163 1827 954 1866">
    <p class='ocr_par' dir='ltr' id='par_1_41' title="bbox 163 1827 954 1866">
     <span class='ocr_line' id='line_1_41' title="bbox 163 1827 954 1866; baseline -0.006 -8"><span class='ocrx_word' id='word_1_286' title='bbox 163 1831 298 1864; x_wconf 71' lang='grc' dir='ltr'>διεδέξιτο</span> <span class='ocrx_word' id='word_1_287' title='bbox 312 1830 396 1866; x_wconf 81' lang='grc' dir='ltr'>θυμός</span> <span class='ocrx_word' id='word_1_288' title='bbox 409 1838 415 1846; x_wconf 92' lang='grc'>·</span> <span class='ocrx_word' id='word_1_289' title='bbox 438 1830 492 1858; x_wconf 73' lang='grc' dir='ltr'>ἰδοὺ</span> <span class='ocrx_word' id='word_1_290' title='bbox 503 1830 557 1865; x_wconf 85' lang='grc' dir='ltr'>γάρ</span> <span class='ocrx_word' id='word_1_291' title='bbox 573 1839 606 1865; x_wconf 86' lang='grc' dir='ltr'><strong>με</strong></span> <span class='ocrx_word' id='word_1_292' title='bbox 624 1829 671 1856; x_wconf 72' lang='grc' dir='ltr'><strong>καὶ</strong></span> <span class='ocrx_word' id='word_1_293' title='bbox 688 1828 788 1863; x_wconf 79' lang='grc' dir='ltr'>πτεροῦ</span> <span class='ocrx_word' id='word_1_294' title='bbox 805 1829 818 1855; x_wconf 88' lang='grc' dir='ltr'>ὁ</span> <span class='ocrx_word' id='word_1_295' title='bbox 837 1827 954 1858; x_wconf 75' lang='grc' dir='ltr'>πόθος...</span> 
     </span>
    </p>
   </div>
   <div class='ocr_carea' id='block_1_42' title="bbox 165 1874 955 1913">
    <p class='ocr_par' dir='ltr' id='par_1_42' title="bbox 165 1874 955 1913">
     <span class='ocr_line' id='line_1_42' title="bbox 165 1874 955 1913; baseline -0.006 -8"><span class='ocrx_word' id='word_1_296' title='bbox 165 1879 213 1904; x_wconf 76' lang='grc' dir='ltr'>καὶ</span> <span class='ocrx_word' id='word_1_297' title='bbox 228 1877 312 1913; x_wconf 80' lang='grc' dir='ltr'>μῦθος</span> <span class='ocrx_word' id='word_1_298' title='bbox 325 1878 495 1913; x_wconf 85' lang='grc' dir='ltr'>γεγένημαι·</span> <span class='ocrx_word' id='word_1_299' title='bbox 518 1877 567 1904; x_wconf 77' lang='grc' dir='ltr'><strong>καὶ</strong></span> <span class='ocrx_word' id='word_1_300' title='bbox 583 1877 633 1903; x_wconf 86' lang='grc' dir='ltr'>ὃσα</span> <span class='ocrx_word' id='word_1_301' title='bbox 657 1876 686 1902; x_wconf 80' lang='grc' dir='ltr'>δὲ</span> <span class='ocrx_word' id='word_1_302' title='bbox 711 1875 833 1902; x_wconf 80' lang='grc' dir='ltr'>ποθοῦσα</span> <span class='ocrx_word' id='word_1_303' title='bbox 850 1874 955 1900; x_wconf 73' lang='grc' dir='ltr'>διάνοια</span> 
     </span>
    </p>
   </div>
   <div class='ocr_carea' id='block_1_43' title="bbox 167 1919 955 1960">
    <p class='ocr_par' dir='ltr' id='par_1_43' title="bbox 167 1919 955 1960">
     <span class='ocr_line' id='line_1_43' title="bbox 167 1919 955 1960; baseline -0.006 -9"><span class='ocrx_word' id='word_1_304' title='bbox 167 1926 201 1960; x_wconf 67' lang='lat' dir='ltr'><strong>pa</strong></span> <span class='ocrx_word' id='word_1_305' title='bbox 211 1945 217 1951; x_wconf 90' lang='lat'><strong>.</strong></span> <span class='ocrx_word' id='word_1_306' title='bbox 229 1944 236 1951; x_wconf 93' lang='lat'><strong>.</strong></span> <span class='ocrx_word' id='word_1_307' title='bbox 247 1943 254 1951; x_wconf 92' lang='lat'><strong>.</strong></span> <span class='ocrx_word' id='word_1_308' title='bbox 272 1923 359 1950; x_wconf 75' lang='grc' dir='ltr'>ἐθέλει</span> <span class='ocrx_word' id='word_1_309' title='bbox 369 1932 375 1938; x_wconf 90' lang='grc'><strong>·</strong></span> <span class='ocrx_word' id='word_1_310' title='bbox 389 1923 440 1959; x_wconf 77' lang='grc' dir='ltr'><strong>ήδη</strong></span> <span class='ocrx_word' id='word_1_311' title='bbox 454 1923 482 1950; x_wconf 84' lang='grc' dir='ltr'><strong>δέ</strong></span> <span class='ocrx_word' id='word_1_312' title='bbox 496 1931 538 1950; x_wconf 84' lang='grc' dir='ltr'><strong>σοι</strong></span> <span class='ocrx_word' id='word_1_313' title='bbox 562 1922 608 1949; x_wconf 60' lang='grc' dir='ltr'><strong>καὶ⁵</strong></span> <span class='ocrx_word' id='word_1_314' title='bbox 622 1922 688 1957; x_wconf 74' lang='grc' dir='ltr'>ὄναρ</span> <span class='ocrx_word' id='word_1_315' title='bbox 703 1921 773 1956; x_wconf 83' lang='grc' dir='ltr'>ἥσθη</span> <span class='ocrx_word' id='word_1_316' title='bbox 800 1920 860 1947; x_wconf 77' lang='grc' dir='ltr'>ἰδών</span> <span class='ocrx_word' id='word_1_317' title='bbox 871 1928 879 1935; x_wconf 90' lang='grc'><strong>·</strong></span> <span class='ocrx_word' id='word_1_318' title='bbox 906 1919 955 1947; x_wconf 80' lang='grc' dir='ltr'>καὶ</span> 
     </span>
    </p>
   </div>
   <div class='ocr_carea' id='block_1_44' title="bbox 165 1967 954 2006">
    <p class='ocr_par' dir='ltr' id='par_1_44' title="bbox 165 1967 954 2006">
     <span class='ocr_line' id='line_1_44' title="bbox 165 1967 954 2006; baseline -0.005 -9"><span class='ocrx_word' id='word_1_319' title='bbox 165 1971 263 1997; x_wconf 77' lang='grc' dir='ltr'>ἀναστ.</span> <span class='ocrx_word' id='word_1_320' title='bbox 273 1989 295 1997; x_wconf 92' lang='grc'><strong>..</strong></span> <span class='ocrx_word' id='word_1_321' title='bbox 307 1971 340 2006; x_wconf 82' lang='grc' dir='ltr'>τῇ</span> <span class='ocrx_word' id='word_1_322' title='bbox 358 1969 421 2006; x_wconf 61' lang='grc' dir='ltr'>θέαι</span> <span class='ocrx_word' id='word_1_323' title='bbox 434 1967 464 1996; x_wconf 82' lang='grc' dir='ltr'>εὖ</span> <span class='ocrx_word' id='word_1_324' title='bbox 481 1969 509 1996; x_wconf 82' lang='grc' dir='ltr'>δὲ</span> <span class='ocrx_word' id='word_1_325' title='bbox 525 1968 610 1996; x_wconf 84' lang='grc' dir='ltr'>ποιῶν</span> <span class='ocrx_word' id='word_1_326' title='bbox 623 1968 669 1995; x_wconf 86' lang='grc' dir='ltr'>τὸν</span> <span class='ocrx_word' id='word_1_327' title='bbox 697 1968 815 2004; x_wconf 79' lang='grc' dir='ltr'>φέροντα</span> <span class='ocrx_word' id='word_1_328' title='bbox 828 1967 878 2002; x_wconf 77' lang='grc' dir='ltr'>τὴν</span> <span class='ocrx_word' id='word_1_329' title='bbox 891 1967 954 1993; x_wconf 79' lang='grc' dir='ltr'><strong>ὲπι-</strong></span> 
     </span>
    </p>
   </div>
   <div class='ocr_carea' id='block_1_45' title="bbox 165 2012 954 2052">
    <p class='ocr_par' dir='ltr' id='par_1_45' title="bbox 165 2012 954 2052">
     <span class='ocr_line' id='line_1_45' title="bbox 165 2012 954 2052; baseline -0.006 -8"><span class='ocrx_word' id='word_1_330' title='bbox 165 2017 279 2052; x_wconf 85' lang='grc' dir='ltr'>στολὴν.</span> <span class='ocrx_word' id='word_1_331' title='bbox 293 2037 299 2043; x_wconf 97' lang='grc'>.</span> <span class='ocrx_word' id='word_1_332' title='bbox 311 2035 319 2043; x_wconf 94' lang='grc'><strong>.</strong></span> <span class='ocrx_word' id='word_1_333' title='bbox 336 2017 383 2043; x_wconf 80' lang='grc' dir='ltr'><strong>καὶ</strong></span> <span class='ocrx_word' id='word_1_334' title='bbox 399 2015 560 2051; x_wconf 76' lang='grc' dir='ltr'>βεϐαιώσεις</span> <span class='ocrx_word' id='word_1_335' title='bbox 576 2015 609 2051; x_wconf 80' lang='grc' dir='ltr'>ἢν</span> <span class='ocrx_word' id='word_1_336' title='bbox 624 2014 694 2050; x_wconf 79' lang='grc' dir='ltr'>ἔχων</span> <span class='ocrx_word' id='word_1_337' title='bbox 720 2014 870 2048; x_wconf 77' lang='grc' dir='ltr'>ἐτύγχανες</span> <span class='ocrx_word' id='word_1_338' title='bbox 885 2012 954 2047; x_wconf 89' lang='grc' dir='ltr'>γνὼ-</span> 
     </span>
    </p>
   </div>
   <div class='ocr_carea' id='block_1_46' title="bbox 167 2059 953 2098">
    <p class='ocr_par' dir='ltr' id='par_1_46' title="bbox 167 2059 953 2098">
     <span class='ocr_line' id='line_1_46' title="bbox 167 2059 953 2098; baseline -0.006 -8"><span class='ocrx_word' id='word_1_339' title='bbox 167 2072 235 2098; x_wconf 82' lang='grc' dir='ltr'>μην.</span> <span class='ocrx_word' id='word_1_340' title='bbox 249 2082 273 2090; x_wconf 91' lang='grc'><strong>..</strong></span> <span class='ocrx_word' id='word_1_341' title='bbox 297 2063 321 2089; x_wconf 85' lang='grc' dir='ltr'><strong>εἰ</strong></span> <span class='ocrx_word' id='word_1_342' title='bbox 336 2063 426 2094; x_wconf 81' lang='grc' dir='ltr'>δέξαιο</span> <span class='ocrx_word' id='word_1_343' title='bbox 445 2062 598 2097; x_wconf 82' lang='grc' dir='ltr'>γράμματα</span> <span class='ocrx_word' id='word_1_344' title='bbox 623 2061 689 2096; x_wconf 75' lang='grc' dir='ltr'>παρ’</span> <span class='ocrx_word' id='word_1_345' title='bbox 702 2060 791 2096; x_wconf 83' lang='grc' dir='ltr'>ήμῶν,</span> <span class='ocrx_word' id='word_1_346' title='bbox 808 2059 885 2087; x_wconf 78' lang='grc' dir='ltr'>οὐδὲν</span> <span class='ocrx_word' id='word_1_347' title='bbox 897 2059 911 2086; x_wconf 85' lang='grc' dir='ltr'><strong>ὃ</strong></span> <span class='ocrx_word' id='word_1_348' title='bbox 927 2068 953 2086; x_wconf 85' lang='grc' dir='ltr'><strong>τι</strong></span> 
     </span>
    </p>
   </div>
   <div class='ocr_carea' id='block_1_47' title="bbox 167 2109 477 2147">
    <p class='ocr_par' dir='ltr' id='par_1_47' title="bbox 167 2109 477 2147">
     <span class='ocr_line' id='line_1_47' title="bbox 167 2109 477 2147; baseline -0.01 -9"><span class='ocrx_word' id='word_1_349' title='bbox 167 2110 204 2147; x_wconf 88' lang='grc' dir='ltr'>μὴ</span> <span class='ocrx_word' id='word_1_350' title='bbox 224 2110 323 2146; x_wconf 78' lang='grc' dir='ltr'>ῥᾳδίως</span> <span class='ocrx_word' id='word_1_351' title='bbox 342 2109 477 2144; x_wconf 87' lang='grc' dir='ltr'>ποιήσεις.</span> 
     </span>
    </p>
   </div>
   <div class='ocr_carea' id='block_1_48' title="bbox 426 2195 710 2231">
    <p class='ocr_par' dir='ltr' id='par_1_48' title="bbox 426 2195 710 2231">
     <span class='ocr_line' id='line_1_48' title="bbox 426 2195 710 2231; baseline -0.004 -8"><span class='ocrx_word' id='word_1_352' title='bbox 426 2196 490 2224; x_wconf 88' lang='grc' dir='ltr'><strong>ΝΖ¹.</strong></span> <span class='ocrx_word' id='word_1_353' title='bbox 507 2195 710 2231; x_wconf 65' lang='grc' dir='ltr'><strong>ΙΕΡΩΝΥΜῼ.ἲ</strong></span> 
     </span>
    </p>
   </div>
   <div class='ocr_carea' id='block_1_49' title="bbox 201 2240 954 2278">
    <p class='ocr_par' dir='ltr' id='par_1_49' title="bbox 201 2240 954 2278">
     <span class='ocr_line' id='line_1_49' title="bbox 201 2240 954 2278; baseline -0.004 -9"><span class='ocrx_word' id='word_1_354' title='bbox 201 2244 285 2278; x_wconf 82' lang='grc' dir='ltr'>Ὅσης</span> <span class='ocrx_word' id='word_1_355' title='bbox 304 2251 350 2269; x_wconf 83' lang='grc' dir='ltr'><strong>σου</strong></span> <span class='ocrx_word' id='word_1_356' title='bbox 364 2243 412 2277; x_wconf 82' lang='grc' dir='ltr'>τῆς</span> <span class='ocrx_word' id='word_1_357' title='bbox 427 2243 593 2278; x_wconf 80' lang='grc' dir='ltr'>κατηγορίας</span> <span class='ocrx_word' id='word_1_358' title='bbox 621 2240 820 2276; x_wconf 75' lang='grc' dir='ltr'>ἅπηλαύσαμεν</span> <span class='ocrx_word' id='word_1_359' title='bbox 845 2241 870 2267; x_wconf 84' lang='lat' dir='ltr'><strong>oi</strong></span> <span class='ocrx_word' id='word_1_360' title='bbox 887 2241 954 2267; x_wconf 85' lang='grc' dir='ltr'>ἀλα-</span> 
     </span>
    </p>
   </div>
   <div class='ocr_carea' id='block_1_50' title="bbox 164 2287 954 2325">
    <p class='ocr_par' dir='ltr' id='par_1_50' title="bbox 164 2287 954 2325">
     <span class='ocr_line' id='line_1_50' title="bbox 164 2287 954 2325; baseline -0.006 -9"><span class='ocrx_word' id='word_1_361' title='bbox 164 2289 239 2322; x_wconf 79' lang='grc' dir='ltr'>ζόνες</span> <span class='ocrx_word' id='word_1_362' title='bbox 250 2291 340 2325; x_wconf 80' lang='grc' dir='ltr'>ἡμεῖς,</span> <span class='ocrx_word' id='word_1_363' title='bbox 353 2290 402 2316; x_wconf 76' lang='grc' dir='ltr'><strong>καὶ</strong></span> <span class='ocrx_word' id='word_1_364' title='bbox 415 2289 475 2317; x_wconf 84' lang='grc' dir='ltr'>λίαν</span> <span class='ocrx_word' id='word_1_365' title='bbox 490 2290 617 2323; x_wconf 82' lang='grc' dir='ltr'>σοφισταὶ</span> <span class='ocrx_word' id='word_1_366' title='bbox 646 2288 694 2315; x_wconf 77' lang='grc' dir='ltr'><strong>καὶ</strong></span> <span class='ocrx_word' id='word_1_367' title='bbox 709 2287 851 2318; x_wconf 81' lang='grc' dir='ltr'>νοσοῦντες</span> <span class='ocrx_word' id='word_1_368' title='bbox 870 2287 954 2322; x_wconf 81' lang='grc' dir='ltr'>ὑπερ-</span> 
     </span>
    </p>
   </div>
   <div class='ocr_carea' id='block_1_51' title="bbox 163 2331 954 2370">
    <p class='ocr_par' dir='ltr' id='par_1_51' title="bbox 163 2331 954 2370">
     <span class='ocr_line' id='line_1_51' title="bbox 163 2331 954 2370; baseline -0.004 -10"><span class='ocrx_word' id='word_1_369' title='bbox 163 2334 242 2369; x_wconf 76' lang='grc' dir='ltr'>οψίαν</span> <span class='ocrx_word' id='word_1_370' title='bbox 264 2335 293 2360; x_wconf 79' lang='grc' dir='ltr'><strong>εν</strong></span> <span class='ocrx_word' id='word_1_371' title='bbox 314 2334 416 2370; x_wconf 86' lang='grc' dir='ltr'>μετρίῳ</span> <span class='ocrx_word' id='word_1_372' title='bbox 445 2334 485 2370; x_wconf 82' lang='grc' dir='ltr'>τῷ</span> <span class='ocrx_word' id='word_1_373' title='bbox 504 2334 641 2369; x_wconf 84' lang='grc' dir='ltr'>σχήματι”</span> <span class='ocrx_word' id='word_1_374' title='bbox 669 2333 716 2360; x_wconf 76' lang='grc' dir='ltr'><strong>καὶ</strong></span> <span class='ocrx_word' id='word_1_375' title='bbox 736 2332 786 2359; x_wconf 84' lang='grc' dir='ltr'>οὐκ</span> <span class='ocrx_word' id='word_1_376' title='bbox 802 2331 835 2358; x_wconf 82' lang='grc' dir='ltr'>ἂν</span> <span class='ocrx_word' id='word_1_377' title='bbox 862 2331 954 2366; x_wconf 74' lang='grc' dir='ltr'>ἔχοιμι</span> 
     </span>
    </p>
   </div>
   <div class='ocr_carea' id='block_1_52' title="bbox 164 2376 953 2415">
    <p class='ocr_par' dir='ltr' id='par_1_52' title="bbox 164 2376 953 2415">
     <span class='ocr_line' id='line_1_52' title="bbox 164 2376 953 2415; baseline -0.005 -9"><span class='ocrx_word' id='word_1_378' title='bbox 164 2380 253 2414; x_wconf 80' lang='grc' dir='ltr'>λέγειν</span> <span class='ocrx_word' id='word_1_379' title='bbox 269 2380 319 2406; x_wconf 78' lang='grc' dir='ltr'>ὅσα</span> <span class='ocrx_word' id='word_1_380' title='bbox 331 2379 392 2407; x_wconf 78' lang='grc' dir='ltr'>καθ’</span> <span class='ocrx_word' id='word_1_381' title='bbox 409 2380 483 2415; x_wconf 78' lang='grc' dir='ltr'>ἡμᾶς</span> <span class='ocrx_word' id='word_1_382' title='bbox 510 2379 709 2415; x_wconf 80' lang='grc' dir='ltr'>συνεφόρησας.</span> <span class='ocrx_word' id='word_1_383' title='bbox 737 2378 832 2413; x_wconf 80' lang='grc' dir='ltr'>ὥσπερ</span> <span class='ocrx_word' id='word_1_384' title='bbox 857 2376 953 2410; x_wconf 83' lang='grc' dir='ltr'>καιρὸν</span> 
     </span>
    </p>
   </div>
   <div class='ocr_carea' id='block_1_53' title="bbox 165 2422 954 2461">
    <p class='ocr_par' dir='ltr' id='par_1_53' title="bbox 165 2422 954 2461">
     <span class='ocr_line' id='line_1_53' title="bbox 165 2422 954 2461; baseline -0.005 -8"><span class='ocrx_word' id='word_1_385' title='bbox 165 2427 247 2453; x_wconf 77' lang='grc' dir='ltr'>πάλαι</span> <span class='ocrx_word' id='word_1_386' title='bbox 261 2426 350 2461; x_wconf 81' lang='grc' dir='ltr'>ζητῶν</span> <span class='ocrx_word' id='word_1_387' title='bbox 359 2426 400 2460; x_wconf 75' lang='grc' dir='ltr'><strong>ἐφ’</strong></span> <span class='ocrx_word' id='word_1_388' title='bbox 412 2427 478 2461; x_wconf 81' lang='grc' dir='ltr'>ἡμῖν</span> <span class='ocrx_word' id='word_1_389' title='bbox 488 2427 592 2461; x_wconf 78' lang='grc' dir='ltr'>ἐγεῖραι</span> <span class='ocrx_word' id='word_1_390' title='bbox 603 2425 652 2460; x_wconf 82' lang='grc' dir='ltr'>τὴν</span> <span class='ocrx_word' id='word_1_391' title='bbox 662 2424 784 2458; x_wconf 84' lang='grc' dir='ltr'>γλῶτταν</span> <span class='ocrx_word' id='word_1_392' title='bbox 796 2432 803 2439; x_wconf 89' lang='grc'>·</span> <span class='ocrx_word' id='word_1_393' title='bbox 819 2424 880 2450; x_wconf 81' lang='grc' dir='ltr'>ὅθεν</span> <span class='ocrx_word' id='word_1_394' title='bbox 893 2422 954 2449; x_wconf 79' lang='grc' dir='ltr'>οὐδὲ</span> 
     </span>
    </p>
   </div>
   <div class='ocr_carea' id='block_1_54' title="bbox 164 2468 954 2509">
    <p class='ocr_par' dir='ltr' id='par_1_54' title="bbox 164 2468 954 2509">
     <span class='ocr_line' id='line_1_54' title="bbox 164 2468 954 2509; baseline -0.006 -9"><span class='ocrx_word' id='word_1_395' title='bbox 164 2475 300 2509; x_wconf 79' lang='grc' dir='ltr'>πρόφασιν</span> <span class='ocrx_word' id='word_1_396' title='bbox 311 2473 419 2500; x_wconf 79' lang='grc' dir='ltr'>δικαίαν</span> <span class='ocrx_word' id='word_1_397' title='bbox 448 2471 556 2504; x_wconf 74' lang='grc' dir='ltr'>λαϐὼν,</span> <span class='ocrx_word' id='word_1_398' title='bbox 573 2472 614 2502; x_wconf 82' lang='grc' dir='ltr'><strong>είς</strong></span> <span class='ocrx_word' id='word_1_399' title='bbox 642 2471 725 2505; x_wconf 84' lang='grc' dir='ltr'>μέσον</span> <span class='ocrx_word' id='word_1_400' title='bbox 747 2471 823 2504; x_wconf 86' lang='grc' dir='ltr'>ἄγεις</span> <span class='ocrx_word' id='word_1_401' title='bbox 836 2469 853 2496; x_wconf 75' lang='grc' dir='ltr'>ἃ</span> <span class='ocrx_word' id='word_1_402' title='bbox 869 2468 954 2496; x_wconf 80' lang='grc' dir='ltr'>πάλαι</span> 
     </span>
    </p>
   </div>
   <div class='ocr_carea' id='block_1_55' title="bbox 164 2515 954 2555">
    <p class='ocr_par' dir='ltr' id='par_1_55' title="bbox 164 2515 954 2555">
     <span class='ocr_line' id='line_1_55' title="bbox 164 2515 954 2555; baseline -0.008 -9"><span class='ocrx_word' id='word_1_403' title='bbox 164 2520 292 2555; x_wconf 81' lang='grc' dir='ltr'>κρύπτων</span> <span class='ocrx_word' id='word_1_404' title='bbox 306 2518 459 2549; x_wconf 77' lang='grc' dir='ltr'>ἐλάνθανες·</span> <span class='ocrx_word' id='word_1_405' title='bbox 469 2517 495 2544; x_wconf 86' lang='grc' dir='ltr'><strong>τί</strong></span> <span class='ocrx_word' id='word_1_406' title='bbox 510 2517 575 2552; x_wconf 78' lang='grc' dir='ltr'>γὰρ,</span> <span class='ocrx_word' id='word_1_407' title='bbox 591 2517 652 2543; x_wconf 78' lang='grc' dir='ltr'><strong>εξπέ</strong></span> <span class='ocrx_word' id='word_1_408' title='bbox 667 2525 721 2551; x_wconf 88' lang='grc' dir='ltr'>μοι,</span> <span class='ocrx_word' id='word_1_409' title='bbox 731 2516 827 2546; x_wconf 85' lang='grc' dir='ltr'>δεινὸν,</span> <span class='ocrx_word' id='word_1_410' title='bbox 848 2516 872 2541; x_wconf 84' lang='grc' dir='ltr'><strong>εί</strong></span> <span class='ocrx_word' id='word_1_411' title='bbox 886 2515 954 2549; x_wconf 80' lang='grc' dir='ltr'>πρὸς</span> 
     </span>
    </p>
   </div>
   <div class='ocr_carea' id='block_1_56' title="bbox 165 2561 955 2601">
    <p class='ocr_par' dir='ltr' id='par_1_56' title="bbox 165 2561 955 2601">
     <span class='ocr_line' id='line_1_56' title="bbox 165 2561 955 2601; baseline -0.006 -9"><span class='ocrx_word' id='word_1_412' title='bbox 165 2567 194 2593; x_wconf 78' lang='grc' dir='ltr'>σὲ</span> <span class='ocrx_word' id='word_1_413' title='bbox 217 2565 332 2601; x_wconf 85' lang='grc' dir='ltr'>γράφων</span> <span class='ocrx_word' id='word_1_414' title='bbox 345 2564 499 2599; x_wconf 79' lang='grc' dir='ltr'>Προκόπιος</span> <span class='ocrx_word' id='word_1_415' title='bbox 523 2563 679 2599; x_wconf 79' lang='grc' dir='ltr'>Ἱερωνύμῳ</span> <span class='ocrx_word' id='word_1_416' title='bbox 709 2562 814 2598; x_wconf 85' lang='grc' dir='ltr'>χαίρειν</span> <span class='ocrx_word' id='word_1_417' title='bbox 834 2561 955 2596; x_wconf 81' lang='grc' dir='ltr'>ἐπέγρα-</span> 
     </span>
    </p>
   </div>
   <div class='ocr_carea' id='block_1_57' title="bbox 163 2607 955 2646">
    <p class='ocr_par' dir='ltr' id='par_1_57' title="bbox 163 2607 955 2646">
     <span class='ocr_line' id='line_1_57' title="bbox 163 2607 955 2646; baseline -0.005 -8"><span class='ocrx_word' id='word_1_418' title='bbox 163 2619 232 2645; x_wconf 84' lang='grc' dir='ltr'>φον;</span> <span class='ocrx_word' id='word_1_419' title='bbox 251 2612 294 2643; x_wconf 81' lang='grc' dir='ltr'>Ὠς</span> <span class='ocrx_word' id='word_1_420' title='bbox 320 2611 436 2646; x_wconf 74' lang='grc' dir='ltr'>μὲνγὰρ</span> <span class='ocrx_word' id='word_1_421' title='bbox 459 2611 571 2646; x_wconf 82' lang='grc' dir='ltr'>ἀρχαῖος</span> <span class='ocrx_word' id='word_1_422' title='bbox 585 2611 599 2636; x_wconf 85' lang='grc' dir='ltr'>ὁ</span> <span class='ocrx_word' id='word_1_423' title='bbox 622 2609 715 2644; x_wconf 88' lang='grc' dir='ltr'>νόμος,</span> <span class='ocrx_word' id='word_1_424' title='bbox 740 2608 795 2643; x_wconf 75' lang='grc' dir='ltr'>ἔχω</span> <span class='ocrx_word' id='word_1_425' title='bbox 820 2607 955 2643; x_wconf 81' lang='grc' dir='ltr'>δήπουθεν</span> 
     </span>
    </p>
   </div>
   <div class='ocr_carea' id='block_1_58' title="bbox 131 2647 954 2692">
    <p class='ocr_par' dir='ltr' id='par_1_58' title="bbox 131 2647 954 2692">
     <span class='ocr_line' id='line_1_58' title="bbox 131 2647 954 2692; baseline -0.007 -7"><span class='ocrx_word' id='word_1_426' title='bbox 131 2647 137 2653; x_wconf 57' lang='grc'><em>’</em></span> <span class='ocrx_word' id='word_1_427' title='bbox 164 2658 347 2692; x_wconf 76' lang='grc' dir='ltr'>ὁμολογοῦντα</span> <span class='ocrx_word' id='word_1_428' title='bbox 359 2657 392 2684; x_wconf 85' lang='grc' dir='ltr'>ἂν</span> <span class='ocrx_word' id='word_1_429' title='bbox 403 2657 450 2683; x_wconf 78' lang='grc' dir='ltr'><strong>καὶ</strong></span> <span class='ocrx_word' id='word_1_430' title='bbox 466 2657 506 2684; x_wconf 85' lang='grc' dir='ltr'>σέ.</span> <span class='ocrx_word' id='word_1_431' title='bbox 531 2655 600 2682; x_wconf 82' lang='grc' dir='ltr'>Ἀλλ’</span> <span class='ocrx_word' id='word_1_432' title='bbox 613 2655 689 2682; x_wconf 72' lang='grc' dir='ltr'>οὐδὲν</span> <span class='ocrx_word' id='word_1_433' title='bbox 705 2654 755 2686; x_wconf 84' lang='grc' dir='ltr'>δεῖ,</span> <span class='ocrx_word' id='word_1_434' title='bbox 770 2654 832 2689; x_wconf 74' lang='grc' dir='ltr'>φὴς,</span> <span class='ocrx_word' id='word_1_435' title='bbox 846 2654 896 2689; x_wconf 88' lang='grc' dir='ltr'>τὴν</span> <span class='ocrx_word' id='word_1_436' title='bbox 906 2652 954 2680; x_wconf 79' lang='grc' dir='ltr'><strong>νῦν</strong></span> 
     </span>
    </p>
   </div>
   <div class='ocr_carea' id='block_1_59' title="bbox 165 2689 954 2738">
    <p class='ocr_par' dir='ltr' id='par_1_59' title="bbox 165 2689 954 2738">
     <span class='ocr_line' id='line_1_59' title="bbox 165 2689 954 2738; baseline -0.006 -8"><span class='ocrx_word' id='word_1_437' title='bbox 165 2689 382 2735; x_wconf 46' lang='grc' dir='ltr'>ἐπιπολάζουσαν</span> <span class='ocrx_word' id='word_1_438' title='bbox 396 2703 510 2738; x_wconf 75' lang='grc' dir='ltr'>ὲκῧῆναι</span> <span class='ocrx_word' id='word_1_439' title='bbox 534 2701 690 2737; x_wconf 82' lang='grc' dir='ltr'>συνήθειαν.</span> <span class='ocrx_word' id='word_1_440' title='bbox 709 2699 814 2727; x_wconf 75' lang='grc' dir='ltr'>Οὐκοῦν</span> <span class='ocrx_word' id='word_1_441' title='bbox 835 2699 954 2735; x_wconf 84' lang='grc' dir='ltr'>κατηγό-</span> 
     </span>
    </p>
   </div>
   <div class='ocr_carea' id='block_1_60' title="bbox 165 2745 954 2785">
    <p class='ocr_par' dir='ltr' id='par_1_60' title="bbox 165 2745 954 2785">
     <span class='ocr_line' id='line_1_60' title="bbox 165 2745 954 2785; baseline -0.005 -9"><span class='ocrx_word' id='word_1_442' title='bbox 165 2757 220 2785; x_wconf 86' lang='grc' dir='ltr'>ρει,</span> <span class='ocrx_word' id='word_1_443' title='bbox 235 2749 287 2776; x_wconf 71' lang='lat' dir='ltr'><strong>xiv</strong></span> <span class='ocrx_word' id='word_1_444' title='bbox 302 2751 325 2776; x_wconf 76' lang='lat' dir='ltr'><strong>sl</strong></span> <span class='ocrx_word' id='word_1_445' title='bbox 336 2749 386 2784; x_wconf 88' lang='grc' dir='ltr'>τὴν</span> <span class='ocrx_word' id='word_1_446' title='bbox 398 2748 447 2775; x_wconf 82' lang='grc' dir='ltr'>νῦν</span> <span class='ocrx_word' id='word_1_447' title='bbox 461 2748 614 2784; x_wconf 79' lang='grc' dir='ltr'>κρατοῦσαν</span> <span class='ocrx_word' id='word_1_448' title='bbox 631 2747 736 2783; x_wconf 79' lang='grc' dir='ltr'>τρυφὴν</span> <span class='ocrx_word' id='word_1_449' title='bbox 748 2747 788 2779; x_wconf 79' lang='grc' dir='ltr'><strong>εἰς</strong></span> <span class='ocrx_word' id='word_1_450' title='bbox 800 2745 954 2782; x_wconf 77' lang='grc' dir='ltr'>σεμνότητά</span> 
     </span>
    </p>
   </div>
   <div class='ocr_carea' id='block_1_61' title="bbox 198 2838 758 2878">
    <p class='ocr_par' dir='ltr' id='par_1_61' title="bbox 198 2838 758 2878">
     <span class='ocr_line' id='line_1_61' title="bbox 198 2838 758 2878; baseline -0.005 -9"><span class='ocrx_word' id='word_1_451' title='bbox 198 2841 238 2878; x_wconf 71' lang='grc' dir='ltr'><strong>(ί)</strong></span> <span class='ocrx_word' id='word_1_452' title='bbox 255 2839 364 2868; x_wconf 72' lang='lat' dir='ltr'><strong>.‘lladore</strong></span> <span class='ocrx_word' id='word_1_453' title='bbox 377 2839 480 2874; x_wconf 85' lang='lat' dir='ltr'><strong>aliquot</strong></span> <span class='ocrx_word' id='word_1_454' title='bbox 491 2838 570 2866; x_wconf 89' lang='lat' dir='ltr'><strong>verba</strong></span> <span class='ocrx_word' id='word_1_455' title='bbox 581 2843 758 2866; x_wconf 72' lang='lat' dir='ltr'><strong>evanuerunt.</strong></span> 
     </span>
    </p>
   </div>
   <div class='ocr_carea' id='block_1_62' title="bbox 369 2885 785 2916">
    <p class='ocr_par' dir='ltr' id='par_1_62' title="bbox 369 2885 785 2916">
     <span class='ocr_line' id='line_1_62' title="bbox 369 2885 785 2916; baseline 0.002 -1"><span class='ocrx_word' id='word_1_456' title='bbox 369 2885 504 2915; x_wconf 69' lang='lat' dir='ltr'><strong>PATROL.</strong></span> <span class='ocrx_word' id='word_1_457' title='bbox 521 2886 578 2915; x_wconf 81' lang='lat' dir='ltr'><strong>Gn.</strong></span> <span class='ocrx_word' id='word_1_458' title='bbox 599 2885 785 2916; x_wconf 79' lang='lat' dir='ltr'><strong>LXXXVII.</strong></span> 
     </span>
    </p>
   </div>
   <div class='ocr_carea' id='block_1_63' title="bbox 1013 223 1798 262">
    <p class='ocr_par' dir='ltr' id='par_1_63' title="bbox 1013 223 1798 262">
     <span class='ocr_line' id='line_1_63' title="bbox 1013 223 1798 262; baseline 0.014 -13"><span class='ocrx_word' id='word_1_459' title='bbox 1013 223 1114 257; x_wconf 75' lang='lat' dir='ltr'><strong>dixisti,</strong></span> <span class='ocrx_word' id='word_1_460' title='bbox 1141 232 1173 252; x_wconf 81' lang='lat' dir='ltr'><strong>ac</strong></span> <span class='ocrx_word' id='word_1_461' title='bbox 1195 227 1311 254; x_wconf 85' lang='lat' dir='ltr'><strong>maluisti</strong></span> <span class='ocrx_word' id='word_1_462' title='bbox 1335 225 1461 253; x_wconf 80' lang='lat' dir='ltr'><strong>omnibus</strong></span> <span class='ocrx_word' id='word_1_463' title='bbox 1477 228 1617 262; x_wconf 85' lang='lat' dir='ltr'><strong>minorari,</strong></span> <span class='ocrx_word' id='word_1_464' title='bbox 1649 235 1678 257; x_wconf 86' lang='grc' dir='ltr'><strong>ιιι</strong></span> <span class='ocrx_word' id='word_1_465' title='bbox 1706 239 1798 260; x_wconf 84' lang='lat' dir='ltr'><strong>musas</strong></span> 
     </span>
    </p>
   </div>
   <div class='ocr_carea' id='block_1_64' title="bbox 1012 269 1796 305">
    <p class='ocr_par' dir='ltr' id='par_1_64' title="bbox 1012 269 1796 305">
     <span class='ocr_line' id='line_1_64' title="bbox 1012 269 1796 305; baseline 0.011 -9"><span class='ocrx_word' id='word_1_466' title='bbox 1012 269 1197 299; x_wconf 87' lang='lat' dir='ltr'><strong>lucrifaceres.</strong></span> <span class='ocrx_word' id='word_1_467' title='bbox 1225 272 1260 299; x_wconf 82' lang='lat' dir='ltr'><strong>At</strong></span> <span class='ocrx_word' id='word_1_468' title='bbox 1290 274 1392 300; x_wconf 89' lang='lat' dir='ltr'><strong>utinam</strong></span> <span class='ocrx_word' id='word_1_469' title='bbox 1422 273 1503 301; x_wconf 80' lang='lat' dir='ltr'><strong>cilius</strong></span> <span class='ocrx_word' id='word_1_470' title='bbox 1532 273 1629 303; x_wconf 76' lang='lat' dir='ltr'><strong>fruaris</strong></span> <span class='ocrx_word' id='word_1_471' title='bbox 1660 284 1796 305; x_wconf 87' lang='lat' dir='ltr'><strong>musarum</strong></span> 
     </span>
    </p>
   </div>
   <div class='ocr_carea' id='block_1_65' title="bbox 1012 319 1798 354">
    <p class='ocr_par' dir='ltr' id='par_1_65' title="bbox 1012 319 1798 354">
     <span class='ocr_line' id='line_1_65' title="bbox 1012 319 1798 354; baseline 0.011 -12"><span class='ocrx_word' id='word_1_472' title='bbox 1012 322 1115 349; x_wconf 84' lang='lat' dir='ltr'><strong>amore,</strong></span> <span class='ocrx_word' id='word_1_473' title='bbox 1130 321 1157 343; x_wconf 87' lang='lat' dir='ltr'><strong>et</strong></span> <span class='ocrx_word' id='word_1_474' title='bbox 1176 322 1278 345; x_wconf 90' lang='lat' dir='ltr'><strong>tantum</strong></span> <span class='ocrx_word' id='word_1_475' title='bbox 1301 319 1394 353; x_wconf 88' lang='lat' dir='ltr'><strong>capias</strong></span> <span class='ocrx_word' id='word_1_476' title='bbox 1420 324 1549 353; x_wconf 89' lang='lat' dir='ltr'><strong>quantum</strong></span> <span class='ocrx_word' id='word_1_477' title='bbox 1571 321 1700 354; x_wconf 87' lang='lat' dir='ltr'><strong>volueris,</strong></span> <span class='ocrx_word' id='word_1_478' title='bbox 1723 328 1798 351; x_wconf 88' lang='lat' dir='ltr'><strong>acte</strong></span> 
     </span>
    </p>
   </div>
   <div class='ocr_carea' id='block_1_66' title="bbox 1016 359 1795 402">
    <p class='ocr_par' dir='ltr' id='par_1_66' title="bbox 1016 359 1795 402">
     <span class='ocr_line' id='line_1_66' title="bbox 1016 359 1795 402; baseline 0.013 -16"><span class='ocrx_word' id='word_1_479' title='bbox 1016 359 1098 388; x_wconf 88' lang='lat' dir='ltr'><strong>faciat</strong></span> <span class='ocrx_word' id='word_1_480' title='bbox 1116 363 1271 395; x_wconf 67' lang='lat' dir='ltr'><strong>praecedens</strong></span> <span class='ocrx_word' id='word_1_481' title='bbox 1299 365 1449 396; x_wconf 81' lang='lat' dir='ltr'><strong>accusatio.</strong></span> <span class='ocrx_word' id='word_1_482' title='bbox 1483 365 1505 391; x_wconf 91' lang='lat' dir='ltr'><strong>si</strong></span> <span class='ocrx_word' id='word_1_483' title='bbox 1532 366 1639 400; x_wconf 81' lang='lat' dir='ltr'><strong>quidem</strong></span> <span class='ocrx_word' id='word_1_484' title='bbox 1668 375 1730 395; x_wconf 89' lang='lat' dir='ltr'><strong>vera</strong></span> <span class='ocrx_word' id='word_1_485' title='bbox 1749 369 1795 402; x_wconf 90' lang='lat' dir='ltr'><strong>sit,</strong></span> 
     </span>
    </p>
   </div>
   <div class='ocr_carea' id='block_1_67' title="bbox 1011 406 1793 448">
    <p class='ocr_par' dir='ltr' id='par_1_67' title="bbox 1011 406 1793 448">
     <span class='ocr_line' id='line_1_67' title="bbox 1011 406 1793 448; baseline 0.015 -16"><span class='ocrx_word' id='word_1_486' title='bbox 1011 406 1215 441; x_wconf 78' lang='lat' dir='ltr'><strong>sapientiorem,</strong></span> <span class='ocrx_word' id='word_1_487' title='bbox 1234 409 1255 436; x_wconf 83' lang='lat' dir='ltr'><strong>si</strong></span> <span class='ocrx_word' id='word_1_488' title='bbox 1273 417 1337 436; x_wconf 89' lang='lat' dir='ltr'><strong>vero</strong></span> <span class='ocrx_word' id='word_1_489' title='bbox 1351 410 1428 443; x_wconf 87' lang='lat' dir='ltr'><strong>falsa,</strong></span> <span class='ocrx_word' id='word_1_490' title='bbox 1457 411 1604 441; x_wconf 86' lang='lat' dir='ltr'><strong>feliciorem</strong></span> <span class='ocrx_word' id='word_1_491' title='bbox 1621 424 1627 448; x_wconf 92' lang='lat'>;</span> <span class='ocrx_word' id='word_1_492' title='bbox 1647 415 1682 443; x_wconf 91' lang='lat' dir='ltr'><strong>ita</strong></span> <span class='ocrx_word' id='word_1_493' title='bbox 1702 421 1730 443; x_wconf 94' lang='lat' dir='ltr'><strong>ut</strong></span> <span class='ocrx_word' id='word_1_494' title='bbox 1747 421 1793 444; x_wconf 85' lang='lat' dir='ltr'><strong>tua</strong></span> 
     </span>
    </p>
   </div>
   <div class='ocr_carea' id='block_1_68' title="bbox 1012 450 1796 490">
    <p class='ocr_par' dir='ltr' id='par_1_68' title="bbox 1012 450 1796 490">
     <span class='ocr_line' id='line_1_68' title="bbox 1012 450 1796 490; baseline 0.017 -13"><span class='ocrx_word' id='word_1_495' title='bbox 1012 450 1140 486; x_wconf 85' lang='lat' dir='ltr'><strong>deinceps</strong></span> <span class='ocrx_word' id='word_1_496' title='bbox 1156 453 1209 480; x_wconf 85' lang='lat' dir='ltr'><strong>vita</strong></span> <span class='ocrx_word' id='word_1_497' title='bbox 1223 454 1276 489; x_wconf 83' lang='lat' dir='ltr'><strong>jam</strong></span> <span class='ocrx_word' id='word_1_498' title='bbox 1296 456 1394 483; x_wconf 89' lang='lat' dir='ltr'><strong>nullam</strong></span> <span class='ocrx_word' id='word_1_499' title='bbox 1424 459 1518 485; x_wconf 80' lang='lat' dir='ltr'><strong>subeat</strong></span> <span class='ocrx_word' id='word_1_500' title='bbox 1535 459 1627 487; x_wconf 78' lang='lat' dir='ltr'><strong>falsam</strong></span> <span class='ocrx_word' id='word_1_501' title='bbox 1643 464 1796 490; x_wconf 80' lang='lat' dir='ltr'><strong>accusatio-</strong></span> 
     </span>
    </p>
   </div>
   <div class='ocr_carea' id='block_1_69' title="bbox 1012 497 1795 539">
    <p class='ocr_par' dir='ltr' id='par_1_69' title="bbox 1012 497 1795 539">
     <span class='ocr_line' id='line_1_69' title="bbox 1012 497 1795 539; baseline 0.018 -18"><span class='ocrx_word' id='word_1_502' title='bbox 1012 501 1086 527; x_wconf 86' lang='lat' dir='ltr'><strong>nem,</strong></span> <span class='ocrx_word' id='word_1_503' title='bbox 1103 497 1150 523; x_wconf 88' lang='lat' dir='ltr'><strong>sed</strong></span> <span class='ocrx_word' id='word_1_504' title='bbox 1178 497 1247 524; x_wconf 88' lang='lat' dir='ltr'><strong>idem</strong></span> <span class='ocrx_word' id='word_1_505' title='bbox 1272 499 1369 528; x_wconf 88' lang='lat' dir='ltr'><strong>iterum</strong></span> <span class='ocrx_word' id='word_1_506' title='bbox 1391 503 1507 531; x_wconf 87' lang='lat' dir='ltr'><strong>videaris</strong></span> <span class='ocrx_word' id='word_1_507' title='bbox 1533 505 1577 539; x_wconf 91' lang='lat' dir='ltr'><strong>qui</strong></span> <span class='ocrx_word' id='word_1_508' title='bbox 1595 505 1667 533; x_wconf 80' lang='lat' dir='ltr'><strong>fuisti</strong></span> <span class='ocrx_word' id='word_1_509' title='bbox 1691 511 1769 535; x_wconf 90' lang='lat' dir='ltr'><strong>antea</strong></span> <span class='ocrx_word' id='word_1_510' title='bbox 1787 516 1795 535; x_wconf 89' lang='lat'><strong>:</strong></span> 
     </span>
    </p>
   </div>
   <div class='ocr_carea' id='block_1_70' title="bbox 1011 540 1797 587">
    <p class='ocr_par' dir='ltr' id='par_1_70' title="bbox 1011 540 1797 587">
     <span class='ocr_line' id='line_1_70' title="bbox 1011 540 1797 587; baseline 0.019 -21"><span class='ocrx_word' id='word_1_511' title='bbox 1011 540 1053 568; x_wconf 82' lang='lat' dir='ltr'><strong>sic</strong></span> <span class='ocrx_word' id='word_1_512' title='bbox 1068 542 1140 568; x_wconf 88' lang='lat' dir='ltr'><strong>enim</strong></span> <span class='ocrx_word' id='word_1_513' title='bbox 1163 543 1246 571; x_wconf 92' lang='lat' dir='ltr'><strong>unitis</strong></span> <span class='ocrx_word' id='word_1_514' title='bbox 1263 544 1366 574; x_wconf 84' lang='lat' dir='ltr'><strong>duabus</strong></span> <span class='ocrx_word' id='word_1_515' title='bbox 1392 550 1523 577; x_wconf 78' lang='lat' dir='ltr'><strong>extremis</strong></span> <span class='ocrx_word' id='word_1_516' title='bbox 1545 551 1662 579; x_wconf 86' lang='lat' dir='ltr'><strong>medium</strong></span> <span class='ocrx_word' id='word_1_517' title='bbox 1680 553 1797 587; x_wconf 87' lang='lat' dir='ltr'><strong>perime-</strong></span> 
     </span>
    </p>
   </div>
   <div class='ocr_carea' id='block_1_71' title="bbox 1012 589 1461 624">
    <p class='ocr_par' dir='ltr' id='par_1_71' title="bbox 1012 589 1461 624">
     <span class='ocr_line' id='line_1_71' title="bbox 1012 589 1461 624; baseline 0.018 -13"><span class='ocrx_word' id='word_1_518' title='bbox 1012 589 1056 612; x_wconf 83' lang='lat' dir='ltr'><strong>tur</strong></span> <span class='ocrx_word' id='word_1_519' title='bbox 1072 590 1186 622; x_wconf 87' lang='lat' dir='ltr'><strong>utraque</strong></span> <span class='ocrx_word' id='word_1_520' title='bbox 1201 593 1278 623; x_wconf 86' lang='lat' dir='ltr'><strong>parte</strong></span> <span class='ocrx_word' id='word_1_521' title='bbox 1291 598 1461 624; x_wconf 87' lang='lat' dir='ltr'><strong>percussum.</strong></span> 
     </span>
    </p>
   </div>
   <div class='ocr_carea' id='block_1_72' title="bbox 1277 635 1532 667">
    <p class='ocr_par' dir='ltr' id='par_1_72' title="bbox 1277 635 1532 667">
     <span class='ocr_line' id='line_1_72' title="bbox 1277 635 1532 667; baseline 0.02 -4"><span class='ocrx_word' id='word_1_522' title='bbox 1277 635 1330 664; x_wconf 84' lang='lat' dir='ltr'><strong>LV.</strong></span> <span class='ocrx_word' id='word_1_523' title='bbox 1341 637 1532 667; x_wconf 83' lang='lat' dir='ltr'><strong>STEPHANO.</strong></span> 
     </span>
    </p>
   </div>
   <div class='ocr_carea' id='block_1_73' title="bbox 1046 678 1796 722">
    <p class='ocr_par' dir='ltr' id='par_1_73' title="bbox 1046 678 1796 722">
     <span class='ocr_line' id='line_1_73' title="bbox 1046 678 1796 722; baseline 0.016 -17"><span class='ocrx_word' id='word_1_524' title='bbox 1046 678 1140 707; x_wconf 81' lang='lat' dir='ltr'><strong>Adhuc</strong></span> <span class='ocrx_word' id='word_1_525' title='bbox 1152 680 1232 709; x_wconf 82' lang='lat' dir='ltr'><strong>siles!</strong></span> <span class='ocrx_word' id='word_1_526' title='bbox 1250 683 1338 710; x_wconf 84' lang='lat' dir='ltr'><strong>adhuc</strong></span> <span class='ocrx_word' id='word_1_527' title='bbox 1366 692 1415 712; x_wconf 92' lang='lat' dir='ltr'><strong>nos</strong></span> <span class='ocrx_word' id='word_1_528' title='bbox 1448 686 1624 722; x_wconf 77' lang='lat' dir='ltr'><strong>negligimur!</strong></span> <span class='ocrx_word' id='word_1_529' title='bbox 1655 688 1724 716; x_wconf 92' lang='lat' dir='ltr'><strong>Olim</strong></span> <span class='ocrx_word' id='word_1_530' title='bbox 1754 694 1796 717; x_wconf 94' lang='lat' dir='ltr'><strong>ta-</strong></span> 
     </span>
    </p>
   </div>
   <div class='ocr_carea' id='block_1_74' title="bbox 1012 725 1796 770">
    <p class='ocr_par' dir='ltr' id='par_1_74' title="bbox 1012 725 1796 770">
     <span class='ocr_line' id='line_1_74' title="bbox 1012 725 1796 770; baseline 0.018 -20"><span class='ocrx_word' id='word_1_531' title='bbox 1012 731 1073 752; x_wconf 87' lang='lat' dir='ltr'><strong>men</strong></span> <span class='ocrx_word' id='word_1_532' title='bbox 1090 725 1244 760; x_wconf 82' lang='lat' dir='ltr'><strong>frequentes</strong></span> <span class='ocrx_word' id='word_1_533' title='bbox 1260 728 1387 759; x_wconf 85' lang='lat' dir='ltr'><strong>mittebas</strong></span> <span class='ocrx_word' id='word_1_534' title='bbox 1407 733 1483 760; x_wconf 89' lang='lat' dir='ltr'><strong>nobis</strong></span> <span class='ocrx_word' id='word_1_535' title='bbox 1499 733 1615 767; x_wconf 84' lang='lat' dir='ltr'><strong>litteras,</strong></span> <span class='ocrx_word' id='word_1_536' title='bbox 1643 740 1670 763; x_wconf 88' lang='lat' dir='ltr'><strong>et</strong></span> <span class='ocrx_word' id='word_1_537' title='bbox 1696 736 1796 770; x_wconf 77' lang='lat' dir='ltr'><strong>jucun-</strong></span> 
     </span>
    </p>
   </div>
   <div class='ocr_carea' id='block_1_75' title="bbox 1010 770 1793 818">
    <p class='ocr_par' dir='ltr' id='par_1_75' title="bbox 1010 770 1793 818">
     <span class='ocr_line' id='line_1_75' title="bbox 1010 770 1793 818; baseline 0.019 -22"><span class='ocrx_word' id='word_1_538' title='bbox 1010 770 1153 799; x_wconf 89' lang='lat' dir='ltr'><strong>dissimum</strong></span> <span class='ocrx_word' id='word_1_539' title='bbox 1176 773 1275 801; x_wconf 89' lang='lat' dir='ltr'><strong>bonum</strong></span> <span class='ocrx_word' id='word_1_540' title='bbox 1295 780 1354 802; x_wconf 87' lang='lat' dir='ltr'><strong>erat</strong></span> <span class='ocrx_word' id='word_1_541' title='bbox 1375 781 1400 804; x_wconf 87' lang='lat' dir='ltr'><strong>te</strong></span> <span class='ocrx_word' id='word_1_542' title='bbox 1423 777 1575 812; x_wconf 82' lang='lat' dir='ltr'><strong>loquentem</strong></span> <span class='ocrx_word' id='word_1_543' title='bbox 1593 788 1664 816; x_wconf 83' lang='lat' dir='ltr'><strong>sa-pe</strong></span> <span class='ocrx_word' id='word_1_544' title='bbox 1679 784 1793 818; x_wconf 87' lang='lat' dir='ltr'><strong>audire;</strong></span> 
     </span>
    </p>
   </div>
   <div class='ocr_carea' id='block_1_76' title="bbox 1011 817 1794 861">
    <p class='ocr_par' dir='ltr' id='par_1_76' title="bbox 1011 817 1794 861">
     <span class='ocr_line' id='line_1_76' title="bbox 1011 817 1794 861; baseline 0.018 -19"><span class='ocrx_word' id='word_1_545' title='bbox 1011 817 1057 843; x_wconf 90' lang='lat' dir='ltr'><strong>sed</strong></span> <span class='ocrx_word' id='word_1_546' title='bbox 1071 825 1140 845; x_wconf 92' lang='lat' dir='ltr'><strong>nunc</strong></span> <span class='ocrx_word' id='word_1_547' title='bbox 1153 819 1244 846; x_wconf 88' lang='lat' dir='ltr'><strong>subito</strong></span> <span class='ocrx_word' id='word_1_548' title='bbox 1259 820 1335 854; x_wconf 89' lang='lat' dir='ltr'><strong>siles,</strong></span> <span class='ocrx_word' id='word_1_549' title='bbox 1361 827 1387 849; x_wconf 87' lang='lat' dir='ltr'><strong>et</strong></span> <span class='ocrx_word' id='word_1_550' title='bbox 1412 823 1454 850; x_wconf 90' lang='lat' dir='ltr'><strong>illa</strong></span> <span class='ocrx_word' id='word_1_551' title='bbox 1470 825 1607 860; x_wconf 82' lang='lat' dir='ltr'><strong>voluptate</strong></span> <span class='ocrx_word' id='word_1_552' title='bbox 1634 828 1730 861; x_wconf 79' lang='lat' dir='ltr'><strong>privati</strong></span> <span class='ocrx_word' id='word_1_553' title='bbox 1748 837 1794 856; x_wconf 90' lang='lat' dir='ltr'><strong>su-</strong></span> 
     </span>
    </p>
   </div>
   <div class='ocr_carea' id='block_1_77' title="bbox 1013 862 1796 905">
    <p class='ocr_par' dir='ltr' id='par_1_77' title="bbox 1013 862 1796 905">
     <span class='ocr_line' id='line_1_77' title="bbox 1013 862 1796 905; baseline 0.019 -18"><span class='ocrx_word' id='word_1_554' title='bbox 1013 868 1083 889; x_wconf 90' lang='lat' dir='ltr'><strong>mus.</strong></span> <span class='ocrx_word' id='word_1_555' title='bbox 1100 862 1176 890; x_wconf 86' lang='lat' dir='ltr'><strong>Hanc</strong></span> <span class='ocrx_word' id='word_1_556' title='bbox 1190 864 1273 898; x_wconf 83' lang='lat' dir='ltr'><strong>igitur</strong></span> <span class='ocrx_word' id='word_1_557' title='bbox 1287 873 1319 893; x_wconf 88' lang='lat' dir='ltr'><strong>ex</strong></span> <span class='ocrx_word' id='word_1_558' title='bbox 1336 866 1413 895; x_wconf 82' lang='lat' dir='ltr'><strong>libris</strong></span> <span class='ocrx_word' id='word_1_559' title='bbox 1431 869 1483 897; x_wconf 89' lang='lat' dir='ltr'><strong>tuis</strong></span> <span class='ocrx_word' id='word_1_560' title='bbox 1499 872 1556 905; x_wconf 84' lang='lat' dir='ltr'><strong>cepi</strong></span> <span class='ocrx_word' id='word_1_561' title='bbox 1570 871 1713 900; x_wconf 84' lang='lat' dir='ltr'><strong>utilitatem</strong></span> <span class='ocrx_word' id='word_1_562' title='bbox 1727 883 1734 901; x_wconf 87' lang='lat'>:</span> <span class='ocrx_word' id='word_1_563' title='bbox 1747 875 1796 902; x_wconf 90' lang='lat' dir='ltr'><strong>hos</strong></span> 
     </span>
    </p>
   </div>
   <div class='ocr_carea' id='block_1_78' title="bbox 1009 907 1794 946">
    <p class='ocr_par' dir='ltr' id='par_1_78' title="bbox 1009 907 1794 946">
     <span class='ocr_line' id='line_1_78' title="bbox 1009 907 1794 946; baseline 0.019 -14"><span class='ocrx_word' id='word_1_564' title='bbox 1009 907 1079 933; x_wconf 91' lang='lat' dir='ltr'><strong>enim</strong></span> <span class='ocrx_word' id='word_1_565' title='bbox 1096 915 1234 943; x_wconf 59' lang='lat' dir='ltr'><strong>quaerens,</strong></span> <span class='ocrx_word' id='word_1_566' title='bbox 1249 911 1437 940; x_wconf 76' lang='lat' dir='ltr'><strong>charissimum</strong></span> <span class='ocrx_word' id='word_1_567' title='bbox 1453 916 1573 942; x_wconf 87' lang='lat' dir='ltr'><strong>omnimn</strong></span> <span class='ocrx_word' id='word_1_568' title='bbox 1590 918 1655 944; x_wconf 88' lang='lat' dir='ltr'><strong>mihi</strong></span> <span class='ocrx_word' id='word_1_569' title='bbox 1678 919 1794 946; x_wconf 89' lang='lat' dir='ltr'><strong>amicum</strong></span> 
     </span>
    </p>
   </div>
   <div class='ocr_carea' id='block_1_79' title="bbox 1008 952 1793 992">
    <p class='ocr_par' dir='ltr' id='par_1_79' title="bbox 1008 952 1793 992">
     <span class='ocr_line' id='line_1_79' title="bbox 1008 952 1793 992; baseline 0.019 -16"><span class='ocrx_word' id='word_1_570' title='bbox 1008 952 1132 980; x_wconf 85' lang='lat' dir='ltr'><strong>amisisse</strong></span> <span class='ocrx_word' id='word_1_571' title='bbox 1160 955 1264 982; x_wconf 88' lang='lat' dir='ltr'><strong>videor.</strong></span> <span class='ocrx_word' id='word_1_572' title='bbox 1281 956 1322 984; x_wconf 85' lang='lat' dir='ltr'><strong>Tu</strong></span> <span class='ocrx_word' id='word_1_573' title='bbox 1340 958 1511 992; x_wconf 85' lang='lat' dir='ltr'><strong>potissimum</strong></span> <span class='ocrx_word' id='word_1_574' title='bbox 1524 961 1595 989; x_wconf 91' lang='lat' dir='ltr'><strong>hunc</strong></span> <span class='ocrx_word' id='word_1_575' title='bbox 1612 963 1676 990; x_wconf 91' lang='lat' dir='ltr'><strong>mihi</strong></span> <span class='ocrx_word' id='word_1_576' title='bbox 1694 964 1793 992; x_wconf 89' lang='lat' dir='ltr'><strong>librum</strong></span> 
     </span>
    </p>
   </div>
   <div class='ocr_carea' id='block_1_80' title="bbox 1007 997 1793 1044">
    <p class='ocr_par' dir='ltr' id='par_1_80' title="bbox 1007 997 1793 1044">
     <span class='ocr_line' id='line_1_80' title="bbox 1007 997 1793 1044; baseline 0.018 -21"><span class='ocrx_word' id='word_1_577' title='bbox 1007 997 1096 1032; x_wconf 85' lang='lat' dir='ltr'><strong>aufer,</strong></span> <span class='ocrx_word' id='word_1_578' title='bbox 1130 1000 1176 1027; x_wconf 88' lang='lat' dir='ltr'><strong>sed</strong></span> <span class='ocrx_word' id='word_1_579' title='bbox 1193 1001 1225 1028; x_wconf 90' lang='lat' dir='ltr'><strong>de</strong></span> <span class='ocrx_word' id='word_1_580' title='bbox 1255 1005 1299 1029; x_wconf 90' lang='lat' dir='ltr'><strong>tua</strong></span> <span class='ocrx_word' id='word_1_581' title='bbox 1320 1003 1505 1032; x_wconf 83' lang='lat' dir='ltr'><strong>benevolentia</strong></span> <span class='ocrx_word' id='word_1_582' title='bbox 1536 1007 1646 1035; x_wconf 89' lang='lat' dir='ltr'><strong>minime</strong></span> <span class='ocrx_word' id='word_1_583' title='bbox 1667 1009 1793 1044; x_wconf 83' lang='lat' dir='ltr'><strong>deﬁcias;</strong></span> 
     </span>
    </p>
   </div>
   <div class='ocr_carea' id='block_1_81' title="bbox 1007 1043 1796 1088">
    <p class='ocr_par' dir='ltr' id='par_1_81' title="bbox 1007 1043 1796 1088">
     <span class='ocr_line' id='line_1_81' title="bbox 1007 1043 1796 1088; baseline 0.019 -19"><span class='ocrx_word' id='word_1_584' title='bbox 1007 1043 1049 1070; x_wconf 86' lang='lat' dir='ltr'><strong>sin</strong></span> <span class='ocrx_word' id='word_1_585' title='bbox 1080 1044 1178 1078; x_wconf 88' lang='lat' dir='ltr'><strong>minus,</strong></span> <span class='ocrx_word' id='word_1_586' title='bbox 1210 1047 1305 1075; x_wconf 78' lang='lat' dir='ltr'><strong>saltem</strong></span> <span class='ocrx_word' id='word_1_587' title='bbox 1327 1049 1353 1076; x_wconf 93' lang='lat' dir='ltr'><strong>in</strong></span> <span class='ocrx_word' id='word_1_588' title='bbox 1371 1050 1489 1077; x_wconf 81' lang='lat' dir='ltr'><strong>amicitia</strong></span> <span class='ocrx_word' id='word_1_589' title='bbox 1511 1060 1726 1088; x_wconf 86' lang='lat' dir='ltr'><strong>perseveremus,</strong></span> <span class='ocrx_word' id='word_1_590' title='bbox 1754 1057 1796 1084; x_wconf 85' lang='lat' dir='ltr'><strong>sic</strong></span> 
     </span>
    </p>
   </div>
   <div class='ocr_carea' id='block_1_82' title="bbox 1008 1089 1793 1130">
    <p class='ocr_par' dir='ltr' id='par_1_82' title="bbox 1008 1089 1793 1130">
     <span class='ocr_line' id='line_1_82' title="bbox 1008 1089 1793 1130; baseline 0.019 -16"><span class='ocrx_word' id='word_1_591' title='bbox 1008 1089 1079 1116; x_wconf 90' lang='lat' dir='ltr'><strong>enim</strong></span> <span class='ocrx_word' id='word_1_592' title='bbox 1099 1091 1166 1118; x_wconf 86' lang='lat' dir='ltr'><strong>nihil</strong></span> <span class='ocrx_word' id='word_1_593' title='bbox 1189 1099 1284 1126; x_wconf 88' lang='lat' dir='ltr'><strong>passus</strong></span> <span class='ocrx_word' id='word_1_594' title='bbox 1300 1095 1363 1122; x_wconf 91' lang='lat' dir='ltr'><strong>mihi</strong></span> <span class='ocrx_word' id='word_1_595' title='bbox 1389 1097 1510 1125; x_wconf 89' lang='lat' dir='ltr'><strong>videbor.</strong></span> <span class='ocrx_word' id='word_1_596' title='bbox 1537 1098 1624 1126; x_wconf 84' lang='lat' dir='ltr'><strong>Indica</strong></span> <span class='ocrx_word' id='word_1_597' title='bbox 1639 1108 1704 1128; x_wconf 90' lang='lat' dir='ltr'><strong>vero</strong></span> <span class='ocrx_word' id='word_1_598' title='bbox 1727 1102 1793 1130; x_wconf 89' lang='lat' dir='ltr'><strong>mihi</strong></span> 
     </span>
    </p>
   </div>
   <div class='ocr_carea' id='block_1_83' title="bbox 1008 1136 1793 1181">
    <p class='ocr_par' dir='ltr' id='par_1_83' title="bbox 1008 1136 1793 1181">
     <span class='ocr_line' id='line_1_83' title="bbox 1008 1136 1793 1181; baseline 0.018 -21"><span class='ocrx_word' id='word_1_599' title='bbox 1008 1136 1143 1169; x_wconf 87' lang='lat' dir='ltr'><strong>quomodo</strong></span> <span class='ocrx_word' id='word_1_600' title='bbox 1157 1144 1187 1165; x_wconf 87' lang='lat' dir='ltr'><strong>se</strong></span> <span class='ocrx_word' id='word_1_601' title='bbox 1200 1138 1298 1166; x_wconf 86' lang='lat' dir='ltr'><strong>habeat</strong></span> <span class='ocrx_word' id='word_1_602' title='bbox 1312 1141 1414 1174; x_wconf 81' lang='lat' dir='ltr'><strong>schola,</strong></span> <span class='ocrx_word' id='word_1_603' title='bbox 1435 1150 1469 1170; x_wconf 90' lang='lat' dir='ltr'><strong>an</strong></span> <span class='ocrx_word' id='word_1_604' title='bbox 1491 1144 1633 1172; x_wconf 90' lang='lat' dir='ltr'><strong>multitudo</strong></span> <span class='ocrx_word' id='word_1_605' title='bbox 1647 1145 1793 1181; x_wconf 86' lang='lat' dir='ltr'><strong>discipulo-</strong></span> 
     </span>
    </p>
   </div>
   <div class='ocr_carea' id='block_1_84' title="bbox 1008 1182 1792 1225">
    <p class='ocr_par' dir='ltr' id='par_1_84' title="bbox 1008 1182 1792 1225">
     <span class='ocr_line' id='line_1_84' title="bbox 1008 1182 1792 1225; baseline 0.017 -18"><span class='ocrx_word' id='word_1_606' title='bbox 1008 1188 1067 1208; x_wconf 86' lang='lat' dir='ltr'><strong>rum</strong></span> <span class='ocrx_word' id='word_1_607' title='bbox 1080 1182 1113 1208; x_wconf 90' lang='lat' dir='ltr'><strong>ad</strong></span> <span class='ocrx_word' id='word_1_608' title='bbox 1133 1188 1159 1210; x_wconf 87' lang='lat' dir='ltr'><strong>te</strong></span> <span class='ocrx_word' id='word_1_609' title='bbox 1176 1185 1338 1213; x_wconf 90' lang='lat' dir='ltr'><strong>audiendum</strong></span> <span class='ocrx_word' id='word_1_610' title='bbox 1352 1188 1480 1220; x_wconf 84' lang='lat' dir='ltr'><strong>conﬂuat,</strong></span> <span class='ocrx_word' id='word_1_611' title='bbox 1495 1197 1527 1217; x_wconf 89' lang='lat' dir='ltr'><strong>ac</strong></span> <span class='ocrx_word' id='word_1_612' title='bbox 1543 1190 1666 1225; x_wconf 87' lang='lat' dir='ltr'><strong>inprimis</strong></span> <span class='ocrx_word' id='word_1_613' title='bbox 1680 1200 1713 1219; x_wconf 91' lang='lat' dir='ltr'><strong>an</strong></span> <span class='ocrx_word' id='word_1_614' title='bbox 1726 1192 1792 1220; x_wconf 87' lang='lat' dir='ltr'><strong>divi-</strong></span> 
     </span>
    </p>
   </div>
   <div class='ocr_carea' id='block_1_85' title="bbox 1008 1226 1793 1271">
    <p class='ocr_par' dir='ltr' id='par_1_85' title="bbox 1008 1226 1793 1271">
     <span class='ocr_line' id='line_1_85' title="bbox 1008 1226 1793 1271; baseline 0.018 -18"><span class='ocrx_word' id='word_1_615' title='bbox 1008 1226 1053 1254; x_wconf 90' lang='lat' dir='ltr'><strong>tiis</strong></span> <span class='ocrx_word' id='word_1_616' title='bbox 1069 1227 1200 1263; x_wconf 80' lang='lat' dir='ltr'><strong>luxuries,</strong></span> <span class='ocrx_word' id='word_1_617' title='bbox 1217 1235 1244 1258; x_wconf 89' lang='lat' dir='ltr'><strong>et</strong></span> <span class='ocrx_word' id='word_1_618' title='bbox 1261 1231 1368 1260; x_wconf 85' lang='lat' dir='ltr'><strong>residua</strong></span> <span class='ocrx_word' id='word_1_619' title='bbox 1390 1233 1437 1261; x_wconf 87' lang='lat' dir='ltr'><strong>tibi</strong></span> <span class='ocrx_word' id='word_1_620' title='bbox 1451 1237 1564 1270; x_wconf 86' lang='lat' dir='ltr'><strong>pecunia</strong></span> <span class='ocrx_word' id='word_1_621' title='bbox 1581 1245 1628 1271; x_wconf 85' lang='lat' dir='ltr'><strong>per</strong></span> <span class='ocrx_word' id='word_1_622' title='bbox 1647 1238 1728 1266; x_wconf 91' lang='lat' dir='ltr'><strong>millia</strong></span> <span class='ocrx_word' id='word_1_623' title='bbox 1742 1247 1793 1266; x_wconf 93' lang='lat' dir='ltr'><strong>nu-</strong></span> 
     </span>
    </p>
   </div>
   <div class='ocr_carea' id='block_1_86' title="bbox 1009 1278 1140 1302">
    <p class='ocr_par' dir='ltr' id='par_1_86' title="bbox 1009 1278 1140 1302">
     <span class='ocr_line' id='line_1_86' title="bbox 1009 1278 1140 1302; baseline 0.015 -2"><span class='ocrx_word' id='word_1_624' title='bbox 1009 1278 1140 1302; x_wconf 83' lang='lat' dir='ltr'><strong>uteretur.</strong></span> 
     </span>
    </p>
   </div>
   <div class='ocr_carea' id='block_1_87' title="bbox 1283 1323 1523 1356">
    <p class='ocr_par' dir='ltr' id='par_1_87' title="bbox 1283 1323 1523 1356">
     <span class='ocr_line' id='line_1_87' title="bbox 1283 1323 1523 1356; baseline 0.021 -5"><span class='ocrx_word' id='word_1_625' title='bbox 1283 1323 1352 1352; x_wconf 83' lang='lat' dir='ltr'><strong>LVI.</strong></span> <span class='ocrx_word' id='word_1_626' title='bbox 1387 1325 1523 1356; x_wconf 81' lang='lat' dir='ltr'><strong>SABINO.</strong></span> 
     </span>
    </p>
   </div>
   <div class='ocr_carea' id='block_1_88' title="bbox 1043 1365 1793 1413">
    <p class='ocr_par' dir='ltr' id='par_1_88' title="bbox 1043 1365 1793 1413">
     <span class='ocr_line' id='line_1_88' title="bbox 1043 1365 1793 1413; baseline 0.019 -20"><span class='ocrx_word' id='word_1_627' title='bbox 1043 1365 1072 1394; x_wconf 90' lang='lat' dir='ltr'><strong>Si</strong></span> <span class='ocrx_word' id='word_1_628' title='bbox 1090 1369 1244 1398; x_wconf 89' lang='lat' dir='ltr'><strong>amantibus</strong></span> <span class='ocrx_word' id='word_1_629' title='bbox 1264 1372 1342 1399; x_wconf 82' lang='lat' dir='ltr'><strong>unica</strong></span> <span class='ocrx_word' id='word_1_630' title='bbox 1362 1372 1421 1401; x_wconf 87' lang='lat' dir='ltr'><strong>dies</strong></span> <span class='ocrx_word' id='word_1_631' title='bbox 1436 1374 1470 1401; x_wconf 91' lang='lat' dir='ltr'><strong>ad</strong></span> <span class='ocrx_word' id='word_1_632' title='bbox 1486 1375 1591 1404; x_wconf 85' lang='lat' dir='ltr'><strong>senium</strong></span> <span class='ocrx_word' id='word_1_633' title='bbox 1607 1376 1716 1410; x_wconf 86' lang='lat' dir='ltr'><strong>suilicit,</strong></span> <span class='ocrx_word' id='word_1_634' title='bbox 1729 1386 1793 1413; x_wconf 88' lang='lat' dir='ltr'><strong>sup-</strong></span> 
     </span>
    </p>
   </div>
   <div class='ocr_carea' id='block_1_89' title="bbox 1006 1415 1793 1459">
    <p class='ocr_par' dir='ltr' id='par_1_89' title="bbox 1006 1415 1793 1459">
     <span class='ocr_line' id='line_1_89' title="bbox 1006 1415 1793 1459; baseline 0.019 -22"><span class='ocrx_word' id='word_1_635' title='bbox 1006 1416 1103 1446; x_wconf 88' lang='lat' dir='ltr'><strong>putare</strong></span> <span class='ocrx_word' id='word_1_636' title='bbox 1118 1421 1170 1441; x_wconf 94' lang='lat' dir='ltr'><strong>non</strong></span> <span class='ocrx_word' id='word_1_637' title='bbox 1185 1415 1289 1445; x_wconf 87' lang='lat' dir='ltr'><strong>valeres</strong></span> <span class='ocrx_word' id='word_1_638' title='bbox 1303 1424 1434 1454; x_wconf 87' lang='lat' dir='ltr'><strong>quantum</strong></span> <span class='ocrx_word' id='word_1_639' title='bbox 1447 1423 1630 1451; x_wconf 88' lang='lat' dir='ltr'><strong>senuerimus.</strong></span> <span class='ocrx_word' id='word_1_640' title='bbox 1648 1423 1717 1452; x_wconf 89' lang='lat' dir='ltr'><strong>Olim</strong></span> <span class='ocrx_word' id='word_1_641' title='bbox 1732 1425 1793 1459; x_wconf 88' lang='lat' dir='ltr'><strong>qui—</strong></span> 
     </span>
    </p>
   </div>
   <div class='ocr_carea' id='block_1_90' title="bbox 1006 1458 1792 1504">
    <p class='ocr_par' dir='ltr' id='par_1_90' title="bbox 1006 1458 1792 1504">
     <span class='ocr_line' id='line_1_90' title="bbox 1006 1458 1792 1504; baseline 0.017 -18"><span class='ocrx_word' id='word_1_642' title='bbox 1006 1458 1066 1487; x_wconf 89' lang='lat' dir='ltr'><strong>dem</strong></span> <span class='ocrx_word' id='word_1_643' title='bbox 1076 1460 1169 1488; x_wconf 86' lang='lat' dir='ltr'><strong>felices</strong></span> <span class='ocrx_word' id='word_1_644' title='bbox 1178 1469 1298 1496; x_wconf 85' lang='lat' dir='ltr'><strong>eramus,</strong></span> <span class='ocrx_word' id='word_1_645' title='bbox 1311 1469 1338 1492; x_wconf 90' lang='lat' dir='ltr'><strong>te</strong></span> <span class='ocrx_word' id='word_1_646' title='bbox 1348 1466 1472 1494; x_wconf 86' lang='lat' dir='ltr'><strong>videntes</strong></span> <span class='ocrx_word' id='word_1_647' title='bbox 1480 1471 1508 1494; x_wconf 90' lang='lat' dir='ltr'><strong>et</strong></span> <span class='ocrx_word' id='word_1_648' title='bbox 1519 1471 1562 1494; x_wconf 91' lang='lat' dir='ltr'><strong>tua</strong></span> <span class='ocrx_word' id='word_1_649' title='bbox 1578 1469 1772 1504; x_wconf 82' lang='lat' dir='ltr'><strong>amplectentes</strong></span> <span class='ocrx_word' id='word_1_650' title='bbox 1784 1481 1792 1504; x_wconf 78' lang='grc' dir='ltr'><strong>ς</strong></span> 
     </span>
    </p>
   </div>
   <div class='ocr_carea' id='block_1_91' title="bbox 1007 1507 1795 1548">
    <p class='ocr_par' dir='ltr' id='par_1_91' title="bbox 1007 1507 1795 1548">
     <span class='ocr_line' id='line_1_91' title="bbox 1007 1507 1795 1548; baseline 0.015 -16"><span class='ocrx_word' id='word_1_651' title='bbox 1007 1510 1034 1533; x_wconf 91' lang='lat' dir='ltr'><strong>et</strong></span> <span class='ocrx_word' id='word_1_652' title='bbox 1053 1512 1131 1535; x_wconf 89' lang='lat' dir='ltr'><strong>erant</strong></span> <span class='ocrx_word' id='word_1_653' title='bbox 1161 1507 1240 1536; x_wconf 92' lang='lat' dir='ltr'><strong>nobis</strong></span> <span class='ocrx_word' id='word_1_654' title='bbox 1265 1511 1356 1539; x_wconf 89' lang='lat' dir='ltr'><strong>omnia</strong></span> <span class='ocrx_word' id='word_1_655' title='bbox 1380 1512 1466 1546; x_wconf 90' lang='lat' dir='ltr'><strong>utilia,</strong></span> <span class='ocrx_word' id='word_1_656' title='bbox 1496 1518 1622 1548; x_wconf 85' lang='lat' dir='ltr'><strong>aspectus</strong></span> <span class='ocrx_word' id='word_1_657' title='bbox 1639 1517 1795 1544; x_wconf 70' lang='lat' dir='ltr'><strong>amoenissi—</strong></span> 
     </span>
    </p>
   </div>
   <div class='ocr_carea' id='block_1_92' title="bbox 1008 1557 1794 1592">
    <p class='ocr_par' dir='ltr' id='par_1_92' title="bbox 1008 1557 1794 1592">
     <span class='ocr_line' id='line_1_92' title="bbox 1008 1557 1794 1592; baseline 0.013 -13"><span class='ocrx_word' id='word_1_658' title='bbox 1008 1560 1077 1586; x_wconf 89' lang='lat' dir='ltr'><strong>mus,</strong></span> <span class='ocrx_word' id='word_1_659' title='bbox 1089 1561 1229 1583; x_wconf 81' lang='lat' dir='ltr'><strong>sermones</strong></span> <span class='ocrx_word' id='word_1_660' title='bbox 1244 1557 1366 1585; x_wconf 91' lang='lat' dir='ltr'><strong>auditum</strong></span> <span class='ocrx_word' id='word_1_661' title='bbox 1380 1559 1544 1592; x_wconf 83' lang='lat' dir='ltr'><strong>excitantes,</strong></span> <span class='ocrx_word' id='word_1_662' title='bbox 1576 1561 1684 1588; x_wconf 86' lang='lat' dir='ltr'><strong>animus</strong></span> <span class='ocrx_word' id='word_1_663' title='bbox 1712 1562 1794 1590; x_wconf 86' lang='lat' dir='ltr'><strong>benc-</strong></span> 
     </span>
    </p>
   </div>
   <div class='ocr_carea' id='block_1_93' title="bbox 1005 1598 1793 1642">
    <p class='ocr_par' dir='ltr' id='par_1_93' title="bbox 1005 1598 1793 1642">
     <span class='ocr_line' id='line_1_93' title="bbox 1005 1598 1793 1642; baseline 0.014 -18"><span class='ocrx_word' id='word_1_664' title='bbox 1005 1598 1129 1626; x_wconf 70' lang='lat' dir='ltr'><strong>volentia:</strong></span> <span class='ocrx_word' id='word_1_665' title='bbox 1144 1601 1294 1636; x_wconf 80' lang='lat' dir='ltr'><strong>prodigus;</strong></span> <span class='ocrx_word' id='word_1_666' title='bbox 1310 1610 1341 1630; x_wconf 85' lang='lat' dir='ltr'><strong>ac</strong></span> <span class='ocrx_word' id='word_1_667' title='bbox 1353 1604 1374 1630; x_wconf 89' lang='lat' dir='ltr'><strong>si</strong></span> <span class='ocrx_word' id='word_1_668' title='bbox 1391 1604 1453 1638; x_wconf 87' lang='lat' dir='ltr'><strong>quis</strong></span> <span class='ocrx_word' id='word_1_669' title='bbox 1466 1605 1530 1639; x_wconf 86' lang='lat' dir='ltr'><strong>quid</strong></span> <span class='ocrx_word' id='word_1_670' title='bbox 1552 1606 1656 1640; x_wconf 87' lang='lat' dir='ltr'><strong>pulchri</strong></span> <span class='ocrx_word' id='word_1_671' title='bbox 1671 1613 1793 1642; x_wconf 76' lang='lat' dir='ltr'><strong>cuperet,</strong></span> 
     </span>
    </p>
   </div>
   <div class='ocr_carea' id='block_1_94' title="bbox 1006 1644 1792 1685">
    <p class='ocr_par' dir='ltr' id='par_1_94' title="bbox 1006 1644 1792 1685">
     <span class='ocr_line' id='line_1_94' title="bbox 1006 1644 1792 1685; baseline 0.014 -15"><span class='ocrx_word' id='word_1_672' title='bbox 1006 1644 1073 1671; x_wconf 83' lang='lat' dir='ltr'><strong>satis</strong></span> <span class='ocrx_word' id='word_1_673' title='bbox 1090 1651 1148 1672; x_wconf 88' lang='lat' dir='ltr'><strong>erat</strong></span> <span class='ocrx_word' id='word_1_674' title='bbox 1176 1651 1202 1674; x_wconf 89' lang='lat' dir='ltr'><strong>te</strong></span> <span class='ocrx_word' id='word_1_675' title='bbox 1222 1647 1392 1676; x_wconf 86' lang='lat' dir='ltr'><strong>solummodo</strong></span> <span class='ocrx_word' id='word_1_676' title='bbox 1408 1650 1541 1685; x_wconf 83' lang='lat' dir='ltr'><strong>aspicere.</strong></span> <span class='ocrx_word' id='word_1_677' title='bbox 1566 1654 1599 1678; x_wconf 77' lang='lat' dir='ltr'><strong>At</strong></span> <span class='ocrx_word' id='word_1_678' title='bbox 1615 1661 1686 1680; x_wconf 92' lang='lat' dir='ltr'><strong>nunc</strong></span> <span class='ocrx_word' id='word_1_679' title='bbox 1700 1654 1792 1681; x_wconf 82' lang='lat' dir='ltr'><strong>confe-</strong></span> 
     </span>
    </p>
   </div>
   <div class='ocr_carea' id='block_1_95' title="bbox 1005 1689 1794 1727">
    <p class='ocr_par' dir='ltr' id='par_1_95' title="bbox 1005 1689 1794 1727">
     <span class='ocr_line' id='line_1_95' title="bbox 1005 1689 1794 1727; baseline 0.014 -11"><span class='ocrx_word' id='word_1_680' title='bbox 1005 1689 1067 1717; x_wconf 84' lang='lat' dir='ltr'><strong>stim</strong></span> <span class='ocrx_word' id='word_1_681' title='bbox 1083 1692 1204 1719; x_wconf 87' lang='lat' dir='ltr'><strong>omnium</strong></span> <span class='ocrx_word' id='word_1_682' title='bbox 1220 1693 1298 1727; x_wconf 77' lang='lat' dir='ltr'><strong>egenti</strong></span> <span class='ocrx_word' id='word_1_683' title='bbox 1312 1701 1422 1727; x_wconf 90' lang='lat' dir='ltr'><strong>sumus;</strong></span> <span class='ocrx_word' id='word_1_684' title='bbox 1441 1695 1513 1722; x_wconf 84' lang='lat' dir='ltr'><strong>unde</strong></span> <span class='ocrx_word' id='word_1_685' title='bbox 1528 1696 1554 1722; x_wconf 92' lang='lat' dir='ltr'><strong>in</strong></span> <span class='ocrx_word' id='word_1_686' title='bbox 1572 1703 1678 1726; x_wconf 89' lang='lat' dir='ltr'><strong>summa</strong></span> <span class='ocrx_word' id='word_1_687' title='bbox 1698 1707 1794 1727; x_wconf 83' lang='lat' dir='ltr'><strong>neces-</strong></span> 
     </span>
    </p>
   </div>
   <div class='ocr_carea' id='block_1_96' title="bbox 1006 1736 1795 1773">
    <p class='ocr_par' dir='ltr' id='par_1_96' title="bbox 1006 1736 1795 1773">
     <span class='ocr_line' id='line_1_96' title="bbox 1006 1736 1795 1773; baseline 0.011 -9"><span class='ocrx_word' id='word_1_688' title='bbox 1006 1736 1086 1765; x_wconf 85' lang='lat' dir='ltr'><strong>sitate</strong></span> <span class='ocrx_word' id='word_1_689' title='bbox 1097 1745 1201 1770; x_wconf 82' lang='lat' dir='ltr'><strong>versor.</strong></span> <span class='ocrx_word' id='word_1_690' title='bbox 1220 1744 1247 1766; x_wconf 88' lang='lat' dir='ltr'><strong>et</strong></span> <span class='ocrx_word' id='word_1_691' title='bbox 1263 1740 1381 1767; x_wconf 89' lang='lat' dir='ltr'><strong>fabulam</strong></span> <span class='ocrx_word' id='word_1_692' title='bbox 1396 1741 1482 1769; x_wconf 88' lang='lat' dir='ltr'><strong>dicam</strong></span> <span class='ocrx_word' id='word_1_693' title='bbox 1506 1751 1513 1769; x_wconf 89' lang='lat'><strong>:</strong></span> <span class='ocrx_word' id='word_1_694' title='bbox 1545 1742 1660 1772; x_wconf 80' lang='lat' dir='ltr'><strong>Perseus</strong></span> <span class='ocrx_word' id='word_1_695' title='bbox 1677 1745 1722 1773; x_wconf 89' lang='lat' dir='ltr'><strong>ille</strong></span> <span class='ocrx_word' id='word_1_696' title='bbox 1735 1753 1795 1773; x_wconf 85' lang='lat' dir='ltr'><strong>esse</strong></span> 
     </span>
    </p>
   </div>
   <div class='ocr_carea' id='block_1_97' title="bbox 1004 1784 1793 1824">
    <p class='ocr_par' dir='ltr' id='par_1_97' title="bbox 1004 1784 1793 1824">
     <span class='ocr_line' id='line_1_97' title="bbox 1004 1784 1793 1824; baseline 0.014 -16"><span class='ocrx_word' id='word_1_697' title='bbox 1004 1786 1127 1816; x_wconf 87' lang='lat' dir='ltr'><strong>optarem</strong></span> <span class='ocrx_word' id='word_1_698' title='bbox 1145 1793 1151 1810; x_wconf 95' lang='lat'>:</span> <span class='ocrx_word' id='word_1_699' title='bbox 1168 1784 1259 1812; x_wconf 85' lang='lat' dir='ltr'><strong>forsan</strong></span> <span class='ocrx_word' id='word_1_700' title='bbox 1275 1786 1348 1813; x_wconf 88' lang='lat' dir='ltr'><strong>enim</strong></span> <span class='ocrx_word' id='word_1_701' title='bbox 1375 1787 1441 1814; x_wconf 90' lang='lat' dir='ltr'><strong>mihi</strong></span> <span class='ocrx_word' id='word_1_702' title='bbox 1460 1788 1572 1817; x_wconf 86' lang='lat' dir='ltr'><strong>daretur</strong></span> <span class='ocrx_word' id='word_1_703' title='bbox 1589 1790 1724 1824; x_wconf 87' lang='lat' dir='ltr'><strong>paululum</strong></span> <span class='ocrx_word' id='word_1_704' title='bbox 1744 1799 1793 1819; x_wconf 88' lang='lat' dir='ltr'><strong>vo-</strong></span> 
     </span>
    </p>
   </div>
   <div class='ocr_carea' id='block_1_98' title="bbox 1005 1827 1792 1869">
    <p class='ocr_par' dir='ltr' id='par_1_98' title="bbox 1005 1827 1792 1869">
     <span class='ocr_line' id='line_1_98' title="bbox 1005 1827 1792 1869; baseline 0.014 -15"><span class='ocrx_word' id='word_1_705' title='bbox 1005 1827 1085 1856; x_wconf 88' lang='lat' dir='ltr'><strong>lamlo</strong></span> <span class='ocrx_word' id='word_1_706' title='bbox 1103 1837 1191 1857; x_wconf 86' lang='lat' dir='ltr'><strong>meum</strong></span> <span class='ocrx_word' id='word_1_707' title='bbox 1209 1830 1290 1858; x_wconf 88' lang='lat' dir='ltr'><strong>solari</strong></span> <span class='ocrx_word' id='word_1_708' title='bbox 1305 1839 1486 1860; x_wconf 81' lang='lat' dir='ltr'><strong>amorem.....</strong></span> <span class='ocrx_word' id='word_1_709' title='bbox 1505 1836 1639 1863; x_wconf 86' lang='lat' dir='ltr'><strong>successit</strong></span> <span class='ocrx_word' id='word_1_710' title='bbox 1654 1836 1704 1869; x_wconf 87' lang='lat' dir='ltr'><strong>ira,</strong></span> <span class='ocrx_word' id='word_1_711' title='bbox 1729 1843 1792 1864; x_wconf 84' lang='lat' dir='ltr'><strong>ecce</strong></span> 
     </span>
    </p>
   </div>
   <div class='ocr_carea' id='block_1_99' title="bbox 1004 1873 1792 1913">
    <p class='ocr_par' dir='ltr' id='par_1_99' title="bbox 1004 1873 1792 1913">
     <span class='ocr_line' id='line_1_99' title="bbox 1004 1873 1792 1913; baseline 0.013 -14"><span class='ocrx_word' id='word_1_712' title='bbox 1004 1873 1076 1900; x_wconf 88' lang='lat' dir='ltr'><strong>enim</strong></span> <span class='ocrx_word' id='word_1_713' title='bbox 1093 1873 1142 1902; x_wconf 67' lang='lat' dir='ltr'><strong>alte</strong></span> <span class='ocrx_word' id='word_1_714' title='bbox 1157 1875 1380 1904; x_wconf 87' lang='lat' dir='ltr'><strong>desiderium.....</strong></span> <span class='ocrx_word' id='word_1_715' title='bbox 1405 1882 1432 1905; x_wconf 88' lang='lat' dir='ltr'><strong>et</strong></span> <span class='ocrx_word' id='word_1_716' title='bbox 1449 1879 1537 1906; x_wconf 80' lang='lat' dir='ltr'><strong>fabula</strong></span> <span class='ocrx_word' id='word_1_717' title='bbox 1550 1880 1640 1908; x_wconf 89' lang='lat' dir='ltr'><strong>factus</strong></span> <span class='ocrx_word' id='word_1_718' title='bbox 1662 1888 1741 1913; x_wconf 89' lang='lat' dir='ltr'><strong>sum;</strong></span> <span class='ocrx_word' id='word_1_719' title='bbox 1765 1888 1792 1909; x_wconf 88' lang='lat' dir='ltr'><strong>et</strong></span> 
     </span>
    </p>
   </div>
   <div class='ocr_carea' id='block_1_100' title="bbox 1004 1918 1793 1960">
    <p class='ocr_par' dir='ltr' id='par_1_100' title="bbox 1004 1918 1793 1960">
     <span class='ocr_line' id='line_1_100' title="bbox 1004 1918 1793 1960; baseline 0.01 -16"><span class='ocrx_word' id='word_1_720' title='bbox 1004 1918 1134 1954; x_wconf 85' lang='lat' dir='ltr'><strong>quidquid</strong></span> <span class='ocrx_word' id='word_1_721' title='bbox 1151 1921 1265 1955; x_wconf 88' lang='lat' dir='ltr'><strong>cupiens</strong></span> <span class='ocrx_word' id='word_1_722' title='bbox 1291 1922 1456 1951; x_wconf 87' lang='lat' dir='ltr'><strong>animus.....</strong></span> <span class='ocrx_word' id='word_1_723' title='bbox 1493 1923 1599 1951; x_wconf 87' lang='lat' dir='ltr'><strong>volebat</strong></span> <span class='ocrx_word' id='word_1_724' title='bbox 1619 1934 1626 1952; x_wconf 91' lang='lat'>:</span> <span class='ocrx_word' id='word_1_725' title='bbox 1649 1925 1706 1960; x_wconf 88' lang='lat' dir='ltr'><strong>jam</strong></span> <span class='ocrx_word' id='word_1_726' title='bbox 1729 1933 1793 1953; x_wconf 76' lang='lat' dir='ltr'><strong>vero</strong></span> 
     </span>
    </p>
   </div>
   <div class='ocr_carea' id='block_1_101' title="bbox 1005 1964 1790 2004">
    <p class='ocr_par' dir='ltr' id='par_1_101' title="bbox 1005 1964 1790 2004">
     <span class='ocr_line' id='line_1_101' title="bbox 1005 1964 1790 2004; baseline 0.013 -15"><span class='ocrx_word' id='word_1_727' title='bbox 1005 1964 1113 1998; x_wconf 79' lang='lat' dir='ltr'><strong>gavisus</strong></span> <span class='ocrx_word' id='word_1_728' title='bbox 1127 1970 1168 1992; x_wconf 88' lang='lat' dir='ltr'><strong>est</strong></span> <span class='ocrx_word' id='word_1_729' title='bbox 1182 1973 1215 1992; x_wconf 78' lang='lat' dir='ltr'><strong>eo</strong></span> <span class='ocrx_word' id='word_1_730' title='bbox 1227 1967 1299 2001; x_wconf 90' lang='lat' dir='ltr'><strong>quod</strong></span> <span class='ocrx_word' id='word_1_731' title='bbox 1320 1967 1432 1995; x_wconf 87' lang='lat' dir='ltr'><strong>vidisset</strong></span> <span class='ocrx_word' id='word_1_732' title='bbox 1455 1968 1482 1996; x_wconf 93' lang='lat' dir='ltr'><strong>in</strong></span> <span class='ocrx_word' id='word_1_733' title='bbox 1498 1969 1671 1998; x_wconf 87' lang='lat' dir='ltr'><strong>somnis......</strong></span> <span class='ocrx_word' id='word_1_734' title='bbox 1703 1972 1790 2004; x_wconf 87' lang='lat' dir='ltr'><strong>visui;</strong></span> 
     </span>
    </p>
   </div>
   <div class='ocr_carea' id='block_1_102' title="bbox 1005 2008 1791 2051">
    <p class='ocr_par' dir='ltr' id='par_1_102' title="bbox 1005 2008 1791 2051">
     <span class='ocr_line' id='line_1_102' title="bbox 1005 2008 1791 2051; baseline 0.011 -15"><span class='ocrx_word' id='word_1_735' title='bbox 1005 2008 1174 2038; x_wconf 81' lang='lat' dir='ltr'><strong>hene&#39;autem</strong></span> <span class='ocrx_word' id='word_1_736' title='bbox 1192 2012 1294 2040; x_wconf 86' lang='lat' dir='ltr'><strong>habens</strong></span> <span class='ocrx_word' id='word_1_737' title='bbox 1308 2021 1370 2041; x_wconf 89' lang='lat' dir='ltr'><strong>cum</strong></span> <span class='ocrx_word' id='word_1_738' title='bbox 1380 2015 1425 2049; x_wconf 90' lang='lat' dir='ltr'><strong>qui</strong></span> <span class='ocrx_word' id='word_1_739' title='bbox 1439 2015 1492 2043; x_wconf 88' lang='lat' dir='ltr'><strong>fert</strong></span> <span class='ocrx_word' id='word_1_740' title='bbox 1503 2015 1573 2043; x_wconf 87' lang='lat' dir='ltr'><strong>hanc</strong></span> <span class='ocrx_word' id='word_1_741' title='bbox 1587 2017 1791 2051; x_wconf 87' lang='lat' dir='ltr'><strong>epistolam.....</strong></span> 
     </span>
    </p>
   </div>
   <div class='ocr_carea' id='block_1_103' title="bbox 1005 2056 1791 2093">
    <p class='ocr_par' dir='ltr' id='par_1_103' title="bbox 1005 2056 1791 2093">
     <span class='ocr_line' id='line_1_103' title="bbox 1005 2056 1791 2093; baseline 0.01 -10"><span class='ocrx_word' id='word_1_742' title='bbox 1005 2060 1030 2083; x_wconf 84' lang='lat' dir='ltr'><strong>ct</strong></span> <span class='ocrx_word' id='word_1_743' title='bbox 1039 2056 1213 2085; x_wconf 87' lang='lat' dir='ltr'><strong>confirmabis</strong></span> <span class='ocrx_word' id='word_1_744' title='bbox 1221 2058 1291 2085; x_wconf 90' lang='lat' dir='ltr'><strong>illam</strong></span> <span class='ocrx_word' id='word_1_745' title='bbox 1300 2067 1379 2093; x_wconf 81' lang='lat' dir='ltr'><strong>qualn</strong></span> <span class='ocrx_word' id='word_1_746' title='bbox 1388 2060 1507 2089; x_wconf 86' lang='lat' dir='ltr'><strong>habebas</strong></span> <span class='ocrx_word' id='word_1_747' title='bbox 1516 2061 1777 2091; x_wconf 63' lang='lat' dir='ltr'><strong>benevolentiam...</strong></span> <span class='ocrx_word' id='word_1_748' title='bbox 1784 2084 1791 2092; x_wconf 90' lang='lat'><strong>.</strong></span> 
     </span>
    </p>
   </div>
   <div class='ocr_carea' id='block_1_104' title="bbox 1005 2102 1794 2138">
    <p class='ocr_par' dir='ltr' id='par_1_104' title="bbox 1005 2102 1794 2138">
     <span class='ocr_line' id='line_1_104' title="bbox 1005 2102 1794 2138; baseline 0.011 -10"><span class='ocrx_word' id='word_1_749' title='bbox 1005 2102 1026 2128; x_wconf 86' lang='lat' dir='ltr'><strong>si</strong></span> <span class='ocrx_word' id='word_1_750' title='bbox 1054 2104 1191 2137; x_wconf 85' lang='lat' dir='ltr'><strong>acceperis</strong></span> <span class='ocrx_word' id='word_1_751' title='bbox 1215 2104 1320 2132; x_wconf 86' lang='lat' dir='ltr'><strong>litteras</strong></span> <span class='ocrx_word' id='word_1_752' title='bbox 1335 2114 1350 2132; x_wconf 71' lang='grc' dir='ltr'>τι</span> <span class='ocrx_word' id='word_1_753' title='bbox 1366 2106 1454 2138; x_wconf 85' lang='lat' dir='ltr'><strong>nobis,</strong></span> <span class='ocrx_word' id='word_1_754' title='bbox 1487 2107 1554 2134; x_wconf 89' lang='lat' dir='ltr'><strong>nihil</strong></span> <span class='ocrx_word' id='word_1_755' title='bbox 1577 2115 1631 2135; x_wconf 93' lang='lat' dir='ltr'><strong>non</strong></span> <span class='ocrx_word' id='word_1_756' title='bbox 1659 2108 1738 2137; x_wconf 87' lang='lat' dir='ltr'><strong>facile</strong></span> <span class='ocrx_word' id='word_1_757' title='bbox 1754 2108 1794 2136; x_wconf 65' lang='grc' dir='ltr'>[οι</span> 
     </span>
    </p>
   </div>
   <div class='ocr_carea' id='block_1_105' title="bbox 1005 2147 1070 2174">
    <p class='ocr_par' dir='ltr' id='par_1_105' title="bbox 1005 2147 1070 2174">
     <span class='ocr_line' id='line_1_105' title="bbox 1005 2147 1070 2174; baseline 0.015 -1"><span class='ocrx_word' id='word_1_758' title='bbox 1005 2147 1070 2174; x_wconf 82' lang='lat' dir='ltr'><strong>cies.</strong></span> 
     </span>
    </p>
   </div>
   <div class='ocr_carea' id='block_1_106' title="bbox 1240 2194 1560 2225">
    <p class='ocr_par' dir='ltr' id='par_1_106' title="bbox 1240 2194 1560 2225">
     <span class='ocr_line' id='line_1_106' title="bbox 1240 2194 1560 2225; baseline 0.013 -4"><span class='ocrx_word' id='word_1_759' title='bbox 1240 2194 1321 2222; x_wconf 83' lang='lat' dir='ltr'><strong>LVII.</strong></span> <span class='ocrx_word' id='word_1_760' title='bbox 1344 2194 1560 2225; x_wconf 80' lang='lat' dir='ltr'><strong>HIERONYMO.</strong></span> 
     </span>
    </p>
   </div>
   <div class='ocr_carea' id='block_1_107' title="bbox 1043 2239 1788 2277">
    <p class='ocr_par' dir='ltr' id='par_1_107' title="bbox 1043 2239 1788 2277">
     <span class='ocr_line' id='line_1_107' title="bbox 1043 2239 1788 2277; baseline 0.011 -12"><span class='ocrx_word' id='word_1_761' title='bbox 1043 2239 1112 2272; x_wconf 85' lang='lat' dir='ltr'><strong>Quot</strong></span> <span class='ocrx_word' id='word_1_762' title='bbox 1127 2246 1142 2266; x_wconf 91' lang='lat' dir='ltr'><strong>a</strong></span> <span class='ocrx_word' id='word_1_763' title='bbox 1156 2244 1182 2266; x_wconf 89' lang='lat' dir='ltr'><strong>te</strong></span> <span class='ocrx_word' id='word_1_764' title='bbox 1210 2241 1430 2268; x_wconf 85' lang='lat' dir='ltr'><strong>accusationibus</strong></span> <span class='ocrx_word' id='word_1_765' title='bbox 1456 2242 1613 2277; x_wconf 90' lang='lat' dir='ltr'><strong>impetimur</strong></span> <span class='ocrx_word' id='word_1_766' title='bbox 1644 2252 1692 2272; x_wconf 92' lang='lat' dir='ltr'><strong>nos</strong></span> <span class='ocrx_word' id='word_1_767' title='bbox 1713 2253 1788 2272; x_wconf 84' lang='lat' dir='ltr'><strong>vam-</strong></span> 
     </span>
    </p>
   </div>
   <div class='ocr_carea' id='block_1_108' title="bbox 1005 2284 1792 2322">
    <p class='ocr_par' dir='ltr' id='par_1_108' title="bbox 1005 2284 1792 2322">
     <span class='ocr_line' id='line_1_108' title="bbox 1005 2284 1792 2322; baseline 0.01 -12"><span class='ocrx_word' id='word_1_768' title='bbox 1005 2284 1089 2318; x_wconf 88' lang='lat' dir='ltr'><strong>loqui,</strong></span> <span class='ocrx_word' id='word_1_769' title='bbox 1105 2291 1153 2311; x_wconf 86' lang='lat' dir='ltr'><strong>nos</strong></span> <span class='ocrx_word' id='word_1_770' title='bbox 1169 2285 1308 2318; x_wconf 66' lang='lat' dir='ltr'><strong>sophism,</strong></span> <span class='ocrx_word' id='word_1_771' title='bbox 1340 2294 1390 2313; x_wconf 78' lang='lat' dir='ltr'><strong>nos</strong></span> <span class='ocrx_word' id='word_1_772' title='bbox 1414 2288 1540 2322; x_wconf 87' lang='lat' dir='ltr'><strong>superbia</strong></span> <span class='ocrx_word' id='word_1_773' title='bbox 1566 2288 1721 2317; x_wconf 79' lang='lat' dir='ltr'><strong>laborantes</strong></span> <span class='ocrx_word' id='word_1_774' title='bbox 1741 2293 1792 2318; x_wconf 90' lang='lat' dir='ltr'><strong>sub</strong></span> 
     </span>
    </p>
   </div>
   <div class='ocr_carea' id='block_1_109' title="bbox 1007 2329 1791 2368">
    <p class='ocr_par' dir='ltr' id='par_1_109' title="bbox 1007 2329 1791 2368">
     <span class='ocr_line' id='line_1_109' title="bbox 1007 2329 1791 2368; baseline 0.008 -12"><span class='ocrx_word' id='word_1_775' title='bbox 1007 2329 1128 2357; x_wconf 87' lang='lat' dir='ltr'><strong>modesto</strong></span> <span class='ocrx_word' id='word_1_776' title='bbox 1147 2330 1251 2357; x_wconf 85' lang='lat' dir='ltr'><strong>habitu.</strong></span> <span class='ocrx_word' id='word_1_777' title='bbox 1283 2331 1338 2358; x_wconf 87' lang='lat' dir='ltr'><strong>Nec</strong></span> <span class='ocrx_word' id='word_1_778' title='bbox 1354 2339 1459 2366; x_wconf 90' lang='lat' dir='ltr'><strong>possem</strong></span> <span class='ocrx_word' id='word_1_779' title='bbox 1477 2333 1580 2360; x_wconf 83' lang='lat' dir='ltr'><strong>referre</strong></span> <span class='ocrx_word' id='word_1_780' title='bbox 1593 2338 1660 2368; x_wconf 91' lang='lat' dir='ltr'><strong>quot</strong></span> <span class='ocrx_word' id='word_1_781' title='bbox 1678 2336 1791 2362; x_wconf 78' lang='lat' dir='ltr'><strong>(‘I‘imitm</strong></span> 
     </span>
    </p>
   </div>
   <div class='ocr_carea' id='block_1_110' title="bbox 1006 2375 1792 2413">
    <p class='ocr_par' dir='ltr' id='par_1_110' title="bbox 1006 2375 1792 2413">
     <span class='ocr_line' id='line_1_110' title="bbox 1006 2375 1792 2413; baseline 0.008 -11"><span class='ocrx_word' id='word_1_782' title='bbox 1006 2375 1032 2402; x_wconf 88' lang='lat' dir='ltr'><strong>in</strong></span> <span class='ocrx_word' id='word_1_783' title='bbox 1052 2383 1101 2402; x_wconf 88' lang='lat' dir='ltr'><strong>nos</strong></span> <span class='ocrx_word' id='word_1_784' title='bbox 1126 2377 1307 2410; x_wconf 79' lang='lat' dir='ltr'><strong>congesseris,</strong></span> <span class='ocrx_word' id='word_1_785' title='bbox 1330 2377 1406 2411; x_wconf 88' lang='lat' dir='ltr'><strong>quasi</strong></span> <span class='ocrx_word' id='word_1_786' title='bbox 1433 2379 1604 2406; x_wconf 87' lang='lat' dir='ltr'><strong>occasionem</strong></span> <span class='ocrx_word' id='word_1_787' title='bbox 1631 2379 1792 2413; x_wconf 86' lang='lat' dir='ltr'><strong>jamdudum</strong></span> 
     </span>
    </p>
   </div>
   <div class='ocr_carea' id='block_1_111' title="bbox 1005 2423 1794 2459">
    <p class='ocr_par' dir='ltr' id='par_1_111' title="bbox 1005 2423 1794 2459">
     <span class='ocr_line' id='line_1_111' title="bbox 1005 2423 1794 2459; baseline 0.008 -10"><span class='ocrx_word' id='word_1_788' title='bbox 1005 2423 1147 2455; x_wconf 84' lang='lat' dir='ltr'><strong>auspirans</strong></span> <span class='ocrx_word' id='word_1_789' title='bbox 1163 2423 1280 2459; x_wconf 80' lang='lat' dir='ltr'><strong>linguam</strong></span> <span class='ocrx_word' id='word_1_790' title='bbox 1309 2431 1402 2452; x_wconf 85' lang='lat' dir='ltr'><strong>contra</strong></span> <span class='ocrx_word' id='word_1_791' title='bbox 1439 2432 1487 2452; x_wconf 90' lang='lat' dir='ltr'><strong>nos</strong></span> <span class='ocrx_word' id='word_1_792' title='bbox 1509 2426 1635 2454; x_wconf 88' lang='lat' dir='ltr'><strong>acuendi.</strong></span> <span class='ocrx_word' id='word_1_793' title='bbox 1658 2427 1735 2454; x_wconf 85' lang='lat' dir='ltr'><strong>Umle</strong></span> <span class='ocrx_word' id='word_1_794' title='bbox 1761 2435 1794 2455; x_wconf 88' lang='lat' dir='ltr'><strong>ne</strong></span> 
     </span>
    </p>
   </div>
   <div class='ocr_carea' id='block_1_112' title="bbox 1004 2470 1794 2508">
    <p class='ocr_par' dir='ltr' id='par_1_112' title="bbox 1004 2470 1794 2508">
     <span class='ocr_line' id='line_1_112' title="bbox 1004 2470 1794 2508; baseline 0.004 -11"><span class='ocrx_word' id='word_1_795' title='bbox 1004 2470 1106 2504; x_wconf 82' lang='lat' dir='ltr'><strong>justum</strong></span> <span class='ocrx_word' id='word_1_796' title='bbox 1121 2471 1228 2505; x_wconf 82' lang='lat' dir='ltr'><strong>quidem</strong></span> <span class='ocrx_word' id='word_1_797' title='bbox 1246 2476 1407 2506; x_wconf 64' lang='lat' dir='ltr'><strong>praetextum</strong></span> <span class='ocrx_word' id='word_1_798' title='bbox 1422 2471 1553 2506; x_wconf 81' lang='lat' dir='ltr'><strong>allegatis,</strong></span> <span class='ocrx_word' id='word_1_799' title='bbox 1583 2472 1609 2498; x_wconf 90' lang='lat' dir='ltr'><strong>in</strong></span> <span class='ocrx_word' id='word_1_800' title='bbox 1628 2473 1716 2499; x_wconf 79' lang='lat' dir='ltr'><strong>niedio</strong></span> <span class='ocrx_word' id='word_1_801' title='bbox 1731 2481 1794 2508; x_wconf 83' lang='lat' dir='ltr'><strong>pro-</strong></span> 
     </span>
    </p>
   </div>
   <div class='ocr_carea' id='block_1_113' title="bbox 1006 2516 1794 2551">
    <p class='ocr_par' dir='ltr' id='par_1_113' title="bbox 1006 2516 1794 2551">
     <span class='ocr_line' id='line_1_113' title="bbox 1006 2516 1794 2551; baseline 0.004 -8"><span class='ocrx_word' id='word_1_802' title='bbox 1006 2516 1060 2544; x_wconf 85' lang='lat' dir='ltr'><strong>fers</strong></span> <span class='ocrx_word' id='word_1_803' title='bbox 1072 2524 1131 2551; x_wconf 70' lang='lat' dir='ltr'><strong>qum</strong></span> <span class='ocrx_word' id='word_1_804' title='bbox 1144 2516 1208 2544; x_wconf 91' lang='lat' dir='ltr'><strong>olim</strong></span> <span class='ocrx_word' id='word_1_805' title='bbox 1225 2517 1333 2544; x_wconf 83' lang='lat' dir='ltr'><strong>nescius</strong></span> <span class='ocrx_word' id='word_1_806' title='bbox 1351 2517 1552 2545; x_wconf 80' lang='lat' dir='ltr'><strong>dissimulabas.</strong></span> <span class='ocrx_word' id='word_1_807' title='bbox 1568 2518 1637 2551; x_wconf 87' lang='lat' dir='ltr'><strong>Quid</strong></span> <span class='ocrx_word' id='word_1_808' title='bbox 1655 2519 1739 2551; x_wconf 87' lang='lat' dir='ltr'><strong>enim,</strong></span> <span class='ocrx_word' id='word_1_809' title='bbox 1752 2520 1794 2546; x_wconf 88' lang='lat' dir='ltr'><strong>die</strong></span> 
     </span>
    </p>
   </div>
   <div class='ocr_carea' id='block_1_114' title="bbox 1006 2561 1792 2596">
    <p class='ocr_par' dir='ltr' id='par_1_114' title="bbox 1006 2561 1792 2596">
     <span class='ocr_line' id='line_1_114' title="bbox 1006 2561 1792 2596; baseline 0.004 -8"><span class='ocrx_word' id='word_1_810' title='bbox 1006 2561 1155 2596; x_wconf 88' lang='lat' dir='ltr'><strong>mihi,quid</strong></span> <span class='ocrx_word' id='word_1_811' title='bbox 1176 2562 1285 2595; x_wconf 91' lang='lat' dir='ltr'><strong>mirum,</strong></span> <span class='ocrx_word' id='word_1_812' title='bbox 1301 2563 1323 2590; x_wconf 92' lang='lat' dir='ltr'><strong>si</strong></span> <span class='ocrx_word' id='word_1_813' title='bbox 1334 2562 1382 2590; x_wconf 91' lang='lat' dir='ltr'><strong>tibi</strong></span> <span class='ocrx_word' id='word_1_814' title='bbox 1398 2563 1532 2596; x_wconf 85' lang='lat' dir='ltr'><strong>scribens,</strong></span> <span class='ocrx_word' id='word_1_815' title='bbox 1545 2563 1614 2591; x_wconf 89' lang='lat' dir='ltr'><strong>hanc</strong></span> <span class='ocrx_word' id='word_1_816' title='bbox 1623 2564 1792 2591; x_wconf 81' lang='lat' dir='ltr'><strong>adhibuerim</strong></span> 
     </span>
    </p>
   </div>
   <div class='ocr_carea' id='block_1_115' title="bbox 1006 2607 1819 2649">
    <p class='ocr_par' dir='ltr' id='par_1_115' title="bbox 1006 2607 1819 2649">
     <span class='ocr_line' id='line_1_115' title="bbox 1006 2607 1819 2649; baseline 0.004 -15"><span class='ocrx_word' id='word_1_817' title='bbox 1006 2607 1152 2636; x_wconf 87' lang='lat' dir='ltr'><strong>formulam</strong></span> <span class='ocrx_word' id='word_1_818' title='bbox 1169 2617 1175 2635; x_wconf 93' lang='lat'><strong>:</strong></span> <span class='ocrx_word' id='word_1_819' title='bbox 1194 2607 1343 2644; x_wconf 77' lang='lat' dir='ltr'><strong>Procopius</strong></span> <span class='ocrx_word' id='word_1_820' title='bbox 1372 2607 1537 2644; x_wconf 84' lang='lat' dir='ltr'><strong>Hieronymo</strong></span> <span class='ocrx_word' id='word_1_821' title='bbox 1563 2609 1697 2636; x_wconf 79' lang='lat' dir='ltr'><strong>salutem?</strong></span> <span class='ocrx_word' id='word_1_822' title='bbox 1719 2609 1796 2637; x_wconf 88' lang='lat' dir='ltr'><strong>lluuc</strong></span> <span class='ocrx_word' id='word_1_823' title='bbox 1814 2628 1819 2649; x_wconf 53' lang='grc' dir='ltr'><strong><em>ε</em></strong></span> 
     </span>
    </p>
   </div>
   <div class='ocr_carea' id='block_1_116' title="bbox 1006 2653 1796 2688">
    <p class='ocr_par' dir='ltr' id='par_1_116' title="bbox 1006 2653 1796 2688">
     <span class='ocr_line' id='line_1_116' title="bbox 1006 2653 1796 2688; baseline 0.004 -7"><span class='ocrx_word' id='word_1_824' title='bbox 1006 2653 1076 2681; x_wconf 80' lang='lat' dir='ltr'><strong>enim</strong></span> <span class='ocrx_word' id='word_1_825' title='bbox 1092 2653 1175 2681; x_wconf 89' lang='lat' dir='ltr'><strong>fuisse</strong></span> <span class='ocrx_word' id='word_1_826' title='bbox 1188 2654 1327 2688; x_wconf 83' lang='lat' dir='ltr'><strong>antiquum</strong></span> <span class='ocrx_word' id='word_1_827' title='bbox 1344 2662 1446 2682; x_wconf 88' lang='lat' dir='ltr'><strong>morem</strong></span> <span class='ocrx_word' id='word_1_828' title='bbox 1458 2660 1514 2683; x_wconf 90' lang='lat' dir='ltr'><strong>tute</strong></span> <span class='ocrx_word' id='word_1_829' title='bbox 1527 2657 1677 2684; x_wconf 83' lang='lat' dir='ltr'><strong>conﬁteris.</strong></span> <span class='ocrx_word' id='word_1_830' title='bbox 1693 2657 1725 2683; x_wconf 76' lang='lat' dir='ltr'><strong>At</strong></span> <span class='ocrx_word' id='word_1_831' title='bbox 1743 2665 1796 2684; x_wconf 85' lang='lat' dir='ltr'><strong>non</strong></span> 
     </span>
    </p>
   </div>
   <div class='ocr_carea' id='block_1_117' title="bbox 1009 2699 1796 2736">
    <p class='ocr_par' dir='ltr' id='par_1_117' title="bbox 1009 2699 1796 2736">
     <span class='ocr_line' id='line_1_117' title="bbox 1009 2699 1796 2736; baseline 0.003 -9"><span class='ocrx_word' id='word_1_832' title='bbox 1009 2700 1117 2731; x_wconf 85' lang='lat' dir='ltr'><strong>licebat,</strong></span> <span class='ocrx_word' id='word_1_833' title='bbox 1134 2699 1251 2735; x_wconf 85' lang='lat' dir='ltr'><strong>inquies,</strong></span> <span class='ocrx_word' id='word_1_834' title='bbox 1270 2708 1340 2728; x_wconf 90' lang='lat' dir='ltr'><strong>nunc</strong></span> <span class='ocrx_word' id='word_1_835' title='bbox 1359 2702 1495 2736; x_wconf 77' lang='lat' dir='ltr'><strong>vigentem</strong></span> <span class='ocrx_word' id='word_1_836' title='bbox 1514 2702 1665 2736; x_wconf 77' lang='lat' dir='ltr'><strong>transgredi</strong></span> <span class='ocrx_word' id='word_1_837' title='bbox 1680 2710 1796 2730; x_wconf 61' lang='lat' dir='ltr'><strong>conste-</strong></span> 
     </span>
    </p>
   </div>
   <div class='ocr_carea' id='block_1_118' title="bbox 1009 2746 1794 2782">
    <p class='ocr_par' dir='ltr' id='par_1_118' title="bbox 1009 2746 1794 2782">
     <span class='ocr_line' id='line_1_118' title="bbox 1009 2746 1794 2782; baseline 0.004 -10"><span class='ocrx_word' id='word_1_838' title='bbox 1009 2746 1140 2773; x_wconf 88' lang='lat' dir='ltr'><strong>tudinem.</strong></span> <span class='ocrx_word' id='word_1_839' title='bbox 1161 2746 1232 2782; x_wconf 70' lang='lat' dir='ltr'><strong>Ergo</strong></span> <span class='ocrx_word' id='word_1_840' title='bbox 1249 2747 1332 2775; x_wconf 88' lang='lat' dir='ltr'><strong>etiam</strong></span> <span class='ocrx_word' id='word_1_841' title='bbox 1352 2746 1418 2775; x_wconf 86' lang='lat' dir='ltr'><strong>vitio</strong></span> <span class='ocrx_word' id='word_1_842' title='bbox 1433 2752 1508 2775; x_wconf 84' lang='lat' dir='ltr'><strong>verte</strong></span> <span class='ocrx_word' id='word_1_843' title='bbox 1523 2747 1546 2775; x_wconf 84' lang='lat' dir='ltr'><strong>si</strong></span> <span class='ocrx_word' id='word_1_844' title='bbox 1559 2748 1619 2782; x_wconf 84' lang='lat' dir='ltr'><strong>quis</strong></span> <span class='ocrx_word' id='word_1_845' title='bbox 1636 2751 1794 2782; x_wconf 79' lang='lat' dir='ltr'><strong>regnantem</strong></span> 
     </span>
    </p>
   </div>
   <div class='ocr_carea' id='block_1_119' title="bbox 1555 2881 1594 2912">
    <p class='ocr_par' dir='ltr' id='par_1_119' title="bbox 1555 2881 1594 2912">
     <span class='ocr_line' id='line_1_119' title="bbox 1555 2881 1594 2912; baseline -0.026 0"><span class='ocrx_word' id='word_1_846' title='bbox 1555 2881 1594 2912; x_wconf 87' lang='lat'><strong>87</strong></span> 
     </span>
    </p>
   </div>
  </div>
