1988 3079
212 91 283 124 2763

876 93 1048 123 PROCOPII
1062 93 1183 123 ϐΑΖίΕΙ

1765 96 1817 130 276
1824 96 1836 126 's

211 159 285 178 nunc
298 149 435 177 mollitiem
454 149 487 176 ad
505 147 647 183 pristinam
673 149 833 183 gravitatem
865 157 985 177 revocari

1047 159 1088 182 τις
1103 151 1152 186 τὴν
1164 151 1282 186 ἀρχαίαν
1292 151 1440 186 ἐπανάγειν
1450 152 1530 189 ἐθέλῃ
1539 161 1547 168 ·
1564 152 1616 180 κᾶν
1635 153 1660 180 εἰ
1674 153 1723 189 τὴν
1740 162 1835 189 μουσια

213 198 287 231 velit,
305 205 336 224 ac
349 197 371 224 si
386 195 446 230 quis
467 195 599 222 musicam
615 194 641 222 in
657 195 854 222 cantilenarum
879 195 992 230 ineptias

210 251 238 273 et
264 245 402 280 vulgarem
433 241 599 277 prOterviam
627 241 768 268 cadentem
788 241 820 267 ad
842 241 991 276 Tcrpandri

209 300 314 320 musam
330 290 453 319 reducat.
485 289 544 324 Ipse
565 295 655 317 autem
681 289 753 316 unde
778 287 856 314 nobis
871 287 990 314 amicitia

208 341 305 374 dignus
320 338 430 369 videris,
452 336 556 372 siquod
572 335 682 362 verbum
707 335 807 362 dixeris
827 334 989 366 Atticorum,

207 391 235 413 et
249 384 403 412 laudatores
418 382 533 415 iuvenis,
554 386 680 415 tanquam
693 388 724 407 ex
738 380 849 414 antiquo
861 387 936 407 more
956 379 989 406 li-

207 432 290 460 citum
313 430 350 456 sit
377 428 482 462 impleri
506 427 668 462 quibusdam
683 420 774 453 verbis
799 426 988 453 communibus

208 484 310 511 easque
325 475 351 501 in
372 478 461 500 rostra
485 473 574 505 ferre?
592 472 683 505 Quare
706 471 889 507 igiturjuveni
918 471 988 499 assi-

206 523 274 550 dens
297 520 386 548 credis
410 518 510 553 aliquid
534 525 661 553 magnum
685 517 718 544 ad
741 517 867 544 Aristidis
897 516 988 550 Magni

205 567 330 596 conferre
343 565 482 599 sicutipse
497 563 636 598 loquaris?
650 562 685 590 Ut
699 563 762 596 quid
775 562 901 590 Polemon
916 563 988 590 asia-

206 609 268 641 ti‘cis
285 610 444 640 commentis
471 613 590 636 veterem
613 608 737 642 purgavit
759 608 912 635 rhetoricen
933 607 987 636 ἳδί

205 665 271 688 tunc
296 657 429 686 exsistere
446 655 552 683 fortuna
562 654 608 681 tibi
624 654 752 686 dedisset,
769 653 859 682 forsan
876 662 986 682 accusa-

208 706 322 737 tionem,
339 707 369 730 ut
382 707 456 738 puto,
488 701 617 728 adversus
634 700 707 726 illttm
729 700 893 728 intettlasses
908 707 941 728 ex
955 707 989 728 eo

205 749 276 785 quod
288 747 511 776 consuetudinem
531 750 718 779 transgressus
734 744 766 771 ad
781 745 920 778 antiquam
933 752 989 772 mu-

207 795 292 822 sicam
308 792 446 820 redeundo
461 791 555 818 thraso
575 796 636 817 esse
663 789 803 817 voluisset.
831 789 919 824 Atque
934 789 988 816 utin

1043 196 1094 232 κὴν
1117 197 1284 224 ἐκπεσοῦσαν
1312 199 1351 230 εἰς
1369 198 1467 230 ὕθλους
1499 199 1599 233 μελῶν,
1617 200 1665 226 καὶ
1684 200 1833 236 δημοτικὴν

1042 242 1175 278 φλυαρίαν
1191 243 1216 270 εί
1229 243 1279 279 τὴν
1292 244 1468 279 Τερπάνδρου
1485 245 1588 280 μοῦσαν
1612 244 1690 278 αὖθις
1703 246 1810 280 ἐνέγκοι
1822 254 1830 261 ·

1041 287 1121 319 αὐτὸς
1134 287 1163 314 δὲ
1173 287 1255 315 πόθεν
1267 290 1342 324 ἡμῖν,
1355 289 1424 325 πρὸς
1432 290 1532 324 φιλίου,
1544 291 1643 326 σεμνὸς
1655 289 1725 318 εἶναι
1733 291 1830 324 δοκεῖς,

1040 332 1103 359 εἴτι
1116 334 1195 368 ῥῆμα
1221 334 1352 368 φθέγξαιο
1370 334 1423 362 τῶν
1445 335 1576 362 Ἀττικῶν
1602 337 1650 363 καὶ
1664 337 1755 372 τύχοις
1776 337 1832 364 τῶν

1039 377 1241 412 ἐπαινούντων,
1260 380 1297 411 ὡς
1316 381 1430 415 ἀρχαῖον
1452 380 1605 417 καθέστηκε
1631 382 1717 418 παρὸν
1745 383 1831 417 ἐμφο-

1044 424 1149 457 ρεῖσθαι
1163 424 1217 451 τῶν
1231 425 1262 451 ἐκ
1275 424 1380 460 τριόδου
1404 425 1548 460 ῥημάτων·
1570 427 1617 453 καὶ
1637 427 1724 453 ταῦτα
1737 428 1832 462 φέρειν

1038 468 1084 494 ἐπὶ
1107 468 1153 496 τοῦ
1175 470 1317 505 ῥήματος;
1338 470 1354 506 ἢ
1375 471 1402 497 τί
1416 471 1482 506 δῆτα
1504 471 1557 498 τῶν
1583 472 1732 507 μειρακίων
1764 481 1832 508 προ.

1038 514 1220 550 καθεζόμενος
1236 515 1287 542 οἴει
1310 525 1337 542 τι
1366 516 1438 550 μέγα
1458 516 1565 552 φρονῶν
1588 517 1750 552 ’Δριστείδου
1779 517 1829 544 τοῦ

1039 559 1111 587 πάνυ
1128 560 1197 594 πρὸς
1222 561 1343 592 ἔπαινον,
1359 562 1383 587 εἰ
1396 562 1485 596 λέγοις
1500 563 1537 594 ὡς
1555 562 1652 596 αὑτός;
1670 563 1830 598 ἢΠολέμων

1039 605 1088 639 τῆς
1117 605 1244 641 ’Δσιανῆς
1262 613 1267 633 :
1283 606 1425 640 τερατείας
1459 607 1507 642 τὴν
1533 607 1650 642 ἀρχαίαν
1680 609 1830 644 ῥητορικὴν

1041 650 1178 685 ἐκάθηρεν
1188 658 1195 683 ;
1206 651 1230 676 ει
1246 650 1273 677 δέ
1285 659 1325 677 σοι
1335 651 1396 677 τότε
1414 651 1539 686 γενέσθαι
1552 652 1688 687 παρέσχεν
1701 654 1717 687 ἡ
1731 654 1828 688 τέχνη,

1039 695 1110 729 τάχα
1123 704 1168 730 μοι
1190 696 1237 722 καὶ
1249 697 1357 732 γραφὴν
1371 696 1570 731 ἐπενέγκασθαι
1583 698 1643 724 κατ’
1660 698 1776 729 ἐκείνου,
1786 697 1830 724 δο-

1037 742 1095 772 κεῖς
1107 741 1150 767 ὃτι
1163 742 1198 768 τὰ
1217 742 1319 777 συνήθη
1335 742 1468 777 παριδὼν,
1482 741 1590 775 ἀλαζὼν
1607 742 1677 770 εἶναι
1694 743 1829 778 βούλεται.

1040 787 1109 821 πρὸς
1120 787 1237 823 ἀρχαίαν
1247 788 1415 823 ἀναγόμενος
1431 788 1550 823 μοῦσαν·
1570 788 1625 815 εἴθε
1649 789 1677 815 δέ
1695 789 1743 815 καὶ
1764 788 1831 824 τρά-

210 847 273 868 nam
301 845 392 866 mensa
425 837 571 863 etiamnum
591 835 695 870 vigeret
720 835 860 862 laconical
882 835 985 862 utinam

1038 833 1109 865 πεζα
1124 834 1172 860 νῦν
1184 831 1262 866 αὖθις
1273 834 1381 870 ἐκράτει
1391 835 1548 870 Λακωνικὴ,
1560 835 1607 861 και
1619 832 1654 869 ἦν
1665 835 1731 870 ἡμῖν
1743 835 1758 861 δ
1773 834 1831 869 βίος

205 885 282 913 nobis
295 884 382 911 victus
395 886 477 913 esset,
493 886 521 908 ut
533 880 595 908 olim
607 882 675 915 apud
692 880 799 912 Persas,
821 887 906 913 maza,
921 887 990 915 aqua

203 937 230 958 et
245 929 423 958 nasturtium!
451 926 512 954 Haec
523 933 587 953 vero
599 927 660 960 quis
671 933 741 953 ttunc
757 926 846 960 vigere
853 926 954 953 sineret
964 925 990 952 in

205 982 274 1004 terra
291 982 351 1010 qua;
377 979 404 1001 te
417 972 536 1007 recepit?
551 971 609 999 Non
628 977 738 1006 propter
755 972 890 1006 patientize
904 975 992 998 trans-

203 1021 381 1057 gressionem,
394 1019 440 1047 scd
456 1019 520 1054 quia
537 1018 600 1045 talia
622 1025 694 1052 mgre
711 1017 835 1052 producit
858 1017 913 1045 suis
942 1017 990 1044 Ita-

203 1067 364 1094 bitatoribus
399 1070 479 1093 terra.
508 1065 544 1091 At
570 1064 747 1091 nihilornitttts
767 1065 824 1099 ipse
849 1063 988 1091 mollitietn

204 1110 391 1146 Egyptiacam
406 1107 512 1136 discens
529 1108 631 1143 patrios
646 1107 750 1135 deseris
766 1115 868 1140 mores,
896 1112 924 1135 tu
943 1108 988 1142 qui

202 1155 426 1182 consuetudinem
442 1153 546 1180 servari
561 1153 696 1188 praecipis,
727 1153 809 1180 etiam
828 1153 887 1188 plus
906 1160 987 1190 quam

202 1202 289 1229 decet.
305 1199 347 1227 Me
370 1204 459 1226 autem
485 1198 639 1226 thrasouem
663 1205 770 1230 vocare,
807 1198 868 1233 quia
891 1207 986 1227 nomen

203 1253 276 1274 tuum
289 1249 349 1281 post
365 1252 454 1272 meum
469 1244 538 1271 forte
571 1243 678 1279 scripsi,
707 1243 759 1271 hoc
782 1244 905 1277 congruit
934 1252 986 1271 non

202 1293 270 1319 bene
292 1290 389 1317 scienti
411 1288 481 1324 quod
499 1289 614 1324 primum
630 1294 672 1317 est
695 1289 790 1316 ordine
810 1296 863 1316 non
881 1296 988 1324 semper

201 1344 261 1365 esse
276 1335 392 1370 primum
405 1335 502 1370 pretio,
521 1342 573 1362 non
584 1342 648 1361 vero
660 1335 786 1361 convenit
797 1333 902 1361 docenti
921 1334 987 1362 illud

202 1382 391 1410 Demosthenis
407 1381 433 1408 iu
446 1388 499 1416 quo
509 1387 538 1407 se
551 1387 679 1408 exercere
698 1380 786 1408 solent
807 1380 895 1415 pueri,
914 1380 987 1408 vide-

202 1429 264 1457 licet
278 1428 423 1459 actioucm,
448 1426 572 1459 quamvis
596 1420 775 1460 posteriorem
792 1426 886 1453 ordine
904 1434 985 1461 quam

200 1475 380 1503 elocutionem
403 1477 431 1500 et
456 1477 572 1507 gestum,
601 1472 719 1506 priorem
751 1477 839 1499 tamen
869 1472 985 1500 eﬂicaeia

1042 879 1080 911 ὡς
1094 880 1177 907 πάλαι
1187 881 1245 912 τοῖς
1260 881 1380 916 Πέρσαις
1394 881 1468 915 μάζα
1478 881 1526 908 καὶ
1541 880 1613 917 ὕδωρ
1627 881 1674 908 καὶ
1684 881 1829 916 κάρδαμαί

1040 925 1128 953 ταῦτα
1142 926 1170 952 δέ
1178 926 1226 953 καὶ
1237 926 1284 953 νῦν
1297 926 1326 953 ἐν
1336 926 1432 962 ἐλούσῃ
1445 926 1488 958 τίς
1501 926 1550 953 ἰδοι
1562 927 1716 962 κρατοῦντα
1730 927 1763 962 τῇ
1777 927 1830 961 σῇ;

1041 971 1070 997 οὐ
1091 970 1134 998 διὰ
1150 971 1296 1007 καρτερίας
1312 972 1478 1008 ὑπερϐολὴν,
1493 972 1551 999 ἀλλ’
1561 973 1602 999 ὅτι
1617 972 1734 999 τοσαῦτα
1753 971 1830 1007 μόλις

1040 1017 1217 1053 χορηγεῖτοῖς
1228 1017 1377 1044 ἐνοικοῦσιν
1393 1018 1410 1052 ἠ
1430 1017 1466 1053 γῆ
1479 1025 1486 1033 ⁸
1507 1017 1564 1044 ἀλλ’
1577 1018 1651 1053 ὅμως
1666 1018 1746 1049 αὐτὸς
1762 1026 1830 1052 τρυ-

1042 1062 1095 1097 φὴν
1108 1061 1260 1096 Αἰγυπτίαν
1276 1062 1370 1097 μαθὼν
1386 1062 1545 1095 ἀπολείπεις
1563 1063 1597 1090 τὰ
1608 1063 1712 1098 πάτρια
1724 1071 1731 1078 ·
1749 1063 1764 1089 ό
1778 1070 1831 1097 φυ-

1040 1106 1147 1134 λάττειν
1155 1106 1189 1134 τὰ
1204 1107 1306 1143 συνήθη
1321 1107 1553 1143 νομοθετῶν,⁴κᾶν
1565 1107 1617 1140 ἔξω
1638 1108 1685 1134 τοῦ
1707 1107 1829 1143 πρέπον-

1039 1159 1085 1183 τος
1095 1160 1102 1168 ·
1115 1151 1147 1178 τὸ
1162 1151 1192 1179 δὲ
1203 1153 1250 1179 καὶ
1265 1152 1382 1184 ἀλαζόνα
1398 1162 1431 1189 με
1446 1153 1550 1186 καλεῖν,
1566 1154 1607 1180 ὅτι
1635 1161 1664 1179 σε
1682 1153 1751 1188 μετὰ
1777 1153 1829 1188 τὴν

1038 1197 1158 1232 ἐμαυτοῦ
1168 1199 1354 1235 προσηγορίαν
1366 1200 1457 1234 φέρων
1470 1200 1601 1232 ὑπέταξα,
1618 1201 1707 1226 ἔοικεν
1721 1201 1750 1227 οὐ
1765 1200 1828 1227 λίαν

1038 1243 1152 1276 εἰδότος·
1166 1244 1205 1277 ὦς
1225 1245 1254 1272 οὐ
1280 1246 1310 1272 τὸ
1325 1245 1432 1280 πρῶτον
1447 1247 1481 1281 τῇ
1501 1246 1587 1280 τάξει,
1613 1247 1660 1273 καὶ
1676 1248 1724 1282 τῆς
1742 1246 1828 1281 τιμῆς

1037 1288 1094 1324 ἔχει
1108 1289 1217 1322 πάντως
1231 1290 1266 1317 τὰ
1276 1291 1388 1326 πρῶτα·
1405 1291 1465 1318 οὐδὲ
1481 1292 1516 1318 τὰ
1526 1292 1714 1327 Δημοσθένους
1728 1293 1828 1320 εἰδέναι

1038 1335 1199 1370 ποιουμένου
1228 1336 1300 1370 ἃπερ
1329 1336 1443 1372 μελετᾷν
1474 1336 1553 1363 εἴωθε
1571 1337 1606 1364 τὰ
1627 1338 1770 1373 παιδάρια·
1787 1339 1827 1369 ὡς

1037 1379 1091 1414 ἄρα
1104 1379 1134 1405 τὸ
1145 1379 1286 1414 πράττειν,
1300 1388 1347 1406 του
1357 1381 1448 1415 λέγειν
1467 1381 1515 1408 καὶ
1531 1383 1696 1416 χειροτονεῖν
1711 1382 1827 1417 ὕστερον

1036 1423 1066 1450 ὃν
1080 1426 1113 1460 τῇ
1128 1425 1214 1457 τάξει,
1227 1426 1361 1461 πρότερον
1375 1427 1408 1461 τῇ
1421 1426 1533 1461 δυνάμει
1547 1427 1595 1453 καὶ
1606 1427 1730 1462 κρεῖττόν
1739 1428 1825 1454 ἐστιν.

1037 1471 1107 1498 Εἰδέ
1126 1470 1235 1502 πάντως
1261 1471 1420 1503 ἀλαζονείαν
1448 1472 1483 1499 τὰ
1510 1472 1624 1499 τοιαῦτα
1649 1474 1826 1509 κατηγορεῖς,

201 1527 262 1548 esse
283 1527 314 1546 ac
338 1518 488 1545 meliorem.
533 1516 608 1549 Quod
628 1517 650 1544 si
676 1516 814 1551 prtefatam
843 1516 985 1545 formulam

1038 1516 1134 1551 καιρὸς
1155 1517 1202 1543 καὶ
1213 1518 1277 1548 τοὺς
1295 1517 1379 1544 πάλαι
1407 1518 1595 1553 κεχρημένους
1621 1518 1659 1553 τῷ
1681 1519 1755 1554 νόμῳ
1776 1519 1828 1555 τῆς

202 1572 314 1600 prorsus
328 1563 471 1598 superbam
483 1570 544 1590 esse
563 1569 673 1596 arguas,
689 1563 765 1590 locus
775 1567 816 1591 est
832 1570 879 1590 eos
892 1563 985 1594 etiam,

202 1611 248 1646 qui
266 1609 418 1644 hujusmodi
434 1608 635 1643 inscriptionem
652 1608 715 1635 olitn
728 1609 753 1635 in
766 1616 843 1635 usum
857 1609 987 1635 adhibue-

204 1660 279 1690 runt,
307 1656 333 1683 in
357 1654 489 1690 superbiae
507 1654 601 1681 morbo
618 1654 698 1681 simul
729 1661 834 1681 mecum
864 1662 986 1688 compre-

204 1701 324 1729 hendere
338 1710 344 1728 :
359 1707 472 1734 quorum
485 1705 598 1728 caeteros
611 1701 828 1734 praetermittens,
847 1700 985 1728 Socratem

201 1747 292 1774 citabo
316 1752 343 1773 et
369 1745 519 1779 Platonem,
552 1746 598 1781 qui
624 1745 822 1781 philosophiam
851 1750 903 1772 tam
934 1745 987 1772 alte

203 1797 407 1826 promoverunt.
421 1791 456 1818 At
471 1790 505 1818 de
521 1791 719 1826 vaniloquentia
740 1799 773 1818 ex
788 1791 831 1818 his
859 1790 925 1825 ipsis
945 1791 986 1818 itt-

203 1836 342 1864 tellexisti.
375 1835 448 1863 Cave
464 1839 553 1863 autem
571 1842 604 1862 ne
618 1835 645 1862 in
667 1840 749 1863 temet
772 1836 899 1871 evagincs
923 1844 985 1870 pro-

200 1883 287 1910 verbii
303 1882 430 1918 gladium.
448 1881 514 1908 Num
530 1881 610 1916 igitur
620 1881 647 1908 id
656 1881 767 1915 antiquo
782 1889 831 1908 usu
848 1887 984 1916 receptum

201 1933 253 1961 est,
268 1928 393 1956 videlicet
405 1929 477 1962 quod
491 1933 527 1960 te,
543 1928 577 1955 de
587 1934 655 1954 nave
672 1927 715 1954 vix
731 1935 880 1962 egressum,
895 1929 984 1955 statim

201 1974 368 2002 clamoribus
394 1973 517 2000 barbaris
554 1973 688 2006 prosecuti
719 1972 818 1999 fuerint
844 1971 984 2007 IEgyptio-

200 2027 258 2047 rum
275 2019 362 2054 pueri,
379 2023 405 2047 et
422 2025 508 2046 conus
519 2017 635 2045 adfuerit
647 2018 717 2045 haud
733 2018 821 2045 tninor
833 2025 982 2052 quamcum

198 2065 262 2093 olim
278 2072 374 2092 currus
393 2060 466 2099 ipsis
493 2071 639 2098 prosperus
663 2063 741 2098 Apim
768 2063 931 2096 adveheret;
957 2067 983 2090 et

199 2112 270 2147 quod
286 2111 318 2138 de
333 2112 392 2138 istis
405 2111 496 2138 animo
520 2110 610 2147 elatus
640 2109 706 2136 mihi
727 2116 836 2143 parvam
851 2108 983 2136 habitanti

199 2145 292 2183 urbem
304 2156 357 2184 vile
372 2163 468 2183 nomen
484 2145 603 2188 dederis,
623 2162 655 2182 ac
669 2153 848 2188 simpliciores
869 2153 917 2180 tibi
934 2154 982 2181 visi

198 2200 303 2228 fuerint
331 2201 419 2235 putria
446 2205 473 2227 et
499 2207 568 2226 uxor
595 2203 622 2226 ct
654 2205 720 2233 puer
738 2197 814 2232 ipse;
841 2206 981 2232 meatnque

200 2246 397 2281 philosophiam
418 2253 466 2280 pro
475 2245 556 2272 meris
572 2244 699 2272 habueris
718 2244 833 2276 deliriis,
849 2244 909 2278 quia
918 2244 982 2270 mihi

200 2300 253 2319 non
277 2292 433 2326 astrepebat
456 2298 509 2318 vox
539 2297 620 2318 sensu
637 2297 744 2322 carens,
774 2297 790 2317 ο
805 2288 925 2324 Jupiter!
956 2295 983 2317 et

198 2338 311 2365 barbara
325 2337 432 2372 lingua;
451 2344 482 2363 ac
493 2341 518 2364 te
532 2336 700 2371 potissimum
727 2335 896 2370 reputaveris
922 2334 982 2362 feli-

198 2390 268 2414 cem,
282 2382 304 2409 si
322 2382 399 2416 plcna
409 2389 478 2416 pane
494 2385 522 2408 et
536 2381 663 2408 carnibus
675 2380 721 2407 tibi
744 2380 841 2407 domus
855 2380 982 2407 ostende-

196 2427 294 2455 batur?
311 2425 389 2454 Vides
408 2426 546 2461 quantulis
561 2426 648 2453 elatus
670 2425 765 2457 fueris,
798 2429 825 2452 tu
850 2425 894 2459 qui
916 2425 981 2452 mihi

198 2480 268 2500 nunc
287 2472 438 2507 superbiant
451 2472 610 2507 exprobras.
637 2471 700 2498 Haec
731 2476 821 2498 autem
845 2471 918 2504 dico,
933 2479 981 2506 per

196 2518 274 2546 deos!
296 2525 348 2545 non
370 2517 441 2552 quod
459 2523 503 2544 tua
529 2518 599 2545 dicta
622 2517 760 2552 corrigere
784 2517 865 2544 velim
881 2518 982 2553 (neque

195 2564 267 2592 enim
280 2564 332 2592 hoc
345 2571 411 2591 mea:
423 2571 484 2590 esse
498 2563 675 2598 philosophia}
684 2563 822 2598 arbitror),
839 2563 886 2590 sed
905 2564 980 2598 quia,

195 2610 217 2637 si
231 2609 342 2644 possim,
357 2609 546 2637 modestiorem
558 2609 605 2636 tibi
619 2609 736 2644 linguam
746 2608 889 2636 ostendere
904 2609 977 2636 volo.

196 2654 308 2688 Verum,
325 2658 354 2681 ut
367 2661 418 2681 non
432 2654 487 2681 vim
503 2654 645 2681 verborum
659 2661 780 2681 meorum
792 2653 978 2689 obstupeseas,

194 2699 276 2734 longe
299 2700 412 2728 absitne
428 2700 489 2727 talia
506 2699 582 2727 nobis
598 2700 765 2734 exprobras;
790 2707 864 2732 nam,
900 2701 979 2727 obte-

194 2751 252 2775 stor
263 2750 337 2774 tuum
355 2745 444 2774 Nilum
457 2751 484 2775 et
498 2745 806 2780 faventestibiGratius,
823 2750 897 2774 tuatn
923 2747 980 2782 epi-

1037 1562 1165 1595 τοιαύτης
1179 1563 1344 1598 ἐπιγραφῆς,
1358 1563 1509 1598 ὑπεροψίας
1520 1564 1568 1591 σὺν
1580 1565 1642 1599 ἐμοὶ
1652 1564 1829 1600 περιϐάλλειν

1038 1609 1188 1642 νοσήματι·
1203 1605 1240 1635 ὧν
1252 1609 1315 1640 τοὺς
1329 1608 1424 1640 ἄλλους
1438 1609 1547 1643 παρεὶς,
1577 1610 1726 1646 Σωκράτην
1753 1610 1829 1644 λέγω

1038 1653 1086 1680 καὶ
1100 1653 1230 1680 Πλάτωνα
1244 1654 1307 1685 τοὺς
1327 1654 1384 1681 ἂνω
1397 1654 1447 1690 τὴν
1475 1655 1634 1689 φιλοσοφίαν
1661 1655 1826 1690 ἐξάραντας.

1037 1698 1106 1725 ἀλλὰ
1121 1699 1185 1735 περί
1203 1699 1366 1731 ἀλαζονείας
1388 1699 1503 1726 αὐτόθεν
1523 1700 1690 1732 κατέλαϐες·
1719 1701 1767 1727 καὶ
1787 1701 1828 1736 μὴ

1038 1743 1107 1770 κίνει
1119 1744 1190 1771 κατὰ
1203 1744 1303 1771 σαυτοῦ
1319 1745 1369 1779 τῆς
1388 1745 1539 1780 παροιμίας
1566 1745 1615 1781 τὴν
1629 1745 1767 1781 μάχαιραν
1779 1753 1787 1760 ⁸
1808 1746 1828 1781 ἦ

1037 1787 1105 1816 οὖσα
1118 1789 1204 1824 δήπου
1216 1789 1300 1816 πάλαι
1313 1790 1400 1817 ταῦτα
1415 1791 1594 1826 καθέστηκεν,
1611 1791 1648 1823 ὡς
1663 1791 1720 1826 ἃμα
1730 1800 1760 1818 σε
1775 1792 1828 1826 τῆς

1037 1835 1150 1868 ὁλκάδος
1172 1835 1301 1869 ἐκϐάντα,
1323 1836 1503 1872 προῦπεμπον
1514 1837 1546 1872 δὴ
1561 1838 1611 1864 σὺν
1627 1837 1674 1872 βοῇ
1690 1846 1741 1864 τινι
1756 1837 1827 1873 βαρ-

1037 1881 1114 1916 ὁάρῳ
1128 1880 1184 1908 τῶν
1202 1881 1360 1915 Αἰγυπτίων
1382 1882 1407 1908 οἰ
1431 1882 1542 1913 παῖδες·
1554 1882 1602 1909 καὶ
1616 1883 1770 1918 πανήγυρις
1791 1880 1828 1917 ἧν

1036 1925 1087 1961 οὐχ
1095 1924 1176 1962 ἦττον
1193 1926 1209 1961 ἢ
1229 1927 1274 1953 ὅτε
1289 1926 1374 1953 πάλαι
1390 1926 1463 1962 φορά
1479 1935 1521 1958 τις
1534 1927 1626 1959 αὐτοῖς
1640 1927 1758 1962 εὐμενὴς
1772 1927 1828 1953 ἐδί-

1035 1972 1081 1999 δου
1095 1972 1140 1999 τὸν
1153 1973 1236 1999 Ἀπιν
1246 1980 1253 1988 ·
1267 1972 1315 2000 καὶ
1326 1973 1364 2004 ὡς
1378 1973 1425 1999 ἐπὶ
1443 1973 1548 2004 τούτοις
1564 1973 1632 2008 ὑψοῦ
1644 1973 1694 2007 τῆς
1706 1973 1828 2004 διανοίας

1036 2017 1141 2052 ἀρθεὶς,
1161 2017 1211 2052 ἐμὲ
1230 2018 1279 2052 μὲν
1292 2017 1393 2053 μικρὰν
1405 2017 1531 2044 οἰκοῦντα
1544 2018 1631 2052 πόλιν,
1648 2018 1750 2052 φαῦλον
1760 2018 1828 2045 ἐκά-

1036 2065 1109 2095 λεις·
1126 2063 1271 2100 ἀπέριττος
1286 2064 1314 2090 δὲ
1328 2064 1404 2099 παρὰ
1419 2064 1460 2090 σοὶ
1480 2065 1581 2100 πατρίς
1594 2073 1623 2091 τε
1641 2065 1687 2091 καὶ
1697 2065 1765 2099 γυνὴ
1778 2066 1828 2092 καὶ

1035 2109 1065 2137 τὸ
1079 2109 1183 2137 παιδίον
1194 2110 1274 2136 αὺτό’
1287 2109 1333 2136 καί
1345 2109 1396 2136 πού
1412 2118 1445 2144 με
1458 2109 1655 2144 φιλοσοφοῦντα
1668 2110 1750 2146 λῆρον
1764 2111 1826 2137 ἐδό-

1035 2163 1109 2186 κειςο
1130 2155 1170 2182 ὅτι
1182 2164 1216 2190 με
1233 2155 1270 2190 μὴ
1283 2155 1378 2190 κρότος
1391 2152 1448 2190 εἶχε
1461 2155 1545 2187 πολὺς
1559 2156 1589 2188 ea
1601 2156 1707 2191 ἀσήμου
1730 2158 1827 2191 φωνῆς

1038 2199 1071 2238 (ὦ
1079 2202 1130 2228 Ζεῦ
1138 2201 1157 2237 ἰ)
1169 2201 1218 2227 καὶ
1228 2200 1365 2236 βαρὸἁρου
1374 2200 1497 2236 γλώττης
1509 2200 1557 2227 ὥν·
1565 2202 1649 2228 καὶτὸ
1656 2202 1688 2237 δὴ
1696 2202 1826 2237 μέγιστον

1035 2247 1181 2282 εὐδαίμονα
1192 2247 1290 2273 σαυτὸν
1303 2247 1420 2280 ἐκάλεις,
1434 2247 1459 2274 εἰ
1473 2247 1549 2274 σίτου
1566 2247 1614 2273 καὶ
1630 2247 1717 2282 κρεῶν
1730 2248 1825 2284 πλήρη

1033 2293 1084 2328 τὴν
1096 2293 1184 2319 οἰκίαν
1195 2292 1356 2325 ἀπέδειξαν·
1371 2292 1438 2328 ὁρᾷς
1448 2293 1510 2319 ὅσον
1526 2292 1574 2319 ἐπὶ
1589 2294 1716 2328 σμικροῖς
1734 2293 1824 2328 ἐπήρ-

1034 2337 1094 2371 θης,
1109 2338 1124 2364 ὁ
1136 2337 1183 2364 νῦν
1196 2336 1354 2368 ἀλαζονείας
1361 2337 1534 2372 γραφόμενος
1544 2345 1552 2354 ·
1567 2337 1614 2364 καὶ
1633 2336 1721 2364 ταῦτα
1738 2346 1823 2372 φημι,

1036 2382 1074 2417 μὰ
1090 2382 1154 2413 τοὺς
1179 2381 1256 2413 θεοὺς
1271 2382 1277 2408 l
1295 2381 1345 2408 οὐκ
1374 2381 1538 2417 ἁμείνασθαί
1554 2390 1584 2408 σε
1611 2382 1666 2408 τῶν
1693 2382 1825 2417 ῥημάτων

1033 2427 1133 2454 ἐθέλων
1147 2427 1193 2462 (οὺ
1210 2427 1264 2463 γὰρ
1280 2427 1349 2462 πρὸς
1359 2427 1409 2461 τῆς
1424 2428 1494 2463 ἐμῆς
1508 2427 1588 2454 τοῦτο
1602 2427 1689 2463 κρίνω
1713 2427 1824 2462 φιλοσο-

1033 2473 1120 2506 φίας),
1134 2472 1191 2499 ἀλλ’
1214 2473 1240 2498 εί
1259 2481 1318 2504 πως
1340 2472 1474 2508 δυναίμην
1504 2473 1691 2508 μετριωτέραν
1709 2482 1751 2500 σοι
1771 2474 1825 2508 τὴν

1032 2518 1156 2552 γλῶτταν
1170 2518 1308 2550 ἀποδεῖξαι
1337 2517 1516 2554 βουλόμενος·
1542 2518 1599 2545 ἀλλ’
1623 2519 1697 2550 ὃπως
1713 2518 1751 2554 μὴ
1771 2519 1825 2553 τὴν

1031 2563 1146 2600 δύναμιν
1159 2563 1213 2590 τῶν
1233 2563 1307 2598 ἐμῶν
1318 2563 1406 2597 λόγων
1431 2564 1621 2599 καταπλαγῇς,
1644 2565 1739 2600 πόρρω
1755 2565 1824 2602 γένῃ

1031 2612 1079 2638 τοῦ
1089 2611 1122 2638 τὰ
1135 2612 1247 2638 τοιαῦτα
1257 2611 1373 2646 γράφειν
1392 2612 1473 2646 ἡμῖν·
1490 2611 1529 2646 μὰ
1542 2611 1597 2646 γὰρ
1604 2611 1650 2638 τὸν
1667 2612 1713 2638 σὺν
1724 2612 1825 2639 Νεῖλον

1032 2656 1138 2687 καὶτὰς
1151 2657 1290 2691 παρούσας
1306 2664 1347 2682 σοι
1363 2656 1495 2691 Χάριτας,
1511 2656 1625 2692 θέατρον
1640 2656 1749 2691 λογικδν
1771 2657 1823 2693 τὴν

1032 2702 1082 2737 σὴν
1096 2702 1233 2737 παρέσχον
1257 2702 1413 2736 ἐπιστολὴν,
1428 2703 1479 2729 κάν
1502 2704 1536 2737 τῇ
1564 2702 1637 2738 Γάζῃ
1665 2703 1734 2738 μέσῃ
1751 2703 1822 2738 πρὸς

1032 2746 1136 2778 πάντας
1146 2745 1270 2781 ἐλέγετοθ
1288 2745 1371 2780 κάγὼ
1386 2745 1436 2782 μὲν
1456 2745 1564 2778 ἀλαζὼν
1578 2746 1682 2782 ὴὸόμην
1697 2746 1750 2773 ὑπὸ
1766 2746 1822 2773 τῶν
