1988 3079
125 145 198 177 2765

855 141 1062 171 Ei‘lSTOL/E.

127 200 182 227 σῶν
197 197 371 234 γραμμάτων
397 197 579 233 καλούμενος·
596 198 677 233 ὲγέλα
700 197 729 223 δὲ
745 196 776 222 τὸ
804 194 912 229 θέατροι

972 196 1071 224 smiatn
1087 196 1203 231 publicis
1218 203 1270 223 non
1286 195 1384 223 tradidi
1398 195 1579 230 sermonibus,
1589 201 1615 223 et
1630 196 1656 223 itt
1672 198 1760 223 media

127 244 170 271 ἐπ’
182 243 258 279 ἐμοί’
282 244 314 270 σὺ
329 243 357 270 δὲ
368 242 422 269 τῶν
436 243 522 276 λόγων
536 244 672 279 εὐδαίμων
685 243 797 273 ἐδόκεις.

968 243 1040 271 Gaza
1057 243 1128 278 apud
1145 250 1242 269 omnes
1260 249 1350 268 sermo
1364 242 1397 269 de
1410 249 1441 269 ea
1453 246 1528 274 erat;
1559 250 1589 269 ac
1604 248 1760 278 pergratum

127 294 186 316 erat
207 289 316 316 metuis
332 288 596 317 lillcrislhrasonem
611 293 736 317 vocatum
753 289 854 324 fuisse;
869 297 918 327 ego
935 290 1042 325 publico
1057 296 1131 317 erant
1149 288 1266 315 ludibrio
1295 292 1322 314 tu
1340 288 1367 316 in
1388 288 1558 317 sermonibus
1586 289 1652 317 felix
1686 290 1757 317 dice-

128 335 214 364 baris.

424 377 492 406 Nﬂ’.
514 379 641 406 ΩΡΙΩΝΙ.

168 425 227 452 ’Δεῖ
240 432 272 453 σε
287 425 377 461 φέρων
394 427 427 462 τῇ
445 426 541 462 μνήμῃ
554 425 654 461 μικροῦ
670 435 715 462 μοι
731 427 778 454 καὶ
790 429 917 464 παρεῖναι

126 471 212 503 δοκῶ,
238 471 285 498 καὶ
301 471 336 499 τὰ
358 471 447 498 πάντα
471 472 600 506 παρεῖναι
627 471 788 507 σοφίζομαι·
807 473 855 500 καί
872 481 917 508 μοι

128 516 296 551 μεμνημένῳ
307 515 396 543 πάντα
408 516 477 551 πρὸς
488 515 584 551 ἡδονὴν
598 517 813 552 συνεισέρχεται,
823 517 854 544 τὸ
861 517 916 544 τῶν

125 561 235 596 τρόπων
250 561 400 593 εὐσταθὲς,
423 561 439 597 ἡ
456 562 521 596 περὶ
536 561 600 594 τοὺς
615 561 712 595 λόγους
735 562 847 596 σπουδὴ,
865 562 916 598 τῆς

125 606 244 638 διανοίας
257 606 287 632 τὸ
304 606 425 642 μέτριον,
437 607 484 633 καὶ
495 607 526 633 τὸ
539 606 572 642 δὴ
588 606 728 641 μέγιστον,
743 607 916 643 σωφροσύνη,

126 652 252 687 νεότητος
279 653 392 688 ἀλόγους
415 652 504 688 ὁρμὰς
530 652 743 680 ἁνακύπτουσα·
771 654 819 680 καὶ
848 653 916 689 πρὸς

125 697 242 732 ἐμαυτὸν
253 697 308 724 ἔσθ’
319 698 363 725 ὅτε
379 697 521 733 λογίζομαι
533 697 571 729 ὡς
584 698 598 725 ό
612 698 722 725 πάντων
738 698 819 733 ήμῶν
832 698 917 734 ὁρών-

125 751 180 770 των
198 745 302 770 τοιοῦτο
317 744 429 778 φανεὶς,
450 743 491 775 τίς
511 743 544 770 ἂν
565 743 670 777 γένοιτο
685 744 747 770 καθ’
768 744 851 771 αὑτὸν
868 753 918 779 γε-

126 787 228 821 γονὼςς
241 789 346 824 νικήσει
361 788 425 823 γὰρ,
439 786 526 824 οἶμαι,
541 788 580 824 τῷ
594 788 728 823 φθάσαντι
740 789 809 825 πρὸς
823 790 919 816 ἑαυτὸν

123 833 315 868 ἁμιλλώμενος
326 854 333 866 ,
353 834 428 865 ὅπως
448 834 480 861 ἂν
498 833 572 869 δείξῃ
590 835 646 865 τοῖς
660 834 777 861 ἀποῦσιν
799 835 865 870 ἡμῖν
880 835 919 867 ὡς

1259 379 1350 408 LVIII.
1368 379 1496 409 ORIONI.

1007 427 1121 462 Semper
1131 432 1157 455 te
1171 427 1261 455 ferens
1282 427 1308 454 in
1337 427 1467 454 memoria
1486 434 1554 462 pene
1581 428 1646 456 mihi
1661 428 1760 456 adesse

971 478 1046 508 puto,
1071 477 1100 500 et
1111 473 1202 500 omnia
1215 474 1310 500 adesse
1335 472 1469 506 arbitror;
1497 477 1525 500 et
1548 473 1613 500 mihi
1644 474 1758 501 memori

970 518 1060 545 omnia
1081 515 1186 544 laetifica
1216 521 1373 550 sucurrunt,
1389 524 1477 544 mores
1508 516 1578 543 bene
1603 516 1758 551 compositi.

972 563 1123 590 litterarum
1140 562 1271 596 studium,
1296 562 1379 589 animi
1396 561 1557 594 moderatio,
1577 567 1608 589 ac
1633 561 1759 596 inprimis

971 601 1104 643 sapientia
1126 608 1294 636 inconsultos
1311 607 1458 640 iuventutis
1482 607 1600 642 impetus
1616 614 1757 634 coercens.

970 655 1059 690 Atque
1071 662 1176 682 mcettm
1189 654 1337 688 aliquando
1355 653 1474 688 recogito
1491 652 1578 688 qualis
1596 652 1673 680 ﬁeret
1693 652 1758 680 sibi-

969 705 1026 728 met
1038 701 1158 732 relictus.
1172 700 1218 735 qui
1239 700 1317 727 nobis
1332 700 1458 727 omnibus
1473 699 1661 733 spectantibus
1675 697 1756 726 talem

969 754 999 775 se
1025 747 1144 774 ostendit
1159 756 1166 774 :
1184 746 1270 773 vincet
1290 745 1362 773 enim
1378 745 1635 773 excellentissimum
1659 748 1755 771 contra

969 791 1087 826 seipsum
1099 790 1309 824 obluctando,ut
1317 790 1574 825 pateatahsentihns
1591 789 1668 816 nobis
1680 789 1755 816 illum

969 842 1043 865 certe
1055 837 1183 864 virtutem
1198 841 1308 872 propter
1332 837 1417 870 ipsam
1437 836 1563 869 coluisse,
1587 836 1633 871 qui
1658 843 1691 862 ne
1706 843 1757 863 nos

125 878 179 914 ἄρα
207 879 241 906 δι’
266 880 352 916 αὐτὴν
380 880 461 916 ἐτίμα
481 880 531 916 τὴν
555 881 672 915 ἀρετὴν,
689 881 737 915 οὐχ
755 881 830 916 ἡμᾶς
854 882 912 913 τοὺς

969 881 1076 915 quidem
1094 884 1249 915 spectantes
1266 885 1383 908 veretur.
1409 880 1540 914 Quamvis
1559 885 1649 907 autem
1675 880 1755 907 luxn-

123 924 245 960 ὁρῶντας
259 925 419 961 αἰδούμενος
429 933 435 941 ·
450 925 475 951 εί
485 925 514 952 δὲ
530 926 577 952 καὶ
595 926 673 952 πόλιν
688 926 744 960 ἔχει
757 927 915 962 τρυφῶσαν,

124 971 171 997 καὶ
188 971 272 998 πολλὰ
291 971 339 1006 τῆς
362 971 506 1005 ἀσελγείας
529 972 564 998 τὰ
582 971 810 1006 παραδείγματα,
836 972 916 1000 τοῦτο

123 1016 330 1052 φιλοτιμότερον
343 1017 424 1044 αὐτὸν
440 1017 578 1050 ἀντιτάξει
596 1020 654 1049 ταῖς
669 1018 775 1053 ἡδοναῖς
785 1025 793 1032 ·
807 1018 849 1050 τίς
861 1020 915 1054 γὰρ

121 1062 243 1099 ἀθλητὴς
263 1063 310 1089 ἐπὶ
330 1064 360 1090 τδ
377 1064 454 1099 νικᾷν
479 1064 679 1100 σεμνυνόμενος
698 1065 738 1096 εἰς
762 1064 915 1099 Ὀλυμπίαν

122 1107 219 1142 ἐλθὼν,
231 1107 279 1135 τοῦ
302 1108 408 1144 ἀγῶνος
424 1109 456 1136 τὸ
473 1109 603 1145 μέγεθος,
619 1110 714 1146 καιρὸν
743 1111 843 1147 ῥᾷστον
861 1111 916 1138 εἱσ-

123 1154 273 1189 ηγήσεται;
290 1147 349 1181 ἀλλ’
364 1155 414 1181 οὐκ
433 1155 563 1182 ἐπιτείνει
580 1155 630 1191 μὲν
645 1156 746 1183 αὐτίκα
764 1157 814 1192 τὴν
828 1156 915 1192 ἄσκη-

123 1207 177 1232 σιν,
194 1199 338 1234 βεϐαιώσει
360 1200 388 1227 δὲ
405 1200 455 1232 τὰς
475 1201 666 1236 προλαϐοῦσας
680 1203 713 1238 τῇ
732 1203 853 1236 μείζονις
866 1202 914 1228 καὶ

123 1246 156 1272 σὺ
179 1245 211 1281 δὴ
233 1246 322 1281 μύσας
344 1247 393 1278 τὰς
417 1246 574 1282 αἰσθήσεις,
599 1247 711 1284 ἀκλινὴς
731 1248 796 1282 πρὸς
821 1249 914 1275 πᾶσαν

120 1290 206 1327 ἀκοήν
221 1291 269 1317 καὶ
283 1291 347 1319 θέαν
363 1293 524 1327 γενόμενος’,
541 1292 639 1325 δείξεις
651 1292 688 1324 ὡς
701 1293 750 1328 οὐχ
761 1294 778 1328 ή
793 1293 848 1320 τῶν
860 1302 912 1319 κα-

121 1336 178 1363 κῶν
195 1337 296 1374 ἀπορία
317 1338 367 1374 τὴν
390 1338 567 1374 σωφροσύνην
590 1336 644 1365 οῐδε
661 1339 751 1374 νικᾷν.
774 1339 832 1366 ἀλλ’
848 1339 912 1365 ἔνθα

121 1382 176 1408 τῶν
192 1383 364 1419 σεμνοτέρων
387 1383 401 1409 ὸ
416 1383 497 1415 πόθος
507 1391 513 1398 ·
530 1383 581 1410 κᾶν
596 1383 646 1416 τὰς
660 1384 792 1420 Σειρῆνας
807 1386 910 1417 εἴποις.

121 1427 173 1454 κᾶν
192 1427 242 1464 τὴν
261 1429 350 1455 πάντα
366 1428 586 1464 μεταϐάλλουσαν
604 1429 722 1465 Κίρκην,
741 1430 845 1465 κινήσει
858 1429 912 1456 πά-

120 1474 164 1500 λιν
185 1474 328 1506 Ὀδυσσεύς
338 1481 345 1490 ·
369 1475 416 1501 νῦν
432 1473 463 1501 τὺ
485 1474 562 1510 μῶλυ
577 1475 698 1509 δεικνὺς,
714 1476 804 1509 λόγον,
820 1473 909 1511 οἶμαι,

121 1519 216 1546 τοῦτον
230 1519 260 1546 δν
273 1516 350 1552 οὗτος
368 1521 542 1556 ἐδωρήσατο·
561 1521 619 1548 νυνὶ
635 1521 664 1548 δὲ
681 1521 834 1557 περιδείσας
846 1523 911 1549 ἐαυ-

121 1565 168 1592 τὸν
183 1566 279 1602 ἀρετῇ,
291 1566 338 1593 καὶ
347 1553 430 1593 πολλᾶ
440 1553 554 1602 βιώσας,
569 1565 660 1603 οἶμαι,
681 1553 849 1604 παραπλέων
862 1570 911 1601 τὰς
926 1553 947 1582 c

122 1611 233 1646 ἡδονάς.

380 1655 444 1685 ne.
465 1657 673 1695 ΑΠΟΛΛΩΝΙῼ.

163 1704 192 1731 '0
205 1704 399 1736 εὐλαϐέστατος
415 1705 593 1741 Μαρτύριοςῷ
607 1705 730 1732 πλουτῶν
746 1705 796 1741 μὲν
810 1707 894 1742 ἀρετῇ
903 1726 912 1738 ,

121 1751 155 1785 τῇ
169 1750 198 1776 δὲ
211 1749 280 1786 τύχῃ
295 1750 459 1785 πενόμενος,
473 1750 558 1777 δεῖται
573 1750 625 1785 τῆς
647 1751 784 1787 ὑμετέρας
807 1752 892 1786 ῥοπῆς
903 1759 910 1767 ·

122 1795 255 1831 πλείστην
270 1795 335 1830 ἔχω,
349 1795 386 1827 ὥς
401 1804 495 1831 φησιν,
505 1796 538 1823 ἔκ
548 1796 602 1823 τῶν
615 1795 777 1830 φθασάντων
790 1797 840 1832 τὴν
852 1798 912 1824 πεῖ-

123 1848 192 1877 ραν·
211 1841 258 1868 καί
278 1849 312 1876 με
329 1841 428 1877 ῥᾳδίως
449 1842 558 1869 ἔπειθεν
580 1843 773 1877 ἐπιστάμενον,
789 1842 828 1874 ὡς
844 1844 911 1870 πᾶσι

121 1888 201 1923 χεῖρα
223 1887 376 1923 προτείνεις
390 1889 446 1919 τοῖς
465 1887 610 1924 ὀρθοῦσθαι
627 1888 765 1923 δεομένοις
780 1889 827 1915 καὶ
844 1889 912 1924 προς

122 1932 284 1968 ἐπικουρίαν
299 1932 429 1959 καλοῦσιν
440 1939 448 1947 '
464 1932 583 1960 τοσαῦτα
604 1933 659 1969 γὰρ
675 1933 744 1968 ἔχων
764 1935 830 1971 παρ’
846 1935 911 1969 ἡμῖν

120 1978 172 2005 ὅσα
194 1978 257 2014 μήτ’
282 1978 360 2014 ἰσχὺν
382 1978 504 2014 ἐντίθησι
529 1979 577 2006 καὶ
599 1979 782 2015 ἀποθνήσκειν
806 1980 854 2016 ἐᾷ,
870 1980 911 2012 εἰς

77 2051 81 2054 ι
122 2025 194 2060 ὑμᾶς
209 2025 260 2061 ὁρᾷ
269 2046 277 2058 ,
291 2024 368 2051 λύσιν
378 2023 448 2052 εἰναι
463 2024 558 2052 κακῶν
567 2025 597 2052 τὸ
611 2025 731 2052 τοιοῦτον
741 2026 908 2061 ἡγούμενος·

120 2071 179 2098 ἀλλ’
195 2071 307 2106 ἀντέχου
327 2070 492 2106 προθύμως,
517 2071 595 2106 δμμα
617 2071 706 2103 διδοὺς
729 2072 843 2107 εὐμενὲς
862 2073 910 2099 καὶ

119 2117 164 2144 διὰ
179 2118 278 2145 σαυτὸν
293 2118 339 2146 καὶ
353 2117 387 2144 δι’
402 2117 453 2153 ἐμὲ
469 2118 515 2144 καὶ
527 2117 571 2144 διὰ
585 2118 630 2144 τὸν
641 2119 669 2144 ἐν
683 2117 764 2154 χρείᾳ.
773 2118 909 2152 καθεστη-

121 2163 202 2189 κότα’
217 2164 263 2189 καὶ
274 2164 328 2199 γὰρ
342 2163 452 2199 θαρρῶν
464 2163 556 2196 ἔλεγεν
565 2163 603 2195 ὡς
616 2163 663 2190 ἐὰν
676 2163 740 2200 δέξῃ
757 2163 909 2198 γράμματα

120 2210 186 2244 παρ’
207 2209 275 2244 ἐμοῦ
285 2230 293 2242 ,
309 2209 384 2236 οὐδὲν
399 2209 413 2236 ὅ
426 2217 453 2235 τι
467 2210 504 2244 μὴ
525 2209 623 2244 ῥᾳδίως
642 2209 782 2243 ποιήσεις·
796 2208 864 2243 ἐμοῦ
880 2208 909 2234 δὲ
924 2221 947 2250 D

121 2254 289 2288 μειδιῶντος,
303 2254 351 2280 καὶ
363 2253 461 2280 ὁπόθεν
475 2251 544 2279 οῐδεν
558 2253 736 2288 ἀνερομένου,
752 2252 799 2278 καὶ
810 2259 910 2285 κατεγ-

119 2300 238 2334 γυᾶσθαι
264 2299 295 2326 τὸ
316 2299 412 2334 μέλλον
431 2299 540 2334 ἕτοιμος
566 2297 600 2334 ἦν
618 2307 626 2314 ·
644 2297 743 2325 οὐκοῦν
765 2298 909 2333 πλήρωσον

118 2345 192 2381 αὐτῷ
212 2345 262 2376 τὰς
283 2345 411 2378 ἐλπίδας,
433 2345 478 2371 ῐνα
493 2344 531 2380 μὴ
547 2344 640 2380 χρείας
656 2342 735 2375 αὖθις
752 2343 908 2379 καλούσης,

118 2392 305 2426 κατεγγυᾶται
328 2391 359 2418 τὸ
382 2391 488 2426 μέλλον.
515 2390 554 2423 ὡς
578 2390 655 2418 οὐδὲν
680 2389 814 2425 ἀνύσαιμι
841 2389 908 2424 παρ’

119 2446 194 2473 υμιν.

398 2525 437 2552 ε’.
457 2525 620 2560 ΝΗΦΑΛΙῼ.

152 2571 192 2597 Τὰ
208 2571 258 2606 μὲν
277 2570 307 2603 ἐξ
330 2570 407 2605 ὑμῶν
429 2570 581 2605 γράμματα
595 2570 664 2605 πρὸς
679 2569 730 2603 τὴν
751 2569 908 2604 πανήγυριν

116 2617 166 2652 ήδη
188 2617 282 2643 καλεῖ·
307 2615 419 2643 καὶτὸν
441 2613 514 2642 οἶκον
537 2616 603 2651 ἡμῖν
629 2615 788 2651 προτιθέναι
813 2614 906 2649 φησὶν,

116 2661 193 2688 κοινά
208 2670 238 2688 τε
254 2662 289 2688 τὰ
310 2661 432 2699 παρόντα
455 2662 544 2688 ποιεῖ·
566 2661 612 2687 καὶ
632 2660 663 2687 τὸ
675 2660 722 2687 τοῦ
738 2659 818 2694 λόγου
839 2660 907 2695 ἡμῖν

115 2706 217 2740 ἀγαθὸν
231 2707 449 2740 ἀπαγγέλλεται·
467 2706 524 2740 ἐγὼ
536 2706 565 2732 δὲ
579 2706 631 2740 τῆς
649 2706 698 2741 μὲν
712 2705 819 2736 εὐνοίας
833 2705 906 2740 ὑμᾶς

115 2750 307 2786 ὑπεράγαμαι·
321 2751 367 2777 καὶ
376 2750 408 2786 δή
421 2759 467 2785 μοι
478 2750 674 2786 πεπληρῶσθαι
689 2750 761 2777 δοκῶ
777 2750 828 2786 τὴν
839 2757 907 2777 παν-

115 2801 213 2831 ήγυριν
234 2796 380 2830 ἐπιστολῆς
403 2796 574 2832 συμμετρίας
592 2796 699 2832 τυχών·
717 2796 785 2832 πρὸς
810 2796 838 2823 δὲ
855 2796 906 2830 τὴν

114 2840 239 2868 ἐντεῦθεν
251 2841 310 2869 ὁδὸν
321 2841 406 2868 πολλά
418 2850 464 2876 μοι
479 2841 631 2877 καθέστηκε
646 2841 680 2869 τὰ
693 2842 855 2878 κωλύματα·
871 2842 904 2869 σὺ

970 926 1068 952 riosam
1082 925 1185 953 habitet
1195 925 1332 952 civitatem
1342 931 1370 953 et
1385 926 1467 953 multa
1485 926 1583 954 habeat
1595 926 1756 960 corruptelm

966 970 1101 1005 exempla,
1130 971 1239 999 ob‘hoc
1259 971 1345 1006 ipsum
1369 970 1466 998 acriori
1497 978 1558 998 cum
1584 970 1756 998 annulatione

967 1016 1151 1051 voluptatibus
1166 1016 1354 1050 resistil.Quis
1366 1017 1436 1044 enint
1447 1016 1549 1043 athleta
1559 1024 1620 1044 cum
1634 1017 1754 1044 viclorim

966 1061 1114 1089 ambitione
1128 1060 1280 1097 Olympiam
1306 1061 1428 1095 veniens,
1443 1061 1600 1090 certaminis
1615 1062 1755 1096 magnitu-

966 1108 1056 1135 dinem
1088 1107 1244 1136 facillimam
1275 1116 1335 1137 esse
1363 1109 1534 1137 occasionem
1559 1108 1755 1143 persuadebit?

966 1161 1056 1181 nonne
1067 1157 1163 1181 contra
1181 1154 1311 1181 exercitia
1327 1161 1374 1181 sua
1390 1153 1509 1189 augebit,
1533 1159 1562 1181 et
1573 1153 1753 1188 praecedentia

965 1199 1138 1226 confirmabit
1154 1199 1322 1234 majoribus?
1346 1199 1396 1232 Tn,
1413 1199 1538 1227 obductis
1549 1200 1684 1232 sensibus,
1697 1199 1753 1226 fer-

966 1251 1028 1271 reus
1041 1244 1074 1271 ad
1089 1251 1199 1271 omnent
1215 1244 1335 1271 auditum
1350 1248 1397 1271 aut
1412 1245 1498 1272 visum
1516 1244 1614 1278 factus,
1633 1244 1754 1272 ostendis

966 1290 1099 1318 malorum
1108 1290 1232 1318 molestia
1245 1298 1298 1317 non
1308 1290 1379 1318 vinci
1389 1290 1560 1325 sapientiam,
1572 1290 1620 1317 sed
1630 1290 1752 1325 digniora

964 1341 1102 1372 appetere.
1120 1336 1187 1369 luto,
1206 1337 1312 1364 etiamsi
1328 1336 1429 1364 dixeris
1446 1337 1557 1364 Sirenas
1573 1336 1615 1364 vel
1637 1344 1753 1364 conver-

965 1387 1064 1411 tentem
1089 1383 1180 1410 onniia
1195 1382 1304 1415 Circen,
1322 1382 1410 1410 vincet
1428 1390 1515 1410 novus
1526 1382 1646 1418 Ulysses,
1673 1384 1754 1410 modo

964 1436 1030 1456 usus
1049 1429 1130 1464 moly,
1158 1429 1184 1456 id
1208 1433 1259 1461 est,
1281 1433 1311 1455 ut
1334 1433 1408 1464 puto,
1426 1429 1470 1456 illa
1489 1436 1540 1463 qua
1560 1429 1689 1464 praeditus
1712 1433 1755 1456 est

965 1475 1081 1509 ratione;
1100 1476 1179 1503 modo
1195 1475 1313 1510 seipsum
1324 1475 1418 1502 virtuti
1428 1475 1555 1510 alligans,
1579 1479 1606 1503 et
1619 1474 1656 1502 ita
1668 1474 1753 1502 multa

965 1522 1101 1557 rapientes
1112 1526 1286 1550 transnatans
1298 1521 1460 1558 voluptates.

1216 1654 1282 1683 LIX.
1299 1654 1504 1684 APOLLONIO.

999 1698 1200 1729 Timidissimus
1213 1700 1369 1738 Martyrius,
1401 1701 1476 1729 dives
1504 1702 1613 1736 quidem
1638 1701 1751 1735 virtute.

964 1746 1071 1774 fortuna
1084 1754 1149 1775 vero
1163 1753 1274 1782 pauper,
1291 1747 1393 1782 indiget
1408 1752 1500 1775 vestro
1513 1747 1646 1776 subsidio.
1665 1747 1752 1775 Maxi-

964 1801 1034 1821 mam
1050 1794 1146 1826 habeo,
1175 1799 1203 1820 nt
1218 1795 1267 1825 ait.
1291 1802 1324 1822 ex
1348 1795 1596 1828 przedecessoribus
1607 1794 1751 1830 experien-

964 1840 1046 1871 tiam;
1064 1844 1203 1872 caeterum,
1231 1847 1273 1867 me
1290 1839 1371 1866 facile
1386 1840 1519 1874 persuasit
1537 1841 1667 1867 scientem
1682 1847 1751 1875 quo—

962 1886 1044 1912 modo
1060 1893 1166 1912 manum
1183 1885 1306 1919 porrigas
1329 1886 1457 1912 omnibus
1481 1885 1596 1912 relevari
1617 1893 1685 1920 opus
1700 1886 1750 1912 ha-

962 1931 1088 1958 bentibus
1108 1935 1135 1957 et
1152 1938 1199 1958 vos
1215 1930 1248 1957 ad
1258 1929 1387 1957 auxilium
1403 1930 1573 1957 vocantibus.
1599 1930 1666 1957 Nam
1679 1931 1749 1966 apud

962 1984 1010 2004 nos
1018 1977 1062 2004 illa
1073 1981 1174 2004 tantum
1184 1976 1324 2011 reperiens
1333 1983 1393 2011 quae
1401 1984 1450 2003 nec
1464 1977 1534 2004 vires
1543 1975 1690 2007 suliicinnt,
1701 1984 1750 2003 nec.

962 2025 1076 2048 mortem
1089 2021 1249 2055 impediunt,
1264 2021 1299 2048 ad
1315 2028 1362 2048 vos
1377 2017 1493 2055 spectat;
1513 2021 1538 2048 in
1558 2021 1608 2048 hoc
1620 2029 1672 2047 uno
1685 2021 1749 2047 lihe-

962 2067 1094 2093 rationem
1117 2066 1213 2093 adesse
1235 2065 1366 2092 malorum
1390 2071 1488 2100 putans
1507 2074 1513 2092 :
1534 2073 1596 2092 ettm
1630 2066 1749 2092 studiose

960 2112 1066 2147 excipe,
1078 2112 1184 2138 oculum
1201 2115 1361 2138 convertens
1374 2111 1532 2138 benevolum
1554 2115 1582 2138 et
1604 2111 1638 2138 ad
1665 2118 1708 2137 me
1722 2116 1749 2138 et

959 2159 992 2184 ad
1005 2158 1120 2188 teipsnm
1135 2161 1162 2184 et
1178 2157 1211 2184 ad
1226 2158 1361 2184 hominem
1378 2157 1404 2184 in
1425 2158 1586 2184 necessitate
1601 2161 1747 2184 versatum.

960 2203 1136 2230 Contidenter
1152 2203 1223 2230 enim
1239 2203 1346 2230 dicebat
1371 2207 1406 2234 te,
1424 2202 1530 2229 litteras
1547 2211 1560 2229 a
1574 2210 1617 2230 me
1634 2203 1656 2230 si
1678 2203 1750 2229 acci-

960 2256 1050 2284 peres,
1080 2247 1146 2275 nihil
1167 2255 1219 2274 non
1242 2247 1320 2275 facile
1346 2254 1553 2274 concessurum.
1593 2246 1635 2274 Me
1657 2252 1747 2273 autem

959 2291 1127 2323 subridente,
1153 2295 1180 2318 et
1196 2291 1380 2325 interrogante
1395 2291 1466 2318 ttnde
1487 2291 1513 2318 id
1526 2291 1621 2323 sciret.
1633 2298 1748 2326 sponso-

959 2345 1017 2366 rem
1030 2337 1064 2365 de
1079 2336 1168 2364 futuro
1187 2344 1217 2364 se
1234 2337 1301 2364 dare
1316 2337 1439 2371 parabat.
1470 2336 1553 2372 Imple
1582 2337 1664 2372 igitur
1685 2345 1748 2372 spes

960 2382 1041 2415 illius,
1055 2390 1088 2410 ne
1102 2390 1167 2414 non,
1184 2383 1346 2410 necessitate
1362 2383 1460 2409 iterum
1485 2388 1609 2417 urgente.
1634 2390 1750 2418 sponsu-

959 2436 1016 2456 rem
1028 2428 1062 2455 de
1074 2427 1166 2455 futuro
1187 2435 1218 2455 se
1240 2429 1287 2455 det
1306 2435 1349 2456 me
1375 2428 1441 2455 nihil
1461 2435 1477 2455 a
1491 2428 1567 2456 vobis
1581 2435 1642 2456 esse
1653 2429 1749 2456 obten-

960 2478 1059 2500 turum.

1224 2520 1279 2547 LX.
1301 2519 1483 2549 NEPIIALIO.

994 2566 1098 2593 Vestra:
1113 2565 1210 2593 littere
1226 2567 1260 2593 ad
1276 2567 1430 2594 convivium
1443 2567 1499 2602 jam
1521 2574 1570 2594 nos
1586 2573 1748 2599 convocant,

958 2619 991 2639 ac
1003 2612 1112 2638 domttm
1133 2611 1212 2639 nobis
1229 2613 1377 2646 pra-parari
1405 2612 1510 2646 dicunt,
1539 2618 1566 2640 et
1583 2613 1672 2640 omnia
1689 2620 1750 2648 qua:

959 2657 1092 2688 continet,
1104 2658 1258 2685 communia
1271 2657 1385 2685 faciunt.
1414 2657 1511 2685 Sermo
1522 2658 1748 2693 vesteroptimutn

958 2704 1024 2732 mihi
1049 2703 1130 2731 affert
1154 2704 1289 2737 nuntium,
1313 2708 1341 2731 et
1358 2704 1543 2732 benevolentia
1567 2710 1658 2732 vestra
1676 2713 1749 2732 sum-

958 2744 1028 2775 mam
1042 2748 1107 2775 milti
1123 2752 1212 2775 movet
1230 2749 1460 2782 admirationem;
1483 2754 1563 2784 atque
1581 2749 1646 2776 ntiui
1657 2749 1748 2776 videor

957 2799 1057 2822 coetum
1082 2794 1271 2829 complevisse,
1300 2795 1422 2829 epistolae
1447 2796 1537 2823 habita
1563 2796 1747 2831 proportione.

959 2841 1072 2876 Verum,
1083 2840 1230 2876 quominus
1244 2841 1307 2870 hinc
1321 2842 1445 2871 recedam
1459 2842 1542 2871 multa
1561 2843 1627 2871 milii
1638 2843 1748 2871 obstant

1691 142 1763 174 2766
1814 181 1818 185 ι
