1988 3079
231 117 302 150 2767

868 113 1044 144 PROCOPII
1059 112 1181 143 GAZ/EI

1791 105 1868 138 2768

233 171 436 208 impedimenta.
456 169 497 198 Tu
514 175 616 203 autem,
641 174 715 205 opto,
743 171 1020 206 prosperare.’vince

1084 169 1101 196 is
1117 177 1162 204 μοι
1175 167 1222 195 καὶ
1237 167 1340 203 πρᾶττε
1356 165 1458 199 καλῶς,
1474 164 1522 192 καὶ
1534 164 1597 191 νίκα
1609 163 1642 191 τὰ
1654 163 1801 196 λυποῦντα,
1817 163 1868 191 καὶ

234 218 384 250 molestias,
399 225 430 244 ac
441 222 577 244 momcnto
588 224 641 244 non
657 216 826 243 solummodo
837 216 1020 251 praesentium.

236 264 313 298 Quod
335 268 423 291 autem
453 263 505 289 tuis
527 263 624 290 litteris
648 269 697 289 nos
716 262 835 297 dcjectos
855 262 955 296 erigas,
971 262 1023 289 hoc

236 311 321 338 satius
338 310 408 336 duco
428 316 507 343 quam
525 307 674 343 Polycratis
700 307 868 335 felicitatem.
896 307 1022 335 Nostrum

237 355 309 382 enim
338 353 457 380 auditum
478 352 527 379 viri
546 353 725 387 simpliciores
740 357 954 385 commoverant,
976 352 1022 379 tibi

238 400 364 428 videlicet
395 400 481 427 diram
508 400 641 427 accidisse
667 399 869 432 calamitatem;
893 406 925 426 ac
941 399 973 426 de
997 402 1024 426 te

239 447 376 480 dicebant,
392 446 492 481 Captus
514 451 556 474 est
578 446 647 473 inter
660 445 843 478 vendendum,
865 445 891 472 in
907 445 1025 473 obscuro

239 493 358 520 inclusus
373 497 425 520 est.
445 492 477 519 Et
494 492 556 519 talia
569 492 714 523 narrando,
732 496 815 519 testes
829 491 1024 526 producebant,

238 546 307 574 quos
323 538 398 566 illinc.
417 540 511 566 venire
525 538 654 565 audacter
676 537 862 570 aﬂirmabant;
891 537 958 564 alius
981 537 1025 564 alii

240 585 396 616 otiarrabal,
414 589 440 611 et
456 593 504 619 per
517 591 611 612 omnes
620 583 689 610 fama
702 583 897 611 bacchabatur.
912 583 1025 615 Verum,

240 631 331 659 statim
344 638 374 657 ac
392 635 464 657 tuam
482 631 568 665 recepi
584 630 725 664 epistolam
742 633 846 656 tantum
867 628 967 663 iniusto
983 637 1026 656 ru-

242 677 309 703 mori
326 676 557 704 contradiccntein
572 680 602 703 ιιι
618 676 650 702 ad
667 680 766 702 coetum
786 675 887 702 amicos
904 679 1026 706 vocaret,

242 722 384 750 confestim
408 723 506 758 gaudio
520 722 664 753 exsullm‘i,
682 727 710 748 et
735 721 868 748 mendacii
884 728 1028 756 argumen-

244 775 299 797 tum
317 770 430 801 hahcns,
449 770 549 803 ubique
573 769 644 796 illam
669 769 846 803 praedicabant
864 777 870 794 :
888 767 925 794 ita
937 772 965 794 ιιι
982 767 1028 801 qui

242 817 306 843 olim
320 816 426 842 fuerant
436 815 618 846 audacissiiui,
631 822 703 842 nunc
712 814 799 841 Incesti
811 814 913 848 pudore
924 813 1029 840 sulfun-

1075 215 1199 249 μέμνησο
1221 213 1257 248 μὴ
1273 212 1353 248 μόνον
1367 211 1509 247 παρόντων
1520 219 1526 225 ·
1541 211 1565 236 εί
1579 210 1609 236 δὲ
1625 209 1786 245 γράμμασιν
1798 209 1868 237 ἀθυ-

1076 258 1195 294 μοῦντας
1211 258 1337 292 ἀγάγοις,
1355 258 1434 285 τοῦτο
1452 257 1501 293 μὲν
1518 257 1568 292 τῆς
1580 256 1772 291 Πολυκράτους
1787 256 1870 282 εὐτυ-

1074 304 1136 339 χίας
1150 304 1310 339 σεμνότερον
1319 303 1424 337 ’,πολλὰ
1435 302 1490 338 γὰρ
1501 302 1525 329 οί
1540 303 1655 337 χρηστοὶ
1668 302 1718 333 τὰς
1729 301 1870 336 ἡμετέρας

1076 349 1214 376 διέσεισαν
1230 349 1332 382 ἀκοὰς,
1347 349 1385 381 ὼς
1403 348 1531 384 πέπραχὲ
1552 357 1581 374 τι
1597 348 1698 375 δεινόν·
1718 347 1748 374 σὲ
1762 347 1793 381 δὴ
1819 346 1868 372 λέ-

1077 404 1179 430 γοντες,
1194 396 1232 427 ὡς
1244 396 1302 431 ἥλῳ
1314 395 1453 431 πράττων,
1465 396 1502 426 ὡς
1512 395 1627 429 γέγονεν
1640 394 1747 429 ἀφανής
1757 401 1764 408 ·
1779 393 1868 420 ταῦτα

1075 441 1292 475 λογοποιοῦντες,
1306 441 1449 477 μάρτυρας
1466 440 1658 476 παρῆγον·οὒς
1672 439 1777 467 ἐκεῖθεν
1787 440 1870 474 ἣκειν

1078 485 1292 522 διισχυρίζοντο·
1315 487 1362 514 καὶ
1388 487 1467 518 ἄλλος
1488 486 1560 521 ἄλλῳ
1585 486 1721 520 διηγεῖτο,
1748 486 1796 512 καὶ
1822 485 1870 511 διὰ

1077 533 1188 559 πάντων
1199 533 1215 567 ὴ
1233 533 1323 567 φήμη·
1335 532 1372 562 ὡς
1384 532 1413 559 δὲ
1430 533 1479 567 τὴν
1492 532 1557 566 παρ’
1571 531 1648 567 ὑμῶν
1660 531 1795 566 ἐδεξάμην
1805 532 1869 557 ἐπι-

1078 579 1173 614 στολὴν
1191 579 1318 606 τοσοῦτον
1340 579 1496 613 ἀπέχουσαν
1521 578 1571 613 τῆς
1592 578 1684 604 ἀδίκου
1703 579 1815 612 φήμης,
1829 577 1871 608 ὼς

1078 625 1205 660 καὶπρὸς
1222 627 1375 660 πανήγυριν
1395 627 1458 657 τοίις
1477 625 1570 660 φίλους
1583 625 1688 656 καλεῖν,
1706 623 1787 654 εὐθὺς
1804 624 1870 657 ἐγε-

1077 673 1163 707 νόμην
1179 672 1341 708 περιχαρὴς,
1362 672 1409 698 καὶ
1425 671 1472 698 τοῦ
1488 671 1602 706 ψεύδους
1616 670 1686 706 ἔχων
1700 670 1746 696 τὸν
1756 669 1871 703 ἔλεγχον

1079 717 1217 753 πανταχοῦ
1230 717 1332 752 ταύτην
1350 718 1500 753 ἐκήρυττον
1510 725 1517 732 '
1533 717 1604 745 ὥστε
1620 718 1683 748 τοὺς
1698 715 1783 742 πάλαι
1801 716 1872 750 09a.-

1080 765 1136 795 σείς
1158 764 1234 798 μόλις
1256 763 1386 799 ἐρυθριᾷν
1410 763 1458 790 καὶ
1483 763 1597 790 κύπτειν
1618 763 1658 792 εἰς
1673 762 1742 796 γῆν
1759 761 1806 787 καὶ
1819 761 1871 794 τῆς

1080 811 1177 845 τύχης,
1188 807 1279 845 οἶμαι,
1294 810 1446 846 καταόοᾷν,
1459 810 1500 837 ὅτι
1523 809 1560 844 μὴ
1576 808 1661 835 πλείω
1677 807 1772 842 χρόνον
1789 806 1871 833 ἐλάν-

244 863 383 893 dereutur,
400 862 424 888 iu
440 866 537 888 terram
550 861 643 888 oculos
658 861 818 895 defigerent,
834 868 865 887 ac
877 861 910 887 de
919 859 1027 887 fortuna
1044 856 1066 885 Β
1081 855 1169 885 Οανον.

243 911 422 942 quererentur
445 907 517 941 quod
544 913 596 934 nou
623 906 723 933 diutius
749 907 775 933 iu
799 905 936 934 oblivione
960 906 1028 933 deli-

243 955 365 982 tuissem.

530 999 599 1027 LXI.
619 999 753 1028 SILANO.

278 1046 395 1075 Pulcher
406 1045 552 1078 Macarius,
571 1047 654 1074 studii
671 1053 832 1080 morumque
857 1047 943 1081 gratia
970 1053 1030 1073 mea

243 1093 338 1121 fruens
351 1092 550 1125 benevolentia,
562 1092 627 1120 mihi
641 1092 729 1120 attulit
741 1096 858 1120 vestram
871 1091 1030 1127 epistolam;

243 1146 295 1174 ego
310 1147 385 1172 vero,
402 1140 576 1166 characteres
592 1138 680 1173 primo
697 1143 807 1174 aspectu
823 1146 986 1172 agnoscens,
1004 1143 1032 1166 et

244 1183 450 1219 inscriptionem
471 1182 607 1216 osculans,
631 1177 729 1210 statim
753 1183 864 1210 minime
893 1183 985 1210 curavi
1002 1182 1029 1210 iu

245 1230 303 1265 ipsa
324 1230 427 1264 scripta
450 1233 604 1264 penetrare.
634 1228 668 1255 Et
688 1229 816 1256 continuo
834 1236 936 1264 cycnus
963 1230 1031 1256 meis

245 1275 364 1303 accinuit
385 1275 506 1307 auribus,
531 1282 563 1302 ac
582 1273 663 1301 veluti
687 1281 790 1309 pennas
808 1280 890 1302 vento
905 1275 1030 1307 credens,

244 1321 372 1349 omnibus
383 1328 413 1348 se
425 1320 497 1348 dedit
513 1320 670 1348 accentibus
685 1320 868 1354 suavissimis;
884 1324 1032 1349 tuamvero

245 1367 388 1394 lusciniam
414 1367 510 1402 agnovi
525 1373 589 1393 vere
612 1365 696 1394 fuisse
708 1365 875 1393 Athenarum
904 1366 1031 1402 puellam,

245 1417 273 1440 et
285 1412 383 1439 factam
396 1419 454 1439 esse
466 1419 555 1443 avem,
567 1415 594 1438 ει
608 1412 720 1438 atticum
732 1418 843 1438 servare
859 1411 943 1439 melos
960 1420 967 1439 2
982 1412 1033 1439 sub

246 1457 399 1493 huiusmodi
426 1457 509 1491 figura
537 1457 623 1492 ipsam
644 1456 794 1492 depingunt
817 1457 959 1492 epistolam
983 1457 1033 1485 hu-

247 1502 450 1530 manwlitterar.
467 1502 524 1537 Ego
544 1507 632 1529 autent
655 1502 706 1529 hoc
729 1502 879 1530 delectatus
904 1511 1031 1538 magnum

247 1548 359 1584 spiravi,
387 1553 414 1575 et
434 1548 461 1575 in
475 1547 632 1575 memoriam
647 1548 771 1574 revocavi
785 1548 902 1582 priscam
919 1547 1032 1575 felicita-

248 1599 314 1626 tem,
332 1599 361 1621 ut
373 1594 450 1621 nobis
469 1593 586 1621 invicem
601 1593 672 1621 obvii
688 1593 818 1621 fuerimus
837 1593 912 1628 juxta
931 1593 1032 1626 Nilum,

248 1645 278 1668 ut
292 1641 358 1668 mihi
376 1640 481 1667 dederit
495 1640 600 1667 fortuna
625 1645 650 1667 te
662 1647 757 1669 secure
771 1639 835 1671 frui,
858 1644 921 1667 utte
932 1639 1034 1667 amisso

248 1685 363 1713 afﬂictus
389 1685 498 1718 fuerim,
529 1690 559 1712 ut
574 1685 703 1720 gaudeant
723 1689 749 1712 le
776 1692 847 1712 nunc
862 1689 1032 1720 recuperato,

249 1739 297 1766 per
308 1736 380 1758 tuam
394 1731 465 1758 enim
484 1731 626 1766 epistolam
647 1736 672 1758 te
690 1731 746 1765 jam
758 1731 896 1766 possidere
914 1731 980 1758 mihi
992 1731 1033 1759 vi-

248 1778 323 1810 deor,
334 1781 362 1804 et
378 1784 464 1805 meam
477 1777 617 1804 confessus
631 1785 689 1804 sum
699 1777 890 1812 gratitudiuem
901 1777 925 1804 ei
942 1777 986 1812 qui
1001 1777 1034 1804 ad

251 1831 293 1850 me
309 1823 382 1850 illam
397 1823 496 1850 attulit.
516 1823 603 1856 Quam
626 1822 743 1855 felicem,
771 1829 788 1850 ο
812 1830 888 1857 puer,
917 1823 1033 1854 aiebam,

250 1869 332 1896 habes
352 1868 482 1895 familiam
496 1869 503 1895 ί
520 1869 552 1895 Ει
565 1868 604 1895 illi
616 1868 814 1902 exprobrabam
830 1867 899 1902 quod
917 1875 946 1896 se
960 1868 993 1896 ad
1009 1874 1035 1895 te

249 1914 386 1948 pertinere
408 1922 462 1940 non
481 1914 628 1947 detegeret.
647 1913 718 1946 Quid
731 1913 849 1941 faciam?
868 1913 913 1948 qui
933 1914 1034 1948 possim

249 1959 272 1985 ci
284 1962 388 1986 tantum
404 1965 532 1994 praestare
544 1963 674 1993 quantum
693 1959 824 1993 cupio?si
840 1959 1033 1994 gralitudinem

249 2004 283 2030 ad
304 2003 401 2030 bonam
424 2004 590 2031 voluntatem
617 2004 829 2036 meusuraveris,
855 2004 921 2030 nihil
942 2012 994 2031 non
1019 2011 1034 2030 a

249 2048 328 2076 nobis
337 2048 463 2084 accipiet.
483 2049 519 2076 Ut
532 2050 622 2076 audivi
639 2054 729 2076 autem
747 2054 772 2077 te
795 2050 941 2083 nuptialem
965 2048 1035 2076 ferre

247 2095 352 2129 jugum,
371 2099 434 2122 vota
447 2094 502 2122 fudi
520 2099 548 2122 ut
561 2099 621 2123 tuos
634 2095 751 2123 viderem
766 2095 862 2122 liberm
877 2101 981 2130 patrem
996 2095 1034 2122 vi-

250 2139 376 2167 dentibus
393 2139 582 2175 pradicantes.

505 2184 586 2213 LXII.
603 2184 762 2212 DlODORO.

285 2231 354 2263 Quid
372 2231 418 2257 tibi
435 2231 545 2262 accidit,
557 2238 573 2257 o
588 2231 677 2265 lingua
690 2231 839 2266 multiplex,
853 2231 898 2265 qui
916 2230 970 2259 alte
978 2231 1036 2259 cla-

250 2277 344 2304 mabas
365 2280 458 2303 contra
484 2276 621 2304 silentes?
640 2276 739 2304 Eorum
760 2285 820 2312 quae
850 2278 1036 2312 exprobrabas

249 2321 308 2356 ipse
316 2321 455 2349 convictus
467 2329 505 2354 es,
520 2326 546 2349 et
561 2326 643 2349 temet
656 2322 757 2350 inscius
771 2323 930 2354 accusabas,
944 2328 972 2350 et
983 2323 1036 2351 tuis

250 2367 400 2401 illaqueans
414 2372 509 2401 captus
525 2375 555 2394 es
567 2368 682 2395 retibus.
702 2368 762 2395 Tibi
781 2369 880 2396 accidit
895 2370 966 2404 quod
981 2369 1035 2397 fert

249 2412 393 2447 adagibm:
413 2422 421 2437 ι
439 2411 612 2446 Exprobraus
635 2420 696 2447 quae
717 2413 772 2447 ipse
793 2413 891 2445 fecisti,
917 2415 1034 2448 teipsum

249 2464 370 2489 accusas,
385 2457 493 2491 tuisque
508 2457 614 2491 caperis
632 2457 693 2484 alis.
716 2457 818 2492 Itaque,
830 2459 852 2485 si
864 2459 915 2486 hoc
925 2458 1034 2487 decuis-

248 2507 298 2535 set,
317 2507 389 2529 luam
410 2502 457 2530 tibi
478 2503 588 2529 omnino
613 2503 779 2530 remisissem
797 2504 937 2538 epistolam
955 2513 961 2531 :
978 2504 1035 2532 for-

248 2555 296 2575 san
313 2548 387 2576 euim
404 2549 531 2576 scivisses
543 2554 568 2576 te
579 2553 763 2576 accusatorem
779 2550 861 2577 fuisse
878 2550 955 2585 quasi
976 2551 1034 2585 ipse

249 2600 311 2620 reus
339 2601 392 2621 non
408 2593 520 2626 fuisses,
541 2599 568 2622 et
594 2602 667 2622 nunc
691 2595 847 2629 delinquere
872 2595 950 2629 quasi
965 2595 1034 2623 nihil

247 2639 451 2674 cxprobrasses.
466 2639 495 2666 In
504 2646 536 2667 eo
549 2644 637 2667 autem
652 2640 771 2667 maxime
781 2641 938 2674 peccavisti,
949 2642 1032 2676 quod,

247 2683 360 2711 induere
376 2676 508 2712 affectans
521 2686 670 2713 cothurnos
682 2686 760 2713 valde
773 2686 900 2721 pulchros
912 2691 940 2714 et
957 2687 1034 2721 pedi-

246 2727 298 2755 bus
323 2728 484 2756 concinuius
510 2734 627 2764 aptatos,
660 2736 690 2757 ut
713 2731 854 2758 comtedia:
875 2731 930 2758 vult
956 2739 1032 2765 usus,

247 2777 368 2807 agrestes
384 2774 451 2802 istas
465 2775 561 2803 misisti
580 2776 686 2804 litteras
707 2777 818 2804 nomine
843 2782 870 2804 et
885 2778 973 2804 salute
988 2785 1034 2805 ca-

247 2822 355 2852 rentes;
376 2824 403 2847 et
418 2820 451 2848 de
471 2820 531 2848 istis
544 2825 634 2848 tamen
652 2822 738 2856 magis
753 2822 940 2857 supcrbiebas,
951 2830 1032 2858 quam

1361 997 1421 1025 εΑι.
1444 997 1578 1032 ΣΙΛΔΝῼ.

1124 1045 1153 1071 '0
1175 1044 1256 1076 καλὸς
1278 1043 1421 1079 Μακάριος
1446 1043 1565 1078 σπουδῆς
1587 1043 1668 1070 ἕνεκα
1692 1043 1740 1070 καὶ
1759 1043 1874 1078 τρόπων

1080 1092 1130 1128 τῆς
1151 1091 1222 1127 ἐμῆς
1245 1091 1391 1118 ἀπολαύων
1413 1091 1534 1125 εὐνοίας,
1562 1090 1683 1118 ἐπέδωκε
1711 1100 1756 1126 μοι
1778 1090 1874 1126 φέρων

1082 1137 1219 1174 ὑμετέραν
1237 1138 1397 1172 ἐπιστολήν·
1421 1137 1477 1172 ἐγὼ
1492 1137 1520 1164 δὲ
1541 1137 1604 1169 τοὺς
1621 1136 1724 1168 τύπους
1741 1137 1875 1171 ἐπιγνοὺς

1082 1183 1141 1219 ἅμα
1155 1185 1189 1219 τῇ
1207 1182 1256 1219 θέᾳ
1272 1183 1322 1210 καὶ
1331 1183 1381 1218 τὴν
1395 1183 1552 1218 ἐπιγραφὴν
1564 1183 1758 1218 ἀσπασάμενος
1767 1203 1774 1215 ,
1791 1183 1874 1214 εὐθὺς

1085 1230 1204 1265 μελήσας
1219 1229 1307 1262 οὐδὲν,
1322 1228 1375 1256 τῶν
1390 1229 1590 1264 γεγραμμένων
1607 1229 1673 1255 εῐσω
1688 1228 1873 1263 γεγενῆσθαι-

1083 1275 1130 1301 καὶΙ
1154 1276 1168 1302 ὁ
1192 1275 1242 1310 μὲν
1265 1274 1366 1306 κύκνος
1389 1273 1471 1305 εὐθὺς
1496 1274 1587 1309 ἐνήχει
1604 1273 1666 1304 ταῖς
1691 1274 1803 1304 ἀκοαῖς,
1823 1274 1875 1299 καὶ

1083 1320 1178 1356 ὥσπερ
1197 1321 1236 1356 τῷ
1252 1320 1362 1356 ζεφύρῳ
1377 1320 1408 1347 τὸ
1428 1319 1528 1355 πτερὸν
1545 1318 1634 1351 ἀνεὶς,
1656 1318 1732 1350 ὅλαις
1747 1318 1876 1345 ἀνέκειτο

1083 1367 1142 1398 ταῖς
1164 1366 1245 1401 ᾠδαῖς
1268 1367 1316 1393 καὶ
1339 1365 1577 1402 μουσικωτάταις·
1602 1364 1652 1399 τὴν
1680 1363 1730 1400 σὴν
1753 1363 1875 1399 ὰηδόνην

1083 1411 1131 1439 νῦν
1154 1412 1238 1444 ὅντως
1259 1412 1345 1446 ἔγνων
1367 1412 1405 1444 ὡς
1424 1411 1545 1446 Ἀθηνῶν
1556 1410 1678 1446 ὑπῆρχεν
1692 1410 1709 1445 ἡ
1723 1409 1808 1445 κόρη,
1825 1410 1875 1436 καὶ

1083 1458 1195 1493 γέγονεν
1216 1458 1307 1494 ὅρνις,
1324 1458 1372 1486 καὶ
1385 1457 1436 1494 τὴν
1455 1457 1581 1493 Ἀττικὴν
1600 1457 1726 1492 φυλάττει
1748 1457 1804 1489 τοῖς
1823 1456 1876 1492 μέ-

1083 1505 1158 1532 λεον
1175 1504 1296 1532 τοιοῦτον
1316 1504 1402 1540 αὐτῆς
1424 1504 1454 1531 τὸ
1474 1503 1568 1539 σχῆμα
1592 1503 1642 1539 τῆς
1661 1503 1806 1537 ἐπιπολῆς
1822 1503 1874 1538 δη-

1086 1548 1262 1585 μιουργοῦσιν
1271 1549 1296 1575 οἱ
1304 1548 1394 1583 λόγοι·
1411 1548 1466 1582 ἐγὼ
1480 1548 1508 1575 δὲ
1521 1547 1602 1575 τοῦτο
1615 1548 1709 1580 ἡσθεὶς
1720 1547 1877 1574 ἀνέπνευσα

1083 1595 1114 1621 τὸ
1136 1594 1223 1629 μέγα,
1249 1593 1297 1621 καὶ
1322 1593 1442 1625 παλαιᾶς
1466 1593 1640 1628 εὐδαιμονίας
1665 1592 1807 1628 ἀνηγόμην
1834 1594 1877 1624 είς

1086 1641 1208 1676 μνήμην,
1224 1639 1262 1672 ὡς
1277 1640 1402 1674 συνεῖμεν
1419 1638 1545 1674 ἀλλήλοις
1560 1639 1637 1674 παρὰ
1653 1638 1700 1665 τὸν
1714 1639 1821 1668 Νεῖλον,
1836 1639 1878 1670 ὡς

1084 1685 1170 1718 ἀδεῶς
1189 1685 1365 1720 ἐμφορεῖσθαι
1382 1693 1431 1712 σου
1443 1686 1575 1721 παρεῖχεν
1594 1685 1611 1720 ή
1629 1685 1710 1719 τύχη,
1728 1684 1766 1716 ὡς
1777 1692 1878 1719 στερη-

1085 1730 1142 1763 θεὶς
1157 1731 1291 1767 ἠχθόμην,
1312 1731 1350 1763 ὥς
1368 1731 1456 1766 χαίρω
1473 1730 1522 1758 νῦν
1536 1730 1736 1766 κομισάμενος*
1749 1731 1798 1757 καὶ
1821 1731 1877 1765 γάρ

1085 1785 1115 1803 σε
1129 1777 1173 1804 διὰ
1185 1777 1234 1811 τῆς
1248 1776 1395 1811 ἐπιστολῆς
1408 1777 1481 1812 ἔχειν
1493 1777 1543 1812 ήδη
1557 1777 1637 1809 δοκῶ,
1654 1777 1701 1803 καὶ
1713 1777 1792 1812 χάριν
1801 1777 1878 1812 ὠμο-

1084 1822 1181 1856 λόγουν
1194 1822 1234 1858 τῷ
1248 1822 1351 1857 ταύτην
1361 1823 1423 1858 ἐμοὶ
1437 1822 1579 1849 δεδωκότι·
1594 1822 1651 1854 καὶ,
1670 1823 1715 1854 Ὠς
1726 1823 1878 1858 εὐδαίμων,

1084 1868 1164 1904 ἔφην,
1172 1865 1261 1902 ὦπαῖ,
1273 1868 1425 1902 τοῦγένους
1434 1868 1567 1903 ὑπάρχεις
1578 1869 1585 1895 1
1596 1869 1644 1894 καὶ
1655 1869 1823 1904 ἐμεμφόμην
1834 1870 1879 1896 ὅτι

1086 1923 1128 1942 σοι
1140 1915 1286 1950 προσήκων
1303 1914 1434 1941 ἐλάνθανε
1444 1923 1451 1931 ·
1467 1914 1510 1946 τίς
1523 1913 1571 1941 οὖν
1585 1915 1726 1949 γένωμαι;
1744 1915 1827 1942 πόθεν
1843 1915 1879 1942 ἂν

1084 1961 1218 1997 δυναίμην
1233 1961 1308 1996 αὐτῷ
1321 1961 1451 1996 παρέχειν
1469 1961 1556 1988 ὁπόσα
1575 1961 1623 1987 καὶ
1640 1961 1791 1995 βούλομαι;
1809 1962 1834 1987 εί
1848 1961 1879 1987 δὲ

1087 2009 1233 2043 μετρήσεις
1252 2009 1286 2043 τῇ
1302 2007 1443 2043 προθυμίᾳ
1458 2007 1509 2042 τὴν
1522 2006 1614 2042 χάριν,
1629 2007 1705 2034 οὐδέν
1720 2007 1795 2033 ἐστιν
1812 2007 1828 2033 ὃ
1850 2015 1879 2033 τι
1900 2028 1904 2031 .

1087 2053 1124 2088 μὴ
1140 2053 1255 2088 λήψεται
1276 2053 1342 2089 παρ’
1362 2053 1458 2088 ὴμῶν·
1482 2053 1602 2086 ἀκούσας
1625 2053 1653 2079 δέ
1676 2061 1707 2079 σε
1722 2053 1769 2079 καὶ
1785 2052 1879 2087 γάμου

1081 2099 1178 2134 φέρειν
1198 2098 1291 2133 ζυγὸν,
1315 2098 1447 2134 εὐξαίμην
1472 2107 1518 2125 σου
1544 2099 1593 2125 καὶ
1617 2098 1716 2130 παῖδας
1733 2098 1798 2125 [δεῖν
1820 2102 1879 2130 τοῖς

1085 2143 1168 2179 ὁρῶσι
1183 2143 1230 2170 τὸν
1248 2143 1354 2179 πατέρα
1367 2143 1565 2178 κηρύττοντας.

1369 2189 1430 2216 sui.
1449 2189 1598 2223 ΔΙΟΔΩΡῼ.

1122 2234 1155 2261 Τί
1168 2235 1248 2261 τοῦτο
1263 2234 1399 2265 πέπονθας
1412 2235 1426 2260 ὀ
1436 2233 1521 2265 πολὺς
1532 2234 1582 2269 τὴν
1594 2233 1727 2267 γλῶτταν,
1740 2233 1789 2260 καὶ
1806 2233 1880 2268 μέγα

1087 2280 1174 2306 πνέων
1197 2279 1269 2306 κατὰ
1288 2279 1342 2306 τῶν
1364 2278 1544 2306 σιωπώντων*
1564 2279 1638 2313 ἥλως
1657 2275 1700 2309 οἷς
1719 2278 1879 2310 ἐνεκάλεις,

1087 2326 1220 2353 καὶκατὰ
1236 2325 1336 2353 σαυτοῦ
1358 2326 1553 2361 κατηγορήσας
1575 2323 1730 2355 ἐλάνθανες,
1753 2324 1803 2350 καὶ
1822 2326 1880 2356 τοῖς

1086 2370 1184 2397 ἐαυτοῦ
1203 2370 1321 2402 δικτύοις
1336 2370 1422 2402 ἑάλως
1439 2369 1634 2404 σαγηνευθείς-
1649 2369 1667 2395 ἃ.
1682 2369 1736 2404 γὰρ
1759 2369 1881 2404 ἐμέμψω

1085 2415 1204 2451 δράσας,
1217 2415 1324 2442 οἴκοθεν
1346 2414 1419 2449 ἔχεις
1433 2414 1478 2441 τὸν
1493 2414 1615 2449 ἔλεγχον,
1636 2414 1683 2440 καὶ
1703 2415 1760 2444 τοῖς
1776 2414 1879 2441 ἑαυτοῦ

1086 2462 1195 2497 πτεροῖς
1217 2460 1317 2493 ἑάλως,
1337 2460 1388 2496 τὴν
1412 2459 1563 2495 παροιμίαν
1585 2458 1697 2486 παθών·
1721 2458 1787 2485 ὥστ’
1813 2460 1841 2485 εί
1855 2468 1880 2485 τι

1085 2506 1139 2533 τῶν
1154 2506 1347 2542 προσηκόντων
1368 2505 1488 2539 ἐγίνετο,
1514 2504 1565 2539 τὴν
1587 2503 1637 2539 σὴν
1650 2503 1682 2530 ἄν
1704 2512 1745 2530 σοι
1768 2503 1880 2534 πάντως

1085 2553 1231 2588 ἐπιστολὴν
1248 2551 1440 2586 ἀντεπέοηκα·
1464 2551 1536 2585 τάχα
1554 2549 1609 2584 γὰρ
1633 2549 1665 2576 ἂν
1677 2549 1763 2583 ἔγνως
1786 2550 1879 2576 ἐπιτι-

1087 2599 1178 2634 μήσας
1194 2597 1243 2633 μὲν
1256 2597 1294 2628 ὡς
1316 2596 1366 2622 οὐκ
1383 2596 1416 2623 ἂν
1439 2596 1582 2631 ἁμαρτὼν,
1600 2594 1768 2630 πλημμελῶν
1783 2594 1814 2621 δὲ
1833 2594 1878 2621 νῦν

1085 2644 1123 2674 ὠς
1138 2643 1332 2678 κατηγορήσας
1346 2642 1421 2668 οὐδέν
1431 2649 1438 2656 ·
1457 2641 1504 2668 καὶ
1518 2641 1549 2672 τὸ
1565 2640 1692 2676 μέγιστον
1714 2640 1755 2666 ὅτι
1772 2640 1877 2674 φιλοτιο

1086 2689 1244 2723 μησάμενος
1260 2687 1424 2722 ὐποῦήματα.
1439 2686 1509 2713 καλά
1523 2694 1554 2712 τε
1573 2685 1633 2713 λίαν
1647 2686 1695 2712 καὶ
1713 2686 1780 2720 περὶ
1796 2686 1876 2717 πόδας

1087 2733 1197 2769 μᾶλλον,
1210 2733 1249 2765 ὡς
1268 2734 1301 2768 τῇ
1320 2732 1451 2768 κωμῳδιᾳ
1467 2732 1560 2765 δοκεῖ,
1581 2732 1628 2758 καὶ
1642 2731 1728 2758 ταῦτα
1745 2731 1877 2766 γραμμά-

1084 2789 1139 2807 των
1153 2779 1245 2814 ἔρημα
1259 2779 1425 2813 πέπομφας,
1439 2779 1508 2814 μήτε
1535 2780 1565 2804 τὸ
1587 2777 1673 2810 δεῖξαι
1688 2777 1758 2812 μήτε
1773 2777 1806 2803 τὸ
1821 2776 1877 2811 χαί-

1086 2831 1142 2858 ρειν
1170 2823 1272 2851 εἰπών·
1293 2822 1382 2849 καίτοι
1410 2823 1514 2858 μεῖζον,
1541 2823 1578 2855 ὡς
1602 2823 1685 2855 είκδς,
1705 2823 1751 2849 ἐπὶ
1772 2822 1876 2853 τούτοις
