1988 3079
127 175 197 208 2769

833 177 1035 208 EPISTOLAE.

1679 177 1748 210 2770

125 233 294 268 ὲφρόνησας,
317 232 335 268 ἢ
357 233 472 269 Κροῖσος
495 234 598 265 ἐκεῖνος
623 233 672 265 τὰς
694 233 854 269 θασμαστὰς
880 234 913 270 δὴ

975 234 1009 262 lle
1032 234 1141 262 Croesus
1172 235 1311 265 mirabiles
1345 234 1461 270 Apollini
1487 234 1587 262 lateres
1619 234 1747 269 largiens.

127 279 254 311 πλίνθους
272 279 312 315 τῷ
328 279 420 314 Πυθίῳ
433 279 619 315 δωρούμενος·
644 280 719 315 δηλοῖ
734 280 762 306 δὲ
784 279 815 306 τὸ
830 279 913 307 πάλαι

128 332 158 351 σε
182 323 267 351 ταῦτα
282 324 347 360 περὶ
361 323 408 351 τοῦ
423 343 430 351 .
451 345 459 352 .
477 344 484 351 .
502 324 568 360 ργοῦ
588 325 781 359 κομισάμενον,
806 325 912 358 μέλλειν

127 369 171 396 ἀεὶ
185 374 235 396 καί
249 370 496 406 καταστοχάζεσθαι
510 371 556 398 τοῦ
574 371 686 406 καιροῦ,
702 371 776 402 ὅπως
788 370 822 397 ἂν
833 371 913 406 ἐρχο-

128 416 213 451 μένης
227 416 276 451 τῆς
293 417 472 452 πανηγύρεως
481 437 488 450 ,
501 417 589 444 ταῦτα
599 417 689 444 λαϐὼν
704 417 844 453 προσέλθω
857 419 913 450 τοῖς

127 463 212 497 ὁρῶσι
226 463 274 498 τὴν
289 464 445 499 φιλοτιμίαν
460 464 543 499 βοῶν’
560 465 622 492 ὅθεν
638 473 684 491 σου
710 465 740 491 τὸ
754 465 838 496 πάθος
860 473 913 500 μα-

128 509 192 543 θὼν,
204 510 317 546 προῄειν
330 511 401 538 κατὰ
411 512 456 538 τὸν
472 512 620 547 Ὁμηρικὸν
628 513 729 539 Αἴαντα
742 512 813 547 μέγα
823 511 912 546 βιϐάς

128 555 175 581 καὶ
198 555 382 590 κατεκρότουν
406 556 455 591 τὴν
481 556 534 591 γῆν
552 557 724 591 ἐπιστρέφων
749 556 825 590 παρὰ
851 557 913 586 τοὺς

128 601 212 632 πόδας
231 602 276 628 τὸν
302 601 420 636 θεατήν
444 602 491 628 καὶ
510 603 536 628 ετ
550 610 591 633 τις
617 602 684 637 ὁρᾷν
700 602 751 628 οὐκ
774 601 905 636 ἠϐούλετο

127 645 257 681 ὑϐριστὴν
268 646 362 673 τοῦτον
377 647 496 679 ἐδόκουν,
512 648 557 673 καὶ
570 647 645 678 τέλος
658 647 724 682 ὁρᾷν
741 647 913 681 κατηνάγκα-

127 691 184 724 ζον,
200 692 248 718 καὶ
262 692 374 728 μηδενὸς
385 693 539 727 ἐρωτῶντος
553 693 649 719 ὁπόθεν
666 693 720 727 ἔχω
733 692 913 723 λαϐὼν,‹Διό-

126 737 212 772 δωρος
226 739 240 764 ό
255 737 342 770 δοὺς,›
352 738 434 773 άνεκή
439 746 535 774 ρυττον
543 746 550 753 ⁶
559 739 606 765 καὶ
618 738 660 765 διά
670 739 778 765 πάντων
791 738 914 773 ὑπῆρχεν

128 784 171 809 ἐπ’
187 783 249 818 ἐμοὶ
264 784 315 819 μὲν
338 785 533 820 ἀπειροκαλίας
545 787 559 812 ὁ
574 785 678 820 γέλως·
694 785 740 812 ἐπὶ
756 785 797 811 σοὶ
807 785 845 817 δὲ,
863 785 914 820 τῆς

126 829 264 865 εύνοίαςή
284 831 394 866 μνήμη·
420 832 533 859 τοιαῦτά
553 841 595 859 σοι
611 832 666 858 τῶν
692 832 782 858 καλῶν
806 832 914 858 ὑποδει-

127 875 239 909 γμάτων
258 876 417 910 ἀπήλαυσα,
442 876 553 912 μικροῖιγν⁷
563 877 618 904 δεῖν
632 877 679 904 ἐπὶ
702 877 822 913 κεφαλὴν
838 877 912 912 βαδί-

127 913 187 953 σας,
204 921 277 953 ὅπως
292 923 320 948 ἐν
338 921 412 957 καλῷ
429 922 478 958 τῆς
493 922 556 954 θέας
573 922 650 949 ἔσται
669 922 699 949 τὺ
712 923 807 959 δῶρον.

396 968 455 995 ΞΓ.
478 969 650 1004 ΕΠΙΦΑΝΙῼ.

164 1013 247 1050 Οἶμαί
264 1024 294 1042 σε
312 1015 447 1042 ποιεῖσθαι
465 1016 524 1042 λίαν
546 1016 575 1042 εν
587 1015 716 1051 θαύματι,
731 1016 759 1043 τί
778 1015 847 1050 δῆτα
867 1015 914 1042 νῦν

129 1061 223 1096 μαθὼν
239 1061 289 1097 ἤδη
309 1061 356 1088 καὶ
372 1062 545 1096 γραμμάτων
567 1062 758 1098 κατάρχομαιο
775 1062 870 1088 τούτου
885 1062 915 1088 δὲ

127 1109 177 1143 τὴν
191 1107 283 1134 αἰτίαν
295 1108 319 1134 εὶ
343 1107 449 1142 βούλει,
465 1109 632 1143 Στρατήγιος
647 1109 703 1139 τοῖς
718 1107 809 1142 λόγοις
829 1116 914 1144 στρα-

127 1154 237 1181 τεύεται
259 1154 331 1180 κατὰ
350 1154 412 1186 σοῦ,
431 1154 478 1180 καὶ
505 1153 588 1186 πολὺς
619 1154 669 1188 μὲν
683 1155 744 1184 ταῖς
769 1153 915 1188 λοιδορίαις

127 1201 224 1235 χωρεῖ,
251 1199 360 1235 μακράν
377 1199 406 1226 δὲ
425 1199 579 1226 κατατείνει
596 1199 773 1236 κατηγορίαν,
806 1199 854 1226 καὶ
874 1199 915 1226 δι-

128 1246 277 1280 καστήριόν
294 1253 339 1280 μοι
347 1245 395 1280 τὴν
406 1245 495 1272 οἰκίαν
509 1245 670 1277 πεποίηται’
689 1245 720 1272 τὺ
732 1244 760 1271 δὲ
776 1245 914 1280 μέγιστον,

127 1291 223 1326 ὥσπερ
237 1291 292 1326 γὰρ
308 1292 333 1317 οί
347 1291 428 1317 δεινοὶ⁴
441 1291 494 1317 τῶν
508 1291 640 1326 ρητόρων,
653 1291 704 1317 οὐκ
718 1290 846 1326 ἀρκεῖται
859 1291 916 1322 τοῖς

130 1335 247 1371 παροῦσι
272 1336 353 1370 μόνον
381 1335 562 1370 ἐγκλήμασιν,
589 1335 658 1362 ἀλλά
685 1335 794 1370 μίγνυσι
814 1335 917 1362 παλαιὰ

130 1380 243 1412 καινοῖς,
257 1380 305 1406 καὶ
319 1380 419 1415 μύθους
431 1380 561 1416 ἀρχαίους
573 1381 710 1407 ἀνακινεῖ·
726 1380 773 1407 καὶ
790 1381 916 1416 μάρτυρα

131 1426 202 1452 κατὰ
225 1425 273 1452 σοῦ
294 1425 371 1452 πόλιν
385 1426 450 1461 ὃλην
467 1426 517 1461 τὴν
549 1426 723 1462 Ἀλεξάνδρου
747 1427 915 1462 παρέχεται,

130 1470 194 1502 θέας
212 1471 329 1503 ἱππικὰς
343 1470 519 1506 διηγούμενος
529 1491 535 1503 ,
552 1471 599 1497 καὶ
615 1471 706 1498 κύϐων
727 1471 854 1507 σπουδὴν,
870 1472 917 1498 καὶ

129 1516 271 1551 διαλόγους
296 1517 360 1552 περὶ
385 1517 440 1543 τῶν
465 1517 556 1544 ἵππων
584 1517 759 1553 δημοτικοὺς,
785 1519 832 1544 καὶ
849 1518 917 1545 ἆττα

131 1563 216 1590 πολλὰ
230 1562 318 1598 τούτῳ
340 1562 428 1596 λέγειν
451 1563 568 1598 ἐπέλθῃ’
587 1563 655 1590 ἀλλά
677 1565 724 1591 καὶ
750 1564 797 1590 νῦν
815 1572 844 1590 σε
860 1565 916 1594 τοῖς

132 1609 226 1640 ἵπποις
246 1607 431 1635 ἀνακινεῖσθαί
446 1616 527 1643 φησι,
544 1609 592 1635 καὶ
605 1609 662 1639 τοῖς
678 1609 785 1643 τρέχειν
799 1609 916 1644 δυναμέ-

132 1663 188 1685 νοις
202 1653 380 1689 παρεδρεύειν
398 1654 456 1686 ἀεὶ,
472 1654 520 1681 καὶ
537 1654 636 1688 τέχνην
648 1662 678 1680 σε
695 1654 820 1680 κολάκων
835 1655 918 1680 ἐπαν-

132 1698 252 1735 ῃρῆσθαι
280 1700 314 1734 τῇ
329 1700 428 1734 γαστρὶ
444 1690 632 1735 χαριζόμενον.
656 1700 713 1726 Uine
737 1699 771 1726 ἂν
786 1700 919 1735 δυναίμην

134 1746 174 1776 εἰς
193 1745 266 1778 ἅπαξ
287 1746 375 1772 εἰπεῖν
389 1746 439 1772 ὅσα
452 1745 484 1780 δὴ
500 1745 630 1777 πολλάκις
642 1747 702 1777 ταῖς
724 1746 804 1781 ὲμαῖς
825 1747 919 1778 ἀκοαῖς

133 1791 273 1818 ἐπαντλεῖ·
282 1791 311 1818 τὸ
322 1791 349 1817 δὲ
362 1792 458 1823 αἴτιον,
467 1791 581 1826 Γυμνδτ,
594 1792 672 1827 φησὶ,
685 1792 715 1818 τὸ
724 1791 820 1818 τούτου
836 1791 920 1827 μέρος

134 1838 204 1872 ἐγώ·
220 1837 250 1864 ἓν
273 1837 352 1872 μόνον
368 1846 414 1873 μοι
437 1838 543 1873 ἱμάτιον
559 1838 719 1865 ὑπελείπετο
735 1837 804 1873 πρὸς
818 1838 918 1872 ταφὴν,

134 1884 181 1911 καὶ
188 1883 232 1910 διὰ
245 1883 338 1910 τοῦτον
346 1883 491 1910 ἀνάλωται·
502 1883 572 1910 λίνον
587 1883 651 1918 γὰρ,
665 1883 757 1918 φησὶν,
772 1883 920 1918 εἰργασμέ-

135 1938 180 1957 νον
198 1929 300 1962 λαὸὼν,
321 1929 358 1960 ὡς
374 1929 406 1965 δὴ
430 1929 507 1964 χερσὶ
529 1929 584 1955 τῶν
608 1929 692 1956 αὐτοῦ
721 1928 921 1964 θεραπαινίδων

135 1975 283 2008 ἀποδείξων
307 1975 425 2010 ἱμάτιον,
448 1975 521 2010 Ἴρου
546 1984 579 2009 με
598 1975 710 2010 παρεῖδε
736 1974 919 2010 γυμνότερον·

135 2021 230 2056 χρόνος
249 2021 342 2053 πολὺς⁷
356 2021 439 2055 φησι,
457 2021 504 2047 καὶ
523 2021 716 2056 παρατέταμαι
729 2022 789 2052 ταῖς
804 2021 920 2047 ἐλπίσιν.

136 2068 167 2093 El
182 2067 272 2093 τοίνυν
287 2076 328 2093 σοι
344 2067 418 2101 μέλει
430 2067 481 2102 τὴν
497 2068 600 2094 ἐκείνου
620 2067 743 2100 γλῶτταν
763 2067 921 2101 πραοτέραν

136 2113 305 2149 ἐργάσασθαι
317 2113 363 2139 καὶ
378 2114 428 2145 τὰς
442 2113 511 2148 ἐμὰς
525 2113 684 2149 ἐλευθεροῦν
695 2113 790 2146 ἀκοὰς,
803 2113 840 2144 ὡς
851 2113 922 2148 τάχα

136 2160 228 2194 πέμπε
247 2159 384 2194 θοιμάτιον
395 2166 402 2173 '
415 2159 440 2185 εί
458 2159 487 2186 δὲ
500 2160 537 2194 μὴ
548 2179 555 2191 ,
571 2159 628 2186 ἀλλ’
641 2159 671 2186 οὐ
685 2160 760 2194 φέρω
770 2158 859 2192 λέγειν
873 2158 922 2184 ὅσα

137 2206 183 2232 καὶ
193 2206 295 2238 λέξειεν
304 2213 311 2220 ο
325 2205 362 2236 ὡς
374 2206 422 2232 καὶ
437 2205 522 2240 μηδὲν
537 2205 607 2240 ἔχων
625 2204 749 2239 ἐγκαλεῖν
762 2224 770 2236 ,
787 2204 922 2239 φλυαρίαν

963 279 1039 306 Patet
1057 280 1220 314 jampridem
1248 285 1285 315 te,
1314 288 1347 308 ex
1368 288 1422 315 quo
1441 280 1562 307 carmina
1578 279 1621 307 illa
1634 286 1747 315 compo-

963 326 1054 357 suisti,
1071 331 1166 360 optare
1185 333 1292 362 semper
1310 332 1337 354 et
1353 326 1483 361 aucupari
1500 326 1681 356 occasionem,
1707 331 1748 357 ut,

963 371 1127 399 atIVtinl‘ane
1143 377 1229 404 coetu,
1245 372 1287 400 his
1296 372 1410 407 sumptis
1418 373 1546 407 prodeam
1564 379 1653 399 coram
1669 372 1748 398 boum

964 418 1112 444 certatnina
1140 418 1336 453 spectantibus.
1365 418 1453 451 Unde,
1478 422 1550 445 tuam
1572 417 1748 452 cupiditatem

964 471 1146 498 cognoscens,
1185 471 1344 499 progressus
1367 472 1445 497 sum,
1474 463 1552 498 juxta
1577 462 1749 490 IIomerirum

963 509 1082 542 Ajacem,
1100 516 1196 544 magno
1214 510 1336 541 incessu;
1354 517 1385 537 ac
1404 514 1503 536 terram
1517 508 1631 543 strepitu
1644 507 1750 542 quatie-

964 555 1036 587 bant,
1054 563 1214 582 convertens
1230 556 1262 582 ad
1275 556 1355 589 pedes
1374 560 1573 588 spectatorem;
1600 559 1638 586 et,
1654 554 1676 581 si
1690 553 1751 588 quis

964 602 1085 634 aspicere
1115 601 1207 634 nollet,
1236 602 1315 628 istum
1346 608 1394 635 pro
1424 601 1550 628 insolenti
1572 599 1704 627 habebam
1723 603 1750 625 et

966 649 1044 675 linem
1062 649 1153 676 videre
1175 649 1321 683 cogebant;
1353 653 1395 681 ct,
1430 648 1537 675 nemine
1565 647 1751 680 interrogante

965 695 1036 722 unde
1064 703 1173 722 scenam
1189 695 1353 728 habuissem,
1377 693 1548 721 clamitabam
1565 702 1572 720 :
1594 701 1603 720 ι
1619 692 1751 718 Diodorus

965 741 1053 774 dedit;
1073 750 1083 768 ι
1102 745 1130 768 at
1145 741 1177 768 ab
1193 741 1318 768 omnibus
1330 739 1538 774 superveniebat
1551 739 1615 766 mihi
1630 738 1750 765 stultitia!

965 787 1118 820 ludibrium,
1134 787 1182 815 tibi
1204 792 1294 814 autem
1310 785 1503 814 benevolentia:
1517 784 1749 812 commemoratio.

966 834 1122 870 llujusmodi
1140 834 1256 862 fructum
1270 842 1302 862 ex
1320 839 1364 861 tuo
1377 834 1523 868 specimine
1537 832 1644 867 collegi,
1665 839 1752 866 quan-

965 888 1044 915 quam
1054 888 1122 915 pette
1132 888 1212 915 supra
1225 885 1304 915 caput
1315 879 1519 912 ambttlaverim,
1529 883 1558 906 ut
1567 883 1642 905 tuum
1655 884 1751 904 munus

965 926 1104 960 pulchrqu
1121 927 1253 960 praeberet
1269 925 1463 960 spectaculum.

1208 970 1299 998 LXIII.
1321 969 1512 997 EPIPIIANIO.

1000 1017 1132 1045 Existimo
1146 1020 1171 1045 te
1186 1017 1264 1044 valde
1279 1017 1406 1044 admirari
1422 1024 1471 1043 cur
1481 1015 1536 1050 jam
1551 1022 1622 1042 nunc
1632 1015 1751 1043 scribere

963 1061 1090 1098 incipiam
1108 1072 1115 1090 :
1131 1063 1208 1097 cujus
1226 1070 1335 1091 causam
1347 1063 1369 1090 si
1382 1069 1492 1097 quati-ts,
1509 1063 1567 1089 hate
1581 1066 1632 1089 est.
1648 1061 1753 1089 Strate-

964 1110 1024 1145 gius
1046 1110 1218 1138 sermonibus
1233 1105 1363 1137 adversus
1384 1114 1409 1136 te
1424 1109 1545 1141 dimicat,
1563 1108 1692 1135 conviciis
1707 1115 1753 1142 ag-

964 1156 1238 1192 greditur,etlougam
1252 1156 1369 1190 explicat
1380 1155 1589 1186 accusationem,
1600 1162 1632 1181 ac
1641 1154 1750 1181 domum

964 1206 1054 1226 meam
1073 1199 1154 1233 elegit
1168 1199 1212 1227 ubi
1229 1199 1375 1227 discrimen
1390 1199 1571 1234 judicaretur.
1592 1199 1668 1232 Quod
1686 1206 1750 1226 vero

965 1245 1113 1272 maximum
1139 1249 1193 1278 est,
1224 1246 1373 1280 peritorum
1399 1245 1484 1272 instar
1513 1245 1664 1276 rhetorum,
1698 1252 1752 1271 non

965 1295 1110 1318 Contentus
1134 1296 1176 1318 est
1195 1291 1373 1325 praesentibus
1398 1290 1564 1318 solummodo
1582 1289 1752 1322 crimittibus,

966 1336 1014 1363 sed
1032 1335 1127 1363 miscet
1141 1341 1232 1363 vetera
1250 1337 1339 1368 novis,
1359 1341 1385 1364 et
1400 1337 1524 1371 antiquos
1536 1336 1754 1363 reducitsermo-

967 1388 1030 1414 nes;
1048 1380 1103 1408 imo
1121 1380 1147 1407 in
1162 1381 1346 1408 testimonium
1356 1381 1487 1409 adversus
1508 1386 1533 1409 te
1544 1386 1625 1409 totam
1637 1381 1754 1408 Alexan-

967 1426 1032 1453 driae
1063 1426 1158 1453 urbem
1180 1426 1307 1459 suscitat,
1329 1427 1428 1462 equina
1450 1427 1571 1455 referens
1588 1427 1752 1462 spectacula,

966 1477 994 1499 et
1005 1472 1119 1499 talorum
1135 1472 1300 1505 studium,et
1312 1473 1455 1508 populares
1470 1473 1503 1501 de
1513 1474 1590 1508 eqttis
1603 1480 1754 1505 sermones,

967 1521 994 1545 et
1018 1518 1101 1545 multa
1119 1519 1171 1546 alia
1195 1527 1362 1554 qna-cunque
1378 1519 1447 1547 illius
1470 1520 1568 1555 lingua:
1582 1525 1729 1547 occurrunt
1748 1531 1754 1547 :

967 1564 1115 1592 etiamnum
1136 1573 1200 1592 vero
1226 1565 1291 1593 dicit
1319 1571 1345 1593 te
1367 1567 1401 1593 ab
1421 1566 1499 1600 equis
1522 1566 1596 1598 vehi,
1621 1570 1649 1594 et
1675 1574 1754 1594 cursu

969 1610 1106 1638 velocibus
1121 1611 1241 1638 assidere
1260 1619 1378 1646 semper,
1395 1613 1600 1640 etadulatorum
1619 1618 1678 1640 arte
1696 1620 1756 1640 ese-

969 1661 1043 1683 ctum
1055 1655 1140 1684 fuisse
1150 1657 1194 1690 qui
1210 1657 1285 1691 prius
1296 1657 1382 1684 ventri
1399 1657 1566 1693 indulgebas.
1577 1657 1636 1686 Non
1649 1665 1755 1694 possem

970 1710 1021 1729 una
1033 1702 1091 1729 vice
1107 1702 1198 1730 dicere
1214 1703 1344 1737 quidquid
1360 1711 1431 1738 saepe
1442 1704 1540 1738 smpius
1555 1705 1623 1731 meis
1644 1705 1756 1732 auribus

970 1748 1128 1776 instillabat.
1162 1747 1231 1775 Audi
1257 1756 1391 1776 causam:
1414 1758 1424 1775 ι
1441 1749 1532 1777 Nudus
1559 1757 1630 1782 sum,
1658 1750 1755 1785 inquit,

970 1798 1101 1827 quantum
1113 1793 1180 1821 ineo
1194 1797 1244 1824 est,
1256 1801 1306 1828 ego
1321 1803 1329 1821 :
1345 1801 1426 1821 unum
1443 1795 1507 1822 milii
1522 1801 1662 1830 superent
1675 1797 1757 1822 vcsti-

971 1843 1090 1866 mentum
1102 1840 1136 1867 ad
1149 1841 1333 1875 sepulturam;
1352 1846 1378 1867 et
1391 1848 1439 1875 per
1451 1841 1530 1868 istum
1543 1841 1610 1868 mihi
1621 1842 1755 1876 perditura

971 1885 1037 1919 fuit;
1057 1893 1118 1913 nam
1135 1886 1218 1914 linum
1231 1886 1407 1918 fabricatum,
1427 1891 1456 1914 ut
1468 1887 1568 1920 aiebat,
1595 1895 1705 1915 sumens
1728 1893 1758 1915 ut

971 1935 1044 1958 esset
1068 1932 1205 1966 specimen
1230 1936 1258 1959 et
1285 1932 1424 1967 exemplar
1452 1933 1606 1960 vestimenti
1633 1933 1757 1961 manibus

972 1976 1134 2004 famularum
1152 1984 1262 2004 suarunt
1277 1978 1397 2010 texendi,
1422 1978 1464 2005 Iro
1484 1978 1624 2005 nudiorem
1637 1986 1679 2005 me
1696 1987 1756 2007 esse

972 2030 1024 2050 non
1048 2023 1165 2050 advertit
1180 2023 1254 2057 :jam
1271 2023 1378 2058 longum
1398 2023 1500 2051 ellluxit
1515 2029 1631 2060 tempus,
1648 2029 1676 2052 et
1695 2033 1758 2060 spes

973 2075 1033 2095 mea
1049 2075 1157 2103 semper
1167 2068 1301 2096 dill'ertur.
1322 2080 1331 2095 ι
1354 2070 1382 2096 Si
1395 2070 1476 2104 igitur
1487 2071 1554 2097 velis
1564 2071 1682 2106 linguam
1699 2071 1759 2106 ejus

974 2115 1108 2143 mitiorem
1125 2116 1224 2148 facere,
1237 2120 1265 2142 et
1277 2123 1351 2143 nteas
1366 2115 1481 2143 liberare
1495 2124 1585 2148 aures,
1610 2125 1690 2151 quant
1706 2118 1759 2145 cito

973 2159 1050 2200 mitte
1062 2159 1252 2186 vestimentum
1267 2167 1274 2191 ;
1303 2160 1324 2186 si
1341 2167 1405 2192 non,
1431 2167 1482 2186 non
1501 2160 1577 2187 valeo
1592 2161 1682 2189 dicere
1695 2161 1758 2196 qttid

974 2202 1095 2230 dicturus
1109 2203 1155 2235 sit,
1176 2203 1238 2237 quia
1261 2202 1343 2230 etiam
1360 2210 1413 2230 non
1430 2203 1532 2231 ltabens
1545 2204 1616 2232 unde
1636 2205 1760 2232 incrimi-

136 2252 181 2278 τὸν
205 2251 261 2286 βίον
278 2251 442 2285 πεποίηται·
459 2250 524 2277 εἰδὲ
544 2250 592 2277 καὶ
605 2250 752 2286 προσλάϐοι
765 2259 792 2276 τι
811 2250 916 2277 δίκαιον

975 2255 1064 2283 netur,
1087 2250 1114 2276 in
1130 2248 1294 2284 loquacitate
1310 2250 1392 2276 vitam
1409 2257 1485 2277 suam
1504 2251 1625 2285 reponit;
1656 2252 1678 2279 si
1695 2253 1759 2287 quid

136 2298 224 2328 εἴποις
238 2297 271 2324 ἂν
287 2296 369 2324 αὐτοῦ
381 2297 414 2332 τῇ
430 2296 538 2333 γλώττῃ
548 2297 594 2323 τὸν
608 2296 693 2332 θυμὸν
708 2296 834 2323 ἐνοικεῖν.

137 2387 194 2415 san
215 2387 333 2422 ΓΕΣΣΙῼ
356 2386 604 2422 ιΑτΡυΣοοιΣΤῃ
633 2386 731 2421 [Baud.
746 2385 892 2422 ΓΕΝΗΣΙῼ
905 2385 923 2422 ι.

173 2433 279 2468 Ἥσοην
295 2433 336 2460 ὅτι
349 2433 395 2460 τὸν
409 2433 491 2460 καλὸν
505 2432 640 2467 Δωρόθεον
654 2432 682 2458 ὃν
696 2432 760 2468 ὑμῖν
776 2432 820 2459 διὰ
834 2441 924 2468 γραμ-

138 2479 232 2514 μάτων
253 2478 406 2514 συνέστησα
427 2478 571 2513 πρότερον,
597 2477 691 2504 τοῦτον
715 2478 748 2504 ὲκ
773 2478 924 2513 μεταϐολῆς

137 2524 213 2552 αὐτοί
228 2533 274 2560 μοι
287 2523 467 2555 συνιστῶντες
485 2523 633 2559 ἐγράψατε.
649 2524 682 2550 Τί
702 2524 755 2559 γὰρ
768 2523 812 2558 εἴη
832 2524 925 2559 μεῖζον

137 2572 287 2606 τεκμήριον
305 2570 352 2597 τοῦ
367 2571 428 2597 κατ’
444 2570 554 2600 ἐλπίδας
566 2571 632 2606 ἡμῖν
651 2570 776 2606 χωρῆσαι
789 2569 823 2596 τὰ
835 2570 926 2606 γράμ-

140 2625 230 2653 ματα;
249 2616 333 2644 ἐλθὼν
351 2617 380 2643 δὲ
404 2616 472 2651 πρὸς
486 2617 559 2652 ἡμᾶς
573 2617 648 2644 οὐδὲν
668 2617 746 2652 ἤθελε
762 2617 861 2650 λέγειν,
873 2617 887 2643 ὃ
899 2625 926 2643 τι

140 2663 178 2699 μὴ
199 2663 229 2690 σὲ
245 2663 330 2698 κάμοὶ
349 2662 504 2698 χαριεῖσθαι.
524 2663 619 2696 θέλων,
646 2663 694 2690 καὶ
709 2664 741 2698 τῇ
761 2663 854 2699 μνήμῃ
872 2663 926 2690 τῶν

141 2710 195 2737 σῶν
213 2709 436 2745 εὐφραινόμενος,
448 2708 495 2736 καί
508 2717 538 2735 σε
548 2709 631 2736 πολὺν
642 2709 688 2735 ὲπὶ
701 2709 833 2744 στόματος
846 2708 924 2745 ἦγεν,

138 2756 177 2788 ὡς
198 2756 309 2788 εὔνουν,
330 2755 367 2787 ὡς
397 2754 511 2789 ἀγαθὸν,
530 2755 568 2786 ὡς
585 2754 693 2790 γλώττῃ
721 2755 768 2782 καὶ
785 2756 858 2790 χειρὶ
881 2755 927 2782 τὸν

146 2803 309 2837 Ἀσκληπιὸν
323 2802 535 2838 παρακείμενον.
549 2803 603 2829 Καὶ
612 2802 684 2829 οὕτω
695 2802 727 2836 δὴ
737 2803 768 2829 τὸ
778 2804 827 2838 τῆς
840 2803 926 2837 ίατρι-

141 2850 192 2885 κῆς
211 2849 347 2885 αὐστηρὸν
358 2850 386 2875 αἱ
402 2849 452 2884 τῆς
472 2849 607 2884 ὑμετέρας
625 2849 746 2884 γλώττης
763 2849 926 2883 παρεμυθή-

143 2904 222 2923 σαντο
251 2895 374 2930 χάριτες·
397 2894 481 2921 ταῦτα
493 2894 616 2928 λέγοντος
634 2893 841 2929 προυλάμϐανον
864 2893 928 2924 τοὺς

974 2300 1063 2322 autem
1078 2295 1143 2330 justi
1162 2296 1332 2330 proﬁteatur,
1351 2295 1426 2323 dicas
1438 2295 1475 2322 illi
1490 2297 1610 2323 animum
1626 2297 1652 2324 in
1670 2296 1758 2332 lingua

974 2341 1101 2369 residere.

1168 2387 1261 2414 LXIV.
1282 2387 1404 2416 GESSIO
1420 2387 1556 2416 MEDICO.

1009 2434 1124 2462 Gavisus
1139 2441 1199 2461 sum
1209 2441 1241 2461 eo
1252 2435 1324 2469 quod
1337 2435 1478 2469 pulchrum
1490 2435 1665 2469 Dorotlteum,
1680 2443 1760 2470 quem

975 2481 1050 2508 vobis
1066 2488 1113 2515 per
1133 2480 1235 2508 litteras
1254 2481 1508 2508 commendaveram
1529 2481 1614 2516 prius,
1636 2483 1760 2510 eumdem

975 2527 1034 2554 vice
1042 2534 1119 2553 versa
1127 2534 1175 2554 vos
1187 2526 1238 2560 ipsi
1253 2527 1317 2553 mihi
1331 2527 1357 2553 in
1369 2527 1482 2561 epistola
1492 2527 1760 2556 contmeudaverilis:

975 2571 1040 2607 quid
1054 2573 1125 2599 enim
1142 2572 1228 2607 magis
1241 2572 1342 2600 indicet
1359 2573 1463 2599 litteras
1490 2578 1596 2600 nostras
1623 2579 1761 2608 speratum

975 2619 1127 2646 obtinuisse
1142 2618 1318 2646 successum?
1346 2618 1381 2646 Ut
1392 2619 1425 2646 ad
1442 2627 1491 2647 nos
1506 2620 1640 2653 pervenit,
1656 2611 1773 2648 nolebat.

976 2664 1123 2700 quidquam
1135 2664 1236 2697 dicere,
1259 2663 1322 2697 quin
1338 2668 1362 2690 te
1379 2663 1444 2690 mihi
1457 2664 1638 2698 gratissimum
1656 2665 1777 2698 cllicers,

976 2713 1099 2743 cuperet,
1127 2712 1290 2741 tuorumque
1306 2707 1498 2735 beneﬁciorum
1514 2709 1644 2735 memoria
1657 2709 1767 2736 laetarcv

977 2759 1038 2787 tur;
1055 2761 1086 2781 ac
1100 2758 1124 2781 te
1137 2753 1385 2788 frequentissimum
1401 2753 1426 2779 itt
1440 2760 1488 2780 ore
1499 2753 1624 2787 habebat,
1641 2759 1671 2782 ut
1681 2755 1763 2782 bene-

977 2799 1077 2832 volum,
1109 2803 1138 2826 ut
1167 2799 1310 2834 optimum,
1341 2804 1370 2825 ιιι
1392 2799 1482 2833 lingua
1496 2803 1524 2826 et
1542 2807 1621 2826 manu
1639 2799 1763 2835 ESCuIapI

977 2847 1130 2881 proximum
1145 2855 1151 2873 :
1169 2853 1256 2880 usque
1265 2846 1332 2873 adeo
1347 2845 1487 2872 medicinae
1496 2845 1670 2880 asperitatem
1680 2847 1763 2875 vestri

979 2891 1112 2919 sermonis
1127 2891 1220 2926 gratia:
1240 2890 1436 2926 temperabant.
1458 2888 1533 2917 Talia
1557 2890 1691 2926 loquentis
1706 2892 1761 2919 elo.
