1988 3079
211 155 280 189 2771

877 154 1051 186 PROCOPII
1071 155 1192 185 GALEI

1769 154 1845 186 2772

211 215 264 249 aiis
292 220 343 249 ego
369 213 586 249 praecurrebam,
613 214 770 250 priusquam
801 212 937 247 audirem_
956 218 997 239 tua

1053 212 1181 244 ἐπαίνους
1202 211 1258 246 ἐγὼ
1272 211 1338 247 πρὶν
1351 211 1466 239 ἀκοῦσαι
1487 211 1521 239 τὰ
1536 210 1572 238 σὰ
1585 211 1777 246 διηγούμενοςι
1795 213 1846 238 καὶ

211 266 324 286 narrans
334 263 375 291 :et
391 267 398 286 :
419 259 506 286 «Eum
519 259 573 287 fers
583 260 616 287 ad
629 259 855 294 glaueazPalladis
867 260 972 293 urbem,
986 267 995 284 ι

211 304 248 331 illi
261 304 376 332 aiebam.
398 304 451 332 Sed
462 307 501 339 ;eo
514 305 655 332 ardentior
670 310 740 338 erat,
764 308 795 333 et‘
818 305 922 340 aliquid
936 305 997 332 novi

209 357 240 377 se
251 349 350 376 addere
362 354 469 384 putans,
486 349 512 378 id
528 351 598 384 apud
616 357 660 378 me
672 349 834 385 jampridem
851 350 999 384 repositum

210 395 374 426 inveniebat,
408 399 463 421 tum
491 395 607 423 libenter
623 396 720 423 silebat
748 396 895 430 deinceps;
924 400 1000 431 post-

209 447 291 473 quam
308 439 480 467 dictitaverat
493 447 522 468 se
534 441 636 476 gratias
648 441 748 468 habere
762 441 824 475 diis,
836 440 906 476 quod
918 440 998 467 talem

208 484 369 512 obtinuisset
384 486 555 521 magistrum,
571 487 605 514 de
628 494 681 520 quo
706 487 796 514 omnia
814 487 866 514 dici
883 491 999 522 possunt

208 534 235 556 et
247 529 312 557 nihil
326 537 425 558 novum
433 531 564 559 nuntiari.
577 532 618 559 Tu
628 539 692 560 vero
705 537 730 559 te
743 537 828 559 totum
846 533 879 559 da
893 531 997 567 juveni.

208 575 254 609 qui
270 574 376 602 etiamsi
392 575 459 603 nihil
473 575 545 606 aliud
559 576 682 610 haberet,
693 581 768 605 certe
781 577 832 605 scit
841 577 999 605 meminisse

207 619 425 648 benefactorum.

459 666 540 695 LXV.
559 667 745 696 ANTIOCHO.

245 712 381 745 Quantum
399 713 471 740 circa
486 717 512 740 te
529 721 576 748 spe
593 713 727 741 fallebar!
769 713 902 742 Putabam
924 714 998 742 enim

209 762 247 790 te,
268 757 313 784 vix
329 765 344 785 e
359 758 512 786 medicinali
536 759 607 786 victu
633 759 787 793 liberatum,
813 760 848 787 ad
870 767 919 788 nos
934 767 999 788 ven-

210 808 300 830 turum
320 803 458 839 deinceps,
471 804 528 832 sive
537 809 566 832 ut
579 805 759 840 philosophia:
775 811 800 833 tu
810 806 889 834 dares
903 814 997 834 secun-

208 848 274 875 dum
297 853 341 876 tua
365 850 511 884 promissa,
540 851 597 878 sive
619 852 751 879 duntaxat
774 856 803 879 ut
816 859 865 879 nos
879 852 997 880 videres.

208 893 250 923 Tu
258 902 322 922 vero
334 895 411 923 nobis
422 903 512 923 moras
522 897 618 929 nectis.
629 897 821 924 Alexandriam
829 897 997 931 desiderans,
1014 885 1035 913 Β

207 943 236 967 et
254 940 330 975 quasi
345 940 564 976 Lotoyhagorum
594 947 674 969 terra:
701 941 847 970 inlizerens.
870 942 922 970 Sed
939 951 998 970 mea

207 986 296 1021 gratia
314 985 374 1013 sine
388 985 543 1014 Macedonis
562 987 654 1014 urbem
666 987 759 1014 multis
771 994 884 1023 regnare
897 987 998 1023 lepori-

209 1032 260 1060 bus
288 1037 314 1059 et
341 1031 393 1060 Nili
420 1033 557 1068 marisque
592 1033 795 1068 pulchritudine
821 1034 934 1069 gestire.
968 1033 997 1062 Si

209 1084 300 1108 tamen
312 1079 383 1107 hanc
398 1079 484 1114 ipsam
499 1080 593 1108 urbem
607 1080 690 1109 Musae
705 1081 838 1113 habitant,
858 1089 901 1108 me
914 1082 997 1108 etiam

209 1125 293 1153 habes
317 1125 500 1158 laudatorem;
531 1126 579 1154 sed
606 1126 664 1154 haec
681 1126 738 1156 sint
753 1127 786 1154 ad
802 1126 997 1161 quiescendum

208 1171 280 1204 apud
301 1177 349 1198 nos
373 1175 401 1198 et
415 1171 631 1206 amplectendam
656 1172 729 1200 illam
748 1180 830 1207 quant
854 1179 926 1207 smpe
940 1179 1000 1207 spe~

209 1217 329 1244 favimus
350 1216 558 1252 philosophiam.
580 1216 651 1250 Ergo
675 1218 780 1253 reliqua
807 1225 897 1245 meras
925 1218 998 1245 velut

208 1262 326 1296 ineptias
341 1262 478 1299 rejiciens,
501 1264 608 1293 inritare
624 1264 747 1300 Ulyssem
770 1264 804 1291 ad
819 1272 911 1292 veram
925 1264 998 1291 Itha-

209 1312 268 1337 σθω
293 1306 461 1341 respiciens;
484 1314 517 1335 ac
533 1307 599 1337 nihil
628 1313 653 1335 te
675 1307 814 1342 impediat,
841 1315 894 1335 non
915 1307 997 1340 latus,

209 1359 262 1379 non
276 1350 366 1383 Circe.
378 1359 430 1379 non
448 1351 574 1388 Calypso,
589 1353 637 1380 sed
649 1358 751 1387 quanto
768 1353 870 1388 majora
886 1352 997 1380 festinas

208 1400 242 1425 ad
257 1398 362 1432 bravia,
378 1403 451 1426 tanto
467 1398 638 1427 Laertiadem
653 1407 824 1434 superemus.

458 1444 551 1473 LXVI.
572 1445 764 1473 STEPIIANO.

243 1486 327 1520 Nihil,
345 1493 376 1517 ut
387 1488 502 1522 videtur,
516 1497 571 1517 non
587 1497 700 1517 aureum
714 1490 803 1518 cernis
819 1499 826 1518 :
843 1491 894 1519 hoc
905 1496 996 1520 autem

1050 257 1160 284 Γλαῦκα
1171 258 1265 293 φέρεις
1281 258 1421 293 Ἀθήναζε,
1431 257 1499 292 πρὸς
1512 257 1607 284 τοῦτον
1617 257 1709 291 ἐλεγον
1721 257 1844 293 μειδιῶν⁹

1049 303 1064 329 ὁ
1076 302 1103 329 δὲ
1118 303 1334 338 φιλονεικότερος
1346 301 1391 338 ἦν,
1407 303 1456 330 καὶ
1471 302 1559 330 δοκῶν
1570 312 1596 330 τι
1611 303 1704 330 καινὸν
1716 304 1843 337 ἐπάγειν,

1052 349 1138 376 πάλαι
1154 348 1283 384 κείμενον
1296 348 1408 385 εὕρισκε
1423 349 1488 383 παρ’
1504 348 1576 384 ἐμοί.
1595 349 1651 377 Καὶ
1672 349 1731 384 μεθ’
1745 349 1844 384 ἡδονῆς

1048 394 1130 429 ἐσίγα
1149 395 1242 422 λοιπόν
1252 395 1348 431 ’ςχάριν
1363 394 1448 421 εἰπὼν
1459 394 1532 430 ἔχειν
1545 395 1602 426 τοῖς
1613 394 1699 428 θεοῖς,
1713 396 1736 422 εἰ
1750 395 1844 422 τοιοῦ-

1048 448 1094 467 τον
1119 440 1251 477 εὐτύχησε
1279 440 1459 468 διδάσκαλον·
1480 441 1546 476 περὶ
1567 438 1598 467 οὑ
1618 441 1666 469 καὶ
1691 441 1781 468 πάντα
1795 440 1844 467 λέ-

1052 493 1113 520 γειν
1129 485 1187 512 ἐστι
1199 485 1248 513 καὶ
1265 485 1357 512 καινὸν
1368 485 1548 519 ἐπαγγέλλειν
1559 485 1649 512 οὐδέν’
1661 485 1729 512 ἀλλὰ
1742 485 1845 512 σαυτὸν

1050 529 1111 557 ὅλον
1131 529 1224 566 φέρων
1240 530 1332 562 ἐπίδος
1347 529 1386 563 τῷ
1401 530 1464 566 νέῳ,
1479 529 1509 562 ὃς
1527 530 1552 556 εί
1570 530 1617 557 καὶ
1632 530 1715 566 μηδὲν
1734 530 1843 567 ἕτερον,

1050 576 1207 612 μεμνῆσθαι
1218 576 1283 611 γοῦν
1296 575 1350 604 οῐδε
1362 577 1416 603 τῶν
1428 576 1460 605 εὖ
1472 576 1630 605 ποιούντων.

1316 667 1377 695 ΞΕ⁸.
1413 668 1576 702 ΑΝΤΙΟΧῼ.

1087 715 1172 750 Ὅσης
1186 713 1233 741 ἐπὶ
1247 713 1289 741 σοὶ
1303 714 1354 749 τῆς
1367 714 1478 745 ἐλπίδος
1499 713 1668 750 διήμαρτονί
1683 712 1762 748 ᾤμην
1786 714 1844 750 γάρ

1049 770 1080 788 σε
1105 760 1183 796 μόλις
1204 760 1328 796 ἰατρικῆς
1352 759 1418 794 ὕλης
1440 759 1651 795 ἀπηλλαγμένον
1676 759 1745 794 πρὸς
1766 760 1842 794 ἡμᾶς

1050 807 1118 834 ίέναι
1144 806 1251 833 λοιπόν*
1277 805 1332 832 εἴτε
1357 805 1577 840 φιλοσοφήσαντα
1605 804 1675 832 κατὰ
1697 804 1748 837 τὰς
1773 805 1843 841 πρὶν

1049 853 1228 888 ὑποσχέσεις,
1248 852 1304 879 εἴτε
1321 852 1368 878 καὶ
1386 852 1467 887 μόνον
1488 851 1637 887 ἁψόμενον·
1657 851 1689 877 σὺ
1704 851 1732 878 δὲ
1754 860 1841 878 κατα-

1049 897 1148 928 τείνεις
1168 897 1256 932 ἡμᾶς,
1278 896 1328 932 τὴν
1354 896 1530 932 Ἀλεξάνδρου
1555 895 1656 927 ποθῶν,
1680 896 1727 923 καὶ
1743 896 1843 931 ὥσπερ

1049 942 1213 978 λωτοφάγων
1235 944 1287 978 γῆς
1298 942 1488 977 ἀντεχόμενος.
1512 941 1583 968 ’Δλλ’
1603 941 1671 977 ἐμοῦ
1690 941 1739 977 μὲν
1753 942 1840 968 ’ἐνεκα

1049 988 1152 1015 νικάτω
1165 988 1258 1024 χάρισι
1273 987 1385 1019 πολλαῖς
1403 988 1450 1014 τοῦ
1465 987 1621 1019 Μακεδόνος
1643 988 1659 1023 ἡ
1686 987 1773 1021 πόλις,
1789 989 1841 1014 καὶ

1048 1035 1146 1062 Νείλου
1162 1035 1211 1062 καὶ
1221 1034 1356 1070 θαλάττης
1367 1034 1453 1069 ἐχέτω
1466 1033 1556 1065 καλῶς
1565 1041 1572 1049 ·
1586 1034 1610 1060 εί
1623 1034 1652 1060 δὲ
1670 1034 1717 1060 καὶ
1730 1033 1843 1062 Μοῦσαι

1047 1082 1151 1116 ταύτην
1163 1081 1294 1114 οἰκοῦσιν,
1307 1081 1379 1116 ἑχεις
1392 1080 1556 1107 ἐπαινοῦντα
1566 1079 1639 1115 κάμέ
1648 1087 1655 1095 ·
1668 1080 1735 1106 ἀλλὰ
1749 1080 1842 1107 ταῦτα

1049 1126 1117 1161 πρὸς
1130 1126 1180 1161 τὴν
1197 1126 1263 1161 παρ’
1286 1126 1352 1161 ἡμῖν
1368 1125 1483 1160 ἡσυχίαν
1504 1125 1552 1152 καὶ
1567 1124 1615 1160 τὴν
1634 1124 1793 1159 φιλοσοφίαν
1804 1125 1841 1160 ἢν

1049 1170 1180 1202 πολλάκις
1200 1169 1373 1205 ἠλπίκαμεν·
1401 1169 1499 1196 οὐκοῦν
1524 1169 1610 1196 τᾶλλα
1636 1169 1760 1204 καθάπερ
1777 1170 1843 1197 τινὰ

1049 1216 1184 1252 φλυαρίαν
1211 1216 1437 1251 ἀποσεισάμενος,
1455 1215 1540 1251 μιμοῦ
1563 1215 1693 1242 Ὀδυσσέα
1707 1215 1776 1250 πρὸς
1788 1216 1841 1250 τὴν

1049 1261 1134 1293 ὅντως
1163 1260 1269 1295 Ἰθάκην
1289 1261 1371 1297 ὁρῶν.
1397 1261 1452 1287 Καὶ
1483 1260 1565 1296 μηδέν
1590 1269 1619 1287 σε
1638 1259 1782 1292 κωλυέτω,
1800 1261 1842 1296 μὴ

1048 1299 1148 1339 λωτὸς,
1166 1306 1203 1341 μὴ
1220 1307 1322 1342 Κίρκη,
1336 1306 1373 1342 μὴ
1394 1305 1532 1341 Καλυψώ·
1556 1305 1615 1333 ἀλλ’
1631 1306 1686 1342 ὅσῳ
1699 1307 1763 1342 περὶ
1779 1315 1842 1342 μει-

1049 1353 1134 1386 ζόνων
1146 1353 1244 1389 ἐπείγῃ
1259 1352 1312 1380 τῶν
1327 1353 1427 1387 ἄθλων,
1439 1352 1565 1380 τοσοῦτον
1577 1352 1698 1388 Λαέρτου
1719 1353 1840 1388 νικήσω-

1050 1407 1111 1434 μεν.

1312 1445 1382 1478 aqu
1402 1443 1570 1480 ΣΤΕΦΑΝῼ.

1085 1490 1178 1524 Οὐδὲν,
1190 1490 1227 1522 ὡς
1238 1489 1337 1524 ἔοικεν,
1353 1490 1367 1517 ὃ
1381 1498 1408 1516 τι
1418 1490 1456 1525 μὴ
1466 1491 1579 1525 χρυσίον
1593 1490 1659 1526 ὁρᾷς
1670 1498 1677 1506 ³
1691 1490 1752 1524 ἄγει
1765 1490 1794 1516 δέ
1808 1497 1840 1516 σε

209 1532 297 1567 ipsum
316 1539 340 1560 te
357 1534 462 1565 extollit
478 1539 506 1562 et
525 1535 625 1561 elatum
642 1534 717 1569 facit,
733 1540 759 1563 et
774 1537 878 1564 auratis
903 1537 997 1573 imagi-

1051 1537 1118 1564 αὐτὸ
1131 1537 1179 1564 καὶ
1205 1537 1280 1564 ποιεῖ
1299 1536 1457 1572 μετάρσιον,
1472 1536 1520 1563 καὶ
1533 1545 1642 1572 χρυσων
1658 1536 1776 1563 εἰδώλων
1790 1537 1841 1564 ἁν-

209 1579 290 1607 nibus
307 1585 379 1607 tuam
398 1580 490 1615 implet
516 1580 747 1616 imaginationem.
782 1581 821 1608 Ex
852 1590 906 1617 quo
925 1584 998 1610 enim

211 1626 257 1657 tibi
272 1626 305 1654 ad
317 1628 499 1658 excusandam
520 1635 622 1656 tnoram
635 1627 732 1662 scripsi
747 1635 799 1655 non
813 1628 903 1655 omnia
920 1628 1000 1656 nobis

208 1671 276 1703 dare
291 1672 523 1706 circumstantias,
548 1673 596 1701 sed
621 1680 654 1700 ea
672 1681 732 1708 qua:
749 1673 781 1701 ad
808 1674 998 1702 necessitatem

210 1717 296 1745 latum
308 1724 446 1750 mensurat
460 1718 518 1754 (per
532 1718 722 1746 necessitatem
742 1719 930 1754 intelligendo,
945 1727 997 1747 non

210 1763 366 1791 divitiarum
383 1765 536 1799 penuriam,
561 1765 610 1793 sed
631 1765 694 1792 illud
723 1767 749 1792 in
776 1767 872 1799 quoda
890 1766 998 1793 fortuna

210 1809 363 1844 ducimur);
377 1815 404 1836 tu
421 1810 447 1837 in
460 1817 555 1838 aurum
572 1816 643 1839 totus
654 1811 788 1844 insiliens,
801 1812 865 1838 mihi
880 1812 997 1847 compati

210 1853 347 1881 videbaris
367 1854 507 1890 indigenti,
530 1860 557 1883 et
573 1856 715 1890 quairebas
736 1856 818 1883 solari
834 1856 999 1887 conferendo

210 1898 409 1934 philosophiam
427 1900 542 1933 divitiis,
563 1901 679 1936 perinde
692 1909 724 1929 ac
750 1902 772 1929 si
795 1909 845 1936 ego
861 1910 998 1937 gemerem

209 1945 280 1980 quod
296 1953 348 1973 non
360 1945 449 1977 Croesi
465 1947 573 1976 talentis
583 1948 716 1975 abundem
734 1956 741 1974 :
760 1948 832 1977 hunc
846 1948 892 1976 tibi
900 1955 997 1976 sonum

209 1997 292 2018 aures
304 1996 461 2024 susurrant.
478 1996 505 2019 et
523 1999 619 2019 onmes
629 1993 662 2020 de
671 1999 737 2020 auro
753 1993 895 2027 loquentes
904 1993 999 2021 audire

210 2036 257 2063 tibi
268 2036 468 2071 videris.Qnid,
485 2045 533 2072 per
543 2037 651 2072 Jovem.
664 2043 690 2066 te
705 2038 732 2066 in
750 2038 902 2073 ltujusmodi
915 2039 998 2065 henc-

210 2081 353 2111 volentiam
369 2083 494 2111 induxit?
509 2083 650 2117 Quomodo
667 2091 709 2111 me
725 2091 883 2113 excusarent
901 2092 915 2110 a
931 2084 999 2112 scri-

209 2128 290 2156 bendi
309 2136 394 2162 mora,
408 2130 530 2165 pecunia;
551 2129 729 2165 indigentiam
749 2130 912 2165 allegando!
937 2135 998 2157 tau-.

209 2181 290 2208 quam
307 2175 330 2202 si
350 2175 433 2203 multo
448 2175 638 2204 circumﬂuere
659 2183 728 2203 auro
749 2176 859 2203 deberet
875 2176 920 2210 qui
945 2177 999 2210 epi-

1049 1582 1150 1617 έπληοέ
1167 1590 1214 1609 σου
1227 1582 1273 1608 τὸν
1289 1580 1363 1609 νοῦν.
1385 1581 1467 1616 Ἑμοῦ
1483 1581 1537 1617 γάρ
1549 1590 1590 1609 σοι
1606 1582 1671 1618 περὶ
1681 1581 1780 1618 σχολῆς
1792 1590 1841 1616 γε·

1049 1627 1197 1661 γραφότος,
1215 1627 1253 1658 ὡς
1263 1626 1294 1653 οὑ
1313 1626 1403 1654 πάντα
1420 1626 1528 1654 δίδωσιν
1539 1627 1606 1662 ἡμῖν
1618 1628 1633 1654 ὸ
1649 1627 1755 1664 καιρὸς,
1778 1627 1840 1654 ἀλλ’

1049 1673 1100 1700 ὅσα
1117 1672 1187 1708 πρὸς
1200 1673 1249 1708 τὴν
1259 1673 1355 1708 χρείαν
1369 1673 1475 1709 ἀνάγκη
1490 1674 1594 1709 μετρεῖ,
1611 1673 1660 1700 καὶ
1675 1673 1772 1709 χρείαν
1797 1674 1839 1699 εί-

1049 1718 1158 1751 πόντος,
1177 1717 1208 1744 οὑ
1234 1717 1282 1753 τὴν
1301 1727 1353 1746 των
1380 1718 1531 1754 χρημάτων
1544 1718 1660 1750 ἔνδειαν,
1676 1718 1734 1745 ἀλλ’
1748 1718 1791 1753 ἐφ’
1815 1715 1841 1754 ᾧ

1049 1764 1114 1798 περὶ
1128 1764 1178 1798 τῆς
1189 1763 1274 1798 τύχης
1288 1764 1424 1799 ἀγόμεθα,
1439 1764 1471 1790 σὺ
1495 1764 1565 1800 πρὸς
1588 1764 1619 1791 τδ
1633 1764 1744 1799 χρυσίον
1769 1763 1840 1797 ὅλως

1048 1809 1183 1844 ὁρμήσας,
1197 1810 1243 1835 καὶ
1259 1809 1439 1844 συνάχθεσθαί
1453 1817 1499 1844 μοι
1525 1809 1628 1844 ἐδόκεις
1641 1809 1811 1844 ἡπαρημὲνῳ
1824 1816 1832 1823 ·

1048 1842 1096 1880 καλΙ
1111 1842 1289 1889 παραμυθίαν
1309 1842 1427 1890 ἐξῄτεις,
1529 1842 1838 1888 φιλοῖοφίαν-ἀντιτατ-

1048 1908 1102 1926 των
1116 1900 1173 1930 τοῖς
1189 1900 1347 1935 χρήμασινο
1360 1900 1398 1931 ὠς
1414 1899 1481 1935 ἐμοῦ
1507 1899 1540 1935 δὴ
1558 1900 1709 1932 στένοντος,
1729 1899 1770 1926 ὅτι
1799 1900 1839 1936 μὴ

1047 1946 1104 1976 τοῖς
1119 1945 1235 1980 Κροίσου
1263 1945 1406 1977 ταλάντοις
1427 1945 1590 1980 ἁϐρύνομαι,
1615 1945 1685 1972 οὕτω
1708 1945 1839 1980 περιὸομ-

1048 1989 1092 2016 δεῖ
1110 1998 1156 2016 σου
1171 1990 1206 2017 τὰ
1219 1987 1286 2023 ὦτα,
1310 1991 1358 2017 καὶ
1368 1990 1478 2018 πάντων
1494 1990 1583 2022 δοκεῖς
1606 1990 1719 2026 χρυσίον
1740 1990 1836 2024 λεγόν-

1048 2043 1103 2062 των
1119 2035 1245 2061 ἀκούειν·
1260 2035 1287 2062 τί
1300 2035 1354 2070 γάρ
1370 2043 1412 2068 σε,
1429 2035 1497 2070 πρὸς
1512 2035 1583 2067 Διὸς,
1604 2034 1652 2061 ἐπί
1670 2035 1772 2070 ταύτην
1789 2035 1838 2061 ἐπ-

1048 2080 1099 2116 ῆγε
1112 2080 1162 2115 τὴν
1172 2080 1293 2113 εὔνοιανς
1307 2080 1324 2115 ἢ
1337 2080 1394 2112 πῶς
1404 2079 1438 2107 ἃν
1453 2080 1645 2115 ἀπελογούμην
1661 2081 1726 2115 περὶ
1739 2080 1785 2107 τοῦ
1798 2081 1837 2116 μὴ

1049 2126 1165 2162 γράφειν
1184 2126 1329 2157 ἐπιστολὰς
1342 2125 1492 2162 χρημάτων
1518 2123 1621 2153 ἔνδειαν
1646 2126 1836 2162 προϐαλλόμε-

1048 2180 1093 2203 νος
1104 2180 1110 2204 ;
1123 2171 1161 2203 ὡς
1185 2171 1245 2198 δέον
1266 2170 1357 2209 πολλῷ
1374 2171 1573 2207 καταρρεῖσθαι
1588 2171 1693 2207 χρυσίῳ
1713 2172 1759 2198 τὸν
1776 2168 1838 2198 ἐπι-

210 2221 307 2248 stolam
321 2221 422 2253 mittit;
439 2221 504 2254 imo,
519 2221 541 2249 si
551 2222 658 2256 quidem
670 2222 770 2257 aliquid
783 2222 866 2254 aliud,
878 2222 997 2250 scribere

1052 2217 1206 2245 στέλλοντα.
1222 2217 1277 2245 Καὶ
1293 2216 1346 2253 μὴν
1375 2217 1455 2252 εἰπερ
1468 2225 1495 2243 τι
1509 2216 1556 2246 καὶ
1581 2217 1656 2249 ἄλλο,
1675 2217 1706 2245 τὸ
1719 2217 1838 2255 γράφειν

209 2272 251 2295 est
266 2267 450 2301 independeus
468 2271 496 2294 et
513 2274 527 2294 a
545 2266 614 2294 Pluti
637 2266 740 2299 ditione
760 2266 886 2296 liberum.
907 2266 999 2302 Itaque

211 2321 287 2340 mons
303 2317 347 2340 tua
364 2312 490 2348 passione
507 2312 633 2340 laborare
649 2312 766 2346 videtur,
781 2320 841 2339 nam
856 2312 998 2342 inclinatio

210 2359 237 2386 iu
253 2359 355 2394 aliquid
369 2359 459 2386 omnia
475 2358 501 2386 iu
517 2360 567 2386 hoc
581 2358 726 2391 convertit,
751 2363 779 2386 et
793 2358 900 2386 illusum
917 2360 1000 2386 habet

209 2405 341 2432 auditum.
353 2405 392 2432 Ac
404 2411 499 2432 vereor
511 2412 555 2437 ne,
572 2405 594 2432 si
611 2403 646 2432 de
658 2404 713 2440 lyra
730 2404 826 2439 loquar
845 2404 887 2434 vel
898 2412 998 2440 equina

209 2451 357 2481 nominem.
384 2455 411 2477 tu
425 2457 519 2477 rursus
535 2457 630 2477 aurum
645 2450 739 2477 audire
756 2450 803 2477 tibi
820 2450 947 2481 videaris,
968 2455 996 2477 et

209 2497 278 2524 alios
288 2496 371 2525 eolari
386 2503 513 2530 quzerens
536 2496 594 2531 ipse
608 2495 711 2524 medico
726 2503 816 2531 egeas.
845 2495 891 2524 Sic
909 2496 998 2531 pueri-

209 2543 271 2571 liter
286 2547 375 2571 tecum
388 2543 482 2570 ludere
493 2547 604 2570 coactus
616 2549 687 2575 sum,
701 2542 823 2576 meisque
844 2542 942 2570 litteris
955 2542 997 2569 in-

209 2596 301 2617 screre
319 2589 391 2616 nisus
414 2596 483 2624 quos
498 2588 606 2616 cohibui
624 2593 698 2616 tuam
712 2588 826 2623 legendo
842 2588 995 2623 epiSIolam.

209 2635 250 2663 Tu
265 2642 338 2667 vero,
348 2635 435 2662 detua
453 2634 579 2670 passione
592 2634 731 2669 paululum
744 2634 895 2668 remittens,
908 2634 997 2662 scribe

210 2681 338 2716 deinceps
354 2681 545 2715 sapientiorem
562 2680 716 2716 epistolam.

193 2796 202 2806 _
465 2770 570 2799 LXVII.
589 2770 747 2799 DIODORO.

194 2824 198 2829 ”
246 2817 460 2846 Timidissimum
471 2818 643 2845 Timotheum
661 2825 708 2845 sua
724 2818 832 2852 quidem
846 2817 949 2846 indoles
963 2817 995 2844 ad

213 2865 331 2907 quin
349 2863 581 2911 invitatnmolesta
600 2871 670 2907 vero.
679 2863 786 2896 fortuna
803 2863 855 2891 vim
876 2863 994 2892 inlu'eus

1050 2263 1200 2298 αὑτόνομόν
1213 2263 1242 2291 τέ
1251 2264 1309 2294 ἐστι
1318 2263 1365 2293 καὶ
1377 2263 1427 2298 τῆς
1438 2264 1470 2289 ἐκ
1481 2263 1528 2294 τοὺ
1545 2263 1662 2290 πλούτου
1677 2263 1838 2296 δυναστείας

1049 2310 1209 2346 ἐλεύθερον·
1224 2310 1295 2337 οὕτω
1324 2318 1365 2337 σοι
1384 2310 1419 2336 τὰ
1441 2309 1491 2345 τῆς
1507 2309 1627 2343 διανοίας
1653 2310 1706 2337 ὑπὸ
1722 2311 1769 2338 τοῦ
1784 2311 1838 2338 πό.-

1050 2355 1112 2387 θους
1128 2355 1270 2391 ἐλέγχεται
1283 2363 1290 2371 ⁸
1303 2356 1420 2391 ρέψασαι
1438 2355 1492 2391 γὰρ
1516 2356 1634 2383 ἐνταῦθα
1658 2356 1748 2384 πάντα
1767 2356 1837 2391 πρὸς

1048 2402 1129 2429 τοῦτο
1140 2403 1291 2437 μεταποιεῖ,
1305 2403 1352 2428 καὶ
1361 2402 1597 2437 συναπατωμένην
1605 2402 1662 2437 ἔχει
1672 2402 1722 2437 τὴν
1731 2402 1816 2437 ἀκοήν
1826 2409 1835 2418 ο

1049 2447 1097 2475 καὶ
1113 2447 1229 2479 δέδοικα,
1244 2447 1281 2482 μὴ
1292 2447 1344 2474 κᾶν
1352 2447 1449 2482 λυρίαν
1460 2448 1529 2475 εῐπω
1537 2448 1589 2474 κᾶν
1601 2448 1684 2475 ἵππον
1696 2448 1834 2483 ὀνομάσω,

1048 2494 1130 2521 πάλιν
1146 2494 1230 2526 δόξεις
1245 2494 1355 2529 χρυσίον
1370 2494 1479 2521 ἀκούειν
1490 2501 1498 2509 ·
1515 2494 1561 2520 καὶ
1577 2494 1641 2525 τοὺς
1667 2493 1763 2526 ἄλλους
1780 2503 1836 2521 πα-

1048 2549 1082 2577 ρα
1087 2540 1172 2576 μυοού
1176 2549 1266 2576 μενος,
1282 2539 1363 2571 αὑτὸς
1377 2539 1463 2576 δεήσῃ
1470 2539 1516 2566 τοῦ
1523 2539 1721 2574 θεραπεύοντος
1729 2547 1737 2555 α
1746 2539 1836 2566 ταῦτα

1048 2586 1156 2618 παίζειν
1179 2585 1304 2620 ὑπήχθην
1318 2584 1387 2620 πρὸς
1403 2584 1444 2616 σὲ.
1463 2585 1509 2612 καὶ
1534 2585 1590 2616 τοῖς
1612 2585 1774 2620 γράμμασιν
1790 2586 1836 2612 ὲν-

1047 2631 1132 2659 οεϊναι
1143 2631 1189 2658 τὸν
1207 2630 1362 2665 γέλωτα,ὂν
1373 2630 1494 2664 ὑπέστην
1513 2630 1708 2664 ἀναγινώσκων
1723 2639 1770 2658 σου
1784 2631 1837 2666 τὴν

1047 2678 1194 2712 ἐπιστολήν
1206 2685 1213 2692 ”
1229 2678 1261 2704 σὺ
1279 2676 1307 2704 δὲ
1323 2676 1422 2712 μικρὸν
1443 2676 1490 2704 τοῦ
1507 2676 1610 2708 πάθους
1624 2677 1726 2710 ἐνδοὺς,
1743 2676 1835 2713 γράψε

1046 2724 1140 2751 λοιπὸν
1155 2723 1347 2759 σωφρονοῦσαν
1363 2722 1517 2757 ἐπιστολήν.

1316 2768 1378 2800 ΞΖν.
1402 2767 1553 2804 ΔΙΟΔΩΙᾮ.

1087 2815 1139 2842 Τὸν
1156 2814 1353 2841 εὑλαϐἐστατον
1370 2813 1502 2849 Τιμόοεον
1516 2813 1546 2840 τὺ
1572 2813 1622 2849 μὲν
1650 2814 1745 2849 σχῆμα
1764 2815 1835 2850 πρὸς

1049 2860 1165 2898 ἡσυχίαν
1182 2859 1268 2894 καλεῖ,
1283 2860 1317 2888 τὰ
1333 2860 1360 2888 δὲ
1367 2860 1416 2896 τῆς
1430 2859 1514 2897 τύχης
1528 2859 1638 2896 λυπηρὰ
1653 2860 1701 2896 τὴν
1711 2860 1836 2898 ἀνάγκην
