1988 3079
166 191 238 224 2Π3

877 183 1082 215 EPlSTOLAi.

1726 175 1797 208 2774.

166 250 305 282 ἐπάγοντα
330 247 377 274 καὶ
393 246 443 282 τὴν
464 247 532 281 πρὸς
553 245 625 282 ὑμᾶς
645 244 705 273 ὁδὸν
725 240 848 270 κελεύει·
873 239 954 267 τοῦτο

1013 246 1067 267 rum
1076 239 1110 266 ad
1119 245 1166 266 vos
1174 237 1215 265 ire
1225 236 1306 272 cogit.
1319 235 1385 264 Huic
1393 233 1465 263 enim
1474 237 1517 261 est
1525 235 1602 268 pater
1610 237 1700 259 rerum
1710 233 1801 257 muta-

166 295 221 329 γάρ
232 294 292 321 ἔστι
316 294 408 329 πατὴρ
423 294 456 320 ὲκ
483 293 637 329 μεταϐολῆς
650 291 761 327 ἀπόρων
777 298 784 305 '
800 287 910 321 ἀδελφοὶ
925 285 954 312 δὲ

167 339 265 374 πλήθει
279 339 326 366 καὶ
343 338 430 375 χρόνῳ
440 337 604 370 λυποῦντες·
621 336 716 363 πολλοὶ
738 334 792 369 γὰρ
815 333 892 363 ὅντες
906 330 955 357 καὶ

167 387 217 420 τὴν
228 385 336 421 ἠλικίαν
353 385 474 421 βραχεῖς,
485 385 525 416 είς
536 384 586 416 τὰς
599 383 646 411 τοῦ
664 381 766 418 πατρὸς
777 380 871 415 χεῖρας
886 377 955 413 ὁρῶ-

168 439 222 458 σιψ
242 431 368 458 ἐντεῦθεν
378 431 497 467 χρῆσται
519 430 569 466 μὲν
594 429 697 460 πολλοὶ,
718 426 786 455 ἀλλὰ
809 425 880 459 πλὴν
895 423 954 454 ἐνὸς

169 477 269 509 πάντες
280 477 467 512 φιλάνθρωποι
478 485 485 492 ·
505 472 582 507 οὗτος
596 475 624 501 δὲ
646 474 696 509 τῆς
712 472 797 507 τύχης
818 469 955 496 συνεπιτι-

167 522 259 549 θεται·
276 523 309 557 ἣν
324 521 378 557 γὰρ
391 521 469 557 μόλις
477 521 569 551 αὐτοῖς
580 518 667 546 οἰκίαν
677 519 690 545 δ
703 517 808 550 δαίμων
821 514 954 542 κατέλιπε

166 567 304 598 τοσούτοις
312 567 443 602 χρήσταις
456 564 665 600 ὑποτιθεμένην,
682 562 785 597 ταύτην
802 560 882 596 μόνος
907 559 956 586 λα-

168 613 226 639 ϐεῖν
242 612 314 645 ἀξιοῖ
341 612 460 638 νικῶσαν
482 611 577 638 τούτου
605 611 636 637 τὺ
664 610 770 645 χρέως⁶
787 608 846 634 δέον
870 607 886 642 ἢ
908 606 954 633 τὸν

170 658 326 692 ὠνούμενον
340 657 427 692 ἄγειν,
435 657 534 684 καὶτοῦ
547 656 647 688 παντὸς
657 656 811 690 τιμήματος
827 653 858 680 τὸ
870 661 955 687 προσ-

168 703 235 737 ῆκον
255 703 359 735 λαόεῑν,
376 703 392 736 ἢ
415 703 541 737 δέχεσθαι
555 702 657 736 ταύτης
671 701 752 736 μέρος
763 699 777 726 ὃ
788 699 835 725 τοῦ
857 698 954 734 χρέους

167 748 363 782 ἀναπληρώσει
379 747 409 773 τὸ
428 748 527 783 μέτρον
539 756 546 762 ’
568 747 582 773 ὁ
598 747 625 773 δὲ
639 747 689 781 τὴν
714 745 768 772 τῶν
790 744 954 779 ὠνουμένων

169 795 238 829 πρὸς
263 794 293 820 τὸ
313 794 399 828 παρὸν
419 793 538 830 ἀπορίαν
549 794 665 828 ἕρμαιον
686 793 804 828 ἡγεῖται,
834 791 882 818 καὶ
903 790 954 824 τῆς

168 840 252 875 τύχης
261 841 321 867 ἐστὶ
339 840 516 876 πικρότερος·
535 839 604 866 ἀλλὰ
619 840 690 866 δίδου
705 838 744 874 τῷ
753 838 873 873 δεομένῳ
886 836 955 872 πρὸς

169 883 329 919 συμμαχίαν
339 883 389 919 τὴν
399 883 533 918 γλῶτταν,
549 883 596 910 τὸν
615 883 747 917 δικαστὴν
761 881 836 918 αύτῷ
864 890 955 918 παρα-

168 929 309 960 σκευάζων
321 929 511 963 φιλάνθρωπον
520 938 526 944 ·
538 929 587 956 ὀδὲ
598 928 690 956 λυπῶν
699 928 838 962 πειράσθω
848 927 956 959 δικαίας
970 924 991 952 Β

167 974 301 1010 ἀνάγκης,
317 975 365 1003 καὶ
382 975 432 1011 τῆς
450 975 531 1003 αὑτοῦ
546 975 659 1012 γνώμης
678 974 859 1011 ήμεροτέρας,
877 974 894 1009 ἢ
905 981 955 1000 πε-

169 1021 293 1056 ριμένειν
314 1021 360 1049 τὸν
384 1022 569 1058 ὠνησόμενον,
587 1022 603 1058 ἢ
620 1022 670 1056 τῆς
686 1021 775 1052 οἰκίας
799 1020 881 1055 μέρος
894 1020 955 1046 ὅσον

168 1067 281 1094 ἀπαιτεῖ
299 1068 331 1094 τὺ
343 1068 423 1104 χρέος
437 1069 530 1096 λαϐεῖν
540 1077 547 1084 ·
562 1068 636 1100 ὅπως
654 1067 839 1102 θαυμάσωμεν
855 1065 902 1093 καὶ
925 1065 955 1092 σὲ

167 1113 216 1148 τῆς
234 1115 403 1149 συμμαχίας,
422 1115 470 1142 καὶ
481 1115 530 1148 τῆς
544 1114 635 1149 ψήφου
646 1113 692 1140 τὸν
706 1112 847 1148 δικαστήν.

464 1159 528 1187 EH'.
544 1160 673 1195 ΝΟΝΝῼ.

205 1206 241 1233 Σὺ
259 1206 308 1240 μὲν
322 1206 372 1241 τὴν
387 1205 529 1241 ἐρωμένην
547 1207 667 1241 ἠρνήσω,
692 1204 726 1232 τὰ
742 1205 827 1240 μείζω
853 1203 955 1238 ποθῶν,

170 1252 219 1279 καὶ
246 1252 314 1287 πρὸς
332 1252 485 1288 ἱερωσύνην
504 1251 753 1286 κατεπειγόμενος·
779 1249 834 1285 ἑγὼ
860 1250 890 1277 δέ
909 1258 957 1276 σου

171 1301 222 1336 τὴν
239 1300 325 1334 καλὴν
340 1301 428 1336 κόμην
444 1301 588 1336 Θαυμάσας
601 1301 653 1334 ἀεὶ,
671 1300 718 1328 νῦν
732 1300 838 1327 δέδοικα
852 1301 890 1336 μή
909 1308 957 1327 σου

172 1346 359 1382 παρεμποδὼν
387 1347 500 1382 γένηται
529 1348 563 1382 τῇ
585 1345 724 1382 προθυμίᾳ
738 1354 746 1363 υ
768 1346 879 1373 ἐπειδὰν
903 1346 958 1382 γάρ

171 1392 230 1428 ίδῃς
245 1392 365 1427 παρόντα
381 1393 427 1419 τὸν
451 1392 547 1427 καιρὸν
573 1392 620 1418 καὶ
639 1391 687 1423 τὰς
704 1391 836 1428 ᾲδομένας
859 1391 957 1427 τρίχας

173 1438 325 1472 μελλούσας
341 1440 445 1471 πεσεῖν,
458 1437 607 1473 δακρύσας,
619 1436 708 1473 οἶμαι,
720 1438 750 1464 τὸ
764 1437 849 1469 πάθος
860 1437 959 1474 οίχὴοῃ

172 1483 266 1517 φυγών
276 1493 282 1499 ·
296 1483 343 1510 καὶ
358 1484 486 1519 ζητήσεις
502 1483 562 1510 ἀνθ’
580 1483 687 1518 ίερέως,
705 1483 820 1518 νυμφίος
842 1482 959 1518 ὀφθῆναι

172 1529 256 1561 καλός
268 1537 275 1544 ·
291 1529 339 1555 καὶ
356 1529 435 1556 πάλιν
451 1528 485 1556 ἂν
515 1528 586 1556 οὕτω
603 1529 684 1564 τύχῃ,
712 1528 892 1564 μνηστεύσεις
914 1528 960 1555 κό-

175 1584 226 1611 ρην
237 1583 244 1589 '
265 1575 312 1601 καὶ
322 1573 370 1601 τού
384 1575 475 1609 γάμου
494 1575 626 1610 παρόντος
638 1575 705 1609 πρὸς
718 1574 870 1609 ἱερωσύνην
896 1574 960 1609 σχή-

1009 287 1081 314 tione
1093 287 1118 312 in
1132 283 1273 320 penuriam
1287 282 1417 317 dejectus,
1432 281 1529 308 fratres
1540 284 1628 306 autem
1641 282 1668 304 et
1679 276 1796 303 multitu-

1007 333 1072 361 dine
1086 337 1114 359 et
1127 319 1206 358 aetate
1219 329 1292 356 illum
1305 331 1450 363 gravantes
1460 334 1467 352 :
1479 332 1541 353 curn
1558 323 1631 351 enim
1651 322 1705 349 sint
1720 319 1798 348 multi

1007 384 1034 407 et
1047 379 1126 406 annis
1143 377 1240 409 teneri,
1253 383 1266 401 a
1280 373 1365 409 patris
1378 371 1505 399 manibus
1512 370 1616 397 victum
1627 370 1797 401 exspectant.

1008 424 1077 452 [line
1095 423 1170 451 multi
1184 421 1344 451 creditores,
1356 418 1402 454 qui
1418 417 1527 454 quidem
1541 418 1604 442 sunt
1615 412 1797 446 indulgenti-5,

1008 479 1061 499 uno
1073 476 1162 498 tamen
1176 472 1300 502 excepto.
1322 467 1376 493 Iste
1392 468 1482 491 autem
1498 469 1532 489 ex
1543 457 1693 488 infortunio
1709 457 1797 484 lucra-

1007 523 1074 546 tur:
1092 523 1173 551 quam
1185 514 1260 542 enim
1280 512 1332 539 illis
1351 511 1396 538 vix
1416 507 1525 542 reliquit
1544 507 1664 536 fortuna,
1684 503 1796 529 domum

1008 544 1078 592 aitth
1090 544 1273 590 creditoribus
1286 556 1437 592 hypotheca
1449 552 1583 582 alfectam,
1599 550 1672 576 lianc
1686 546 1736 574 sibi
1746 544 1797 572 soli

1007 609 1183 645 appropriare
1198 603 1350 642 prtelendit,
1369 602 1432 628 licet
1444 598 1585 634 pecuniam
1602 595 1654 629 ipsi
1675 592 1794 620 debitam

1007 640 1138 689 ein-cedat;
1161 640 1224 681 dum
1245 651 1394 686 requiritur
1407 652 1437 674 ut
1452 645 1493 673 vel
1504 648 1655 678 emptorem
1672 640 1752 666 ducat
1767 640 1796 665 et

1008 712 1040 731 ex
1054 707 1111 730 toto
1128 701 1214 735 pretio
1229 698 1301 733 quod
1315 702 1393 724 suum
1409 697 1450 721 est
1463 693 1595 721 assumat.
1622 686 1663 714 vel
1679 684 1795 719 accipiat

1008 750 1106 776 domus
1128 751 1231 782 partem
1255 743 1359 770 credito
1380 748 1429 768 suo
1446 734 1715 770 correspondcntem.
1743 730 1796 756 Iste

1008 802 1072 822 vero
1087 792 1237 821 ementium
1256 792 1417 825 praesentem
1444 783 1633 812 necessitatem
1656 785 1705 813 pro
1721 776 1797 803 luero

1009 841 1094 875 ducit,
1111 845 1139 867 ct
1156 821 1264 866 fortuna
1290 834 1383 862 durior
1404 836 1456 860 est.
1475 829 1515 857 'I‘u
1539 832 1630 855 autem
1651 825 1684 852 da
1707 821 1795 858 egenti

1008 888 1127 921 linguam
1146 885 1173 912 in
1192 879 1463 915 auxilium,judiccut
1479 877 1504 904 ei
1523 874 1643 910 parando
1655 869 1799 903 indulgeu—

1008 938 1060 961 tem
1075 941 1082 965 ;
1101 933 1258 967 persecutor
1273 934 1337 955 vero
1358 925 1457 960 iustam
1475 921 1634 956 experiatur
1648 916 1799 945 necessita-

1009 983 1062 1006 tem
1075 977 1146 1012 (ipso
1161 974 1219 1008 t-jus
1231 973 1322 1000 animo
1337 968 1485 1003 mitiorem)
1506 967 1550 994 vel
1578 968 1728 999 emptorem
1750 968 1800 988 ex-

1008 1010 1159 1058 spectandi,
1180 1020 1221 1047 vel
1242 1017 1366 1046 sumendi
1382 1016 1454 1043 hanc
1474 1014 1569 1040 domus
1591 1013 1695 1046 partem
1716 1010 1799 1042 quam

1009 1052 1129 1097 debitum
1144 1052 1259 1100 requirit
1274 1073 1280 1091 :
1297 1068 1326 1091 ut
1339 1062 1507 1090 admiremur
1517 1062 1544 1086 et
1558 1062 1632 1085 tuum
1644 1052 1800 1090 praesidium

1008 1119 1036 1142 et
1049 1113 1150 1149 judicis
1162 1110 1336 1140 sententiam.

1026 1162 1028 1164 ’
1284 1152 1398 1182 LXVIII.
1411 1150 1539 1179 NONNO.

1047 1204 1087 1232 ’l‘u
1103 1211 1167 1230 vero
1181 1208 1263 1236 quam
1279 1199 1410 1234 diligebas
1430 1195 1555 1227 renuisti,
1569 1192 1673 1228 majora
1688 1190 1801 1226 cupiens

1010 1256 1038 1279 et
1057 1250 1090 1277 ad
1111 1235 1298 1277 sacerdotium
1323 1249 1484 1279 properans.
1502 1240 1557 1274 Ego
1570 1245 1636 1266 vero
1651 1242 1724 1264 tuam
1742 1235 1801 1270 pul-

1011 1297 1104 1325 cltram
1121 1300 1226 1322 comam
1239 1297 1347 1325 semper
1366 1289 1516 1316 admiratus
1535 1293 1613 1318 sum;
1634 1291 1706 1310 nunc
1719 1282 1801 1308 timeo

1012 1350 1047 1370 ne
1064 1342 1100 1369 sit
1121 1340 1167 1367 tibi
1188 1338 1411 1373 impedimentum
1432 1333 1498 1360 voti.
1519 1332 1587 1359 Cum
1610 1329 1682 1357 enim
1701 1327 1802 1356 videris

1014 1393 1120 1422 tempus
1135 1392 1253 1421 praesens
1268 1383 1342 1410 illabi
1359 1387 1387 1409 et
1399 1381 1550 1409 celebratos
1577 1377 1667 1405 crines
1677 1380 1802 1407 casuros,

1012 1434 1046 1462 de
1070 1420 1197 1468 passione
1216 1429 1321 1460 dolens,
1341 1426 1432 1459 credo,
1455 1425 1540 1460 fugies
1560 1428 1586 1451 et
1608 1427 1714 1456 quaeres
1733 1420 1803 1446 inter

1013 1479 1168 1508 sacerdotes
1182 1476 1322 1511 speciosus
1345 1480 1461 1507 sponsus
1479 1469 1574 1498 videri.
1597 1468 1631 1495 Et
1654 1473 1760 1497 rursus,
1779 1464 1804 1492 si

1013 1526 1070 1553 fors
1083 1524 1185 1555 tulerit,
1194 1521 1326 1557 virginem
1338 1519 1383 1546 tibi
1395 1515 1585 1553 despondebis,
1607 1519 1633 1541 et
1653 1512 1801 1547 aprazsenti

1014 1570 1190 1599 matrimonio
1206 1574 1326 1595 amorem
1342 1565 1376 1591 ad
1397 1563 1578 1592 sacerdotium
1604 1559 1802 1588 transilientem

173 1629 231 1652 σεις
247 1620 448 1656 μεταπηδῶντα
465 1620 510 1646 τὸν
531 1601 621 1656 έρωτα
638 1629 645 1636 ·
660 1601 866 1647 animauit
894 1601 958 1646 1:31.;

1015 1617 1135 1645 habebis.
1163 1614 1216 1642 Sed
1240 1613 1366 1643 tandem.
1395 1609 1561 1644 experientia
1576 1608 1688 1640 doctus,
1708 1605 1804 1633 desine

175 1665 267 1701 κύκλῳ
277 1665 437 1702 φερόμενος,
453 1665 503 1702 τὴν
520 1667 617 1701 πεῖραν
635 1665 706 1701 ἔχων
722 1665 901 1692 διδάσκαλον·
918 1666 963 1692 ἴνα

175 1711 213 1746 μὴ
225 1711 306 1737 πάλιν
324 1711 360 1746 μὴ
374 1712 383 1721 ⁶
395 1711 546 1754 ύποὸόλων,
558 1712 605 1738 καὶ
617 1712 671 1738 σῶν
689 1710 831 1739 σπαλίκων
841 1711 962 1744 ἀκούσω,

173 1757 220 1783 καὶ
237 1757 287 1783 ὅσα
303 1757 350 1783 νῦν
365 1757 439 1792 ἡμᾶς
456 1757 658 1790 ὲξεπαίδευσεν.

314 1803 374 1830 ΞΘ¹.
392 1803 569 1839 ΙΕΡΩΝΥΜῼ
595 1803 656 1831 ΚΑΙ
680 1803 842 1839 ΘΕΟΔΩΡῼ.

208 1849 264 1876 T-iw
279 1849 417 1885 ὑμετέραν
433 1847 530 1884 σοφίαν
547 1849 633 1883 ἔγνων
648 1850 697 1885 μὶν
713 1851 760 1876 καὶ
781 1850 866 1877 πάλαι
892 1859 962 1878 παν-

172 1894 256 1929 ταχοῦ
273 1894 312 1930 τῷ
331 1894 403 1930 λόγῳ
431 1895 649 1931 προλάμπουσαν
661 1903 669 1911 ο
688 1895 736 1922 καὶ
761 1894 791 1922 ὃν
815 1895 831 1930 ἡ
850 1895 899 1922 θέα
925 1895 962 1931 μὴ

173 1941 322 1976 παρέσχεν,
337 1941 355 1976 ἥ
375 1949 407 1975 γε
430 1942 509 1977 φήμη
537 1942 690 1977 χαρίζεται,
712 1941 795 1976 κοινῷ
809 1941 900 1976 βοῶσα
913 1950 963 1976 κη-

174 1986 294 2023 ρύγματι
310 1987 355 2014 τὸν
372 1989 484 2015 πάππον
500 1988 638 2024 ὑφήγησιν
653 1987 744 2022 νόμων
771 1989 962 2023 ἐπιγραφόμε-

172 2042 229 2065 νονΙ
245 2033 290 2060 τὸν
306 2033 412 2067 πατέρα
427 2033 550 2068 γλώττης
561 2033 652 2068 χάριτι
662 2035 730 2070 πρὸς
742 2034 791 2069 τὴν
806 2033 861 2060 τῶν
868 2034 961 2068 νόμων

174 2078 326 2113 αὐστηρίαν
341 2079 393 2113 τὴν
408 2079 494 2113 ἀκοὴν
521 2078 694 2113 ὑποσύροντα
707 2086 714 2092 ·
733 2079 780 2105 καὶ
805 2079 837 2105 ὲκ
858 2078 961 2105 τούτων

173 2124 246 2158 ὑμᾶς
259 2123 345 2150 πάντα
357 2123 499 2158 φέροντας,
510 2122 562 2149 Eme
567 2131 582 2158 ρ
592 2123 692 2150 ἐκεῖνοι
705 2121 961 2158 προσλαϐόντες...“·

172 2169 326 2204 ἐνείμαντο.
342 2170 389 2196 Ὃν
406 2168 452 2196 οὖν
467 2168 552 2203 ἔγνων
575 2168 683 2205 πρῶτον
700 2168 740 2204 τῷ
765 2167 847 2204 λόγῳ,
863 2167 911 2194 νῦν
927 2168 960 2203 τῇ

173 2215 257 2250 πείρᾳ
270 2215 374 2250 μαθὼν,
388 2215 542 2249 Εὐδαίμων,
565 2215 644 2250 ἔφην,
663 2215 679 2250 ὴ
708 2214 794 2247 πόλις,
812 2216 840 2241 ὲν
883 2214 960 2248 γένος

173 2261 245 2288 οὕτω
266 2262 375 2297 σεμνὸν,
389 2263 436 2289 καὶ
452 2263 516 2293 παῖς
530 2262 562 2288 ἐκ
577 2262 678 2297 πατρὸς
691 2260 740 2295 τὴν
754 2260 843 2296 ἀρχὴν
871 2260 960 2286 διαδέ-
977 2275 999 2303 D

175 2316 252 2341 χεται
262 2316 270 2322 ·
285 2308 455 2342 εὐδαιμόνων
470 2307 498 2334 δὲ
514 2308 638 2342 πατέρων
649 2307 753 2339 παῖδες,
765 2307 823 2333 ὅσοι
837 2305 885 2332 τοῦ
902 2306 960 2340 βίου

173 2355 223 2385 τὰς
239 2354 350 2385 ἐλπίδας
376 2353 420 2388 ἐφ’
435 2355 502 2389 ἡμῖν
533 2354 697 2389 ἐποιήσαντο
710 2359 718 2367 ·
745 2352 802 2380 ἀλλ’
820 2352 876 2379 είθε
903 2360 962 2384 πως

173 2398 310 2434 ἐδυνάμην
325 2400 445 2425 συνεῖναι
463 2399 569 2433 καὶτῆς
587 2399 638 2433 σῆς
650 2398 831 2434 ἐμφορεῖσθαι
845 2397 958 2424 παιδεύ-

175 2453 244 2476 σεως
260 2453 267 2460 ·
283 2443 352 2471 ἀλλὰ
366 2444 437 2479 μέγα
458 2445 515 2476 τοῖς
530 2443 686 2480 ἀνθρώποις
700 2444 740 2475 είς
751 2443 834 2470 πόθον
857 2444 931 2470 ἐστὶν
943 2445 960 2479 ὴ

173 2490 274 2525 πατρίς
289 2498 297 2506 ·
315 2490 363 2517 καὶ
377 2490 484 2525 μάρτυς
503 2490 649 2521 Ὀδυσσεὺς
672 2490 722 2525 τὴν
748 2489 870 2524 Καλυψὼ
888 2498 959 2525 παρ-

176 2535 239 2561 ιδὼν
255 2535 299 2562 ἵνα
314 2535 363 2570 τὴν
386 2535 496 2569 Ἰθάκην
516 2535 663 2571 θεάσηται·
680 2535 748 2570 πρὸς
763 2535 791 2562 δὲ
805 2535 852 2562 καὶ
869 2536 899 2562 οὐ
918 2535 962 2562 θε-

177 2581 254 2616 μιτὸν
287 2579 357 2608 εἷναί
390 2590 436 2616 μοι
465 2581 538 2608 δοκεῖ
564 2581 642 2608 πόλιν
667 2581 807 2617 ἀλλότριον
820 2581 897 2617 παρὰ
914 2582 960 2608 τὸν

1012 1661 1183 1691 circumferri

1101 1794 1196 1822 LXIX.
1215 1790 1422 1821 IllERONYMO
1444 1789 1487 1817 ET
1511 1785 1711 1816 TIIEODORO.

1048 1841 1126 1869 IIaud
1147 1840 1304 1876 ignorabam
1329 1845 1395 1865 sane
1415 1835 1574 1871 sapientiam
1602 1838 1719 1861 vestram
1741 1839 1802 1867 quae

1012 1888 1091 1923 longo
1112 1887 1211 1914 abhinc
1235 1890 1356 1918 tempore
1375 1883 1489 1910 aliorum
1513 1880 1687 1909 sermonibus
1711 1879 1744 1905 ad
1760 1885 1802 1904 nte

1013 1937 1186 1970 pervenerat.
1202 1931 1284 1965 Cujus
1300 1930 1323 1958 si
1343 1938 1395 1957 non
1414 1928 1524 1963 proprio
1543 1927 1642 1953 iuluilu
1662 1925 1737 1952 testis
1751 1924 1801 1956 fui,

1014 1983 1085 2007 fama
1099 1983 1173 2006 recte
1185 1977 1219 2005 ad
1236 1984 1278 2004 me
1292 1975 1394 2011 perlata
1404 1979 1446 2002 est
1462 1981 1542 2001 avum
1558 1980 1590 2000 ex
1611 1971 1700 1999 ofﬁcio
1715 1971 1800 2006 lt-gem

1015 2029 1239 2056 monstraturum,
1264 2026 1367 2056 patrem
1387 2020 1465 2046 dulce
1488 2022 1693 2045 conversantem
1713 2016 1802 2051 legum

1014 2069 1201 2096 austeritatem
1219 2066 1350 2101 obsequio
1362 2072 1413 2092 suo
1432 2065 1566 2099 mitigare,
1582 2067 1609 2090 et
1621 2070 1668 2090 vos
1684 2070 1717 2089 ex
1742 2062 1803 2089 istis

1012 2116 1103 2144 omnia
1134 2115 1207 2141 ferre
1239 2119 1299 2146 qua:
1320 2110 1359 2138 illi
1390 2114 1611 2145 prazoccupautes
1630 2128 1637 2135 .
1655 2127 1663 2135 .
1686 2128 1694 2135 .
1715 2128 1723 2135 .
1749 2107 1802 2135 sibi

1012 2162 1104 2196 partiti
1134 2165 1206 2187 sunt.
1235 2158 1320 2192 Quem
1345 2156 1518 2184 sermonibus
1545 2156 1659 2181 aliorum
1689 2154 1801 2189 cognovi

1013 2214 1083 2233 nunc
1098 2203 1262 2239 experientia
1278 2202 1338 2228 novi
1353 2210 1360 2235 ;
1375 2201 1470 2232 Beata,
1487 2201 1609 2234 inquam.
1625 2200 1690 2226 urbs
1702 2199 1729 2225 in
1749 2205 1802 2233 qua

1012 2260 1097 2289 genus
1114 2256 1167 2278 tam
1183 2248 1336 2278 venerabile
1358 2251 1385 2274 et
1399 2247 1474 2273 [ilius
1491 2255 1505 2272 a
1526 2251 1603 2280 patre
1618 2245 1800 2280 principatum

1014 2302 1118 2329 obtinet
1134 2309 1141 2328 :
1159 2301 1228 2328 beati
1257 2302 1383 2334 parentes
1404 2297 1521 2323 ﬁliorum
1540 2297 1587 2331 qui
1607 2297 1667 2323 vita:
1683 2303 1758 2330 spem
1775 2295 1801 2321 iu

1014 2348 1091 2375 nobis
1114 2349 1272 2381 posuerunt.
1290 2343 1398 2371 Utinam
1417 2341 1556 2369 vobiscum
1575 2349 1634 2369 esse
1651 2342 1802 2375 potuissem

1013 2402 1045 2422 ac
1056 2399 1144 2421 vestra
1158 2392 1210 2419 frui
1229 2389 1388 2424 disciplina!
1402 2389 1452 2416 Sed
1472 2388 1585 2415 multum
1601 2387 1757 2414 hominibus
1775 2388 1800 2414 in

1013 2439 1146 2467 desiderio
1160 2442 1201 2464 est
1216 2437 1302 2472 putria
1317 2440 1344 2462 ct
1358 2434 1433 2462 testis
1444 2439 1486 2461 est
1502 2433 1611 2469 Ulysses
1625 2433 1669 2468 qui
1685 2438 1714 2460 ttt
1730 2433 1802 2460 Itba-

1012 2493 1070 2512 cam
1096 2484 1199 2512 videret
1219 2482 1336 2517 Calypso
1361 2481 1498 2516 despexit.
1519 2481 1631 2515 Insuper
1645 2488 1699 2507 non
1720 2479 1802 2508 licere

1013 2531 1078 2558 mibi
1097 2531 1204 2557 videtur
1215 2529 1318 2556 urbem
1343 2527 1459 2554 alienam
1477 2527 1528 2554 sibi
1552 2532 1685 2561 usurpare
1703 2531 1803 2560 praeter

1011 2577 1228 2611 rationemjusti.
1247 2576 1306 2603 Ideo
1322 2574 1388 2602 mihi
1410 2579 1520 2601 servate
1538 2573 1701 2607 amicitiam;
1713 2577 1800 2602 avete.

167 2628 220 2659 ,τοῦ
249 2627 354 2655 δικαίου
382 2628 595 2664 σφετερίσασθαι
623 2628 722 2663 λόγον·
757 2629 901 2664 τοιγαροῦν
936 2627 1059 2666 magnae:
1087 2635 1132 2662 μοι
1162 2623 1197 2650 τὰ
1225 2622 1327 2657 συνήθη
1359 2620 1423 2655 παρ’
1455 2621 1524 2656 ἐμοῦ
1555 2622 1812 2658 προσκυνούμενοιρι

473 2676 514 2703 0'.
524 2676 663 2712 ΕΡΜΕΙᾼ.

210 2723 247 2749 Τδ
264 2722 397 2758 ὑμέτερον
417 2722 533 2757 μέγεθος
548 2723 592 2749 διὰ
613 2723 667 2749 τῶν
685 2723 753 2758 πρὸς
768 2723 799 2750 σὲ
829 2723 962 2759 γραμμά-

173 2777 229 2796 των
241 2768 312 2801 ίδὼν,
331 2769 404 2804 ὑμᾶς
418 2769 466 2803 μὲν
481 2769 594 2800 εἰκότως
609 2769 659 2804 τῆς
675 2770 789 2804 γνώμης
799 2768 943 2805 ἐθαύμασα
953 2778 960 2784 ·

175 2817 209 2851 τῇ
222 2815 250 2841 δὲ
265 2814 408 2850 Βηρυτίων
421 2814 570 2850 συνήδομαι
594 2815 669 2841 πόλει
687 2816 728 2842 ὅτι
757 2815 881 2842 τοιοῦτον
906 2815 962 2850 ἔχει

176 2860 422 2899 προῧεϐλημμένον
445 2860 482 2892 ὠς
500 2860 602 2895 ἀρετῆς
631 2861 678 2887 καὶ
707 2861 796 2896 λόγων
825 2861 959 2888 ποιεῖσθαι

213 2921 221 2930 ⁹
237 2919 316 2947 Deest
331 2918 499 2947 vocabulum.
539 2919 558 2928 "
570 2918 628 2946 Non
644 2919 739 2955 legitur
756 2919 924 2948 vorabulum.

1276 2671 1359 2699 LXX.
1381 2669 1546 2699 ΠΕΒΜΕΑΞ.

1050 2721 1176 2749 Vestram
1201 2718 1418 2754 magnitudinem
1440 2724 1473 2744 ex
1491 2715 1589 2743 litteris
1613 2715 1646 2742 ad
1664 2719 1689 2742 te
1711 2714 1802 2741 missis

1013 2768 1132 2803 diguovi,
1150 2768 1265 2801 iureque
1288 2772 1335 2792 vos
1349 2763 1384 2791 ob
1401 2770 1498 2791 sensus
1521 2762 1670 2789 admiratus
1689 2769 1748 2788 sum
1770 2768 1802 2788 ac

1012 2814 1171 2849 Berylorum
1192 2812 1252 2840 urbi
1271 2809 1446 2845 cougratulor
1471 2808 1543 2843 quod
1560 2808 1612 2835 tale
1631 2807 1729 2835 babcat
1752 2806 1798 2834 sul!

1012 2861 1098 2888 oculis
1112 2858 1279 2894 propositum
1294 2857 1403 2885 virtutis
1416 2863 1447 2883 ac
1460 2856 1625 2891 eloquentia:
1634 2853 1798 2889 exemplum,
