1988 3079
155 143 229 176 2775

803 142 978 172 PROCOPII
997 141 1119 171 GAZ/El

1705 137 1776 168 2776

155 197 305 232 praesertim
323 204 384 226 cum
405 199 543 225 contraria
559 196 614 225 sint
628 201 759 232 tempora.
779 197 832 224 Sed
853 197 943 225 fruere

1007 196 1139 231 >ροντίδα*
1160 195 1208 222 καὶ
1221 194 1308 222 ταῦτα
1321 194 1368 222 τοῦ
1385 193 1482 230 καιροῦ
1496 193 1546 229 τὴν
1560 192 1684 220 ἐναντίαν
1697 193 1778 220 έλαύ-

159 245 212 272 tuis
236 243 381 271 virtutibus
401 248 428 270 et
451 243 556 271 fructus
585 251 618 270 ex
645 249 688 269 tua
721 243 853 278 sapientia
879 243 943 271 urbs

157 288 296 322 percipiat.
314 287 378 315 Mihi
399 292 489 315 autem
511 288 651 315 molestum
665 292 706 314 est
720 288 833 322 patriam
854 288 944 323 despi-

156 341 219 361 cere
239 341 298 368 quae
320 341 334 361 a
355 333 432 361 vobis
455 334 560 369 accepit
577 334 739 368 exetnplum.
761 334 790 360 Si
812 334 883 361 enim
898 341 944 361 vos

158 379 248 405 omnia
264 378 376 406 tentatis
391 379 422 405 ad
439 378 622 405 illustrandum
635 378 707 405 illam
716 386 775 413 qntr
785 386 831 406 vos
841 378 944 412 genuit,

158 427 292 458 quomodo
307 432 358 451 non
376 425 445 452 bene
459 425 523 450 mihi
536 429 609 451 esset
623 431 654 450 ea
669 423 758 451 facere
772 432 831 458 qua:
845 423 946 450 facien-

160 474 200 496 tes
214 477 260 496 vos
276 469 407 496 laudavi?
424 469 476 496 Sed
490 472 517 495 et
540 468 603 495 mibi
621 476 752 499 usurpare
766 469 838 502 quod
855 469 944 495 fclici-

161 520 201 542 tcr
224 515 342 542 obtinuit
357 515 436 547 alter,
457 522 472 541 a
497 515 651 542 rationabili
675 513 820 542 alfectione
842 515 947 541 videtur

161 559 289 587 alienum.
306 559 412 592 Retine.
426 567 443 587 ο
458 560 569 594 optime,
583 565 654 586 tuam
671 560 696 587 in
711 567 753 587 tne
768 568 799 587 ac
813 561 838 586 in
851 560 945 587 urbem

162 604 387 632 benevolentiam.

435 649 528 676 LXXI.
551 649 678 677 ORIONI.

199 694 295 722 Inutile
311 701 375 730 puto
394 697 515 724 scribere
530 695 630 722 homini
642 697 688 730 qui
702 695 842 731 appulsum
856 697 889 723 ad
901 703 948 724 vos

163 741 263 774 cogitat
280 741 381 774 facere,
393 747 421 769 nt
438 743 605 778 ltyutenzL-um
614 748 693 769 canat
709 743 881 776 pulchra-que
892 742 948 768 vir-

163 786 233 820 ginis
250 787 297 814 ﬁat
317 795 442 822 sponsus.
460 787 566 817 Justum
591 793 634 815 est
649 793 785 815 amantem
805 788 856 815 sibi
873 795 948 815 com-

163 831 282 871 placere.
295 832 321 859 in
346 832 423 860 laude
443 834 547 866 atuicze,
562 834 596 861 ob
609 840 689 868 quam
711 834 809 860 absens
822 841 946 868 corpore,

995 250 1086 272 νοντος
1103 249 1109 256 ·
1127 241 1184 268 ἀλλ’
1197 240 1271 267 ὄναιο
1283 240 1330 266 καὶ
1339 239 1371 267 σὺ
1389 239 1502 273 σαυτοῦ,
1517 239 1564 266 καὶ
1581 238 1631 273 τῆς
1648 239 1696 274 σῆς
1711 247 1778 274 προ-

995 287 1070 318 νοίας
1085 287 1101 322 ἡ
1117 286 1195 318 πόλις
1210 295 1217 302 ·
1238 286 1300 321 ἐμοὶ
1318 285 1345 312 δὲ
1363 285 1433 321 βαρὺ
1454 284 1584 320 πατρίδος
1598 284 1734 319 ὑπερορᾷν
1748 282 1778 315 ἐξ

996 332 1074 367 ὑμῶν
1102 332 1210 358 λαϐόντι
1242 331 1431 366 παράδειγμα.
1459 330 1491 357 EI
1513 331 1568 365 γὰρ
1585 330 1662 364 ὑμεῖς
1688 329 1778 355 πάντα

998 377 1157 414 μηχανᾶσθε
1186 378 1300 412 κοσμεῖν
1314 377 1362 410 τὴν
1376 375 1540 409 ὲνεγκοῦσαν
1558 376 1687 410 οἰόμενοι,
1717 374 1777 404 πῶς

996 425 1030 452 ἄν
1048 424 1105 459 ἔχοι
1130 423 1220 454 καλῶς
1234 423 1294 456 ἐμοὶ
1319 423 1356 458 μὴ
1375 422 1462 449 ταῦτα
1477 422 1564 448 ποιεῖν
1580 421 1623 456 ἐφ’
1646 419 1688 452 οἷς
1704 420 1777 455 ὑμᾶς

997 471 1119 506 ἐπῄνεσα
1133 470 1316 504 πράττοντας;
1328 468 1396 495 ἀλλὰ
1411 470 1458 495 καὶ
1466 469 1598 495 εἰσποιεῖν
1612 467 1729 502 ἐμαυτὸν
1739 467 1779 497 εἰς

997 516 1081 548 τόπον
1094 516 1124 542 ὃν
1150 515 1299 550 εὐτύχησεν
1324 515 1427 548 ἔτερος,
1445 514 1556 548 λογικῆς
1585 513 1780 542 καταστάσεως

999 561 1143 596 ἀλλότριον
1161 559 1321 588 είναιδοκῶ·
1339 561 1396 588 ἀλλ’
1405 559 1556 594 εὐτυχοίης,
1573 555 1596 585 ὦ
1608 559 1714 594 ἄριστε,
1731 558 1780 592 τῆς

999 607 1039 639 εἰς
1056 607 1107 642 ἐμὲ
1122 607 1169 633 καὶ
1180 607 1229 642 τὴν
1244 607 1320 634 πόλιν
1337 607 1422 639 αὐτὴν
1437 606 1634 641 προαιρέσεως.

1292 653 1353 679 OA'.
1369 651 1494 678 ()PIQNI.

1035 698 1166 734 Περιττδν
1191 696 1268 734 οἶμαι
1290 698 1409 734 γράφειν
1432 697 1498 731 πρὸς
1530 696 1615 732 ἄνδρα
1639 695 1689 730 τὴν
1714 694 1782 730 πρὸς

1000 746 1072 782 ὑμᾶς
1087 746 1180 773 λοιπὸν
1193 745 1414 780 ὀνειροπολοῦντα
1438 744 1611 778 καταγωγὴν,
1628 744 1703 774 ὅπως
1729 742 1783 778 ᾄσῃ

999 793 1045 820 τὸν
1061 792 1190 828 ὑμέναιον
1205 792 1252 819 καὶ
1263 792 1376 826 γένηται
1387 789 1502 825 νυμφίος
1519 789 1654 824 παρθένου
1674 788 1760 823 καλῆς
1774 795 1781 802 ³

999 839 1102 865 δίκαιον
1117 838 1172 873 γὰρ
1197 838 1295 873 ἐρῶντι
1312 836 1476 872 χαρίσασθαι
1501 835 1551 870 τῆς
1573 834 1715 870 ἐρωμένης
1737 834 1784 860 τὸν

163 883 256 903 amore
268 868 293 903 in
312 882 399 905 tuente
413 879 543 913 trepidas.
565 879 604 906 Ad
621 887 668 906 nos
683 880 800 906 moveris
821 883 845 906 et
864 887 946 914 parva

1007 868 1129 916 Enatvov;
1140 868 1172 910 δί·
1233 868 1363 918 ἀπὼν,τῷ
1373 882 1479 916 σώματι
1504 868 1624 916 ἐρωτικὰ
1637 881 1671 915 τῇ
1685 868 1784 915 καρδίᾳ

164 921 211 950 tibi
224 922 350 950 videntur
372 925 515 958 praesentia
531 925 656 953 ltumanze
678 925 815 953 felicitatis
837 926 945 954 indicia.

164 966 226 994 Sola
243 967 289 995 tibi
306 969 370 995 urbs
380 969 456 996 locus
470 977 530 997 esse
545 970 650 997 videtur
668 976 774 998 tuarutn
789 972 946 999 deliciarum

163 1017 190 1039 et
204 1012 334 1048 Byzantio
351 1015 406 1042 fere
418 1015 609 1044 venerabilior.
621 1017 714 1045 Timeo
730 1026 764 1045 ne
777 1018 860 1046 multo
872 1018 948 1045 desi-

163 1059 238 1087 derio
247 1067 435 1096 evanescente,
447 1071 534 1098 neque
545 1064 638 1092 amicis
648 1065 809 1096 valedicens.
817 1065 906 1092 subito
914 1064 948 1092 ad

165 1112 213 1131 nos
237 1105 353 1134 tnittaris
377 1109 557 1143 navigationis
577 1110 783 1138 diuturnitatem
805 1119 946 1138 accusans.

165 1150 217 1179 Sed
240 1153 298 1181 haec
326 1155 433 1189 quidem
451 1156 614 1185 ludentium.
633 1157 673 1185 Tu
694 1163 784 1185 autem
804 1158 949 1192 aliquando

165 1199 280 1232 sapienti
294 1201 407 1228 consilio
428 1203 528 1230 redibis
543 1205 576 1230 ad
594 1204 709 1231 ﬁliorum
732 1204 948 1239 procreationem

164 1250 252 1272 acuis.

408 1335 511 1365 LXXII.
527 1336 712 1366 ANATOLIO.

202 1379 284 1409 Multa
313 1387 376 1409 sunt
398 1382 462 1410 mibi
485 1383 614 1416 praeclara
633 1391 694 1418 quae
717 1389 836 1411 educant
858 1383 952 1412 adole-

167 1432 301 1461 scentem;
319 1428 437 1463 pritttutn
457 1434 484 1456 et
496 1428 604 1464 quidem
620 1429 766 1455 maximum
783 1434 879 1456 vestrae
892 1430 950 1463 pie-

169 1474 234 1500 tatis
248 1473 345 1501 littera:
358 1482 365 1506 ;
387 1474 485 1501 deinde
498 1475 584 1502 bonus
597 1479 696 1508 patera
708 1474 793 1508 prima
806 1474 951 1508 experien-

1001 929 1089 964 πηδᾷς
1099 935 1106 942 ”
1122 929 1169 955 καὶ
1185 927 1253 963 πρὸς
1269 928 1342 962 ἡμᾶς
1356 927 1532 960 ὰνεπτόησαι,
1547 926 1593 952 καὶ
1616 925 1650 952 τὰ
1662 925 1785 960 παρόντα

1000 983 1042 1001 σοι
1070 974 1156 1009 μικρὰ
1185 974 1233 1009 τῆς
1260 973 1324 1008 παρ’
1342 972 1496 1007 ἀνθρώποις
1521 970 1692 1006 εὐδαιμονίας
1719 969 1786 996 ὄντα.

1000 1020 1180 1055 γνωρίσματα
1197 1028 1204 1034 ·
1223 1020 1290 1054 μόνη
1303 1019 1331 1045 δέ
1344 1027 1385 1045 σοι
1408 1018 1485 1049 πόλις
1503 1017 1557 1044 τῶν
1577 1017 1631 1043 σῶν
1650 1014 1785 1043 παιδικῶν

1000 1065 1100 1100 χωρίον
1114 1061 1278 1097 εἶναιδοκεῖ,
1294 1067 1341 1091 και
1354 1062 1400 1090 τοῦ
1429 1061 1575 1094 Βυζαντίου
1591 1060 1662 1096 τάχα
1686 1060 1784 1095 σεμνό-

1000 1118 1095 1145 τερον·
1114 1110 1162 1136 καὶ
1175 1109 1279 1136 δέδοικα
1292 1109 1329 1144 μὴ
1341 1108 1387 1135 τοῦ
1404 1107 1487 1134 πόθου
1507 1106 1605 1133 πολλοῦ
1625 1105 1783 1141 ρεύσαντος.

1001 1156 1069 1192 μηδὲ
1085 1156 1141 1187 τοῖς
1167 1155 1254 1189 φίλοις
1272 1155 1379 1190 χαίρειν
1407 1154 1503 1185 εἰπὼν,
1521 1153 1652 1188 ἐξαίφνης
1666 1150 1786 1177 στέλλοιο

1001 1202 1069 1237 πρὸς
1089 1201 1162 1236 ἡμᾶς
1177 1200 1224 1227 τοῦ
1242 1199 1311 1226 πλοῦ
1330 1199 1361 1226 τὸ
1379 1199 1467 1235 μῆκος
1496 1197 1689 1234 μεμφόμενος⁸
1717 1194 1786 1221 ἀλλὰ

999 1247 1087 1274 ταῦτα
1100 1247 1150 1282 μὲν
1167 1246 1319 1278 παιζόντων
1333 1254 1340 1262 ·
1356 1245 1505 1280 ὲπανήκοις
1528 1244 1557 1271 δέ
1573 1251 1639 1270 ποτε
1666 1241 1786 1276 σώφρονι

1001 1292 1124 1328 λογισμῷ
1137 1292 1206 1328 πρὸς
1225 1291 1328 1319 παίδων
1338 1290 1420 1325 γονὴν
1432 1289 1621 1324 ἐπειγόμενος.

1261 1338 1322 1366 03'.
1343 1338 1526 1373 ΑΝΑτοΑιο.

1037 1384 1127 1412 Πολλά
1147 1393 1193 1420 μοι
1208 1383 1323 1420 λαμπρὰ
1332 1383 1366 1410 τὰ
1379 1383 1548 1410 συνιστῶντα
1559 1382 1605 1409 τὸν
1619 1381 1678 1408 νέον
1690 1388 1698 1396 ·
1713 1380 1789 1415 πρῶ-

1002 1440 1048 1458 τον
1066 1431 1112 1457 καὶ
1125 1431 1254 1465 μέγιστον
1268 1431 1319 1465 τῆς
1336 1429 1472 1465 ὑμετέρας
1483 1427 1636 1458 θεοσεϐείας
1647 1427 1682 1453 τὰ
1698 1425 1790 1461 γράμ-

1006 1485 1080 1512 ματα
1091 1485 1097 1492 ·
1111 1474 1171 1503 εἷτα
1187 1476 1279 1512 πατὴρ
1299 1475 1413 1510 ἀγαθὸς,
1431 1476 1463 1502 ἐκ
1478 1474 1591 1511 πρώτης
1606 1473 1704 1509 πείρας
1719 1471 1790 1508 πρὸς

169 1519 206 1546 tia
222 1516 468 1554 ad'indulgentiam
483 1524 689 1555 propensus;et
712 1524 810 1554 przcter
832 1520 889 1548 haec
909 1520 951 1547 di-

1007 1522 1113 1550 εὕνοιαν
1126 1521 1307 1558 ἐφελκόμενος
1320 1530 1326 1536 ·
1338 1521 1407 1556 πρὸς
1419 1521 1447 1547 δὲ
1460 1520 1566 1551 τούτοις
1588 1519 1638 1554 τῆς
1664 1518 1761 1553 τέχνης
1775 1517 1790 1543 ὁ

168 1564 294 1600 Scipliute
329 1564 390 1598 lex,
415 1565 539 1592 strictam
558 1565 670 1600 exigens
692 1566 824 1592 rationem
839 1565 862 1593 si
888 1567 952 1602 quid

168 1611 388 1638 convenientium
412 1612 587 1647 neglexerim.
611 1611 691 1640 Brevi
715 1612 798 1640 etiam
820 1615 848 1640 et
865 1613 956 1640 adole-

172 1657 273 1684 scentis
289 1657 407 1684 studium
421 1663 526 1692 partem
541 1665 593 1685 non
605 1658 743 1685 minitnam
758 1659 901 1686 obtinebit.
918 1659 955 1686 De

169 1705 270 1729 caetero
282 1702 359 1729 nobis
377 1702 520 1737 impetrate
534 1710 549 1730 a
567 1702 622 1730 Deo
639 1703 769 1730 auxilium
785 1704 855 1738 quod
868 1704 954 1732 solutn

170 1747 203 1774 ad
214 1745 321 1774 felicem
346 1747 448 1774 exitum
468 1747 567 1775 ducere
583 1751 671 1782 potest
687 1749 864 1783 propositum.

399 1792 513 1820 LXXIII.
529 1792 725 1822 DOROTHEO.

205 1837 311 1865 Peritus
324 1846 353 1866 es
368 1839 425 1867 alas
449 1840 601 1875 cuicunque
622 1841 739 1868 volucris
749 1841 956 1878 circumponere

171 1882 369 1918 sublimemque
384 1884 410 1910 in
426 1884 479 1912 alto
491 1889 608 1912 stantem
625 1887 779 1914 ostendere.
801 1886 867 1914 Tuis
884 1887 956 1915 litte-

172 1929 210 1956 ris
226 1929 303 1964 quasi
319 1929 406 1957 alatus
421 1929 532 1958 effectus
548 1930 722 1967 (ubicunque
743 1932 816 1959 enim
837 1940 899 1960 esse
915 1933 955 1960 vi-

171 1976 266 2009 debar,
281 1982 310 2004 ut
326 1977 405 2009 dicis,
418 1976 500 2013 fama)
520 1978 740 2013 perambulabam
753 1979 881 2007 civitates
895 1987 954 2007 ont-

172 2029 221 2050 nes
243 2029 311 2057 quas
338 2022 462 2050 homines
478 2023 598 2050 incolunt
614 2029 641 2050 et
661 2032 748 2059 usque
771 2025 804 2052 ad
826 2025 957 2053 barbaros

172 2068 270 2095 deveni
285 2075 376 2096 mente
389 2069 441 2097 levi
456 2074 544 2103 actus,
565 2075 591 2097 et
601 2078 694 2098 omnes
716 2072 805 2106 populi
820 2072 884 2099 mihi
900 2072 956 2099 elo-

172 2114 291 2148 quentiae
312 2121 440 2141 coronam
461 2115 526 2142 dare
547 2116 725 2149 videbantur;
743 2121 772 2144 ut
795 2125 848 2144 uno
875 2117 956 2145 verbo

172 2161 273 2191 dtcatn,
286 2167 334 2194 per
349 2165 420 2186 tuam
433 2160 576 2194 epistolam
589 2160 635 2196 qui
648 2160 761 2188 effectus
777 2169 863 2189 essem
879 2161 957 2196 igno-

174 2204 279 2236 rabant,
296 2205 382 2231 donec.
399 2203 465 2231 deus
481 2204 580 2238 aliquis
597 2205 654 2232 alas
671 2210 730 2233 tuas
745 2206 812 2232 mihi
829 2207 955 2235 abstulit.
971 2201 993 2230 υ

172 2248 420 2284 Peregrinatione":
431 2257 519 2276 meam
526 2257 595 2284 aegre
607 2258 728 2284 cessans,
735 2259 784 2279 cur
792 2253 849 2280 bare
858 2254 956 2288 patior,

173 2295 302 2329 inquam?
326 2294 472 2322 ContSidcra
497 2295 679 2329 scribentem,
696 2297 814 2332 recogita
841 2298 957 2325 benevo-

174 2341 285 2368 lentiam
301 2346 328 2368 et
346 2341 483 2369 admirare
501 2347 600 2377 quanta
615 2343 778 2376 persuadere
794 2345 845 2370 scit
862 2345 957 2371 amici-

175 2387 218 2414 tite
233 2387 411 2414 desiderium.
422 2387 479 2415 Non
495 2388 654 2416 exsisteutia
667 2389 692 2415 in
705 2389 824 2416 animum
843 2390 955 2424 inducit,

174 2433 242 2460 l‘alsa
262 2437 292 2460 ut
311 2441 373 2460 vera
397 2433 463 2461 facit
494 2433 670 2467 existimare;
693 2435 791 2462 exinde
817 2440 881 2469 puto
902 2444 956 2463 tton

175 2485 254 2511 posse
269 2478 395 2505 laudibus
412 2478 524 2510 satiari;
539 2480 664 2512 quamvis
675 2481 856 2522 onmia_l'acile
874 2482 958 2516 dicat,
992 2473 998 2479 ”

175 2523 218 2550 tlla
246 2524 397 2552 commodis
411 2524 516 2552 minora
533 2524 670 2552 videntur.
686 2525 812 2554 Mensura
837 2527 885 2555 tibi
902 2528 960 2555 lau-

173 2569 237 2596 dum
260 2577 366 2603 sensus,
387 2571 433 2606 qui
451 2570 518 2598 nihil
537 2571 571 2598 ad
597 2571 702 2599 laudent
727 2571 850 2601 sufﬁcere
871 2579 956 2609 putat.

175 2614 229 2643 Sed
245 2623 295 2650 pro
319 2620 362 2644 tua
377 2617 509 2648 amicitia.
525 2617 620 2644 desine
638 2617 700 2644 talia
714 2618 835 2646 scribere
853 2619 958 2647 homini

175 2669 259 2695 parvo
287 2662 332 2698 qui
350 2662 378 2690 in
402 2663 521 2698 seipsutu
554 2664 665 2699 respicit
686 2664 797 2692 suisoue
823 2665 959 2693 erubescit

176 2706 282 2736 litteris.

1006 1569 1097 1603 νόμος,
1113 1567 1227 1600 εὐθύνας
1241 1566 1362 1594 ἀπειλῶν
1377 1565 1502 1601 ἀκριὸεῖς
1529 1565 1557 1592 εἴ
1582 1573 1610 1591 τι
1631 1564 1686 1591 τῶν
1707 1571 1791 1598 προσ-

1005 1614 1130 1649 ηκόντων
1141 1613 1283 1648 παρίδοιμι
1293 1621 1300 1628 ·
1314 1613 1386 1647 τάχα
1399 1612 1428 1638 δὲ
1445 1611 1493 1638 καὶ
1506 1611 1523 1646 ἡ
1537 1603 1585 1637 τοῦ
1603 1610 1663 1636 νέου
1687 1608 1792 1643 σπουδὴ

1007 1661 1104 1696 μοῖραν
1117 1659 1168 1686 οὐκ
1183 1658 1328 1695 ἐλαχίστην
1352 1657 1500 1693 παρέξεται
1513 1664 1520 1672 ’
1546 1655 1639 1682 λοιπὸν
1661 1655 1728 1690 ἡμῖν
1746 1654 1791 1680 αἰ-

1006 1705 1111 1732 τεῖσθαι
1126 1705 1175 1740 τὴν
1190 1705 1222 1731 ὲκ
1234 1703 1280 1730 τοῦ
1298 1703 1374 1730 θείου
1391 1702 1488 1738 ῥοπὴν,
1508 1700 1566 1736 μεθ’
1580 1698 1615 1738 ἧς
1641 1700 1690 1727 καὶ
1711 1699 1792 1735 μόνον

1007 1751 1082 1777 ἐστὶν
1094 1750 1162 1786 πρὸς
1174 1749 1261 1784 πέρας
1273 1749 1360 1775 ὲλθεῖν
1374 1749 1424 1783 τὴν
1440 1746 1610 1782 προαίρεσιν.

1281 1794 1340 1821 Ut".
1359 1793 1519 1828 ΔΩΡΟΘΕῼ.

1043 1842 1134 1874 Δεινδς
1153 1841 1208 1877 ἄρα
1238 1849 1280 1872 τις
1294 1838 1366 1876 ἦσθα
1380 1839 1467 1874 πτερὰ
1482 1837 1655 1874 περιϐάλλειν
1668 1836 1745 1873 ᾧπερ
1759 1835 1793 1862 ἂν

1008 1888 1121 1920 ἐθέλεις,
1138 1888 1184 1913 καὶ
1193 1886 1346 1913 δείκνυσθαι
1374 1885 1522 1920 μετάρσιον
1534 1893 1541 1900 ι
1560 1884 1615 1915 σοῖς
1637 1883 1690 1918 γὰρ
1705 1882 1794 1917 γράμ-

1009 1943 1074 1970 μασι
1087 1933 1246 1968 πτερωθεὶς,
1256 1931 1393 1966 πανταχοῦ
1408 1931 1433 1964 γ’
1445 1930 1553 1957 ἐδόκουν
1571 1927 1651 1961 εῖναι,
1668 1927 1793 1962 καθάπερ

1009 1980 1088 2015 ἔφης,
1098 1981 1132 2015 τῇ
1145 1980 1236 2014 φήμῃ,
1250 1977 1431 2013 περιεπόλουν
1441 1976 1469 2003 δὲ
1480 1977 1572 2008 πόλεις
1581 1975 1682 2006 ὁπόσας
1690 1974 1794 2009 ἄνθρω-

1010 2035 1055 2052 ποι
1068 2025 1210 2061 νέμονται,
1223 2024 1272 2051 καὶ
1290 2024 1371 2059 μέχρι
1384 2023 1438 2049 τῶν
1452 2022 1597 2058 βαρῧάρων
1609 2020 1694 2055 διῄειν
1705 2020 1794 2053 κουφῇ

1008 2070 1112 2107 διανοίᾳ
1127 2070 1287 2105 φερόμενος,
1305 2068 1353 2095 κα)⁵
1368 2069 1423 2095 πᾶν
1438 2068 1514 2099 ἔθνος
1526 2068 1572 2093 ἐπὶ
1593 2066 1684 2100 λόγοις
1705 2065 1794 2091 ἐδόκει

1010 2125 1044 2152 με
1059 2115 1208 2150 στεφανοῦν
1224 2122 1230 2130 ·
1246 2115 1293 2142 καὶ
1305 2113 1403 2146 ἁπλῶς
1428 2114 1516 2140 εἰπεῖν
1532 2112 1576 2139 διὰ
1596 2111 1646 2146 τὴν
1663 2111 1712 2146 σὴν
1733 2111 1793 2137 ἐπι-

1010 2162 1108 2196 στολὴν
1123 2162 1237 2196 ἠγνόουν
1249 2161 1262 2187 ὅ
1277 2169 1304 2186 τι
1318 2160 1441 2194 γένωμαι
1456 2167 1462 2174 ·
1477 2159 1529 2190 ἕως
1546 2158 1579 2193 μέ
1593 2166 1636 2188 τις
1657 2156 1726 2183 θεῶν
1739 2155 1796 2182 τῶν

1010 2208 1064 2234 σῶν
1080 2208 1223 2243 ἀνήρπασε
1238 2205 1356 2241 πτερῶν,
1379 2206 1426 2232 καὶ
1440 2204 1492 2239 τῆς
1508 2204 1613 2238 πλάνης
1631 2202 1707 2238 μόλις
1722 2210 1795 2228 παυ-

1010 2257 1138 2292 σάμενος,
1156 2255 1188 2281 Τί
1209 2254 1297 2282 ταῦτα
1314 2253 1422 2288 πάσχω,
1440 2253 1527 2288 (pan;
1543 2251 1645 2278 Σκόπει
1660 2250 1704 2277 τὸν
1727 2249 1796 2285 γρά-

1009 2303 1110 2338 ψαντοι⁷
1126 2302 1175 2328 καὶ
1187 2300 1296 2335 λογίζου
1314 2300 1364 2336 τὴν
1379 2299 1497 2332 εὔνοιαν,
1513 2300 1560 2326 καὶ
1583 2299 1722 2333 θαύμασαι
1745 2297 1797 2323 ὅσα

1008 2348 1114 2375 πείθειν
1127 2346 1182 2374 οἶδε
1199 2347 1250 2381 τῆς
1262 2346 1355 2381 φιλίας
1369 2346 1383 2372 ὁ
1398 2345 1492 2376 πόθος·
1509 2344 1557 2370 καὶ
1565 2344 1598 2370 τὰ
1607 2344 1645 2379 μὴ
1661 2342 1725 2369 ὅντα
1740 2342 1795 2376 γὰρ

1010 2394 1136 2430 ἡγεῖσθαι
1150 2394 1239 2420 ποιεῖ·
1258 2392 1306 2419 καὶ
1322 2392 1357 2418 τὰ
1370 2391 1455 2426 ψευδῆ
1473 2391 1555 2426 τιμᾷν
1568 2389 1605 2422 ὡς
1624 2388 1710 2424 ἀληθῆ
1723 2396 1730 2402 ·
1749 2388 1795 2414 ὲν-

1009 2439 1105 2466 τεῦθεν
1131 2436 1210 2473 οἶμαι
1240 2437 1295 2463 τῶν
1331 2435 1449 2463 ἐπαίνων
1474 2435 1621 2470 ἀπλήστως
1642 2433 1726 2468 ἔχειν,
1748 2432 1797 2458 καὶ

1012 2485 1100 2512 πάντα
1115 2484 1203 2518 λέγων
1216 2481 1338 2518 εὐχερῶς
1353 2490 1360 2496 ·
1374 2483 1421 2509 καὶ
1431 2481 1519 2508 ταῦτα
1527 2480 1615 2512 δοκεῖς
1629 2480 1684 2506 τῶν
1709 2479 1797 2512 ὑπαρ-

1010 2531 1113 2567 χόντων
1137 2529 1288 2556 ἐλάττονα·
1311 2530 1411 2564 μέτρον
1441 2527 1470 2554 δέ
1490 2535 1531 2553 σοι
1559 2526 1613 2552 τῶν
1632 2525 1751 2552 ἐπαίνων
1780 2524 1798 2558 ἠ

1013 2575 1123 2611 γνώμη,
1163 2574 1246 2610 μηδὲν
1273 2575 1368 2609 ἀρκεῖν
1395 2572 1535 2608 ἡγουμένη
1564 2570 1632 2606 πρὸς
1661 2569 1772 2596 ἔπαινον
1789 2576 1798 2585 υ

1013 2621 1070 2649 ἀλλ’
1088 2620 1211 2654 ἐπίσχες,
1235 2619 1303 2654 πρὸς
1332 2619 1421 2653 φίλου,
1448 2617 1562 2644 τοιαῦτα
1587 2616 1702 2652 γράφων
1729 2614 1799 2649 πρθις

1013 2667 1098 2702 ἄνδρα
1118 2665 1216 2700 μικρὸν
1231 2664 1271 2696 εἰς
1283 2664 1379 2691 ἑαυτὸν
1392 2663 1506 2699 ὁρῶντα,
1530 2663 1578 2689 καὶ
1595 2663 1652 2693 τοῖς
1667 2661 1799 2695 γράμμα-

1014 2720 1056 2738 σιν
1066 2711 1260 2746 αἰσχυνόμενον
1276 2710 1325 2745 (1).

928 2767 1044 2796 ΝΟΤᾸΕ.

215 2811 254 2845 (l)
266 2811 334 2849 _Post
349 2812 466 2849 lianc_ad
478 2813 642 2841 Dorotbeuut
659 2814 810 2849 epistolam,
829 2815 879 2841 alia
898 2815 965 2842 scri-

183 2846 255 2874 bitur
266 2846 293 2874 in
308 2846 401 2875 codice
420 2846 603 2876 Laurentiano
617 2846 792 2882 adeumdem,
804 2846 877 2878 teste
897 2850 968 2878 Batt-

1019 2815 1104 2847 tlinio,
1122 2822 1182 2847 qua?
1196 2813 1301 2848 incipit,
1315 2812 1400 2839 ῐΙαλιν
1417 2810 1557 2848 εὐσεϐείας
1576 2808 1727 2848 καιρὸς-καὶ
1743 2808 1800 2848 πα-

1021 2849 1063 2877 λιν
1089 2843 1158 2887 πρός
1174 2849 1223 2884 τὴν
1242 2843 1378 2884 ὗμετέραν
1396 2846 1492 2882 σοφίαν
1508 2847 1522 2873 ὁ
1536 2843 1646 2881 δρόμος.
1663 2843 1724 2872 lltec
1737 2843 1798 2878 qui-
