1988 3079
164 169 233 202 ἮἹΊ

410 224 468 252 οΔι.
494 222 701 258 ΠΑΓΚΡΑΤΙῼ.

198 271 237 298 Οὐ
261 269 317 305 γὰρ
339 269 427 296 δοκεῖν
450 270 569 304 ἄριστος,
593 267 650 294 ἀλλ’
673 265 743 294 εἶναι
767 265 837 298 θέλε,
866 263 949 298 φησὶν

164 315 307 350 Αἰσχύλος,
317 314 440 340 ἐπαινεῖν
463 321 525 340 τινα
539 312 736 348 προελόμενος·
755 310 859 337 τοιοῦτο
885 308 950 342 ἡμῖν

164 360 300 394 ἀνεφάνης
315 367 323 374 θ
348 358 378 385 οὐ
395 357 473 385 τοῦτο
487 358 519 391 δ’]
544 357 575 383 τὸ
590 356 678 383 κοινὸν
697 356 777 390 μέχρι
804 352 851 380 τοῦ
876 360 948 388 παρ-

164 407 233 432 εῖναι
259 405 350 440 φιλίαν
361 404 526 435 ἐπιδεικνὺς,
540 403 600 430 οὐδὲ
615 402 722 437 μετρῶν
744 401 784 436 τῷ
804 400 881 435 τόπῳ
902 400 952 433 τὴν

165 450 282 483 εὔνοιαν,
293 451 351 478 ἀλλ’
360 450 377 485 ἢ
389 451 513 486 κρεῖττον
528 446 598 476 εἶναι
613 448 659 474 καὶ
673 447 770 474 σαυτὸν
788 447 866 482 νικᾷν
878 447 953 472 ἒπει-

165 497 299 532 γόμενος·
325 496 436 527 εἰκότως
459 495 514 531 ἆρα
545 504 574 521 σε
598 495 647 529 τῆς
670 493 740 529 ὲμῆς
766 492 885 523 διανοίας
902 491 952 518 οὐκ

165 541 236 569 οἶδεν
254 543 420 569 ὑποϐλέπειν
431 542 538 578 ἡ.λήοη.
558 541 628 568 Ἀλλ’
645 540 733 567 ἔπεισί
746 539 771 566 τί
783 548 827 575 μοι
839 539 952 574 Σωκρα-

164 588 240 614 τικὸν
255 589 297 615 ἀεὶ
305 588 405 622 λέγειν,
422 587 460 619 ὡς
474 587 498 613 εἰ
512 586 567 621 ὲγὼ
582 585 755 620 Παγκράτιον
777 583 878 618 ἀγνοῶ,
905 583 953 609 καὶ

165 634 284 669 ἐμαυτοῦ
295 633 486 668 ἐπιλέλησμαι,
501 630 531 658 οὑ
544 631 654 668 χορεύει
677 631 752 666 μὲνὴ
768 629 876 664 γλῶττα
891 630 953 660 ταῖς

167 680 291 716 μούσαις,
308 679 393 715 ἀρετὴ
404 679 432 706 δὲ
450 679 575 714 καθάπερ
595 679 708 714 τέμενος
734 678 834 706 ἅὸατον
852 675 949 711 κακίᾳ,

165 727 215 762 τὴν
241 727 315 762 ἱερὰν
336 726 425 761 ψυχὴν
449 726 625 761 ᾠκειώσατο·
650 724 794 760 τοιγαροῦν
816 722 953 757 εὐδαίμων

166 775 217 807 μὲν
242 773 323 804 αὐτὸς
340 772 453 798 τοιαῦτα
476 771 566 806 φέρων
579 770 759 806 γνωρίσματα
773 777 780 784 '
799 769 847 796 καὶ
875 768 953 795 πόλιν

164 819 248 850 οἰκεῖς
260 818 309 853 τὴν
325 818 417 852 κοινὴν
440 817 495 844 τῶν
514 817 600 851 λόγων
619 817 737 852 μητέρα,
753 815 787 851 ἢν
809 812 879 851 ὧραι
904 823 953 841 πο-

165 863 260 890 θοῦσαι
276 864 346 890 κατὰ
358 864 460 897 ταύτην
474 862 602 897 ἀλλήλαις
614 862 788 893 ἐσπείσαντο,
808 859 841 895 ἥν
865 867 952 894 προσ-

870 161 1071 193 EPISTOL/E.

1718 147 1789 180 2778

1223 213 1341 242 LXXIV.
1356 209 1562 241 PANCRATIO.

1036 261 1095 289 Noli
1113 261 1233 297 optinms
1247 261 1346 292 videri,
1364 261 1410 288 sed
1422 267 1494 291 esse,
1512 259 1550 285 ait
1565 254 1723 292 Eschylus,
1738 257 1787 281 atl-

1001 315 1080 342 quem
1094 308 1205 336 laudare
1214 307 1264 335 sibi
1277 313 1438 343 proponens.
1451 305 1525 332 Talis
1537 304 1614 331 nobis
1624 301 1784 338 apparuisti,

1002 361 1054 382 non
1086 359 1189 381 tantum
1209 358 1297 381 tamen
1317 353 1378 380 boni
1400 352 1499 387 publici
1527 350 1614 378 zelum
1645 354 1784 378 ostentans

1002 405 1032 427 ut
1044 399 1192 427 amicitiam
1219 399 1349 434 negligas,
1376 406 1426 425 nec
1446 398 1503 425 loco
1515 401 1590 424 tuam
1615 396 1788 423 circumscri-

1003 447 1069 474 bens
1078 445 1308 482 benevolentiam,
1321 445 1368 471 sed
1388 443 1527 471 meliorem
1541 450 1601 471 esse
1613 445 1640 469 ct
1653 442 1686 469 de
1702 441 1788 475 leipso

1003 494 1133 522 victorem
1151 493 1325 521 contendens.
1349 492 1388 520 Te
1407 492 1432 519 in
1445 492 1526 519 corde
1544 498 1603 518 meo
1619 497 1668 517 nec
1689 487 1789 524 poterit.

1002 541 1102 568 oblivio
1125 540 1225 567 delere.
1253 539 1306 566 Sed
1333 539 1359 566 in
1381 543 1470 565 mente
1489 538 1554 564 mihi
1579 537 1654 564 venit
1680 542 1787 570 semper

1003 585 1067 621 quid
1086 586 1250 614 socraticum
1274 585 1364 612 dicere
1384 585 1492 619 meique
1510 592 1570 610 sum
1583 583 1693 614 oblitus,
1710 581 1786 616 quasi

1005 632 1178 660 Pancratium
1202 639 1254 659 non
1269 631 1408 665 noverim,
1424 630 1501 665 cujus
1523 630 1611 662 lingua
1627 635 1687 655 cum
1705 627 1789 655 musis

1004 679 1095 712 saltat,
1116 682 1143 705 et
1163 677 1249 705 virtus
1267 677 1343 711 quasi
1371 682 1441 703 terra
1463 675 1574 703 malitia:
1595 673 1725 708 impervia
1746 680 1788 699 sa-

1003 731 1077 751 cram
1103 723 1207 750 habitat
1226 722 1355 750 animam.
1381 722 1481 748 Beatus
1505 721 1586 756 igitur
1611 720 1669 753 ipse
1688 720 1733 754 qui
1751 723 1790 745 tot

1005 769 1088 797 habes
1104 776 1163 795 rara
1180 773 1207 796 et
1218 768 1374 802 singularia.
1388 767 1489 795 Urbem
1499 766 1606 793 habitas
1617 772 1789 792 communem

1003 815 1169 849 eloquentia:
1189 819 1303 842 matrem
1324 814 1349 842 in
1374 822 1426 848 qua
1444 814 1517 840 horae
1540 812 1662 847 benigna:
1679 812 1749 838 inter
1761 819 1791 838 se

1005 861 1095 888 fcedus
1112 861 1243 893 inierunt,
1257 867 1338 895 quam
1357 859 1472 887 dulciter
1490 858 1586 893 irrigat
1608 865 1683 884 mare
1699 856 1790 884 Nilus-

164 909 257 940 κλύζει
272 909 366 943 πράως
392 910 409 943 ἡ
425 908 556 939 θάλασσα,
568 908 614 934 καὶ
626 907 723 938 Νεῖλος
741 905 950 939 ἐναγκαλίζεται

1005 915 1054 941 que
1066 907 1136 935 sicut
1149 914 1245 934 amans
1259 906 1374 933 amicam
1388 905 1570 940 amplectitur,
1582 908 1609 930 ct
1623 911 1655 930 ex
1670 903 1790 937 undique

165 955 290 989 καθάπερ
301 954 427 990 ἐρωμένῃ
440 953 598 988 περιχυθείς
608 960 614 967 ·
628 952 674 978 καὶ
687 951 858 986 πανταχόθεν
881 950 950 986 ἄλση

165 1001 212 1028 καὶ
226 1001 320 1036 δένδρα
332 1003 378 1027 καὶ
388 1001 451 1036 λήῖα
463 1001 575 1031 καὶτοῖς
583 999 733 1034 ὀφθαλμοῖς
745 997 855 1024 ποικίλα
865 1005 951 1032 προσ-

165 1047 275 1074 ϐαλοῦσι
297 1047 424 1082 χάριτες·
452 1047 511 1074 ἀλλ’
537 1048 601 1082 ὑμῖν
629 1046 678 1081 μὲν
700 1045 750 1079 τὴν
777 1043 951 1078 εὐδαιμονίαν

164 1093 232 1123 Θεὸς
245 1091 407 1126 ὲπαυξήσει,
424 1092 470 1118 καὶ
486 1091 582 1127 μισθὸν
596 1091 646 1126 τῆς
669 1090 771 1125 ἀρετῆς
788 1088 952 1125 δωρησάμε-

163 1146 208 1169 νος
219 1147 226 1154 ·
248 1138 363 1173 μετάδος
376 1137 404 1164 δὲ
413 1137 513 1172 φίλοισι
532 1139 588 1169 σοῖς
601 1137 651 1172 σῆς
668 1135 831 1172 εὐπραξίας,
846 1136 903 1166 τοῖς
920 1135 952 1161 ὲκ

164 1183 288 1219 γλώττης
296 1183 408 1218 ἀγαθοῖς
421 1183 577 1219 εὐφραίνων
596 1183 680 1218 ἡμᾶς,
708 1182 756 1209 καὶ
777 1181 895 1217 πέμπων
911 1181 952 1207 οῖ-

164 1230 243 1256 κοθεν
257 1230 348 1256 οἴκαδε
360 1229 429 1265 πρὸς
439 1230 513 1265 ἡμᾶς
524 1230 558 1256 τὰ
566 1229 716 1264 ποιήματα.
734 1228 772 1254 Οὐ
784 1227 838 1263 γὰρ
849 1227 952 1253 δίκαιον

164 1275 307 1302 λανθάνειν
323 1275 340 1302 ἃ
356 1276 413 1307 τοῖς
447 1274 576 1310 ἀλλήλοις
598 1274 788 1309 ὲπιδειχθέντα
820 1272 951 1306 πλείστην

163 1322 232 1348 οἴσει
240 1321 289 1356 τὴν
304 1321 408 1356 ὅνησιν.

321 1365 383 1393 ΟΕ¹.
397 1366 515 1401 ΓΕΣΣῘῼ
532 1365 790 1400 ῙΑΤΡΟΣΟΦΙΣἸᾘ.

202 1412 232 1440 Ὀ
242 1412 291 1449 τὴν
306 1412 451 1448 ἐπιστολὴν
463 1412 600 1444 ἐπιδιδοὺς
615 1412 668 1438 ὑπὸ
689 1412 773 1447 μητρὶ
799 1411 871 1446 χήρᾳ
885 1419 951 1446 τρα-

163 1459 224 1493 φεὶς
250 1458 298 1485 κο.)⁸
320 1458 370 1493 τὴν
401 1458 456 1485 τῶν
481 1457 638 1492 ἀναγκαίων
662 1457 766 1484 ἔνδειαν
779 1456 949 1491 αἰτιώμενος,

162 1504 236 1538 ὅμως
247 1504 296 1539 οὐχ
310 1503 362 1530 ὑπὸ
376 1503 501 1538 νεότητος
510 1504 650 1538 ἐπαρθεὶς,
665 1504 715 1529 οὐκ
730 1504 759 1529 ὲν
778 1502 887 1538 ἐξουσίᾳ
904 1502 950 1529 τοῦ

163 1549 293 1584 πράττειν
308 1548 321 1574 ὅ
333 1556 358 1574 τι
377 1548 448 1574 Θέλοι
469 1548 626 1582 γενόμενος,
648 1547 723 1582 παρὰ
745 1547 880 1582 ῥᾳθυμίαν
895 1548 950 1573 ἀπ-

163 1594 267 1620 έκλινεν
281 1602 288 1609 ·
304 1592 360 1620 ἀλλ’
375 1593 589 1628 ἐπανορθοῦσθαι
602 1594 653 1628 τὴν
666 1592 751 1628 τύχην
772 1592 882 1626 ἐθέλων,
906 1594 953 1619 καὶ

163 1639 319 1674 λόγωνὲρᾷ,
336 1640 382 1665 καὶ
399 1639 466 1674 πρὸς
480 1638 530 1674 τὴν
544 1637 681 1673 ὑμετέραν
700 1637 822 1671 γλῶτταν
845 1639 953 1672 ἐπείγε-

162 1694 222 1712 ται·
243 1686 288 1712 καὶ
302 1684 439 1721 ἀρκοῦσαν
450 1685 576 1721 ἁςορμὴν
591 1684 659 1719 πρὸς
670 1683 827 1719 εὐσχήμονα
847 1683 905 1718 βίον
921 1684 951 1716 ἐξ

162 1730 248 1765 αὐτῆς
266 1731 449 1765 ἀρυσάμενος,
466 1730 503 1761 ὡς
519 1729 622 1765 ἀρκοῦν
635 1730 713 1756 ἐστιν
727 1729 801 1762 ὑμᾶς
814 1728 887 1760 ίδεῖν,
906 1728 953 1755 καὶ

162 1777 217 1804 τῶν
230 1776 387 1803 λυπούντων
404 1776 476 1811 ἔχειν
490 1776 539 1810 τὴν
554 1775 641 1808 λύσιν,
702 1775 769 1810 παρ’
788 1774 866 1810 ὑμῶν
880 1775 953 1801 διδα-

163 1823 261 1858 σκαλίᾳ
273 1822 322 1854 τὰς
338 1822 406 1857 πρὸς
417 1822 446 1848 τὸ
465 1822 561 1857 μέλλον
579 1821 689 1853 ἐλπίδας
706 1821 951 1857 ἐπανορθούμενος·

160 1870 222 1897 ὅθεν
237 1870 286 1905 τὴν
297 1870 433 1905 ὑμετέραν
446 1869 558 1903 γνώμην
570 1868 657 1901 εἰδὼς,
673 1868 721 1895 καὶ
739 1869 776 1899 ὼς
807 1868 953 1903 πρόκείσθε

161 1917 218 1947 τοῖς
231 1915 260 1942 εὖ
277 1915 371 1942 παθεῖν
384 1915 534 1949 δεομένοις,
549 1914 659 1949 saepe»:
673 1915 736 1949 ὑμῖν
749 1915 881 1950 προσάγω
906 1915 952 1941 τὸν

161 1962 231 1994 νέον,
248 1962 308 1989 ἀντὶ
322 1961 443 1997 μεγάλης
461 1961 565 1996 δωρεᾶς
581 1960 646 1996 ὓλην
668 1961 732 1995 ὑμῖν
754 1961 880 1997 χορηγῶν
903 1960 951 1988 τοῦ

160 2008 289 2035 δύνασθαι
301 2009 381 2035 πάλιν
392 2008 562 2043 γεωργῆσαι.

442 2056 511 2087 oq'.
525 2053 679 2089 mittunt).

196 2099 280 2132 Μόλις
292 2099 366 2133 ἡμᾶς
381 2098 589 2134 ἀμηχανοῦντας
616 2098 774 2133 μετέϐαλες,
790 2099 900 2134 γράψας
912 2099 951 2131 ὡς

162 2147 237 2182 ᾄδειν
248 2146 351 2177 ἐθέλεις
366 2145 507 2180 ὑμέναιον,
519 2144 566 2171 καὶ
582 2145 685 2171 παίδων
697 2144 822 2178 γενέσθαι
837 2146 928 2181 πατὴρ
941 2153 949 2161 ο

160 2190 268 2218 πολλῶν
282 2191 336 2225 γὰρ
361 2188 550 2224 ὲπιδραμοῦσα
571 2189 660 2224 φήμη,
687 2189 784 2220 ἄλλους
803 2189 951 2224 ἀλλαχόθεν

1003 951 1089 984 lucos,
1109 953 1222 978 arbores
1242 955 1270 978 et
1296 955 1401 985 segetes
1427 950 1514 977 ornlis
1534 950 1625 977 varias
1649 949 1791 983 proferunt

1003 999 1108 1034 gratim.
1126 998 1179 1026 Sed
1195 999 1272 1026 vobis
1289 997 1360 1024 Deus
1386 997 1542 1024 felicitatem
1566 996 1685 1031 augebit,
1702 995 1786 1022 virtu-

1005 1044 1094 1077 tisque
1111 1043 1251 1078 praestabit
1273 1042 1436 1070 mercedem.
1450 1041 1560 1069 Amicos
1578 1041 1618 1068 l'ae
1633 1040 1788 1068 beneﬁcen-

1003 1089 1047 1117 lire
1064 1093 1115 1116 tua:
1130 1088 1287 1123 participes,
1301 1087 1440 1114 Ia'tilicans
1454 1095 1503 1114 nos
1517 1086 1614 1121 lingua:
1624 1091 1676 1114 tua:
1689 1086 1790 1113 divitiis

1002 1140 1030 1163 et
1044 1135 1141 1170 exinde
1157 1135 1190 1161 ad
1212 1142 1260 1162 nos
1278 1134 1388 1162 mittens
1403 1141 1485 1168 opera
1499 1138 1553 1160 tua.
1572 1132 1630 1160 Non
1657 1133 1729 1160 enim
1749 1132 1790 1160 fas

1002 1186 1044 1209 est.
1063 1180 1234 1208 abscondere
1257 1188 1288 1208 ea
1309 1188 1369 1215 quae
1390 1179 1450 1207 aliis
1480 1179 1652 1207 manifestata
1674 1179 1788 1206 multum

1002 1226 1115 1254 ail'erent
1129 1227 1311 1254 commodum.

1123 1365 1230 1393 LXXV.
1250 1365 1375 1394 GESSIO
1391 1364 1517 1393 PERITO
1533 1364 1671 1392 MEDICO.

1037 1411 1089 1445 Qui
1113 1413 1184 1440 hanc
1210 1413 1288 1440 vobis
1308 1412 1377 1440 feret
1394 1413 1536 1448 epistolam
1561 1419 1575 1438 a
1598 1415 1684 1438 matre
1710 1411 1789 1438 vidua.

1002 1458 1138 1486 enutritus
1153 1463 1180 1486 et
1195 1458 1222 1486 in
1242 1459 1364 1487 omnium
1388 1459 1602 1486 necessariorum
1621 1457 1709 1492 inopia
1723 1457 1791 1484 edu-

1003 1509 1092 1538 catus,
1116 1511 1166 1532 nec
1191 1514 1206 1532 a
1227 1505 1370 1540 juventute
1393 1510 1513 1536 erectus,
1538 1508 1586 1530 aut
1613 1504 1639 1530 in
1664 1503 1793 1531 libertate

1006 1550 1110 1584 positus
1121 1551 1217 1585 agendi
1234 1550 1299 1584 quid
1321 1550 1409 1583 vellet,
1428 1550 1462 1576 ad
1477 1550 1614 1584 ignaviam
1634 1548 1791 1577 declinavit.

1008 1595 1060 1622 Sed
1073 1595 1156 1622 sortis
1171 1595 1285 1630 injurias
1303 1595 1442 1628 corrigere
1465 1595 1558 1622 volens
1577 1594 1792 1629 eloquentiaeque

1006 1640 1120 1674 cupidus
1130 1641 1163 1666 ad
1175 1640 1293 1674 linguam
1307 1644 1427 1667 vestram
1442 1640 1569 1674 pellitur;
1583 1644 1611 1667 et
1623 1647 1657 1667 ex
1668 1647 1698 1668 ea
1718 1640 1792 1668 suill-

1005 1687 1121 1714 cientem
1133 1687 1166 1714 ad
1188 1686 1330 1714 honestam
1344 1686 1426 1714 vitam
1442 1695 1552 1715 sumens
1568 1687 1750 1720 occasionem,
1763 1693 1794 1715 ut

1006 1733 1099 1760 videre
1109 1732 1243 1767 poteritis,
1257 1737 1284 1760 et
1297 1732 1473 1760 atllietionum
1486 1733 1565 1759 tinem
1578 1732 1715 1765 obtinens,
1742 1740 1792 1760 ve-

1005 1783 1061 1806 stra
1073 1777 1214 1812 disciplina
1227 1785 1292 1806 snas
1303 1786 1364 1814 spes
1373 1779 1462 1813 eriget
1476 1779 1503 1805 in
1519 1778 1650 1807 futurum.
1666 1778 1791 1807 Vestram

1005 1825 1209 1860 dispositionem
1227 1830 1255 1852 et
1277 1825 1303 1852 in
1320 1824 1475 1860 indigentes
1486 1825 1703 1860 compassionem
1730 1833 1792 1853 cum

1005 1871 1073 1898 bene
1093 1871 1225 1903 nOVcrim,
1245 1870 1319 1897 illum
1342 1870 1374 1897 ad
1390 1878 1438 1897 vos
1461 1871 1568 1898 mittere
1590 1871 1717 1906 juvenem
1738 1879 1792 1898 non

1005 1916 1100 1949 timeo,
1123 1916 1182 1943 loco
1205 1923 1308 1951 magnae
1326 1917 1458 1944 mercedis
1480 1917 1622 1944 materiam
1640 1922 1670 1944 ut
1693 1916 1791 1944 iterum

1004 1962 1117 1997 possitis
1136 1961 1262 1990 laborare
1277 1968 1420 1998 praestans.

1242 2051 1360 2079 LXXVI.
1377 2050 1546 2079 PHILIPPO.

1036 2097 1147 2126 Consilii
1160 2097 1248 2132 inopia
1259 2098 1461 2132 laborabamus,
1471 2106 1580 2126 omnem
1596 2098 1788 2125 dubitationem

1003 2144 1140 2171 sustulisti
1155 2144 1278 2171 seribens
1293 2149 1318 2172 te
1332 2145 1401 2172 velle
1418 2146 1588 2181 hymenaeum
1606 2152 1705 2172 canere
1720 2144 1789 2172 lilio-

1003 2195 1119 2222 rumque
1153 2193 1256 2223 patrem
1282 2189 1350 2216 ﬁeri.
1381 2189 1527 2216 Multorum
1553 2197 1693 2216 Sermones
1718 2189 1790 2216 fama

159 2237 278 2270 ὲπὲγετο
291 2235 387 2268 λόγους
401 2242 408 2249 ’
420 2234 466 2260 καὶ
491 2233 600 2260 πάντων
623 2233 809 2268 διηγουμένων
825 2242 840 2260 σ
852 2234 950 2261 toti-3'1-

1005 2240 1176 2267 pra'cnrrcns
1192 2233 1262 2260 alios
1279 2233 1332 2260 alio
1349 2238 1499 2268 sparserat.
1521 2233 1587 2260 Cum
1605 2234 1726 2259 omnium
1742 2240 1789 2258 au-

158 2289 205 2312 τες
220 2281 299 2315 ἡμεῖς
316 2278 565 2314 ἠκροώμεθαιιτῶν
578 2279 720 2314 ὑμετέρων
738 2278 900 2312 ἀγνοοῦντες
916 2279 951 2306 τὰ

160 2329 286 2364 μέγιστα,
306 2327 353 2354 καὶ
362 2328 418 2358 τοῖς
432 2326 647 2359 πυνθανομένοις
668 2326 776 2358 παίζειν
797 2326 949 2358 δοκοῦντες.

157 2374 195 2405 ὡς
209 2374 316 2406 ἀγνοεῖν
333 2371 460 2406 ἐπίτηδες
477 2371 717 2405 προσποιούμενοι.
741 2371 810 2397 Νυνὶ
838 2371 867 2397 δὲ
894 2372 949 2403 τοῖς

157 2421 301 2457 γραφεῖσιν
315 2417 419 2454 ἡσθεὶς,
433 2417 518 2452 ἡδέως
532 2417 565 2444 ἂν
582 2417 662 2448 εὐθὺς
674 2418 793 2452 Περσεὺς
817 2417 950 2452 ἐγενόμην

157 2466 322 2499 ὑπόπτερος,
339 2464 387 2491 καὶ
415 2463 461 2490 τοῦ
480 2462 614 2496 πελάγους
630 2462 784 2496 ὑπερπτὰς,
807 2462 855 2489 καὶ
882 2462 951 2498 πρὸς

156 2512 229 2546 ὑμᾶς
242 2511 421 2545 ἀφικόμενος,
451 2508 573 2535 παστάδα
598 2507 720 2534 κατεῖδον
740 2507 825 2543 ἱερὰν,
847 2508 894 2535 καὶ
916 2508 948 2534 τὸ

157 2557 267 2584 πάντων
280 2555 390 2591 ἥδιστον
403 2555 506 2589 θέαμα,
522 2554 640 2588 νυμφίον
657 2553 689 2579 ἐκ
704 2553 863 2588 φιλοσοφίας
879 2555 947 2589 ὲριυ‹

155 2599 246 2625 τικόν·
257 2599 304 2624 καὶ
316 2597 410 2624 ὑλικόν
425 2606 469 2628 τις
484 2597 564 2623 αὑτὸν
574 2597 694 2632 ὀνομάζῃ
707 2596 859 2631 φιλοσόφως
877 2598 945 2624 ἁπο-

155 2644 326 2679 κρινόμενον,
353 2644 391 2675 ὠς
413 2645 525 2678 κοσμεῖν
545 2642 600 2669 ἔδει
630 2643 680 2678 τὴν
702 2643 820 2677 γένεσιν,
851 2644 947 2679 ἔρανον

155 2689 212 2716 ἀνθ’
227 2690 324 2716 ἑαυτοῦ
342 2688 521 2725 χορηγοῦντα,
537 2689 584 2715 καὶ
601 2688 636 2715 τὰ
648 2689 742 2716 εἰκότα
753 2689 822 2725 πρὸς
841 2690 946 2725 ταύτην

155 2736 350 2772 ἀφοσιούμενον
360 2743 367 2750 ”
380 2735 467 2766 ἑάλως
481 2735 503 2761 δ’
519 2734 566 2761 οὖν
588 2734 674 2770 ὅμως,
684 2731 706 2762 ὦ
732 2735 865 2771 βέλτιστε,
892 2736 943 2771 6ψέ

1003 2278 1146 2305 diebamus
1167 2279 1350 2311 narrationes,
1365 2279 1521 2312 silebamus.
1538 2285 1644 2306 tuorum
1661 2279 1790 2312 ignoran-

1003 2329 1045 2351 tes
1062 2324 1190 2359 plurima,
1208 2324 1301 2352 ludere
1323 2324 1482 2352 videbamur
1506 2324 1746 2359 interrogantibus,
1762 2328 1790 2351 ct

1002 2370 1184 2406 ignorantiam
1205 2370 1329 2398 consulto
1346 2371 1457 2405 lingere.
1480 2370 1556 2398 Nunc
1571 2375 1660 2398 autem
1682 2371 1716 2398 iis
1729 2378 1790 2406 qua:

1002 2416 1139 2451 scripsisti
1155 2416 1284 2449 recreati,
1300 2416 1417 2444 libenter
1432 2417 1536 2444 veIOCes
1554 2416 1644 2443 Persei
1659 2415 1717 2443 alas
1731 2424 1792 2443 mu-

1003 2467 1158 2495 tuaremur,
1176 2466 1203 2489 et
1217 2469 1290 2490 mare
1302 2462 1487 2489 transilientes
1501 2463 1534 2489 ad
1548 2467 1574 2489 te
1592 2462 1747 2489 veniremus
1761 2466 1791 2489 ut

1003 2515 1113 2535 sacrum
1134 2508 1273 2534 videamus
1295 2507 1440 2535 thalamum
1465 2512 1492 2535 et
1515 2508 1586 2542 quod
1606 2507 1726 2534 omnium
1748 2512 1789 2535 est

1000 2554 1230 2589 jucundissimum
1246 2554 1441 2590 spectaculum,
1460 2553 1596 2580 hominem
1614 2561 1648 2579 ex
1666 2553 1790 2587 philoso-

1003 2600 1057 2634 pho
1068 2606 1218 2628 amatorem
1236 2600 1348 2627 factum.
1371 2601 1438 2633 Quis
1452 2599 1524 2626 cnim
1548 2607 1670 2626 crassum
1687 2600 1790 2626 dieerrt

1004 2646 1080 2673 illum
1096 2646 1140 2681 qui
1154 2646 1295 2681 sapienter
1308 2645 1455 2680 respondet
1471 2646 1621 2672 ornandam
1634 2652 1694 2672 esse
1708 2653 1789 2680 gene-

1005 2692 1163 2725 rationem,
1185 2692 1230 2726 qui
1257 2691 1413 2718 convivium
1433 2699 1482 2725 pro
1506 2698 1553 2718 sua
1579 2695 1656 2726 parte
1682 2690 1790 2717 ordinat

1002 2737 1168 2772 conjugique
1181 2736 1270 2764 debita
1286 2737 1385 2764 reddit.
1401 2737 1505 2771 Captus
1522 2744 1561 2770 es,
1586 2744 1603 2765 ο
1616 2735 1778 2764 charissiine

909 2794 1023 2822 ΝΟΤΑΞ.

155 2845 214 2872 d-m
227 2845 300 2872 deest
318 2843 343 2869 in
357 2842 449 2871 rmlice
465 2842 619 2877 Vaticano;
637 2847 824 2872 verumtamen
844 2843 870 2871 in
897 2843 1079 2872 Laurentiano
1102 2843 1220 2872 vicissim
1243 2843 1342 2872 desunt
1360 2843 1470 2878 reliqum
1494 2850 1555 2878 qua:
1592 2842 1618 2870 in
1653 2840 1785 2870 Vaticano

155 2885 307 2916 εαειιυιιιυν
321 2886 426 2907 υιιιιισδ.
