1988 3079
175 174 246 207 2779

829 171 1006 202 PROCOPII
1026 171 1147 202 GAZEI

1739 168 1810 200 2780

175 236 204 258 et
218 228 325 256 tandem
343 227 441 256 novisti
463 227 612 255 amantium
630 226 761 262 sagittas;
783 226 897 262 pulchra
920 233 961 252 tua

1018 233 1083 251 ποτε
1102 226 1136 253 τὰ
1147 225 1201 252 τῶν
1213 225 1338 261 ἐρώντων
1355 224 1504 261 μανθάνεις
1529 222 1693 259 τοξεύματα.
1709 223 1746 250 Ἥ
1779 231 1810 250 τε

176 277 305 311 nympha,
324 274 410 307 aiunt,
435 282 484 309 per
505 274 615 309 gratias,
645 274 682 301 ita
703 280 732 300 ιιι
756 281 770 300 a
792 273 963 308 philosophia

175 320 309 347 abducere
337 320 425 347 valeat
449 326 611 347 amatorent.
634 319 749 347 Tantunt
783 319 898 346 ﬁliorum
925 318 965 346 sis

175 371 250 398 pater
266 366 364 391 virtute
380 364 569 400 genuinorum,
587 369 617 392 ul
635 364 701 392 dicit
716 365 848 392 cotncedia
860 373 867 398 ;
880 368 907 391 et
922 363 965 392 ci-

176 411 228 437 lius
250 417 282 437 ex
307 410 383 437 vobis
404 409 544 437 videamus
565 416 678 444 puerum
701 409 745 444 qui
766 409 839 436 vultu
856 413 962 442 patrem

176 457 312 492 praedicet,
333 456 483 491 prmsertim
495 456 544 490 ipsi
563 457 598 484 sit
615 456 830 489 mansuetudine,
852 463 963 491 magna-

176 502 309 534 nimitate,
322 506 348 529 et
361 501 422 529 aliis
436 501 583 528 virtutibus
596 501 762 529 simillimus.

381 547 511 575 LXXVII.
534 547 752 575 HIERONYMO.

209 593 294 627 Quam
312 601 406 628 magna
425 594 458 621 de
480 593 540 622 Nilo
562 594 664 627 sentis;
693 593 771 620 nobis
795 593 920 620 occurris
935 593 959 620 in

175 640 292 668 medium
323 648 406 675 agens
429 640 575 676 XEgyplunt
596 641 672 675 quasi
698 640 798 668 oblittts
823 642 895 675 quod
916 644 960 667 tua

173 687 333 714 charissima
354 686 496 722 x’Egyptus,
512 688 538 713 i-n
561 692 721 722 potestatem
743 687 851 714 redacta
867 686 958 714 fuerit.

173 733 333 768 Suphisticze
351 739 415 760 sunt
439 738 491 761 tua:
507 733 603 760 litterae
625 733 779 768 [astumque
799 732 906 767 Gorgia:
922 740 961 759 re-

172 780 273 806 dolent.
297 780 325 807 Si
343 780 487 807 verborum
509 784 617 806 tttorunt
639 780 708 807 bene
726 779 847 811 memini,
871 778 959 806 Nilum

171 826 239 854 dicis
255 834 303 861 per
317 831 418 854 terram
434 827 550 861 irrigare
566 831 594 853 et
613 826 796 860 navigabilem
812 825 903 853 facere
916 834 959 852 re-

171 873 278 907 gionem
297 872 361 899 olittt
378 872 508 906 perviam.
519 872 572 899 Sed
593 871 643 899 hoc
658 871 722 906 quid
732 871 764 898 ad
784 876 809 898 te
829 871 874 905 qtti
889 870 960 898 Mer-

1019 271 1113 306 νύμφη
1124 272 1206 306 καλὴ,
1220 271 1298 307 φησι,
1312 271 1342 307 νὴ
1350 271 1400 303 τὰς
1408 271 1540 305 Χάριτας,
1552 269 1600 296 καὶ
1614 268 1691 303 ἱκανὴ
1702 268 1810 303 φιλοσο-

1018 316 1082 350 φίας
1105 317 1281 352 παρατρέψαι
1300 316 1346 343 τὸν
1372 316 1511 352 ἔροιο-τῆν’
1539 315 1610 350 ἀνὴρ
1643 314 1722 349 μόνον
1732 313 1809 348 γίνου

1017 361 1121 388 παίδων
1148 362 1192 388 ἐπ’
1218 362 1302 397 ἀρετῇ
1328 361 1457 397 γνησίων,
1474 361 1491 394 ἠ
1514 360 1647 395 κωμῳδία
1668 359 1810 394 φησί-καὶ

1016 407 1113 434 θᾶττον
1126 407 1155 440 ἐξ
1175 407 1252 443 ὑμῶν
1268 407 1350 443 ἴδοιμι
1363 407 1456 438 παῖδα,
1472 406 1517 432 διὰ
1531 407 1580 440 τῆς
1602 406 1666 437 θέας
1685 405 1731 432 τὸν
1755 413 1810 430 παι

1016 452 1083 488 τέρα
1098 453 1278 488 κηρύττοντα,
1295 453 1396 488 μᾶλλον
1422 452 1559 488 πραότητι
1580 451 1628 477 καὶ
1657 450 1810 486 μεγαλοψυ-

1015 498 1070 534 χίᾳ,
1084 500 1132 525 καὶ
1147 500 1207 530 ταῖς
1227 498 1320 530 ἄλλαις
1335 499 1447 534 ἀρεταῖς
1461 497 1662 532 παραπλήσιον.

1279 545 1337 571 οΖ’.
1354 544 1543 579 ΙΕΡΩΝΥΜῼ.

1056 593 1100 626 Ὠς
1112 591 1218 629 μεγάλα
1228 591 1298 628 [ἐπὶ]
1326 591 1364 627 τῷ
1390 591 1480 626 Νείλῳ
1497 590 1616 625 φρονεῖς,
1643 588 1691 616 καὶ
1711 587 1808 620 ἀντεξ-

1015 639 1092 674 άγεις
1119 639 1185 673 ἡμῖν
1204 638 1243 669 εὶς
1268 638 1350 672 μέσον
1367 636 1442 671 ἄγων
1464 636 1514 672 τὴν
1545 635 1693 669 Αῐγυπτον,
1712 634 1807 668 ὥσπερ

1013 685 1131 720 ἁλούσης
1145 684 1193 719 τῆς
1210 683 1343 718 φιλτάτης
1364 683 1404 712 εἰς
1418 683 1505 718 λήθην
1521 681 1605 708 ἐλθὼν
1624 689 1629 696 ·
1643 680 1681 711 ὡς
1696 680 1743 707 καὶ
1759 688 1804 706 σο-

1014 731 1127 766 φιστικὰ
1144 730 1172 757 δέ
1187 738 1234 756 σου
1252 730 1286 756 τὰ
1298 730 1461 765 γράμματα,
1473 729 1520 755 καὶ
1532 728 1577 754 τῖιν
1592 727 1706 762 Γοργίου
1720 725 1805 760 τύφον

1013 777 1123 804 ἐδόκουν
1132 777 1199 812 ὁρᾷν
1214 777 1221 803 l
1238 775 1296 803 ὕειν
1310 776 1364 811 γὰρ
1380 775 1424 802 τὸν
1439 775 1536 801 Νεῖλον
1554 774 1621 809 ἔφης
1642 774 1674 800 ἐκ
1697 773 1760 807 γῆς.
1780 772 1807 799 εἴ

1012 822 1039 849 τί
1057 831 1091 857 με
1111 821 1148 857 μὴ
1159 822 1213 848 τῶν
1223 821 1354 857 ῥημάτων
1367 821 1515 856 παρέλαθε,
1532 820 1578 846 καὶ
1591 818 1697 853 πλωτὴν
1717 818 1803 844 ποιεῖν

1012 869 1061 903 τὴν
1070 867 1155 894 πάλαι
1173 867 1274 902 βατήν·
1287 867 1313 894 τί
1324 866 1353 893 δέ
1372 875 1404 901 γε
1421 866 1499 893 τοῦτο
1523 866 1592 900 πρὸς
1611 865 1640 891 σὲ
1669 865 1718 898 τὴν
1741 864 1804 897 Ἐρ-

171 918 239 945 curii
266 918 362 945 incolis
386 917 478 945 urbem
506 925 586 952 quam
616 925 666 945 nec
683 916 789 952 Jupiter
817 917 958 952 pluviosus

1016 912 1062 948 αοῦ
1073 913 1261 943 κατοικοῦντα,
1275 913 1308 948 ἣν
1330 911 1393 939 οὔτε
1418 912 1485 944 Ζεὺς
1507 911 1613 942 ὕέτειος
1636 910 1733 944 ἐφορᾷ,
1754 908 1802 935 καὶ

171 964 268 999 aspicit
284 967 311 991 et
327 971 407 999 quam
423 963 617 998 pratterlabens
635 963 711 990 Nilus
725 963 752 990 in
768 963 849 991 aliant
860 963 957 990 fertur.

171 1011 205 1037 Et
222 1010 287 1046 quid
309 1010 414 1038 fructus
431 1010 559 1053 colligere
579 1010 721 1037 mentiris?
736 1008 793 1037 Nisi
818 1014 959 1044 serpentes

171 1057 296 1092 colligere
311 1057 378 1084 dicis
393 1060 421 1083 et
433 1055 589 1090 scorpiones
600 1063 732 1090 omneque
751 1063 846 1090 agmen
866 1055 960 1083 istius-

173 1101 261 1128 mod'?
275 1101 393 1133 Quorum
408 1100 442 1127 ab
458 1108 522 1133 uno,
537 1105 565 1127 ut
582 1100 697 1132 videtur,
708 1100 772 1128 olim
789 1099 958 1132 vulneratus,

172 1147 228 1174 llo!
251 1147 304 1174 lto!
330 1146 427 1178 aiunt,
447 1146 617 1178 clatnavisti;
651 1154 712 1174 cum
735 1151 827 1174 autem
855 1147 959 1174 interea

173 1200 292 1220 mensam
309 1193 409 1220 lautam
431 1193 520 1221 vidisti
539 1198 611 1220 totus
630 1193 657 1220 itt
680 1194 758 1220 istaut
781 1193 872 1220 illatus
892 1197 920 1220 et
934 1194 959 1221 ei

171 1237 307 1272 Scorpioni
324 1237 488 1270 valedicens,
503 1237 567 1265 illttd
583 1237 793 1265 forlecomicunt
805 1238 829 1265 ei
847 1237 957 1265 dixisti:

173 1282 313 1318 Nunquam
331 1283 390 1310 sine
411 1288 437 1311 te
457 1288 581 1312 mortuus
604 1291 704 1311 essem.
732 1283 794 1311 llaac
817 1284 957 1319 oportebat

172 1329 365 1362 scriberc,non
384 1330 480 1357 alienis
495 1337 556 1358 sese
571 1330 649 1357 bonis
665 1330 787 1363 gloriari.
802 1330 856 1358 Nos
874 1330 958 1358 silen-

174 1374 203 1402 tii
216 1382 330 1401 accusas
354 1375 422 1401 nihil
436 1375 515 1402 nobis
530 1376 632 1402 dicens.
650 1375 731 1403 Certe
747 1376 825 1410 plura
840 1376 960 1404 dicentes

173 1419 294 1446 invenies
304 1423 331 1446 et
345 1419 421 1446 nobis
433 1427 485 1446 tton
496 1419 565 1447 dicis
573 1420 748 1447 Gothocidem
757 1428 817 1448 cum
831 1422 960 1456 sophistis

172 1465 330 1492 irridentcnt
347 1465 497 1493 ﬁstularum
513 1466 651 1494 affectum.
668 1467 742 1500 Vale,
759 1471 786 1494 tu
802 1471 830 1494 et
846 1467 918 1495 titius
929 1472 956 1495 et

171 1519 239 1538 uxor
253 1518 260 1538 :
276 1511 361 1539 Puero
374 1511 527 1541 Alexandro
539 1520 573 1540 tte
582 1513 672 1548 gravis
686 1513 733 1545 sis,
749 1513 958 1542 adolescentiam

172 1557 303 1586 violenter
323 1563 455 1587 tractans.

395 1647 537 1676 LXXVIII.
564 1649 726 1678 DIODORO.

210 1694 353 1722 Famosum
384 1695 475 1729 accepi
502 1696 657 1722 mandatum
684 1697 718 1723 dc
740 1703 793 1730 quo
826 1704 886 1723 cum
907 1696 959 1730 iam

175 1740 279 1776 pridetn
298 1747 391 1767 vocent
404 1741 561 1774 emiserant,
580 1741 705 1774 silebant,
723 1742 826 1769 obtenti
843 1751 894 1770 non
910 1743 961 1769 int-

175 1796 279 1815 ntentor
310 1788 433 1816 beneﬁcii
461 1796 548 1823 neque
579 1789 702 1816 Gerontii
736 1797 820 1816 musa)
849 1789 962 1816 luercdis

173 1833 283 1860 oblitus.
311 1832 383 1861 Solis
401 1834 473 1861 enint
490 1835 566 1862 vobis
579 1842 737 1862 SUCCt‘SsUIIt
754 1835 868 1869 pricbuit
890 1842 960 1862 sors.

176 1878 209 1905 Et
226 1878 287 1912 quis
311 1883 416 1913 patrem
435 1884 554 1906 vestrum
577 1887 638 1906 cutn
660 1880 757 1907 viderit
775 1888 822 1913 per
840 1887 888 1906 vos
908 1887 962 1907 non

175 1924 320 1951 satiabitur
334 1925 521 1952 desiderium?
539 1924 592 1952 Per
608 1926 753 1960 imaginem
767 1926 871 1953 ﬁdelem
884 1926 961 1960 quasi

174 1971 206 1996 ad
216 1970 347 2009 originale
356 1971 423 1998 bene
433 1970 573 2004 deductus,
584 1972 685 2005 gratias
694 1971 802 1999 silentio
813 1972 962 2004 solvebam,

176 2023 210 2042 ne
225 2015 337 2049 loquctts
363 2016 468 2043 minora
488 2021 550 2043 voto
564 2017 701 2048 dicerent;
719 2021 746 2044 et
769 2017 840 2051 apud
856 2024 898 2043 me
914 2017 962 2043 tibi

177 2061 309 2088 recensita
328 2061 445 2090 manebit
460 2063 546 2097 gratia
572 2061 658 2096 major
674 2071 756 2098 quant
778 2063 849 2098 apud
872 2071 963 2097 regem

177 2107 321 2134 Persarum
338 2108 383 2142 qui
400 2108 451 2135 scit
467 2109 602 2135 honorare
620 2108 803 2143 proditiottettt
819 2113 847 2135 et
861 2107 965 2134 Pausa-

177 2154 249 2181 uiam
268 2153 406 2180 Medorum
432 2159 525 2188 partes
548 2158 687 2189 agentem.
710 2153 839 2186 Quamvis
861 2153 964 2193 optima

175 2199 298 2227 obtinere
316 2199 395 2232 velis,
415 2200 619 2232 orharissiute,
645 2204 672 2226 et
692 2199 818 2234 operibus
842 2200 964 2226 anintuttt

1011 958 1192 995 παρατρέχων
1207 959 1221 985 ὁ
1235 959 1333 990 Νεῖλος
1353 959 1393 989 εἰς
1416 957 1514 992 ἑτέραν
1537 957 1700 990 ἑπείγεταις
1719 956 1746 981 τί
1774 954 1802 980 δὲ

1011 1006 1059 1031 καὶ
1069 1004 1174 1039 ψευδῶς
1188 1003 1374 1040 ὁπωρίζεσθαι
1385 1004 1457 1039 φής;
1474 1003 1545 1038 πλὴν
1565 1003 1588 1028 εἰ
1602 1002 1639 1037 μὴ
1657 1001 1719 1032 τοὺς
1727 1000 1803 1035 ὅφεις

1009 1050 1122 1086 ὀπώραν
1139 1051 1244 1083 καλεῖς,
1259 1050 1307 1077 καὶ
1321 1050 1461 1086 σκορπίων
1474 1049 1536 1076 ὅσον
1553 1056 1584 1074 τε
1603 1047 1706 1083 πλῆθος
1717 1055 1725 1062 ·
1755 1047 1802 1081 ὑφ’

1011 1098 1048 1128 ὧν
1056 1109 1138 1133 τινος,
1147 1101 1185 1132 ὡς
1193 1101 1275 1133 ἔοικε,
1285 1100 1368 1128 πάλαι
1377 1100 1501 1134 πληγεὶς,
1511 1100 1567 1131 καὶ,
1576 1099 1638 1130 Ἴου,
1648 1099 1699 1131 iob,
1709 1098 1801 1133 φασὶν,

1010 1144 1166 1180 κεκραγὼς,
1185 1142 1245 1172 εἶτα
1274 1144 1376 1180 μεταξὺ
1397 1145 1537 1179 τράπεζαν
1557 1145 1704 1180 τρυφῶσαν
1728 1142 1802 1174 ἰδὼν,

1009 1191 1069 1222 ὅλος
1081 1191 1124 1217 ἐπ’
1148 1190 1233 1226 αὐτὴν
1247 1189 1406 1225 ὲφέρου,τῷ
1419 1190 1542 1225 σκορπίῳ
1566 1182 1674 1224 χαίρειν
1696 1188 1776 1220 λέξας
1793 1196 1800 1202 ·

1010 1235 1087 1262 τουτὶ
1097 1236 1168 1270 τάχα
1179 1244 1231 1262 που
1250 1235 1280 1262 τὸ
1292 1235 1415 1270 κωμικὸν
1430 1236 1499 1271 πρὸς
1514 1234 1608 1261 τοῦτον
1619 1233 1704 1261 εἰπών
1713 1242 1720 1248 ·
1738 1234 1803 1269 Μή-

1010 1290 1040 1309 τε
1052 1281 1107 1317 γὰρ
1123 1281 1212 1308 θανών
1226 1289 1290 1308 ποτε
1309 1282 1356 1308 σοῦ
1369 1281 1452 1317 χωρὶς
1462 1281 1522 1316 εἴην
1533 1289 1541 1297 ·
1570 1280 1657 1307 ταῦτα
1684 1279 1803 1314 γράφειν

1011 1328 1105 1363 ἐχρῆν,
1119 1327 1170 1354 οὐκ
1182 1327 1334 1364 ἀλλοτρίοις
1344 1328 1457 1362 ἀγαθοῖς
1471 1326 1638 1363 ὼραῖζεσθαι
1654 1334 1662 1342 ⁸
1671 1326 1740 1353 ἀλλὰ
1753 1326 1803 1352 καὶ

1010 1373 1118 1408 σιωπῆς
1135 1382 1168 1408 με
1182 1373 1287 1409 γράφῃ,
1305 1373 1387 1408 μηδὲν
1407 1373 1474 1408 ἡμῖν
1492 1373 1523 1399 τι
1543 1372 1673 1408 παράπαν
1685 1371 1803 1406 φθεγγό-

1013 1429 1091 1456 μενος
1101 1428 1109 1437 ·
1135 1418 1153 1456 ἦ
1167 1420 1222 1454 γὰρ
1244 1421 1277 1447 ἂν
1293 1419 1379 1446 πλείω
1400 1419 1527 1453 λέγοντας
1540 1415 1632 1454 εὗρες,
1648 1418 1694 1445 καὶ
1706 1418 1756 1444 οὐκ
1769 1417 1804 1443 ἂν

1011 1468 1076 1502 ἡμῖν
1090 1467 1121 1493 τὸ
1135 1466 1302 1502 κοθωκίδην⁵
1316 1466 1394 1501 ἔφης,
1407 1466 1437 1492 τὸ
1456 1465 1510 1492 τῶν
1531 1465 1620 1492 αὺλῶν
1642 1464 1727 1496 πάθος
1747 1465 1804 1495 τοῖς

1012 1514 1152 1548 σοφισταῖς
1163 1512 1386 1539 ἐπισκώπτονταο
1403 1511 1518 1547 ἑρῤωσο,
1533 1511 1580 1537 καὶ
1587 1511 1618 1537 τὸ
1634 1510 1741 1537 παιδίον
1755 1511 1804 1537 καὶ

1012 1559 1103 1594 ἡγυνή
1113 1566 1120 1573 ·
1132 1558 1180 1584 καὶ
1192 1557 1231 1592 τῷ
1245 1558 1321 1583 παιδὶ
1332 1557 1500 1592 Ἀλεξάνδρῳ
1520 1558 1557 1592 μὴ
1566 1557 1654 1592 βαρὺς
1668 1556 1802 1589 έπίκεισο,

1010 1605 1075 1632 νέαν
1087 1603 1194 1638 ἡλικίαν
1221 1604 1268 1630 ἐπὶ
1291 1603 1358 1629 πολὺ
1370 1602 1540 1638 βιαζόμενος.

1288 1649 1353 1677 on'.
1366 1649 1519 1684 ΔΙΟΔΩΡῼ.

1047 1694 1085 1722 Τὸ
1102 1694 1320 1730 πολυθρύλλητον
1334 1694 1480 1728 δεξάμενος
1494 1693 1671 1728 πρόσταγμα,
1687 1692 1754 1728 περὶ
1773 1691 1805 1719 οὖ

1012 1741 1095 1768 πάλαι
1111 1741 1200 1772 πάσας
1212 1740 1306 1775 ἀφῆκα
1320 1739 1421 1774 φωνὰς,
1438 1739 1543 1774 σιωπὴν
1557 1736 1635 1775 ἦγον,
1648 1739 1678 1765 οὐ
1692 1738 1763 1773 μετὰ
1775 1739 1806 1764 τὸ

1011 1788 1103 1822 τυχεῖν
1115 1787 1326 1822 ἀμνημονεύσας
1336 1787 1386 1821 τῆς
1399 1786 1518 1821 χάριτος,
1530 1786 1590 1812 οὐδὲ
1601 1786 1649 1819 τῆς
1662 1785 1804 1820 Γεροντίου

1014 1832 1118 1868 μούσης
1131 1832 1300 1868 κληρονόμον
1309 1840 1316 1846 ’
1332 1832 1422 1867 μόνοις
1432 1831 1487 1866 γὰρ
1498 1832 1563 1866 ὑμῖν
1572 1832 1601 1858 τὸ
1613 1831 1807 1865 πλεονέκτημα

1013 1878 1151 1913 παρέσχεν
1164 1879 1180 1913 ἡ
1195 1878 1262 1913 τύχη
1277 1885 1284 1893 ⁸
1303 1879 1350 1904 καὶ
1365 1877 1407 1909 τίς
1423 1877 1460 1912 μὴ
1471 1878 1575 1904 ἐκεῖνον
1594 1876 1669 1908 ἰδὼν,
1681 1877 1715 1903 δι’
1729 1876 1808 1911 ὑμῶν

1013 1924 1210 1960 ἀποπληρώσει
1224 1925 1270 1951 τὸν
1285 1925 1384 1955 πόθον;
1402 1923 1495 1959 ὥσπερ
1511 1923 1544 1950 δι’
1555 1923 1686 1959 ἀκριϐοῦς
1703 1922 1807 1955 εἰκόνος

1015 1970 1084 2005 προς
1098 1970 1128 1996 τὸ
1144 1970 1319 2005 παράδειγμα
1334 1969 1425 2001 καλῶς
1446 1969 1624 2004 ἀναγόμενος,
1646 1970 1736 2004 σιωπῇ
1756 1968 1808 2004 τὴν

1014 2017 1095 2052 χάριν
1117 2015 1228 2051 ἐτίμων,
1251 2016 1294 2043 ἵνα
1319 2016 1357 2051 μὴ
1371 2016 1469 2050 λέγων,
1491 2015 1601 2042 ἔλαττον
1623 2011 1653 2041 οὗ
1676 2014 1808 2050 βούλομαι

1014 2061 1088 2096 τύχω
1107 2061 1311 2096 φθεγξάμενος·
1328 2061 1375 2088 καί
1399 2070 1440 2087 σοι
1460 2061 1580 2088 κείσεται
1596 2060 1675 2096 χάρις
1688 2060 1810 2096 ἀνάγρα-

1015 2117 1082 2140 πτος
1099 2109 1163 2143 παρ¹
1176 2108 1238 2142 ἐμοὶ
1256 2108 1367 2143 μᾶλλον,
1382 2107 1398 2143 ἦ
1425 2108 1502 2142 παρὰ
1530 2107 1623 2143 Πέρσῃ
1642 2107 1748 2141 βασιλεῖ
1765 2116 1809 2133 τι-

1017 2153 1071 2189 μᾷν
1088 2152 1169 2179 εἰδότι
1191 2153 1335 2189 προδοσίαν
1359 2154 1406 2180 καὶ
1423 2154 1580 2181 Παυσανίαν
1596 2153 1752 2187 Μηδίζοντα
1763 2161 1770 2168 ·
1785 2154 1810 2179 εἰ

1016 2198 1108 2225 καὶτὰ
1126 2198 1243 2234 μάλιστα
1269 2200 1362 2234 τυχεῖν
1377 2200 1486 2231 πάντως
1500 2199 1611 2231 ἐθέλων,
1628 2195 1651 2225 ὦ
1674 2199 1809 2233 βέλτιστε,

175 2244 317 2272 ostendisti
333 2244 410 2278 tnihi,
428 2245 607 2272 miserabilem
619 2253 682 2280 erga
695 2252 737 2271 nte
748 2245 861 2272 ontisiSti
873 2252 961 2271 meent

1018 2244 1065 2271 καὶ
1082 2244 1150 2277 πρὸς
1164 2244 1243 2280 ἔργον
1256 2245 1372 2278 ἐνέγκας
1391 2244 1440 2279 τὴν
1455 2245 1579 2280 γνώμην,
1599 2244 1719 2280 ἐλεεινὴν
1739 2244 1811 2279 ὑπὲρ

175 2295 203 2317 et
224 2297 239 2316 a
260 2294 351 2316 mente
378 2296 437 2316 mea
461 2289 578 2316 maxime
598 2289 725 2317 alienam.
751 2289 848 2317 Coram
872 2288 964 2322 judice

169 2335 235 2370 .ipso
253 2343 297 2363 tne
314 2342 459 2370 pauperem
475 2342 566 2362 vocas.
582 2334 687 2368 Quibus
700 2335 818 2362 maxime
837 2335 962 2369 indigna-

176 2385 220 2408 tus
238 2388 310 2414 sum,
334 2380 406 2416 quod
424 2388 456 2408 ex
473 2380 617 2407 altitudine
635 2380 815 2415 philosophia:
837 2379 965 2407 decidens

177 2431 231 2454 tam
245 2427 349 2454 diviitis
376 2427 465 2454 inhias
480 2431 510 2454 ut
532 2427 592 2454 vilia
610 2426 777 2461 lnnniliaquc
799 2427 881 2454 verba
903 2433 966 2460 pro-

177 2472 248 2500 feras
263 2482 270 2506 ;
287 2480 376 2508 neque
399 2481 488 2500 nteant
509 2473 669 2508 dignitatem
684 2472 843 2508 respiciens,
857 2479 907 2499 ncc
923 2479 967 2499 sa-

176 2519 374 2553 pientissimum
387 2519 533 2554 Diogenem
555 2519 599 2553 qui
616 2519 641 2546 itt
657 2525 720 2554 pera
740 2519 811 2546 ttuda
833 2518 967 2545 maximas

177 2566 285 2593 divitias
300 2566 427 2601 ponebat.
438 2566 472 2593 At
488 2566 594 2593 tandem
611 2565 734 2600 quamvis
743 2573 813 2600 mgre
823 2565 872 2592 ﬁas
888 2564 967 2596 liber,

177 2611 272 2638 orbem
302 2611 459 2639 universum
489 2619 583 2646 parum
615 2612 649 2639 ad
682 2611 811 2638 virtutem
842 2610 969 2638 conferre

177 2660 286 2691 putans.

418 2747 537 2775 LXXIX.
559 2746 754 2776 MARCELLO.

216 2791 425 2820 Prmsentiarum
439 2793 591 2822 litterarum
608 2801 688 2821 causa
701 2802 754 2822 ltOII
768 2794 817 2821 fuit
846 2795 970 2828 audacia,

1018 2290 1096 2325 ήμῶν
1116 2291 1225 2325 ἀφῆκας
1240 2291 1342 2325 φωνὴν,
1354 2291 1402 2317 καὶ
1414 2291 1509 2326 πόρρω
1520 2291 1580 2318 λίαν
1593 2291 1730 2327 ἡμετέρου
1743 2300 1812 2326 φρο-

1016 2336 1136 2372 νήματος
1145 2344 1152 2351 ”
1170 2336 1245 2371 παρᾶ
1259 2336 1334 2371 αὐτῷ
1342 2336 1396 2372 γὰρ
1409 2336 1448 2371 τῷ
1462 2337 1577 2372 δικαστῇ
1595 2336 1722 2372 πτωχοὺς
1734 2337 1811 2371 ἡμᾶς

1017 2381 1159 2412 ἐνεκάλεις
1172 2388 1180 2395 ·
1197 2381 1240 2416 ἐφ’
1258 2379 1298 2413 οἷς
1318 2381 1499 2416 ἠγανάκτησα
1525 2381 1654 2416 μάλιστα,
1671 2381 1696 2407 εἰ
1712 2381 1812 2407 τοσου-

1017 2435 1062 2454 τον
1077 2427 1195 2462 κέχηνας
1215 2427 1283 2462 πρὸς
1297 2427 1346 2462 τὴν
1364 2426 1440 2462 ὓλην,
1465 2427 1626 2462 φιλοσοφίας
1640 2426 1724 2462 ὕψους
1746 2422 1828 2454 ὑπο-⁵

1018 2473 1120 2505 πεσὼν,
1148 2473 1185 2505 ὼς
1213 2474 1362 2508 χρημάτων
1382 2473 1472 2508 χάριν,
1498 2474 1596 2508 ἀγεννῆ
1625 2473 1672 2499 καὶ
1695 2475 1815 2500 ταπεινὰ

1019 2519 1258 2556 προεφθέγγεσθαι
1289 2519 1410 2555 ῥήματα.
1426 2519 1481 2545 Καὶ
1500 2519 1569 2554 μήτε
1584 2519 1634 2555 τὴν
1650 2519 1720 2553 ἐμὴν
1733 2518 1814 2550 ἀξίαν

1019 2568 1141 2598 σκοπεῖν,
1162 2567 1229 2602 μήτε
1251 2567 1298 2593 τὸν
1324 2565 1479 2600 σοφώτατον
1501 2565 1640 2600 Διογένην,
1657 2565 1687 2591 ὃν
1704 2566 1732 2591 ὲν
1746 2565 1813 2600 ψιλῇ

1019 2613 1052 2648 τῇ
1070 2614 1147 2648 πήρᾳ
1159 2613 1206 2639 τὸν
1225 2612 1354 2647 μέγιστον
1378 2610 1492 2638 πλοῦτον
1507 2610 1621 2646 ὡρίζετο
1631 2619 1638 2626 ·
1654 2610 1721 2637 ἀλλὰ
1733 2611 1815 2644 γενοῦ

1022 2657 1098 2693 μόλις
1111 2657 1263 2694 ἐλεύθερος,
1281 2658 1397 2693 σμικρόν
1409 2667 1435 2684 τι
1451 2658 1545 2693 χρῆμα
1565 2657 1634 2693 πρὸς
1649 2657 1700 2692 τὴν
1713 2657 1816 2692 ἀρετὴν

1021 2705 1070 2740 τὴν
1083 2704 1247 2740 οἰκουμένην
1262 2704 1425 2740 ἡγούμενος.

1276 2750 1337 2777 οθν.
1349 2749 1552 2785 ΜΑΡΚΕΛΛῼ.

1058 2796 1119 2823 Τῶν
1136 2795 1280 2831 παρόντων
1300 2796 1476 2831 γραμμάτων
1492 2796 1522 2822 οὒ
1541 2795 1641 2830 θράσος
1654 2796 1750 2828 αἴτιον,
1769 2794 1818 2821 οὖ-

181 2846 232 2867 nec
251 2839 342 2867 decori
365 2840 489 2869 terminis
504 2841 595 2869 standi
614 2841 778 2877 ignorantia.
797 2841 852 2870 Sed
864 2842 904 2870 vir
917 2841 961 2870 1'64

1023 2842 1050 2870 δὲ
1063 2842 1092 2870 τὸ
1110 2842 1148 2879 μὴ
1164 2842 1255 2879 μένειν
1270 2842 1317 2870 ἐπὶ
1330 2842 1385 2870 τῶν
1403 2842 1512 2870 οἰκείων
1523 2843 1594 2878 ὅρων
1615 2842 1716 2871 εἰδέναι
1729 2850 1736 2858 ·
1755 2841 1818 2870 ἀλλ’

218 2897 228 2909 ⁸
238 2897 277 2924 tta
295 2897 389 2925 codex.
