1988 3079
174 157 244 192 2731

883 163 1092 197 EPISTOL/E.

1742 167 1816 201 2782

174 217 246 252 ἀνὴρ
273 215 333 252 Θεῷ
349 223 379 243 τε
393 215 470 251 φίλος
483 216 530 244 καὶ
550 216 641 252 πάσης
656 215 799 250 ἀνάπλεως
811 218 922 254 ἀρετῆς,
936 219 966 246 ὃν

1031 222 1127 250 unicus
1141 223 1269 252 elomnis
1282 223 1393 252 virtutis
1411 225 1508 260 plenus
1533 231 1614 260 quem
1646 229 1676 252 ut
1698 225 1831 264 pr0mis-d

175 263 205 290 οὺ
220 263 336 289 πέπεικε
358 262 409 294 τὰς
435 263 503 298 πρὸς
529 263 602 298 ὑμᾶς
631 263 794 299 ὑποσχέσεις
816 264 965 301 ὑπερορᾷν,

175 308 205 334 οὐ
221 309 250 335 τὸ
263 308 310 335 νῦν
323 308 353 341 ἐξ
373 309 511 344 Αίγύπτου
542 308 619 343 μόλις
637 309 736 343 ἐλθεῖν,
755 311 786 337 οὐ
802 311 967 347 φροντιστή-

177 363 234 390 ριον
250 355 398 390 εὐπρεπὲς,
415 355 445 382 οὺ
458 356 562 390 χειμὼν
575 356 783 392 ἀπειλούμενος,
797 357 828 383 οὐ
846 357 965 391 πέλαγος

177 402 305 437 ἐμποδὼν
320 422 328 435 ,
354 402 403 437 οὐχ
427 402 568 437 ὁδοιπορία
589 402 696 438 μακρὰ,
720 402 822 438 ἀρετὴν
850 403 879 429 δὲ
901 403 967 439 μίαν

177 448 254 480 εἰδὼς
275 448 306 475 τὺ
320 448 442 484 πληροῦν
469 448 543 484 ἔργῳ
560 448 610 481 τὰς
636 449 813 484 ὑποσχέσεις·
829 450 876 476 καὶ
898 450 968 485 πρὸς

178 494 300 526 ἅπαντας
326 494 428 529 ὁμοίως
456 494 579 528 γίνεσθαι
612 495 816 530 παραπλήσιον,
831 495 892 528 ὅλος
917 496 969 532 ὁρᾷ

177 540 246 576 ’πρὸς
276 541 349 575 ὑμᾶς
369 549 376 556 ·
402 541 472 569 ἀλλὰ
497 542 545 569 καὶ
574 542 672 569 θᾶττον
706 543 775 569 ἰέναι
805 544 872 579 παρ’
896 544 972 578 ἡμᾶς

178 586 392 620 καταγγέλλεται
404 595 412 602 υ
423 587 471 614 καὶ
485 587 639 623 πέπεισμαι
655 588 766 623 ῥαδίως,
783 589 815 616 ὲκ
829 589 884 616 τῶν
900 588 972 625 πρὸς

179 632 251 667 ὑμᾶς
280 632 454 668 ὑποσχέσεων
481 636 532 669 τὴν
558 635 657 668 πεῖραν
682 633 790 660 λαῦών⁸
819 634 971 668 ὑπόλοιπον

177 679 270 705 τοίνυν
284 679 348 715 ὑμῖν
367 680 545 715 κρατεῖσθαι·
562 681 611 707 καὶ
627 679 733 715 πρέπον
745 680 779 706 ἂν
792 679 836 715 είη
852 680 888 716 μὴ
904 688 973 716 κρα-

179 725 237 751 τεῖν
250 724 352 751 ἐθέλειν
365 724 448 760 ἄνδρα
461 725 547 760 μηδὲν
564 724 636 751 οὕτω
655 725 741 752 δεινδν
757 724 921 761 ἡγούμενον,
936 725 974 756 ὼς

180 769 230 804 dp;
257 769 304 796 τοῦ
338 770 518 806 παραϐαίνειν
540 771 677 805 ἀνάγκην.
693 772 766 807 ᾰπερ
785 771 973 807 ἐπήγγελται’

1023 267 1115 295 siones
1132 267 1179 295 tibi
1195 268 1282 297 factas
1295 270 1443 305 ncgligeret
1458 271 1588 299 inducere
1604 275 1752 306 potuerunt
1767 278 1817 298 nee

1023 320 1121 341 recens
1147 321 1180 341 ex
1200 314 1319 350 Aigypto
1347 316 1759 352 adventus,uecjucundissima
1772 324 1819 344 so-

1024 358 1123 392 litudo,
1137 367 1186 387 uec
1199 361 1280 388 maris
1297 362 1534 396 impedimentum,
1547 370 1597 390 nec
1611 363 1707 390 itinera
1722 362 1816 397 longa:

1024 411 1104 432 tinam
1138 406 1267 433 virtutem
1296 415 1421 440 noscens,
1460 415 1524 436 suas
1560 408 1667 436 scilicet
1706 408 1819 444 implere

1024 451 1231 484 promissioues,
1246 457 1273 480 et
1286 452 1413 481 omnibus
1423 460 1452 480 se
1465 453 1523 487 pari
1538 454 1618 482 modo
1630 453 1735 481 ailinem
1749 461 1819 488 prte-

1025 496 1102 528 bere,
1115 497 1148 525 ad
1161 503 1186 525 te
1202 506 1274 525 nunc
1295 503 1368 527 lotus
1389 500 1512 535 respicit.
1525 501 1578 528 Sed
1594 504 1620 527 et
1635 500 1776 527 nuntiatur
1786 501 1819 527 ad

1027 549 1077 569 nos
1092 542 1148 569 cito
1159 548 1314 570 venturum.
1333 544 1410 578 Quod
1425 544 1505 572 facile
1521 545 1603 573 credo
1621 545 1818 580 experientiam

1025 594 1059 614 ex
1079 588 1308 622 promissionibus
1334 590 1379 617 tibi
1395 590 1474 618 factis
1494 598 1615 618 sumens.
1633 590 1764 625 Superest
1778 595 1820 618 ta-

1027 640 1091 660 men
1107 638 1135 660 ιιι
1150 641 1165 661 a
1180 638 1206 661 te
1220 635 1389 668 retineatur;
1403 641 1430 664 et
1446 637 1554 665 deceret
1572 636 1643 664 nolle
1659 643 1757 671 cogere
1773 636 1821 663 ho-

1027 678 1128 705 minem
1144 679 1190 713 qui
1204 679 1272 707 nihil
1288 685 1340 707 tam
1355 682 1514 709 reformidat
1529 689 1609 717 quam
1629 681 1819 709 necessitatem

1029 726 1249 759 transgrediendi
1262 734 1323 760 quae
1341 727 1472 762 ituperata
1493 732 1566 756 sunt.
1583 727 1659 754 Mitte
1682 733 1747 760 ergo
1764 726 1821 753 cito

1027 771 1118 797 virum
1136 771 1183 806 qui
1199 775 1271 798 tuam
1288 772 1314 799 in
1336 773 1597 806 me‘humanitalem
1612 776 1819 801 commemoret.

182 816 274 852 πέμπε
304 815 393 844 τοίνυν
419 817 502 852 τάχος
536 818 581 845 τὸν
612 818 697 853 ἄνδρα
711 839 720 853 ,
753 818 803 854 τὴν
827 818 964 854 ὑμετέραν
984 816 1192 853 φιλανθρωπίαν
1209 818 1276 850 πρὸς
1291 819 1364 855 ἡμᾶς
1377 819 1580 855 ἀφηγούμενον.

473 883 515 911 11'.
537 883 674 918 ΣΛΒΙΝῼ.

218 939 254 966 Σὺ
275 938 325 974 μὲν
336 939 374 971 ὼς
384 939 413 965 ἐν
428 939 524 966 ὀνείδει
539 939 634 966 πενίαν
646 939 813 975 προσφέρεις
838 939 910 974 ἐμοὶ,
923 940 971 967 καὶ⁵

183 983 278 1018 θηρίον
303 983 485 1016 ἐξωλέστατον
509 981 580 1011 εἷναί
600 992 642 1010 σοι
662 984 692 1010 τὺ
706 983 802 1019 χρῆμα
823 983 906 1010 δοκεῖ·
924 985 972 1012 καὶ

182 1030 212 1056 τὸ
224 1029 255 1064 δὴ
272 1029 410 1064 μέγιστον,
441 1030 512 1065 Ἶρος
539 1029 595 1064 ἐγὼ
609 1029 685 1065 παρὰ
710 1030 752 1056 σοὶ
767 1030 814 1056 καὶ
829 1029 883 1057 τῶν
904 1030 972 1057 καο-

183 1075 291 1110 ημέραν
305 1076 370 1108 ἴσως
381 1075 491 1111 ἐπιδεὴς
503 1084 509 1091 ·
523 1075 570 1102 καὶ
581 1075 608 1102 τί
621 1075 677 1112 γὰρ
693 1076 744 1102 οὐκ
759 1076 793 1103 ἂν
804 1075 892 1108 είποις
906 1076 973 1110 dips—

182 1122 233 1156 τῆς
252 1121 320 1156 ὁμοῦ
334 1122 381 1148 καὶ
395 1121 555 1157 φιλοσοφίας
571 1122 771 1156 ὲκπεπτωκὼς,
789 1122 872 1148 ἐλεῶν
890 1122 940 1157 μὲν
957 1122 975 1149 ἆ

184 1176 216 1202 γε
232 1167 383 1203 θαυμάζειν
412 1169 505 1203 ἐχρῆν,
531 1170 658 1204 μεγάλων
670 1169 700 1195 δέ
712 1177 794 1196 τινων
807 1169 974 1204 ἐστερῆσθαι

184 1214 304 1249 νομίζων
319 1214 364 1241 τὸν
380 1214 482 1250 ὑψηλόν
496 1223 527 1241 τε
541 1215 588 1242 καὶ
597 1214 709 1249 κοῦφον,
725 1215 772 1241 καὶ
788 1215 825 1250 μὴ
842 1215 880 1250 τῷ
897 1214 975 1250 βάρει

184 1260 235 1294 τῆς
265 1259 331 1295 ὕλης
355 1259 424 1296 πρὸς
438 1261 472 1288 τὰ
484 1261 559 1288 κάτω
582 1261 748 1296 φερόμενονς
765 1262 798 1296 τῇ
809 1261 910 1297 γαστρὶ
920 1261 975 1297 γὰρ

184 1306 234 1340 τὴν
262 1305 437 1341 εὐδαιμονίαν
465 1305 590 1341 μετρῶν,
623 1306 672 1332 καὶ
701 1305 792 1338 δόξαις
822 1305 976 1341 ἀνθρώπων

185 1351 397 1387 προσκείμενος,
423 1352 565 1387 ἐκμισθοῖς
590 1351 640 1387 μὲν
665 1353 704 1383 εἰς
725 1351 743 1379 ἃ
759 1353 797 1388 μὴ
817 1351 896 1387 θέμις
927 1351 977 1387 τὴν

185 1399 321 1434 γλῶτταν,
341 1399 428 1434 κυκᾷς
444 1398 472 1425 δὲ
488 1399 520 1424 τὰ
535 1399 699 1434 δικαστήρια
709 1407 716 1414 θ
733 1400 873 1434 πάρεργον
888 1398 916 1425 δέ
929 1407 978 1425 σου

185 1445 235 1479 τῆς
263 1444 372 1479 ἀπάτης
381 1444 404 1470 οἱ
419 1443 500 1478 δῆμοι
511 1451 517 1458 ·
528 1444 664 1471 πλουσέων
681 1444 709 1470 δὲ
724 1443 810 1478 θύρας
821 1443 951 1478 ἀρὰττεις
963 1450 971 1458 ’

1296 886 1405 920 LXXX,
1418 887 1552 915 SABINO.

1059 942 1100 970 Tu
1115 949 1181 970 vero
1216 942 1283 970 mihi
1296 946 1482 978 paupertatem
1494 943 1520 970 in
1530 943 1706 978 opprobrium
1716 945 1800 973 vertis
1812 964 1821 979 ,

1023 982 1079 1014 fera
1096 986 1290 1015 exitiosissima
1306 986 1352 1014 tibi
1365 994 1425 1014 esse
1439 987 1565 1014 videntur
1592 987 1712 1021 divitiae;
1731 993 1759 1016 et
1770 989 1822 1017 hoc

1024 1039 1089 1061 sane
1103 1033 1250 1060 maximum
1264 1041 1271 1065 ;
1285 1032 1343 1060 lrus
1358 1040 1408 1068 ego
1429 1040 1488 1060 sum
1502 1033 1571 1067 apud
1589 1037 1615 1060 te
1630 1038 1657 1060 et
1673 1035 1824 1062 necessita-

1025 1078 1097 1106 tibus
1115 1078 1282 1114 quotidiauis
1309 1086 1392 1113 prope
1418 1079 1550 1114 indigens.
1575 1079 1644 1112 Quid
1665 1079 1737 1106 enim
1769 1088 1822 1107 non

1025 1124 1132 1152 diceres
1141 1132 1202 1151 cutn
1211 1125 1244 1151 de
1254 1124 1356 1151 virtute
1369 1124 1447 1151 siuml
1459 1130 1485 1152 et
1494 1125 1662 1160 philosophia
1677 1125 1824 1155 excideris.

1025 1171 1161 1199 miserans
1176 1179 1258 1206 super
1271 1179 1304 1199 ea
1331 1179 1391 1206 qua:
1406 1176 1499 1199 essent
1525 1172 1700 1204 admiranda,
1717 1171 1822 1207 magnis

1029 1217 1193 1252 quibusdam
1210 1217 1311 1252 privari
1331 1223 1431 1252 putans
1442 1225 1503 1245 eum
1525 1218 1569 1253 qui
1591 1218 1662 1246 altus
1677 1222 1719 1245 est
1737 1222 1766 1245 et
1785 1217 1821 1244 le-
1841 1229 1847 1234 ~

1026 1262 1068 1289 vis
1079 1267 1106 1289 et
1119 1262 1301 1289 materialiqu
1319 1263 1438 1296 pondere
1453 1262 1486 1289 ad
1517 1262 1609 1289 inﬁma
1631 1270 1684 1290 nou
1707 1262 1797 1289 illatus
1812 1262 1823 1288 ἲ

1030 1306 1203 1335 Felicitatem
1221 1313 1314 1335 ventre
1341 1307 1458 1340 metiris,
1474 1308 1648 1342 OpiuiOnibus
1679 1308 1823 1342 hominum

1028 1353 1138 1381 deditus
1151 1373 1158 1385 ,
1173 1353 1309 1381 itnmistus
1327 1353 1359 1380 iis
1390 1361 1450 1387 qute
1467 1354 1542 1388 loqui
1560 1361 1613 1380 non
1635 1352 1708 1386 licet,
1723 1353 1824 1388 judicia

1029 1399 1184 1434 perturbas.
1202 1398 1290 1426 Plebis
1309 1399 1416 1433 negotia
1443 1399 1568 1434 negligis,
1604 1398 1718 1426 divitum
1734 1398 1826 1432 pulsas

1030 1443 1146 1471 ostia.Si
1161 1444 1221 1479 quis
1234 1447 1338 1471 tantum
1351 1445 1401 1471 scit
1415 1445 1568 1472 convivium
1584 1452 1731 1479 apponere,
1751 1449 1825 1471 tuam

187 1490 238 1517 κᾶν
257 1497 300 1521 τις
315 1489 407 1522 ἐστιᾷν
423 1485 476 1514 οίδε
491 1488 590 1520 καλῶς.
616 1490 732 1516 ἀπεῖπεν
744 1488 797 1515 ὑπὸ
814 1488 861 1514 σοῦ
874 1488 977 1523 θαυμαμ

1031 1489 1135 1517 obtinet
1157 1490 1377 1518 admiratimtem.
1398 1490 1478 1518 Festa
1502 1491 1552 1518 tibi
1569 1491 1826 1526 ruagnilica,ve51es

187 1535 301 1569 ξάμενος
312 1542 318 1549 ·
333 1535 413 1570 ἑορτὴ
427 1535 454 1560 δέ
479 1543 527 1561 σου
549 1534 675 1570 λαμπρὰ,
699 1534 781 1569 ἐσθὴς
796 1533 916 1569 ποικίλη,
933 1533 977 1560 καὶ

1031 1535 1126 1566 varize.
1137 1535 1261 1563 incessus
1276 1535 1450 1568 venerabilis,
1463 1540 1589 1570 aspectus
1608 1536 1659 1564 hue
1681 1536 1744 1563 illuc
1757 1535 1826 1564 etfu-

188 1582 304 1617 βάδισμα
320 1581 451 1616 σοϐαρὸν,
467 1581 514 1608 καὶ
532 1581 641 1616 βλέμμα
660 1582 725 1616 τῇδε
737 1582 850 1607 κάκεῖσε
878 1581 977 1616 χεόμε-

1035 1588 1093 1609 sus.
1110 1580 1218 1615 Ubique
1235 1581 1282 1608 tibi
1298 1582 1496 1613 aureleidas.
1516 1581 1538 1608 si
1551 1581 1615 1616 quid
1629 1581 1702 1609 dicat
1717 1582 1827 1609 mulier-

187 1636 250 1656 νον·
282 1628 329 1654 καὶ
351 1627 491 1664 πανταχοῦ
515 1636 556 1654 σοι
574 1627 609 1653 τὰ
623 1624 690 1659 ὦτα,
709 1626 835 1661 καθάπερ
850 1627 864 1653 ὸ
881 1626 977 1660 Μίδας1

1033 1625 1094 1652 cuia
1119 1625 1325 1652 tabernaculum
1346 1630 1420 1653 tuum
1450 1626 1600 1654 adtuiraus.
1617 1626 1669 1654 Sed
1686 1634 1827 1662 usquequo

188 1674 216 1701 εἰ
230 1673 280 1700 πού
289 1682 316 1700 τι
331 1673 477 1708 φθέγξαιτο
491 1673 602 1708 γύναιον
617 1672 666 1708 τὴν
681 1672 730 1708 σὴν
745 1672 848 1708 σκηνὴν
868 1671 977 1707 ἐκπλητ⁴

1034 1670 1115 1706 longo
1129 1678 1226 1698 somno
1242 1671 1466 1705 irretitus,quasi
1492 1672 1604 1706 quidam
1626 1672 1776 1709 Endymion
1792 1673 1827 1700 ad

188 1722 314 1756 τόμενον·
327 1721 395 1748 ἀλλὰ
412 1722 533 1757 μὲχριδή
548 1730 631 1754 τινος,
649 1721 726 1756 ὕπνῳ
742 1721 841 1757 μακρῷ
851 1719 977 1755 πεδηθεὶς

1034 1717 1163 1743 virtutem
1176 1723 1230 1743 non
1243 1718 1365 1751 assurgis
1377 1725 1385 1751 ;
1403 1717 1498 1745 desine
1513 1717 1620 1745 laudem
1635 1718 1668 1746 ad
1676 1718 1828 1754 corporalia

189 1767 233 1795 οἷά
264 1777 306 1800 τις
338 1768 500 1804 Ἐνδυμίων,
529 1768 600 1803 πρὸς
624 1767 725 1803 ἀρετὴν
743 1767 794 1793 οὐκ
812 1766 977 1800 ἀνίστασαις

1035 1762 1114 1790 hiare
1125 1767 1151 1790 et
1166 1762 1192 1789 in
1213 1763 1358 1798 temetipso
1376 1770 1516 1790 carcerem
1531 1765 1649 1792 nutrire.
1668 1765 1766 1792 Desine
1777 1772 1826 1791 au-

191 1815 298 1841 Παῦσαι
311 1814 406 1841 λοιπὸν
416 1814 486 1848 πρὸς
497 1814 527 1840 τὸ
542 1813 683 1848 σωμάτιον
698 1812 831 1847 κεχηνὼς,
844 1812 892 1839 καὶ¹
908 1812 977 1839 κατὰ

1035 1816 1082 1836 rea
1097 1810 1247 1842 somniare,
1260 1814 1404 1844 argenteos
1414 1817 1519 1839 montes
1532 1811 1582 1839 tibi
1600 1810 1738 1845 effingere.
1750 1818 1827 1838 men-

191 1861 290 1888 σαυτοῦ
314 1860 422 1894 τρέφων
450 1859 481 1886 τὸ
512 1860 719 1895 δεσμωτήριον·
737 1858 841 1885 παῦσαι
864 1857 977 1893 χρυσίον

1034 1859 1114 1890 teque
1129 1855 1227 1883 multas
1255 1855 1363 1883 volvere
1391 1857 1551 1892 dignitates.
1583 1856 1713 1884 Interiora
1737 1856 1828 1891 qualia

190 1906 381 1942 ὀνειροπολῶν,
397 1906 445 1933 καὶ
460 1905 581 1940 ἀργύρου
595 1904 698 1940 πλῆθος
706 1905 749 1931 ἀεὶ
765 1903 977 1939 φανταζόμενος,

1034 1901 1099 1928 nulli
1112 1901 1273 1928 atnicorum.
1292 1901 1344 1928 Sed
1367 1904 1401 1929 ad
1427 1909 1476 1930 nos
1495 1902 1567 1937 fuge,
1584 1902 1606 1929 si
1631 1902 1679 1929 tibi
1712 1901 1826 1928 videtur.

191 1951 239 1977 καὶ
264 1950 365 1981 πολλὰς
394 1950 480 1986 ἀρχὰς
496 1949 643 1984 ιιτῇδιειινοίιξ⁴
659 1949 828 1984 περινοστῶν
839 1956 846 1964 ·
862 1949 895 1975 τὰ
907 1948 977 1974 ἔνδον

1032 1947 1210 1974 Communem
1224 1953 1408 1982 paupertatem
1426 1953 1454 1975 υι
1466 1949 1548 1975 Deum
1562 1955 1687 1976 reverere
1696 1952 1721 1974 Cl
1731 1955 1828 1974 aman-

191 1994 236 2022 οἷα
250 1995 344 2031 μηδενὶ
355 1995 408 2022 τῶν
420 1996 504 2030 φίλων
514 2003 522 2011 ⁵
539 1996 597 2022 ἀλλ’
609 1995 795 2030 αὐτομόλησον
810 1994 878 2029 πρὸς
895 1994 977 2029 ἡμᾶς,

1040 1998 1093 2020 tem
1112 2001 1239 2028 agnosce.
1263 1993 1323 2022 Tibi
1350 1995 1436 2028 magis
1457 1994 1622 2028 obsequetur
1641 2002 1721 2029 quam
1750 1993 1828 2021 nobis

193 2044 217 2070 εξ
232 2043 316 2070 δοκεῖ.
332 2042 386 2068 Καὶ
396 2042 445 2078 τὴν
461 2041 554 2076 κοινὴν
571 2040 632 2067 θεὸν
647 2041 697 2076 τὴν
713 2041 809 2067 πενίαν
825 2039 973 2076 προσκύνει

1040 2043 1122 2074 teque
1136 2039 1224 2067 adhuc
1236 2047 1252 2066 a
1267 2047 1296 2066 se
1312 2045 1433 2067 amatum
1446 2039 1479 2067 iri
1497 2040 1633 2075 promisit.

193 2090 242 2116 καὶ
273 2088 404 2124 φιλοῦσαν
437 2087 585 2122 ἐπίγνωθι·
612 2087 660 2113 καὶ
690 2085 746 2122 γὰο
760 2081 794 2113 σε’
823 2086 951 2121 περιέπει
980 2085 1081 2121 μᾶλλον
1102 2085 1176 2121 ἢπερ
1203 2086 1289 2124 ἡμᾶς,
1310 2085 1357 2112 καὶ
1380 2085 1504 2121 φιλήσειν
1535 2084 1575 2111 ἔτι
1594 2084 1827 2120 κατεπήγγελται.

461 2148 527 2177 IIA'.
550 2146 712 2183 ΔΩΡΟΘΕῼ.

232 2207 314 2232 Ὅσον
329 2205 440 2236 ἐλύπεις
453 2203 591 2239 ἀπαίρων,
603 2203 654 2230 οὐκ
665 2202 698 2229 ἂν
711 2201 814 2238 ἤλπισα
826 2200 984 2236 προλαὸὼν,

1259 2146 1377 2175 LXXXI.
1403 2136 1602 2174 nouorum.

1069 2204 1125 2232 Nisi
1140 2205 1304 2239 experientia
1318 2204 1633 2239 didicissem,nunquam
1649 2203 1827 2232 credidissem

196 2251 221 2277 εί
239 2250 277 2285 μὴ
293 2250 343 2285 τὴν
358 2251 455 2284 πεῖραν
468 2247 548 2284 ἔσχον
562 2247 722 2275 διδάσκαλον
731 2255 738 2263 ·
757 2247 787 2280 ἐξ
800 2243 830 2274 οὗ
842 2247 896 2283 γὰρ
908 2248 977 2282 ἡμᾶς

1036 2254 1138 2277 tattlam
1156 2257 1198 2277 me
1215 2258 1247 2278 ex
1262 2255 1307 2277 tuo
1318 2251 1438 2278 discessu
1453 2250 1624 2278 aliiictionem
1639 2255 1825 2285 accepturum.

197 2294 269 2330 ᾤχου
283 2293 452 2326 καταλιπὼν,
464 2293 514 2320 οὐκ
533 2292 698 2327 ἐπαυσάμην
725 2291 794 2327 μετὰ
814 2292 861 2318 σοῦ
875 2293 909 2327 τῇ
922 2292 982 2319 δια-

197 2341 258 2376 νοίᾳ.
270 2339 449 2372 παλινοστῶν,
469 2339 517 2366 καὶ
538 2338 652 2374 λιμένας
667 2338 713 2365 καὶ
726 2337 860 2365 θάλατταν
871 2337 985 2373 διαγρά-

198 2387 291 2421 φωνέν
301 2384 397 2420 ἑαυτῷ.
408 2385 473 2417 Καὶ,
486 2385 583 2416 Κλῦθι,
597 2384 741 2411 Ποσείδαον
752 2384 876 2418 γαιήοχε,
888 2383 986 2410 πολλά-

198 2441 242 2464 κις
254 2431 348 2463 εἰπὼν,
358 2431 450 2467 ἠξίουν
458 2431 560 2466 εὐμενῆ
573 2439 614 2457 σοι
623 2430 755 2465 παρέχειν
770 2430 820 2465 τὴν
836 2429 983 2457 θάλατταν·

198 2479 247 2505 καὶ
262 2477 309 2504 τοῦ
326 2477 392 2504 πλοῦ
405 2477 454 2509 τὰς
467 2477 572 2512 ἡμέρας
584 2477 632 2502 ἐπὶ
645 2476 698 2502 τῶν
715 2476 856 2504 δακτύλων
870 2476 984 2502 ἐτίθουν·

199 2524 247 2550 καὶ
258 2523 344 2554 οὕτως
356 2523 414 2555 ὅλος
428 2523 574 2558 ἐτύγχανον
593 2522 669 2558 παρὰ
687 2523 738 2553 σοὶ,
752 2522 789 2553 ὡς
805 2522 852 2549 καὶ
867 2522 986 2549 καλέσαι

199 2570 261 2598 τινὰ
291 2570 442 2605 πειραθεὶς,
466 2570 562 2597 ἔλαθον
580 2569 710 2600 πολλάκις
738 2568 877 2603 Δωρόθεον
908 2577 988 2604 προσο

202 2616 301 2644 ειπὼν·
319 2617 366 2643 καὶ
379 2617 393 2643 ὁ
410 2616 460 2651 μὲν
474 2617 566 2650 ἐγέλα,
588 2616 644 2651 ἐγὼ
663 2616 691 2642 δὲ
704 2615 898 2651 διαμαρτάνων
907 2615 989 2650 ὴχθό-

205 2671 275 2698 μην⁵
291 2663 323 2689 σὺ
340 2662 380 2694 δὲ,
410 2662 475 2695 ἴσθι,
494 2662 612 2698 ἠγνόεις,
639 2662 737 2689 ὁπόσον
760 2662 826 2696 ἡμῖν
854 2661 989 2688 ὲναπέθου

204 2709 324 2743 φίλτρον.
358 2708 490 2740 Πολλάκις
505 2708 650 2744 προσιόντα
666 2707 727 2735 τινὰ
737 2707 877 2743 πόρρωθεν
889 2707 990 2734 θεατάς

207 2761 295 2786 μενος,
309 2753 347 2784 σὲ,
365 2752 402 2788 μὰ
415 2753 479 2785 τοὺς
499 2752 586 2785 θεοὺς,
603 2752 712 2779 ἐδόκουν
723 2752 800 2787 ὁρᾷν,
815 2751 883 2787 πρὸς
897 2746 927 2779 τδ
939 2752 990 2787 τῆς

205 2798 323 2829 διανοίας
336 2798 471 2834 βούλημα,
487 2799 541 2826 τῶν
553 2798 701 2834 ὀφθαλμῶν
719 2797 819 2833 ῥᾳδίως
834 2797 986 2832 ἀπατώμε-

205 2851 266 2870 νον·
291 2843 340 2878 τῆς
352 2843 380 2870 δὲ
393 2844 495 2879 πλάνης
521 2844 597 2880 μόλις
624 2845 814 2881 ἀπήλλαγμαι,
838 2844 991 2880 γράμματα

207 2890 352 2926 δεξάμενος
366 2891 442 2927 παρὰ
457 2891 516 2925 σοῦ,
537 2892 583 2919 καὶ
597 2891 769 2927 θεραπεύσας
786 2891 831 2918 τὸν
846 2891 946 2927 ἔρωτα.

1035 2295 1073 2322 Ex
1091 2303 1145 2330 quo
1159 2295 1255 2322 abiens
1272 2303 1315 2323 me
1340 2295 1519 2330 dereliquisti,
1537 2303 1590 2323 non
1607 2294 1710 2323 cessavi
1739 2300 1827 2322 tecum

1035 2347 1125 2369 mente
1142 2342 1240 2374 redire,
1255 2346 1349 2377 portus
1366 2347 1394 2369 et
1408 2349 1483 2370 mare
1499 2342 1525 2369 in
1543 2341 1645 2376 meipso
1658 2341 1826 2373 describens,

1035 2392 1060 2414 et
1075 2387 1178 2414 iteratis
1188 2387 1289 2414 vicibus
1298 2387 1390 2414 dicens
1403 2387 1466 2414 audi
1480 2395 1532 2420 me,
1541 2385 1674 2421 Neptune,
1687 2387 1732 2422 qui
1741 2391 1827 2414 terras

1036 2433 1134 2466 ambis,
1157 2433 1231 2460 illum
1247 2434 1395 2460 secundum
1411 2433 1460 2460 tibi
1483 2439 1558 2460 mare
1584 2432 1648 2460 dare
1671 2432 1826 2468 precabar;

1037 2479 1093 2507 dies
1110 2479 1209 2514 navigii
1228 2479 1353 2506 notabant
1365 2479 1468 2514 digitis,
1481 2483 1508 2506 et
1524 2479 1561 2506 ita
1575 2483 1648 2505 totus
1661 2483 1751 2506 tecum
1767 2486 1827 2506 ver-

1037 2524 1118 2552 sabar
1146 2529 1177 2552 ut
1196 2525 1218 2552 si
1245 2532 1325 2560 quem
1352 2529 1484 2551 tentarem
1509 2523 1665 2559 appellare,
1683 2531 1755 2559 smpe
1785 2533 1828 2551 me

1039 2570 1118 2597 latuit
1136 2569 1301 2597 Dorotheum
1322 2576 1437 2602 vocare;
1454 2568 1558 2596 ridebat
1575 2568 1630 2601 ille,
1646 2576 1696 2603 ego
1711 2576 1776 2595 vero
1791 2569 1824 2596 de

1039 2623 1132 2644 errore
1148 2616 1281 2643 dolebam.
1304 2614 1333 2642 Si
1357 2615 1476 2649 ignores,
1499 2615 1568 2642 scito
1589 2619 1718 2648 quantum
1737 2614 1763 2641 in
1787 2622 1829 2641 me

1040 2662 1166 2696 pbiltram
1193 2660 1335 2695 injecisti:
1363 2667 1437 2694 saepe
1460 2667 1521 2687 cum
1547 2660 1695 2694 aspicerem
1712 2659 1827 2694 aliquem

1040 2707 1131 2742 procul
1144 2707 1306 2738 venientem,
1317 2711 1354 2738 te,
1365 2705 1467 2737 hercle,
1478 2705 1572 2731 videre
1584 2705 1720 2738 putabam,
1730 2704 1829 2731 mentis

1041 2752 1179 2780 voluntate
1198 2751 1350 2786 decipieute
1363 2751 1465 2780 oculos.
1489 2752 1530 2778 Ab
1547 2758 1639 2779 errore
1657 2750 1702 2777 vix
1730 2749 1829 2777 liberer

1041 2800 1104 2826 dum
1118 2799 1221 2827 litteras
1233 2804 1302 2832 tuae,
1324 2805 1384 2834 qua:
1402 2797 1531 2826 medelam
1543 2795 1656 2824 aﬂerunt
1672 2795 1769 2830 amori,
1783 2802 1830 2823 ae-

1041 2852 1123 2880 etpto.
