1988 3079
165 172 238 205 2783

358 231 359 234 ‘
391 226 520 254 LXXXII.
539 226 733 256 STEl’llANO.

203 272 287 301 Tuam
308 272 493 300 celebritatem
518 274 680 301 denuntiant
701 274 792 301 omnia
811 274 837 302 in
852 274 951 308 quibus

165 321 242 347 viros
256 319 342 347 bonos
359 326 523 355 cognoscere
532 320 672 352 subsistit;
691 320 764 347 sicut
774 326 947 354 expertorllm

164 366 361 397 testimonium,
373 371 517 399 superatur
527 366 593 392 actis
606 374 699 393 sermo
707 387 713 398 ,
723 372 836 400 postque
847 374 889 393 res
897 375 956 394 esse

167 411 293 443 videtur;
310 411 427 437 studium
453 411 524 444 quod
548 418 656 445 semper
683 419 746 445 erga
764 419 816 444 me,
840 412 956 438 maximo

166 465 227 484 meo
248 457 354 488 honori,
375 457 492 484 habuisti
507 477 514 487 .
530 465 600 483 ntmc
613 458 763 491 prazsertim
777 457 861 492 pluris
871 457 952 490 facit),

164 510 226 529 cum
248 507 351 529 tantum
374 503 460 529 virum
481 503 545 529 tuihi
561 503 708 537 contigerit
730 503 806 536 juxta
826 503 954 530 brevissi-

165 555 237 574 llllllll
260 547 309 574 vite
334 547 505 575 intervallum
533 547 651 579 abesse;
672 548 795 581 quamvis
820 548 951 582 simplici-

163 595 212 621 hus
246 593 345 621 litteris
381 598 526 625 uteretur,
547 601 598 619 non
648 601 754 627 possem
793 593 954 627 respondere

159 630 264 666 lubenti
282 647 289 671 ;
301 639 369 665 adeo
384 647 479 674 magna
491 638 555 665 mihi
570 638 700 664 inetnnhit
713 638 835 665 molestia
848 643 891 664 tua
902 639 955 665 dis-

163 684 288 711 cessione
301 684 411 715 alllino.
433 690 459 711 et
483 685 572 711 omnis
588 685 647 710 vitae
663 689 713 710 tua:
730 684 855 710 virtutem
881 684 953 710 desi—

161 730 272 763 derans,
290 735 317 756 et
339 737 508 765 qurecnnque
523 730 689 765 pra-veniens
707 730 848 756 denuntiat
870 729 951 761 fama,

161 775 327 810 experientia
346 775 477 806 fundata;
507 777 542 803 ita
582 780 610 802 ut.
641 784 734 810 parum
759 776 865 803 abesset
888 777 952 810 quin

161 828 222 847 cmn
234 828 286 855 qua
304 821 372 848 forte
387 821 496 848 indutus
505 830 579 849 eram
593 827 667 849 veste
681 823 799 850 venirem
814 823 952 850 fatniliari-

161 866 213 893 bus
235 867 302 894 meis
320 875 372 894 non
401 868 566 896 valedicens.
600 868 653 896 Sed
673 869 794 903 qua-dam
818 869 946 902 cogitatio

161 911 234 938 subit
264 911 290 938 in
314 919 356 939 me
391 913 509 940 excitato
529 933 535 945 ,
561 915 682 941 censenti
707 913 774 940 nihil
812 914 950 948 despicere

161 957 285 991 patriam,
299 958 325 984 in
339 965 389 992 qua
405 959 519 993 primum
533 959 615 986 solem
626 960 688 992 vitii,
702 964 728 987 et
743 960 880 994 pulchrius
891 967 951 988 esse

160 1009 224 1036 erga
237 1002 321 1035 illam,
339 1004 481 1038 qnaejusta
513 1009 586 1038 sunt,
620 1012 742 1038 servare,
759 1013 839 1039 quam
854 1013 950 1032 aurum

164 1048 304 1081 possidere
326 1057 334 1082 ;
353 1055 378 1076 et
407 1054 496 1077 tantos
512 1056 619 1078 exteros
642 1051 714 1078 circa
745 1058 787 1078 me
804 1055 950 1086 praesentes

161 1098 347 1122 contemnere.

418 1140 560 1170 LXXXlll.
580 1142 696 1171 PETRO.

142 1218 154 1226 _
195 1184 298 1213 Gratus
312 1186 480 1222 Epiphanius
490 1189 532 1216 cui
547 1190 602 1218 tuis
617 1191 715 1218 litteris
727 1199 850 1224 magnam
868 1192 950 1219 bene-

161 1230 307 1258 volentiam
323 1232 431 1265 tribuis,
446 1234 513 1261 mihi
535 1235 653 1262 amicitia
669 1236 806 1270 vincitur;
826 1244 949 1271 magnam

161 1274 187 1301 in
198 1276 325 1304 omnibus
340 1277 508 1311 diligentiam
530 1281 659 1312 ostendit,
673 1288 733 1314 qua:
755 1286 818 1308 sunt
844 1281 951 1315 juvenis

160 1329 213 1349 non
234 1322 422 1356 manifestans,
433 1325 479 1352 sed
492 1330 564 1352 lotus
577 1326 677 1354 litteris
692 1327 808 1359 deditus,
827 1327 951 1355 reﬂexio-

160 1367 389 1403 niqueintenlus;
407 1371 478 1404 quod
509 1377 696 1405 argumentum
718 1378 761 1400 est
786 1373 949 1401 calumniam

159 1418 254 1440 contra
285 1414 356 1442 illum
384 1415 466 1443 fuisse
483 1417 653 1450 instructam,
667 1418 816 1453 falsumque
831 1419 894 1446 illud
910 1419 950 1446 vi—

158 1459 214 1485 deri
227 1461 297 1493 quod
308 1460 371 1487 olitn
386 1461 592 1495 denuntiatum;
607 1464 760 1491 otiosorum
773 1465 843 1491 enim
854 1465 906 1490 ista
919 1469 946 1490 et

159 1504 256 1530 mentis
264 1512 296 1531 ex
306 1505 515 1533 irrationaliotio
525 1507 550 1533 itt
559 1515 589 1534 ea
600 1515 659 1542 qua:
668 1515 719 1534 non
728 1507 848 1540 deberet,
858 1507 947 1535 illatae.

159 1548 287 1576 Isocratis
304 1551 433 1579 obediens
466 1553 618 1586 prteceptis,
633 1558 660 1580 et
679 1560 842 1580 consumens
865 1553 948 1579 otium
963 1566 984 1595 ρ

158 1595 220 1622 vitae
228 1596 361 1623 audiendo
373 1605 521 1628 sermones.
531 1605 582 1624 non
592 1599 637 1625 dat
662 1597 848 1625 t‘aluznniatori
871 1598 949 1625 moli-

157 1647 220 1667 vum
244 1642 340 1669 merito
349 1643 547 1677 calumniandi;
558 1644 680 1678 quamvis
690 1644 747 1678 ipse
764 1644 851 1676 sileat,
864 1644 946 1671 vitam

158 1687 238 1715 habet
249 1689 282 1715 ad
294 1688 401 1716 laudem
418 1690 607 1722 inducentem;
622 1690 724 1717 utinam
735 1690 844 1725 juvenis
856 1690 941 1724 magis

158 1734 278 1762 intendat
285 1735 536 1771 studio,nostraque
543 1737 575 1764 de
583 1737 626 1764 illo
633 1745 693 1772 spes
701 1745 752 1770 pou
762 1737 945 1765 sitfrustrata.

822 172 1000 203 PROCOPII
1017 172 1140 202 GAZ/El

1722 165 1792 198 εῖδει

1272 227 1334 254 mr.
1355 225 1520 261 ΣΤΕΦΑΝῼ.

1044 274 1098 309 Τὴν
1113 273 1249 309 ὑμετέραν
1267 272 1449 307 λαμπρότητα
1464 270 1594 306 κηρύττει
1609 270 1659 306 μὲν
1673 271 1722 297 ὅσα
1731 271 1794 303 τοὺς

1006 320 1125 354 ἀγαθοὺς
1157 317 1303 353 γνωρίζειν
1329 317 1428 353 ἄνδρας
1455 317 1614 344 ἐπίσταται·
1632 316 1711 348 ὡςδὲ
1738 317 1793 345 τῶν

1006 365 1192 401 πειραθέντων
1206 366 1221 400 ἡ
1240 364 1387 400 μαρτυρία,
1416 364 1525 389 νικᾶται
1539 364 1596 394 τοῖς
1609 362 1701 397 ἔργοις
1714 363 1728 389 ό
1747 364 1792 390 λό-

1006 420 1063 444 γος,
1083 411 1196 437 καὶτῶν
1220 409 1391 444 πραγμάτων
1420 408 1536 434 κατόπιν
1551 406 1620 434 εἶναι
1635 408 1725 435 δοκεῖ·
1741 408 1793 443 τὴν

1006 458 1034 484 δὲ
1049 457 1113 492 περὶ
1124 457 1173 491 ἐμὲ
1189 455 1307 490 σπουδὴν
1321 455 1365 482 ἀεὶ
1381 455 1501 489 μεγίστῳ
1516 453 1715 489 παραδεδωκὼς
1728 454 1793 481 θαύ-

1010 513 1085 540 ματι,
1101 503 1149 530 νῦν
1162 503 1211 537 οὐχ
1220 502 1321 536 ἥκιστα
1335 499 1414 527 τοῦτο
1428 500 1508 531 ποιῶ,
1524 501 1624 535 ὅτεπερ
1644 500 1729 534 ἄνδρα
1746 508 1791 534 μοι

1005 550 1132 577 τοσοῦτον
1143 549 1251 575 ἔπεισεν
1273 548 1320 574 ἐπὶ
1340 547 1504 582 μικρότατον
1517 547 1603 581 μῆκος
1618 546 1677 572 ὁδοῦ
1691 546 1790 573 θεῖναι·

1005 595 1043 627 ὡς
1057 595 1080 621 εί
1094 595 1142 620 καὶ
1156 593 1244 628 ψιλοῖς
1260 592 1396 627 ἐχρήσατο
1409 591 1581 626 γράμμασιν,
1598 591 1648 617 οὐκ
1663 591 1697 617 ἂν
1713 591 1791 626 ἔσχον

1006 640 1157 674 ἀντιλέγειν
1183 638 1339 666 κελεύοντι⁶
1364 637 1435 664 οὕτω
1451 637 1479 663 δέ
1512 645 1556 671 μοι
1584 636 1652 671 βαρὺ
1681 637 1790 671 φορτίον

1006 686 1142 720 ἐπέθηκεν
1172 683 1324 718 αἰδουμένῳ
1349 682 1399 717 τὴν
1427 683 1530 716 ἄφιξιν,
1560 684 1606 709 καὶ
1628 683 1676 708 τοῦ
1691 683 1791 713 παντὸς

1006 732 1064 766 βίου
1091 730 1140 766 τὴν
1172 730 1291 764 ἀρετήν·
1319 729 1366 755 καὶ
1396 729 1446 755 ὅσα
1472 727 1646 762 προλαϐοῦσα
1661 727 1791 762 κηρύττει

1005 777 1095 812 φήμη,
1122 775 1303 810 βεϐαιωοεῖσα
1315 776 1348 809 τῇ
1363 773 1461 809 πείρᾳ·
1481 773 1554 799 ὥστε
1570 771 1669 807 μικροῦ
1683 772 1736 799 δεῖν
1753 773 1789 804 ὡς

1004 821 1076 856 εἶχον
1094 821 1233 856 σχήματος
1250 821 1377 855 εἱπόμην,
1395 819 1461 854 μηδὲ
1489 820 1545 850 τοῖς
1558 818 1670 849 οἰκείοις
1685 818 1789 853 χαίρειν

1004 868 1106 894 εἰπών’
1123 867 1190 894 ἀλλά
1207 866 1240 902 μέ
1254 875 1295 898 τις
1312 865 1402 892 ἔννοια.
1430 864 1507 899 μόλις
1523 865 1637 899 ἐπέσχεν
1650 864 1787 899 ὁρμῶντα.

968 900 988 927 Β
1003 911 1177 946 λογιζόμενον
1191 900 1222 937 τό
1239 910 1321 946 μηδὲν
1335 910 1473 944 ὑπερορᾷν
1484 908 1624 944 πατρίδος,
1643 905 1698 944 ὲνῇ
1714 908 1788 943 πρῶ-

1001 968 1046 985 τον
1062 957 1131 985 εἶδον
1155 958 1200 984 τὸν
1216 958 1293 993 ἥλιον
1307 964 1313 971 ·
1331 957 1378 983 καὶ
1398 957 1435 987 ὡς
1451 956 1533 983 καλὸν
1550 956 1584 983 τὰ
1602 956 1672 991 πρὸς
1687 954 1789 990 ταύτην

1001 1005 1095 1030 δὶκαια
1127 1003 1284 1037 φυλάττειν,
1303 1002 1400 1038 ἢπολὺ
1423 1002 1573 1038 κεκτῆσθαι
1601 1001 1728 1037 χρυσίον·
1741 1000 1789 1028 καὶ

1003 1050 1094 1082 ξένους
1105 1049 1250 1081 τοσούτους
1265 1048 1299 1076 δι’
1316 1049 1367 1083 ἐμὲ
1382 1048 1520 1083 παρόντας
1535 1048 1682 1082 ὑπεριδεῖν.

1295 1138 1356 1165 uri.
1368 1138 1490 1173 ΠΕΤΡῼ.

1043 1186 1072 1213 '0
1087 1185 1167 1217 καλὸς
1202 1184 1361 1218 Ἐπιφάνιος
1386 1185 1442 1214 τοῖς
1465 1183 1607 1217 ὑμετέροις
1641 1182 1788 1218 γράμμασι

1002 1232 1133 1267 πλείστην
1160 1230 1331 1265 ἑπαγόμενος
1360 1229 1479 1260 εὔνοιαν,
1510 1229 1625 1263 συνέστη
1641 1229 1691 1263 μὲν
1702 1228 1787 1260 οὕτως

1001 1279 1075 1312 ἐμοὶ,
1103 1277 1219 1312 σπουδὴν
1235 1277 1264 1303 δὲ
1279 1277 1369 1303 πᾶσαν
1387 1274 1543 1307 ἐπεδείξατο
1576 1273 1698 1309 λογικὴν,
1720 1274 1787 1309 μηδὲ

1001 1323 1055 1349 τῶν
1077 1323 1129 1349 ὃσα
1152 1322 1230 1357 φέρει
1260 1321 1354 1356 νεότης
1384 1320 1619 1355 ἐπιδεικνύμενος,
1646 1319 1704 1345 ἀλλ’
1727 1318 1786 1345 ὅλον

1000 1368 1083 1396 αὐτὸν
1096 1369 1153 1399 τοῖς
1167 1367 1258 1402 λόγοις
1279 1367 1397 1398 ἐνδιδοὺς
1414 1367 1462 1393 καὶ
1477 1367 1511 1401 τῇ
1529 1366 1628 1401 μελέτῃ
1647 1373 1787 1399 προσκαρ-

1000 1414 1102 1448 τερῶν·
1126 1414 1139 1440 ὂ
1164 1414 1196 1448 δὴ
1222 1413 1269 1440 καὶ
1301 1413 1450 1447 τεκμήριον
1469 1409 1539 1438 εἶναι
1565 1411 1639 1437 δοκεῖ
1666 1410 1713 1437 τοῦ
1736 1410 1785 1444 τὴν

1001 1459 1170 1494 κατηγορίαν
1198 1458 1371 1485 πεπλᾶσθαι”
1399 1457 1445 1484 καὶ
1467 1457 1565 1492 ψευδὲς
1593 1454 1661 1484 εἶναι
1691 1465 1742 1483 που
1755 1456 1786 1481 τὸ

1001 1506 1084 1533 πάλαι
1111 1504 1309 1540 θρυλλούμενον
1327 1513 1334 1520 ·
1359 1504 1518 1539 ἀργούντων
1540 1504 1594 1538 γὰρ
1622 1503 1716 1529 ἐκεῖνα
1738 1502 1787 1528 καὶ

1000 1553 1119 1583 διανοίας
1134 1551 1163 1583 ἐξ
1176 1551 1276 1584 ἀλόγου
1298 1551 1396 1585 σχολῆς
1413 1550 1456 1584 ἐφ’
1476 1550 1494 1577 ὃ.
1511 1549 1548 1585 μὴ
1568 1549 1608 1575 δεῖ
1620 1548 1785 1583 φερομένης.

1008 1597 1158 1632 Ἰσοκράτει
1173 1596 1201 1623 δέ
1216 1605 1258 1627 τις
1284 1595 1445 1630 πειθόμενος
1458 1595 1504 1620 καὶ
1519 1593 1725 1620 καταναλίσκων
1737 1592 1786 1627 τὴν

1000 1643 1048 1670 τοῦ
1075 1644 1132 1678 βίου
1163 1641 1260 1677 σχολὴν
1281 1642 1321 1673 εἰς
1348 1641 1398 1676 τὴν
1412 1641 1466 1667 τῶν
1479 1641 1565 1674 λόγων
1582 1639 1736 1674 φιληκοΐαν,
1754 1639 1785 1664 οὐ

999 1689 1090 1716 δίδωσι
1106 1687 1261 1722 συκοφάντῃ
1280 1686 1358 1720 λόγον
1373 1685 1410 1716 ὡς
1424 1685 1536 1716 εἰκότως
1549 1684 1603 1719 ἄρα
1618 1683 1765 1718 κατηγορεῖ
1777 1691 1783 1697 ·

999 1735 1050 1762 κᾶν
1067 1734 1121 1769 γὰρ
1134 1733 1214 1764 αὐτὸς
1229 1731 1327 1767 σιγῴη,
1346 1731 1391 1758 τὺν
1409 1731 1464 1765 βίον
1478 1730 1534 1765 ἔχει
1552 1730 1620 1765 πρὸς
1636 1728 1785 1762 ἀπολογίαν

157 1780 307 1815 ἀρκοῦντα·
320 1781 423 1815 γένοιτο
437 1782 464 1809 δὲ
481 1782 528 1809 καὶ
541 1783 586 1809 τὸν
599 1783 659 1809 νέον
673 1784 773 1817 μᾶλλον
785 1783 934 1810 ἐπιδιδόναι
952 1780 1020 1817 πρὸς
1034 1780 1142 1814 λόγους,
1159 1778 1207 1805 καὶ
1218 1778 1293 1814 ἡμᾶς
1306 1778 1354 1812 τῆς
1370 1776 1418 1802 ἐπὶ
1445 1775 1533 1810 τούτῳ
1565 1774 1602 1810 μὴ
1631 1772 1786 1809 διαμαρτά-

157 1835 214 1854 νειν
224 1827 339 1864 ἐλπίδοςγ

158 1874 302 1902 LXXXIV.
312 1875 496 1903 ZACllAIlLE
513 1876 555 1903 ET
568 1875 722 1904 PlllLlPl’O
735 1876 941 1904 FllATl’tlBUS.

192 1921 367 1949 Admirabilis
391 1921 563 1953 Timotheus,
579 1922 650 1950 hanc
668 1922 761 1950 ferens
781 1924 940 1957 epistolam,

157 1967 267 2001 utrique
292 1972 411 1994 vestrum
432 1969 567 1996 scribendi
591 1969 616 1995 in
638 1969 764 2003 praesenti
786 1974 827 1996 est
855 1969 942 2002 ratio;

157 2019 235 2047 patre
249 2018 324 2040 ortus
334 2019 473 2041 mansueto
488 2014 660 2049 maximeque
672 2015 836 2050 tranquillus
850 2015 877 2042 in
900 2023 944 2042 se-

160 2057 219 2091 ipso
241 2059 389 2092 genitorem
410 2059 577 2091 circumfert,
610 2067 715 2087 morum
754 2060 944 2088 verecundiam

157 2103 231 2130 vultu
242 2111 290 2131 suo
305 2104 480 2132 manifestans
490 2105 640 2138 ;erubeseit
653 2107 725 2133 enim
740 2106 840 2139 subito,
850 2107 871 2132 si
885 2107 945 2139 quis

157 2149 231 2176 illum
251 2150 350 2182 laudet,
363 2150 385 2177 si
397 2151 482 2178 solum
496 2152 616 2186 aspicere
632 2152 704 2178 velit.
721 2152 771 2179 llic
799 2158 942 2186 propterea

163 2196 267 2229 regiam
289 2197 382 2223 urbem
402 2197 486 2230 venit,
503 2197 656 2232 indigetque
673 2205 763 2225 vestra
777 2199 944 2226 auctoritate

159 2242 184 2267 in
211 2242 309 2276 quibus
342 2243 475 2276 poteritis,
504 2244 635 2270 auxilium
651 2245 773 2271 facileilli
793 2245 940 2278 prmbcnle.
959 2243 981 2272 D

158 2286 224 2313 Illud
243 2287 372 2314 facientes
386 2289 453 2322 grati
465 2289 542 2315 eritis
559 2289 625 2316 viris
643 2289 732 2319 bonis,
748 2289 846 2324 quibus
875 2289 944 2316 nihil

159 2331 254 2360 melius
268 2334 439 2368 cognoscitur
455 2341 535 2369 quam
552 2335 642 2364 colere
657 2335 798 2363 virtutem.

416 2467 548 2496 LXXXV.
568 2467 692 2496 llSDEM.

195 2514 317 2543 Praesens
341 2523 438 2548 annus,
459 2520 488 2542 ut
516 2515 633 2548 videtur,
655 2515 810 2550 frequentes
831 2523 844 2542 ιι
865 2515 943 2543 nobis

160 2567 255 2594 preces
272 2560 395 2596 perferet.
410 2562 497 2595 justas
513 2565 615 2593 tamen,
626 2565 653 2588 et
662 2561 771 2595 dignum
786 2561 863 2588 laude
875 2569 943 2596 pra:-

159 2610 260 2633 textum
285 2606 423 2638 habentes,
449 2606 471 2633 si
493 2606 552 2640 quis
564 2606 633 2633 bona
657 2606 898 2640 menteprzeditus,
916 2611 944 2634 ct

161 2651 285 2679 moribus
311 2650 440 2684 Grteeus,
466 2652 628 2680 benelicium
655 2659 685 2679 se
714 2657 842 2686 praestare
868 2652 943 2680 malit

157 2704 238 2731 quam
258 2697 373 2732 priorem
394 2698 531 2732 accipere.
549 2697 585 2725 Ea
598 2706 679 2734 porro
700 2698 941 2732 impra‘senliartlm

158 2743 318 2777 indigentia.
339 2743 425 2776 Nilus,
441 2744 483 2770 vir
507 2743 713 2777 celeberrimus,
732 2744 776 2778 qui
791 2745 873 2771 vitatn
890 2744 944 2772 Deo

156 2789 336 2821 consecravit,
354 2789 379 2816 in
396 2790 462 2817 urbe
475 2791 583 2824 quidem
602 2791 718 2824 habitat,
733 2796 818 2819 matre
832 2793 865 2819 de
885 2792 944 2826 ipso

157 2833 285 2866 sollicita,
300 2832 372 2862 illius
396 2841 565 2863 senectutem
591 2836 670 2864 simul
692 2841 719 2864 et
734 2837 795 2864 inde
809 2838 941 2865 orientem

157 2878 342 2908 inﬁrmitatem
369 2880 471 2909 fovens.
496 2881 590 2917 Neque
620 2886 710 2911 tamen
743 2883 833 2912 minus
861 2892 941 2920 quam

1068 1872 1128 1898 ll.\'.
1147 1868 1297 1903 ΖΛΧΑΡΙᾼ
1308 1868 1367 1894 KAl
1381 1866 1525 1902 ΦΙΛΙΠΠῼ
1537 1864 1713 1892 ΑΔΕΛΦΟΙΣ.

1035 1918 1065 1944 ’0
1084 1915 1240 1950 θαυμαστὸς
1252 1913 1394 1949 Τιμόθεος,
1411 1913 1424 1939 ὁ
1437 1911 1538 1946 ταύτην
1554 1910 1644 1945 φέρων
1661 1909 1711 1944 τὴν
1722 1908 1784 1934 ἐπι-

997 1965 1093 1999 στολὴν
1106 1962 1152 1989 τοῦ
1175 1962 1224 1997 μὲν
1245 1959 1370 1991 ἀλλήλοις
1387 1957 1504 1993 γράφειν
1525 1956 1571 1983 ἐπὶ
1589 1955 1636 1982 τοῦ
1650 1954 1785 1990 παρόντος

996 2010 1071 2036 ἐστὶν
1095 2008 1164 2044 ἀρχή
1184 2016 1191 2022 ·
1221 2005 1325 2040 πατρὸς
1351 2005 1380 2031 δὲ
1401 2003 1544 2038 τυγχάνων
1574 2001 1726 2035 ἐπιεικοῦς]
1736 2001 1785 2027 καὶ

995 2054 1057 2081 λίαν
1073 2053 1250 2088 ἀπράγμονος
1261 2051 1290 2077 ὲν
1300 2048 1390 2083 ἐαυτῷ
1408 2047 1552 2082 περιφέρει
1577 2046 1622 2072 τὸν
1649 2045 1782 2079 φύσαντα,

994 2101 1043 2136 τὴν
1054 2099 1109 2126 τῶν
1117 2099 1224 2134 τρόπων
1237 2096 1380 2124 εὐσέϐειαν
1388 2095 1435 2121 ἐπὶ
1446 2095 1494 2120 τοῦ
1507 2092 1654 2128 προσώπου
1663 2092 1782 2122 δεικνύς

995 2146 1110 2182 ἐρυθριᾷ
1132 2144 1197 2179 γοῦν
1228 2144 1357 2178 ἑτοίμως,
1375 2141 1426 2168 κᾶν
1442 2149 1485 2172 τις
1500 2139 1582 2167 αὑτὸν
1597 2139 1707 2173 ἐπαινῇ,
1731 2137 1784 2164 κᾶν

995 2193 1160 2220 ἀποϐλέπειν
1187 2191 1268 2226 μόνον
1294 2189 1386 2224 ἐθέλῃ.
1419 2184 1504 2218 Οὗτος
1519 2187 1581 2213 ὅτου
1591 2185 1623 2220 δὴ
1638 2185 1718 2220 χάριν
1734 2184 1785 2218 τὴν

995 2238 1120 2274 βασιλίδα
1150 2237 1227 2264 πόλιν
1243 2236 1398 2270 κατείχετο,
1417 2234 1464 2261 καὶ
1482 2233 1567 2260 δεῖται
1584 2232 1634 2266 τῆς
1648 2230 1785 2266 ὑμετέρας

995 2285 1095 2321 ῥοπῆς,
1113 2285 1142 2310 ὲν
1156 2280 1196 2314 οἷς
1213 2283 1246 2309 ἂν
1263 2281 1379 2316 δύνησθε
1411 2278 1569 2314 συμμαχίαν
1584 2277 1687 2305 ἄλυπον
1702 2284 1785 2310 χορη-

994 2331 1113 2366 γούσης·
1130 2331 1209 2357 τοῦτο
1222 2330 1251 2356 δὲ
1268 2328 1421 2360 ποιοῦντες,
1448 2327 1577 2361 ἀνδράσιν
1589 2325 1683 2352 ἔσεσθε
1704 2332 1785 2358 κεχα-

996 2379 1117 2414 ρισμένοι
1137 2378 1264 2412 χρηστοῖς
1273 2385 1281 2392 θ
1297 2372 1326 2402 οὗ
1337 2375 1429 2411 μεῖζον
1441 2374 1517 2401 οὐδὲν
1527 2374 1584 2404 τοῖς
1598 2372 1682 2407 τιμᾷν
1696 2371 1782 2405 ἐγνω-

995 2425 1056 2452 κόσι
1070 2425 1119 2459 τὴν
1136 2424 1246 2459 ἀρετήν.

1257 2468 1320 2495 [ΙΕ’.
1340 2467 1404 2500 Τοῖς
1412 2465 1525 2498 αὐτοῖς.

1030 2516 1067 2543 Τὸ
1083 2515 1180 2552 παρδν,
1195 2515 1233 2546 ὠς
1248 2513 1348 2546 ἔοικεν,
1362 2513 1422 2543 ἔτος
1438 2512 1543 2546 δεήσεις
1555 2509 1709 2545 παρ’-ἡμῶν
1723 2509 1784 2535 δια-

995 2565 1103 2600 κομίσει
1128 2562 1244 2594 πυκνὰς,
1276 2561 1345 2597 πλὴν
1374 2558 1420 2587 οὖν
1444 2559 1551 2590 δικαίας
1578 2557 1627 2584 καὶ
1647 2557 1784 2592 πρόφασιν

995 2611 1109 2646 ἐχούσας
1136 2608 1347 2642 ἐπαινουμένην,
1362 2606 1395 2633 ἄν
1417 2614 1459 2637 τις
1484 2604 1633 2638 εὐγνώμων
1657 2603 1705 2629 καὶ
1735 2603 1783 2628 τὸν

994 2656 1095 2692 τρόπον
1113 2655 1279 2689 Ἑλληνικὸς,
1291 2654 1370 2689 χάριν
1386 2652 1418 2679 ἂν
1433 2651 1529 2687 ἡσθείη
1542 2650 1669 2685 διδοὺς,ἣ
1685 2648 1784 2683 προτέ-

995 2710 1050 2737 ρων
1060 2700 1214 2745 δξχόμενος
1226 2698 1338 2733 τοιαύτη
1347 2697 1375 2724 δέ
1391 2706 1432 2729 τις
1448 2696 1502 2723 τῶν
1514 2696 1657 2745 παρόντων
1667 2693 1782 2745 ἠχρεία·
1810 2715 1814 2718 .

993 2738 1089 2778 Νεῖλοξ
1099 2748 1113 2773 ὁ
1127 2744 1291 2780 λογιώτατος
1305 2743 1364 2779 Θεῷ
1390 2743 1436 2770 τὸν
1468 2742 1524 2778 βίον
1539 2740 1681 2776 ἀναμθεὶς,
1705 2738 1783 2765 πάλιν

995 2793 1044 2827 μὲν
1056 2792 1125 2818 οἰκεῖ
1149 2791 1251 2827 μητρὸς
1264 2790 1307 2816 ἐπ’
1324 2788 1398 2823 αὺτῷ
1414 2786 1590 2820 σαλευούσης,
1607 2785 1697 2820 γῆρας
1714 2783 1783 2819 ὁμοῦ

994 2837 1162 2874 θεραπεύων,
1193 2836 1240 2863 καὶ
1258 2836 1306 2871 τὴν
1320 2834 1444 2862 ἐντεῦθεν
1462 2832 1605 2859 ἀσθένειαν
1618 2840 1624 2846 ·
1638 2830 1691 2857 οὐδ’
1704 2830 1737 2856 ἂν
1754 2829 1782 2856 δὲ

993 2881 1075 2920 ἦττον
1089 2882 1204 2917 πολλῶν,
1217 2882 1282 2916 ἴσοι,
1298 2881 1342 2909 ἐπ’
1355 2881 1472 2916 ἐρημίας
1486 2878 1634 2906 οἰκούντων
1645 2876 1689 2904 ἐπ’
1705 2875 1780 2902 εὐσε-

1802 339 1810 401 l

1793 2476 1800 2489 |
