1988 3079
200 145 273 180 2785

909 127 1110 161 EPIS'I‘OL/E.

1750 125 1821 157 2786

201 179 263 236 δεία
277 195 449 234 γνωρίζεται·
466 192 552 220 οἰκίαν
566 191 595 218 δὲ
610 188 779 224 κεκτημένος
791 186 874 214 τόπον
885 184 987 220 ὑψηλὸν

1054 183 1115 210 uniti
1128 184 1155 211 in
1168 182 1314 210 solitudine
1333 181 1460 216 degentes
1474 184 1587 216 propter
1605 179 1734 214 pietatem
1749 181 1822 208 celo-

1092 232 1098 236 .
1163 227 1182 236 n
1476 225 1630 236 -___,._,__..
1663 232 1718 236 -.μ
1736 224 1822 236 .--____

202 234 316 282 ἐχούσης
331 244 377 270 τὸν
389 239 601 277 παρακείμενον,
620 237 740 272 γείτονος
752 234 890 261 ἀπέλαυσε
907 239 990 282 arma]:

204 276 263 328 ροῦ,
292 276 322 322 ii;
351 276 462 324 θυρίδας
492 285 564 313 κατά
587 283 635 310 τοῦ
652 283 690 319 μὴ
706 281 893 318 προσήκοντος
908 276 989 313 ψιλοῦ

203 327 367 374 νεωτερίσας
381 334 468 367 τινὰς,
486 334 552 369 πρὸς
569 332 619 367 μὲν
635 331 666 358 τὸ
683 329 770 365 παρὸν
785 327 991 374 ὡμολόγει-μη-

202 386 245 412 δὲν
263 372 388 420 ἐμποδὼν
401 381 521 409 ἔσεσθαι.
537 378 638 408 ταύτας
652 376 803 410 οἰκοδομεῖν
818 372 990 409 βουλομένῳο

202 431 240 463 ὡς
251 419 335 457 δὲννῦν
352 430 392 460 εἰς
406 427 486 463 ἔργον
498 424 564 461 ἦλθε
580 425 594 451 ὁ
612 424 701 457 λόγος,
722 422 838 457 κώλυμα
854 420 904 452 τὰς
916 419 992 454 θυρί-

203 477 250 509 δις
267 474 454 512 προϐάλλεται
464 482 470 489 ·
489 472 584 507 ὥσπερ
599 470 677 505 δίκην
688 468 812 496 ἀπαιτῶν
825 468 865 494 ὅτι
880 465 993 501 παρεῖδε

204 520 467 556 καινοτομούμενος·
485 518 557 554 ὁρῶν
573 518 601 544 δὲ
617 517 673 548 τοῖς
693 515 807 546 δικαίοις
825 512 993 548 πανταχόθεν

205 568 301 596 ἑαυτὸν
314 566 508 601 ἐξωθούμενον,
534 562 712 599 παρείσδυσιν
725 560 815 595 ἑαυτῷ
834 558 994 589 δυναστείας

206 615 309 642 ἐπινοεῖ
320 621 328 629 ⁹
341 613 389 639 καὶ
400 611 430 638 τὺ
447 610 575 646 μέγιστον
589 608 684 644 ἀνδρὸς
701 608 758 638 τοῖς
770 605 885 636 δικαίοις
908 605 994 638 ὲγνω‹

206 661 285 692 κότος
299 659 358 686 ἀεί·
377 659 416 689 είς
431 657 486 692 γὰρ
497 656 542 683 τὸν
557 655 640 682 πολὺν
651 655 754 680 ἐκεῖνον
765 652 876 679 ὠθεῖται
894 650 996 677 Νεστό-

207 716 275 743 ριον,
287 706 327 741 τῷ
344 705 380 740 μὴ
392 705 520 739 παρεῖναι
545 702 591 730 τὸν
619 701 703 736 ἄνδρα
720 699 847 736 οαρρῶν·
870 699 926 729 τοῖς
941 698 995 732 γὰρ

207 753 281 788 αὐτῷ
301 751 486 787 προσήκουσιν
499 750 540 780 εἰς
558 747 717 783 συμμαχίαν
727 746 910 782 χρησάμενος,
924 743 996 779 ὠνὴν

207 800 246 830 εἰς
259 798 340 825 αὐτόν
350 805 411 824 τινα
425 795 493 827 πρὸς
511 793 681 828 κακουργίαν
697 792 836 819 ἐπλάσατο
851 790 882 816 τὸ
893 790 997 816 δίκαιον

206 842 292 876 ὃνομα
303 849 310 855 ·
326 840 375 867 καὶ
391 841 460 875 πρὸς
473 839 578 866 ἀδικίαν
595 837 661 872 ὕλην
678 835 780 868 λαϐὼν,
795 835 841 862 καὶ
856 835 918 867 τοὺς
936 833 996 860 κατ’

207 887 290 915 αὑτοῦ
310 886 478 921 πανταχόθεν
498 884 626 914 ἐπαίνους
640 882 793 910 διαϐάλλειν
808 880 997 916 πειρώμενος”

209 934 277 960 ἀλλά
302 933 387 959 ταῦτα
405 930 498 967 μαθὼν
511 931 544 957 δι’
562 930 649 965 ὑμῶν,
668 928 859 958 κωλύσειταίς
871 927 998 958 ἀπειλαῖς

208 981 253 1007 τὸν
266 978 412 1008 ἀδικοῦντα
426 977 459 1005 δι’
469 977 565 1012 ἀνδρὸς
578 976 715 1011 τιμῶντος
731 975 766 1002 τὰ
780 974 885 1002 δίκαια.

490 1066 564 1099 uq'.
582 1062 708 1091 optum.

250 1112 280 1139 '0
291 1113 341 1148 μὲν
374 1132 380 1140 .
416 1131 424 1139 .
463 1132 470 1140 .
487 1112 525 1147 (I)
539 1111 696 1147 χαριεῖσθαι
710 1112 744 1147 τῇ
761 1110 902 1137 παιδεύσει
916 1110 948 1144 τῇ
966 1110 999 1144 σῇ

211 1159 282 1193 εἴγε
297 1159 339 1185 δεῖ
352 1158 506 1193 γράμματα
540 1177 546 1185 .
578 1176 586 1184 .
617 1177 625 1184 .
654 1156 703 1184 καὶ
718 1156 807 1183 ταῦτα
817 1156 902 1191 δήπου
914 1155 1001 1189 λέγων

212 1204 258 1230 ἐπὶ
278 1203 327 1230 τοῦ
342 1203 459 1239 γράφειν
474 1203 507 1230 ἀν
534 1223 542 1231 .
579 1223 587 1230 .
626 1223 634 1231 .
672 1203 723 1238 τῆς
746 1202 796 1238 μὲν
812 1203 851 1234 είς
865 1202 939 1237 ὑμᾶς
954 1201 1000 1228 εὑ-

212 1249 286 1281 νοίας
304 1249 350 1276 τὸν
363 1249 448 1284 ἄνδρα
469 1248 630 1284 τεθαύμακα
647 1249 716 1284 μηδὲ
737 1248 783 1275 τὸν
816 1267 823 1275 .
864 1267 872 1274 .
915 1268 921 1274 .
962 1247 1001 1273 εί-

212 1297 324 1333 δόμενον
339 1296 369 1329 ἐξ
383 1293 420 1323 ὧν
428 1294 499 1322 οἶδεν
512 1295 576 1331 ὑμῖν
587 1295 778 1330 χαριούμενος·
790 1294 841 1329 τὴν
854 1293 883 1320 δὲ
897 1292 1002 1327 σιωπὴν

213 1344 268 1378 ὴγα
306 1363 313 1370 .
350 1363 357 1370 .
393 1363 401 1370 .
438 1341 590 1378 ἐρυθριῶν·
606 1340 653 1368 καὶ
671 1340 752 1375 σοφὸν
767 1340 837 1375 ἔχων
849 1339 1002 1366 ἐπιστεῖλαι

216 1389 310 1425 μηδὲν.
333 1389 377 1421 Ὧς
390 1388 444 1424 γὰρ
479 1388 527 1415 καὶ
555 1387 681 1414 Πλάτωνι
693 1387 731 1422 τῷ
748 1386 895 1421 σοφωτάτῳ
917 1385 1002 1416 δοκεῖ,

213 1434 264 1461 οὐκ
274 1433 346 1460 ἐστιν
361 1433 462 1469 ἀρετὴν
476 1433 575 1460 εἰδέναι
590 1441 616 1458 τι
631 1431 668 1467 μὴ
682 1432 739 1462 τοῖς
752 1430 842 1466 ἔργοις
857 1429 924 1465 πρὸς
938 1430 1003 1464 ἀρε-

213 1480 263 1515 τὴν
274 1480 450 1514 ἐπειγόμενον
459 1485 466 1493 ⁸
481 1479 496 1504 ὃ
509 1478 538 1504 δὲ
549 1477 587 1513 μὴ
601 1477 675 1504 ἔστιν
686 1476 796 1509 ειδέναι,
811 1475 864 1503 κᾶν
876 1475 1001 1512 ἐρυθριά-

215 1533 295 1559 σαιμι
309 1525 373 1559 περὶ
398 1524 494 1550 τούτου
517 1523 703 1558 φθεγγόμενος
717 1530 726 1538 ·
747 1523 795 1549 καὶ
815 1521 1002 1566 ταῦτα-ποιῶν
1017 1537 1039 1566 c

215 1571 310 1605 ὥσπερ
330 1570 363 1596 ἂν
374 1569 400 1596 εί
411 1577 453 1600 τις
469 1568 601 1604 μουσικὴν
616 1568 677 1603 μηδ’
698 1567 766 1602 δναρ
779 1567 871 1598 είδὼς,
892 1563 952 1592 ε’ίτά
962 1574 1003 1597 τις

221 1616 338 1651 Ὀρφεὺς
360 1613 430 1642 εἶναι
442 1615 527 1650 λέγοι,
543 1615 578 1641 τὰ
590 1615 671 1650 θηρία
684 1616 716 1650 τῇ
730 1614 799 1650 λύρα
816 1614 1002 1649 χειρούμενοςο

216 1663 273 1689 ἀλλ’
290 1662 378 1689 εἱδέοι
388 1663 443 1690 τῶν
460 1661 625 1697 κρουμάτων
639 1660 806 1695 ἐφάψασθαι,
823 1660 910 1694 γέλως
923 1659 1005 1690 εὐθὺς

215 1711 230 1737 ὁ
247 1710 364 1745 κόμπος,
396 1709 443 1736 καὶ
468 1709 558 1737 πάντα
573 1709 606 1744 δὴ
628 1709 727 1743 ῥᾳδίως
744 1708 902 1743 ἐλέγχεται·
922 1708 1004 1734 πόθεν

216 1754 264 1784 οὖν
281 1755 316 1792 [ὃ]
335 1756 371 1791 μὴ
383 1757 494 1791 πέφυκα
505 1755 580 1790 παρά
593 1754 632 1790 τῷ
642 1755 681 1791 σῷ
694 1755 758 1790 θείῳ
771 1754 927 1790 νομίζομαι;
938 1754 1005 1789 ἔφης

216 1811 244 1829 τι
257 1802 326 1838 πρὸς
340 1801 421 1828 αὐτὸν
436 1801 565 1833 πολλάκις
578 1801 654 1836 νόμῳ
665 1801 697 1837 δὴ
709 1800 800 1835 φιλίας
809 1800 1005 1836 ἀποσεμνύνων

218 1848 285 1883 ἐμέ·
303 1849 318 1874 ό
335 1847 363 1874 δὲ
380 1847 425 1873 τὸν
445 1847 528 1873 πόθον
544 1847 574 1873 οὐ
592 1846 711 1879 σκοπῶν,
728 1846 786 1873 ἀλλ’
801 1848 833 1874 ἐκ
844 1847 898 1873 τῶν
917 1847 1006 1882 ἔργων

219 1892 289 1920 εἶναι
316 1893 379 1924 τοὺς
397 1892 494 1927 λόγους
519 1892 659 1927 οίόμενος,
685 1893 797 1919 ἀπαιτεῖ
820 1892 947 1927 γενέσθαι
973 1901 1006 1928 με

218 1939 339 1966 τοιοῦτον
351 1936 406 1965 οἷον
420 1946 454 1973 με
467 1938 523 1969 τοῖς
536 1937 625 1972 λόγοις
647 1937 812 1969 ἀνέπλασας,
828 1937 874 1964 καὶ
893 1937 940 1963 τοῦ
959 1937 1005 1963 σοῦ

219 1986 333 2021 ψεύδους
363 1985 410 2012 νῦν
436 1985 551 2017 εὐθύνας
574 1984 788 2019 εἰσπράττοντα·
807 1984 855 2010 καὶ
875 1983 1008 2018 διελέγχω

221 2041 268 2058 σου
285 2032 347 2063 τοὺς
360 2031 466 2066 λόγους,
481 2031 531 2057 οὺκ
544 2030 614 2065 ἔχων
626 2030 726 2065 ἀρετῆς
741 2029 869 2064 γενέσθαι
879 2029 1008 2055 διδάσκα-

218 2077 279 2107 λος·
304 2075 375 2111 πλὴν
405 2075 500 2111 ἐπειδὴ
524 2075 593 2110 πρὸς
612 2075 642 2101 σέ
657 2083 702 2109 μοι
723 2075 758 2101 τὰ
781 2074 945 2109 γράμματα,
963 2073 1007 2099 δο-

219 2123 264 2149 κεῖ
284 2121 315 2158 δὴ
341 2121 422 2148 πάλιν
448 2121 609 2157 θαυμάζειν,
637 2120 681 2147 ἵνα
713 2120 750 2155 μὴ
770 2120 867 2146 σαυτὸν
892 2119 1009 2154 ὲλέγχῃς

217 2167 394 2202 ψευδόμενον.

497 2251 559 2277 ιη’.
575 2250 728 2284 mmora.

262 2296 380 2324 ὐϐολοῖν
408 2295 456 2322 τοῦ
485 2295 631 2330 Εὐριπίδου
659 2294 763 2329 ῥακίων
774 2294 823 2330 τὴν
834 2294 903 2330 ἐμὴν
918 2293 1007 2321 οἰκίαν

220 2343 352 2378 ἐπλησας,
368 2341 506 2377 ἀδωνάρια
524 2340 636 2375 πέμψας
650 2340 771 2376 ἄρυθμα,
793 2340 866 2368 καθά
878 2348 920 2366 σοι
931 2339 1008 2374 φίλον

221 2390 325 2422 καλεῖν,
356 2388 404 2415 καὶ
427 2387 544 2423 βλαῦτας
566 2387 715 2422 ἀμούσους,
742 2387 791 2413 καὶ
820 2385 1007 2422 ἀφικράτιδας

220 2436 263 2470 ἐφ’
278 2432 322 2466 αἷς
337 2435 361 2461 εί
372 2434 419 2461 καὶ
442 2433 503 2469 μέγ’
528 2432 671 2467 οίμώξειεν
685 2432 700 2459 ό
714 2431 867 2467 στρατηγὸς
883 2431 1008 2466 Ἰφικρά-

220 2489 270 2516 της
297 2481 357 2507 esse
380 2480 430 2516 τῆς
452 2480 581 2513 ’Δττικῆς
593 2478 742 2513 φερούσαις
753 2478 916 2514 τεκμήριον.
940 2477 1008 2503 Οὐδὲ

221 2525 276 2561 γὰρ
293 2526 373 2561 χάριν
387 2524 448 2552 τινὰ
460 2524 507 2550 καὶ
521 2524 616 2550 πεῖναν
629 2523 757 2557 μελίττης
777 2521 925 2557 Ὑμηττίου
938 2530 1010 2557 παρ-

221 2574 341 2608 έχονται,
357 2571 417 2598 οὐδὲ
431 2570 553 2606 βοῶσιτῇ
567 2570 617 2605 θέᾳ
631 2569 680 2604 τὴν
693 2568 833 2603 Ἀττικὴν,
847 2570 875 2596 ἐν
912 2569 1011 2603 Μαρα-

222 2617 276 2644 θὼν
296 2616 344 2644 καὶ
360 2615 491 2650 Σαλαμὶς,
503 2615 550 2641 καὶ
564 2614 662 2648 ἀνδρες
677 2612 836 2648 ἐλευθερίας
851 2612 898 2639 καὶ
912 2612 1013 2648 φρονή-

224 2670 307 2698 ματος
339 2660 465 2697 ἐρασταὶ,
481 2660 511 2686 οὐ
527 2658 566 2695 μά
581 2659 630 2685 Δία
658 2657 724 2693 παρ’
742 2658 807 2693 ὑμῖν
832 2658 921 2693 μούσῃ
937 2666 1013 2684 τετε-

221 2707 357 2743 λεσμένοι·
368 2706 402 2733 τὰ
413 2705 467 2741 γὰρ
476 2705 631 2740 ὑμέτερα...
643 2704 701 2731 ἀλλ’
710 2703 832 2738 εὔστομα
844 2703 959 2730 κείσθω·
975 2704 1013 2739 μή

221 2763 249 2782 τι
268 2754 315 2782 καὶ
324 2753 398 2782 λάθω
410 2752 612 2788 φθεγξάμενος·
628 2750 662 2778 τὰ
680 2751 728 2786 μὲν
747 2751 782 2778 σὰ
796 2750 870 2786 δῶρα
886 2749 1009 2777 τοιαῦτα·

1041 228 1145 255 bratur.
1162 227 1229 255 Cum
1243 233 1333 254 autem
1347 226 1457 254 domum
1475 225 1643 259 acquisierit,
1660 232 1720 260 qua:
1736 224 1826 252 locum

1040 269 1182 301 excelsmn
1203 273 1385 308 propinquum
1405 271 1498 304 habet,
1514 271 1606 298 vicino
1637 271 1755 306 qttodam
1777 271 1828 297 im-

1042 320 1126 356 probo
1141 320 1235 350 utitur,
1249 326 1310 354 qua:
1328 318 1459 346 fenestras
1473 322 1567 345 contra
1584 317 1628 351 jus
1646 324 1726 344 omne
1749 316 1828 343 iuno-

1042 373 1119 399 vaus,
1145 365 1272 400 praesenti
1295 364 1403 399 quidem
1422 369 1544 398 tempore
1564 362 1741 398 proﬁtebatur
1762 361 1829 390 nihil

1043 412 1249 440 obstaculilore
1271 419 1317 439 eas
1345 410 1480 438 aediﬁcare
1505 410 1614 437 volenti.
1639 409 1713 436 Nune
1738 413 1827 435 autem

1043 465 1104 485 cum
1120 458 1152 484 ad
1167 465 1235 493 opus
1254 464 1344 484 sermo
1366 456 1484 487 devenit,
1502 455 1635 483 fenestras
1652 453 1830 489 impedimen-

1044 507 1100 530 tum
1129 502 1290 537 praetendit,
1313 502 1390 536 quasi
1409 501 1540 535 justitiam
1559 505 1684 535 repetens
1698 500 1770 534 quod
1786 499 1830 526 in-

1045 555 1147 575 novans
1162 548 1206 582 jus
1226 546 1442 582 praetermiserit.
1461 545 1528 573 Cum
1547 552 1611 572 vero
1632 544 1832 571 animadvertat

1046 601 1076 621 se
1100 593 1222 628 undique
1238 600 1252 619 a
1268 593 1330 627 jure
1344 597 1496 623 extrusum,
1515 592 1547 618 ad
1570 591 1716 627 potentiam
1736 589 1832 617 conhi-

1046 647 1109 673 gere
1122 639 1269 673 cxrogitat,
1290 644 1371 673 atque
1399 638 1453 665 imo
1481 637 1530 664 viri
1554 636 1696 670 cujusdam
1719 636 1764 670 qui
1788 635 1833 670 ju-

1049 684 1151 710 stitiam
1165 691 1272 718 semper
1286 683 1399 718 diligere
1413 681 1600 710 statuit.IIIum
1616 682 1686 708 enim
1701 685 1833 715 prmstau-

1047 730 1182 757 tissinnun
1197 729 1299 756 invadit
1316 728 1485 760 Nestorium,
1503 735 1555 756 non
1578 727 1675 754 adesse
1695 725 1832 753 hominem

1048 774 1381 814 conlidens.Propinqnos
1397 775 1424 801 in
1446 774 1577 801 auxilium
1601 774 1747 801 advocans.
1770 779 1833 806 pre-

1050 823 1115 849 tium
1133 820 1301 855 sibialiquod
1316 820 1348 847 ad
1364 820 1514 848 nocendum
1531 819 1666 854 aequitatis
1684 818 1783 845 famam
1797 817 1836 843 rf-

1013 855 1034 883 n
1051 866 1142 899 ﬁnxit;
1165 870 1192 893 et
1217 866 1249 892 ad
1272 864 1400 898 iniuriam
1417 864 1559 891 materiam
1579 863 1650 898 capit
1671 867 1698 890 et
1712 863 1836 897 proprias

1050 911 1144 938 laudes
1157 910 1275 945 undique
1293 917 1421 945 spargere
1435 910 1539 936 nititur.
1556 908 1610 935 Sed
1626 913 1768 942 postquam
1781 907 1837 934 hac

1049 965 1098 992 per
1117 965 1167 984 nos
1189 956 1325 989 didicerit,
1351 955 1433 983 minis
1458 955 1612 990 prohibebit
1637 962 1698 981 eum
1722 954 1766 988 qui
1790 960 1838 988 per

1052 1003 1140 1030 virum
1160 1003 1230 1037 juris
1242 1001 1513 1029 observantissimum
1530 1000 1656 1036 injuriam
1673 1000 1748 1028 facit.

1299 1047 1444 1076 LXXXVI.
1463 1047 1592 1076 ORIONI.

1089 1094 1133 1121 Ille
1144 1094 1253 1128 quidem
1274 1094 1361 1129 (dicit)
1375 1101 1404 1120 se
1417 1093 1571 1127 disciplina:
1586 1097 1637 1120 tua:
1650 1092 1818 1120 tributurttm
1830 1113 1837 1125 ,

1051 1142 1074 1168 si
1097 1146 1205 1176 oportet
1229 1141 1330 1175 scripta
1354 1140 1424 1175 (mea
1440 1140 1620 1167 admiratione
1643 1139 1792 1174 prosequi),
1812 1144 1840 1166 et

1053 1188 1110 1215 haec
1139 1188 1232 1214 dicens
1254 1187 1287 1214 de
1311 1187 1379 1223 (tua)
1400 1186 1537 1214 scribendi
1560 1186 1640 1221 (arte,
1667 1193 1719 1211 non
1742 1186 1840 1219 errat).

1054 1233 1146 1260 Virum
1161 1233 1269 1267 quidem
1288 1237 1398 1268 propter
1424 1232 1494 1259 hanc
1514 1232 1540 1258 in
1561 1238 1609 1258 vos
1624 1230 1839 1258 benevolentiam

1054 1280 1168 1307 miratus
1182 1287 1262 1313 sum;
1282 1286 1335 1306 non
1353 1283 1442 1306 autem
1464 1277 1535 1305 illius
1551 1277 1656 1312 (miror)
1672 1277 1840 1311 prudentiam

1053 1325 1080 1352 iu
1098 1325 1131 1352 iis
1142 1333 1203 1360 qua:
1217 1324 1292 1352 vobis
1304 1324 1409 1351 tribuit.
1421 1323 1536 1350 Silentio
1551 1326 1613 1350 'utor
1628 1323 1802 1355 erubescens,
1815 1326 1842 1349 ct

1055 1371 1122 1398 nihil
1136 1371 1245 1404 sapiens
1272 1369 1449 1397 scribendum
1473 1369 1585 1396 habens.
1606 1367 1638 1395 Ut
1651 1367 1724 1394 enim
1746 1372 1773 1395 et
1794 1367 1843 1394 do-

1054 1417 1176 1444 etissimo
1190 1415 1295 1444 Platoni
1309 1415 1426 1448 videtur,
1445 1422 1557 1442 noscere
1569 1415 1694 1441 virtutem
1711 1420 1762 1440 non
1779 1413 1843 1441 licet

1054 1464 1079 1490 ei
1092 1464 1137 1498 qui
1155 1470 1208 1490 non
1229 1471 1276 1498 per
1296 1469 1377 1497 opera
1402 1463 1435 1489 ad
1456 1462 1582 1488 virtutem
1608 1465 1742 1495 properat.
1766 1459 1843 1493 Quod

1056 1514 1146 1536 autem
1160 1509 1231 1536 scire
1247 1516 1299 1535 non
1316 1508 1391 1541 licet,
1409 1508 1442 1535 de
1463 1507 1515 1534 bne
1528 1507 1601 1542 loqui
1616 1513 1660 1534 me
1675 1506 1843 1542 puderet;et

1055 1556 1081 1582 id
1093 1555 1197 1582 faciens
1209 1554 1308 1582 similis
1320 1561 1422 1586 essem,
1437 1561 1469 1581 ac
1483 1554 1506 1580 si
1523 1553 1585 1588 quis
1601 1553 1733 1581 musicam
1750 1560 1783 1580 ne
1794 1560 1844 1588 per

1055 1600 1189 1627 somnium
1212 1600 1320 1634 quidem
1343 1600 1444 1633 sciens,
1460 1599 1558 1627 deinde
1580 1607 1610 1627 se
1630 1599 1768 1634 Orpheum
1783 1606 1843 1627 esse

1055 1647 1179 1678 diceret»
1190 1645 1262 1673 feras
1294 1646 1351 1681 lyra
1373 1646 1634 1673 mansuefacientem
1654 1654 1663 1679 ;
1683 1651 1710 1673 at
1734 1653 1799 1673 vero
1818 1647 1840 1675 si

1055 1696 1194 1726 oporteret
1206 1691 1386 1718 instrumenta
1410 1691 1556 1726 attingere,
1582 1692 1667 1719 risum
1689 1693 1781 1720 statim
1800 1692 1844 1726 ja-

1056 1736 1160 1764 ctantia
1178 1741 1310 1768 moveret,
1329 1742 1356 1764 et
1367 1737 1457 1763 omnia
1472 1744 1538 1763 sane
1553 1736 1633 1764 facile
1648 1737 1844 1773 redargueren-

1057 1787 1112 1809 tur.
1128 1780 1187 1808 Non
1204 1781 1285 1816 igitur
1297 1781 1342 1815 qtti
1361 1788 1432 1812 sum,
1457 1781 1480 1808 is
1501 1789 1516 1808 a
1532 1786 1577 1808 tuo
1598 1781 1731 1809 avunculo
1747 1782 1843 1809 existi-

1056 1835 1127 1855 mor.
1148 1827 1258 1862 Aliquid
1285 1827 1310 1854 ei
1325 1828 1426 1862 sccpius
1447 1834 1482 1854 ex
1505 1827 1633 1855 amicitia:
1657 1828 1717 1862 lege
1741 1829 1843 1862 dixisti,

1057 1873 1184 1901 laudandi
1203 1873 1255 1900 mei
1270 1874 1367 1908 gratia.
1383 1871 1430 1900 Ille
1447 1877 1537 1900 autem
1551 1881 1605 1900 non
1619 1880 1738 1901 amorem
1752 1875 1844 1901 consi-

1057 1920 1156 1948 derans
1171 1939 1178 1953 ,
1201 1919 1247 1947 sed
1260 1927 1294 1947 ex
1315 1919 1443 1954 operibus
1462 1920 1543 1947 verba
1557 1927 1618 1947 esse
1635 1920 1707 1947 dicta
1734 1925 1845 1955 putans,

1059 1973 1103 1992 me
1119 1965 1199 1992 talem
1214 1972 1274 1992 esse
1291 1965 1375 1999 exigit
1389 1965 1496 2000 qualem
1516 1973 1559 1993 me
1573 1966 1662 1993 verbis
1677 1965 1803 1993 eiﬁnxisti
1818 1971 1846 1994 et

1060 2011 1099 2038 tui
1114 2011 1247 2038 mendacii
1264 2012 1385 2038 rationes
1400 2015 1580 2045 repetentem.
1590 2010 1647 2038 Tua
1663 2016 1750 2038 autem
1763 2012 1846 2039 verba

1059 2064 1124 2084 sane
1143 2056 1285 2089 redarguo,
1308 2063 1369 2082 cum
1394 2063 1445 2082 non
1469 2055 1569 2089 possim
1593 2055 1700 2082 virtutis
1719 2055 1848 2090 magister

1060 2103 1127 2130 ﬁeri.
1143 2103 1290 2135 Postquam
1308 2110 1373 2129 vero
1387 2102 1420 2130 ad
1439 2107 1465 2129 te
1485 2109 1551 2128 meae
1566 2102 1663 2129 littera:
1675 2103 1846 2137 perveniunt,

1060 2149 1168 2176 videtur
1183 2149 1293 2183 quidem
1312 2156 1407 2175 rursus
1423 2148 1526 2182 mirari,
1549 2156 1583 2176 ne
1602 2149 1716 2184 teipsum
1738 2149 1849 2177 utenda—

1024 2200 1047 2228 Ι)
1061 2202 1120 2223 cem
1137 2195 1221 2222 fuisse
1236 2194 1432 2229 deprehendas.

1288 2238 1442 2266 LXXXVII.
1458 2239 1620 2268 DIODORO.

1097 2287 1208 2315 Laceris
1231 2286 1370 2321 Euripidis
1390 2287 1521 2318 veSIibus,
1546 2294 1606 2322 quae
1631 2287 1735 2315 duobus
1760 2288 1847 2316 obolis

1062 2336 1228 2365 emerentur,
1250 2339 1337 2359 meam
1361 2331 1471 2358 domum
1494 2330 1628 2364 implesti,
1647 2334 1849 2364 venereasinc

1062 2378 1191 2413 rhythmo
1205 2384 1289 2411 opera
1306 2377 1427 2409 mittens,
1445 2381 1474 2403 ut
1495 2381 1520 2403 te
1539 2383 1570 2402 ea
1594 2384 1692 2403 vocare
1710 2377 1800 2411 juvat,
1820 2382 1848 2406 et

1063 2425 1244 2451 calceamenta
1258 2424 1332 2458 poesi
1347 2423 1481 2453 carentia.
1493 2426 1520 2450 et
1536 2421 1715 2457 Iphicratitlas
1733 2423 1767 2451 de
1788 2425 1848 2458 qui-
1865 2436 1867 2438 -

1063 2471 1114 2497 bus
1130 2470 1212 2497 etiam
1228 2469 1422 2504 ingemuissent
1436 2468 1488 2495 duo
1502 2467 1661 2503 Iphicrates,
1677 2469 1775 2503 quippe
1789 2476 1851 2503 quae

1064 2516 1162 2544 Attica:
1172 2516 1277 2548 signum
1294 2523 1347 2542 non
1364 2514 1462 2541 ferant.
1475 2512 1533 2540 Non
1545 2513 1616 2540 enim
1627 2514 1742 2548 gratiam
1754 2521 1852 2549 quam-

1064 2563 1126 2589 dam
1145 2567 1171 2589 et
1192 2561 1292 2588 famem
1314 2561 1373 2595 apis
1396 2559 1540 2594 Hymettiae
1559 2563 1765 2594 praestantmec
1778 2561 1850 2587 Atti-

1065 2616 1126 2636 cam
1143 2608 1177 2634 ad
1195 2606 1378 2641 spectaculum
1398 2605 1517 2633 clamose
1528 2609 1628 2632 vocant
1645 2605 1671 2631 in
1689 2612 1749 2639 qua:
1762 2604 1849 2632 Mara—

1066 2655 1131 2682 thon
1143 2659 1170 2681 et
1181 2653 1308 2684 Salamis,
1328 2657 1355 2679 et
1369 2651 1419 2679 viri
1434 2651 1566 2679 libertatis
1580 2656 1606 2678 et
1622 2651 1714 2686 gloriae
1729 2656 1852 2678 amantes

1066 2709 1132 2735 non,
1147 2699 1250 2732 hercle,
1258 2706 1289 2726 ea
1305 2705 1365 2734 quae
1379 2698 1448 2733 apud
1462 2705 1509 2725 vos
1522 2701 1564 2724 est
1576 2704 1652 2726 musa
1660 2696 1772 2732 perfecti
1785 2697 1850 2724 sint.

1065 2747 1162 2775 Vestra
1182 2745 1320 2773 enimvero
1341 2743 1393 2771 alia
1408 2743 1555 2779 prudenter
1575 2743 1683 2771 silentio
1704 2747 1802 2778 tegam,
1818 2748 1853 2770 ne

979 2796 1094 2825 ΝΟΤᾹΞ.

262 2849 299 2884 (l)
317 2848 346 2876 In
363 2847 406 2876 bis
422 2846 526 2876 lacunis
539 2846 658 2882 corrupti
674 2846 769 2874 mador
800 2844 902 2874 codicis
920 2851 1007 2879 pauca
1023 2845 1104 2873 verba
1120 2841 1270 2876 perierunt.
