1988 3079
156 126 227 158 2787

793 118 972 150 PROCOPII
993 117 1118 148 ΟΑΖΕῙ

1711 113 1784 145 2788

157 181 224 217 quid
240 178 343 208 inscius
357 177 458 206 ἀίσσω.
478 175 555 204 Talia
577 179 641 203 sunt
660 175 768 210 quidem
793 179 836 201 tua
858 175 937 201 dona.

1004 172 1026 200 τὰ
1048 172 1076 199 δὲ
1097 172 1229 208 ἡμέτερα,
1255 172 1310 198 κᾶν
1335 169 1420 202 αὖτδις
1446 169 1620 201 ἐπαινέσειας
1651 169 1723 196 οὕτω
1748 171 1782 205 τῇ

157 228 254 255 Nostra
276 232 340 253 vero
365 229 393 252 et
407 225 464 259 ipse
475 223 613 255 laudares,
639 229 700 250 cum
717 222 784 248 adeo
797 221 884 248 ventri
899 221 938 247 in-

156 273 277 307 dulgeas.
294 269 412 298 Gulosus
425 269 497 297 enim
515 276 575 295 eum
594 267 643 300 sis,
657 271 685 294 et
698 266 800 294 ventris
815 265 939 300 explendi

155 326 249 345 curam
276 317 385 348 habeas.
409 320 437 342 et
453 316 525 343 escis
545 322 671 349 magnam
698 313 853 341 felicitatem
882 319 939 338 me-

156 363 244 396 tiaris,
262 363 285 390 si
309 362 374 397 quid
395 361 466 389 forte
486 360 598 396 jucundi
621 365 736 387 venatus
751 359 800 390 sis,
817 357 941 393 protinus

155 408 280 436 extendis
300 408 418 442 linguam
446 410 476 433 ut
500 406 610 440 quidam
638 405 705 439 Aiax
723 404 860 438 ingentem
886 403 942 437 cly-

156 461 248 489 peum.
263 453 298 480 Et
315 452 392 480 testis
406 457 448 479 est
462 452 527 479 liora
542 459 594 486 qua
616 451 766 485 placentem
785 448 854 483 apud
875 447 941 474 alios

156 499 307 535 abripiens,
324 502 408 525 lotam
422 497 513 524 statint
532 497 559 524 in
576 504 608 524 os
624 495 770 523 immisisti.

373 542 539 570 LXXXVIII.
555 540 717 569 CYRIACO.

191 590 313 624 Quantas
337 588 382 616 ﬁlii
407 588 529 624 patribus
552 588 654 622 gratias
679 587 806 619 debeant,
825 593 878 613 non
895 592 942 619 ap-

162 636 248 671 prime
261 634 331 662 scire
346 635 419 667 licet,
435 634 486 660 nisi
512 633 573 668 quis
593 638 621 660 et
643 632 700 667 ipse
726 631 841 658 ﬁliorum
869 635 944 666 pater

157 681 210 712 sit;
222 687 255 706 ex
269 687 301 706 eo
317 679 387 706 enim
403 685 495 705 amore
510 685 565 712 quo
585 677 656 704 [ilios
670 676 862 711 complectitur
877 676 945 703 sciet

156 725 269 753 omnino
292 724 385 759 quales
416 724 443 750 in
468 723 556 758 ipsum
581 723 682 750 fuerint
720 722 867 757 genitores.
893 721 944 754 Qui

158 776 249 798 tamen
267 770 353 797 musis
371 769 523 803 indulgent,
540 773 568 794 et
588 772 651 795 ante
664 768 878 801 experimentum
902 774 946 794 ra-

990 218 1090 253 γαστρὶ
1100 217 1279 252 χαριζόμενος
1293 225 1300 231 ·
1320 216 1409 251 λίχνος
1435 215 1490 251 γάρ
1505 224 1547 246 τις
1558 215 1607 246 ὢν,
1629 215 1678 242 καὶ
1690 214 1723 241 τὸ
1736 223 1786 249 γα-

991 263 1149 299 στρίζεσθαι
1169 263 1287 298 μελέτην
1314 264 1509 297 πεποιημένος,
1535 261 1581 287 καὶ
1598 260 1722 296 βρώμασι
1734 261 1786 296 τὴν

992 309 1114 345 μεγάλην
1137 309 1308 344 εὐδαιμονίαν
1338 308 1457 343 μετρῶν,
1472 308 1499 334 εί
1521 306 1548 334 τί
1575 315 1627 333 που
1650 306 1785 341 θηράσαις

990 355 1052 391 ἡδὺ,
1069 354 1231 390 ξπροτείνεις
1260 353 1363 385 εὐθέως
1378 353 1428 388 τὴν
1451 351 1586 387 γλῶτταν,
1606 352 1732 386 καθάπερ
1743 360 1785 382 τις

990 401 1057 433 Αἴας
1073 401 1122 437 τὴν
1139 400 1260 436 μεγάλην
1287 399 1405 426 ἀσπίδα·
1420 398 1467 426 καὶ
1495 397 1602 434 μάρτυς
1614 398 1628 423 ὁ
1644 397 1739 432 καιρὸς
1755 397 1786 423 ὲν

990 445 1014 483 ᾦ
1024 449 1069 476 τὸν
1091 447 1247 474 πλακοῦντα
1271 445 1336 481 παρ’
1350 446 1393 472 ἑτέ
1399 455 1451 481 ρων
1477 446 1655 482 ἀφήρπαοας,
1667 444 1727 470 ὃ).ον
1737 442 1785 469 εὕ-

993 494 1042 528 θὺς
1059 493 1249 529 παραπέμψας
1263 492 1301 528 τῷ
1317 492 1441 526 στόματι.

1263 536 1330 564 ll-H'.
1344 537 1510 571 ΚΥΙῚΑΚῼ.

1030 586 1118 613 Ὅσον
1137 585 1162 612 οί
1180 584 1275 615 παῖδες
1289 583 1345 614 τοῖς
1364 582 1500 618 πατράσιν
1508 580 1643 616 ὀφείλουσι
1658 580 1782 616 χάριτας,

996 633 1046 660 οὒκ
1062 632 1135 658 ἔστιν
1151 631 1248 657 εἰδέναι
1265 629 1334 665 πρὸς
1362 628 1453 660 ἀξίαν,
1474 628 1497 654 εί
1526 627 1563 662 μή
1581 635 1625 658 τις
1641 627 1687 653 καὶ
1703 626 1784 657 αὐτὸς

997 678 1102 705 παίδων
1116 677 1234 712 ὑπάρχει
1249 675 1341 710 πατήρ
1351 681 1358 689 ·
1378 674 1409 700 τό
1429 682 1458 700 τε
1474 673 1528 708 γάρ
1551 672 1580 706 ἐξ
1598 671 1632 708 ἦς
1646 672 1701 707 ἔχει
1716 671 1785 706 πρὸς

995 723 1059 754 τοὺς
1077 722 1177 753 παῖδας
1210 721 1338 755 στοργῆς.
1364 719 1466 746 εἵσεται
1492 719 1602 749 πάντως
1627 718 1697 744 ποῖοι
1715 717 1785 751 πρὸς

998 767 1080 795 αὑτὸν
1099 767 1224 802 ὑπῆρξαν
1254 765 1280 791 οί
1300 765 1453 798 φύσαντες·
1476 763 1546 799 πλὴν
1562 763 1619 790 ὅσοι
1634 764 1694 794 ταῖς
1718 761 1785 796 μού-

158 815 230 842 tione
243 822 334 842 verum
346 814 507 848 dijudicant.
525 812 601 840 Unde
615 813 693 840 decet
708 817 733 839 te
743 820 805 847 erga
817 816 943 846 parentes

1004 822 1058 846 ῖαις
1071 812 1238 844 ἀνάκεινται,
1267 811 1315 838 καὶ
1334 810 1386 846 πρὸ
1412 810 1461 844 τῆς
1482 809 1579 844 πείρας
1597 809 1668 843 λόγῳ
1680 808 1784 843 τάληΘῆ

158 860 238 888 talem
254 859 380 893 esse.qui
396 858 466 886 forte
485 859 545 893 plus
563 866 642 893 qualn
676 858 767 885 caeteri
783 857 945 885 benevolen-

157 906 202 933 tiae
215 906 375 940 largiuntur.
392 905 561 939 Quapropter
585 912 628 932 me
641 905 673 931 ad
696 905 765 932 bane
775 903 945 931 scribendam

157 953 297 987 epistolam
320 957 471 983 moverunt,
489 952 644 978 mercedem
663 956 804 986 paternam
824 958 838 977 a
856 954 883 977 te
905 957 945 977 re-

157 1002 294 1032 petentes,
308 1001 337 1023 ut
360 1004 412 1024 non
437 997 583 1024 erubescas
611 996 691 1023 talem
717 1003 777 1023 esse
796 995 902 1030 qualern
921 999 947 1022 te

158 1044 264 1074 volunt,
277 1048 305 1070 et
319 1042 389 1070 Deus
402 1048 427 1069 te
442 1042 469 1069 in
485 1042 565 1068 liuent
582 1041 685 1070 tulerit.
697 1041 774 1068 Tune
790 1041 861 1068 enim
881 1041 947 1075 ipsis

158 1097 232 1118 mors
252 1090 307 1123 ipsa
323 1089 390 1116 levis
404 1088 466 1120 erit,
481 1088 631 1115 scientibus
653 1087 761 1122 qualem
776 1087 816 1114 sui
836 1086 948 1123 generis

159 1134 319 1170 reliquerint
333 1141 532 1162 successorem.

158 1229 301 1258 LXXXIX.
313 1227 499 1258 ZACllAlillE
511 1227 554 1254 ET
566 1227 727 1256 l’lllLlPPO
737 1226 947 1256 FRATRIBUS.

193 1276 242 1308 Qui
259 1283 319 1303 eam
331 1283 380 1309 pro
389 1275 464 1302 vobis
474 1275 578 1308 accepit
592 1274 743 1308 epistolam,
755 1273 845 1301 Patris
854 1273 948 1309 optimi

161 1325 190 1348 et
202 1320 336 1355 justitiam
350 1319 464 1348 colentis
477 1324 503 1347 et
517 1319 589 1347 inter
603 1328 697 1348 omnes
713 1318 802 1354 iustos
817 1320 948 1347 celebrati

159 1368 229 1394 lilins
245 1372 295 1394 est.
321 1367 446 1400 Quamlin
470 1367 595 1394 Mercurii
613 1367 740 1400 templum
770 1365 950 1401 frequentavit

159 1413 328 1445 adolescens,
351 1418 378 1440 et
399 1417 501 1439 natura:
523 1412 575 1439 vint
593 1413 712 1439 ostendit
725 1416 753 1438 et
767 1413 892 1439 ardorem
906 1411 949 1438 iu-

159 1459 304 1493 trepidunt.
316 1459 348 1485 Et
361 1467 432 1485 nune
446 1459 478 1485 ad
495 1459 685 1493 imperatorem
701 1457 825 1484 ascendit
837 1457 942 1491 legibus

161 1505 272 1532 studere
287 1505 390 1537 volens,
409 1509 439 1531 ut
460 1505 571 1539 prodeat
585 1508 688 1535 orator,
705 1503 767 1530 vita:
788 1503 940 1529 institutum

161 1551 285 1586 corporis
298 1551 388 1585 specie
400 1551 532 1583 revelatis,
546 1556 573 1577 et
585 1550 674 1584 lingua
692 1549 773 1575 verba
791 1548 943 1583 proferens.

161 1596 220 1624 Non
236 1604 302 1624 sane
317 1597 420 1630 justum
437 1599 496 1622 erat
512 1595 584 1622 illius
595 1595 628 1621 ad
642 1602 690 1621 vos
702 1592 895 1628 profectionem
910 1593 947 1620 si-

161 1642 244 1669 lentio
261 1642 411 1677 prarterire,
432 1641 488 1675 qui,
505 1648 565 1667 cum
587 1647 682 1667 omnes
696 1648 710 1666 ιι
728 1647 770 1666 me
788 1639 948 1666 iul'orutatos

163 1691 290 1721 tanquam
309 1686 377 1714 lilios
392 1686 570 1720 reputetis,et
597 1686 621 1712 in
644 1685 718 1711 illum
738 1692 791 1711 non
807 1690 943 1718 quamque

162 1732 286 1759 obtinere
298 1731 511 1759 benevolentiam
525 1731 699 1758 cxhibebitis.

423 1776 481 1803 XC.
496 1775 684 1803 EUI)EMO.\'I.

198 1821 410 1849 Ceieberrimum
426 1821 534 1853 lerinm,
551 1829 610 1848 eum
632 1821 676 1854 qui
699 1820 767 1854 apud
788 1827 837 1846 nos
862 1819 944 1846 Italo-

165 1876 223 1894 rum
249 1868 338 1902 lingua
363 1875 424 1895 reos
440 1867 572 1898 defendit.
588 1872 614 1894 et
634 1866 711 1893 bonis
729 1867 849 1892 moribus
866 1866 953 1900 magis

165 1921 246 1948 quam
263 1914 376 1941 scientia
392 1918 515 1946 ornatur,
536 1921 587 1940 non
605 1914 694 1946 putavi
719 1912 753 1938 ad
782 1919 829 1939 vos
844 1916 951 1939 euntem

166 1959 326 1986 mittemlum
345 1967 404 1987 esse
417 1958 535 1986 silentio.
551 1959 653 1985 Bonum
674 1961 716 1984 est
736 1956 809 1983 enim
833 1956 953 1983 absenti-

167 2006 218 2033 bus
232 2006 309 2032 vobis
323 2011 431 2038 semper
447 2004 499 2031 frui
517 2012 524 2030 :
543 2003 641 2036 altera,
658 2003 794 2037 inquiunt,
819 2002 954 2037 navigatio

166 2056 208 2078 est
225 2059 286 2078 cum
306 2050 465 2078 absentibus
481 2057 529 2084 per
547 2050 652 2076 litteras
667 2048 834 2076 conversari.
849 2047 954 2074 Felices

167 2103 257 2124 tamen
274 2097 444 2132 quibusjura
468 2096 577 2129 dividis,
600 2100 627 2122 et
654 2100 706 2122 tute
729 2096 800 2127 voci,
826 2099 952 2128 tanquam

995 860 1178 895 διακρίνουσιν
1190 867 1198 874 ·
1215 858 1276 885 ὅθεν
1296 866 1325 884 σε
1343 857 1464 883 τοιοῦτον
1491 856 1556 892 περὶ
1577 856 1641 887 τοὺς
1657 855 1786 886 τεκόντας

997 907 1131 943 προσήκει
1149 904 1288 939 γενέσθαι,
1298 903 1322 930 οἳ
1335 903 1406 938 τάχα
1422 903 1476 928 τῶν
1489 902 1576 927 ἄλλων
1589 901 1670 927 πλέον
1685 900 1724 930 είς
1740 899 1785 925 εὗ-

996 960 1072 979 νοιαν
1084 950 1293 986 συνεισφέρουσι
1303 958 1311 965 ”
1326 949 1366 976 διό
1383 957 1417 983 με
1444 948 1490 974 καὶ
1503 946 1570 982 πρὸς
1585 946 1635 982 τὴν
1646 943 1786 980 παροῦσαν

997 997 1141 1033 ἐπιστολὴν
1153 996 1326 1032 κεκινήκασι,
1339 994 1434 1030 μισθὸν
1449 992 1589 1024 αἰτοῦντες
1598 1000 1627 1018 σε
1641 990 1786 1026 πατρικὸν,

997 1045 1028 1072 τὸ
1044 1044 1082 1080 μὴ
1097 1041 1277 1078 καταισχῦναι
1288 1050 1318 1068 σε
1329 1040 1460 1072 τοιοῦτον,
1474 1037 1528 1065 οἷον
1538 1038 1615 1065 αὐτοί
1631 1046 1661 1065 τε
1679 1037 1787 1073 βούλον-

998 1099 1055 1122 ται,
1077 1089 1126 1116 καὶ
1156 1088 1222 1120 Θεὸς
1251 1089 1292 1120 είς
1318 1087 1405 1122 πέρας
1420 1085 1527 1120 ἐνέγκοι
1538 1092 1545 1100 ·
1556 1085 1617 1111 τότε
1628 1084 1682 1118 γὰρ
1697 1083 1788 1114 αὐτοῖς

998 1135 1046 1162 καὶ
1059 1135 1174 1166 Θάνατος
1194 1134 1274 1169 ῥέων,
1299 1132 1494 1168 ἐπισταμένοις
1513 1129 1569 1157 οἷον
1593 1129 1714 1164 διάδοχον
1739 1126 1787 1154 τοῦ

999 1181 1093 1216 γένους
1109 1180 1252 1207 ἀπέλιπον.

1066 1227 1129 1253 nov.
1146 1224 1297 1260 ΖΔΧΑΡΙᾼ
1312 1223 1372 1251 κΑι
1385 1222 1526 1257 onmno
1540 1219 1717 1248 ΛΔΕΛΦΟΙΣ.

1039 1272 1070 1300 '0
1083 1270 1185 1307 ταύτην
1194 1270 1262 1306 πρὸς
1275 1269 1347 1304 ὑμᾶς
1357 1268 1447 1294 λαϐὼν
1456 1267 1505 1302 τὴν
1517 1265 1672 1299 επιστολὴν,
1687 1264 1790 1298 πατρὸς

1000 1319 1104 1355 άγαῠοῦ
1121 1319 1228 1353 πέφυκε
1242 1316 1289 1344 τοῦ
1303 1316 1336 1343 τά
1348 1315 1455 1351 χρηστά
1467 1314 1611 1349 τιμῶντος,
1621 1312 1669 1339 καὶ
1681 1311 1710 1337 ὲν
1722 1311 1790 1336 πᾶσι

1000 1364 1116 1396 δικαίοις
1146 1361 1366 1398 γνωριζομένου·
1387 1361 1428 1392 είς
1450 1358 1550 1394 Ἐρμοῦ
1572 1358 1601 1385 δὲ
1628 1357 1757 1392 φοιτήσας
1776 1355 1791 1381 ὁ

1001 1411 1070 1442 νέος,
1087 1408 1195 1444 φύσεώς
1220 1416 1251 1434 τε
1273 1407 1369 1442 ῥώμην
1391 1405 1557 1437 ἐπεδείξατο,
1579 1403 1625 1430 καὶ
1637 1400 1790 1438 προθυμίαν

1002 1454 1187 1489 ἀοκνοτάτην·
1209 1452 1258 1478 καὶ
1271 1451 1319 1477 νῦν
1336 1449 1404 1485 πρὸς
1423 1448 1538 1484 βασιλέα
1556 1446 1655 1481 ἀνῆλθε
1672 1444 1792 1481 προσλα-

998 1500 1056 1526 ϐεῖν
1067 1499 1131 1531 τοὺς
1147 1498 1246 1532 νόμους
1271 1495 1444 1531 βουλόμενος,
1458 1493 1532 1524 ὅπως
1557 1490 1678 1528 προέλθῃ
1699 1491 1791 1526 ῥήτωρ

998 1545 1048 1580 τὴν
1064 1544 1204 1571 πολιτείαν
1222 1542 1313 1577 φέρων
1326 1540 1365 1576 τῷ
1380 1539 1497 1575 σώματι,
1510 1538 1556 1564 καὶ
1565 1538 1598 1572 τῇ
1609 1536 1717 1571 γλώττῃ
1730 1535 1792 1565 τοὺς

1002 1591 1098 1624 λόγους
1130 1587 1369 1624 προϐεϐλημένος·
1384 1585 1425 1618 {ob
1452 1584 1484 1618 δὴ
1496 1583 1599 1609 δίκαιον
1623 1581 1673 1617 τὴν
1696 1580 1791 1624 τούτου

1000 1622 1069 1672 πρδς
1081 1622 1266 1670 ὑμᾶς-ἄφιξιν
1288 1630 1456 1668 παραδοῦναι
1483 1629 1557 1663 σιγῇ,
1588 1627 1612 1654 οἳ
1641 1627 1704 1657 τοὺς
1727 1622 1791 1660 παρ’

1002 1681 1069 1717 ἐμοῦ
1088 1679 1300 1714 τετελεσμένους
1317 1675 1367 1704 ῖσά
1390 1684 1442 1703 που
1457 1675 1504 1702 καὶ
1515 1673 1612 1705 παῖδας
1626 1672 1793 1717 νομίζοντες,

1001 1726 1100 1758 tutel;
1115 1724 1209 1751 τοῦτον
1238 1723 1345 1750 εὔνοιαν
1359 1721 1390 1748 οὺ
1406 1721 1455 1755 τὴν
1480 1718 1615 1755 τυχοῦσαν
1626 1714 1792 1748 ὲνδείξεσθε.

1269 1770 1306 1802 ιιι.
1329 1765 1528 1794 ΕΥΔΑιΜοΝι.

1037 1816 1090 1843 Τὸν
1103 1814 1270 1850 λογιώτατον
1289 1813 1384 1847 Ἰέριον
1399 1811 1445 1838 τὸν
1461 1811 1511 1846 τῆς
1528 1808 1635 1836 Ἰταλῶν
1649 1805 1715 1842 παρ’
1730 1805 1796 1840 ἡμῖν

1003 1861 1227 1898 προϐεϐλημένον
1250 1859 1353 1894 φωνῆς,
1380 1857 1428 1885 καὶ
1440 1856 1551 1892 τρόποις
1571 1853 1684 1888 ἀγαθοῖς
1695 1851 1796 1898 μᾶλλον

1002 1896 1032 1945 ἢ.
1046 1896 1159 1943 παιδεία
1182 1904 1380 1941 κοσμούμενον,
1411 1902 1461 1929 οὐκ
1484 1900 1579 1936 ᾠήθην
1590 1899 1646 1926 δεῖν
1662 1898 1711 1933 τὴν
1727 1896 1796 1945 προς

1004 1941 1076 1990 opai;
1108 1941 1182 1980 ἰόντα
1213 1949 1401 1987 παραπέμψαι
1432 1947 1517 1982 σιγῇι
1547 1945 1628 1972 καλὸν
1656 1943 1709 1990 μὲν
1740 1941 1796 1990 γάρ

1004 1988 1128 2028 ἀπόντων
1148 1998 1224 2033 ὑμῶν
1248 1996 1397 2023 ἀπολαύειν
1418 1992 1471 2020 ἀεί.
1491 1991 1623 2026 Δεύτερος
1652 1989 1692 2020 δὲ,
1716 1988 1795 2022 φασὶ,

1005 2047 1101 2079 πλοῦς,
1122 2046 1179 2076 τοῖς
1202 2043 1303 2071 άποῦσι
1330 2041 1374 2068 διὰ
1400 2039 1573 2075 γράμματων
1596 2034 1772 2071 προσομιλεῖν
1787 2042 1795 2048 ·

1005 2093 1075 2127 πλὴν
1093 2091 1249 2125 εὐδαίμονες
1261 2088 1356 2119 ὅντως,
1379 2083 1419 2117 οἷς
1431 2085 1534 2115 διέπεις
1549 2083 1583 2109 τὰ
1597 2081 1699 2113 δίκαια,
1713 2080 1797 2106 καθά-

165 2143 265 2180 tripodi
281 2143 387 2170 cuidam
411 2143 535 2176 suspensi
557 2146 631 2174 stitit,
651 2147 676 2168 et
692 2147 836 2168 commune
857 2147 948 2166 revera

1008 2125 1059 2172 περ
1082 2136 1154 2167 τινὸς
1182 2134 1309 2170 τρίποδος
1336 2133 1386 2167 τῆς
1413 2130 1463 2165 σῆς
1487 2127 1667 2163 ἐξηρτημένοι
1686 2125 1796 2160 φωνῆς·

166 2190 349 2224 spectaculum
372 2189 506 2224 justitiam
541 2189 606 2222 ipsis
635 2188 790 2215 redeuntem
821 2186 954 2217 videntes,

166 2243 247 2271 quam
266 2236 532 2271 przecedenttempns
558 2233 778 2260 labefactari-rat.
792 2232 960 2265 Supervaca-

167 2289 247 2310 neum
270 2286 360 2308 autem
381 2280 473 2307 dicere
489 2285 514 2306 te
535 2280 561 2306 in
585 2280 617 2306 iis
631 2279 657 2305 iu
677 2278 777 2313 quibus
795 2277 870 2304 Vobis
886 2276 956 2302 imii-

167 2332 222 2363 εει,
239 2327 308 2354 bene
319 2327 345 2353 in
358 2333 419 2353 eum
434 2331 555 2352 acturum
575 2325 621 2360 qui
637 2324 713 2350 vobis
730 2323 800 2350 lianc
815 2321 957 2356 epistolam

168 2372 300 2399 attulerit.
312 2371 363 2404 Qui
377 2371 448 2398 enim
462 2371 542 2397 vitam
559 2370 660 2396 orando
675 2368 810 2402 transigit,
822 2367 957 2401 quomodo

169 2426 221 2446 non
236 2417 331 2445 honori
349 2417 460 2444 habebit
475 2417 629 2443 orationum
647 2421 738 2450 patres
753 2422 822 2448 quos
836 2411 958 2440 viderit?

170 2464 274 2492 Redeat
309 2464 390 2498 igitur
419 2463 585 2489 annuntians
605 2461 676 2496 quod
702 2461 796 2488 audire
821 2464 958 2493 optamus,

170 2517 197 2539 te
211 2511 310 2538 famam
331 2509 410 2536 lactis
421 2509 535 2536 vincere
549 2513 576 2535 et
594 2507 695 2540 majora
710 2507 775 2533 dare
786 2513 867 2540 quam
887 2504 960 2532 acci-

171 2557 276 2592 pientes
295 2555 397 2582 volunt.

421 2599 491 2627 XCI.
513 2597 695 2626 NEPIIALIO.

206 2646 248 2674 Tu
270 2646 378 2682 quidem
394 2646 420 2672 in
434 2645 526 2672 tnultis
537 2645 634 2672 litteris
646 2644 763 2678 inopiam
776 2647 850 2670 tuam
873 2641 958 2674 doles,

119 2686 126 2691 ’
170 2700 220 2728 ego
233 2699 321 2720 autem
335 2691 444 2720 divitias
458 2696 485 2719 et
506 2694 692 2726 paupertatem
710 2693 866 2720 contemno,
889 2688 956 2714 mira

172 2741 266 2766 tamen
282 2743 441 2772 paupertate
456 2737 570 2763 alllictus
583 2736 662 2770 (adeo
686 2734 807 2769 indigere
829 2737 855 2760 et
871 2732 958 2759 abun-

169 2787 237 2812 dare
253 2783 387 2811 sententia
404 2783 479 2816 l'acit,
497 2791 549 2810 non
566 2782 676 2816 divitiae)
703 2781 866 2814 fortunaque
893 2779 957 2805 hinc

170 2836 197 2859 et
213 2831 274 2859 inde
288 2834 375 2859 actus.
391 2830 488 2859 Desine
505 2830 588 2866 igitur
600 2827 807 2864 pusillanimitcr
823 2825 893 2861 apud
906 2831 955 2853 nos

1010 2170 1058 2210 xui.
1070 2182 1159 2209 xor.va
1174 2181 1258 2210 ὅντως
1272 2178 1362 2213 θέαμα
1377 2176 1427 2212 τὴν
1441 2176 1518 2210 δίκην
1533 2173 1624 2204 αὐτοῖς
1635 2170 1800 2198 ἐπανελθοῦ-

1011 2237 1062 2255 σαν
1089 2226 1208 2263 ὁρῶντες
1231 2225 1264 2260 ἢν
1295 2221 1440 2259 προλαϐὼν
1466 2222 1480 2247 ὁ
1506 2219 1615 2263 χρόνοςᾲ
1630 2216 1798 2252 ἠμαύρωσε·

1011 2261 1139 2311 περιττὸν
1151 2273 1179 2300 δὲ
1195 2273 1285 2306 λέγειν
1301 2271 1339 2302 ὡς
1354 2267 1383 2296 εὖ
1399 2268 1523 2302 ποιήσεις
1548 2266 1577 2291 ἐν
1591 2261 1631 2295 οἷς
1648 2263 1727 2311 ﬁll-5):
1745 2263 1801 2311 55F-

1011 2330 1057 2348 ται
1072 2320 1119 2346 καὶ
1136 2319 1181 2345 τὸν
1191 2317 1240 2353 τὴν
1253 2314 1396 2349 ἐπιστολὴν
1411 2313 1475 2347 ὑμῖν
1489 2310 1673 2346 κομισάμενον
1683 2316 1690 2323 ·
1708 2305 1730 2342 ᾧ
1745 2307 1802 2342 γὰρ

1013 2367 1069 2402 βίος
1084 2367 1108 2392 οἱ
1126 2364 1211 2398 λόγοι,
1227 2362 1286 2393 πῶς
1301 2360 1332 2388 οὐ
1348 2359 1459 2394 τιμήσει
1474 2357 1537 2387 τοὺς
1545 2356 1599 2382 τῶν
1613 2354 1700 2388 λόγων
1716 2353 1803 2380 πατέ-

1014 2399 1062 2449 ρας
1075 2411 1152 2444 ίδών;
1166 2409 1257 2444 ἡκέτω
1269 2406 1358 2434 τοίνυν
1367 2403 1505 2439 ἀγγέλλων
1519 2402 1590 2437 άπερ
1599 2400 1709 2449 ἀκούειν
1724 2399 1803 2434 εὐχό-

1015 2444 1097 2492 μεθα,
1114 2455 1152 2487 ὡς
1185 2453 1263 2488 νικᾷς
1295 2452 1328 2486 τῇ
1350 2449 1434 2484 πείρᾳ
1451 2450 1500 2482 τὴν
1519 2447 1625 2482 φήμην,
1649 2444 1698 2472 καὶ
1717 2444 1804 2479 μείζω

1013 2503 1090 2534 δίδως
1107 2501 1180 2536 ἥπερ
1196 2499 1221 2525 οἱ
1235 2496 1421 2533 λαμϐάνοντες
1431 2493 1583 2529 βούλονται.

1292 2587 1351 2620 om.
1364 2582 1527 2617 ΝΗΦΑΛΙῼ.

1051 2638 1087 2664 Σὺ
1107 2637 1157 2673 μὲν
1172 2636 1201 2663 ὲν
1214 2633 1312 2669 πλήθει
1329 2630 1503 2668 γραμμάτων
1528 2627 1578 2664 τὴν
1598 2626 1712 2662 ἀπορίαν
1738 2625 1806 2660 θρη-

1015 2686 1082 2717 νείς,
1093 2684 1148 2718 ὲγὼ
1163 2682 1191 2710 δὲ
1203 2681 1238 2708 τὰ
1252 2680 1383 2716 χρήματα
1393 2676 1512 2706 καὶτοὺς
1526 2673 1806 2718 πλουτοῦνταςπερι-

1017 2716 1119 2766 φρονῶ,
1137 2728 1227 2755 καίτοι
1244 2725 1325 2760 πενίᾳ.
1351 2721 1497 2757 Θαυμαστῇ
1516 2719 1695 2754 συνεχόμενος
1708 2716 1807 2766 (οὕτως

1015 2776 1070 2812 ἄρα
1096 2775 1127 2802 τὸ
1153 2772 1283 2800 πένεσθαι
1309 2771 1357 2797 καὶ
1384 2768 1509 2795 πλουτεῖν
1533 2766 1551 2801 ἡ
1566 2764 1663 2800 γνώμη
1678 2763 1760 2793 ποιεῖ,
1775 2761 1805 2788 οὐ

1014 2807 1156 2858 χρήματα)
1171 2817 1245 2855 παρὰ
1271 2816 1320 2851 τῆς
1345 2814 1429 2850 τύχης
1446 2812 1509 2849 τῇδε
1529 2811 1642 2839 κάκεῖσε
1658 2807 1805 2841 πλανῶμε-
