1988 3079
160 119 232 152 2789

873 109 1080 141 EPISTOLzE.

1739 110 1792 141 793

160 187 204 209 νος
217 185 223 192 ·
241 174 386 211 τοιγαροῦν
411 172 515 200 παῦσαι
541 169 718 206 μικροψύχως
734 168 801 203 ἡμῖν
821 166 948 202 ὀδυρόμε·

1005 165 1168 200 lamentari;
1184 166 1305 201 nihilque
1331 173 1459 201 magnum
1472 170 1578 200 reputa,
1595 165 1646 194 nisi
1665 167 1737 201 quod
1757 168 1791 194 ad

161 234 218 258 νος,
231 223 300 259 μηδὲ
327 222 398 257 μέγα
425 219 556 255 νομίζων,
570 218 640 253 πλὴν
657 218 681 243 εί
695 216 733 252 μή
748 225 774 243 τι
789 215 867 251 φέρει
881 213 949 248 πρὸς

161 270 265 306 ἀρετήν
278 277 285 284 ·
299 269 348 295 ὅτι
364 267 417 302 γὰρ
433 266 471 301 μὴ
482 265 614 296 τοιοῦτον,
629 263 768 297 ἀλλότριον
782 261 812 288 τέ
831 261 889 287 ἐστι
901 260 950 286 καὶ

162 316 232 352 πρὒ
250 315 358 350 ἀπάτην
384 312 539 347 ἐφέλκεται.
555 310 637 338 ’Όοεν
667 309 692 335 οἱ
709 309 818 344 φρονεῖν
837 306 949 338 εἰδότες,

161 351 255 397 ὥσπερ
268 360 328 387 τινὰ
342 359 427 394 μέθην
444 356 532 384 ταῦτα
563 356 610 384 καὶ
641 354 776 390 φλυαρίαν
801 351 949 380 ἀποσεισά-

164 416 239 443 μενοι
254 407 304 442 τὴν
318 406 370 441 γῆν
386 402 584 434 καταλιπόντες
592 403 625 437 τῇ
636 402 682 437 γῇ,
694 399 835 435 μεταρσίῳ
846 397 944 443 γνώμῃ

162 442 340 489 περιπολοῦσι
364 451 408 478 τὸν
435 449 570 486 οὐρανόν⁶
599 446 647 479 τὰς
674 445 815 481 αἰσθήσεις
828 444 876 471 καὶ
899 442 950 479 τὴν

162 499 285 536 ὕληνκαὶ
297 499 328 526 τὸ
341 498 390 533 τῆς
406 497 511 531 πλάνης
525 493 624 530 χωρίον
639 493 734 529 ῶσπερ
751 490 814 519 τινὰ
826 489 950 526 χαλεπὴν

161 547 354 584 διανηξάμενοι
366 544 511 572 θάλατταν.

426 602 484 636 1,82
508 599 690 636 ΝΕΣΤΟΡΙῼ.

197 652 258 679 Ἔτι
277 651 371 686 σιγᾷς;
387 649 427 676 ἔτι
438 649 488 683 τῆς
501 648 588 683 τύχης
607 646 672 682 γίνῃ
693 643 845 681 βαρύτερος
857 650 866 676 ;
880 641 948 678 ἡμῖν

161 700 217 734 γὰρ
234 699 272 730 εἰς
288 698 328 724 ἔτι
339 697 387 724 νῦν
406 695 589 729 ἀπεστέρησε,
608 694 640 720 σὺ
663 692 693 719 δὲ
706 692 753 719 καὶ
766 690 873 726 μικρῶν
883 689 950 734 ἡμῖν

161 733 316 780 ἐφθόνησας
344 741 492 772 συλλαϐῶν,
511 740 578 776 μηδὲ
600 739 632 765 τὸ
653 738 742 765 κοινὸν
764 736 796 772 δὴ
809 735 888 763 τοῦτο
914 733 950 761 τὰ

161 779 216 818 τῶν
249 790 333 824 φίλων
354 787 539 823 μιμούμενος⁶
567 784 625 813 ἀλλ’
653 783 710 818 ἐγὼ
736 782 785 818 μέν
798 791 827 808 σε
853 779 949 814 καὶμὴ

161 837 284 872 παρόντα
305 834 391 866 ποθῶ,
419 833 467 860 καὶ
488 831 660 868 μεμνημένος
685 829 884 873 εὐφραίνομαι’
963 844 987 873 Β

159 870 210 910 νῦν
225 880 320 915 καιρὸν
336 878 435 914 εὑρὼν,
450 878 500 904 οὐκ
511 874 570 904 οἶδα
584 875 698 910 τιμῆσαι
711 873 801 909 σιγὴν,
817 872 899 908 ἡνίκα
911 870 950 897 δεῖ

159 937 190 955 σε
202 927 346 963 προσερεῖν
375 924 526 958 ὲπιτὴδειον
543 929 551 937 ο
577 921 610 947 σὺ
625 921 653 947 δὲ
669 920 695 946 εἰ
709 928 735 945 τι
751 918 789 953 μὴ
805 917 854 944 καλ¹
870 915 950 943 τοῦτο

158 972 210 1008 τῆς
225 959 362 1004 ⁷πατρίδος
387 967 561 1003 ἀπήλαυσας,
591 965 622 991 τί.
643 964 736 1000 μένειν
751 962 794 997 ἐφ’
810 959 851 992 οἷς
870 961 901 995 δή
920 968 949 986 σε

159 1006 256 1053 πρώην
268 1015 427 1048 ἐπαίδευσα,
444 1013 561 1048 μάλιστα
580 1011 629 1045 μὲν
656 1008 784 1036 ποθοῦσιν
794 1006 926 1042 ὲφίστασο
939 1013 946 1020 ·

159 1051 223 1090 εί-δὲ
234 1051 288 1097 μὴ,
305 1059 391 1095 μιμοῦ
406 1059 457 1093 τὴν
483 1057 548 1084 θέαν
562 1057 618 1088 τοῖς
633 1055 781 1091 πράγμασι
794 1061 801 1069 ·
824 1052 873 1079 καὶ
889 1051 950 1078 πεί-

160 1116 217 1139 σεις
232 1106 270 1138 ὡς
283 1106 332 1140 τὴν
348 1104 417 1140 ἐμὴν
430 1103 604 1130 διδασκαλίαν
615 1101 645 1128 τὺ
659 1099 806 1136 τῆςχώρας
822 1097 951 1132 οὐδαμῶς

159 1153 269 1187 ἐνίκησε
286 1150 422 1187 βάραθρον
434 1157 441 1164 ·
454 1148 540 1179 οὕτως
556 1147 707 1182 ἐπαίρομαι
726 1147 795 1181 πρὸς
810 1144 896 1178 ἄνδρα
911 1143 950 1169 δι-

159 1197 294 1225 δασκάλου
305 1195 480 1232 φρονήματος
491 1192 683 1228 ἀντεχόμενος.

320 1253 378 1287 tm.
394 1251 519 1286 zntho
540 1250 599 1276 KAI
619 1248 788 1283 ΜΑΚΔΡΙῼ.

195 1310 226 1337 οι
236 1308 300 1344 περὶ
332 1307 378 1334 τδν
398 1305 554 1341 σοφώτατον
572 1303 698 1332 Βαϐύλαν
715 1303 877 1338 ἀφικόμενοι
910 1302 950 1329 δι-

159 1355 299 1392 ηγήσαντό
312 1363 357 1390 μοι
373 1353 522 1389 προθύμως
539 1353 611 1388 ἅπερ
622 1351 733 1379 ἀκούειν
751 1350 800 1385 μὲν
824 1350 950 1385 εὔχομαι,

161 1403 225 1439 πρὶν
233 1401 262 1429 δὲ
277 1401 368 1435 λέγειν
382 1400 481 1431 αὐτοὺς
498 1398 658 1434 ἠπιστάμην
674 1406 682 1414 ·
695 1397 725 1432 ἐξ
746 1394 783 1424 ὥν
812 1396 867 1432 γὰρ
887 1396 951 1432 ἐμοὶ

160 1447 307 1482 φοιτῶντες
321 1445 371 1480 τὴν
381 1444 445 1478 περὶ
457 1443 554 1477 λόγους
568 1442 697 1477 σπουδὴν,
714 1440 875 1476 σωφροσύνῃ
892 1441 951 1476 τρό-

159 1500 219 1519 πων
246 1492 294 1518 καὶ
314 1491 375 1520 ταῖς
403 1489 511 1520 λοιπαῖς
538 1487 650 1523 ἀρεταῖς
671 1486 853 1520 ὲκοσμήσατε,
870 1484 950 1520 δῆλον

159 1535 194 1574 ἦν
205 1535 350 1573 δήπουθεν,
369 1535 407 1566 ὡς
426 1533 475 1561 καὶ
492 1533 560 1568 πρὸς
576 1533 666 1567 νόμων
681 1531 761 1567 χάριν
772 1530 947 1565 ἁπαὶροντες,

162 1582 268 1616 μενεῖτε
279 1578 361 1606 πάλιν
386 1577 480 1604 αὐτοί·
502 1575 551 1603 καὶ
567 1575 636 1611 πρὸς
650 1575 681 1602 τὺ
695 1576 820 1610 κρεῖττον
831 1574 950 1609 ἀναδρα-

162 1627 223 1661 μεῖν
233 1623 357 1660 γένοισθέ
389 1631 441 1649 που
468 1620 700 1656 φιλονεικότερον
716 1620 741 1646 εἰ
755 1620 783 1646 δὲ
798 1618 887 1646 ταῦτά
905 1627 950 1654 μοι

159 1669 365 1706 παρασκευάζει
388 1668 438 1704 τὴν
466 1666 574 1703 ἡδονὴν,
590 1666 617 1692 τί
642 1665 695 1701 χρὴ
711 1665 800 1699 λέγειν
815 1663 878 1699 (σὺν
889 1663 950 1698 Θεῷ

159 1715 337 1752 δἐῐρήσθω),
360 1714 405 1741 ὅτε
424 1713 608 1748 δικαστηρίων
641 1709 872 1747 προϐεϐλημένων
902 1708 950 1736 καὶ

160 1763 278 1798 σώφρονι
291 1760 399 1796 γλώττῃ
420 1760 454 1794 τῇ
481 1757 598 1793 εὐνομία
622 1756 795 1792 προχέοντες,
810 1755 873 1787 τοὺς
900 1754 950 1790 μὲν

159 1808 297 1845 παρόντας
311 1805 453 1842 χειροῦσθε
462 1806 495 1840 τῇ
510 1804 602 1840 πείρᾳ,
619 1803 682 1835 τοὺς
696 1802 726 1829 δὲ
739 1802 849 1837 μακρὰν
864 1801 949 1828 ἀπόν-

159 1862 210 1886 τας
231 1854 265 1889 τῇ
285 1853 387 1888 φήμῃς
411 1850 514 1878 τούτων
532 1849 586 1884 γὰρ
619 1847 838 1884 θρυλλουμένων,
851 1846 950 1882 μικρὸν

161 1898 212 1934 μὲν
219 1897 397 1933 Πολυκράτης
412 1897 452 1927 εἰς
464 1893 593 1930 εὐτυχίαν
603 1893 679 1929 ἐμοί’
690 1893 766 1920 οὐδὲν
776 1891 804 1919 δέ
819 1900 866 1927 μοι
878 1891 949 1923 δόξει

161 1944 231 1980 μετὰ
243 1943 298 1971 τῶν
312 1942 417 1970 πολλῶν
431 1941 572 1968 ταλάντων
584 1941 598 1967 ὁ
615 1940 739 1974 Κροῖσος.

361 2047 416 2079 ex.
435 2044 586 2079 ΖΛΧΑΡΙᾼ
602 2042 745 2078 “meo.

194 2094 264 2124 Τοὺς
277 2092 393 2126 ἄγοντας
416 2091 465 2124 τὴν
495 2088 649 2123 επιστολὴν,
665 2088 765 2119 οἵτινες
790 2087 840 2123 μέν
868 2088 948 2120 εἰσιν,

160 2139 251 2175 ἀγνοῶ
264 2147 271 2154 ·
290 2139 333 2165 ὅτι
347 2137 377 2164 δέ
393 2145 423 2163 σε
450 2135 646 2171 θαυμάζουσιν,
672 2133 790 2166 οἰκείους
810 2133 880 2168 ἄγαν
892 2133 949 2169 ὁρί-

1005 211 1133 239 virtutem
1159 211 1244 239 ducit.
1275 213 1352 246 Quod
1381 212 1454 239 enim
1480 219 1532 239 non
1559 212 1714 246 hnjusmodi
1740 218 1793 245 est,

1003 263 1165 286 extraneum
1179 263 1222 285 est
1237 263 1265 284 et
1284 258 1317 284 ad
1336 265 1458 285 errorem
1478 257 1570 284 trahit.
1587 257 1672 288 Unde.
1689 257 1734 292 qui
1751 265 1795 284 sa-

1004 304 1092 338 piunt,
1109 310 1153 336 ea,
1167 308 1294 338 tanquam
1316 303 1478 330 ebrietatem
1494 303 1641 338 quamdam
1655 307 1681 330 et
1694 311 1793 337 nugas,

1004 348 1167 380 excutiunt,
1187 353 1286 374 terram
1309 351 1391 375 terra:
1416 347 1612 382 relinquentes,
1635 351 1662 374 ct.
1685 347 1794 374 sublimi

1003 394 1208 429 tuente‘coelum
1224 400 1328 429 petunt,
1345 402 1441 421 sensus
1453 399 1480 422 et
1492 393 1633 421 materiam
1648 397 1674 421 et
1690 394 1794 421 erroris

1007 440 1096 468 locum
1110 445 1139 468 ut
1154 440 1291 475 quoddam
1308 447 1409 467 saevum
1422 445 1497 466 mare
1511 442 1725 466 transnatantes.

1252 583 1333 612 XCII.
1356 582 1541 611 NESTORIO.

1038 632 1134 661 Adhuc
1149 631 1235 660 siles?
1251 632 1347 659 Adhuc
1362 631 1474 658 fortuna
1495 631 1526 658 tis
1540 630 1668 664 gravior?
1683 629 1731 657 Illo
1744 637 1794 658 nos

1003 686 1089 714 usque
1111 678 1201 706 adhuc
1227 682 1253 706 te
1273 678 1402 713 privavit,
1418 681 1446 705 tu
1462 685 1527 705 vero
1545 681 1574 704 et
1594 683 1693 711 paucas
1715 676 1793 703 nobis

1005 725 1111 753 invides
1131 724 1261 761 syllabas,
1283 732 1318 752 ne
1338 724 1403 752 illud
1418 723 1526 758 quidem
1545 722 1696 750 amicorum
1717 729 1793 749 com-

1006 778 1088 799 mune
1102 771 1243 798 invitatus.
1257 769 1310 797 Sed
1326 777 1377 805 ego
1392 774 1419 797 te
1439 774 1466 797 et
1479 776 1532 796 non
1548 771 1709 803 prmsentem
1721 767 1794 795 desi-

1004 818 1068 845 dero
1084 822 1111 844 et.
1133 817 1281 845 recordans
1302 816 1389 848 laetor,
1404 823 1475 843 nunc
1488 822 1549 842 cum
1564 813 1736 841 occasionem
1750 820 1794 840 re-

1002 864 1088 898 perio,
1101 863 1237 890 silentium
1258 869 1367 890 servare
1389 861 1492 894 nescio,
1514 860 1624 895 quando
1647 863 1672 886 te
1691 858 1793 893 alloqui

1002 912 1174 938 commodum
1197 916 1249 938 est.
1274 909 1314 937 Tu
1337 917 1401 937 vero
1421 908 1473 936 nisi
1499 913 1527 936 et
1549 906 1642 942 procul
1667 914 1681 933 a
1706 906 1793 941 patria

1003 958 1068 984 illud
1088 957 1216 992 rejeeeris
1232 964 1330 991 nempe
1350 955 1582 990 perseverantiam
1598 954 1624 980 in
1645 952 1679 980 iis
1693 960 1752 987 qua:
1768 957 1794 980 te

1002 1003 1066 1030 olim
1083 1003 1224 1033 docebam.
1237 1002 1351 1029 multum
1374 1006 1400 1028 te
1425 999 1643 1028 desiderantibus
1654 999 1729 1031 redi;
1749 999 1792 1025 sin

1003 1055 1109 1081 contra,
1126 1052 1153 1075 at
1175 1046 1271 1075 saltem
1286 1047 1324 1073 tui
1337 1051 1477 1081 aspectum
1494 1045 1602 1072 imitare
1624 1044 1732 1071 aclibus
1744 1052 1752 1077 ;
1765 1048 1793 1070 et

1002 1093 1183 1129 persuadebis
1196 1100 1284 1120 meam
1298 1092 1448 1120 doctrinam
1461 1090 1582 1125 regionis
1593 1090 1726 1119 barathro
1739 1096 1791 1116 non

1002 1147 1064 1173 esse
1084 1139 1185 1166 victam
1204 1148 1211 1166 :
1229 1139 1297 1166 adeo
1309 1138 1335 1165 in
1348 1137 1449 1171 virum,
1466 1136 1588 1172 magistri
1603 1135 1694 1164 studio
1705 1135 1794 1170 reple-

1003 1189 1059 1218 tus,
1074 1185 1199 1213 invehor.

1155 1242 1247 1270 XCIII.
1260 1240 1388 1269 ZOSIIIO
1408 1239 1453 1268 ET
1476 1238 1641 1268 MACARIO.

1039 1299 1264 1334 Sapientissimus
1278 1297 1392 1333 Babylas
1402 1304 1464 1324 cum
1478 1296 1531 1324 huc
1543 1294 1708 1327 advenisset,
1723 1301 1794 1321 nun-

1004 1345 1081 1372 tiavit
1098 1345 1162 1372 mihi
1175 1352 1236 1380 qua:
1251 1344 1359 1379 quidem
1384 1342 1576 1370 ardentissime
1591 1341 1686 1368 audire
1702 1341 1791 1375 cupio,

1002 1399 1063 1427 quae
1081 1396 1170 1418 autem
1193 1398 1320 1418 noveram
1333 1394 1479 1424 antequam
1492 1387 1647 1416 diceret.Ex
1669 1395 1699 1415 ea
1719 1388 1791 1414 enim

1003 1445 1108 1465 morum
1131 1436 1264 1470 sapientia
1286 1441 1311 1463 et
1334 1436 1440 1463 czrteris
1458 1435 1603 1462 virtutibus
1629 1433 1727 1469 quibus
1752 1433 1793 1460 di-

1003 1483 1081 1511 cendi
1099 1483 1217 1510 studium
1233 1481 1398 1514 adornastis,
1420 1480 1527 1515 quando
1561 1481 1594 1506 ad
1609 1487 1651 1507 me
1675 1479 1794 1507 ventita-

1002 1529 1081 1561 balis,
1097 1529 1178 1563 plane
1197 1528 1372 1555 manifestum
1398 1532 1459 1555 erat
1479 1535 1537 1561 vos,
1559 1534 1620 1553 cum
1643 1532 1676 1553 ad
1700 1526 1788 1561 legum

1002 1581 1123 1602 amorem
1153 1574 1317 1606 transiretis,
1338 1573 1447 1601 eosdem
1463 1580 1573 1608 semper
1599 1580 1742 1600 mansuros
1765 1577 1792 1600 et

1001 1619 1037 1647 ad
1060 1620 1174 1647 meliora
1195 1619 1357 1654 properandi
1375 1626 1483 1654 semper
1506 1618 1659 1653 cupidiores
1675 1618 1790 1645 futuros.

1002 1665 1030 1693 Si
1046 1671 1135 1692 autem
1158 1665 1215 1692 haec
1240 1665 1305 1692 mihi
1324 1665 1452 1700 gaudium
1468 1664 1597 1697 all‘erunt,
1613 1665 1678 1699 quid
1700 1664 1792 1692 dicen-

1002 1712 1065 1739 dum
1081 1715 1122 1738 est
1134 1709 1206 1745 (cum
1221 1709 1275 1738 Deo
1288 1714 1377 1738 autem
1393 1709 1523 1745 dicatur),
1544 1711 1652 1744 quando
1667 1709 1792 1737 tribuna-

1002 1757 1072 1785 libus
1087 1757 1248 1792 designatis,
1263 1756 1418 1791 aequitatem
1433 1756 1548 1789 sapienti
1566 1755 1656 1790 lingua
1677 1761 1792 1790 protun-

1001 1804 1107 1835 dentes,
1119 1806 1267 1837 praesentes
1280 1800 1389 1836 quidem
1406 1805 1467 1828 actu
1483 1800 1624 1835 subigetis,
1643 1800 1714 1828 fama
1726 1808 1791 1827 vero

1001 1849 1130 1876 absentes
1169 1852 1196 1875 et
1226 1848 1351 1882 regiones
1374 1846 1536 1881 longinquas
1558 1846 1728 1874 incolentes?
1742 1846 1790 1874 His

1001 1892 1073 1920 enim
1104 1893 1223 1927 undique
1253 1891 1279 1918 in
1301 1891 1396 1926 vulgus
1416 1891 1529 1925 sparsis,
1554 1898 1649 1925 parum
1678 1891 1788 1926 quidem

1001 1937 1065 1965 mihi
1082 1938 1115 1964 ad
1129 1944 1271 1972 prosperas
1291 1944 1333 1964 res
1344 1935 1517 1971 Polycrates;
1535 1935 1603 1964 nihil
1631 1928 1721 1963 autem
1742 1937 1785 1964 vi-

1001 1983 1110 2011 debitur
1120 1990 1181 2010 cum
1200 1987 1238 2009 tot
1251 1982 1350 2009 alentis
1362 1982 1486 2009 Crmsus.

1156 2033 1256 2066 ἶριν.
1280 2037 1466 2066 ΖᾹΟΗΑΠΙΕ
1488 2038 1626 2067 FRATRI.

1036 2086 1087 2120 Qui
1102 2086 1173 2114 hanc
1186 2085 1327 2120 epistolam
1342 2084 1445 2118 ferunt,
1461 2085 1572 2120 quinam
1594 2084 1650 2112 sint.
1670 2084 1786 2118 nescio;

1000 2133 1063 2168 quia
1079 2139 1145 2160 vero
1157 2136 1183 2159 te
1199 2131 1344 2170 mirantur,
1358 2135 1489 2165 cognatos
1510 2130 1589 2157 valde
1609 2130 1720 2164 deﬁnio.
1736 2131 1787 2164 Qui

160 2187 242 2221 ζομαι
254 2193 262 2202 ο
278 2181 353 2212 οὗτοι
368 2183 422 2218 γὰρ
433 2181 535 2213 ἰδόντες
557 2181 617 2216 ἐμὲ,
633 2180 680 2207 καὶ
694 2179 843 2214 συγγενοῦς
859 2188 946 2215 χαρα-

1003 2178 1107 2213 quidem
1123 2177 1167 2205 ubi
1182 2184 1224 2204 me
1235 2176 1369 2209 viderunt,
1385 2179 1412 2203 et
1427 2176 1454 2203 in
1471 2176 1633 2210 congeneris
1646 2176 1788 2204 characte—

160 2233 260 2267 κτῆρος
288 2229 411 2260 ἐλθόντες
437 2229 477 2259 εἰς
503 2227 618 2257 ἔννοιαν,
643 2225 717 2252 τοῦθ’
732 2226 800 2260 ὅπερ
819 2223 853 2260 ἦν
863 2225 947 2260 ἐμαν-

159 2277 269 2305 τεύοντο
280 2284 286 2291 ·
303 2274 350 2302 καί
379 2283 406 2301 τι
429 2272 498 2308 πρὸς
512 2273 625 2303 ἑαυτοὺς
648 2271 770 2302 εἰπόντες
786 2271 833 2297 καὶ
849 2270 946 2306 κριτὰς

159 2324 290 2360 ἀλλήλους
313 2321 495 2357 πεποιημένοι
522 2319 567 2346 τοῦ
599 2319 762 2353 πράγματος
779 2317 817 2348 ὡς
832 2316 946 2351 ἀδελφὸς

158 2371 206 2398 τοῦ
219 2369 347 2405 φιλτάτου
364 2366 522 2400 καθέστηκα
535 2373 542 2380 ·
562 2364 657 2399 ἐπειδὴ
671 2363 738 2399 πρὸς
756 2363 820 2398 μίαν
833 2362 946 2397 γνώμην

159 2416 298 2452 ὲφὲροντο,
328 2411 550 2449 προσδραμόντες
578 2409 646 2445 όμοῦ
673 2409 821 2444 προσεῖπόν
842 2417 872 2435 τε
886 2408 946 2443 ἃμα

159 2464 207 2491 καὶ
218 2461 360 2496 εὐμενέσιν
386 2457 538 2493 ὀφθαλμοῖς
565 2455 750 2483 ὑπεϐλέποντο
761 2462 767 2469 ·
793 2453 839 2481 καί
856 2461 886 2480 σε
900 2453 946 2480 διὰ

159 2508 260 2540 παντὸς
273 2506 435 2542 ἐποιήσαντο
462 2502 611 2538 θαύματος,
635 2500 766 2536 δικαστὴν
780 2499 860 2535 ὀρθὸν
873 2499 919 2526 καὶ
932 2499 945 2526 ὖ

158 2564 184 2582 τι
198 2553 295 2589 σεμνὸν
306 2549 554 2587 ὀνομάζοντες,τῆς
567 2548 616 2583 μὲν
628 2547 707 2580 ἀξίας
722 2547 785 2577 ἴσως
797 2546 926 2572 ἐλάττονα
936 2552 944 2561 ⁸

158 2588 236 2636 δῆλοι
246 2600 266 2626 δ’
279 2598 325 2626 οὖν
343 2595 414 2633 ἦσαν
429 2595 514 2622 πλείω
533 2593 622 2628 λέγειν
643 2592 792 2625 ἐθέλοντες,
805 2588 842 2618 ὧν
855 2592 946 2625 ἀπαγ-

159 2647 263 2680 γέλλειν
276 2644 418 2679 ὴδύναντο,
430 2642 480 2678 τὴν
495 2640 560 2676 περὶ
576 2640 607 2666 σε
629 2640 743 2674 γνώμην
757 2638 808 2673 τῆς
821 2636 946 2673 γλώττης

159 2692 355 2727 ἀποφαίνοντες
382 2689 542 2725 κρείττονα·
561 2686 617 2721 ἐγὼ
648 2686 678 2712 δὲ
698 2685 806 2717 πολλοῖς
823 2684 945 2716 ἐπαίνοις

159 2740 190 2773 ἐξ
203 2738 292 2766 αὐτῶν
305 2735 521 2771 στεφανούμενος
532 2742 539 2749 ·
557 2733 652 2760 ἔπειτα
669 2731 724 2767 γὰρ
743 2730 777 2757 τά
791 2730 852 2757 καθ’
868 2730 882 2756 ὑ
887 2729 944 2765 μῶν

160 2784 310 2820 ἑποιούμην
324 2781 450 2818 ἐγκώμια
460 2790 466 2797 ·
481 2780 528 2808 καὶ
543 2779 640 2814 μισθὸν
651 2777 771 2806 αἰτοῦσιν
784 2776 885 2804 ἐδίδουν
895 2775 945 2811 τὴν

160 2831 301 2870 παροῦσαν
309 2827 464 2864 ἐπιστολήν.

1000 2225 1038 2252 ris
1051 2223 1232 2258 suspicionem
1245 2226 1388 2254 venerunt,
1404 2222 1429 2249 id
1441 2221 1616 2256 coniecerunt
1631 2223 1703 2256 quod
1711 2227 1786 2255 erat;

1000 2275 1024 2298 et
1040 2269 1162 2298 nonnihil
1174 2269 1245 2296 inter
1267 2269 1308 2303 se}
1316 2267 1398 2295 locuti
1414 2275 1498 2303 seque
1512 2272 1606 2296 mutuo
1622 2268 1727 2302 judices
1747 2268 1786 2295 rei

999 2315 1129 2342 facientes
1148 2321 1191 2341 me
1203 2320 1299 2348 nempe
1314 2312 1484 2340 dilectissimi
1494 2320 1554 2340 esse
1568 2312 1691 2340 fratrem.
1707 2312 1787 2340 Post-

999 2367 1079 2394 quam
1095 2361 1122 2387 in
1137 2366 1224 2386 meam
1236 2357 1401 2385 sententiam
1420 2358 1553 2385 devenere
1567 2364 1619 2384 una
1637 2364 1784 2385 accurren-

1001 2410 1052 2439 tes,
1069 2412 1112 2432 me
1125 2403 1206 2432 simul
1217 2403 1401 2438 alloquuntur,
1418 2407 1445 2430 et
1464 2402 1602 2430 benevolis
1617 2401 1703 2430 oculis
1717 2403 1787 2437 aspi-

999 2451 1086 2480 ciunt.
1112 2450 1149 2478 Ut.
1160 2454 1186 2477 te
1214 2449 1369 2477 omnimoda
1393 2447 1573 2476 admiratione
1598 2447 1784 2481 cumulavere,

996 2498 1117 2533 judicem
1129 2501 1230 2523 ret-tum
1247 2500 1275 2522 et
1286 2503 1366 2529 quam
1384 2494 1604 2529 augustissimum
1620 2493 1787 2528 appellantes

999 2549 1026 2572 et
1043 2543 1141 2570 merito
1157 2541 1314 2569 inferiorem
1335 2541 1422 2567 locum
1446 2539 1641 2574 possidentem.
1673 2538 1786 2566 Patebat

999 2594 1089 2616 autem
1105 2595 1152 2615 eos
1164 2587 1241 2622 plura
1258 2586 1325 2613 velle
1339 2586 1429 2617 dicere
1443 2593 1523 2620 quam
1536 2578 1700 2611 annuntiare
1708 2589 1785 2619 pote-

999 2639 1072 2667 rant,
1094 2641 1170 2661 suam
1183 2633 1216 2660 de
1235 2637 1260 2659 te
1277 2631 1441 2658 sententiam
1457 2630 1545 2665 lingua
1564 2628 1695 2663 majorem
1711 2629 1784 2656 indi-

999 2685 1103 2708 cantes.
1122 2679 1179 2714 Ego
1194 2685 1258 2705 vero
1271 2676 1410 2704 abiisdem
1426 2676 1519 2703 multis
1531 2675 1655 2702 laudibus
1670 2679 1784 2702 ornatus

999 2734 1069 2753 sutn.
1085 2725 1187 2752 Deinde
1209 2723 1281 2751 cnim
1294 2726 1414 2750 vestrum
1432 2721 1584 2749 encomiutn
1613 2720 1740 2755 agebant,
1756 2723 1785 2747 et.

999 2771 1151 2800 mercedem
1187 2770 1343 2806 petentibus
1371 2769 1467 2796 dabam
1496 2771 1657 2804 praesentem
1684 2766 1785 2801 episto-

999 2818 1062 2845 lam.
