1988 3079
179 99 248 133 2791

463 154 544 184 XCV.
562 153 690 184 ORIONI.

221 201 279 231 Non
294 207 432 238 putassem
447 209 462 229 a
475 203 552 230 vobis
568 209 611 229 me
627 202 706 229 talem
722 201 876 229 subiturum
892 201 976 229 fuisse

187 250 399 282 accusationem,
415 256 503 284 neque
526 248 624 276 silentii
649 255 701 274 non
728 247 896 275 innocentem
917 254 977 274 esse

189 302 242 321 tmn
261 293 412 321 dicentibus
427 301 480 328 quo
494 300 559 320 sane
573 292 656 320 maris
671 297 697 320 et
713 296 791 319 terra:
805 292 976 319 devenerittt.

188 340 253 372 Sed,
265 344 295 367 ut
307 340 423 372 videtur,
441 339 548 367 uoluisti
562 346 604 366 me
618 346 748 366 accusare
764 346 844 373 quam
859 338 978 365 rationes

189 387 254 413 ntihi
271 387 401 421 prmbere.
424 385 489 413 lllttd
504 385 576 412 cnim
593 390 618 412 te
632 386 710 420 prius
729 385 848 412 indicare
868 388 978 419 oporte-

190 433 258 460 bat:
279 433 349 467 quod
373 431 486 459 multum
512 431 597 458 maris
621 431 759 458 dimensus
785 438 879 464 esses;
908 430 979 465 quod

191 477 292 504 insulas
309 477 460 512 navigando
474 476 631 512 prmteriens
648 475 849 511 Hellespontum
865 476 980 504 vidisses

189 522 355 550 continentis
388 522 531 556 utriusque
564 521 703 549 miraculis
737 526 917 555 exornatum;
952 525 980 549 et

191 569 328 595 transiens
346 568 537 602 Propontidem
566 568 598 594 ad
625 568 711 602 ipsum
740 567 906 602 Bosphorum
934 568 982 594 de-

191 613 332 646 venisses;
350 613 421 648 quod
439 613 538 640 ibidem
556 613 650 640 urbem
669 613 822 640 mirandum
840 618 981 648 spectacu-

192 658 247 685 lum
266 658 327 686 navi
344 658 440 686 delatis
456 659 613 686 offerentem
639 658 769 691 vidisses;
788 667 847 694 qtne
862 660 938 694 quasi
955 660 980 686 itt

194 710 274 732 terrae
287 705 357 732 collo
367 704 461 738 iacens
473 704 565 732 Asiam
580 704 694 739 Europa:
710 706 856 740 projectam
873 706 982 741 prospic

194 750 247 783 ('il,
277 755 303 777 et
331 750 445 777 Pontum
472 751 569 778 (iniens
597 752 700 786 reliqtto
728 752 794 778 mari
823 751 984 779 transmittit

196 795 339 823 mirabilia.
357 795 389 823 Et
402 797 452 823 alia
470 805 636 831 quarumque
656 798 760 832 garrire
774 798 860 824 solent
873 798 918 831 qui
939 797 981 824 illa

196 841 370 876 contemplati
394 846 456 869 sunt
475 849 554 870 aures
578 847 685 871 nostras
703 844 850 877 pulsantes.
871 843 910 870 Te
930 843 982 871 alia

196 887 343 919 SCI'IiIellIe,
361 887 383 914 si
409 888 599 921 tacuissemns,
616 893 680 916 tunc
708 890 804 916 merito
829 889 984 923 subiacere-

198 941 259 960 tnus
275 934 488 968 reprehensioni.
502 933 580 961 Nune
596 939 684 961 autem
702 935 785 962 silens
806 940 834 962 et
855 935 985 970 navigan-

198 979 264 1006 tium
279 979 364 1014 legem
383 980 544 1013 despiciens,
558 987 591 1007 ex
609 988 667 1008 mea
684 985 741 1007 arte
753 981 869 1015 juridice
888 981 986 1016 incipis

198 1025 318 1060 linguam
335 1033 454 1053 movere.
478 1025 573 1053 Scribe
592 1031 680 1053 tamen
704 1026 885 1060 solummodo,
899 1032 925 1054 et
940 1034 987 1055 ac-

197 1071 346 1099 cusalionis
359 1071 484 1106 querelas
499 1071 662 1100 subibinttts.

476 1159 570 1188 XCVI.
590 1159 720 1188 JOANNI.

236 1205 352 1241 Sapiens
375 1210 450 1234 certe
477 1210 537 1233 erat
561 1206 605 1240 qui
632 1206 683 1233 hoc
708 1206 777 1234 dixit
794 1215 801 1234 :
819 1205 987 1242 Sapientem,

200 1252 307 1280 etiamsi
337 1251 430 1286 prorul
459 1259 473 1277 a
505 1257 577 1279 terra
603 1251 716 1284 habitet,
736 1252 842 1279 etiamsi
871 1253 987 1280 nondum

201 1305 263 1324 eum
280 1296 366 1324 oculis
383 1297 507 1330 viderim,
533 1298 649 1324 amicum
670 1298 774 1331 judico.
791 1297 865 1325 Talis
881 1298 989 1332 quidem

202 1351 247 1370 me
268 1343 368 1370 invasit
391 1351 497 1375 sensus,
515 1347 587 1370 tuam
613 1344 720 1378 quidem
744 1344 839 1371 faciem
863 1345 990 1379 ignorau-

205 1394 279 1420 tt-m,
306 1396 399 1416 amore
425 1394 514 1416 tamen
541 1396 601 1416 eam
625 1389 694 1416 miro
722 1391 801 1417 modo
826 1391 990 1425 amplexum.

205 1434 259 1462 Sed
276 1434 355 1461 fama:
373 1435 476 1469 gratias
494 1442 555 1468 ego,
574 1443 623 1471 per
640 1443 720 1470 quatn
737 1441 763 1463 et
780 1436 909 1464 distantia
927 1443 993 1463 con-

202 1481 363 1517 junguntur,
376 1486 400 1508 et
417 1488 477 1516 qua:
490 1481 569 1515 longe
587 1486 650 1508 sunt
666 1482 808 1516 praesentia
827 1489 886 1509 esse
901 1482 992 1509 viden-

207 1531 263 1552 tur.
285 1524 338 1552 Per
358 1525 428 1552 hanc
448 1525 520 1552 enim
543 1532 590 1552 vos
610 1525 759 1559 sa'pissime
781 1524 899 1555 intuens,
913 1528 938 1551 ct
957 1524 993 1551 tui

206 1570 241 1597 ad
263 1570 363 1603 optima
389 1570 460 1597 beati
480 1569 585 1596 ardoris
603 1570 660 1596 sola
678 1570 842 1604 cogitatione
865 1568 994 1601 suffusus,

207 1615 311 1650 tibique
338 1615 500 1650 incorporeo
524 1622 617 1641 amore
643 1615 814 1653 conjunctus,
839 1622 891 1641 non
920 1614 997 1641 valde

208 1668 340 1696 corporea
378 1661 472 1688 notitia
504 1661 623 1695 indigeo.
651 1660 715 1689 Sed.
739 1665 811 1688 tttam
854 1660 996 1696 epistolam

209 1713 242 1733 ex
262 1706 408 1733 Alexandri
427 1707 493 1734 urbe
511 1707 620 1734 missatn
640 1707 775 1740 accipiens
797 1706 910 1741 teipsum
933 1713 997 1740 pos-

210 1751 300 1778 sidere
321 1751 385 1778 milti
406 1752 528 1779 videbar.
553 1752 692 1778 Sermonis
710 1752 781 1778 enim
800 1752 836 1778 ttti
856 1759 956 1784 mores,
971 1756 999 1778 et

212 1802 300 1824 metus
317 1797 362 1824 ille
382 1805 415 1825 ue
431 1806 484 1825 non
500 1797 584 1825 facias
602 1805 644 1824 res
662 1798 786 1825 cmlestes
808 1803 859 1824 tute
876 1805 938 1832 erga
956 1805 998 1825 me

212 1843 338 1870 amicitia
367 1843 568 1875 testimonium,
599 1842 794 1877 praecedentem
823 1850 876 1870 tton
903 1843 1000 1870 minuit

211 1889 321 1920 fatuam,
338 1889 384 1916 sed
400 1893 425 1915 te
442 1889 551 1916 exhibet
568 1888 673 1923 qualem
695 1892 720 1914 te
742 1888 834 1915 videre
864 1887 947 1916 volui.
967 1888 1000 1916 Et

213 1936 271 1962 haec
287 1936 356 1970 agis,
373 1935 518 1962 tribunalia
535 1935 709 1968 Ireqttentans
725 1942 759 1961 ex
772 1939 823 1961 tua:
837 1935 904 1961 urtis
920 1935 999 1970 lege;

213 1986 240 2009 et
254 1982 280 2009 in
298 1986 371 2008 tanta
395 1989 484 2009 rerum
506 1981 639 2009 ebrietate
662 1982 769 2009 sobrius
787 1989 847 2008 esse
865 1985 950 2016 potes.
970 1981 1002 2008 Et

213 2028 251 2054 ita
265 2028 298 2055 ad
315 2028 395 2055 finem
410 2027 501 2055 omnia
514 2027 677 2062 pertingant,
693 2033 722 2054 nt
735 2027 855 2054 futurum
873 2027 1000 2061 sperasti.

215 2073 240 2100 Is
259 2074 331 2100 enim
351 2074 520 2107 sapientibus
540 2074 611 2106 finis,
630 2074 663 2101 ad
684 2073 820 2108 propriant
842 2074 1001 2108 dignitatem

821 95 998 127 PROCOPII
1013 95 1137 126 GAZ/EI

1746 95 1819 126 2792

1302 151 1360 187 .
1395 153 1522 181 ortam.

1027 245 1146 281 ,
1706 247 1822 286 -

1030 291 1130 326 ,

1422 337 1543 372 ,

1471 384 1543 419 .

1775 432 1824 465 -

1630 474 1710 508 ,

1262 568 1446 603 ,

1756 623 1825 649 -

1765 669 1827 687 -

1183 708 1246 742 ,
1757 716 1828 742 -

1520 752 1665 787 ,

1255 846 1398 879 ,
1580 846 1753 881 ,

1550 893 1619 919 .
1761 893 1829 928 -

1153 940 1332 974 ,
1461 938 1574 969 clx/itm;

1137 1030 1282 1066 ,
1754 1029 1832 1056 -

1739 1075 1832 1110 ,

1413 1121 1582 1154 .
1822 1125 1824 1127 '

1319 1166 1390 1201 .
1411 1166 1556 1201 marum.

1577 1212 1774 1246 .

1175 1260 1266 1294 ,
1543 1258 1649 1293 ,

1145 1305 1236 1337 ,
1702 1304 1799 1336 ,

1044 1352 1142 1387 ,
1774 1350 1836 1385 .

1783 1397 1838 1432 -

1545 1442 1722 1473 ,

1738 1488 1838 1515 -

1110 1533 1183 1564 ,

1350 1578 1521 1612 ,
1776 1587 1838 1604 -

1216 1622 1308 1657 ,
1754 1633 1839 1659 -

1780 1671 1840 1697 -

1667 1716 1769 1750 ,

1759 1760 1840 1798 ,

1319 1854 1481 1888 ,

1164 1899 1270 1933 ,
1758 1910 1839 1935 -

1800 2047 1845 2064 -

1755 2083 1845 2114 ,

214 2119 328 2147 reditus.
343 2119 455 2147 Difcile
471 2121 541 2147 enim
557 2125 599 2146 est
615 2127 663 2147 nos
678 2125 779 2147 ebeam
798 2127 857 2154 qua:
879 2120 905 2146 in
924 2119 992 2147 IlOIJi:

215 2169 257 2192 est
272 2165 471 2194 multitudinem
490 2166 640 2198 dimittere,
655 2171 682 2193 et
704 2173 738 2193 eo
759 2166 848 2193 redire
868 2165 939 2193 unde
959 2164 992 2193 ef-

1324 2171 1455 2206 ,

215 2210 353 2239 uximus.

454 2255 558 2283 XCVII.
580 2255 757 2284 SOSSIANO.

254 2302 302 2329 Vir
326 2302 435 2336 quidam
464 2302 602 2337 piissimus
626 2310 675 2333 nos
700 2302 766 2330 adiit
789 2303 873 2330 multa
896 2304 929 2331 ab
954 2305 1005 2331 im-

216 2348 301 2381 probo
325 2348 408 2374 fratre
433 2355 587 2382 perpessus.
603 2348 764 2374 sententiam
787 2353 876 2375 autem
901 2357 1003 2383 mquam

218 2394 328 2425 ducens,
347 2394 370 2420 si
397 2394 440 2419 vix
464 2401 494 2420 ea
519 2393 641 2420 obtinere
663 2395 747 2429 possit
768 2395 864 2429 quibus
886 2396 1007 2429 privatus

219 2439 278 2466 fuit.
296 2439 372 2466 Unde
395 2447 443 2473 per
461 2447 503 2466 me
520 2440 552 2466 ad
569 2445 685 2466 vestram
704 2439 824 2474 confugit
843 2442 1003 2475 potentiam,

219 2492 278 2519 qum
293 2485 362 2519 apud
375 2484 493 2519 judicent
510 2485 608 2518 valeat,
626 2490 652 2512 et
668 2485 705 2512 illi
727 2486 753 2512 in
774 2487 857 2512 mttlta
874 2487 1006 2521 pollentes

220 2530 246 2555 in
264 2529 392 2555 auxilium
410 2530 555 2556 conciliare
577 2530 673 2564 possit,
690 2534 715 2556 et
737 2530 873 2564 impensas
897 2539 956 2565 quae
974 2539 1007 2559 eo

218 2575 319 2608 judicio
343 2575 478 2608 oriuntur,
501 2576 659 2610 prazcidere.
685 2575 733 2602 Vix
755 2576 826 2602 enim
847 2585 880 2604 ex
904 2585 1008 2605 mercc-

221 2621 299 2648 dibtts
316 2621 366 2648 sibi
384 2621 416 2648 ad
434 2623 570 2656 proprimn
589 2623 677 2650 cibum
699 2623 807 2650 sufcit.
825 2623 878 2650 Sed
901 2627 927 2650 et
948 2624 1008 2650 sine

223 2673 297 2692 utora
312 2666 349 2693 illi
365 2667 524 2694 sententiam
543 2667 617 2694 reddi
634 2673 737 2700 curate;
764 2676 845 2695 unum
861 2668 933 2695 enim
948 2673 1008 2695 orat

224 2711 410 2739 adversarium
430 2711 606 2748 jurejurando
625 2713 773 2740 dissolvere
791 2715 823 2740 de
842 2713 925 2740 illatis
940 2721 1007 2748 que-

224 2756 304 2783 relas.
326 2755 393 2784 Iluie
412 2757 504 2785 multae
521 2764 621 2785 nostrae
641 2759 814 2786 sollicitudini
836 2763 864 2785 et
879 2758 1008 2786 amantis-

223 2801 319 2829 simam
339 2802 456 2838 linguam
471 2807 498 2830 et
515 2810 564 2838 pro
580 2802 641 2837 jure
656 2804 740 2832 libero
761 2804 861 2839 impetu
881 2805 1006 2832 liuentem

1255 2217 1478 2253 .

1327 2266 1383 2298 az:
1400 2265 1574 2301 .

1098 2307 1127 2334 '0

1644 2357 1747 2389 ,

1809 2495 1851 2522 -

1058 2537 1157 2571 ,

1157 2585 1319 2618 ,
1770 2595 1851 2621 -

1795 2677 1851 2711 -

1704 2722 1784 2753 ,

1303 2765 1440 2799 ,
