  <div class='ocr_page' id='page_1' title='image "/cluster/home/n/w/nwhite01/storage/ocr_20150623/87, pt.2/njp.32101010943809/664.png"; bbox 0 0 1988 3079; ppageno 0'>
   <div class='ocr_carea' id='block_1_1' title="bbox 145 111 235 145">
    <p class='ocr_par' dir='ltr' id='par_1_1' title="bbox 145 111 235 145">
     <span class='ocr_line' id='line_1_1' title="bbox 145 111 235 145; baseline 0 -1"><span class='ocrx_word' id='word_1_1' title='bbox 145 111 215 145; x_wconf 74' lang='lat'><strong>2792</strong></span> <span class='ocrx_word' id='word_1_2' title='bbox 223 117 235 132; x_wconf 77' lang='grc'>⁸</span> 
     </span>
    </p>
   </div>
   <div class='ocr_carea' id='block_1_2' title="bbox 890 115 1093 146">
    <p class='ocr_par' dir='ltr' id='par_1_2' title="bbox 890 115 1093 146">
     <span class='ocr_line' id='line_1_2' title="bbox 890 115 1093 146; baseline 0.005 -1"><span class='ocrx_word' id='word_1_3' title='bbox 890 115 1093 146; x_wconf 60' lang='grc' dir='ltr'><strong>ΕΡΙΒΤΟΙᾹΕ.</strong></span> 
     </span>
    </p>
   </div>
   <div class='ocr_carea' id='block_1_3' title="bbox 1680 116 1775 150">
    <p class='ocr_par' dir='ltr' id='par_1_3' title="bbox 1680 116 1775 150">
     <span class='ocr_line' id='line_1_3' title="bbox 1680 116 1775 150; baseline 0 -1"><span class='ocrx_word' id='word_1_4' title='bbox 1680 119 1751 150; x_wconf 66' lang='lat'><strong>2792</strong></span> <span class='ocrx_word' id='word_1_5' title='bbox 1762 116 1775 136; x_wconf 85' lang='grc'><strong>¹³</strong></span> 
     </span>
    </p>
   </div>
   <div class='ocr_carea' id='block_1_4' title="bbox 145 167 932 207">
    <p class='ocr_par' dir='ltr' id='par_1_4' title="bbox 145 167 932 204">
     <span class='ocr_line' id='line_1_4' title="bbox 145 167 932 204; baseline -0.003 -8"><span class='ocrx_word' id='word_1_6' title='bbox 145 171 193 197; x_wconf 76' lang='grc' dir='ltr'>καὶ</span> <span class='ocrx_word' id='word_1_7' title='bbox 207 167 389 204; x_wconf 77' lang='grc' dir='ltr'><strong>χαριεστάτην</strong></span> <span class='ocrx_word' id='word_1_8' title='bbox 402 167 529 202; x_wconf 75' lang='grc' dir='ltr'>γλῶσσαν</span> <span class='ocrx_word' id='word_1_9' title='bbox 546 167 593 194; x_wconf 75' lang='grc' dir='ltr'><strong>καὶ</strong></span> <span class='ocrx_word' id='word_1_10' title='bbox 617 167 733 203; x_wconf 77' lang='grc' dir='ltr'><strong>ῥέουσαν</strong></span> <span class='ocrx_word' id='word_1_11' title='bbox 749 168 797 194; x_wconf 71' lang='grc' dir='ltr'>ἐπὶ</span> <span class='ocrx_word' id='word_1_12' title='bbox 819 168 932 199; x_wconf 83' lang='grc' dir='ltr'>δικαίοις</span> 
     </span>
    </p>
   </div>
   <div class='ocr_carea' id='block_1_5' title="bbox 987 167 1776 207">
    <p class='ocr_par' dir='ltr' id='par_1_5' title="bbox 987 167 1776 207">
     <span class='ocr_line' id='line_1_5' title="bbox 987 167 1776 207; baseline 0.006 -12"><span class='ocrx_word' id='word_1_13' title='bbox 987 169 1019 195; x_wconf 83' lang='lat' dir='ltr'><strong>ad</strong></span> <span class='ocrx_word' id='word_1_14' title='bbox 1044 167 1180 196; x_wconf 81' lang='lat' dir='ltr'><strong>sufficiens</strong></span> <span class='ocrx_word' id='word_1_15' title='bbox 1204 169 1333 197; x_wconf 80' lang='lat' dir='ltr'><strong>auxilium</strong></span> <span class='ocrx_word' id='word_1_16' title='bbox 1358 178 1406 206; x_wconf 91' lang='lat' dir='ltr'><strong>pro</strong></span> <span class='ocrx_word' id='word_1_17' title='bbox 1424 171 1513 206; x_wconf 89' lang='lat' dir='ltr'><strong>aliquo</strong></span> <span class='ocrx_word' id='word_1_18' title='bbox 1535 171 1646 207; x_wconf 73' lang='lat' dir='ltr'><strong>prmmio</strong></span> <span class='ocrx_word' id='word_1_19' title='bbox 1668 173 1776 207; x_wconf 76' lang='lat' dir='ltr'><strong>adjice;</strong></span> 
     </span>
    </p>
   </div>
   <div class='ocr_carea' id='block_1_6' title="bbox 145 212 934 250">
    <p class='ocr_par' dir='ltr' id='par_1_6' title="bbox 145 212 934 250">
     <span class='ocr_line' id='line_1_6' title="bbox 145 212 934 250; baseline -0.005 -7"><span class='ocrx_word' id='word_1_20' title='bbox 145 215 279 250; x_wconf 84' lang='grc' dir='ltr'>ἁκωλύτῳ</span> <span class='ocrx_word' id='word_1_21' title='bbox 301 214 373 250; x_wconf 78' lang='grc' dir='ltr'>φορᾷ</span> <span class='ocrx_word' id='word_1_22' title='bbox 387 213 456 250; x_wconf 80' lang='grc' dir='ltr'>πρὸς</span> <span class='ocrx_word' id='word_1_23' title='bbox 471 213 630 249; x_wconf 79' lang='grc' dir='ltr'><strong>συμμαχίαν</strong></span> <span class='ocrx_word' id='word_1_24' title='bbox 650 212 756 249; x_wconf 81' lang='grc' dir='ltr'>ἱκανὴν,</span> <span class='ocrx_word' id='word_1_25' title='bbox 768 213 826 239; x_wconf 79' lang='grc' dir='ltr'>ἀντ’</span> <span class='ocrx_word' id='word_1_26' title='bbox 837 214 934 248; x_wconf 79' lang='grc' dir='ltr'><strong>ἐράνου</strong></span> 
     </span>
    </p>
   </div>
   <div class='ocr_carea' id='block_1_7' title="bbox 145 259 934 294">
    <p class='ocr_par' dir='ltr' id='par_1_7' title="bbox 145 259 934 294">
     <span class='ocr_line' id='line_1_7' title="bbox 145 259 934 294; baseline -0.003 -7"><span class='ocrx_word' id='word_1_27' title='bbox 145 262 221 292; x_wconf 77' lang='grc' dir='ltr'>τινος</span> <span class='ocrx_word' id='word_1_28' title='bbox 236 260 411 294; x_wconf 84' lang='grc' dir='ltr'>είσενέγκατε</span> <span class='ocrx_word' id='word_1_29' title='bbox 429 267 435 275; x_wconf 89' lang='grc'>·</span> <span class='ocrx_word' id='word_1_30' title='bbox 467 259 526 294; x_wconf 80' lang='grc' dir='ltr'>Θεῷ</span> <span class='ocrx_word' id='word_1_31' title='bbox 546 268 576 286; x_wconf 89' lang='grc' dir='ltr'><strong>τε</strong></span> <span class='ocrx_word' id='word_1_32' title='bbox 598 260 678 294; x_wconf 85' lang='grc' dir='ltr'>φίλην</span> <span class='ocrx_word' id='word_1_33' title='bbox 694 260 740 286; x_wconf 76' lang='grc' dir='ltr'>καὶ</span> <span class='ocrx_word' id='word_1_34' title='bbox 754 260 812 291; x_wconf 78' lang='grc' dir='ltr'>τοῖς</span> <span class='ocrx_word' id='word_1_35' title='bbox 829 259 934 285; x_wconf 78' lang='grc' dir='ltr'><strong>αἰτοῦσι</strong></span> 
     </span>
    </p>
   </div>
   <div class='ocr_carea' id='block_1_8' title="bbox 147 305 812 343">
    <p class='ocr_par' dir='ltr' id='par_1_8' title="bbox 147 305 812 343">
     <span class='ocr_line' id='line_1_8' title="bbox 147 305 812 343; baseline -0.003 -9"><span class='ocrx_word' id='word_1_36' title='bbox 147 306 351 343; x_wconf 77' lang='grc' dir='ltr'><strong>κεχαρισμένην</strong></span> <span class='ocrx_word' id='word_1_37' title='bbox 367 305 414 332; x_wconf 66' lang='grc' dir='ltr'>καὶ</span> <span class='ocrx_word' id='word_1_38' title='bbox 428 305 485 337; x_wconf 84' lang='grc' dir='ltr'>τοῖς</span> <span class='ocrx_word' id='word_1_39' title='bbox 503 305 643 340; x_wconf 83' lang='grc' dir='ltr'>δεομένοις</span> <span class='ocrx_word' id='word_1_40' title='bbox 661 305 812 341; x_wconf 74' lang='grc' dir='ltr'>ἀρκοῦσαν.</span> 
     </span>
    </p>
   </div>
   <div class='ocr_carea' id='block_1_9' title="bbox 424 351 656 387">
    <p class='ocr_par' dir='ltr' id='par_1_9' title="bbox 424 351 656 387">
     <span class='ocr_line' id='line_1_9' title="bbox 424 351 656 387; baseline 0.004 -9"><span class='ocrx_word' id='word_1_41' title='bbox 424 351 487 386; x_wconf 64' lang='lat' dir='ltr'><strong>ur.</strong></span> <span class='ocrx_word' id='word_1_42' title='bbox 512 352 656 387; x_wconf 81' lang='grc' dir='ltr'><strong>ΙΩΑΝΝῌ.</strong></span> 
     </span>
    </p>
   </div>
   <div class='ocr_carea' id='block_1_10' title="bbox 190 396 935 435">
    <p class='ocr_par' dir='ltr' id='par_1_10' title="bbox 190 396 935 435">
     <span class='ocr_line' id='line_1_10' title="bbox 190 396 935 435; baseline -0.005 -8"><span class='ocrx_word' id='word_1_43' title='bbox 190 401 219 427; x_wconf 93' lang='lat'>&#39;0</span> <span class='ocrx_word' id='word_1_44' title='bbox 230 401 278 435; x_wconf 80' lang='grc' dir='ltr'><strong>τὴν</strong></span> <span class='ocrx_word' id='word_1_45' title='bbox 293 399 433 435; x_wconf 74' lang='grc' dir='ltr'>παροῦσαν</span> <span class='ocrx_word' id='word_1_46' title='bbox 455 398 598 433; x_wconf 76' lang='grc' dir='ltr'>ἐπιστολὴν</span> <span class='ocrx_word' id='word_1_47' title='bbox 620 398 790 433; x_wconf 79' lang='grc' dir='ltr'>ἐπαγόμενος</span> <span class='ocrx_word' id='word_1_48' title='bbox 816 396 885 432; x_wconf 84' lang='grc' dir='ltr'>ἀνὴρ</span> <span class='ocrx_word' id='word_1_49' title='bbox 898 396 935 422; x_wconf 83' lang='grc' dir='ltr'>ὢν</span> 
     </span>
    </p>
   </div>
   <div class='ocr_carea' id='block_1_11' title="bbox 147 442 934 481">
    <p class='ocr_par' dir='ltr' id='par_1_11' title="bbox 147 442 934 481">
     <span class='ocr_line' id='line_1_11' title="bbox 147 442 934 481; baseline -0.009 -6"><span class='ocrx_word' id='word_1_50' title='bbox 147 446 301 481; x_wconf 70' lang='grc' dir='ltr'>ἀγαθὸς,ὲξ</span> <span class='ocrx_word' id='word_1_51' title='bbox 318 445 424 476; x_wconf 76' lang='grc' dir='ltr'>ἀδικίας</span> <span class='ocrx_word' id='word_1_52' title='bbox 446 443 562 478; x_wconf 81' lang='grc' dir='ltr'>ἀδελφοῦ</span> <span class='ocrx_word' id='word_1_53' title='bbox 578 443 627 479; x_wconf 82' lang='grc' dir='ltr'>τὴν</span> <span class='ocrx_word' id='word_1_54' title='bbox 651 444 769 479; x_wconf 80' lang='grc' dir='ltr'>ἀπορίαν</span> <span class='ocrx_word' id='word_1_55' title='bbox 795 442 934 478; x_wconf 73' lang='grc' dir='ltr'>ὁδύρεταν</span> 
     </span>
    </p>
   </div>
   <div class='ocr_carea' id='block_1_12' title="bbox 147 485 935 527">
    <p class='ocr_par' dir='ltr' id='par_1_12' title="bbox 147 485 935 527">
     <span class='ocr_line' id='line_1_12' title="bbox 147 485 935 527; baseline -0.008 -7"><span class='ocrx_word' id='word_1_56' title='bbox 147 494 210 520; x_wconf 74' lang='grc' dir='ltr'>ὅθεν</span> <span class='ocrx_word' id='word_1_57' title='bbox 223 491 430 527; x_wconf 76' lang='grc' dir='ltr'>καταλαμϐάνει</span> <span class='ocrx_word' id='word_1_58' title='bbox 449 490 498 527; x_wconf 83' lang='grc' dir='ltr'><strong>τὴν</strong></span> <span class='ocrx_word' id='word_1_59' title='bbox 516 490 665 525; x_wconf 84' lang='grc' dir='ltr'>Καίσαρος,</span> <span class='ocrx_word' id='word_1_60' title='bbox 681 490 713 517; x_wconf 73' lang='grc' dir='ltr'>ἄν</span> <span class='ocrx_word' id='word_1_61' title='bbox 727 498 780 525; x_wconf 87' lang='grc' dir='ltr'><strong>περ</strong></span> <span class='ocrx_word' id='word_1_62' title='bbox 793 486 850 520; x_wconf 77' lang='grc' dir='ltr'>οἷός</span> <span class='ocrx_word' id='word_1_63' title='bbox 862 497 891 514; x_wconf 80' lang='grc' dir='ltr'><strong>τε</strong></span> <span class='ocrx_word' id='word_1_64' title='bbox 901 485 935 523; x_wconf 80' lang='grc' dir='ltr'>ἦν</span> 
     </span>
    </p>
   </div>
   <div class='ocr_carea' id='block_1_13' title="bbox 147 533 936 572">
    <p class='ocr_par' dir='ltr' id='par_1_13' title="bbox 147 533 936 572">
     <span class='ocr_line' id='line_1_13' title="bbox 147 533 936 572; baseline -0.009 -6"><span class='ocrx_word' id='word_1_65' title='bbox 147 539 182 566; x_wconf 76' lang='grc' dir='ltr'>τὰ</span> <span class='ocrx_word' id='word_1_66' title='bbox 211 537 384 572; x_wconf 81' lang='grc' dir='ltr'>προσήκοντα</span> <span class='ocrx_word' id='word_1_67' title='bbox 411 535 609 571; x_wconf 84' lang='grc' dir='ltr'>κομιούμενος·</span> <span class='ocrx_word' id='word_1_68' title='bbox 626 534 693 562; x_wconf 76' lang='grc' dir='ltr'>ἀλλὰ</span> <span class='ocrx_word' id='word_1_69' title='bbox 714 533 857 560; x_wconf 75' lang='grc' dir='ltr'>συλλαϐεῖν</span> <span class='ocrx_word' id='word_1_70' title='bbox 870 542 936 560; x_wconf 84' lang='grc' dir='ltr'>κατ-</span> 
     </span>
    </p>
   </div>
   <div class='ocr_carea' id='block_1_14' title="bbox 147 579 936 617">
    <p class='ocr_par' dir='ltr' id='par_1_14' title="bbox 147 579 936 617">
     <span class='ocr_line' id='line_1_14' title="bbox 147 579 936 617; baseline -0.009 -6"><span class='ocrx_word' id='word_1_71' title='bbox 147 584 275 617; x_wconf 78' lang='grc' dir='ltr'>αξίωσον,</span> <span class='ocrx_word' id='word_1_72' title='bbox 293 583 356 614; x_wconf 66' lang='grc' dir='ltr'>τοὺς</span> <span class='ocrx_word' id='word_1_73' title='bbox 374 583 439 616; x_wconf 78' lang='grc' dir='ltr'>παρ’</span> <span class='ocrx_word' id='word_1_74' title='bbox 463 582 527 617; x_wconf 80' lang='grc' dir='ltr'>ὑμῖν</span> <span class='ocrx_word' id='word_1_75' title='bbox 550 581 682 612; x_wconf 74' lang='grc' dir='ltr'>δυνατοὺς</span> <span class='ocrx_word' id='word_1_76' title='bbox 709 580 750 612; x_wconf 82' lang='grc' dir='ltr'><strong>είς</strong></span> <span class='ocrx_word' id='word_1_77' title='bbox 775 579 936 614; x_wconf 81' lang='grc' dir='ltr'>συμμαχίαν</span> 
     </span>
    </p>
   </div>
   <div class='ocr_carea' id='block_1_15' title="bbox 147 624 934 666">
    <p class='ocr_par' dir='ltr' id='par_1_15' title="bbox 147 624 934 666">
     <span class='ocr_line' id='line_1_15' title="bbox 147 624 934 666; baseline -0.008 -10"><span class='ocrx_word' id='word_1_78' title='bbox 147 630 222 666; x_wconf 76' lang='grc' dir='ltr'>αὐτῷ</span> <span class='ocrx_word' id='word_1_79' title='bbox 248 628 465 664; x_wconf 76' lang='grc' dir='ltr'>παρασκευάζων</span> <span class='ocrx_word' id='word_1_80' title='bbox 491 626 647 662; x_wconf 74' lang='grc' dir='ltr'>ἀρκοῦσαν·</span> <span class='ocrx_word' id='word_1_81' title='bbox 686 626 750 661; x_wconf 88' lang='grc' dir='ltr'>μίαν</span> <span class='ocrx_word' id='word_1_82' title='bbox 784 625 838 661; x_wconf 80' lang='grc' dir='ltr'>γὰρ</span> <span class='ocrx_word' id='word_1_83' title='bbox 878 624 934 660; x_wconf 79' lang='grc' dir='ltr'>ἔχει</span> 
     </span>
    </p>
   </div>
   <div class='ocr_carea' id='block_1_16' title="bbox 147 670 935 711">
    <p class='ocr_par' dir='ltr' id='par_1_16' title="bbox 147 670 935 711">
     <span class='ocr_line' id='line_1_16' title="bbox 147 670 935 711; baseline -0.008 -9"><span class='ocrx_word' id='word_1_84' title='bbox 147 675 325 711; x_wconf 82' lang='grc' dir='ltr'>παραμυθίας</span> <span class='ocrx_word' id='word_1_85' title='bbox 346 673 451 705; x_wconf 74' lang='grc' dir='ltr'>ἐλπίδα,</span> <span class='ocrx_word' id='word_1_86' title='bbox 474 672 525 707; x_wconf 88' lang='grc' dir='ltr'><strong>τῆς</strong></span> <span class='ocrx_word' id='word_1_87' title='bbox 549 671 646 699; x_wconf 76' lang='grc' dir='ltr'>ἐκτῶν</span> <span class='ocrx_word' id='word_1_88' title='bbox 662 671 753 706; x_wconf 86' lang='grc' dir='ltr'>νόμων</span> <span class='ocrx_word' id='word_1_89' title='bbox 773 670 935 705; x_wconf 77' lang='grc' dir='ltr'>ἐπικουρίας</span> 
     </span>
    </p>
   </div>
   <div class='ocr_carea' id='block_1_17' title="bbox 146 717 935 757">
    <p class='ocr_par' dir='ltr' id='par_1_17' title="bbox 146 717 935 757">
     <span class='ocr_line' id='line_1_17' title="bbox 146 717 935 757; baseline -0.006 -9"><span class='ocrx_word' id='word_1_90' title='bbox 146 723 251 757; x_wconf 83' lang='grc' dir='ltr'>τυχεῖν,</span> <span class='ocrx_word' id='word_1_91' title='bbox 266 718 300 755; x_wconf 84' lang='grc' dir='ltr'>ἦς</span> <span class='ocrx_word' id='word_1_92' title='bbox 311 719 438 746; x_wconf 83' lang='grc' dir='ltr'>πλεῖστον</span> <span class='ocrx_word' id='word_1_93' title='bbox 448 719 518 752; x_wconf 80' lang='grc' dir='ltr'>ἄγαν</span> <span class='ocrx_word' id='word_1_94' title='bbox 535 718 717 753; x_wconf 80' lang='grc' dir='ltr'>ὲπεστέρηται</span> <span class='ocrx_word' id='word_1_95' title='bbox 730 717 835 752; x_wconf 80' lang='grc' dir='ltr'>χρόνον,</span> <span class='ocrx_word' id='word_1_96' title='bbox 851 725 935 751; x_wconf 84' lang='grc' dir='ltr'>πονη-</span> 
     </span>
    </p>
   </div>
   <div class='ocr_carea' id='block_1_18' title="bbox 148 763 936 804">
    <p class='ocr_par' dir='ltr' id='par_1_18' title="bbox 148 763 936 804">
     <span class='ocr_line' id='line_1_18' title="bbox 148 763 936 804; baseline -0.008 -10"><span class='ocrx_word' id='word_1_97' title='bbox 148 769 260 804; x_wconf 86' lang='grc' dir='ltr'>ρότατον</span> <span class='ocrx_word' id='word_1_98' title='bbox 270 768 340 802; x_wconf 73' lang='grc' dir='ltr'>ἔχων</span> <span class='ocrx_word' id='word_1_99' title='bbox 359 765 405 792; x_wconf 80' lang='grc' dir='ltr'><strong>τὸν</strong></span> <span class='ocrx_word' id='word_1_100' title='bbox 420 765 544 800; x_wconf 82' lang='grc' dir='ltr'>ἀδελφὺν,</span> <span class='ocrx_word' id='word_1_101' title='bbox 562 765 609 792; x_wconf 70' lang='grc' dir='ltr'>καὶ</span> <span class='ocrx_word' id='word_1_102' title='bbox 623 764 784 799; x_wconf 80' lang='grc' dir='ltr'>καινοτέρας</span> <span class='ocrx_word' id='word_1_103' title='bbox 797 763 936 794; x_wconf 83' lang='grc' dir='ltr'>διαλύσεις</span> 
     </span>
    </p>
   </div>
   <div class='ocr_carea' id='block_1_19' title="bbox 146 813 935 851">
    <p class='ocr_par' dir='ltr' id='par_1_19' title="bbox 146 813 935 851">
     <span class='ocr_line' id='line_1_19' title="bbox 146 813 935 851; baseline -0.005 -7"><span class='ocrx_word' id='word_1_104' title='bbox 146 818 190 844; x_wconf 76' lang='grc' dir='ltr'><strong>ἀεὶ</strong></span> <span class='ocrx_word' id='word_1_105' title='bbox 203 814 399 851; x_wconf 77' lang='grc' dir='ltr'>μηχανώμενον</span> <span class='ocrx_word' id='word_1_106' title='bbox 411 822 417 830; x_wconf 88' lang='grc'>·</span> <span class='ocrx_word' id='word_1_107' title='bbox 431 814 492 841; x_wconf 82' lang='grc' dir='ltr'>ὅθεν</span> <span class='ocrx_word' id='word_1_108' title='bbox 517 813 591 848; x_wconf 82' lang='grc' dir='ltr'>αὐτῷ</span> <span class='ocrx_word' id='word_1_109' title='bbox 605 813 655 849; x_wconf 82' lang='grc' dir='ltr'>τὴν</span> <span class='ocrx_word' id='word_1_110' title='bbox 670 814 789 849; x_wconf 81' lang='grc' dir='ltr'>ἀπορίαν</span> <span class='ocrx_word' id='word_1_111' title='bbox 804 819 935 848; x_wconf 81' lang='grc' dir='ltr'>παραμυ-</span> 
     </span>
    </p>
   </div>
   <div class='ocr_carea' id='block_1_20' title="bbox 146 858 936 898">
    <p class='ocr_par' dir='ltr' id='par_1_20' title="bbox 146 858 936 898">
     <span class='ocr_line' id='line_1_20' title="bbox 146 858 936 898; baseline -0.005 -9"><span class='ocrx_word' id='word_1_112' title='bbox 146 861 278 898; x_wconf 79' lang='grc' dir='ltr'>θήσασθε,</span> <span class='ocrx_word' id='word_1_113' title='bbox 292 861 342 892; x_wconf 75' lang='grc' dir='ltr'>τὰς</span> <span class='ocrx_word' id='word_1_114' title='bbox 358 859 413 886; x_wconf 87' lang='grc' dir='ltr'><strong>τῶν</strong></span> <span class='ocrx_word' id='word_1_115' title='bbox 426 859 611 894; x_wconf 80' lang='grc' dir='ltr'>δικαστηρίων</span> <span class='ocrx_word' id='word_1_116' title='bbox 631 859 756 890; x_wconf 83' lang='grc' dir='ltr'>δαπάνας</span> <span class='ocrx_word' id='word_1_117' title='bbox 768 859 806 890; x_wconf 83' lang='grc' dir='ltr'>ὡς</span> <span class='ocrx_word' id='word_1_118' title='bbox 822 858 936 886; x_wconf 73' lang='grc' dir='ltr'>δυνατὸν</span> 
     </span>
    </p>
   </div>
   <div class='ocr_carea' id='block_1_21' title="bbox 147 906 367 943">
    <p class='ocr_par' dir='ltr' id='par_1_21' title="bbox 147 906 367 943">
     <span class='ocr_line' id='line_1_21' title="bbox 147 906 367 943; baseline -0.018 -9"><span class='ocrx_word' id='word_1_119' title='bbox 147 906 367 943; x_wconf 76' lang='grc' dir='ltr'>περικόπτοντες.</span> 
     </span>
    </p>
   </div>
   <div class='ocr_carea' id='block_1_22' title="bbox 350 949 732 985">
    <p class='ocr_par' dir='ltr' id='par_1_22' title="bbox 350 949 732 985">
     <span class='ocr_line' id='line_1_22' title="bbox 350 949 732 985; baseline -0.003 -9"><span class='ocrx_word' id='word_1_120' title='bbox 350 949 408 983; x_wconf 54' lang='grc' dir='ltr'><strong>μοι</strong></span> <span class='ocrx_word' id='word_1_121' title='bbox 429 949 569 985; x_wconf 84' lang='grc' dir='ltr'><strong>ΦΙΛΙΠΠῼ</strong></span> <span class='ocrx_word' id='word_1_122' title='bbox 587 949 732 984; x_wconf 57' lang='lat' dir='ltr'><strong>manu.</strong></span> 
     </span>
    </p>
   </div>
   <div class='ocr_carea' id='block_1_23' title="bbox 183 994 939 1030">
    <p class='ocr_par' dir='ltr' id='par_1_23' title="bbox 183 994 939 1030">
     <span class='ocr_line' id='line_1_23' title="bbox 183 994 939 1030; baseline -0.004 -7"><span class='ocrx_word' id='word_1_123' title='bbox 183 997 234 1023; x_wconf 81' lang='grc' dir='ltr'>Τὸν</span> <span class='ocrx_word' id='word_1_124' title='bbox 261 995 363 1030; x_wconf 80' lang='grc' dir='ltr'>ταύτην</span> <span class='ocrx_word' id='word_1_125' title='bbox 379 995 443 1030; x_wconf 82' lang='grc' dir='ltr'>ὑμῖν</span> <span class='ocrx_word' id='word_1_126' title='bbox 475 994 624 1030; x_wconf 80' lang='grc' dir='ltr'>κομίζοντα</span> <span class='ocrx_word' id='word_1_127' title='bbox 647 995 697 1030; x_wconf 85' lang='grc' dir='ltr'>τὴν</span> <span class='ocrx_word' id='word_1_128' title='bbox 716 994 862 1030; x_wconf 81' lang='grc' dir='ltr'>ἐπιστολὴν</span> <span class='ocrx_word' id='word_1_129' title='bbox 892 994 939 1021; x_wconf 83' lang='grc' dir='ltr'>καὶ</span> 
     </span>
    </p>
   </div>
   <div class='ocr_carea' id='block_1_24' title="bbox 146 1040 938 1076">
    <p class='ocr_par' dir='ltr' id='par_1_24' title="bbox 146 1040 938 1076">
     <span class='ocr_line' id='line_1_24' title="bbox 146 1040 938 1076; baseline -0.003 -8"><span class='ocrx_word' id='word_1_130' title='bbox 146 1042 234 1073; x_wconf 83' lang='grc' dir='ltr'>ἄλλως</span> <span class='ocrx_word' id='word_1_131' title='bbox 246 1041 295 1076; x_wconf 80' lang='grc' dir='ltr'><strong>μὲν</strong></span> <span class='ocrx_word' id='word_1_132' title='bbox 308 1041 434 1073; x_wconf 75' lang='grc' dir='ltr'>ἐπόθουν,</span> <span class='ocrx_word' id='word_1_133' title='bbox 450 1040 499 1075; x_wconf 84' lang='grc' dir='ltr'><strong>οὐχ</strong></span> <span class='ocrx_word' id='word_1_134' title='bbox 513 1040 614 1076; x_wconf 83' lang='grc' dir='ltr'>ἥκιστα</span> <span class='ocrx_word' id='word_1_135' title='bbox 631 1040 660 1066; x_wconf 81' lang='grc' dir='ltr'>δὲ</span> <span class='ocrx_word' id='word_1_136' title='bbox 678 1041 719 1067; x_wconf 87' lang='grc' dir='ltr'>ὅτι</span> <span class='ocrx_word' id='word_1_137' title='bbox 733 1049 787 1076; x_wconf 86' lang='grc' dir='ltr'><strong>περ</strong></span> <span class='ocrx_word' id='word_1_138' title='bbox 802 1040 878 1075; x_wconf 81' lang='grc' dir='ltr'>ὑμῶν</span> <span class='ocrx_word' id='word_1_139' title='bbox 895 1040 938 1066; x_wconf 72' lang='grc' dir='ltr'><strong>ἐπ’</strong></span> 
     </span>
    </p>
   </div>
   <div class='ocr_carea' id='block_1_25' title="bbox 145 1085 938 1122">
    <p class='ocr_par' dir='ltr' id='par_1_25' title="bbox 145 1085 938 1122">
     <span class='ocr_line' id='line_1_25' title="bbox 145 1085 938 1122; baseline -0.004 -7"><span class='ocrx_word' id='word_1_140' title='bbox 145 1088 258 1122; x_wconf 80' lang='grc' dir='ltr'>ἀγαθοῖς</span> <span class='ocrx_word' id='word_1_141' title='bbox 283 1087 326 1113; x_wconf 71' lang='grc' dir='ltr'>ἀεὶ</span> <span class='ocrx_word' id='word_1_142' title='bbox 344 1086 533 1122; x_wconf 81' lang='grc' dir='ltr'>μεμνημένος”</span> <span class='ocrx_word' id='word_1_143' title='bbox 549 1086 624 1118; x_wconf 83' lang='grc' dir='ltr'>τέλος</span> <span class='ocrx_word' id='word_1_144' title='bbox 651 1085 697 1112; x_wconf 77' lang='grc' dir='ltr'><strong>καὶ</strong></span> <span class='ocrx_word' id='word_1_145' title='bbox 718 1086 767 1120; x_wconf 81' lang='grc' dir='ltr'>τῆς</span> <span class='ocrx_word' id='word_1_146' title='bbox 779 1086 938 1121; x_wconf 62' lang='grc' dir='ltr'>πρὸςξὺμᾶς</span> 
     </span>
    </p>
   </div>
   <div class='ocr_carea' id='block_1_26' title="bbox 146 1129 938 1168">
    <p class='ocr_par' dir='ltr' id='par_1_26' title="bbox 146 1129 938 1168">
     <span class='ocr_line' id='line_1_26' title="bbox 146 1129 938 1168; baseline -0.003 -8"><span class='ocrx_word' id='word_1_147' title='bbox 146 1133 291 1168; x_wconf 70' lang='grc' dir='ltr'>ἐπιστολῆς</span> <span class='ocrx_word' id='word_1_148' title='bbox 307 1133 368 1167; x_wconf 75' lang='grc' dir='ltr'>ἐμοὶ</span> <span class='ocrx_word' id='word_1_149' title='bbox 388 1132 500 1166; x_wconf 87' lang='grc' dir='ltr'>γέγονεν</span> <span class='ocrx_word' id='word_1_150' title='bbox 514 1131 610 1164; x_wconf 83' lang='grc' dir='ltr'>αἴτιος,</span> <span class='ocrx_word' id='word_1_151' title='bbox 634 1132 719 1158; x_wconf 78' lang='grc' dir='ltr'>δεινὸν</span> <span class='ocrx_word' id='word_1_152' title='bbox 738 1129 808 1159; x_wconf 74' lang='grc' dir='ltr'>εἶναι</span> <span class='ocrx_word' id='word_1_153' title='bbox 825 1132 938 1167; x_wconf 77' lang='grc' dir='ltr'>φάσκων</span> 
     </span>
    </p>
   </div>
   <div class='ocr_carea' id='block_1_27' title="bbox 146 1177 936 1214">
    <p class='ocr_par' dir='ltr' id='par_1_27' title="bbox 146 1177 936 1214">
     <span class='ocr_line' id='line_1_27' title="bbox 146 1177 936 1214; baseline 0 -8"><span class='ocrx_word' id='word_1_154' title='bbox 146 1181 171 1206; x_wconf 77' lang='grc' dir='ltr'>εἰ</span> <span class='ocrx_word' id='word_1_155' title='bbox 184 1179 237 1206; x_wconf 82' lang='grc' dir='ltr'><strong>τῶν</strong></span> <span class='ocrx_word' id='word_1_156' title='bbox 252 1178 281 1211; x_wconf 78' lang='grc' dir='ltr'><strong>ἐξ</strong></span> <span class='ocrx_word' id='word_1_157' title='bbox 298 1178 365 1214; x_wconf 76' lang='grc' dir='ltr'>ἐμοῦ</span> <span class='ocrx_word' id='word_1_158' title='bbox 380 1178 552 1214; x_wconf 81' lang='grc' dir='ltr'>γραμμάτων</span> <span class='ocrx_word' id='word_1_159' title='bbox 566 1177 668 1213; x_wconf 72' lang='grc' dir='ltr'>ἔρημος</span> <span class='ocrx_word' id='word_1_160' title='bbox 680 1178 744 1214; x_wconf 85' lang='grc' dir='ltr'>ὑμῖν</span> <span class='ocrx_word' id='word_1_161' title='bbox 755 1178 936 1213; x_wconf 67' lang='grc' dir='ltr'>ἐπιφαίνοιτο.</span> 
     </span>
    </p>
   </div>
   <div class='ocr_carea' id='block_1_28' title="bbox 145 1223 937 1258">
    <p class='ocr_par' dir='ltr' id='par_1_28' title="bbox 145 1223 937 1258">
     <span class='ocr_line' id='line_1_28' title="bbox 145 1223 937 1258; baseline -0.001 -7"><span class='ocrx_word' id='word_1_162' title='bbox 145 1225 183 1251; x_wconf 82' lang='grc' dir='ltr'>Σὺ</span> <span class='ocrx_word' id='word_1_163' title='bbox 196 1224 224 1250; x_wconf 76' lang='grc' dir='ltr'>δὲ</span> <span class='ocrx_word' id='word_1_164' title='bbox 237 1223 302 1258; x_wconf 83' lang='grc' dir='ltr'>γοῦν</span> <span class='ocrx_word' id='word_1_165' title='bbox 319 1224 382 1258; x_wconf 89' lang='grc' dir='ltr'>μίαν</span> <span class='ocrx_word' id='word_1_166' title='bbox 394 1224 459 1258; x_wconf 84' lang='grc' dir='ltr'>ἡμῖν</span> <span class='ocrx_word' id='word_1_167' title='bbox 472 1223 615 1255; x_wconf 81' lang='grc' dir='ltr'>ἀντεπίθες</span> <span class='ocrx_word' id='word_1_168' title='bbox 626 1223 779 1258; x_wconf 76' lang='grc' dir='ltr'>ἐπιστολὴν,</span> <span class='ocrx_word' id='word_1_169' title='bbox 794 1223 842 1250; x_wconf 82' lang='grc' dir='ltr'>καὶ</span> <span class='ocrx_word' id='word_1_170' title='bbox 858 1223 937 1250; x_wconf 82' lang='grc' dir='ltr'>λύσον</span> 
     </span>
    </p>
   </div>
   <div class='ocr_carea' id='block_1_29' title="bbox 145 1268 937 1305">
    <p class='ocr_par' dir='ltr' id='par_1_29' title="bbox 145 1268 937 1305">
     <span class='ocr_line' id='line_1_29' title="bbox 145 1268 937 1305; baseline -0.001 -9"><span class='ocrx_word' id='word_1_171' title='bbox 145 1270 201 1296; x_wconf 77' lang='grc' dir='ltr'>ἔτει</span> <span class='ocrx_word' id='word_1_172' title='bbox 215 1270 332 1305; x_wconf 79' lang='grc' dir='ltr'>πέμπτῳ</span> <span class='ocrx_word' id='word_1_173' title='bbox 346 1270 415 1305; x_wconf 85' lang='grc' dir='ltr'>μετὰ</span> <span class='ocrx_word' id='word_1_174' title='bbox 432 1269 486 1295; x_wconf 87' lang='grc' dir='ltr'>τῶν</span> <span class='ocrx_word' id='word_1_175' title='bbox 502 1268 682 1304; x_wconf 84' lang='grc' dir='ltr'>Πυθαγορίων</span> <span class='ocrx_word' id='word_1_176' title='bbox 696 1269 745 1303; x_wconf 80' lang='grc' dir='ltr'><strong>τὴν</strong></span> <span class='ocrx_word' id='word_1_177' title='bbox 759 1269 866 1304; x_wconf 81' lang='grc' dir='ltr'>σιωπήν</span> <span class='ocrx_word' id='word_1_178' title='bbox 878 1276 884 1282; x_wconf 90' lang='grc'><strong>·</strong></span> <span class='ocrx_word' id='word_1_179' title='bbox 900 1269 937 1300; x_wconf 85' lang='grc' dir='ltr'>ὠς</span> 
     </span>
    </p>
   </div>
   <div class='ocr_carea' id='block_1_30' title="bbox 144 1313 936 1351">
    <p class='ocr_par' dir='ltr' id='par_1_30' title="bbox 144 1313 936 1351">
     <span class='ocr_line' id='line_1_30' title="bbox 144 1313 936 1351; baseline -0.003 -10"><span class='ocrx_word' id='word_1_180' title='bbox 144 1316 226 1351; x_wconf 77' lang='grc' dir='ltr'>ἡμεῖς</span> <span class='ocrx_word' id='word_1_181' title='bbox 248 1315 295 1341; x_wconf 72' lang='grc' dir='ltr'><strong>καὶ</strong></span> <span class='ocrx_word' id='word_1_182' title='bbox 311 1314 442 1349; x_wconf 83' lang='grc' dir='ltr'>Δωδώνης</span> <span class='ocrx_word' id='word_1_183' title='bbox 458 1314 583 1349; x_wconf 86' lang='grc' dir='ltr'>χαλκεῖον</span> <span class='ocrx_word' id='word_1_184' title='bbox 603 1313 767 1348; x_wconf 77' lang='grc' dir='ltr'>γεγόναμεν,</span> <span class='ocrx_word' id='word_1_185' title='bbox 783 1313 892 1348; x_wconf 83' lang='grc' dir='ltr'>κινῆσαί</span> <span class='ocrx_word' id='word_1_186' title='bbox 907 1321 936 1339; x_wconf 86' lang='grc' dir='ltr'><strong>σε</strong></span> 
     </span>
    </p>
   </div>
   <div class='ocr_carea' id='block_1_31' title="bbox 145 1360 507 1397">
    <p class='ocr_par' dir='ltr' id='par_1_31' title="bbox 145 1360 507 1397">
     <span class='ocr_line' id='line_1_31' title="bbox 145 1360 507 1397; baseline 0 -10"><span class='ocrx_word' id='word_1_187' title='bbox 145 1361 214 1397; x_wconf 71' lang='grc' dir='ltr'>πρὸς</span> <span class='ocrx_word' id='word_1_188' title='bbox 231 1361 325 1395; x_wconf 77' lang='grc' dir='ltr'>λόγους</span> <span class='ocrx_word' id='word_1_189' title='bbox 340 1360 507 1396; x_wconf 85' lang='grc' dir='ltr'>βουλόμενοι.</span> 
     </span>
    </p>
   </div>
   <div class='ocr_carea' id='block_1_32' title="bbox 433 1403 651 1438">
    <p class='ocr_par' dir='ltr' id='par_1_32' title="bbox 433 1403 651 1438">
     <span class='ocr_line' id='line_1_32' title="bbox 433 1403 651 1438; baseline -0.009 -7"><span class='ocrx_word' id='word_1_190' title='bbox 433 1404 473 1431; x_wconf 89' lang='lat' dir='ltr'><strong>P&#39;.</strong></span> <span class='ocrx_word' id='word_1_191' title='bbox 495 1403 651 1438; x_wconf 77' lang='grc' dir='ltr'><strong>ΕΥΑΓΡΙῼ.</strong></span> 
     </span>
    </p>
   </div>
   <div class='ocr_carea' id='block_1_33' title="bbox 187 1447 935 1484">
    <p class='ocr_par' dir='ltr' id='par_1_33' title="bbox 187 1447 935 1484">
     <span class='ocr_line' id='line_1_33' title="bbox 187 1447 935 1484; baseline -0.004 -8"><span class='ocrx_word' id='word_1_192' title='bbox 187 1451 230 1482; x_wconf 73' lang='grc' dir='ltr'>Ὠς</span> <span class='ocrx_word' id='word_1_193' title='bbox 247 1449 393 1481; x_wconf 78' lang='grc' dir='ltr'>ποθοῦντος</span> <span class='ocrx_word' id='word_1_194' title='bbox 405 1449 475 1483; x_wconf 76' lang='grc' dir='ltr'>ἄγαν</span> <span class='ocrx_word' id='word_1_195' title='bbox 491 1450 515 1476; x_wconf 75' lang='grc' dir='ltr'>οἱ</span> <span class='ocrx_word' id='word_1_196' title='bbox 530 1449 615 1483; x_wconf 85' lang='grc' dir='ltr'>λόγοι,</span> <span class='ocrx_word' id='word_1_197' title='bbox 631 1449 678 1476; x_wconf 71' lang='grc' dir='ltr'><strong>καὶ</strong></span> <span class='ocrx_word' id='word_1_198' title='bbox 692 1449 725 1484; x_wconf 81' lang='grc' dir='ltr'>τῇ</span> <span class='ocrx_word' id='word_1_199' title='bbox 742 1447 812 1474; x_wconf 78' lang='grc' dir='ltr'>κατὰ</span> <span class='ocrx_word' id='word_1_200' title='bbox 827 1447 935 1474; x_wconf 78' lang='grc' dir='ltr'>πάντων</span> 
     </span>
    </p>
   </div>
   <div class='ocr_carea' id='block_1_34' title="bbox 144 1491 969 1542">
    <p class='ocr_par' dir='ltr' id='par_1_34' title="bbox 144 1491 969 1542">
     <span class='ocr_line' id='line_1_34' title="bbox 144 1491 969 1542; baseline -0.005 -21"><span class='ocrx_word' id='word_1_201' title='bbox 144 1496 208 1531; x_wconf 81' lang='grc' dir='ltr'>νίκῃ</span> <span class='ocrx_word' id='word_1_202' title='bbox 230 1493 379 1529; x_wconf 82' lang='grc' dir='ltr'>στεφανοῦν</span> <span class='ocrx_word' id='word_1_203' title='bbox 401 1493 552 1528; x_wconf 76' lang='grc' dir='ltr'>ἐγνωκότες</span> <span class='ocrx_word' id='word_1_204' title='bbox 567 1493 602 1520; x_wconf 83' lang='grc' dir='ltr'>τὰ</span> <span class='ocrx_word' id='word_1_205' title='bbox 628 1492 756 1520; x_wconf 72' lang='grc' dir='ltr'>παιδικά·</span> <span class='ocrx_word' id='word_1_206' title='bbox 774 1492 811 1522; x_wconf 76' lang='grc' dir='ltr'>ὡς</span> <span class='ocrx_word' id='word_1_207' title='bbox 832 1491 886 1526; x_wconf 78' lang='grc' dir='ltr'>γὰρ</span> <span class='ocrx_word' id='word_1_208' title='bbox 904 1492 934 1517; x_wconf 81' lang='grc' dir='ltr'>ὲν</span> <span class='ocrx_word' id='word_1_209' title='bbox 947 1513 969 1542; x_wconf 74' lang='lat' dir='ltr'>c</span> 
     </span>
    </p>
   </div>
   <div class='ocr_carea' id='block_1_35' title="bbox 143 1537 932 1576">
    <p class='ocr_par' dir='ltr' id='par_1_35' title="bbox 143 1537 932 1576">
     <span class='ocr_line' id='line_1_35' title="bbox 143 1537 932 1576; baseline -0.008 -7"><span class='ocrx_word' id='word_1_210' title='bbox 143 1544 200 1574; x_wconf 84' lang='grc' dir='ltr'>τοῖς</span> <span class='ocrx_word' id='word_1_211' title='bbox 216 1542 273 1573; x_wconf 82' lang='grc' dir='ltr'>σοῖς</span> <span class='ocrx_word' id='word_1_212' title='bbox 289 1541 450 1576; x_wconf 79' lang='grc' dir='ltr'>γράμμασιν</span> <span class='ocrx_word' id='word_1_213' title='bbox 464 1539 494 1566; x_wconf 79' lang='grc' dir='ltr'>οὒ</span> <span class='ocrx_word' id='word_1_214' title='bbox 510 1540 574 1571; x_wconf 75' lang='grc' dir='ltr'>τοὺς</span> <span class='ocrx_word' id='word_1_215' title='bbox 589 1539 636 1565; x_wconf 80' lang='grc' dir='ltr'>νῦν</span> <span class='ocrx_word' id='word_1_216' title='bbox 654 1539 734 1573; x_wconf 82' lang='grc' dir='ltr'>μόνον</span> <span class='ocrx_word' id='word_1_217' title='bbox 745 1539 852 1569; x_wconf 76' lang='grc' dir='ltr'>ἐνίκων,</span> <span class='ocrx_word' id='word_1_218' title='bbox 864 1537 932 1564; x_wconf 78' lang='grc' dir='ltr'>ἀλλὰ</span> 
     </span>
    </p>
   </div>
   <div class='ocr_carea' id='block_1_36' title="bbox 144 1583 931 1622">
    <p class='ocr_par' dir='ltr' id='par_1_36' title="bbox 144 1583 931 1622">
     <span class='ocr_line' id='line_1_36' title="bbox 144 1583 931 1622; baseline -0.006 -8"><span class='ocrx_word' id='word_1_219' title='bbox 144 1589 190 1614; x_wconf 70' lang='grc' dir='ltr'><strong>καὶ</strong></span> <span class='ocrx_word' id='word_1_220' title='bbox 204 1588 218 1614; x_wconf 86' lang='grc' dir='ltr'><strong>ὃ</strong></span> <span class='ocrx_word' id='word_1_221' title='bbox 232 1587 269 1622; x_wconf 83' lang='grc' dir='ltr'>μὴ</span> <span class='ocrx_word' id='word_1_222' title='bbox 282 1586 362 1622; x_wconf 82' lang='grc' dir='ltr'>θέμις</span> <span class='ocrx_word' id='word_1_223' title='bbox 378 1586 474 1619; x_wconf 75' lang='grc' dir='ltr'>εἰπεῖν,</span> <span class='ocrx_word' id='word_1_224' title='bbox 491 1585 539 1612; x_wconf 80' lang='grc' dir='ltr'><strong>καὶ</strong></span> <span class='ocrx_word' id='word_1_225' title='bbox 553 1584 730 1621; x_wconf 81' lang='grc' dir='ltr'>Δημοσθένης</span> <span class='ocrx_word' id='word_1_226' title='bbox 756 1585 867 1619; x_wconf 78' lang='grc' dir='ltr'>ἥττητο,</span> <span class='ocrx_word' id='word_1_227' title='bbox 884 1583 931 1610; x_wconf 65' lang='grc' dir='ltr'>καὶ</span> 
     </span>
    </p>
   </div>
   <div class='ocr_carea' id='block_1_37' title="bbox 143 1629 931 1667">
    <p class='ocr_par' dir='ltr' id='par_1_37' title="bbox 143 1629 931 1667">
     <span class='ocr_line' id='line_1_37' title="bbox 143 1629 931 1667; baseline -0.005 -8"><span class='ocrx_word' id='word_1_228' title='bbox 143 1632 306 1667; x_wconf 80' lang='grc' dir='ltr'>Θουκυδίδης</span> <span class='ocrx_word' id='word_1_229' title='bbox 319 1630 373 1667; x_wconf 76' lang='grc' dir='ltr'>εἶχε</span> <span class='ocrx_word' id='word_1_230' title='bbox 388 1631 422 1659; x_wconf 83' lang='grc' dir='ltr'>τὰ</span> <span class='ocrx_word' id='word_1_231' title='bbox 435 1631 560 1667; x_wconf 83' lang='grc' dir='ltr'>δεύτερα,</span> <span class='ocrx_word' id='word_1_232' title='bbox 574 1631 621 1657; x_wconf 74' lang='grc' dir='ltr'><strong>καὶ</strong></span> <span class='ocrx_word' id='word_1_233' title='bbox 643 1631 656 1656; x_wconf 88' lang='grc' dir='ltr'><strong>ό</strong></span> <span class='ocrx_word' id='word_1_234' title='bbox 670 1630 771 1664; x_wconf 81' lang='grc' dir='ltr'>γλυκὺς</span> <span class='ocrx_word' id='word_1_235' title='bbox 792 1629 931 1665; x_wconf 84' lang='grc' dir='ltr'>Ἡρόδοτος</span> 
     </span>
    </p>
   </div>
   <div class='ocr_carea' id='block_1_38' title="bbox 145 1674 931 1716">
    <p class='ocr_par' dir='ltr' id='par_1_38' title="bbox 145 1674 931 1716">
     <span class='ocr_line' id='line_1_38' title="bbox 145 1674 931 1716; baseline -0.006 -10"><span class='ocrx_word' id='word_1_236' title='bbox 145 1679 214 1716; x_wconf 76' lang='grc' dir='ltr'>μετὰ</span> <span class='ocrx_word' id='word_1_237' title='bbox 224 1678 326 1706; x_wconf 83' lang='grc' dir='ltr'>τούτων</span> <span class='ocrx_word' id='word_1_238' title='bbox 342 1678 468 1705; x_wconf 72' lang='grc' dir='ltr'>ἐτάττετο</span> <span class='ocrx_word' id='word_1_239' title='bbox 479 1687 486 1694; x_wconf 92' lang='grc'><strong>·</strong></span> <span class='ocrx_word' id='word_1_240' title='bbox 501 1678 539 1710; x_wconf 84' lang='grc' dir='ltr'>ὡς</span> <span class='ocrx_word' id='word_1_241' title='bbox 556 1677 675 1709; x_wconf 79' lang='grc' dir='ltr'>τοιοῦτος</span> <span class='ocrx_word' id='word_1_242' title='bbox 684 1674 718 1713; x_wconf 80' lang='grc' dir='ltr'>ἦν</span> <span class='ocrx_word' id='word_1_243' title='bbox 732 1677 760 1703; x_wconf 80' lang='grc' dir='ltr'>ὲν</span> <span class='ocrx_word' id='word_1_244' title='bbox 775 1677 830 1707; x_wconf 91' lang='grc' dir='ltr'>τοῖς</span> <span class='ocrx_word' id='word_1_245' title='bbox 842 1675 931 1710; x_wconf 83' lang='grc' dir='ltr'>λόγοις</span> 
     </span>
    </p>
   </div>
   <div class='ocr_carea' id='block_1_39' title="bbox 145 1721 931 1759">
    <p class='ocr_par' dir='ltr' id='par_1_39' title="bbox 145 1721 931 1759">
     <span class='ocr_line' id='line_1_39' title="bbox 145 1721 931 1759; baseline -0.005 -9"><span class='ocrx_word' id='word_1_246' title='bbox 145 1724 285 1759; x_wconf 51' lang='grc' dir='ltr'>μειδιάσας</span> <span class='ocrx_word' id='word_1_247' title='bbox 298 1723 367 1758; x_wconf 82' lang='grc' dir='ltr'>πρὸς</span> <span class='ocrx_word' id='word_1_248' title='bbox 378 1723 495 1758; x_wconf 71' lang='grc' dir='ltr'>ἐμαυτὸν</span> <span class='ocrx_word' id='word_1_249' title='bbox 514 1723 589 1750; x_wconf 76' lang='grc' dir='ltr'>οὐδὲν</span> <span class='ocrx_word' id='word_1_250' title='bbox 603 1722 641 1758; x_wconf 82' lang='grc' dir='ltr'><strong>(ι)</strong></span> <span class='ocrx_word' id='word_1_251' title='bbox 656 1742 662 1749; x_wconf 90' lang='grc'>.</span> <span class='ocrx_word' id='word_1_252' title='bbox 679 1741 687 1749; x_wconf 87' lang='grc'><strong>.</strong></span> <span class='ocrx_word' id='word_1_253' title='bbox 708 1743 714 1749; x_wconf 94' lang='grc'><em>.</em></span> <span class='ocrx_word' id='word_1_254' title='bbox 729 1721 786 1757; x_wconf 82' lang='grc' dir='ltr'>ῴην</span> <span class='ocrx_word' id='word_1_255' title='bbox 798 1721 847 1756; x_wconf 83' lang='grc' dir='ltr'><strong>τῆς</strong></span> <span class='ocrx_word' id='word_1_256' title='bbox 863 1721 931 1756; x_wconf 76' lang='grc' dir='ltr'>ἔρω-</span> 
     </span>
    </p>
   </div>
   <div class='ocr_carea' id='block_1_40' title="bbox 143 1768 931 1805">
    <p class='ocr_par' dir='ltr' id='par_1_40' title="bbox 143 1768 931 1805">
     <span class='ocr_line' id='line_1_40' title="bbox 143 1768 931 1805; baseline -0.004 -9"><span class='ocrx_word' id='word_1_257' title='bbox 143 1779 187 1802; x_wconf 84' lang='grc' dir='ltr'><strong>τος</strong></span> <span class='ocrx_word' id='word_1_258' title='bbox 201 1769 360 1801; x_wconf 79' lang='grc' dir='ltr'>δυναστείας</span> <span class='ocrx_word' id='word_1_259' title='bbox 380 1769 578 1805; x_wconf 67' lang='grc' dir='ltr'><strong>σφοδρότερον⁸</strong></span> <span class='ocrx_word' id='word_1_260' title='bbox 605 1770 638 1804; x_wconf 83' lang='grc' dir='ltr'>τῇ</span> <span class='ocrx_word' id='word_1_261' title='bbox 654 1768 708 1804; x_wconf 76' lang='grc' dir='ltr'><strong>γὰρ</strong></span> <span class='ocrx_word' id='word_1_262' title='bbox 730 1768 812 1803; x_wconf 65' lang='grc' dir='ltr'>περὶ.</span> <span class='ocrx_word' id='word_1_263' title='bbox 835 1788 841 1794; x_wconf 95' lang='grc'><em>.</em></span> <span class='ocrx_word' id='word_1_264' title='bbox 861 1787 870 1794; x_wconf 89' lang='grc'><strong>.</strong></span> <span class='ocrx_word' id='word_1_265' title='bbox 885 1775 931 1793; x_wconf 86' lang='grc' dir='ltr'>το-</span> 
     </span>
    </p>
   </div>
   <div class='ocr_carea' id='block_1_41' title="bbox 142 1812 929 1849">
    <p class='ocr_par' dir='ltr' id='par_1_41' title="bbox 142 1812 929 1849">
     <span class='ocr_line' id='line_1_41' title="bbox 142 1812 929 1849; baseline -0.003 -9"><span class='ocrx_word' id='word_1_266' title='bbox 142 1823 189 1849; x_wconf 89' lang='grc' dir='ltr'><strong>χος</strong></span> <span class='ocrx_word' id='word_1_267' title='bbox 203 1815 217 1840; x_wconf 93' lang='grc' dir='ltr'><strong>ό</strong></span> <span class='ocrx_word' id='word_1_268' title='bbox 231 1813 358 1848; x_wconf 80' lang='grc' dir='ltr'>φίλτατος</span> <span class='ocrx_word' id='word_1_269' title='bbox 371 1813 502 1848; x_wconf 77' lang='grc' dir='ltr'>γεγονὼς,</span> <span class='ocrx_word' id='word_1_270' title='bbox 518 1813 636 1849; x_wconf 73' lang='grc' dir='ltr'>ἠγνόησέ</span> <span class='ocrx_word' id='word_1_271' title='bbox 655 1821 706 1848; x_wconf 88' lang='grc' dir='ltr'><strong>μου</strong></span> <span class='ocrx_word' id='word_1_272' title='bbox 721 1812 754 1839; x_wconf 74' lang='grc' dir='ltr'>τὰ</span> <span class='ocrx_word' id='word_1_273' title='bbox 768 1812 929 1848; x_wconf 83' lang='grc' dir='ltr'>πράγματα,</span> 
     </span>
    </p>
   </div>
   <div class='ocr_carea' id='block_1_42' title="bbox 142 1857 930 1895">
    <p class='ocr_par' dir='ltr' id='par_1_42' title="bbox 142 1857 930 1895">
     <span class='ocr_line' id='line_1_42' title="bbox 142 1857 930 1895; baseline -0.003 -9"><span class='ocrx_word' id='word_1_274' title='bbox 142 1859 190 1886; x_wconf 71' lang='grc' dir='ltr'><strong>καὶ</strong></span> <span class='ocrx_word' id='word_1_275' title='bbox 207 1860 322 1895; x_wconf 84' lang='grc' dir='ltr'>παρέχει</span> <span class='ocrx_word' id='word_1_276' title='bbox 334 1868 360 1886; x_wconf 89' lang='grc' dir='ltr'><strong>τι</strong></span> <span class='ocrx_word' id='word_1_277' title='bbox 375 1859 566 1895; x_wconf 81' lang='grc' dir='ltr'>παραπλήσιον</span> <span class='ocrx_word' id='word_1_278' title='bbox 578 1867 584 1874; x_wconf 89' lang='grc'>·</span> <span class='ocrx_word' id='word_1_279' title='bbox 603 1859 697 1894; x_wconf 76' lang='grc' dir='ltr'>ὥσπερ</span> <span class='ocrx_word' id='word_1_280' title='bbox 723 1859 756 1886; x_wconf 86' lang='grc' dir='ltr'><strong>ἂν</strong></span> <span class='ocrx_word' id='word_1_281' title='bbox 782 1859 863 1890; x_wconf 78' lang='grc' dir='ltr'>εἴτις</span> <span class='ocrx_word' id='word_1_282' title='bbox 885 1857 930 1884; x_wconf 82' lang='grc' dir='ltr'><strong>τὸν</strong></span> 
     </span>
    </p>
   </div>
   <div class='ocr_carea' id='block_1_43' title="bbox 142 1905 931 1941">
    <p class='ocr_par' dir='ltr' id='par_1_43' title="bbox 142 1905 931 1941">
     <span class='ocr_line' id='line_1_43' title="bbox 142 1905 931 1941; baseline -0.001 -10"><span class='ocrx_word' id='word_1_283' title='bbox 142 1906 222 1940; x_wconf 59' lang='grc' dir='ltr'>φοξὸν</span> <span class='ocrx_word' id='word_1_284' title='bbox 237 1906 303 1940; x_wconf 81' lang='grc' dir='ltr'>παρ’</span> <span class='ocrx_word' id='word_1_285' title='bbox 315 1905 454 1941; x_wconf 79' lang='grc' dir='ltr'>Ὅμηρον·</span> <span class='ocrx_word' id='word_1_286' title='bbox 472 1905 519 1932; x_wconf 77' lang='grc' dir='ltr'>καὶ</span> <span class='ocrx_word' id='word_1_287' title='bbox 535 1905 562 1932; x_wconf 87' lang='grc' dir='ltr'><strong>τί</strong></span> <span class='ocrx_word' id='word_1_288' title='bbox 580 1905 636 1940; x_wconf 78' lang='grc' dir='ltr'>γὰρ</span> <span class='ocrx_word' id='word_1_289' title='bbox 653 1905 746 1941; x_wconf 74' lang='grc' dir='ltr'>ἕτερον</span> <span class='ocrx_word' id='word_1_290' title='bbox 761 1905 777 1940; x_wconf 88' lang='grc' dir='ltr'><strong>ῆ</strong></span> <span class='ocrx_word' id='word_1_291' title='bbox 797 1905 931 1940; x_wconf 80' lang='grc' dir='ltr'>θερσῐτην</span> 
     </span>
    </p>
   </div>
   <div class='ocr_carea' id='block_1_44' title="bbox 142 1950 930 1987">
    <p class='ocr_par' dir='ltr' id='par_1_44' title="bbox 142 1950 930 1987">
     <span class='ocr_line' id='line_1_44' title="bbox 142 1950 930 1987; baseline 0 -10"><span class='ocrx_word' id='word_1_292' title='bbox 142 1951 218 1986; x_wconf 87' lang='grc' dir='ltr'>παρὰ</span> <span class='ocrx_word' id='word_1_293' title='bbox 238 1951 291 1978; x_wconf 82' lang='grc' dir='ltr'><strong>τῶν</strong></span> <span class='ocrx_word' id='word_1_294' title='bbox 309 1950 445 1987; x_wconf 76' lang='grc' dir='ltr'>Ἑλλήνων</span> <span class='ocrx_word' id='word_1_295' title='bbox 464 1952 493 1983; x_wconf 75' lang='grc' dir='ltr'>ἐς</span> <span class='ocrx_word' id='word_1_296' title='bbox 510 1951 574 1978; x_wconf 81' lang='grc' dir='ltr'>θέαν</span> <span class='ocrx_word' id='word_1_297' title='bbox 590 1951 712 1986; x_wconf 78' lang='grc' dir='ltr'>ἀπέφηνε</span> <span class='ocrx_word' id='word_1_298' title='bbox 727 1951 867 1987; x_wconf 82' lang='grc' dir='ltr'>κρείττονα</span> <span class='ocrx_word' id='word_1_299' title='bbox 883 1950 930 1977; x_wconf 76' lang='grc' dir='ltr'>καὶ</span> 
     </span>
    </p>
   </div>
   <div class='ocr_carea' id='block_1_45' title="bbox 142 1996 931 2032">
    <p class='ocr_par' dir='ltr' id='par_1_45' title="bbox 142 1996 931 2032">
     <span class='ocr_line' id='line_1_45' title="bbox 142 1996 931 2032; baseline 0 -10"><span class='ocrx_word' id='word_1_300' title='bbox 142 1996 224 2023; x_wconf 77' lang='grc' dir='ltr'>αὐτοῦ</span> <span class='ocrx_word' id='word_1_301' title='bbox 251 1997 321 2032; x_wconf 80' lang='grc' dir='ltr'>τάχα</span> <span class='ocrx_word' id='word_1_302' title='bbox 348 1996 395 2023; x_wconf 80' lang='grc' dir='ltr'>τοῦ</span> <span class='ocrx_word' id='word_1_303' title='bbox 419 1997 537 2029; x_wconf 78' lang='grc' dir='ltr'>Νιρέως,</span> <span class='ocrx_word' id='word_1_304' title='bbox 558 1997 588 2028; x_wconf 80' lang='grc' dir='ltr'>ὃς</span> <span class='ocrx_word' id='word_1_305' title='bbox 616 1996 758 2028; x_wconf 81' lang='grc' dir='ltr'>κάλλιστος</span> <span class='ocrx_word' id='word_1_306' title='bbox 785 1996 854 2032; x_wconf 82' lang='grc' dir='ltr'>ἀνὴρ</span> <span class='ocrx_word' id='word_1_307' title='bbox 880 1996 931 2022; x_wconf 69' lang='grc' dir='ltr'>ὑπὸ</span> 
     </span>
    </p>
   </div>
   <div class='ocr_carea' id='block_1_46' title="bbox 143 2039 931 2076">
    <p class='ocr_par' dir='ltr' id='par_1_46' title="bbox 143 2039 931 2076">
     <span class='ocr_line' id='line_1_46' title="bbox 143 2039 931 2076; baseline 0.001 -9"><span class='ocrx_word' id='word_1_308' title='bbox 143 2041 224 2067; x_wconf 84' lang='grc' dir='ltr'>Ἴλιον</span> <span class='ocrx_word' id='word_1_309' title='bbox 240 2039 340 2076; x_wconf 79' lang='grc' dir='ltr'>ἦλθεν;</span> <span class='ocrx_word' id='word_1_310' title='bbox 355 2041 434 2076; x_wconf 71' lang='grc' dir='ltr'>Ἐμοὶ</span> <span class='ocrx_word' id='word_1_311' title='bbox 456 2041 485 2067; x_wconf 74' lang='grc' dir='ltr'>δὲ</span> <span class='ocrx_word' id='word_1_312' title='bbox 499 2041 626 2076; x_wconf 83' lang='grc' dir='ltr'>μέγιστος</span> <span class='ocrx_word' id='word_1_313' title='bbox 650 2042 760 2073; x_wconf 75' lang='grc' dir='ltr'>ἔπαινος</span> <span class='ocrx_word' id='word_1_314' title='bbox 776 2043 800 2068; x_wconf 84' lang='grc' dir='ltr'><strong>εί</strong></span> <span class='ocrx_word' id='word_1_315' title='bbox 820 2041 931 2074; x_wconf 75' lang='grc' dir='ltr'>τούτους</span> 
     </span>
    </p>
   </div>
   <div class='ocr_carea' id='block_1_47' title="bbox 141 2085 927 2123">
    <p class='ocr_par' dir='ltr' id='par_1_47' title="bbox 141 2085 927 2123">
     <span class='ocr_line' id='line_1_47' title="bbox 141 2085 927 2123; baseline 0 -10"><span class='ocrx_word' id='word_1_316' title='bbox 141 2085 304 2121; x_wconf 77' lang='grc' dir='ltr'>ἁγνοηκέναι</span> <span class='ocrx_word' id='word_1_317' title='bbox 328 2086 453 2122; x_wconf 85' lang='grc' dir='ltr'>δοκοίην,</span> <span class='ocrx_word' id='word_1_318' title='bbox 474 2086 521 2117; x_wconf 78' lang='grc' dir='ltr'><strong>οὒς</strong></span> <span class='ocrx_word' id='word_1_319' title='bbox 540 2086 616 2123; x_wconf 76' lang='grc' dir='ltr'>παρὰ</span> <span class='ocrx_word' id='word_1_320' title='bbox 628 2096 643 2113; x_wconf 91' lang='grc' dir='ltr'><strong>σ</strong></span> <span class='ocrx_word' id='word_1_321' title='bbox 656 2108 662 2114; x_wconf 98' lang='grc'>.</span> <span class='ocrx_word' id='word_1_322' title='bbox 680 2108 687 2115; x_wconf 93' lang='grc'><em>.</em></span> <span class='ocrx_word' id='word_1_323' title='bbox 704 2107 710 2113; x_wconf 94' lang='grc'><strong><em>.</em></strong></span> <span class='ocrx_word' id='word_1_324' title='bbox 730 2088 927 2122; x_wconf 56' lang='grc' dir='ltr'>νενικήκαμεν</span> 
     </span>
    </p>
   </div>
   <div class='ocr_carea' id='block_1_48' title="bbox 141 2132 930 2169">
    <p class='ocr_par' dir='ltr' id='par_1_48' title="bbox 141 2132 930 2169">
     <span class='ocr_line' id='line_1_48' title="bbox 141 2132 930 2169; baseline 0.001 -11"><span class='ocrx_word' id='word_1_325' title='bbox 141 2132 201 2158; x_wconf 77' lang='grc' dir='ltr'>ὅθεν</span> <span class='ocrx_word' id='word_1_326' title='bbox 215 2141 262 2158; x_wconf 79' lang='grc' dir='ltr'><strong>σου</strong></span> <span class='ocrx_word' id='word_1_327' title='bbox 279 2133 423 2168; x_wconf 81' lang='grc' dir='ltr'>Θαυμάσας</span> <span class='ocrx_word' id='word_1_328' title='bbox 439 2133 489 2169; x_wconf 82' lang='grc' dir='ltr'><strong>τὴν</strong></span> <span class='ocrx_word' id='word_1_329' title='bbox 502 2133 619 2165; x_wconf 76' lang='grc' dir='ltr'>εὖνοιαν,</span> <span class='ocrx_word' id='word_1_330' title='bbox 633 2133 696 2165; x_wconf 75' lang='grc' dir='ltr'>τοὺς</span> <span class='ocrx_word' id='word_1_331' title='bbox 707 2133 801 2168; x_wconf 86' lang='grc' dir='ltr'>λόγους</span> <span class='ocrx_word' id='word_1_332' title='bbox 816 2133 930 2168; x_wconf 86' lang='grc' dir='ltr'>ἀνεστή-</span> 
     </span>
    </p>
   </div>
   <div class='ocr_carea' id='block_1_49' title="bbox 986 213 1778 254">
    <p class='ocr_par' dir='ltr' id='par_1_49' title="bbox 986 213 1778 254">
     <span class='ocr_line' id='line_1_49' title="bbox 986 213 1778 254; baseline 0.009 -15"><span class='ocrx_word' id='word_1_333' title='bbox 986 218 1012 240; x_wconf 89' lang='lat' dir='ltr'><strong>et</strong></span> <span class='ocrx_word' id='word_1_334' title='bbox 1030 213 1083 241; x_wconf 87' lang='lat' dir='ltr'><strong>Deo</strong></span> <span class='ocrx_word' id='word_1_335' title='bbox 1096 213 1208 242; x_wconf 86' lang='lat' dir='ltr'><strong>charam</strong></span> <span class='ocrx_word' id='word_1_336' title='bbox 1222 219 1249 242; x_wconf 90' lang='lat' dir='ltr'><strong>et</strong></span> <span class='ocrx_word' id='word_1_337' title='bbox 1273 216 1413 244; x_wconf 77' lang='lat' dir='ltr'><strong>orantibus</strong></span> <span class='ocrx_word' id='word_1_338' title='bbox 1438 217 1584 252; x_wconf 82' lang='lat' dir='ltr'><strong>gratiosam</strong></span> <span class='ocrx_word' id='word_1_339' title='bbox 1604 221 1632 245; x_wconf 89' lang='lat' dir='ltr'><strong>et</strong></span> <span class='ocrx_word' id='word_1_340' title='bbox 1653 217 1778 254; x_wconf 74' lang='lat' dir='ltr'><strong>indigen~</strong></span> 
     </span>
    </p>
   </div>
   <div class='ocr_carea' id='block_1_50' title="bbox 987 259 1264 295">
    <p class='ocr_par' dir='ltr' id='par_1_50' title="bbox 987 259 1264 295">
     <span class='ocr_line' id='line_1_50' title="bbox 987 259 1264 295; baseline 0.004 -9"><span class='ocrx_word' id='word_1_341' title='bbox 987 259 1058 287; x_wconf 86' lang='lat' dir='ltr'><strong>libus</strong></span> <span class='ocrx_word' id='word_1_342' title='bbox 1075 261 1264 295; x_wconf 87' lang='lat' dir='ltr'><strong>opitulantem.</strong></span> 
     </span>
    </p>
   </div>
   <div class='ocr_carea' id='block_1_51' title="bbox 1246 350 1511 380">
    <p class='ocr_par' dir='ltr' id='par_1_51' title="bbox 1246 350 1511 380">
     <span class='ocr_line' id='line_1_51' title="bbox 1246 350 1511 380; baseline 0.008 -2"><span class='ocrx_word' id='word_1_343' title='bbox 1246 350 1361 380; x_wconf 74' lang='lat' dir='ltr'><strong>XCVIII.</strong></span> <span class='ocrx_word' id='word_1_344' title='bbox 1381 352 1511 380; x_wconf 71' lang='lat' dir='ltr'><strong>JOANNI.</strong></span> 
     </span>
    </p>
   </div>
   <div class='ocr_carea' id='block_1_52' title="bbox 1022 396 1774 437">
    <p class='ocr_par' dir='ltr' id='par_1_52' title="bbox 1022 396 1774 437">
     <span class='ocr_line' id='line_1_52' title="bbox 1022 396 1774 437; baseline 0.011 -14"><span class='ocrx_word' id='word_1_345' title='bbox 1022 396 1072 429; x_wconf 87' lang='lat' dir='ltr'><strong>Qui</strong></span> <span class='ocrx_word' id='word_1_346' title='bbox 1099 402 1259 432; x_wconf 71' lang='lat' dir='ltr'><strong>prmsentcm</strong></span> <span class='ocrx_word' id='word_1_347' title='bbox 1289 399 1429 432; x_wconf 84' lang='lat' dir='ltr'><strong>epistolam</strong></span> <span class='ocrx_word' id='word_1_348' title='bbox 1457 399 1576 434; x_wconf 82' lang='lat' dir='ltr'><strong>perfert,</strong></span> <span class='ocrx_word' id='word_1_349' title='bbox 1600 402 1643 429; x_wconf 89' lang='lat' dir='ltr'><strong>vir</strong></span> <span class='ocrx_word' id='word_1_350' title='bbox 1665 403 1774 437; x_wconf 84' lang='lat' dir='ltr'><strong>probus,</strong></span> 
     </span>
    </p>
   </div>
   <div class='ocr_carea' id='block_1_53' title="bbox 986 441 1776 480">
    <p class='ocr_par' dir='ltr' id='par_1_53' title="bbox 986 441 1776 480">
     <span class='ocr_line' id='line_1_53' title="bbox 986 441 1776 480; baseline 0.008 -10"><span class='ocrx_word' id='word_1_351' title='bbox 986 448 1019 470; x_wconf 80' lang='lat' dir='ltr'><strong>ex</strong></span> <span class='ocrx_word' id='word_1_352' title='bbox 1042 441 1174 476; x_wconf 78' lang='lat' dir='ltr'><strong>iniustitia</strong></span> <span class='ocrx_word' id='word_1_353' title='bbox 1199 443 1293 471; x_wconf 79' lang='lat' dir='ltr'><strong>fratris</strong></span> <span class='ocrx_word' id='word_1_354' title='bbox 1313 444 1431 480; x_wconf 91' lang='lat' dir='ltr'><strong>inopiam</strong></span> <span class='ocrx_word' id='word_1_355' title='bbox 1453 445 1626 475; x_wconf 87' lang='lat' dir='ltr'><strong>lamentatur.</strong></span> <span class='ocrx_word' id='word_1_356' title='bbox 1648 447 1724 476; x_wconf 84' lang='lat' dir='ltr'><strong>Unde</strong></span> <span class='ocrx_word' id='word_1_357' title='bbox 1743 449 1776 476; x_wconf 92' lang='lat' dir='ltr'><strong>ad</strong></span> 
     </span>
    </p>
   </div>
   <div class='ocr_carea' id='block_1_54' title="bbox 985 488 1778 527">
    <p class='ocr_par' dir='ltr' id='par_1_54' title="bbox 985 488 1778 527">
     <span class='ocr_line' id='line_1_54' title="bbox 985 488 1778 527; baseline 0.01 -12"><span class='ocrx_word' id='word_1_358' title='bbox 985 488 1260 523; x_wconf 65' lang='lat' dir='ltr'><strong>justitiam-Caesaris</strong></span> <span class='ocrx_word' id='word_1_359' title='bbox 1288 492 1424 527; x_wconf 79' lang='lat' dir='ltr'><strong>confugit,</strong></span> <span class='ocrx_word' id='word_1_360' title='bbox 1452 493 1474 520; x_wconf 88' lang='lat' dir='ltr'><strong>si</strong></span> <span class='ocrx_word' id='word_1_361' title='bbox 1499 493 1552 522; x_wconf 86' lang='lat' dir='ltr'><strong>hoc</strong></span> <span class='ocrx_word' id='word_1_362' title='bbox 1578 495 1658 522; x_wconf 88' lang='lat' dir='ltr'><strong>modo</strong></span> <span class='ocrx_word' id='word_1_363' title='bbox 1687 495 1778 522; x_wconf 83' lang='lat' dir='ltr'><strong>debita</strong></span> 
     </span>
    </p>
   </div>
   <div class='ocr_carea' id='block_1_55' title="bbox 989 534 1776 574">
    <p class='ocr_par' dir='ltr' id='par_1_55' title="bbox 989 534 1776 574">
     <span class='ocr_line' id='line_1_55' title="bbox 989 534 1776 574; baseline 0.01 -15"><span class='ocrx_word' id='word_1_364' title='bbox 989 534 1075 568; x_wconf 84' lang='lat' dir='ltr'><strong>possit</strong></span> <span class='ocrx_word' id='word_1_365' title='bbox 1103 542 1275 570; x_wconf 86' lang='lat' dir='ltr'><strong>recuperare.</strong></span> <span class='ocrx_word' id='word_1_366' title='bbox 1297 537 1349 564; x_wconf 84' lang='lat' dir='ltr'><strong>Sed</strong></span> <span class='ocrx_word' id='word_1_367' title='bbox 1375 537 1411 564; x_wconf 87' lang='lat' dir='ltr'><strong>illi</strong></span> <span class='ocrx_word' id='word_1_368' title='bbox 1441 539 1567 573; x_wconf 84' lang='lat' dir='ltr'><strong>opitulari</strong></span> <span class='ocrx_word' id='word_1_369' title='bbox 1593 541 1722 574; x_wconf 72' lang='lat' dir='ltr'><strong>dignare.</strong></span> <span class='ocrx_word' id='word_1_370' title='bbox 1749 541 1776 567; x_wconf 91' lang='lat' dir='ltr'><strong>in</strong></span> 
     </span>
    </p>
   </div>
   <div class='ocr_carea' id='block_1_56' title="bbox 987 580 1777 622">
    <p class='ocr_par' dir='ltr' id='par_1_56' title="bbox 987 580 1777 622">
     <span class='ocr_line' id='line_1_56' title="bbox 987 580 1777 622; baseline 0.011 -17"><span class='ocrx_word' id='word_1_371' title='bbox 987 580 1117 607; x_wconf 87' lang='lat' dir='ltr'><strong>auxilium</strong></span> <span class='ocrx_word' id='word_1_372' title='bbox 1138 581 1176 608; x_wconf 89' lang='lat' dir='ltr'><strong>illi</strong></span> <span class='ocrx_word' id='word_1_373' title='bbox 1203 582 1337 611; x_wconf 82' lang='lat' dir='ltr'><strong>sullicicns</strong></span> <span class='ocrx_word' id='word_1_374' title='bbox 1363 587 1463 618; x_wconf 76' lang='lat' dir='ltr'><strong>parans</strong></span> <span class='ocrx_word' id='word_1_375' title='bbox 1486 593 1533 613; x_wconf 88' lang='lat' dir='ltr'><strong>eos</strong></span> <span class='ocrx_word' id='word_1_376' title='bbox 1559 587 1605 622; x_wconf 87' lang='lat' dir='ltr'><strong>qui</strong></span> <span class='ocrx_word' id='word_1_377' title='bbox 1633 587 1702 622; x_wconf 83' lang='lat' dir='ltr'><strong>apud</strong></span> <span class='ocrx_word' id='word_1_378' title='bbox 1729 594 1777 614; x_wconf 86' lang='lat' dir='ltr'><strong>vos</strong></span> 
     </span>
    </p>
   </div>
   <div class='ocr_carea' id='block_1_57' title="bbox 989 627 1776 667">
    <p class='ocr_par' dir='ltr' id='par_1_57' title="bbox 989 627 1776 667">
     <span class='ocr_line' id='line_1_57' title="bbox 989 627 1776 667; baseline 0.009 -15"><span class='ocrx_word' id='word_1_379' title='bbox 989 631 1113 660; x_wconf 87' lang='lat' dir='ltr'><strong>potentes</strong></span> <span class='ocrx_word' id='word_1_380' title='bbox 1142 632 1215 655; x_wconf 86' lang='lat' dir='ltr'><strong>sunt.</strong></span> <span class='ocrx_word' id='word_1_381' title='bbox 1245 627 1332 656; x_wconf 89' lang='lat' dir='ltr'><strong>Unam</strong></span> <span class='ocrx_word' id='word_1_382' title='bbox 1361 630 1431 657; x_wconf 89' lang='lat' dir='ltr'><strong>enim</strong></span> <span class='ocrx_word' id='word_1_383' title='bbox 1463 631 1542 659; x_wconf 83' lang='lat' dir='ltr'><strong>habet</strong></span> <span class='ocrx_word' id='word_1_384' title='bbox 1573 639 1647 667; x_wconf 81' lang='lat' dir='ltr'><strong>spem</strong></span> <span class='ocrx_word' id='word_1_385' title='bbox 1677 632 1776 665; x_wconf 75' lang='lat' dir='ltr'><strong>solatii,</strong></span> 
     </span>
    </p>
   </div>
   <div class='ocr_carea' id='block_1_58' title="bbox 988 672 1777 712">
    <p class='ocr_par' dir='ltr' id='par_1_58' title="bbox 988 672 1777 712">
     <span class='ocr_line' id='line_1_58' title="bbox 988 672 1777 712; baseline 0.008 -14"><span class='ocrx_word' id='word_1_386' title='bbox 988 679 1084 706; x_wconf 86' lang='lat' dir='ltr'><strong>nempe</strong></span> <span class='ocrx_word' id='word_1_387' title='bbox 1107 680 1137 700; x_wconf 86' lang='lat' dir='ltr'><strong>se</strong></span> <span class='ocrx_word' id='word_1_388' title='bbox 1162 672 1250 708; x_wconf 78' lang='lat' dir='ltr'><strong>legum</strong></span> <span class='ocrx_word' id='word_1_389' title='bbox 1274 673 1478 708; x_wconf 89' lang='lat' dir='ltr'><strong>opitulationem</strong></span> <span class='ocrx_word' id='word_1_390' title='bbox 1505 678 1697 708; x_wconf 83' lang='lat' dir='ltr'><strong>obtenturum.</strong></span> <span class='ocrx_word' id='word_1_391' title='bbox 1724 686 1777 712; x_wconf 80' lang='lat' dir='ltr'><strong>qua</strong></span> 
     </span>
    </p>
   </div>
   <div class='ocr_carea' id='block_1_59' title="bbox 988 719 1779 755">
    <p class='ocr_par' dir='ltr' id='par_1_59' title="bbox 988 719 1779 755">
     <span class='ocr_line' id='line_1_59' title="bbox 988 719 1779 755; baseline 0.008 -10"><span class='ocrx_word' id='word_1_392' title='bbox 988 719 1078 745; x_wconf 87' lang='lat' dir='ltr'><strong>laudiu</strong></span> <span class='ocrx_word' id='word_1_393' title='bbox 1105 719 1230 754; x_wconf 74' lang='lat' dir='ltr'><strong>privatus</strong></span> <span class='ocrx_word' id='word_1_394' title='bbox 1254 725 1311 752; x_wconf 89' lang='lat' dir='ltr'><strong>est,</strong></span> <span class='ocrx_word' id='word_1_395' title='bbox 1336 721 1565 755; x_wconf 84' lang='lat' dir='ltr'><strong>improbissimum</strong></span> <span class='ocrx_word' id='word_1_396' title='bbox 1594 723 1706 751; x_wconf 76' lang='lat' dir='ltr'><strong>fratrem</strong></span> <span class='ocrx_word' id='word_1_397' title='bbox 1731 724 1779 751; x_wconf 86' lang='lat' dir='ltr'><strong>ha-</strong></span> 
     </span>
    </p>
   </div>
   <div class='ocr_carea' id='block_1_60' title="bbox 986 764 1779 805">
    <p class='ocr_par' dir='ltr' id='par_1_60' title="bbox 986 764 1779 805">
     <span class='ocr_line' id='line_1_60' title="bbox 986 764 1779 805; baseline 0.009 -15"><span class='ocrx_word' id='word_1_398' title='bbox 986 764 1064 797; x_wconf 85' lang='lat' dir='ltr'><strong>bens,</strong></span> <span class='ocrx_word' id='word_1_399' title='bbox 1082 765 1126 800; x_wconf 90' lang='lat' dir='ltr'><strong>qui</strong></span> <span class='ocrx_word' id='word_1_400' title='bbox 1143 766 1265 800; x_wconf 89' lang='lat' dir='ltr'><strong>quotidie</strong></span> <span class='ocrx_word' id='word_1_401' title='bbox 1278 774 1346 794; x_wconf 84' lang='lat' dir='ltr'><strong>nova</strong></span> <span class='ocrx_word' id='word_1_402' title='bbox 1366 767 1466 796; x_wconf 74' lang='lat' dir='ltr'><strong>fmdera</strong></span> <span class='ocrx_word' id='word_1_403' title='bbox 1486 771 1667 798; x_wconf 80' lang='lat' dir='ltr'><strong>machinatur.</strong></span> <span class='ocrx_word' id='word_1_404' title='bbox 1685 770 1779 805; x_wconf 86' lang='lat' dir='ltr'><strong>Itaque</strong></span> 
     </span>
    </p>
   </div>
   <div class='ocr_carea' id='block_1_61' title="bbox 989 810 1778 852">
    <p class='ocr_par' dir='ltr' id='par_1_61' title="bbox 989 810 1778 852">
     <span class='ocr_line' id='line_1_61' title="bbox 989 810 1778 852; baseline 0.009 -15"><span class='ocrx_word' id='word_1_405' title='bbox 989 810 1062 838; x_wconf 87' lang='lat' dir='ltr'><strong>illius</strong></span> <span class='ocrx_word' id='word_1_406' title='bbox 1093 816 1241 846; x_wconf 84' lang='lat' dir='ltr'><strong>egestatem</strong></span> <span class='ocrx_word' id='word_1_407' title='bbox 1273 812 1416 847; x_wconf 84' lang='lat' dir='ltr'><strong>soletnini,</strong></span> <span class='ocrx_word' id='word_1_408' title='bbox 1446 814 1609 848; x_wconf 75' lang='lat' dir='ltr'><strong>iudiciorum</strong></span> <span class='ocrx_word' id='word_1_409' title='bbox 1641 817 1778 852; x_wconf 83' lang='lat' dir='ltr'><strong>impensas</strong></span> 
     </span>
    </p>
   </div>
   <div class='ocr_carea' id='block_1_62' title="bbox 990 857 1399 892">
    <p class='ocr_par' dir='ltr' id='par_1_62' title="bbox 990 857 1399 892">
     <span class='ocr_line' id='line_1_62' title="bbox 990 857 1399 892; baseline 0.005 -9"><span class='ocrx_word' id='word_1_410' title='bbox 990 857 1218 892; x_wconf 85' lang='lat' dir='ltr'><strong>quamplurimum</strong></span> <span class='ocrx_word' id='word_1_411' title='bbox 1236 857 1399 886; x_wconf 81' lang='lat' dir='ltr'><strong>recidentes.</strong></span> 
     </span>
    </p>
   </div>
   <div class='ocr_carea' id='block_1_63' title="bbox 1167 945 1598 977">
    <p class='ocr_par' dir='ltr' id='par_1_63' title="bbox 1167 945 1598 977">
     <span class='ocr_line' id='line_1_63' title="bbox 1167 945 1598 977; baseline 0.009 -5"><span class='ocrx_word' id='word_1_412' title='bbox 1167 945 1258 973; x_wconf 77' lang='lat' dir='ltr'><strong>XCIX.</strong></span> <span class='ocrx_word' id='word_1_413' title='bbox 1280 945 1438 975; x_wconf 84' lang='lat' dir='ltr'><strong>PIIILIPPO</strong></span> <span class='ocrx_word' id='word_1_414' title='bbox 1459 948 1598 977; x_wconf 78' lang='lat' dir='ltr'><strong>FRATRI.</strong></span> 
     </span>
    </p>
   </div>
   <div class='ocr_carea' id='block_1_64' title="bbox 1025 991 1778 1030">
    <p class='ocr_par' dir='ltr' id='par_1_64' title="bbox 1025 991 1778 1030">
     <span class='ocr_line' id='line_1_64' title="bbox 1025 991 1778 1030; baseline 0.011 -13"><span class='ocrx_word' id='word_1_415' title='bbox 1025 991 1092 1018; x_wconf 87' lang='lat' dir='ltr'><strong>Eum</strong></span> <span class='ocrx_word' id='word_1_416' title='bbox 1110 992 1157 1027; x_wconf 85' lang='lat' dir='ltr'><strong>qui</strong></span> <span class='ocrx_word' id='word_1_417' title='bbox 1175 992 1251 1020; x_wconf 81' lang='lat' dir='ltr'><strong>vobis</strong></span> <span class='ocrx_word' id='word_1_418' title='bbox 1269 993 1339 1021; x_wconf 85' lang='lat' dir='ltr'><strong>hanc</strong></span> <span class='ocrx_word' id='word_1_419' title='bbox 1358 993 1459 1028; x_wconf 87' lang='lat' dir='ltr'><strong>perfert</strong></span> <span class='ocrx_word' id='word_1_420' title='bbox 1471 996 1613 1030; x_wconf 86' lang='lat' dir='ltr'><strong>epistolam</strong></span> <span class='ocrx_word' id='word_1_421' title='bbox 1629 1001 1656 1024; x_wconf 88' lang='lat' dir='ltr'><strong>et</strong></span> <span class='ocrx_word' id='word_1_422' title='bbox 1670 997 1778 1026; x_wconf 87' lang='lat' dir='ltr'><strong>aliunde</strong></span> 
     </span>
    </p>
   </div>
   <div class='ocr_carea' id='block_1_65' title="bbox 989 1037 1777 1077">
    <p class='ocr_par' dir='ltr' id='par_1_65' title="bbox 989 1037 1777 1077">
     <span class='ocr_line' id='line_1_65' title="bbox 989 1037 1777 1077; baseline 0.01 -13"><span class='ocrx_word' id='word_1_423' title='bbox 989 1037 1098 1072; x_wconf 82' lang='lat' dir='ltr'><strong>quidem</strong></span> <span class='ocrx_word' id='word_1_424' title='bbox 1125 1038 1216 1074; x_wconf 81' lang='lat' dir='ltr'><strong>diligo,</strong></span> <span class='ocrx_word' id='word_1_425' title='bbox 1238 1046 1291 1066; x_wconf 92' lang='lat' dir='ltr'><strong>non</strong></span> <span class='ocrx_word' id='word_1_426' title='bbox 1320 1039 1408 1068; x_wconf 88' lang='lat' dir='ltr'><strong>minus</strong></span> <span class='ocrx_word' id='word_1_427' title='bbox 1434 1045 1524 1069; x_wconf 81' lang='lat' dir='ltr'><strong>autem</strong></span> <span class='ocrx_word' id='word_1_428' title='bbox 1548 1043 1619 1077; x_wconf 88' lang='lat' dir='ltr'><strong>quod</strong></span> <span class='ocrx_word' id='word_1_429' title='bbox 1645 1044 1727 1071; x_wconf 85' lang='lat' dir='ltr'><strong>vestri</strong></span> <span class='ocrx_word' id='word_1_430' title='bbox 1750 1045 1777 1072; x_wconf 91' lang='lat' dir='ltr'><strong>in</strong></span> 
     </span>
    </p>
   </div>
   <div class='ocr_carea' id='block_1_66' title="bbox 988 1084 1778 1123">
    <p class='ocr_par' dir='ltr' id='par_1_66' title="bbox 988 1084 1778 1123">
     <span class='ocr_line' id='line_1_66' title="bbox 988 1084 1778 1123; baseline 0.008 -12"><span class='ocrx_word' id='word_1_431' title='bbox 988 1084 1066 1111; x_wconf 84' lang='lat' dir='ltr'><strong>bonis</strong></span> <span class='ocrx_word' id='word_1_432' title='bbox 1086 1085 1220 1112; x_wconf 86' lang='lat' dir='ltr'><strong>mem-init.</strong></span> <span class='ocrx_word' id='word_1_433' title='bbox 1238 1085 1295 1112; x_wconf 83' lang='lat' dir='ltr'><strong>luto</strong></span> <span class='ocrx_word' id='word_1_434' title='bbox 1311 1090 1339 1113; x_wconf 90' lang='lat' dir='ltr'><strong>et</strong></span> <span class='ocrx_word' id='word_1_435' title='bbox 1353 1086 1433 1120; x_wconf 86' lang='lat' dir='ltr'><strong>hujus</strong></span> <span class='ocrx_word' id='word_1_436' title='bbox 1450 1087 1482 1114; x_wconf 80' lang='lat' dir='ltr'><strong>ad</strong></span> <span class='ocrx_word' id='word_1_437' title='bbox 1496 1095 1546 1115; x_wconf 86' lang='lat' dir='ltr'><strong>vos</strong></span> <span class='ocrx_word' id='word_1_438' title='bbox 1559 1088 1679 1123; x_wconf 72' lang='lat' dir='ltr'><strong>epistola:</strong></span> <span class='ocrx_word' id='word_1_439' title='bbox 1696 1097 1778 1118; x_wconf 84' lang='lat' dir='ltr'><strong>causa</strong></span> 
     </span>
    </p>
   </div>
   <div class='ocr_carea' id='block_1_67' title="bbox 989 1128 1779 1165">
    <p class='ocr_par' dir='ltr' id='par_1_67' title="bbox 989 1128 1779 1165">
     <span class='ocr_line' id='line_1_67' title="bbox 989 1128 1779 1165; baseline 0.005 -9"><span class='ocrx_word' id='word_1_440' title='bbox 989 1128 1078 1157; x_wconf 79' lang='lat' dir='ltr'><strong>factus</strong></span> <span class='ocrx_word' id='word_1_441' title='bbox 1097 1134 1148 1163; x_wconf 81' lang='lat' dir='ltr'><strong>est,</strong></span> <span class='ocrx_word' id='word_1_442' title='bbox 1167 1131 1265 1157; x_wconf 87' lang='lat' dir='ltr'><strong>mirum</strong></span> <span class='ocrx_word' id='word_1_443' title='bbox 1287 1138 1348 1158; x_wconf 84' lang='lat' dir='ltr'><strong>esse</strong></span> <span class='ocrx_word' id='word_1_444' title='bbox 1365 1132 1503 1165; x_wconf 84' lang='lat' dir='ltr'><strong>dictitans.</strong></span> <span class='ocrx_word' id='word_1_445' title='bbox 1519 1133 1541 1160; x_wconf 88' lang='lat' dir='ltr'><strong>si</strong></span> <span class='ocrx_word' id='word_1_446' title='bbox 1563 1140 1595 1160; x_wconf 81' lang='lat' dir='ltr'><strong>ex</strong></span> <span class='ocrx_word' id='word_1_447' title='bbox 1612 1141 1654 1161; x_wconf 90' lang='lat' dir='ltr'><strong>me</strong></span> <span class='ocrx_word' id='word_1_448' title='bbox 1675 1134 1779 1162; x_wconf 83' lang='lat' dir='ltr'><strong>littera-</strong></span> 
     </span>
    </p>
   </div>
   <div class='ocr_carea' id='block_1_68' title="bbox 989 1177 1778 1212">
    <p class='ocr_par' dir='ltr' id='par_1_68' title="bbox 989 1177 1778 1212">
     <span class='ocr_line' id='line_1_68' title="bbox 989 1177 1778 1212; baseline 0.008 -10"><span class='ocrx_word' id='word_1_449' title='bbox 989 1183 1048 1202; x_wconf 88' lang='lat' dir='ltr'><strong>rum</strong></span> <span class='ocrx_word' id='word_1_450' title='bbox 1061 1184 1163 1203; x_wconf 85' lang='lat' dir='ltr'><strong>vacuus</strong></span> <span class='ocrx_word' id='word_1_451' title='bbox 1180 1184 1271 1203; x_wconf 83' lang='lat' dir='ltr'><strong>coram</strong></span> <span class='ocrx_word' id='word_1_452' title='bbox 1295 1177 1371 1204; x_wconf 87' lang='lat' dir='ltr'><strong>vobis</strong></span> <span class='ocrx_word' id='word_1_453' title='bbox 1389 1184 1542 1212; x_wconf 85' lang='lat' dir='ltr'><strong>appareret.</strong></span> <span class='ocrx_word' id='word_1_454' title='bbox 1559 1179 1598 1206; x_wconf 85' lang='lat' dir='ltr'><strong>Tu</strong></span> <span class='ocrx_word' id='word_1_455' title='bbox 1618 1188 1682 1208; x_wconf 86' lang='lat' dir='ltr'><strong>vero</strong></span> <span class='ocrx_word' id='word_1_456' title='bbox 1701 1181 1778 1208; x_wconf 86' lang='lat' dir='ltr'><strong>nobis</strong></span> 
     </span>
    </p>
   </div>
   <div class='ocr_carea' id='block_1_69' title="bbox 990 1222 1778 1262">
    <p class='ocr_par' dir='ltr' id='par_1_69' title="bbox 990 1222 1778 1262">
     <span class='ocr_line' id='line_1_69' title="bbox 990 1222 1778 1262; baseline 0.008 -14"><span class='ocrx_word' id='word_1_457' title='bbox 990 1229 1071 1248; x_wconf 88' lang='lat' dir='ltr'><strong>unatn</strong></span> <span class='ocrx_word' id='word_1_458' title='bbox 1090 1222 1197 1249; x_wconf 88' lang='lat' dir='ltr'><strong>remitte</strong></span> <span class='ocrx_word' id='word_1_459' title='bbox 1215 1222 1368 1256; x_wconf 87' lang='lat' dir='ltr'><strong>epistulam,</strong></span> <span class='ocrx_word' id='word_1_460' title='bbox 1391 1229 1418 1250; x_wconf 87' lang='lat' dir='ltr'><strong>et</strong></span> <span class='ocrx_word' id='word_1_461' title='bbox 1439 1225 1534 1258; x_wconf 89' lang='lat' dir='ltr'><strong>quinto</strong></span> <span class='ocrx_word' id='word_1_462' title='bbox 1555 1234 1626 1253; x_wconf 83' lang='lat' dir='ltr'><strong>anno</strong></span> <span class='ocrx_word' id='word_1_463' title='bbox 1643 1234 1703 1253; x_wconf 91' lang='lat' dir='ltr'><strong>cum</strong></span> <span class='ocrx_word' id='word_1_464' title='bbox 1724 1227 1778 1262; x_wconf 81' lang='lat' dir='ltr'><strong>Py-</strong></span> 
     </span>
    </p>
   </div>
   <div class='ocr_carea' id='block_1_70' title="bbox 989 1267 1777 1303">
    <p class='ocr_par' dir='ltr' id='par_1_70' title="bbox 989 1267 1777 1303">
     <span class='ocr_line' id='line_1_70' title="bbox 989 1267 1777 1303; baseline 0.006 -9"><span class='ocrx_word' id='word_1_465' title='bbox 989 1267 1126 1303; x_wconf 81' lang='lat' dir='ltr'><strong>thagoreis</strong></span> <span class='ocrx_word' id='word_1_466' title='bbox 1152 1268 1291 1294; x_wconf 84' lang='lat' dir='ltr'><strong>silentium</strong></span> <span class='ocrx_word' id='word_1_467' title='bbox 1319 1268 1403 1296; x_wconf 86' lang='lat' dir='ltr'><strong>solve.</strong></span> <span class='ocrx_word' id='word_1_468' title='bbox 1436 1269 1490 1297; x_wconf 87' lang='lat' dir='ltr'><strong>Nos</strong></span> <span class='ocrx_word' id='word_1_469' title='bbox 1515 1271 1587 1298; x_wconf 87' lang='lat' dir='ltr'><strong>enim</strong></span> <span class='ocrx_word' id='word_1_470' title='bbox 1611 1275 1638 1298; x_wconf 90' lang='lat' dir='ltr'><strong>et</strong></span> <span class='ocrx_word' id='word_1_471' title='bbox 1660 1271 1777 1300; x_wconf 72' lang='lat' dir='ltr'><strong>Dodonm</strong></span> 
     </span>
    </p>
   </div>
   <div class='ocr_carea' id='block_1_71' title="bbox 989 1313 1778 1346">
    <p class='ocr_par' dir='ltr' id='par_1_71' title="bbox 989 1313 1778 1346">
     <span class='ocr_line' id='line_1_71' title="bbox 989 1313 1778 1346; baseline 0.009 -7"><span class='ocrx_word' id='word_1_472' title='bbox 989 1313 1104 1340; x_wconf 87' lang='lat' dir='ltr'><strong>ahenum</strong></span> <span class='ocrx_word' id='word_1_473' title='bbox 1135 1313 1197 1340; x_wconf 77' lang='lat' dir='ltr'><strong>facti</strong></span> <span class='ocrx_word' id='word_1_474' title='bbox 1230 1320 1334 1346; x_wconf 88' lang='lat' dir='ltr'><strong>sumus,</strong></span> <span class='ocrx_word' id='word_1_475' title='bbox 1363 1318 1390 1341; x_wconf 87' lang='lat' dir='ltr'><strong>te</strong></span> <span class='ocrx_word' id='word_1_476' title='bbox 1418 1315 1450 1342; x_wconf 80' lang='lat' dir='ltr'><strong>ad</strong></span> <span class='ocrx_word' id='word_1_477' title='bbox 1479 1316 1561 1343; x_wconf 87' lang='lat' dir='ltr'><strong>verba</strong></span> <span class='ocrx_word' id='word_1_478' title='bbox 1591 1324 1702 1346; x_wconf 83' lang='lat' dir='ltr'><strong>movere</strong></span> <span class='ocrx_word' id='word_1_479' title='bbox 1730 1325 1778 1346; x_wconf 93' lang='lat' dir='ltr'><strong>vo-</strong></span> 
     </span>
    </p>
   </div>
   <div class='ocr_carea' id='block_1_72' title="bbox 988 1359 1084 1386">
    <p class='ocr_par' dir='ltr' id='par_1_72' title="bbox 988 1359 1084 1386">
     <span class='ocr_line' id='line_1_72' title="bbox 988 1359 1084 1386; baseline -0.01 0"><span class='ocrx_word' id='word_1_480' title='bbox 988 1359 1084 1386; x_wconf 79' lang='lat' dir='ltr'><strong>lentes.</strong></span> 
     </span>
    </p>
   </div>
   <div class='ocr_carea' id='block_1_73' title="bbox 1271 1409 1485 1438">
    <p class='ocr_par' dir='ltr' id='par_1_73' title="bbox 1271 1409 1485 1438">
     <span class='ocr_line' id='line_1_73' title="bbox 1271 1409 1485 1438; baseline 0 0"><span class='ocrx_word' id='word_1_481' title='bbox 1271 1410 1301 1438; x_wconf 79' lang='grc' dir='ltr'><strong>Ο.</strong></span> <span class='ocrx_word' id='word_1_482' title='bbox 1323 1409 1485 1438; x_wconf 83' lang='lat' dir='ltr'><strong>EVAGRIO.</strong></span> 
     </span>
    </p>
   </div>
   <div class='ocr_carea' id='block_1_74' title="bbox 1022 1452 1778 1491">
    <p class='ocr_par' dir='ltr' id='par_1_74' title="bbox 1022 1452 1778 1491">
     <span class='ocr_line' id='line_1_74' title="bbox 1022 1452 1778 1491; baseline 0.005 -12"><span class='ocrx_word' id='word_1_483' title='bbox 1022 1452 1091 1480; x_wconf 78' lang='lat' dir='ltr'><strong>Sunt</strong></span> <span class='ocrx_word' id='word_1_484' title='bbox 1106 1453 1163 1481; x_wconf 69' lang='lat' dir='ltr'><strong>haec</strong></span> <span class='ocrx_word' id='word_1_485' title='bbox 1176 1455 1260 1482; x_wconf 77' lang='lat' dir='ltr'><strong>verba</strong></span> <span class='ocrx_word' id='word_1_486' title='bbox 1283 1460 1411 1491; x_wconf 80' lang='lat' dir='ltr'><strong>tanquam</strong></span> <span class='ocrx_word' id='word_1_487' title='bbox 1427 1457 1546 1484; x_wconf 85' lang='lat' dir='ltr'><strong>hominis</strong></span> <span class='ocrx_word' id='word_1_488' title='bbox 1561 1457 1672 1484; x_wconf 88' lang='lat' dir='ltr'><strong>nimium</strong></span> <span class='ocrx_word' id='word_1_489' title='bbox 1687 1465 1778 1484; x_wconf 75' lang='lat' dir='ltr'><strong>amau-</strong></span> 
     </span>
    </p>
   </div>
   <div class='ocr_carea' id='block_1_75' title="bbox 989 1498 1777 1538">
    <p class='ocr_par' dir='ltr' id='par_1_75' title="bbox 989 1498 1777 1538">
     <span class='ocr_line' id='line_1_75' title="bbox 989 1498 1777 1538; baseline 0.008 -14"><span class='ocrx_word' id='word_1_490' title='bbox 989 1498 1032 1531; x_wconf 88' lang='lat' dir='ltr'><strong>tis,</strong></span> <span class='ocrx_word' id='word_1_491' title='bbox 1046 1503 1073 1526; x_wconf 86' lang='lat' dir='ltr'><strong>et</strong></span> <span class='ocrx_word' id='word_1_492' title='bbox 1095 1499 1179 1526; x_wconf 86' lang='lat' dir='ltr'><strong>relata</strong></span> <span class='ocrx_word' id='word_1_493' title='bbox 1198 1501 1231 1528; x_wconf 91' lang='lat' dir='ltr'><strong>de</strong></span> <span class='ocrx_word' id='word_1_494' title='bbox 1249 1502 1375 1530; x_wconf 89' lang='lat' dir='ltr'><strong>omnibus</strong></span> <span class='ocrx_word' id='word_1_495' title='bbox 1395 1502 1508 1530; x_wconf 77' lang='lat' dir='ltr'><strong>victoria</strong></span> <span class='ocrx_word' id='word_1_496' title='bbox 1525 1510 1638 1538; x_wconf 88' lang='lat' dir='ltr'><strong>puerum</strong></span> <span class='ocrx_word' id='word_1_497' title='bbox 1656 1509 1777 1530; x_wconf 77' lang='lat' dir='ltr'><strong>amatum</strong></span> 
     </span>
    </p>
   </div>
   <div class='ocr_carea' id='block_1_76' title="bbox 986 1545 1778 1577">
    <p class='ocr_par' dir='ltr' id='par_1_76' title="bbox 986 1545 1778 1577">
     <span class='ocr_line' id='line_1_76' title="bbox 986 1545 1778 1577; baseline 0.006 -6"><span class='ocrx_word' id='word_1_498' title='bbox 986 1552 1120 1572; x_wconf 85' lang='lat' dir='ltr'><strong>coronare</strong></span> <span class='ocrx_word' id='word_1_499' title='bbox 1142 1545 1269 1574; x_wconf 88' lang='lat' dir='ltr'><strong>volentis.</strong></span> <span class='ocrx_word' id='word_1_500' title='bbox 1289 1547 1313 1574; x_wconf 90' lang='lat' dir='ltr'><strong>In</strong></span> <span class='ocrx_word' id='word_1_501' title='bbox 1337 1549 1389 1575; x_wconf 91' lang='lat' dir='ltr'><strong>tuis</strong></span> <span class='ocrx_word' id='word_1_502' title='bbox 1409 1549 1480 1575; x_wconf 89' lang='lat' dir='ltr'><strong>enim</strong></span> <span class='ocrx_word' id='word_1_503' title='bbox 1499 1549 1596 1576; x_wconf 86' lang='lat' dir='ltr'><strong>litteris</strong></span> <span class='ocrx_word' id='word_1_504' title='bbox 1620 1556 1673 1576; x_wconf 91' lang='lat' dir='ltr'><strong>non</strong></span> <span class='ocrx_word' id='word_1_505' title='bbox 1698 1549 1778 1577; x_wconf 88' lang='lat' dir='ltr'><strong>tnodo</strong></span> 
     </span>
    </p>
   </div>
   <div class='ocr_carea' id='block_1_77' title="bbox 983 1590 1777 1629">
    <p class='ocr_par' dir='ltr' id='par_1_77' title="bbox 983 1590 1777 1629">
     <span class='ocr_line' id='line_1_77' title="bbox 983 1590 1777 1629; baseline 0.006 -12"><span class='ocrx_word' id='word_1_506' title='bbox 983 1597 1032 1617; x_wconf 88' lang='lat' dir='ltr'><strong>eos</strong></span> <span class='ocrx_word' id='word_1_507' title='bbox 1048 1590 1092 1623; x_wconf 82' lang='lat' dir='ltr'><strong>qui</strong></span> <span class='ocrx_word' id='word_1_508' title='bbox 1113 1594 1176 1618; x_wconf 90' lang='lat' dir='ltr'><strong>tunc</strong></span> <span class='ocrx_word' id='word_1_509' title='bbox 1199 1593 1328 1626; x_wconf 88' lang='lat' dir='ltr'><strong>temporis</strong></span> <span class='ocrx_word' id='word_1_510' title='bbox 1346 1593 1494 1627; x_wconf 72' lang='lat' dir='ltr'><strong>exsistunt,</strong></span> <span class='ocrx_word' id='word_1_511' title='bbox 1512 1594 1585 1626; x_wconf 75' lang='lat' dir='ltr'><strong>vici;</strong></span> <span class='ocrx_word' id='word_1_512' title='bbox 1601 1595 1647 1621; x_wconf 89' lang='lat' dir='ltr'><strong>sed</strong></span> <span class='ocrx_word' id='word_1_513' title='bbox 1663 1598 1690 1622; x_wconf 91' lang='lat' dir='ltr'><strong>ct</strong></span> <span class='ocrx_word' id='word_1_514' title='bbox 1705 1595 1777 1629; x_wconf 88' lang='lat' dir='ltr'><strong>quod</strong></span> 
     </span>
    </p>
   </div>
   <div class='ocr_carea' id='block_1_78' title="bbox 985 1635 1778 1673">
    <p class='ocr_par' dir='ltr' id='par_1_78' title="bbox 985 1635 1778 1673">
     <span class='ocr_line' id='line_1_78' title="bbox 985 1635 1778 1673; baseline 0.006 -11"><span class='ocrx_word' id='word_1_515' title='bbox 985 1643 1038 1662; x_wconf 90' lang='lat' dir='ltr'><strong>non</strong></span> <span class='ocrx_word' id='word_1_516' title='bbox 1059 1635 1099 1662; x_wconf 82' lang='lat' dir='ltr'><strong>fas</strong></span> <span class='ocrx_word' id='word_1_517' title='bbox 1113 1640 1155 1663; x_wconf 86' lang='lat' dir='ltr'><strong>est</strong></span> <span class='ocrx_word' id='word_1_518' title='bbox 1169 1637 1270 1670; x_wconf 77' lang='lat' dir='ltr'><strong>dicere,</strong></span> <span class='ocrx_word' id='word_1_519' title='bbox 1287 1637 1485 1666; x_wconf 89' lang='lat' dir='ltr'><strong>Demosthenes</strong></span> <span class='ocrx_word' id='word_1_520' title='bbox 1502 1639 1560 1673; x_wconf 83' lang='lat' dir='ltr'><strong>ipse</strong></span> <span class='ocrx_word' id='word_1_521' title='bbox 1579 1640 1665 1668; x_wconf 83' lang='lat' dir='ltr'><strong>victus</strong></span> <span class='ocrx_word' id='word_1_522' title='bbox 1683 1646 1734 1673; x_wconf 88' lang='lat' dir='ltr'><strong>cst,</strong></span> <span class='ocrx_word' id='word_1_523' title='bbox 1750 1645 1778 1668; x_wconf 87' lang='lat' dir='ltr'><strong>et.</strong></span> 
     </span>
    </p>
   </div>
   <div class='ocr_carea' id='block_1_79' title="bbox 984 1679 1775 1714">
    <p class='ocr_par' dir='ltr' id='par_1_79' title="bbox 984 1679 1775 1714">
     <span class='ocr_line' id='line_1_79' title="bbox 984 1679 1775 1714; baseline 0.005 -8"><span class='ocrx_word' id='word_1_524' title='bbox 984 1679 1156 1714; x_wconf 78' lang='lat' dir='ltr'><strong>Thucydides</strong></span> <span class='ocrx_word' id='word_1_525' title='bbox 1174 1680 1287 1708; x_wconf 86' lang='lat' dir='ltr'><strong>inferior</strong></span> <span class='ocrx_word' id='word_1_526' title='bbox 1308 1680 1371 1714; x_wconf 87' lang='lat' dir='ltr'><strong>fuit,</strong></span> <span class='ocrx_word' id='word_1_527' title='bbox 1387 1686 1413 1710; x_wconf 84' lang='lat' dir='ltr'><strong>et</strong></span> <span class='ocrx_word' id='word_1_528' title='bbox 1431 1683 1522 1710; x_wconf 83' lang='lat' dir='ltr'><strong>suavis</strong></span> <span class='ocrx_word' id='word_1_529' title='bbox 1540 1682 1692 1711; x_wconf 80' lang='lat' dir='ltr'><strong>Herodotus</strong></span> <span class='ocrx_word' id='word_1_530' title='bbox 1713 1691 1775 1710; x_wconf 88' lang='lat' dir='ltr'><strong>cum</strong></span> 
     </span>
    </p>
   </div>
   <div class='ocr_carea' id='block_1_80' title="bbox 983 1725 1326 1761">
    <p class='ocr_par' dir='ltr' id='par_1_80' title="bbox 983 1725 1326 1761">
     <span class='ocr_line' id='line_1_80' title="bbox 983 1725 1326 1761; baseline 0.012 -9"><span class='ocrx_word' id='word_1_531' title='bbox 983 1725 1048 1761; x_wconf 89' lang='lat' dir='ltr'><strong>ipsis</strong></span> <span class='ocrx_word' id='word_1_532' title='bbox 1064 1731 1258 1755; x_wconf 87' lang='lat' dir='ltr'><strong>annumeratus</strong></span> <span class='ocrx_word' id='word_1_533' title='bbox 1273 1731 1326 1756; x_wconf 85' lang='lat' dir='ltr'><strong>est.</strong></span> 
     </span>
    </p>
   </div>
   <div class='ocr_carea' id='block_1_81' title="bbox 982 1957 1774 1995">
    <p class='ocr_par' dir='ltr' id='par_1_81' title="bbox 982 1957 1774 1995">
     <span class='ocr_line' id='line_1_81' title="bbox 982 1957 1774 1995; baseline 0.001 -9"><span class='ocrx_word' id='word_1_534' title='bbox 982 1958 1015 1986; x_wconf 86' lang='lat' dir='ltr'><strong>Et</strong></span> <span class='ocrx_word' id='word_1_535' title='bbox 1031 1959 1093 1993; x_wconf 92' lang='lat' dir='ltr'><strong>quid</strong></span> <span class='ocrx_word' id='word_1_536' title='bbox 1121 1958 1193 1985; x_wconf 85' lang='lat' dir='ltr'><strong>aliud</strong></span> <span class='ocrx_word' id='word_1_537' title='bbox 1224 1957 1368 1986; x_wconf 80' lang='lat' dir='ltr'><strong>Thersiten</strong></span> <span class='ocrx_word' id='word_1_538' title='bbox 1387 1960 1457 1994; x_wconf 88' lang='lat' dir='ltr'><strong>apud</strong></span> <span class='ocrx_word' id='word_1_539' title='bbox 1484 1959 1592 1988; x_wconf 71' lang='lat' dir='ltr'><strong>Grtccos</strong></span> <span class='ocrx_word' id='word_1_540' title='bbox 1616 1961 1641 1987; x_wconf 92' lang='lat' dir='ltr'><strong>in</strong></span> <span class='ocrx_word' id='word_1_541' title='bbox 1667 1965 1774 1995; x_wconf 71' lang='lat' dir='ltr'><strong>specta--</strong></span> 
     </span>
    </p>
   </div>
   <div class='ocr_carea' id='block_1_82' title="bbox 982 2005 1773 2040">
    <p class='ocr_par' dir='ltr' id='par_1_82' title="bbox 982 2005 1773 2040">
     <span class='ocr_line' id='line_1_82' title="bbox 982 2005 1773 2040; baseline -0.001 -6"><span class='ocrx_word' id='word_1_542' title='bbox 982 2006 1073 2035; x_wconf 92' lang='lat' dir='ltr'><strong>culum</strong></span> <span class='ocrx_word' id='word_1_543' title='bbox 1101 2006 1186 2034; x_wconf 88' lang='lat' dir='ltr'><strong>edidit</strong></span> <span class='ocrx_word' id='word_1_544' title='bbox 1210 2005 1349 2033; x_wconf 89' lang='lat' dir='ltr'><strong>meliorem</strong></span> <span class='ocrx_word' id='word_1_545' title='bbox 1375 2005 1446 2033; x_wconf 91' lang='lat' dir='ltr'><strong>forte</strong></span> <span class='ocrx_word' id='word_1_546' title='bbox 1471 2011 1499 2032; x_wconf 86' lang='lat' dir='ltr'><strong>et</strong></span> <span class='ocrx_word' id='word_1_547' title='bbox 1524 2006 1582 2040; x_wconf 88' lang='lat' dir='ltr'><strong>ipso</strong></span> <span class='ocrx_word' id='word_1_548' title='bbox 1606 2006 1704 2038; x_wconf 82' lang='lat' dir='ltr'><strong>Nereo,</strong></span> <span class='ocrx_word' id='word_1_549' title='bbox 1727 2007 1773 2040; x_wconf 89' lang='lat' dir='ltr'><strong>qui</strong></span> 
     </span>
    </p>
   </div>
   <div class='ocr_carea' id='block_1_83' title="bbox 951 2051 1773 2088">
    <p class='ocr_par' dir='ltr' id='par_1_83' title="bbox 951 2051 1773 2088">
     <span class='ocr_line' id='line_1_83' title="bbox 951 2051 1773 2088; baseline -0.001 -8"><span class='ocrx_word' id='word_1_550' title='bbox 951 2079 964 2086; x_wconf 34' lang='grc' dir='ltr'>κ</span> <span class='ocrx_word' id='word_1_551' title='bbox 982 2053 1182 2088; x_wconf 88' lang='lat' dir='ltr'><strong>pulcherrimus</strong></span> <span class='ocrx_word' id='word_1_552' title='bbox 1202 2052 1235 2079; x_wconf 90' lang='lat' dir='ltr'><strong>ad</strong></span> <span class='ocrx_word' id='word_1_553' title='bbox 1254 2051 1329 2078; x_wconf 91' lang='lat' dir='ltr'><strong>llium</strong></span> <span class='ocrx_word' id='word_1_554' title='bbox 1350 2051 1444 2079; x_wconf 86' lang='lat' dir='ltr'><strong>venit?</strong></span> <span class='ocrx_word' id='word_1_555' title='bbox 1457 2051 1521 2078; x_wconf 85' lang='lat' dir='ltr'><strong>Mihi</strong></span> <span class='ocrx_word' id='word_1_556' title='bbox 1545 2057 1636 2078; x_wconf 83' lang='lat' dir='ltr'><strong>autem</strong></span> <span class='ocrx_word' id='word_1_557' title='bbox 1653 2053 1773 2079; x_wconf 80' lang='lat' dir='ltr'><strong>maxima</strong></span> 
     </span>
    </p>
   </div>
   <div class='ocr_carea' id='block_1_84' title="bbox 982 2098 1773 2133">
    <p class='ocr_par' dir='ltr' id='par_1_84' title="bbox 982 2098 1773 2133">
     <span class='ocr_line' id='line_1_84' title="bbox 982 2098 1773 2133; baseline -0.003 -7"><span class='ocrx_word' id='word_1_558' title='bbox 982 2099 1054 2131; x_wconf 84' lang='lat' dir='ltr'><strong>laus,</strong></span> <span class='ocrx_word' id='word_1_559' title='bbox 1071 2099 1093 2126; x_wconf 90' lang='lat' dir='ltr'><strong>si</strong></span> <span class='ocrx_word' id='word_1_560' title='bbox 1119 2099 1244 2133; x_wconf 79' lang='lat' dir='ltr'><strong>ignorare</strong></span> <span class='ocrx_word' id='word_1_561' title='bbox 1264 2098 1373 2125; x_wconf 87' lang='lat' dir='ltr'><strong>viderer</strong></span> <span class='ocrx_word' id='word_1_562' title='bbox 1392 2105 1438 2124; x_wconf 82' lang='lat' dir='ltr'><strong>eos</strong></span> <span class='ocrx_word' id='word_1_563' title='bbox 1454 2105 1522 2132; x_wconf 77' lang='lat' dir='ltr'><strong>quos</strong></span> <span class='ocrx_word' id='word_1_564' title='bbox 1542 2105 1589 2132; x_wconf 87' lang='lat' dir='ltr'><strong>per</strong></span> <span class='ocrx_word' id='word_1_565' title='bbox 1607 2103 1632 2125; x_wconf 90' lang='lat' dir='ltr'><strong>te</strong></span> <span class='ocrx_word' id='word_1_566' title='bbox 1647 2098 1773 2125; x_wconf 85' lang='lat' dir='ltr'><strong>vicimus.</strong></span> 
     </span>
    </p>
   </div>
   <div class='ocr_carea' id='block_1_85' title="bbox 985 2144 1775 2177">
    <p class='ocr_par' dir='ltr' id='par_1_85' title="bbox 985 2144 1775 2177">
     <span class='ocr_line' id='line_1_85' title="bbox 985 2144 1775 2177; baseline -0.003 -5"><span class='ocrx_word' id='word_1_567' title='bbox 985 2144 1062 2172; x_wconf 89' lang='lat' dir='ltr'><strong>Unde</strong></span> <span class='ocrx_word' id='word_1_568' title='bbox 1078 2149 1150 2172; x_wconf 82' lang='lat' dir='ltr'><strong>luant</strong></span> <span class='ocrx_word' id='word_1_569' title='bbox 1166 2144 1280 2171; x_wconf 80' lang='lat' dir='ltr'><strong>miratus</strong></span> <span class='ocrx_word' id='word_1_570' title='bbox 1294 2144 1521 2177; x_wconf 77' lang='lat' dir='ltr'><strong>benevolentiam,</strong></span> <span class='ocrx_word' id='word_1_571' title='bbox 1538 2144 1570 2170; x_wconf 90' lang='lat' dir='ltr'><strong>ad</strong></span> <span class='ocrx_word' id='word_1_572' title='bbox 1586 2144 1666 2171; x_wconf 86' lang='lat' dir='ltr'><strong>verba</strong></span> <span class='ocrx_word' id='word_1_573' title='bbox 1683 2152 1775 2171; x_wconf 80' lang='lat' dir='ltr'><strong>amore</strong></span> 
     </span>
    </p>
   </div>
   <div class='ocr_carea' id='block_1_86' title="bbox 142 2177 932 2223">
    <p class='ocr_par' dir='ltr' id='par_1_86' title="bbox 142 2177 930 2214">
     <span class='ocr_line' id='line_1_86' title="bbox 142 2177 930 2214; baseline 0.003 -11"><span class='ocrx_word' id='word_1_574' title='bbox 142 2177 192 2213; x_wconf 77' lang='grc' dir='ltr'><strong>θην</strong></span> <span class='ocrx_word' id='word_1_575' title='bbox 206 2179 262 2209; x_wconf 81' lang='grc' dir='ltr'>τοῖς</span> <span class='ocrx_word' id='word_1_576' title='bbox 274 2178 368 2213; x_wconf 76' lang='grc' dir='ltr'>ἔρωσι,</span> <span class='ocrx_word' id='word_1_577' title='bbox 380 2179 453 2214; x_wconf 74' lang='grc' dir='ltr'><strong>ἀμφὶ</strong></span> <span class='ocrx_word' id='word_1_578' title='bbox 468 2179 512 2206; x_wconf 80' lang='grc' dir='ltr'>τὸν</span> <span class='ocrx_word' id='word_1_579' title='bbox 528 2179 660 2207; x_wconf 83' lang='grc' dir='ltr'>Παιανιέα</span> <span class='ocrx_word' id='word_1_580' title='bbox 682 2179 930 2214; x_wconf 79' lang='grc' dir='ltr'>παραιτησάμενος,</span> 
     </span>
    </p>
   </div>
   <div class='ocr_carea' id='block_1_87' title="bbox 987 2177 1775 2223">
    <p class='ocr_par' dir='ltr' id='par_1_87' title="bbox 987 2189 1775 2223">
     <span class='ocr_line' id='line_1_87' title="bbox 987 2189 1775 2223; baseline -0.004 -5"><span class='ocrx_word' id='word_1_581' title='bbox 987 2191 1118 2218; x_wconf 79' lang='lat' dir='ltr'><strong>excitatus</strong></span> <span class='ocrx_word' id='word_1_582' title='bbox 1143 2198 1216 2223; x_wconf 85' lang='lat' dir='ltr'><strong>sum,</strong></span> <span class='ocrx_word' id='word_1_583' title='bbox 1237 2189 1382 2217; x_wconf 66' lang='lat' dir='ltr'><strong>Paeaneum</strong></span> <span class='ocrx_word' id='word_1_584' title='bbox 1414 2189 1586 2223; x_wconf 80' lang='lat' dir='ltr'><strong>interrogans</strong></span> <span class='ocrx_word' id='word_1_585' title='bbox 1610 2197 1674 2216; x_wconf 90' lang='lat' dir='ltr'><strong>num</strong></span> <span class='ocrx_word' id='word_1_586' title='bbox 1699 2197 1775 2215; x_wconf 81' lang='lat' dir='ltr'><strong>amor</strong></span> 
     </span>
    </p>
   </div>
   <div class='ocr_carea' id='block_1_88' title="bbox 141 2222 932 2259">
    <p class='ocr_par' dir='ltr' id='par_1_88' title="bbox 141 2222 932 2259">
     <span class='ocr_line' id='line_1_88' title="bbox 141 2222 932 2259; baseline 0.001 -10"><span class='ocrx_word' id='word_1_587' title='bbox 141 2224 164 2249; x_wconf 80' lang='grc' dir='ltr'><strong>εἰ</strong></span> <span class='ocrx_word' id='word_1_588' title='bbox 193 2222 274 2255; x_wconf 82' lang='grc' dir='ltr'>πόθος</span> <span class='ocrx_word' id='word_1_589' title='bbox 293 2223 456 2259; x_wconf 82' lang='grc' dir='ltr'>ἀνθρώπους</span> <span class='ocrx_word' id='word_1_590' title='bbox 480 2225 623 2252; x_wconf 81' lang='grc' dir='ltr'>ἀναπείθει</span> <span class='ocrx_word' id='word_1_591' title='bbox 645 2225 752 2259; x_wconf 83' lang='grc' dir='ltr'>λέγειν,</span> <span class='ocrx_word' id='word_1_592' title='bbox 775 2225 861 2252; x_wconf 75' lang='grc' dir='ltr'>ὁπόσα</span> <span class='ocrx_word' id='word_1_593' title='bbox 887 2224 932 2251; x_wconf 69' lang='grc' dir='ltr'>καὶ</span> 
     </span>
    </p>
   </div>
   <div class='ocr_carea' id='block_1_89' title="bbox 140 2269 932 2306">
    <p class='ocr_par' dir='ltr' id='par_1_89' title="bbox 140 2269 932 2306">
     <span class='ocr_line' id='line_1_89' title="bbox 140 2269 932 2306; baseline 0.003 -11"><span class='ocrx_word' id='word_1_594' title='bbox 140 2269 230 2304; x_wconf 84' lang='grc' dir='ltr'>λέγειν</span> <span class='ocrx_word' id='word_1_595' title='bbox 260 2269 400 2296; x_wconf 73' lang='grc' dir='ltr'>ἐθέλουσι·</span> <span class='ocrx_word' id='word_1_596' title='bbox 431 2271 477 2297; x_wconf 79' lang='grc' dir='ltr'><strong>καὶ</strong></span> <span class='ocrx_word' id='word_1_597' title='bbox 502 2271 617 2306; x_wconf 75' lang='grc' dir='ltr'>μάλιστα</span> <span class='ocrx_word' id='word_1_598' title='bbox 641 2271 673 2306; x_wconf 86' lang='grc' dir='ltr'>δὴ</span> <span class='ocrx_word' id='word_1_599' title='bbox 700 2271 822 2303; x_wconf 83' lang='grc' dir='ltr'>τούτους,</span> <span class='ocrx_word' id='word_1_600' title='bbox 838 2271 932 2298; x_wconf 77' lang='grc' dir='ltr'>ὀπόσοι</span> 
     </span>
    </p>
   </div>
   <div class='ocr_carea' id='block_1_90' title="bbox 140 2314 932 2351">
    <p class='ocr_par' dir='ltr' id='par_1_90' title="bbox 140 2314 932 2351">
     <span class='ocr_line' id='line_1_90' title="bbox 140 2314 932 2351; baseline 0.003 -11"><span class='ocrx_word' id='word_1_601' title='bbox 140 2314 226 2349; x_wconf 80' lang='grc' dir='ltr'>λόγων</span> <span class='ocrx_word' id='word_1_602' title='bbox 254 2315 448 2350; x_wconf 79' lang='grc' dir='ltr'>ὲναῦρὺνονται</span> <span class='ocrx_word' id='word_1_603' title='bbox 474 2316 571 2351; x_wconf 84' lang='grc' dir='ltr'>ῥώμῃ·</span> <span class='ocrx_word' id='word_1_604' title='bbox 593 2316 662 2343; x_wconf 77' lang='grc' dir='ltr'>ἀλλὰ</span> <span class='ocrx_word' id='word_1_605' title='bbox 685 2316 754 2351; x_wconf 81' lang='grc' dir='ltr'>πρὸς</span> <span class='ocrx_word' id='word_1_606' title='bbox 779 2316 862 2351; x_wconf 82' lang='grc' dir='ltr'>εὐχὴν</span> <span class='ocrx_word' id='word_1_607' title='bbox 885 2316 932 2342; x_wconf 73' lang='grc' dir='ltr'><strong>καὶ</strong></span> 
     </span>
    </p>
   </div>
   <div class='ocr_carea' id='block_1_91' title="bbox 139 2358 931 2398">
    <p class='ocr_par' dir='ltr' id='par_1_91' title="bbox 139 2358 931 2398">
     <span class='ocr_line' id='line_1_91' title="bbox 139 2358 931 2398; baseline 0.003 -12"><span class='ocrx_word' id='word_1_608' title='bbox 139 2361 241 2396; x_wconf 76' lang='grc' dir='ltr'>ταύτην</span> <span class='ocrx_word' id='word_1_609' title='bbox 266 2362 379 2396; x_wconf 84' lang='grc' dir='ltr'>μετρίαν</span> <span class='ocrx_word' id='word_1_610' title='bbox 405 2363 600 2398; x_wconf 75' lang='grc' dir='ltr'>τραπὴσομαι,</span> <span class='ocrx_word' id='word_1_611' title='bbox 626 2362 770 2397; x_wconf 85' lang='grc' dir='ltr'>εὐτυχοίης</span> <span class='ocrx_word' id='word_1_612' title='bbox 794 2361 892 2396; x_wconf 83' lang='grc' dir='ltr'>λέγων,</span> <span class='ocrx_word' id='word_1_613' title='bbox 909 2358 931 2388; x_wconf 83' lang='grc' dir='ltr'>ὥ</span> 
     </span>
    </p>
   </div>
   <div class='ocr_carea' id='block_1_92' title="bbox 140 2406 930 2443">
    <p class='ocr_par' dir='ltr' id='par_1_92' title="bbox 140 2406 930 2443">
     <span class='ocr_line' id='line_1_92' title="bbox 140 2406 930 2443; baseline 0.003 -11"><span class='ocrx_word' id='word_1_614' title='bbox 140 2406 262 2440; x_wconf 83' lang='grc' dir='ltr'>φίλτατε,</span> <span class='ocrx_word' id='word_1_615' title='bbox 279 2406 326 2433; x_wconf 67' lang='grc' dir='ltr'>καὶ</span> <span class='ocrx_word' id='word_1_616' title='bbox 342 2406 446 2441; x_wconf 85' lang='grc' dir='ltr'>νικοίης</span> <span class='ocrx_word' id='word_1_617' title='bbox 462 2408 525 2439; x_wconf 77' lang='grc' dir='ltr'>τοὺς</span> <span class='ocrx_word' id='word_1_618' title='bbox 543 2408 652 2443; x_wconf 84' lang='grc' dir='ltr'>νόμους,</span> <span class='ocrx_word' id='word_1_619' title='bbox 669 2408 755 2434; x_wconf 83' lang='grc' dir='ltr'>ὁπόσα</span> <span class='ocrx_word' id='word_1_620' title='bbox 769 2408 826 2439; x_wconf 81' lang='grc' dir='ltr'>τοῖς</span> <span class='ocrx_word' id='word_1_621' title='bbox 840 2407 930 2443; x_wconf 81' lang='grc' dir='ltr'>λόγοις</span> 
     </span>
    </p>
   </div>
   <div class='ocr_carea' id='block_1_93' title="bbox 140 2453 294 2488">
    <p class='ocr_par' dir='ltr' id='par_1_93' title="bbox 140 2453 294 2488">
     <span class='ocr_line' id='line_1_93' title="bbox 140 2453 294 2488; baseline 0.006 -9"><span class='ocrx_word' id='word_1_622' title='bbox 140 2453 294 2488; x_wconf 82' lang='grc' dir='ltr'>νενίκηκας.</span> 
     </span>
    </p>
   </div>
   <div class='ocr_carea' id='block_1_94' title="bbox 431 2498 630 2535">
    <p class='ocr_par' dir='ltr' id='par_1_94' title="bbox 431 2498 630 2535">
     <span class='ocr_line' id='line_1_94' title="bbox 431 2498 630 2535; baseline 0.005 -11"><span class='ocrx_word' id='word_1_623' title='bbox 431 2499 493 2525; x_wconf 75' lang='grc' dir='ltr'><strong>ΡΑι.</strong></span> <span class='ocrx_word' id='word_1_624' title='bbox 517 2498 630 2535; x_wconf 74' lang='lat' dir='ltr'><strong>Nemo.</strong></span> 
     </span>
    </p>
   </div>
   <div class='ocr_carea' id='block_1_95' title="bbox 173 2542 926 2581">
    <p class='ocr_par' dir='ltr' id='par_1_95' title="bbox 173 2542 926 2581">
     <span class='ocr_line' id='line_1_95' title="bbox 173 2542 926 2581; baseline 0.007 -12"><span class='ocrx_word' id='word_1_625' title='bbox 173 2544 263 2575; x_wconf 79' lang='grc' dir='ltr'>Δεινὸς</span> <span class='ocrx_word' id='word_1_626' title='bbox 285 2543 338 2578; x_wconf 79' lang='grc' dir='ltr'>ἄρα</span> <span class='ocrx_word' id='word_1_627' title='bbox 360 2552 401 2575; x_wconf 82' lang='grc' dir='ltr'><strong>τις</strong></span> <span class='ocrx_word' id='word_1_628' title='bbox 422 2542 494 2579; x_wconf 76' lang='grc' dir='ltr'>ἦσθα</span> <span class='ocrx_word' id='word_1_629' title='bbox 514 2545 549 2571; x_wconf 74' lang='grc' dir='ltr'>τὰ</span> <span class='ocrx_word' id='word_1_630' title='bbox 572 2545 675 2580; x_wconf 75' lang='grc' dir='ltr'>σμικρὰ</span> <span class='ocrx_word' id='word_1_631' title='bbox 702 2546 810 2580; x_wconf 74' lang='grc' dir='ltr'>μεγάλα</span> <span class='ocrx_word' id='word_1_632' title='bbox 829 2548 926 2581; x_wconf 78' lang='grc' dir='ltr'>ποιεῖν,</span> 
     </span>
    </p>
   </div>
   <div class='ocr_carea' id='block_1_96' title="bbox 139 2588 927 2625">
    <p class='ocr_par' dir='ltr' id='par_1_96' title="bbox 139 2588 927 2625">
     <span class='ocr_line' id='line_1_96' title="bbox 139 2588 927 2625; baseline 0.006 -10"><span class='ocrx_word' id='word_1_633' title='bbox 139 2590 185 2616; x_wconf 72' lang='grc' dir='ltr'><strong>καὶ</strong></span> <span class='ocrx_word' id='word_1_634' title='bbox 208 2590 331 2623; x_wconf 80' lang='grc' dir='ltr'>γλῶτταν</span> <span class='ocrx_word' id='word_1_635' title='bbox 355 2590 462 2625; x_wconf 79' lang='grc' dir='ltr'>ἄμαχον</span> <span class='ocrx_word' id='word_1_636' title='bbox 484 2591 513 2617; x_wconf 85' lang='grc' dir='ltr'>ὲν</span> <span class='ocrx_word' id='word_1_637' title='bbox 529 2588 570 2622; x_wconf 77' lang='grc' dir='ltr'>οἷς</span> <span class='ocrx_word' id='word_1_638' title='bbox 594 2590 696 2623; x_wconf 76' lang='grc' dir='ltr'>ἐθέλεις</span> <span class='ocrx_word' id='word_1_639' title='bbox 724 2593 927 2623; x_wconf 73' lang='grc' dir='ltr'>ἐνδείκνυσθαι·</span> 
     </span>
    </p>
   </div>
   <div class='ocr_carea' id='block_1_97' title="bbox 138 2635 928 2674">
    <p class='ocr_par' dir='ltr' id='par_1_97' title="bbox 138 2635 928 2674">
     <span class='ocr_line' id='line_1_97' title="bbox 138 2635 928 2674; baseline 0.006 -13"><span class='ocrx_word' id='word_1_640' title='bbox 138 2635 282 2668; x_wconf 78' lang='grc' dir='ltr'>τοσούτους</span> <span class='ocrx_word' id='word_1_641' title='bbox 302 2636 357 2672; x_wconf 77' lang='grc' dir='ltr'>γὰρ</span> <span class='ocrx_word' id='word_1_642' title='bbox 373 2637 504 2668; x_wconf 78' lang='grc' dir='ltr'>ἐπαίνους</span> <span class='ocrx_word' id='word_1_643' title='bbox 525 2637 681 2670; x_wconf 79' lang='grc' dir='ltr'>ἀνέπλασας</span> <span class='ocrx_word' id='word_1_644' title='bbox 698 2639 758 2666; x_wconf 76' lang='grc' dir='ltr'>κατ’</span> <span class='ocrx_word' id='word_1_645' title='bbox 775 2639 854 2674; x_wconf 73' lang='grc' dir='ltr'>ἐμοῦ,</span> <span class='ocrx_word' id='word_1_646' title='bbox 881 2640 928 2666; x_wconf 78' lang='grc' dir='ltr'>καὶ</span> 
     </span>
    </p>
   </div>
   <div class='ocr_carea' id='block_1_98' title="bbox 137 2680 927 2717">
    <p class='ocr_par' dir='ltr' id='par_1_98' title="bbox 137 2680 927 2717">
     <span class='ocr_line' id='line_1_98' title="bbox 137 2680 927 2717; baseline 0.008 -11"><span class='ocrx_word' id='word_1_647' title='bbox 137 2680 222 2713; x_wconf 75' lang='grc' dir='ltr'>οὕτως</span> <span class='ocrx_word' id='word_1_648' title='bbox 248 2682 366 2713; x_wconf 78' lang='grc' dir='ltr'>εὐκόλως</span> <span class='ocrx_word' id='word_1_649' title='bbox 395 2683 587 2717; x_wconf 79' lang='grc' dir='ltr'>ἀπήγγειλας,</span> <span class='ocrx_word' id='word_1_650' title='bbox 616 2684 652 2716; x_wconf 76' lang='grc' dir='ltr'>ὡς</span> <span class='ocrx_word' id='word_1_651' title='bbox 679 2685 728 2711; x_wconf 81' lang='grc' dir='ltr'>οὐκ</span> <span class='ocrx_word' id='word_1_652' title='bbox 751 2685 784 2712; x_wconf 80' lang='grc' dir='ltr'><strong>ἄν</strong></span> <span class='ocrx_word' id='word_1_653' title='bbox 805 2694 847 2717; x_wconf 87' lang='grc' dir='ltr'><strong>τις</strong></span> <span class='ocrx_word' id='word_1_654' title='bbox 868 2683 927 2712; x_wconf 79' lang='grc' dir='ltr'>εἶπε</span> 
     </span>
    </p>
   </div>
   <div class='ocr_carea' id='block_1_99' title="bbox 138 2727 927 2766">
    <p class='ocr_par' dir='ltr' id='par_1_99' title="bbox 138 2727 927 2766">
     <span class='ocr_line' id='line_1_99' title="bbox 138 2727 927 2766; baseline 0.006 -13"><span class='ocrx_word' id='word_1_655' title='bbox 138 2727 235 2764; x_wconf 75' lang='grc' dir='ltr'>ῥᾳδίως</span> <span class='ocrx_word' id='word_1_656' title='bbox 251 2728 281 2759; x_wconf 72' lang='grc' dir='ltr'>ἐξ</span> <span class='ocrx_word' id='word_1_657' title='bbox 295 2728 425 2763; x_wconf 75' lang='grc' dir='ltr'>ἀληθείας</span> <span class='ocrx_word' id='word_1_658' title='bbox 441 2729 616 2765; x_wconf 75' lang='grc' dir='ltr'><strong>ὁρμώμενος⁴</strong></span> <span class='ocrx_word' id='word_1_659' title='bbox 635 2731 681 2757; x_wconf 84' lang='grc' dir='ltr'><strong>καί</strong></span> <span class='ocrx_word' id='word_1_660' title='bbox 702 2740 748 2766; x_wconf 86' lang='grc' dir='ltr'><strong>μοι</strong></span> <span class='ocrx_word' id='word_1_661' title='bbox 768 2731 855 2764; x_wconf 78' lang='grc' dir='ltr'>δοκεῖς</span> <span class='ocrx_word' id='word_1_662' title='bbox 868 2740 927 2758; x_wconf 85' lang='grc' dir='ltr'>τοσ-</span> 
     </span>
    </p>
   </div>
   <div class='ocr_carea' id='block_1_100' title="bbox 983 2235 1776 2270">
    <p class='ocr_par' dir='ltr' id='par_1_100' title="bbox 983 2235 1776 2270">
     <span class='ocr_line' id='line_1_100' title="bbox 983 2235 1776 2270; baseline -0.004 -6"><span class='ocrx_word' id='word_1_663' title='bbox 983 2237 1141 2264; x_wconf 83' lang='lat' dir='ltr'><strong>hominibus</strong></span> <span class='ocrx_word' id='word_1_664' title='bbox 1173 2236 1286 2264; x_wconf 83' lang='lat' dir='ltr'><strong>suadeat.</strong></span> <span class='ocrx_word' id='word_1_665' title='bbox 1312 2241 1343 2263; x_wconf 89' lang='lat' dir='ltr'><strong>ut</strong></span> <span class='ocrx_word' id='word_1_666' title='bbox 1368 2236 1459 2263; x_wconf 82' lang='lat' dir='ltr'><strong>dicant</strong></span> <span class='ocrx_word' id='word_1_667' title='bbox 1485 2242 1653 2270; x_wconf 72' lang='lat' dir='ltr'><strong>qumcunque</strong></span> <span class='ocrx_word' id='word_1_668' title='bbox 1680 2235 1776 2262; x_wconf 82' lang='lat' dir='ltr'><strong>volunt</strong></span> 
     </span>
    </p>
   </div>
   <div class='ocr_carea' id='block_1_101' title="bbox 982 2281 1775 2316">
    <p class='ocr_par' dir='ltr' id='par_1_101' title="bbox 982 2281 1775 2316">
     <span class='ocr_line' id='line_1_101' title="bbox 982 2281 1775 2316; baseline -0.001 -7"><span class='ocrx_word' id='word_1_669' title='bbox 982 2282 1084 2313; x_wconf 87' lang='lat' dir='ltr'><strong>dicere,</strong></span> <span class='ocrx_word' id='word_1_670' title='bbox 1104 2282 1252 2316; x_wconf 68' lang='lat' dir='ltr'><strong>praesertim</strong></span> <span class='ocrx_word' id='word_1_671' title='bbox 1269 2289 1333 2308; x_wconf 83' lang='lat' dir='ltr'><strong>vero</strong></span> <span class='ocrx_word' id='word_1_672' title='bbox 1349 2281 1381 2308; x_wconf 87' lang='lat' dir='ltr'><strong>iis</strong></span> <span class='ocrx_word' id='word_1_673' title='bbox 1396 2281 1553 2308; x_wconf 89' lang='lat' dir='ltr'><strong>hominibus</strong></span> <span class='ocrx_word' id='word_1_674' title='bbox 1568 2282 1613 2316; x_wconf 91' lang='lat' dir='ltr'><strong>qui</strong></span> <span class='ocrx_word' id='word_1_675' title='bbox 1634 2281 1686 2308; x_wconf 88' lang='lat' dir='ltr'><strong>sibi</strong></span> <span class='ocrx_word' id='word_1_676' title='bbox 1707 2281 1775 2316; x_wconf 75' lang='lat' dir='ltr'><strong>ipsis</strong></span> 
     </span>
    </p>
   </div>
   <div class='ocr_carea' id='block_1_102' title="bbox 982 2327 1773 2362">
    <p class='ocr_par' dir='ltr' id='par_1_102' title="bbox 982 2327 1773 2362">
     <span class='ocr_line' id='line_1_102' title="bbox 982 2327 1773 2362; baseline -0.001 -7"><span class='ocrx_word' id='word_1_677' title='bbox 982 2329 1010 2355; x_wconf 91' lang='lat' dir='ltr'><strong>in</strong></span> <span class='ocrx_word' id='word_1_678' title='bbox 1038 2328 1180 2355; x_wconf 83' lang='lat' dir='ltr'><strong>verborum</strong></span> <span class='ocrx_word' id='word_1_679' title='bbox 1201 2328 1225 2354; x_wconf 83' lang='lat' dir='ltr'><strong>vi</strong></span> <span class='ocrx_word' id='word_1_680' title='bbox 1253 2327 1434 2362; x_wconf 82' lang='lat' dir='ltr'><strong>complacent.</strong></span> <span class='ocrx_word' id='word_1_681' title='bbox 1462 2327 1515 2354; x_wconf 89' lang='lat' dir='ltr'><strong>Sed</strong></span> <span class='ocrx_word' id='word_1_682' title='bbox 1543 2328 1576 2354; x_wconf 89' lang='lat' dir='ltr'><strong>ad</strong></span> <span class='ocrx_word' id='word_1_683' title='bbox 1603 2329 1655 2356; x_wconf 91' lang='lat' dir='ltr'><strong>hoc</strong></span> <span class='ocrx_word' id='word_1_684' title='bbox 1679 2334 1773 2355; x_wconf 82' lang='lat' dir='ltr'><strong>votum</strong></span> 
     </span>
    </p>
   </div>
   <div class='ocr_carea' id='block_1_103' title="bbox 981 2373 1773 2408">
    <p class='ocr_par' dir='ltr' id='par_1_103' title="bbox 981 2373 1773 2408">
     <span class='ocr_line' id='line_1_103' title="bbox 981 2373 1773 2408; baseline -0.001 -7"><span class='ocrx_word' id='word_1_685' title='bbox 981 2380 1087 2408; x_wconf 78' lang='lat' dir='ltr'><strong>aequum</strong></span> <span class='ocrx_word' id='word_1_686' title='bbox 1105 2377 1248 2400; x_wconf 81' lang='lat' dir='ltr'><strong>convertar</strong></span> <span class='ocrx_word' id='word_1_687' title='bbox 1273 2377 1379 2407; x_wconf 86' lang='lat' dir='ltr'><strong>optans,</strong></span> <span class='ocrx_word' id='word_1_688' title='bbox 1396 2380 1412 2400; x_wconf 92' lang='grc' dir='ltr'><strong>ο</strong></span> <span class='ocrx_word' id='word_1_689' title='bbox 1426 2373 1599 2408; x_wconf 76' lang='lat' dir='ltr'><strong>charissima,</strong></span> <span class='ocrx_word' id='word_1_690' title='bbox 1623 2377 1654 2401; x_wconf 80' lang='lat' dir='ltr'><strong>ut</strong></span> <span class='ocrx_word' id='word_1_691' title='bbox 1679 2373 1773 2401; x_wconf 85' lang='lat' dir='ltr'><strong>vincas</strong></span> 
     </span>
    </p>
   </div>
   <div class='ocr_carea' id='block_1_104' title="bbox 981 2419 1550 2454">
    <p class='ocr_par' dir='ltr' id='par_1_104' title="bbox 981 2419 1550 2454">
     <span class='ocr_line' id='line_1_104' title="bbox 981 2419 1550 2454; baseline 0 -8"><span class='ocrx_word' id='word_1_692' title='bbox 981 2419 1084 2454; x_wconf 78' lang='lat' dir='ltr'><strong>legibus</strong></span> <span class='ocrx_word' id='word_1_693' title='bbox 1098 2419 1327 2454; x_wconf 85' lang='lat' dir='ltr'><strong>quemadmodum</strong></span> <span class='ocrx_word' id='word_1_694' title='bbox 1345 2419 1437 2447; x_wconf 85' lang='lat' dir='ltr'><strong>verbis</strong></span> <span class='ocrx_word' id='word_1_695' title='bbox 1453 2419 1550 2447; x_wconf 88' lang='lat' dir='ltr'><strong>vicisti.</strong></span> 
     </span>
    </p>
   </div>
   <div class='ocr_carea' id='block_1_105' title="bbox 1296 2507 1452 2536">
    <p class='ocr_par' dir='ltr' id='par_1_105' title="bbox 1296 2507 1452 2536">
     <span class='ocr_line' id='line_1_105' title="bbox 1296 2507 1452 2536; baseline 0 -1"><span class='ocrx_word' id='word_1_696' title='bbox 1296 2507 1338 2535; x_wconf 85' lang='lat' dir='ltr'><strong>CI.</strong></span> <span class='ocrx_word' id='word_1_697' title='bbox 1359 2507 1452 2536; x_wconf 82' lang='lat' dir='ltr'><strong>NILO.</strong></span> 
     </span>
    </p>
   </div>
   <div class='ocr_carea' id='block_1_106' title="bbox 1015 2550 1771 2589">
    <p class='ocr_par' dir='ltr' id='par_1_106' title="bbox 1015 2550 1771 2589">
     <span class='ocr_line' id='line_1_106' title="bbox 1015 2550 1771 2589; baseline 0.005 -11"><span class='ocrx_word' id='word_1_698' title='bbox 1015 2550 1121 2580; x_wconf 85' lang='lat' dir='ltr'><strong>Peritus</strong></span> <span class='ocrx_word' id='word_1_699' title='bbox 1142 2560 1204 2581; x_wconf 85' lang='lat' dir='ltr'><strong>eras</strong></span> <span class='ocrx_word' id='word_1_700' title='bbox 1227 2554 1260 2581; x_wconf 91' lang='lat' dir='ltr'><strong>de</strong></span> <span class='ocrx_word' id='word_1_701' title='bbox 1283 2554 1376 2589; x_wconf 88' lang='lat' dir='ltr'><strong>parvis</strong></span> <span class='ocrx_word' id='word_1_702' title='bbox 1398 2562 1497 2589; x_wconf 82' lang='lat' dir='ltr'><strong>magno</strong></span> <span class='ocrx_word' id='word_1_703' title='bbox 1523 2555 1650 2589; x_wconf 79' lang='lat' dir='ltr'><strong>faciendi,</strong></span> <span class='ocrx_word' id='word_1_704' title='bbox 1667 2559 1694 2582; x_wconf 85' lang='lat' dir='ltr'><strong>et</strong></span> <span class='ocrx_word' id='word_1_705' title='bbox 1717 2555 1771 2582; x_wconf 92' lang='lat' dir='ltr'><strong>liu-</strong></span> 
     </span>
    </p>
   </div>
   <div class='ocr_carea' id='block_1_107' title="bbox 977 2598 1771 2635">
    <p class='ocr_par' dir='ltr' id='par_1_107' title="bbox 977 2598 1771 2635">
     <span class='ocr_line' id='line_1_107' title="bbox 977 2598 1771 2635; baseline 0.006 -12"><span class='ocrx_word' id='word_1_706' title='bbox 977 2605 1057 2631; x_wconf 80' lang='lat' dir='ltr'><strong>guam</strong></span> <span class='ocrx_word' id='word_1_707' title='bbox 1076 2598 1215 2633; x_wconf 85' lang='lat' dir='ltr'><strong>invictam,</strong></span> <span class='ocrx_word' id='word_1_708' title='bbox 1230 2600 1384 2635; x_wconf 83' lang='lat' dir='ltr'><strong>ubicunque</strong></span> <span class='ocrx_word' id='word_1_709' title='bbox 1403 2601 1480 2634; x_wconf 88' lang='lat' dir='ltr'><strong>velis,</strong></span> <span class='ocrx_word' id='word_1_710' title='bbox 1496 2601 1665 2630; x_wconf 89' lang='lat' dir='ltr'><strong>ostendendi.</strong></span> <span class='ocrx_word' id='word_1_711' title='bbox 1692 2601 1771 2629; x_wconf 81' lang='lat' dir='ltr'><strong>Tales</strong></span> 
     </span>
    </p>
   </div>
   <div class='ocr_carea' id='block_1_108' title="bbox 979 2642 1770 2681">
    <p class='ocr_par' dir='ltr' id='par_1_108' title="bbox 979 2642 1770 2681">
     <span class='ocr_line' id='line_1_108' title="bbox 979 2642 1770 2681; baseline 0.006 -14"><span class='ocrx_word' id='word_1_712' title='bbox 979 2642 1050 2669; x_wconf 86' lang='lat' dir='ltr'><strong>enim</strong></span> <span class='ocrx_word' id='word_1_713' title='bbox 1068 2642 1162 2671; x_wconf 76' lang='lat' dir='ltr'><strong>laudes</strong></span> <span class='ocrx_word' id='word_1_714' title='bbox 1174 2643 1208 2671; x_wconf 83' lang='lat' dir='ltr'><strong>de</strong></span> <span class='ocrx_word' id='word_1_715' title='bbox 1223 2651 1266 2671; x_wconf 87' lang='lat' dir='ltr'><strong>me</strong></span> <span class='ocrx_word' id='word_1_716' title='bbox 1279 2644 1404 2672; x_wconf 81' lang='lat' dir='ltr'><strong>emnxisli</strong></span> <span class='ocrx_word' id='word_1_717' title='bbox 1423 2651 1449 2673; x_wconf 88' lang='lat' dir='ltr'><strong>et</strong></span> <span class='ocrx_word' id='word_1_718' title='bbox 1467 2650 1520 2673; x_wconf 82' lang='lat' dir='ltr'><strong>tam</strong></span> <span class='ocrx_word' id='word_1_719' title='bbox 1538 2646 1652 2681; x_wconf 75' lang='lat' dir='ltr'><strong>ingentia</strong></span> <span class='ocrx_word' id='word_1_720' title='bbox 1666 2654 1770 2673; x_wconf 85' lang='lat' dir='ltr'><strong>annun-</strong></span> 
     </span>
    </p>
   </div>
   <div class='ocr_carea' id='block_1_109' title="bbox 980 2689 1770 2726">
    <p class='ocr_par' dir='ltr' id='par_1_109' title="bbox 980 2689 1770 2726">
     <span class='ocr_line' id='line_1_109' title="bbox 980 2689 1770 2726; baseline 0.008 -13"><span class='ocrx_word' id='word_1_721' title='bbox 980 2689 1051 2715; x_wconf 87' lang='lat' dir='ltr'><strong>tiasti</strong></span> <span class='ocrx_word' id='word_1_722' title='bbox 1077 2690 1172 2724; x_wconf 85' lang='lat' dir='ltr'><strong>quales</strong></span> <span class='ocrx_word' id='word_1_723' title='bbox 1195 2698 1284 2726; x_wconf 88' lang='lat' dir='ltr'><strong>nequc</strong></span> <span class='ocrx_word' id='word_1_724' title='bbox 1307 2692 1368 2726; x_wconf 88' lang='lat' dir='ltr'><strong>quis</strong></span> <span class='ocrx_word' id='word_1_725' title='bbox 1394 2692 1473 2720; x_wconf 82' lang='lat' dir='ltr'><strong>facile</strong></span> <span class='ocrx_word' id='word_1_726' title='bbox 1493 2693 1607 2720; x_wconf 77' lang='lat' dir='ltr'><strong>dixisset</strong></span> <span class='ocrx_word' id='word_1_727' title='bbox 1630 2693 1770 2720; x_wconf 85' lang='lat' dir='ltr'><strong>veritatem</strong></span> 
     </span>
    </p>
   </div>
   <div class='ocr_carea' id='block_1_110' title="bbox 978 2737 1771 2775">
    <p class='ocr_par' dir='ltr' id='par_1_110' title="bbox 978 2737 1771 2775">
     <span class='ocr_line' id='line_1_110' title="bbox 978 2737 1771 2775; baseline 0.006 -14"><span class='ocrx_word' id='word_1_728' title='bbox 978 2741 1099 2764; x_wconf 77' lang='lat' dir='ltr'><strong>secutus.</strong></span> <span class='ocrx_word' id='word_1_729' title='bbox 1123 2737 1154 2764; x_wconf 87' lang='lat' dir='ltr'><strong>Et</strong></span> <span class='ocrx_word' id='word_1_730' title='bbox 1175 2737 1242 2765; x_wconf 91' lang='lat' dir='ltr'><strong>mihi</strong></span> <span class='ocrx_word' id='word_1_731' title='bbox 1263 2738 1364 2766; x_wconf 82' lang='lat' dir='ltr'><strong>videris</strong></span> <span class='ocrx_word' id='word_1_732' title='bbox 1392 2739 1437 2767; x_wconf 88' lang='lat' dir='ltr'><strong>tali</strong></span> <span class='ocrx_word' id='word_1_733' title='bbox 1460 2739 1551 2775; x_wconf 74' lang='lat' dir='ltr'><strong>lingua</strong></span> <span class='ocrx_word' id='word_1_734' title='bbox 1573 2739 1684 2772; x_wconf 83' lang='lat' dir='ltr'><strong>ell‘undi,</strong></span> <span class='ocrx_word' id='word_1_735' title='bbox 1700 2738 1771 2766; x_wconf 79' lang='lat' dir='ltr'><strong>forte</strong></span> 
     </span>
    </p>
   </div>
   <div class='ocr_carea' id='block_1_111' title="bbox 171 2820 1117 2861">
    <p class='ocr_par' dir='ltr' id='par_1_111' title="bbox 171 2820 1117 2861">
     <span class='ocr_line' id='line_1_111' title="bbox 171 2820 1117 2861; baseline 0.007 -15"><span class='ocrx_word' id='word_1_736' title='bbox 171 2820 207 2855; x_wconf 81' lang='lat' dir='ltr'><strong>(l)</strong></span> <span class='ocrx_word' id='word_1_737' title='bbox 222 2821 384 2847; x_wconf 75' lang='lat' dir='ltr'><strong>Vocabulum</strong></span> <span class='ocrx_word' id='word_1_738' title='bbox 401 2829 453 2848; x_wconf 92' lang='lat' dir='ltr'><strong>non</strong></span> <span class='ocrx_word' id='word_1_739' title='bbox 466 2821 571 2858; x_wconf 77' lang='lat' dir='ltr'><strong>legitur.</strong></span> <span class='ocrx_word' id='word_1_740' title='bbox 589 2822 683 2850; x_wconf 82' lang='lat' dir='ltr'><strong>Itidem</strong></span> <span class='ocrx_word' id='word_1_741' title='bbox 701 2823 726 2850; x_wconf 92' lang='lat' dir='ltr'><strong>in</strong></span> <span class='ocrx_word' id='word_1_742' title='bbox 741 2829 872 2859; x_wconf 79' lang='lat' dir='ltr'><strong>sequente</strong></span> <span class='ocrx_word' id='word_1_743' title='bbox 885 2825 980 2853; x_wconf 85' lang='lat' dir='ltr'><strong>lacuna</strong></span> <span class='ocrx_word' id='word_1_744' title='bbox 993 2830 1117 2861; x_wconf 79' lang='lat' dir='ltr'><strong>utraque.</strong></span> 
     </span>
    </p>
   </div>
   <div class='ocr_carea' id='block_1_112' title="bbox 294 2869 720 2902">
    <p class='ocr_par' dir='ltr' id='par_1_112' title="bbox 294 2869 720 2902">
     <span class='ocr_line' id='line_1_112' title="bbox 294 2869 720 2902; baseline 0.005 -4"><span class='ocrx_word' id='word_1_745' title='bbox 294 2869 428 2899; x_wconf 72' lang='lat' dir='ltr'><strong>Pnuot.</strong></span> <span class='ocrx_word' id='word_1_746' title='bbox 453 2871 509 2902; x_wconf 73' lang='lat' dir='ltr'><strong>(in.</strong></span> <span class='ocrx_word' id='word_1_747' title='bbox 535 2871 720 2902; x_wconf 55' lang='lat' dir='ltr'><strong>LXXXVII.</strong></span> 
     </span>
    </p>
   </div>
   <div class='ocr_carea' id='block_1_113' title="bbox 1560 2875 1612 2908">
    <p class='ocr_par' dir='ltr' id='par_1_113' title="bbox 1560 2875 1612 2908">
     <span class='ocr_line' id='line_1_113' title="bbox 1560 2875 1612 2908; baseline 0 0"><span class='ocrx_word' id='word_1_748' title='bbox 1560 2875 1612 2908; x_wconf 63' lang='grc' dir='ltr'><strong>δῖ*</strong></span> 
     </span>
    </p>
   </div>
  </div>
