1988 3079
157 165 230 198 2792
238 169 250 183 ε

882 158 943 189 ΕΡΙ
947 157 1073 188 STOLE
1078 182 1084 190 .

1699 158 1769 190 2792
1779 157 1789 178 ¹

159 221 182 252 ὧ
203 223 272 252 Ζεῦ⁸
290 221 321 249 οὗ
347 220 454 257 χρόνον,
471 219 503 246 οὐ
524 217 620 245 πολιὰν
638 216 770 252 ἐλεεινὴν,
793 216 824 244 οὗ
842 217 873 244 τδ
896 217 945 251 τῆς

1008 223 1051 243 ton
1077 220 1201 248 tempus,
1225 223 1278 242 non
1306 221 1390 243 canos
1417 214 1598 247 miserabiles.
1619 223 1672 243 non
1698 216 1794 245 matris

162 270 264 306 μητρὸς
288 267 424 298 αἰδεσθεὶς
439 264 631 301 φιλάνθρωπον
645 264 747 299 δνομα’
763 262 821 290 ἀλλ’
838 263 890 298 ’ήδη
905 262 952 289 καὶ

162 317 258 353 βιαίως
279 314 446 350 ἀνατρέψας,
468 313 508 344 είς
532 311 584 346 γῆν
614 309 748 357 καϋαλε
770 315 802 329 ι’
823 309 871 357 καὶ

160 364 221 391 κατ’
237 362 322 396 αὐτῆς
337 360 477 396 ἐνήλλατο,
501 358 606 394 βοώσης
625 354 683 383 οἷον
697 355 781 388 εἰκὸς,
805 354 854 382 καὶ
870 355 953 381 παῖδα

162 409 315 444 καλούσης⁸
340 407 387 434 καὶ
410 406 437 433 τί
453 405 508 441 γὰρ
532 404 583 431 οὐκ
601 403 634 430 ἂν
660 403 733 429 εἴποι
757 401 865 437 μήτηρ,
894 400 952 436 μετ’

161 456 260 486 ὠδῖνας
284 455 333 481 καὶ
346 451 450 488 τροφὴν
467 451 516 478 καὶ
535 450 584 481 τὰς
600 448 685 480 καλὰς
701 447 810 478 ἐκείνας
832 446 952 477 ἐλπίδας,

161 501 274 529 τοιαῦτα
303 499 380 536 παρὰ
416 498 464 525 τοῦ
502 496 599 528 παιδὸς
623 494 796 530 ἀνασχομένη
818 493 831 513 τι
858 493 952 526 κακὰς

163 546 322 573 τελευταῖον
349 544 377 571 δὲ
408 543 455 570 καὶ
481 543 530 576 τῆς
555 541 643 572 οίκίας
672 539 776 574 ταύτην
799 537 951 573 ἀπήλασεν,

162 592 275 626 ἄπορον,
301 589 419 624 γυμνὴν,
442 588 497 614 τῶν
514 586 669 620 ἀναγκαίων
693 584 899 620 ἐστερημένην
924 582 953 609 ἓν

164 636 229 666 lam;
247 635 327 661 τοῦτο
352 633 547 669 χαρισάμενος,
568 631 610 658 ὅτι
635 629 682 657 τοῦ
712 630 830 656 συνεῖναι
852 627 954 663 ταύτην

163 679 318 715 ἀπήλλαξε·
335 680 382 706 καὶ
396 678 444 705 νῦν
471 675 548 707 οὗτος
566 676 615 711 μὲν
637 676 758 709 ἐντρυφᾷ
775 676 832 706 τοίς
851 674 954 700 τούτων

163 727 270 758 κακοῖς,
289 725 357 760 γυνὴ
373 725 401 751 δὲ
422 718 521 758 γραὗς,
542 722 589 748 καὶ
603 721 637 747 τὰ
654 721 747 756 πρῶτα
771 720 892 755 φέρουσα
905 721 955 755 τῆς

164 773 231 808 παρ’
247 772 314 807 ἡμῖν
330 770 481 804 εὐγενείας,
499 770 526 794 ἐν
541 768 600 799 ταῖς
614 766 693 802 χερσὶ
708 766 755 797 τὰς
774 766 886 796 ἐλπίδας
899 765 955 800 ἔχει

163 818 211 845 τοῦ
226 818 298 853 βίου·
311 817 350 851 τῷ
364 817 392 843 δὲ
404 815 515 851 χρηστῷ
529 813 608 849 τῷδε,
623 813 670 840 καὶ
687 812 718 839 τὸ
737 811 839 846 ταύτης
857 811 954 842 πάθος,

163 864 229 900 ἄλλη
246 864 351 898 γίνεται
366 862 494 897 συμφορά
506 869 513 876 ·
528 862 574 888 καὶ
590 860 660 894 πρὸς
674 859 723 895 τὴν
736 859 838 886 οίκείαν
851 857 954 894 τροφὴν

162 909 366 946 ἀπορούμενος,
388 907 536 940 ὑπεδέξατο
553 906 667 940 ταύτην,
689 904 877 931 ἐπιτείνουσαν
904 903 954 938 μὲν

163 955 238 990 αὐτῷ
253 955 304 991 τὴν
331 954 434 980 ἔνδειαν
444 961 452 969 ·
466 953 543 987 ὅμως
560 951 708 984 ἀναγκαῖον
735 950 815 985 χρέος
829 949 929 976 ἐκτίνει
943 954 954 968 ο

168 1001 202 1035 τῇ
217 998 312 1033 φύσει*
339 997 386 1025 καὶ
403 996 451 1023 νῦν
476 995 594 1022 σύνεισιν
617 994 742 1028 ἀλλήλοις
768 994 833 1030 μίαν
848 993 956 1029 έχοντες

164 1044 344 1081 παραμυθίαν
355 1063 363 1076 ,
376 1044 417 1070 ὅτι
434 1043 471 1078 μὴ
484 1042 569 1069 πλείω
585 1041 770 1068 πεπόνθασιν·
781 1041 798 1076 ἡ
815 1041 844 1067 δὲ
861 1041 954 1076 μήτηρ

162 1089 207 1118 οἵα
221 1091 309 1126 δήπου
330 1088 410 1124 γυνὴ,
424 1088 472 1115 καὶ
483 1086 597 1115 τοιαῦτα
615 1086 750 1118 παθοῦσα,
762 1085 810 1113 ἕνα
826 1085 883 1121 βίον
896 1085 953 1120 ἔχει

162 1136 192 1163 τὸ
212 1135 369 1171 μεμνῆσθαι
380 1134 435 1160 τῶν
459 1133 561 1164 ἑαυτῆς
576 1131 680 1162 κακῶν,
699 1131 746 1157 καὶ
763 1129 891 1165 δακρύειν
906 1129 954 1156 ἐπὶ

163 1184 195 1217 τῇ
213 1183 307 1217 μνήμῃ
317 1190 323 1196 ·
340 1180 387 1207 καὶ
409 1180 458 1215 τὴν
470 1179 555 1214 θηλὴν
569 1177 758 1205 ὑποδεικνύειν
773 1178 807 1211 τῇ
831 1176 893 1212 δίκῃ
907 1173 952 1203 οἷα

163 1228 281 1255 πέπονθε
298 1226 476 1262 διηγουμένη.
495 1223 589 1251 Ταῦτα
603 1224 694 1250 τοίνυν
713 1223 752 1254 είς
775 1221 837 1249 νοῦν
851 1220 952 1255 λαϐὼν,

163 1275 211 1301 καὶ
225 1273 308 1308 μηδὲν
323 1273 396 1308 ἡμᾶς
411 1270 585 1306 προστιθέναι
598 1270 657 1300 ταῖς
673 1267 813 1303 ἀληθείαις
827 1267 951 1303 νομίσας,

164 1319 233 1347 ἀλλὰ
259 1318 292 1345 τὰ
322 1317 459 1352 κεφάλαια
485 1316 495 1335 ί
519 1316 599 1351 μόνον
625 1314 763 1341 δεικνύναι
784 1312 836 1348 τῆς
868 1311 952 1339 αὑτοῦ

163 1364 309 1400 πονηρίας,
328 1363 373 1390 διὰ
391 1363 437 1390 τὸν
455 1362 503 1398 τῆς
518 1360 664 1395 ἐπιστολῆς
682 1360 793 1395 καιρὸν,
816 1358 953 1394 μέτρησόν

1003 261 1083 289 dulce
1112 261 1210 289 nomen
1241 262 1384 289 reveritus.
1411 261 1465 288 Sed
1487 262 1542 296 jam
1572 269 1631 290 eam
1661 262 1794 290 violenter

1003 307 1175 340 subvertens,
1196 306 1222 333 in
1248 311 1347 333 terram
1372 306 1509 341 projecit,
1534 311 1562 334 ct
1587 307 1660 335 calce
1686 308 1712 335 in
1733 315 1794 336 eam

1004 353 1119 385 insiluit,
1139 353 1314 385 clamantem,
1340 358 1372 381 ut
1397 355 1504 386 merito,
1529 359 1556 381 et
1584 354 1668 381 (illum
1696 362 1795 382 vocan-

1005 405 1069 428 tem.
1087 400 1155 433 Quid
1174 399 1245 426 enim
1263 407 1315 427 non
1334 400 1435 427 diceret
1453 406 1549 433 mater,
1562 405 1623 434 post.
1639 405 1732 436 partus
1745 403 1793 428 do-

1004 444 1086 476 lores,
1103 450 1130 471 et
1147 445 1336 471 educationem
1364 449 1390 472 et
1414 445 1540 479 pulchras
1562 446 1622 472 illas
1642 454 1714 480 spes,
1732 447 1794 474 talia

1003 500 1018 517 a
1035 490 1088 517 tilio
1103 490 1208 524 patiens
1231 489 1310 517 mala.
1329 489 1449 524 Denique
1469 495 1496 517 et
1512 491 1591 517 domo
1605 497 1663 517 eam
1679 492 1793 525 expulit,

1005 541 1141 570 egentem,
1157 537 1269 568 nudam,
1288 537 1450 563 necessariis
1476 541 1635 570 carentem;
1660 537 1686 563 id
1712 545 1794 564 unum

1006 583 1076 610 forte
1092 583 1128 609 illi
1146 582 1296 616 indulgens,
1313 584 1386 617 quod
1408 583 1450 610 sui
1474 583 1605 610 societate
1622 591 1680 610 eam
1702 584 1793 610 Solvit.

1004 628 1038 656 Et
1058 636 1129 655 Illinc
1151 628 1196 654 ille
1220 628 1327 662 quidem
1351 627 1449 654 talibus
1471 628 1549 654 malis
1570 627 1698 655 exsuitat.
1721 627 1796 655 Anus

1005 680 1108 707 autent,
1126 679 1153 701 et
1174 675 1275 709 primas
1303 674 1456 701 nobilitates
1478 675 1547 709 apud
1573 683 1622 701 n05
1645 682 1751 709 gert-ns.
1768 675 1794 702 in

1006 720 1130 747 manibus
1150 727 1205 747 sua:
1229 720 1291 747 vita:
1315 727 1389 754 spem
1413 721 1503 747 habet.
1526 720 1562 747 Illi
1583 725 1671 748 autetn
1693 722 1795 755 optimo

1005 771 1032 793 et
1048 766 1127 801 hujus
1144 765 1255 793 miseria
1278 766 1350 793 aliud
1369 766 1545 794 infortunium
1563 771 1624 799 est;
1647 771 1673 793 et
1688 767 1742 801 jam
1763 768 1795 794 ad

1006 811 1145 846 proprium
1161 811 1261 839 victum
1280 811 1415 846 indigens,
1432 819 1490 838 eam
1510 816 1598 838 tamen
1621 812 1728 846 excepit
1746 811 1796 846 ipsi

1009 858 1146 885 miseriam
1174 858 1365 893 adaugentem.
1393 858 1447 885 Sed
1478 857 1661 885 necessarium
1693 863 1797 884 natura:

1009 905 1128 931 debitum
1156 904 1247 931 solvit.
1275 904 1309 930 Et
1337 912 1408 931 ntmc
1438 912 1491 931 una
1521 905 1641 930 habitant
1669 904 1795 931 solatium

1009 950 1118 976 unicum
1145 950 1276 977 habentes
1303 951 1374 984 quod
1401 957 1453 976 non
1479 950 1555 984 plura
1582 949 1698 984 perpessi
1729 949 1795 976 sint.

1008 995 1094 1022 Mater
1112 1000 1215 1027 autem,
1235 1000 1326 1029 utpote
1349 995 1448 1023 mulier
1471 999 1498 1022 et
1527 994 1588 1021 talia
1612 1001 1691 1029 passa
1713 999 1795 1021 totam

1010 1041 1093 1068 vitam
1113 1041 1194 1068 habet
1213 1048 1322 1068 suorum
1341 1041 1471 1068 malorum
1491 1041 1646 1068 meminisse
1662 1045 1686 1068 et
1702 1048 1795 1067 eorum

1007 1087 1137 1114 memoria
1162 1088 1325 1123 lacrymare,
1345 1092 1372 1115 et
1396 1088 1543 1114 mamillam
1561 1087 1704 1114 ostendere
1723 1086 1796 1120 judi-

1006 1132 1082 1160 cibus
1099 1133 1190 1167 qualia
1211 1140 1289 1167 passa
1310 1133 1345 1160 sit
1366 1140 1510 1161 enarrans.
1532 1132 1596 1160 [hcc
1613 1140 1692 1166 porro
1708 1139 1797 1159 meme

1005 1179 1116 1213 capiens
1131 1184 1158 1207 et
1175 1187 1334 1214 persuasum
1357 1180 1460 1207 habens
1480 1187 1544 1206 vero
1568 1179 1635 1206 nihil
1659 1187 1707 1206 nos
1727 1178 1798 1213 adji-

1007 1231 1082 1256 cere,
1099 1225 1146 1251 sed
1172 1225 1258 1252 solum
1286 1225 1365 1259 hujus
1385 1225 1495 1252 malitia:
1520 1224 1698 1251 summarium
1718 1223 1796 1250 exhi-

1008 1270 1085 1304 bere,
1103 1275 1178 1298 tuum
1199 1273 1318 1299 studium
1342 1271 1414 1298 illius
1439 1270 1541 1297 malitia
1559 1271 1664 1298 metire.
1682 1269 1716 1296 Et
1736 1273 1796 1296 esto

1008 1317 1069 1344 talis
1084 1318 1191 1351 qualem
1210 1322 1235 1344 te
1250 1325 1309 1345 esse
1326 1318 1396 1345 Deus
1411 1317 1505 1352 exlgit,
1523 1321 1551 1344 et
1568 1315 1696 1343 amicitia:
1712 1315 1754 1342 lex
1768 1318 1797 1342 et

1006 1362 1105 1396 injuria
1122 1363 1278 1391 aﬂ'ectorum
1295 1371 1369 1398 spes.

165 1418 212 1436 σου
225 1409 274 1445 τὴν
288 1407 404 1444 σπουδὴν
416 1407 484 1443 πρὸς
492 1406 541 1442 τὴν
554 1406 659 1432 ἐκείνου
673 1405 787 1432 κακίανσ
804 1404 851 1430 καὶ
865 1403 945 1438 γενοῦ
962 1405 1094 1441 τοιοῦτος,
1117 1405 1173 1435 οἷον
1215 1409 1245 1436 σὲ
1264 1409 1345 1446 ,Θεὸς
1369 1409 1491 1442 ἀπαιτεῖ,
1514 1408 1561 1435 καὶ
1593 1408 1686 1443 φιλίας
1712 1407 1794 1443 νόμος

164 1457 211 1484 καὶ
224 1457 241 1492 ἡ
255 1455 309 1483 τῶν
323 1454 508 1490 ἀδικουμένων
524 1452 612 1484 ἐλπίς.

437 1499 497 1527 PA’.
517 1498 678 1534 ΔΩΡΟΘΕῼ.

200 1547 285 1574 Πάλιν
298 1545 438 1576 εὐσεϐείας
454 1544 560 1579 καιρὸς,
573 1543 622 1570 καὶ
637 1543 718 1570 πάλιν
733 1541 801 1578 πρὸς
817 1542 867 1578 τὴν
881 1541 952 1576 ὑμεο

164 1593 247 1630 τέραν
275 1592 371 1627 σοφίαν
398 1593 412 1618 ὁ
437 1591 547 1626 δρόμος.
581 1590 664 1625 Ἀνήρ
690 1597 732 1620 τις
760 1588 814 1615 τῶν
839 1587 954 1620 ἑαυτοὺς

169 1638 323 1666 ἀναθέντων
347 1637 407 1672 Θεῷ
423 1635 471 1663 καὶ
497 1636 529 1661 ἐκ
555 1634 714 1670 φιλοσοφίας
731 1633 951 1668 γνωριζομένων,

166 1684 196 1716 ἐξ
215 1684 307 1711 ἀδίκου
330 1680 569 1716 συκοφαντίας,ὡς
584 1681 683 1712 ἔοικεν,
705 1678 746 1714 τῷ
765 1678 811 1705 τοῦ
825 1677 954 1705 δικαστοῦ

166 1729 246 1765 θυμῷ
273 1728 494 1764 περιπέπτωκεν,
511 1727 549 1759 ὡς
571 1727 662 1760 δεξιὰν
688 1725 809 1761 ἀντάρας
827 1724 955 1759 πολέμιον

167 1775 239 1803 κατὰ
252 1775 306 1802 τῶν
321 1772 581 1810 ἐξυπηρετουμένων
598 1774 652 1804 τοῖς
663 1772 757 1807 νόμοις
768 1778 776 1787 ·
790 1771 815 1798 οι
829 1770 858 1797 δὲ
869 1769 956 1797 ταῦτα

169 1820 350 1857 μηνύσαντες,
373 1819 408 1846 τὰ
426 1818 504 1855 παρὰ
523 1818 577 1846 τῶν
601 1818 687 1844 ἄλλων
705 1816 743 1849 ὥς
758 1824 841 1852 φασιν
858 1815 954 1851 ἀδική-

169 1875 252 1902 ματα,
275 1865 347 1893 κατά
364 1864 459 1892 τούτου
484 1863 672 1899 μετέστησαν·
691 1863 739 1890 καὶ
760 1862 868 1898 πλήρης
888 1862 902 1888 ὁ
917 1861 956 1888 δι-

167 1913 260 1945 κάζων
275 1911 361 1948 θυμοῦ
373 1919 380 1926 '
394 1911 443 1938 καὶ
457 1910 524 1947 πρὸς
538 1910 634 1936 ἑαυτὸν
657 1909 746 1940 καλεῖ,
764 1909 810 1935 καὶ
832 1907 900 1944 πρὸς
917 1916 957 1934 τι-

168 1958 274 1994 μωρίαν
290 1958 451 1991 ὲπείγεταιο
468 1956 517 1984 καὶ
538 1955 658 1990 πάρεστι
673 1953 768 1990 καιρὺς
793 1953 872 1989 εἴπερ
892 1952 957 1979 ποτὲ

167 2004 214 2030 καὶ¹
224 2004 272 2031 νῦν
285 2001 492 2039 φιλανθρωπίαν
503 2000 604 2036 ζητῶν.
619 2000 721 2036 Φάνηθι
734 1999 766 2034 δὴ
780 1998 825 2026 καὶ
842 1997 957 2032 φθέγξαι

165 2059 192 2076 τι
215 2049 270 2076 τῶν
287 2049 353 2082 σῶν,
368 2049 417 2075 καὶ
439 2048 491 2083 τῆς
507 2048 593 2083 ὀργῆς
616 2045 787 2080 παραλύσεις
812 2044 857 2071 τὸν
882 2043 959 2070 δικα-

167 2096 244 2131 στήν.
269 2095 300 2122 El
321 2095 375 2130 γάρ
395 2103 422 2121 τι
441 2094 489 2121 καὶ
513 2094 672 2128 πέπρακται
696 2091 793 2123 δεινὸν,
814 2090 882 2126 ὅπερ
898 2089 959 2117 οὐδὲ

166 2142 288 2176 γέγονεν,
303 2142 342 2173 εἰς
360 2139 527 2175 συγγνώμην
541 2138 641 2174 τρέψον
664 2137 695 2164 τὺ
712 2135 916 2172 ψηφιζόμενον·
932 2135 957 2162 εἶ

169 2188 252 2223 μηδὲν
267 2188 341 2220 ἄλλο,
351 2187 382 2214 τὸ
395 2186 589 2222 περικείμενον
602 2183 676 2219 αὐτῷ
689 2183 781 2219 σχῆμα
792 2183 956 2218 τιμήσαντα.

166 2233 270 2268 Φάνηθι
298 2232 367 2268 μετὰ
383 2232 501 2265 πολλῶν,
526 2232 550 2258 οἱ
573 2231 641 2266 πρὸς
656 2230 705 2265 τὴν
724 2229 834 2264 αἴτησιν
856 2228 958 2263 τυγχά-

167 2286 258 2305 νουσιν
282 2278 446 2313 εύπρεπείς·
476 2277 577 2312 μᾶλλον
603 2276 631 2303 δὲ
646 2276 694 2302 καὶ
707 2275 760 2310 πρὸ
775 2274 829 2300 τῶν
857 2273 955 2305 ἄλλων,

166 2321 260 2348 ὁπόσοι
286 2322 385 2348 οἰκεῖόν
407 2330 434 2348 τι
456 2321 562 2354 δόξουσι
594 2319 800 2354 συνεισφέρειν·
826 2318 883 2345 ἀλλ’
910 2317 956 2345 οὗν

166 2367 248 2400 αὐτὸς
265 2367 375 2396 πάντων
390 2366 506 2402 ἀναδέξῃ
523 2366 568 2392 τὸν
584 2366 709 2393 ἔπαινον·
725 2364 762 2396 ὡς
777 2364 827 2400 καί
836 2364 955 2400 πρῶτος,

166 2413 213 2440 καὶ
230 2413 291 2441 λίαν
305 2414 422 2448 αἰτήσας
444 2412 492 2440 καὶ
507 2412 559 2447 τῆς
577 2411 663 2447 καλῆς
685 2410 892 2447 φιλανθρωπίας
906 2419 952 2445 γε-

165 2459 252 2494 γονὼς
266 2461 323 2492 τοῖς
338 2459 428 2492 ἄλλοις
445 2459 633 2495 παράδειγμα.

1255 1497 1319 1525 ειν.
1342 1496 1539 1525 DOROTHEO.

1039 1542 1158 1571 Rursum
1176 1543 1286 1579 pietatis
1308 1544 1415 1571 occasio
1429 1548 1456 1570 et
1486 1551 1594 1570 rursum
1619 1541 1650 1569 ad
1674 1548 1794 1570 vestram

1004 1589 1165 1623 sapientiam
1190 1596 1327 1616 recursus.
1357 1588 1404 1615 Vir
1422 1589 1533 1623 quidam
1549 1597 1644 1616 eorum
1670 1590 1714 1623 qui
1740 1589 1796 1617 Deo

1004 1635 1087 1662 vitam
1100 1641 1308 1666 consecravere.
1325 1638 1352 1661 et
1363 1642 1397 1661 ex
1418 1634 1587 1668 philosophia
1612 1634 1796 1667 celebrantur,

1006 1681 1108 1716 iujusta
1122 1680 1269 1712 calumnia,
1282 1684 1311 1707 ut
1322 1680 1440 1713 videtur,
1457 1681 1484 1707 in
1501 1680 1673 1715 iramjudicis
1689 1681 1796 1714 incidit,

1006 1732 1100 1761 utpote
1114 1727 1160 1761 qui
1188 1726 1327 1753 inimicam
1352 1733 1462 1753 manum
1482 1732 1577 1754 contra
1604 1726 1708 1762 legibus
1732 1726 1798 1754 obe-

1006 1771 1111 1799 dientes
1123 1770 1271 1798 sustulerit.
1284 1769 1335 1804 Qui
1351 1775 1441 1798 autem
1452 1778 1482 1798 ea
1499 1771 1664 1804 indicavere,
1682 1772 1797 1806 injurias

1006 1817 1041 1845 ab
1055 1817 1126 1849 aliis,
1145 1821 1173 1843 ut
1196 1816 1282 1849 aiunt,
1305 1815 1401 1849 factas,
1417 1816 1444 1843 in
1459 1823 1520 1844 eum
1537 1822 1740 1845 converterunt.
1763 1817 1798 1844 Et

1004 1863 1086 1898 judex
1113 1862 1271 1899 plenus'ira
1295 1866 1355 1892 est.
1372 1866 1400 1889 et
1419 1870 1480 1889 eum
1505 1863 1538 1890 ad
1559 1871 1588 1890 se
1607 1868 1695 1896 vocat,
1718 1868 1745 1891 et
1765 1864 1798 1890 ad

1007 1909 1156 1937 vindictam
1171 1907 1312 1935 incitatur.
1327 1908 1412 1936 Adest
1426 1913 1541 1943 tempus,
1551 1909 1573 1936 si
1588 1917 1705 1944 unquam
1719 1909 1797 1942 alias,

1007 1953 1224 1981 benevolentiam
1241 1953 1394 1988 requirens.
1414 1954 1522 1988 Appare
1535 1955 1628 1990 igitur,
1645 1960 1673 1982 et
1691 1959 1797 1982 tuorum

1008 1999 1109 2033 aliquid
1138 1998 1258 2034 laquere,
1284 2003 1311 2026 et
1337 1998 1378 2026 ira
1401 2000 1519 2034 judicent
1547 1999 1646 2027 solves.
1669 1999 1699 2027 Si
1732 2001 1797 2034 quid

1009 2045 1081 2073 enint
1113 2046 1240 2075 horrendi
1265 2047 1367 2074 factum
1394 2048 1447 2080 sit,
1480 2047 1552 2081 quod
1578 2054 1632 2074 nou
1657 2051 1716 2079 est,
1734 2054 1798 2073 seu-

1010 2092 1120 2120 teutiam
1149 2093 1176 2120 iu
1191 2093 1297 2121 veniam
1313 2096 1458 2124 converte;
1480 2093 1502 2119 si
1522 2093 1588 2120 nihil
1623 2092 1695 2119 aliud
1715 2100 1797 2127 quam

1009 2139 1081 2173 quod
1094 2139 1174 2172 dixit,
1194 2146 1255 2166 eum
1269 2139 1381 2167 ostende
1397 2140 1574 2167 honorantem
1596 2146 1656 2173 qme
1677 2139 1727 2172 ipsi
1745 2139 1799 2165 cir-

1010 2182 1157 2217 cuntjacet,
1175 2184 1347 2219 dignitatem.
1365 2184 1473 2219 Appare
1489 2191 1542 2211 una
1556 2191 1617 2211 eum
1641 2184 1734 2210 multis
1751 2183 1796 2218 qui

1009 2231 1044 2256 ad
1059 2230 1267 2264 postulationem
1286 2230 1341 2258 sint
1356 2230 1464 2264 idonei;
1481 2230 1522 2257 vel
1537 2231 1628 2265 potius
1649 2235 1712 2257 ante
1730 2231 1798 2257 alios

1009 2275 1054 2310 qui
1073 2276 1211 2311 proprium
1226 2276 1327 2311 aliquid
1342 2276 1517 2304 contribuere
1537 2277 1652 2304 valeant.
1671 2276 1706 2303 At
1721 2282 1798 2303 certe

1009 2320 1067 2356 ipse
1081 2321 1202 2348 omnium
1217 2321 1311 2349 laudes
1324 2323 1460 2356 accipies;
1475 2327 1504 2349 ut
1524 2327 1550 2349 et
1566 2321 1670 2356 primus
1682 2325 1709 2348 et
1719 2321 1798 2347 valde

1009 2367 1151 2401 postulans
1180 2372 1208 2395 et
1235 2368 1355 2403 pulchra:
1392 2368 1589 2396 benevolentia:
1622 2367 1683 2395 aliis
1709 2367 1798 2394 lactus

1005 2413 1154 2448 exemplar.

345 2577 500 2607 EJUSDEM
516 2576 675 2605 PROCOPII
702 2575 818 2604 GAZ/El
833 2576 1089 2606 FRAGMENTUM.
1109 2578 1146 2606 Ex
1164 2577 1261 2607 codice
1275 2577 1407 2606 Vaticano
1426 2577 1507 2612 1096,
1531 2586 1559 2614 p.
1575 2578 1620 2605 6L

175 2645 223 2672 Ἐκ
247 2645 308 2673 τῶν·
334 2646 377 2679 εις
403 2646 441 2673 τὰ
463 2644 601 2678 Πρόκλου
623 2643 782 2678 θεολογικὰ
802 2643 953 2678 κεφάλαια

200 2678 405 2715 ἀηιρῤήσεὶινν
422 2679 591 2715 Προκοίτίου
606 2678 702 2712 Γάζης
714 2678 890 2713 ἁντίρῤησις
905 2688 954 2706 κε-

201 2717 333 2748 φαλαίου
351 2719 432 2751 ρμς’.

202 2761 269 2788 Θεία
288 2761 400 2798 πρόοδος
414 2762 534 2798 ἄναρχος
551 2761 599 2788 καὶ
616 2759 805 2796 ἀτελεύτητος,
826 2761 895 2796 μόνη
918 2760 951 2788 ἂν

1007 2647 1049 2674 Ea;
1077 2646 1202 2682 Procopii
1218 2646 1299 2674 ϐαιοὶ
1319 2648 1347 2674 in
1367 2646 1458 2673 Procli
1477 2647 1622 2682 theologica
1642 2647 1729 2681 capita
1751 2653 1793 2674 rc-

1148 2685 1261 2717 sponsis,
1278 2690 1430 2717 responsum
1445 2682 1473 2710 in
1486 2684 1570 2717 capite
1584 2682 1645 2710 M3.

1041 2761 1136 2788 Divina
1155 2760 1293 2796 processio
1318 2761 1376 2790 sine
1393 2761 1527 2797 principio
1541 2766 1568 2790 et
1586 2761 1646 2791 sine
1667 2761 1721 2790 ﬁne
1738 2761 1796 2790 sola

815 2819 933 2849 VARIAE
948 2821 1150 2850 LECTIONES.

200 2872 213 2888 ε
234 2869 295 2897 Vat.
317 2869 478 2897 κατέϐαλλε.
533 2869 547 2889 ει
561 2869 622 2897 Vat.
633 2866 794 2903 ἀνεχομένη.

853 2873 864 2887 ε
886 2867 946 2896 Vat.
963 2869 1089 2896 ἐκτείνει.
1132 2868 1140 2887 ί
1159 2868 1218 2897 Vat.
1237 2868 1267 2897 τὺ
1276 2869 1434 2905 κεφάλαιον.
