1988 3079
169 145 239 179 2792
248 145 261 166 ⁸

719 143 895 175 PROCOPII
915 142 1037 173 GAZJEI
1057 142 1260 175 EPISTOL/E.

1726 142 1778 174 792
1784 143 1799 162 ιι

166 204 303 231 diceretur
316 208 349 229 ex
364 208 418 228 uno
437 199 518 228 Patre
532 199 671 234 generatio
695 193 774 228 unius
788 200 860 232 Filii,
877 203 905 227 et
925 207 957 227 ex

1010 198 1116 233 λέγοιτο
1135 200 1151 235 ἡ
1167 200 1221 226 ἀπὸ
1238 199 1285 226 τοῦ
1303 199 1363 231 ἑνὸς
1379 199 1460 234 μόνου
1480 198 1588 235 Πατρὸς
1609 198 1739 234 γέννησις
1753 198 1798 225 τοῦ

167 249 263 278 eodem
293 247 435 282 productio
463 247 546 274 unius
560 247 647 274 sancti
670 246 787 282 Spiritus
811 247 959 274 secundum

167 303 248 331 quam
262 300 374 331 paterna
395 299 423 322 et
437 294 525 329 prima
543 294 585 321 vel
599 294 689 328 potius
705 294 839 329 principio
864 301 960 322 carens

169 342 258 368 unitas
275 341 301 367 in
325 340 484 367 dualitatern
508 344 597 367 emota
622 339 649 366 in
676 339 744 367 Filio
766 344 914 374 spectatam
933 344 960 367 ct

170 385 275 420 Spiritu
291 389 397 415 sancto,
415 391 499 418 usque
522 383 554 410 ad
573 383 733 411 Trinitatem
757 385 842 416 stetit,
867 392 960 418 quem-

171 430 319 458 admodum
335 430 373 457 ait
386 429 538 465 Tbeologus
551 434 642 457 noster
653 430 810 465 Gregorius.
827 429 873 456 llla
887 430 958 457 enim

169 476 226 504 sola
252 481 350 503 natura
378 476 468 503 divina
500 476 656 510 processio,
684 477 705 503 si
741 481 830 503 tatncn
853 480 959 511 oportet

170 528 265 549 natura
283 522 384 554 dicere,
401 522 509 556 quando
532 522 565 548 de
586 523 838 556 supernatnralibus
853 527 879 549 ct
892 523 959 550 divi-

169 569 211 595 nis
223 568 322 603 agitur.
335 568 368 596 Et
383 568 461 603 lmjus
473 568 581 602 quidem
595 569 759 603 principium
772 568 874 602 absque
886 569 959 603 prin-

167 615 238 649 cipio
261 615 341 642 Pater
358 623 365 642 :
380 623 412 642 ex
424 615 471 643 illo
488 615 559 642 enim
575 624 582 648 ;
599 614 718 642 medium
741 617 832 641 autem
850 619 878 642 ct
901 614 958 649 ipse

167 661 330 696 principium
347 653 431 688 Filius
447 670 453 687 :
472 668 522 695 per
537 660 625 694 ipsum
639 660 728 693 enim;
754 660 883 687 terminus
910 667 958 686 an-

169 713 220 735 Iem
237 707 452 742 perfectissimus
475 711 502 733 et
528 711 648 734 aeternus
674 706 794 741 Spiritus
818 711 955 734 sanctus:

167 756 194 783 in
213 755 300 790 ipsum
323 755 406 782 enim.
436 754 596 782 Secernitur
613 757 703 780 autem
723 758 750 780 et
766 753 799 780 al)
814 753 876 779 aliis
892 760 956 788 pro-

166 802 337 830 cessionibus
351 802 409 835 illa;
424 809 478 828 non
496 802 568 828 enim
594 805 704 836 separat
727 800 838 827 omnino
850 807 864 826 a
880 800 954 834 prin-

168 850 239 884 cipio
254 856 284 875 ea
297 856 357 883 quac
372 855 387 876 a
403 847 536 882 principio
550 848 692 880 oriuntur;
709 846 756 874 sed
772 847 883 874 omnino
902 854 954 874 non

170 895 244 923 foras
257 894 418 929 prodeuntia
432 898 531 926 servat,
546 900 592 928 per
602 893 761 920 substantiae
772 892 954 925 identitatem;

169 949 325 978 quanquam
341 945 369 968 ut
389 940 506 976 propriae
521 947 644 974 persenm
658 939 792 974 prodeunt
807 948 814 966 :
832 939 890 966 ideo
903 947 956 966 non

168 993 248 1023 egent
273 987 421 1015 secundum
441 987 571 1021 impetum
590 986 779 1014 conversione.
806 984 860 1012 Sed
886 985 957 1012 ultra

167 1035 238 1062 lianc
254 1040 349 1061 omnes
368 1033 428 1060 alite
447 1033 636 1068 proceSSiones
651 1032 766 1059 invicem
783 1037 955 1066 separantur.

167 1081 199 1108 Et
211 1089 303 1108 earum
315 1080 423 1115 quidem
440 1079 542 1114 absque
558 1079 690 1114 principio
706 1078 794 1111 nullo;
811 1078 874 1113 quia
889 1078 957 1105 nihil

168 1127 228 1153 sine
242 1125 376 1160 principio
387 1129 439 1158 est,
455 1125 502 1152 sed
516 1124 607 1151 omnia
624 1123 696 1151 facta
709 1128 772 1151 sunt
787 1132 800 1151 ο
816 1123 896 1151 Patre
909 1131 958 1157 per

166 1172 277 1205 Filium,
290 1171 407 1206 perfecta
420 1180 434 1199 a
448 1171 562 1207 Spiritu.
573 1171 680 1206 Absque
698 1173 751 1199 line
779 1178 832 1198 non
848 1169 955 1203 omnis;

167 1220 213 1247 sed
228 1226 316 1254 neque
327 1219 408 1246 etiam
422 1218 542 1245 omnino.
557 1218 655 1244 Eorum
669 1225 734 1245 vero
750 1225 810 1252 qum
826 1222 957 1252 perpetuo

168 1269 227 1298 post
242 1271 320 1291 suam
338 1263 401 1290 inde
418 1262 626 1298 productionem
642 1265 813 1297 permanent,
832 1268 884 1289 una
899 1262 958 1296 qni-

168 1311 228 1337 dent
249 1310 396 1338 secundum
425 1309 618 1343 substantiam,
636 1313 663 1336 et
681 1309 736 1344 jam
755 1308 874 1343 pcrfecta
899 1313 958 1341 est;

167 1365 254 1393 neque
268 1358 339 1385 enim
350 1357 403 1385 ulla
417 1357 469 1384 alia
482 1358 550 1384 ultra
563 1365 595 1385 ea
611 1364 671 1391 quae
688 1357 722 1384 ab
737 1357 816 1384 initio
829 1357 958 1391 producta

167 1409 240 1437 sunt,
267 1404 377 1438 insuper
405 1404 607 1439 producuntur;
625 1411 712 1438 neque
737 1404 819 1430 etiam
844 1410 875 1430 ea
898 1410 958 1437 qua:

168 1450 301 1485 producta
318 1454 381 1477 sunt
404 1451 555 1477 secundum
577 1449 757 1476 substantiam
780 1449 958 1476 mutationem

168 1496 355 1530 exspectantia
373 1503 441 1522 nova
458 1495 635 1529 productione
653 1495 783 1529 indigent.
803 1494 848 1520 Illa
867 1498 958 1521 autem

1012 244 1071 276 ἑνὸς
1084 245 1131 271 καὶ
1145 245 1226 280 μόνου
1246 244 1321 277 Υίοῦ,
1339 245 1388 272 καὶ
1404 245 1458 272 ἀπὺ
1474 244 1522 271 τοῦ
1542 243 1625 271 αὑτοῦ
1650 243 1801 279 πρόϐλησις

1010 291 1058 319 τοῦ
1075 292 1133 324 ἑνὸς
1146 293 1193 320 καὶ
1209 293 1290 327 μόνου
1311 292 1389 326 ἁγίου
1411 291 1571 327 Πνεύματος
1587 289 1648 317 καθ’
1666 290 1699 325 ἣν
1718 290 1734 324 ἡ
1750 298 1802 316 πα-

1011 339 1092 374 τρική
1115 347 1143 365 τε
1165 339 1212 365 καὶ
1227 337 1328 373 ἀρχικὴ
1347 337 1448 373 μᾶλλον
1469 337 1498 363 δὲ
1522 337 1694 372 προάναρχος
1715 336 1800 370 μονὰς

1010 386 1051 417 εἰς
1068 385 1150 412 δυάδα
1176 384 1318 420 κινηθεῖσα
1341 384 1391 419 τὴν
1414 384 1443 410 ἐν
1461 383 1518 418 Υίῷ
1541 382 1734 417 θεωρουμένην
1752 381 1799 408 καὶ

1010 431 1162 466 Πνεὺματι,
1189 431 1269 466 μέχρι
1291 431 1405 466 Τριάδος
1431 429 1514 465 ἔστη,
1535 430 1661 464 καθάπερ
1682 428 1764 464 φησιν
1785 428 1800 455 ὁ

1010 478 1144 513 ἡμέτερος
1165 477 1296 510 Θεολόγος
1321 477 1482 512 Γρηγόριος.
1498 475 1572 511 Αὕτη
1600 475 1627 502 δὲ
1655 475 1702 502 καὶ
1732 475 1799 510 μόνη

1010 524 1070 550 θεία
1088 524 1168 559 φύσει
1186 524 1309 558 πρόοδος,
1323 523 1403 558 εἴπερ
1418 523 1458 549 δεῖ
1471 522 1562 556 φύσει
1577 521 1667 556 λέγειν
1683 521 1729 548 ἐπὶ
1746 522 1800 548 τῶν

1011 569 1160 604 ὑπερφυῶν
1176 569 1223 595 καὶ
1238 569 1318 595 θείων
1330 579 1336 584 ι
1351 569 1399 595 καὶ
1414 568 1516 604 ταύτης
1530 569 1600 604 ἀρχὴ
1618 569 1667 603 μὲν
1683 569 1800 603 ἄναρχος

1009 617 1023 643 ὁ
1049 618 1155 651 Πατὴρ,
1182 615 1212 649 ἐξ
1239 615 1322 641 αὐτοῦ
1344 615 1415 650 γάρ·
1444 615 1561 649 μεσότης
1585 614 1614 640 δὲ
1639 613 1800 649 σύναρχοςό

1010 663 1084 695 Υἱὸς,
1110 662 1145 689 δι’
1160 661 1244 689 αὐτοῦ
1262 662 1315 696 γάρ
1327 670 1333 676 ·
1349 661 1425 692 τέλος
1445 661 1473 687 δὲ
1497 660 1729 695 ύπερτελέστατον
1754 659 1800 686 καὶ

1008 707 1187 744 ἀτελεύτητον
1217 708 1246 734 τὸ
1272 706 1386 741 Πνεῦμα
1411 707 1441 733 τὸ
1465 707 1553 740 ἅγιον,
1572 707 1612 738 εἰς
1637 706 1702 733 αὐτὸ
1728 707 1799 740 γάρ·

1008 755 1141 791 ἐξῄρηται
1153 755 1181 781 δὲ
1197 755 1244 781 καὶ
1261 754 1315 780 τῶν
1332 753 1419 779 ἄλλων
1435 753 1557 788 προόδων
1570 752 1640 787 αὕτη
1651 760 1657 766 ·
1676 752 1735 778 οὐδὲ
1746 753 1800 787 γὰρ

1009 802 1149 836 ἐξίστησιν
1166 801 1234 832 ὅλως
1252 801 1301 836 τῆς
1324 799 1412 835 ἀρχῆς
1432 799 1464 826 τὰ
1481 799 1509 833 ἐξ
1527 800 1624 832 αὐτῆς,
1647 799 1704 826 ἀλλ’
1720 799 1800 826 ἀνεκ-

1008 848 1124 883 φοίτητοι
1140 847 1229 881 πάντη
1253 846 1356 882 ταύτης
1373 846 1468 881 τηρεῖ,
1492 846 1535 872 διὰ
1559 845 1608 879 τὴν
1638 845 1687 879 τῆς
1706 844 1800 877 οὐσίας

1008 895 1181 930 ταυτότητα-
1204 895 1228 920 εἰ
1246 893 1293 920 καὶ
1317 893 1355 924 ὡς
1378 893 1432 920 ἴδια
1452 893 1588 929 πρόσωπα
1615 892 1737 927 πρόεισι·
1758 892 1800 919 διὸ

1008 941 1068 967 οὐδὲ
1083 941 1132 977 τῆς
1144 941 1205 967 κατ’
1218 940 1312 974 ἔφεσιν
1326 939 1494 974 ἐπιστροφῆς
1508 939 1628 966 δέονται·
1640 940 1668 965 αἱ
1682 939 1710 966 δὲ
1725 939 1800 975 παρὰ

1008 988 1112 1022 ταύτην
1127 989 1215 1015 πᾶσαι
1227 988 1280 1014 τῶν
1299 988 1384 1014 ὅντων
1403 987 1522 1022 πρόοδοι,
1537 988 1594 1018 τοῖς
1607 987 1667 1014 οὖσι
1683 988 1801 1014 συνδιαι-

1011 1033 1134 1068 ροῦνται-
1150 1033 1198 1060 καὶ
1221 1034 1338 1068 ἄναρχος
1355 1033 1405 1066 μὲν
1426 1032 1529 1059 τούτων
1549 1032 1672 1068 οὐδεμία,
1690 1033 1730 1059 ὅτι
1753 1033 1801 1059 καὶ

1008 1081 1062 1107 τῶν
1076 1080 1160 1107 ὄντων
1181 1080 1299 1115 ἄναρχον
1311 1080 1398 1112 οὐδὲν,
1414 1079 1483 1106 ἀλλὰ
1498 1081 1589 1106 πάντα
1605 1079 1701 1113 γέγονε
1725 1079 1801 1114 παρὰ

1009 1125 1055 1152 τοῦ
1077 1125 1184 1161 Harpe;
1201 1124 1247 1151 διὰ
1266 1124 1312 1152 τοῦ
1334 1124 1397 1151 Υἱοῦ
1419 1124 1633 1151 συντελεσθέντα
1651 1124 1690 1159 τῷ
1712 1124 1801 1151 ΠνΞὺ-

1011 1180 1092 1207 ματι·
1113 1171 1293 1206 ἁτελεύτητος
1309 1171 1349 1204 δὲ,
1377 1171 1407 1198 οὗ
1433 1172 1526 1198 πᾶσιν
1543 1170 1605 1198 οὔτε
1629 1171 1682 1206 μὴν
1700 1172 1799 1207 πάντη,

1009 1219 1078 1246 ἀλλὰ
1095 1218 1148 1245 τῶν
1168 1218 1217 1254 μὲν
1244 1218 1338 1245 ἀϊδίων
1361 1219 1430 1253 μετὰ
1444 1219 1494 1254 τὴν
1506 1218 1612 1245 ἐκεῖθεν
1629 1219 1802 1254 παραγωγὴν

1012 1265 1159 1300 μενύντων,
1181 1266 1197 1300 ἡ
1226 1264 1276 1300 μὲν
1298 1264 1359 1291 κατ’
1379 1264 1474 1292 οὐσίαν
1500 1265 1547 1291 καὶ
1571 1264 1603 1300 δὴ
1627 1265 1801 1291 τετέλεσται·

1011 1311 1072 1339 οὗτε
1096 1312 1150 1347 γὰρ
1181 1311 1300 1338 ἀλλάττει
1316 1311 1394 1346 παρὰ
1408 1311 1444 1337 τὰ
1465 1311 1494 1344 ἐξ
1514 1311 1602 1346 ἀρχῆς
1625 1311 1802 1346 παραχθέντα

1011 1358 1248 1393 έπιπαράγονται·
1273 1356 1328 1384 οὔτ’
1353 1357 1423 1384 αὐτὰ
1442 1357 1535 1384 ἐκεῖνα
1559 1357 1593 1383 τὰ
1613 1356 1800 1392 παραχθέντα,

1010 1404 1060 1441 τὴν
1075 1404 1135 1431 κατ’
1153 1404 1245 1430 οὐσίαν
1262 1403 1413 1439 μεταϐολὴν
1432 1403 1612 1438 ὑπομένοντα,
1625 1403 1705 1429 πάλιν
1718 1402 1801 1438 ἄλλης

1011 1450 1184 1485 παραγωγῆς
1209 1450 1331 1476 δέονται·
1361 1449 1377 1484 ἡ
1400 1448 1429 1475 δὲ
1459 1449 1519 1475 κατ’
1544 1448 1688 1483 ἔλλαμψιν,
1716 1447 1801 1479 ἀΐδιος

1012 1495 1117 1521 ἐκεῖθεν
1135 1494 1278 1530 προϐαίνει
1293 1494 1341 1521 καὶ
1367 1493 1558 1529 ἀτελεύτητος,
1580 1495 1637 1526 τοῖς
1661 1493 1711 1529 μὲν
1729 1503 1805 1529 πρω-

167 1549 227 1577 qure
243 1546 285 1569 est
308 1540 457 1568 secundum
478 1540 717 1572 illuminationem,
737 1545 868 1574 perpetuo
894 1539 957 1567 inde

1012 1541 1139 1573 τοδότως,
1159 1542 1215 1571 τοῖς
1241 1541 1269 1567 δὲ
1291 1541 1488 1576 ὃευτεροδὸτως
1501 1560 1509 1573 ,
1524 1540 1572 1567 καὶ
1596 1540 1728 1574 καθεξῆς·
1749 1540 1803 1566 τῶν

168 1594 195 1615 et
214 1588 273 1615 sine
289 1587 345 1614 fine
361 1586 493 1621 procedit,
511 1586 543 1613 iis
569 1586 678 1621 quidem
698 1585 786 1621 primo
802 1585 881 1617 dono,
906 1585 960 1613 illis

168 1640 258 1661 autem
283 1633 420 1666 secundo,
441 1638 470 1660 et
486 1633 522 1660 ita
535 1633 698 1664 successive,
714 1631 814 1659 divinis
833 1631 961 1666 splendo-

169 1677 243 1705 ribus
264 1678 412 1705 secundum
436 1678 536 1704 donum
556 1677 761 1712 proﬂuentibns,
791 1677 959 1712 singulorum

168 1724 314 1752 ordinibus
327 1728 353 1751 et
371 1724 454 1751 statui
475 1724 681 1758 proportionate
703 1730 789 1758 usque
813 1723 845 1749 ad
865 1729 959 1750 eorum

169 1770 274 1796 ultima.
296 1769 342 1797 Sie
358 1774 449 1797 autem
465 1775 493 1797 et
504 1770 595 1797 omnia
618 1770 651 1796 ad
664 1770 772 1796 unicum
795 1768 957 1803 principium

169 1815 320 1850 composite
334 1821 546 1849 convertuntur;
560 1821 586 1843 et
602 1820 749 1850 perpetuus
769 1815 822 1842 illis
839 1819 866 1842 et
881 1819 960 1842 scler-

170 1869 222 1889 nus
234 1869 268 1888 ex
282 1862 561 1897 proccssionibusque
576 1866 603 1888 et
621 1861 849 1889 conversionibus
865 1860 957 1888 cireu-

169 1907 212 1935 lus
225 1912 362 1935 servatur.
376 1907 519 1935 Processio
533 1912 622 1934 antem
638 1914 732 1935 eorum
749 1913 809 1942 qua:
824 1905 959 1933 nativitati

170 1956 197 1980 et
212 1953 382 1987 corruptioni
400 1957 427 1980 et
445 1953 560 1987 tempori
577 1953 768 1988 subjiciuntur,
789 1951 877 1986 quoad
900 1951 960 1978 uni-

169 2005 279 2026 versum
294 1999 403 2033 quidem
415 2004 443 2026 et
455 1999 511 2034 jam
525 1999 643 2034 perfecta
659 2003 731 2026 sunt.
744 1998 815 2025 Intra
827 2004 871 2025 sex
887 1998 958 2025 enim

170 2046 228 2072 dies
249 2050 323 2073 totus
336 2046 380 2073 hic
405 2046 541 2073 sensibilis
574 2046 689 2073 mundus
719 2045 881 2079 adimpletus
897 2050 957 2077 est;

169 2091 285 2125 septima
297 2095 388 2118 autem
405 2091 450 2118 die
467 2091 601 2126 requievit
615 2091 686 2117 Deus
699 2090 732 2117 ab
744 2090 878 2117 universis
894 2097 959 2124 ope-

169 2136 245 2164 ribus
274 2136 342 2163 suis.
370 2135 463 2170 Neque
485 2135 540 2170 jam
567 2135 679 2162 alterius
703 2135 794 2162 mundi
821 2135 957 2170 processio

170 2186 345 2216 exspectatur
362 2181 388 2208 in
415 2182 572 2208 universum
596 2181 780 2216 perficienda,
808 2183 956 2208 secundum

1012 1587 1092 1614 θείων
1105 1586 1333 1621 ἀπαυγασμὰτων
1348 1586 1540 1622 προχεομένων
1557 1586 1626 1612 κατὰ
1648 1585 1802 1621 μετάδοσιν,

1012 1633 1153 1667 ἀναλόγως
1176 1634 1236 1665 ταῖς
1261 1633 1384 1659 ἑκάστων
1403 1631 1512 1664 τάξεσιν
1536 1633 1585 1659 εἴτ’
1606 1632 1653 1659 οὖν
1680 1633 1803 1664 στάσεσι,

1013 1680 1095 1715 μέχρι
1114 1679 1162 1706 καὶ
1183 1680 1238 1706 τῶν
1255 1680 1284 1706 ὲν
1305 1678 1420 1710 ἐκείνοις
1449 1678 1590 1714 ἐσχάτων·
1615 1678 1688 1705 οὕτω
1711 1679 1739 1705 δὲ
1757 1679 1804 1705 καὶ

1011 1723 1101 1749 πάντα
1111 1723 1180 1757 πρὸς
1192 1723 1241 1758 τὴν
1259 1723 1324 1758 μίαν
1336 1723 1423 1759 ἀρχὴν
1439 1723 1609 1754 ἀνατατικῶς
1624 1724 1784 1759 ἐπιστρέφει
1795 1731 1802 1739 ⁸

1012 1770 1059 1796 καὶ
1086 1770 1100 1796 ὁ
1126 1769 1209 1801 ἀΐδιος
1230 1769 1334 1801 τούτοις
1360 1771 1406 1796 καὶ
1430 1769 1609 1804 ἀτελεύτητος
1627 1769 1655 1796 ἕν
1685 1779 1715 1796 τε
1743 1772 1804 1803 ταῖς

1012 1815 1139 1851 προόδοις
1155 1816 1203 1842 καὶ
1218 1817 1277 1847 ταῖς
1295 1815 1457 1850 ἐπιτροᾳαῐς
1475 1816 1574 1847 κύκλος
1591 1815 1726 1848 σώζεται⁸
1742 1817 1759 1851 ἡ
1774 1816 1803 1843 δὲ

1011 1862 1066 1889 τῶν
1083 1863 1135 1889 ὑπὸ
1157 1863 1266 1897 γένεσιν
1285 1862 1333 1889 καὶ
1352 1863 1457 1898 φθορὰν
1479 1863 1526 1890 καὶ
1540 1863 1647 1898 χρόνον,
1664 1863 1734 1890 κατὰ
1753 1862 1803 1897 μὲν

1010 1907 1040 1935 τὸ
1055 1908 1182 1942 καθόλου,
1198 1910 1242 1936 καὶ
1258 1909 1308 1945 ἤδη
1325 1910 1491 1936 τετέλεσται.
1513 1909 1557 1935 Ἐν
1570 1908 1599 1942 ἓξ
1614 1909 1668 1944 γὰρ
1683 1909 1802 1944 ἡμέραις

1012 1954 1123 1989 σύμπας
1140 1956 1154 1981 ὁ
1175 1955 1303 1990 αἰσθητὸς
1327 1956 1562 1991 συμπεπλήρωται
1587 1956 1707 1990 κόσμος
1728 1957 1757 1982 ὲν
1773 1955 1802 1982 δὲ

1009 2002 1042 2036 τῇ
1070 2001 1171 2037 ἑϐδόμῃ
1203 2003 1378 2029 κατέπαυσεν
1402 2002 1416 2028 ὁ
1440 2002 1506 2033 Θεὸς
1530 2001 1586 2028 ἀπὸ
1616 2002 1725 2028 πάντων
1746 2002 1801 2029 τῶν

1011 2047 1101 2082 ἔργων
1116 2047 1200 2074 αὐτοῦ
1214 2056 1220 2063 ·
1236 2048 1283 2074 καὶ
1304 2048 1397 2075 οὐκέτι
1412 2048 1526 2083 πρόοδος
1538 2048 1619 2075 ἄλλου
1636 2048 1737 2083 κιὶσμου
1753 2048 1802 2076 καὶ

1009 2092 1050 2119 ἔτι
1070 2093 1254 2128 προσδοκᾶται
1276 2094 1395 2129 πάμπαν
1414 2094 1633 2129 συντελεσθῆναι,
1660 2094 1730 2121 κατὰ
1751 2094 1801 2128 τὴν

1008 2138 1054 2165 τοῦ
1073 2139 1208 2174 παρόντος
1226 2140 1324 2171 αἰῶνος
1350 2140 1520 2166 συντέλειαν·
1538 2140 1608 2166 κατὰ
1634 2140 1662 2166 δὲ
1681 2140 1711 2166 τὸ
1728 2139 1802 2166 κατὰ

1011 2185 1105 2220 μέρος,
1122 2185 1162 2212 ἔτι
1179 2186 1227 2221 μὲν
1237 2187 1395 2229 ἐνεργεῖται
1413 2187 1486 2213 καθὰ
1501 2187 1607 2222 εἴρηται
1619 2185 1657 2221 τῷ
1672 2186 1798 2222 Σωτῆρι·

168 2227 313 2261 ντιεεεηιῑε
328 2227 419 2255 διορυιί
432 2227 644 2262 perfectionem;
671 2227 759 2261 quoad
785 2231 877 2261 partes
894 2234 957 2254 vero

1014 2239 1023 2256 ι
1037 2231 1050 2257 ὸ
1065 2232 1160 2268 Πατήρ
1169 2220 1278 2267 μουὲἷυς
1289 2220 1353 2268 ἄρτι
1364 2233 1521 2268 ἐργάζεται.
1529 2220 1606 2266 iam
1614 2220 1777 2267 ἐργάζομαι·
1788 2243 1798 2258 ι

169 2275 256 2302 adhuc
274 2275 383 2309 quidem
409 2275 535 2308 ellicitur,
556 2274 782 2309 quemadmodum
797 2275 899 2301 dictum
916 2278 957 2301 est

168 2329 182 2347 ιι
200 2320 341 2348 Salvatore
360 2330 367 2348 :
387 2330 396 2347 ι
415 2320 496 2348 Pater
509 2329 586 2349 meus
595 2328 680 2354 usque
694 2321 773 2347 modo
786 2324 915 2354 operatur
930 2324 957 2347 et

167 2373 217 2400 ego
227 2373 335 2400 operor.
352 2375 362 2392 ι
381 2367 522 2394 Cessatum
537 2371 628 2394 autem
646 2365 697 2392 fuit
709 2365 957 2400 omninoaproces-

168 2413 245 2440 sione
265 2413 413 2440 secundum
439 2421 610 2441 communem
634 2413 846 2449 perfectionem;
862 2417 888 2439 et
904 2411 956 2439 alia

169 2462 233 2485 time
253 2460 391 2493 processio
423 2460 494 2493 erit,
524 2459 673 2487 secundum
700 2466 781 2493 qualn
808 2458 861 2484 erit
887 2457 957 2485 Deus

1009 2278 1181 2306 πεπαύσεται
1200 2279 1228 2306 δὲ
1246 2280 1356 2312 πάντως
1378 2280 1425 2306 καὶ
1447 2280 1463 2314 ἡ
1480 2279 1551 2306 κατὰ
1568 2280 1617 2314 τὴν
1633 2279 1725 2314 κοινὴν
1741 2288 1802 2305 συν-

1008 2324 1129 2351 τέλειαν·
1145 2326 1191 2352 καὶ
1207 2326 1274 2362 ἄλλη
1295 2325 1447 2361 τηνικαῦτα
1461 2325 1575 2361 πρόοδος
1590 2325 1677 2356 ἔσται,
1690 2325 1751 2352 καθ’
1766 2325 1801 2360 ἣν

1008 2369 1085 2397 ἔσται
1104 2371 1118 2397 ὁ
1141 2371 1206 2403 Θεὸς
1221 2372 1255 2398 τὰ
1279 2372 1368 2398 πάντα
1395 2373 1424 2398 ὲν
1451 2372 1533 2398 πᾶσι·
1552 2371 1598 2397 καὶ
1625 2370 1713 2398 πάντα
1731 2371 1800 2406 πρὸς

1009 2416 1090 2454 αὺτρν
1109 2417 1333 2452 ἐπιστρέφουσιν,
1347 2419 1364 2454 ἡ
1388 2418 1442 2445 τῶν
1456 2417 1525 2444 ὂλων
1547 2417 1798 2452 μεταστοιχεέιυσις,

1011 2453 1103 2489 καῖ’ὲκ
1123 2463 1226 2498 φθορᾶς
1242 2464 1281 2494 εἰς
1292 2453 1447 2500 ἀφθαρσίαν
1465 2463 1656 2499 μεταποίησις.

167 2505 260 2532 omnia
277 2505 303 2532 in
320 2505 464 2540 omnibus;
481 2510 508 2534 et
524 2506 616 2534 omnia
632 2506 665 2533 ad
681 2506 767 2540 ipsum
789 2509 996 2539 convertentur,
1010 2512 1036 2535 et
1072 2511 1260 2537 universorum
1292 2510 1344 2537 erit
1374 2509 1593 2542 transformatio,
1631 2513 1659 2536 et
1681 2515 1715 2536 ex
1737 2515 1800 2536 cor-

169 2550 294 2585 ruptione
307 2551 334 2578 in
349 2551 580 2587 incorruptionem
594 2552 766 2579 instauratio.

522 2641 681 2671 EXPLICIT
698 2641 788 2671 PARS
799 2642 959 2673 SECUNDA
973 2644 1056 2673 TOMI
1074 2642 1280 2672 OCTOGESIMI
1298 2642 1444 2686 SEPTIM].

1010 2855 1791 2870 ____._.____—_____..__

1171 2880 1292 2908 Parisiis.
1309 2895 1342 2901 ——
1360 2879 1399 2907 Ex
1418 2879 1488 2914 typis
1505 2878 1534 2905 L.
1552 2878 1669 2906 M-lGNE.
