4010 6208
231 305 371 372 2033

1418 307 1567 369 COM
1578 308 1959 370 ΜΕΝΤΑΒΙΙ
2002 308 2087 369 ΙΝ
2125 310 2416 375 ISAIAM.

3365 309 3509 376 203!

232 422 548 492 παρέθηκεν
574 421 632 474 ἐν
660 422 726 492 τῇ
778 421 915 492 πρὸς
948 421 1257 492 Ῥωμαίους
1280 422 1308 474 ὁ
1340 420 1571 489 Παῦλος,
1619 422 1807 494 ὀλίγην

1946 424 2150 480 alutem
2209 435 2429 481 constat
2475 434 2784 482 assecutus.
2827 425 2963 482 Fore
3014 436 3196 480 autem
3253 426 3356 480 ista
3396 428 3506 485 ait.

230 514 415 584 ἔχοντα
445 512 547 582 τὴν
574 512 951 584 παραλλαγήν·
976 514 1099 566 οὐδὲ
1132 514 1262 584 γὰρ,
1279 513 1354 578 ὡς
1380 516 1569 585 ἡμεῖς,
1591 515 1818 586 ἠκολού-

1919 532 2043 571 cam
2082 517 2446 571 abbreviatum
2496 519 2550 573 in
2587 526 2731 574 terra
2773 522 2981 572 verbum
3005 559 3018 580 ,
3052 518 3103 572 id
3144 527 3225 572 est
3264 517 3509 587 Evangec

228 607 313 658 οει
344 608 456 668 τοῖς
482 605 923 676 ὲρμηνεύσασιν·
965 605 1220 676 Ἐϐραῖος
1249 606 1306 659 δὲ
1349 606 1638 679 ὑπάρχων,
1673 608 1819 661 κατὰ

1943 610 2089 673 ium,
2125 624 2237 678 quo
2277 610 2380 662 alia
2430 609 2541 678 jam
2586 624 2615 663 a
2644 608 2792 665 Mose
2831 617 3099 680 praecepta
3136 611 3509 674 continentur,

228 698 288 750 τὸ
316 697 480 762 δόξαν
507 696 656 767 αὐτῷ
699 700 800 768 τὴν
829 695 988 766 ῥῆσιν
1017 698 1342 770 ἑρμηνευσε,
1372 699 1481 752 Καὶ
1509 699 1558 752 οἱ
1583 698 1734 753 ἄλλοι
1761 699 1818 752 δὲ

1943 700 2187 757 rﬂecerit.
2221 699 2362 755 Sunt
2390 715 2519 757 vero
2550 708 2604 756 ct
2634 702 2751 757 haec:
2784 702 2948 756 verba
2991 701 3044 755 in
3079 717 3230 764 eam,
3264 717 3385 772 quae
3429 710 3515 756 est

229 790 436 859 μᾶλλον
460 793 529 861 τῇ
578 791 914 863 ἀποστολικῇ
976 792 1227 862 διηγήσει
1282 790 1639 863 συνέδραμον.
1682 791 1820 861 Φησὶ

1943 794 1990 848 ιιι
2023 794 2322 858 Romanos,
2348 793 2673 866 Epistulam,
2707 793 2899 864 paucis
2940 793 3265 856 immutatis,
3292 808 3319 846 a
3344 791 3513 848 Paulo

225 882 416 953 δὲ,Μὴ
456 882 746 955 Θαυμάσῃς
769 885 817 937 εί
841 884 1013 953 ὀλίγοι
1037 886 1176 937 εἰσὶν
1205 884 1254 937 οἱ
1290 883 1396 937 ύπδ
1430 884 1537 939 τοῦ
1578 883 1820 938 παιδίου

1949 895 2302 956 raussumpta
2342 887 2410 941 ⁷³.
2446 887 2638 956 Neque
2675 888 2846 950 enim,
2886 892 2947 940 ut
2984 886 3248 951 solemus,
3283 886 3375 939 ille
3414 900 3513 940 cu-

222 978 614 1046 ῃοαρόμενοι.
643 976 837 1030 Πολλοὶ
857 977 965 1049 γὰρ
995 976 1241 1047 ὀνόματι,
1278 975 1449 1045 ὀλίγοι
1480 976 1537 1029 δὲ
1583 978 1699 1040 τοῖς
1736 975 1822 1046 ἐρ·

219 1084 345 1135 γοις
388 1067 483 1119 τὸν
530 1067 768 1137 Χριστὸν
823 1067 1247 1138 ἐπιγράφονται.
1299 1065 1358 1118 '0
1395 1065 1453 1119 δὲ
1487 1066 1690 1136 τρόπος
1721 1063 1821 1133 τῆς

221 1160 534 1231 σωτηρίας,
557 1160 619 1213 τὸ
646 1160 738 1213 τοῦ
799 1161 898 1231 μὲν
964 1160 1131 1231 νόμου
1179 1159 1240 1213 τδ
1280 1158 1569 1230 χάρισμα,
1623 1157 1823 1217 τῶνδὲ

222 1254 536 1324 προφητῶν
559 1255 660 1321 τὴν
684 1253 951 1317 διάταξιν,
977 1256 1035 1315 ἐν
1064 1255 1132 1323 τῇ
1162 1250 1498 1325 βραχυλογία
1518 1250 1613 1303 τοῦ
1640 1252 1822 1319 Εύαγςο

220 1342 419 1410 γελίου
444 1342 787 1412 περιλαϐεῖν.
826 1343 1165 1413 Ἀγαπήσεις
1194 1343 1301 1414 γὰρ
1335 1340 1539 1412 Κύριον
1571 1340 1663 1395 τὸν
1688 1339 1822 1393 θεόν

223 1452 346 1499 σου,
398 1436 498 1488 καὶ
527 1436 838 1505 ἀγαπήσεις
879 1434 970 1488 τὸν
1001 1433 1229 1503 πλησίον
1259 1450 1354 1487 σου
1381 1432 1457 1495 ὡς
1499 1430 1714 1486 ἑαυτόν.
1766 1432 1823 1487 '0

222 1524 318 1578 οὖν
344 1525 675 1579 συντελῶν
713 1528 808 1579 καὶ
838 1525 971 1597 πρὸς
1000 1525 1163 1597 ἔργον
1196 1526 1344 1594 ἄγων
1378 1525 1469 1579 τὸν
1496 1525 1672 1593 λόγον,
1700 1542 1829 1578 συν-

226 1616 418 1686 τεμών
462 1634 525 1670 τε
568 1619 732 1671 αὐτὸν
785 1619 883 1672 καὶ
946 1617 1519 1688 συγκεφαλαιούμενος
1569 1617 1736 1671 αὑτοῦ
1765 1617 1824 1671 τδ

1919 974 2180 1043 jusquatn
2227 975 2395 1029 verba
2440 975 2694 1047 sequitur
2735 975 3091 1045 interpretis;
3142 974 3237 1030 sed
3286 973 3512 1028 llebraza

1925 1066 2187 1123 Hebraeus
2237 1069 2352 1139 ipse
2387 1069 2451 1123 ad
2496 1068 2786 1123 arbitrium
2816 1067 3286 1138 expritnit.——Ncc
3317 1068 3517 1122 desunt

1924 1159 2087 1214 etiam
2113 1159 2314 1229 quibus
2347 1162 2523 1230 magis
2550 1161 2846 1230 apostolica
2877 1161 3084 1230 placuit
3114 1161 3518 1231 interpretatio.

1926 1248 2193 1306 Prohibet
2225 1260 2409 1307 autem
2442 1252 2653 1319 mirari,
2687 1253 2833 1323 quod
2863 1268 2894 1308 a
2923 1269 3084 1323 puero
3116 1254 3344 1307 describi
3378 1270 3517 1323 pau-

1927 1355 2024 1397 cos
2066 1342 2409 1397 audiamus:
2446 1357 2571 1397 cum
2635 1345 2856 1399 nomine
2906 1346 3131 1415 quidem
3184 1345 3517 1414 permultos,

1928 1433 2022 1488 sed
2058 1448 2224 1503 opere
2258 1449 2465 1505 paucos
2495 1435 2775 1491 Christum
2802 1436 3048 1505 proﬁteri
3079 1444 3289 1491 certum
3330 1436 3424 1490 sit.
3449 1437 3515 1489 At

1927 1535 2014 1583 est
2046 1527 2240 1583 salutis
2270 1527 2674 1597 consequendaa
2712 1530 2918 1598 optima
2954 1528 3129 1594 ratio,
3161 1528 3207 1584 si
3253 1528 3389 1597 legis
3423 1527 3521 1582 do-

1928 1633 2099 1684 num,
2164 1618 2423 1689 ipsasque
2489 1620 2881 1689 pt‘0phctartttn
2945 1619 3262 1676 sanctiones
3332 1618 3525 1690 paucis

226 1707 442 1770 πλάτος
466 1710 527 1761 ὲν
546 1712 669 1772 ταῖς
717 1709 1083 1780 βραχυτάταις
1132 1708 1395 1772 ἐντολαῖς,
1424 1701 1582 1773 οὗτός
1617 1709 1735 1761 ἐστι
1764 1708 1825 1760 τὸ

1943 1710 2210 1781 Evangelii
2275 1711 2551 1781 capitibus
2598 1711 3004 1782 eomplectaris.
3049 1731 3067 1763 ι
3098 1710 3297 1782 Diliges
3340 1712 3523 1777 enim,

226 1800 612 1870 κατάλειμμα
639 1802 698 1855 τὸ
728 1801 1059 1872 σωζόμενον.
1114 1802 1319 1867 Πάντα,
1349 1802 1541 1873 φησὶν,
1584 1802 1683 1855 ὅσα
1731 1801 1827 1853 ὲὲιν

1943 1803 2042 1869 ait,
2091 1803 2384 1858 Dominum
2438 1805 2604 1859 [leum
2660 1781 2853 1870 tuum,
2889 1813 2944 1861 et
3006 1781 3319 1876 proximum
3371 1814 3528 1861 tuum
3580 1810 3583 1811 ⁷

232 1892 429 1962 θέλητε
482 1894 572 1947 ἵνα
633 1894 858 1948 ποιῶσιν
914 1895 1044 1964 ὑμῖν
1078 1896 1127 1947 οἱ
1156 1893 1456 1964 ἄνθρωποι,
1490 1894 1629 1947 κατὰ
1656 1894 1831 1947 ταῦτα

232 1983 321 2037 καὶ
355 1982 528 2052 ὑμεῖς
566 1985 770 2036 ποιεῖτε
821 1983 1026 2045 αὐτοῖς.
1088 1975 1260 2045 Οὗτος
1292 1982 1402 2052 γάρ
1436 1983 1585 2034 ἐστιν
1611 1984 1639 2035 ὁ
1665 1982 1828 2053 νόμος

229 2066 418 2127 καὶόί
465 2076 768 2145 προφῆται.
799 2075 965 2145 Ὀγᾷς
1001 2076 1057 2127 ὲν
1091 2077 1157 2145 τῇ
1201 2075 1407 2143 φυσικῇ
1471 2073 1651 2144 ἐννοίᾳ.
1706 2075 1827 2127 ὅλον

224 2166 335 2220 τὸν
357 2167 559 2235 λόγον
586 2167 1078 2235 συντελούμενόν
1100 2184 1160 2219 τε
1192 2166 1287 2219 καὶ
1308 2168 1824 2235 συντεμνὸμενον,

225 2260 369 2328 ὅπερ
405 2259 466 2312 δὲ
496 2260 759 2329 ἐλέγομεν
785 2259 1151 2330 προλαϐόντες
1179 2258 1308 2326 περὶ
1338 2259 1434 2311 τοῦ
1462 2258 1608 2325 Θεὸς
1648 2260 1830 2328 ισχυ-

220 2350 354 2419 ρὸς,
396 2352 485 2405 ὅτι
526 2352 653 2423 παρ’
700 2334 976 2420 Ἑϐραίοις
1002 2354 1064 2405 τὸ
1102 2352 1210 2407 Ἦλ
1236 2351 1492 2420 σημαίνει
1525 2351 1679 2416 Θεὸν,
1702 2350 1831 2403 τοῦ-

227 2460 290 2497 το
308 2445 419 2498 καὶ
451 2444 550 2496 νῦν
577 2443 912 2514 βεϐαιοῦταιο
944 2443 1128 2515 τὸγὰρ
1164 2443 1263 2497 ἐπὶ
1292 2444 1441 2498 Θεὸν
1459 2443 1737 2512 ἰσχυρὸν,
1769 2442 1830 2495 τὸ

233 2536 341 2588 Ἦ).
366 2534 493 2605 ἔχει
515 2536 576 2588 τὺ
609 2535 925 2605 Ἐϐραῖκόν.

1937 1896 2081 1950 sicut
2115 1896 2346 1965 teipsum
2375 1898 2444 1951 τ’.
2474 1916 2493 1949 ι
2535 1896 2639 1962 Qui
2685 1897 2897 1966 perﬁcit
2938 1896 3106 1967 igitur
3145 1904 3199 1952 et
3239 1911 3404 1966 Opere
3449 1896 3529 1951 le-

1935 1998 2055 2053 gem
2114 1993 2335 2049 tuetur,
2375 1982 2633 2038 dimtsam
2679 1985 2801 2051 ejus
2864 1982 3216 2039 latitudinem
3270 1981 3530 2038 brevibus

1934 2074 2245 2144 przeeeptis,
2276 2083 2330 2129 et
2372 2075 2646 2145 capitibus
2680 2075 3057 2146 complectens
3081 2114 3096 2138 ,
3125 2089 3253 2138 eum
3286 2089 3410 2129 esse
3454 2088 3531 2128 re-

1935 2167 2131 2238 liquias
2167 2168 2291 2222 illas
2313 2210 2333 2234 ,
2369 2184 2491 2239 qua:
2525 2168 2806 2223 salvanda:
2839 2176 2994 2230 sunt,
3025 2167 3327 2223 credimus.
3370 2168 3533 2220 00m-

1936 2261 2048 2326 nia,
2075 2262 2172 2325 ait,
2197 2275 2542 2331 quaecunque
2567 2261 2733 2316 vultis
2766 2268 2824 2314 ut
2848 2261 3053 2315 faciant
3079 2261 3234 2315 vobis
3258 2261 3529 2325 homines,

1937 2353 2244 2425 juxtaha-e
2279 2361 2335 2407 et
2375 2369 2477 2410 vos
2521 2354 2687 2409 facite
2718 2354 2845 2409 illis.
2873 2353 2997 2407 llam
3036 2354 3180 2407 enim
3221 2353 3300 2407 lex
3349 2360 3433 2406 est
3479 2360 3535 2406 et

1938 2447 2220 2516 prOpheta:
2244 2448 2311 2501 ⁷⁸.
2339 2466 2357 2498 ι
2397 2447 2561 2503 Vides
2596 2446 2831 2501 naturali
2878 2445 3114 2516 quadam
3149 2446 3347 2499 notitia
3396 2459 3535 2498 com-

1936 2539 2252 2606 prehensum
2300 2547 2499 2603 totum,
2529 2549 2582 2594 et
2614 2537 2970 2592 abbrevialum
2996 2538 3227 2592 verbum.
3259 2536 3534 2591 Cmtcrum

232 2646 356 2703 quae
386 2632 654 2701 Superius
689 2632 744 2686 in
777 2630 960 2687 locum
998 2629 1183 2695 illum,
1208 2629 1347 2683 Deus
1379 2629 1571 2699 fartis,
1606 2645 1634 2683 a
1673 2631 1833 2687 nobis
1872 2647 1938 2687 ex
1973 2632 2242 2696 Hebraeis.
2278 2635 2372 2706 qui
2408 2632 2475 2688 El
2511 2633 2780 2687 vocabulo
2816 2632 2983 2686 Deum
3049 2631 3387 2699 sigttiliCattt,
3448 2630 3540 2684 ad-

234 2727 407 2782 ducta
457 2735 621 2793 sunt;
674 2736 727 2783 et
770 2725 879 2780 isto
920 2733 1155 2795 possunt
1231 2726 1355 2780 loco
1433 2725 1768 2781 conﬁrmari.
1812 2728 1913 2783 llic
1951 2729 2120 2799 enim,
2157 2731 2248 2787 ubi
2289 2733 2341 2784 in
2383 2730 2548 2786 Deum
2578 2728 2767 2799 {artem
2802 2730 3054 2802 legimus,
3086 2727 3152 2783 El
3189 2730 3366 2799 ipsum
3397 2739 3539 2795 quo-

234 2837 336 2893 que
373 2818 704 2873 Ilehraicam
736 2820 972 2874 litteram
1004 2818 1209 2873 habere
1236 2819 1565 2887 reperimus.

302 2914 522 2985 κδ-λβ’.
576 2913 678 2967 Διά
709 2913 885 2967 τοῦτο
940 2912 1082 2967 τάδε
1116 2912 1281 2983 λέγει
1308 2914 1523 2980 Κύριος
1546 2914 1789 2969 Σαϐαὼθ
1820 2930 1833 2944 '

2016 2907 2182 2971 Vsus.
2243 2914 2446 2972 ει-δε.
2506 2913 2735 2983 Propter
2792 2912 2888 2966 hoc
2939 2912 3050 2966 lucc
3096 2909 3230 2963 dicet
3285 2906 3540 2961 Dominus

243 3007 330 3073 lii
352 3004 582 3074 φοϐοῦ,
615 3007 647 3058 ό
674 3005 827 3069 λαός
853 3019 995 3071 μου.
1020 3005 1074 3056 ol
1096 3002 1530 3068 κατοικοῦντες
1565 3002 1636 3056 ἐν
1658 3004 1835 3068 Σιὼν,

1943 3003 2450 3061 exercituum:Noli
2475 3005 2678 3068 timere,
2698 3003 2889 3074 pupula
2922 3003 3014 3066 mi,
3042 3002 3130 3071 qui
3150 3000 3361 3053 habitas
3388 2997 3540 3061 Sion,

244 3098 355 3153 ἀπὸ
404 3096 773 3163 Ἀσσυρίων,
809 3094 898 3150 ὅτι
925 3096 997 3149 ἐν
1018 3094 1222 3177 ῥάϐδῳ
1250 3093 1505 3158 κατάξει
1541 3109 1615 3149 σε
1634 3109 1647 3122 ·
1690 3098 1842 3162 πλη-

242 3190 357 3263 γὴν
422 3189 537 3259 γὰρ
587 3187 790 3252 ἐπάξω
851 3186 953 3241 ἐπὶ
1011 3184 1120 3250 σὲ,
1178 3183 1285 3238 τοῦ
1348 3183 1499 3238 ιδεῖν
1553 3183 1698 3238 ὁδὸν
1745 3187 1842 3238 Al-

239 3285 508 3353 pirrtov.
546 3281 671 3334 Ἔτι
726 3278 834 3350 γὰρ
878 3277 1115 3349 μικρὲν,
1148 3275 1247 3332 καί
1309 3276 1606 3331 παύσεται
1657 3276 1695 3343 ἡ
1749 3276 1845 3345 ὀρ-

239 3375 337 3446 γὴ,
363 3393 430 3431 κ.
467 3391 523 3428 τ.
552 3373 604 3428 λ.

310 3463 636 3536 Πληρὼσας
668 3466 697 3519 ὁ
727 3463 884 3533 λόγος
912 3462 983 3516 τὰ
1006 3463 1134 3535 περὶ
1186 3461 1288 3531 τῆς
1330 3461 1716 3533 Ἰερουσαλὴμ,
1769 3460 1848 3525 ὡς

243 3561 334 3616 [sa
364 3560 643 3614 πείσεται
664 3558 741 3630 τῷ
770 3558 1025 3629 Ἰσραήλ·
1068 3558 1163 3612 καὶ
1211 3558 1302 3611 τὸν
1354 3558 1643 3630 ’Ᾱσσύριον
1690 3560 1847 3612 ὁποῖα
1890 3605 1896 3611 .

250 3654 408 3725 μένει
465 3651 639 3717 δεινὰ,
698 3651 826 3722 περί
848 3667 907 3703 τε
948 3649 1059 3703 τῶν
1086 3652 1143 3714 ἐς
1188 3649 1417 3721 ὕστερον
1468 3649 1847 3703 εὐσεϐούντων

246 3744 455 3798 εἰπών’
510 3743 557 3796 ἃ.
597 3742 661 3812 δὴ
727 3742 960 3812 μακροῖς
1012 3741 1239 3811 ὕστερον
1272 3741 1555 3794 συνέϐαινε
1607 3741 1845 3809 χρόνοις·

243 3837 338 3892 νῦν
368 3836 518 3907 περὶ
570 3834 664 3889 τοῦ
702 3834 845 3889 κατὰ
891 3835 983 3889 τὸν
1026 3835 1257 3888 Ἡσαΐαν
1292 3834 1486 3905 χρόνου
1537 3834 1722 3901 φησὶν,
1760 3832 1849 3885 ὅτε

244 3932 396 3984 κατὰ
434 3926 798 3998 Ἰερουσαλὴμ
821 3925 1170 3998 ἁἈσσύριος
1195 3926 1289 3979 ἐπὶ
1330 3925 1431 3996 τῆς
1464 3922 1714 3987 Ἐζεκίου
1758 3922 1859 3993 βα-

244 4021 469 4083 σιλείας
489 4020 878 4091 ἐστράτευσεν.
920 4019 1228 4088 Ἀγωνιῶσι
1262 4019 1368 4090 γὰρ
1418 4020 1531 4083 τοῖς
1579 4018 1703 4070 τότε
1760 4016 1853 4070 διὰ

218 4101 345 4184 ’τὴν
388 4110 703 4183 μέλλουσαν
732 4109 949 4179 ἔφοδον,
975 4110 1051 4182 μὴ
1072 4110 1168 4164 καὶ
1195 4108 1403 4163 λάθωσι
1442 4109 1554 4172 τοῖς
1576 4109 1635 4160 ὲν
1664 4109 1853 4178 Σαμα-

247 4204 377 4277 ρείᾳ
431 4201 772 4264 πεπονθότες
829 4201 1173 4271 προσόμοια,
1230 4200 1492 4270 παραινεῖ
1519 4198 1594 4269 μὴ
1620 4197 1856 4251 δεδιέναι

243 4298 377 4360 τοὺς
421 4293 766 4364 Ἀσσυρίους.
794 4294 953 4359 ’Ἥξει
988 4294 1086 4363 μὲν
1116 4292 1248 4364 γὰρ,
1278 4293 1434 4362 φησι,
1459 4294 1555 4345 καὶ
1592 4291 1854 4363 βραχείας

1945 3099 2009 3151 ab
2038 3098 2273 3168 Assyriis
2301 3114 2319 3152 :
2346 3097 2472 3167 quia
2507 3096 2563 3149 in
2590 3097 2734 3164 rirga
2774 3094 3024 3165 percutiet
3054 3102 3120 3146 te.
3156 3091 3380 3161 Plagam
3402 3091 3541 3144 enim

1946 3193 2196 3245 inducam
2240 3191 2295 3244 in
2347 3200 2415 3255 te,
2485 3197 2543 3241 ut
2602 3187 2779 3242 videas
2839 3188 2977 3241 viam
3031 3179 3278 3255 {Egyptt
3350 3181 3543 3237 Aditur:

1944 3285 2083 3338 enim
2112 3282 2411 3352 paululum,
2433 3290 2482 3335 et
2517 3280 2741 3334 cessabit
2789 3280 2895 3342 ira,
2934 3284 3040 3333 etc.

2023 3467 2179 3539 173
2202 3466 2468 3524 Absoluto
2493 3479 2743 3521 sermone
2760 3462 2827 3517 de
2845 3462 3068 3533 paribus
3095 3459 3546 3531 llierosolymita-

1950 3577 2144 3617 nortnn
2172 3569 2227 3615 et
2259 3559 2630 3615 lsraelitarum
2666 3556 2878 3628 poenis,
2903 3548 3079 3624 deque
3104 3553 3194 3619 iis,
3229 3567 3351 3621 quae
3378 3553 3545 3624 Assy-

1950 3654 2093 3709 rium
2160 3655 2479 3717 manebant,
2563 3648 2999 3712 calamitatibus,
3052 3647 3115 3700 de
3149 3646 3253 3715 piis
3306 3648 3433 3700 item
3488 3646 3543 3699 in

1951 3752 2234 3816 posterum
2284 3745 2530 3811 futuris;
2592 3757 2713 3812 qtne
2762 3747 2946 3793 tamen
2988 3738 3168 3806 longis
3200 3736 3546 3805 temporibus

1952 3846 2145 3908 postea
2188 3835 2413 3907 impleta
2452 3846 2582 3889 sunt
2614 3853 2626 3887 :
2659 3832 2726 3886 ad
2763 3847 2825 3885 ea
2865 3846 2924 3886 se
2967 3830 3251 3898 deinceps,
3291 3845 3416 3898 quae
3447 3844 3545 3883 sua

1952 3936 2112 3982 aetate
2160 3927 2534 3997 contigerunt,
2574 3939 2698 3978 cum
2744 3928 3009 3994 regnante
3058 3919 3292 3974 Ezerhia
3322 3916 3550 3972 Jerusa-

1952 4017 2060 4073 lem
2106 4017 2338 4073 adortus
2393 4024 2479 4072 est
2542 4012 3047 4085 Assyrius",lsaias
3103 4008 3363 4073 accingit.
3421 4006 3547 4062 Illos

1954 4110 2125 4173 enim,
2167 4108 2263 4179 qui
2295 4116 2410 4162 tum
2448 4104 2611 4177 174
2661 4103 2939 4165 νὶνεὶκιηι,
2972 4101 3040 4155 ad
3071 4097 3348 4170 ejusmodi
3383 4111 3551 4167 expe-

1956 4202 2187 4257 ditionis
2241 4200 2497 4255 nuntium
2559 4201 2980 4259 consternatos;
3043 4208 3112 4247 ne
3168 4190 3361 4245 eadem
3421 4203 3545 4243 cum

1961 4268 2341 4344 Satnat'itattis
2381 4282 2825 4355 itnpracmeditati
2874 4287 2928 4333 et
2989 4280 3091 4348 ipsi
3134 4294 3359 4348 quoque
3393 4284 3550 4346 pate-

247 4386 675 4459 πειραῦἠσεσθε
734 4383 846 4453 τῆς
877 4384 1140 4454 πληγῆς,
1158 4384 1362 4437 ὡσανεὶ
1380 4385 1581 4453 ῥάϐδῳ
1609 4383 1837 4452 παιόμε·

1960 4388 2153 4434 rentur
2202 4376 2504 4437 conlidere,
2543 4385 2592 4428 et
2648 4372 2936 4441 Assyrium
2969 4368 3401 4438 haudquaquam
3437 4383 3550 4421 me-

249 4496 368 4542 ror,
399 4478 549 4547 πλὴν
572 4477 859 4547 ἄπρακτος
890 4476 1109 4530 ἄπεισιν
1135 4475 1340 4545 πληγῇ
1382 4475 1635 4547 θειοτέρα
1669 4474 1837 4546 βαλὶὸι

1960 4481 2111 4526 tuere
2141 4470 2494 4525 adhortatur.
2535 4467 2727 4521 Veniet
2754 4464 3054 4535 siquidem,
3089 4463 3188 4525 ait,
3219 4460 3551 4529 modicaque
3624 4517 3631 4523 _

256 4586 449 4638 μενος.
509 4568 691 4630 Αίτιος
723 4567 779 4620 δὲ
809 4568 1016 4621 τούτων
1049 4567 1281 4637 εὐσεϐὴς
1313 4565 1388 4621 ὢν
1420 4567 1693 4632 Ἐζεκίας,
1740 4567 1837 4623 ἀλλ

1956 4562 2060 4633 ipsi
2085 4561 2267 4632 plaga,
2302 4569 2565 4627 tanquam
2611 4559 2776 4627 virga,
2820 4552 3228 4625 percutiemini;
3279 4549 3375 4605 sed
3410 4550 3551 4605 inie-

252 4658 315 4711 οὗ
342 4655 500 4711 κατὰ
531 4656 625 4709 τδν
659 4657 839 4726 Ἀχαζ
863 4656 955 4709 τὸν
990 4656 1204 4726 πατέρα
1239 4656 1554 4726 γενόμενος,
1584 4657 1680 4710 καὶ
1729 4656 1837 4709 τοὺ.

1956 4655 2061 4710 etis
2088 4654 2312 4709 tandem
2368 4653 2560 4715 rebus,
2616 4649 2766 4703 clade
2792 4647 3067 4700 divinitus
3109 4651 3337 4713 accepta
3372 4640 3554 4698 disce-

256 4747 550 4817 ὑπηκόους
584 4745 908 4817 μεταϐαλὼν
941 4748 1022 4811 εἰς
1059 4748 1370 4802 εὐσέϐειαν.
1405 4748 1496 4802 Διό
1540 4765 1730 4819 φησιν·
1758 4748 1837 4802 Mi

1958 4746 2086 4800 det:
2153 4760 2392 4816 quorum
2441 4744 2497 4798 in
2551 4757 2720 4798 causa
2783 4739 2949 4794 fuerit
3011 4737 3246 4810 insignis
3308 4735 3553 4791 Ezechias

259 4839 476 4907 φοϐοῦ,
500 4838 654 4903 λαός
677 4856 817 4907 μου.
842 4841 918 4893 Οὐ
953 4841 1173 4910 πολέμῳ
1200 4840 1310 4913 γὰρ
1375 4840 1691 4910 πληγήσῃ.
1748 4840 1837 4893 Kal

1962 4839 2139 4908 pietas
2190 4854 2302 4895 non
2352 4846 2560 4908 patrem
2627 4832 2918 4897 imitantis,
2958 4830 3055 4886 sed
3117 4831 3183 4885 ad
3230 4844 3419 4885 verum
3457 4827 3551 4882 Dei

260 4932 296 4998 ὴ
333 4928 484 4983 κατὰ
511 4927 606 4981 σοῦ
626 4928 681 4980 δὲ
700 4927 926 4995 ῥάϐδος
954 4928 1574 5000 ὀλιγοχρόνιοςιγίνεται.
1610 4927 1837 5000 Πληγήι

1962 4929 2170 4982 cultum
2207 4927 2465 4983 subditos
2495 4923 2866 4996 provocantis.
2905 4922 3085 4994 Atque
3119 4920 3245 4973 hinc
3276 4926 3384 4982 est,
3406 4916 3552 4987 quod

266 5040 347 5091 σῃ
378 5024 438 5078 δὲ
469 5024 645 5093 ὅμως,
681 5022 767 5090 ιτῇ
807 5023 925 5082 ὀδῷ
981 5024 1176 5077 σαυτὸν
1218 5023 1493 5093 Λίγύπτου
1549 5023 1695 5095 ζήλῳ
1758 5026 1837 5095 τῆς

1961 5020 2214 5092 populum
2263 5030 2522 5088 tanquam
2568 5012 2908 5085 qui'plagam
2947 5027 3015 5065 eo
3061 5011 3204 5065 bello
3236 5009 3442 5063 nullam
3462 5022 3555 5069 ac-

268 5116 720 5186 είδωλολατρείας
742 5117 836 5169 ἐπὶ
873 5117 1053 5187 ’Ἄχας
1074 5115 1169 5169 τού
1207 5116 1471 5188 βασιλέως
1509 5116 1717 5180 ἐκδούς.
1748 5116 1837 5170 Εύ·

1965 5121 2233 5181 cepturus
2292 5109 2365 5164 sit
2392 5108 2578 5162 timere
2614 5106 2889 5178 prohibet.
2927 5101 3090 5168 llinc,
3129 5101 3379 5169 inquam,
3403 5096 3551 5167 quod

272 5209 581 5263 σεϐούντων
611 5209 666 5262 δὲ
702 5208 896 5263 θᾶττον
925 5210 953 5261 ὁ
980 5207 1267 5280 Ἀσσύριος
1308 5208 1564 5277 φεύξεται
1600 5209 1663 5261 ἐκ
1686 5208 1837 5261 τόποι

1960 5207 2183 5275 virgam,
2234 5216 2396 5271 quam
2436 5201 2489 5254 in
2515 5214 2637 5254 eum
2668 5197 2850 5270 parari
2884 5196 3032 5250 videt
3067 5235 3082 5259 ,
3126 5192 3280 5247 brevi
3306 5196 3551 5244 cessatu-

273 5299 438 5354 τόπον
476 5297 807 5368 ἀσχημόνως
856 5298 1122 5367 ἀμείϐων,
1154 5298 1241 5352 διά
1265 5316 1324 5352 τε
1348 5297 1537 5370 χώρας
1583 5297 1837 5367 ὑμετέρα.

1959 5312 2077 5351 ram
2130 5301 2337 5358 monet,
2392 5291 2486 5347 scd
2537 5304 2911 5359 persuasuram
2968 5296 3149 5340 tamen
3194 5282 3340 5344 ideo,
3399 5280 3551 5350 quod

278 5390 368 5442 καὶ
418 5390 653 5445 πόλεων.
699 5390 809 5443 Καὶ
851 5389 1145 5460 διαγράφει
1194 5390 1292 5460 τὴν
1318 5390 1496 5463 φυγὴν
1531 5390 1833 5459 ὀφθαλμοῖς

1970 5386 2266 5457 ΑΞᾳγριίοε
2313 5384 2564 5438 imitatus
2602 5380 2805 5435 Achazi
2845 5377 3191 5448 temporibus
3224 5373 3554 5430 idololatria:

279 5479 410 5535 Θεοῦ
438 5481 509 5535 τὰ
534 5480 799 5552 μέλλοντα
828 5481 1075 5554 παρόντα
1099 5481 1339 5546 δεικνύς.
1373 5483 1447 5536 Τὸ
1472 5482 1550 5547 δὲ,
1602 5479 1837 5551 lunari}:

1966 5482 2104 5536 riam
2137 5478 2436 5545 institerit;
2486 5475 2776 5547 Assyriqu
2812 5479 2994 5527 autem
3029 5469 3220 5525 statim
3267 5478 3439 5540 atque
3462 5485 3554 5526 re-

363 5661 413 5693 ’³
444 5663 606 5718 Rom.
637 5678 710 5723 Ix.
744 5663 833 5717 '28.
910 5664 953 5694 ⁷³
989 5661 1146 5716 Deut.
1189 5678 1263 5725 Vt.
1308 5661 1379 5723 5:
1412 5662 1584 5720 Levit.
1654 5679 1769 5727 xix,
1798 5660 1867 5728 8;
1907 5659 2101 5715 Matth.
2138 5672 2273 5723 χιιι,
2314 5654 2403 5723 57,
2430 5655 2528 5710 58..
2628 5652 2675 5685 "
2700 5649 2896 5707 Matth.
2934 5665 3033 5717 ru,
3071 5648 3157 5703 19..
3236 5648 3281 5682 "
3311 5643 3377 5700 tv
3413 5642 3553 5712 Heg:
3602 5632 3603 5639 “

265 5742 438 5817 ἱιιίιι,
468 5733 536 5789 13
574 5749 754 5805 scqq.;
792 5733 894 5791 lsa.
946 5750 1154 5799 xxxv",
1189 5734 1209 5787 l
1252 5747 1407 5803 seqq.
