4010 6208
418 222 561 286 Ξῡὶξῖ

1785 233 2139 293 PROCOPII
2180 233 2224 293 (ἶ
2241 234 2426 294 ᾹΖᾸΞῙ

3561 233 3713 299 29H

415 340 528 392 lari
562 340 740 396 modis
773 342 1290 402 animadvertimus.
1328 346 1450 402 Vita
1487 347 1632 403 enim
1689 348 1834 404 idem
1881 349 1996 418 ipse

2118 347 2230 416 βῆς.
2265 349 2554 418 Μαρτυρεῖ
2583 349 2638 402 δὲ
2666 347 2878 411 τούτοις
2923 345 2993 400 τὰ
3029 345 3360 414 Εύαγγέλια.
3395 346 3506 398 Σὺν
3559 349 3710 414 παροο

417 439 583 497 est,et
622 433 739 499 lux,
766 446 821 490 et
852 445 1120 506 potestas.
1181 437 1692 504 Verumcnimvcro,
1725 439 1854 510 quia
1888 454 1991 494 suo

416 522 635 578 tandem
671 531 914 596 tempore
939 528 1282 584 nasciturum
1306 529 1716 585 Emmanuelem
1741 531 1990 598 monuit;

416 613 625 666 utiliter
645 612 780 684 jam,
821 624 879 670 ut
927 617 1132 675 divinis
1167 620 1490 684 virtutibus,
1525 635 1865 690 Operumqttc
1906 619 1987 674 di-

417 703 630 773 gnitate
670 709 930 776 cognosci
957 709 1178 777 debeat,
1205 711 1456 782 adiungit
1487 712 1572 767 his
1609 711 1794 766 verbis
1824 728 1838 764 :
1872 710 1995 764 Non

417 795 706 850 secundum
749 799 1046 867 opinionem
1069 801 1358 870 judicabit,
1391 819 1554 871 neque
1582 802 1870 857 secundum
1903 819 1999 856 ru-

2106 439 2273 510 ρησίᾳ
2304 439 2414 508 γὰρ
2442 440 2646 510 ἤλεγχε
2681 439 2848 509 πο).λῇ
2870 437 2965 490 νῦν
2986 437 3084 508 μὲν
3108 436 3234 499 τοὺς
3253 437 3469 508 ἱερέας,
3501 435 3708 502 λέγων’

2115 529 2437 602 Ἀρθήσεται
2464 531 2556 600 ἀφ’
2575 530 2729 600 ὑμῶν
2758 531 2792 601 ή
2821 527 3068 600 βασιλεία
3095 527 3189 580 τοῦ
3219 526 3378 590 Θεοῦ,
3414 527 3513 579 καὶ
3546 525 3718 590 606i;-

2107 639 2268 677 σεται
2313 623 2458 678 ἔθνει
2501 623 2746 677 ποιοῦντι
2785 624 2914 685 τοὺς
2959 621 3205 691 καρποὺς
3251 619 3443 688 αὐτῆς.
3487 617 3607 670 Νῦν
3653 617 3712 669 δὲ

2105 715 2234 778 τοῦς
2262 715 2616 787 Γραμματεῖς
2646 716 2740 768 καὶ
2778 715 3122 786 Φαρισαίους,
3161 713 3282 767 οὐαὶ
3316 711 3538 771 τούτοις
3581 707 3712 760 πολ-

2111 805 2274 867 λάκις
2305 805 2498 862 εἰπών.

420 901 619 939 morem
675 899 861 960 arguet
895 907 913 953 ;
943 907 1066 961 quae
1118 908 1250 948 sane
1279 909 1307 947 a
1341 896 1672 965 Symmacho
1719 896 2014 966 perspicue
2053 908 2184 952 sunt
2212 899 2265 954 in
2298 900 2445 956 hunc
2480 900 2698 954 modum
2734 899 3038 955 translata:
3073 896 3198 953 Non
3261 893 3564 950 secundum
3635 895 3711 946 ti-

417 982 616 1038 tionem
637 987 910 1041 oculorum
929 988 1220 1058 judicabit,
1242 1008 1402 1062 neque
1439 992 1728 1048 secundum
1765 995 2010 1048 auditum
2052 998 2268 1050 aurium
2314 1008 2538 1070 arguet:
2567 999 2660 1053 sed
2671 996 2943 1068 judicabit
2963 997 3016 1050 in
3042 991 3370 1048 rectitudine
3419 1001 3706 1058 pauperes,

419 1076 562 1145 quod
593 1087 679 1132 est
729 1077 1153 1148 Evangeliorum
1206 1087 1528 1140 testimonio
1558 1088 1998 1156 comprobatum.
2037 1087 2137 1142 Est
2161 1091 2306 1144 enim
2347 1107 2544 1162 magna
2594 1106 2836 1162 persaepe
2894 1089 3146 1142 libertate
3187 1099 3341 1139 nunc
3387 1077 3710 1137 sacerdotio

418 1170 523 1226 bus
556 1173 692 1242 ipsis
723 1175 874 1245 regni
901 1176 994 1232 Dei
1029 1179 1412 1248 privationem,
1462 1191 1524 1236 ut
1563 1182 1628 1238 ad
1660 1190 1850 1254 gentes
1905 1183 2189 1251 transiret,
2241 1203 2362 1258 quae
2410 1187 2623 1242 fructus
2666 1187 2822 1256 181
2855 1184 2975 1254 ejus
3014 1181 3242 1238 ederent
3269 1180 3312 1244 ³,
3368 1175 3705 1231 minitatus:

419 1282 566 1322 nunc
591 1267 815 1324 Scribas
838 1278 892 1324 et
916 1271 1233 1331 Pharisaeos
1269 1277 1457 1331 multis
1486 1279 1612 1335 aliis
1645 1279 2138 1348 imprecationibus
2176 1281 2484 1336 insectatus
2509 1284 2550 1337 ⁸.

491 1358 635 1412 Idem
695 1376 814 1414 vero
873 1379 976 1416 non
1031 1365 1318 1420 secundum
1379 1385 1674 1424 sermonem
1710 1369 2005 1440 arguebat:

421 1451 516 1508 sed
559 1453 615 1507 in
643 1451 828 1508 cordis
862 1459 1164 1524 penetralia
1200 1460 1482 1515 oculorum
1510 1461 1626 1515 acie
1659 1462 2004 1531 irrumpens,

423 1545 762 1600 tentantibns
797 1554 851 1600 et
895 1549 1152 1605 simulate
1187 1553 1564 1620 quaerentibus
1594 1552 1941 1616 llerodianis,
1975 1567 2006 1606 a

2193 1373 2347 1428 Ἀλλ’
2379 1373 2521 1428 οὐδὲ
2575 1373 2724 1427 κατὰ
2755 1371 2867 1440 τὴν
2912 1369 3140 1425 λαλιὰν
3193 1365 3486 1435 ἤλεγχεν,
3521 1363 3602 1425 είς
3647 1361 3705 1414 δὲ

2110 1461 2209 1524 τὰς
2229 1463 2452 1535 καρδίας
2481 1463 2623 1534 ὁρῶν
2658 1463 2896 1533 ἔφασκεο
2933 1479 2952 1513 ι
2995 1459 3062 1513 Τί
3095 1476 3162 1530 με
3209 1453 3540 1526 πειράζετε,
3578 1453 3710 1506 ὑπο-

2113 1555 2298 1624 κριταί
2321 1569 2336 1620 ;
2365 1557 2503 1618 »τοῖς
2542 1555 2892 1625 Ἡρωδιανοῖς
2917 1551 3090 1619 λέγων
3115 1549 3459 1621 (πράκτορες
3485 1545 3542 1599 δὲ
3559 1537 3705 1598 οὗτοι

421 1636 622 1705 quibus
637 1637 1056 1707 publicanorum
1077 1645 1326 1712 pecuniae
1352 1646 1754 1716 colligehautur
1775 1688 1792 1712 ,
1817 1653 2001 1700 utrum

2118 1645 2410 1711 τελωνῶν),
2433 1646 2713 1715 ἐρωτῶσιν
2737 1646 2787 1698 εί
2805 1644 2978 1707 ἔξεστι
2999 1641 3182 1695 δοῦναι
3203 1639 3410 1709 κῆνσον
3435 1637 3699 1706 Καίσαρι’

421 1745 646 1787 censum
733 1735 936 1790 Caesari
1019 1737 1334 1804 persolvere
1418 1737 1645 1803 liceret,
1724 1737 2011 1808 respondit

423 1831 486 1877 ut
539 1825 645 1880 sibi
698 1827 982 1882 numisma
1037 1841 1244 1882 census
1283 1827 1664 1893 ostenderent,
1697 1837 2010 1898 caeteraque

423 1911 536 1978 illa,
565 1929 684 1982 quae
715 1923 1028 1984 sequuntur
1061 1917 1104 1969 ⁸.
1153 1916 1448 1973 llonestam
1481 1920 1630 1973 enim
1663 1919 1792 1974 licet
1820 1920 2012 1974 verbo-

421 2021 544 2060 rum
612 2008 848 2078 speciem
919 2009 1346 2078 praetenderent,
1407 2009 1848 2081 magistrumque
1916 2012 2008 2067 Dei

423 2098 566 2152 viam
625 2107 1019 2154 monstrantem
1074 2101 1464 2171 appellarent;
1541 2113 1672 2156 sunt
1739 2110 1920 2157 tamen
1978 2119 2007 2156 a

422 2187 645 2242 Christo
681 2189 978 2243 calumniae
1014 2189 1280 2244 convicti.
1311 2188 1585 2244 Judicavit
1620 2192 1782 2245 etiam
1815 2192 2008 2246 humili

423 2281 701 2348 iudicium,
734 2291 782 2336 et
825 2281 1051 2335 humiles
1084 2291 1238 2336 terra:
1272 2282 1489 2352 arguit;
1525 2284 1608 2336 vel
1653 2283 1697 2338 si
1747 2283 1813 2338 ad
1851 2282 2010 2354 Sym-

425 2375 680 2428 machmn
719 2375 972 2446 respicis,
1027 2382 1282 2443 pauperes
1314 2377 1367 2429 in
1395 2375 1729 2440 rectitudine,
1792 2391 1886 2432 eos
1921 2377 2007 2430 ni-

423 2466 622 2520 mirum
647 2505 662 2530 ,
697 2481 836 2536 quos
867 2467 980 2537 ipse
1010 2466 1202 2522 beatos
1235 2465 1490 2524 Christus
1519 2468 1782 2538 praedicat
1811 2469 2008 2538 spiritu

425 2569 691 2626 pauperes
721 2557 776 2624 °;
827 2559 1021 2628 quales
1048 2557 1170 2628 ejus
1203 2558 1359 2614 fuere
1390 2559 1674 2629 discipuli,
1722 2561 1926 2630 quibus
1955 2569 2009 2616 et

425 2647 542 2716 ipsa
601 2663 669 2703 ne
725 2649 936 2704 Domini
974 2651 1195 2720 quidem
1245 2652 1488 2721 pepercit
1539 2651 1886 2720 reprehensio.
1919 2653 2010 2708 Ait

427 2740 574 2794 enim
612 2759 623 2771 -
663 2759 682 2791 ι
723 2739 917 2796 Adhuc
963 2749 1020 2798 et
1075 2757 1180 2797 vos
1241 2743 1363 2798 sine
1399 2742 1678 2797 intellectu
1720 2743 1856 2798 estis
1897 2745 1938 2800 ⁷.
1981 2761 2000 2796 ι

427 2827 517 2893 Et,
579 2849 599 2882 ι
664 2831 914 2887 Nondum
951 2834 1332 2900 cognoscitis;
1396 2849 1496 2889 nec
1543 2835 1853 2906 intelligitis
1885 2836 1905 2868 ⁸
1937 2835 2000 2890 2»

424 2914 668 2987 Itemque
723 2918 944 2974 Petrum
985 2921 1276 2991 alloquens
1338 2923 1691 2991 peculiariter
1747 2941 1760 2976 :
1831 2941 1848 2974 ι
1904 2921 2005 2977 Vir

2121 1760 2139 1793 ι
2163 1739 2499 1804 Ἑπιδείξατε
2525 1741 2634 1809 γάρ
2659 1739 2768 1809 μοι,
2785 1737 2939 1808 φησὶ,
2965 1734 3026 1788 τὸ
3047 1734 3296 1804 νόμισμα
3323 1731 3421 1785 τοῦ
3442 1732 3700 1800 κήνσον,ο

2114 1831 2208 1884 καὶ
2241 1830 2309 1884 τὰ
2343 1829 2490 1899 ἑξῆς.
2535 1829 2728 1883 Καίτοι
2759 1827 2938 1897 λόγοις
2964 1825 3200 1896 ἐχρῶντο
3235 1821 3449 1883 καλοῖς,
3494 1838 3512 1870 ι
3549 1817 3704 1870 Διδά-

2122 1919 2310 1982 σκαλε,
2340 1919 2614 1986 λέγοντες,
2643 1916 2868 1988 οἴδαμεν
2900 1917 2983 1968 ὅτι
3003 1916 3102 1985 τὴν
3119 1913 3237 1968 ὁδον
3265 1909 3365 1964 τοῦ
3395 1908 3534 1962 Θεοῦ
3564 1908 3703 1963 διδά-

2123 2025 2272 2072 σκεις
2304 2011 2362 2062 ὲν
2387 2008 2650 2080 ἀληθείᾳ·
2681 2027 2699 2060 ι
2730 2008 2824 2060 καὶ
2851 2008 2999 2076 ὅμως
3029 2005 3226 2067 αὐτοὺς
3252 1998 3703 2073 κακουργοῦντας

2115 2099 2396 2170 ἐξήλεγξε.
2445 2100 2554 2154 Καὶ
2587 2096 2849 2163 ταπεινῷ
2877 2098 2946 2151 δὲ
2992 2095 3196 2166 κρίσιν
3220 2095 3487 2161 ἔκρινεν,
3526 2088 3702 2158 our-

2112 2207 2246 2260 χετε
2278 2189 2421 2257 τοὺς
2453 2188 2774 2254 ταπεινοὺς
2813 2189 2924 2258 τῆς
2952 2185 3084 2256 γῆς,
3139 2185 3172 2256 ἢ
3205 2182 3354 2238 κατὰ
3384 2181 3699 2251 Σύμμαχον.

2110 2282 2254 2348 τοὺς
2285 2282 2562 2350 πτωχοὺς
2590 2281 2658 2334 ἐν
2685 2281 2996 2346 εὐθύτητιο
3029 2277 3159 2349 περὶ
3191 2268 3267 2330 ὧν
3305 2274 3515 2342 ἔλεγεν,
3542 2290 3560 2323 ι
3585 2271 3700 2323 Μα-

2111 2373 2357 2443 κάριοιοί
2385 2372 2589 2441 πτωχοὶ
2605 2369 2682 2440 τῷ
2704 2369 2994 2439 πνεύματι,
3026 2387 3044 2421 ι
3072 2367 3220 2429 οἴους
3245 2359 3396 2418 εἶναι
3425 2359 3698 2415 συνέϐαινε

2111 2465 2237 2527 τοὺς
2271 2463 2436 2518 αὐτοῦ
2487 2462 2758 2532 μαθητὰς,
2783 2460 2876 2524 οὒς
2903 2460 3148 2530 ἤλεγχε,
3186 2457 3327 2512 ποτὲ
3365 2455 3464 2525 μὲν
3494 2451 3694 2520 λέγων’

2117 2573 2136 2607 ι
2159 2553 2368 2625 Ἀκμὴν
2395 2554 2489 2607 καὶ
2509 2555 2666 2624 ὑμεῖς
2685 2551 2938 2606 ἀσύνετοί
2961 2553 3140 2604 ἐστε.»
3165 2549 3280 2604 Καὶ
3307 2547 3524 2611 πάλιν,ι
3542 2541 3698 2598 Οὔπω

2110 2650 2278 2700 νοεῖτε
2297 2646 2417 2698 esse
2438 2645 2646 2699 συνίετε
2667 2663 2682 2711 ;
2707 2663 2723 2695 ι
2749 2645 2875 2698 ποτε
2899 2644 2954 2697 δὲ
2977 2643 3056 2714 τῷ
3078 2637 3696 2712 Π’ἑτρῳ,ι’ολιγύπιστε,

2110 2739 2191 2802 εἰς
2228 2737 2281 2791 τί
2320 2737 2626 2799 ἐδίστασας.
2663 2755 2680 2787 ι
2709 2738 2822 2790 Καὶ
2870 2735 3098 2788 πλεῖστα
3145 2735 3380 2788 τοιαῦτα
3415 2729 3586 2799 λέγων
3620 2727 3698 2779 δι-

2107 2831 2348 2900 ήλεγχε.
2379 2828 2523 2899 Πρὶς
2545 2823 2626 2890 οἷς
2660 2843 2831 2896 φησι·
2863 2825 2971 2880 Καὶ
3015 2823 3261 2888 πατάξει
3301 2821 3420 2893 γῆν
3443 2819 3520 2886 τῷ
3547 2819 3718 2885 λόγον

2107 2919 2214 2974 τοῦ
2238 2919 2537 2988 στόματος
2558 2919 2768 2973 αὑτοῦ.
2789 2917 3018 2988 Ὅμοιον
3038 2916 3136 2986 τῷ,
3161 2934 3177 2966 ι
3199 2915 3326 2968 Οὐκ
3347 2907 3508 2984 ἦλθον
3527 2909 3702 2980 βαλεῖν

429 3008 655 3064 modica:
711 3011 857 3074 ﬁdei,
907 3011 972 3064 ad
1027 3013 1155 3082 quid
1215 3010 1572 3066 dubitasti"!
1629 3031 1648 3064 ι
1699 3013 1858 3082 cujus
1919 3029 2008 3085 ge-

2119 3013 2342 3082 είρήνην
2377 3013 2470 3065 ἐπὶ
2493 3011 2590 3081 τὴν
2613 3011 2740 3080 γῆν,
2765 3008 2900 3062 ἀλλὰ
2933 3008 3260 3078 μάχαιραν.)
3308 3005 3568 3077 Μάχαιρα
3591 3001 3643 3053 δὲ
3669 3001 3700 3053 ό

431 3103 580 3154 ueris
639 3107 805 3156 multa
853 3103 1017 3173 etiam
1077 3103 1182 3156 alia
1219 3105 1459 3173 arguisse
1513 3103 1718 3157 nemini
1782 3103 2010 3159 dubium

432 3207 555 3246 esse
605 3200 792 3262 queat.
830 3165 1098 3263 Sequitur
1166 3210 1322 3264 ergo,
1385 3193 1452 3246 Et
1507 3195 1760 3255 percutiet
1817 3205 2012 3250 terram

431 3283 584 3338 verba
620 3286 728 3338 oris
761 3286 866 3338 sui.
919 3287 1018 3340 Cui
1080 3301 1190 3340 non
1221 3285 1476 3341 ahsimile
1515 3285 1681 3341 fuerit
1723 3295 1778 3340 ct
1827 3287 1959 3340 illud
1997 3304 2008 3340 :

434 3372 584 3426 tNon
611 3374 732 3428 veni
755 3389 944 3443 pacem
971 3375 1185 3428 mittere
1209 3375 1262 3428 in
1288 3383 1512 3438 terram,
1532 3374 1626 3430 sed
1653 3374 2006 3445 glatliitm”.i

432 3461 526 3518 Est
573 3479 702 3520 vero
741 3463 978 3534 gladius,
1011 3463 1222 3518 verbum
1283 3465 1391 3517 oris
1447 3464 1604 3532 ejus;
1665 3479 1772 3533 quo
1829 3481 2012 3520 rerum

433 3561 780 3620 terrenarum
873 3569 1040 3620 curae,
1123 3571 1188 3610 ac
1283 3555 1696 3610 sollicitudines
1794 3571 2011 3622 eorum,

431 3647 526 3715 qui
575 3645 732 3700 tidem
765 3645 943 3714 ipsius
977 3647 1210 3716 amplexi
1253 3655 1404 3708 sunt,
1451 3654 1722 3715 amputat.
1754 3645 1870 3699 Non
1918 3649 2016 3702 de.

432 3743 564 3792 sunt
593 3751 777 3804 porro,
811 3737 901 3805 qui
933 3738 1058 3792 istis
1079 3737 1420 3792 divinitatem
1449 3736 1760 3791 Salvatoris
1783 3739 2012 3794 demon-

431 3829 595 3886 strari
621 3829 892 3884 dictitent.
932 3829 1152 3884 Terram
1186 3829 1334 3886 enim
1369 3831 1649 3899 signiﬁcat
1671 3871 1684 3893 ,
1707 3846 1869 3900 quam
1901 3846 2014 3886 ma-

431 3913 726 3971 led‘ixerat.
773 3914 985 3972 Revera
1017 3927 1200 3974 autem
1237 3917 1304 3974 de
1333 3922 1592 3975 universa
1786 3922 2008 3976 maledi-

433 4013 582 4062 ctum
641 4015 862 4078 putetur
907 4025 922 4062 :
965 4009 1187 4079 quando
1229 4024 1392 4064 omne
1455 4011 1674 4081 penitus
1728 4012 2015 4067 hominum

433 4111 607 4166 genus
637 4107 964 4154 exsecratus
995 4111 1100 4164 est,
1125 4101 1212 4156 his
1253 4103 1438 4158 verbis
1467 4122 1481 4158 :
1516 4123 1535 4155 ι
1561 4103 1730 4158 Terra
1763 4119 1846 4168 es,
1883 4105 2014 4158 etin

434 4196 637 4242 terram
690 4191 986 4246 reverteris
1041 4193 1108 4246 ¹¹.
1153 4211 1172 4245 ι
1231 4192 1466 4260 Quando
1525 4195 1686 4249 etiam
1750 4195 2014 4250 tuundum

433 4279 715 4350 impietate
754 4282 1114 4353 depravatum
1146 4287 1400 4344 eluvione
1447 4288 1734 4344 exstinxit.
1772 4287 2015 4342 Iudaeam

2118 3105 2299 3172 λόγος
2325 3102 2432 3155 τοῦ
2469 3101 2769 3170 στόματος
2811 3099 3020 3164 αὑτοῦ,
3052 3099 3116 3150 δι’
3145 3090 3207 3152 οῦ
3238 3096 3321 3150 τὰ
3353 3093 3528 3164 γεώδη
3562 3107 3699 3162 φρο-

2119 3199 2338 3268 νήματα
2364 3196 2472 3249 τῶν
2506 3199 2586 3258 εἰς
2612 3194 2776 3249 αὐτὸν
2810 3193 3262 3247 πεπιστευκότων
3304 3191 3515 3262 ἀνῄρει.
3550 3185 3698 3248 Τινὲς

2119 3290 2173 3342 δέ
2204 3306 2392 3358 φασιν,
2428 3287 2504 3350 ὡς
2530 3287 2592 3341 τὸ
2621 3286 2762 3340 Οεῖον
2789 3285 2884 3339 τοῦ
2922 3285 3177 3355 Σωτῆρος
3203 3283 3306 3337 διὰ
3337 3283 3543 3336 τούτων
3569 3295 3702 3346 παρρ

2123 3382 2359 3436 ίσταται.
2390 3380 2524 3446 Γῆν
2550 3377 2660 3452 γὰρ
2695 3379 2845 3448 λέγει
2895 3377 3130 3446 μάλιστα
3168 3375 3300 3447 μὲν,
3335 3377 3402 3448 ἣν
3465 3373 3530 3427 ἄν
3571 3388 3694 3424 κατ-

2119 3475 2322 3542 αρᾶσαι
2354 3471 2397 3526 ί.
2449 3471 2524 3523 Τὸ
2567 3469 2767 3538 ἀληθὲς
2813 3468 2859 3522 δ’
2900 3469 2966 3522 ἂν
3004 3467 3088 3539 εἴη
3124 3467 3220 3522 καὶ
3256 3468 3352 3521 ἐπὶ
3409 3465 3582 3532 πάσης
3635 3460 3692 3513 τὺ

2120 3563 2434 3635 εἰρημένον.
2466 3563 2837 3633 Κατηράσατο
2869 3558 2982 3630 γὰρ
3011 3558 3314 3628 σύμπασαν
3353 3556 3453 3626 τὴν
3494 3549 3692 3622 ἀνθρὼ-

2123 3673 2222 3708 που
2265 3653 2429 3724 φύσιν
2467 3653 2672 3706 εἰπών·
2713 3670 2730 3702 t
2757 3651 2831 3720 Γῆ
2855 3645 2926 3713 εί,
2970 3650 3061 3703 καὶ
3093 3650 3172 3712 είς
3199 3651 3307 3718 γῆν
3345 3643 3636 3714 ἀπελεύσῃ.
3663 3658 3679 3690 ι

2119 3747 2232 3800 Καὶ
2265 3746 2468 3816 κόσμον
2503 3743 2718 3798 ἀσεϐῶν
2771 3742 2926 3796 ὕδατι
2973 3740 3319 3804 κατα-πνίξας
3341 3755 3355 3770 ο
3401 3737 3482 3790 ἔτι
3520 3733 3573 3787 δὲ
3601 3728 3686 3784 καὶ

2119 3837 2219 3909 τὴν
2262 3837 2524 3891 Ἰουδαίαν
2559 3835 2653 3888 ἐπὶ
2689 3837 2756 3904 τῇ
2799 3833 2924 3887 κατ’
2977 3830 3146 3887 αὐτοῦ
3194 3829 3456 3900 παροινίᾳ
3502 3825 3685 3890 λέγων.

2128 3947 2149 3980 ιι
2169 3928 2298 3982 Ἰδοὺ
2330 3927 2556 3996 ἀφίεται
2587 3925 2714 3995 ὑμῖν
2757 3922 2786 3974 ὁ
2817 3917 2969 3985 οἶκος
3013 3921 3168 3992 ὑμῶν
3196 3919 3425 3992 ἕρημος.
3451 3935 3470 3968 ι
3501 3915 3688 3980 Ἐγκαο

2109 4019 2474 4088 *ταλειφθεῖσα
2515 4018 2572 4072 δὲ
2606 4015 2740 4086 παρ’
2766 4013 2932 4068 αὐτοῦ
2977 4013 3200 4084 πολέμῳ
3243 4013 3338 4065 καὶ
3375 4007 3508 4078 πυρὶ
3547 4002 3688 4058 δεδα-

2123 4113 2380 4184 πάνηται.
2416 4110 2528 4180 Τὴν
2557 4108 2614 4161 δὲ
2640 4107 2793 4162 θείαν
2824 4104 2989 4160 αὐτοῦ
3016 4107 3179 4174 φύσιν
3214 4102 3354 4174 πρὸς
3379 4099 3534 4154 τοῦτο
3557 4111 3689 4164 παρ‹

2125 4200 2306 4270 ίστησι
2331 4198 2412 4264 τὸ,
2438 4200 2536 4252 Ἑν
2563 4198 2854 4266 πνεύματι
2887 4195 2958 4250 τὰ
2997 4193 3254 4266 χειλέων
3283 4190 3526 4248 ἀνελεῖν
3557 4186 3690 4240 ἀσε-

2123 4291 2221 4361 ϐῆ.
2259 4291 2528 4361 Ἐπετίμα
2570 4289 2678 4362 γὰρ
2725 4291 2838 4352 τοῖς
2883 4287 3213 4358 ἀκαθάρτοις
3259 4283 3554 4354 πνεύμασι.
3587 4273 3688 4330 Καὶ

432 4389 562 4429 vero
617 4383 671 4432 ct
725 4377 898 4446 ipsam
936 4379 1222 4450 deinceps,
1279 4381 1350 4436 ob
1395 4383 1789 4437 contumeliam
1849 4397 2008 4453 quam

2120 4385 2243 4436 ὅσον
2275 4382 2372 4452 μὲν
2415 4377 2553 4452 ἧκεν
2583 4380 2666 4442 είς
2713 4377 2776 4432 τδ
2823 4377 3248 4449 ἁνθρώπινον,ή
3295 4373 3385 4429 διὰ
3433 4370 3694 4440 στόματοὶ

432 4465 502 4520 ab
551 4465 668 4537 ipsa
697 4484 896 4538 passus
927 4479 1032 4536 est,
1063 4472 1146 4526 sic
1197 4473 1500 4542 alloquitur
1535 4491 1548 4528 :
1590 4491 1609 4524 ι
1651 4476 1792 4530 Ecce
1847 4475 2016 4530 relin-

431 4569 632 4628 quetur
673 4561 828 4615 vobis
882 4561 1081 4618 domus
1111 4575 1292 4618 vestra
1329 4566 1545 4620 deserta
1598 4565 1660 4616 ".
1701 4585 1720 4618 ι
1760 4566 1843 4621 ΑΙ)
1895 4567 2016 4636 ipso

421 4639 578 4705 enim
618 4648 832 4718 relict'a,
896 4653 1048 4710 ferro
1097 4664 1153 4709 et
1209 4657 1426 4710 ﬂamma
1462 4658 1627 4726 plane
1684 4667 2016 4729 consumpta

432 4751 538 4798 est.
571 4743 650 4798 Ad
698 4745 834 4812 haec,
867 4763 934 4802 ne
977 4749 1158 4803 divina
1209 4749 1384 4818 ipsius
1418 4761 1617 4804 natura
1667 4751 1904 4806 lateret:
1949 4750 2018 4806 In

433 4834 624 4904 spiritu
657 4835 925 4892 tabiorum
979 4855 1092 4895 esse
1156 4840 1556 4910 interfecturum
1606 4843 1826 4912 impium
1863 4842 2020 4896 addi-

435 4924 534 4981 dit.
566 4927 888 4983 immundos
932 4930 1078 4984 enim
1107 4931 1336 5000 spiritus
1371 4933 1695 5004 increpabat
1723 4953 1736 4989 :
1777 4935 1936 5004 182
1965 4941 2020 4990 et

437 5027 706 5088 quantum
766 5020 1006 5078 hominis
1062 5013 1390 5079 admittebat
1421 5025 1820 5090 conditiomre
1853 5036 1907 5080 et
1945 5028 2020 5078 la-

439 5109 542 5166 biis
575 5113 946 5184 obstrepebat.
981 5116 1085 5172 Sed
1124 5117 1199 5171 ita
1235 5118 1481 5190 Spiritus
1525 5101 1781 5174 incliatili
1822 5127 2015 5188 poten-

513 5291 768 5363 f_Matth.
827 5312 918 5350 χιιι
965 5340 978 5363 ,

439 5359 460 5390 ⁷
517 5358 707 5417 Matth.
753 5381 842 5432 xv,
885 5358 972 5423 16.

441 5441 600 5495 xxttt,
643 5433 732 5486 58.

1048 5299 1140 5369 54Δ
1156 5313 1336 5369 seqq.

1073 5368 1096 5400 ⁸
1124 5367 1315 5423 Matth.
1362 5386 1472 5436 xw,
1501 5369 1554 5425 9.

1411 5299 1434 5330 ‘
1489 5299 1679 5355 Matth.
1746 5315 1880 5354 χχιιι
1913 5341 1940 5366 ,,
1976 5300 1998 5352 l
2041 5302 2205 5370 seqq.

1653 5374 1674 5404 ’
1718 5370 1909 5424 Matth.
1938 5385 2046 5436 xw,
2077 5369 2166 5425 21.

2122 4472 2217 4528 καὶ
2249 4471 2476 4543 χειλέων
2518 4470 2893 4525 ἀπεκτυπεῖτο
2930 4470 3108 4539 φωνή.
3143 4469 3222 4539 Τῇ
3250 4467 3310 4521 δὲ
3349 4465 3570 4538 ἀρρήτῳ
3605 4457 3688 4508 δυ-

2123 4566 2286 4636 νάμει
2311 4564 2406 4618 τοῦ
2427 4551 2756 4634 ⁹Πνεύματος
2787 4564 2849 4617 τὸ
2878 4562 2988 4616 τῶν
3021 4561 3311 4632 δαιμονίων
3341 4551 3688 4624 συνεοραύετο

2122 4655 2298 4727 γένος,
2328 4655 2405 4718 ὼς
2453 4653 2692 4724 βοῶντας
2742 4653 2922 4722 λέγειν
2943 4670 2958 4684 ⁸
2995 4672 3014 4704 ι
3047 4652 3112 4706 Τί
3145 4653 3279 4722 ἡμῖν
3313 4650 3408 4703 καὶ
3458 4645 3561 4737 σοὶ,

2127 4746 2222 4802 τοῦ
2255 4740 2615 4815 eamme;
2663 4745 2769 4816 πρὸ
2812 4743 3005 4817 καιροῦ
3059 4741 3347 4814 βασανίσαι
3387 4736 3548 4808 ἡμᾶς.
3591 4729 3681 4782 Οἵ·-

2115 4838 2284 4910 δαμέν
2307 4855 2390 4901 σε,
2419 4836 2504 4900 τίς
2533 4831 2605 4901 εἷ,
2626 4837 2655 4890 ὁ
2679 4836 2834 4905 ἅγιος
2865 4835 2960 4889 τοῦ
2975 4835 3132 4890 Θεοῦ.
3149 4832 3362 4888 »Ἃλλὰ
3388 4826 3677 4918 καὶέστιν.

2117 4933 2307 5002 φησιν,
2338 4929 2700 4996 δικαιοσύνη
2732 4926 3066 4997 ὲζωσμένος
3101 4926 3216 4995 τὴν
3253 4921 3453 4992 ὀσφὺν
3483 4916 3677 5002 αὐτος..

2117 4995 2228 5078 ἰςάι
2275 5019 2524 5085 ἀλήθεια
2571 4995 2942 5086 είλτυιμένος
2966 5016 3072 5082 τὰς
3119 5013 3403 5082 πλειῳάς.
3439 5001 3587 5060 Κατὰ
3623 4995 3681 5046 δὲ

2118 5113 2206 5164 τδν
2253 5109 2568 5180 Σύμμαχον,
2621 5107 2727 5162 Kal
2775 5110 2947 5161 ἐσται
2997 5105 3352 5167 δικαιοσύνη
3408 5089 3690 5163 περίζὶυιεί⁸’

2273 5299 2293 5330 ⁸
2352 5296 2545 5352 Matth.
2619 5309 2754 5354 xm,
2847 5259 2911 5345 1.6
2964 5304 3118 5356 seqq.
3195 5279 3433 5356 “Malui;
3491 5266 3669 5356 in}

2277 5370 2320 5400 ‘°
2849 5336 2908 5393 Ἣ
2951 5336 3202 5420 ὀὲίἲῖἠι,
3233 5336 3318 5412 l9.
3394 5349 3434 5378 η
3491 5336 3670 5396 Matth.

1747 5535 1985 5592 VAle
2019 5534 2437 5595 LECTIONI‘ZS.

521 5625 538 5659 τ
567 5636 656 5691 γρ.
685 5622 1032 5692 κατηράσατο
1067 5625 1155 5680 ἀλ.
