4010 6208
375 234 514 299 2047

1736 234 2057 296 PROCOPI
2066 234 2092 293 Ι
2135 235 2381 297 GAZzEI

3495 233 3640 300 2048

375 330 617 378 testatus
657 328 740 376 est
774 321 844 376 ὀ.
890 302 957 375 Et
1005 338 1138 390 puer
1170 322 1447 391 parvulus,
1478 321 1649 386 addit,
1680 334 1801 393 aget
1844 340 1954 378 eos.

2071 323 2355 388 πλείστους
2381 323 2495 379 τῶν
2528 324 2889 398 προεστώτων
2934 325 3001 380 δι’
3033 325 3311 394 ἁπλότητα
3337 324 3513 397 ψυχῆς
3541 331 3638 380 καὶ

374 415 501 482 Quo
541 416 661 469 loco
694 431 871 485 agere,
905 429 1006 484 pro
1038 430 1127 481 eo,
1167 415 1312 485 quod
1350 424 1437 470 est
1491 431 1689 487 cogere
1741 425 1797 471 et
1836 431 1962 470 cou-

344 490 347 493 I
377 522 607 579 gregare
641 509 881 578 positum
915 515 1021 563 est.
1048 507 1201 574 Quod
1232 508 1450 577 quidem
1493 522 1618 562 cum
1660 508 1805 573 aliis,
1837 510 1961 564 licet

379 601 437 657 in
462 602 714 657 ecclesiis
745 602 907 657 etiam
944 601 1146 656 intueri
1176 642 1191 666 ,
1230 601 1285 656 in
1335 602 1536 671 quibus
1562 601 1800 655 maxima
1829 615 1964 671 prae-

381 692 650 747 fectorum
690 708 817 763 pars
860 707 1074 746 morum
1116 693 1470 763 simplicitate
1514 701 1569 748 et
1601 692 1845 748 bonitate
1880 692 1964 746 ui-

382 783 458 839 bil
493 784 703 840 distans
744 785 812 839 ab
847 784 1174 847 infantibus,
1221 799 1319 840 eos
1357 792 1541 839 tamen
1574 784 1722 854 agit,
1764 784 1856 854 qui
1894 800 1962 840 ex

382 874 530 929 omni
546 890 742 943 genere
760 874 1042 928 hominum
1068 875 1122 929 in
1152 890 1318 929 unum
1334 861 1609 930 coierunt.~
1631 873 1697 929 Et
1739 876 1855 939 bos,
1875 874 1964 929 ad-

381 967 483 1029 dit,
507 977 556 1020 et
587 982 744 1020 ursus
775 966 1249 1035 aimulpascentur
1269 976 1316 1021 et
1336 964 1671 1021 simularunt
1693 967 1859 1021 catuli
1877 983 1966 1022 eo-

381 1072 518 1109 rum.
544 1055 875 1111 Colonorum
895 1058 1038 1111 enim
1063 1064 1118 1110 ct
1135 1057 1454 1127 agrestium,
1474 1069 1967 1131 pauperumque,et

381 1142 630 1205 divitum,
657 1144 927 1199 malorum
962 1145 1151 1209 etiam,
1185 1154 1240 1200 et
1273 1144 1546 1201 bonorum
1582 1148 1736 1217 pueri
1775 1148 1828 1203 in
1863 1149 1967 1205 Ec-

379 1231 547 1286 clesia
581 1234 749 1288 simul
780 1242 1003 1291 coeunt.
1035 1233 1313 1290 Fortassis
1345 1243 1526 1291 autem
1557 1252 1842 1306 puerorum
1868 1254 1966 1293 uo-

380 1326 551 1387 mine.
583 1342 772 1382 eorum
803 1328 970 1382 etiam
1016 1328 1083 1382 de
1107 1328 1444 1399 quibusjam
1463 1328 1684 1386 dictum
1710 1341 1815 1397 est,
1843 1333 1962 1387 ani-

382 1434 598 1473 morum
646 1428 702 1475 ct
750 1420 870 1476 ﬁdei
899 1437 1235 1479 consensum
1276 1422 1577 1494 signiﬁcat.
1624 1423 1729 1479 Leo
1770 1441 1967 1482 rursus

380 1507 737 1563 crudivorum
774 1519 972 1565 natura
1011 1511 1235 1578 animal,
1263 1527 1454 1568 eorum
1493 1524 1669 1568 morte
1690 1514 1967 1586 jam,qu:e

384 1598 570 1654 herbis
602 1610 929 1671 pascuntur,
963 1603 1134 1671 paleis
1168 1605 1307 1659 vesci
1335 1613 1613 1672 assuetus,
1647 1606 1811 1663 homo
1854 1608 1961 1664 dici

382 1698 547 1758 queat
590 1693 683 1761 qui
710 1733 725 1757 ,
766 1693 886 1748 fero
925 1704 980 1750 et
1015 1696 1213 1751 immiti
1250 1697 1437 1753 animo
1466 1699 1752 1768 prazditus,
1798 1703 1962 1760 nudis

383 1791 554 1832 sacrm
588 1777 892 1851 Scripturae
913 1783 1120 1850 verbis,
1150 1802 1272 1857 quas
1298 1787 1580 1856 palearum
1622 1793 1849 1849 nomine
1874 1794 1963 1848 in-

381 1867 524 1930 nuit,
564 1869 891 1925 delectatur.
927 1872 1196 1930 Triticum
1234 1877 1528 1948 enimjure
1563 1882 1771 1951 optimo
1807 1899 1965 1940 men-

382 1965 489 2009 tem
517 1974 635 2013 eam
669 1977 791 2031 quae
832 1964 967 2019 latet
1011 1966 1182 2031 intus,
1223 1976 1278 2022 et
1318 1970 1585 2026 rationem
1618 1972 1961 2041 dixerimus,

382 2050 585 2118 quibus
616 2054 863 2109 nutritur
890 2056 1130 2112 animus.
1162 2059 1427 2131 Adjungit
1454 2072 1635 2118 autem
1667 2074 1720 2121 et
1741 2081 1964 2133 puerum

383 2141 644 2201 infantem
680 2145 842 2218 184
877 2147 1079 2217 (qualis
1110 2147 1201 2204 ille
1240 2151 1341 2205 fuit
1384 2152 1453 2207 de
1486 2168 1595 2223 quo
1636 2158 1799 2225 paulo
1838 2167 1967 2215 ante

383 2232 648 2306 diximus)
679 2252 837 2303 super
866 2239 1112 2306 foramen
1155 2242 1400 2311 aspidum
1420 2285 1435 2309 ,
1474 2261 1729 2317 superque
1757 2248 1966 2317 fetuum

382 2321 622 2389 ipsorum
652 2324 824 2379 cubile
851 2343 1070 2381 manum
1101 2329 1313 2398 impune
1332 2331 1731 2392 immissurum.
1752 2337 1966 2407 Quibus

385 2415 566 2470 verbis
596 2431 785 2472 eorum
832 2434 1067 2490 corpora
1104 2422 1380 2495 intelligit,
1408 2441 1532 2496 quae
1560 2443 1590 2482 a
1621 2429 1967 2487 daemonibus

384 2508 757 2579 infcszantur;
807 2514 861 2569 in
903 2515 1107 2584 quibus
1142 2517 1424 2573 latitantes
1466 2519 1701 2589 spiritus
1743 2522 1968 2591 reptiles

383 2606 442 2652 et
483 2602 762 2668 venenati,
803 2604 972 2658 veluti
1001 2605 1381 2674 foraminibus,
1419 2611 1671 2680 corporis
1709 2613 1968 2671 sensibus

385 2690 673 2748 incubant.
726 2696 831 2750 Sed
879 2697 933 2751 in
970 2698 1130 2763 istos,
1176 2700 1270 2770 qui
1320 2699 1525 2759 Christi
1559 2718 1690 2770 puer
1744 2712 1850 2771 est,
1887 2705 1970 2760 vir

387 2783 619 2855 simplex
653 2787 876 2858 aliquis,
906 2798 961 2845 et
988 2791 1195 2847 malitia
1232 2808 1391 2862 puer,
1430 2792 1737 2852 Salvatoris
1763 2800 1970 2854 virtute

386 2873 559 2931 fretus
591 2893 808 2933 manum
832 2895 988 2935 suam
1026 2882 1318 2949 immittit;
1346 2882 1549 2954 quibus
1584 2887 1730 2940 nulla
1761 2900 1842 2944 cst
1870 2904 1969 2943 no-

2061 412 2298 466 άκακίαν
2347 412 2499 467 οὐδὲν
2534 414 2745 484 νηπίων
2802 414 3184 486 διαφέροντας.
3225 415 3416 485 Ὅμως
3453 415 3497 469 δ’
3546 410 3641 469 οὖν

2063 504 2406 575 ἡγουμένους
2462 505 2569 560 τῶν
2615 506 2724 561 ἀπὸ
2752 507 2957 570 παντὸς
3006 506 3200 575 γένους
3224 507 3364 560 κατὰ
3402 507 3464 560 τὸ
3508 507 3643 560 αὐτὸ

2065 596 2472 666 συναγομένων.
2502 598 2612 654 Καὶ
2646 598 2805 664 βοῦς
2832 598 2911 663 δὲ,
2944 598 3100 668 φησί,
3130 599 3226 654 καί
3247 598 3463 667 ἄρκτος
3492 599 3643 669 ὁμοῦ

2056 686 2578 757 βοσκηθήσονται,
2602 691 2699 744 καὶ
2729 690 2852 761 ἅμα
2880 689 3052 746 ἔσται
3079 690 3152 747 τὰ
3187 690 3393 745 παιδία
3420 690 3640 745 αὐτῶν.

2064 778 2395 850 Γεωργικῶν
2418 779 2529 851 γὰρ
2557 781 2771 851 ἀνδρῶν
2798 781 2894 836 καὶ
2920 782 3150 853 ἀγρίων,
3182 784 3434 854 πενήτων
3451 786 3519 837 "rs
3548 785 3643 838 xui.

2065 867 2367 934 πλουσίων,
2394 869 2649 943 πονηρῶν
2681 888 2740 924 τε
2770 872 2865 926 καὶ
2904 871 3128 939 ἀγαθῶν
3149 873 3284 926 ὅπου
3307 873 3337 913 h
3366 874 3556 937 παῖδες
3584 875 3642 928 ἐν

2077 959 2375 1032 Ἐκκλησία
2417 963 2957 1032 συνέρχονται.”1σως
2987 963 3042 1017 δὲ
3063 961 3282 1029 παῖδάς
3316 980 3501 1034 φησιν,
3536 963 3634 1033 τὴν

2064 1053 2174 1106 τῶν
2200 1054 2510 1125 εἰρημένων
2541 1054 2851 1125 όμοψυχίαν
2880 1073 2940 1109 τε
2968 1056 3063 1109 καὶ
3106 1053 3459 1125 ὀμοπιστίαν.
3498 1054 3641 1125 Σαρ-

2066 1142 2296 1214 κοδόρος
2341 1143 2398 1196 δὲ
2429 1142 2529 1214 τὴν
2579 1143 2745 1213 φύσιν
2780 1143 2939 1198 λέων
2985 1144 3237 1213 ἀχύροις
3281 1144 3645 1212 τρεφόμενος

2067 1239 2357 1307 ποηφάγου
2389 1238 2530 1302 ζὼου
2563 1239 2745 1308 δίκην,
2791 1239 3080 1310 ἄνθρωπος
3106 1237 3173 1293 ἃν
3211 1239 3297 1306 εἰη
3327 1237 3492 1292 πάλιν
3541 1238 3643 1308 θη-

2070 1326 2269 1398 ριώδης
2292 1329 2390 1382 καὶ
2418 1328 2659 1398 ἀπηνὴς,
2690 1328 2820 1399 ψιλῇ
2851 1331 2916 1400 τῇ
2949 1327 3095 1393 λέξει
3120 1328 3221 1399 τῆς
3255 1328 3410 1391 θείας
3436 1326 3647 1400 χαίρων

2068 1421 2314 1490 Γραφῆς,
2340 1420 2409 1491 ἣν
2442 1420 2676 1491 ἄχυρον
2695 1422 2723 1473 ὁ
2752 1420 2913 1488 λόγος
2943 1419 3119 1474 καλεῖ.
3153 1419 3333 1491 Πυρὸς
3361 1418 3471 1490 γὰρ
3503 1419 3646 1472 εἰκό·

2065 1526 2175 1573 τως
2195 1510 2223 1562 ό
2244 1512 2300 1562 ὲν
2333 1510 2642 1580 ἀποκρύφῳ
2668 1508 2794 1572 νοῦς
2833 1509 2927 1563 καὶ⁵
2956 1510 2984 1561 ὁ
3016 1508 3206 1577 ψυχῶν
3228 1507 3499 1579 τρόφιμος
3552 1507 3644 1562 λό-

2068 1617 2184 1669 γος.
2217 1601 2337 1653 Ἔτι
2361 1600 2496 1670 πρὸς
2523 1600 2760 1663 τούτοις,
2792 1599 3034 1654 παιδίον
3067 1597 3312 1667 νήπιον,
3356 1601 3545 1655 ὁποῖον
3576 1595 3646 1672 ἧν

2063 1694 2126 1746 τὸ
2159 1692 2344 1764 μικρῷ
2375 1692 2613 1756 πρόσθεν
2644 1692 2964 1762 εἰρημένον,
3001 1691 3101 1744 ἐπὶ
3142 1691 3418 1761 τρώγλην
3460 1690 3647 1746 ἀσπί-

2062 1783 2187 1837 δων
2210 1783 2309 1838 καὶ
2349 1783 2447 1837 ἐπὶ
2483 1783 2696 1851 κοίτην
2718 1782 2988 1853 ἐκγόνων
3019 1782 3297 1837 ἀσπίδων
3333 1782 3648 1838 ἐπιϐαλεῖν

2063 1874 2181 1943 τὴν
2230 1875 2421 1945 χεῖρα,
2460 1875 2659 1946 φησὶν,
2698 1873 2976 1938 ἀϐλαϐῶς.
3017 1873 3181 1945 Δηλοῖ
3221 1873 3280 1928 δὲ
3316 1872 3492 1927 ταῦτα
3536 1872 3646 1928 τῶν

2064 1967 2169 2021 ὑπὸ
2208 1950 2482 2038 δαιμόνων
2525 1966 2934 2037 ἐνοχλουμένων
2959 1963 3030 2020 τὰ
3057 1964 3308 2037 σώματα,
3334 1959 3418 2028 οἷς
3464 1964 3650 2034 ἐμφω-

2063 2060 2291 2114 λεύοντα
2328 2058 2428 2113 καὶ
2471 2061 2781 2131 ὲρπυστικὰ
2808 2059 2939 2113 ὄντα
2971 2046 3284 2129 πνεύματα,
3321 2058 3416 2111 καὶ
3445 2056 3647 2126 ἰοὸόλα,

2066 2155 2359 2225 τρώγλαις
2426 2156 2618 2226 ὥσπερ
2667 2152 3049 2224 ἑγκοιτάζεται
3100 2155 3218 2215 τοῖς
3266 2150 3651 2222 αἰσθητηρίοις

2065 2248 2161 2301 τοῦ
2213 2246 2488 2315 σώματος.
2524 2246 2712 2301 Ταῦτα
2756 2246 2814 2301 δὲ
2860 2245 2921 2299 τὶ»
2958 2243 3196 2315 Χριστοῦ
3228 2241 3471 2297 παιδίον
3508 2242 3653 2314 ἁνήρ

2066 2354 2148 2400 τις
2174 2335 2384 2399 ἁπλοῦς
2415 2338 2510 2390 καὶ
2541 2339 2608 2408 τῇ
2642 2335 2816 2408 κακίᾳ
2847 2335 3157 2406 νηπιάζων,
3180 2336 3244 2405 τῇ
3271 2332 3367 2386 τοῦ
3399 2332 3652 2404 Σωτῆρος

2068 2430 2398 2485 ἀπελαύνων
2451 2429 2704 2499 δυνάμει,
2758 2426 2862 2498 τὴν
2916 2425 3054 2479 ἰδίαν
3115 2422 3394 2491 ἐπιτίθησι
3442 2418 3643 2490 χῆραί

2072 2523 2241 2593 μηδὲν
2292 2522 2611 2576 κακοποιεῖν
2673 2518 3033 2591 δυναμένοις,
3080 2515 3174 2571 διὰ
3208 2513 3317 2570 τὸν
3357 2514 3428 2567 ἐκ
3474 2512 3651 2582 ῥίζης

2083 2613 2307 2668 Ἰεσσαὶ
2341 2611 2697 2685 προελθόντα,
2735 2612 2850 2674 τοῖς
2890 2607 3058 2662 αὑτοῦ
3089 2606 3350 2674 παιδίοις
3401 2604 3649 2671 ἐξουσίαν

2072 2694 2385 2777 παρέχοντα
2406 2707 2602 2759 πατεῖν
2634 2703 2821 2758 ἐπάνω
2854 2701 3032 2769 ὄφεων
3060 2700 3155 2754 καὶ
3183 2699 3495 2770 σκορπίων..
3510 2697 3654 2767 Νοή-

2073 2815 2188 2861 σεις
2244 2797 2302 2851 δὲ
2352 2799 2622 2866 τρώγλας
2655 2795 2753 2850 καί
2796 2793 3003 2857 κοίτας
3052 2791 3365 2858 ἀσπίδων,
3408 2791 3504 2844 καὶ
3550 2788 3653 2852 τὰς

2071 2889 2181 2942 τῶν
2209 2888 2509 2959 αἰρετικῶν
2532 2886 2881 2948 καταδύσεις,
2920 2878 3009 2947 αἷς
3034 2885 3083 2937 οἰ
3108 2886 3167 2936 ὲν
3192 2881 3416 2955 Χριστῷ
3437 2875 3653 2950 νηπιά-

386 2966 545 3020 cendi
577 2976 842 3037 potestas,
874 2978 1097 3040 propter
1134 2988 1283 3039 eum,
1319 2973 1413 3044 qui
1462 2975 1530 3029 de
1573 2976 1755 3031 radice
1794 2976 1966 3033 Jessw

2075 2980 2273 3047 ζοντες
2319 2978 2574 3042 ἀϐλαϐῶς
2608 2978 2955 3033 ἐπιϐάλλουσι
3018 2978 3219 3046 χεῖρα,
3276 2973 3513 3045 Χριστοῦ
3580 2971 3655 3027 τὰ

386 3073 667 3127 egressus,
701 3062 878 3127 pueris
917 3065 1034 3118 suis
1082 3072 1366 3132 Serpentes
1398 3072 1451 3117 et
1498 3072 1815 3135 scorpiones
1839 3084 1969 3123 con-

387 3148 643 3202 culcandi
686 3149 1008 3205 facttltatem
1052 3153 1287 3222 largitus
1315 3165 1399 3213 est
1420 3155 1492 3208 “.
1522 3154 1639 3210 Non
1676 3158 1818 3212 male
1846 3174 1970 3212 rur-

388 3254 510 3294 sum
538 3255 632 3305 per
658 3241 905 3309 aspidum
930 3242 1225 3312 foramina,
1254 3255 1303 3299 et
1327 3246 1543 3310 cubilia,
1584 3247 1968 3304 baareticorttm

389 3329 639 3394 latibula,
688 3329 998 3402 eﬁ‘ugiaque
1029 3334 1346 3405 intelligas;
1380 3335 1432 3389 in
1468 3350 1591 3404 qua:
1615 3336 1710 3406 qui
1747 3337 1972 3393 ianri-

390 3431 476 3477 sto
508 3423 658 3490 pueri
690 3424 990 3487 exsistunt,
1022 3424 1216 3480 eodem
1243 3427 1526 3481 venenatis
1554 3428 1796 3497 ipsorqu
1825 3445 1972 3484 mor-

389 3515 545 3569 sibus
577 3516 721 3570 vires
751 3516 1052 3583 adimente,
1088 3525 1208 3572 tuto
1231 3533 1430 3574 manus
1459 3520 1685 3589 injicere
1718 3531 1970 3590 possunt.

390 3605 548 3673 Quod
591 3617 773 3661 autem
817 3618 1049 3664 montem
1097 3620 1348 3664 sanctum
1394 3611 1625 3678 addidit,
1671 3611 1970 3669 Ecclesium

389 3697 589 3764 ipsam,
627 3711 750 3765 qua:
782 3711 996 3752 morum
1023 3707 1077 3754 et
1096 3699 1367 3755 doctrinae
1401 3701 1697 3770 probitate,
1729 3701 1846 3771 ipsa
1878 3701 1974 3757 de-

391 3787 559 3856 nique
593 3789 743 3843 verbi
794 3790 1040 3847 caelestis
1080 3792 1524 3863 promulgatione
1577 3795 1841 3863 emineat,
1887 3797 1974 3851 in-

390 3879 611 3950 telligit.
645 3880 826 3951 Atque
861 3889 922 3936 ut
946 3884 1014 3938 ab
1051 3899 1117 3940 eo
1147 3885 1241 3954 qui
1284 3885 1338 3939 in
1371 3883 1561 3939 Judzea
1593 3893 1703 3954 est,
1737 3896 1971 3942 mentem

390 3973 552 4028 nobis
586 3985 861 4042 avocaret,
896 3978 1024 4047 quia
1066 3979 1267 4048 repleta
1295 3987 1375 4035 est
1409 3981 1655 4036 universa
1701 3993 1847 4036 terra
1888 3997 1976 4035 co-

390 4064 624 4135 gnitione
658 4065 895 4130 Domini,
931 4069 1069 4122 sicut
1121 4085 1263 4139 aqua
1303 4071 1474 4127 multa
1520 4072 1752 4140 cooperit
1805 4088 1975 4138 mare,

392 4154 651 4213 addidit:
685 4167 743 4214 ut
778 4160 853 4214 ita
887 4160 1213 4226 Ecclesiam,
1258 4178 1382 4232 quae
1410 4171 1526 4217 toto
1547 4163 1679 4219 orbe
1721 4165 1974 4220 contine-

393 4259 504 4312 tur,
543 4252 630 4321 pia
663 4252 946 4319 doctrina,
979 4253 1185 4324 Deique
1215 4255 1536 4325 cognitione
1565 4256 1834 4326 quidquid
1877 4257 1976 4311 ba-

2071 3073 2269 3126 κείνων
2295 3072 2550 3140 δήγματα
2574 3071 2667 3123 καὶ
2694 3069 2785 3124 τὸν
2818 3069 2896 3122 ἰὸν
2920 3068 3319 3137 ἀποφαίνοντος
3349 3065 3654 3135 ἄπρακτον.

2073 3161 2273 3229 Ἅγιον
2316 3160 2371 3214 δὲ
2405 3160 2562 3227 ὅρος,
2606 3158 2704 3228 τὴν
2743 3157 3074 3227 Ἐκκλησίαν
3116 3155 3282 3226 φησὶν
3330 3153 3658 3224 ἐπηρμένην

2074 3254 2175 3325 βίῳ
2204 3252 2299 3305 καὶ
2324 3251 2611 3321 δόγμασιν,
2641 3249 2875 3319 ἔχουσάν
2904 3266 2964 3301 τε
2990 3246 3084 3301 τοῦ
3110 3247 3270 3315 λόγου
3295 3246 3388 3300 τοῦ
3416 3247 3657 3314 ἐπουρα-

2071 3345 2189 3399 νίου
2218 3343 2280 3397 τὸ
2323 3344 2609 3413 κήρυγμα.
2656 3341 2745 3404 Ὠς
2782 3340 2851 3395 ἂν
2888 3340 2945 3394 δὲ
2999 3339 3075 3410 μὴ
3106 3338 3169 3392 τὸ
3200 3337 3344 3391 κατὰ
3390 3335 3491 3406 τὴν
3527 3336 3664 3388 Ἴου-

2071 3434 2228 3489 δαίαν
2257 3432 2381 3503 ὅρος
2417 3433 2727 3502 νοήσωμεν,
2754 3431 3082 3499 ἐπήνεγκεν,
3140 3428 3227 3481 ὅτι
3256 3424 3570 3491 Ἐπ.ἰ·ήσθη
3616 3425 3656 3491 ἡ

2073 3527 2368 3595 σύμπασα
2401 3523 2509 3577 τοῦ
2540 3522 2763 3592 γνῶναι
2789 3518 2897 3575 τὸν
2920 3521 3162 3584 Κύριον,
3192 3519 3273 3584 ὡς
3306 3517 3460 3586 ὕδωρ
3495 3514 3658 3568 πολὺ

2073 3618 2499 3685 κατακαλύψαι
2544 3614 2902 3671 θάλασσαν’
2934 3612 3078 3666 οὕτω
3116 3612 3215 3682 τὴν
3250 3608 3374 3664 καθ’
3408 3608 3537 3679 ὅλης
3556 3606 3659 3676 τῆς

2073 3709 2405 3779 οἰκουμένης
2430 3690 2782 3777 ⁸Ἐκκλησίαν
2812 3703 2990 3773 δηλῶν
3010 3703 3111 3773 τὴν
3150 3702 3350 3772 εὐσεδῆ
3383 3696 3655 3770 γνῶσιν),

2074 3798 2184 3850 πᾶν
2217 3796 2278 3849 τδ
2313 3793 2558 3865 ἁλμυρὸν
2591 3794 2693 3863 τῆς
2726 3792 2821 3845 τοῦ
2853 3792 2970 3863 βίου
3014 3791 3213 3855 κακίας
3243 3790 3435 3859 ὥσπερ
3479 3787 3657 3857 πολλῷ

2073 3886 2152 3958 τῷ
2196 3885 2431 3956 ῥεύματι
2480 3882 2949 3947 κατακλύζουσαν.
2982 3880 3140 3935 Κατὰ
3166 3879 3358 3952 καιρὸν
3389 3878 3469 3943 δὲ,
3499 3878 3655 3948 φησὶ,

2074 3980 2166 4034 τὸν
2193 3977 2694 4051 προφητευόμενον,
2722 3978 2755 4030 ὁ
2774 3975 2842 4029 ἐκ
2860 3973 3029 4043 ῥίζης
3071 3972 3289 4027 Ἰεσσαί
3317 3968 3660 4036 ἀναστησό-

2070 4089 2289 4143 μενος,
2336 4070 2481 4123 τοῦτ’
2508 4070 2625 4122 ἐστι
2680 4067 2822 4138 μετὰ
2851 4066 2947 4136 τὴν
2978 4066 3042 4118 ἐκ
3072 4062 3283 4134 νεκρῶν
3313 4061 3614 4116 ἀνάστασιν
3641 4098 3659 4124 ,

2074 4161 2232 4236 ἄρξει
2254 4162 2362 4216 τῶν
2398 4160 2593 4214 ἐθνῶν.
2623 4152 2707 4215 υύ
2733 4158 2843 4229 γάρ
2898 4156 3171 4210 ’ῐουδαίων
3199 4154 3353 4208 ἔσται
3386 4151 3663 4224 βασιλεὺς,

2076 4255 2184 4309 οὐδ’
2215 4253 2404 4324 ὥσπερ
2430 4252 2655 4315 όΔαὸὶδ,
2687 4252 2741 4305 οἵ
2776 4268 2836 4303 τε
2870 4248 3061 4304 τούτου
3105 4247 3362 4315 διάδοχοι,
3401 4243 3659 4316 βραχείας

396 4345 483 4395 bet
522 4343 786 4399 scelerata
822 4345 935 4400 vita
989 4346 1290 4417 salsuginis
1329 4348 1503 4402 multa
1533 4348 1701 4404 veluti
1732 4349 1968 4405 ﬂuminis

2079 4347 2224 4411 τινὸς
2272 4345 2511 4412 γωνίας·
2572 4345 2755 4414 πάσης
2800 4342 2857 4396 δὲ
2912 4340 3202 4410 κρατήσει
3241 4338 3344 4407 τῆς
3387 4339 3513 4408 γῆς,
3565 4334 3667 4390 καὶ

395 4433 755 4492 inundatione
804 4437 1110 4493 deleturam
1154 4438 1512 4509 signiﬁcaret.
1569 4438 1727 4496 Stato
1765 4449 1972 4507 autem,

395 4525 492 4587 ait,
523 4536 575 4580 ct
605 4528 911 4595 prophetiis
938 4528 1229 4601 designato
1255 4540 1503 4600 tempore
1531 4531 1776 4600 (quando
1808 4533 1975 4587 nimi-

396 4630 519 4669 rum
562 4634 626 4671 ex
682 4622 916 4676 mortuis
959 4621 1288 4693 surrexerit)
1341 4622 1434 4692 qui
1477 4622 1771 4678 tie-radice
1808 4626 1978 4680 Jesste

396 4724 702 4776 rgrcsaurus
715 4722 816 4775 est.
841 4714 1096 4783 gentibus
1118 4714 1427 4784 imperabit.
1449 4713 1804 4786 Nequaquam
1828 4718 1975 4771 enim

397 4795 492 4850 illo
524 4796 861 4864 Judteorum,
898 4801 1045 4867 quod
1090 4801 1241 4856 brevi
1276 4809 1438 4856 terra:
1481 4804 1682 4873 angulo
1725 4805 1977 4861 contine-

400 4899 490 4944 tur
520 4889 601 4961 (ut
635 4891 799 4946 David
831 4893 985 4959 olim,
1012 4893 1243 4965 ejusque
1283 4894 1513 4964 posteri)
1550 4910 1718 4964 regno
1746 4908 1976 4952 conten-

400 4991 512 5046 tus,
546 4981 665 5037 orbi
693 4984 954 5040 universo
981 4986 1134 5039 solus
1169 4986 1477 5053 imperabit,
1504 4996 1550 5041 et
1592 4987 1677 5056 in;
1700 4987 1814 5054 ipso
1860 5004 1980 5056 spe-

401 5075 595 5129 rabunt
627 5092 804 5130 omnes
838 5092 856 5131 :
889 5076 1348 5144 quemadmodum
1382 5093 1411 5131 a
1467 5076 1616 5141 Mose
1640 5054 1796 5133 Qtlim
1835 5079 1978 5132 scri-

2081 4439 2175 4493 ἐπ’
2228 4435 2391 4502 αὐτῷ
2439 4436 2585 4503 ἔθνη
2639 4433 2965 4489 ἐλπιοῦσιν
3017 4430 3321 4502 συμφώνως
3374 4427 3453 4499 τῷ
3509 4427 3664 4498 παρὰ

2082 4531 2332 4586 Μωῦσεῖ(
2363 4530 2478 4584 Ούκ
2513 4526 2757 4596 ἐκλείψει
2791 4526 2977 4597 ἄρχων
3020 4523 3081 4588 ἐξ
3122 4521 3290 4576 Ἰούδα
3330 4520 3453 4575 οὐδὲ
3494 4519 3665 4591 ήγού-

2088 4637 2248 4690 μενος
2290 4621 2356 4673 ὲκ
2393 4619 2500 4672 τῶν
2541 4618 2731 4689 μηρῶν
2765 4615 2953 4679 αὑτοῦ,
2982 4614 3087 4676 ἓως
3124 4612 3190 4666 ἂν
3214 4612 3341 4682 ἔλθῃ
3364 4604 3408 4678 ᾧ
3437 4611 3665 4663 ἀπόκει-

2082 4728 2196 4766 ται.
2242 4711 2353 4765 Καὶ
2397 4709 2558 4773 αὐτὸς
2596 4708 2748 4762 ἔσται
2805 4704 3102 4778 προσδοκία
3138 4703 3331 4757 ἐθνῶν.
3385 4700 3522 4754 Ἀλλ’
3549 4701 3667 4753 ἐκεῖ

2089 4804 2213 4875 μὲν,
2259 4802 2359 4871 τὴν
2393 4801 2566 4871 φυλὴν
2604 4796 2787 4851 εἰπενο
2817 4796 3056 4851 ἐνταῦθα
3090 4795 3172 4858 δὲ,
3205 4794 3304 4865 τὴν
3336 4790 3573 4863 πατριὰν
3600 4791 3668 4843 ὲκ

2088 4897 2242 4968 ῥίζης
2270 4876 2447 4962 λέγων
2474 4891 2675 4946 Ἰεσσαὶ
2698 4889 2792 4945 τοῦ
2829 4888 3040 4960 [ἰατρὸς
3070 4887 3163 4941 τοῦ
3186 4885 3352 4939 Δαόἱδ
3370 4901 3384 4914 ·
3413 4883 3669 4955 διῄρηντο

2086 4987 2194 5056 γὰρ
2225 4987 2306 5049 εἰς
2337 4983 2575 5055 πατριὰς
2599 4983 2656 5036 αἱ
2693 4980 2876 5050 φυλαί.
2905 4981 2985 5032 Τὰ
3016 4977 3293 5050 τροπικῶς
3320 4975 3377 5029 δὲ
3407 4988 3667 5045 προειρη-

2092 5080 2226 5150 μένα
2258 5076 2446 5147 θηρία,
2473 5075 2569 5130 νῦν
2598 5074 2784 5143 σαφῶς
2812 5072 2960 5139 ἔθνη
2995 5070 3170 5123 καλεῖ.

404 5176 553 5237 ptum
586 5169 837 5238 legimus,
892 5184 998 5222 non
1033 5169 1349 5223 defuturum
1400 5170 1701 5239 principem
1736 5186 1799 5228 ex
1838 5170 2000 5237 Juda,
2044 5185 2220 5241 neque
2254 5169 2446 5224 ducem
2489 5167 2557 5222 de
2592 5165 2798 5222 femore
2843 5163 2985 5234 ejus,
3053 5163 3229 5218 donec
3299 5154 3482 5211 veniat
3523 5153 3669 5221 quod

404 5262 703 5328 repositum
729 5272 807 5317 est
842 5277 854 5313 :
896 5262 1185 5331 ipsumque
1242 5263 1358 5318 fore
1410 5264 1883 5333 exspectationem
1946 5265 2190 5335 gentium
2233 5266 2299 5318 “.
2333 5260 2429 5318 Est
2458 5275 2588 5317 vero
2646 5256 3136 5322 considerandum,
3180 5251 3383 5308 tribum
3420 5264 3450 5302 a
3485 5246 3669 5311 Rose;

479 5382 893 5462 "lJoaunfn,
922 5397 1106 5452 iit-ll.
1185 5397 1229 5427 ²¹
1256 5396 1386 5452 Luc.
1432 5413 1486 5464 ιι,
1525 5396 1611 5451 19.
1691 5396 1736 5427 ”
1762 5394 1899 5449 Gen.
1943 5392 2208 5460 mx,10.

1665 5507 1896 5563 VARIA'J
1930 5506 2335 5564 LECTIONES.

482 5630 510 5676 ι
548 5645 633 5701 ῃκ,
657 5628 815 5704 ὁμοῦ.
900 5628 913 5667 ἱ
941 5647 1027 5703 πρ.
1056 5634 1233 5702 χεῖρα.
1315 5629 1327 5679 i
1365 5646 1450 5701 ῃ).
1473 5631 1538 5701 τῇ
1563 5626 1775 5682 εὐσεϐεῖ
1811 5627 2028 5699 γνώσει.
