4010 6208
342 416 483 487 2049

1442 420 1977 485 COMMENTARII
2020 421 2104 487 IN
2145 426 2430 488 ISAIAM.
2450 472 2458 480 .

3457 430 3609 498 9030

343 541 411 595 ab
440 535 582 592 Isaia
606 540 786 590 autem
806 532 1091 600 familiam,
1128 548 1253 589 cum
1282 533 1453 591 Jcssre
1476 537 1727 591 nominat
1760 535 1982 593 Davidis
2009 522 2313 608 parentem,
2347 539 2645 609 designari.
2674 539 2805 596 Erat
2872 541 3015 596 enim
3084 542 3324 597 tribuum
3397 544 3453 598 in
3515 544 3600 599 la-

341 632 524 686 utitias
557 630 707 701 ipsas
754 627 1061 684 distinctio.
1101 627 1260 699 185
1302 628 1505 685 Verum
1547 647 1670 703 quae
1705 633 1919 703 tropice
1958 644 2118 689 antea
2154 634 2221 690 de
2245 634 2378 690 feris
2411 634 2648 701 dixerat,
2686 636 3007 708 apertejam
3050 638 3115 692 ad
3181 652 3356 708 gentes
3403 641 3604 696 referri

340 720 639 794 signiﬁcat.

411 817 562 871 ’Λντὶ
607 816 662 870 δὲ
704 813 820 882 τοῦ,
857 818 891 870 ό
942 814 1342 885 ἀνιστάμενος
1392 818 1601 887 ἄρχειν
1644 819 1855 883 ἐθνῶν,
1896 823 1907 872 t‘

2102 816 2206 872 Sed
2242 832 2340 887 pro
2379 832 2510 888 quo,
2541 817 2645 882 Qui
2682 818 2950 888 consurgit
2984 825 3039 871 ut
3081 821 3317 889 gentibus
3351 824 3594 894 imperet,

343 912 444 981 μὲν
476 908 713 972 ’Δκύλας
757 908 1045 974 ἐξέδωκεν,
1078 906 1145 974 ὃς
1188 908 1508 964 ἀνίσταται
1550 913 1638 977 εἷς
1675 912 1917 980 σύσση-

333 1018 457 1070 μον
484 998 672 1055 λαῶν’
743 1001 771 1052 ό
821 1000 878 1053 δὲ
919 999 1238 1070 Σύμμαχος.
1285 999 1354 1068 ὃς
1395 1002 1712 1056 ἀνίσταται
1764 1005 1920 1057 σύσ-

338 1109 543 1163 σημον
572 1090 695 1145 τῶν
722 1091 931 1145 ἐθνῶν.
966 1092 1057 1144 Διὸ
1098 1091 1198 1162 τὴν
1246 1094 1519 1164 σφραγίδα
1571 1096 1664 1149 τοῦ
1715 1096 1919 1159 ’πάθους

339 1182 509 1237 αὑτοῦ
566 1181 661 1235 καὶ
707 1179 767 1234 τὸ
804 1181 1073 1251 σωτήριον
1106 1182 1365 1251 σημεῖον
1420 1185 1705 1254 περιφέρει
1733 1188 1800 1240 τὰ
1838 1188 1919 1249 είς

336 1272 505 1328 αὑτὸν
546 1272 695 1341 ἔθνη
741 1273 1168 1325 πεπιστευκότα.
1215 1274 1324 1329 Καὶ
1382 1273 1576 1337 ἔσται,
1633 1277 1817 1346 φησιν,
1876 1276 1914 1343 ἠ

335 1362 687 1429 ἀνάπαυσις
747 1362 937 1417 αὑτοῦ
975 1362 1136 1432 τιμή.
1198 1366 1355 1419 Κατά
1419 1365 1475 1419 δὲ
1524 1366 1757 1420 ’Λκύλαν
1824 1367 1918 1420 καὶ

336 1455 662 1526 Σύμμαχον,
697 1454 866 1518 δόξα.
892 1454 1029 1508 Λίαν
1047 1455 1355 1521 ἀκολούθως
1381 1460 1448 1529 τῇ
1478 1458 1576 1527 τῆς
1602 1459 1916 1528 οἰκονομίας

334 1546 481 1617 ἀρχῇ
504 1562 564 1599 τε
602 1546 694 1600 καὶ
730 1546 938 1616 μέσοις,
971 1547 1064 1599 καὶ
1092 1546 1152 1599 τὸ
1186 1547 1339 1612 τέλος
1381 1550 1566 1602 ὁποῖον
1619 1548 1791 1614 ἔσται,
1822 1550 1916 1619 δη-

332 1636 445 1689 λῶν
473 1651 487 1664 ·
517 1636 748 1691 θάνατον
782 1636 881 1706 μὲν
929 1637 990 1689 οὐ
1024 1637 1213 1707 λέγων.
1252 1632 1439 1704 αὑτοῦ,
1478 1639 1827 1695 ἀνάπαυσιν
1856 1641 1914 1694 δέ

330 1731 434 1784 καί
460 1730 661 1800 τιμὴν,
692 1729 830 1802 πρὸς
879 1731 1050 1803 βραχὺ
1092 1732 1186 1787 τοῦ
1215 1734 1465 1804 σώματος
1509 1735 1910 1806 ἠρεμήσαντος,

328 1823 359 1875 ὅ
382 1821 450 1893 δὴ
479 1821 634 1884 τέλος
659 1822 758 1891 τῆς
781 1824 861 1885 είς
885 1822 1210 1894 ἀνθρώπους
1229 1826 1563 1898 οίκονομίας.
1587 1827 1781 1896 Ἔλεγε
1805 1828 1914 1899 γὰρ

327 1914 471 1985 πρὸς
508 1913 600 1968 τὸν
652 1914 904 1986 Πατέρα·
947 1934 966 1968 ι
992 1916 1195 1987 Πάτερ,
1229 1917 1453 1982 δόξασον
1498 1936 1564 1989 με
1595 1922 1661 1991 τῇ
1700 1914 1912 1995 δόξῃ,ᾖ

326 2006 478 2080 εἶχον
511 2009 616 2082 πρὸ
637 2008 732 2063 τοῦ
780 2010 870 2065 τὸν
925 2012 1130 2082 κόσμον
1176 2008 1316 2066 εἶναι
1357 2014 1507 2085 παρὰ
1554 2016 1655 2072 σοί.
1695 2034 1712 2068 ι
1757 2016 1914 2070 Δεδόα

327 2101 528 2164 εασται
549 2100 658 2174 γὰρ
681 2102 772 2156 τὸν
796 2102 938 2175 ὑπὲρ
967 2104 1127 2174 ἡμῶν
1154 2104 1455 2173 ὑπομείνας
1485 2107 1740 2176 σταυρὸν,
1774 2108 1911 2178 πρὸς

2020 908 2308 973 habemus,
2349 907 2456 973 Qui
2477 910 2752 979 consurgit
2784 909 2837 962 in
2873 910 3080 979 signum
3120 914 3433 979 populorum
3468 917 3597 971 red-

2019 1000 2230 1055 didisse
2276 999 2689 1071 Symmachum,
2733 1001 2989 1071 Aquilam
3016 1009 3199 1055 autem
3232 1006 3464 1073 gentium
3509 1022 3594 1062 res

2020 1092 2200 1160 pet-ias
2231 1106 2245 1153 ;
2278 1089 2512 1159 indeque
2546 1091 2683 1153 lieri,
2722 1092 3135 1162 utquotquotitt
3166 1090 3444 1149 Christum
3468 1112 3593 1165 gen-

2021 1189 2094 1234 tes
2150 1193 2202 1235 et
2228 1180 2415 1251 populi
2453 1182 2824 1248 crediderunt,
2847 1199 3039 1239 omnes
3068 1186 3269 1241 mortis
3295 1186 3414 1256 ejus
3444 1190 3588 1241 salu-

2019 1280 2135 1326 tare
2183 1274 2394 1344 signum
2427 1284 2647 1344 gestare
2687 1273 2992 1331 videamus.
3020 1275 3088 1329 Et
3122 1279 3244 1341 erit,
3282 1278 3456 1345 addit,
3510 1297 3591 1333 re-

2015 1362 2162 1429 quies
2197 1361 2318 1428 eius
2349 1362 2540 1428 honor,
2569 1362 2673 1425 vel,
2702 1371 2759 1416 ut
2794 1361 3121 1433 Symmacho
3154 1375 3208 1419 et
3238 1366 3447 1436 Aquila:
3483 1370 3599 1437 pla-

2016 1460 2123 1517 cet,
2156 1454 2336 1522 gloria
2374 1468 2393 1507 :
2425 1453 2681 1523 apposite
2721 1457 2969 1524 profecto
3001 1456 3236 1513 maxime
3263 1458 3330 1513 ad
3371 1472 3594 1515 ωροιιο·

2017 1543 2142 1596 mite
2174 1544 2464 1614 principia,
2498 1544 2567 1599 ad
2603 1546 2809 1610 media,
2839 1546 2907 1600 ad
2940 1547 3100 1600 linem
3132 1547 3387 1618 denique,
3427 1566 3591 1619 quem

2016 1635 2107 1688 illa
2131 1644 2277 1691 esset
2321 1636 2600 1701 habitura,
2628 1636 3047 1707 signiﬁcandum
3083 1657 3097 1694 :
3134 1653 3257 1693 cum
3295 1655 3403 1695 non
3445 1657 3591 1695 mor-

2018 1732 2125 1780 tem
2153 1726 2372 1797 quidem
2394 1727 2590 1797 ipsius,
2623 1730 2717 1783 sed
2744 1730 2972 1798 requiem
3000 1740 3048 1783 et
3073 1729 3324 1783 honorem
3351 1731 3590 1803 (requie-

2016 1828 2205 1875 scente
2250 1819 2507 1874 nimirum
2562 1819 2628 1874 ad
2678 1820 2842 1876 breve
2888 1819 3163 1891 quoddam
3209 1829 3424 1893 tempus
3472 1824 3589 1893 ejus

2020 1907 2274 1981 corpore)
2308 1910 2560 1965 ostendat
2594 1927 2608 1976 ;
2642 1911 2733 1979 qui
2765 1911 2886 1981 ejus
2908 1911 3052 1966 inter
3087 1912 3342 1968 homines
3370 1927 3589 1967 oecono-

2015 1998 2140 2054 miae
2163 1999 2286 2054 linis
2304 2000 2536 2054 habetur
2563 2000 2808 2054 ultimus.
2838 1998 2928 2055 Sic
2944 2001 3092 2056 enim
3112 2001 3326 2057 Patrem
3350 2005 3588 2072 ευιιιριί-

2014 2091 2157 2148 lasse
2194 2093 2426 2163 legimus
2457 2111 2469 2146 :
2498 2113 2516 2145 ι
2541 2090 2725 2157 Pater,
2757 2093 2999 2165 gloriﬁca
3027 2109 3111 2149 me
3130 2109 3193 2149 ea
3213 2094 3404 2165 gloria,
3424 2110 3584 2163 quam

326 2191 386 2244 δν
422 2170 638 2263 χωρῶν,
678 2192 759 2259 τδ,
815 2170 1049 2259 Δόέασόν
1085 2212 1175 2266 με,
1208 2170 1342 2266 πρὸς
1371 2196 1462 2250 τὸν
1498 2170 1906 2269 Πατέρα-φησί,

2013 2185 2302 2252 habebam,
2342 2195 2636 2256 antequam
2669 2185 2907 2241 mundus
2934 2193 3198 2250 exstaret,
3225 2170 3364 2257 apud
3400 2197 3447 2242 te
3484 2186 3578 2239 ".i

327 2285 445 2337 Kal
471 2284 665 2340 πάλιν*
689 2303 708 2336 ι
735 2284 851 2338 Νῦν
881 2285 1142 2356 ἐδοξάσθη
1176 2286 1204 2340 ό
1233 2286 1360 2351 Υίὸς
1404 2286 1498 2340 τοῦ
1543 2287 1854 2360 ἀνθρώπου,
1884 2308 1903 2342 ι

325 2375 428 2426 καὶ
452 2372 521 2426 τὰ
546 2371 696 2443 ἑξῆς.
715 2375 794 2446 Τῇ
825 2376 923 2446 μὲν
953 2374 1061 2445 γάρ
1078 2377 1334 2439 ἀπονοίας
1366 2375 1476 2429 τῶν
1495 2377 1906 2449 τολμησάντων,

327 2464 530 2534 μῶμος
553 2459 643 2535 ἦν,
667 2468 733 2536 τῇ
755 2465 812 2518 δὲ
835 2466 1151 2530 ἀναστάσει,
1179 2467 1316 2537 πρὸς
1339 2467 1518 2532 δόξαν
1545 2469 1906 2541 κατήντησεν.

324 2557 407 2609 οὐ
437 2557 548 2627 γὰρ
578 2552 667 2627 ἦν,
700 2556 893 2629 ὥσπερ
920 2558 1164 2621 ἐδόκουν,
1193 2558 1253 2610 τὸ
1299 2559 1468 2622 πάθος
1502 2560 1776 2615 ἀκούσιον.
1799 2561 1909 2615 Καὶ

322 2647 548 2711 ἄλλως·
589 2647 965 2716 Ἀνάπαυσις
1016 2650 1154 2721 αὑτὴ
1212 2651 1480 2723 Χριστοῦ,
1534 2653 1573 2719 ἡ
1609 2653 1747 2723 τιμὴ
1799 2655 1907 2707 τῶν

320 2743 617 2811 τιμώντων
650 2742 833 2794 αὐτόν.
868 2743 947 2795 Δι’
976 2735 1051 2795 ὧν
1088 2742 1407 2812 ὁμολογοῦσι
1433 2745 1604 2813 Λόγον
1635 2745 1767 2799 Θεοῦ
1813 2747 1907 2799 καὶ

323 2832 527 2901 σοφίαν
557 2833 655 2885 καὶ
706 2834 934 2904 δύναμιν
976 2833 1073 2904 τὴν
1124 2834 1258 2902 πρὸς
1297 2834 1389 2887 τὸν
1436 2836 1654 2906 Πατέρα
1707 2836 1906 2906 σημαί-

321 2940 513 2986 νοντες
544 2925 816 2992 ὁμοφυῗαν
851 2942 909 2977 τε
954 2926 1047 2979 καὶ
1078 2926 1375 2997 ὀμοτιμίαν
1405 2928 1496 2979 καὶ
1542 2926 1774 2997 ὕπαρξιν
1807 2930 1904 2998 τὴν

322 3012 527 3066 ἀΐδιον.
561 3012 757 3080 Λέγοις
787 3012 835 3065 δ’
858 3013 926 3067 ἂν
961 3013 1331 3079 ἀνάπαυσιν,
1373 3017 1466 3067 καὶ
1499 3019 1585 3085 ἣν,
1612 3018 1904 3073 ἀναπαύει

319 3104 450 3166 τοὺς
477 3103 811 3171 ἀγαπῶντας
863 3106 1047 3161 αὐτόν.
1103 3108 1262 3161 Κατὰ
1316 3109 1376 3161 τὸ
1427 3109 1582 3181 ἄλλη,
1621 3111 1758 3173 Τοὺς
1804 3112 1903 3181 ἐμὲ

320 3195 661 3269 ἀγαπῶντας
718 3196 948 3261 δοξάζω.
984 3198 1141 3251 Ἐστι
1193 3201 1302 3271 γὰρ
1341 3203 1376 3270 ἡ
1417 3202 1781 3269 ἀνάπαυσις.
1836 3205 1902 3275 ἦν

318 3281 624 3336 ἀναπαύει
680 3283 910 3354 Κύριος,
977 3286 1149 3356 τιμή·
1183 3288 1305 3359 ἥτις
1367 3292 1509 3344 κατὰ
1554 3292 1652 3361 τὴν
1700 3292 1903 3347 δικαιο-

320 3374 546 3443 κρισίαν
579 3372 672 3429 τοῦ
703 3376 839 3429 Θεοῦ
871 3378 1006 3448 πρὸς
1029 3379 1128 3447 τὴν
1165 3379 1279 3432 τῶν
1303 3384 1712 3452 πεπραγμένων
1748 3383 1903 3447 ἀξίαν

319 3465 808 3538 διανεμηθήσεται.
842 3468 1040 3522 Πολλαὶ
1070 3470 1177 3539 γὰρ
1204 3471 1365 3539 μοναὶ
1395 3475 1545 3542 παρά
1574 3473 1650 3543 τῷ
1673 3473 1900 3543 Πατέρι.
1927 3498 1972 3562 C

319 3557 432 3610 Καὶ
464 3557 645 3630 ἀστὴρ
684 3559 913 3631 ἀστέρος
954 3560 1199 3632 διαφέρει
1235 3564 1292 3615 ἐν
1341 3561 1486 3636 δόξῃ.
1518 3563 1808 3617 Κάνταῦθα
1843 3564 1898 3617 δὲ

318 3646 400 3716 οἷς
463 3654 689 3719 ἐνοικεῖ,
741 3654 962 3725 τιμίους
1024 3657 1236 3721 πάντας
1282 3662 1444 3713 ποιεῖ.
1488 3657 1617 3712 Ἐὰν
1667 3662 1774 3731 γάρ
1816 3677 1900 3725 τις

318 3745 556 3818 ἀκούσῃ,
594 3749 749 3817 φησὶ,
804 3749 913 3803 τῶν
958 3750 1133 3819 λόγων
1181 3769 1305 3822 μου,
1338 3753 1616 3822 ἀγαπήσει
1667 3753 1828 3805 αὑτὸν
1870 3755 1898 3805 ό

318 3834 516 3905 Πατήρ
536 3854 659 3904 μου,
685 3838 777 3890 καὶ
800 3838 937 3908 πρὸς
966 3839 1125 3891 αὑτὸν
1156 3839 1515 3910 ἐλευσόμεθα,
1546 3840 1639 3893 καὶ
1670 3842 1726 3891 ἐν
1748 3838 1897 3908 αὐτῷ

317 3926 723 3999 καταλύσομεν.
766 3930 1198 3997 Ἀναστήσεται
1227 3933 1405 3985 τοίνυν
1425 3933 1485 3984 οὑ
1524 3932 1658 4002 πρὸς
1680 3932 1740 3985 τὸ
1770 3949 1900 3985 κατ-

2013 2276 2108 2330 Est
2141 2276 2285 2332 enim
2329 2292 2492 2331 cruce
2534 2277 2709 2331 nostri
2757 2292 2924 2331 causa
2961 2278 3188 2332 tolerata
3215 2277 3588 2349 gloriﬁcatus;

2012 2369 2080 2423 ad
2142 2383 2302 2439 quam
2355 2384 2480 2424 cum
2527 2369 2705 2424 libens
2736 2377 3008 2438 pergeret,
3061 2383 3091 2421 a
3135 2367 3297 2424 Patre
3342 2370 3620 2438 seipsum'

2012 2460 2309 2529 gloriﬁt-ari
2379 2459 2700 2529 postulavit.
2767 2456 2974 2511 Eodem
3014 2465 3227 2525 spectat
3277 2465 3331 2512 et
3393 2458 3527 2511 illud
3568 2473 3587 2509 τ

2015 2569 2034 2601 ¢
2076 2549 2233 2605 Nunc
2267 2550 2608 2619 gloriﬁcatus
2639 2558 2727 2604 est
2758 2545 2931 2602 Filius
2962 2547 3197 2601 hominis
3226 2548 3291 2613 “,
3328 2566 3346 2599 ι
3382 2556 3435 2603 et
3465 2565 3592 2617 quae

2008 2641 2286 2710 deinceps.
2315 2638 2498 2695 Sanna
2532 2640 2679 2693 enim
2719 2648 2771 2694 et
2805 2639 3125 2706 ludibrium,
3159 2638 3204 2693 si
3240 2654 3458 2707 eorum,
3487 2641 3585 2710 qui

2011 2733 2137 2786 talia
2159 2733 2276 2788 ausi
2302 2739 2431 2786 sunt
2463 2726 2759 2786 amentiam
2788 2732 3045 2798 intueris,
3074 2731 3303 2787 exstitit.
3333 2730 3438 2787 Sed
3469 2735 3589 2802 glo-

2006 2824 2091 2878 ria
2132 2824 2595 2879 resurrectionem
2628 2832 2816 2878 secuta
2847 2830 2951 2879 est.
2983 2823 3178 2893 Neque
3206 2823 3373 2888 enim,
3408 2832 3465 2877 ut
3489 2839 3588 2877 co-

2006 2931 2127 2970 rum
2160 2915 2370 2971 ferebat
2402 2916 2616 2988 opinio,
2645 2924 2877 2971 mortem
2903 2916 3115 2972 invitus
3136 2917 3382 2987 Oppetiit.
3414 2916 3511 2971 Est
3532 2925 3586 2971 et

2008 3009 2170 3061 aliter
2199 3006 2407 3062 Christi
2447 3008 2672 3077 requies,
2720 3007 2890 3061 honor
2921 3008 3032 3073 ille,
3077 3008 3169 3078 qui
3212 3017 3265 3063 et
3309 3006 3376 3061 ah
3410 3007 3591 3078 ipsius

2005 3099 2253 3154 defertur
2279 3100 2630 3166 cultoribus;
2658 3114 2781 3153 cum
2816 3099 3059 3155 Verbum
3084 3097 3200 3163 Dei,
3238 3098 3469 3168 ejusque
3497 3115 3585 3153 sa-

2006 3192 2269 3261 pientiam
2317 3200 2372 3245 et
2425 3191 2704 3254 virtutem,
2742 3199 2797 3245 et
2845 3205 3011 3261 quam
3055 3205 3180 3244 cum
3205 3189 3369 3245 Patre
3420 3191 3584 3246 habet

2006 3294 2215 3336 natura:
2262 3283 2427 3337 simul
2467 3290 2522 3338 et
2570 3282 2760 3354 gloriae
2804 3282 3281 3350 communionem,
3320 3292 3583 3337 aeternam

2004 3374 2241 3445 denique
2278 3376 2656 3431 exsistentiam
2683 3415 2698 3441 ,
2724 3375 3079 3445 agnoscimus
3128 3383 3181 3429 et
3237 3377 3582 3445 prolitemur.

2007 3464 2169 3519 Potes
2188 3476 2241 3520 et
2281 3467 2532 3535 requiem,
2566 3482 2672 3535 qua
2707 3464 2817 3519 Deo
2847 3463 3035 3519 dilecti
3070 3462 3350 3528 fruuntur,
3384 3464 3585 3517 intelli-

2007 3568 2171 3628 gere:
2202 3564 2259 3610 ut
2297 3557 2426 3611 alibi
2458 3573 2576 3620 eos,
2616 3572 2646 3611 a
2681 3557 2883 3627 quibus
2934 3556 3207 3626 diligitur,
3244 3557 3583 3626 gloriﬁt-atu-

2007 3668 2129 3706 rum
2163 3658 2400 3706 testatus
2429 3660 2535 3706 est.
2565 3648 2739 3716 Quem
2779 3650 2924 3705 enim
2958 3649 3208 3703 honorem
3230 3657 3448 3718 praestat
3477 3647 3581 3703 ἰ)οη

2006 3743 2211 3805 minus,
2260 3743 2490 3811 requiem
2525 3741 2893 3810 appellamus;
2932 3740 3296 3810 cumdemqtte
3333 3757 3431 3795 nos
3474 3741 3580 3795 isto

2004 3834 2099 3890 Dei
2134 3835 2344 3904 judicio
2398 3849 2497 3905 pro
2553 3844 2832 3906 gestorum
2850 3834 3147 3915 ’dignitate
3193 3835 3346 3889 decet
3386 3849 3579 3902 exspe-

2003 3937 2184 3992 ctare;
2223 3942 2344 3981 cum
2385 3927 2496 3982 sint
2526 3926 2668 3995 apud
2697 3924 2912 3979 Patrem
2955 3927 3139 3979 multa:
3161 3926 3473 3978 mansiones
3501 3926 3578 3987 ἐς

316 4018 485 4087 ἁρξαι
523 4020 683 4090 μόνον
717 4022 906 4077 ἐθνῶν.
952 4023 1113 4077 Ἀλλά
1179 4026 1288 4095 γὰρ
1329 4024 1421 4077 καὶ
1463 4025 1543 4088 είς
1580 4024 1756 4093 τιμὴν
1804 4023 1899 4077 καὶ

2013 4032 2126 4072 cum
2163 4016 2321 4071 stella
2352 4030 2382 4069 a
2417 4014 2576 4071 stella
2610 4013 2785 4084 gloria
2817 4013 3034 4068 dill‘erat
3063 4031 3075 4067 :
3113 4027 3238 4067 cum
3274 4014 3577 4068 omncsde-

316 4108 531 4177 δόξαν,
563 4113 743 4177 αὐτοῖς
784 4116 1056 4186 χαριεῖται
1091 4114 1190 4185 τὴν
1232 4115 1289 4171 ἐν
1335 4114 1517 4179 αὐτοῖς
1547 4116 1573 4155 k
1620 4114 1893 4169 ἀνάπαυ-

2013 4108 2190 4178 nique,
2244 4107 2298 4161 in
2342 4107 2543 4178 quibus
2594 4105 2713 4174 ipse
2760 4104 3054 4172 inhabitat,
3108 4103 3319 4159 honore
3356 4103 3576 4159 alliciat.

316 4211 444 4253 σιν.
2008 4220 2028 4255 ι
2066 4199 2333 4271 Quisquis
2367 4199 2538 4266 enim,
2567 4199 2665 4263 ait,
2695 4199 2860 4254 verba
2894 4214 3013 4253 mea
3060 4198 3352 4263 audiverit,
3392 4198 3584 4270 diliget

318 4308 448 4348 eum
477 4293 642 4351 Pater
669 4312 842 4366 mens,
875 4309 929 4355 et
962 4301 1029 4355 ad
1071 4304 1250 4371 ipsum
1305 4300 1607 4368 veniemus,
1643 4308 1698 4356 et
1746 4297 2090 4355 mansionem
2140 4295 2283 4367 apud
2325 4309 2450 4349 eum
2525 4293 2791 4348 faciemus
2821 4293 2888 4345 ".
2937 4311 2956 4344 ι
3043 4294 3205 4366 186
3285 4291 3583 4363 Consurget

314 4399 472 4456 ergo,
510 4400 620 4441 non
655 4396 713 4443 ut
747 4393 998 4459 gentibus
1033 4394 1209 4449 solum
1243 4394 1492 4464 imperet,
1521 4395 1617 4451 sed
1645 4402 1704 4449 ut
1729 4393 1978 4449 honorem
2012 4391 2145 4462 ipsis
2172 4398 2227 4446 et
2252 4388 2504 4458 gloriam,
2570 4402 2842 4459 quantque
2906 4387 3021 4457 ipse
3085 4388 3266 4452 habet,
3348 4388 3589 4457 requiem
3684 4424 3693 4435 .

315 4474 619 4546 largiatur.

387 4587 563 4642 ιιι-ιδ’.
600 4585 708 4641 Καὶ
773 4585 946 4640 ἔσται
994 4585 1069 4655 τῇ
1106 4586 1295 4656 ἡμέρᾳ
1324 4586 1901 4658 ἐκείνῃοπροσθήσει

313 4682 348 4734 ὀ
375 4679 600 4748 Κύριος
619 4678 725 4732 τοῦ
747 4676 936 4742 δεῖξαι
963 4677 1077 4746 τὴν
1105 4677 1271 4746 χεῖρα
1299 4680 1614 4741 αὐτοῦτοῦ
1638 4678 1901 4748 ζηλῶσαι

311 4770 381 4824 τό
408 4768 813 4838 καταλειφθὲν
848 4769 1190 4824 ὑπόλοιπον
1221 4768 1328 4823 τοῦ
1363 4767 1540 4839 λαοῦ,
1577 4770 1609 4825 ὃ
1648 4771 1758 4825 ἐὰν
1798 4790 1901 4828 κα-

310 4858 607 4929 ταλειφθῇ
632 4860 750 4913 ἀπὸ
779 4859 896 4914 τῶν
916 4861 1275 4929 Ἀσσυρίων,
1307 4862 1402 4915 καὶ
1435 4861 1552 4916 ἀπὸ
1573 4864 1894 4932 Αἰγύπτου,

312 4952 414 5005 καί
440 4953 562 5008 ἀπὸ
592 4952 974 5020 Βαϐυλῶνος,
1009 4955 1107 5009 καί
1131 4955 1248 5009 ἀπὸ
1284 4957 1617 5024 Αἰθιοπίας,
1654 4956 1752 5012 καὶ
1777 4957 1896 5012 ἀπὸ

323 5043 683 5113 Ἐλαμιτῶν,
733 5044 835 5099 καί
886 5046 1002 5100 ἀπὸ
1050 5046 1231 5114 ἡλίου
1276 5046 1621 5113 ἀνατολῶν,
1667 5049 1762 5103 καί
1826 5049 1897 5114 ἐξ

325 5135 627 5203 Ἀραϐίας,
662 5153 716 5190 κ.
743 5154 794 5191 τ.
820 5137 869 5192 λ.

379 5229 624 5298 Μνήμην
667 5229 767 5301 τῆς
799 5230 907 5283 τῶν
947 5230 1117 5286 ἐθνῶν
1152 5230 1514 5302 ποιησάμενος
1554 5231 1786 5297 πίστεως
1817 5235 1899 5297 είς

310 5319 405 5372 τὸν
431 5321 498 5372 ἐκ
524 5321 684 5391 ῥίζης
710 5323 932 5388 Ἰεσσαὶ,
972 5322 1070 5377 καὶ
1103 5322 1199 5375 τοῦ
1233 5323 1341 5376 τῶν
1381 5323 1652 5378 Ἰουδαίων
1683 5324 1896 5395 μέμνη-

2073 4592 2243 4647 Vsns.
2276 4590 2468 4646 H-M.
2521 4587 2591 4643 Et
2618 4589 2718 4644 erit
2768 4588 2854 4643 die
2897 4588 2996 4643 illa
3025 4589 3287 4658 :Adjiciet
3317 4589 3587 4647 Dominae

2002 4685 2279 4739 ostendere
2301 4698 2519 4737 manum
2552 4698 2728 4742 suam.
2760 4690 2817 4734 ut
2845 4683 3125 4736 wmuletur
3149 4682 3456 4751 superstites
3489 4699 3581 4737 re-

2002 4777 2199 4847 liquias
2239 4776 2443 4846 populi,
2476 4791 2593 4845 qum
2624 4774 2987 4844 relinquentur
3021 4774 3086 4828 ab
3120 4778 3377 4849 Assyriis,
3425 4787 3476 4831 et
3509 4777 3584 4830 ab

2000 4866 2258 4938 zEgypto,
2289 4879 2336 4921 et
2370 4885 2401 4921 a
2433 4865 2724 4937 Babylone,
2758 4873 2806 4919 et
2830 4865 2896 4918 ab
2937 4864 3238 4935 .Ethiopia,
3269 4876 3318 4919 et
3350 4867 3413 4921 ab
3447 4868 3600 4922 Ela-.

2002 4960 2172 5027 mitis,
2204 4969 2254 5013 et
2295 4959 2360 5012 ab
2395 4971 2515 5012 ortu
2548 4959 2701 5024 solis,
2728 4966 2776 5012 et
2809 4956 2874 5011 ab
2903 4956 3142 5023 Arabia,
3180 4967 3290 5014 etc.

2071 5230 2209 5296 Quia
2237 5229 2305 5284 de
2324 5229 2567 5299 gentium
2589 5228 2694 5284 lide
2719 5230 2773 5284 in
2800 5245 2947 5296 eum,
2970 5230 3064 5300 qui
3097 5231 3163 5285 de
3190 5231 3374 5285 radice
3402 5228 3579 5289 lessus

1997 5322 2320 5392 proditurus
2341 5319 2540 5383 fuerat,
2570 5321 2901 5375 mentionem
2920 5320 3160 5387 fecerat;
3193 5331 3243 5376 et
3257 5320 3577 5382 Iudaeorum

310 5424 403 5461 ται
427 5412 650 5479 μέρους.
691 5412 777 5476 Ὠς
816 5413 883 5467 ἂν
925 5415 1001 5483 μὴ
1033 5412 1161 5486 δόξῃ
1188 5414 1397 5479 τούτοις
1444 5415 1544 5487 τὴν
1589 5415 1894 5487 παρουσίαν

2013 5415 2139 5470 ricis
2166 5415 2269 5469 hoc
2313 5414 2435 5467 loco
2466 5426 2572 5467 non
2603 5411 2990 5479 obliviscitur;
3033 5429 3100 5470 ne
3128 5424 3181 5470 et
3208 5416 3333 5472 istis
3363 5416 3581 5475 inutilis

387 5583 437 5615 “
476 5586 645 5641 Joan.
688 5605 823 5655 sm,
866 5591 921 5646 5.
1000 5593 1045 5625 "
1079 5591 1238 5649 Joan.
1275 5610 1391 5655 χιιι.
1422 5594 1511 5649 3i.
1591 5593 1637 5625 "
1672 5591 1833 5646 Joan.
1866 5605 1979 5657 xw,
2008 5591 2063 5644 2.
2140 5588 2186 5619 “
2221 5589 2353 5646 ibid.
2386 5589 2477 5645 25.

1599 5715 1839 5772 νΑιιιΑε
1870 5709 2271 5772 LECTIONES.

391 5817 417 5857 ⁸
459 5838 538 5890 1p.
572 5822 741 5893 αὐτῷ.
1506 5867 1513 5873 .
1576 5839 1582 5845 ‘
2520 5852 2549 5879 ο
