4030 6200
344 355 497 420 2053

1481 353 2012 414 COMMENTARII
2041 357 2122 414 IN
2149 356 2432 418 ISAIAM.

3488 358 3630 431 2954

348 471 556 533 παντὸς
587 469 668 532 εἰς
711 470 770 521 τὸ
818 467 986 539 μέσον
1021 468 1470 538 συναπτομένων,
1517 469 1612 524 καὶ
1642 471 1742 540 τῆς
1768 471 1826 523 ἔν
1859 469 1919 540 τι]

2045 485 2209 540 quam
2231 469 2460 526 dubium
2493 483 2614 524 esse
2647 475 2852 538 potest,
2890 469 2982 538 qui
3014 469 3070 523 in
3123 470 3426 528 Salvatoris
3455 473 3622 527 verl‘a

355 563 508 632 μέσῳ
527 559 813 628 δυνάμεως
831 558 970 628 πρὸς
990 560 1060 611 τὰ
1081 559 1322 630 τέσσαρα
1342 559 1485 631 μέρη
1508 560 1938 630 περατουμένης.

353 654 610 722 Τετραχῆ
639 649 751 720 γὰρ
779 649 876 702 τοῦ
904 649 1142 722 σταυροῦ
1176 653 1243 704 τὰ
1277 653 1418 722 μέρη
1447 651 1721 722 διῄρηται,
1765 651 1832 706 δι’
1877 646 1940 708 δῦ

335 741 722 810 συνάγονται
742 741 974 812 δύναμιν
989 741 1206 812 ἔχοντος
1226 741 1618 814 καθαιρετικὴν
1643 744 1828 815 ἀρχῶν
1844 746 1940 798 καὶ

335 831 636 896 ἐξουσιῶν,
666 831 734 900 ἃς
759 833 817 884 ὲν
848 831 926 902 τῷ
951 831 1092 900 ξύλῳ
1116 834 1564 905 ἀπεκδυσάμενος
1601 835 1939 906 ἐθριάμϐευ-

339 941 481 978 ’σενο
502 923 530 977 6
551 923 614 993 δὴ
642 923 846 993 νοήσας
879 923 908 974 6
931 926 996 977 ὲκ
1022 924 1130 977 τῶν
1157 926 1517 980 ἀπολωλότων
1543 926 1763 997 Ἰσραὴλ
1793 926 1938 980 Παῦ-

351 1018 447 1080 λός
475 1030 662 1086 φησιν·
703 1014 859 1084 Ἐμοὶ
880 1015 936 1067 δὲ
963 1014 1036 1085 μὴ
1061 1016 1275 1084 γένοιτο
1315 1017 1646 1086 καυχᾶσθαι,
1684 1019 1733 1070 εἰ
1764 1017 1838 1089 μὴ
1881 1019 1937 1072 ὲν

349 1108 429 1178 τῷ
457 1106 676 1177 σταυρῷ
699 1105 1065 1176 τοῦλΧριστοῦ
1088 1123 1103 1138 °
1139 1109 1206 1160 ὲκ
1261 1109 1321 1160 δὲ
1361 1109 1462 1178 τῆς
1499 1109 1759 1180 ἱστορίας,
1792 1108 1936 1180 πρά·
1980 1179 1987 1186 _

349 1215 562 1269 γματος
583 1199 776 1270 νοητοῦ
807 1199 884 1270 τῷ
911 1199 1166 1270 προφήτῃ
1198 1199 1422 1266 γέγονεν
1453 1201 1701 1271 ἀφορμή.
1719 1201 1804 1263 Ὡς
1829 1201 1936 1272 γὰρ

348 1291 571 1355 ἁλόντες
591 1290 934 1366 αἰχμάλωτοι
971 1289 1207 1355 Ἰούδας
1230 1289 1328 1343 καί
1363 1291 1609 1359 Epp-am
1631 1331 1648 1354 ,
1685 1286 1804 1344 εἶτα
1841 1309 1935 1344 τυ-

349 1385 538 1452 χόντες
559 1383 828 1451 ἀφέσεως,
851 1381 1038 1436 οὐκέτι
1055 1381 1402 1452 διηρῃμένως
1421 1383 1772 1453 κατῴκησαν,
1799 1383 1936 1438 ἀλλά

348 1475 556 1536 πάντες
579 1476 636 1526 ὲν
668 1473 1024 1544 Ἰερουσαλὴμ
1051 1474 1250 1544 μηκέτι
1276 1475 1692 1545 μεμερισμένην
1721 1475 1936 1545 ἔχοντες

345 1567 450 1633 τὴν
477 1563 672 1634 ἀρχὴν,
699 1565 815 1618 ἀλλ’
843 1567 924 1628 εἰς
963 1565 1061 1618 ἕνα
1108 1565 1308 1628 πάντες
1349 1565 1657 1634 Ζοροϐαϐὲλ
1700 1567 1792 1620 τὸν
1837 1565 1932 1620 τοῦ

343 1657 630 1726 Σαλαθιήλ
656 1659 720 1710 ἐκ
745 1656 1066 1728 σπέρματος
1089 1657 1220 1712 ὄντα
1243 1657 1408 1710 Δα6“ιδ
1427 1659 1522 1711 καὶ
1547 1657 1718 1726 φυλῆς
1737 1643 1929 1726 Ἰούδα,

347 1752 445 1802 καὶ
474 1748 683 1818 Ἰησοῦν
711 1750 803 1803 τὸν
825 1749 920 1805 τοῦ
949 1749 1196 1802 Ἰωσεδὲκ
1229 1750 1324 1802 καὶ
1352 1749 1614 1820 ἀρχιερέα
1637 1750 1934 1819 τυγχάνον-

339 1831 437 1895 ira.
467 1841 623 1894 Οὕτω
647 1841 743 1894 νῦν
778 1841 1154 1914 ἐγηγερμένον
1185 1841 1278 1894 τοῦ
1307 1841 1490 1912 τιμίου
1531 1841 1786 1912 σταυροῦ,
1839 1844 1932 1912 γέ·-

345 1937 504 1998 γονεν
542 1932 738 2001 ἄφεσις
757 1932 864 1986 τῶν
889 1934 946 1985 ὲν
966 1933 1317 2004 οιῑκμοιλωττίςι
1344 1935 1409 2003 τῇ
1435 1937 1624 2010 vovi].
1655 1935 1928 2007 συνδρομή

343 2039 404 2074 τε
433 2022 654 2076 πάντων
679 2025 758 2086 εἰς
787 2023 1018 2094 ἑνότητα
1047 2024 1306 2088 πίστεως,
1343 2025 1436 2078 καὶ
1461 2025 1570 2079 τῶν
1598 2026 1930 2096 ἀκαθάρτων

347 2113 673 2181 πνευμάτων
699 2113 1134 2184 ἀπηλλαγμένοι,
1167 2115 1248 2178 εἰς
1271 2107 1371 2186 τὴν
1411 2115 1744 2188 Ἐκκλησίαν
1790 2118 1929 2189 Χρι-

333 2202 496 2269 στοῦ,
529 2203 630 2274 τὴν
664 2204 860 2274 νοητὴν
897 2204 1196 2275 συνῆλθον,
1241 2205 1400 2271 Σιὼν,
1439 2207 1610 2275 ἤγουν
1651 2207 1924 2280 Ἰερουσα-

329 2292 478 2364 λὴμ,
507 2295 596 2364 ὑφ’
634 2295 730 2348 ἕνα
756 2295 1041 2360 τελοῦντες
1085 2295 1309 2366 βασιλέα
1346 2298 1604 2368 Χριστὸν,
1648 2293 1712 2352 οὗ
1761 2299 1930 2364 τύπος

339 2387 370 2436 6
402 2385 714 2455 Ζοροϐαϐὲλ
751 2387 815 2438 ὲκ
871 2385 972 2455 τῆς
1013 2385 1792 2460 αἰχμαλωσίας-ἀνακομίζων
1837 2388 1926 2442 τὸν

353 2475 596 2546 Ἰσραὴλ,
631 2476 726 2529 καὶ⁵
761 2476 970 2545 Ἰησοῦς
1000 2478 1028 2530 6
1056 2477 1234 2548 ἱερεὺς
1261 2480 1290 2531 6
1313 2479 1508 2548 μέγας.
1541 2497 1554 2506 ·

2047 563 2352 618 intueatur.
2377 562 2466 616 Ait
2491 562 2638 615 enim
2671 576 2685 612 :
2724 579 2743 612 ι
2792 560 2858 614 Ει
2918 561 3181 618 videbunt
3235 565 3620 640 aignumlFilii

2044 654 2284 710 hominis
2311 655 2392 720 u';
2433 672 2450 706 ι
2490 669 2714 708 crucem
2747 654 3000 718 innitens,
3053 669 3150 723 per
3193 647 3356 724 quam
3412 655 3624 710 sanctis

2043 749 2306 810 mundus,
2337 750 2657 815 mundoque
2700 746 2876 800 sancti
2921 746 3405 816 cruciﬁguutur".
3449 747 3621 817 Cujus

2043 850 2098 894 ut
2155 840 2298 894 vires
2335 847 2390 893 et.
2438 839 2671 907 gratiam
2739 836 3076 906 signiﬁcaret
3151 838 3416 907 propheta
3459 877 3474 902 ,
3524 853 3622 908 per

2040 944 2202 998 quam
2233 929 2465 982 salutem
2493 943 2684 982 sumus
2713 928 2914 995 adepti,
2945 926 3132 981 ﬁdeles
3180 928 3332 996 ipsos
3385 929 3454 982 ab
3493 928 3620 982 titti-

2041 1035 2211 1074 verste
2237 1028 2395 1072 terra:
2414 1018 2588 1088 plagis
2607 1025 2834 1088 quatuor
2857 1017 2998 1070 coire
3028 1016 3165 1070 dixit
3201 1035 3214 1072 :
3261 1019 3522 1074 extremis
3539 1021 3622 1073 ni-

2041 1111 2240 1164 mirum
2277 1112 2329 1164 in
2361 1111 2530 1163 totius
2561 1110 2740 1163 medio
2768 1103 3032 1162 membris
3069 1109 3417 1171 coeuntibus,
3445 1109 3614 1164 virtu-

2040 1211 2201 1272 teque
2231 1203 2298 1255 ab
2329 1202 2521 1256 eodem
2555 1201 2620 1253 ad
2649 1209 2895 1254 extrema
2952 1211 3191 1270 quatuor
3242 1201 3616 1270 perveniente.

2039 1292 2448 1358 Quadrifariam
2510 1291 2656 1345 enim
2688 1291 2873 1344 crucis
2922 1299 3105 1359 partes
3152 1291 3218 1343 ab
3246 1306 3311 1344 eo
3345 1291 3620 1346 distincta:

2039 1390 2196 1447 sunt,
2237 1396 2334 1451 per
2359 1394 2518 1450 quem
2556 1380 2817 1444 coierunt,
2844 1379 2940 1448 qui
2991 1379 3257 1432 virtutum
3312 1387 3366 1433 et
3425 1379 3620 1448 princi-

2038 1483 2267 1540 patuum
2316 1471 2544 1526 tollendi
2580 1471 2894 1526 facultatem
2930 1470 3119 1534 habet,
3175 1470 3243 1526 de
3303 1471 3508 1540 quibus
3561 1472 3616 1526 in

2035 1563 2186 1634 ligno
2211 1564 2466 1634 spoliatis
2501 1563 2885 1634 triumphavit.
2924 1561 3083 1628 Quod
3143 1576 3268 1615 cum
3297 1559 3502 1618 Paulus
3549 1563 3618 1619 de

2036 1671 2229 1710 eorum
2280 1655 2490 1725 alioqui
2532 1671 2786 1722 numero,
2845 1655 2942 1724 qui
3028 1647 3329 1724 perierant,
3391 1654 3618 1710 minime

2037 1749 2338 1817 ignoraret,
2374 1749 2429 1802 in
2470 1763 2640 1802 cruce
2682 1748 2786 1803 sibi
2845 1755 3060 1801 tantum
3113 1747 3460 1835 gloriandum
3494 1761 3619 1803 esse

1966 1820 2006 1874 Β
2035 1841 2174 1895 dixit
2212 1841 2280 1896 ".
2323 1841 2420 1895 Est
2439 1855 2571 1894 vero
2609 1839 2890 1909 prOphet:e
2910 1854 2976 1894 ex
3011 1839 3089 1893 rei
3119 1821 3284 1906 gestae
3329 1841 3614 1901 mentoria,

2031 1931 2218 1984 animo
2272 1936 2487 1982 tantum
2546 1927 2898 1998 inteiligibile
2976 1927 3188 1995 aliquid
3263 1925 3616 1996 signiﬁcandi

2029 2021 2271 2075 oblatum
2329 2028 2735 2088 argumentum.
2812 2018 3286 2084 Quemadmodum
3331 2018 3476 2072 enim
3545 2035 3612 2074 ex

2029 2127 2138 2180 quo
2172 2109 2498 2180 Babylonica
2521 2109 2785 2164 servitute
2808 2107 2981 2162 ludas
3005 2117 3060 2164 et
3105 2107 3356 2176 Epitraim
3393 2109 3613 2164 liberati

2029 2209 2178 2264 sum,
2204 2214 2312 2253 non
2353 2198 2583 2253 seorsim
2615 2199 2874 2268 amplius,
2899 2206 2995 2252 aut
3021 2198 3198 2254 divisa
3225 2200 3442 2270 imperii
3460 2204 3612 2264 sede,

2035 2291 2340 2354 habitasse,
2375 2292 2469 2345 sed
2491 2289 2888 2362 Hierosolymis
2927 2305 3117 2346 omnes
3167 2292 3270 2345 sub
3301 2306 3411 2345 uno
3444 2298 3612 2351 Zoro-

2034 2385 2226 2440 bahele
2272 2383 2590 2438 Salathielis
2652 2383 2784 2446 (ilio,
2818 2383 2910 2452 qui
2963 2382 3031 2436 de
3089 2383 3264 2451 stirpe
3319 2381 3608 2455 Davidica,

2029 2479 2207 2546 deque
2235 2477 2382 2532 tribu
2414 2475 2552 2530 Juda
2579 2476 2898 2546 prodierat;
2964 2473 3070 2528 sub
3127 2473 3252 2544 ipso
3285 2473 3415 2527 item
3476 2471 3611 2528 Jesu

340 2567 792 2634 Josedecbil‘tlio,
830 2579 964 2624 tunc
1017 2573 1286 2642 temporis
1317 2573 1668 2628 sacerdotum
1699 2573 1966 2643 principe,
2010 2574 2213 2626 vixisse
2281 2571 2558 2640 leguntur.
2601 2567 2694 2622 Sic
2757 2583 2821 2622 ea
2881 2581 2992 2637 quo
3049 2567 3374 2622 venerandae
3425 2569 3610 2621 crucis

340 2675 594 2718 erectum
631 2663 852 2732 signum
886 2672 993 2730 est,
1056 2680 1272 2730 omnes,
1312 2671 1568 2722 restituta
1623 2669 1714 2726 illa
1773 2670 1948 2737 prius,
1988 2682 2110 2736 qutc
2147 2675 2328 2720 mente
2393 2674 2679 2732 concepta,
2710 2677 2822 2716 non
2877 2661 3128 2716 cernitur
3189 2662 3400 2727 oculis',
3452 2660 3612 2716 liber.

339 2751 477 2822 t‘ate,
510 2753 563 2808 in
597 2753 716 2808 ndei
753 2755 1198 2810 communionem
1223 2758 1478 2820 coit-isse,
1525 2766 1580 2814 et
1651 2775 1726 2828 pr.
1751 2745 1953 2828 [ligatis
1992 2756 2280 2826 spiritibus
2309 2753 2631 2817 immundis,
2714 2754 2770 2806 in
2811 2751 3020 2808 Christi
3089 2752 3417 2818 Ecclesiam,
3491 2753 3608 2811 sive

342 2845 594 2909 Sionem,
629 2845 744 2900 sive
765 2843 1072 2900 Jerusalem
1119 2847 1272 2902 dicas
1321 2849 1746 2918 intelligibtlem,
1809 2848 1914 2902 sub
1957 2863 2065 2900 uno
2097 2863 2222 2917 rege
2249 2846 2472 2899 Christo
2535 2845 2720 2914 (cujus
2787 2854 2973 2915 typum
3027 2843 3334 2899 Zorubabel
3419 2844 3603 2916 populi

315 2938 622 3006 'quondam
657 2939 926 2992 servitute
972 2939 1226 2995 exeuntis
1277 2939 1596 3009 imperator,
1643 2948 1698 2994 ct
1756 2937 1917 2993 Jesus
1959 2939 2052 2992 ille
2077 2953 2330 3008 magnus,
2359 2936 2708 2992 sacerdotum
2768 2937 3028 3006 princeps
3109 2935 3462 3007 habuerunt),
3525 2937 3604 2991 in-

327 3043 562 3100 gressus
588 3043 710 3084 esse
735 3044 898 3084 nemo
928 3029 1092 3100 189
1123 3045 1228 3084 non
1265 3031 1428 3088 videt.

423 3122 512 3174 Ἐν
537 3121 718 3191 ταντῷ
749 3120 861 3193 γὰρ
884 3123 1052 3192 ἄμφω
1072 3123 1274 3175 νοεῖται
1310 3123 1544 3193 Χριστὸς
1576 3123 1828 3195 βασιλεύς
1861 3141 1917 3178 τε

2091 3117 2148 3171 In
2173 3117 2363 3172 eodem
2396 3117 2542 3171 enim
2603 3115 2858 3170 Christus
2909 3114 3254 3184 intelligitur,
3291 3130 3386 3170 rex
3437 3117 3600 3176 simul

337 3212 434 3266 καὶ
457 3211 770 3280 ἀρχιερεὺς,
797 3211 964 3276 ὅσιος,
991 3211 1220 3274 ἄκακος,
1247 3211 1536 3280 ἀμίαντος,
1568 3216 1914 3285 κεχωρισμέ-

333 3318 426 3363 νος
455 3299 566 3352 τῶν
611 3299 976 3368 ἁμαρτωλῶν,
1011 3300 1106 3352 καὶ
1153 3298 1479 3370 ὑψηλότερος
1513 3301 1620 3352 τῶν
1644 3302 1910 3372 οὐρανῶν,

337 3390 481 3442 κατὰ
528 3391 628 3461 τὴν
689 3389 909 3448 Παύλου
959 3391 1167 3460 φωνήν.
1203 3390 1301 3454 '0;
1357 3391 1500 3462 ὑπὲρ
1557 3393 1760 3455 παντὸς
1817 3392 1911 3445 τοῦ

333 3482 523 3544 εθνους
542 3482 636 3535 τὸν
672 3481 906 3552 σταυρὸν
927 3481 1278 3548 κατεδέξατο,
1310 3483 1560 3550 συνάγων
1597 3484 1763 3551 ἄμφω
1807 3482 1914 3534 τὸν

354 3571 584 3625 Ἰούδαν
621 3573 720 3626 καί
752 3573 856 3626 τόν
883 3573 1153 3640 Ἐφραΐμ.
1204 3573 1360 3626 Κατά
1397 3574 1673 3642 Καῖαφαν,
1705 3573 1798 3625 τὸν
1825 3573 1913 3628 διὰ

337 3661 403 3714 τὸ
429 3662 611 3732 σχῆμα
639 3661 701 3716 τὺ
741 3662 1016 3734 ἱερατικὸν
1062 3661 1546 3733 προφητεύσαντα.
1587 3663 1694 3716 Καὶ
1719 3663 1778 3716 οὐ
1815 3664 1912 3733 μό-

336 3772 428 3808 νον
468 3756 609 3826 ὑπὲρ
635 3755 820 3821 αὐτοῦ,
857 3753 1003 3808 καθά
1028 3770 1190 3825 φησιν
1222 3755 1502 3824 Ἰωάννης,
1540 3755 1654 3808 ἀλλ’
1687 3755 1771 3808 ἴνα
1816 3755 1911 3808 καὶ
1949 3795 1952 3800 -

329 3847 404 3900 τὰ
432 3847 599 3901 τέκνα
635 3847 730 3900 τοῦ
762 3845 939 3916 Ἰησοῦ
964 3841 982 3884 ι
1008 3846 1077 3898 τὰ
1119 3846 1585 3918 διεσκορπισμένα
1623 3846 1909 3917 συναγάγῃ

332 3940 417 4000 εἰς
449 3938 532 3992 ἓν.
562 3939 788 3992 Πάντων
827 3937 938 4008 γὰρ
970 3937 1194 4006 γέγονεν
1217 3939 1433 4008 εἰρήνη,
1470 3936 1640 3999 λύσας
1667 3937 1728 3989 τὸ
1748 3937 1908 4006 μεσό-

329 4047 516 4100 τοιχον
573 4029 666 4082 τοῦ
719 4027 1000 4100 φραγμοῦ.
1053 4030 1126 4083 Τὸ
1170 4029 1248 4095 δὲ,
1287 4027 1781 4094 Πετασθιξσονται
1839 4029 1910 4081 ἐν

331 4119 569 4183 πλοίοις
583 4118 966 4186 ἀλλοφύλων,
999 4117 1098 4170 καί
1117 4117 1462 4172 ’θάλασσαν
1520 4117 1640 4187 ἅμα
1689 4134 1906 4188 προνο-

323 4208 671 4276 μεὺσουσιν
697 4223 710 4237 ·
740 4207 831 4260 τὸν
851 4210 932 4270 εἰς
963 4209 1031 4260 τὰ
1063 4208 1193 4278 ἔθνη
1216 4208 1306 4261 διά
1335 4209 1438 4278 γῆς
1465 4225 1526 4278 τε
1551 4211 1646 4263 καὶ
1707 4209 1906 4263 θαλάτ-

327 4275 434 4366 της
510 4295 710 4366 δρόμον
779 4297 1077 4351 αἰνίττεται
1131 4275 1232 4351 οῦκ
1278 4275 1555 4362 Ἰουδαίοις
1606 4300 1905 4370 χρωμένων

325 4385 850 4456 κυϐερνήταις,τοῖς
879 4387 936 4440 δὲ
961 4386 1116 4456 λόγον
1147 4387 1238 4442 τὸν
1269 4387 1363 4440 τοῦ
1389 4387 1628 4459 Χριστοῦ
1664 4389 1904 4459 παραδε-

319 4477 658 4546 δειγμένοις,
687 4477 771 4548 ἦτ’
809 4476 904 4532 οὖν
961 4479 1148 4542 ἁπλῶς
1203 4478 1456 4544 ἑθνικοῖς.
1502 4481 1604 4533 Διὰ
1631 4481 1900 4552 θαλάττης

321 4565 438 4640 γὰρ
471 4565 565 4618 ἰὼν
595 4566 624 4618 6
653 4567 858 4630 Παῦλος
891 4567 994 4638 ἔφη
1013 4585 1026 4598 ·
1049 4568 1411 4640 Νυχθήμερον
1437 4572 1714 4642 πεποίηκα
1736 4574 1795 4626 ἐν
1821 4573 1898 4643 τῷ

321 4655 500 4727 βυθῷ.
538 4657 828 4728 Ἐπιὸἧναί
857 4659 915 4711 τέ
947 4677 1112 4730 φησιν
1141 4661 1306 4714 αὑτὸν
1337 4663 1366 4714 6
1399 4662 1613 4726 Λουκᾶς
1639 4665 1698 4716 ἐν
1727 4664 1898 4735 πλοίῳ

338 4746 730 4818 Ἀλεξανδρινῷ
753 4751 1066 4821 παρασήμῳ
1091 4752 1421 4822 Διοσκόροις.
1455 4753 1587 4816 Ταῖς
1609 4754 1715 4826 γὰρ
1751 4753 1900 4826 πρώ-

321 4855 455 4910 put;
473 4839 560 4891 ἀεὶ
590 4839 727 4891 θεῶν
765 4841 981 4904 εἰκόνας
1010 4843 1333 4912 ἐνέγραφον,
1365 4843 1442 4907 ὡς
1473 4845 1566 4897 καὶ
1597 4844 1692 4898 νῦν
1723 4846 1896 4916 ἁγίων

325 4929 648 5000 μαρτύρων.
678 4932 821 5002 Πρὸς
841 4933 868 4984 ὃ
889 4933 1111 4998 εἰκότως
1134 4936 1196 4988 τὸ
1219 4936 1591 5005 ἀλλοφύλων
1606 4937 1672 4990 ἐκ
1699 4937 1896 4990 πολλοῦ

324 5019 810 5090 προτεθέσπισται.
863 5025 1125 5094 Σωτῆρας
1168 5026 1224 5080 δὲ
1257 5027 1527 5079 πλεόντων
1577 5023 1717 5080 εἶναι
1769 5029 1897 5092 τοὺς

318 5111 650 5183 Διοσκόρους
673 5114 942 5178 ἐδόξαζον.
963 5117 1048 5170 Ἐν
1058 5117 1240 5187 ταυτῷ
1256 5117 1335 5183 δὲ,
1356 5119 1514 5188 φησὶ,
1533 5119 1647 5187 τὴν·
1669 5120 1895 5175 θάλασ-

321 5221 447 5259 σαν
466 5207 971 5274 προνομεύσουσι,
1009 5208 1109 5272 τὰς
1164 5211 1361 5280 νήσους
1403 5210 1546 5263 οὕτω
1576 5211 1772 5265 καλῶν.
1801 5213 1893 5266 Ἐν

323 5295 546 5367 παρόδῳ
581 5296 690 5367 γὰρ
734 5296 905 5362 αὑτὰς
949 5297 1306 5371 διερχόμενοι,
1335 5303 1445 5366 τοῖς
1476 5301 1775 5356 ἐνοικοῦσιν
1806 5303 1894 5355 εὐ-

2015 3221 2063 3260 et
2091 3205 2355 3276 pontifex,
2381 3213 2631 3270 sanctus,
2667 3205 2956 3266 innocens,
3015 3203 3358 3274 itnpoilutus,
3411 3221 3600 3277 segre-

2018 3311 2181 3370 gatus
2207 3316 2236 3354 a
2269 3300 2678 3370 peccatoribus,
2702 3307 2757 3352 et
2785 3297 3058 3352 excelsior
3107 3298 3270 3353 ctelis
3307 3298 3512 3362 factus,
3545 3305 3600 3350 ut

2014 3393 2385 3447 Pauliverbis
2420 3399 2648 3463 utamur
2676 3389 2752 3442 ‘7.
2805 3390 2922 3455 llle,
2963 3391 3210 3458 inquam,
3262 3389 3356 3460 qui
3419 3393 3600 3460 gentis

2013 3487 2285 3538 universa:
2311 3483 2533 3536 nomine
2566 3495 2787 3535 crucem
2814 3482 3098 3550 amplexus
3149 3488 3254 3544 est,
3331 3488 3390 3534 ut
3435 3481 3596 3536 ambo

2009 3577 2210 3630 ludam
2233 3585 2282 3628 et
2317 3573 2573 3644 Epiri-aint
2606 3573 2894 3649 colligeret
2931 3589 2946 3626 :
3006 3574 3155 3626 sicut
3183 3579 3275 3626 est
3304 3586 3334 3625 a
3388 3573 3594 3644 Caipha

2012 3678 2236 3738 propter
2257 3665 2556 3720 sacerdotii
2585 3664 3048 3734 dignitalem,qua
3079 3663 3436 3732 fungebatur,
3464 3679 3595 3733 pro-

2011 3759 2312 3827 phetatum.
2353 3751 2466 3810 Nec
2511 3772 2574 3809 eo
2610 3756 2832 3808 nomine
2891 3754 3095 3818 solum,
3151 3754 3246 3808 sed
3287 3765 3344 3810 ut
3375 3755 3468 3810 Dei
3526 3755 3595 3812 ﬁ-

2012 3851 2142 3910 lios,
2180 3850 2300 3918 qui,
2333 3848 2547 3902 Joanne
2579 3855 2721 3903 teste
2752 3846 2824 3909 ⁸⁸.
2859 3847 3096 3916 dispersi
3121 3855 3300 3924 erant,
3338 3834 3393 3901 in
3425 3863 3591 3902 unum

2012 3947 2400 4009 congregaret.
2434 3938 2709 3993 Omnibus
2739 3939 2909 4003 enim,
2939 3936 3248 3993 disturbato
3275 3938 3483 4006 pariete
3499 3939 3590 4006 qui

2010 4033 2303 4087 maceriam
2344 4031 2649 4095 dividebat,
2686 4045 2875 4100 pacem
2898 4031 3081 4084 attulit
3105 4029 3174 4082 ".
3213 4028 3418 4084 Deinde
3437 4029 3588 4100 quod

2009 4123 2804 4195 adjicitvalaturosinnavibus
2855 4123 3296 4190 alienigenarum,
3343 4131 3392 4176 et
3437 4131 3586 4175 mare

2007 4217 2190 4272 statim
2249 4214 2630 4286 prwdaturas;
2687 4212 3028 4282 cut-suntqui
3084 4212 3150 4266 ad
3182 4221 3374 4281 gentes
3433 4222 3580 4268 terra

2007 4308 2260 4376 marique
2319 4305 2540 4360 futurus
2562 4313 2678 4360 erat
2711 4303 2914 4368 innuit,
2946 4319 3052 4357 non
3083 4303 3318 4358 ducibus
3348 4301 3578 4374 Iudaeis;

2007 4397 2104 4453 sed
2141 4397 2234 4456 iis.
2257 4397 2350 4466 qui
2381 4396 2605 4451 verbum
2630 4395 2831 4450 Christi
2863 4394 3100 4463 amplexi
3129 4402 3336 4456 essent,
3359 4409 3578 4448 assmu-

2005 4488 2134 4557 ptis,
2169 4486 2256 4541 vel
2293 4485 2550 4555 denique,
2591 4497 2647 4540 ut
2678 4501 2785 4540 uno
2815 4486 2980 4540 verbo
3045 4487 3249 4548 dicam,
3297 4487 3576 4555 gentibus.

2006 4577 2139 4632 Mari
2165 4579 2313 4632 enim
2339 4585 2392 4632 et
2413 4567 2534 4647 ipse
2568 4577 2850 4647 prolectus
2912 4575 3141 4640 Paulus,
3174 4587 3338 4631 nocte
3399 4591 3458 4632 se
3509 4590 3574 4632 ac

2003 4671 2092 4725 die
2125 4672 2180 4725 in
2209 4669 2478 4741 profundo
2507 4671 2684 4739 egisse
2718 4670 2792 4722 ait
2819 4669 2884 4722 ⁸⁸.
2918 4668 3120 4723 Navem
3149 4670 3296 4722 enim
3327 4669 3569 4723 Alexan-

2003 4759 2218 4814 drinam
2255 4760 2648 4814 Dioscurorum
2683 4758 3194 4826 insignehabcntem
3231 4759 3571 4823 ascendisse,

2001 4849 2154 4904 Luca
2191 4859 2432 4914 auctore,
2464 4851 2756 4907 didicimus
2789 4852 2854 4905 δι.
2896 4849 3114 4906 Iamdiu
3147 4853 3292 4906 enim
3327 4852 3384 4906 in
3423 4869 3573 4909 more

2003 4941 2244 5010 positum
2271 4950 2410 5006 erat,
2446 4952 2505 4995 ut
2539 4943 2589 4996 in
2618 4933 2840 4996 navium
2887 4944 3066 5012 proris
3090 4943 3316 4997 domum
3376 4945 3572 5014 imagi-

2003 5047 2123 5092 nes,
2156 5032 2319 5086 sicuti
2348 5041 2402 5084 et
2424 5033 2586 5087 hodie
2609 5042 2932 5088 sanctorum
2981 5042 3312 5104 martyrum,
3371 5033 3575 5101 depin-

1999 5129 2255 5192 gercnlur
2281 5139 2294 5176 :
2338 5121 2402 5174 ad
2431 5123 2593 5192 idque
2625 5139 2732 5177 non
2757 5124 3032 5180 immerito
3058 5125 3200 5194 quod
3243 5119 3566 5185 alieniqer‘m-

2001 5231 2118 5280 rum
2153 5214 2313 5279 dixit,
2341 5215 2505 5284 longa
2553 5225 2679 5272 ante
2727 5217 3087 5287 pradictiOne
3141 5216 3356 5274 retulit.
3403 5215 3568 5271 Navi-

1999 5305 2262 5376 gantibus
2289 5307 2438 5362 enim
2473 5308 2708 5364 salutem
2772 5309 2904 5380 dare
2965 5308 3269 5366 Dioscorus
3322 5312 3568 5368 arbitra-

473 5469 683 5557 μοι».
708 5473 988 5557 xﬂv,n§0.
1021 5474 1318 5557 ““.Galat.
1357 5493 1432 5536 ri,
1471 5477 1553 5557 1ρε
1632 5475 1678 5509 ³⁸
1712 5429 1841 5532 iliid.
1942 5477 1986 5510 ³⁷
2028 5477 2193 5535 llebr.
2223 5496 2320 5549 vn,
2348 5482 2439 5537 9.5.
2516 5481 2562 5516 “
2591 5479 2754 5538 Joan.
2790 5499 2844 5542 ιι
2875 5525 2888 5550 ,
2919 5481 3006 5539 52.
3084 5483 3128 5518 ⁸⁹
3159 5481 3443 5557 Ephes.-u,
3478 5486 3568 5546 ιι.

320 5542 362 5572 κ
397 5539 439 5593 il
471 5540 599 5594 Cor.
629 5558 705 5606 ιι,
737 5543 826 5604 26,
851 5543 940 5597 27.
1019 5545 1061 5576 ⁸¹
1103 5547 1223 5598 Act.
1263 5561 1457 5613 xmtt,
1485 5548 1582 5600 Ἡ.

1617 5663 1847 5718 ΥΑΗΙίΕ
1894 5662 2296 5720 LECTIUNES.

393 5723 538 5796 '71).
559 5727 716 5784 Θεοῦ.
781 5745 788 5753 '
