4030 6200
464 282 609 348 2055

1753 280 2107 351 PROCOPII
2141 290 2384 350 GAZ.’E[

3597 289 3743 354 2056

467 400 689 450 bantur.
728 387 887 458 Quod
931 395 1114 443 autem
1146 382 1348 446 ibidem
1399 406 1545 446 mare
1569 393 1920 472 prwdatulros
1953 397 2044 461 ait1

2158 398 2529 467 ηγγελίζοντο.
2561 396 2717 451 Καθὰ
2743 397 2807 468 δὴ
2832 399 2942 462 τοῖς
2969 399 3025 451 ἐν
3059 397 3266 471 Μελίτῃ
3325 402 3675 459 κατοικοῦσιν
3708 405 3741 458 ὁ

465 484 678 542 Insulas
705 483 808 537 hoc
841 481 1064 537 nomine
1119 480 1380 552 intelligit
1417 498 1431 536 :
1488 499 1723 554 quarum
1748 496 1802 541 et
1828 489 1933 559 ipsi
1962 489 2048 543 in-

467 577 638 639 colas,
673 568 939 644 tamquam
963 574 1017 627 in
1050 573 1311 640 transitu,
1337 573 1694 647 Evangelium
1716 577 2047 636 docuerunt:

465 670 614 742 quod
675 684 705 723 a
769 666 941 721 Paulo
970 665 1358 721 Melitensibus
1414 668 1574 737 ipsis,
1639 684 1764 725 cum
1812 669 2048 727 Romam

346 811 363 833 ,
465 768 810 834 properaret,
847 758 1156 814 factitatum
1190 760 1428 831 legimus
1452 760 1519 816 δ’.
1581 761 1784 818 Multos
1810 765 1957 819 enim
1986 780 2049 820 ea

466 855 522 909 in
548 853 733 909 insula
757 851 986 907 sanitati
1017 852 1286 933 restituit,
1334 852 1541 907 multos
1574 854 1901 924 religionem
1952 856 2052 911 do-

464 945 604 1009 cuit,
636 951 691 999 et
726 942 795 997 ad
833 958 952 996 eam
1006 942 1300 1012 pertraxit.
1356 940 1600 996 Possunt
1627 952 1893 1012 praetcrea
1954 948 2046 1015 qui

464 1053 612 1092 mare
639 1032 1004 1104 deprlcdaturi
1032 1041 1175 1095 sunt,
1204 1033 1369 1088 etiam
1402 1035 1564 1088 aliter
1592 1035 1859 1106 intelligi;
1889 1038 2051 1091 nimi-
2078 1112 2083 1117 Δ

464 1144 608 1193 rum,
666 1125 783 1195 qui,
810 1122 1054 1180 dracone
1086 1134 1141 1179 et
1185 1124 1400 1180 caeteris
1452 1126 1558 1182 sub
1602 1141 1668 1182 eo
1721 1126 2051 1198 degentibus

464 1219 785 1288 superiores
812 1216 964 1281 lacti,
998 1220 1271 1278 errantes,
1293 1222 1560 1283 tanquam
1584 1214 2047 1286 spolia,capiunt.

463 1307 617 1362 Mare
643 1308 792 1363 enim
830 1307 919 1361 hic
943 1319 1319 1360 aerumnarum
1361 1305 1546 1360 locum
1589 1306 1902 1376 intelligere
1951 1307 2051 1363 de-

462 1401 879 1469 bemuszqucm
915 1398 1130 1460 et,alibi
1164 1397 1520 1452 miseriarum
1572 1397 1774 1452 vallem
1829 1413 2049 1452 nuncu-

463 1492 582 1561 pari
618 1491 930 1546 didicimus.
954 1489 1226 1546 Dicentur
1253 1504 1455 1545 rursus
1506 1497 1563 1545 et
1612 1490 1787 1559 ipsam
1848 1491 2054 1560 deprae-

461 1583 586 1637 dari
608 1582 926 1650 Idnmwam,
988 1582 1083 1653 qui
1115 1582 1354 1637 terrenis
1411 1582 1596 1647 rebus,
1633 1583 1864 1652 ipsoque
1916 1581 2053 1637 adeo

461 1673 644 1739 Moab,
712 1676 1030 1745 superiores
1088 1676 1392 1729 evaserint.
1440 1675 1535 1729 Est
1588 1675 1734 1729 enim
1775 1675 1955 1739 Moab,
2004 1675 2051 1731 si

2158 489 2387 553 Παῦλος,
2446 492 2647 560 ὅτεπερ
2687 492 2766 552 είς
2804 488 3028 559 Ῥώμην
3086 490 3367 560 ἠπείγετο.
3423 473 3633 557 Πολλὰς
3676 512 3741 550 τε

2153 577 2275 632 κατ’
2323 577 2495 647 αὐτὴν
2548 579 2722 650 ἰάσεις
2764 580 3156 648 ἐργασάμενος,
3187 577 3416 643 πολλοὺς
3434 580 3741 653 μετέθηκεν

2152 666 2231 729 είς
2249 664 2551 719 εύσέὸειαν.
2574 666 2687 720 Καὶ
2702 666 2879 729 ἄλλως
2911 664 2989 731 δὲ,
3027 666 3143 734 τὴν
3176 666 3503 722 θάλασσαν
3530 686 3742 740 προνοο

2145 758 2510 826 μεύσουσιν,
2538 758 2632 811 τοῦ
2658 758 2945 826 δράκοντος
2964 759 3208 818 ,καὶτῶν
3231 760 3319 811 ὑπ’
3346 760 3496 830 αὐτῷ
3521 762 3740 814 τελούν-

2150 864 2260 900 των
2314 847 2720 919 περιγινόμενοι
2777 848 3032 918 καθάπερ
3083 849 3189 902 ἴδια
3222 848 3398 904 σκῦλα
3442 850 3571 915 τοὺς
3602 850 3739 906 πλα-

2153 939 2431 1009 νωμένους
2457 939 2851 1010 λαμϐάνοντες.
2884 939 3218 994 Θάλασσαν
3246 942 3376 1012 γὰρ,
3399 941 3495 996 νῦν
3519 943 3611 995 τὸν
3641 944 3740 1015 τῆς

2156 1030 2457 1094 κακώσεως
2484 1030 2782 1084 ἀκουστέον
2804 1029 2990 1095 τόπον,
3023 1029 3081 1084 ὃν
3116 1033 3208 1086 κοιλ⁸
3241 1031 3463 1085 κοιλάδα
3481 1031 3738 1101 λέγεσθαι

2156 1120 2511 1192 κλαυθμῶνος
2568 1121 2806 1193 ἀλλαχοῦ
2881 1122 3299 1193 μεμαθήκαμεν.
3359 1115 3519 1177 Οὗτοι
3551 1125 3607 1178 δὲ
3642 1127 3739 1180 καὶ

2152 1213 2267 1280 τὴν
2305 1213 2649 1284 Ἰδουμαίαν
2673 1215 3071 1283 προνομεύειν
3108 1214 3358 1282 λέγονται
3387 1214 3497 1268 τῶν
3530 1216 3737 1287 γηΐνων

2153 1307 2580 1377 ἐπικρατοῦντες
2642 1307 3012 1376 πραγμάτων.
3075 1305 3185 1359 Καὶ
3229 1305 3429 1373 Μωὰϐ,
3456 1306 3514 1370 ὃς
3562 1307 3740 1379 ἑρμηο

2152 1394 2395 1458 νεύεται,
2426 1397 2494 1450 ἐκ
2522 1398 2765 1464 πατρός.
2799 1396 2940 1467 Πρὸς
2992 1395 3086 1461 οὓς
3130 1396 3319 1466 ἔλεγεν
3341 1400 3368 1451 ὁ
3400 1398 3615 1470 Σωτὴρ,
3652 1402 3733 1453 ὅτι

2159 1505 2177 1539 t
2218 1486 2408 1556 Ὑμεῖς
2424 1479 2493 1541 ἐκ
2522 1487 2614 1541 τοῦ
2642 1487 2848 1559 πατρὸς
2872 1487 2967 1540 τοῦ
2993 1488 3243 1542 διαϐόλου
3274 1491 3420 1545 ἐστέ.
3444 1510 3461 1540 ι
3502 1492 3738 1556 Τούτοις

2152 1578 2260 1643 τὰς
2287 1579 2517 1632 ἑαυτῶν
2540 1579 2941 1633 ἐπιϐάλλουσι
2966 1579 3195 1649 χεῷας,
3216 1580 3305 1635 διὰ
3328 1581 3583 1653 πράξεως
3597 1582 3736 1650 ἁγα-

2154 1669 2252 1739 θῆς
2309 1670 2657 1740 ὑποχειρίους
2707 1669 3097 1741 λαμϐάνοντες.
3155 1673 3220 1726 Οἱ
3266 1673 3323 1727 δὲ
3359 1673 3473 1728 υἱοὶ
3514 1675 3738 1744 Ἀμμὼν

461 1768 701 1824 nominis
768 1783 987 1838 quieras
1075 1768 1367 1832 rationem,
1421 1768 1564 1823 idem
1631 1768 1775 1838 quod
1840 1784 1904 1823 ea;
1950 1753 2044 1837 pa-

2150 1762 2591 1817 ὲπακούσονται
2622 1763 2858 1830 πρῶτοι.
2881 1764 2994 1817 Καὶ
3017 1764 3126 1835 γάρ
3154 1766 3204 1818 oi
3230 1765 3329 1837 τὴν
3347 1767 3547 1819 κακίαν
3575 1769 3733 1821 ἐλάτ-

462 1868 561 1924 trc,
619 1859 685 1913 ad
736 1873 943 1928 eosque
1009 1860 1229 1913 locutus
1268 1867 1354 1913 est
1403 1856 1682 1923 Salvator,
1715 1874 1842 1913 cum
1883 1858 2043 1929 190

460 1966 524 2006 ex
549 1958 703 2021 patre
734 1950 956 2005 diabolo
1023 1960 1182 2004 natos
1224 1964 1350 2004 esse
1397 1951 1758 2018 exprobravit
1783 1953 1856 2004 ⁵³.
1886 1952 2042 2017 Quod

461 2051 646 2098 autem
682 2044 735 2096 in
765 2059 853 2097 eos
882 2058 1073 2096 manus
1121 2058 1249 2096 suas
1303 2042 1592 2110 injectum:
1643 2042 1820 2108 dixit,
1906 2044 2044 2097 nihil

459 2134 608 2189 aliud
641 2136 820 2205 plane,
850 2149 1017 2204 quam
1062 2148 1292 2202 operum
1345 2133 1592 2188 bonitate
1650 2142 2040 2204 superaturos,

460 2224 679 2293 sibique
709 2222 1031 2279 subdituros
1084 2222 1443 2293 signiﬁcavit.
1508 2224 1572 2276 At
1629 2210 1732 2292 ﬁlii
1789 2226 2042 2290 Ammon,

392 2345 402 2353 -
460 2314 637 2378 addit,
668 2315 828 2382 primi
859 2313 1121 2367 obedient.
1168 2313 1435 2370 Videmus
1464 2317 1611 2368 enim
1644 2330 1761 2380 eos,
1787 2316 1880 2382 qui
1916 2331 2041 2371 sce-

458 2406 575 2461 lere
598 2405 723 2462 aliis
760 2414 893 2461 sunt
923 2404 1241 2467 inferiores,
1278 2405 1333 2458 in
1367 2406 1761 2474 amplectende
1810 2406 2039 2463 Christo

461 2498 757 2568 nequiores
824 2507 1179 2566 praevertere.
1234 2496 1433 2568 Signat
1464 2506 1649 2553 autem
1689 2498 1942 2562 Ammon,
1995 2500 2042 2552 si

458 2591 609 2646 verbi
642 2591 855 2646 notatio
880 2589 1211 2659 postuletur,
1250 2606 1313 2645 ac
1350 2589 1420 2657 si,
1473 2591 1711 2660 populus
1744 2591 2040 2654 nobiscum,

459 2682 633 2738 dicas.
660 2680 818 2749 Quod
884 2680 932 2737 si
961 2679 1028 2734 ad
1055 2680 1306 2735 historia:
1368 2681 1531 2736 lldem
1565 2681 1866 2751 respicias,
1902 2696 2043 2751 quas

457 2774 563 2830 hoc
633 2776 756 2830 loco
792 2781 984 2845 gentes
1039 2774 1316 2829 recenseri
1370 2773 1550 2840 vides,
1608 2773 1731 2843 ipso
1755 2773 2041 2842 prophetae

459 2871 729 2935 tempore,
762 2863 895 2927 Deo,
920 2864 1013 2934 qui
1049 2864 1192 2934 apud
1228 2862 1451 2919 Iudaeos
1510 2863 1822 2923 colebatur,
1884 2861 2045 2917 valde

461 2954 697 3010 infestas
723 2953 1094 3024 inimicasque
1125 2954 1302 3010 fuisse
1357 2954 1625 3024 reperias.
1659 2952 1799 3006 liinc
1824 2962 1909 3006 est
1939 2953 2044 3023 igi-

461 3050 570 3107 tur,
610 3043 755 3115 quod
783 3043 901 3099 suis
932 3057 1026 3099 eas
1056 3043 1169 3113 jam
1201 3043 1525 3097 nominibus
1572 3042 1641 3095 ad
1681 3056 1866 3095 veram
1923 3041 2045 3109 reli-

2154 1870 2302 1917 τους,
2339 1853 2466 1917 τοὺς
2519 1853 2771 1923 χείρονας
2826 1855 2907 1917 είς
2939 1853 3039 1925 τὴν
3070 1854 3319 1925 ὑπακοὴν
3348 1857 3443 1911 τοῦ
3492 1856 3734 1930 Χριστοῦ

2152 1944 2671 2015 προσλαμϐάνουσιν
2693 1954 2752 2000 ιη.
2790 1945 3189 2017 Ἑρμηνεύεται
3221 1947 3551 2018 δὲἈμμὼν,
3587 1948 3737 2014 λαὸς

2146 2036 2278 2105 μεθ’
2300 2035 2491 2105 ἡμῶν.
2524 2036 2678 2090 Κατὰ
2699 2036 2756 2088 δὲ
2777 2036 2874 2108 τὴν
2899 2039 3164 2110 ἱστορίαν,
3191 2039 3260 2093 τὰ
3288 2039 3379 2093 νῦν
3408 2039 3534 2109 ἔθνη
3555 2056 3738 2093 κατει-

2151 2127 2389 2197 λεγμένα
2431 2127 2717 2197 δυσμενεῖς
2768 2124 2908 2197 ἦσαν
2951 2128 3045 2183 τοῦ
3083 2132 3210 2203 παρ’
3254 2131 3531 2194 Ἰουδαίοις
3561 2148 3739 2201 τιμω-

2155 2218 2315 2287 μένου
2366 2217 2504 2271 Θεοῦ
2556 2216 2698 2271 κατὰ
2724 2217 2815 2271 τὸν
2842 2218 2963 2279 τοι]⁷
2998 2223 3280 2291 προφήτου
3332 2221 3544 2292 καιρόν.
3575 2220 3736 2273 Ὅθεν

2150 2311 2413 2380 ὀνομαστὶ
2441 2310 2664 2373 τούτους
2695 2308 2934 2374 ἐξέθετο,
2958 2312 3033 2374 ὡς
3058 2314 3152 2366 καὶ
3182 2312 3406 2376 τούτους
3444 2312 3738 2383 προσιεμέο

2150 2420 2273 2466 νους
2296 2403 2394 2474 τὴν
2429 2403 2761 2463 θεοσέϐειαν.
2798 2407 2965 2478 Ἔθνη
2996 2405 3249 2460 δὲταῦτα
3282 2407 3391 2459 τῶν
3428 2405 3526 2475 τὴν
3568 2406 3734 2476 Ἀρα-

2152 2493 2273 2546 ϐίαν
2325 2494 2639 2549 οἰκούντων.
2698 2495 2836 2550 Θεοῦ
2896 2497 3006 2568 γὰρ
3049 2494 3388 2565 Ἐκκλησιῶν
3414 2496 3462 2547 οἱ
3489 2491 3731 2564 Χριστοῦ

2155 2584 2510 2655 μαθηταὶτὰς
2537 2589 2724 2659 χώρας
2759 2588 2962 2652 ταύτας
2995 2589 3341 2660 ἐπλήρωσαν,
3360 2588 3445 2641 ὅτε
3479 2589 3577 2650 τὰς
3606 2586 3735 2640 ἑαυ-

2150 2675 2261 2729 τῶν
2296 2676 2518 2746 χεζοας,
2580 2678 2677 2730 καὶ
2706 2678 2803 2742 τὰς
2833 2678 2897 2731 δι’
2926 2679 3106 2732 αὐτῶν
3141 2678 3563 2749 ἐπιτελουμένας
3591 2677 3736 2747 πρά-

2152 2768 2263 2835 ξεις
2298 2771 2391 2823 ἐπὶ
2421 2770 2521 2840 τὴν
2561 2771 2817 2842 Ἀραϐίαν
2850 2770 3145 2837 ἐξέτειναν.
3198 2771 3460 2842 Ὀμόρσυς
3490 2770 3547 2823 δὲ
3573 2769 3732 2832 ὄντας

2150 2866 2264 2924 τοῖς
2301 2863 2579 2926 Ἰουδαίοις
2611 2863 2755 2927 εἰκὸς
2776 2866 2868 2916 καὶ
2894 2862 3161 2931 πρώτους
3196 2863 3256 2916 τὸ
3288 2867 3550 2933 κήρυγμα
3579 2859 3732 2924 δέξα-

2155 2951 2297 3004 σθαι.
2333 2952 2476 3023 Πλὴν
2501 2952 2624 3006 οὔτε
2660 2952 2719 3005 τὸ
2750 2953 3059 3022 Ἐϐραῖκῖιν,
3109 2952 3233 3006 οὕτε
3286 2952 3394 3005 τῶν
3457 2953 3732 3023 ἑρμηνευ-

2151 3040 2259 3093 τῶν
2311 3043 2359 3095 οἱ
2412 3043 2610 3107 λοιποὶ,
2669 3044 2764 3114 τὴν
2824 3043 3148 3115 προσθήκην
3200 3044 3547 3117 περιέχουσιν
3609 3040 3725 3106 τοῦ,

461 3131 674 3201 gionem
701 3132 1027 3189 accedentes
1056 3132 1333 3202 designat,
1358 3148 1481 3204 qua:
1509 3143 1563 3188 et
1587 3134 1846 3189 Arabiam
1864 3133 2040 3204 ipsam
2072 3123 2111 3180 C
2147 3133 2383 3200 πρῶτοι.

461 3227 799 3293 incolebant,
837 3236 892 3283 et
918 3237 1049 3283 sunt
1080 3227 1290 3284 Christi
1317 3229 1722 3299 discipulorum
1748 3222 2050 3295 opc’multis
2072 3226 2339 3282 Ecclesiis
2378 3229 2742 3299 locupletati»,
2771 3245 2893 3285 cum
2926 3245 3058 3286 suas
3080 3230 3158 3285 illi
3188 3231 3515 3286 inArabiam
3557 3247 3734 3303 usque

459 3334 671 3383 manus,
694 3327 1004 3390 ctetcraque
1042 3335 1235 3390 opera,
1290 3323 1674 3378 extenderent.

1764 3321 1895 3375 Erat
1956 3335 2086 3375 vero
2155 3330 2612 3387 consentaneum,
2676 3332 2737 3377 ut
2780 3338 2905 3393 qua:
2964 3322 3173 3378 ludatis
3272 3325 3466 3379 vicina:
3523 3336 3728 3400 essent,

463 3410 739 3483 Evangelii
771 3410 1223 3480 praedicationem
1252 3413 1438 3476 prima:
1455 3411 1703 3466 omnium
1737 3413 2233 3482 amplecterentur.
2266 3410 2372 3464 Sed
2436 3412 2808 3482 iguoraudum
2855 3428 2973 3483 non
3000 3423 3108 3479 est,
3170 3414 3500 3471 vocabulum
3548 3415 3727 3484 primi,

460 3503 808 3574 adjectitium
836 3515 983 3567 esse,
1016 3500 1164 3570 quod
1193 3516 1293 3556 nec
1326 3502 1593 3556 llebraica
1629 3501 1768 3572 ipsa,
1803 3518 1901 3556 nec
1929 3508 2158 3556 caeteros
2185 3499 2538 3570 interpretes,
2569 3503 2772 3560 habere
2813 3504 3075 3575 reperias.

532 3621 691 3691 191
722 3617 890 3674 Vens.
946 3620 1157 3681 15,16.
1204 3618 1270 3674 Et
1291 3620 1549 3675 desolabil
1594 3621 1852 3675 Dominus
1903 3634 2050 3672 mare

460 3713 769 3784 Egypti,“
792 3712 995 3781 injiciet
1016 3727 1231 3765 manum
1263 3729 1415 3767 suam
1439 3730 1596 3782 super
1616 3715 1833 3782 ﬂuvium
1852 3713 2045 3780 spiritu

458 3805 761 3865 vehementi,
792 3813 839 3857 et
882 3805 1139 3873 percutiet
1225 3813 1422 3872 septem
1476 3805 1661 3869 valles,
1708 3814 1763 3858 ut
1799 3804 2047 3873 trajicere

454 3897 621 3964 possit
644 3912 762 3950 eum
778 3895 1072 3959 calceatus,
1102 3906 1212 3949 ctc.

2224 3639 2292 3685 ιε,
2315 3620 2407 3687 ις’.
2455 3622 2561 3677 Kal
2593 3623 2885 3692 ἐρημώσει
2916 3626 3129 3693 Κύριος
3155 3624 3270 3692 τὴν
3296 3624 3618 3681 θάλασσαν
3636 3628 3735 3682 Al-

2147 3713 2398 3780 τύπτου,
2452 3715 2550 3767 καί
2600 3714 2877 3768 ἐπιϐαλεῖ
2927 3715 3039 3783 τὴν
3091 3717 3258 3785 χεᾷια
3285 3716 3472 3772 αὐτοῦ
3503 3717 3735 3772 enitor

2148 3805 2419 3874 ποταμὸν
2442 3806 2733 3874 πνεύματι
2784 3806 2989 3872 βιαίῳ,
3022 3808 3120 3862 καί
3147 3809 3395 3873 «artiﬁce
3455 3809 3604 3863 ἑπτὰ
3623 3805 3736 3878 φάε

2139 3914 2388 3965 pan-ac,
2433 3896 2589 3951 ὥστε
2634 3897 3095 3967 διαπορεύεσθαι
3147 3902 3337 3955 αὐτὸν
3372 3901 3441 3955 ἐν
3496 3899 3734 3971 ὑποδή-

2029 3984 2065 4007 ’¹
2144 4004 2317 4056 μασι,
2346 4004 2399 4040 κ.
2434 4004 2485 4041 τ.
2515 3987 2565 4039 λ.

532 4067 656 4124 Νοη
677 4079 755 4124 est
790 4070 854 4125 de
892 4069 1129 4142 /Egyplo
1196 4071 1384 4127 isthmc
1440 4073 1695 4129 instituta
1737 4073 2044 4144 disputatio

456 4162 650 4235 (habet
685 4165 830 4220 enim
861 4166 977 4234 ipsa
1015 4164 1386 4234 prophetiam,
1406 4174 1460 4221 et
1480 4166 1819 4235 peculiarem
1847 4167 2043 4220 inscri-

457 4258 729 4329 ptionem)
760 4276 774 4312 :
808 4256 903 4312 sed
930 4256 1321 4326 superioribus
1346 4257 1727 4324 accommoda,
1768 4267 2034 4327 tanquam

457 4364 544 4415 eo,
573 4350 666 4418 qui
697 4349 764 4404 de
780 4348 974 4421 radice
1003 4346 1173 4403 Jessae
1206 4348 1429 4417 prodiit,
1458 4349 1773 4403 vanissima:
1791 4350 2042 4421 religioni

460 4442 736 4506 addictos,
764 4418 890 4494 cum
930 4439 1132 4495 vicinis
1164 4437 1368 4493 Judzeae
1396 4440 1678 4509 gentibus,
1719 4455 1911 4496 errore
1937 4457 2041 4496 suo

453 4548 557 4606 per
580 4532 797 4595 futuras
818 4532 1220 4601 discipulorum
1273 4532 1584 4588 secundum
1614 4533 1941 4589 electionem
1972 4535 2040 4590 de

2235 4075 2294 4128 '0
2321 4076 2512 4146 παρὼν
2564 4077 2720 4145 λόγος
2765 4079 2867 4131 οὐκ
2933 4078 3049 4132 ἔστι
3078 4079 3208 4149 περὶ
3242 4079 3352 4148 τῆς
3371 4080 3678 4150 Αίγύπτου
3710 4094 3729 4112 ⁸

2153 4165 2341 4231 tanta:
2379 4167 2487 4237 γάρ
2516 4170 2549 4237 ἡ
2582 4171 2712 4239 περὶ
2767 4169 2938 4238 αὐτῆς
2983 4169 3311 4240 προφητεία.
3360 4171 3472 4225 Καὶ
3527 4170 3731 4242 προγι-

2148 4274 2390 4331 γραπται
2408 4263 2635 4333 ταύτης,
2654 4267 2887 4338 Ὄρασις
2904 4268 3332 4337 Αἱγύπτου.Τοῖς
3354 4269 3409 4322 δὲ
3430 4268 3733 4341 προλαὸοὗ·

2152 4353 2236 4405 σίν
2266 4355 2411 4407 ἐστιν
2478 4358 2791 4424 ἀκόλουθος,
2815 4361 2890 4424 ὡς
2916 4361 3009 4415 τοῦ
3045 4364 3107 4414 ὲκ
3148 4361 3305 4433 ῥίζης
3343 4361 3541 4415 Ἰεσσαὶ
3564 4361 3735 4415 δεισι-

2147 4442 2605 4514 δαιμονεστάτους
2639 4450 2733 4502 καὶ
2783 4450 3008 4513 τούτους
3047 4451 3227 4514 ὄντας,
3284 4451 3404 4522 μεθ’
3434 4444 3509 4504 ὧν
3539 4450 3732 4520 ἔλεγεν

2146 4536 2276 4606 περ)¹
2303 4537 2400 4610 τὴν
2428 4538 2687 4593 Ἰουδαίαν
2719 4541 2909 4608 gown»,
2939 4542 3040 4614 τῆς
3070 4543 3281 4614 πλάνης
3321 4542 3520 4604 αὐτοὺς
3550 4541 3732 4595 ἁπαλ-

456 4618 766 4680 Jerusalem
823 4624 1108 4695 reliquias,
1143 4623 1418 4679 liberante
1453 4635 1509 4680 et
1556 4626 1852 4696 eripiente,
1897 4627 2038 4682 nihil

2150 4628 2401 4696 λάξοντος
2434 4631 2525 4685 διὰ
2545 4633 2605 4686 τὸ
2628 4634 2749 4687 κατ’
2773 4634 3003 4706 ἐκλογὴν
3032 4636 3199 4688 ὄντων
3239 4637 3349 4688 τῶν
3371 4633 3431 4699 ἐξ
3459 4634 3734 4705 Ἱερουσα·

459 4713 568 4770 illis
590 4714 893 4785 quidquam
917 4714 1313 4785 impedimento
1339 4731 1463 4771 esse
1497 4716 1690 4787 possit.
1725 4717 1869 4772 Olim
1890 4719 2037 4772 enim

457 4819 585 4860 cum
613 4805 733 4859 alia:
759 4804 882 4859 aliis
909 4812 1098 4876 patere
1123 4814 1317 4875 gentes
1379 4805 1622 4861 nondum
1693 4807 2042 4872 didicissent,

456 4896 551 4953 sed
582 4896 637 4951 in
674 4911 733 4952 se
763 4905 954 4951 mutuo
984 4895 1281 4963 ferrentur,
1338 4898 1407 4953 ab
1438 4898 1565 4953 aliis
1600 4898 1666 4954 ad
1690 4901 1826 4955 alias
1854 4908 2043 4955 trans-

457 4990 540 5047 ire
597 4998 777 5045 tutum
827 4991 965 5046 satis
1003 5005 1113 5045 non
1144 4988 1368 5046 fuerat:
1410 4992 1507 5047 sed
1549 5000 1662 5047 tum
1702 4995 1963 5057 maxime,
1994 4996 2042 5051 si

455 5099 577 5156 qua:
607 5091 757 5139 certa
784 5090 945 5139 erant
970 5092 1024 5139 et
1055 5091 1196 5149 rata,
1227 5099 1446 5140 movere
1477 5085 1777 5156 quisquam
1813 5103 2037 5158 aggres-

455 5190 553 5231 sus
577 5173 805 5231 fuisset.
843 5174 915 5228 At
950 5174 1094 5230 Deus
1156 5188 1281 5229 cum
1324 5174 1619 5244 apostolis,
1639 5177 2036 5245 quosuniver-

456 5281 578 5323 sum
610 5268 765 5325 orbis
797 5266 1037 5323 stadium
1057 5267 1357 5322 decurrere
1388 5266 1640 5336 iubebat,
1675 5267 1775 5321 viae
1814 5267 2037 5322 liberta-

456 5368 565 5414 tem
596 5361 811 5430 aperire
850 5362 1166 5425 statuisset,
1199 5358 1432 5428 direptis
1456 5359 1716 5414 omnibus
1747 5360 2033 5431 sigillatim

512 5513 560 5547 ³¹
583 5514 706 5568 Act.
742 5529 972 5578 uxvnt,
1005 5513 1027 5565 1
1061 5528 1218 5581 seqq.
1335 5513 1380 5542 ⁵³
1404 5510 1563 5566 Joan.
1605 5513 1826 5577 vnn“.

2144 4719 2256 4790 λὴμ
2291 4722 2570 4792 μαθητῶν,
2625 4725 2852 4795 μηδενὸς
2901 4727 3084 4789 αὐτοῖς
3124 4724 3378 4795 ἐμποδὼν
3436 4726 3723 4795 ἐσομένου.

2142 4812 2316 4867 Πάλαι
2336 4813 2444 4884 γὰρ
2468 4814 2579 4868 τῶν
2598 4815 2766 4870 ἐθνῶν
2794 4818 3026 4880 ἁνικτως
3048 4827 3073 4854 ι)
3098 4818 3330 4887 ἑχόντων
3349 4815 3483 4885 πρὸς
3502 4816 3730 4887 ἄλληλα,

2142 4907 2253 4969 τοῖς
2277 4906 2575 4962 διαϐαίνειν
2605 4907 2665 4974 ἐξ
2696 4909 2897 4979 ἑτέρων
2935 4911 3014 4973 εἰς
3047 4910 3269 4979 ἑτέρους
3304 4908 3603 4971 ἐθέλουσιν,
3627 4907 3731 4960 οὐκ

2142 4993 2211 5070 ἦν
2254 4998 2372 5064 ὁδὸς
2414 5001 2688 5073 ἀσφαλής.
2752 5003 2941 5074 Πολλῷ
2969 5003 3026 5056 δὲ
3071 5002 3270 5073 μᾶλλον
3312 5003 3366 5055 εί
3412 5002 3505 5054 καὶ
3556 5000 3729 5052 κινεῖν

2096 5113 2103 5120 -
2144 5091 2464 5162 ἐπεχείρουν
2495 5092 2564 5146 τὰ
2598 5093 2923 5148 καθεστῶτα
2946 5112 2959 5124 ·
3002 5094 3136 5157 Θεὸς
3164 5094 3219 5148 δὲ
3245 5095 3356 5156 τοῖς
3406 5090 3729 5153 ἀποστόλοις

2140 5179 2232 5233 τὸν
2258 5180 2455 5252 δρόμον
2477 5181 2567 5235 τὸν
2599 5182 2879 5253 πανταχοῦ
2900 5186 3181 5254 προποιεῖν
3198 5182 3398 5236 ἐθέλων
3424 5181 3725 5249 ἀκώλυτον,

2142 5271 2242 5336 τὰς
2306 5274 2447 5335 κατὰ
2519 5275 2687 5346 μέρος
2763 5275 3012 5329 καθελὼν
3053 5274 3391 5337 δυναστείας,
3434 5271 3728 5341 Ῥωμαίοις

2138 5364 2320 5420 πάντα
2352 5367 2560 5437 φέρων,
2610 5367 2873 5435 ὑπέταξεν
2909 5367 3178 5439 σύμϐολον
3225 5364 3571 5426 καταλύσεως
3625 5363 3730 5436 τῆς

1766 5628 2003 5685 VABIAE
2049 5625 2454 5685 LECTIONES.

510 5705 522 5723 '
546 5699 581 5720 ¹¹¹
610 5696 1206 5774 ηκπρολαμΰάνουσιν.
1287 5704 1311 5731 ¹³
1344 5714 1433 5762 rp.
1464 5697 1725 5765 ἀνιάτως.
