4010 6208
344 302 479 365 2057

1478 294 2010 358 COMMENTARII
2046 293 2130 356 ΙΝ
2166 293 2453 356 ISAIAM.

3432 292 3573 357 2058

341 414 404 464 ix
426 408 697 475 δαιμόνων
727 406 1232 479 πολύαρχιας,ομίαν
1247 422 1305 460 τε
1332 406 1626 478 πολιτείαν,
1660 409 1757 464 καὶ
1781 407 1904 479 μίαν

2009 404 2214 474 regnis,
2242 416 2536 473 rerumque
2570 416 2784 457 summa
2806 400 2871 456 ad
2910 400 3185 457 Romanos
3216 400 3424 468 delata,
3453 418 3575 457 ma-

339 500 530 570 ἀρχὴν,
565 496 755 569 ὥσπερ
783 494 877 553 οὖν
899 497 1221 568 Ἐκκλησίαν
1250 498 1344 552 καὶ
1363 498 1569 562 πίστιν,
1599 498 1901 565 ἀπέδειξεν.

340 593 466 645 Ὅτε
499 591 562 658 δὴ
602 591 696 642 καὶ
757 591 970 661 Καῖσαρ
1003 588 1308 656 Αὔγουστος
1341 589 1778 660 ἐπιστρατεύσας
1806 591 1904 643 Δί-

334 682 585 752 γυπτίοις
601 681 963 752 κεχείρωται,.
979 680 1126 734 Θεοῦ
1148 682 1301 748 νότῳ
1319 680 1661 756 βιαίῳπρός
1691 681 1910 736 θάλασ-

332 788 459 828 σαν
478 774 584 828 τοῦ
616 773 885 842 ποταμοῦ
910 773 976 826 τὸ
1008 773 1163 842 ὕδωρ
1189 773 1591 840 κενώσαντος,
1617 774 1684 827 δι’
1718 767 1780 828 οὗ
1812 774 1907 827 καὶ

334 867 505 937 χωρὶς
564 865 743 936 μάχης
782 865 983 920 ἄϐατον
1036 865 1206 937 ᾤοντο
1234 866 1477 938 Καίσαρι
1518 866 1770 935 γενέσθαι
1807 866 1906 936 τὴν

332 956 632 1024 Αἴγυπτον,
656 957 742 1010 διὰ
772 956 975 1020 πλῆθος
1001 956 1117 1027 ἅμα
1146 957 1242 1011 καὶ
1272 958 1469 1021 πλάτος
1494 959 1603 1012 τῶν
1622 958 1908 1011 ἀποτελουο

336 1049 519 1118 μένων
547 1050 610 1100 ἐκ
639 1048 831 1101 τούτου
893 1047 1106 1117 λιμνῶν
1143 1047 1208 1112 ἃς
1236 1049 1442 1104 ἀνωθεν
1490 1050 1809 1120 καταρρέων
1848 1049 1906 1100 ὲν

333 1143 449 1203 tot;
470 1140 620 1193 κάτω
646 1139 869 1209 μέρεσιν
898 1140 1265 1208 ἀπεργάζεται
1299 1140 1389 1194 διὰ
1413 1141 1520 1194 τῶν
1544 1141 1685 1195 ἑπτὰ
1708 1141 1906 1210 στομά-

332 1246 466 1291 των,
494 1227 561 1281 δι’
587 1223 660 1280 ὧν
690 1228 958 1281 ἐκδίδοται
995 1229 1131 1299 πρὸς
1152 1228 1250 1298 τὴν
1271 1229 1665 1296 οάλασσαν,ἀ
1696 1230 1760 1302 δὴ
1796 1230 1907 1299 φάο

326 1336 562 1389 ραγτας
598 1321 632 1390 ἡ
659 1318 966 1389 προφητεία
1009 1318 1186 1375 καλεῖ.
1247 1320 1418 1373 Τοῦτο
1443 1320 1500 1374 δὲ
1531 1320 1690 1374 πάλιν
1744 1320 1906 1380 αὐτὸς

334 1412 485 1480 ἡμᾶς
515 1413 544 1462 ὁ
569 1411 856 1480 προφήτης
885 1410 1123 1464 διδάσκει
1155 1410 1329 1478 λέγων
1348 1426 1360 1442 ·
1405 1430 1424 1462 ι
1446 1411 1582 1464 Τάδε
1622 1411 1768 1479 λέγει
1796 1410 1907 1463 Κύ-

333 1518 458 1574 ριος
505 1499 728 1553 Σαϐαὼθ
751 1514 767 1529 ·
820 1501 931 1552 Kal
967 1501 1179 1554 πίονται
1203 1502 1252 1554 οἱ
1281 1501 1564 1570 Αἰγύπτιοι
1590 1502 1649 1554 τὸ
1684 1501 1826 1570 ὕδωρ
1845 1502 1905 1555 τὸ

335 1591 493 1663 παρά
515 1591 811 1646 θάλασσαν.
849 1591 908 1644 ὐ
933 1592 989 1645 δὲ
1017 1591 1263 1661 ποταμὸς
1292 1591 1530 1661 ἐκλείψει
1582 1594 1675 1645 καὶ
1705 1594 1905 1663 ξηραν-

335 1681 601 1752 θήσεται,
633 1700 653 1734 ι
718 1679 814 1733 καὶ
841 1679 910 1733 τὰ
956 1681 1049 1734 ἐπὶ
1103 1680 1337 1745 τούτοις.
1409 1680 1565 1734 Φίλον
1605 1681 1661 1733 δὲ
1688 1685 1753 1751 τῇ
1784 1680 1905 1752 θεία

298 1832 301 1837 ,
333 1774 526 1845 Γραφῇ
552 1775 644 1826 καὶ
666 1771 835 1833 αὐτὰς
865 1771 962 1835 τὰς
991 1771 1184 1843 λίμνας
1236 1773 1552 1839 θαλάσσας
1583 1772 1900 1827 ἀποκαλεῖν.

333 1867 579 1935 Πνεῦμα
600 1865 653 1918 δέ
672 1880 805 1934 φησι
847 1864 1214 1928 βιαιότατον,
1240 1864 1338 1934 τὴν
1362 1863 1658 1933 γενομένην
1697 1861 1790 1916 τοῦ
1814 1862 1903 1916 νό-

333 1974 430 2009 του
460 1956 603 2009 κατά
628 1954 735 2007 τῶν
755 1954 964 2008 ὑδάτων
992 1954 1397 2025 ὲπαγωγὴν,ιῖ›ς
1418 1953 1671 2007 τοσοῦτον
1703 1954 1903 2026 ξηραν-

334 2050 496 2119 θῆναι
529 2049 623 2100 τοῦ
655 2048 850 2101 Νείλου
873 2046 945 2102 τά
974 2048 1233 2119 στόματα.
1263 2048 1338 2113 ὡς
1369 2047 1629 2101 δύνασθαι
1655 2051 1748 2101 καὶ
1775 2046 1903 2115 μεθ⁴

333 2139 737 2207 ὑποδημάτων
769 2139 1100 2193 διαϐαίνειν
1126 2138 1299 2192 αὑτά.
1319 2138 1475 2201 Τινὲς
1493 2138 1549 2191 δὲ
1580 2137 1688 2191 τῶν
1718 2138 1772 2190 ἐν
1796 2139 1906 2200 τοῖς

330 2230 649 2299 προφήταις
679 2226 749 2281 τὰ
769 2229 867 2299 μὲν
923 2227 1104 2298 ῥητῶς
1141 2226 1462 2292 ἀξιοῦντεςο
1498 2229 1720 2291 ἐννοεῖν,
1753 2225 1823 2279 τὰ
1849 2226 1906 2279 δὲ

326 2321 396 2374 δι’
436 2320 790 2391 ἀλληγορίας.
829 2314 954 2372 υἷον
983 2319 1162 2390 ῥητῶς
1208 2319 1326 2387 μὶν,
1349 2319 1438 2372 τὸν
1468 2319 1693 2384 Ἰέσσαι,
1722 2337 1909 2390 τροπι-

332 2412 451 2477 κῶς
473 2412 555 2475 δὲ,
581 2411 677 2483 τὴν
707 2414 775 2467 ὲκ
797 2412 895 2481 τῆς
939 2411 1104 2464 αὑτοῦ
1133 2410 1294 2477 ῥίζης
1313 2411 1559 2479 ῥάϐδον.
1592 2414 1702 2466 Kal
1727 2412 1906 2482 ῥητῶς

334 2500 463 2570 μὲν,
502 2499 573 2554 τὰ
605 2499 759 2569 ἔθνη,
789 2499 1063 2569 τροπικῶς
1098 2499 1178 2565 δὲ,
1215 2499 1280 2553 δι’
1311 2495 1386 2554 ὧν
1419 2504 1476 2553 ὲν
1506 2504 1619 2565 τοῖς
1670 2502 1906 2573 πρόσθεν

332 2592 590 2661 ἐδηλοῦτο
634 2591 857 2661 θηρίων.
922 2591 1037 2643 Κάν
1084 2594 1197 2653 τοῖς
1231 2590 1369 2662 μετά
1399 2595 1605 2662 χεῖρας,
1631 2593 1907 2661 Αἴγυπτον

336 2684 438 2754 μὲν
465 2682 566 2754 τὴν
598 2683 861 2755 αἰσθητὴν
882 2682 1068 2754 χώραν
1111 2684 1221 2736 τῶν
1252 2685 1806 2754 Αίτυπτίων.φασὶν,
1838 2688 1905 2757 ἣν

328 2775 438 2830 οὐκ
489 2773 820 2843 ἐρημώσειν
850 2780 881 2830 ὁ
936 2775 1140 2843 Κύριος
1189 2775 1435 2847 εἴρηταιο
1482 2777 1805 2832 θάλασσαν
1848 2779 1904 2832 δὲ

332 2863 803 2933 ξηραινομένην,
829 2868 924 2935 τῆς
945 2866 1391 2936 εἰδωλολατρείας
1413 2867 1475 2920 τὸ
1505 2868 1733 2934 πλῆθος.
1771 2869 1905 2922 Τοῦ-

330 2971 394 3008 το
413 2954 526 3024 γὰρ
550 2957 866 3025 ὑποφαίνειν
885 2958 945 3010 τό
975 2974 1036 3010 τε
1078 2957 1383 3027 Ἐϐραῖκὸν,
1425 2960 1520 3012 καὶ
1546 2959 1653 3012 τῶν
1699 2960 1905 3014 λοιπῶν

330 3043 434 3108 τὰς
469 3046 708 3112 ἐκδόσεις
745 3048 1004 3104 εἰπόντων
1038 3049 1375 3117 συμφώνως,
1408 3049 1508 3103 καὶ
1549 3051 1974 3140 ἀναθεματιία

329 3151 430 3192 σει
477 3138 691 3204 Κύριος
730 3137 845 3205 τὴν
866 3136 1158 3207 γλῶσσαν
1208 3138 1525 3205 θαλάσσης
1579 3142 1900 3209 Αἰγύπτου.

333 3228 670 3283 Θάλασσαν
688 3230 746 3283 δὲ
772 3230 1003 3284 εἴωθενὸ
1033 3231 1190 3299 λόγος
1220 3230 1428 3298 καλεῖν,
1452 3233 1485 3304 ἢ
1512 3232 1619 3287 τῶν
1649 3233 1907 3287 ἀσεϐούν-

330 3336 445 3374 των
474 3319 537 3373 τί)
569 3320 793 3390 πλῆθος,
820 3321 852 3390 ἢ
876 3322 974 3391 τῆς
1012 3322 1210 3385 κακίας
1231 3322 1293 3375 τὸ
1326 3322 1473 3392 χύμα
1500 3323 1756 3394 ἁλμυρῶν
1797 3324 1905 3379 ῶσ-

332 3427 443 3479 περ
471 3410 678 3465 ὑδάτων
700 3410 1153 3486 πεπληρωμένης.
1191 3412 1282 3466 Διὸ
1347 3413 1443 3468 καὶ
1488 3414 1578 3468 τὸν
1631 3416 1903 3485 δράκοντα

332 3502 612 3558 κατοικεῖν
636 3517 798 3572 φησιν
824 3503 882 3553 ὲν
913 3504 1070 3574 αὐτῇ.
1095 3504 1263 3559 Ἀλλα
1285 3522 1345 3558 τε
1382 3506 1489 3575 γὰρ
1538 3507 1614 3570 ὥς
1658 3509 1807 3562 ἐστιν
1845 3512 1904 3562 ὲν

329 3593 471 3663 αὐτῇ
513 3592 662 3660 λέγει
695 3593 859 3647 Δαϐίδ
879 3607 893 3621 ’
927 3613 945 3645 ι
968 3595 1081 3648 Kal
1118 3596 1331 3666 δράκων
1365 3597 1422 3652 ὃν
1444 3598 1686 3662 ἔπλασας
1711 3600 1907 3668 ἐμπαί·

328 3682 449 3746 ζειν
484 3681 654 3753 αὐτῷ.
685 3701 704 3735 ι
739 3684 850 3737 Καὶ
877 3683 972 3737 νῦν
993 3680 1087 3737 οὖν
1114 3684 1405 3754 γλῶσσαν
1432 3688 1643 3743 ἀσεϐῶν
1669 3689 1758 3759 διά
1781 3690 1905 3744 τού-

329 3790 440 3826 των
461 3775 491 3826 ὁ
515 3774 671 3841 λόγος
700 3773 851 3844 δηλοῖ
887 3773 1055 3827 πάλαι
1080 3774 1170 3827 τὸν
1217 3776 1348 3829 Θεὸν
1405 3777 1767 3847 ἀγνοούντων,
1827 3779 1905 3842 ὡς

328 3864 542 3934 ἔφασκε
554 3865 773 3938 Φαραώο
802 3866 946 3920 «Οὐκ
963 3862 1079 3920 οἶδα
1095 3868 1186 3921 τὸν
1205 3868 1428 3937 Κύριον,
1448 3871 1543 3924 καὶ
1565 3872 1657 3924 τὸν
1685 3871 1903 3944 Ἰσραὴλ

328 3956 433 4009 οὐκ
465 3957 769 4010 ἀποστελῶ.
806 3978 826 4011 ι
857 3961 1073 4034 Ταύτην
1107 3958 1201 4015 οὖν
1229 3962 1687 4029 ἀναθεματίσειν
1716 3970 1899 4036 φησὶν,

330 4039 420 4091 ἵνα
451 4041 527 4112 μὴ
555 4043 651 4113 τὴν
687 4044 896 4117 πλάνην
960 4048 1181 4119 γλώσσῃ
1249 4050 1525 4122 Αἰγυπτίᾳ
1570 4052 1901 4121 κρατύνωσι,

333 4130 555 4198 μάθωσι
575 4132 633 4186 δὲ
666 4133 845 4190 λαλεῖν
864 4136 933 4191 τὰ
953 4137 1046 4191 τοῦ
1082 4138 1218 4193 Θεοῦ
1273 4139 1450 4207 λόγια,
1503 4140 1733 4211 ὀμνύναι
1759 4161 1818 4195 τε
1846 4145 1903 4198 ὲν

292 4292 297 4299 ,
331 4220 410 4292 τῷ
449 4222 675 4292 ὀνόματι
728 4228 934 4298 Κυρίου
984 4229 1235 4295 Σαϐαὼθ,
1268 4230 1296 4284 ὃ
1333 4230 1396 4301 δή
1433 4248 1601 4301 φησιν
1656 4234 1861 4302 προῖὼν
1885 4250 1898 4266 ·

332 4312 585 4368 ἐντεῦθεν
639 4319 767 4389 σιγᾷ
791 4319 862 4375 τὰ
912 4322 1043 4390 παρ’
1083 4322 1314 4387 ἐκείνοις
1365 4326 1711 4396 χρηστήρια,
1775 4344 1903 4397 γοη-

2008 494 2100 564 gni
2134 495 2446 548 da‘monum
2471 491 2706 545 labentis
2736 491 2953 560 imperii
2985 490 3446 559 signiﬁcationem
3479 494 3577 550 de-

2008 586 2110 652 dit,
2141 586 2468 654 unicumque
2503 583 2817 654 reipublica:
2837 582 3069 636 formam
3094 590 3148 636 et
3175 584 3571 650 monarchiatn,

2009 685 2067 732 ut
2094 686 2149 729 et
2183 675 2493 730 Ecclesiam
2526 689 2720 739 unam,
2757 687 3033 742 unamque
3087 674 3269 739 Iidem,
3306 673 3424 729 fore
3478 676 3577 731 de.

2009 767 2354 822 monstravit.
2382 766 2500 834 Quo
2520 766 2779 820 nimirum
2808 775 3052 835 tempore
3076 765 3258 821 Cmsar
3281 767 3567 836 Augustus

2007 856 2245 928 Egypto
2277 858 2485 927 potitus
2516 864 2621 920 est,
2682 854 2794 908 Deo
2832 855 2958 921 ipso.
2999 857 3111 909 noti
3147 857 3465 933 vehementia
3520 857 3573 910 in

2009 964 2154 1002 mare
2182 948 2417 1017 ﬂuminis
2444 963 2636 1016 aquam
2656 945 3017 1013 compellente,
3038 946 3197 1012 cujus
3225 946 3434 1001 auxilio
3461 948 3577 1002 sine

2009 1042 2179 1093 armis
2198 1054 2225 1091 a
2252 1054 2311 1093 se
2341 1039 2620 1109 prohiberi
2640 1053 2804 1107 posse
2825 1036 3096 1091 Caesarem
3130 1036 3395 1103 putabant
3413 1036 3575 1107 1Equ

2009 1131 2105 1201 ptii
2128 1170 2143 1193 ,
2173 1138 2396 1200 propter
2425 1129 2643 1183 lacuum
2678 1128 3095 1198 amplitudinem
3127 1136 3179 1179 ot
3210 1126 3577 1197 frequentiam

2007 1238 2148 1293 quos
2204 1222 2366 1277 cﬂicit
2427 1220 2581 1278 Nilus
2635 1222 2836 1276 declivi
2903 1221 3060 1291 192
3122 1220 3276 1272 alveo
3334 1234 3458 1275 sese
3519 1220 3579 1281 in

2009 1330 2153 1368 mare
2191 1314 2349 1369 ostiis
2381 1323 2587 1381 septem
2624 1327 2971 1375 exonerans;
3031 1325 3154 1382 qua:
3194 1325 3341 1363 nunc
3372 1326 3400 1362 a
3444 1325 3578 1380 pro.

2009 1411 2174 1480 pheta
2207 1412 2368 1465 valles
2398 1410 2763 1479 appellantur.
2798 1408 2854 1463 Id
2884 1422 3101 1462 rursum
3149 1407 3413 1477 prOphcta
3446 1407 3578 1462 alibi

2007 1502 2259 1566 docente,
2289 1502 2476 1556 licebit
2503 1500 2830 1569 intelligere.
2867 1500 2957 1553 Ait
2997 1500 3144 1554 enim
3174 1515 3187 1551 :
3232 1517 3253 1551 ι
3292 1499 3416 1555 llaec
3448 1499 3581 1559 dicit

2009 1592 2271 1647 Dominus
2304 1593 2669 1647 exercituum.
2725 1589 2793 1644 Et
2822 1592 3022 1654 bibent
3055 1589 3297 1660 .‘Egyptii
3357 1605 3577 1660 aquam,

2008 1699 2129 1753 quae
2153 1689 2309 1755 juxta
2355 1699 2506 1738 mare
2531 1692 2647 1749 est;
2678 1682 2876 1738 ﬂuvius
2901 1695 3084 1740 autem
3116 1683 3360 1747 delicict,
3385 1691 3440 1739 et
3467 1684 3580 1739 sic.

2006 1777 2220 1832 cabitttr
2255 1778 2322 1844 “,
2358 1796 2376 1828 ι
2443 1785 2500 1832 et
2555 1791 2676 1847 quas
2720 1785 2932 1846 postea.
2964 1777 3059 1831 Est
3101 1792 3233 1831 vero
3277 1776 3581 1847 Scriptum

2006 1868 2303 1938 familiare,
2338 1870 2493 1923 lacus
2531 1869 2682 1938 ipsos
2699 1869 2872 1923 maria
2902 1884 3123 1923 vocare.
3180 1870 3287 1923 Per
3328 1871 3580 1937 spiritum

2007 1962 2208 2017 deinde
2239 1962 2601 2026 vehementem,
2635 1962 2808 2015 austri
2839 1962 2893 2014 in
2925 1975 3097 2030 aquas
3150 1960 3383 2015 furentis
3407 1962 3581 2031 itnpe.

2008 2065 2122 2109 tum
2152 2053 2460 2122 signiﬁcat;
2524 2053 2682 2123 cujus
2728 2044 2859 2106 ﬂatu
2929 2054 3066 2107 adeo
3110 2054 3225 2122 ipsa
3274 2052 3381 2107 Nili
3436 2054 3580 2116 ostia

2007 2144 2342 2208 cxarueriut.
2375 2152 2488 2197 uta
2516 2143 2767 2198 calceatis
2808 2143 2989 2213 ιναῙὶρὶ
3032 2155 3259 2213 queant.
3284 2144 3426 2199 Sunt
3451 2158 3579 2202 vero

2008 2237 2254 2291 nonnulli
2283 2235 2377 2303 qui
2408 2236 2465 2289 in
2494 2235 2777 2305 prophetis
2803 2236 3028 2303 quidem
3074 2234 3202 2302 alia,
3240 2244 3401 2303 prout
3430 2235 3581 2294 scri-
3609 2234 3612 2238 λ

2008 2325 2244 2389 buntur;
2271 2325 2378 2378 alia
2414 2336 2598 2381 autem
2628 2339 2724 2393 per
2754 2324 3071 2392 allegoriam
3134 2326 3361 2393 intelligi
3380 2325 3580 2385 debere

2008 2417 2370 2471 arbitrentur.
2424 2413 2668 2484 Exempli
2694 2415 2890 2483 gratia,
2909 2413 2974 2466 'in
3004 2412 3175 2470 Jcsstc
3198 2430 3416 2479 nomen,
3439 2415 3577 2473 nihil

2008 2519 2207 2577 praeter
2232 2523 2395 2576 quam
2425 2505 2571 2575 quod
2602 2506 2768 2560 verbo
2789 2504 3027 2570 dicitur;
3085 2504 3141 2558 in
3194 2506 3340 2559 illius
3390 2519 3577 2571 autem

2008 2593 2207 2646 radicis
2230 2594 2407 2660 virga,
2446 2594 2682 2662 ﬁgurate
2710 2591 2839 2660 quid
2873 2591 3020 2646 aliud
3052 2591 3376 2661 signiﬁcari.
3442 2592 3576 2657 Item

2008 2697 2133 2736 cum
2186 2691 2376 2752 gentes
2422 2682 2581 2748 dixit,
2636 2680 2705 2734 ad
2734 2682 2974 2737 litteram
3015 2684 3351 2749 sumi;oum
3384 2685 3574 2743 varias

2007 2781 2188 2827 autem
2233 2772 2470 2827 ferarum
2502 2772 2714 2841 species
2777 2787 2944 2841 supra
2970 2774 3297 2835 nominavit.
3358 2774 3572 2845 tropice

2006 2862 2213 2932 aliquid
2271 2862 2419 2917 aliud
2469 2861 2772 2932 designari.
2808 2861 2864 2915 In
2895 2863 2981 2918 his
3033 2863 3400 2935 deindc,qute
3452 2866 3566 2933 jam

2007 2954 2243 3024 agimus,
2277 2954 2369 3008 ubi
2409 2953 2476 3008 de
2502 2951 2736 3025 IEgypto
2761 2953 3023 3023 loquitur,
3074 2957 3349 3024 regionem
3393 2956 3574 3029 ipsam

2005 3047 2258 3103 sensibus
2291 3055 2587 3117 patentem,
2613 3058 2665 3102 et
2684 3046 2960 3119 Egyptiis
3007 3056 3190 3102 notam
3245 3042 3605 3103 habitatori-'

2008 3137 2110 3191 bus
2147 3136 2484 3205 signiﬁcari;
2545 3152 2706 3206 quam
2765 3152 2873 3191 non
2928 3153 2989 3203 se
3032 3139 3419 3204 desalaturum,
3478 3138 3575 3199 sed

2007 3244 2155 3283 mare
2174 3228 2556 3297 exarefactum,
2615 3226 2806 3293 idest,
2865 3228 3139 3282 idolorum
3176 3230 3391 3282 turbam
3442 3229 3578 3291 dicit

2006 3316 2288 3372 Dominus.
2313 3317 2430 3373 lloc
2446 3318 2591 3373 enim
2617 3319 2833 3374 videtur
2858 3319 3112 3383 innuere,
3142 3319 3189 3374 si
3224 3319 3290 3372 ad
3321 3318 3579 3376 llebrazo-

2008 3426 2126 3464 rum
2158 3411 2359 3475 fontes,
2397 3421 2449 3466 et
2473 3411 2813 3481 reliquorum
2849 3412 2905 3465 in
2931 3412 3195 3467 vertendo
3235 3427 3572 3468 consensum

2006 3503 2294 3571 respicias,
2324 3503 2415 3573 qui
2441 3503 2820 3558 detestatnrum
2845 3504 3128 3557 Dominum
3151 3504 3387 3575 linguam
3410 3505 3576 3569 mari;

2004 3590 2224 3662 Afgypti
2262 3592 2541 3649 dixerunt.
2569 3592 2723 3647 Solet
2751 3607 2887 3648 vero
2927 3592 3210 3662 Scriptura
3262 3594 3425 3647 maris
3472 3596 3606 3664 ap-l

2010 3683 2383 3751 pellationem,
2408 3683 2493 3737 vel
2530 3683 2824 3752 impiorum
2867 3681 3303 3746 multitudinem,
3340 3683 3424 3736 vel
3473 3698 3572 3738 ne-
3602 3666 3618 3708 θ

2004 3775 2198 3844 quitia,
2238 3780 2497 3843 tanquam
2527 3774 2701 3828 maris
2760 3772 3062 3842 salsugine,
3110 3773 3303 3843 plenos
3366 3772 3572 3830 ﬂuctus

2003 3865 2311 3933 designare.
2371 3864 2550 3933 Atque
2580 3863 2713 3918 hinc
2744 3870 2849 3927 est,
2885 3862 3030 3931 quod
3073 3863 3129 3917 in
3188 3877 3255 3916 co
3276 3864 3574 3917 draconem

2003 3962 2253 4017 habitare
2282 3960 2411 4032 (alia
2441 3960 2586 4015 enim
2634 3959 2690 4013 in
2724 3959 2846 4029 ipso
2874 3958 3038 4011 etiam
3061 3958 3333 4012 exsistere
3362 3965 3577 4011 certum

2002 4056 2131 4128 est),
2169 4054 2308 4125 apud
2345 4054 2602 4109 Davidem
2646 4054 2972 4123 reperimus,
2996 4055 3088 4107 ubi
3124 4054 3348 4108 aitztEt
3379 4054 3574 4120 draco,

2002 4163 2163 4217 quem
2184 4145 2431 4201 formasti
2466 4145 2532 4199 ad
2558 4144 2898 4200 illudcndum
2932 4145 2980 4200 ei
3013 4145 3080 4199 ³⁵.
3119 4162 3138 4196 ι
3178 4145 3368 4214 Itaque
3384 4144 3577 4214 etipso

2004 4252 2147 4293 nunc
2167 4238 2359 4307 lingua
2394 4235 2635 4302 nomine,
2671 4235 2890 4305 impios
2923 4249 3113 4290 eorum
3144 4249 3453 4300 sermones,
3480 4235 3575 4304 qui

2003 4330 2170 4384 Deum
2205 4330 2332 4382 olim
2356 4329 2696 4399 ignorarunt,
2745 4327 3043 4396 intelligit:
3105 4325 3324 4396 qualem
3404 4312 3605 4387 exsti-E

330 4405 453 4459 τεία
485 4423 546 4459 τε
580 4409 728 4462 πᾶσα
768 4412 861 4465 καὶ
891 4412 1070 4484 πλάνη
1101 4412 1238 4482 μετὰ
1263 4415 1361 4485 τὴν
1391 4416 1484 4469 τοῦ
1516 4419 1763 4488 Σωτῆρος
1780 4423 1902 4474 ἐπι-

2007 4422 2140 4476 tisse
2201 4420 2389 4475 verbis
2453 4419 2629 4490 ipsius
2681 4419 3020 4502 l‘ltaraonem
3082 4417 3419 4486 colligimus.
3487 4415 3577 4470 Ait

330 4494 394 4566 δη
403 4497 537 4567 μίαν
559 4500 834 4557 ἐπαύσατο
858 4503 968 4557 τῶν
1007 4506 1489 4572 Λίγυπτιαζόντων
1513 4510 1574 4563 τὸ
1610 4511 1896 4583 πρότερον.

2006 4514 2151 4569 enim
2186 4530 2201 4567 :
2231 4531 2251 4566 ι
2280 4511 2569 4565 Dominum
2601 4526 2708 4566 non
2736 4510 2864 4565 novi
2892 4550 2907 4575 ,
2964 4526 3067 4576 nec
3109 4510 3367 4566 lsraelem
3415 4504 3596 4565 dimit-

346 4593 459 4640 tam
488 4588 555 4641 ”.
587 4608 607 4641 ›
644 4589 794 4648 llanc
818 4594 984 4663 igitur
1013 4595 1398 4657 detestatum»:
1435 4615 1495 4657 se
1521 4602 1816 4670 signiﬁcat,
1840 4614 1901 4660 ut
1938 4621 2179 4663 errorem
2212 4603 2468 4674 Egyptia
2506 4604 2684 4674 lingua
2713 4603 2855 4661 tueri
2884 4618 2990 4657 non
3027 4612 3235 4673 pergat.
3303 4601 3397 4677 S¢d
3455 4613 3586 4655 εδηθ

332 4690 418 4736 cta
450 4682 545 4739 Dei
571 4687 794 4740 oracula
824 4687 1026 4758 eloqui,
1077 4700 1130 4744 et
1171 4691 1225 4745 in
1266 4692 1478 4746 Domini
1517 4695 1858 4751 exercituum
1925 4700 2168 4762 nomine,
2238 4696 2385 4751 sicut
2448 4697 2501 4749 in
2564 4696 2918 4766 sequentibus
2948 4694 3045 4763 ait,
3088 4694 3273 4761 jurare
3302 4693 3577 4749 addiscat.

335 4777 475 4835 llinc
506 4782 651 4852 apud
678 4783 801 4837 illos
830 4798 930 4837 nec
959 4785 1071 4851 jam
1134 4788 1354 4842 oracula
1401 4790 1733 4858 respondere
1761 4793 2008 4849 videmus
2064 4792 2323 4863 amplius,
2404 4806 2506 4846 nec
2567 4792 2737 4846 ullum
2809 4791 2967 4861 193
3016 4792 3222 4846 erroris
3292 4805 3465 4861 genus
3523 4798 3578 4846 ct

330 4866 723 4926 incantationis
746 4871 1081 4944 Egyptians
1110 4877 1307 4946 vigere,
1339 4893 1405 4932 ex
1430 4886 1537 4947 quo
1555 4878 1893 4937 Salvatorem
1928 4883 2131 4940 versa‘ri
2163 4884 2218 4939 in
2252 4882 2415 4937 terris
2442 4881 2689 4951 contigit.

302 5020 305 5023 ,
401 4965 497 5028 Ei;
534 4964 593 5018 δὲ
620 4964 683 5017 τὸ
712 4968 979 5036 ποταμὸν
1009 4967 1154 5023 ἰδεῖν
1206 4974 1690 5044 πατασσόμενον,
1724 4978 1897 5048 ἀφορ-

332 5054 441 5123 μὰς
471 5055 539 5106 ἐκ
568 5053 677 5106 τῶν
705 5055 896 5125 πρώην
928 5057 1236 5128 εἰρημένων
1270 5060 1570 5133 ληψόμεθα,
1599 5064 1688 5117 διὰ
1724 5064 1784 5119 τδ
1822 5065 1897 5135 μὴ

320 5140 623 5211 ⁸βούλεσθαι
650 5143 745 5199 τὸν
778 5144 906 5200 λαὸν
952 5147 1140 5202 τοῦτον
1171 5142 1233 5204 rb
1273 5150 1416 5224 ὕδωρ
1454 5154 1545 5207 τοῦ
1586 5156 1810 5226 Σιλοάμ,
1838 5159 1898 5211 τὸ

336 5236 699 5305 πορευόμενον
741 5238 934 5309 ἡσυχῇ.
987 5240 1087 5294 Διά
1141 5241 1300 5296 τοῦτο
1335 5243 1443 5299 ἰδοὺ
1478 5245 1678 5316 Κύριος
1707 5248 1897 5315 ἀνάγει

334 5327 418 5396 ἐφ’
452 5328 597 5398 ὑμᾶς
624 5327 686 5380 τὸ
720 5326 864 5399 ὕδωρ
892 5329 988 5383 τοῦ
1033 5333 1278 5403 ποταμοῦ
1318 5335 1381 5386 τὸ
1424 5336 1666 5406 ἰσχυρὸν,
1699 5327 1792 5413 κα).
1838 5339 1899 5395 τδ

399 5503 445 5536 ⁸⁸
472 5502 579 5558 lsa.
613 5518 726 5567 xu,
749 5504 804 5568 4,
841 5505 896 5561 5.
972 5510 1018 5542 ⁸³
1044 5509 1188 5565 Psal.
1222 5526 1335 5575 cut,
1363 5510 1456 5565 26.
1530 5513 1575 5544 ”
1607 5512 1778 5571 Exod.
1810 5533 1863 5580 ν,
1902 5516 1955 5575 3.

1582 5629 1813 5687 VARIAZ
1851 5631 2239 5690 LECTIONES

412 5720 437 5748 ⁸
468 5729 559 5783 71>.
583 5713 882 5778 ἀξιοῦνται.

543 5806 817 5870 Ρλτιιοι..
856 5809 973 5870 Gn.
1017 5809 1380 5875 LXXXVII.

2066 4976 2369 5043 Quominns
2418 4984 2599 5031 autem
2671 4976 2888 5044 ﬂuvium
2928 4991 3237 5044 percussum
3285 4975 3356 5029 iri
3410 4972 3577 5029 dubi-

2000 5079 2202 5133 temus,
2233 5084 2301 5122 ex
2355 5069 2446 5131 iis,
2488 5083 2609 5138 qua:
2650 5068 2902 5137 superius
2955 5070 3063 5132 iam
3106 5067 3252 5121 dicta
3285 5074 3434 5128 sunt,
3472 5064 3573 5119 ad-

2003 5160 2124 5213 duci
2193 5174 2291 5213 nos
2322 5160 2581 5227 patimur,
2616 5159 2758 5229 quod
2791 5158 3051 5230 populum
3083 5157 3252 5222 hunc,
3282 5156 3375 5226 qui
3398 5169 3571 5225 aquas

2006 5249 2166 5306 Siloa:
2196 5250 2396 5305 leuiter
2433 5250 2664 5306 ﬂuentes
2690 5254 2974 5321 reiecerat.
3012 5251 3238 5304 multam
3273 5246 3570 5324 rapidioris

2004 5339 2154 5394 ﬂuvii
2188 5354 2421 5411 aquam,
2488 5339 2541 5394 id
2594 5349 2679 5396 est
2742 5341 3123 5413 Assyriorum,
3173 5353 3570 5410 perpessurum

3138 5810 3213 5879 (35
