4010 6208
428 305 566 369 Ξῧὸθ

1545 254 1555 266 ’
1667 298 2046 363 ‘PROCOPII
2082 301 2327 364 eum

3536 309 3679 373 2060

428 416 664 473 monuit.
721 412 815 468 Sic
869 411 1037 484 igitur
1082 419 1138 467 et
1198 424 1345 466 nunc
1399 405 1721 479 ‘IEgyptium
1753 421 1998 477 regnum,

2112 409 2271 475 πολὺ,
2298 410 2399 466 τὸν
2439 409 2663 482 βασιλέα
2698 411 2816 467 τῶν
2851 413 3172 487 ’Δσσυρίων.
3222 414 3413 481 Οὕτως
3453 416 3547 472 οὖν
3582 419 3679 473 καὶ

408 510 569 581 quod
605 524 633 563 a
667 507 871 564 srcculo
907 505 1184 568 exstabat,
1220 500 1490 574 prepheta
1523 498 1822 572 signiﬁcat,
1860 499 1998 555 sicut

2103 501 2201 555 νῦν
2245 502 2306 556 τὸ
2336 501 2396 568 ἐξ
2425 503 2619 568 αἰῶνος
2652 505 2710 559 ιν
2745 506 3008 578 Αἰγύπτῳ
3044 506 3312 578 βασίλειον
3331 509 3360 561 ό
3391 510 3678 581 προφήτης

404 614 479 658 et
507 606 624 675 ipse
650 611 810 657 antea
850 599 1141 671 Assyrium
1173 596 1602 652 demonstravit.
1660 595 1780 664 Ipse
1800 593 1998 650 deinde

2103 592 2274 664 δηλοῖ,
2313 594 2461 648 καθὰ
2507 595 2724 666 φθάσας
2764 597 2929 662 αὐτὸς
2972 598 3067 652 ἐπὶ
3108 596 3201 652 τοῦ
3255 598 3517 670 βασιλέως
3568 601 3679 656 τῶν

427 695 679 750 Ezechiel
712 692 1007 762 allegorice
1038 689 1265 760 zEgypti
1289 688 1477 757 ﬂuvios
1511 684 1829 755 usurpavit,
1863 700 2003 754 quos

2115 683 2416 756 ’Δσσυρίων
2461 687 2807 757 ὲρμήνευσαν
2831 697 2883 743 P.
2913 688 3024 742 Καὶ
3058 689 3321 760 Ίεζεκιὴλ
3351 690 3410 744 δὲ
3441 690 3679 762 ἀλληγο-

426 801 483 841 se
509 785 723 838 Pharao
749 783 950 839 fecisse
976 780 1267 853 gloriatur.
1299 780 1394 834 Est
1419 792 1552 832 vero
1580 776 1842 830 desolatio
1885 790 1998 845 quae

2105 776 2273 847 ρικῶς
2303 779 2609 849 Αἰγύπτου
2638 779 2790 848 λέγει
2820 781 3157 850 ποταμοὺς,
3193 780 3287 845 οὓς
3314 782 3532 853 -Φαραὼ
3575 800 3678 838 πε-

425 880 694 934 scelerum
722 891 894 931 causa
946 873 1206 940 mittitur,
1252 872 1296 927 si
1330 871 1529 925 idoneo
1570 878 1820 938 tempore
1863 882 2001 922 con-

420 972 620 1041 tingat,
662 984 760 1040 pro
796 982 991 1039 magno
1033 965 1130 1021 Dei
1175 962 1445 1019 beneﬂcio
1499 959 1862 1015 numeranda.
1895 958 2003 1013 Ne-

423 1080 529 1133 que
558 1078 687 1117 vero
719 1062 764 1117 si
799 1062 1044 1131 spiritum
1083 1057 1428 1112 vehementem
1475 1053 1783 1107 Romanum
1826 1051 2001 1122 impe-

423 1164 659 1206 ratorem
685 1151 915 1214 dixeris,
946 1164 976 1202 a
1011 1163 1118 1216 quo
1147 1145 1461 1218 IEgyptiaei
1496 1144 1651 1214 regni
1677 1143 1825 1212 cepit
1853 1157 2000 1196 ever-

423 1243 548 1302 sio:
587 1256 710 1295 meo
756 1239 972 1311 judicio
1031 1237 1331 1291 aberraris.
1382 1233 1562 1288 Fuere
1615 1232 1762 1287 enim
1807 1239 1999 1301 postea

426 1331 665 1405 Egypto
697 1347 726 1385 a
781 1329 1046 1385 Itomanis
1088 1325 1333 1397 praefecti
1370 1323 1485 1388 alii,
1518 1323 1613 1392 qui
1649 1323 1916 1378 distincto
1946 1332 2000 1377 et

424 1424 695 1497 peculiari
732 1435 983 1483 munere,
1016 1434 1105 1473 res
1134 1431 1329 1472 eorum
1365 1416 1613 1470 urbanas
1641 1423 1697 1470 et
1728 1414 1998 1469 militares

373 1575 381 1583 ,
423 1518 898 1577 administrarent,
931 1526 1071 1582 quos
1096 1507 1434 1565 nunc.valles
1497 1506 1762 1576 appellat,
1798 1513 1860 1560 ut
1891 1506 1997 1560 loci

423 1609 826 1664 concavitatem
868 1603 1058 1667 simul,
1098 1610 1154 1656 et
1205 1614 1504 1666 summum,
1569 1599 1718 1671 quod
1757 1598 1863 1652 fuit
1895 1613 1997 1653 an-

424 1708 508 1753 tea
535 1698 682 1767 ﬂuvii
705 1695 929 1750 nomine
958 1692 1309 1762 designatum
1351 1687 1672 1758 imperium,
1724 1687 1994 1743 humilius

418 1793 526 1860 jam
571 1788 774 1842 factum
829 1798 953 1841 esse
981 1781 1285 1851 intelligas.
1336 1778 1580 1834 Numero
1606 1778 1807 1833 deinde
1831 1786 1995 1848 septe-

400 1884 599 1946 maria,
633 1878 849 1942 eorum,
876 1876 971 1948 qui
1008 1882 1255 1947 praesunt
1303 1864 1544 1942 Egvpto
1581 1869 1993 1925 multitudinem

329 1996 345 2012 -
422 1973 737 2042 expressit:
783 1968 988 2038 quibus
1040 1965 1260 2043 tandem
1307 1963 1568 2032 peractis,
1616 1960 1734 2030 ipsa
1774 1957 1996 2030 IEg-ypti

396 2065 577 2133 'rcgio
634 2060 990 2130 Evangelium
1045 2056 1377 2111 docentibus
1430 2055 1631 2124 patuit.
1693 2052 1805 2108 llos
1849 2055 1997 2109 enim

394 2151 603 2223 ‘popali
660 2150 836 2204 relicti
894 2153 1125 2209 nomine,
1147 2147 1235 2216 qui
1264 2145 1484 2214 ﬂuvium
1533 2143 1800 2198 calceatus
1835 2145 1999 2213 traje-

424 2258 602 2299 riurus
644 2247 734 2306 sit,
767 2242 889 2297 ideo
935 2238 1174 2295 fortasse
1203 2237 1496 2309 signiﬁcat.
1529 2238 1678 2308 quod
1708 2236 1912 2293 Mosem
1944 2246 1999 2292 et

420 2337 646 2391 Josuam
708 2333 906 2403 pedum
970 2330 1342 2385 calceamenta
1412 2327 1721 2395 dimittere,
1775 2337 1999 2400 propter

422 2438 608 2489 terrae,
663 2439 832 2493 quam
884 2408 1202 2485 calcabant,
1256 2418 1631 2485 sanctitatem,
1664 2420 1852 2488 jussos
1876 2434 2000 2474 esse

395 2518 660 2587 'legimus
689 2514 756 2545 "‘
791 2532 803 2568 :
836 2512 922 2568 cui
966 2525 1089 2566 cum
1121 2508 1279 2564 valde
1313 2510 1598 2565 dissimilis
1625 2510 1697 2565 sit
1729 2508 1998 2580 )Egyptus

426 2610 695 2681 (profana
748 2604 1011 2661 nimirum
1065 2613 1119 2657 et
1159 2602 1440 2673 impura),
1473 2600 1698 2656 ﬂuvium
1737 2602 1997 2656 calceatis

424 2698 660 2768 pedibus
693 2694 955 2764 trajicere
985 2691 1271 2760 iubentur.
1314 2692 1533 2746 Arescit
1565 2698 1746 2746 autem
1774 2694 1866 2761 qui
1902 2690 1997 2746 Dei

414 2790 614 2859 spiritu
651 2785 934 2841 vehementi
968 2783 1163 2838 victus
1214 2798 1279 2838 ac
1307 2790 1608 2852 superatus
1653 2791 1762 2837 est.
1813 2782 2000 2853 Itaque

427 2896 537 2936 non
576 2884 827 2934 meretur
856 2873 1078 2945 Egypti
1111 2873 1313 2934 solum,
1362 2879 1421 2925 ut
1460 2870 1668 2926 nudum
1703 2880 2000 2928 transeun-

2028 1755 2069 1809 Β

2100 868 2385 937 ποιηκέναι
2412 868 2822 932 ἀλαζονεύεται.
2863 871 3198 942 Εὑεργεσίας
3226 872 3283 926 δὲ
3326 873 3461 927 Θεοῦ
3496 877 3529 945 ἡ
3568 875 3678 930 ἀπὸ

2105 960 2396 1031 μοχθηρῶν
2428 962 2767 1032 πραγμάτων
2790 962 3091 1033 ἐρήμωσις
3147 966 3207 1017 ὲν
3246 964 3422 1036 καιρῷ
3471 967 3675 1035 ἐπαγο-

2104 1051 2239 1122 μένη
2272 1053 2477 1123 δεκτῷ”
2532 1052 2768 1122 πνεῦμα
2798 1054 2855 1107 δὲ
2899 1055 3105 1119 βίαιον
3145 1055 3248 1109 οὐκ
3281 1056 3348 1110 ἂν
3404 1057 3677 1127 ἁμάρτοις

2100 1142 2273 1210 λέγων
2298 1143 2388 1196 τὸν
2413 1144 2628 1216 πρῶτον
2655 1143 2948 1197 καθελόντα
2970 1146 3070 1213 τὴν
3092 1143 3373 1214 βασιλείαν
3397 1146 3673 1213 Αἰγύπτου

2115 1232 2402 1304 Ῥωμαίων
2457 1236 2714 1306 ἄρχοντα.
2750 1230 2906 1290 ’Μεθ’
2946 1235 2975 1288 δ
3026 1235 3215 1290 λοιπὸν
3262 1238 3485 1309 μερικοὶ.
3522 1239 3675 1307 παρὰ

2098 1325 2313 1388 τούτοις
2344 1325 2450 1378 ὑπὸ
2483 1325 2772 1395 Ῥωμαίων
2803 1326 3152 1397 κατέστησαν
3183 1326 3444 1397 ἄρχοντες
3469 1328 3547 1381 ’ὲν
3566 1330 3676 1383 Ai-

2098 1415 2291 1489 γύπτῳ
2318 1418 2581 1471 πολιτικοὶ
2632 1436 2688 1471 τε
2724 1419 2816 1471 καὶ
2849 1419 3266 1489 στρατιωτικοὶ,
3322 1418 3419 1474 νῦν
3473 1420 3674 1491 ὀνομα-

2099 1508 2318 1579 ζόμενοι
2352 1509 2670 1580 φάραγγες,
2706 1510 2795 1564 διὰ
2822 1509 2883 1563 τὸ
2913 1509 3112 1575 κοῖλον,
3148 1508 3337 1581 ὥσπερ
3370 1511 3465 1565 καὶ
3482 1529 3676 1566 ταπει-

2097 1601 2314 1672 νότερον
2338 1602 2437 1671 τῆς
2467 1600 2702 1672 καθόλης
2746 1604 2803 1654 ὲν
2845 1602 2982 1672 αὐτῇ
3019 1600 3212 1673 πρώην
3250 1603 3445 1673 ἀρχῆς,
3478 1604 3675 1674 ἢν-κέ-

2099 1691 2269 1762 κληκε
2309 1694 2600 1762 ποταμόν.
2646 1691 2719 1744 Τὸ
2771 1691 2830 1746 δὲ
2866 1691 3069 1763 πλῆθος
3098 1691 3207 1746 τῶν
3252 1694 3372 1747 κατ’
3398 1694 3674 1762 Αἴγυπτον

2099 1783 2376 1853 ἀρχόντων
2399 1783 2427 1834 ὁ
2448 1782 2558 1835 τῶν
2585 1780 2735 1834 ἑπτὰ
2752 1782 2991 1853 παρίστη
3001 1797 3082 1834 σιν
3098 1781 3224 1853 apio
3233 1782 3352 1852 μός.
3374 1782 3593 1836 Τούτων
3610 1784 3673 1839 δὲ

2098 1876 2430 1945 γενομένων,
2450 1874 2587 1945 βατὴ
2600 1873 2792 1944 γέγονε
2820 1874 3009 1929 λοιπὸν
3026 1877 3139 1937 τοῖς
3157 1875 3671 1946 εὐαγγελιζομένοις

2100 1969 2132 2039 ἠ
2163 1967 2338 2039 χώρα.
2372 1967 2612 2045 Τούτους
2636 1969 2743 2038 γὰρ
2771 1966 2973 2039 [καλεῖ]
3017 1968 3497 2038 καταλειφθέντα
3519 1968 3670 2023 λαόν

2096 2058 2167 2111 ἐν
2207 2056 2555 2127 ὑποδήμασι
2602 2056 2710 2111 τὸν
2760 2056 3028 2126 ποταμὸν
3065 2057 3480 2123 διαϐαίνοντα,
3532 2056 3670 2129 τάχα

2099 2149 2286 2219 ἐπειδὴ
2312 2150 2538 2201 Μωῦσεῖ
2583 2148 2681 2201 καὶ
2719 2145 2896 2216 Ἰησοῦ
2949 2145 3197 2201 λέλεκται
3240 2145 3400 2201 λῦσαι
3452 2150 3513 2203 τὸ
3543 2147 3671 2206 ὁπός

2098 2239 2243 2309 δημα
2274 2238 2367 2292 τοῦ
2397 2238 2578 2304 ποδὸς,
2605 2238 2695 2291 διὰ
2723 2238 2784 2290 τδ
2817 2237 2918 2308 τὴν
2947 2237 3076 2309 γῆν,
3110 2239 3195 2308 ἐφ’
3224 2233 3293 2310 ἦς
3323 2238 3667 2307 εἱστήκεσαν,

2100 2316 2260 2399 ἁγίαν
2302 2325 2477 2384 εἶναι’
2516 2330 2590 2400 μὴ
2635 2329 2890 2403 τοιαύτην
2934 2330 2991 2383 δὲ
3041 2328 3181 2384 εἶναι
3228 2330 3327 2400 τὴν
3370 2328 3667 2397 Αἴγυπτον,

2099 2419 2235 2474 ἀλλὰ
2275 2419 2524 2491 βέϐηλον,
2556 2418 2870 2474 κελεύονται
2893 2418 2985 2473 τὸν
3010 2420 3261 2489 ποταμὸν
3291 2417 3668 2488 ὑποδεδεμένοι

2100 2512 2454 2565 καταπατεῖν.
2479 2511 2808 2582 Ξηραίνεται
2836 2511 2891 2564 δὲ
2907 2511 3085 2577 βιαίῳ
3103 2510 3239 2563 Θεοῦ
3256 2511 3670 2580 κεκρατημένος

2099 2604 2412 2672 πνεύματι.
2455 2602 2655 2673 Διόπερ
2689 2601 2905 2667 ἀνάξιόν
2934 2603 3050 2655 ἐστι
3072 2602 3138 2654 τὸ
3158 2601 3352 2670 ἔδαφος
3390 2602 3667 2669 Αἰγύπτου

2099 2694 2304 2764 γυμνὸν
2329 2694 2583 2759 δέξασθαι
2603 2694 2662 2748 τὸ
2691 2695 2836 2764 [χνος
2855 2694 2960 2748 τῶν
2982 2694 3455 2766 διαπορευομένων
3474 2694 3665 2763 ἁγίων.

2104 2784 2270 2838 Ὅθεν
2310 2785 2405 2837 καὶ
2437 2785 2485 2838 οἱ
2516 2784 2577 2837 τὸ
2605 2784 2789 2855 πάσχα
2821 2784 3090 2847 ἐσθίοντες
3123 2786 3250 2848 τοὺς
3281 2784 3447 2847 πόδας
3472 2783 3670 2854 ὑποδή-

2105 2892 2268 2947 μασιν
2308 2875 2729 2944 ’ἁσφαλεζονται.
2779 2874 2996 2938 Φθάσας
3026 2875 3082 2928 δέ
3104 2892 3191 2938 τις
3243 2874 3335 2928 ἐπὶ
3367 2875 3458 2929 τὸν
3513 2874 3668 2943 ἆγιον

425 2975 564 3028 tium
615 2977 935 3026 sanctorum
985 2965 1215 3035 vestigia
1263 2964 1487 3019 sentiat.
1530 2962 1774 3033 Indeque
1828 2979 1926 3020 eos
1954 2964 1998 2996 "

2101 2965 2288 3029 τόπον,
2316 2964 2652 3019 ὑπολυέσθω.
2685 2965 2775 3019 Διὸ
2811 2967 2908 3019 καὶ⁵
2935 2968 3051 3029 τοῖς
3082 2966 3402 3028 ἀποστόλοις
3430 2965 3666 3034 ἐλέγετο,

427 3066 519 3137 qui
551 3062 752 3134 pascha
788 3059 950 3115 edere
971 3057 1332 3130 jubebantur,
1360 3056 1565 3111 calceis
1598 3057 1763 3125 pedes
1794 3056 1997 3112 habere

2108 3058 2182 3129 μὴ
2215 3058 2537 3127 ὑποδήματα
2570 3056 2889 3128 αἴρειν.Καὶ
2918 3059 3277 3131 ἐσται,φησὶ,
3301 3057 3665 3126 τῷἹσραὴλ,

428 3154 670 3208 munitos
702 3148 995 3219 Oportebat
1029 3147 1098 3201 ⁸⁷.
1128 3145 1198 3198 At
1237 3145 1331 3215 qui
1370 3145 1435 3198 ad
1473 3159 1691 3200 sacrum
1733 3160 1997 3214 pervene-

2101 3148 2181 3214 ὡς
2210 3149 2248 3215 ή
2283 3148 2473 3217 ἡμέρα
2507 3147 2604 3201 ὅτε
2624 3148 2884 3217 ἐξῆλθεν
2916 3151 2986 3204 ἐκ
3036 3150 3149 3221 γῆς
3184 3153 3506 3220 Αἰγύπτου.
3535 3151 3669 3203 Τότε

425 3248 500 3301 rit
553 3247 759 3309 locum,
826 3243 873 3298 is
902 3242 1012 3312 jam
1062 3241 1243 3295 solvat
1295 3239 1693 3293 calceamenta.
1751 3233 1998 3310 Hincque

2101 3242 2391 3312 γὰρ,φασὶ,
2411 3242 2687 3313 παρῆλθον
2711 3244 2811 3313 τὴν
2844 3245 3112 3316 Ἐρυθρὰν
3136 3246 3430 3310 Θάλασσαν,
3458 3243 3550 3298 καὶ
3577 3242 3669 3297 τὸν

426 3337 558 3391 illud
586 3344 692 3400 est,
714 3334 861 3405 quod
883 3331 1168 3402 apostolos
1201 3331 1309 3384 ulla
1334 3339 1554 3398 gestare
1581 3328 1865 3390 Christum
1896 3332 1998 3387 de-

2113 3332 2390 3404 Ἱορδάνην
2426 3332 3092 3405 ποταμδνηὺποδεδεμένοι.
3120 3335 3278 3398 Τινὲς
3303 3336 3361 3389 δέ
3384 3350 3566 3403 φασιν,
3593 3331 3671 3395 ὡς

427 3428 671 3483 Ieudissc
708 3426 944 3496 legimus
968 3423 1066 3475 '7‘.
1091 3421 1156 3475 Et
1181 3421 1303 3485 erit,
1341 3421 1435 3486 ait,
1471 3420 1666 3483 Israel,
1704 3421 1862 3475 sicuti
1891 3422 1998 3477 dies

2101 3428 2296 3498 δμοίως
2326 3427 2654 3497 ἡσθήσονται
2686 3428 2844 3481 ποσὶν
2875 3429 2965 3483 τὸν
3004 3429 3250 3500 ποταμὸν
3275 3426 3666 3490 διαϐαίνοντες,

425 3521 520 3574 illa
546 3517 756 3590 quando
785 3514 955 3587 194
971 3514 1101 3568 exiit
1124 3512 1188 3569 de
1215 3521 1355 3566 terra
1377 3509 1621 3582 Egypti.
1648 3512 1805 3567 Tunc
1824 3515 1992 3579 enim,

2101 3516 2385 3571 ἀκώλυτόν
2429 3532 2490 3569 τε
2549 3516 2865 3588 ποιούμενοι
2917 3517 3016 3590 τὴν
3050 3516 3325 3587 πανταχοῦ
3366 3516 3465 3586 τῆς
3503 3514 3672 3583 Αἰγυ-

425 3608 601 3673 aiunt,
643 3615 697 3661 et
738 3604 986 3658 Rubrum
1013 3616 1188 3667 mare,
1230 3610 1284 3656 et
1314 3600 1431 3670 ipse
1475 3597 1996 3667 Jordanisﬂuvius,

2104 3608 2278 3661 πτίων
2304 3618 2331 3658 (ι
2364 3608 2503 3670 ὁδὸν,
2539 3609 2632 3662 καὶ
2666 3609 2882 3681 ᾅδοντες
2911 3610 3075 3681 ᾠδὴν,
3106 3612 3173 3677 ἣν
3200 3612 3228 3663 ὁ
3259 3609 3545 3681 προφήτης
3575 3608 3669 3659 tu-

424 3698 685 3753 calceatis
744 3697 945 3766 patuit.
988 3691 1193 3748 Placet
1241 3706 1372 3747 vero
1421 3690 1727 3755 nonnullis,
1773 3691 1994 3760 quando

2101 3699 2309 3753 τίθεται
2340 3700 2641 3771 παρόμοιον
2693 3697 2860 3755 οὖσαν
2907 3703 2997 3774 τῇ,
3033 3701 3319 3773 ι”ᾼσωμεν
3346 3699 3423 3770 τῷ
3446 3698 3664 3769 Κυρξῳ·

423 3790 650 3845 ﬂuvium
699 3786 960 3848 transire,
1013 3794 1068 3840 et
1095 3784 1266 3839 libere
1305 3783 1505 3854 ubique
1551 3781 1847 3854 Egyptum
1876 3801 1995 3841 om-

2101 3791 2327 3856 ἐνδόξως
2350 3793 2459 3863 γὰρ
2488 3793 2820 3858 δεδόξασται.
2851 3813 2871 3846 ι

422 3895 548 3937 nem
592 3892 879 3950 permeare
920 3875 1483 3947 contigerit,alacrcs
1529 3890 1756 3931 carmen
1840 3892 1871 3932 a
1931 3883 2201 3954 propheta
2252 3885 2485 3950 editum,
2529 3886 2658 3943 huic
2721 3903 2829 3942 nun
2864 3888 3094 3943 multum
3155 3884 3446 3949 dissimile,
3521 3880 3669 3951 quod

422 3971 498 4026 ita
549 3969 748 4041 incipit
779 3986 793 4023 :
847 3985 866 4019 ι
909 3966 1213 4023 Cantemus
1249 3964 1528 4033 Domino;
1560 3965 1813 4038 gloriose
1839 3971 1989 4028 enim
2025 3976 2419 4048 magnificatus
2458 3985 2544 4035 est
2572 3978 2640 4044 't;
2681 3996 2700 4032 ι
2738 3979 2794 4033 in
2826 3980 3047 4034 laetitiae
3120 3980 3342 4051 signum
3420 3985 3671 4032 cantatu-

422 4083 539 4125 τοῦ.

1003 4154 1233 4213 CAPUT
1293 4154 1410 4214 XII.

2697 4160 2947 4217 ΚΕΦΑΔ.
2977 4161 3066 4219 IB'.

423 4241 1010 4304 V.I-6.Etdicetindie
1029 4243 1169 4297 illa:
1213 4242 1531 4299 Benedicam
1586 4246 1704 4313 tibi,
1747 4246 1991 4316 Domine,

2160 4252 2315 4321 α’·ς·⁹.
2356 4254 2465 4311 Καί
2493 4253 2619 4323 ἐρεῖ
2661 4255 2732 4309 ἐν
2755 4254 2830 4323 τῇ
2860 4254 3050 4324 ἡμέρᾳ
3076 4255 3305 4322 ἐκείνῃο
3336 4254 3670 4324 Eadm-ﬂow

421 4342 674 4410 quoniam
719 4337 893 4391 iratus
922 4351 992 4390 -εσ
1031 4334 1184 4401 mihi,
1215 4336 1532 4390 etavertisti
1556 4337 1693 4391 iram
1743 4346 1910 4404 tuam,
1944 4350 1995 4395 et

2101 4360 2195 4411 σε,
2242 4346 2440 4415 Κύριε,
2475 4343 2624 4399 διότι
2654 4344 2953 4415 ὠργίσθης
2988 4360 3110 4414 μοι,
3144 4344 3242 4397 καί
3284 4343 3671 4413 ἀπέστρεψας

421 4430 670 4483 misertus
709 4444 763 4482 es
792 4427 915 4481 mei.
950 4424 1095 4494 Ecce
1145 4424 1289 4479 Deus
1327 4442 1492 4491 meus,
1538 4424 1791 4482 Salvator
1825 4446 1993 4500 meus,

2101 4436 2207 4490 τὸν
2254 4439 2444 4508 θυμόν
2479 4447 2617 4504 σου,
2663 4436 2765 4491 καί
2818 4435 3081 4504 ἐλέησάς
3139 4452 3233 4506 με.
3268 4435 3424 4491 Ἰδοὺ
3457 4438 3491 4491 ό
3526 4437 3671 4503 Θεός

374 4532 379 4535 ‘
421 4520 690 4589 conﬁdens
723 4526 811 4573 ero
864 4519 919 4571 in
947 4532 1006 4571 oo
1028 4516 1323 4583 ;‘saluabor
1348 4518 1401 4570 in
1427 4534 1519 4583 eo,
1545 4529 1596 4573 et
1624 4535 1729 4574 non
1753 4522 1944 4577 timebo
1968 4538 1986 4576 :

2101 4545 2235 4597 μου,
2272 4526 2474 4597 Σωτήρ
2491 4546 2632 4598 μου.
2667 4526 2970 4593 Πεποιθὼς
2988 4528 3200 4598 ἔσομαι
3224 4527 3317 4580 ἐπ’
3341 4526 3522 4592 αὐτῷ,
3550 4543 3669 4581 σω-

420 4614 546 4681 quia
582 4612 757 4681 gloria
804 4625 942 4670 mea,
988 4618 1037 4662 et
1066 4610 1186 4662 laus
1227 4625 1343 4680 mea
1385 4608 1649 4666 Dominus
1683 4621 1784 4682 ,νει
1818 4612 1995 4682 [artus

2101 4615 2359 4686 θήσομαι
2388 4616 2459 4671 ἐν
2497 4615 2676 4685 αὐτῷ,
2715 4617 2815 4672 καί
2843 4619 2917 4672 οὐ
2964 4616 3403 4687 φοϐηθήσομαι·
3434 4617 3584 4672 διότι
3628 4619 3667 4687 ή

410 4713 496 4755 est
525 4704 650 4755 mihi
681 4703 736 4756 in
762 4700 1010 4764 salutem,
1038 4708 1147 4755 etc.
2097 4707 2247 4772 δόξα
2266 4725 2406 4778 μου,
2430 4708 2529 4763 καὶ
2553 4708 2592 4776 ἡ
2619 4709 2849 4775 αἵγεσίς
2874 4726 2994 4778 μου
3031 4709 3263 4778 Κύριος,
3298 4709 3398 4764 καὶ
3431 4707 3671 4779 ἐγένετό

2094 4816 2196 4867 μοι
2229 4802 2317 4865 είς
2347 4800 2671 4868 σωτηρίαν,
2704 4817 2758 4855 κ.
2783 4792 2832 4857 τ.
2863 4800 2913 4854 λ.

490 4880 629 4934 Cum
681 4878 826 4934 enim
874 4877 1229 4947 Evangelium
1266 4876 1529 4932 docerent
1586 4878 1641 4933 in
1675 4878 1991 4939 Judaeorum

2167 4892 2293 4955 Τοῖς
2318 4892 2427 4962 γὰρ
2453 4891 2731 4956 Ἰουδαίοις
2755 4893 2817 4946 τὸ
2854 4891 3187 4961 Εὐαγγέλιον
3212 4890 3575 4963 ηκηρύττοντες
3607 4890 3665 4942 ἐν

423 4970 742 5042 synagogis,
785 4969 1065 5025 Ecclesias
1121 4978 1301 5023 autem
1343 4968 1410 5024 de
1464 4972 1708 5040 gentium
1765 4990 1997 5032 convcr-

2101 4983 2464 5049 συναγωγαῖς,
2500 4982 2565 5036 ὲκ
2601 4981 2660 5035 δὲ
2684 4981 2783 5052 τῆς
2818 4981 2928 5034 τῶν
2956 4980 3125 5035 ἐθνῶν
3157 4980 3495 5054 ἐπιστροφῆς
3538 4979 3665 5032 Ἐκ-

422 5064 579 5116 sione
610 5060 895 5127 facerent;
927 5073 1133 5114 novum
1167 5072 1265 5114 eos
1317 5074 1563 5124 carmen,
1597 5064 1798 5134 quibus
1827 5074 1993 5122 tanta;

2101 5069 2324 5139 κλησίας
2354 5072 2694 5140 ποιούμενοι,
2719 5069 2907 5125 καινὸν
2932 5070 3080 5142 ᾅδειν
3107 5066 3258 5140 ᾆσμα
3285 5070 3412 5134 τοὺς
3439 5069 3532 5123 ὑπ’
3562 5066 3665 5122 αὕη

422 5154 642 5209 I'uct'ant
698 5149 960 5206 utilitatis
1023 5156 1302 5213 auctores,
1364 5150 1635 5208 modulari
1697 5155 1993 5216 docebant.

2101 5161 2208 5216 τῶν
2230 5161 2648 5231 ὠφελουμένους
2691 5161 2991 5216 ἐδίδασκον.
3035 5162 3124 5225 Ὦς
3150 5160 3259 5232 γὰρ
3285 5158 3666 5232 ἀναιρεθέντος

421 5243 705 5315 Tanquam
755 5245 903 5299 enim
954 5251 1139 5297 vetere
1170 5241 1315 5311 apud
1369 5258 1431 5299 se
1462 5243 1711 5311 ﬂumine,
1744 5249 1995 5319 marique

2101 5249 2190 5303 τοῦ
2222 5251 2388 5330 ⁸πάλαι
2430 5253 2562 5322 παρ’
2601 5252 2787 5314 αὐτοῖς
2818 5250 3090 5322 ποταμοῦ,
3119 5252 3213 5305 καὶ
3252 5252 3352 5322 τῆς
3385 5266 3664 5320 κυματου-

423 5342 794 5405 tempestuoso
825 5335 1098 5392 sublatis:
1126 5330 1463 5407 Ecce,aiunt,
1497 5335 1636 5391 Deus
1691 5340 1994 5412 rmus,Sal-

2101 5341 2266 5413 μένης
2294 5343 2586 5414 θαλάσσης,
2630 5342 2794 5413 φασιν
2817 5357 2834 5377 ⁸
2866 5341 3017 5399 Ἰδοὺ
3038 5346 3071 5399 ὀ
3105 5346 3250 5411 Θεός
3296 5360 3437 5414 μου,
3462 5341 3666 5413 Σωτήρ

495 5504 559 5536 ¹²⁴⁴
593 5505 760 5560 Exod.
794 5523 873 5562 III.
900 5508 969 5574 5;
1008 5506 1192 5575 Iosue,
1223 5523 1277 5573 v,
1311 5505 1400 5562 16.
1476 5506 1520 5539 ⁸⁷
1557 5506 1730 5562 Exod.
1769 5525 1870 5574 xu,
1928 5513 1982 5566 II

2101 5516 2157 5545 ’τ’
2188 5516 2318 5575 Luc.
2357 5535 2412 5583 x,
2444 5519 2498 5573 4.
2573 5522 2618 5553 ⁸⁸
2647 5520 2823 5574 Exod.
2858 5519 3058 5584 “,21.

1696 5601 1923 5660 VARI/13
1964 5607 2350 5667 LECTIONES

512 5703 540 5741 ρ
571 5710 658 5760 ῃ).
692 5691 1040 5763 εἱρμήνευσε.
1144 5702 1171 5743 ιι
1199 5711 1290 5767 γε).
1320 5692 1619 5764 Αἰγύπτου.
