4010 6208
373 312 505 379 2061

1492 313 2024 376 COMMENTARII
2063 316 2146 376 IN
2191 318 2473 379 ISAIAM.

3461 320 3602 397 acc:

367 437 508 493 μων
541 416 841 483 πεποιθὼς
871 416 1095 486 ’ἔσομαι
1144 417 1237 472 ἐπ’
1267 419 1446 487 αὐτῷ.
1478 423 1587 477 Kal
1637 427 1710 479 οὐ
1753 407 1944 494 ςροὸἠ-⁴

2049 437 2187 482 rator
2218 446 2359 483 meus
2380 447 2398 493 ;
2418 410 2702 499 conlidens
2733 445 2821 484 ero
2858 432 2911 485 iu
2932 445 3028 495 eo;
3076 445 3179 486 nec
3205 430 3437 487 sublatis
3463 422 3601 505 jam,

368 511 652 579 θήσομαι,
713 509 822 563 τῶν
874 508 1116 563 εὐσεϐεῖν
1168 511 1488 566 κωλυόντων
1545 515 1930 586 ἀνηρημένων.

376 601 524 653 ’Δντὶ
558 599 617 653 δὲ
678 597 788 652 τῶν
831 598 1001 653 πάλαι
1051 597 1344 671 δαιμόνων,
1376 601 1529 667 δόξα
1576 621 1696 673 μου
1752 606 1853 659 καὶ
1895 607 1933 675 ή

363 692 602 756 αινεσίς
637 708 756 760 μου
807 692 842 744 ό
877 692 1114 759 Κύριος.
1159 692 1473 762 Ὠργίσθης
1501 695 1560 748 δέ
1604 713 1715 765 μοι,
1750 699 1933 767 φησιν,

362 783 881 853 ἐξομολογούμενος,
914 784 991 847 ὼς
1016 784 1202 838 δίκαια
1233 784 1423 840 παθὼν
1448 788 1821 858 ἀποστραφεὶς
1845 790 1936 844 τὸν

360 876 518 928 Θεόν.
550 874 660 944 Τὴν
682 874 738 927 δὲ
769 874 1015 930 δοθεῖσαν
1043 874 1152 928 τΞιν
1180 876 1597 948 ἁμαρτημάτων
1628 878 1821 947 ἄφεσιν
1848 880 1938 934 διὰ

268 960 271 961 ν
360 965 604 1036 Χριστοῦ
640 964 956 1036 παρίστησι,
1000 964 1176 1034 λέγων
1197 981 1212 996 ·
1254 966 1670 1038 ’Δπέστρεψεας
1700 968 1805 1024 τὸν
1832 973 1934 1024 0v-

358 1056 481 1125 μόν
532 1070 671 1119 σου,
703 1054 799 1107 καὶ
826 1053 1098 1123 ἠλέησάς
1120 1072 1218 1125 με.
1267 1057 1536 1121 Πολλάκις
1570 1059 1679 1132 γὰρ
1719 1059 1938 1130 ἀφίεταί

362 1164 454 1211 τις
500 1147 968 1215 καταλειπόμενος
1017 1146 1163 1213 ἅπαξ
1203 1151 1318 1212 τοῖς
1369 1152 1763 1218 Αἰγυπτιακοῖς
1810 1169 1939 1205 συνε-

290 1226 297 1233 ’
365 1238 643 1310 απαχθεὶς
670 1238 1190 1308 χρόνον-ἀπολαῦσαί
1216 1257 1339 1294 τινα
1360 1242 1459 1312 τῆς
1492 1242 1641 1306 ίδίιις⁷
1661 1243 1935 1311 ἀϐουλίας,

367 1331 458 1384 ἵνα
488 1329 681 1401 θερίσῃ
712 1328 747 1382 ἃ
778 1330 964 1394 κακῶς
996 1329 1269 1401 ἔσπειρεν.
1307 1332 1587 1402 Ἐλετδθεὶς
1626 1334 1683 1388 δὲ
1711 1336 1779 1388 δι’
1808 1337 1942 1390 ἀνα-

362 1420 638 1490 κλήσεως,
673 1418 789 1491 ᾅδει
814 1420 912 1490 τὴν
939 1420 1221 1492 παροῦσαν
1249 1422 1413 1493 ᾠδήν.
1443 1423 1672 1494 Ὅμοιον
1697 1425 1754 1478 δὲ
1781 1426 1941 1481 τοῦτο

362 1511 446 1582 τῷ
467 1527 485 1543 ο
518 1528 539 1563 ι
572 1510 777 1583 ὀργὴν
818 1511 1029 1582 Κυρίου
1058 1512 1287 1578 ὐποίσω,
1315 1514 1397 1567 ὅτι
1434 1515 1685 1586 ἥμαρτον
1709 1517 1882 1587 αὐτῷ.
1917 1537 1934 1569 ι

364 1603 480 1665 Καὶ
504 1601 586 1666 τὸ,
624 1622 644 1656 ι
672 1604 746 1657 Οὐ
780 1601 890 1674 γὰρ
924 1606 1008 1667 είς
1057 1603 1212 1666 τέλος
1255 1604 1667 1676 ὀργισθήσεται,
1705 1607 1828 1662 οὐδὲ
1861 1610 1943 1672 είς

365 1697 459 1750 σὺν
484 1694 659 1748 αἰῶνα
683 1696 891 1765 μηνιεί.
924 1712 943 1746 ι
969 1694 1368 1765 Αίσθανόμενος
1394 1696 1451 1749 δὲ
1473 1699 1571 1768 τῆς
1601 1698 1941 1769 εὐεργεσίας,

2041 536 2164 591 qua:
2218 521 2439 592 pietatis
2480 523 2535 577 in
2589 537 2672 577 me
2730 522 2966 577 studium
3022 522 3399 589 morabantur,
3447 526 3603 594 quidw

2042 621 2207 676 quam
2251 620 2514 671 metuam;
2550 610 2645 663 sed
2680 610 2785 663 erit
2817 611 2869 663 in
2911 610 3086 665 locum
3119 611 3448 679 daemonum,
3483 614 3604 684 qui,

2042 695 2147 750 bus
2191 697 2323 750 olim
2378 698 2710 762 serviebam,
2743 698 2914 767 gloria
2948 715 3083 763 mea,
3116 709 3164 754 et
3190 700 3311 755 laus
3344 718 3457 755 mea
3496 701 3604 757 Do-

2044 784 2238 839 minus.
2292 783 2421 839 ideo
2465 794 2644 841 autem
2696 788 2893 839 iratum
2943 788 3047 842 sibi
3104 788 3391 844 Dominum
3441 790 3604 857 dixit,

2047 882 2108 927 ut
2135 890 2246 928 non
2297 875 2504 944 injusta
2543 891 2625 940 se,
2662 875 2757 945 qui
2791 892 2916 930 eum
2951 885 3099 932 esset
3145 886 3458 945 aversatus,
3492 882 3607 950 pati

2047 965 2404 1034 signiﬁcaret.
2464 965 2658 1037 Neque
2715 982 2846 1023 vero
2903 969 3127 1023 allatam
3185 970 3346 1026 nobis
3400 970 3608 1029 Christi

2044 1057 2273 1113 nomine
2321 1070 2671 1127 peccatorum
2730 1060 2949 1114 veniam
2974 1060 3189 1124 reticet,
3221 1075 3346 1115 cum
3379 1060 3614 1118 avertisti

2047 1149 2186 1202 iram
2247 1159 2413 1213 tuam,
2474 1149 2799 1203 etmisertns
2850 1166 2904 1204 es
2959 1151 3080 1215 mei,
3135 1149 3306 1205 addit.
3362 1150 3615 1222 Persaepe

2048 1240 2197 1295 enim
2257 1241 2425 1295 semel
2476 1239 2765 1310 Aﬂgyptios
2821 1255 3041 1307 mores,
3101 1248 3156 1297 et
3220 1242 3431 1297 cultum
3496 1259 3615 1297 am-

2050 1333 2247 1402 plexus
2276 1332 2500 1403 aliquis,
2549 1347 2613 1387 ea
2641 1334 2832 1388 tandiu
2874 1334 3114 1389 retinere
3144 1334 3372 1401 sinitur,
3411 1335 3610 1399 donec.

2048 1423 2344 1493 persolutis
2391 1422 2778 1492 imprudentia:
2820 1425 3024 1495 prunis,
3066 1425 3210 1481 male
3240 1432 3430 1488 metat,
3493 1442 3617 1495 qua:

2050 1514 2192 1569 male
2233 1514 2570 1570 seminavit:
2611 1515 2705 1584 qui
2757 1524 2945 1571 tamen
2981 1514 3280 1571 miserente
3309 1516 3420 1572 Deo
3451 1531 3615 1572 revo-

2044 1616 2230 1672 catus,
2266 1620 2494 1661 carmen
2541 1607 2687 1662 istud
2740 1608 3076 1665 modulatur.
3105 1607 3202 1662 Est
3229 1622 3360 1662 vero
3389 1615 3445 1662 et
3489 1608 3620 1662 huic

2050 1711 2163 1751 non
2201 1696 2434 1753 multum
2475 1696 2747 1753 dissimile
2781 1716 2794 1752 :
2828 1714 2848 1748 ι
2891 1698 3032 1751 lram
3085 1696 3304 1751 Domini
3358 1698 3617 1766 portabo,

369 1787 465 1840 καὶ
515 1784 716 1854 λέγων,
757 1784 847 1839 ὅτι
885 1784 1184 1854 ὠργίσθης
1209 1802 1333 1854 μοι,
1376 1785 1477 1841 καί
1528 1786 1802 1855 ἠλέησάς
1843 1807 1942 1859 με,

2049 1786 2177 1856 quia
2225 1784 2448 1855 peccavi
2494 1785 2545 1840 ei
2566 1785 2641 1840 ³⁸.
2677 1803 2697 1837 ι
2753 1788 2888 1842 Item
2923 1785 3058 1840 illud
3086 1802 3104 1839 »ι
3158 1803 3177 1836 ι
3214 1783 3333 1839 Non
3379 1785 3526 1840 enim
3562 1785 3619 1844 in

368 1878 555 1949 φησιν’
603 1876 762 1931 Ἰδοὺ
796 1881 829 1933 ό
859 1879 1005 1944 Θεός
1046 1896 1188 1948 μου,
1233 1878 1436 1948 Σωτήρ
1459 1896 1598 1948 μου.
1624 1880 1763 1935 υῦτε
1792 1883 1849 1937 δὲ
1891 1886 1942 1939 oi

363 1968 658 2033 ’ποιοῦντες
698 1968 798 2039 τὴν
831 1968 1204 2041 ἐλεημοσύνην
1242 1969 1555 2042 ἔμπροσθεν
1587 1972 1700 2027 τῶν
1731 1975 1944 2047 ἀνθρώ-

366 2078 508 2123 πων,
539 2059 665 2112 οὔτε
697 2059 747 2112 οἱ
773 2058 932 2122 δόξαν
960 2060 1090 2130 παρ’
1127 2060 1375 2131 ἀλλήλων
1409 2062 1718 2133 ζητοῦντες,
1748 2061 1944 2120 δύναν-

366 2167 455 2204 ται
483 2149 683 2218 λέγειν,
715 2149 795 2202 ὅτι
821 2150 859 2218 ἠ
894 2148 1047 2213 δόξα
1089 2167 1232 2219 μου,
1266 2150 1364 2205 καί
1402 2152 1441 2221 ἡ
1474 2140 1719 2220 ἀτνεσίς
1755 2172 1875 2224 μου
1909 2158 1945 2210 ό

360 2240 602 2307 Κύριος.
638 2236 778 2290 Ἀλλ’
808 2240 856 2290 οἱ
889 2237 989 2309 τὴν
1016 2237 1174 2302 δόξαν
1195 2237 1294 2309 τὴν
1319 2239 1469 2311 παρὰ
1493 2240 1586 2294 τοῦ
1620 2241 1780 2312 μόνου
1805 2242 1942 2297 Θεοῦ

369 2328 681 2399 ζητοῦντες,
714 2328 810 2381 και
839 2327 938 2400 τὴν
965 2327 1082 2394 τοῦ,
1118 2328 1192 2400 μὴ
1222 2328 1505 2400 γινώμεθα
1543 2331 1834 2399 κενόδοξοι,
1865 2333 1942 2406 μὴ

367 2419 803 2493 παραϐαίνοντες
849 2420 1091 2492 ἐντολήν.
1137 2422 1650 2494 Ἐπαγγελλομένου
1686 2425 1746 2479 δὲ
1780 2425 1936 2491 Θεοῦ,

2046 1878 2214 1933 ﬁnem
2265 1877 2562 1943 irascetur,
2625 1892 2805 1948 neque
2863 1877 2918 1931 in
2964 1876 3223 1933 saeculum
3268 1875 3617 1936 iracundiam

2049 1968 2293 2026 servabit
2326 1969 2392 2023 ‘°.
2435 1987 2454 2022 ι
2513 1967 2784 2025 Caeterum
2842 1976 3102 2038 tanquam
3168 1967 3306 2022 bene
3359 1974 3620 2036 percepto

2048 2060 2317 2117 libertatis
2367 2076 2616 2127 munere,
2663 2075 2788 2116 cum
2841 2062 3039 2115 iratum
3092 2058 3246 2131 prius
3301 2058 3615 2123 Dominum,

2050 2154 2234 2223 suique
2259 2153 2530 2206 misertum
2576 2152 2870 2209 confessus
2916 2159 3084 2217 esset,
3139 2150 3275 2206 Ecce
3299 2150 3442 2215 Deus
3475 2166 3619 2204 meus

2052 2243 2307 2301 Salvator
2357 2260 2525 2306 meus.
2568 2244 2775 2299 intulit.
2815 2243 3003 2315 Neque
3037 2259 3168 2299 vero
3210 2244 3428 2299 illorum
3457 2241 3616 2312 quis-

2048 2351 2238 2407 quam,
2273 2335 2367 2407 qui
2411 2336 2498 2390 vel
2546 2335 2603 2389 in
2650 2334 2933 2389 hominum
2984 2334 3109 2388 luce
3135 2333 3478 2403 pauperibus
3505 2332 3622 2385 lar,

2047 2429 2294 2500 giuntur,
2329 2428 2414 2481 vel
2448 2442 2507 2482 se
2538 2426 2751 2480 laudari
2781 2432 2973 2479 mutuo
3011 2425 3316 2494 poswlant,
3342 2438 3470 2480 vere
3496 2422 3619 2477 laus

360 2511 445 2574 ῶς
473 2511 601 2574 τοὺς
630 2509 954 2576 δοξάζοντας
989 2528 1056 2583 με
1096 2512 1326 2580 δοξάσω,
1362 2513 1522 2584 δῆλον
1548 2514 1624 2579 ὡς
1650 2515 1828 2581 καλῶς
1854 2535 1940 2582 τις

2049 2520 2233 2573 demet
2278 2516 2504 2587 gloriam
2548 2532 2705 2571 suam
2746 2514 3033 2569 Dominum
3062 2530 3175 2569 esse
3234 2512 3469 2577 dixerit;
3521 2511 3620 2571 sed

363 2598 611 2665 δοξάζων
639 2598 792 2666 Θεὸν,
809 2598 1202 2670 δεδοξασμένος
1231 2600 1350 2655 ἐστὶ
1375 2601 1505 2673 παρ’
1546 2602 1717 2674 αὐτῷ.

2043 2611 2140 2679 qui
2168 2608 2383 2663 Paulini
2414 2605 2655 2661 mandati
2686 2605 2874 2676 gloriae
2918 2605 3275 2675 cupiditatem
3310 2603 3616 2675 prohiberi;

361 2690 466 2756 tis,
492 2690 727 2762 diligens
748 2691 1071 2749 observator
1097 2706 1283 2747 veram
1318 2692 1375 2748 in
1412 2692 1524 2749 Deo
1563 2702 1773 2751 tantum
1810 2701 2111 2768 quaesierit.
2147 2700 2217 2755 At
2252 2701 2367 2754 Deo
2430 2698 2550 2768 ipso
2575 2697 2750 2768 gloria
2805 2712 2866 2752 se
2931 2697 3060 2754 illos
3109 2696 3435 2752 affectus-um
3494 2693 3616 2764 pol-

361 2783 588 2849 ἰίεθηῐθι
619 2798 650 2839 ³
700 2785 903 2856 quibus
951 2785 1328 2855 “amem”;
1367 2782 1572 2846 nemini
1611 2789 1724 2860 iam
1768 2792 1924 2873 195
1957 2796 2183 2859 dubium
2228 2810 2352 2852 esse
2389 2800 2584 2876 queat,
2622 2792 2764 2869 quin
2840 2807 2871 2847 a
2944 2792 3144 2873 quibus
3191 2792 3246 2847 id
3304 2798 3456 2847 recte
3503 2779 3621 2847 ﬁeri

367 2879 575 2943 videat,
607 2877 817 2934 eisdem
853 2885 910 2934 et
941 2878 1056 2948 ipse
1081 2877 1311 2948 gloriam
1334 2890 1595 2950 reponat.
2784 2938 2799 2954 ,

440 2968 553 3023 Καὶ
571 2968 848 3033 Μωῦσέως
868 2969 980 3041 γὰρ
999 2969 1300 3040 ἐδοξάσθη
1320 2973 1380 3024 τὸ
1406 2973 1722 3043 πρόσωπον,
1747 2976 1938 3050 ἐπειδὴ

2114 2976 2251 3031 Nam
2290 2982 2344 3029 et
2394 2971 2562 3028 ldosis
2591 2971 2777 3028 vultus
2825 2971 2947 3028 ideo
3005 2972 3234 3043 gloriam
3282 2978 3620 3026 consecutus

366 3060 551 3124 καλῶς
604 3060 720 3132 ᾔδει
766 3060 1036 3125 δοξάζειν
1086 3064 1254 3118 Θεόν.
1305 3063 1497 3130 Οὐδεὶς
1546 3065 1603 3119 δὲ
1657 3067 1944 3142 διημαρτη-

2060 3079 2165 3135 est,
2223 3066 2374 3138 quod
2426 3065 2606 3120 Moses
2645 3063 2814 3120 Deum
2839 3064 3012 3136 gloria
3053 3065 3218 3134 digne
3251 3072 3480 3119 noverat
3506 3062 3626 3117 allia

366 3153 543 3223 μένας
572 3152 711 3223 ἔχων
746 3152 1045 3224 ὑπολήψεις
1082 3154 1213 3225 περὶ
1255 3155 1416 3224 Θεοῦ,
1463 3157 1663 3228 δεκτὴν
1693 3158 1811 3230 εχει
1846 3161 1947 3231 τὴν

370 3241 600 3296 αἴνεσιν.
649 3241 800 3307 Ἐνδς
845 3243 956 3316 γὰρ
1002 3244 1169 3315 ἄμφω
1217 3248 1387 3301 αἰνεῖν
1431 3264 1491 3300 τε
1546 3249 1642 3303 καὶ
1700 3249 1945 3317 δοξάζειν

367 3334 573 3396 καλῶς.
600 3336 934 3405 Κεκτῆμεθα
965 3337 1023 3389 δὲ
1066 3338 1274 3392 τούτων
1319 3339 1583 3411 ἑκάτερον
1613 3341 1943 3411 ἠλεημένοι

371 3424 478 3477 ὑπὸ
514 3423 676 3478 Θεοῦ.
726 3426 800 3478 Οὐ
860 3426 969 3497 γὰρ
1020 3428 1162 3481 κατὰ
1218 3427 1287 3481 τὰ
1344 3428 1481 3497 ἔργα
1520 3429 1565 3484 ’ἃ
1606 3430 1949 3502 ἐποιήσαμεν

370 3513 554 3583 ἡμεῖς,
585 3512 725 3566 ἀλλὰ
766 3513 910 3567 κατὰ
952 3514 1017 3567 τὸ
1062 3513 1202 3570 πολῦ
1237 3515 1404 3573 αὐτοῦ
1457 3516 1607 3581 ἕλεος
1651 3519 1685 3587 ὴ
1731 3517 1949 3572 δοθεῖσα

366 3605 531 3674 χάρις
553 3603 704 3672 ἡμῖν.
726 3603 837 3657 Καὶ
859 3603 1034 3668 ἄλλως
1056 3605 1135 3672 δὲ,
1164 3605 1233 3660 τὰ
1294 3607 1352 3659 ὲν
1398 3603 1685 3677 Δίγύπτῳ,
1713 3608 1823 3671 τοῖς
1853 3610 1951 3662 ἐπὶ

375 3694 482 3763 τῆς
516 3703 539 3733 ι’
574 3693 873 3764 ἐπιδημίας
914 3695 1222 3766 παρόμοια·
1253 3694 1495 3760 δουλείας
1526 3697 1635 3767 γὰρ
1665 3696 1952 3769 ἐλευθερία

369 3784 689 3856 γεγένηται,
723 3787 843 3840 τότε
877 3786 975 3855 μὲν
1019 3785 1308 3858 αἰσθητοῦ,
1343 3788 1464 3842 νυνὶ
1508 3787 1570 3841 δὲ
1603 3788 1795 3860 νοητοῦ
1848 3791 1953 3845 Φα·

364 3874 513 3948 ραώ.
561 3876 696 3929 Τότε
748 3875 846 3947 μὲν
897 3877 981 3940 είς
1016 3871 1159 3947 αἷμα
1201 3877 1262 3929 τὸ
1295 3877 1441 3950 ὕδωρ
1494 3878 1949 3949 μετεσκευάζετο,

364 3967 470 4019 ινῦν
505 3966 562 4020 δὲ
592 3969 859 4037 σωτήριον
881 3967 1105 4035 γέγονεν
1131 3968 1219 4022 διὰ
1240 3968 1335 4021 τοῦ
1358 3970 1516 4038 ἁγίου
1549 3970 1946 4041 βαπτίσματος.

365 4058 444 4111 'Ut
475 4057 570 4110 τὸν
632 4058 850 4129 Ἰσραὴλ
889 4058 1179 4123 διώκοντες
1215 4060 1311 4113 ἐπὶ
1358 4060 1634 4132 Θαλάσσης
1680 4062 1951 4133 Ἐρυθρᾶς

368 4147 777 4217 ἀπεπνίγοντο·
821 4148 910 4203 διὰ
938 4149 994 4203 δὲ
1036 4149 1146 4203 τῶν
1184 4151 1354 4219 ἁγίων
1391 4150 1733 4205 ἐδιδάσκοντο
1770 4152 1950 4222 μαθη-

370 4238 617 4293 τῶντῶν
639 4239 734 4293 τοῦ
762 4241 1037 4311 »παρόντος
1063 4240 1179 4312 βίου
1205 4242 1468 4312 κυμάτων
1493 4259 1554 4295 τε
1586 4241 1698 4296 τῶν
1727 4244 1783 4296 ὲν
1804 4240 1953 4313 αύτῷ

377 4330 733 4400 διανήχεσθαι
780 4330 1052 4388 κλύδωνα.
1097 4333 1322 4396 Χάλαζα
1374 4333 1497 4385 τότε
1552 4332 1725 4404 δεινή·
1775 4330 1872 4386 νῦν
1921 4334 1950 4385 ὀ

378 4418 520 4482 θεῖος
550 4421 630 4482 είς
663 4419 787 4474 νοῦν
816 4421 1001 4484 αὐτοῖς
1027 4421 1407 4493 καταϐέϐηκεν
1427 4422 1582 4486 ύετὸς
1629 4416 1949 4493 ἐγκάρπους

368 4511 687 4566 ἀποτελῶν.
723 4512 917 4575 Σκότος
948 4512 1072 4573 τότε
1113 4513 1284 4582 βαθύ·
1332 4514 1427 4567 νῦν
1454 4514 1512 4567 δὲ
1555 4514 1673 4582 φῶς
1712 4517 1774 4567 ὲν
1816 4516 1954 4584 Χρι-

372 4600 512 4672 στῷ.
548 4600 892 4673 Ἐθρήνησαν
935 4602 1226 4672 Αἰγύπτιοι
1270 4604 1340 4657 τὰ
1374 4605 1727 4675 πρωτότοκαο
1770 4603 1865 4657 νῦν
1895 4604 1953 4658 δὲ

380 4691 628 4746 σέσωκεν
651 4694 850 4758 αὐτοὺς
876 4695 904 4748 ό
930 4695 1280 4766 πρωτότοκος
1315 4695 1381 4749 ἐκ
1399 4696 1637 4767 νεκρῶν,
1674 4691 1749 4759 ῶς
1781 4694 1951 4750 πάλαι

375 4781 475 4835 τοῦ
534 4783 754 4857 Ἰσραὴλ
799 4784 871 4839 τὰ
919 4785 1262 4857 πρωτότοκα.
1295 4787 1418 4851 Πῶς
1451 4786 1545 4841 οὖν
1582 4788 1683 4841 οὐκ
1729 4783 1799 4859 ἦν
1855 4789 1948 4842 ἐπὶ

376 4871 590 4936 τούτοις
618 4874 934 4939 ἀκόλουθον,
976 4876 1437 4947 εὐφραινομένους
1468 4877 1560 4931 τὸν
1593 4878 1799 4950 δοτῆρα
1829 4879 1955 4933 τού-

378 4978 487 5016 των
523 4963 752 5033 ὑμνεῖν-;
788 4965 848 5018 '0
884 4966 942 5019 δὲ
991 4966 1123 5030 Θεὸς
1168 4967 1398 5040 ἕτοιμος
1434 4967 1510 5023 ῶν
1557 4972 1639 5033 είς
1669 4970 1955 5035 ἀντίδοσιν,

382 5054 510 5116 τοὺς
536 5054 776 5124 γνησίως
806 5056 971 5111 αὐτὸν
995 5056 1341 5123 δοξάζοντας,
1370 5064 1769 5130 πνευματικαῖς
1795 5061 1957 5131 ἀμεί-

2050 3177 2176 3218 cere
2201 3161 2289 3214 ‘°‘.
2325 3157 2512 3228 Neque
2537 3169 2670 3211 vero
2697 3154 2807 3210 Deo
2834 3156 3125 3226 quisquam
3158 3155 3347 3211 laudes
3373 3164 3628 3224 acceptas

2050 3250 2380 3313 decantat-it,
2453 3248 2549 3319 qui
2624 3247 2798 3302 falsas
2866 3246 2934 3302 de
2993 3245 3187 3302 eodem
3251 3247 3628 3318 cogitationes

2044 3350 2234 3399 mente
2264 3346 2505 3395 tueatur.
2560 3336 2744 3393 Unius
2789 3337 2935 3392 enim
2978 3346 3276 3408 utrumque
3299 3346 3414 3405 est,
3446 3337 3627 3407 gloria

2050 3440 2105 3489 et
2132 3432 2295 3486 laude
2326 3437 2475 3484 recte
2501 3427 2738 3493 allicere,
2777 3420 2965 3498 neque
2995 3436 3232 3498 utroque
3262 3430 3416 3497 prius
3446 3428 3629 3498 potiet-

2049 3540 2196 3591 mur,
2235 3536 2404 3593 quam
2458 3520 2556 3575 Dei
2586 3518 3011 3574 misericordiam
3058 3533 3485 3588 consequamur.
3518 3516 3627 3572 Ne-

2050 3631 2157 3687 que
2193 3616 2339 3669 enim
2375 3612 2678 3669 secundum
2702 3626 2894 3681 opera,
2938 3626 3064 3681 qua!
3097 3610 3334 3678 iecimus
3363 3625 3499 3675 nos;
3528 3609 3630 3677 sed

2053 3705 2354 3762 secundum
2409 3701 2800 3757 misericordiae
2854 3701 3032 3771 ipsius
3086 3700 3390 3756 ubertatem
3449 3698 3628 3770 gratia

2052 3794 2213 3848 nobis
2261 3793 2384 3847 data
2416 3799 2501 3846 est
2530 3792 2596 3844 “.
2645 3789 2937 3854 Praeterea,
2994 3798 3055 3843 ut
3083 3790 3249 3843 aliam
3298 3788 3628 3858 explicatius

2055 3898 2178 3938 nem
2209 3896 2315 3937 non
2343 3881 2697 3947 omittamus;
2724 3892 2847 3949 quae
2890 3879 2947 3932 in
2978 3877 3220 3950 [Egypto
3245 3879 3519 3933 accidisse
3548 3879 3630 3933 leo

2046 3972 2257 4043 ~gimus,
2297 3983 2328 4022 a
2356 3967 2663 4023 Salvatoris
2694 3968 2749 4020 in
2793 3974 2939 4020 terra
2973 3966 3265 4021 nobiscum
3306 3965 3632 4035 peregrina-

2046 4060 2452 4117 tionediﬂ'erre
2481 4059 2618 4114 nihil
2659 4058 2974 4112 videantur.
3004 4055 3143 4111 Tum
3177 4056 3326 4111 enim
3362 4057 3469 4111 sub
3495 4071 3627 4121 seu:

2055 4169 2177 4212 sum
2204 4154 2495 4219 cadentis;
2543 4152 2651 4205 hoc
2696 4159 2882 4206 autem
2920 4152 3073 4213 loco,
3105 4148 3415 4203 Pharaonis
3445 4157 3629 4211 mento

2046 4243 2434 4315 comprehensi
2467 4242 2748 4297 servitutis
2788 4242 2982 4311 jugum
3026 4254 3319 4297 excussum
3352 4249 3454 4295 est.
3485 4238 3630 4298 Tum

2056 4337 2112 4391 in
2153 4333 2478 4406 sanguinem
2529 4348 2725 4389 rursus
2775 4348 2916 4403 aqua
2971 4332 3178 4386 mutari
3210 4331 3325 4387 visa
3366 4339 3474 4395 est,
3508 4345 3631 4400 qua!

2052 4429 2165 4499 jam
2217 4427 2362 4483 sacri
2413 4425 2765 4496 baptismatis
2820 4439 2924 4493 ope
2986 4423 3251 4479 salutaris
3287 4433 3368 4477 est
3402 4421 3626 4477 eil‘ecta.

2056 4514 2196 4569 Tum
2230 4511 2429 4568 deinde
2455 4512 2549 4582 qui
2589 4511 2844 4567 lsraelem
2892 4510 3388 4581 persequebantur,
3426 4511 3478 4563 in
3515 4507 3631 4572 Ru-

2054 4606 2139 4662 bri
2190 4604 2363 4661 maris
2418 4604 2584 4659 undis
2628 4602 2886 4658 exstincti
2943 4609 3111 4668 sunt;
3159 4616 3286 4656 cum
3324 4601 3418 4671 qui
3464 4601 3629 4671 hujus

2052 4696 2181 4751 vita:
2212 4691 2479 4750 ﬂuctibus
2533 4692 2908 4764 agitabantur,
2961 4702 3282 4748 sanctorum
3325 4691 3629 4763 discipulos-

2055 4796 2176 4842 rum
2235 4785 2523 4857 praeceptis
2575 4783 2751 4854 adjuti
2806 4785 3118 4841 incolumes
3173 4786 3474 4841 enatarint.
3507 4784 3629 4843 Non

2057 4858 2233 4933 defuit
2260 4886 2373 4930 tum
2399 4874 2558 4946 copia
2589 4873 2880 4941 grandinis
2917 4875 3248 4931 calamitosa
3277 4892 3291 4928 :
3324 4891 3447 4930 cum
3486 4890 3631 4929 nunc

2057 4968 2113 5022 in
2153 4980 2344 5022 eorum
2380 4972 2595 5020 mentes
2635 4962 2945 5019 fecundans
2974 4962 3234 5020 illabatur
3263 4966 3460 5020 imber.
3500 4964 3631 5018 Pro—

2044 5059 2239 5113 tundo:
2265 5065 2378 5110 tum
2410 5054 2650 5110 tenebrae
2680 5053 2811 5109 :sed
2847 5052 2963 5123 jam
2995 5054 3049 5108 in
3093 5052 3321 5109 Christo
3344 5054 3485 5108 lucis
3524 5051 3631 5107 ful-

383 5141 538 5198 ϐεται
571 5145 824 5217 δωρεαῖς,
854 5147 1051 5218 λέγων,
1084 5150 1195 5205 Kal
1244 5151 1581 5220 ἁντλήσετε
1629 5152 1787 5223 ὕδωρ
1829 5169 1942 5222 μετ

2056 5164 2155 5220 gor
2186 5146 2584 5218 amplissimus.
2621 5144 2908 5204 Luxerunt
2952 5159 3051 5200 sua
3086 5144 3331 5216 ASgyptii
3358 5145 3633 5214 primoge,

384 5236 773 5307 εὐφροσύνης
794 5240 864 5294 ἐκ
892 5239 1009 5294 τῶν
1030 5241 1241 5311 πηγῶν
1270 5244 1374 5299 τοῦ
1401 5245 1717 5313 σωτηρίου.
1750 5244 1944 5314 Νοήσει

2062 5242 2213 5306 nita;
2262 5237 2358 5293 sed
2392 5252 2489 5307 per
2540 5234 2829 5304 eumjam,
2882 5235 2975 5314 qui
3009 5236 3221 5306 primus
3272 5251 3338 5289 ex
3398 5236 3631 5290 mertuis

346 5394 357 5425 3
384 5323 443 5380 δέ
468 5344 554 5391 τις
587 5329 716 5384 αὐτὸ
745 5332 840 5385 τοῦ
875 5333 1126 5406 Σωτῆρος
1153 5334 1368 5397 ἁκούων
1398 5337 1667 5400 εἰπόντος,
1718 5354 1736 5391 ι
1766 5334 1936 5401 Εῖτις

2049 5332 2319 5393 excitatus
2337 5339 2422 5386 est
2443 5330 2511 5396 “,
2534 5327 2682 5389 sicut
2719 5326 2850 5380 olim
2889 5326 2943 5380 in
2989 5326 3370 5399 primogenitis
3416 5326 3634 5391 lsraelis

334 5401 357 5479 ἶ

456 5484 506 5520 ³⁸
524 5485 685 5544 Mich.
713 5505 808 5559 vn,
839 5490 893 5546 9.
970 5494 1014 5527 “
1044 5491 1190 5550 Psal.
1232 5508 1329 5561 cn,
1360 5493 1414 5549 9.
1447 5494 1513 5528 η*
1536 5493 1705 5550 Exod.
1744 5508 1934 5558 xxxrv.

2049 5491 2118 5545 .⁶¹
2140 5490 2283 5546 Psal.
2312 5463 2538 5552 Lxxvtii,
2556 5487 2610 5558 8;
2640 5484 2683 5540 ll
2722 5483 2955 5541 l‘imoth.
2990 5500 3028 5552 ι,
3060 5484 3112 5541 9.
3157 5489 3202 5523 ⁶¹
3232 5486 3444 5544 Ουιιιεε.
3466 5486 3506 5554 l,
3543 5484 3629 5557 ia,

757 5585 764 5591 ’
1603 5607 1843 5666 νΑιιιΑε
1876 5605 2282 5670 LECTIONES.

512 5717 598 5777 ιον.
625 5735 713 5789 7p.
748 5719 870 5792 γῆς.
