4030 6200
409 215 554 280 2063

1700 222 2056 284 PROCOPII
2089 205 2331 288 eum

3505 228 3654 296 206i.

407 322 610 378 factum
639 331 743 389 est,
785 321 922 378 salvi
956 323 1370 393 incolumesque
1402 322 1811 383 remanserunt.
1840 316 1961 393 Qiiil

2079 332 2229 405 διψᾷ,
2261 333 2505 405 ἐρχέσθω
2546 334 2683 405 πρὸς
2711 334 2803 405 μὶ,
2855 338 2948 390 καὶ
3000 335 3222 390 πινέτω.
3288 336 3346 391 ὐ
3374 340 3649 396 πιστεύων

406 431 537 488 ergo
583 432 689 472 non
740 431 837 473 eos
910 424 1189 473 tantorqu
1240 426 1519 475 auctorem
1582 420 1973 476 beneﬁciorum

406 509 603 564 merito
631 507 886 563 laudasse
916 509 1009 578 qui
1062 508 1380 564 eorumdem
1408 519 1598 565 essent
1627 526 1821 581 magna
1846 528 1974 566 cum

404 602 683 670 voluptate
734 615 1029 665 memores,
1087 600 1425 655 arbitretur?
1475 602 1545 653 At
1577 599 1745 663 Deus,
1784 604 1876 670 qui
1919 601 1973 655 in

402 692 577 762 gratia
609 691 921 761 reponenda
954 691 1181 748 minime
1211 702 1499 746 cunctator
1540 699 1646 755 est,
1674 693 1719 746 si
1752 692 1975 762 quando

402 786 565 854 digne
590 783 770 854 gloria
801 782 1093 847 adiciatur,
1150 784 1539 853 spiritualibus
1560 783 1853 838 confestim
1891 800 1975 840 re-

2080 430 2160 491 είς
2210 429 2330 498 ἐμὲ,
2389 427 2574 493 καθὼς
2609 424 2766 483 εἶπεν
2804 429 2837 500 ή
2881 427 3108 499 Γραφή,
3159 430 3397 499 ποταμοὶ
3427 432 3494 485 ὲκ
3547 433 3663 501 τῆς

2078 520 2286 584 κοιλίας
2316 520 2483 574 αὑτοῦ
2524 519 3061 592 ρεύσουσινκῦδατος
3114 517 3335 582 ζῶντος.
3377 518 3549 573 Τοῦτο
3589 521 3649 575 δὲ

2075 612 2261 682 ἔλεγεν
2289 615 2415 682 περὶ
2456 615 2552 666 τοῦ
2581 612 2923 681 Πνεύματος,
2972 605 3036 665 οὗ
3071 609 3302 680 ἤμελλον
3347 609 3648 680 λαμϐάνειν

2073 704 2122 756 οἱ
2155 702 2502 766 πιστεύοντες
2533 703 2613 765 είς
2668 702 2853 755 αὐτόν.
2890 719 2910 753 ι
2945 702 3058 754 Καὶ
3087 700 3277 754 πάλινο
3309 720 3330 754 ι
3366 703 3463 763 ⁸ος
3505 702 3551 754 δ’
3582 702 3649 756 ἂν

2074 794 2173 865 πίῃ
2200 786 2265 847 ἐκ
2300 792 2392 847 τοῦ
2419 792 2614 857 ὓδατος
2637 787 2699 847 οὗ
2729 793 2840 861 ἐγὼ
2860 792 3018 846 δώσω
3038 792 3208 862 αὐτῷ,
3231 793 3294 845 οὐ
3334 792 3409 863 μὴ
3430 792 3647 863 διψήσει

400 874 680 943 spondens
710 873 911 928 donis:
949 873 1014 926 Et
1039 873 1296 927 haut-ictis
1344 889 1534 943 aquas,
1566 874 1663 935 ait,
1696 889 1814 927 cum
1842 890 1961 943 gau-

2071 884 2152 945 είς
2181 884 2271 935 τὸν
2310 882 2505 936 αἰῶνα.
2555 882 2716 935 Ἀλλὰ
2766 883 2827 935 τὸ
2867 882 3033 953 ὕδωρ,
3084 882 3115 935 ὃ
3142 882 3253 950 εγὼ
3283 880 3441 936 δώσω
3472 882 3643 953 αὐτῷ,

399 965 509 1029 dio,
555 963 618 1018 de
668 964 900 1030 fontibus
946 962 1263 1018 Saluatoris.
1302 962 1456 1029 Quod
1507 966 1554 1019 si
1604 964 1838 1020 obscure
1885 965 1973 1019 di-

400 1065 548 1112 ctum
578 1056 835 1126 cuiquam
862 1056 1142 1124 videatur,
1174 1055 1517 1111 Salvatorem
1553 1057 1733 1126 ipsum
1766 1057 1824 1111 in
1854 1056 1970 1111 hau:

398 1152 565 1201 verba
597 1148 783 1202 audiat
818 1165 831 1202 :
865 1168 883 1199 ι
917 1148 974 1203 Si
1007 1149 1132 1218 quis
1163 1148 1301 1214 sitit,
1336 1148 1520 1202 veniat
1567 1148 1635 1203 ad
1666 1163 1772 1211 me,
1803 1157 1857 1203 ct
1884 1148 1969 1203 bi-

396 1240 512 1293 bat.
560 1238 664 1305 Qui
713 1239 889 1293 credit
941 1241 995 1293 iu
1027 1255 1132 1305 me,
1182 1238 1647 1309 quemadmodum
1698 1240 1774 1294 ait
1816 1238 1970 1294 Scri-

398 1338 583 1401 ptura,
618 1329 844 1385 ﬂumina
880 1329 947 1384 de
971 1338 1162 1384 ventre
1191 1330 1311 1401 ejus
1342 1329 1509 1384 liuent
1534 1344 1689 1400 aqua:
1712 1329 1966 1384 viventis.

398 1421 519 1476 Hoc
575 1429 759 1477 autem
817 1421 1040 1476 dicebat
1078 1421 1146 1476 de
1175 1422 1407 1491 Spiritu,
1434 1436 1596 1491 quem
1628 1430 1787 1476 erant
1812 1435 1970 1476 accc-

396 1512 563 1581 pturi,
597 1511 690 1581 qui
714 1500 1110 1569 credidissent
1157 1510 1211 1565 in
1248 1511 1429 1579 ipsum
1460 1510 1527 1562 “.
1573 1528 1592 1561 ι
1626 1509 1696 1565 Ει
1724 1524 1919 1564 rursus
1949 1527 1963 1563 :

400 1621 421 1656 ι
464 1602 520 1658 Si
547 1603 675 1670 quis
706 1617 907 1670 aquam
959 1601 1133 1665 bibat,
1186 1601 1347 1671 196
1370 1616 1534 1670 quam
1578 1616 1680 1671 ego
1718 1601 1862 1656 dabo
1891 1601 1963 1667 ei,

394 1693 487 1749 liet
541 1693 595 1746 in
629 1693 753 1762 ipso
809 1693 932 1745 lons
991 1704 1149 1760 aquae
1197 1691 1445 1745 salientis
1500 1690 1556 1744 in
1607 1691 1772 1744 vitam
1802 1698 1968 1743 teter-

393 1801 521 1840 nam
550 1785 629 1838 “.
668 1803 686 1837 ο
728 1782 867 1837 Sunt
890 1796 1023 1852 ergo
1056 1781 1247 1835 salutis
1279 1782 1472 1851 fontes,
1508 1782 1592 1836 vel
1619 1781 1798 1836 sancti
1839 1794 1971 1850 apo-

392 1878 543 1941 stoli,
574 1877 657 1931 vel
706 1875 854 1941 libri,
891 1875 985 1944 qui
1049 1871 1257 1943 Spiritu
1299 1873 1541 1927 dictante
1570 1880 1829 1941 tauquam
1869 1872 1966 1925 im-

392 1971 511 2034 bre,
541 1969 764 2024 cmlitus
796 1966 1033 2020 immissi
1072 1972 1225 2021 sunt.
1252 1963 1393 2019 Sunt
1424 1978 1556 2019 vero
1589 1963 1969 2034 et'propbeta-

393 2075 515 2115 rum
564 2058 771 2128 scripta
820 2057 1042 2111 Israelis
1098 2056 1267 2125 fontes
1320 2055 1461 2125 apud
1507 2054 1801 2120 Davidem,
1871 2052 1965 2108 ubi

392 2152 506 2204 ait:
541 2169 559 2202 ι
618 2150 678 2203 lu
704 2148 952 2204 ecclesiis
1000 2146 1310 2202 benedicite
1367 2146 1657 2201 Dominum
1696 2147 1761 2200 de
1792 2143 1965 2199 fonti-

393 2242 495 2295 bus
528 2239 696 2294 lsrael
727 2240 794 2292 ⁸³.
834 2257 853 2290 ι
883 2235 1041 2303 Quod
1084 2240 1132 2291 si
1169 2235 1497 2291 idololatriae
1518 2234 1776 2305 populum
1810 2233 1963 2303 argui

391 2342 633 2401 constat,
674 2330 766 2388 ubi
793 2334 881 2389 Me
912 2330 1328 2400 dereliquerunt
1359 2327 1567 2383 fontem
1599 2342 1755 2397 aquae
1776 2327 1965 2382 viven-

393 2427 485 2491 tis,
541 2426 744 2495 legitur
793 2425 860 2491 “;
910 2432 961 2478 et
1016 2423 1108 2477 hic
1139 2429 1293 2477 certe
1331 2420 1667 2483 credentem,
1703 2419 1964 2488 sitimque

393 2534 544 2573 suam
579 2518 674 2572 Dei
705 2516 941 2572 decretis
993 2516 1215 2584 explere
1258 2514 1591 2584 cupientem,
1623 2527 1741 2565 cum
1768 2513 1961 2580 gaudio

390 2611 455 2663 de
494 2607 730 2676 fontibus
771 2605 1072 2662 Saluatoris
1130 2621 1295 2677 aquas
1332 2620 1446 2659 esse
1496 2605 1818 2657 hausturum
1861 2617 1961 2659 ne-

392 2699 526 2753 mini
585 2700 816 2753 innuere
872 2696 1103 2751 dubium
1180 2704 1301 2761 est;
1362 2709 1501 2765 quas
1554 2708 1681 2750 esse
1735 2693 1960 2748 bibituri

391 2788 652 2861 Egyptii,
685 2796 739 2843 et
773 2789 867 2858 qui
898 2789 1196 2844 salutarem
1246 2786 1355 2840 illis
1386 2795 1572 2853 potum
1598 2784 1962 2853 propioarunt

389 2882 784 2948 praalicuutur.
818 2879 925 2935 Sed
952 2894 1168 2943 eorum,
1203 2878 1297 2947 qui
1328 2877 1476 2931 illam
1508 2876 1790 2939 biberunt,
1823 2889 1960 2944 gau-

2072 971 2361 1042 γενήσεται
2393 973 2451 1023 ὲν
2481 971 2631 1041 αὐτῷ
2658 972 2806 1042 πηγὴ
2833 970 3031 1035 ὕδατος
3061 971 3361 1041 ἁλλομένου
3385 973 3466 1035 είς
3498 970 3647 1043 ζωὴν

2070 1061 2309 1115 αἰώνιον.
2344 1081 2363 1115 ι
2401 1063 2592 1133 Πηταὶ
2630 1062 2805 1117 τοίνυν
2848 1064 3164 1130 σωτηρίου,
3189 1062 3223 1132 ἢ
3255 1063 3306 1115 οἱ
3336 1062 3483 1130 ᾶγιοι
3507 1063 3645 1116 ἁπό-

2072 1152 2345 1223 στολοι’ἢ
2394 1153 2541 1221 λόγοι
2595 1152 2959 1222 πνευματικοὶ
3008 1150 3069 1216 ἐξ
3120 1153 3281 1219 ἁγίου
3324 1151 3645 1222 Πνεύματος

2068 1243 2504 1314 ἀνομόρωμένοι.
2542 1243 2649 1296 Καὶ
2700 1245 2750 1296 οἰ
2792 1244 3121 1313 προφητικοὶ
3149 1242 3205 1295 δὲ
3249 1241 3422 1310 λόγοι,
3462 1242 3644 1311 mnu!

2068 1334 2415 1405 ὠνομάζοντο
2475 1332 2712 1405 Ἰσραὴλ,
2772 1332 3021 1400 λέγοντος
3060 1331 3155 1384 τοῦ
3214 1331 3378 1385 Δαϐίδ
3405 1344 3422 1363 “
3489 1350 3510 1384 ι
3552 1332 3643 1387 Ἐν

2081 1424 2431 1495 Ἐκκλησίαις
2473 1424 2743 1491 εὐλογεῖτε
2776 1423 2869 1477 τὸν
2913 1423 3046 1476 Θεὸν
3099 1422 3302 1492 Κύριον
3351 1426 3415 1476 ὲκ
3450 1422 3642 1493 πηγῶν

2081 1518 2315 1588 Ἰσραήλ.
2361 1536 2379 1571 ι
2413 1518 2478 1572 Ei
2504 1518 2562 1571 δὲ
2598 1519 2627 1570 6
2652 1517 3120 1587 εἰδωλολατρήσας
3152 1516 3462 1585 ἐγκαλεῖται
3490 1518 3638 1586 λαὸς,

2069 1608 2130 1661 τὸ
2156 1608 2287 1678 Ἐμὲ
2327 1607 2689 1676 ἐγκατέλιπεν
2723 1609 2909 1678 πηγὴν
2938 1606 3136 1671 ὕδατος
3181 1608 3419 1672 ζῶντος·
3458 1609 3637 1677 δῆλον,

2074 1700 2150 1763 ὡς
2180 1702 2208 1753 6
2246 1700 2541 1761 πιστεύων,
2572 1700 2667 1753 καὶ
2693 1702 2805 1763 τοῖς
2847 1699 3013 1761 θείοις
3050 1699 3404 1769 ποτιζόμενος
3434 1699 3640 1770 δόγμα-

2072 1807 2178 1854 σιν,
2209 1788 2417 1845 ἀντλεῖ
2446 1789 2603 1857 ὕδωρ
2630 1789 2756 1858 μετ’
2784 1789 3170 1857 εὐφροσύνης
3190 1789 3259 1843 ὲκ
3288 1788 3409 1843 τῶν
3433 1786 3641 1858 πηγῶν

2070 1881 2178 1934 τοῦ
2223 1880 2543 1948 σωτηρίου,
2589 1880 2681 1949 ἀφ’
2717 1873 2793 1933 ὧν
2832 1878 3124 1948 Αἰγύπτιοι
3156 1879 3375 1933 πίεσθαι
3420 1896 3638 1952 προφη-

2068 1972 2338 2037 τεύονται,
2401 1970 2496 2024 καὶ
2527 1972 2578 2024 oi
2634 1969 2847 2033 τούτοις
2888 1971 2950 2024 τὸ
2997 1971 3264 2038 σωτήριον
3307 1970 3469 2025 ποτὸν
3513 1970 3637 2024 δια-

2067 2060 2417 2129 κονήσαντες.
2442 2057 2552 2129 Τὴν
2578 2058 2634 2111 δὲ
2658 2057 2769 2111 τῶν
2801 2056 2961 2112 τοῦτο
2998 2058 3265 2111 πινόντων
3296 2058 3637 2129 εὐφροσύνην

2065 2151 2401 2222 παρίστησιν
2427 2150 2509 2217 τὸ,
2564 2170 2583 2203 ι
2620 2149 2962 2219 Ἐδίψησενή
3009 2149 3157 2219 ψυχή
3205 2165 3309 2219 μου
3354 2149 3491 2219 πρὸς
3545 2149 3635 2203 τὸν

2064 2242 2198 2295 Θεὸν
2231 2242 2321 2296 τὸν
2378 2241 2596 2313 ἰσχυρὸν
2635 2240 2727 2294 τὸν
2754 2240 2969 2305 ζῶντα·
3004 2262 3024 2293 ι
3066 2240 3189 2293 ὅσον
3218 2240 3327 2309 γάρ
3358 2255 3441 2302 τις
3482 2238 3632 2309 διψᾷ,

2063 2330 2318 2386 τοσοῦτον
2360 2332 2531 2386 πίνων
2558 2331 2934 2402 εὐφραίνεται.
2970 2329 3208 2385 Ἀντλεῖ
3234 2329 3292 2383 δὲ
3324 2329 3481 2397 ὕδωρ
3506 2338 3631 2399 μετ’

2062 2424 2445 2493 εὐφροσύνης
2471 2424 2500 2476 6
2535 2423 2627 2477 τὸν
2651 2423 2815 2493 νόμον
2846 2421 2945 2475 τοῦ
2984 2420 3192 2493 Κυρίου
3225 2420 3464 2490 μελετῶν
3494 2420 3631 2491 ἠμέ-

2066 2532 2163 2584 ρας
2184 2531 2243 2568 τε
2265 2516 2361 2569 καὶ
2380 2514 2594 2578 νυκτός.
2625 2514 2839 2583 «Στόμα
2855 2515 2962 2584 γὰρ
2991 2513 3202 2566 δικαίου
3228 2513 3515 2582 μελετήσει
3542 2528 3629 2565 σο·

2064 2605 2211 2675 φίαν.
2225 2605 2352 2658 »Διὰ
2369 2604 2462 2658 τοῦ
2484 2606 2593 2674 γὰρ
2616 2605 2797 2674 ζητεῖν
2816 2604 3013 2675 ὀρθῶς,
3030 2604 3090 2657 τὸ
3104 2604 3474 2672 πνευματικὸν
3502 2602 3631 2673 βούο

2061 2696 2124 2765 λη
2134 2714 2207 2764 μα
2227 2698 2424 2759 συνιεὶς
2439 2698 2535 2766 τῆς
2549 2697 2587 2748 Γ
2594 2696 2790 2766 ραφῆς,
2806 2696 3097 2760 ἀντλήσει
3121 2694 3277 2762 ὕδωρ
3286 2694 3412 2762 μετ’
3427 2696 3631 2761 εὐφρο-

2060 2789 2277 2853 σύνης,
2309 2789 2399 2840 τόν
2427 2804 2488 2840 τε
2516 2786 2609 2839 τοῦ
2632 2786 2766 2839 Θεοῦ
2799 2786 2969 2854 Λόγον
2989 2787 3051 2839 τὸ
3081 2785 3191 2848 ζῶν
3216 2783 3359 2856 ὕδωρ
3379 2784 3626 2855 εὑρήσει,

2059 2879 2119 2942 ὃς
2150 2880 2272 2941 τοὺς
2307 2878 2637 2940 ἀποστόλους
2665 2876 2905 2942 ἀνέδειξε
2945 2875 3035 2930 διὰ
3062 2875 3156 2931 τοῦ
3189 2875 3493 2943 πνεύματος
3522 2875 3631 2927 πᾶ·

390 2968 542 3023 dium
589 2970 726 3024 satis
779 2969 914 3024 illud
962 2967 1260 3039 espressit,
1293 2966 1442 3036 quod
1491 2967 1575 3021 bis
1601 2965 1788 3020 verbis
1822 2964 1960 3019 scri-

2069 2985 2152 3022 σιν
2183 2969 2343 3022 αὑτὸν
2365 2971 2476 3030 τοῖς
2504 2968 2752 3036 ἀγνοοῦσι
2781 2966 3152 3036 πηγάζοντας.
3181 2966 3318 3037 Περὶ
3364 2959 3440 3018 ὧν
3463 2980 3629 3035 φησιν

389 3059 537 3115 bitur
571 3078 585 3114 :
623 3077 641 3111 ι
704 3058 889 3115 Sitivit
938 3059 1119 3114 anima
1153 3073 1273 3112 mea
1324 3056 1393 3110 ad
1440 3056 1611 3110 Deum
1648 3053 1846 3109 fortem
1876 3053 1961 3108 vi-

391 3165 517 3204 vum
553 3149 618 3202 ⁸⁷.
651 3168 671 3202 ι
710 3149 832 3213 Quo
858 3150 1006 3203 enim
1064 3149 1304 3217 quisque
1334 3146 1452 3200 sitit
1477 3146 1674 3215 magis,
1706 3160 1771 3200 eo
1795 3145 1960 3200 etiam

390 3240 627 3310 amplius
685 3240 828 3294 idem
893 3239 1130 3295 bibendo
1176 3238 1506 3294 delectatur.
1543 3236 1781 3291 Haurire
1828 3251 1960 3292 vero

389 3347 555 3402 aquas
602 3347 721 3385 cum
764 3329 961 3401 gaudio
1012 3332 1059 3386 is
1102 3330 1326 3393 dicitur,
1377 3329 1473 3400 qui
1532 3326 1753 3385 Domini
1787 3330 1959 3398 legem

390 3422 479 3477 die
512 3437 576 3477 ac
613 3430 772 3477 nocte
832 3420 1132 3477 meditatur
1168 3421 1234 3475 ⁸⁸.
1264 3440 1283 3473 ι
1337 3419 1411 3477 Os
1440 3420 1592 3476 enim
1634 3420 1793 3489 justi,
1828 3421 1961 3475 dicit

271 3563 283 3575 ,
388 3512 627 3579 Psaltes,
687 3513 987 3569 meditatur
1037 3512 1366 3583 sapientiam
1415 3512 1482 3566 ".
1514 3530 1533 3564 ι
1574 3512 1743 3567 [lecte
1780 3512 1959 3581 siqui-

389 3606 512 3660 dem
540 3604 635 3675 qui
672 3605 890 3675 quaerit,
914 3604 1055 3660 idem
1077 3618 1281 3659 arcano
1300 3603 1601 3672 Scriptum
1637 3618 1803 3660 sensu
1832 3619 1958 3675 per-

389 3706 570 3766 cepto,
604 3711 798 3765 aquam
834 3710 953 3748 cum
985 3694 1187 3764 gaudio
1215 3694 1424 3749 hauriet
1437 3693 1826 3765 ;Verbumque
1861 3695 1956 3751 Dei

387 3788 570 3842 vivum
600 3786 840 3849 laticem,
877 3786 1137 3855 reperiet,
1162 3800 1193 3839 a
1229 3800 1340 3855 quo
1386 3800 1491 3856 per;
1517 3786 1775 3856 spiritum
1807 3800 1956 3841 mor—

388 3878 591 3934 talibus
615 3879 852 3944 cunctis,
880 3891 910 3930 a
940 3877 1146 3947 quibus
1181 3877 1298 3947 ipse
1336 3884 1499 3932 antea
1527 3876 1633 3932 fuit
1672 3877 1956 3948 ignoratus

368 3973 751 4029 'scaturieutes
793 3971 1080 4028 monstrati
1137 3978 1269 4027 sunt
1323 3969 1599 4041 discipuli;
1653 3968 1722 4025 de
1753 3970 1955 4040 quibus

386 4064 464 4118 ita
503 4062 762 4118 Davidem
816 4062 965 4132 loqui
1026 4061 1448 4131 comperimus:
1500 4079 1519 4112 ι
1569 4058 1957 4130 Apparuerunt

385 4155 561 4209 latntes
595 4168 885 4225 aquarum,
913 4158 969 4208 et
1000 4154 1239 4207 revelata
1268 4160 1398 4206 sunt
1418 4149 1776 4206 fundamenta
1804 4150 1954 4208 orbis

382 4242 630 4298 terrai".
666 4259 686 4294 ι
739 4240 906 4312 Lapis
947 4243 1095 4297 enim
1136 4242 1192 4295 in
1235 4238 1443 4305 Sionis,
1480 4239 1535 4294 id
1569 4247 1655 4294 est
1672 4238 1949 4304 Ecclesiae,

2062 3060 2091 3112 6
2123 3057 2306 3113 Aa6i6°
2345 3075 2363 3108 ι
2408 3056 2693 3128 Ὠφθησαν
2748 3058 2803 3109 αῑ
2859 3056 3034 3125 πηγαὶ
3080 3056 3192 3109 τῶν
3244 3054 3485 3121 ὑδάτων,
3534 3054 3631 3108 καὶ

2060 3147 2418 3216 ἀνεκαλύφθη
2449 3148 2519 3200 τὰ
2543 3147 2770 3218 θεμέλια
2797 3148 2897 3218 τῆς
2917 3146 3263 3217 οἰκουμένης.
3287 3165 3305 3199 ι
3344 3146 3504 3209 Λίθος
3528 3145 3629 3214 μὲν

2060 3241 2169 3311 γὰρ
2198 3240 2455 3303 ἐκλεκτὸς
2485 3241 2512 3292 6
2542 3239 2777 3309 Χριστὸς
2815 3241 2895 3302 είς
2931 3238 3002 3291 τὰ
3030 3237 3256 3308 θεμέλια
3290 3236 3445 3302 Σιὼν,
3477 3239 3630 3308 παρὰ

2059 3332 2152 3387 τοῦ
2206 3332 2418 3403 Πατρὸς
2463 3331 2739 3385 τεθεῖσθαι
2775 3331 3111 3402 λεγόμενος,
3154 3330 3295 3385 τοῦτ’
3353 3331 3468 3384 ἔστι
3528 3329 3631 3399 τῆς

2072 3424 2426 3494 Ἐκκλησίας.
2471 3423 2630 3494 Αὐτῷ
2656 3423 2764 3494 γὰρ
2792 3422 2880 3478 διὰ
2924 3422 3160 3486 πίστεως
3199 3420 3628 3492 οίκοδομούμεθα

2059 3510 2207 3577 οἶκος
2235 3513 2640 3585 πνευματικὸς,
2671 3514 2750 3577 είς
2789 3512 2918 3567 ναὸν
2958 3512 3133 3581 ἅγιον,
3179 3513 3260 3576 είς
3293 3512 3627 3583 κατοικητή-

2060 3623 2173 3677 ριον
2223 3605 2318 3659 τοῦ
2360 3604 2495 3658 Θεοῦ
2531 3606 2590 3659 ὲν
2640 3604 2932 3674 πνεύματι.
2975 3603 3131 3657 Λίθοι
3172 3603 3229 3656 δὲ
3276 3605 3391 3674 μετ’
3440 3604 3621 3669 αὑτὸν,

2057 3699 2174 3768 ήτοι
2205 3697 2434 3768 θεμέλια
2459 3699 2559 3768 τῆς
2586 3697 2935 3767 οἰκουμένης,
2960 3698 3010 3749 oi.
3037 3694 3125 3750 διὰ
3157 3696 3251 3750 τοῦ
3271 3695 3624 3767 κηρύγματος
3699 3704 3705 3709 '

2055 3788 2339 3858 ἀνέχοντες
2374 3790 2521 3860 ἡμᾶς
2549 3789 2688 3863 πρὸς
2730 3790 3053 3859 ἑδραιότητα
3082 3788 3181 3859 τήν
3210 3791 3268 3842 ὲν
3316 3790 3498 3842 πίστει
3526 3788 3625 3843 καὶ

2056 3878 2310 3951 ἀληθείᾳ,
2333 3879 2676 3951 Σημειωτὲον
2694 3879 2748 3931 δὲ
2765 3879 2841 3951 ᾡς
2855 3879 3059 3948 Ἰησοῦ
3084 3880 3178 3933 τοῦ
3193 3879 3446 3950 Σωτῆρος
3465 3880 3623 3950 ήμῶν

2053 3969 2082 4021 6
2112 3966 2303 4039 παρὼν
2337 3968 2613 4039 μέμνηται
2655 3967 2834 4036 λόγος,
2878 3971 3019 4023 κατὰ
3050 3970 3147 4038 τήν
3188 3968 3297 4022 τῶν
3353 3968 3624 4033 Ἐϐραίων

2053 4056 2259 4127 φωνὴν,
2294 4057 2413 4110 ἀντὶ
2439 4055 2535 4110 τοῦ
2562 4055 2791 4125 Σωτὴρ,
2825 4057 2913 4110 ἀεὶ
2947 4056 3011 4110 τὸ
3046 4055 3237 4125 Ἰησοῦ
3268 4056 3620 4126 περιέχουσα.

2066 4144 2153 4197 Ἐν
2191 4143 2293 4215 τῷ,
2326 4144 2485 4200 ἰδοὺ
2528 4148 2562 4200 ό
2596 4144 2742 4210 Θεὸς
2792 4148 2824 4198 ό
2865 4143 3069 4212 Σωτήρ
3091 4161 3233 4213 μου.
3273 4146 3383 4198 Καὶ
3434 4146 3492 4200 ὲν
3522 4144 3621 4215 τῷ,

2053 4235 2291 4305 ἐγένετό
2322 4253 2423 4306 μοι
2450 4239 2538 4303 εις
2559 4237 2878 4306 σωτηρίαν.
2910 4236 3022 4297 Καὶ
3051 4237 3110 4292 ἐν
3134 4236 3235 4307 τῷ,
3264 4236 3334 4291 ὲκ
3366 4235 3485 4291 τῶν
3505 4248 3623 4306 πη-

384 4330 743 4386 l’uudameuta
798 4330 1031 4395 electus,
1075 4338 1131 4384 et
1165 4344 1195 4383 a
1233 4328 1396 4385 Patre
1434 4325 1554 4400 ipso
1594 4329 1830 4399 positus,
1865 4329 1953 4384 cui

2066 4326 2184 4399 τῶν
2220 4328 2328 4383 τοῦ
2361 4330 2677 4397 σωτηρίου.

384 4434 479 4488 per
510 4418 670 4473 [idem
725 4417 1065 4473 aediﬁcantur
1108 4416 1307 4473 domus
1359 4417 1688 4487 spiritualis,
1760 4417 1816 4472 in
1894 4418 2160 4489 templum
2218 4427 2489 4481 sauctum,
2552 4420 2607 4473 in
2654 4415 3030 4475 habitaculum
3082 4416 3179 4474 Dei
3253 4418 3311 4474 in
3392 4419 3618 4489 spiritu,

382 4512 639 4565 Christus
688 4515 791 4563 est.
831 4506 972 4561 Sunt
1013 4522 1141 4562 vero
1183 4509 1485 4564 secundum
1517 4509 1697 4579 ipsum
1760 4516 1816 4564 et
1880 4509 2089 4580 lapides
2114 4510 2300 4574 etiam,
2374 4509 2427 4565 id
2506 4516 2591 4565 est
2640 4510 2792 4564 orbis
2838 4516 2999 4567 terrae
3041 4507 3395 4565 fundamenta
3443 4511 3623 4566 nomi-

375 4598 1462 4670 nati,quiperprzedicationemprincipes
1506 4600 1713 4666 exorsi,
1749 4614 1851 4656 nos
1884 4600 1941 4654 in
1974 4599 2103 4655 fidei
2152 4600 2515 4671 veritatisque
2571 4599 2907 4657 rectitudine
2950 4610 3008 4656 et
3077 4601 3419 4658 ﬁrmitudine
3488 4604 3623 4661 reti-

382 4700 644 4748 nuerunt.
704 4689 822 4745 Non
857 4702 944 4747 est
973 4701 1154 4748 autem
1208 4693 1757 4764 praetermittendum,
1792 4694 1837 4750 si
1914 4696 1980 4749 ad
2022 4695 2247 4751 Hebraea
2276 4696 2439 4751 verba
2488 4693 2776 4764 respicias,
2822 4693 2914 4749 hic
2942 4694 3010 4750 dc
3034 4696 3315 4751 communi
3372 4698 3621 4752 omnium

381 4785 575 4839 salutis
625 4790 850 4837 auctore
895 4781 1029 4838 Jesu
1083 4785 1410 4839 intentionem
1472 4783 1612 4849 ﬁeri;
1677 4797 1801 4839 cum
1834 4772 1951 4839 ubi
1992 4781 2289 4840 Salvaloris
2315 4799 2503 4840 vocem
2556 4798 2912 4854 usurpamus,
2936 4781 3145 4838 Iesum.
3184 4782 3454 4843 Hebraica
3519 4786 3621 4843 ha’

381 4883 565 4936 beant.
616 4875 779 4932 Verbi
810 4891 998 4943 causa,
1030 4877 1121 4931 ubi
1157 4878 1357 4948 legitur
1394 4894 1408 4931 :
1464 4876 1601 4931 Ecce
1645 4878 1781 4933 Deus
1806 4879 2056 4935 Saluator
2080 4898 2245 4947 meas,
2280 4881 2436 4952 197
2459 4890 2514 4937 et
2539 4881 2652 4948 ibi;
2687 4880 2861 4948 {actus
2926 4887 3003 4935 est
3066 4880 3194 4933 mihi
3248 4880 3304 4935 iis
3371 4876 3645 4941 salatem.’

382 4972 445 5025 Et
478 4971 565 5024 hie
591 4968 853 5040 denique,
884 4984 1008 5024 cum
1041 4969 1109 5023 de
1136 4968 1370 5036 fontibus
1393 4964 1693 5023 Saluatoris
1717 4970 1876 5024 dixit.
1934 4983 1943 4992 '

447 5087 796 5157 Proplietiam
830 5088 998 5151 enim,
1034 5101 1156 5155 qua:
1183 5085 1246 5139 de
1273 5084 1451 5140 radice
1492 5085 1660 5142 lassa:
1691 5088 1944 5152 habetur,

374 5178 503 5234 Jesu
548 5179 842 5235 Saluatoris
891 5179 1256 5250 appellatione
1303 5178 1553 5236 destituti
1598 5195 1721 5236 cum
1770 5182 1834 5235 de
1882 5195 1948 5235 eo

374 5283 523 5329 esset
554 5275 832 5336 instituta,
866 5287 1217 5343 nequaquam
1249 5274 1497 5329 decebat.
1526 5273 1606 5327 Ad
1645 5276 1787 5337 hmo,
1822 5289 1940 5327 scr-

375 5376 536 5419 moue
588 5364 652 5416 ad
703 5363 1085 5433 Evangelistas
1138 5378 1445 5430 converso,
1489 5362 1618 5434 quid
1673 5362 1788 5427 eis,
1842 5362 1938 5433 qui

2128 5087 2377 5157 Ἔπρεπε
2422 5084 2531 5155 γὰρ
2555 5085 2621 5155 τῇ
2666 5082 2791 5152 περὶ
2823 5081 2919 5135 τοῦ
2947 5081 3017 5135 ἐκ
3034 5080 3204 5149 ῥίζης
3242 5082 3461 5136 Ἰεσσαὶ
3492 5099 3641 5157 προοκ

2057 5178 2276 5250 φητείᾳ,
2299 5178 2392 5231 τοῦ
2433 5175 2704 5243 Σωτῆρος
2743 5172 2940 5242 Ἰησοῦ
2983 5174 3084 5244 τὴν
3121 5174 3493 5245 προσηγορίαν
3516 5176 3645 5235 έπσξ

2047 5270 2289 5336 ενέγκαι.
2355 5268 2527 5331 Αὐτὸς
2581 5268 2690 5336 γὰρ
2733 5261 2803 5337 ἦν
2839 5267 2869 5319 6
2929 5266 3432 5338 προφητευόμενος.
3498 5264 3625 5318 Ἐπὶ

2046 5360 2256 5424 τούτοις
2278 5361 2591 5432 προσφωνεῖ
2628 5361 2739 5422 τοῖς
2766 5357 3201 5429 εὖαγγελισταϊς,
3229 5358 3263 5411 ἃ
3297 5357 3379 5411 δεῖ
3403 5357 3519 5422 τοῖς
3562 5354 3625 5421 ἐξ

451 5538 495 5569 ⁸³
518 5537 682 5591 Joan.
717 5553 812 5599 vit,
835 5540 1024 5593 57-59.
1103 5538 1146 5569 “
1176 5537 1331 5590 Joan.
1368 5554 1439 5599 tv,
1467 5539 1551 5591 Η.
1629 5537 1673 5567 ⁸⁵
1704 5536 1845 5590 Psal.
1883 5535 2169 5598 t.xvt|,97.
2246 5536 2289 5567 ⁸⁸
2319 5538 2520 5591 Jcrcm.
2555 5512 2614 5603 ιί,
2646 5537 2733 5591 15.
2812 5536 2854 5569 ⁸⁷
2876 5535 3021 5592 Psal.
3056 5552 3163 5605 xu,
3195 5539 3251 5593 3.
3328 5535 3373 5569 “
3400 5531 3547 5590 Psal.
3578 5547 3620 5599 t,

371 5607 425 5660 2.
512 5609 555 5639 ⁸⁵
596 5607 742 5661 i’sal.
780 5624 971 5674 xxxvi,
1003 5609 1092 5662 50.
1173 5611 1214 5639 ⁷⁸
1248 5610 1395 5662 l‘sal.
1433 5624 1565 5673 ιιι-ιι,
1607 5606 1686 5661 i6.
