4010 6208
353 378 481 440 2055

1453 368 1985 431 COMMENTARII
2025 369 2105 430 IN
2144 366 2428 429 ISAIAM.

3450 349 3592 414 2066

352 480 625 547 Αἰγύπτου
681 476 1146 549 μαθητευομένοις
1189 478 1356 547 ἐρεῖν,
1402 467 1683 546 Ὑμνεῗτέ,
1718 476 1917 545 λέγων,

2035 474 2249 545 Egyptii
2270 472 2582 529 doctrinam
2613 465 3043 536 amplectuntur,
3067 460 3253 515 dicere
3276 460 3590 522 conveniat,

351 571 577 640 Κύριον⁸
604 567 795 633 ,ϐοᾶτε
836 568 903 621 τὸ
934 566 1121 635 ὄνομα
1150 566 1357 619 αὑτοῦ.
1391 565 1514 628 Τοῖς
1541 565 1719 627 ἄλλοις
1753 564 1923 618 ταῦτα

349 661 757 732 παραγγέλλειν
797 658 991 723 εἰπὼν,
1026 661 1154 712 ὅταν
1178 655 1571 727 ἐμπλησθῶσιν
1620 656 1773 708 αὐτοὶ
1829 654 1922 707 τοῦ

346 748 725 820 πνευματικοῦ
760 750 1027 818 πόματος.
1077 747 1141 801 Ἢ
1169 747 1225 800 δὲ
1255 747 1401 812 βοὴ,
1433 748 1581 817 φωνή
1611 746 1726 798 ἐστι
1755 745 1922 815 μέγε-

348 842 438 905 θος
466 842 665 910 ἔχουσα
683 840 981 910 δυνάμενον
1004 838 1329 893 διῖκνεῖσθαι
1355 838 1449 889 καὶ
1478 837 1614 908 πρὸς
1640 838 1766 898 τοὺς
1793 837 1924 906 πόῤ-

350 938 452 1003 ρω.
484 931 671 989 Βοᾶτε
702 928 796 985 οὖν
829 933 954 987 ἀντὶ
1002 930 1098 984 τοῦ
1120 971 1134 996 ,
1176 931 1249 999 μὴ
1286 928 1459 1001 μικρὰ
1497 930 1745 998 φρονεῖτε
1798 929 1926 997 περὶ

347 1023 486 1077 Θεοῦ
506 1041 520 1055 ·
553 1023 765 1093 μεγάλῃ
790 1023 847 1074 δὲ
874 1022 1176 1090 θεολογείτε
1222 1019 1434 1090 διανοίᾳ
1472 1019 1603 1089 περὶ
1625 1018 1814 1082 αὐτοῦ,
1849 1019 1926 1081 ὡς

350 1115 446 1169 καὶ
472 1118 586 1177 τοῖς
617 1114 835 1185 μακρὰν
868 1114 965 1182 τῆς
992 1114 1268 1184 σωτηρίας
1315 1110 1642 1175 ἐξάκουστον
1668 1109 1925 1179 γενέσθαι

350 1205 443 1258 τὸν
468 1200 651 1273 λόγον,
703 1204 792 1256 διὰ
821 1205 883 1255 τὸ
915 1204 1014 1273 τῆς
1043 1202 1393 1265 διδασκαλίας
1422 1201 1640 1272 τρανὸν.
1679 1202 1742 1254 ’⁸0
1777 1201 1941 1271 δηλοί-

351 1294 441 1348 διά
467 1293 578 1346 τῶν
608 1294 756 1362 ὲξῆς.
803 1293 1242 1362 Ἀναγγείλιιτε,
1285 1291 1477 1360 λέγων,
1523 1292 1594 1344 ἐν
1619 1290 1744 1357 τοῖς
1767 1290 1928 1345 ἔθνε-

353 1406 459 1445 σιν
484 1389 554 1442 τὰ
583 1388 807 1452 ἔνδοξα
826 1386 1040 1441 αὐτοῦ.
1103 1387 1308 1439 Εἴπατε
1336 1383 1502 1439 αὐτοῦ
1524 1384 1594 1437 τὰ
1624 1384 1924 1453 θαυμάσια.

355 1481 513 1533 Τοῦτ’
532 1479 668 1543 ἔστι,
685 1479 900 1543 δείξατε
920 1482 1033 1542 τοῖς
1057 1479 1306 1547 ἀνοήτοις
1332 1477 1431 1546 τὴν
1457 1477 1589 1548 περὶ
1610 1475 1704 1535 τὸν
1728 1476 1928 1545 κόσμον

356 1570 622 1636 διάταξιν,
661 1570 747 1622 ἵνα
776 1567 1130 1640 προσαχθῶσι
1154 1570 1220 1638 τῇ
1246 1566 1436 1637 ἀγάπῃ
1463 1565 1562 1619 τοῦ
1605 1567 1925 1625 κτίσαντος.

369 1662 602 1729 ’Υψηλὰ
630 1660 687 1714 δέ
735 1677 900 1729 φησιν
929 1661 1028 1713 ὅσα
1059 1660 1362 1729 πεποίηκεν
1406 1661 1464 1711 ὲν
1501 1659 1717 1729 οὐρανῷ
1744 1660 1837 1712 καὶ⁸
1871 1661 1930 1712 ὲν

357 1750 453 1818 τῇ,
488 1748 658 1816 νοητά
691 1763 751 1799 τε
783 1749 879 1800 κα)⁹
905 1746 1162 1817 αἰσθητά.
1191 1748 1258 1799 Ἢ
1280 1749 1409 1818 περὶ
1439 1748 1541 1817 τῆς
1568 1751 1625 1802 ἑν
1648 1751 1778 1820 ἡμῖν
1796 1767 1924 1820 χρη.

360 1840 627 1909 στότητος
650 1840 746 1893 ὅτι
778 1839 906 1908 {td/oi
936 1839 1063 1901 τοὺς
1093 1839 1599 1909 τεταπεινωμένους
1621 1818 1710 1893 καὶ
1742 1818 1933 1896 συντε-
1962 1818 2007 1872 Β

357 1930 702 2000 τριμμένους
759 1932 858 2000 τὴν
902 1929 1153 1999 καρδίαν.
1211 1928 1654 1994 Ταπεινωθέντας
1705 1931 1814 2001 γὰρ
1864 1934 1931 2003 τῇ

359 2020 609 2092 ἁμαρτίᾳ
631 2022 695 2091 τῇ
730 2021 834 2092 ἰδίᾳ
860 2021 1189 2092 ὑπερύψωσε
1213 2021 1362 2093 δόξῃ.
1396 2022 1477 2075 Τὰ
1504 2023 1561 2076 δὲ
1593 2023 1935 2094 προκείμενα

360 2111 546 2178 λέγειν
581 2112 715 2180 φασί
745 2128 893 2173 τινες
924 2114 1016 2165 τὶν
1060 2113 1264 2183 ἀρτίως
1296 2113 1848 2185 μυσταγωγούμενον,
1877 2115 1935 2179 ὃς

364 2201 487 2256 τῶν
506 2203 613 2257 τοῦ
638 2203 937 2271 σωτηρίου
988 2204 1199 2271 πηγῶν
1239 2204 1643 2273 ἀρυσάμενος,
1686 2206 1937 2259 τοσοῦτον

363 2294 664 2359 ἐπέδωκεν,
692 2294 769 2358 ὡς
798 2294 1164 2367 ἀποστολικὴν
1195 2295 1568 2350 ἐνδείκνυσθαι
1595 2297 1937 2368 λειτουργίαν

362 2388 477 2447 τοῖς
527 2386 728 2450 ἄλλοις,
784 2386 997 2454 ὑμνεῖν
1032 2403 1095 2439 τε
1117 2386 1343 2455 λέγοντα
1392 2390 1614 2457 Κύριον
1644 2401 1689 2446 ⁸.
1736 2392 1855 2444 Τίσι
1881 2391 1938 2444 δὲ

325 2550 335 2574 δ
363 2477 889 2574 πρρσταττειβοᾷν,
917 2480 1186 2549 ἐπήνεγκε
1212 2478 1409 2547 λέγων·
1436 2481 1847 2551 Ἀναγγείλατε
1871 2484 1941 2537 ἐν

363 2568 492 2633 τοῖς
515 2569 718 2623 ἔθνεσι
751 2571 823 2623 τὰ
868 2568 1088 2633 ἔνδοξα
1116 2570 1323 2623 αὐτοῦ.
1381 2571 1503 2634 Πῶς
1532 2573 1640 2644 γὰρ
1664 2574 1765 2627 οὐκ
1801 2574 1941 2629 ἔνδο-

367 2657 460 2725 ξος
481 2659 680 2728 γένους
705 2657 1008 2731 ἀνθρώπων
1040 2662 1363 2725 ἁνάπλασις,
1395 2663 1717 2733 δαιμονικῆς
1745 2684 1943 2737 τυραν-

371 2752 521 2813 νίδος
573 2752 913 2822 καθαίρεσις,
969 2754 1335 2824 αἰχμαλώτων
1385 2754 1689 2825 ἐλευθερία,
1727 2758 1941 2827 τυφλῶν

368 2842 690 2913 ἀνάϐλεψις,
716 2843 1019 2907 δικαίωσις,
1056 2844 1350 2915 ἁγιασμὸς,
1386 2845 1631 2901 υἱοθεσία
1652 2848 1760 2901 τῶν
1812 2851 1941 2921 πρὶν

366 2934 629 3003 φυγάδων
647 2934 758 2987 ἀπὸ
774 2932 931 2998 Θεοῦ,
948 2933 1150 3003 γνῶσις
1167 2934 1324 2999 Θεοῦ,
1349 2938 1537 3007 νεκροὶ
1559 2938 1939 3009 ἀνιστάμενοι,

365 3024 561 3096 λεπροὶ
599 3024 1020 3095 καθαιρόμενοι;
1058 3024 1121 3077 Ol
1145 3025 1203 3076 ὲν
1236 3025 1542 3089 ἀσθενείαις
1580 3028 1937 3099 ὲρῤώννυντοο

365 3113 665 3212 ἠλαύνοντο
689 3114 968 3212 δαίμονες
991 3114 1426 3184 φλεγμαίνουσαν
1444 3116 1727 3187 ἀπηύνασε
1745 3118 1939 3173 θάλατ-
1967 3149 2014 3212 C

366 3220 491 3258 τανο
505 3205 590 3272 ἐφ’
607 3201 688 3267 οἷς
701 3203 1280 3274 ἀγαλλιᾶσθεῳψὶν,
1297 3208 1409 3268 τοῖς
1426 3208 1768 3262 κατοικοῦσι
1785 3209 1940 3263 Σιὼν

369 3298 482 3359 τοῖς
503 3298 559 3348 ὲν
586 3295 881 3367 Ἐκκλησία
910 3295 1131 3365 βεϐαίαν
1153 3295 1335 3364 έχουσι
1361 3296 1563 3352 πίστιν.
1595 3298 1747 3352 Σιὼν
1776 3300 1881 3371 γὰρ
1910 3303 1939 3354 ὁ

372 3383 1081 3457 εὐαγγελικὸςλόγσς,ὲφόῦ
1114 3389 1465 3459 ήἘκκλησὶα
1480 3391 1615 3444 Θεοῦ
1649 3392 1938 3466 ᾠκοδόμη-

370 3499 482 3536 ται.
523 3481 679 3533 Ἐπεὶ
705 3477 798 3533 οὖν
831 3484 862 3534 ό
888 3480 1055 3550 ἅγιος
1101 3480 1209 3533 τοῦ
1252 3480 1499 3549 Ἰσραὴλ
1550 3483 1609 3536 ἐν
1647 3483 1796 3554 μέσῳ
1839 3486 1939 3553 τῆς

384 3571 713 3640 Ἐκκλησίας
743 3569 953 3639 ὑψώθη.
987 3568 1380 3638 εὐφραίνεσθε
1422 3572 1471 3624 οἱ
1503 3571 1562 3623 ὲν
1595 3573 1749 3625 αὐτοὶ
1792 3574 1811 3609 ί
1842 3574 1939 3644 μέ-

374 3678 465 3715 σον
487 3661 703 3731 ἔχοντες
746 3660 908 3712 αὐτόν
930 3674 942 3687 ·
970 3660 1110 3711 κατὰ
1147 3658 1229 3722 τὸ,
1259 3676 1278 3709 r
1319 3659 1492 3711 Ὅπου
1524 3658 1618 3712 δύο
1659 3661 1752 3713 καὶ
1792 3665 1941 3731 τρεῖς

373 3748 708 3822 συνηγμένοι
752 3747 889 3801 εἰσὶν
920 3747 1075 3817 ἐντῷ
1122 3747 1346 3815 ὀνόματί
1397 3763 1520 3816 μου,
1571 3749 1687 3800 ἐκεῖ
1712 3750 1828 3818 ειμι
1883 3751 1941 3804 ἐν

372 3840 524 3911 μέσῳ
544 3838 744 3893 αὐτῶν.
758 3858 776 3889 ι
796 3839 811 3858 '
825 3828 1034 3906 Υψώθη
1052 3838 1256 3891 τοίνυν
1278 3837 1348 3889 ὲν
1364 3836 1535 3905 μέσῳ
1550 3836 1760 3906 αὐτῆς,
1774 3842 1824 3892 εί
1846 3840 1942 3894 καὶ

367 3931 595 3998 γέγονεν
619 3929 929 3998 ἄνθρωπος,
959 3926 1139 3982 λαϐὼν
1158 3926 1348 3980 δούλου
1382 3916 1619 3999 μορφὴν,
1646 3929 1777 3993 Θεὸς
1805 3932 1939 4000 ἀλη-

2025 567 2235 632 iunuit;
2266 579 2391 620 cum
2426 562 2676 634 hymnum
2708 566 2926 612 cantare
2957 553 3187 608 Domino
3218 550 3513 611 admonet,
3542 555 3594 599 ct

2024 657 2321 713 inclamare
2353 671 2545 709 nomen
2589 652 2703 721 ejus
2731 690 2745 713 ,
2782 658 2841 701 ιιι
2882 632 2986 700 ista
3018 645 3180 699 etiam
3215 643 3337 696 aliis
3380 655 3595 693 annun-

2025 751 2204 812 tiare,
2235 746 2458 817 quando
2488 742 2762 813 spirituali
2807 748 2939 809 potu
2982 736 3220 806 repletos
3254 748 3377 789 esse
3410 732 3596 786 couti-

2023 842 2184 912 gerit,
2202 837 2576 893 meminerint.
2593 833 2691 888 Est
2714 841 2895 886 autem
2919 830 3122 882 clamor
3150 842 3216 881 eo
3243 842 3415 893 usque
3449 824 3599 878 vocis

2025 930 2386 987 contentione
2419 928 2600 982 elatus
2631 938 2835 985 sermo,
2869 930 2928 974 ut
2960 918 3028 980 ad
3059 932 3247 973 eorum
3285 932 3469 977 aures,
3504 918 3597 986 qui

2027 1024 2220 1096 procul
2257 1023 2457 1077 absunt
2482 1061 2496 1086 ,
2550 1016 2843 1089 pervenire
2872 1015 3072 1067 valeat.
3137 1009 3439 1063 Inclamarc
3470 1024 3601 1079 ergo

2026 1128 2151 1167 cum
2182 1111 2434 1183 pra-cipit
2462 1149 2477 1175 ,
2521 1110 2664 1163 idem
2702 1104 2869 1170 facit,
2921 1118 2983 1158 ac
3031 1101 3076 1157 si
3119 1117 3224 1155 non
3271 1098 3497 1152 humilia
3535 1097 3602 1150 de

2027 1201 2138 1259 Deo
2172 1203 2400 1268 sentire,
2437 1200 2535 1256 sed
2582 1213 2803 1253 sursum
2838 1204 3022 1249 erecta
3066 1200 3249 1247 mente
3283 1189 3349 1242 de
3381 1203 3445 1242 eo
3477 1187 3603 1257 pItI-

2029 1294 2330 1367 losophari,
2362 1302 2415 1348 et
2440 1293 2515 1347 ita
2543 1292 2820 1346 disserere
2843 1286 3054 1358 jubcat,
3083 1292 3145 1337 ut
3175 1282 3260 1337 vel
3292 1279 3602 1335 remotissi-

2028 1388 2131 1442 mis
2160 1386 2416 1456 gentibus
2450 1384 2570 1454 ipsa
2601 1381 2834 1435 docendi
2878 1376 3268 1449 perspicuitate
3309 1375 3519 1427 clarum
3551 1378 3605 1423 et

2031 1478 2245 1534 celebre
2275 1476 2473 1534 salutis
2519 1474 2748 1528 verbum
2789 1469 3009 1526 evadat.
3046 1467 3205 1533 Quod
3248 1473 3400 1520 certe
3431 1462 3602 1532 signi-

2034 1570 2183 1627 ﬁcari
2218 1586 2327 1625 non
2359 1561 2624 1637 ambigas,
2648 1566 2693 1620 si
2725 1562 2790 1616 ad
2823 1577 2909 1627 ea,
2934 1575 3057 1631 quae
3087 1564 3415 1626 sequuntur,
3453 1569 3607 1622 aspe-

2033 1664 2200 1720 xeris.
2253 1662 2344 1716 Ait
2387 1660 2534 1716 enim
2566 1677 2579 1713 :
2612 1656 2937 1711 Annuntiate
2980 1653 3033 1706 in
3084 1651 3322 1720 gentibus
3368 1646 3607 1717 gloriosa

2034 1756 2169 1826 ejus.
2221 1754 2396 1808 Dicite
2441 1751 2617 1822 ipsius
2662 1744 2959 1806 mirabilia,
2994 1742 3043 1796 id
3089 1750 3205 1802 est,
3246 1754 3370 1793 eum
3406 1736 3499 1805 qui
3552 1736 3605 1787 in

2037 1847 2240 1903 mundo
2268 1855 2350 1902 est
2374 1885 2389 1910 ,
2438 1859 2620 1899 rerum
2655 1840 2902 1896 ordinem
2938 1834 3161 1888 rudibus
3195 1830 3466 1887 ostendite
3492 1869 3506 1894 ,
3551 1835 3608 1880 ut

2036 1938 2350 1997 Conditoris
2371 1938 2563 1995 saltem
2584 1933 2879 1989 dilectione
2899 1924 3407 2000 pelliciantur.Cum
3425 1930 3606 1974 autem

2038 2035 2286 2089 sublimia
2314 2032 2473 2093 dixit,
2524 2037 2720 2083 cuncta
2756 2024 3050 2083 intellexit,
3085 2036 3204 2089 quze
3232 2018 3315 2072 vel
3350 2017 3403 2069 in
3444 2014 3607 2077 crelo,

2036 2125 2122 2179 vel
2153 2125 2208 2178 in
2237 2132 2407 2188 terra,
2445 2122 2562 2177 sive
2589 2126 2795 2181 mente,
2830 2116 2946 2172 sive
2983 2113 3239 2170 sensibus
3280 2092 3418 2179 ipsis
3452 2121 3609 2161 com-

2039 2209 2473 2281 preltcndnntur,
2497 2206 2565 2260 ab
2606 2205 2726 2274 ipsa
2780 2204 2920 2257 facta
2974 2215 3097 2255 esse
3146 2197 3418 2251 audimus.
3490 2190 3609 2245 Nisi

2038 2301 2216 2357 mavis
2246 2299 2311 2354 ad
2345 2298 2465 2365 ejus
2496 2312 2621 2366 erga
2657 2310 2760 2350 nos
2800 2293 3116 2347 facilitatem
3165 2287 3471 2357 respexisse
3522 2282 3609 2338 di-

2038 2407 2162 2449 cere
2186 2409 2202 2460 ;
2232 2405 2392 2461 quem
2421 2388 2733 2444 humiliatos
2755 2397 2808 2441 et
2829 2384 3097 2439 contritus
3117 2380 3282 2435 corde
3304 2380 3355 2432 iu
3378 2377 3611 2431 sublime

2038 2480 2289 2537 videmus
2329 2479 2596 2533 attollere.
2619 2477 2766 2542 Quos
2788 2474 2934 2529 enirn
2958 2473 3224 2526 scelerum
3249 2469 3600 2536 depresser‘at

2004 2560 2007 2561 ν
2039 2572 2280 2642 gravitas
2309 2611 2322 2633 ,
2371 2569 2590 2624 eosdem
2622 2566 2793 2637 gloria
2824 2580 2922 2620 sua
2975 2560 3237 2616 sublimes
3265 2565 3318 2612 et
3348 2556 3599 2612 excelsos

2039 2664 2238 2721 effecit.
2262 2661 2379 2716 Non
2402 2662 2598 2716 desunt
2626 2669 2806 2713 tamen
2830 2696 2844 2721 ,
2871 2654 2963 2725 qui
2993 2668 3115 2723 quae
3136 2651 3396 2719 superius
3425 2648 3606 2717 Posita

2041 2765 2169 2811 sunt
2198 2796 2214 2820 ,
2242 2754 2308 2807 ad
2340 2768 2462 2807 eum
2482 2792 2497 2817 ,
2533 2750 2627 2819 qui
2664 2756 2913 2803 reccnter
2947 2746 3194 2798 initiatus
3224 2742 3295 2795 sit
3330 2738 3563 2792 referant
3590 2775 3607 2802 ,

2041 2861 2197 2918 quem
2226 2846 2418 2898 hausta
2441 2842 2505 2897 de
2524 2839 2759 2911 fontibus
2787 2836 3083 2893 SalvatOris
3109 2848 3267 2901 aqua,
3297 2845 3391 2884 eos
3421 2824 3609 2881 volunt

2043 2937 2241 2994 fecisse
2282 2949 2608 3007 progressus
2640 2972 2655 2997 ,
2702 2941 2759 2984 ιιι
2792 2926 3153 2999 apostolicum
3187 2923 3310 2977 aliis
3361 2920 3609 2973 ministe-

2042 3030 2189 3085 rium
2244 3029 2649 3089 demonstrare,
2712 3020 3026 3088 Dominique
3073 3013 3283 3069 uerbum
3346 3010 3611 3064 celebrare

2046 3125 2231 3186 queat.
2282 3113 2472 3183 Neque
2516 3126 2648 3167 vero
2694 3109 2894 3179 quibus
2952 3104 3243 3157 inclamare
3290 3096 3609 3166 praecipiat,

2046 3205 2259 3271 omisit,
2286 3218 2409 3257 cum
2440 3200 2626 3256 statim
2663 3196 2989 3251 aununtiare
3014 3194 3067 3245 in
3108 3190 3344 3262 gentibus
3374 3185 3611 3256 gloriosa

2043 3296 2158 3365 ejus
2190 3292 2459 3365 praecipit.
2491 3288 2593 3355 Qui
2628 3286 2774 3343 enim
2822 3286 2938 3355 ipsa
2970 3281 3204 3354 gloriosa
3248 3293 3354 3330 non
3400 3275 3471 3329 sit
3512 3275 3611 3326 hu-

2046 3387 2253 3443 ntinum
2291 3381 2584 3446 formatio,
2630 3376 2979 3434 danuoniacm
3026 3370 3336 3444 tyrannidis
3378 3364 3612 3428 eversio,

2044 3480 2309 3546 ademptae
2361 3459 2665 3536 libertatis,
2713 3465 3146 3535 visionis,198
3166 3458 3610 3532 justilicationis,

2045 3569 2500 3629 sanctificationis
2529 3564 2836 3626 restitutio,
2860 3560 3119 3623 filiorum,
3139 3556 3229 3627 qui
3257 3554 3410 3626 prius
3442 3568 3470 3606 a
3505 3551 3615 3603 Deo

2046 3666 2412 3723 recesserant,
2471 3654 2713 3725 adoptio,
2780 3652 2873 3705 Dei
2932 3647 3214 3718 cognitio,
3271 3651 3612 3697 mortuorum

2044 3751 2334 3807 suscitatio
2360 3789 2375 3813 ,
2396 3764 2401 3768 δ
2425 3746 2588 3814 lepra:
2616 3743 2852 3809 denique
2885 3737 3174 3810 purgatio?
3220 3734 3410 3814 Morbo
3466 3733 3615 3785 labo-

2045 3850 2233 3900 rantes
2285 3838 2544 3900 sanavit,
2599 3836 2880 3889 da‘tnonas
2931 3828 3174 3900 fugavit.
3226 3810 3395 3883 maris
3447 3834 3613 3881 aestus

2044 3931 2404 4003 compescuit.
2439 3928 2627 3998 Itaque
2664 3941 2770 3980 non
2800 3923 3074 3978 immerito
3102 3919 3234 3974 Sion
3267 3918 3613 3975 habitatores,

369 4022 517 4083 θινὸς
544 4024 610 4075 ἐκ
635 4020 744 4074 τῶν
774 4012 1244 4090 ἀποτελεσμάτων
1265 4022 1378 4083 τοῖς
1402 4020 1688 4087 ἀγνοοῦσιν
1734 4022 1937 4076 ἀναδει-

2041 4027 2097 4083 id
2132 4033 2240 4093 est,
2269 4038 2366 4079 eos
2396 4021 2490 4092 qui
2538 4027 2755 4076 servata
2782 4015 2904 4071 fidei
2927 4012 3238 4067 constantia
3267 4012 3320 4064 in
3351 4008 3613 4063 Eccl.~siis

369 4114 542 4185 χθείς.
580 4113 835 4183 Ὀνόματι
857 4113 915 4167 δὲ
944 4112 1188 4181 Ἰσραὴλ
1219 4112 1317 4165 καί
1363 4111 1536 4177 Σιὼν,
1569 4116 1648 4176 είς
1677 4114 1937 4185 εὐθυμίαν

2041 4123 2455 4178 remanserunt,
2487 4110 2753 4166 exsultare
2774 4107 2933 4162 dixit.
2965 4106 3178 4161 Sionem
3210 4103 3355 4158 enim
3385 4100 3614 4155 verbum

369 4206 493 4274 ἄγει
517 4205 648 4267 τοὺς
680 4207 747 4257 ἐκ
779 4205 1106 4275 περιτομῆς,
1133 4203 1223 4257 διὰ
1269 4203 1365 4256 τοῦ
1410 4204 1656 4274 νομίζειν
1690 4206 1937 4276 εἰρῆσθαι

2044 4205 2465 4276 evangelicum,
2522 4202 2576 4255 in
2637 4214 2746 4270 quo
2806 4198 2900 4251 Dei
2956 4196 3260 4252 aedificatur
3318 4192 3613 4253 Ecclesia,

370 4296 501 4366 περὶ
530 4296 736 4359 αὐτῶν,
771 4295 846 4358 ὡς
866 4294 932 4348 ἂν
967 4295 1063 4364 τὴν
1089 4294 1373 4364 παροῦσαν
1391 4295 1707 4368 περιέποιεν
1729 4296 1937 4366 βύϐλον,

2045 4298 2421 4368 intelligimus.
2452 4292 2683 4361 Quando
2718 4292 2884 4362 igitur
2916 4297 3160 4344 sanctum
3191 4284 3365 4340 Israel
3395 4284 3448 4337 iu
3490 4298 3605 4337 me.

368 4381 460 4439 οἶα
483 4386 548 4456 δὴ
580 4384 649 4439 τὰ
685 4385 949 4439 κάλλιστα
978 4384 1110 4453 περὶ
1143 4383 1323 4437 αὐτῶν
1354 4383 1709 4448 θεσπίζουσα.

2041 4388 2134 4442 dio
2172 4383 2430 4440 Ecclesiae
2469 4379 2697 4435 exaltari
2725 4376 2989 4447 contigit;
3023 4374 3282 4429 (tutamini
3326 4372 3439 4442 jam
3467 4407 3480 4433 ,
3511 4368 3605 4438 qui

373 4496 497 4535 eum
549 4478 608 4534 in
659 4478 780 4547 ipsa
804 4474 1052 4546 pedium
1106 4476 1373 4533 habeatis.
1419 4477 1509 4531 Ait
1552 4478 1729 4533 enim:
1759 4499 1777 4531 ι
1815 4478 2138 4550 Ubicunque
2171 4477 2372 4534 fuerint
2402 4475 2531 4540 duo,
2559 4472 2645 4527 vel
2680 4480 2814 4535 tres,
2883 4470 2936 4524 in
3005 4465 3227 4521 nomine
3295 4478 3418 4517 meo
3481 4475 3614 4514 con-

369 4576 604 4646 gregati,
640 4573 755 4628 illic
782 4586 902 4627 sum
936 4573 989 4627 in
1028 4572 1211 4647 medio
1239 4587 1430 4627 eorum
1455 4573 1525 4628 ".
1556 4593 1575 4625 ι
1610 4574 1709 4628 Est
1736 4590 1867 4646 ergo
1894 4578 1946 4630 in
1982 4576 2154 4631 medio
2175 4567 2723 4643 ipsarumexaltatus,
2745 4563 3096 4635 quantumvis
3152 4561 3338 4621 homo,
3398 4565 3615 4624 accepta

369 4667 515 4721 servi
541 4665 815 4730 forma";
854 4664 996 4720 Deus
1016 4673 1197 4720 tamen
1222 4665 1485 4734 operibus
1511 4665 1717 4735 ipsis,a
1772 4671 1975 4739 quibus
2052 4666 2435 4739 ignorabatur,
2488 4677 2654 4717 verus
2694 4662 3129 4716 demoustratus.
3195 4653 3419 4709 Israelis
3452 4666 3616 4721 pm‘l‘t)

368 4768 425 4815 et
468 4760 647 4817 Sionis
682 4762 935 4831 apposito
966 4761 1190 4816 nomine
1218 4760 1441 4819 Judaaos
1483 4763 1787 4822 alacriores
1828 4764 1979 4841 facit,
2021 4772 2081 4819 ut
2109 4778 2235 4817 cum
2268 4762 2335 4816 de
2380 4776 2439 4816 se
2469 4773 2779 4815 sermonem
2812 4755 3023 4811 institui
3060 4755 3423 4816 arbitrantur,
3491 4748 3615 4803 libri

371 4853 558 4924 hujus,
575 4854 668 4923 qui
693 4861 802 4907 tam
828 4855 1086 4923 praeclara
1106 4854 1172 4907 de
1194 4867 1255 4910 se
1270 4856 1625 4941 vaticiuetur,
1644 4858 1932 4915 lectionem
1974 4858 2398 4929 amplectantur.

558 5032 570 5055 ι
960 4946 1212 4999 ΚΕΦΑΛ.
1256 4948 1356 4999 ll".
1670 5012 1677 5019 α

2656 4944 2810 5001 C.\l’.
2850 4941 2991 4997 XIII.

438 5032 591 5089 α-ια’.
641 5035 892 5103 Ὄρασις
954 5035 1105 5089 κατὰ
1168 5037 1529 5104 Βαϐυλῶνος
1552 5078 1566 5103 ,
1635 5038 1717 5107 ἣν
1778 5037 1937 5096 εἶδεν

2116 5039 2277 5110 199
2305 5038 2471 5094 Vens.
2502 5038 2656 5094 I-II.
2700 5035 2839 5090 Visio
2870 5044 3055 5089 contra
3094 5032 3420 5103 Babylonem
3456 5042 3613 5096 quant

2077 5132 2088 5145 ⁸
2203 5129 2220 5148 '
2297 5131 2309 5148 ⁹
2411 5130 2538 5148 ¹·¹ἠί
2801 5126 2853 5148 ³η
2878 5137 3046 5148 η-μ-ι-
3081 5124 3357 5148 ---μμ-...ε
3391 5118 3613 5148 ηοιηΙΙὶΙΑ

397 5129 631 5232 Ησαξας
682 5130 1059 5232 μίὸςἋμὼς.
1088 5131 1216 5184 Ἐπ’
1247 5130 1427 5198 ὅρους
1468 5131 1717 5186 πεδινοῦ
1761 5134 1937 5201 ἄρατε

2040 5132 2169 5186 vidit
2194 5129 2371 5184 Isaias
2401 5130 2546 5197 [ilius
2572 5130 2755 5182 Amos.
2792 5126 2856 5181 In
2876 5137 3047 5181 monte
3072 5124 3357 5191 campestri
3386 5118 3614 5173 attollite

2076 5223 2087 5232 .
2330 5220 2390 5232 -.
2499 5231 2504 5232 ,
2779 5221 2790 5232 .
2863 5220 2874 5230 .
2970 5215 3013 5232 ι,
3178 5226 3188 5232 ,
3423 5209 3587 5232 Δμ...

369 5219 644 5319 σημεῖον.
684 5218 998 5288 Ὑψώσατε
1014 5220 1130 5285 τὴν
1164 5220 1376 5289 φωνὴν
1405 5223 1630 5288 αὐτοῖς.
1683 5223 1781 5291 Μὴ
1830 5241 1937 5293 φο-

2040 5223 2270 5288 signum.
2322 5220 2536 5274 Elevate
2571 5237 2742 5283 vocem
2773 5220 2925 5289 ipsis.
2962 5215 3043 5270 Ne
3090 5213 3356 5268 metuatis.
3407 5209 3615 5262 Adhor-

370 5307 588 5416 σεῖσςῖ
619 5309 1022 5410 (Ιαρακαλεῖτε
1041 5309 1115 5377 τῇ
1138 5312 1307 5379 χειρὶ,
1336 5312 1636 5378 ἀνοίξατε,
1656 5317 1709 5367 οἱ
1733 5314 1937 5381 ἄρχον-

2044 5315 2234 5367 tamini
2279 5331 2439 5368 manu
2466 5332 2484 5379 ;
2516 5315 2732 5382 aperite,
2764 5314 3047 5381 principes.
3104 5308 3210 5378 Ego
3250 5306 3478 5365 instruo,
3520 5316 3612 5375 ego

2069 5408 2080 5416 .
2354 5408 2382 5416 Α
2516 5410 2525 5416 .
2543 5408 2566 5416 ρ
2662 5408 2673 5416 .
2805 5410 2814 5416 .
2909 5413 2918 5416 -
2982 5406 2985 5407 ν
3098 5400 3110 5416 ι
3251 5415 3255 5416 ,
3367 5395 3427 5416 Π·
3456 5405 3555 5416 ,_,-.
3571 5413 3581 5416 -
3597 5413 3609 5416 Α

368 5410 489 5460 τες.
516 5395 664 5463 Ἐγὼ
685 5396 1036 5460 συντάσσω,
1066 5397 1165 5449 καὶ
1188 5397 1303 5465 ἐγὼ
1323 5398 1444 5465 ᾶγω
1472 5400 1715 5466 αὐτούς.
1755 5402 1937 5472 Ἡγια·

2045 5408 2180 5462 duco
2209 5425 2315 5464 eos.
2346 5408 2673 5476 Sanctiﬁcati
2694 5410 2838 5471 sunt,
2870 5413 2919 5457 et
2950 5406 3042 5472 ego
3076 5400 3212 5453 duco
3234 5415 3343 5454 eos.
3364 5395 3611 5467 Gigantes

438 5546 483 5580 "
518 5546 710 5604 Matth.
738 5565 894 5617 xvrtt,
927 5550 1020 5604 20.
1099 5551 1142 5579 ⁷⁸
1176 5549 1408 5621 Philipp.
1436 5566 1497 5617 ιι,
1528 5552 1581 5607 7.

1591 5666 1823 5724 νΑιιιΑε
1855 5670 2258 5727 LECTIONES.

440 5792 461 5817 '
498 5802 586 5853 rp.
619 5783 774 5856 λόγον
806 5786 898 5841 τοῦ
929 5787 1153 5857 Κυρίου.
1240 5791 1259 5823 ι
1284 5805 1372 5856 πρ.
1402 5789 1458 5840 ὲν
1490 5789 1645 5857 αὐτῇ.
