4010 6208
378 304 512 372 2071

1677 320 2026 389 PROCOPII
2067 323 2313 389 GAZIEI

3489 322 3632 389 2073

386 423 531 477 celsa
579 422 868 494 videlicet,
914 433 970 483 et
1037 439 1149 486 tuta
1219 437 1446 494 sentire.
1497 441 1568 494 At
1617 443 1709 509 qui
1767 455 1959 509 magna

2065 440 2268 510 φωνῆς,
2292 441 2390 505 τὰς
2411 439 2830 513 ὲνυπαρχούσας
2859 437 2985 511 ύμῖν
3024 439 3283 512 ἀφορμὰς
3305 409 3506 492 tice»
3523 459 3634 493 κοιδ

387 513 532 569 vocis
584 520 942 576 contentione
975 537 1217 581 ,crucem
1267 533 1546 600 praedicat,
1603 533 1650 587 is
1696 535 1750 586 in
1793 542 1965 586 monte

386 607 590 676 signum
623 609 846 676 elevare,
885 613 936 667 id
969 625 1054 672 est
1088 621 1294 688 potenti
1328 625 1582 680 oratione
1597 625 1963 680 Christirnor-

385 701 492 754 tem
523 703 860 771 amplificare
886 723 1046 778 posse
1077 711 1304 780 dicitur,
1337 728 1388 770 et
1418 705 1814 788 promissiones
1845 717 1963 786 pla-

385 801 484 847 nas
530 805 866 867 apertasque
910 801 1162 859 reddere.
1221 805 1332 862 Hos
1381 819 1561 863 autem
1610 826 1734 864 cum
1793 826 1965 864 vocem

382 882 623 938 exaltare
649 885 834 954 jussit,
871 889 1038 946 Deum
1076 895 1342 962 proicere,
1383 914 1446 954 ac
1485 901 1526 954 si
1562 916 1727 971 quam
1772 904 1824 954 in
1878 917 1963 956 se-

381 971 518 1040 ipsis
546 975 623 1028 illi
655 992 720 1030 ex
749 980 1140 1038 communibus
1173 987 1388 1041 notitiis
1421 987 1590 1042 Deum
1625 988 1962 1060 praedicandi

384 1067 670 1120 materiam
727 1068 960 1136 habent,
1015 1087 1318 1144 assumere,
1373 1078 1427 1134 in
1487 1095 1662 1150 eaque
1715 1082 1964 1136 laborare

383 1166 656 1223 moneret,
691 1159 898 1217 dixisse
930 1163 1168 1222 videtur.
1203 1167 1306 1235 Qui
1344 1171 1488 1226 enim
1533 1174 1683 1227 vultu
1723 1173 1963 1229 demisso

385 1251 620 1306 terrenis
650 1253 815 1310 rebus
848 1257 1140 1326 incumbit,
1175 1261 1438 1318 humilem
1475 1265 1722 1333 profecto
1750 1265 1816 1318 de
1853 1265 1964 1320 Deo

387 1343 566 1411 (quasi
593 1344 647 1398 in
672 1348 1015 1404 convallibus
1041 1350 1272 1420 habitet)
1305 1371 1477 1408 vocem
1505 1356 1653 1422 edit;
1690 1372 1811 1410 rum
1843 1359 1964 1426 ejus

383 1433 748 1492 humilitatem
782 1440 834 1492 in
866 1443 1214 1510 praeconibus
1240 1446 1394 1516 ipsae,
1423 1448 1624 1517 quibus
1649 1449 1967 1518 deprimun-

383 1531 494 1592 tur,
527 1531 698 1584 anirni
720 1535 1161 1602 perturbationes
1185 1535 1440 1594 eﬂiciant.
1479 1535 1561 1594 Ne
1587 1542 1749 1594 metui
1777 1541 1960 1611 igitur,

383 1634 452 1675 ne
487 1621 662 1688 luero,
697 1640 764 1680 ne
807 1629 1208 1685 tentationibus
1241 1632 1376 1700 ipsis
1401 1647 1508 1701 quo
1555 1633 1810 1688 sublimis
1839 1649 1964 1690 eva-

381 1712 472 1766 dat
506 1715 664 1770 nobis
713 1719 1060 1786 praedicatio,
1102 1724 1546 1780 succumbamus.
1593 1727 1675 1778 Ad
1724 1727 1962 1780 litteram

2067 529 2174 584 νῶν
2202 531 2422 586 ἐννοιῶν
2477 536 2613 603 πρὸς
2641 531 2780 585 Θεοῦ
2831 531 3138 598 δοξολογίαν
3181 530 3628 598 ἀνακινήσαντες.

2077 621 2134 674 '0
2184 623 2292 694 γὰρ
2345 623 2498 675 κάτω
2551 622 2764 691 βλέπων
2812 621 2908 675 καὶ
2955 622 3178 692 γήϊνος,
3225 618 3486 688 ταπεινὴν
3518 617 3634 688 ἔχει

2065 729 2130 765 πε
2142 713 2192 782 pi
2223 713 2314 766 τοῦ
2339 712 2473 766 Θεοῦ
2507 713 2603 782 τὴν
2619 713 2846 781 φωνὴν,
2875 705 3039 765 οἰκῶν
3061 711 3248 780 ὥσπερ
3273 713 3331 764 ὲν
3361 709 3628 779 φάραγγι.

2066 803 2242 865 Πάθος
2272 804 2382 873 γὰρ
2415 803 2670 864 ἕκαστον,
2708 801 2826 869 μεθ’
2853 795 2916 854 οὗ
2938 818 3021 864 τις
3059 797 3344 869 κηρύττει,
3373 795 3634 864 ταπεινὴν

2066 897 2252 967 φωνὴν
2283 895 2676 965 ἀπεργάζεται.
2710 894 2802 964 Μὴ
2836 890 2927 946 οὖν
2951 891 3288 960 ὑπείκωμεν,
3327 883 3414 958 μὴ
3445 887 3629 956 φόϐῳ,

2068 988 2144 1057 μὴ
2175 987 2388 1057 κέρδει,
2442 986 2516 1055 μὴ
2571 987 2922 1056 πειρασμοῖς,
2987 983 3064 1043 ὡς
3118 982 3184 1036 ἂν
3231 980 3388 1051 ἡμῶν
3432 979 3633 1049 ὑψηλὸν

2067 1077 2288 1150 ὑπάρχῃ
2313 1077 2374 1130 τὸ
2403 1077 2690 1147 κήρυγμα.
2723 1075 2882 1130 Κατὰ
2927 1073 2984 1129 δὲ
3016 1073 3076 1128 τὸ
3109 1073 3293 1144 ῥητὸν,
3343 1071 3633 1134 ἀλαλάζειν

2063 1173 2178 1233 τοῖς
2215 1169 2454 1240 Πέρσαις
2485 1167 2582 1220 ἐπὶ
2619 1169 2683 1238 τῇ
2722 1161 3000 1220 Βαϐυλῶνι
3045 1163 3500 1238 παρακελεύεται,
3538 1161 3633 1216 καὶ

2065 1262 2277 1333 φωνὴν
2314 1263 2467 1332 ἠχεῖν
2496 1261 2786 1314 ἐπινίκιον.
2813 1259 2966 1330 Τάχα
2999 1257 3057 1310 δὲ
3103 1257 3198 1310 καὶ
3225 1255 3450 1327 θαρρεῖν
3496 1253 3633 1326 προς

2065 1355 2163 1425 τὴν
2189 1353 2330 1408 κατὰ
2369 1354 2577 1407 τούτων
2603 1354 2784 1424 μάχην
2815 1349 3272 1423 παρακελεύεται.
3305 1347 3478 1400 Τοῦτο
3527 1345 3632 1416 γὰρ

2065 1445 2146 1510 τὸ,
2169 1443 2253 1514 μὴ
2278 1443 2590 1512 φοϐεῖσθαι
2616 1443 2788 1512 δηλοῖ,
2815 1441 2953 1495 Θεοῦ
2976 1439 3238 1502 νικῶντος
3259 1436 3354 1492 καὶ
3371 1437 3468 1508 τὴν
3490 1437 3634 1506 ἆμα-

2066 1553 2159 1606 χον
2193 1537 2439 1606 δύναμιν.
2475 1531 2605 1590 Εἶτα
2637 1531 3057 1602 παρακαλεῖτε,
3109 1531 3274 1602 φησὶ,
3326 1525 3401 1597 τῇ
3457 1529 3628 1598 χειρί.

2065 1628 2347 1698 Νεύμασιν
2373 1628 2480 1697 γὰρ
2496 1629 2553 1680 ὲν
2578 1627 2802 1696 πολέμῳ
2825 1625 2896 1677 τὰ
2917 1623 3176 1680 δοκοῦντα
3209 1623 3412 1692 μᾶλλον
3437 1619 3636 1691 σημαία

2067 1735 2236 1778 νεῖαι,
2275 1718 2544 1788 μηδεμιᾶς
2577 1717 2712 1786 πρὸς
2744 1717 2836 1769 τὸν
2871 1714 3102 1786 θόρυϐον
3130 1713 3408 1784 ἀρκούσης
3430 1715 3632 1781 φωνῆς.

380 1815 587 1870 autem,
624 1807 824 1864 Persas
855 1827 952 1880 pro
1001 1815 1280 1882 superatis
1325 1815 1643 1887 Babyloniis
1674 1819 1959 1872 verborum

2067 1811 2178 1864 Καὶ
2240 1808 2414 1872 ἄλλως
2444 1808 2521 1887 δὲ,
2551 1811 2580 1861 ὁ
2610 1807 2710 1878 τὴν
2766 1805 3118 1877 παράκλησιν
3149 1805 3262 1866 τοῖς
3299 1802 3636 1872 θλιὸομένοις

379 1892 648 1976 applausu
703 1899 981 1968 excipere,
1037 1918 1313 1972 vocemque
1357 1905 1520 1960 edere
1574 1905 1961 1976 triumphalem

373 1974 552 2051 jubet.
585 1983 836 2043 Forsitan
867 1991 1036 2045 etiam
1073 2001 1126 2047 et
1169 1993 1464 2050 reuiideuti
1494 2012 1617 2052 esse
1649 1974 1831 2052 animo
1863 1998 1960 2052 ad-

379 2083 576 2131 Vcrsus
619 2093 743 2144 cos,
791 2081 844 2134 in
899 2098 1035 2152 quos
1071 2088 1359 2155 pugnaturi
1403 2097 1531 2142 sunt
1559 2131 1573 2153 ,
1613 2091 1958 2144 adhortatur.

380 2163 492 2220 Hoc
516 2167 660 2222 enirn
692 2171 892 2240 ipsum,
929 2176 1073 2243 quod
1115 2178 1279 2230 nolite
1326 2179 1508 2233 timere
1538 2181 1698 2245 dixit,
1745 2179 1958 2251 signiti-

377 2265 502 2322 cat;
565 2274 690 2312 cum
767 2261 877 2317 Deo
952 2269 1308 2334 quantumvis
1381 2271 1680 2325 exercitum
1742 2274 1962 2327 vincere

375 2358 693 2417 promptum
731 2352 821 2406 sit.
864 2353 1088 2421 Deinde,
1120 2357 1486 2414 adhortamini
1521 2377 1703 2426 manu,
1745 2364 1956 2433 adjicit.

376 2439 613 2496 Nutibus
645 2443 788 2496 enim
824 2447 1008 2515 potius
1040 2448 1093 2502 in
1125 2449 1269 2504 bello
1307 2467 1469 2520 quam
1512 2469 1664 2518 voce,
1708 2470 1833 2524 qua:
1873 2464 1955 2510 tu-

379 2531 930 2606 nmltu,strcpituque
962 2538 1264 2610 intercepta
1297 2546 1432 2596 satis
1457 2558 1581 2597 esse
1607 2547 1958 2615 nequit,qu

287 2654 302 2668 .
384 2621 639 2678 volumus
660 2625 1054 2695 significamus.
1081 2629 1183 2695 Qui
1212 2647 1430 2686 rursum
1463 2631 1675 2696 afﬂictis
1701 2649 1796 2705 per
1817 2635 1958 2688 bona

377 2727 542 2782 opera
571 2717 1008 2772 consolationem
1051 2720 1230 2786 amart,
1273 2731 1645 2792 paupertatem
1685 2723 1960 2794 largitrice

378 2820 545 2860 manu
573 2807 831 2864 leviorem
865 2812 1062 2867 reddit.
1099 2813 1400 2884 Largieudp
1429 2818 1573 2870 enim
1613 2817 1792 2886 potius
1829 2831 1962 2870 con-

2067 1901 2133 1955 6r.‘
2163 1901 2382 1968 ἀγαθῶν
2405 1885 2578 1970 ἔργων
2625 1898 2974 1968 προσφέρων,
3009 1899 3076 1968 τῇ
3119 1895 3444 1967 μεταδοτικῇ
3494 1895 3637 1964 χειρὶ

2066 1993 2164 2064 τὴν
2190 1991 2376 2044 πενίαν
2413 1991 2859 2061 παρεμυθήσατο.
2882 1988 3068 2050 Διδοῦς
3089 1989 3200 2060 γὰρ
3236 1987 3436 2057 μᾶλλον
3467 2003 3638 2056 παρα-

2067 2084 2310 2148 καλέσει,
2343 2096 2368 2123 ι
2397 2082 2542 2151 λόγῳ
2569 2081 2849 2152 παραινῶν
2874 2081 2974 2149 τὴν
3003 2081 3192 2132 πενίαν
3232 2079 3496 2147 γενναίως
3522 2079 3637 2146 ὑφί-

2064 2176 2310 2229 στασθαι.
2341 2175 2450 2246 Τὴν
2477 2177 2533 2228 δὲ
2558 2176 2725 2244 χεῖρα
2749 2177 2862 2237 τοῖς
2888 2173 3158 2232 τοιούτοις
3203 2174 3471 2242 ἀνοίγειν
3499 2189 3634 2242 προ-

2060 2268 2346 2340 τρέπεται,
2371 2266 2400 2322 ὃ
2440 2268 2590 2337 δηλοῖ
2619 2268 2717 2338 τὴν
2750 2266 3036 2336 μετάδοσιν
3057 2305 3072 2328 ,
3109 2266 3250 2319 κατὰ
3273 2265 3356 2331 τὸ,
3413 2284 3432 2316 ι
3467 2264 3632 2317 Ἀνοί-

2063 2361 2252 2428 ξαντος
2275 2360 2329 2413 δέ
2355 2377 2448 2413 σου
2475 2359 2572 2430 τὴν
2596 2361 2774 2429 χεῖρα,
2802 2359 2871 2411 τὰ
2920 2357 3210 2427 σύμπαντα
3235 2352 3635 2425 πλησθήσονται

2061 2453 2450 2522 χρηστότητος.
2485 2469 2504 2502 ﬁ
2577 2449 2642 2502 Ὀ
2686 2447 2750 2518 δὴ
2787 2451 2960 2513 ποιεῖν
2995 2445 3246 2518 πρώτους
3299 2444 3476 2499 ἐθέλει
3508 2443 3634 2506 τοὺς

2064 2543 2382 2612 ἄρχοντας,
2419 2541 2494 2604 ὡς
2517 2541 2583 2594 ἂν
2625 2543 2704 2604 είς
2724 2539 2895 2592 τύπον
2919 2542 3032 2602 τοῖς
3073 2537 3178 2592 ὑπὸ
3197 2539 3354 2608 χεῖρα
3371 2537 3632 2606 γενήσον-

2063 2653 2174 2689 ται.
2205 2637 2295 2686 Δεῖ
2331 2634 2388 2688 δὲ
2422 2635 2516 2687 καὶ
2569 2633 2639 2686 τὰ
2673 2631 3052 2700 ’κεκλεισμένα
3111 2631 3211 2700 τῆς
3255 2629 3476 2698 Γραφῆς
3521 2627 3634 2688 τοῖς

2064 2725 2348 2794 ἀγνοοῦσιν
2376 2726 2658 2794 ἀνοίγειν.
2682 2725 2861 2792 Ὅπερ
2893 2723 2994 2776 οὐκ
3036 2721 3252 2775 ἐποίουν
3281 2723 3330 2774 oi
3356 2720 3628 2791 Γραμμα-

2063 2818 2195 2880 τεῖς,
2221 2815 2319 2878 τὰς
2350 2815 2495 2876 κλεῖς
2519 2813 2738 2884 ἔχοντες
2765 2814 2868 2882 τῆς
2895 2813 3191 2883 βασιλείας.

379 2902 708 2956 solutionem
763 2907 1038 2970 attuleris,
1072 2924 1236 2979 quam
1283 2911 1326 2964 si
1359 2913 1542 2966 verbis
1569 2913 1634 2966 ad
1682 2911 1961 2967 ferendam
2002 2911 2218 2965 fortiter
2249 2917 2631 2980 paupertatem
2670 2908 2990 2962 adhortatus
3021 2907 3212 2961 lueris.
3261 2904 3415 2971 Quod
3449 2911 3630 2958 autem

378 3008 594 3048 ntanum
631 2998 738 3052 illis
771 3001 979 3068 aperire
1045 3002 1258 3078 suadet,
1324 3004 1392 3058 de
1466 3005 1746 3074 erogandi)
1814 3012 1962 3060 certe
1993 3004 2274 3058 admouet.
2305 3000 2467 3062 Juxta
2507 3002 2638 3054 illud
2673 3019 2688 3056 :
2720 3020 2739 3053 ι
2788 3002 3083 3071 Aperieute
3129 3008 3184 3056 te
3215 3017 3432 3054 marmm
3459 3011 3628 3064 tuam,

377 3087 562 3139 Omnia
609 3089 986 3158 implebantur
1029 3093 1276 3148 bonitate
1307 3095 1374 3148 ⁸³.
1419 3113 1438 3146 ›
1482 3096 1639 3160 Quod
1709 3107 1858 3151 certe
1920 3095 2190 3166 imprimis
2221 3095 2434 3150 edicere
2461 3094 2742 3162 principes,
2797 3110 2906 3162 quo
2937 3093 3173 3149 subditis
3223 3093 3278 3147 in
3323 3095 3631 3163 exemplum

382 3182 486 3254 ipsi
521 3183 774 3250 evadant,
798 3189 1064 3257 carposcit.
1105 3189 1270 3244 Decet
1299 3206 1428 3245 vero
1455 3199 1510 3245 et
1539 3207 1661 3260 quze
1683 3194 1958 3260 imperitis
1988 3193 2222 3246 occlusa:
2247 3190 2406 3260 203
2437 3200 2590 3254 sunt,
2641 3190 2958 3262 Scripturas
2988 3191 3211 3260 aperire,
3245 3199 3437 3246 contra
3468 3206 3630 3260 quam

378 3292 410 3331 α
462 3277 671 3333 Scribis
727 3279 842 3350 (qui
895 3283 1048 3352 regni
1101 3284 1286 3340 claves
1361 3285 1635 3340 habebant
1675 3285 1772 3359 ⁸’,)
1837 3286 2092 3341 effectura
2124 3279 2232 3342 est.

457 3370 627 3428 Recte
655 3375 924 3444 siquidem
957 3379 1240 3448 principes,
1273 3381 1474 3448 quibus
1506 3394 1587 3436 est
1616 3397 1678 3436 ea
1711 3382 1949 3436 claviurn
1983 3390 2022 3446 C.

379 3465 626 3518 scicntia:
653 3474 918 3534 potestas,
944 3469 1320 3524 nominantur.
1364 3469 1607 3540 Indeque
1651 3480 1756 3536 est,
1803 3472 1948 3540 quod

376 3571 442 3611 os
481 3572 639 3610 summ
677 3557 982 3616 Corinthiis
1017 3570 1196 3627 patere
1245 3560 1464 3620 dicebat
1513 3561 1720 3618 Paulus
1767 3563 1836 3616 ⁸³.
1869 3563 1950 3618 Ad

378 3645 618 3702 litteram
655 3657 865 3716 autem,
899 3659 992 3706 aut
1033 3651 1364 3724 Babylonios
1397 3654 1534 3723 jam,
1567 3661 1826 3726 tanquam
1869 3655 1950 3709 vi-

377 3752 538 3808 ctos;
564 3757 659 3797 aut
690 3755 916 3801 sanctas
951 3747 1098 3817 ipsas
1127 3756 1446 3818 potestates,
1485 3749 1620 3804 inita
1651 3765 1775 3804 cum
1815 3747 1950 3805 Per-

377 3834 457 3890 sis
485 3836 772 3902 societate,
811 3847 998 3906 portas
1035 3839 1193 3908 jubet
1223 3841 1458 3911 aperire.
1501 3839 1766 3896 lnvictam
1803 3842 1948 3896 enim

378 3942 566 3986 manus
622 3929 923 3997 potentiam
990 3931 1284 3988 ostendens
1320 3935 1449 4001 ipse,
1513 3935 1628 3998 ait,
1688 3935 1950 3989 instruo:

375 4016 505 4084 ipse,
529 4017 772 4088 inquam,
801 4019 935 4075 duco
960 4037 1069 4076 eos.
1105 4025 1213 4090 Aut
1245 4039 1346 4080 nos
1391 4026 1459 4096 (si
1485 4026 1569 4080 via
1600 4027 1784 4096 placet
1814 4041 1952 4082 con—

376 4109 768 4180 templationis)
804 4127 901 4181 pro
931 4113 1147 4172 viribus
1199 4117 1268 4172 ad
1321 4118 1660 4188 operationis
1709 4119 1951 4172 studium

373 4199 659 4256 exhortari
695 4203 930 4260 videtur.
971 4205 1170 4282 Ducem
1203 4209 1348 4262 enim
1387 4210 1588 4264 habent
1635 4208 1950 4276 Dominum,

376 4290 470 4352 qui
504 4303 952 4360 unumquemque
982 4293 1034 4346 in
1058 4293 1324 4348 Ecclesia:
1357 4309 1587 4364 corpore
1613 4310 1710 4364 pro
1739 4311 1837 4349 sua
1869 4295 1953 4349 di-

376 4378 583 4449 gnitate
614 4381 846 4436 ordinat.
885 4383 1090 4439 Deinde
1118 4395 1354 4454 quantos
1411 4385 1675 4442 adversus
1716 4387 1952 4456 Babylo-

377 4487 490 4524 nem
532 4471 992 4544 ducathsubjicit,
1039 4491 1164 4530 cum
1215 4484 1470 4544 tanquam
1512 4479 1749 4546 gigantes
1779 4478 1953 4531 venire

377 4561 532 4620 addit
565 4581 579 4616 :
623 4563 916 4630 Gaudentes
949 4567 1174 4636 quidem
1215 4576 1269 4622 et
1294 4567 1528 4631 alarres,
1563 4576 1622 4620 ut
1653 4567 1743 4637 qui
1777 4567 1962 4620 victu-’

375 4658 472 4704 ros
509 4665 569 4705 se
608 4667 716 4706 non
749 4651 1024 4720 diliidant;
1067 4655 1418 4712 adversarios
1477 4665 1656 4711 autem
1695 4655 1950 4724 superbe,

377 4751 636 4812 tanquam
679 4742 887 4811 viribus
923 4745 1180 4814 impares,
1213 4755 1566 4802 contemnant
1600 4761 1615 4799 :
1651 4746 1793 4814 quod
1817 4743 1944 4814 qui-

375 4829 500 4886 dem
533 4831 747 4903 injuriw
797 4835 964 4888 verbo
1001 4836 1102 4905 ipsi
1132 4837 1502 4906 significatum
1537 4845 1642 4891 est.
1672 4837 1952 4889 Miuitatur

377 4932 558 4976 autem
593 4935 645 4978 et
675 4925 854 4986 aliter.
888 4929 1275 4982 nonnullorum
1309 4929 1534 4999 (ψιὼυε
1569 4938 1654 4983 est
1682 4943 1804 4982 cum
1841 4913 1950 4982 Deo

377 5010 580 5069 bellum
614 5031 808 5086 gerere
838 5017 1127 5091 familiare)
1181 5021 1236 5074 in
1279 5023 1694 5076 ‘sceleratorum
1759 5036 1950 5091 pinnas

375 5106 582 5162 instare
619 5107 944 5178 adventum;
980 5126 1008 5164 a
1042 5112 1241 5182 quibus
1271 5129 1392 5170 sese
1422 5130 1552 5170 suos
1575 5115 1791 5186 eripere
1820 5128 1946 5166 cum

372 5211 611 5270 ewplel.
653 5202 874 5259 eosdem
925 5213 1109 5260 erecto
1155 5206 1350 5260 salutis
1391 5207 1564 5278 signa,
1606 5208 1658 5260 in
1704 5216 1944 5260 montem

374 5293 722 5348 curuuestrcm
759 5295 956 5351 educit.
989 5297 1259 5354 Admonet
1294 5309 1581 5369 praeterea,
1613 5307 1671 5353 ut
1699 5313 1818 5362 eos.
1851 5297 1945 5368 qui

442 5434 485 5468 ⁸¹
525 5443 672 5502 Psal.
709 5452 942 5516 cr:r,28.
1017 5454 1064 5488 "
1109 5453 1240 5509 Luc.
1274 5466 1352 5521 ιι,
1381 5453 1469 5509 55.
1545 5451 1660 5506 "ll
1693 5450 1820 5506 Cor.
1859 5466 1932 5516 vr,
1965 5447 2049 5503 il.

2129 3383 2456 3450 ’Ἄρχοντες
2477 3380 2585 3452 γὰρ
2609 3380 2659 3434 oi
2681 3380 2913 3434 τοιοῦτοι
2944 3381 3044 3444 τὰς
3073 3381 3223 3445 κλεῖς
3250 3379 3350 3450 τῆς
3378 3379 3632 3448 γνώσεως

2052 3471 2287 3542 ἔχοντες.
2307 3469 2589 3547 Ἐντεῦθεν
2618 3477 2646 3526 ὁ
2685 3471 2895 3534 Παῦλος
2925 3489 3087 3542 φησι·
3120 3493 3138 3524 ι
3169 3469 3242 3524 Τδ
3271 3471 3444 3540 στόμα
3472 3471 3632 3542 ἡμῶν

2053 3561 2261 3632 ἀνέῳγε
2293 3561 2427 3631 πρὸς
2445 3561 2608 3631 ὑμᾶς,
2629 3561 2924 3632 Κορίνθιοι.
2946 3581 2964 3612 ι
3001 3561 3138 3632 Πρὸς
3161 3561 3218 3614 δὲ
3245 3561 3429 3631 ῥητὸν,
3463 3560 3490 3632 ἢ
3521 3563 3632 3623 τοῖς

2054 3652 2452 3716 Βαὸυλωνίοις,
2512 3652 2586 3716 ὼς
2632 3654 2735 3724 ἤδη
2780 3653 3246 3724 κεκρατημένοις,
3303 3653 3402 3715 τὰς
3458 3651 3630 3712 πύλας

2053 3743 2292 3810 ἀνοίγειν
2331 3743 2769 3814 παρακελεύεται
2789 3759 2803 3774 °
2846 3743 2879 3814 ἢ
2909 3743 3203 3812 δυνάμεσιν
3235 3742 3419 3810 ἁγίαις
3449 3757 3627 3794 συναι-

2055 3833 2313 3904 ρομέναις
2341 3835 2451 3896 τοῖς
2485 3833 2745 3901 Πέρσαις.
2779 3832 2853 3884 Τὸ
2879 3833 2987 3902 γὰρ
3018 3833 3230 3902 ἄμαχον
3258 3817 3625 3900 ἐπιδεικνύμε-

2053 3941 2140 3987 νος
2170 3924 2266 3990 τῆς
2287 3924 2504 3994 χειρὸς,
2529 3923 2644 3991 ἐγὼ
2675 3923 3026 3990 συντάσσω,
3063 3923 3220 3992 φησὶ,
3241 3923 3334 3974 καὶ
3365 3923 3478 3990 ἐγὼ
3509 3920 3626 3990 ἄγω

2053 4017 2310 4082 αὐτούς·
2346 4015 2380 4086 ἢ
2417 4015 2556 4068 κατὰ
2605 4015 2859 4084 Θεωρίαν,
2913 4016 3077 4084 φησὶν
3117 4015 3192 4077 ὼς
3227 4014 3374 4084 ἡμᾶς
3415 4012 3520 4084 χρὴ
3559 4011 3626 4064 τὰ

2054 4105 2190 4176 πρὸς
2217 4105 2447 4175 δύναμιν
2473 4107 2736 4175 ἐνεργεῖν.
2774 4103 2834 4156 Ὅ
2859 4103 2966 4174 γὰρ
2995 4104 3155 4173 ἄγων
3179 4105 3396 4166 αὐτοὺς,
3422 4100 3627 4171 Κύριός

2055 4199 2222 4260 ἐστιν,
2269 4199 2302 4250 ό
2346 4195 2746 4252 κατατάσσων
2785 4195 3015 4248 ἕκαστον
3045 4197 3101 4248 ὲν
3149 4193 3228 4265 τῷ
3273 4194 3482 4264 σώματι
3525 4191 3626 4260 τῆς

2054 4287 2383 4358 Ἐκκλησίας
2417 4289 2555 4360 πρὸς
2588 4289 2685 4360 τὴν
2733 4289 2869 4342 ίδίαν
2915 4286 3093 4354 ἀξίαν.
3127 4288 3243 4356 Ἐφ’
3281 4281 3362 4350 οἷς
3405 4286 3620 4353 ἐπάγει,

2054 4381 2212 4442 ὅσους
2250 4379 2378 4448 ἄγει
2410 4379 2552 4432 κατὰ
2579 4377 2959 4445 Βαϐυλῶνος.
2998 4377 3092 4444 Ὠς
3119 4377 3392 4446 γίγαντες
3418 4375 3623 4444 ἔρχον-
3721 4451 3724 4455 ’

2057 4489 2170 4524 ται.
2219 4470 2538 4539 XLI/portet;
2577 4471 2696 4540 μὲν,
2731 4471 2806 4534 ὡς
2837 4468 3165 4542 θαρροῦντες
3195 4471 3276 4521 ὅτι
3319 4469 3620 4536 κρατήσου-

2057 4580 2158 4616 σιν.
2189 4561 2650 4632 Περιφρονοῦντες
2681 4563 2736 4615 δὲ
2765 4563 2890 4625 τοὺς
2923 4561 3222 4622 ἐναντίους,
3254 4559 3330 4621 ὡς
3355 4558 3621 4621 ἀσθενεῖς·

2053 4655 2190 4724 ὅπερ
2229 4653 2400 4722 ὕϐριν
2442 4653 2720 4707 ἐκάλεσεν.
2791 4651 3035 4705 Ἀπειλετ
3065 4651 3121 4704 δὲ
3155 4649 3249 4704 καὶ
3283 4647 3460 4712 ἄλλως
3502 4647 3622 4702 θεο-

2056 4748 2243 4816 μάχων
2285 4745 2448 4800 τινῶν
2475 4745 2770 4816 ἐπιδημίαν
2807 4745 2898 4821 ἐπὶ
2935 4745 3058 4816 δίκῃ
3101 4743 3212 4796 τῶν
3248 4737 3622 4812 πλημμελούν·

2051 4852 2180 4904 των,
2210 4838 2267 4904 ἐξ
2298 4832 2374 4892 ὧν
2413 4841 2605 4907 φυγεῖν
2647 4836 2845 4890 ἐθέλων
2883 4837 3010 4898 τοὺς
3055 4832 3272 4896 ἑαυτοῦ,
3311 4832 3459 4900 πρὸς
3488 4831 3624 4900 ὅρος

2054 4929 2319 5000 ἀνήγαγε
2349 4929 2616 4993 πεδινὸν,
2647 4929 2714 4982 τὸ
2757 4927 3014 4997 σημεῖον
3041 4927 3224 4988 αὐτοῖς
3251 4925 3426 4986 διδοὺς
3462 4921 3624 4992 φυλα-
3709 4967 3716 4973 .

2054 5022 2299 5090 κτήριον.
2319 5021 2428 5074 Καὶ
2445 5019 2543 5091 τὴν
2573 5020 2640 5073 δι’
2661 5020 2837 5091 ἔργων
2857 5017 3079 5087 ἀγαθῶν
3097 5015 3446 5088 παρασκευὴν
3474 5015 3622 5068 ὑπο-

2053 5115 2272 5170 τίθεται
2303 5115 2452 5182 χειρί
2491 5115 2619 5176 τοὺς
2648 5111 2999 5181 θλιϐομένους
3039 5105 3427 5175 παρακαλεῖν,
3458 5101 3618 5160 ἀνοί-

2054 5223 2180 5275 γειν
2209 5223 2274 5260 τε
2301 5206 2369 5260 τὸ
2398 5207 2591 5274 στόμα
2616 5208 2724 5268 τοῖς
2748 5203 3039 5277 μανθάνειν
3061 5200 3358 5261 ἐθέλουσιν,
3389 5199 3475 5250 ἴνα
3498 5195 3622 5256 τοὺς

2055 5295 2336 5365 γίγαντας
2357 5296 2604 5365 φύγωσιν
2635 5297 2726 5350 ἐπὶ
2754 5293 2924 5350 κακοῦ
2947 5292 3016 5346 τὰ
3042 5289 3210 5346 πολλὰ
3238 5279 3621 5358 ταττομένους,

1647 5603 1881 5662 VARI/1‘3
1925 5597 2330 5662 LECTIONES.

481 5697 512 5737 κ
552 5691 640 5746 ῐσ.
678 5693 740 5745 .1.
773 5691 832 5762 ἦ.
