4010 6208
291 274 421 346 2073

1412 286 1949 351 COMMENTABII
1990 289 2071 351 IN
2111 294 2395 356 ISAIAM.

3410 292 3549 357 2074

290 402 378 463 οὓς
414 398 688 466 ἀγγέλους
726 400 999 469 πονηροὺς
1025 398 1218 468 λέγων,
1264 400 1439 454 ἔοικεν
1467 405 1814 476 παραδηλοῦν
1838 407 1866 459 ὁ

1973 407 2153 463 amicti
2184 418 2334 474 sunt,
2368 410 2501 464 bene
2532 407 2807 470 merendo,
2829 414 3084 477 tanquam
3120 421 3280 459 manu
3307 406 3552 463 adhorte-

292 493 482 557 Δασὶδ,
531 491 695 561 οἷπερ
748 491 1096 562 ἐπιχαίρουσι
1151 493 1567 563 μαστιζομένοις
1624 499 1755 568 ἡμῖν
1800 498 1867 552 δι’

288 588 568 658 ὠμότητα,
603 587 699 641 καὶ
731 586 831 656 τὴν
877 588 1154 657 ἡμετέραν
1192 589 1386 658 ὀδύνην
1415 591 1550 645 ίδίαν
1589 594 1870 662 κρίνοντες

284 680 621 744 ἀπόλαυσιν,
678 679 1043 749 ἐνυϐρίζουσι,
1097 682 1189 734 καί
1229 699 1311 736 τοι
1356 686 1592 739 τοσαῦτα
1634 687 1869 757 δρῶντες

281 772 382 825 ὅσα
414 770 550 834 Θεὸς
579 775 872 841 συγχωρεῖ.
901 775 1073 840 Φωνη
1102 773 1294 828 ἐθνῶν
1325 776 1576 832 πολλῶν
1608 779 1705 832 ἐπὶ
1752 782 1873 834 τῶν

281 864 500 931 ὀρέων·
534 865 629 918 καὶ
658 864 726 917 τὰ
765 863 912 934 ἑξῆς.
959 866 1071 935 Τὴν
1100 869 1363 938 παμμιγῆ
1395 868 1632 925 δείκνυσι
1672 872 1782 925 τῶν
1813 876 1872 927 ἐν

279 955 360 1025 τῷ
391 955 618 1026 πολέμῳ
657 954 887 1025 φωνὴν,
935 956 1264 1027 ἀνθρώπιον,
1314 960 1520 1022 ἵππων,
1567 963 1868 1031 νικώντων,

280 1047 623 1115 φευγόντων.
684 1047 867 1113 Ἵῐτις,
901 1051 1084 1120 φησιν,
1108 1050 1170 1103 οὐ
1208 1050 1429 1122 τοιαύτη
1480 1053 1563 1118 τίς
1596 1056 1763 1121 ἐστιν,
1795 1057 1872 1120 ὡς

280 1139 487 1207 ὀλίγων
516 1137 822 1209 ἀνθρώπων
861 1141 1204 1212 νομίζεσθαι.
1239 1144 1579 1212 Ἀρχόντων
1607 1146 1663 1198 δὲ
1707 1149 1874 1201 πλεί-

284 1248 474 1298 στων,
518 1234 611 1285 καὶ
659 1232 1000 1303 ἀρχομένων,
1050 1235 1448 1289 Βαϐυλωνίων
1483 1238 1582 1307 μὲν
1610 1238 1873 1310 θρηνούν-

279 1339 415 1387 των,
452 1324 676 1395 Περσῶν
703 1325 760 1377 δὲ
790 1324 1189 1389 ἀλαλαζόντων.
1227 1326 1335 1390 Οὓς
1364 1330 1456 1381 καὶ
1484 1331 1871 1399 ὁπλομάχους

286 1417 572 1477 ἀποκαλεῖ,
604 1418 700 1470 καὶ
738 1416 1046 1486 πόρῤωθεν
1080 1419 1411 1488 ἐρχόμενον
1436 1421 1614 1487 ἔθνος
1651 1422 1747 1476 ἀπ’
1774 1424 1869 1476 αὐ-

286 1508 384 1576 τῆς
413 1506 514 1576 ἠδη
536 1508 636 1577 τῆς
668 1508 897 1576 ἄρκτον,
940 1508 1034 1561 καὶ
1062 1508 1171 1561 τῶν
1203 1509 1310 1562 ὑπὸ
1338 1509 1510 1582 ταύτῃ
1542 1511 1741 1581 μερῶν.
1784 1511 1871 1575 Ὠς

289 1595 432 1649 κατὰ
491 1595 747 1667 βούλησιν
793 1596 849 1649 δὲ
904 1597 1042 1651 Θεοῦ
1092 1597 1405 1669 χωροῦντας
1455 1599 1644 1666 ἰδίους
1694 1603 1868 1656 καλεῖ.

288 1688 665 1757 Οἰκουμένην
692 1689 749 1742 δὲ
778 1678 1185 1763 φθειρομένης),
1212 1692 1273 1745 οὐ
1308 1691 1407 1763 τὴν
1434 1693 1661 1746 καθόλου
1696 1696 1827 1765 φησί
1851 1712 1867 1728 ·

282 1784 384 1852 τὴν
416 1784 542 1851 περὶ
578 1778 646 1852 ἧς
673 1783 728 1835 δὲ
751 1784 1042 1852 πρόκειται
1071 1783 1276 1854 χώραν,
1308 1786 1440 1849 ἴσως
1468 1788 1561 1840 καὶ
1588 1788 1648 1840 τὸ
1671 1790 1812 1859 μέγα
1834 1799 1867 1839 γ

286 1874 382 1928 καὶ
434 1873 861 1944 πολυάνθρωπον
910 1875 1079 1945 αὐτῆς
1153 1876 1583 1946 ἐνδεικνύμενος,
1633 1879 1873 1933 ἀντιδια-

289 1965 524 2018 στέλλων
558 1981 614 2017 τε
650 1966 748 2035 τὴν
786 1983 851 2034 με
868 1965 928 2019 τὰ
957 1965 1055 2037 τὴν
1086 1966 1290 2021 ἅλωσιν
1326 1968 1584 2038 ἐρημίαν.
1626 1970 1786 2033 Εἰκὸς
1814 1971 1872 2024 δὲ

283 2055 460 2109 ταῦτα
504 2056 698 2125 δηλοῦν
729 2059 821 2110 καί
849 2057 959 2110 τῶν
1000 2057 1141 2112 κατὰ
1173 2058 1273 2130 τὴν
1322 2059 1650 2131 Ἐκκλησίαν
1678 2061 1869 2130 διαφό-

286 2166 400 2222 ρων
425 2146 595 2201 ὲθνῶν
625 2148 724 2218 τὴν
748 2147 981 2217 φωνὴν,
1028 2149 1096 2220 ἦν
1150 2151 1245 2204 καὶ
1284 2150 1532 2204 πεδινὸν
1573 2152 1709 2218 ὄρος
1741 2152 1867 2222 ἔφη,

284 2240 425 2311 πρὸς
458 2240 558 2309 τὴν
588 2241 855 2311 συλλογὴν
886 2241 980 2295 τοῦ
1024 2241 1267 2313 πλήθους
1306 2244 1650 2313 εὐρυχωρίαν
1694 2245 1870 2320 ταύτῃ

282 2332 483 2414 διδοὺς,
522 2333 617 2385 ἐπὶ
660 2331 722 2385 τὸ
767 2331 900 2403 ὕψος
935 2334 1338 2390 ἀναϐαινόντων
1368 2337 1465 2407 τῆς
1494 2338 1747 2407 γνώσεως
1776 2341 1869 2393 τοῦ

285 2426 446 2489 θεοῦ,
483 2427 609 2497 μίαν
649 2445 711 2482 τε
740 2431 953 2499 φωνὴν
978 2430 1211 2501 ἐχόντων
1248 2433 1351 2501 τῆς
1384 2432 1639 2494 πίστεως.
1668 2434 1781 2487 Μία
1814 2435 1869 2487 δὲ

285 2518 425 2593 οὖσα
448 2524 511 2593 τῇ
544 2523 850 2593 συμφωνίᾳ,
885 2523 1110 2586 πολλαῖς
1137 2523 1301 2589 ἔοικε,
1343 2524 1431 2577 διὰ
1454 2525 1513 2577 τὸ
1544 2526 1870 2597 μερισθῆναι

268 2615 569 2684 ’γλώσσαις
596 2614 768 2686 πυρὸς
801 2617 952 2689 παρὰ
974 2616 1067 2669 τοῦ
1095 2617 1251 2684 ἁγίου
1281 2616 1598 2686 Πνεῦματος
1624 2617 1709 2687 ἐφ’
1738 2618 1871 2671 ἔκα-

292 2716 415 2755 στον
445 2703 556 2755 τῶν
588 2703 905 2757 ἀποστόλων
945 2705 1244 2775 μελλόντων
1277 2709 1388 2771 τοῖς
1427 2706 1602 2760 ἔθνεσι
1638 2707 1871 2777 κηρύξαι

292 2796 459 2847 πᾶσιν
491 2795 553 2846 τὸ
584 2794 935 2863 Εὑαγγέλιον,
959 2789 1035 2849 ὦν
1071 2798 1197 2859 τοὺς
1228 2796 1538 2859 ἐκλεκτοὺς,
1573 2797 1874 2863 ,ϐασιλέως

290 2885 467 2951 καλεῖ,
518 2887 595 2949 ὡς
633 2887 783 2950 υἱοὺς
828 2887 931 2957 τῆς
974 2887 1256 2957 βασιλείας
1286 2888 1647 2957 ὑπάρχοντας.
1693 2888 1788 2940 Ἐκ
1817 2888 1872 2941 δὲ

288 2978 418 3039 τοῦ,
476 2977 691 3044 Κύριος
732 2975 1077 3031 ἐντέταλται
1125 2977 1282 3030 ἔθνει
1343 2977 1668 3046 ό.τ.ίομὰχῳ
1708 2978 1875 3048 ἔρχε-

1971 517 2089 554 mur
2104 518 2123 565 ;
2138 511 2303 571 utque
2317 499 2560 556 discendi
2576 500 2794 569 cupidis
2811 517 2865 555 os
2888 501 3208 569 aperiamus,
3224 498 3551 553 doceamusa

1930 602 1935 607 ‘
1971 608 2079 663 que
2117 609 2222 662 qua
2253 594 2466 648 ratione
2493 594 2636 649 malo
2661 593 2765 649 line
2788 592 2955 646 multa
2984 593 3269 647 molientes
3299 589 3548 661 Gigantes

1971 685 2210 756 eilugere
2238 687 2476 750 valeant,
2506 701 2647 755 quos
2682 686 2948 738 malorum
2979 682 3198 737 nomine
3227 683 3548 751 angelorum

1975 778 2231 831 Davidem
2252 779 2591 833 intellexisse
2614 777 2898 847 probabile
2931 784 3013 831 est
3047 774 3096 807 ⁸³
3122 791 3138 845 ;
3162 774 3255 845 qui
3286 790 3412 829 cum
3450 790 3551 829 nos

1973 871 2265 926 crudeliter
2312 886 2484 924 cresos
2518 870 2775 932 viderint,
2820 870 3096 933 laetantur,
3133 874 3188 922 et
3228 882 3295 922 ex
3347 866 3550 923 doloris

1974 964 2153 1018 nostri
2204 964 2477 1029 gravitate
2523 962 2856 1031 voluptatem
2907 960 3209 1029 capientes.
3270 970 3550 1015 contume-

1974 1056 2109 1110 liose
2136 1055 2293 1111 nobis
2331 1056 2637 1117 insultant;
2685 1055 2810 1109 licet
2859 1070 2969 1108 non
3010 1054 3243 1123 maiora,
3280 1068 3441 1122 quam
3471 1055 3553 1110 eis

1974 1160 2005 1200 a
2046 1146 2156 1201 Deo
2181 1145 2529 1210 conceditur,
2561 1144 2822 1200 elliciant.
2865 1144 2978 1199 Vox
2995 1147 3228 1215 gentium
3261 1144 3550 1197 multarum

1974 1241 2029 1292 in
2064 1238 2348 1300 moralibus,
2384 1246 2440 1291 et
2486 1252 2608 1306 qua:
2655 1245 3002 1306 sequuntur;
3058 1237 3425 1306 promiscuam
3460 1250 3554 1290 eo-

1975 1345 2099 1384 rum
2143 1346 2316 1384 vocem
2344 1329 2606 1397 ostendit,
2636 1330 2727 1400 qui
2759 1330 2812 1383 in
2849 1330 3043 1400 praelio
3078 1337 3206 1384 sunt
3248 1327 3550 1390 hominum,

1977 1438 2269 1493 equorum,
2301 1423 2659 1488 vincentium,
2690 1421 3015 1493 fugientium
3050 1440 3063 1476 :
3100 1421 3317 1491 qualem
3353 1433 3554 1489 pauco-

1979 1531 2100 1569 rum
2144 1515 2454 1581 hominum,
2486 1514 2630 1569 haud
2668 1516 2963 1584 quisquam
2994 1514 3230 1579 dixerit,
3278 1514 3370 1568 sed
3403 1512 3554 1580 prin-

1980 1607 2153 1676 cipum
2180 1607 2488 1671 multorum,
2518 1615 2571 1661 et
2604 1607 2981 1673 subditorum;
3010 1607 3062 1660 id
3099 1614 3183 1661 est
3251 1607 3550 1676 lugentium

1980 1696 2422 1767 Babyloniorum,
2469 1705 2522 1751 et
2575 1695 2872 1751 Persarum
2932 1695 3351 1758 exsultantium,
3412 1708 3553 1763 quos

1977 1789 2272 1856 bellicosos,
2304 1798 2351 1844 et
2399 1797 2601 1859 gentem
2634 1788 2839 1856 procul,
2881 1787 2931 1841 id
2965 1794 3069 1850 est,
3115 1783 3277 1856 204
3319 1784 3385 1838 ab
3436 1784 3553 1853 ipso

1975 1882 2253 1953 aquilone,
2283 1882 2590 1951 vicinisque
2624 1882 2785 1947 locis,
2822 1888 3093 1935 venturam
3119 1877 3375 1934 asseruit.
3411 1875 3553 1931 Suos

1975 1982 2158 2029 autem
2194 1982 2379 2038 vocat,
2409 1980 2469 2027 ut
2516 1972 2611 2027 Dei
2646 1973 2928 2027 voluntate
2958 1969 3209 2041 progredi
3251 1984 3358 2023 non
3394 1967 3553 2021 dubi-

1972 2074 2073 2122 tes.
2108 2066 2264 2133 Quod
2298 2082 2426 2120 vero
2452 2065 2713 2141 perditam
2761 2074 2956 2118 terram
2999 2063 3169 2127 dixit,
3219 2076 3326 2115 non
3362 2059 3550 2115 orb'm

1974 2157 2321 2218 universum,
2352 2154 2448 2212 sed
2476 2156 2543 2211 de
2585 2171 2692 2225 qua
2726 2169 2909 2210 sermo
2940 2153 3247 2208 instituitur
3277 2150 3550 2221 regionem

1971 2250 2191 2305 innuit:
2223 2254 2387 2320 'quant
2431 2250 2550 2304 ideo
2590 2247 2773 2301 forsan
2824 2246 2906 2301 sic
2952 2244 3379 2307 nominavit,-ut
3415 2257 3549 2310 gen-

1972 2351 2077 2397 tem
2110 2359 2363 2413 magnam
2394 2352 2449 2398 et
2486 2341 2809 2413 populosam
2844 2354 2965 2395 esse
2997 2337 3257 2402 doceret;
3293 2350 3547 2402 eamque,

1972 2451 2093 2506 quae
2118 2436 2576 2505 expugnatiOnem
2610 2440 2796 2487 secuta
2828 2439 2931 2492 est,
2965 2428 3316 2482 solitudinem
3350 2425 3549 2479 dlSlltt-

1971 2537 2185 2599 gueret.
2219 2525 2329 2580 Nec
2352 2541 2482 2579 vero
2514 2525 2876 2591 incongruum
2913 2528 3018 2583 est,
3044 2520 3244 2573 talibus
3276 2517 3546 2571 variarum

1973 2621 2137 2675 etiam
2171 2618 2415 2689 gentium
2465 2632 2634 2671 vocem
2668 2616 2719 2669 in
2757 2613 2999 2668 Ecclesia
3052 2612 3234 2681 (quam
3287 2624 3381 2679 per
3410 2626 3552 2661 man-

1976 2723 2076 2768 tem
2112 2721 2455 2781 campestrem
2484 2707 2778 2778 intellexit)
2811 2705 3106 2777 signiﬁcari
3134 2720 3146 2758 :
3177 2703 3283 2765 cui,
3319 2703 3383 2755 ad
3408 2702 3548 2753 llllll-

1976 2804 2228 2860 litudinis
2266 2802 2669 2865 collectionem,
2704 2799 2804 2851 loci
2836 2796 3249 2866 amplitudinem
3291 2794 3540 2856 ascribit;

1974 2913 2098 2952 cum
2135 2894 2200 2949 ad
2242 2910 2383 2954 eam,
2420 2899 2645 2961 propter
2679 2890 2879 2944 divinm
2927 2886 3256 2954 ρομιιὶιὶοιιὶς
3303 2885 3550 2938 οιιὶιιιιιίο

1975 3005 2119 3053 nem,
2174 2987 2448 3054 uniusque
2499 2982 2621 3038 iidei
2675 2996 2848 3036 vocem
2913 2977 3211 3033 ascendant
3257 2975 3431 3029 tnulti.
3483 2975 3551 3026 At

291 3071 454 3131 σθαι,
501 3068 868 3138 διδασκόμεθα
904 3069 1085 3140 κρίσει
1128 3069 1263 3122 Θεοῦ
1298 3069 1396 3133 τὰς
1430 3071 1701 3141 τιμωρίας
1778 3073 1870 3123 ἐπ-

1979 3092 2249 3132 consensu
2299 3075 2422 3144 ipso
2456 3087 2564 3126 una
2600 3071 2906 3139 eademque
2958 3083 3081 3122 cum
3135 3066 3230 3130 sit,
3267 3064 3549 3132 multipch

291 3158 546 3226 ἀγεσθαι,
577 3159 673 3211 καὶ
724 3158 800 3222 ὡς
851 3159 913 3212 οῦ
962 3160 1043 3213 δεῖ
1069 3160 1298 3214 δεδιέναι
1327 3162 1420 3213 τὸν
1462 3161 1877 3233 τύπτονταντδν

289 3249 649 3304 ιπιτὸιττοντα
677 3250 733 3303 δὲ
762 3251 962 3319 μᾶλλον
989 3252 1326 3319 παρακαλεῖν
1354 3270 1367 3283 ⁸
1414 3254 1537 3306 οὐδὲ
1592 3234 1875 3324 μιμεῖσθαι

230 3378 242 3391 .
287 3340 415 3403 τοὺς
449 3339 707 3407 λέγοντας
735 3340 968 3404 ἀσεϐῶς,
1006 3341 1117 3393 δεῖν
1148 3340 1339 3395 θυσίαν
1386 3343 1683 3412 προσάγειν
1714 3346 1877 3398 πνεύ-

293 3447 427 3499 μασι
461 3434 742 3501 πονηροῖς,
774 3430 848 3492 ὡς
879 3430 945 3484 ἂν
969 3431 1147 3484 αὐτῶν
1171 3432 1270 3501 τὴν
1309 3434 1507 3486 κακίαν
1541 3435 1876 3504 ἐκμειλιξὼ-

297 3521 461 3591 μεθα.
498 3521 624 3575 Εἴτε
657 3521 764 3592 γὰρ
793 3521 1193 3592 θεραπεύσητε,
1222 3523 1332 3575 εἴτε
1360 3524 1450 3574 καὶ
1490 3522 1586 3592 μὴ,
1615 3524 1751 3594 δρᾷν
1783 3524 1875 3577 ab-

295 3615 416 3678 τοὺς
469 3615 685 3685 ἀνάγκη
720 3615 781 3667 τὸ
823 3613 1293 3687 προσταττόμενον
1321 3613 1401 3684 τῷ
1442 3614 1650 3668 δοθέντι
1692 3615 1877 3686 μέτρῳ

292 3706 631 3776 χρωμένους.
676 3705 740 3759 Ἦ
779 3705 835 3759 δὲ
861 3705 1071 3759 τούτων
1106 3706 1380 3761 πανοπλία
1422 3708 1487 3777 τῇ
1521 3707 1631 3760 τῶν
1650 3709 1875 3762 δικαίων

290 3796 616 3851 ἀντίκειται.
643 3796 768 3860 Τοῖς
800 3798 897 3866 μὲν
919 3796 1028 3867 γὰρ
1058 3798 1248 3867 θυρεός
1275 3799 1389 3850 ἐστι
1422 3799 1660 3861 πίστεως
1689 3815 1702 3829 ·
1762 3801 1877 3861 τοῖς

286 3885 343 3939 δὲ
370 3885 653 3951 ἀπιστίας.
687 3888 813 3950 Τοῖς
854 3868 951 3957 μὲν
979 3887 1138 3955 λόγου
1187 3888 1454 3960 μάχαιρα,
1500 3893 1613 3954 τοῖς
1662 3891 1718 3943 δὲ
1747 3891 1875 3944 ἁλο-

287 3979 437 4045 γίας.
475 3978 601 4040 Τοῖς
648 3978 746 4047 μὲν
790 3976 973 4048 θώραξ
1014 3978 1365 4052 δικαιοσύνης
1410 3981 1546 4052 πρὸς
1573 3982 1671 4051 τὴν
1700 3983 1875 4051 ἀσφα-

287 4069 466 4136 λειαν,
504 4072 616 4132 τοῖς
647 4070 703 4123 δὲ
745 4069 981 4135 ἀδικίας.
1015 4071 1295 4143 Σωτηρίας
1328 4072 1541 4136 τούτοις
1572 4074 1872 4143 περικεφά-

287 4164 442 4226 λαια,
476 4163 687 4226 τούτοις
721 4161 778 4216 δὲ
810 4163 1107 4226 ἀπωλείας,
1143 4165 1351 4235 ἕτοιμοι
1392 4165 1600 4228 τούτοις
1629 4167 1679 4219 oi
1715 4166 1874 4230 πόδες

290 4257 432 4326 πρὸς
461 4257 523 4308 τὸ
558 4254 887 4324 Εὖαγγέλιον
917 4255 1014 4323 τῆς
1042 4256 1283 4326 εἰρήνης,
1316 4255 1458 4321 ὀξεῖς
1487 4256 1713 4319 ἐκείνοις

286 4347 353 4400 τδ
385 4346 575 4416 ἐκχέαι
601 4342 759 4415 αἷμα.
790 4345 854 4397 Οἳ
885 4346 977 4398 καὶ
998 4344 1115 4398 ἀπὸ
1142 4345 1256 4413 τῆς
1289 4347 1415 4408 εἰσι,
1441 4348 1744 4415 πόρῤωθεν
1775 4348 1874 4416 μὲν

288 4436 456 4503 Θεοῦ,
503 4431 805 4506 πόρρωθεν
845 4436 901 4488 δὲ
953 4435 1046 4488 τοῦ
1080 4435 1196 4505 βίου
1244 4436 1437 4488 τούτου
1480 4439 1614 4506 πρὶς
1653 4436 1873 4490 κόλασιν

288 4528 509 4582 ικεῖθεν
539 4529 819 4597 ἀγόμενοι.
846 4530 908 4582 Οἱ
933 4528 1040 4599 γὰρ
1071 4528 1458 4598 συνεργοῦντες
1482 4530 1616 4599 ἡμῖν
1642 4529 1712 4582 τὰ
1737 4531 1873 4600 πρὸς

290 4618 594 4687 σωτηρίαν,
628 4617 866 4671 σύνοικοί
901 4636 961 4671 τε
992 4619 1084 4671 καὶ
1114 4618 1375 4687 γείτονες.
1406 4617 1663 4671 Ἐκείνων
1685 4620 1741 4672 δε
1769 4638 1871 4672 κα-

288 4709 632 4779 τακέχρηται
662 4712 726 4780 τῇ
758 4709 998 4780 ὠμότητι
1037 4711 1174 4780 πρὸς
1205 4710 1507 4778 θεραπείαν
1536 4711 1869 4783 ἡμετέρανή

292 4800 551 4870 Πρόνοια,
590 4800 665 4863 ὡς
691 4803 874 4872 ίατρὸς
916 4804 1126 4873 ἐχίδνης
1164 4804 1227 4875 ἰῷ
1274 4803 1405 4865 οὒςι
1439 4805 1496 4857 οὐ
1532 4804 1592 4857 τὸ
1639 4805 1854 4874 πνεῦμα

292 4890 409 4943 ἀλλ’
448 4894 482 4961 ἡ
533 4891 669 4957 σὰρξ
702 4893 1076 4961 παραδίδοται,
1111 4894 1198 4947 ἵνα
1224 4894 1283 4946 τὸ
1323 4893 1542 4963 πνεῦμα
1568 4895 1740 4966 σωθῇ.
1770 4895 1875 4948 Φύη

292 4981 448 5049 γελός
497 4999 557 5034 τε
603 4982 697 5036 καὶ
746 4983 1080 5055 Ἑρμογένης
1114 4986 1296 5049 αὐτοῖς
1348 4986 1724 5057 παρεδόθησαν
1773 4987 1871 5040 οὖν

290 5073 371 5136 είς
404 5073 708 5138 ἀπώλειαν,
745 5075 833 5129 ἵνα
872 5076 928 5129 δὲ
966 5077 1298 5131 παιδευθῶσι
1340 5078 1415 5149 μὴ
1448 5078 1807 5149 βλασφημεῖν.

1649 5126 1679 5149 lt

291 5170 504 5223 scelera
536 5170 846 5225 ulciscenda
878 5168 1060 5226 acciti}
1099 5170 1238 5226 Sunt
1259 5174 1403 5226 enim
1433 5190 1669 5244 quorum
1704 5191 1868 5245 opera

1982 3168 2104 3221 ideo
2135 3166 2378 3230 videtur,
2431 3158 2578 3233 quod
2616 3160 2818 3231 linguis
2865 3159 3061 3228 igneis,
3102 3155 3342 3226 Spiritus
3377 3155 3550 3209 sancti

1979 3272 2167 3328 opera,
2216 3257 2271 3311 in
2324 3254 2625 3325 quemlibet
2676 3250 3051 3320 apostolorum
3082 3288 3096 3312 ,
3155 3246 3247 3317 qui
3300 3246 3553 3316 gentibus

1982 3347 2255 3401 universis
2284 3352 2442 3399 erant
2494 3343 2846 3412 Evangelium
2898 3336 3270 3409 prtcdieaturi,
3318 3336 3551 3390 disset-ta

1980 3439 2082 3493 fuit
2108 3439 2155 3470 ⁸³
2188 3456 2201 3491 :
2237 3451 2472 3508 quorum
2504 3435 2570 3488 de
2597 3447 2825 3488 nurnero
2857 3432 2951 3500 qui
2991 3428 3185 3483 delecti
3219 3437 3370 3491 sunt,
3408 3440 3550 3494 reges

1978 3544 2093 3594 eos,
2129 3537 2388 3595 tanquam
2424 3525 2571 3595 regni
2597 3523 2756 3585 tilios,
2784 3520 3043 3589 appellat.
3080 3517 3137 3570 In
3161 3531 3270 3586 quo
3290 3523 3551 3585 praeterea

1978 3630 2179 3692 gentem
2229 3619 2536 3672 bellicosam
2588 3616 2760 3669 venire
2811 3613 2962 3683 jubet
3020 3611 3315 3673 Dominus;
3361 3622 3553 3678 poenas

1976 3720 2127 3765 certe
2168 3708 2261 3763 Dei
2294 3706 2504 3775 judicio
2552 3703 2791 3766 immitti,
2843 3715 3021 3770 neque
3066 3699 3392 3753 inferentem
3442 3711 3553 3748 tne-

1980 3811 2150 3863 tuere,
2212 3800 2305 3854 sed
2365 3797 2648 3866 iubentem
2711 3794 2892 3863 potius
2948 3789 3233 3859 deprecari
3293 3788 3554 3842 docemur

1977 3902 2265 3962 oportere;
2306 3904 2415 3943 non
2445 3902 2633 3942 eorum
2678 3883 2884 3938 imitari
2930 3881 3281 3949 impietatem,
3315 3880 3407 3947 qui
3440 3893 3553 3930 nta-

1979 3984 2154 4038 lorum
2202 3980 2494 4051 spirituum
2552 3976 2850 4047 nequitiam
2901 3970 3191 4028 sacriﬁciis
3243 3968 3553 4022 demulcere

1976 4074 2371 4137 adhortantur;
2432 4082 2567 4136 quos
2635 4067 2749 4122 sive
2805 4064 3053 4127 amliias,
3114 4061 3229 4115 sive
3287 4058 3549 4129 negligas,

1977 4180 2138 4236 agerc
2165 4173 2345 4217 tamen
2378 4170 2431 4215 et
2454 4160 2665 4221 saevire,
2700 4165 2863 4226 prout
2909 4152 3198 4226 imperanti
3239 4151 3434 4222 placet,
3465 4165 3555 4202 ne-

1975 4272 2192 4321 cessum
2226 4263 2326 4308 est.
2362 4253 2456 4307 Est
2488 4266 2616 4304 vero
2648 4249 2869 4304 illorum
2901 4255 3034 4310 tota,
3081 4244 3155 4306 ei.
3208 4257 3313 4312 qua
3371 4251 3555 4310 tegun—

1977 4346 2239 4415 turjusti,
2279 4342 2555 4398 contraria
2592 4342 2751 4411 plane
2784 4346 3087 4391 armatura.
3121 4333 3218 4390 llis
3248 4332 3392 4387 enim
3428 4330 3548 4383 lidei

1980 4438 2205 4507 clypeos
2250 4435 2301 4487 in
2333 4439 2586 4502 promptu
2620 4441 2728 4489 est.
2760 4428 2867 4481 illis
2907 4438 3091 4479 autem
3131 4420 3547 4476 incredulitatis.

1982 4527 2077 4581 llis
2113 4526 2279 4595 fulget
2308 4524 2535 4577 rationis
2567 4532 2619 4576 et
2656 4520 2807 4574 verbi
2835 4517 3087 4588 gladius:
3119 4515 3230 4568 illis
3273 4510 3552 4565 temerita-

1982 4619 2071 4671 tis.
2115 4617 2208 4671 llis
2262 4614 2405 4670 inest
2436 4615 2500 4667 ad
2534 4612 2885 4668 securitatem
2917 4606 3144 4679 iustitia:
3181 4603 3393 4670 lorica;
3444 4601 3553 4656 illis

1982 4708 2283 4778 injustitite.
2318 4706 2413 4762 llis
2450 4709 2578 4761 item
2616 4705 2810 4761 salutis
2845 4706 3029 4774 galea;
3065 4703 3170 4755 illis
3206 4696 3549 4770 perditionis.

1980 4801 2072 4857 llis
2109 4802 2272 4872 pedes
2303 4800 2369 4854 ad
2398 4799 2720 4855 sectandum
2767 4798 2917 4866 pacis
2970 4791 3324 4863 Evangelium
3366 4803 3553 4859 prom-

1973 4888 2364 4961 pliparatique
2391 4909 2406 4957 ;
2433 4891 2543 4944 illis
2575 4890 2640 4943 ad
2675 4884 3074 4943 effundendum
3110 4881 3428 4953 sanguinem
3463 4890 3552 4931 ve.

1941 4988 2143 5042 -loccs.
2178 4985 2258 5039 llli
2296 4986 2425 5038 item
2462 4991 2591 5037 sunt
2626 4980 2690 5035 de
2732 4991 2873 5032 terra
2900 4976 3217 5047 longinqua,
3255 4973 3404 5039 longe
3434 4970 3553 5036 qui-

1970 5079 2096 5135 dem
2149 5095 2177 5132 a
2214 5079 2320 5133 Deo
2357 5076 2577 5138 remoti,
2633 5073 2700 5128 de
2739 5073 2888 5141 longe
2937 5069 3102 5140 etiam
3134 5068 3199 5120 ad
3231 5063 3395 5130 hujus
3426 5060 3549 5112 vita:

1924 5176 2011 5228 ad
2047 5176 2278 5229 salutem
2330 5174 2557 5235 utimur,
2620 5186 2725 5223 non
2800 5166 3035 5231 externi,
3089 5163 3183 5217 sed
3237 5157 3546 5233 dmuestici‘

291 5259 595 5329 vicinique.
636 5260 739 5316 Sed
772 5262 988 5317 illorum
1016 5263 1338 5318 crudelitate
1377 5265 1443 5319 ad
1479 5266 1741 5320 medelam
1810 5266 2265 5334 curationemque
2320 5275 2562 5320 nostram
2650 5261 2743 5314 Dei
2827 5260 3074 5315 abutitur
3160 5248 3537 5324 providentia;

293 5362 401 5406 non
441 5352 604 5408 aliter
633 5369 796 5423 quam
833 5355 1032 5424 viperae
1080 5368 1289 5410 veneno
1321 5356 1599 5425 medicus;
1647 5358 1848 5427 quibus
1889 5359 1941 5412 in
1967 5373 2189 5413 carnem
2219 5366 2453 5422 tantum,
2487 5370 2594 5427 quo
2626 5353 2854 5423 spiritus
2927 5353 3175 5404 servetur
3251 5340 3544 5399 incolumis

360 5509 408 5541 ⁸⁸
437 5510 583 5567 Psal.
611 5525 836 5573 Lxxvnt,
877 5511 929 5565 4.
1008 5511 1198 5565 "Act.
1228 5526 1288 5577 ιι,
1334 5512 1356 5566 1
1398 5527 1552 5582 seqq.

1588 5598 1830 5655 VARle
1864 5597 2273 5655 LECTIONES.

364 5697 393 5739 1
417 5691 583 5745 λεία.
609 5689 698 5744 ιον.
731 5688 900 5753 ἔθνος.
979 5699 1002 5726 ³
1034 5708 1122 5761 γρ.
1150 5687 1250 5753 οἷς.
