  <div class='ocr_page' id='page_1' title='image "/cluster/home/n/w/nwhite01/storage/ocr_20150623/87:2/hvd.32044073502205/275.png"; bbox 0 0 4010 6208; ppageno 0'>
   <div class='ocr_carea' id='block_1_1' title="bbox 412 297 555 364">
    <p class='ocr_par' dir='ltr' id='par_1_1' title="bbox 412 297 555 364">
     <span class='ocr_line' id='line_1_1' title="bbox 412 297 555 364; baseline -0.014 0"><span class='ocrx_word' id='word_1_1' title='bbox 412 297 555 364; x_wconf 70' lang='lat'><strong>2075</strong></span> 
     </span>
    </p>
   </div>
   <div class='ocr_carea' id='block_1_2' title="bbox 1711 285 2346 348">
    <p class='ocr_par' dir='ltr' id='par_1_2' title="bbox 1711 285 2346 348">
     <span class='ocr_line' id='line_1_2' title="bbox 1711 285 2346 348; baseline -0.006 0"><span class='ocrx_word' id='word_1_2' title='bbox 1711 287 2062 348; x_wconf 78' lang='lat' dir='ltr'><strong>PROCOPII</strong></span> <span class='ocrx_word' id='word_1_3' title='bbox 2102 285 2346 348; x_wconf 69' lang='grc' dir='ltr'><strong>(ΞΑΖᾸΞΙ</strong></span> 
     </span>
    </p>
   </div>
   <div class='ocr_carea' id='block_1_3' title="bbox 3525 275 3675 344">
    <p class='ocr_par' dir='ltr' id='par_1_3' title="bbox 3525 275 3675 344">
     <span class='ocr_line' id='line_1_3' title="bbox 3525 275 3675 344; baseline 0.02 -3"><span class='ocrx_word' id='word_1_4' title='bbox 3525 275 3675 344; x_wconf 75' lang='grc' dir='ltr'><strong>20Ἶῦ</strong></span> 
     </span>
    </p>
   </div>
   <div class='ocr_carea' id='block_1_4' title="bbox 416 387 3673 477">
    <p class='ocr_par' dir='ltr' id='par_1_4' title="bbox 416 387 3673 477">
     <span class='ocr_line' id='line_1_4' title="bbox 416 387 3673 477; baseline -0.006 -14"><span class='ocrx_word' id='word_1_5' title='bbox 416 404 579 477; x_wconf 72' lang='lat'><strong>205</strong></span> <span class='ocrx_word' id='word_1_6' title='bbox 613 408 856 474; x_wconf 86' lang='lat' dir='ltr'><strong>potestas</strong></span> <span class='ocrx_word' id='word_1_7' title='bbox 883 397 1220 469; x_wconf 86' lang='lat' dir='ltr'><strong>permittitur</strong></span> <span class='ocrx_word' id='word_1_8' title='bbox 1252 413 1269 450; x_wconf 88' lang='lat'><strong>:</strong></span> <span class='ocrx_word' id='word_1_9' title='bbox 1299 409 1406 465; x_wconf 86' lang='lat' dir='ltr'><strong>qua</strong></span> <span class='ocrx_word' id='word_1_10' title='bbox 1438 393 1653 450; x_wconf 85' lang='lat' dir='ltr'><strong>ratione</strong></span> <span class='ocrx_word' id='word_1_11' title='bbox 1681 393 1983 465; x_wconf 74' lang='lat' dir='ltr'><strong>Phylegum</strong></span> <span class='ocrx_word' id='word_1_12' title='bbox 2027 401 2083 448; x_wconf 89' lang='lat' dir='ltr'><strong>et</strong></span> <span class='ocrx_word' id='word_1_13' title='bbox 2114 390 2512 463; x_wconf 76' lang='lat' dir='ltr'><strong>Hermogenem</strong></span> <span class='ocrx_word' id='word_1_14' title='bbox 2567 405 2678 446; x_wconf 87' lang='lat' dir='ltr'><strong>non</strong></span> <span class='ocrx_word' id='word_1_15' title='bbox 2731 388 2784 445; x_wconf 90' lang='lat' dir='ltr'><strong>in</strong></span> <span class='ocrx_word' id='word_1_16' title='bbox 2842 387 3163 453; x_wconf 74' lang='lat' dir='ltr'><strong>interitum,</strong></span> <span class='ocrx_word' id='word_1_17' title='bbox 3199 387 3295 445; x_wconf 80' lang='lat' dir='ltr'><strong>sed</strong></span> <span class='ocrx_word' id='word_1_18' title='bbox 3398 396 3459 444; x_wconf 91' lang='lat' dir='ltr'><strong>ut</strong></span> <span class='ocrx_word' id='word_1_19' title='bbox 3530 389 3673 445; x_wconf 85' lang='lat' dir='ltr'><strong>blas-</strong></span> 
     </span>
    </p>
   </div>
   <div class='ocr_carea' id='block_1_5' title="bbox 418 486 2190 571">
    <p class='ocr_par' dir='ltr' id='par_1_5' title="bbox 418 486 2190 571">
     <span class='ocr_line' id='line_1_5' title="bbox 418 486 2190 571; baseline -0.01 -20"><span class='ocrx_word' id='word_1_20' title='bbox 418 496 787 571; x_wconf 81' lang='lat' dir='ltr'><strong>phemandum</strong></span> <span class='ocrx_word' id='word_1_21' title='bbox 838 508 950 549; x_wconf 92' lang='lat' dir='ltr'><strong>non</strong></span> <span class='ocrx_word' id='word_1_22' title='bbox 996 506 1121 547; x_wconf 87' lang='lat' dir='ltr'><strong>esse</strong></span> <span class='ocrx_word' id='word_1_23' title='bbox 1181 489 1502 554; x_wconf 89' lang='lat' dir='ltr'><strong>discerent,</strong></span> <span class='ocrx_word' id='word_1_24' title='bbox 1559 487 1794 544; x_wconf 88' lang='lat' dir='ltr'><strong>traditos</strong></span> <span class='ocrx_word' id='word_1_25' title='bbox 1856 486 2090 556; x_wconf 77' lang='lat' dir='ltr'><strong>legimus</strong></span> <span class='ocrx_word' id='word_1_26' title='bbox 2122 486 2190 534; x_wconf 78' lang='grc'><strong>⁸⁸.</strong></span> 
     </span>
    </p>
   </div>
   <div class='ocr_carea' id='block_1_6' title="bbox 491 574 2008 654">
    <p class='ocr_par' dir='ltr' id='par_1_6' title="bbox 491 582 1998 654">
     <span class='ocr_line' id='line_1_6' title="bbox 491 582 1998 654; baseline -0.009 -7"><span class='ocrx_word' id='word_1_27' title='bbox 491 592 720 647; x_wconf 86' lang='lat' dir='ltr'><strong>Eosdem</strong></span> <span class='ocrx_word' id='word_1_28' title='bbox 741 603 955 645; x_wconf 82' lang='lat' dir='ltr'><strong>rursum</strong></span> <span class='ocrx_word' id='word_1_29' title='bbox 984 586 1048 640; x_wconf 84' lang='lat' dir='ltr'><strong>de</strong></span> <span class='ocrx_word' id='word_1_30' title='bbox 1076 597 1220 640; x_wconf 85' lang='lat' dir='ltr'><strong>terra</strong></span> <span class='ocrx_word' id='word_1_31' title='bbox 1253 584 1542 654; x_wconf 82' lang='lat' dir='ltr'><strong>longinqua</strong></span> <span class='ocrx_word' id='word_1_32' title='bbox 1599 582 1790 639; x_wconf 86' lang='lat' dir='ltr'><strong>venire</strong></span> <span class='ocrx_word' id='word_1_33' title='bbox 1826 582 1998 646; x_wconf 83' lang='lat' dir='ltr'><strong>dixit,</strong></span> 
     </span>
    </p>
   </div>
   <div class='ocr_carea' id='block_1_7' title="bbox 2109 574 3683 654">
    <p class='ocr_par' dir='ltr' id='par_1_7' title="bbox 2162 574 3683 645">
     <span class='ocr_line' id='line_1_7' title="bbox 2162 574 3683 645; baseline -0.003 -10"><span class='ocrx_word' id='word_1_34' title='bbox 2162 582 2228 635; x_wconf 84' lang='lat' dir='ltr'><strong>0i</strong></span> <span class='ocrx_word' id='word_1_35' title='bbox 2266 579 2423 635; x_wconf 58' lang='grc' dir='ltr'>αὐτοὶ</span> <span class='ocrx_word' id='word_1_36' title='bbox 2460 577 2518 632; x_wconf 61' lang='grc' dir='ltr'>δὲ</span> <span class='ocrx_word' id='word_1_37' title='bbox 2557 577 2653 632; x_wconf 70' lang='grc' dir='ltr'>καὶ</span> <span class='ocrx_word' id='word_1_38' title='bbox 2681 574 2800 631; x_wconf 75' lang='grc' dir='ltr'>ἀπὸ</span> <span class='ocrx_word' id='word_1_39' title='bbox 2834 574 2947 645; x_wconf 77' lang='grc' dir='ltr'><strong>γῆς</strong></span> <span class='ocrx_word' id='word_1_40' title='bbox 2982 574 3306 644; x_wconf 70' lang='grc' dir='ltr'>πόρῤωθεν,</span> <span class='ocrx_word' id='word_1_41' title='bbox 3336 575 3414 629; x_wconf 77' lang='grc' dir='ltr'>ὅτι</span> <span class='ocrx_word' id='word_1_42' title='bbox 3444 574 3538 630; x_wconf 73' lang='grc' dir='ltr'><strong>τὸν</strong></span> <span class='ocrx_word' id='word_1_43' title='bbox 3570 593 3683 631; x_wconf 81' lang='grc' dir='ltr'>πε-</span> 
     </span>
    </p>
   </div>
   <div class='ocr_carea' id='block_1_8' title="bbox 418 675 1998 756">
    <p class='ocr_par' dir='ltr' id='par_1_8' title="bbox 418 675 1998 756">
     <span class='ocr_line' id='line_1_8' title="bbox 418 675 1998 756; baseline -0.006 -17"><span class='ocrx_word' id='word_1_44' title='bbox 418 685 564 756; x_wconf 89' lang='lat' dir='ltr'><strong>quod</strong></span> <span class='ocrx_word' id='word_1_45' title='bbox 598 683 653 736; x_wconf 89' lang='lat' dir='ltr'><strong>in</strong></span> <span class='ocrx_word' id='word_1_46' title='bbox 686 690 833 736; x_wconf 88' lang='lat' dir='ltr'><strong>terra</strong></span> <span class='ocrx_word' id='word_1_47' title='bbox 866 678 1050 735; x_wconf 82' lang='lat' dir='ltr'>sedem</span> <span class='ocrx_word' id='word_1_48' title='bbox 1092 678 1383 745; x_wconf 90' lang='lat' dir='ltr'><strong>locumque</strong></span> <span class='ocrx_word' id='word_1_49' title='bbox 1433 676 1539 731; x_wconf 85' lang='lat' dir='ltr'><strong>sibi</strong></span> <span class='ocrx_word' id='word_1_50' title='bbox 1578 675 1862 746; x_wconf 87' lang='lat' dir='ltr'><strong>elegerint,</strong></span> <span class='ocrx_word' id='word_1_51' title='bbox 1895 689 1998 730; x_wconf 88' lang='lat' dir='ltr'><strong>nec</strong></span> 
     </span>
    </p>
   </div>
   <div class='ocr_carea' id='block_1_9' title="bbox 420 766 1995 838">
    <p class='ocr_par' dir='ltr' id='par_1_9' title="bbox 420 766 1995 838">
     <span class='ocr_line' id='line_1_9' title="bbox 420 766 1995 838; baseline -0.006 -8"><span class='ocrx_word' id='word_1_52' title='bbox 420 790 451 829; x_wconf 89' lang='lat' dir='ltr'><strong>a</strong></span> <span class='ocrx_word' id='word_1_53' title='bbox 483 787 699 830; x_wconf 88' lang='lat' dir='ltr'><strong>summo</strong></span> <span class='ocrx_word' id='word_1_54' title='bbox 733 770 897 832; x_wconf 66' lang='lat' dir='ltr'><strong>coalo,</strong></span> <span class='ocrx_word' id='word_1_55' title='bbox 928 767 1074 822; x_wconf 81' lang='lat' dir='ltr'><strong>unde</strong></span> <span class='ocrx_word' id='word_1_56' title='bbox 1130 767 1266 838; x_wconf 8' lang='lat' dir='ltr'><strong>golim</strong></span> <span class='ocrx_word' id='word_1_57' title='bbox 1316 767 1550 837; x_wconf 85' lang='lat' dir='ltr'><strong>primum</strong></span> <span class='ocrx_word' id='word_1_58' title='bbox 1603 766 1801 835; x_wconf 76' lang='lat' dir='ltr'><strong>deiecti</strong></span> <span class='ocrx_word' id='word_1_59' title='bbox 1844 774 1995 831; x_wconf 89' lang='lat' dir='ltr'><strong>sunt,</strong></span> 
     </span>
    </p>
   </div>
   <div class='ocr_carea' id='block_1_10' title="bbox 421 853 1997 932">
    <p class='ocr_par' dir='ltr' id='par_1_10' title="bbox 421 853 1997 932">
     <span class='ocr_line' id='line_1_10' title="bbox 421 853 1997 932; baseline -0.004 -17"><span class='ocrx_word' id='word_1_60' title='bbox 421 876 615 932; x_wconf 86' lang='lat' dir='ltr'><strong>parum</strong></span> <span class='ocrx_word' id='word_1_61' title='bbox 683 860 907 913; x_wconf 81' lang='lat' dir='ltr'><strong>distent.</strong></span> <span class='ocrx_word' id='word_1_62' title='bbox 958 854 1218 925; x_wconf 81' lang='lat' dir='ltr'><strong>Sequitur</strong></span> <span class='ocrx_word' id='word_1_63' title='bbox 1272 854 1517 909; x_wconf 89' lang='lat' dir='ltr'><strong>deinde:</strong></span> <span class='ocrx_word' id='word_1_64' title='bbox 1578 853 1815 919; x_wconf 80' lang='lat' dir='ltr'><strong>Ululate,</strong></span> <span class='ocrx_word' id='word_1_65' title='bbox 1871 855 1997 925; x_wconf 84' lang='lat' dir='ltr'><strong>quia</strong></span> 
     </span>
    </p>
   </div>
   <div class='ocr_carea' id='block_1_11' title="bbox 418 942 2000 1018">
    <p class='ocr_par' dir='ltr' id='par_1_11' title="bbox 418 942 2000 1018">
     <span class='ocr_line' id='line_1_11' title="bbox 418 942 2000 1018; baseline -0.004 -18"><span class='ocrx_word' id='word_1_66' title='bbox 418 963 578 1018; x_wconf 81' lang='lat' dir='ltr'><strong>prope</strong></span> <span class='ocrx_word' id='word_1_67' title='bbox 607 956 682 1001; x_wconf 87' lang='lat' dir='ltr'><strong>est</strong></span> <span class='ocrx_word' id='word_1_68' title='bbox 714 944 825 999; x_wconf 84' lang='lat' dir='ltr'><strong>dies</strong></span> <span class='ocrx_word' id='word_1_69' title='bbox 857 942 1073 997; x_wconf 79' lang='lat' dir='ltr'><strong>Domini</strong></span> <span class='ocrx_word' id='word_1_70' title='bbox 1102 959 1121 995; x_wconf 89' lang='lat'><strong><em>:</em></strong></span> <span class='ocrx_word' id='word_1_71' title='bbox 1174 950 1436 1012; x_wconf 84' lang='lat' dir='ltr'><strong>tanquam</strong></span> <span class='ocrx_word' id='word_1_72' title='bbox 1471 952 1667 1012; x_wconf 69' lang='lat' dir='ltr'><strong>praeter</strong></span> <span class='ocrx_word' id='word_1_73' title='bbox 1691 944 1925 996; x_wconf 87' lang='lat' dir='ltr'><strong>lamenta</strong></span> <span class='ocrx_word' id='word_1_74' title='bbox 1946 951 2000 996; x_wconf 89' lang='lat' dir='ltr'><strong>et</strong></span> 
     </span>
    </p>
   </div>
   <div class='ocr_carea' id='block_1_12' title="bbox 421 1032 1999 1106">
    <p class='ocr_par' dir='ltr' id='par_1_12' title="bbox 421 1032 1999 1106">
     <span class='ocr_line' id='line_1_12' title="bbox 421 1032 1999 1106; baseline -0.004 -12"><span class='ocrx_word' id='word_1_75' title='bbox 421 1040 629 1094; x_wconf 89' lang='lat' dir='ltr'><strong>luctum</strong></span> <span class='ocrx_word' id='word_1_76' title='bbox 651 1036 787 1092; x_wconf 84' lang='lat' dir='ltr'><strong>nihil</strong></span> <span class='ocrx_word' id='word_1_77' title='bbox 813 1034 926 1105; x_wconf 87' lang='lat' dir='ltr'><strong>jam</strong></span> <span class='ocrx_word' id='word_1_78' title='bbox 962 1032 1277 1106; x_wconf 76' lang='lat' dir='ltr'><strong>Babyloniis</strong></span> <span class='ocrx_word' id='word_1_79' title='bbox 1313 1040 1522 1089; x_wconf 89' lang='lat' dir='ltr'><strong>restare</strong></span> <span class='ocrx_word' id='word_1_80' title='bbox 1580 1044 1818 1089; x_wconf 86' lang='lat' dir='ltr'><strong>moneat.</strong></span> <span class='ocrx_word' id='word_1_81' title='bbox 1887 1034 1999 1088; x_wconf 77' lang='lat' dir='ltr'><strong>Deo</strong></span> 
     </span>
    </p>
   </div>
   <div class='ocr_carea' id='block_1_13' title="bbox 419 1127 1999 1200">
    <p class='ocr_par' dir='ltr' id='par_1_13' title="bbox 419 1127 1999 1200">
     <span class='ocr_line' id='line_1_13' title="bbox 419 1127 1999 1200; baseline -0.004 -14"><span class='ocrx_word' id='word_1_82' title='bbox 419 1146 655 1200; x_wconf 81' lang='lat' dir='ltr'><strong>namque</strong></span> <span class='ocrx_word' id='word_1_83' title='bbox 701 1136 904 1184; x_wconf 88' lang='lat' dir='ltr'><strong>metum</strong></span> <span class='ocrx_word' id='word_1_84' title='bbox 957 1127 1155 1183; x_wconf 89' lang='lat' dir='ltr'><strong>animis</strong></span> <span class='ocrx_word' id='word_1_85' title='bbox 1192 1142 1381 1182; x_wconf 90' lang='lat' dir='ltr'><strong>eorum</strong></span> <span class='ocrx_word' id='word_1_86' title='bbox 1454 1127 1754 1181; x_wconf 85' lang='lat' dir='ltr'><strong>incutiente</strong></span> <span class='ocrx_word' id='word_1_87' title='bbox 1812 1141 1999 1179; x_wconf 79' lang='lat' dir='ltr'><strong>manus</strong></span> 
     </span>
    </p>
   </div>
   <div class='ocr_carea' id='block_1_14' title="bbox 421 1215 1998 1283">
    <p class='ocr_par' dir='ltr' id='par_1_14' title="bbox 421 1215 1998 1283">
     <span class='ocr_line' id='line_1_14' title="bbox 421 1215 1998 1283; baseline -0.005 -8"><span class='ocrx_word' id='word_1_88' title='bbox 421 1221 592 1275; x_wconf 86' lang='lat' dir='ltr'><strong>omnis</strong></span> <span class='ocrx_word' id='word_1_89' title='bbox 615 1217 955 1283; x_wconf 77' lang='lat' dir='ltr'><strong>dissolvetur,</strong></span> <span class='ocrx_word' id='word_1_90' title='bbox 976 1226 1025 1271; x_wconf 81' lang='lat' dir='ltr'><strong>et</strong></span> <span class='ocrx_word' id='word_1_91' title='bbox 1056 1218 1228 1271; x_wconf 90' lang='lat' dir='ltr'><strong>omnis</strong></span> <span class='ocrx_word' id='word_1_92' title='bbox 1260 1217 1443 1270; x_wconf 86' lang='lat' dir='ltr'><strong>anima</strong></span> <span class='ocrx_word' id='word_1_93' title='bbox 1492 1215 1727 1270; x_wconf 81' lang='lat' dir='ltr'><strong>hominis</strong></span> <span class='ocrx_word' id='word_1_94' title='bbox 1772 1217 1998 1270; x_wconf 77' lang='lat' dir='ltr'><strong>timebit.</strong></span> 
     </span>
    </p>
   </div>
   <div class='ocr_carea' id='block_1_15' title="bbox 420 1303 2001 1375">
    <p class='ocr_par' dir='ltr' id='par_1_15' title="bbox 420 1303 2001 1375">
     <span class='ocr_line' id='line_1_15' title="bbox 420 1303 2001 1375; baseline -0.002 -13"><span class='ocrx_word' id='word_1_95' title='bbox 420 1307 560 1362; x_wconf 79' lang='lat' dir='ltr'><strong>Vani</strong></span> <span class='ocrx_word' id='word_1_96' title='bbox 587 1307 860 1375; x_wconf 90' lang='lat' dir='ltr'><strong>siquidem</strong></span> <span class='ocrx_word' id='word_1_97' title='bbox 891 1315 1007 1359; x_wconf 90' lang='lat' dir='ltr'><strong>tum</strong></span> <span class='ocrx_word' id='word_1_98' title='bbox 1052 1303 1280 1369; x_wconf 90' lang='lat' dir='ltr'><strong>fuerint,</strong></span> <span class='ocrx_word' id='word_1_99' title='bbox 1331 1305 1653 1375; x_wconf 82' lang='lat' dir='ltr'><strong>quicunque</strong></span> <span class='ocrx_word' id='word_1_100' title='bbox 1704 1306 1770 1360; x_wconf 90' lang='lat' dir='ltr'><strong>ad</strong></span> <span class='ocrx_word' id='word_1_101' title='bbox 1826 1305 2001 1375; x_wconf 86' lang='lat' dir='ltr'><strong>impe-</strong></span> 
     </span>
    </p>
   </div>
   <div class='ocr_carea' id='block_1_16' title="bbox 419 1396 2002 1472">
    <p class='ocr_par' dir='ltr' id='par_1_16' title="bbox 419 1396 2002 1472">
     <span class='ocr_line' id='line_1_16' title="bbox 419 1396 2002 1472; baseline -0.005 -16"><span class='ocrx_word' id='word_1_102' title='bbox 419 1401 680 1456; x_wconf 87' lang='lat' dir='ltr'><strong>diendum</strong></span> <span class='ocrx_word' id='word_1_103' title='bbox 714 1406 950 1454; x_wconf 85' lang='lat' dir='ltr'><strong>conatus</strong></span> <span class='ocrx_word' id='word_1_104' title='bbox 974 1397 1399 1453; x_wconf 82' lang='lat' dir='ltr'><strong>adhibebuntur.</strong></span> <span class='ocrx_word' id='word_1_105' title='bbox 1426 1396 1564 1472; x_wconf 83' lang='lat' dir='ltr'><strong>Quis</strong></span> <span class='ocrx_word' id='word_1_106' title='bbox 1592 1398 1739 1453; x_wconf 83' lang='lat' dir='ltr'><strong>enim</strong></span> <span class='ocrx_word' id='word_1_107' title='bbox 1782 1406 1840 1452; x_wconf 89' lang='lat' dir='ltr'><strong>ut</strong></span> <span class='ocrx_word' id='word_1_108' title='bbox 1861 1396 2002 1452; x_wconf 90' lang='lat' dir='ltr'><strong>scri-</strong></span> 
     </span>
    </p>
   </div>
   <div class='ocr_carea' id='block_1_17' title="bbox 420 1489 2003 1561">
    <p class='ocr_par' dir='ltr' id='par_1_17' title="bbox 420 1489 2003 1561">
     <span class='ocr_line' id='line_1_17' title="bbox 420 1489 2003 1561; baseline -0.003 -12"><span class='ocrx_word' id='word_1_109' title='bbox 420 1494 591 1556; x_wconf 87' lang='lat' dir='ltr'><strong>bitur,</strong></span> <span class='ocrx_word' id='word_1_110' title='bbox 630 1506 852 1546; x_wconf 87' lang='lat' dir='ltr'><strong>manum</strong></span> <span class='ocrx_word' id='word_1_111' title='bbox 884 1499 1122 1548; x_wconf 85' lang='lat' dir='ltr'><strong>erectam</strong></span> <span class='ocrx_word' id='word_1_112' title='bbox 1148 1498 1312 1561; x_wconf 88' lang='lat' dir='ltr'><strong>queat</strong></span> <span class='ocrx_word' id='word_1_113' title='bbox 1347 1490 1637 1545; x_wconf 77' lang='lat' dir='ltr'><strong>evertere?</strong></span> <span class='ocrx_word' id='word_1_114' title='bbox 1664 1489 1841 1544; x_wconf 82' lang='lat' dir='ltr'><strong>Aliter</strong></span> <span class='ocrx_word' id='word_1_115' title='bbox 1871 1505 2003 1546; x_wconf 89' lang='lat' dir='ltr'><strong>vero</strong></span> 
     </span>
    </p>
   </div>
   <div class='ocr_carea' id='block_1_18' title="bbox 421 1575 1999 1651">
    <p class='ocr_par' dir='ltr' id='par_1_18' title="bbox 421 1575 1999 1651">
     <span class='ocr_line' id='line_1_18' title="bbox 421 1575 1999 1651; baseline -0.002 -12"><span class='ocrx_word' id='word_1_116' title='bbox 421 1592 473 1639; x_wconf 88' lang='lat' dir='ltr'><strong>et</strong></span> <span class='ocrx_word' id='word_1_117' title='bbox 504 1585 567 1637; x_wconf 88' lang='lat' dir='ltr'><strong>ad</strong></span> <span class='ocrx_word' id='word_1_118' title='bbox 613 1582 706 1637; x_wconf 90' lang='lat' dir='ltr'><strong>Dei</strong></span> <span class='ocrx_word' id='word_1_119' title='bbox 740 1583 938 1645; x_wconf 89' lang='lat' dir='ltr'><strong>minas,</strong></span> <span class='ocrx_word' id='word_1_120' title='bbox 975 1596 1109 1651; x_wconf 89' lang='lat' dir='ltr'><strong>quas</strong></span> <span class='ocrx_word' id='word_1_121' title='bbox 1140 1596 1168 1635; x_wconf 83' lang='lat' dir='ltr'><strong>a</strong></span> <span class='ocrx_word' id='word_1_122' title='bbox 1199 1580 1468 1634; x_wconf 84' lang='lat' dir='ltr'><strong>bellicosis</strong></span> <span class='ocrx_word' id='word_1_123' title='bbox 1510 1575 1999 1649; x_wconf 81' lang='lat' dir='ltr'><strong>impenderedixit,</strong></span> 
     </span>
    </p>
   </div>
   <div class='ocr_carea' id='block_1_19' title="bbox 423 1669 2001 1741">
    <p class='ocr_par' dir='ltr' id='par_1_19' title="bbox 423 1669 2001 1741">
     <span class='ocr_line' id='line_1_19' title="bbox 423 1669 2001 1741; baseline 0 -15"><span class='ocrx_word' id='word_1_124' title='bbox 423 1671 661 1726; x_wconf 74' lang='lat' dir='ltr'><strong>ululatus</strong></span> <span class='ocrx_word' id='word_1_125' title='bbox 683 1680 737 1726; x_wconf 91' lang='lat' dir='ltr'><strong>et</strong></span> <span class='ocrx_word' id='word_1_126' title='bbox 800 1671 1247 1735; x_wconf 85' lang='lat' dir='ltr'><strong>lamentationes,</strong></span> <span class='ocrx_word' id='word_1_127' title='bbox 1306 1671 1509 1740; x_wconf 86' lang='lat' dir='ltr'><strong>quibus</strong></span> <span class='ocrx_word' id='word_1_128' title='bbox 1560 1669 1734 1725; x_wconf 90' lang='lat' dir='ltr'><strong>Deum</strong></span> <span class='ocrx_word' id='word_1_129' title='bbox 1792 1671 2001 1741; x_wconf 88' lang='lat' dir='ltr'><strong>placari</strong></span> 
     </span>
    </p>
   </div>
   <div class='ocr_carea' id='block_1_20' title="bbox 423 1760 2003 1830">
    <p class='ocr_par' dir='ltr' id='par_1_20' title="bbox 423 1760 2003 1830">
     <span class='ocr_line' id='line_1_20' title="bbox 423 1760 2003 1830; baseline -0.003 -11"><span class='ocrx_word' id='word_1_130' title='bbox 423 1773 632 1819; x_wconf 91' lang='lat' dir='ltr'><strong>certum</strong></span> <span class='ocrx_word' id='word_1_131' title='bbox 662 1771 769 1829; x_wconf 84' lang='lat' dir='ltr'><strong>est,</strong></span> <span class='ocrx_word' id='word_1_132' title='bbox 836 1761 1069 1816; x_wconf 87' lang='lat' dir='ltr'><strong>addidit.</strong></span> <span class='ocrx_word' id='word_1_133' title='bbox 1098 1760 1251 1816; x_wconf 88' lang='lat' dir='ltr'><strong>Solet</strong></span> <span class='ocrx_word' id='word_1_134' title='bbox 1296 1761 1442 1815; x_wconf 91' lang='lat' dir='ltr'><strong>enim</strong></span> <span class='ocrx_word' id='word_1_135' title='bbox 1481 1777 1580 1830; x_wconf 88' lang='lat' dir='ltr'><strong>pro</strong></span> <span class='ocrx_word' id='word_1_136' title='bbox 1607 1776 1709 1816; x_wconf 89' lang='lat' dir='ltr'><strong>suo</strong></span> <span class='ocrx_word' id='word_1_137' title='bbox 1736 1762 1789 1816; x_wconf 93' lang='lat' dir='ltr'><strong>in</strong></span> <span class='ocrx_word' id='word_1_138' title='bbox 1829 1762 2003 1815; x_wconf 79' lang='lat' dir='ltr'><strong>homi-</strong></span> 
     </span>
    </p>
   </div>
   <div class='ocr_carea' id='block_1_21' title="bbox 423 1854 2001 1924">
    <p class='ocr_par' dir='ltr' id='par_1_21' title="bbox 423 1854 2001 1924">
     <span class='ocr_line' id='line_1_21' title="bbox 423 1854 2001 1924; baseline -0.002 -13"><span class='ocrx_word' id='word_1_139' title='bbox 423 1872 523 1912; x_wconf 89' lang='lat' dir='ltr'><strong>nes</strong></span> <span class='ocrx_word' id='word_1_140' title='bbox 548 1871 734 1911; x_wconf 87' lang='lat' dir='ltr'><strong>amore</strong></span> <span class='ocrx_word' id='word_1_141' title='bbox 758 1855 902 1912; x_wconf 88' lang='lat' dir='ltr'><strong>Deus</strong></span> <span class='ocrx_word' id='word_1_142' title='bbox 938 1854 1223 1921; x_wconf 77' lang='lat' dir='ltr'><strong>minitari;</strong></span> <span class='ocrx_word' id='word_1_143' title='bbox 1252 1862 1306 1909; x_wconf 90' lang='lat' dir='ltr'><strong>et</strong></span> <span class='ocrx_word' id='word_1_144' title='bbox 1363 1869 1490 1909; x_wconf 92' lang='lat' dir='ltr'><strong>cum</strong></span> <span class='ocrx_word' id='word_1_145' title='bbox 1527 1869 1621 1909; x_wconf 91' lang='lat' dir='ltr'><strong>eos</strong></span> <span class='ocrx_word' id='word_1_146' title='bbox 1662 1855 2001 1924; x_wconf 75' lang='lat' dir='ltr'><strong>ptenituerit.</strong></span> 
     </span>
    </p>
   </div>
   <div class='ocr_carea' id='block_1_22' title="bbox 2102 664 3679 746">
    <p class='ocr_par' dir='ltr' id='par_1_22' title="bbox 2102 664 3679 746">
     <span class='ocr_line' id='line_1_22' title="bbox 2102 664 3679 746; baseline -0.004 -18"><span class='ocrx_word' id='word_1_147' title='bbox 2102 674 2305 746; x_wconf 78' lang='grc' dir='ltr'>ρίγιιον</span> <span class='ocrx_word' id='word_1_148' title='bbox 2340 670 2550 726; x_wconf 74' lang='grc' dir='ltr'>εἵλοντο</span> <span class='ocrx_word' id='word_1_149' title='bbox 2595 667 2783 731; x_wconf 84' lang='grc' dir='ltr'>τόπον,</span> <span class='ocrx_word' id='word_1_150' title='bbox 2820 665 2919 722; x_wconf 74' lang='grc' dir='ltr'>καὶ</span> <span class='ocrx_word' id='word_1_151' title='bbox 2944 665 3040 721; x_wconf 78' lang='grc' dir='ltr'>ἀπ’</span> <span class='ocrx_word' id='word_1_152' title='bbox 3072 664 3244 736; x_wconf 78' lang='grc' dir='ltr'>ἄκρου</span> <span class='ocrx_word' id='word_1_153' title='bbox 3287 666 3385 720; x_wconf 82' lang='grc' dir='ltr'>τοῦ</span> <span class='ocrx_word' id='word_1_154' title='bbox 3418 666 3679 740; x_wconf 71' lang='grc' dir='ltr'>οὐρανοῦ,</span> 
     </span>
    </p>
   </div>
   <div class='ocr_carea' id='block_1_23' title="bbox 2099 754 3677 832">
    <p class='ocr_par' dir='ltr' id='par_1_23' title="bbox 2099 754 3677 832">
     <span class='ocr_line' id='line_1_23' title="bbox 2099 754 3677 832; baseline -0.004 -12"><span class='ocrx_word' id='word_1_155' title='bbox 2099 767 2222 821; x_wconf 79' lang='grc' dir='ltr'>ὅθεν</span> <span class='ocrx_word' id='word_1_156' title='bbox 2247 765 2432 825; x_wconf 80' lang='grc' dir='ltr'>αὐτοῖς</span> <span class='ocrx_word' id='word_1_157' title='bbox 2462 763 2498 832; x_wconf 87' lang='grc' dir='ltr'><strong>ή</strong></span> <span class='ocrx_word' id='word_1_158' title='bbox 2534 758 2727 832; x_wconf 80' lang='grc' dir='ltr'><strong>πρώτη</strong></span> <span class='ocrx_word' id='word_1_159' title='bbox 2780 758 2972 828; x_wconf 78' lang='grc' dir='ltr'>γέγονε</span> <span class='ocrx_word' id='word_1_160' title='bbox 3025 758 3256 822; x_wconf 84' lang='grc' dir='ltr'>πτῶσις.</span> <span class='ocrx_word' id='word_1_161' title='bbox 3295 754 3433 814; x_wconf 80' lang='grc' dir='ltr'><strong>Εἷτά</strong></span> <span class='ocrx_word' id='word_1_162' title='bbox 3474 776 3677 830; x_wconf 67' lang='grc' dir='ltr'>φησιν*</span> 
     </span>
    </p>
   </div>
   <div class='ocr_carea' id='block_1_24' title="bbox 2096 852 3678 923">
    <p class='ocr_par' dir='ltr' id='par_1_24' title="bbox 2096 852 3678 923">
     <span class='ocr_line' id='line_1_24' title="bbox 2096 852 3678 923; baseline -0.004 -11"><span class='ocrx_word' id='word_1_163' title='bbox 2096 856 2484 920; x_wconf 67' lang='grc' dir='ltr'>Ὀλολύξατεο</span> <span class='ocrx_word' id='word_1_164' title='bbox 2528 854 2711 923; x_wconf 71' lang='grc' dir='ltr'><strong>ἐγγὺς</strong></span> <span class='ocrx_word' id='word_1_165' title='bbox 2758 853 2869 923; x_wconf 73' lang='grc' dir='ltr'><strong>γὰρ</strong></span> <span class='ocrx_word' id='word_1_166' title='bbox 2926 852 2965 919; x_wconf 76' lang='grc' dir='ltr'><strong>ἠ</strong></span> <span class='ocrx_word' id='word_1_167' title='bbox 3018 852 3211 921; x_wconf 71' lang='grc' dir='ltr'>ἡμέρα</span> <span class='ocrx_word' id='word_1_168' title='bbox 3260 852 3523 921; x_wconf 82' lang='grc' dir='ltr'><strong>Κυρίου·</strong></span> <span class='ocrx_word' id='word_1_169' title='bbox 3599 853 3678 916; x_wconf 84' lang='grc' dir='ltr'>ὡς</span> 
     </span>
    </p>
   </div>
   <div class='ocr_carea' id='block_1_25' title="bbox 2097 942 3675 1017">
    <p class='ocr_par' dir='ltr' id='par_1_25' title="bbox 2097 942 3675 1017">
     <span class='ocr_line' id='line_1_25' title="bbox 2097 942 3675 1017; baseline -0.005 -13"><span class='ocrx_word' id='word_1_170' title='bbox 2097 949 2311 1012; x_wconf 77' lang='grc' dir='ltr'>οὐδενὸς</span> <span class='ocrx_word' id='word_1_171' title='bbox 2358 946 2454 1000; x_wconf 81' lang='grc' dir='ltr'>τοῦ</span> <span class='ocrx_word' id='word_1_172' title='bbox 2501 946 2724 1017; x_wconf 80' lang='grc' dir='ltr'><strong>θρηνεῖν</strong></span> <span class='ocrx_word' id='word_1_173' title='bbox 2772 943 3238 1014; x_wconf 79' lang='grc' dir='ltr'>ὑπολελειμμένου</span> <span class='ocrx_word' id='word_1_174' title='bbox 3297 942 3675 1008; x_wconf 75' lang='grc' dir='ltr'>Βαϐυλωνίοις.</span> 
     </span>
    </p>
   </div>
   <div class='ocr_carea' id='block_1_26' title="bbox 2098 1034 3674 1107">
    <p class='ocr_par' dir='ltr' id='par_1_26' title="bbox 2098 1034 3674 1107">
     <span class='ocr_line' id='line_1_26' title="bbox 2098 1034 3674 1107; baseline -0.006 -11"><span class='ocrx_word' id='word_1_175' title='bbox 2098 1041 2237 1097; x_wconf 76' lang='grc' dir='ltr'><strong>Θετῦ</strong></span> <span class='ocrx_word' id='word_1_176' title='bbox 2267 1040 2324 1095; x_wconf 76' lang='grc' dir='ltr'>δὲ</span> <span class='ocrx_word' id='word_1_177' title='bbox 2363 1037 2747 1107; x_wconf 83' lang='grc' dir='ltr'>κατασείοντος</span> <span class='ocrx_word' id='word_1_178' title='bbox 2776 1038 2857 1101; x_wconf 87' lang='grc' dir='ltr'><strong>είς</strong></span> <span class='ocrx_word' id='word_1_179' title='bbox 2888 1035 3091 1090; x_wconf 84' lang='grc' dir='ltr'>δειλίαν</span> <span class='ocrx_word' id='word_1_180' title='bbox 3120 1035 3222 1099; x_wconf 84' lang='grc' dir='ltr'>τὰς</span> <span class='ocrx_word' id='word_1_181' title='bbox 3248 1034 3455 1088; x_wconf 81' lang='grc' dir='ltr'>τούτων</span> <span class='ocrx_word' id='word_1_182' title='bbox 3475 1035 3674 1105; x_wconf 81' lang='grc' dir='ltr'>ψυχὰς,</span> 
     </span>
    </p>
   </div>
   <div class='ocr_carea' id='block_1_27' title="bbox 2099 1122 3675 1201">
    <p class='ocr_par' dir='ltr' id='par_1_27' title="bbox 2099 1122 3675 1201">
     <span class='ocr_line' id='line_1_27' title="bbox 2099 1122 3675 1201; baseline -0.007 -13"><span class='ocrx_word' id='word_1_183' title='bbox 2099 1130 2269 1190; x_wconf 80' lang='grc' dir='ltr'>πᾶσα</span> <span class='ocrx_word' id='word_1_184' title='bbox 2298 1130 2426 1201; x_wconf 81' lang='grc' dir='ltr'>χεὶρ</span> <span class='ocrx_word' id='word_1_185' title='bbox 2449 1127 2879 1196; x_wconf 74' lang='grc' dir='ltr'>ὲκλυθήσεται,</span> <span class='ocrx_word' id='word_1_186' title='bbox 2919 1126 3017 1181; x_wconf 79' lang='grc' dir='ltr'><strong>καί</strong></span> <span class='ocrx_word' id='word_1_187' title='bbox 3050 1123 3221 1181; x_wconf 81' lang='grc' dir='ltr'>πᾶσα</span> <span class='ocrx_word' id='word_1_188' title='bbox 3250 1123 3426 1193; x_wconf 65' lang='grc' dir='ltr'><strong>ψυχὴ</strong></span> <span class='ocrx_word' id='word_1_189' title='bbox 3454 1122 3675 1191; x_wconf 76' lang='grc' dir='ltr'>ἀνθρώ-</span> 
     </span>
    </p>
   </div>
   <div class='ocr_carea' id='block_1_28' title="bbox 2099 1214 3674 1289">
    <p class='ocr_par' dir='ltr' id='par_1_28' title="bbox 2099 1214 3674 1289">
     <span class='ocr_line' id='line_1_28' title="bbox 2099 1214 3674 1289; baseline -0.007 -10"><span class='ocrx_word' id='word_1_190' title='bbox 2099 1238 2219 1279; x_wconf 77' lang='grc' dir='ltr'><strong>που</strong></span> <span class='ocrx_word' id='word_1_191' title='bbox 2238 1221 2549 1278; x_wconf 61' lang='lat' dir='ltr'><strong>(Saluiam.</strong></span> <span class='ocrx_word' id='word_1_192' title='bbox 2567 1220 2753 1274; x_wconf 81' lang='grc' dir='ltr'>Πάντα</span> <span class='ocrx_word' id='word_1_193' title='bbox 2781 1219 2892 1289; x_wconf 77' lang='grc' dir='ltr'>γὰρ</span> <span class='ocrx_word' id='word_1_194' title='bbox 2916 1217 3156 1287; x_wconf 86' lang='grc' dir='ltr'>ἀνόνητα</span> <span class='ocrx_word' id='word_1_195' title='bbox 3172 1216 3297 1269; x_wconf 80' lang='grc' dir='ltr'>τότε</span> <span class='ocrx_word' id='word_1_196' title='bbox 3329 1215 3463 1287; x_wconf 76' lang='grc' dir='ltr'>πρὸς</span> <span class='ocrx_word' id='word_1_197' title='bbox 3495 1214 3674 1269; x_wconf 84' lang='grc' dir='ltr'>κώλυ-</span> 
     </span>
    </p>
   </div>
   <div class='ocr_carea' id='block_1_29' title="bbox 2105 1305 3677 1385">
    <p class='ocr_par' dir='ltr' id='par_1_29' title="bbox 2105 1305 3677 1385">
     <span class='ocr_line' id='line_1_29' title="bbox 2105 1305 3677 1385; baseline -0.005 -19"><span class='ocrx_word' id='word_1_198' title='bbox 2105 1331 2203 1385; x_wconf 88' lang='grc' dir='ltr'>μα.</span> <span class='ocrx_word' id='word_1_199' title='bbox 2232 1312 2345 1383; x_wconf 80' lang='grc' dir='ltr'><strong>Τὴν</strong></span> <span class='ocrx_word' id='word_1_200' title='bbox 2385 1312 2494 1383; x_wconf 83' lang='grc' dir='ltr'>γὰρ</span> <span class='ocrx_word' id='word_1_201' title='bbox 2520 1312 2678 1381; x_wconf 80' lang='grc' dir='ltr'>χεῖρα</span> <span class='ocrx_word' id='word_1_202' title='bbox 2702 1310 2804 1381; x_wconf 75' lang='grc' dir='ltr'>τὴν</span> <span class='ocrx_word' id='word_1_203' title='bbox 2827 1307 3044 1379; x_wconf 76' lang='grc' dir='ltr'>ὑψηλήν</span> <span class='ocrx_word' id='word_1_204' title='bbox 3072 1324 3159 1370; x_wconf 86' lang='grc' dir='ltr'><strong>τις</strong></span> <span class='ocrx_word' id='word_1_205' title='bbox 3183 1305 3516 1378; x_wconf 77' lang='grc' dir='ltr'><strong>ἀποστρέψει</strong></span> <span class='ocrx_word' id='word_1_206' title='bbox 3538 1325 3554 1375; x_wconf 84' lang='grc'><strong>;</strong></span> <span class='ocrx_word' id='word_1_207' title='bbox 3573 1323 3677 1359; x_wconf 89' lang='grc' dir='ltr'>κα-</span> 
     </span>
    </p>
   </div>
   <div class='ocr_carea' id='block_1_30' title="bbox 2099 1396 3680 1475">
    <p class='ocr_par' dir='ltr' id='par_1_30' title="bbox 2099 1396 3680 1475">
     <span class='ocr_line' id='line_1_30' title="bbox 2099 1396 3680 1475; baseline -0.007 -14"><span class='ocrx_word' id='word_1_208' title='bbox 2099 1406 2172 1461; x_wconf 88' lang='grc' dir='ltr'><strong>τά</strong></span> <span class='ocrx_word' id='word_1_209' title='bbox 2199 1405 2260 1459; x_wconf 84' lang='grc' dir='ltr'><strong>τὺ</strong></span> <span class='ocrx_word' id='word_1_210' title='bbox 2290 1402 2701 1475; x_wconf 82' lang='grc' dir='ltr'>γεγραμμένον,</span> <span class='ocrx_word' id='word_1_211' title='bbox 2747 1400 2846 1454; x_wconf 77' lang='grc' dir='ltr'>καὶ</span> <span class='ocrx_word' id='word_1_212' title='bbox 2877 1398 3054 1459; x_wconf 75' lang='grc' dir='ltr'>ἄλλως</span> <span class='ocrx_word' id='word_1_213' title='bbox 3090 1397 3170 1460; x_wconf 66' lang='grc' dir='ltr'>δὲ,</span> <span class='ocrx_word' id='word_1_214' title='bbox 3201 1397 3341 1468; x_wconf 75' lang='grc' dir='ltr'>πρὸς</span> <span class='ocrx_word' id='word_1_215' title='bbox 3376 1396 3475 1467; x_wconf 76' lang='grc' dir='ltr'>τὴν</span> <span class='ocrx_word' id='word_1_216' title='bbox 3517 1400 3680 1450; x_wconf 76' lang='grc' dir='ltr'>ἀπει-</span> 
     </span>
    </p>
   </div>
   <div class='ocr_carea' id='block_1_31' title="bbox 2098 1488 3677 1573">
    <p class='ocr_par' dir='ltr' id='par_1_31' title="bbox 2098 1488 3677 1573">
     <span class='ocr_line' id='line_1_31' title="bbox 2098 1488 3677 1573; baseline -0.008 -20"><span class='ocrx_word' id='word_1_217' title='bbox 2098 1499 2199 1570; x_wconf 83' lang='grc' dir='ltr'>λὴν</span> <span class='ocrx_word' id='word_1_218' title='bbox 2227 1496 2323 1551; x_wconf 79' lang='grc' dir='ltr'>τοῦ</span> <span class='ocrx_word' id='word_1_219' title='bbox 2350 1495 2519 1560; x_wconf 79' lang='grc' dir='ltr'>Θεοῦ,</span> <span class='ocrx_word' id='word_1_220' title='bbox 2565 1495 2663 1573; x_wconf 74' lang='grc' dir='ltr'>τὴν</span> <span class='ocrx_word' id='word_1_221' title='bbox 2706 1493 2795 1548; x_wconf 87' lang='grc' dir='ltr'><strong>διά</strong></span> <span class='ocrx_word' id='word_1_222' title='bbox 2823 1491 2943 1547; x_wconf 79' lang='grc' dir='ltr'><strong>τῶν</strong></span> <span class='ocrx_word' id='word_1_223' title='bbox 2970 1488 3364 1559; x_wconf 67' lang='grc' dir='ltr'>ὁπλομάχων,</span> <span class='ocrx_word' id='word_1_224' title='bbox 3409 1490 3677 1558; x_wconf 54' lang='lat' dir='ltr'><strong>elatura</strong></span> 
     </span>
    </p>
   </div>
   <div class='ocr_carea' id='block_1_32' title="bbox 2097 1573 3682 1662">
    <p class='ocr_par' dir='ltr' id='par_1_32' title="bbox 2097 1573 3682 1662">
     <span class='ocr_line' id='line_1_32' title="bbox 2097 1573 3682 1662; baseline -0.009 -16"><span class='ocrx_word' id='word_1_225' title='bbox 2097 1591 2213 1662; x_wconf 78' lang='grc' dir='ltr'>μύς</span> <span class='ocrx_word' id='word_1_226' title='bbox 2247 1590 2341 1645; x_wconf 78' lang='grc' dir='ltr'>καὶ</span> <span class='ocrx_word' id='word_1_227' title='bbox 2386 1588 2582 1659; x_wconf 80' lang='grc' dir='ltr'>θρῆνος</span> <span class='ocrx_word' id='word_1_228' title='bbox 2600 1581 3106 1656; x_wconf 65' lang='grc' dir='ltr'>προστέτακται,δι’</span> <span class='ocrx_word' id='word_1_229' title='bbox 3124 1573 3199 1634; x_wconf 79' lang='grc' dir='ltr'>ὧν</span> <span class='ocrx_word' id='word_1_230' title='bbox 3218 1580 3335 1635; x_wconf 71' lang='grc' dir='ltr'>εστι</span> <span class='ocrx_word' id='word_1_231' title='bbox 3358 1578 3682 1649; x_wconf 78' lang='grc' dir='ltr'><strong>δυσωπῆσαι</strong></span> 
     </span>
    </p>
   </div>
   <div class='ocr_carea' id='block_1_33' title="bbox 2101 1668 3682 1749">
    <p class='ocr_par' dir='ltr' id='par_1_33' title="bbox 2101 1668 3682 1749">
     <span class='ocr_line' id='line_1_33' title="bbox 2101 1668 3682 1749; baseline -0.009 -14"><span class='ocrx_word' id='word_1_232' title='bbox 2101 1681 2234 1736; x_wconf 86' lang='grc' dir='ltr'><strong>Θεὸν</strong></span> <span class='ocrx_word' id='word_1_233' title='bbox 2258 1696 2272 1710; x_wconf 76' lang='grc'><em>’</em></span> <span class='ocrx_word' id='word_1_234' title='bbox 2306 1677 2687 1749; x_wconf 77' lang='grc' dir='ltr'>φιλάνθρωπος</span> <span class='ocrx_word' id='word_1_235' title='bbox 2717 1674 2825 1746; x_wconf 83' lang='grc' dir='ltr'><strong>γὰρ</strong></span> <span class='ocrx_word' id='word_1_236' title='bbox 2855 1673 2930 1727; x_wconf 81' lang='grc' dir='ltr'>ὢν</span> <span class='ocrx_word' id='word_1_237' title='bbox 2972 1670 3206 1735; x_wconf 83' lang='grc' dir='ltr'>ἀπειλεῖ,</span> <span class='ocrx_word' id='word_1_238' title='bbox 3251 1669 3343 1723; x_wconf 74' lang='grc' dir='ltr'>καὶ</span> <span class='ocrx_word' id='word_1_239' title='bbox 3372 1668 3480 1723; x_wconf 81' lang='grc' dir='ltr'><strong>τῶν</strong></span> <span class='ocrx_word' id='word_1_240' title='bbox 3513 1684 3682 1737; x_wconf 57' lang='grc' dir='ltr'>μετα-</span> 
     </span>
    </p>
   </div>
   <div class='ocr_carea' id='block_1_34' title="bbox 2102 1757 3681 1839">
    <p class='ocr_par' dir='ltr' id='par_1_34' title="bbox 2102 1757 3681 1839">
     <span class='ocr_line' id='line_1_34' title="bbox 2102 1757 3681 1839; baseline -0.012 -12"><span class='ocrx_word' id='word_1_241' title='bbox 2102 1772 2369 1827; x_wconf 82' lang='grc' dir='ltr'>νοούντων</span> <span class='ocrx_word' id='word_1_242' title='bbox 2398 1766 2735 1839; x_wconf 73' lang='grc' dir='ltr'><strong>ἀποστρέφει</strong></span> <span class='ocrx_word' id='word_1_243' title='bbox 2764 1765 2864 1836; x_wconf 80' lang='grc' dir='ltr'>τὴν</span> <span class='ocrx_word' id='word_1_244' title='bbox 2893 1763 3144 1833; x_wconf 83' lang='grc' dir='ltr'>ἀπειλήν.</span> <span class='ocrx_word' id='word_1_245' title='bbox 3175 1761 3238 1814; x_wconf 88' lang='grc' dir='ltr'>Εί</span> <span class='ocrx_word' id='word_1_246' title='bbox 3272 1760 3346 1831; x_wconf 80' lang='grc' dir='ltr'><strong>μὴ</strong></span> <span class='ocrx_word' id='word_1_247' title='bbox 3379 1759 3487 1829; x_wconf 71' lang='grc' dir='ltr'>γὰρ</span> <span class='ocrx_word' id='word_1_248' title='bbox 3515 1757 3681 1827; x_wconf 48' lang='lat'><strong>+506-</strong></span> 
     </span>
    </p>
   </div>
   <div class='ocr_carea' id='block_1_35' title="bbox 2100 1844 3683 1929">
    <p class='ocr_par' dir='ltr' id='par_1_35' title="bbox 2100 1844 3683 1929">
     <span class='ocr_line' id='line_1_35' title="bbox 2100 1844 3683 1929; baseline -0.009 -13"><span class='ocrx_word' id='word_1_249' title='bbox 2100 1869 2226 1916; x_wconf 79' lang='grc' dir='ltr'>λετο</span> <span class='ocrx_word' id='word_1_250' title='bbox 2249 1859 2344 1914; x_wconf 82' lang='grc' dir='ltr'>τοῦ</span> <span class='ocrx_word' id='word_1_251' title='bbox 2382 1856 2712 1929; x_wconf 82' lang='grc' dir='ltr'>ἀμαρτωλοῦ</span> <span class='ocrx_word' id='word_1_252' title='bbox 2756 1854 2857 1926; x_wconf 80' lang='grc' dir='ltr'>τὴν</span> <span class='ocrx_word' id='word_1_253' title='bbox 2892 1853 3202 1925; x_wconf 82' lang='grc' dir='ltr'>μετάνοιαν,</span> <span class='ocrx_word' id='word_1_254' title='bbox 3234 1850 3288 1904; x_wconf 85' lang='grc' dir='ltr'><strong>τί</strong></span> <span class='ocrx_word' id='word_1_255' title='bbox 3320 1850 3416 1918; x_wconf 77' lang='grc' dir='ltr'>τὴν</span> <span class='ocrx_word' id='word_1_256' title='bbox 3453 1844 3683 1914; x_wconf 77' lang='grc' dir='ltr'>ἀπειλὴν</span> 
     </span>
    </p>
   </div>
   <div class='ocr_carea' id='block_1_36' title="bbox 424 1923 2008 2019">
    <p class='ocr_par' dir='ltr' id='par_1_36' title="bbox 424 1939 2004 2011">
     <span class='ocr_line' id='line_1_36' title="bbox 424 1939 2004 2011; baseline -0.001 -9"><span class='ocrx_word' id='word_1_257' title='bbox 424 1939 599 2002; x_wconf 77' lang='lat' dir='ltr'><strong>minas</strong></span> <span class='ocrx_word' id='word_1_258' title='bbox 644 1956 909 2001; x_wconf 81' lang='lat' dir='ltr'><strong>avertere.</strong></span> <span class='ocrx_word' id='word_1_259' title='bbox 966 1946 1072 2011; x_wconf 86' lang='lat' dir='ltr'><strong>Qui</strong></span> <span class='ocrx_word' id='word_1_260' title='bbox 1118 1947 1265 1999; x_wconf 89' lang='lat' dir='ltr'><strong>enim</strong></span> <span class='ocrx_word' id='word_1_261' title='bbox 1320 1945 1579 2000; x_wconf 85' lang='lat' dir='ltr'><strong>Ninivitis</strong></span> <span class='ocrx_word' id='word_1_262' title='bbox 1603 1946 1886 2000; x_wconf 88' lang='lat' dir='ltr'><strong>interitum</strong></span> <span class='ocrx_word' id='word_1_263' title='bbox 1910 1946 2004 2000; x_wconf 83' lang='lat' dir='ltr'><strong>de—</strong></span> 
     </span>
    </p>
   </div>
   <div class='ocr_carea' id='block_1_37' title="bbox 2109 1923 3682 2019">
    <p class='ocr_par' dir='ltr' id='par_1_37' title="bbox 2109 1923 3682 2019">
     <span class='ocr_line' id='line_1_37' title="bbox 2109 1923 3682 2019; baseline -0.011 -11"><span class='ocrx_word' id='word_1_264' title='bbox 2109 1956 2219 2018; x_wconf 81' lang='grc' dir='ltr'><strong>τοῖς</strong></span> <span class='ocrx_word' id='word_1_265' title='bbox 2251 1923 2562 2013; x_wconf 70' lang='grc' dir='ltr'>Νινευίταις</span> <span class='ocrx_word' id='word_1_266' title='bbox 2602 1923 2903 2019; x_wconf 74' lang='grc' dir='ltr'>ἐκήρυττεν</span> <span class='ocrx_word' id='word_1_267' title='bbox 2920 1963 2938 2011; x_wconf 84' lang='grc'><strong><em>;</em></strong></span> <span class='ocrx_word' id='word_1_268' title='bbox 2968 1945 3099 2015; x_wconf 84' lang='grc' dir='ltr'>παρ’</span> <span class='ocrx_word' id='word_1_269' title='bbox 3128 1941 3295 1996; x_wconf 75' lang='grc' dir='ltr'>αὑτοῦ</span> <span class='ocrx_word' id='word_1_270' title='bbox 3326 1940 3433 2011; x_wconf 77' lang='grc' dir='ltr'>γὰρ</span> <span class='ocrx_word' id='word_1_271' title='bbox 3466 1941 3505 2008; x_wconf 74' lang='grc' dir='ltr'><strong><em>ἡ</em></strong></span> <span class='ocrx_word' id='word_1_272' title='bbox 3529 1954 3682 1993; x_wconf 73' lang='grc' dir='ltr'>συν-</span> 
     </span>
    </p>
   </div>
   <div class='ocr_carea' id='block_1_38' title="bbox 423 2037 2001 2108">
    <p class='ocr_par' dir='ltr' id='par_1_38' title="bbox 423 2037 2001 2108">
     <span class='ocr_line' id='line_1_38' title="bbox 423 2037 2001 2108; baseline -0.003 -14"><span class='ocrx_word' id='word_1_273' title='bbox 423 2040 757 2103; x_wconf 88' lang='lat' dir='ltr'><strong>uuutiasset,</strong></span> <span class='ocrx_word' id='word_1_274' title='bbox 804 2039 851 2093; x_wconf 92' lang='lat' dir='ltr'><strong>si</strong></span> <span class='ocrx_word' id='word_1_275' title='bbox 897 2039 1225 2108; x_wconf 72' lang='lat' dir='ltr'><strong>pmnitentes</strong></span> <span class='ocrx_word' id='word_1_276' title='bbox 1275 2038 1519 2092; x_wconf 85' lang='lat' dir='ltr'><strong>odisset?</strong></span> <span class='ocrx_word' id='word_1_277' title='bbox 1555 2037 1638 2091; x_wconf 78' lang='lat' dir='ltr'><strong>Ab</strong></span> <span class='ocrx_word' id='word_1_278' title='bbox 1673 2037 1795 2106; x_wconf 92' lang='lat' dir='ltr'><strong>ipso</strong></span> <span class='ocrx_word' id='word_1_279' title='bbox 1855 2038 2001 2092; x_wconf 89' lang='lat' dir='ltr'><strong>enim</strong></span> 
     </span>
    </p>
   </div>
   <div class='ocr_carea' id='block_1_39' title="bbox 424 2129 2000 2200">
    <p class='ocr_par' dir='ltr' id='par_1_39' title="bbox 424 2129 2000 2200">
     <span class='ocr_line' id='line_1_39' title="bbox 424 2129 2000 2200; baseline -0.001 -13"><span class='ocrx_word' id='word_1_280' title='bbox 424 2132 699 2197; x_wconf 76' lang='lat' dir='ltr'><strong>contritio,</strong></span> <span class='ocrx_word' id='word_1_281' title='bbox 737 2131 830 2200; x_wconf 88' lang='lat' dir='ltr'><strong>qui</strong></span> <span class='ocrx_word' id='word_1_282' title='bbox 864 2129 1101 2197; x_wconf 89' lang='lat' dir='ltr'><strong>perdidit</strong></span> <span class='ocrx_word' id='word_1_283' title='bbox 1132 2145 1254 2199; x_wconf 71' lang='lat' dir='ltr'><strong>qua:</strong></span> <span class='ocrx_word' id='word_1_284' title='bbox 1278 2129 1596 2184; x_wconf 78' lang='lat' dir='ltr'><strong>contritione</strong></span> <span class='ocrx_word' id='word_1_285' title='bbox 1630 2129 1797 2199; x_wconf 87' lang='lat' dir='ltr'><strong>digna</strong></span> <span class='ocrx_word' id='word_1_286' title='bbox 1826 2138 1953 2184; x_wconf 86' lang='lat' dir='ltr'><strong>sunt</strong></span> <span class='ocrx_word' id='word_1_287' title='bbox 1986 2147 2000 2185; x_wconf 88' lang='lat'><strong>:</strong></span> 
     </span>
    </p>
   </div>
   <div class='ocr_carea' id='block_1_40' title="bbox 426 2217 2003 2287">
    <p class='ocr_par' dir='ltr' id='par_1_40' title="bbox 426 2217 2003 2287">
     <span class='ocr_line' id='line_1_40' title="bbox 426 2217 2003 2287; baseline -0.001 -14"><span class='ocrx_word' id='word_1_288' title='bbox 426 2226 486 2273; x_wconf 91' lang='lat' dir='ltr'><strong>ut</strong></span> <span class='ocrx_word' id='word_1_289' title='bbox 522 2218 780 2272; x_wconf 83' lang='lat' dir='ltr'><strong>Satanam</strong></span> <span class='ocrx_word' id='word_1_290' title='bbox 806 2217 910 2272; x_wconf 88' lang='lat' dir='ltr'><strong>sub</strong></span> <span class='ocrx_word' id='word_1_291' title='bbox 944 2217 1176 2283; x_wconf 88' lang='lat' dir='ltr'><strong>pedibus</strong></span> <span class='ocrx_word' id='word_1_292' title='bbox 1196 2217 1356 2287; x_wconf 78' lang='lat' dir='ltr'><strong>justi.</strong></span> <span class='ocrx_word' id='word_1_293' title='bbox 1390 2226 1449 2271; x_wconf 91' lang='lat' dir='ltr'><strong>ut</strong></span> <span class='ocrx_word' id='word_1_294' title='bbox 1514 2218 1679 2283; x_wconf 88' lang='lat' dir='ltr'><strong>bella,</strong></span> <span class='ocrx_word' id='word_1_295' title='bbox 1714 2224 1775 2272; x_wconf 88' lang='lat' dir='ltr'><strong>ut</strong></span> <span class='ocrx_word' id='word_1_296' title='bbox 1799 2217 2003 2273; x_wconf 85' lang='lat' dir='ltr'><strong>cedros</strong></span> 
     </span>
    </p>
   </div>
   <div class='ocr_carea' id='block_1_41' title="bbox 429 2309 2003 2381">
    <p class='ocr_par' dir='ltr' id='par_1_41' title="bbox 429 2309 2003 2381">
     <span class='ocr_line' id='line_1_41' title="bbox 429 2309 2003 2381; baseline 0 -18"><span class='ocrx_word' id='word_1_297' title='bbox 429 2309 646 2374; x_wconf 83' lang='lat' dir='ltr'><strong>Libani,</strong></span> <span class='ocrx_word' id='word_1_298' title='bbox 690 2310 740 2363; x_wconf 88' lang='lat' dir='ltr'><strong>id</strong></span> <span class='ocrx_word' id='word_1_299' title='bbox 770 2317 856 2364; x_wconf 87' lang='lat' dir='ltr'><strong>est</strong></span> <span class='ocrx_word' id='word_1_300' title='bbox 903 2310 1197 2378; x_wconf 89' lang='lat' dir='ltr'><strong>superbos,</strong></span> <span class='ocrx_word' id='word_1_301' title='bbox 1247 2318 1304 2364; x_wconf 92' lang='lat' dir='ltr'><strong>et</strong></span> <span class='ocrx_word' id='word_1_302' title='bbox 1351 2309 1572 2364; x_wconf 87' lang='lat' dir='ltr'><strong>veritati</strong></span> <span class='ocrx_word' id='word_1_303' title='bbox 1630 2309 2003 2381; x_wconf 76' lang='lat' dir='ltr'><strong>insurgentes,</strong></span> 
     </span>
    </p>
   </div>
   <div class='ocr_carea' id='block_1_42' title="bbox 427 2399 2006 2468">
    <p class='ocr_par' dir='ltr' id='par_1_42' title="bbox 427 2399 2006 2468">
     <span class='ocr_line' id='line_1_42' title="bbox 427 2399 2006 2468; baseline 0.001 -11"><span class='ocrx_word' id='word_1_304' title='bbox 427 2410 714 2457; x_wconf 81' lang='lat' dir='ltr'><strong>conterere</strong></span> <span class='ocrx_word' id='word_1_305' title='bbox 746 2399 1037 2454; x_wconf 91' lang='lat' dir='ltr'><strong>Dominum</strong></span> <span class='ocrx_word' id='word_1_306' title='bbox 1091 2401 1327 2468; x_wconf 82' lang='lat' dir='ltr'><strong>legimus</strong></span> <span class='ocrx_word' id='word_1_307' title='bbox 1353 2401 1422 2454; x_wconf 81' lang='grc'><strong>⁸⁷.</strong></span> <span class='ocrx_word' id='word_1_308' title='bbox 1480 2401 1644 2457; x_wconf 86' lang='lat' dir='ltr'><strong>Decet</strong></span> <span class='ocrx_word' id='word_1_309' title='bbox 1676 2413 1857 2457; x_wconf 90' lang='lat' dir='ltr'><strong>autem</strong></span> <span class='ocrx_word' id='word_1_310' title='bbox 1886 2418 2006 2465; x_wconf 86' lang='lat' dir='ltr'><strong>eos,</strong></span> 
     </span>
    </p>
   </div>
   <div class='ocr_carea' id='block_1_43' title="bbox 426 2490 2007 2564">
    <p class='ocr_par' dir='ltr' id='par_1_43' title="bbox 426 2490 2007 2564">
     <span class='ocr_line' id='line_1_43' title="bbox 426 2490 2007 2564; baseline 0.001 -17"><span class='ocrx_word' id='word_1_311' title='bbox 426 2495 521 2563; x_wconf 93' lang='lat' dir='ltr'><strong>qui</strong></span> <span class='ocrx_word' id='word_1_312' title='bbox 550 2492 643 2548; x_wconf 87' lang='lat' dir='ltr'><strong>Dei</strong></span> <span class='ocrx_word' id='word_1_313' title='bbox 675 2493 1049 2546; x_wconf 83' lang='lat' dir='ltr'><strong>contritionem</strong></span> <span class='ocrx_word' id='word_1_314' title='bbox 1081 2490 1323 2562; x_wconf 78' lang='lat' dir='ltr'><strong>effugere</strong></span> <span class='ocrx_word' id='word_1_315' title='bbox 1384 2495 1632 2562; x_wconf 88' lang='lat' dir='ltr'><strong>cupiant,</strong></span> <span class='ocrx_word' id='word_1_316' title='bbox 1661 2510 1823 2549; x_wconf 88' lang='lat' dir='ltr'><strong>suum</strong></span> <span class='ocrx_word' id='word_1_317' title='bbox 1855 2494 2007 2564; x_wconf 87' lang='lat' dir='ltr'><strong>ipsos</strong></span> 
     </span>
    </p>
   </div>
   <div class='ocr_carea' id='block_1_44' title="bbox 428 2581 2008 2650">
    <p class='ocr_par' dir='ltr' id='par_1_44' title="bbox 428 2581 2008 2650">
     <span class='ocr_line' id='line_1_44' title="bbox 428 2581 2008 2650; baseline 0 -14"><span class='ocrx_word' id='word_1_318' title='bbox 428 2598 524 2637; x_wconf 89' lang='lat' dir='ltr'><strong>cor</strong></span> <span class='ocrx_word' id='word_1_319' title='bbox 543 2583 747 2636; x_wconf 84' lang='lat' dir='ltr'><strong>elatum</strong></span> <span class='ocrx_word' id='word_1_320' title='bbox 782 2581 1165 2650; x_wconf 88' lang='lat' dir='ltr'><strong>tumidumque</strong></span> <span class='ocrx_word' id='word_1_321' title='bbox 1190 2592 1476 2645; x_wconf 80' lang='lat' dir='ltr'><strong>conterere,</strong></span> <span class='ocrx_word' id='word_1_322' title='bbox 1514 2593 1572 2636; x_wconf 92' lang='lat' dir='ltr'><strong>ut</strong></span> <span class='ocrx_word' id='word_1_323' title='bbox 1603 2583 1869 2637; x_wconf 90' lang='lat' dir='ltr'><strong>sacriﬁcii</strong></span> <span class='ocrx_word' id='word_1_324' title='bbox 1930 2585 2008 2637; x_wconf 84' lang='lat' dir='ltr'><strong>vi-</strong></span> 
     </span>
    </p>
   </div>
   <div class='ocr_carea' id='block_1_45' title="bbox 426 2672 2008 2745">
    <p class='ocr_par' dir='ltr' id='par_1_45' title="bbox 426 2672 2008 2745">
     <span class='ocr_line' id='line_1_45' title="bbox 426 2672 2008 2745; baseline 0.001 -18"><span class='ocrx_word' id='word_1_325' title='bbox 426 2687 549 2727; x_wconf 86' lang='lat' dir='ltr'><strong>cem</strong></span> <span class='ocrx_word' id='word_1_326' title='bbox 582 2674 756 2742; x_wconf 80' lang='lat' dir='ltr'><strong>ipsius</strong></span> <span class='ocrx_word' id='word_1_327' title='bbox 792 2680 946 2742; x_wconf 82' lang='lat' dir='ltr'><strong>gerat</strong></span> <span class='ocrx_word' id='word_1_328' title='bbox 977 2672 1282 2727; x_wconf 83' lang='lat' dir='ltr'><strong>ltnmilitas.</strong></span> <span class='ocrx_word' id='word_1_329' title='bbox 1308 2672 1403 2727; x_wconf 83' lang='lat' dir='ltr'><strong>Est</strong></span> <span class='ocrx_word' id='word_1_330' title='bbox 1427 2673 1600 2740; x_wconf 88' lang='lat' dir='ltr'><strong>enim,</strong></span> <span class='ocrx_word' id='word_1_331' title='bbox 1652 2674 1698 2729; x_wconf 89' lang='lat' dir='ltr'><strong>si</strong></span> <span class='ocrx_word' id='word_1_332' title='bbox 1730 2690 1856 2728; x_wconf 89' lang='lat' dir='ltr'><strong>cum</strong></span> <span class='ocrx_word' id='word_1_333' title='bbox 1888 2689 2008 2745; x_wconf 70' lang='lat' dir='ltr'><strong>pm-</strong></span> 
     </span>
    </p>
   </div>
   <div class='ocr_carea' id='block_1_46' title="bbox 429 2762 2011 2833">
    <p class='ocr_par' dir='ltr' id='par_1_46' title="bbox 429 2762 2011 2833">
     <span class='ocr_line' id='line_1_46' title="bbox 429 2762 2011 2833; baseline 0.002 -16"><span class='ocrx_word' id='word_1_334' title='bbox 429 2778 532 2817; x_wconf 88' lang='lat' dir='ltr'><strong>nas</strong></span> <span class='ocrx_word' id='word_1_335' title='bbox 560 2764 812 2833; x_wconf 90' lang='lat' dir='ltr'><strong>exigente</strong></span> <span class='ocrx_word' id='word_1_336' title='bbox 830 2762 939 2819; x_wconf 91' lang='lat' dir='ltr'><strong>Deo</strong></span> <span class='ocrx_word' id='word_1_337' title='bbox 976 2762 1319 2827; x_wconf 86' lang='lat' dir='ltr'><strong>conferatur,</strong></span> <span class='ocrx_word' id='word_1_338' title='bbox 1382 2766 1553 2819; x_wconf 85' lang='lat' dir='ltr'><strong>omnis</strong></span> <span class='ocrx_word' id='word_1_339' title='bbox 1590 2765 1862 2821; x_wconf 85' lang='lat' dir='ltr'><strong>imbecilla</strong></span> <span class='ocrx_word' id='word_1_340' title='bbox 1902 2784 2011 2820; x_wconf 86' lang='lat' dir='ltr'><strong>ma-</strong></span> 
     </span>
    </p>
   </div>
   <div class='ocr_carea' id='block_1_47' title="bbox 429 2854 2007 2925">
    <p class='ocr_par' dir='ltr' id='par_1_47' title="bbox 429 2854 2007 2925">
     <span class='ocr_line' id='line_1_47' title="bbox 429 2854 2007 2925; baseline 0.002 -15"><span class='ocrx_word' id='word_1_341' title='bbox 429 2871 550 2919; x_wconf 80' lang='lat' dir='ltr'><strong>nus,</strong></span> <span class='ocrx_word' id='word_1_342' title='bbox 580 2864 629 2909; x_wconf 84' lang='lat' dir='ltr'><strong>et</strong></span> <span class='ocrx_word' id='word_1_343' title='bbox 650 2856 822 2909; x_wconf 83' lang='lat' dir='ltr'><strong>omnis</strong></span> <span class='ocrx_word' id='word_1_344' title='bbox 860 2856 1055 2909; x_wconf 77' lang='lat' dir='ltr'><strong>timida</strong></span> <span class='ocrx_word' id='word_1_345' title='bbox 1095 2856 1301 2910; x_wconf 85' lang='lat' dir='ltr'><strong>anima.</strong></span> <span class='ocrx_word' id='word_1_346' title='bbox 1346 2854 1457 2913; x_wconf 85' lang='lat' dir='ltr'><strong>Nec</strong></span> <span class='ocrx_word' id='word_1_347' title='bbox 1504 2873 1654 2922; x_wconf 86' lang='lat' dir='ltr'><strong>vero,</strong></span> <span class='ocrx_word' id='word_1_348' title='bbox 1689 2859 1865 2925; x_wconf 89' lang='lat' dir='ltr'><strong>aiunt,</strong></span> <span class='ocrx_word' id='word_1_349' title='bbox 1909 2862 2007 2913; x_wconf 88' lang='lat' dir='ltr'><strong>im-</strong></span> 
     </span>
    </p>
   </div>
   <div class='ocr_carea' id='block_1_48' title="bbox 431 2948 2014 3018">
    <p class='ocr_par' dir='ltr' id='par_1_48' title="bbox 431 2948 2014 3018">
     <span class='ocr_line' id='line_1_48' title="bbox 431 2948 2014 3018; baseline 0.002 -14"><span class='ocrx_word' id='word_1_350' title='bbox 431 2950 630 3005; x_wconf 88' lang='lat' dir='ltr'><strong>merito</strong></span> <span class='ocrx_word' id='word_1_351' title='bbox 655 2948 889 3002; x_wconf 77' lang='lat' dir='ltr'><strong>hominis</strong></span> <span class='ocrx_word' id='word_1_352' title='bbox 918 2948 1195 3018; x_wconf 86' lang='lat' dir='ltr'><strong>adjectum</strong></span> <span class='ocrx_word' id='word_1_353' title='bbox 1249 2959 1334 3005; x_wconf 87' lang='lat' dir='ltr'><strong>est</strong></span> <span class='ocrx_word' id='word_1_354' title='bbox 1377 2952 1739 3017; x_wconf 84' lang='lat' dir='ltr'><strong>vocabulum;</strong></span> <span class='ocrx_word' id='word_1_355' title='bbox 1773 2967 1897 3006; x_wconf 85' lang='lat' dir='ltr'><strong>cum</strong></span> <span class='ocrx_word' id='word_1_356' title='bbox 1940 2953 2014 3008; x_wconf 85' lang='lat' dir='ltr'><strong>sit</strong></span> 
     </span>
    </p>
   </div>
   <div class='ocr_carea' id='block_1_49' title="bbox 429 3035 2011 3107">
    <p class='ocr_par' dir='ltr' id='par_1_49' title="bbox 429 3035 2011 3107">
     <span class='ocr_line' id='line_1_49' title="bbox 429 3035 2011 3107; baseline 0.002 -16"><span class='ocrx_word' id='word_1_357' title='bbox 429 3035 546 3099; x_wconf 89' lang='lat' dir='ltr'><strong>illa,</strong></span> <span class='ocrx_word' id='word_1_358' title='bbox 572 3052 694 3105; x_wconf 79' lang='lat' dir='ltr'><strong>qua:</strong></span> <span class='ocrx_word' id='word_1_359' title='bbox 724 3036 1041 3106; x_wconf 73' lang='lat' dir='ltr'><strong>angelorum</strong></span> <span class='ocrx_word' id='word_1_360' title='bbox 1074 3044 1161 3091; x_wconf 91' lang='lat' dir='ltr'><strong>est</strong></span> <span class='ocrx_word' id='word_1_361' title='bbox 1193 3036 1474 3091; x_wconf 87' lang='lat' dir='ltr'><strong>timiditati</strong></span> <span class='ocrx_word' id='word_1_362' title='bbox 1510 3038 1732 3092; x_wconf 88' lang='lat' dir='ltr'><strong>minime</strong></span> <span class='ocrx_word' id='word_1_363' title='bbox 1749 3038 2011 3107; x_wconf 76' lang='lat' dir='ltr'><strong>obnoxia;</strong></span> 
     </span>
    </p>
   </div>
   <div class='ocr_carea' id='block_1_50' title="bbox 429 3131 2013 3202">
    <p class='ocr_par' dir='ltr' id='par_1_50' title="bbox 429 3131 2013 3202">
     <span class='ocr_line' id='line_1_50' title="bbox 429 3131 2013 3202; baseline 0.002 -17"><span class='ocrx_word' id='word_1_364' title='bbox 429 3139 647 3197; x_wconf 88' lang='lat' dir='ltr'><strong>contra,</strong></span> <span class='ocrx_word' id='word_1_365' title='bbox 699 3146 819 3200; x_wconf 64' lang='lat' dir='ltr'><strong>quae</strong></span> <span class='ocrx_word' id='word_1_366' title='bbox 876 3131 1193 3196; x_wconf 85' lang='lat' dir='ltr'><strong>brutorum;</strong></span> <span class='ocrx_word' id='word_1_367' title='bbox 1246 3146 1413 3201; x_wconf 88' lang='lat' dir='ltr'><strong>quam</strong></span> <span class='ocrx_word' id='word_1_368' title='bbox 1458 3146 1657 3202; x_wconf 86' lang='lat' dir='ltr'><strong>pavere</strong></span> <span class='ocrx_word' id='word_1_369' title='bbox 1689 3132 1914 3201; x_wconf 87' lang='lat' dir='ltr'><strong>quidem</strong></span> <span class='ocrx_word' id='word_1_370' title='bbox 1959 3141 2013 3188; x_wconf 87' lang='lat' dir='ltr'><strong>et</strong></span> 
     </span>
    </p>
   </div>
   <div class='ocr_carea' id='block_1_51' title="bbox 431 3224 2015 3294">
    <p class='ocr_par' dir='ltr' id='par_1_51' title="bbox 431 3224 2015 3294">
     <span class='ocr_line' id='line_1_51' title="bbox 431 3224 2015 3294; baseline 0.001 -17"><span class='ocrx_word' id='word_1_371' title='bbox 431 3225 651 3288; x_wconf 88' lang='lat' dir='ltr'><strong>terreri,</strong></span> <span class='ocrx_word' id='word_1_372' title='bbox 698 3224 793 3278; x_wconf 89' lang='lat' dir='ltr'><strong>sed</strong></span> <span class='ocrx_word' id='word_1_373' title='bbox 829 3224 1074 3277; x_wconf 86' lang='lat' dir='ltr'><strong>timidam</strong></span> <span class='ocrx_word' id='word_1_374' title='bbox 1108 3238 1232 3278; x_wconf 88' lang='lat' dir='ltr'><strong>esse</strong></span> <span class='ocrx_word' id='word_1_375' title='bbox 1265 3239 1375 3278; x_wconf 91' lang='lat' dir='ltr'><strong>non</strong></span> <span class='ocrx_word' id='word_1_376' title='bbox 1407 3224 1601 3278; x_wconf 86' lang='lat' dir='ltr'><strong>volunt</strong></span> <span class='ocrx_word' id='word_1_377' title='bbox 1625 3224 1723 3294; x_wconf 87' lang='lat' dir='ltr'><strong>qui</strong></span> <span class='ocrx_word' id='word_1_378' title='bbox 1778 3225 2015 3294; x_wconf 85' lang='lat' dir='ltr'><strong>placito-</strong></span> 
     </span>
    </p>
   </div>
   <div class='ocr_carea' id='block_1_52' title="bbox 433 3308 2013 3380">
    <p class='ocr_par' dir='ltr' id='par_1_52' title="bbox 433 3308 2013 3380">
     <span class='ocr_line' id='line_1_52' title="bbox 433 3308 2013 3380; baseline 0 -16"><span class='ocrx_word' id='word_1_379' title='bbox 433 3323 554 3364; x_wconf 89' lang='lat' dir='ltr'><strong>rum</strong></span> <span class='ocrx_word' id='word_1_380' title='bbox 598 3308 895 3372; x_wconf 85' lang='lat' dir='ltr'><strong>defectum,</strong></span> <span class='ocrx_word' id='word_1_381' title='bbox 934 3325 1054 3379; x_wconf 76' lang='lat' dir='ltr'><strong>qua:</strong></span> <span class='ocrx_word' id='word_1_382' title='bbox 1084 3324 1113 3363; x_wconf 91' lang='lat' dir='ltr'><strong>a</strong></span> <span class='ocrx_word' id='word_1_383' title='bbox 1143 3308 1468 3365; x_wconf 76' lang='lat' dir='ltr'><strong>fortitudine</strong></span> <span class='ocrx_word' id='word_1_384' title='bbox 1517 3320 1805 3380; x_wconf 77' lang='lat' dir='ltr'><strong>petuntur,</strong></span> <span class='ocrx_word' id='word_1_385' title='bbox 1860 3312 2013 3366; x_wconf 89' lang='lat' dir='ltr'><strong>timi-</strong></span> 
     </span>
    </p>
   </div>
   <div class='ocr_carea' id='block_1_53' title="bbox 412 3386 2013 3472">
    <p class='ocr_par' dir='ltr' id='par_1_53' title="bbox 412 3386 2013 3472">
     <span class='ocr_line' id='line_1_53' title="bbox 412 3386 2013 3472; baseline 0.002 -19"><span class='ocrx_word' id='word_1_386' title='bbox 412 3386 663 3453; x_wconf 76' lang='lat' dir='ltr'><strong>ditatem</strong></span> <span class='ocrx_word' id='word_1_387' title='bbox 694 3396 987 3453; x_wconf 80' lang='lat' dir='ltr'><strong>deﬁniunt.</strong></span> <span class='ocrx_word' id='word_1_388' title='bbox 1015 3398 1171 3466; x_wconf 87' lang='lat' dir='ltr'><strong>Quod</strong></span> <span class='ocrx_word' id='word_1_389' title='bbox 1200 3408 1379 3454; x_wconf 88' lang='lat' dir='ltr'><strong>autem</strong></span> <span class='ocrx_word' id='word_1_390' title='bbox 1414 3400 1686 3454; x_wconf 76' lang='lat' dir='ltr'><strong>turbatum</strong></span> <span class='ocrx_word' id='word_1_391' title='bbox 1720 3404 1787 3455; x_wconf 84' lang='lat' dir='ltr'><strong>iri</strong></span> <span class='ocrx_word' id='word_1_392' title='bbox 1808 3401 2013 3472; x_wconf 79' lang='lat' dir='ltr'><strong>legatos</strong></span> 
     </span>
    </p>
   </div>
   <div class='ocr_carea' id='block_1_54' title="bbox 437 3488 2011 3562">
    <p class='ocr_par' dir='ltr' id='par_1_54' title="bbox 437 3488 2011 3562">
     <span class='ocr_line' id='line_1_54' title="bbox 437 3488 2011 3562; baseline 0.002 -19"><span class='ocrx_word' id='word_1_393' title='bbox 437 3488 534 3552; x_wconf 87' lang='lat' dir='ltr'><strong>ait,</strong></span> <span class='ocrx_word' id='word_1_394' title='bbox 567 3488 837 3544; x_wconf 85' lang='lat' dir='ltr'><strong>idolorum</strong></span> <span class='ocrx_word' id='word_1_395' title='bbox 868 3490 1113 3545; x_wconf 89' lang='lat' dir='ltr'><strong>cultores</strong></span> <span class='ocrx_word' id='word_1_396' title='bbox 1147 3490 1457 3558; x_wconf 87' lang='lat' dir='ltr'><strong>signiﬁcat;</strong></span> <span class='ocrx_word' id='word_1_397' title='bbox 1499 3493 1615 3560; x_wconf 88' lang='lat' dir='ltr'><strong>qui,</strong></span> <span class='ocrx_word' id='word_1_398' title='bbox 1656 3499 1843 3562; x_wconf 87' lang='lat' dir='ltr'><strong>utpar</strong></span> <span class='ocrx_word' id='word_1_399' title='bbox 1904 3500 2011 3557; x_wconf 88' lang='lat' dir='ltr'><strong>est,</strong></span> 
     </span>
    </p>
   </div>
   <div class='ocr_carea' id='block_1_55' title="bbox 435 3580 2018 3653">
    <p class='ocr_par' dir='ltr' id='par_1_55' title="bbox 435 3580 2018 3653">
     <span class='ocr_line' id='line_1_55' title="bbox 435 3580 2018 3653; baseline 0.003 -19"><span class='ocrx_word' id='word_1_400' title='bbox 435 3580 677 3637; x_wconf 89' lang='lat' dir='ltr'><strong>instante</strong></span> <span class='ocrx_word' id='word_1_401' title='bbox 706 3582 829 3652; x_wconf 74' lang='lat' dir='ltr'><strong>Cyri</strong></span> <span class='ocrx_word' id='word_1_402' title='bbox 853 3582 1115 3645; x_wconf 88' lang='lat' dir='ltr'><strong>adventu.</strong></span> <span class='ocrx_word' id='word_1_403' title='bbox 1142 3599 1281 3653; x_wconf 71' lang='lat' dir='ltr'><strong>quas</strong></span> <span class='ocrx_word' id='word_1_404' title='bbox 1311 3599 1379 3639; x_wconf 83' lang='lat' dir='ltr'><strong>ex</strong></span> <span class='ocrx_word' id='word_1_405' title='bbox 1435 3600 1538 3640; x_wconf 90' lang='lat' dir='ltr'><strong>usu</strong></span> <span class='ocrx_word' id='word_1_406' title='bbox 1571 3594 1727 3640; x_wconf 83' lang='lat' dir='ltr'><strong>erant</strong></span> <span class='ocrx_word' id='word_1_407' title='bbox 1756 3586 2018 3639; x_wconf 83' lang='lat' dir='ltr'><strong>vaticina-</strong></span> 
     </span>
    </p>
   </div>
   <div class='ocr_carea' id='block_1_56' title="bbox 434 3675 2017 3749">
    <p class='ocr_par' dir='ltr' id='par_1_56' title="bbox 434 3675 2017 3749">
     <span class='ocr_line' id='line_1_56' title="bbox 434 3675 2017 3749; baseline 0.001 -19"><span class='ocrx_word' id='word_1_408' title='bbox 434 3676 657 3741; x_wconf 86' lang='lat' dir='ltr'><strong>bantur,</strong></span> <span class='ocrx_word' id='word_1_409' title='bbox 683 3683 738 3730; x_wconf 90' lang='lat' dir='ltr'><strong>et</strong></span> <span class='ocrx_word' id='word_1_410' title='bbox 761 3675 1262 3749; x_wconf 75' lang='lat' dir='ltr'><strong>supplicationibus</strong></span> <span class='ocrx_word' id='word_1_411' title='bbox 1292 3692 1391 3747; x_wconf 88' lang='lat' dir='ltr'><strong>pro</strong></span> <span class='ocrx_word' id='word_1_412' title='bbox 1418 3679 1644 3748; x_wconf 84' lang='lat' dir='ltr'><strong>regione</strong></span> <span class='ocrx_word' id='word_1_413' title='bbox 1669 3676 2017 3734; x_wconf 85' lang='lat' dir='ltr'><strong>interceden-</strong></span> 
     </span>
    </p>
   </div>
   <div class='ocr_carea' id='block_1_57' title="bbox 436 3766 2014 3839">
    <p class='ocr_par' dir='ltr' id='par_1_57' title="bbox 436 3766 2014 3839">
     <span class='ocr_line' id='line_1_57' title="bbox 436 3766 2014 3839; baseline 0.002 -17"><span class='ocrx_word' id='word_1_414' title='bbox 436 3776 518 3822; x_wconf 83' lang='lat' dir='ltr'><strong>tes</strong></span> <span class='ocrx_word' id='word_1_415' title='bbox 544 3766 821 3822; x_wconf 69' lang='lat' dir='ltr'><strong>daemonas</strong></span> <span class='ocrx_word' id='word_1_416' title='bbox 852 3766 1173 3838; x_wconf 74' lang='lat' dir='ltr'><strong>fatigabant.</strong></span> <span class='ocrx_word' id='word_1_417' title='bbox 1210 3767 1316 3823; x_wconf 87' lang='lat' dir='ltr'><strong>Sed</strong></span> <span class='ocrx_word' id='word_1_418' title='bbox 1347 3770 1559 3839; x_wconf 82' lang='lat' dir='ltr'><strong>pudore</strong></span> <span class='ocrx_word' id='word_1_419' title='bbox 1598 3771 2014 3834; x_wconf 81' lang='lat' dir='ltr'><strong>suﬁ&#39;undentur,</strong></span> 
     </span>
    </p>
   </div>
   <div class='ocr_carea' id='block_1_58' title="bbox 436 3858 2019 3935">
    <p class='ocr_par' dir='ltr' id='par_1_58' title="bbox 436 3858 2019 3935">
     <span class='ocr_line' id='line_1_58' title="bbox 436 3858 2019 3935; baseline 0.004 -22"><span class='ocrx_word' id='word_1_420' title='bbox 436 3873 562 3914; x_wconf 91' lang='lat' dir='ltr'><strong>eum</strong></span> <span class='ocrx_word' id='word_1_421' title='bbox 605 3858 657 3912; x_wconf 91' lang='lat' dir='ltr'><strong>in</strong></span> <span class='ocrx_word' id='word_1_422' title='bbox 691 3859 1027 3919; x_wconf 86' lang='lat' dir='ltr'><strong>contrarium</strong></span> <span class='ocrx_word' id='word_1_423' title='bbox 1056 3861 1242 3915; x_wconf 89' lang='lat' dir='ltr'><strong>omnia</strong></span> <span class='ocrx_word' id='word_1_424' title='bbox 1290 3862 1529 3917; x_wconf 80' lang='lat' dir='ltr'><strong>cessisse</strong></span> <span class='ocrx_word' id='word_1_425' title='bbox 1556 3863 1816 3929; x_wconf 80' lang='lat' dir='ltr'><strong>viderint,</strong></span> <span class='ocrx_word' id='word_1_426' title='bbox 1852 3864 2019 3935; x_wconf 76' lang='lat'><strong>206</strong></span> 
     </span>
    </p>
   </div>
   <div class='ocr_carea' id='block_1_59' title="bbox 438 3951 2017 4025">
    <p class='ocr_par' dir='ltr' id='par_1_59' title="bbox 438 3951 2017 4025">
     <span class='ocr_line' id='line_1_59' title="bbox 438 3951 2017 4025; baseline 0.003 -20"><span class='ocrx_word' id='word_1_427' title='bbox 438 3959 739 4020; x_wconf 87' lang='lat' dir='ltr'><strong>tuutuoque</strong></span> <span class='ocrx_word' id='word_1_428' title='bbox 790 3951 1053 4021; x_wconf 78' lang='lat' dir='ltr'><strong>lugebant</strong></span> <span class='ocrx_word' id='word_1_429' title='bbox 1115 3952 1243 4021; x_wconf 87' lang='lat' dir='ltr'><strong>(hoe</strong></span> <span class='ocrx_word' id='word_1_430' title='bbox 1268 3953 1413 4007; x_wconf 88' lang='lat' dir='ltr'><strong>enim</strong></span> <span class='ocrx_word' id='word_1_431' title='bbox 1456 3954 1640 4024; x_wconf 88' lang='lat' dir='ltr'><strong>ipsum</strong></span> <span class='ocrx_word' id='word_1_432' title='bbox 1693 3963 1798 4017; x_wconf 88' lang='lat' dir='ltr'><strong>est,</strong></span> <span class='ocrx_word' id='word_1_433' title='bbox 1867 3954 2017 4025; x_wconf 80' lang='lat' dir='ltr'><strong>quod</strong></span> 
     </span>
    </p>
   </div>
   <div class='ocr_carea' id='block_1_60' title="bbox 437 4040 2018 4115">
    <p class='ocr_par' dir='ltr' id='par_1_60' title="bbox 437 4040 2018 4115">
     <span class='ocr_line' id='line_1_60' title="bbox 437 4040 2018 4115; baseline 0.002 -19"><span class='ocrx_word' id='word_1_434' title='bbox 437 4040 752 4096; x_wconf 81' lang='lat' dir='ltr'><strong>eondolendi</strong></span> <span class='ocrx_word' id='word_1_435' title='bbox 792 4042 960 4097; x_wconf 86' lang='lat' dir='ltr'><strong>verbo</strong></span> <span class='ocrx_word' id='word_1_436' title='bbox 986 4042 1364 4115; x_wconf 85' lang='lat' dir='ltr'><strong>signiﬁcavit).</strong></span> <span class='ocrx_word' id='word_1_437' title='bbox 1394 4041 1488 4099; x_wconf 73' lang='lat' dir='ltr'><strong>Va:</strong></span> <span class='ocrx_word' id='word_1_438' title='bbox 1509 4045 1719 4108; x_wconf 89' lang='lat' dir='ltr'><strong>forsan,</strong></span> <span class='ocrx_word' id='word_1_439' title='bbox 1750 4043 1867 4099; x_wconf 88' lang='lat' dir='ltr'><strong>etsi</strong></span> <span class='ocrx_word' id='word_1_440' title='bbox 1895 4060 2018 4115; x_wconf 71' lang='lat' dir='ltr'><strong>qua:</strong></span> 
     </span>
    </p>
   </div>
   <div class='ocr_carea' id='block_1_61' title="bbox 438 4134 2016 4207">
    <p class='ocr_par' dir='ltr' id='par_1_61' title="bbox 438 4134 2016 4207">
     <span class='ocr_line' id='line_1_61' title="bbox 438 4134 2016 4207; baseline 0.001 -17"><span class='ocrx_word' id='word_1_441' title='bbox 438 4142 569 4190; x_wconf 85' lang='lat' dir='ltr'><strong>sunt</strong></span> <span class='ocrx_word' id='word_1_442' title='bbox 599 4134 873 4204; x_wconf 84' lang='lat' dir='ltr'><strong>ejusmodi</strong></span> <span class='ocrx_word' id='word_1_443' title='bbox 901 4136 1253 4191; x_wconf 86' lang='lat' dir='ltr'><strong>miseriarum</strong></span> <span class='ocrx_word' id='word_1_444' title='bbox 1284 4136 1518 4203; x_wconf 85' lang='lat' dir='ltr'><strong>judicia,</strong></span> <span class='ocrx_word' id='word_1_445' title='bbox 1556 4144 1916 4207; x_wconf 88' lang='lat' dir='ltr'><strong>usurpantes.</strong></span> <span class='ocrx_word' id='word_1_446' title='bbox 1940 4136 2016 4192; x_wconf 86' lang='lat' dir='ltr'><strong>lta</strong></span> 
     </span>
    </p>
   </div>
   <div class='ocr_carea' id='block_1_62' title="bbox 441 4227 2016 4299">
    <p class='ocr_par' dir='ltr' id='par_1_62' title="bbox 441 4227 2016 4299">
     <span class='ocr_line' id='line_1_62' title="bbox 441 4227 2016 4299; baseline 0.003 -21"><span class='ocrx_word' id='word_1_447' title='bbox 441 4236 618 4280; x_wconf 87' lang='lat' dir='ltr'><strong>autem</strong></span> <span class='ocrx_word' id='word_1_448' title='bbox 652 4242 763 4295; x_wconf 68' lang='lat' dir='ltr'><strong>prte</strong></span> <span class='ocrx_word' id='word_1_449' title='bbox 798 4227 1037 4283; x_wconf 84' lang='lat' dir='ltr'><strong>maximo</strong></span> <span class='ocrx_word' id='word_1_450' title='bbox 1065 4227 1233 4283; x_wconf 87' lang='lat' dir='ltr'><strong>animi</strong></span> <span class='ocrx_word' id='word_1_451' title='bbox 1267 4229 1458 4282; x_wconf 88' lang='lat' dir='ltr'><strong>dolore</strong></span> <span class='ocrx_word' id='word_1_452' title='bbox 1484 4230 1801 4299; x_wconf 89' lang='lat' dir='ltr'><strong>nigrescent</strong></span> <span class='ocrx_word' id='word_1_453' title='bbox 1825 4243 2016 4284; x_wconf 88' lang='lat' dir='ltr'><strong>eorum</strong></span> 
     </span>
    </p>
   </div>
   <div class='ocr_carea' id='block_1_63' title="bbox 442 4317 2015 4387">
    <p class='ocr_par' dir='ltr' id='par_1_63' title="bbox 442 4317 2015 4387">
     <span class='ocr_line' id='line_1_63' title="bbox 442 4317 2015 4387; baseline 0.003 -20"><span class='ocrx_word' id='word_1_454' title='bbox 442 4317 639 4379; x_wconf 79' lang='lat' dir='ltr'><strong>vultus,</strong></span> <span class='ocrx_word' id='word_1_455' title='bbox 668 4323 727 4370; x_wconf 91' lang='lat' dir='ltr'><strong>ut</strong></span> <span class='ocrx_word' id='word_1_456' title='bbox 764 4332 887 4373; x_wconf 88' lang='lat' dir='ltr'><strong>esse</strong></span> <span class='ocrx_word' id='word_1_457' title='bbox 917 4318 1143 4372; x_wconf 86' lang='lat' dir='ltr'><strong>marcidi</strong></span> <span class='ocrx_word' id='word_1_458' title='bbox 1183 4318 1386 4373; x_wconf 81' lang='lat' dir='ltr'><strong>cineris</strong></span> <span class='ocrx_word' id='word_1_459' title='bbox 1410 4319 1651 4387; x_wconf 68' lang='lat' dir='ltr'><strong>reliquiae</strong></span> <span class='ocrx_word' id='word_1_460' title='bbox 1678 4318 1968 4375; x_wconf 83' lang='lat' dir='ltr'><strong>videantur</strong></span> <span class='ocrx_word' id='word_1_461' title='bbox 2000 4337 2015 4372; x_wconf 90' lang='lat'><strong>:</strong></span> 
     </span>
    </p>
   </div>
   <div class='ocr_carea' id='block_1_64' title="bbox 444 4407 2020 4481">
    <p class='ocr_par' dir='ltr' id='par_1_64' title="bbox 444 4407 2020 4481">
     <span class='ocr_line' id='line_1_64' title="bbox 444 4407 2020 4481; baseline 0.005 -22"><span class='ocrx_word' id='word_1_462' title='bbox 444 4407 550 4460; x_wconf 81' lang='lat' dir='ltr'><strong>nisi</strong></span> <span class='ocrx_word' id='word_1_463' title='bbox 571 4407 617 4462; x_wconf 92' lang='lat' dir='ltr'><strong>si</strong></span> <span class='ocrx_word' id='word_1_464' title='bbox 642 4415 831 4461; x_wconf 76' lang='lat' dir='ltr'><strong>natum</strong></span> <span class='ocrx_word' id='word_1_465' title='bbox 863 4424 926 4463; x_wconf 88' lang='lat' dir='ltr'><strong>ex</strong></span> <span class='ocrx_word' id='word_1_466' title='bbox 951 4409 1163 4478; x_wconf 86' lang='lat' dir='ltr'><strong>pudore</strong></span> <span class='ocrx_word' id='word_1_467' title='bbox 1226 4410 1484 4463; x_wconf 91' lang='lat' dir='ltr'><strong>ruborem</strong></span> <span class='ocrx_word' id='word_1_468' title='bbox 1511 4410 1674 4463; x_wconf 91' lang='lat' dir='ltr'><strong>etiam</strong></span> <span class='ocrx_word' id='word_1_469' title='bbox 1704 4410 2020 4481; x_wconf 88' lang='lat' dir='ltr'><strong>signiﬁcare</strong></span> 
     </span>
    </p>
   </div>
   <div class='ocr_carea' id='block_1_65' title="bbox 443 4495 2015 4569">
    <p class='ocr_par' dir='ltr' id='par_1_65' title="bbox 443 4495 2015 4569">
     <span class='ocr_line' id='line_1_65' title="bbox 443 4495 2015 4569; baseline 0.001 -17"><span class='ocrx_word' id='word_1_470' title='bbox 443 4496 689 4553; x_wconf 84' lang='lat' dir='ltr'><strong>voluisse</strong></span> <span class='ocrx_word' id='word_1_471' title='bbox 731 4498 1036 4553; x_wconf 81' lang='lat' dir='ltr'><strong>existimes.</strong></span> <span class='ocrx_word' id='word_1_472' title='bbox 1086 4495 1321 4568; x_wconf 83' lang='lat' dir='ltr'><strong>Jamjam</strong></span> <span class='ocrx_word' id='word_1_473' title='bbox 1349 4498 1494 4551; x_wconf 90' lang='lat' dir='ltr'><strong>enim</strong></span> <span class='ocrx_word' id='word_1_474' title='bbox 1529 4505 1744 4568; x_wconf 85' lang='lat' dir='ltr'><strong>tempus</strong></span> <span class='ocrx_word' id='word_1_475' title='bbox 1778 4500 2015 4569; x_wconf 84' lang='lat' dir='ltr'><strong>appetit,</strong></span> 
     </span>
    </p>
   </div>
   <div class='ocr_carea' id='block_1_66' title="bbox 444 4584 2007 4659">
    <p class='ocr_par' dir='ltr' id='par_1_66' title="bbox 444 4584 2007 4659">
     <span class='ocr_line' id='line_1_66' title="bbox 444 4584 2007 4659; baseline 0.003 -21"><span class='ocrx_word' id='word_1_476' title='bbox 444 4585 943 4655; x_wconf 75' lang='lat' dir='ltr'><strong>quoitnplacabilis</strong></span> <span class='ocrx_word' id='word_1_477' title='bbox 974 4584 1071 4640; x_wconf 86' lang='lat' dir='ltr'><strong>Dei</strong></span> <span class='ocrx_word' id='word_1_478' title='bbox 1096 4585 1554 4655; x_wconf 68' lang='lat' dir='ltr'><strong>[urorChaldatos</strong></span> <span class='ocrx_word' id='word_1_479' title='bbox 1601 4601 1793 4643; x_wconf 87' lang='lat' dir='ltr'><strong>omnes</strong></span> <span class='ocrx_word' id='word_1_480' title='bbox 1837 4603 2007 4659; x_wconf 82' lang='lat' dir='ltr'><strong>popu-</strong></span> 
     </span>
    </p>
   </div>
   <div class='ocr_carea' id='block_1_67' title="bbox 2103 2030 3684 2117">
    <p class='ocr_par' dir='ltr' id='par_1_67' title="bbox 2103 2030 3684 2117">
     <span class='ocr_line' id='line_1_67' title="bbox 2103 2030 3684 2117; baseline -0.011 -17"><span class='ocrx_word' id='word_1_481' title='bbox 2103 2045 2294 2117; x_wconf 78' lang='grc' dir='ltr'>τριόὴ,</span> <span class='ocrx_word' id='word_1_482' title='bbox 2319 2045 2387 2098; x_wconf 80' lang='grc' dir='ltr'><strong>τὰ</strong></span> <span class='ocrx_word' id='word_1_483' title='bbox 2415 2041 2745 2111; x_wconf 79' lang='grc' dir='ltr'>συντρισῆς</span> <span class='ocrx_word' id='word_1_484' title='bbox 2778 2032 3134 2109; x_wconf 64' lang='grc' dir='ltr'>ἀφανίζοντας</span> <span class='ocrx_word' id='word_1_485' title='bbox 3161 2034 3307 2100; x_wconf 75' lang='grc' dir='ltr'>ἀξια.</span> <span class='ocrx_word' id='word_1_486' title='bbox 3348 2034 3439 2096; x_wconf 82' lang='grc' dir='ltr'>Ὣς</span> <span class='ocrx_word' id='word_1_487' title='bbox 3469 2030 3684 2100; x_wconf 82' lang='grc' dir='ltr'>συντρί-</span> 
     </span>
    </p>
   </div>
   <div class='ocr_carea' id='block_1_68' title="bbox 2103 2121 3679 2194">
    <p class='ocr_par' dir='ltr' id='par_1_68' title="bbox 2103 2121 3679 2194">
     <span class='ocr_line' id='line_1_68' title="bbox 2103 2121 3679 2194; baseline -0.009 -6"><span class='ocrx_word' id='word_1_488' title='bbox 2103 2137 2190 2191; x_wconf 72' lang='grc' dir='ltr'>ϐει</span> <span class='ocrx_word' id='word_1_489' title='bbox 2216 2136 2307 2189; x_wconf 80' lang='grc' dir='ltr'>τὸν</span> <span class='ocrx_word' id='word_1_490' title='bbox 2338 2135 2583 2188; x_wconf 78' lang='grc' dir='ltr'><strong>Σατανᾶν</strong></span> <span class='ocrx_word' id='word_1_491' title='bbox 2620 2132 2724 2186; x_wconf 80' lang='grc' dir='ltr'><strong>ὑπὸ</strong></span> <span class='ocrx_word' id='word_1_492' title='bbox 2775 2133 2900 2194; x_wconf 79' lang='grc' dir='ltr'>τοὺς</span> <span class='ocrx_word' id='word_1_493' title='bbox 2947 2129 3123 2192; x_wconf 81' lang='grc' dir='ltr'>πόδας-</span> <span class='ocrx_word' id='word_1_494' title='bbox 3145 2125 3239 2180; x_wconf 80' lang='grc' dir='ltr'><strong>τοῦ</strong></span> <span class='ocrx_word' id='word_1_495' title='bbox 3276 2124 3485 2178; x_wconf 76' lang='grc' dir='ltr'>δικαίου</span> <span class='ocrx_word' id='word_1_496' title='bbox 3561 2121 3679 2184; x_wconf 78' lang='grc' dir='ltr'>καὶ,</span> 
     </span>
    </p>
   </div>
   <div class='ocr_carea' id='block_1_69' title="bbox 2103 2214 3683 2299">
    <p class='ocr_par' dir='ltr' id='par_1_69' title="bbox 2103 2214 3683 2299">
     <span class='ocr_line' id='line_1_69' title="bbox 2103 2214 3683 2299; baseline -0.011 -17"><span class='ocrx_word' id='word_1_497' title='bbox 2103 2227 2309 2299; x_wconf 80' lang='grc' dir='ltr'>Κύριος</span> <span class='ocrx_word' id='word_1_498' title='bbox 2340 2224 2639 2295; x_wconf 74' lang='grc' dir='ltr'>συντρίϐων</span> <span class='ocrx_word' id='word_1_499' title='bbox 2674 2222 2964 2291; x_wconf 75' lang='grc' dir='ltr'><strong>πολέμους,</strong></span> <span class='ocrx_word' id='word_1_500' title='bbox 3010 2219 3104 2274; x_wconf 75' lang='grc' dir='ltr'><strong>καὶ</strong></span> <span class='ocrx_word' id='word_1_501' title='bbox 3123 2258 3139 2284; x_wconf 92' lang='grc'><strong>,</strong></span> <span class='ocrx_word' id='word_1_502' title='bbox 3165 2215 3448 2288; x_wconf 79' lang='grc' dir='ltr'>Συντρίϐει</span> <span class='ocrx_word' id='word_1_503' title='bbox 3479 2214 3683 2284; x_wconf 83' lang='grc' dir='ltr'>Κύριος</span> 
     </span>
    </p>
   </div>
   <div class='ocr_carea' id='block_1_70' title="bbox 2103 2306 3684 2390">
    <p class='ocr_par' dir='ltr' id='par_1_70' title="bbox 2103 2306 3684 2390">
     <span class='ocr_line' id='line_1_70' title="bbox 2103 2306 3684 2390; baseline -0.01 -16"><span class='ocrx_word' id='word_1_504' title='bbox 2103 2320 2204 2384; x_wconf 81' lang='grc' dir='ltr'><strong>τὰς</strong></span> <span class='ocrx_word' id='word_1_505' title='bbox 2240 2319 2467 2390; x_wconf 78' lang='grc' dir='ltr'>κέδρους</span> <span class='ocrx_word' id='word_1_506' title='bbox 2516 2314 2609 2370; x_wconf 82' lang='grc' dir='ltr'><strong>τοῦ</strong></span> <span class='ocrx_word' id='word_1_507' title='bbox 2658 2315 2915 2379; x_wconf 73' lang='grc' dir='ltr'>Λιϐάνου,</span> <span class='ocrx_word' id='word_1_508' title='bbox 2961 2312 3091 2375; x_wconf 80' lang='grc' dir='ltr'>τοὺς</span> <span class='ocrx_word' id='word_1_509' title='bbox 3126 2309 3392 2374; x_wconf 76' lang='grc' dir='ltr'><strong>ἀλαζόνας</strong></span> <span class='ocrx_word' id='word_1_510' title='bbox 3433 2306 3684 2367; x_wconf 72' lang='grc' dir='ltr'>καὶτοὺς</span> 
     </span>
    </p>
   </div>
   <div class='ocr_carea' id='block_1_71' title="bbox 2106 2398 3679 2480">
    <p class='ocr_par' dir='ltr' id='par_1_71' title="bbox 2106 2398 3679 2480">
     <span class='ocr_line' id='line_1_71' title="bbox 2106 2398 3679 2480; baseline -0.01 -15"><span class='ocrx_word' id='word_1_511' title='bbox 2106 2410 2572 2480; x_wconf 81' lang='grc' dir='ltr'>ὑπεραιρομένους</span> <span class='ocrx_word' id='word_1_512' title='bbox 2599 2405 2743 2460; x_wconf 77' lang='grc' dir='ltr'>κατὰ</span> <span class='ocrx_word' id='word_1_513' title='bbox 2772 2408 2871 2476; x_wconf 82' lang='grc' dir='ltr'>τῆς</span> <span class='ocrx_word' id='word_1_514' title='bbox 2899 2403 3176 2474; x_wconf 75' lang='grc' dir='ltr'><strong>ἀληθείας.</strong></span> <span class='ocrx_word' id='word_1_515' title='bbox 3243 2403 3337 2454; x_wconf 85' lang='grc' dir='ltr'>Δεῖ</span> <span class='ocrx_word' id='word_1_516' title='bbox 3364 2401 3422 2454; x_wconf 77' lang='grc' dir='ltr'>δὲ</span> <span class='ocrx_word' id='word_1_517' title='bbox 3455 2398 3679 2468; x_wconf 75' lang='grc' dir='ltr'>φθάνον-</span> 
     </span>
    </p>
   </div>
   <div class='ocr_carea' id='block_1_72' title="bbox 2105 2488 3686 2568">
    <p class='ocr_par' dir='ltr' id='par_1_72' title="bbox 2105 2488 3686 2568">
     <span class='ocr_line' id='line_1_72' title="bbox 2105 2488 3686 2568; baseline -0.009 -15"><span class='ocrx_word' id='word_1_518' title='bbox 2105 2517 2205 2563; x_wconf 89' lang='grc' dir='ltr'><strong>τας</strong></span> <span class='ocrx_word' id='word_1_519' title='bbox 2229 2498 2322 2552; x_wconf 78' lang='grc' dir='ltr'>τοῦ</span> <span class='ocrx_word' id='word_1_520' title='bbox 2361 2496 2566 2568; x_wconf 77' lang='grc' dir='ltr'><strong>Κυρίου</strong></span> <span class='ocrx_word' id='word_1_521' title='bbox 2610 2497 2709 2565; x_wconf 75' lang='grc' dir='ltr'>τὴν</span> <span class='ocrx_word' id='word_1_522' title='bbox 2738 2493 3091 2563; x_wconf 73' lang='grc' dir='ltr'>συν-τριϐὴν,</span> <span class='ocrx_word' id='word_1_523' title='bbox 3127 2491 3227 2563; x_wconf 77' lang='grc' dir='ltr'>τὴν</span> <span class='ocrx_word' id='word_1_524' title='bbox 3275 2488 3491 2543; x_wconf 76' lang='grc' dir='ltr'>ἑαυτῶν</span> <span class='ocrx_word' id='word_1_525' title='bbox 3518 2504 3686 2558; x_wconf 81' lang='grc' dir='ltr'>μεγα-</span> 
     </span>
    </p>
   </div>
   <div class='ocr_carea' id='block_1_73' title="bbox 2107 2577 3685 2661">
    <p class='ocr_par' dir='ltr' id='par_1_73' title="bbox 2107 2577 3685 2661">
     <span class='ocr_line' id='line_1_73' title="bbox 2107 2577 3685 2661; baseline -0.008 -17"><span class='ocrx_word' id='word_1_526' title='bbox 2107 2591 2347 2661; x_wconf 78' lang='grc' dir='ltr'>λόφρονα</span> <span class='ocrx_word' id='word_1_527' title='bbox 2390 2588 2620 2659; x_wconf 77' lang='grc' dir='ltr'>καρδίαν</span> <span class='ocrx_word' id='word_1_528' title='bbox 2663 2585 3031 2654; x_wconf 76' lang='grc' dir='ltr'>συντρίϐειν,</span> <span class='ocrx_word' id='word_1_529' title='bbox 3081 2583 3171 2637; x_wconf 83' lang='grc' dir='ltr'>ῐνα</span> <span class='ocrx_word' id='word_1_530' title='bbox 3202 2581 3429 2653; x_wconf 69' lang='grc' dir='ltr'>γένηται</span> <span class='ocrx_word' id='word_1_531' title='bbox 3461 2577 3621 2632; x_wconf 86' lang='grc' dir='ltr'>θυσία</span> <span class='ocrx_word' id='word_1_532' title='bbox 3653 2580 3685 2647; x_wconf 68' lang='grc' dir='ltr'>ἡ</span> 
     </span>
    </p>
   </div>
   <div class='ocr_carea' id='block_1_74' title="bbox 2105 2668 3688 2749">
    <p class='ocr_par' dir='ltr' id='par_1_74' title="bbox 2105 2668 3688 2749">
     <span class='ocr_line' id='line_1_74' title="bbox 2105 2668 3688 2749; baseline -0.009 -12"><span class='ocrx_word' id='word_1_533' title='bbox 2105 2683 2438 2746; x_wconf 78' lang='grc' dir='ltr'>ταπείνωσις</span> <span class='ocrx_word' id='word_1_534' title='bbox 2465 2680 2657 2749; x_wconf 75' lang='grc' dir='ltr'>αὐτῆς.</span> <span class='ocrx_word' id='word_1_535' title='bbox 2699 2680 2787 2742; x_wconf 85' lang='grc' dir='ltr'><strong>Ὠς</strong></span> <span class='ocrx_word' id='word_1_536' title='bbox 2820 2679 2954 2749; x_wconf 82' lang='grc' dir='ltr'>πρὸς</span> <span class='ocrx_word' id='word_1_537' title='bbox 3002 2676 3136 2730; x_wconf 83' lang='grc' dir='ltr'><strong>Θεὸν</strong></span> <span class='ocrx_word' id='word_1_538' title='bbox 3182 2678 3290 2743; x_wconf 73' lang='grc' dir='ltr'>γὰρ</span> <span class='ocrx_word' id='word_1_539' title='bbox 3337 2668 3688 2743; x_wconf 81' lang='grc' dir='ltr'>τιμωρούμε-</span> 
     </span>
    </p>
   </div>
   <div class='ocr_carea' id='block_1_75' title="bbox 2109 2760 3687 2841">
    <p class='ocr_par' dir='ltr' id='par_1_75' title="bbox 2109 2760 3687 2841">
     <span class='ocr_line' id='line_1_75' title="bbox 2109 2760 3687 2841; baseline -0.009 -13"><span class='ocrx_word' id='word_1_540' title='bbox 2109 2792 2219 2841; x_wconf 86' lang='grc' dir='ltr'>νον,</span> <span class='ocrx_word' id='word_1_541' title='bbox 2245 2774 2412 2828; x_wconf 83' lang='grc' dir='ltr'>πᾶσα</span> <span class='ocrx_word' id='word_1_542' title='bbox 2440 2771 2567 2841; x_wconf 78' lang='grc' dir='ltr'>χείρ</span> <span class='ocrx_word' id='word_1_543' title='bbox 2595 2768 2863 2836; x_wconf 79' lang='grc' dir='ltr'>ἀσθενὴς</span> <span class='ocrx_word' id='word_1_544' title='bbox 2884 2767 2984 2822; x_wconf 77' lang='grc' dir='ltr'><strong>καί</strong></span> <span class='ocrx_word' id='word_1_545' title='bbox 3012 2766 3183 2836; x_wconf 72' lang='grc' dir='ltr'><strong>ψυχὴ</strong></span> <span class='ocrx_word' id='word_1_546' title='bbox 3210 2763 3402 2832; x_wconf 70' lang='grc' dir='ltr'>δειλή.</span> <span class='ocrx_word' id='word_1_547' title='bbox 3446 2760 3687 2829; x_wconf 75' lang='grc' dir='ltr'><strong>Ἀνθρώσ</strong></span> 
     </span>
    </p>
   </div>
   <div class='ocr_carea' id='block_1_76' title="bbox 2110 2849 3693 2933">
    <p class='ocr_par' dir='ltr' id='par_1_76' title="bbox 2110 2849 3693 2933">
     <span class='ocr_line' id='line_1_76' title="bbox 2110 2849 3693 2933; baseline -0.009 -13"><span class='ocrx_word' id='word_1_548' title='bbox 2110 2882 2229 2920; x_wconf 78' lang='grc' dir='ltr'><strong>που</strong></span> <span class='ocrx_word' id='word_1_549' title='bbox 2260 2865 2339 2932; x_wconf 82' lang='grc' dir='ltr'>δὲ,</span> <span class='ocrx_word' id='word_1_550' title='bbox 2360 2865 2549 2933; x_wconf 77' lang='grc' dir='ltr'>φασὶν,</span> <span class='ocrx_word' id='word_1_551' title='bbox 2577 2862 2805 2923; x_wconf 81' lang='grc' dir='ltr'>εἰκότως</span> <span class='ocrx_word' id='word_1_552' title='bbox 2828 2858 3186 2929; x_wconf 79' lang='grc' dir='ltr'><strong>προσέθηκεν.</strong></span> <span class='ocrx_word' id='word_1_553' title='bbox 3220 2857 3283 2911; x_wconf 82' lang='grc' dir='ltr'><em>Ἦ</em></span> <span class='ocrx_word' id='word_1_554' title='bbox 3316 2854 3414 2925; x_wconf 79' lang='grc' dir='ltr'><strong>μὲν</strong></span> <span class='ocrx_word' id='word_1_555' title='bbox 3442 2853 3551 2922; x_wconf 72' lang='grc' dir='ltr'><strong>γὰρ</strong></span> <span class='ocrx_word' id='word_1_556' title='bbox 3577 2849 3693 2907; x_wconf 74' lang='grc' dir='ltr'><strong>τῶν</strong></span> 
     </span>
    </p>
   </div>
   <div class='ocr_carea' id='block_1_77' title="bbox 2111 2944 3686 3029">
    <p class='ocr_par' dir='ltr' id='par_1_77' title="bbox 2111 2944 3686 3029">
     <span class='ocr_line' id='line_1_77' title="bbox 2111 2944 3686 3029; baseline -0.011 -16"><span class='ocrx_word' id='word_1_557' title='bbox 2111 2958 2381 3029; x_wconf 76' lang='grc' dir='ltr'>ἀγγέλων,</span> <span class='ocrx_word' id='word_1_558' title='bbox 2434 2955 2700 3025; x_wconf 79' lang='grc' dir='ltr'>κρείττων</span> <span class='ocrx_word' id='word_1_559' title='bbox 2730 2950 2955 3016; x_wconf 78' lang='grc' dir='ltr'>δειλίας,</span> <span class='ocrx_word' id='word_1_560' title='bbox 2979 2952 3012 3021; x_wconf 77' lang='grc' dir='ltr'>ἡ</span> <span class='ocrx_word' id='word_1_561' title='bbox 3057 2950 3115 3004; x_wconf 81' lang='grc' dir='ltr'>δὲ</span> <span class='ocrx_word' id='word_1_562' title='bbox 3143 2948 3251 3003; x_wconf 80' lang='grc' dir='ltr'><strong>τῶν</strong></span> <span class='ocrx_word' id='word_1_563' title='bbox 3282 2948 3495 3013; x_wconf 76' lang='grc' dir='ltr'>ἀλόγων</span> <span class='ocrx_word' id='word_1_564' title='bbox 3525 2944 3686 2999; x_wconf 75' lang='grc' dir='ltr'>ὲλάτ-</span> 
     </span>
    </p>
   </div>
   <div class='ocr_carea' id='block_1_78' title="bbox 2110 3033 3688 3117">
    <p class='ocr_par' dir='ltr' id='par_1_78' title="bbox 2110 3033 3688 3117">
     <span class='ocr_line' id='line_1_78' title="bbox 2110 3033 3688 3117; baseline -0.01 -12"><span class='ocrx_word' id='word_1_565' title='bbox 2110 3069 2239 3105; x_wconf 86' lang='grc' dir='ltr'>των.</span> <span class='ocrx_word' id='word_1_566' title='bbox 2278 3050 2342 3103; x_wconf 83' lang='grc' dir='ltr'><strong>Ἠ</strong></span> <span class='ocrx_word' id='word_1_567' title='bbox 2366 3048 2424 3101; x_wconf 85' lang='grc' dir='ltr'>δὲ</span> <span class='ocrx_word' id='word_1_568' title='bbox 2464 3048 2573 3117; x_wconf 69' lang='grc' dir='ltr'><strong>γὰρ</strong></span> <span class='ocrx_word' id='word_1_569' title='bbox 2616 3046 2859 3098; x_wconf 78' lang='grc' dir='ltr'>πτοεῖται</span> <span class='ocrx_word' id='word_1_570' title='bbox 2908 3042 3028 3113; x_wconf 79' lang='grc' dir='ltr'>μὲν.</span> <span class='ocrx_word' id='word_1_571' title='bbox 3059 3041 3121 3094; x_wconf 81' lang='grc' dir='ltr'><strong>οὐ</strong></span> <span class='ocrx_word' id='word_1_572' title='bbox 3162 3039 3331 3110; x_wconf 74' lang='grc' dir='ltr'>δειλιᾷ</span> <span class='ocrx_word' id='word_1_573' title='bbox 3372 3038 3453 3092; x_wconf 84' lang='grc' dir='ltr'>δέ.</span> <span class='ocrx_word' id='word_1_574' title='bbox 3504 3033 3688 3089; x_wconf 81' lang='grc' dir='ltr'>Δειλία</span> 
     </span>
    </p>
   </div>
   <div class='ocr_carea' id='block_1_79' title="bbox 2113 3127 3685 3213">
    <p class='ocr_par' dir='ltr' id='par_1_79' title="bbox 2113 3127 3685 3213">
     <span class='ocr_line' id='line_1_79' title="bbox 2113 3127 3685 3213; baseline -0.01 -18"><span class='ocrx_word' id='word_1_575' title='bbox 2113 3143 2223 3213; x_wconf 83' lang='grc' dir='ltr'><strong>γάρ</strong></span> <span class='ocrx_word' id='word_1_576' title='bbox 2250 3143 2397 3194; x_wconf 79' lang='grc' dir='ltr'>ἐστιν</span> <span class='ocrx_word' id='word_1_577' title='bbox 2425 3136 2661 3207; x_wconf 72' lang='grc' dir='ltr'>ἔλλειψις</span> <span class='ocrx_word' id='word_1_578' title='bbox 2693 3134 2802 3188; x_wconf 83' lang='grc' dir='ltr'><strong>τῶν</strong></span> <span class='ocrx_word' id='word_1_579' title='bbox 2843 3133 2952 3188; x_wconf 83' lang='grc' dir='ltr'>ἀπὸ</span> <span class='ocrx_word' id='word_1_580' title='bbox 2976 3132 3078 3202; x_wconf 76' lang='grc' dir='ltr'>τῆς</span> <span class='ocrx_word' id='word_1_581' title='bbox 3107 3130 3358 3201; x_wconf 80' lang='grc' dir='ltr'>ἀνδρείας</span> <span class='ocrx_word' id='word_1_582' title='bbox 3381 3127 3685 3197; x_wconf 82' lang='grc' dir='ltr'>δογμάτων.</span> 
     </span>
    </p>
   </div>
   <div class='ocr_carea' id='block_1_80' title="bbox 2115 3218 3689 3302">
    <p class='ocr_par' dir='ltr' id='par_1_80' title="bbox 2115 3218 3689 3302">
     <span class='ocr_line' id='line_1_80' title="bbox 2115 3218 3689 3302; baseline -0.012 -13"><span class='ocrx_word' id='word_1_583' title='bbox 2115 3234 2398 3302; x_wconf 76' lang='grc' dir='ltr'>Πρέσόεις</span> <span class='ocrx_word' id='word_1_584' title='bbox 2443 3230 2498 3283; x_wconf 83' lang='grc' dir='ltr'><em>δέ</em></span> <span class='ocrx_word' id='word_1_585' title='bbox 2528 3246 2659 3298; x_wconf 80' lang='grc' dir='ltr'>φησι</span> <span class='ocrx_word' id='word_1_586' title='bbox 2700 3224 3208 3295; x_wconf 82' lang='grc' dir='ltr'>ταραχθήσεσθαι,</span> <span class='ocrx_word' id='word_1_587' title='bbox 3237 3222 3365 3284; x_wconf 82' lang='grc' dir='ltr'>τοὺς</span> <span class='ocrx_word' id='word_1_588' title='bbox 3398 3219 3507 3274; x_wconf 83' lang='grc' dir='ltr'><strong>τῶν</strong></span> <span class='ocrx_word' id='word_1_589' title='bbox 3529 3218 3689 3272; x_wconf 73' lang='grc' dir='ltr'>εἰδώ-</span> 
     </span>
    </p>
   </div>
   <div class='ocr_carea' id='block_1_81' title="bbox 2115 3309 3699 3397">
    <p class='ocr_par' dir='ltr' id='par_1_81' title="bbox 2115 3309 3699 3397">
     <span class='ocr_line' id='line_1_81' title="bbox 2115 3309 3699 3397; baseline -0.011 -15"><span class='ocrx_word' id='word_1_590' title='bbox 2115 3330 2221 3382; x_wconf 88' lang='grc' dir='ltr'><strong>λων</strong></span> <span class='ocrx_word' id='word_1_591' title='bbox 2263 3323 2626 3397; x_wconf 81' lang='grc' dir='ltr'>θεραπευτάς,</span> <span class='ocrx_word' id='word_1_592' title='bbox 2657 3320 2705 3373; x_wconf 84' lang='grc' dir='ltr'><strong>οἳ</strong></span> <span class='ocrx_word' id='word_1_593' title='bbox 2737 3320 2878 3373; x_wconf 88' lang='grc' dir='ltr'><strong>κατά</strong></span> <span class='ocrx_word' id='word_1_594' title='bbox 2903 3317 2966 3371; x_wconf 80' lang='grc' dir='ltr'>τὸ</span> <span class='ocrx_word' id='word_1_595' title='bbox 3002 3316 3169 3381; x_wconf 75' lang='grc' dir='ltr'>εἰκὸς,</span> <span class='ocrx_word' id='word_1_596' title='bbox 3208 3314 3316 3367; x_wconf 83' lang='grc' dir='ltr'><strong>τῶν</strong></span> <span class='ocrx_word' id='word_1_597' title='bbox 3350 3312 3477 3383; x_wconf 69' lang='grc' dir='ltr'>περὶ</span> <span class='ocrx_word' id='word_1_598' title='bbox 3508 3309 3699 3381; x_wconf 78' lang='grc' dir='ltr'>Κῦρον</span> 
     </span>
    </p>
   </div>
   <div class='ocr_carea' id='block_1_82' title="bbox 2116 3397 3698 3485">
    <p class='ocr_par' dir='ltr' id='par_1_82' title="bbox 2116 3397 3698 3485">
     <span class='ocr_line' id='line_1_82' title="bbox 2116 3397 3698 3485; baseline -0.014 -15"><span class='ocrx_word' id='word_1_599' title='bbox 2116 3412 2605 3485; x_wconf 80' lang='grc' dir='ltr'>προσδοκωμένων,</span> <span class='ocrx_word' id='word_1_600' title='bbox 2640 3404 3106 3478; x_wconf 79' lang='grc' dir='ltr'>κατεμαντεύοντο</span> <span class='ocrx_word' id='word_1_601' title='bbox 3148 3400 3364 3473; x_wconf 76' lang='grc' dir='ltr'>χρηστά</span> <span class='ocrx_word' id='word_1_602' title='bbox 3402 3400 3497 3453; x_wconf 75' lang='grc' dir='ltr'>καὶ</span> <span class='ocrx_word' id='word_1_603' title='bbox 3540 3397 3698 3460; x_wconf 77' lang='grc' dir='ltr'>λιτὰς</span> 
     </span>
    </p>
   </div>
   <div class='ocr_carea' id='block_1_83' title="bbox 2116 3487 3770 3579">
    <p class='ocr_par' dir='ltr' id='par_1_83' title="bbox 2116 3487 3770 3579">
     <span class='ocr_line' id='line_1_83' title="bbox 2116 3487 3770 3579; baseline -0.015 -17"><span class='ocrx_word' id='word_1_604' title='bbox 2116 3508 2390 3579; x_wconf 75' lang='grc' dir='ltr'>προσῆγον</span> <span class='ocrx_word' id='word_1_605' title='bbox 2420 3506 2531 3564; x_wconf 75' lang='grc' dir='ltr'>τοῖς</span> <span class='ocrx_word' id='word_1_606' title='bbox 2557 3501 2830 3570; x_wconf 76' lang='grc' dir='ltr'>δαίμοσιν,</span> <span class='ocrx_word' id='word_1_607' title='bbox 2857 3497 2998 3566; x_wconf 81' lang='grc' dir='ltr'>ὑπὲρ</span> <span class='ocrx_word' id='word_1_608' title='bbox 3020 3497 3116 3565; x_wconf 83' lang='grc' dir='ltr'>τῆς</span> <span class='ocrx_word' id='word_1_609' title='bbox 3147 3491 3331 3564; x_wconf 79' lang='grc' dir='ltr'>χώρας</span> <span class='ocrx_word' id='word_1_610' title='bbox 3361 3487 3694 3560; x_wconf 81' lang='grc' dir='ltr'>πρεσϐεύον-</span> <span class='ocrx_word' id='word_1_611' title='bbox 3765 3496 3770 3501; x_wconf 81' lang='grc'><em>”</em></span> 
     </span>
    </p>
   </div>
   <div class='ocr_carea' id='block_1_84' title="bbox 2114 3580 3698 3667">
    <p class='ocr_par' dir='ltr' id='par_1_84' title="bbox 2114 3580 3698 3667">
     <span class='ocr_line' id='line_1_84' title="bbox 2114 3580 3698 3667; baseline -0.016 -14"><span class='ocrx_word' id='word_1_612' title='bbox 2114 3617 2224 3662; x_wconf 83' lang='grc' dir='ltr'>τες.</span> <span class='ocrx_word' id='word_1_613' title='bbox 2264 3594 2725 3667; x_wconf 81' lang='grc' dir='ltr'>Αίσχυνθήσονται</span> <span class='ocrx_word' id='word_1_614' title='bbox 2753 3590 2812 3643; x_wconf 87' lang='grc' dir='ltr'>δὲ</span> <span class='ocrx_word' id='word_1_615' title='bbox 2852 3589 2959 3641; x_wconf 84' lang='grc' dir='ltr'>τῶν</span> <span class='ocrx_word' id='word_1_616' title='bbox 2996 3584 3257 3641; x_wconf 77' lang='grc' dir='ltr'>ἐναντίων</span> <span class='ocrx_word' id='word_1_617' title='bbox 3290 3580 3698 3652; x_wconf 81' lang='grc' dir='ltr'>γενησομένων,</span> 
     </span>
    </p>
   </div>
   <div class='ocr_carea' id='block_1_85' title="bbox 2116 3671 3700 3759">
    <p class='ocr_par' dir='ltr' id='par_1_85' title="bbox 2116 3671 3700 3759">
     <span class='ocr_line' id='line_1_85' title="bbox 2116 3671 3700 3759; baseline -0.018 -13"><span class='ocrx_word' id='word_1_618' title='bbox 2116 3691 2212 3748; x_wconf 71' lang='grc' dir='ltr'>καὶ</span> <span class='ocrx_word' id='word_1_619' title='bbox 2248 3686 2563 3759; x_wconf 74' lang='grc' dir='ltr'>ὀδυροῦνται</span> <span class='ocrx_word' id='word_1_620' title='bbox 2598 3683 2733 3755; x_wconf 73' lang='grc' dir='ltr'>πρὸς</span> <span class='ocrx_word' id='word_1_621' title='bbox 2774 3680 3056 3751; x_wconf 83' lang='grc' dir='ltr'>ἀλλήλους.</span> <span class='ocrx_word' id='word_1_622' title='bbox 3084 3675 3256 3729; x_wconf 82' lang='grc' dir='ltr'>Τοῦτο</span> <span class='ocrx_word' id='word_1_623' title='bbox 3277 3673 3386 3743; x_wconf 71' lang='grc' dir='ltr'>γὰρ</span> <span class='ocrx_word' id='word_1_624' title='bbox 3418 3671 3479 3725; x_wconf 76' lang='grc' dir='ltr'>τὸ</span> <span class='ocrx_word' id='word_1_625' title='bbox 3537 3684 3700 3759; x_wconf 72' lang='grc' dir='ltr'>συμ-</span> 
     </span>
    </p>
   </div>
   <div class='ocr_carea' id='block_1_86' title="bbox 2115 3758 3701 3854">
    <p class='ocr_par' dir='ltr' id='par_1_86' title="bbox 2115 3758 3701 3854">
     <span class='ocr_line' id='line_1_86' title="bbox 2115 3758 3701 3854; baseline -0.019 -17"><span class='ocrx_word' id='word_1_626' title='bbox 2115 3780 2517 3854; x_wconf 73' lang='grc' dir='ltr'>φοράσουσιν,</span> <span class='ocrx_word' id='word_1_627' title='bbox 2555 3776 2680 3829; x_wconf 74' lang='grc' dir='ltr'>οὐαὶ</span> <span class='ocrx_word' id='word_1_628' title='bbox 2713 3771 2899 3842; x_wconf 80' lang='grc' dir='ltr'>τυχὸν,</span> <span class='ocrx_word' id='word_1_629' title='bbox 2926 3769 3022 3823; x_wconf 73' lang='grc' dir='ltr'>καὶ</span> <span class='ocrx_word' id='word_1_630' title='bbox 3050 3764 3336 3837; x_wconf 76' lang='grc' dir='ltr'>συμφορᾶς</span> <span class='ocrx_word' id='word_1_631' title='bbox 3392 3758 3701 3854; x_wconf 60' lang='grc' dir='ltr'>προφέρονα</span> 
     </span>
    </p>
   </div>
   <div class='ocr_carea' id='block_1_87' title="bbox 2116 3851 3706 3950">
    <p class='ocr_par' dir='ltr' id='par_1_87' title="bbox 2116 3851 3706 3950">
     <span class='ocr_line' id='line_1_87' title="bbox 2116 3851 3706 3950; baseline -0.017 -23"><span class='ocrx_word' id='word_1_632' title='bbox 2116 3851 2207 3936; x_wconf 72' lang='grc' dir='ltr'><strong>τες</strong></span> <span class='ocrx_word' id='word_1_633' title='bbox 2239 3871 2483 3940; x_wconf 78' lang='grc' dir='ltr'>ῥήματα.</span> <span class='ocrx_word' id='word_1_634' title='bbox 2527 3864 2616 3932; x_wconf 77' lang='grc' dir='ltr'>Ἐξ</span> <span class='ocrx_word' id='word_1_635' title='bbox 2662 3862 2900 3933; x_wconf 82' lang='grc' dir='ltr'>ἀθυμίας</span> <span class='ocrx_word' id='word_1_636' title='bbox 2951 3859 3007 3912; x_wconf 83' lang='grc' dir='ltr'>δὲ</span> <span class='ocrx_word' id='word_1_637' title='bbox 3054 3853 3357 3950; x_wconf 56' lang='grc' dir='ltr'>αὐτῷνκτά</span> <span class='ocrx_word' id='word_1_638' title='bbox 3401 3851 3706 3950; x_wconf 52' lang='grc' dir='ltr'>πρόσωξα</span> 
     </span>
    </p>
   </div>
   <div class='ocr_carea' id='block_1_88' title="bbox 2121 3939 3701 4033">
    <p class='ocr_par' dir='ltr' id='par_1_88' title="bbox 2121 3939 3701 4033">
     <span class='ocr_line' id='line_1_88' title="bbox 2121 3939 3701 4033; baseline -0.02 -16"><span class='ocrx_word' id='word_1_639' title='bbox 2121 3939 2551 4033; x_wconf 73' lang='grc' dir='ltr'>μελανθήσεται,</span> <span class='ocrx_word' id='word_1_640' title='bbox 2586 3954 2661 4017; x_wconf 84' lang='grc' dir='ltr'>ὡς</span> <span class='ocrx_word' id='word_1_641' title='bbox 2682 3949 2894 4006; x_wconf 77' lang='grc' dir='ltr'>“σποδοῦ</span> <span class='ocrx_word' id='word_1_642' title='bbox 2933 3943 3301 4020; x_wconf 63' lang='grc' dir='ltr'>μαρανθείσης</span> <span class='ocrx_word' id='word_1_643' title='bbox 3333 3939 3584 4009; x_wconf 72' lang='grc' dir='ltr'>λείψανον</span> <span class='ocrx_word' id='word_1_644' title='bbox 3612 3939 3701 3988; x_wconf 74' lang='grc' dir='ltr'><strong>εἱ-</strong></span> 
     </span>
    </p>
   </div>
   <div class='ocr_carea' id='block_1_89' title="bbox 2117 4029 3702 4116">
    <p class='ocr_par' dir='ltr' id='par_1_89' title="bbox 2117 4029 3702 4116">
     <span class='ocr_line' id='line_1_89' title="bbox 2117 4029 3702 4116; baseline -0.017 -11"><span class='ocrx_word' id='word_1_645' title='bbox 2117 4029 2207 4107; x_wconf 79' lang='grc' dir='ltr'><strong>ναι</strong></span> <span class='ocrx_word' id='word_1_646' title='bbox 2242 4029 2460 4104; x_wconf 75' lang='grc' dir='ltr'>δοκεῖντ</span> <span class='ocrx_word' id='word_1_647' title='bbox 2512 4046 2546 4116; x_wconf 78' lang='grc' dir='ltr'><strong>ἢ</strong></span> <span class='ocrx_word' id='word_1_648' title='bbox 2586 4044 2681 4099; x_wconf 77' lang='grc' dir='ltr'>καὶ</span> <span class='ocrx_word' id='word_1_649' title='bbox 2708 4042 2770 4095; x_wconf 85' lang='grc' dir='ltr'><strong>τδ</strong></span> <span class='ocrx_word' id='word_1_650' title='bbox 2809 4042 2874 4093; x_wconf 79' lang='grc' dir='ltr'>ὲκ</span> <span class='ocrx_word' id='word_1_651' title='bbox 2917 4040 3015 4107; x_wconf 77' lang='grc' dir='ltr'>τῆς</span> <span class='ocrx_word' id='word_1_652' title='bbox 3060 4034 3323 4104; x_wconf 75' lang='grc' dir='ltr'>αἰσχύνης</span> <span class='ocrx_word' id='word_1_653' title='bbox 3365 4029 3702 4101; x_wconf 74' lang='grc' dir='ltr'>παρίστησιν</span> 
     </span>
    </p>
   </div>
   <div class='ocr_carea' id='block_1_90' title="bbox 2117 4119 3701 4214">
    <p class='ocr_par' dir='ltr' id='par_1_90' title="bbox 2117 4119 3701 4214">
     <span class='ocr_line' id='line_1_90' title="bbox 2117 4119 3701 4214; baseline -0.018 -18"><span class='ocrx_word' id='word_1_654' title='bbox 2117 4141 2360 4214; x_wconf 75' lang='grc' dir='ltr'>ἔρευθος.</span> <span class='ocrx_word' id='word_1_655' title='bbox 2399 4139 2661 4208; x_wconf 80' lang='grc' dir='ltr'>Ἔρχεται</span> <span class='ocrx_word' id='word_1_656' title='bbox 2690 4132 2800 4203; x_wconf 81' lang='grc' dir='ltr'><strong>γὰρ</strong></span> <span class='ocrx_word' id='word_1_657' title='bbox 2831 4128 3042 4200; x_wconf 76' lang='grc' dir='ltr'>καιρὸς,</span> <span class='ocrx_word' id='word_1_658' title='bbox 3078 4125 3201 4180; x_wconf 86' lang='grc' dir='ltr'>καθ’</span> <span class='ocrx_word' id='word_1_659' title='bbox 3233 4124 3292 4177; x_wconf 81' lang='grc' dir='ltr'>ὃν</span> <span class='ocrx_word' id='word_1_660' title='bbox 3320 4119 3701 4214; x_wconf 78' lang='grc' dir='ltr'>ἀπαραίτητος</span> 
     </span>
    </p>
   </div>
   <div class='ocr_carea' id='block_1_91' title="bbox 2118 4207 3700 4302">
    <p class='ocr_par' dir='ltr' id='par_1_91' title="bbox 2118 4207 3700 4302">
     <span class='ocr_line' id='line_1_91' title="bbox 2118 4207 3700 4302; baseline -0.017 -16"><span class='ocrx_word' id='word_1_661' title='bbox 2118 4207 2265 4302; x_wconf 61' lang='grc' dir='ltr'><strong>ὀργὴ</strong></span> <span class='ocrx_word' id='word_1_662' title='bbox 2308 4227 2456 4284; x_wconf 85' lang='grc' dir='ltr'>Θεοῦ</span> <span class='ocrx_word' id='word_1_663' title='bbox 2485 4225 2584 4295; x_wconf 82' lang='grc' dir='ltr'>τὴν</span> <span class='ocrx_word' id='word_1_664' title='bbox 2614 4224 2722 4277; x_wconf 83' lang='grc' dir='ltr'><strong>τῶν</strong></span> <span class='ocrx_word' id='word_1_665' title='bbox 2765 4218 3049 4276; x_wconf 84' lang='grc' dir='ltr'>Χαλδαίων</span> <span class='ocrx_word' id='word_1_666' title='bbox 3089 4216 3219 4282; x_wconf 82' lang='grc' dir='ltr'>ὃλην</span> <span class='ocrx_word' id='word_1_667' title='bbox 3250 4211 3556 4302; x_wconf 62' lang='grc' dir='ltr'>ἐρημώσει</span> <span class='ocrx_word' id='word_1_668' title='bbox 3585 4207 3700 4276; x_wconf 83' lang='grc' dir='ltr'><strong>χώ-</strong></span> 
     </span>
    </p>
   </div>
   <div class='ocr_carea' id='block_1_92' title="bbox 2111 4298 3696 4394">
    <p class='ocr_par' dir='ltr' id='par_1_92' title="bbox 2111 4298 3696 4394">
     <span class='ocr_line' id='line_1_92' title="bbox 2111 4298 3696 4394; baseline -0.017 -16"><span class='ocrx_word' id='word_1_669' title='bbox 2111 4298 2249 4394; x_wconf 59' lang='lat' dir='ltr'><strong>pair,</strong></span> <span class='ocrx_word' id='word_1_670' title='bbox 2284 4320 2383 4375; x_wconf 77' lang='grc' dir='ltr'><strong>καί</strong></span> <span class='ocrx_word' id='word_1_671' title='bbox 2430 4319 2571 4384; x_wconf 86' lang='grc' dir='ltr'>τοὺς</span> <span class='ocrx_word' id='word_1_672' title='bbox 2614 4311 2999 4386; x_wconf 73' lang='grc' dir='ltr'>ἁμαρτωλοὺς</span> <span class='ocrx_word' id='word_1_673' title='bbox 3036 4308 3104 4374; x_wconf 77' lang='grc' dir='ltr'><strong>ἐξ</strong></span> <span class='ocrx_word' id='word_1_674' title='bbox 3140 4298 3696 4394; x_wconf 32' lang='grc' dir='ltr'>αὐτῆς-ἀπολέσειε</span> 
     </span>
    </p>
   </div>
   <div class='ocr_carea' id='block_1_93' title="bbox 2118 4389 3704 4479">
    <p class='ocr_par' dir='ltr' id='par_1_93' title="bbox 2118 4389 3704 4479">
     <span class='ocr_line' id='line_1_93' title="bbox 2118 4389 3704 4479; baseline -0.018 -8"><span class='ocrx_word' id='word_1_675' title='bbox 2118 4389 2263 4471; x_wconf 75' lang='grc' dir='ltr'>τοῦτ’</span> <span class='ocrx_word' id='word_1_676' title='bbox 2293 4415 2430 4479; x_wconf 77' lang='grc' dir='ltr'>ἔστι,</span> <span class='ocrx_word' id='word_1_677' title='bbox 2467 4411 2677 4473; x_wconf 79' lang='grc' dir='ltr'>πάντας</span> <span class='ocrx_word' id='word_1_678' title='bbox 2706 4407 2867 4468; x_wconf 75' lang='grc' dir='ltr'>ὄντας</span> <span class='ocrx_word' id='word_1_679' title='bbox 2902 4400 3262 4474; x_wconf 73' lang='grc' dir='ltr'>ἁμαρτωλοὺς</span> <span class='ocrx_word' id='word_1_680' title='bbox 3295 4395 3569 4450; x_wconf 77' lang='grc' dir='ltr'>ἀπολέσει.</span> <span class='ocrx_word' id='word_1_681' title='bbox 3619 4389 3704 4479; x_wconf 57' lang='lat' dir='ltr'><strong>Oi)</strong></span> 
     </span>
    </p>
   </div>
   <div class='ocr_carea' id='block_1_94' title="bbox 2119 4477 3708 4579">
    <p class='ocr_par' dir='ltr' id='par_1_94' title="bbox 2119 4477 3708 4579">
     <span class='ocr_line' id='line_1_94' title="bbox 2119 4477 3708 4579; baseline -0.021 -17"><span class='ocrx_word' id='word_1_682' title='bbox 2119 4508 2229 4579; x_wconf 77' lang='grc' dir='ltr'><strong>γὰρ</strong></span> <span class='ocrx_word' id='word_1_683' title='bbox 2261 4477 2685 4561; x_wconf 78' lang='grc' dir='ltr'>ἀντιδιαστέλλεί</span> <span class='ocrx_word' id='word_1_684' title='bbox 2717 4498 2947 4559; x_wconf 73' lang='grc' dir='ltr'>δικαίοις</span> <span class='ocrx_word' id='word_1_685' title='bbox 2976 4490 3125 4548; x_wconf 80' lang='grc' dir='ltr'>οὖσιν</span> <span class='ocrx_word' id='word_1_686' title='bbox 3163 4493 3223 4543; x_wconf 77' lang='grc' dir='ltr'>ὲν</span> <span class='ocrx_word' id='word_1_687' title='bbox 3254 4477 3708 4579; x_wconf 40' lang='grc' dir='ltr'>Βαϐυλῶν-ι.“1ξαὶ</span> 
     </span>
    </p>
   </div>
   <div class='ocr_carea' id='block_1_95' title="bbox 2114 4568 3705 4663">
    <p class='ocr_par' dir='ltr' id='par_1_95' title="bbox 2114 4568 3705 4663">
     <span class='ocr_line' id='line_1_95' title="bbox 2114 4568 3705 4663; baseline -0.019 -14"><span class='ocrx_word' id='word_1_688' title='bbox 2114 4568 2209 4649; x_wconf 61' lang='grc' dir='ltr'>ἐπί</span> <span class='ocrx_word' id='word_1_689' title='bbox 2241 4605 2259 4626; x_wconf 84' lang='grc'><strong><em>⁸</em></strong></span> <span class='ocrx_word' id='word_1_690' title='bbox 2308 4594 2378 4648; x_wconf 72' lang='grc' dir='ltr'>τὰ</span> <span class='ocrx_word' id='word_1_691' title='bbox 2410 4590 2616 4663; x_wconf 74' lang='grc' dir='ltr'>μεγέθη</span> <span class='ocrx_word' id='word_1_692' title='bbox 2647 4588 2760 4643; x_wconf 84' lang='grc' dir='ltr'><strong>τῶν</strong></span> <span class='ocrx_word' id='word_1_693' title='bbox 2790 4582 3103 4657; x_wconf 79' lang='grc' dir='ltr'>συμφορῶν,</span> <span class='ocrx_word' id='word_1_694' title='bbox 3135 4579 3323 4634; x_wconf 84' lang='grc' dir='ltr'>σκότου</span> <span class='ocrx_word' id='word_1_695' title='bbox 3357 4574 3450 4629; x_wconf 74' lang='grc' dir='ltr'>καὶ</span> <span class='ocrx_word' id='word_1_696' title='bbox 3495 4568 3705 4663; x_wconf 81' lang='grc' dir='ltr'>ἀχλύος</span> 
     </span>
    </p>
   </div>
   <div class='ocr_carea' id='block_1_96' title="bbox 447 4659 2008 4757">
    <p class='ocr_par' dir='ltr' id='par_1_96' title="bbox 447 4676 2008 4749">
     <span class='ocr_line' id='line_1_96' title="bbox 447 4676 2008 4749; baseline 0.003 -19"><span class='ocrx_word' id='word_1_697' title='bbox 447 4676 591 4733; x_wconf 81' lang='lat' dir='ltr'><strong>latus</strong></span> <span class='ocrx_word' id='word_1_698' title='bbox 615 4678 879 4748; x_wconf 83' lang='lat' dir='ltr'><strong>regionem</strong></span> <span class='ocrx_word' id='word_1_699' title='bbox 902 4679 1155 4745; x_wconf 77' lang='lat' dir='ltr'><strong>vastabit,</strong></span> <span class='ocrx_word' id='word_1_700' title='bbox 1178 4685 1583 4749; x_wconf 78' lang='lat' dir='ltr'><strong>peccatoresque</strong></span> <span class='ocrx_word' id='word_1_701' title='bbox 1613 4678 1797 4747; x_wconf 78' lang='lat' dir='ltr'><strong>perdet</strong></span> <span class='ocrx_word' id='word_1_702' title='bbox 1816 4694 1882 4734; x_wconf 75' lang='lat' dir='ltr'><strong>ea:</strong></span> <span class='ocrx_word' id='word_1_703' title='bbox 1910 4697 1974 4735; x_wconf 84' lang='lat' dir='ltr'><strong>ea</strong></span> <span class='ocrx_word' id='word_1_704' title='bbox 1996 4700 2008 4748; x_wconf 80' lang='lat'><em>;</em></span> 
     </span>
    </p>
   </div>
   <div class='ocr_carea' id='block_1_97' title="bbox 2109 4659 3706 4757">
    <p class='ocr_par' dir='ltr' id='par_1_97' title="bbox 2115 4659 3706 4757">
     <span class='ocr_line' id='line_1_97' title="bbox 2115 4659 3706 4757; baseline -0.019 -15"><span class='ocrx_word' id='word_1_705' title='bbox 2115 4688 2205 4742; x_wconf 83' lang='grc' dir='ltr'>τὸν</span> <span class='ocrx_word' id='word_1_706' title='bbox 2234 4659 2575 4757; x_wconf 56' lang='grc' dir='ltr'>ἀνθρώπινον</span> <span class='ocrx_word' id='word_1_707' title='bbox 2600 4678 3026 4748; x_wconf 82' lang='grc' dir='ltr'>καταπίμπλησι</span> <span class='ocrx_word' id='word_1_708' title='bbox 3059 4672 3205 4736; x_wconf 81' lang='grc' dir='ltr'>νοῦν,</span> <span class='ocrx_word' id='word_1_709' title='bbox 3246 4669 3348 4723; x_wconf 78' lang='grc' dir='ltr'>κᾶν</span> <span class='ocrx_word' id='word_1_710' title='bbox 3376 4667 3404 4719; x_wconf 76' lang='grc' dir='ltr'>ὁ</span> <span class='ocrx_word' id='word_1_711' title='bbox 3433 4664 3530 4757; x_wconf 76' lang='grc' dir='ltr'>τῆς</span> <span class='ocrx_word' id='word_1_712' title='bbox 3543 4659 3706 4757; x_wconf 30' lang='grc' dir='ltr'><strong>*ἡμέ-</strong></span> 
     </span>
    </p>
   </div>
   <div class='ocr_carea' id='block_1_98' title="bbox 446 4767 2018 4840">
    <p class='ocr_par' dir='ltr' id='par_1_98' title="bbox 446 4767 2018 4840">
     <span class='ocr_line' id='line_1_98' title="bbox 446 4767 2018 4840; baseline 0.006 -19"><span class='ocrx_word' id='word_1_713' title='bbox 446 4768 594 4840; x_wconf 87' lang='lat' dir='ltr'><strong>quod</strong></span> <span class='ocrx_word' id='word_1_714' title='bbox 622 4778 770 4824; x_wconf 87' lang='lat' dir='ltr'><strong>certe</strong></span> <span class='ocrx_word' id='word_1_715' title='bbox 800 4767 944 4825; x_wconf 88' lang='lat' dir='ltr'><strong>idem</strong></span> <span class='ocrx_word' id='word_1_716' title='bbox 994 4780 1100 4837; x_wconf 87' lang='lat' dir='ltr'><strong>est,</strong></span> <span class='ocrx_word' id='word_1_717' title='bbox 1141 4784 1205 4826; x_wconf 89' lang='lat' dir='ltr'><strong>ac</strong></span> <span class='ocrx_word' id='word_1_718' title='bbox 1233 4770 1282 4825; x_wconf 86' lang='lat' dir='ltr'><strong>si</strong></span> <span class='ocrx_word' id='word_1_719' title='bbox 1357 4771 1618 4827; x_wconf 83' lang='lat' dir='ltr'><strong>scelerate</strong></span> <span class='ocrx_word' id='word_1_720' title='bbox 1651 4771 1899 4829; x_wconf 83' lang='lat' dir='ltr'><strong>viventes</strong></span> <span class='ocrx_word' id='word_1_721' title='bbox 1948 4773 2018 4830; x_wconf 88' lang='lat' dir='ltr'><strong>ad</strong></span> 
     </span>
    </p>
   </div>
   <div class='ocr_carea' id='block_1_99' title="bbox 2117 4752 3711 4850">
    <p class='ocr_par' dir='ltr' id='par_1_99' title="bbox 2117 4752 3711 4850">
     <span class='ocr_line' id='line_1_99' title="bbox 2117 4752 3711 4850; baseline -0.021 -17"><span class='ocrx_word' id='word_1_722' title='bbox 2117 4795 2217 4850; x_wconf 85' lang='grc' dir='ltr'><strong>ρας</strong></span> <span class='ocrx_word' id='word_1_723' title='bbox 2244 4752 2383 4847; x_wconf 65' lang='grc' dir='ltr'>τύχη</span> <span class='ocrx_word' id='word_1_724' title='bbox 2429 4773 2643 4843; x_wconf 68' lang='grc' dir='ltr'>καιρὸς,</span> <span class='ocrx_word' id='word_1_725' title='bbox 2666 4770 2775 4824; x_wconf 84' lang='grc' dir='ltr'>κᾶν</span> <span class='ocrx_word' id='word_1_726' title='bbox 2798 4767 2995 4837; x_wconf 79' lang='grc' dir='ltr'>σελήνῃ</span> <span class='ocrx_word' id='word_1_727' title='bbox 3031 4764 3126 4819; x_wconf 71' lang='grc' dir='ltr'>καὶ</span> <span class='ocrx_word' id='word_1_728' title='bbox 3164 4761 3386 4830; x_wconf 73' lang='grc' dir='ltr'>ἄστροις</span> <span class='ocrx_word' id='word_1_729' title='bbox 3412 4756 3446 4825; x_wconf 77' lang='grc' dir='ltr'>ἡ</span> <span class='ocrx_word' id='word_1_730' title='bbox 3470 4752 3567 4816; x_wconf 76' lang='grc' dir='ltr'><strong>νὺξ</strong></span> <span class='ocrx_word' id='word_1_731' title='bbox 3599 4767 3711 4850; x_wconf 71' lang='grc' dir='ltr'>κα-</span> 
     </span>
    </p>
   </div>
   <div class='ocr_carea' id='block_1_100' title="bbox 449 4838 2008 4940">
    <p class='ocr_par' dir='ltr' id='par_1_100' title="bbox 449 4838 2008 4935">
     <span class='ocr_line' id='line_1_100' title="bbox 449 4838 2008 4935; baseline 0.004 -19"><span class='ocrx_word' id='word_1_732' title='bbox 449 4838 617 4916; x_wconf 76' lang='lat' dir='ltr'><strong>unum</strong></span> <span class='ocrx_word' id='word_1_733' title='bbox 656 4875 850 4918; x_wconf 86' lang='lat' dir='ltr'><strong>omnes</strong></span> <span class='ocrx_word' id='word_1_734' title='bbox 864 4862 1172 4919; x_wconf 82' lang='lat' dir='ltr'><strong>deleturum</strong></span> <span class='ocrx_word' id='word_1_735' title='bbox 1202 4878 1262 4920; x_wconf 88' lang='lat' dir='ltr'><strong>se</strong></span> <span class='ocrx_word' id='word_1_736' title='bbox 1288 4862 1460 4919; x_wconf 89' lang='lat' dir='ltr'><strong>dicat.</strong></span> <span class='ocrx_word' id='word_1_737' title='bbox 1490 4860 1678 4932; x_wconf 82' lang='lat' dir='ltr'><strong>Neque</strong></span> <span class='ocrx_word' id='word_1_738' title='bbox 1696 4866 1839 4921; x_wconf 89' lang='lat' dir='ltr'><strong>enim</strong></span> <span class='ocrx_word' id='word_1_739' title='bbox 1857 4867 2008 4935; x_wconf 84' lang='lat' dir='ltr'><strong>quid-</strong></span> 
     </span>
    </p>
   </div>
   <div class='ocr_carea' id='block_1_101' title="bbox 2109 4838 3701 4940">
    <p class='ocr_par' dir='ltr' id='par_1_101' title="bbox 2112 4838 3701 4940">
     <span class='ocr_line' id='line_1_101' title="bbox 2112 4838 3701 4940; baseline -0.021 -16"><span class='ocrx_word' id='word_1_740' title='bbox 2112 4838 2490 4940; x_wconf 62' lang='grc' dir='ltr'>ταλάμπηται,</span> <span class='ocrx_word' id='word_1_741' title='bbox 2529 4838 2729 4919; x_wconf 63' lang='grc' dir='ltr'>τούτου</span> <span class='ocrx_word' id='word_1_742' title='bbox 2773 4860 2935 4932; x_wconf 79' lang='grc' dir='ltr'>χάριν</span> <span class='ocrx_word' id='word_1_743' title='bbox 2964 4853 3138 4919; x_wconf 79' lang='grc' dir='ltr'>ταῦτά</span> <span class='ocrx_word' id='word_1_744' title='bbox 3178 4867 3352 4940; x_wconf 67' lang='grc' dir='ltr'>φησιὶ</span> <span class='ocrx_word' id='word_1_745' title='bbox 3372 4838 3701 4940; x_wconf 52' lang='grc' dir='ltr'>σκοτισθή-</span> 
     </span>
    </p>
   </div>
   <div class='ocr_carea' id='block_1_102' title="bbox 448 4955 2014 5031">
    <p class='ocr_par' dir='ltr' id='par_1_102' title="bbox 448 4955 2014 5031">
     <span class='ocr_line' id='line_1_102' title="bbox 448 4955 2014 5031; baseline 0.005 -22"><span class='ocrx_word' id='word_1_746' title='bbox 448 4969 616 5026; x_wconf 87' lang='lat' dir='ltr'><strong>quam</strong></span> <span class='ocrx_word' id='word_1_747' title='bbox 654 4955 995 5012; x_wconf 85' lang='lat' dir='ltr'><strong>discriminis</strong></span> <span class='ocrx_word' id='word_1_748' title='bbox 1030 4958 1205 5029; x_wconf 81' lang='lat' dir='ltr'><strong>gratia</strong></span> <span class='ocrx_word' id='word_1_749' title='bbox 1230 4955 1465 5023; x_wconf 89' lang='lat' dir='ltr'><strong>addidit,</strong></span> <span class='ocrx_word' id='word_1_750' title='bbox 1519 4957 1801 5029; x_wconf 85' lang='lat' dir='ltr'><strong>quijustis</strong></span> <span class='ocrx_word' id='word_1_751' title='bbox 1830 4960 2014 5031; x_wconf 82' lang='lat' dir='ltr'><strong>Baby-</strong></span> 
     </span>
    </p>
   </div>
   <div class='ocr_carea' id='block_1_103' title="bbox 382 5046 2019 5119">
    <p class='ocr_par' dir='ltr' id='par_1_103' title="bbox 382 5046 2019 5119">
     <span class='ocr_line' id='line_1_103' title="bbox 382 5046 2019 5119; baseline 0.005 -22"><span class='ocrx_word' id='word_1_752' title='bbox 382 5088 397 5119; x_wconf 14' lang='grc' dir='ltr'>ν.</span> <span class='ocrx_word' id='word_1_753' title='bbox 448 5046 630 5103; x_wconf 90' lang='lat' dir='ltr'><strong>lonem</strong></span> <span class='ocrx_word' id='word_1_754' title='bbox 657 5046 879 5102; x_wconf 86' lang='lat' dir='ltr'><strong>destitui</strong></span> <span class='ocrx_word' id='word_1_755' title='bbox 908 5064 1017 5104; x_wconf 92' lang='lat' dir='ltr'><strong>non</strong></span> <span class='ocrx_word' id='word_1_756' title='bbox 1040 5049 1347 5119; x_wconf 87' lang='lat' dir='ltr'><strong>ignorabat.</strong></span> <span class='ocrx_word' id='word_1_757' title='bbox 1393 5047 1529 5116; x_wconf 88' lang='lat' dir='ltr'><strong>Quia</strong></span> <span class='ocrx_word' id='word_1_758' title='bbox 1560 5049 1761 5107; x_wconf 87' lang='lat' dir='ltr'><strong>deinde</strong></span> <span class='ocrx_word' id='word_1_759' title='bbox 1793 5051 2019 5106; x_wconf 87' lang='lat' dir='ltr'><strong>calami-</strong></span> 
     </span>
    </p>
   </div>
   <div class='ocr_carea' id='block_1_104' title="bbox 388 5120 2018 5206">
    <p class='ocr_par' dir='ltr' id='par_1_104' title="bbox 388 5120 2018 5206">
     <span class='ocr_line' id='line_1_104' title="bbox 388 5120 2018 5206; baseline 0.002 -19"><span class='ocrx_word' id='word_1_760' title='bbox 388 5120 402 5171; x_wconf 63' lang='lat'><strong>&#39;~‘</strong></span> <span class='ocrx_word' id='word_1_761' title='bbox 453 5142 622 5188; x_wconf 83' lang='lat' dir='ltr'><strong>latum</strong></span> <span class='ocrx_word' id='word_1_762' title='bbox 683 5134 999 5205; x_wconf 87' lang='lat' dir='ltr'><strong>magnitudo</strong></span> <span class='ocrx_word' id='word_1_763' title='bbox 1046 5137 1134 5191; x_wconf 90' lang='lat' dir='ltr'><strong>vel</strong></span> <span class='ocrx_word' id='word_1_764' title='bbox 1175 5136 1298 5205; x_wconf 89' lang='lat' dir='ltr'><strong>ipso</strong></span> <span class='ocrx_word' id='word_1_765' title='bbox 1327 5136 1433 5192; x_wconf 90' lang='lat' dir='ltr'><strong>diei</strong></span> <span class='ocrx_word' id='word_1_766' title='bbox 1467 5143 1734 5206; x_wconf 86' lang='lat' dir='ltr'><strong>tempore,</strong></span> <span class='ocrx_word' id='word_1_767' title='bbox 1758 5137 1842 5193; x_wconf 90' lang='lat' dir='ltr'><strong>vel</strong></span> <span class='ocrx_word' id='word_1_768' title='bbox 1890 5152 2018 5192; x_wconf 90' lang='lat' dir='ltr'><strong>cum</strong></span> 
     </span>
    </p>
   </div>
   <div class='ocr_carea' id='block_1_105' title="bbox 453 5223 2018 5295">
    <p class='ocr_par' dir='ltr' id='par_1_105' title="bbox 453 5223 2018 5295">
     <span class='ocr_line' id='line_1_105' title="bbox 453 5223 2018 5295; baseline 0.004 -18"><span class='ocrx_word' id='word_1_769' title='bbox 453 5223 581 5277; x_wconf 86' lang='lat' dir='ltr'><strong>luna</strong></span> <span class='ocrx_word' id='word_1_770' title='bbox 612 5226 895 5295; x_wconf 83' lang='lat' dir='ltr'><strong>stellisque</strong></span> <span class='ocrx_word' id='word_1_771' title='bbox 927 5243 1036 5281; x_wconf 88' lang='lat' dir='ltr'><strong>nox</strong></span> <span class='ocrx_word' id='word_1_772' title='bbox 1061 5227 1409 5294; x_wconf 87' lang='lat' dir='ltr'><strong>illustratur;</strong></span> <span class='ocrx_word' id='word_1_773' title='bbox 1455 5230 1709 5285; x_wconf 87' lang='lat' dir='ltr'><strong>tenebras</strong></span> <span class='ocrx_word' id='word_1_774' title='bbox 1733 5228 2018 5284; x_wconf 84' lang='lat' dir='ltr'><strong>hominum</strong></span> 
     </span>
    </p>
   </div>
   <div class='ocr_carea' id='block_1_106' title="bbox 452 5316 2019 5391">
    <p class='ocr_par' dir='ltr' id='par_1_106' title="bbox 452 5316 2019 5391">
     <span class='ocr_line' id='line_1_106' title="bbox 452 5316 2019 5391; baseline 0.001 -19"><span class='ocrx_word' id='word_1_775' title='bbox 452 5316 650 5373; x_wconf 87' lang='lat' dir='ltr'><strong>animis</strong></span> <span class='ocrx_word' id='word_1_776' title='bbox 696 5328 752 5373; x_wconf 88' lang='lat' dir='ltr'><strong>et</strong></span> <span class='ocrx_word' id='word_1_777' title='bbox 798 5320 1088 5391; x_wconf 85' lang='lat' dir='ltr'><strong>caliginem</strong></span> <span class='ocrx_word' id='word_1_778' title='bbox 1142 5319 1409 5388; x_wconf 73' lang='lat' dir='ltr'><strong>offundit;</strong></span> <span class='ocrx_word' id='word_1_779' title='bbox 1444 5319 1593 5386; x_wconf 90' lang='lat' dir='ltr'><strong>ideo,</strong></span> <span class='ocrx_word' id='word_1_780' title='bbox 1665 5336 1773 5376; x_wconf 92' lang='lat' dir='ltr'><strong>non</strong></span> <span class='ocrx_word' id='word_1_781' title='bbox 1822 5330 2019 5375; x_wconf 88' lang='lat' dir='ltr'><strong>natura</strong></span> 
     </span>
    </p>
   </div>
   <div class='ocr_carea' id='block_1_107' title="bbox 428 5451 1835 5571">
    <p class='ocr_par' dir='ltr' id='par_1_107' title="bbox 428 5451 1835 5571">
     <span class='ocr_line' id='line_1_107' title="bbox 428 5451 1835 5571; baseline 0.002 -24"><span class='ocrx_word' id='word_1_782' title='bbox 428 5553 436 5562; x_wconf 54' lang='grc'><strong>,</strong></span> <span class='ocrx_word' id='word_1_783' title='bbox 521 5493 569 5526; x_wconf 80' lang='grc'><strong>⁸⁸</strong></span> <span class='ocrx_word' id='word_1_784' title='bbox 596 5490 636 5547; x_wconf 83' lang='grc' dir='ltr'>ιι</span> <span class='ocrx_word' id='word_1_785' title='bbox 664 5493 809 5571; x_wconf 76' lang='lat' dir='ltr'><strong>Tim.</strong></span> <span class='ocrx_word' id='word_1_786' title='bbox 842 5514 902 5564; x_wconf 83' lang='lat' dir='ltr'><strong>lt,</strong></span> <span class='ocrx_word' id='word_1_787' title='bbox 940 5497 1023 5563; x_wconf 81' lang='grc'><strong>16,</strong></span> <span class='ocrx_word' id='word_1_788' title='bbox 1059 5498 1143 5552; x_wconf 90' lang='lat' dir='ltr'><strong>l7.</strong></span> <span class='ocrx_word' id='word_1_789' title='bbox 1219 5499 1264 5530; x_wconf 81' lang='grc'><strong>⁸⁷</strong></span> <span class='ocrx_word' id='word_1_790' title='bbox 1301 5496 1460 5552; x_wconf 81' lang='lat' dir='ltr'><strong>Rom.</strong></span> <span class='ocrx_word' id='word_1_791' title='bbox 1499 5513 1613 5563; x_wconf 78' lang='lat' dir='ltr'><strong>xvi,</strong></span> <span class='ocrx_word' id='word_1_792' title='bbox 1644 5496 1737 5551; x_wconf 74' lang='lat'><strong>20.</strong></span> <span class='ocrx_word' id='word_1_793' title='bbox 1829 5451 1835 5458; x_wconf 30' lang='lat'><strong><em>&#39;</em></strong></span> 
     </span>
    </p>
   </div>
   <div class='ocr_carea' id='block_1_108' title="bbox 2112 4929 3712 5026">
    <p class='ocr_par' dir='ltr' id='par_1_108' title="bbox 2112 4929 3712 5026">
     <span class='ocr_line' id='line_1_108' title="bbox 2112 4929 3712 5026; baseline -0.021 -11"><span class='ocrx_word' id='word_1_794' title='bbox 2112 4929 2302 5024; x_wconf 62' lang='lat' dir='ltr'><strong>astat,</strong></span> <span class='ocrx_word' id='word_1_795' title='bbox 2335 4929 2395 5012; x_wconf 64' lang='lat' dir='ltr'><strong>oi»</strong></span> <span class='ocrx_word' id='word_1_796' title='bbox 2427 4954 2614 5026; x_wconf 77' lang='grc' dir='ltr'>φύσει,</span> <span class='ocrx_word' id='word_1_797' title='bbox 2646 4929 2861 5006; x_wconf 19' lang='grc' dir='ltr'><strong>τῶννδὲ</strong></span> <span class='ocrx_word' id='word_1_798' title='bbox 2904 4937 3440 5018; x_wconf 27' lang='grc' dir='ltr'>ἀθυμύντωντοῦτω</span> <span class='ocrx_word' id='word_1_799' title='bbox 3481 4929 3712 5026; x_wconf 66' lang='grc' dir='ltr'>δοκούν-</span> 
     </span>
    </p>
   </div>
   <div class='ocr_carea' id='block_1_109' title="bbox 2124 5016 3707 5120">
    <p class='ocr_par' dir='ltr' id='par_1_109' title="bbox 2124 5016 3707 5120">
     <span class='ocr_line' id='line_1_109' title="bbox 2124 5016 3707 5120; baseline -0.015 -14"><span class='ocrx_word' id='word_1_800' title='bbox 2124 5068 2234 5106; x_wconf 86' lang='grc' dir='ltr'><strong>των</strong></span> <span class='ocrx_word' id='word_1_801' title='bbox 2263 5016 2419 5120; x_wconf 67' lang='grc' dir='ltr'>δρᾷν.</span> <span class='ocrx_word' id='word_1_802' title='bbox 2439 5016 2538 5100; x_wconf 50' lang='grc' dir='ltr'><strong>’Τὸ</strong></span> <span class='ocrx_word' id='word_1_803' title='bbox 2566 5044 2647 5108; x_wconf 74' lang='grc' dir='ltr'>δὲ,</span> <span class='ocrx_word' id='word_1_804' title='bbox 2683 5016 3075 5108; x_wconf 64' lang='grc' dir='ltr'>Ἐντελοῦμαι</span> <span class='ocrx_word' id='word_1_805' title='bbox 3122 5029 3301 5097; x_wconf 81' lang='grc' dir='ltr'>κακὰ,</span> <span class='ocrx_word' id='word_1_806' title='bbox 3336 5028 3371 5100; x_wconf 76' lang='grc' dir='ltr'><strong>ἢ</strong></span> <span class='ocrx_word' id='word_1_807' title='bbox 3579 5016 3707 5083; x_wconf 74' lang='grc' dir='ltr'>τοῦ.</span> 
     </span>
    </p>
   </div>
   <div class='ocr_carea' id='block_1_110' title="bbox 2124 5112 3711 5212">
    <p class='ocr_par' dir='ltr' id='par_1_110' title="bbox 2124 5112 3711 5212">
     <span class='ocr_line' id='line_1_110' title="bbox 2124 5112 3711 5212; baseline -0.018 -16"><span class='ocrx_word' id='word_1_808' title='bbox 2124 5112 2407 5212; x_wconf 55' lang='grc' dir='ltr'>ἀπειλήσω</span> <span class='ocrx_word' id='word_1_809' title='bbox 2427 5155 2440 5169; x_wconf 87' lang='grc'><strong>·</strong></span> <span class='ocrx_word' id='word_1_810' title='bbox 2468 5138 2502 5210; x_wconf 84' lang='grc' dir='ltr'>ἢ</span> <span class='ocrx_word' id='word_1_811' title='bbox 2541 5133 2908 5205; x_wconf 80' lang='grc' dir='ltr'>ἀπενεχθῆναι</span> <span class='ocrx_word' id='word_1_812' title='bbox 2958 5124 3269 5201; x_wconf 75' lang='grc' dir='ltr'>προστάξω.</span> <span class='ocrx_word' id='word_1_813' title='bbox 3301 5112 3711 5212; x_wconf 34' lang='grc' dir='ltr'><strong>Δι’ςρρίωνῗ·</strong></span> 
     </span>
    </p>
   </div>
   <div class='ocr_carea' id='block_1_111' title="bbox 2123 5197 3710 5298">
    <p class='ocr_par' dir='ltr' id='par_1_111' title="bbox 2123 5197 3710 5298">
     <span class='ocr_line' id='line_1_111' title="bbox 2123 5197 3710 5298; baseline -0.021 -13"><span class='ocrx_word' id='word_1_814' title='bbox 2123 5232 2202 5295; x_wconf 78' lang='grc' dir='ltr'>δὲ,</span> <span class='ocrx_word' id='word_1_815' title='bbox 2242 5197 2322 5283; x_wconf 68' lang='grc' dir='ltr'><strong>’1ςά¹</strong></span> <span class='ocrx_word' id='word_1_816' title='bbox 2355 5197 2585 5298; x_wconf 75' lang='grc' dir='ltr'>λαμπρά</span> <span class='ocrx_word' id='word_1_817' title='bbox 2608 5197 3015 5290; x_wconf 36' lang='grc' dir='ltr'>τῶν-ἀστέρων-</span> <span class='ocrx_word' id='word_1_818' title='bbox 3050 5217 3341 5284; x_wconf 75' lang='grc' dir='ltr'>ἐδήλωσεν.</span> <span class='ocrx_word' id='word_1_819' title='bbox 3393 5204 3602 5298; x_wconf 71' lang='grc' dir='ltr'>Ἄλλως</span> <span class='ocrx_word' id='word_1_820' title='bbox 3645 5197 3710 5251; x_wconf 69' lang='grc' dir='ltr'>δὲ</span> 
     </span>
    </p>
   </div>
   <div class='ocr_carea' id='block_1_112' title="bbox 2127 5293 3709 5393">
    <p class='ocr_par' dir='ltr' id='par_1_112' title="bbox 2127 5293 3709 5393">
     <span class='ocr_line' id='line_1_112' title="bbox 2127 5293 3709 5393; baseline -0.021 -17"><span class='ocrx_word' id='word_1_821' title='bbox 2127 5293 2259 5393; x_wconf 79' lang='grc' dir='ltr'>παρ’</span> <span class='ocrx_word' id='word_1_822' title='bbox 2302 5293 2576 5391; x_wconf 73' lang='grc' dir='ltr'>Ἑϐραίοις</span> <span class='ocrx_word' id='word_1_823' title='bbox 2604 5317 2665 5370; x_wconf 69' lang='grc' dir='ltr'>τὸ</span> <span class='ocrx_word' id='word_1_824' title='bbox 2691 5315 2890 5386; x_wconf 85' lang='grc' dir='ltr'>ἀστρον</span> <span class='ocrx_word' id='word_1_825' title='bbox 2920 5310 3080 5366; x_wconf 77' lang='grc' dir='ltr'>τοῦτο</span> <span class='ocrx_word' id='word_1_826' title='bbox 3110 5303 3425 5374; x_wconf 78' lang='grc' dir='ltr'>λεγόμενον,</span> <span class='ocrx_word' id='word_1_827' title='bbox 3456 5296 3504 5350; x_wconf 76' lang='lat' dir='ltr'><strong>oi</strong></span> <span class='ocrx_word' id='word_1_828' title='bbox 3532 5293 3709 5387; x_wconf 53' lang='lat'><strong>£9917-</strong></span> 
     </span>
    </p>
   </div>
   <div class='ocr_carea' id='block_1_113' title="bbox 3701 5470 3759 5512">
    <p class='ocr_par' dir='ltr' id='par_1_113' title="bbox 3701 5470 3759 5512">
     <span class='ocr_line' id='line_1_113' title="bbox 3701 5470 3759 5512; baseline 0 -25"><span class='ocrx_word' id='word_1_829' title='bbox 3701 5470 3716 5512; x_wconf 72' lang='lat'><strong>,</strong></span> <span class='ocrx_word' id='word_1_830' title='bbox 3750 5474 3759 5487; x_wconf 87' lang='lat'><strong>.</strong></span> 
     </span>
    </p>
   </div>
   <div class='ocr_carea' id='block_1_114' title="bbox 1751 5578 2412 5638">
    <p class='ocr_par' dir='ltr' id='par_1_114' title="bbox 1751 5578 2412 5638">
     <span class='ocr_line' id='line_1_114' title="bbox 1751 5578 2412 5638; baseline -0.008 0"><span class='ocrx_word' id='word_1_831' title='bbox 1751 5579 1985 5638; x_wconf 66' lang='grc' dir='ltr'>νΑιιιΑε</span> <span class='ocrx_word' id='word_1_832' title='bbox 2006 5578 2412 5636; x_wconf 72' lang='lat' dir='ltr'><strong>LECTIONES.</strong></span> 
     </span>
    </p>
   </div>
   <div class='ocr_carea' id='block_1_115' title="bbox 542 5679 858 5750">
    <p class='ocr_par' dir='ltr' id='par_1_115' title="bbox 542 5679 858 5750">
     <span class='ocr_line' id='line_1_115' title="bbox 542 5679 858 5750; baseline -0.006 -17"><span class='ocrx_word' id='word_1_833' title='bbox 542 5697 565 5723; x_wconf 73' lang='grc' dir='ltr'>ι</span> <span class='ocrx_word' id='word_1_834' title='bbox 591 5697 681 5750; x_wconf 68' lang='grc' dir='ltr'>γρ.</span> <span class='ocrx_word' id='word_1_835' title='bbox 715 5679 858 5735; x_wconf 62' lang='grc' dir='ltr'>ἐπεί.</span> 
     </span>
    </p>
   </div>
  </div>
