4010 6208
446 316 589 383 2079

1742 324 2097 383 PROCOPII
2142 279 2376 383 Gaza}!

3554 324 3655 385 20$
3666 321 3707 381 0

447 428 861 495 cavit,potenm
893 426 1092 497 Aquila
1124 436 1178 483 et
1195 427 1560 500 Symmachus
1576 430 2022 502 interpretantur:

2130 439 2474 508 καλούμενοι.
2524 434 2666 487 Ἀνθ’
2705 430 2787 500 οὗ,
2859 435 3089 499 Ἀκύλας
3125 435 3215 489 καὶ
3258 436 3551 506 Σύμμαχος
3595 435 3707 489 δυ-

445 518 817 587 intetligitque
837 519 1109 574 scelerum
1136 520 1365 574 ultrices
1384 528 1703 588 potestates.
1721 522 1855 577 Nam
1891 534 1945 579 et
1973 526 2026 579 id

446 610 730 678 Scriptura
765 618 1029 674 testatur,
1051 627 1173 665 cum
1194 612 1261 666 de
1279 611 1627 684 Egyptiisad
1645 615 1788 669 hunc
1808 616 2024 670 modum

446 700 695 770 loquitur
720 701 927 757 :iMisit
958 703 1012 756 in
1030 718 1125 757 eos
1171 703 1305 757 iram
1335 706 1729 773 indignationis
1747 706 2035 764 suaezindi-

446 795 784 863 gnatinnem,
821 803 873 848 et
898 795 1059 857 iram,
1090 804 1145 850 et
1177 795 1610 864 tribulationem,
1660 800 2028 856 immissiones

448 899 543 952 per
573 885 796 953 angelos
832 886 1003 940 malos
1026 885 1094 941 ’³.
1137 905 1155 937 ι
1193 885 1459 952 Quorum,
1491 899 1553 943 ut
1607 890 1663 944 in
1718 907 1841 954 eos;
1886 907 2027 962 quos

340 991 347 998 ·
448 974 642 1029 ulcisci
676 977 852 1044 decet,
885 978 1203 1033 immanitas
1228 980 1591 1049 significetur,
1623 984 2026 1054 gaudiinomen

444 1073 500 1121 ct
532 1066 744 1134 injuria:
776 1069 1045 1122 adhibuit.
1074 1068 1179 1123 Sed
1210 1088 1338 1141 quae
1375 1072 1444 1127 de
1476 1073 1599 1130 istis
1634 1074 1857 1142 dicunt,
1890 1083 2027 1133 hac-

454 1167 636 1212 tenus.
679 1157 750 1212 De
776 1158 940 1229 208
962 1160 1222 1230 gentibus
1262 1163 1542 1235 deinceps,
1579 1169 2029 1238 queejudicanda:

447 1256 593 1314 sunt,
618 1249 917 1320 disputatio
950 1253 1296 1323 instituitur;
1337 1272 1465 1325 qua:
1528 1274 1705 1312 vocem
1738 1262 2025 1313 adversum

446 1354 505 1392 se
563 1339 798 1395 editurae
860 1351 1009 1407 sunt,
1044 1359 1199 1397 suam
1244 1346 1378 1415 ips.e
1420 1347 1790 1403 calamitatem
1818 1349 2025 1420 ejulatu

448 1429 831 1494 testilieantes,
863 1432 1065 1486 subditi
1087 1434 1249 1488 simul
1282 1447 1334 1490 et
1361 1453 1524 1505 reges,
1560 1448 1805 1510 propter
1859 1438 2027 1493 bella-

449 1528 583 1573 tores
623 1519 714 1574 Dei
744 1522 903 1589 jussu
935 1532 1136 1577 terram
1179 1541 1398 1581 omnem
1429 1528 1851 1598 disperdentes:
1885 1546 2027 1601 quos

444 1610 686 1678 gigantas
718 1627 842 1667 esse
876 1615 1031 1683 longe
1058 1614 1351 1678 distantes,
1384 1626 1440 1673 et
1474 1629 1739 1690 tanquam
1765 1622 1882 1675 caeli
1903 1623 2027 1691 fun-

445 1700 708 1755 damentis
736 1703 987 1756 concludi
1016 1704 1191 1770 dixit;
1227 1707 1320 1777 qui
1344 1723 1443 1763 suo
1466 1711 1680 1765 evocati
1748 1718 2020 1781 tempore,

2128 528 2348 593 νατοὺς
2373 526 2727 579 ὲκδεδὼκασι.
2766 525 2931 594 Λέγει
2954 526 3010 579 δὲ
3040 525 3296 597 δυνάμεις
3326 526 3421 589 τὰς
3454 532 3706 596 τιμωρηο

2126 619 2309 680 τικάς.
2341 615 2513 668 Τοῦτο
2549 614 2657 685 γὰρ
2697 616 2729 684 ἡ
2776 615 2965 686 Γραφὴ
3007 614 3239 681 λέγουσα
3273 616 3401 684 περὶ
3448 614 3557 666 τῶν
3598 614 3705 666 Δῖ-

2128 706 2371 773 γυπτίων
2400 706 2752 774 παρίστησιν·
2793 724 2812 755 ι
2843 704 3185 757 Ἀπέστειλεν
3225 705 3310 757 ἐπ’
3333 705 3527 766 αὐτοὺς
3550 715 3571 742 ε
3605 705 3705 773 ὀρο

2126 797 2226 867 γὴν
2259 798 2350 850 καὶ
2380 796 2548 867 θυμὸν
2619 797 2713 849 καὶ
2750 795 2944 865 θλῖψιν,
3000 796 3302 865 ἀποστολὴν
3346 795 3413 847 δι’
3447 796 3707 864 ἀγγέλων

2128 888 2414 958 πονηρῶν·
2462 909 2481 941 ι
2539 882 2612 942 ῶν
2659 888 2812 957 δηλοῖ
2860 888 2960 957 τὴν
3009 888 3101 939 ἐπὶ
3154 890 3270 949 τοῖς
3316 886 3707 955 κολαζομένοις

2128 976 2411 1047 ὠμότητα,
2466 977 2658 1046 χαρὰν
2716 976 2892 1030 αὐτῶν
2942 976 3115 1043 λέγων
3147 976 3242 1028 καὶ
3290 976 3477 1043 ὕϐριν.
3513 975 3705 1028 Ταῦτα

2131 1069 2227 1136 μὲν
2252 1065 2507 1137 οὗνφασι
2567 1068 2697 1138 περὶ
2740 1069 2967 1119 τούτων.
3006 1067 3086 1119 Τὰ
3129 1067 3186 1119 δὲ
3225 1066 3373 1135 εξῆς,
3422 1067 3548 1137 περὶ
3588 1065 3704 1118 τῶν

2129 1156 2543 1227 κριθησομένων
2576 1157 2746 1207 ἐθνῶν
2786 1156 3054 1222 ἐπιλέγει,
3102 1155 3151 1207 οἳ
3179 1158 3382 1223 φωνὰς
3406 1156 3699 1227 ἀφήσουσι,

2128 1246 2247 1301 καθ’
2279 1247 2490 1299 ἑαυτῶν
2518 1245 3000 1315 ἐξομολογούμενοι
3028 1287 3042 1310 ,
3073 1247 3169 1309 τὰς
3212 1247 3418 1299 ἑαυτῶν
3442 1247 3703 1317 ὀλοφυρό-

2131 1354 2277 1407 μενοι
2311 1354 2373 1389 συ
2383 1338 2616 1408 μιρορὰς,
2639 1337 2899 1402 ὑπήχσοί
2923 1355 2981 1389 τε
3006 1338 3099 1390 καὶ
3122 1338 3423 1404 βασιλεῖς,
3455 1338 3542 1391 διὰ
3569 1340 3704 1403 τοὺς

2128 1424 2514 1493 (adoptich
2557 1427 2681 1488 τοὺς
2724 1425 3047 1496 φθείροντας
3078 1425 3217 1478 Θεοῦ
3258 1427 3552 1495 προστάξει
3598 1429 3704 1497 τὴν

2127 1517 2474 1586 οἰκουμένην.
2511 1516 2744 1579 Τούτους
2778 1516 2931 1584 ἔλεγε
2976 1517 3257 1585 γίγαντας
3292 1518 3511 1589 μακράν
3539 1519 3707 1582 ὄντας

2128 1609 2316 1672 πάλαι,
2361 1611 2454 1661 καὶ
2485 1607 2675 1678 ὥσπερ
2705 1609 2763 1659 ὲν
2798 1608 3091 1676 θεμελίοις
3117 1608 3222 1661 τοῦ
3268 1610 3705 1676 οὐρανοΰὰπο-

2128 1700 2564 1769 κεκλεισμένους,
2606 1699 2654 1751 οἳ
2695 1698 2837 1752 κατὰ
2888 1699 3080 1768 καιρὸν
3127 1699 3416 1771 κληθέντες
3452 1700 3707 1770 φθείρου-

445 1793 959 1862 quandojnstorum
994 1798 1365 1853 secretionem
1410 1798 1525 1854 ﬁeri
1569 1802 1879 1871 contigerit,
1905 1820 2023 1859 ma-

2128 1810 2179 1845 σι
2214 1791 2234 1830 τ
2288 1794 2467 1845 πᾶσαν
2505 1791 2603 1860 τὴν
2652 1789 2764 1843 τῶν
2801 1790 2986 1843 κακῶν
3037 1792 3389 1861 οἰκουμένην,
3434 1791 3570 1861 μετά
3606 1792 3706 1844 τὸν

447 1882 626 1936 lorum
679 1891 885 1940 terram
954 1904 1174 1944 omnem
1224 1889 1579 1959 disperditnri
1642 1895 2025 1966 vastaturique

446 1982 595 2025 sunt.
630 1969 832 2029 Eadem
863 1990 1093 2045 prorsus
1116 1983 1170 2031 et
1203 1978 1258 2031 in
1293 1980 1603 2048 Evangeliis
1657 1998 2020 2054 usurpentur,

444 2062 537 2115 ubi
563 2062 787 2119 dextros
820 2068 1041 2137 quidem
1076 2069 1142 2121 ad
1172 2082 1537 2140 praeparatum
1570 2074 1672 2129 sibi
1698 2090 1726 2128 a
1751 2079 2025 2132 consulu-

445 2155 596 2209 tione
626 2158 813 2211 mundi
846 2173 1077 2229 regnum
1104 2161 1312 2227 vocari,
1362 2164 1629 2221 sinistros
1667 2176 1849 2221 autem
1882 2168 2023 2237 ignis

444 2248 631 2302 aeterni
668 2250 943 2318 supplicio
965 2253 1162 2307 terreri
1220 2254 1457 2323 legimus
1479 2258 1546 2313 ".
1579 2257 1758 2327 Atque
1794 2259 1879 2314 his
1903 2260 2025 2330 qui-

444 2338 565 2391 dem
609 2355 730 2408 quae
754 2341 823 2396 de
846 2341 1035 2397 futuro
1067 2344 1279 2412 judicio
1304 2346 1488 2416 (cujus
1535 2333 2023 2423 nondumtempus

444 2426 687 2500 advenit)
719 2433 1105 2503 proferuntur,
1134 2449 1455 2507 peccatores
1516 2442 1581 2496 ad
1642 2444 2022 2512 paenitentiam

445 2517 604 2591 longe
633 2525 786 2591 prius
843 2542 1005 2595 quam
1028 2532 1375 2599 contingant,
1411 2533 1642 2600 hortari,
1676 2544 1731 2589 et
1765 2538 2022 2591 instanti-

446 2610 552 2666 bus
575 2614 734 2667 malis
766 2618 1012 2680 retectis,
1039 2620 1106 2672 ad
1132 2621 1340 2675 luctum
1378 2639 1678 2693 provocare
1702 2628 1901 2682 studet.
1932 2627 2024 2683 Ve-

446 2703 553 2756 niet
579 2705 745 2772 enim,
768 2707 865 2769 ait,
885 2710 981 2763 ine
1006 2710 1139 2776 dies,
1166 2721 1290 2768 ante
1308 2713 1632 2782 signiﬁcata,
1653 2724 1705 2769 et
1734 2732 1901 2788 prope
1916 2726 2020 2773 est.

444 2792 661 2848 Jamdiu
696 2799 961 2877 siquidem
998 2801 1116 2870 ipsa
1158 2814 1440 2875 appetere,
1490 2807 1775 2877 prophetis
1806 2824 2025 2881 quoque

446 2889 783 2944 testantibus
807 2893 1085 2961 omnibus,
1115 2895 1237 2950 ideo
1272 2896 1513 2966 dicitur;
1572 2906 1629 2953 ut
1658 2914 1855 2954 eorum
1904 2904 2024 2956 nul-

448 2977 560 3044 Ius,
588 2979 681 3047 qui
710 2981 1049 3047 ceciderunt,
1082 2995 1340 3056 tanquam
1371 3004 1434 3043 ca
1466 2992 2030 3059 procrastinanteim-

2124 1884 2432 1955 ἀφορισμὸν
2481 1883 2588 1937 τῶν
2622 1882 2866 1936 δικαίων.
2919 1881 3076 1935 Οὕτω
3104 1884 3199 1935 καὶ
3246 1884 3306 1935 ὲν
3346 1882 3704 1949 Εὑαγγελίοις

2123 1975 2231 2029 τῶν
2263 1977 2326 2028 ὲκ
2353 1974 2541 2041 δεξιῶν
2567 1974 2873 2052 κληθέντων
2900 1974 2993 2026 ἐπὶ
3035 1972 3133 2042 τὴν
3165 1974 3572 2043 ἡτοιμασμένην
3602 1974 3705 2027 αὑ-

2124 2068 2234 2128 τοῖς
2265 2065 2544 2136 βασιλείαν
2574 2064 2681 2119 ἀπὸ
2734 2063 3041 2133 καταϐολῆς
3070 2063 3295 2132 κόσμου,
3347 2063 3439 2116 ἐπὶ
3488 2064 3608 2126 τοὺς
3642 2063 3706 2115 ὲν

2124 2160 2431 2228 ἀριστεροῖς
2462 2159 2494 2227 ἡ
2534 2156 2735 2228 ἀπειλὴ
2778 2155 2871 2209 τοῦ
2917 2155 3089 2235 πυρὸς
3118 2155 3485 2225 ἐξενήνεκται.
3515 2153 3705 2208 Ταῦτα

2127 2251 2254 2321 περὶ
2304 2251 2401 2318 τῆς
2455 2249 2759 2319 μελλούσης
2816 2247 2987 2302 εἰπὼν
3034 2248 3291 2317 κρίσεως,
3357 2247 3479 2300 ἐπεὶ
3535 2246 3706 2318 μήπω

2122 2342 2325 2411 ταύτης
2352 2343 2541 2412 καιρὸν
2573 2343 2619 2406 ε,
2656 2341 2747 2393 ἐπὶ
2778 2341 3068 2411 μετάνοιαν
3121 2341 3251 2410 πρὶν
3295 2338 3548 2408 γενέσθαι
3569 2339 3703 2393 ταύ-

2123 2450 2224 2503 την
2254 2435 2407 2487 καλεῖ
2433 2434 2555 2495 τοὺς
2591 2431 2970 2503 ἁμαρτωλοὺς,
3018 2432 3114 2485 ἐπὶ
3165 2433 3298 2495 τοῖς
3322 2430 3479 2495 ἰδίοις
3510 2433 3704 2495 κακοῖς

2124 2525 2521 2581 ἀποκλαίεσθαι
2551 2524 2856 2594 παραινῶν.
2901 2524 3072 2588 ’Ἥξει
3105 2523 3233 2594 γὰρ,
3271 2524 3456 2593 φησὶν,
3497 2523 3536 2592 ὴ
3564 2539 3705 2590 προ-

2124 2617 2410 2686 λεχθεῖσα
2456 2615 2566 2683 τῆς
2614 2614 2797 2685 ὀργῆς
2844 2616 3056 2684 ἡμέρα,
3111 2615 3207 2669 καὶ
3255 2614 3484 2685 πλησίον
3528 2614 3700 2666 ἐστίν.

2124 2708 2299 2771 Πολὺς
2322 2707 2378 2761 δὲ
2405 2709 2431 2760 ό
2454 2708 2644 2777 χρόνος
2675 2709 2767 2774 ἀφ’
2791 2702 2852 2762 οὗ
2888 2706 3128 2775 ἐγγίζειν
3156 2704 3296 2777 αὕτη
3318 2705 3535 2774 λέγεται
3566 2703 3705 2757 πάν-

2124 2816 2234 2853 των
2284 2798 2395 2853 τῶν
2463 2798 2759 2867 προφητῶν
2808 2798 3338 2869 διαμαρτυραμένων
3386 2795 3556 2866 αὐτῆς
3599 2796 3704 2867 τὴν

2128 2889 2427 2961 ἐγγύτητα,
2462 2888 2537 2953 ὡς
2594 2888 2659 2942 ἂν
2715 2887 2902 2959 μηδεὶς
2948 2886 3376 2952 ἁναπεπτωκὼς,
3408 2886 3483 2950 ὡς
3517 2904 3702 2957 χρονι-

2126 2979 2325 3052 ζούσης
2357 2981 2525 3050 αὐτῆς
2557 2980 2839 3050 ἀνέτοιρος
2882 2980 3104 3052 εὑρεθῇ.
3133 2979 3293 3042 Τίνες
3330 2979 3386 3032 δὲ
3415 2980 3468 3033 ol
3517 2978 3704 3046 πρέσ-

448 3078 673 3135 paratus
712 3070 1043 3129 offendatur.
1074 3073 1308 3139 Quinam
1346 3093 1478 3131 vero
1534 3079 1623 3133 isti
1682 3081 1791 3133 sint
1844 3081 2023 3151 legati,

2129 3074 2250 3137 ὄεις
2282 3074 2337 3125 οἱ
2377 3073 2837 3140 ταρασσόμενοι,
2878 3073 3038 3142 ἡνίκα
3075 3070 3142 3125 ἂν
3181 3072 3436 3142 ὲπιστῇή
3472 3068 3564 3124 τοῦ
3591 3072 3702 3124 Κυ-

446 3170 598 3227 quos,
622 3172 745 3211 cum
774 3161 894 3216 dies
915 3162 1135 3218 Domini
1187 3165 1492 3229 advenerit,
1554 3169 1824 3222 turbatum
1854 3172 1922 3225 iri
1944 3162 2018 3228 Si-

444 3247 764 3320 gniﬁcavit?
801 3253 861 3305 lli
896 3254 1182 3321 nimirum,
1226 3267 1494 3327 quotquot
1558 3261 1801 3317 obscure
1862 3265 2024 3322 nobis

449 3338 503 3389 in
536 3339 791 3407 parabola
822 3342 1083 3398 Dominus
1103 3347 1332 3414 aperuit.
1365 3365 1382 3397 ι
1423 3346 1599 3403 Homo
1627 3351 1771 3404 enim
1799 3353 2021 3422 quidam

449 3430 673 3495 nobilis,
705 3431 904 3501 inquit,
934 3435 1071 3489 abiit
1104 3437 1157 3489 in
1192 3437 1474 3508 regionem
1524 3439 1906 3510 longinquam,
1965 3451 2024 3498 ut

450 3521 721 3590 acciperet
751 3524 853 3579 sibi
892 3541 1146 3596 regnum,
1176 3538 1229 3583 et
1265 3532 1718 3586 reverteretur".
1759 3552 1777 3584 ι
1820 3532 2025 3590 Deinde

449 3626 701 3668 sermone
736 3615 803 3670 de
840 3615 1030 3671 decem
1104 3620 1249 3675 mnis
1276 3621 1565 3677 absoluto:
1606 3642 1625 3674 ι
1659 3624 1818 3678 Cives
1841 3634 2022 3680 autem

449 3701 645 3769 ipsius,
672 3703 888 3773 adjicit,
921 3707 1152 3761 oderant
1179 3722 1323 3773 eum,
1382 3714 1437 3764 et
1489 3712 1755 3766 miserunt
1796 3714 2023 3784 legatio-

450 3808 573 3847 nem
596 3795 893 3864 pastillum
934 3797 1178 3854 dicentes
1210 3798 1530 3857 :Nolumus
1596 3803 1741 3857 hunc
1793 3819 2025 3873 regnare

449 3898 616 3954 super
640 3900 741 3939 nos
766 3887 833 3940 ".
869 3906 887 3938 ι
920 3887 1024 3953 Qui
1056 3889 1203 3944 enim
1253 3891 1492 3945 nobilem
1529 3909 1643 3946 non
1687 3895 2014 3962 dixerimus,

447 3978 540 4045 qni
568 3992 636 4031 ex
670 3977 850 4034 Patris
874 3981 1113 4036 essentia
1173 3999 1328 4038 suam
1388 3985 1551 4040 habet
1604 3987 2028 4044 exsistentiam?

448 4065 569 4139 Ipse
604 4079 863 4139 prwterea
892 4075 1195 4129 secundum
1224 4091 1451 4133 carnem
1500 4078 1688 4146 homo,
1730 4081 1900 4135 relato
1955 4082 2023 4137 ad

450 4158 704 4216 Davidem
738 4179 961 4233 genere,
993 4165 1197 4221 nobilis
1226 4181 1335 4220 non
1370 4167 1651 4223 immerito
1701 4180 2019 4226 censeatur.

453 4254 762 4325 Abitigitur
788 4255 844 4309 in
867 4256 1151 4326 regionem
1176 4257 1534 4329 longinquam
1590 4278 1604 4315 :
1668 4260 1761 4315 sed
1789 4278 1893 4317 non
1949 4264 2023 4317 ita

450 4345 694 4399 locorum
728 4346 1040 4413 intervallo,
1074 4362 1239 4415 atque
1266 4351 1612 4421 negotiorum
1660 4352 1874 4406 ratione
1906 4353 2024 4409 dis-

2132 3162 2244 3234 ρίου
2296 3164 2511 3233 ἡμέρας
2544 3162 2716 3231 Δῆλον
2764 3162 2924 3226 ὅσους
2967 3162 3055 3216 διὰ
3106 3161 3425 3233 παραϐολῆς
3478 3161 3702 3233 ᾐνίξατο

2126 3250 2353 3321 Κύριος.
2390 3270 2408 3302 ι
2433 3249 2565 3302 Ἀνθ
2577 3266 2757 3319 ρωπος
2786 3249 2920 3319 γὰρ,
2959 3250 3144 3321 φησλν,
3170 3250 3397 3321 εὐγενὴς
3427 3250 3698 3321 ἐπορεύθη

2126 3343 2206 3406 είς
2254 3340 2439 3413 χώραν
2499 3339 2718 3410 μακρὰν
2784 3340 2970 3395 λαὸεῖν
3025 3341 3205 3412 ἑαυτῷ
3255 3343 3554 3412 βασιλείαν,
3608 3344 3699 3398 καὶ

2126 3432 2487 3502 ὑποστρέψαι.
2519 3449 2537 3483 ι
2575 3427 2705 3484 Εῐτα
2731 3432 2860 3503 περὶ
2896 3431 3006 3486 τῶν
3030 3432 3163 3488 δέκα
3200 3433 3348 3503 μνῶν
3395 3434 3503 3486 τῶν
3530 3434 3693 3487 δοθει-

2127 3523 2236 3576 σῶν
2267 3525 2377 3580 τοῖς
2406 3520 2612 3585 δούλοις
2658 3521 2830 3575 εἰπών
2856 3539 3019 3593 φησιν
3043 3538 3057 3553 ο
3100 3543 3119 3575 ι
3148 3526 3210 3576 Di
3250 3524 3308 3577 δὲ
3357 3524 3573 3578 πολῖται
3601 3526 3696 3579 αὑ·

2124 3614 2219 3669 τοῦ
2251 3614 2472 3685 ἐμίσουν
2499 3614 2685 3680 αὐτὸν,
2710 3616 2802 3667 καὶ
2831 3614 3086 3685 ἔπεμψαν
3125 3616 3300 3670 ὀπίσω
3333 3617 3496 3670 αὐτοῦ
3532 3619 3702 3689 πρέσ-

2125 3708 2260 3772 ϐεις,
2295 3708 2374 3760 ὅτι
2407 3706 2480 3758 Οὐ
2520 3705 2746 3775 θέλομεν
2775 3705 2962 3758 τοῦτον
3004 3705 3318 3776 βασιλεῦσαι
3363 3708 3449 3776 ἐφ’
3472 3709 3635 3778 ἡμᾶς.
3674 3728 3696 3761 ι

2127 3802 2237 3854 Καὶ
2267 3798 2385 3862 πῶς
2413 3798 2521 3868 γὰρ
2546 3797 2650 3850 οὐκ
2688 3796 2919 3868 εὐγενὴς
2950 3800 2977 3850 6
3006 3799 3071 3851 ἐκ
3113 3798 3211 3866 τῆς
3237 3798 3428 3861 οὐσίας
3455 3799 3546 3852 τοῦ
3586 3800 3703 3852 Πα-

2123 3893 2250 3963 τρὸς
2280 3892 2418 3962 ἔχων
2447 3890 2547 3962 τὴν
2576 3890 2853 3961 ὓπαρξινς
2901 3888 2996 3943 καὶ
3046 3891 3073 3942 6
3112 3890 3256 3942 κατά
3284 3890 3373 3942 τὸν
3415 3889 3640 3960 Σωτῆρα
3670 3889 3700 3930 δ

2124 3987 2181 4043 δὲ
2208 3987 2516 4058 ἄνθρωπος,
2548 3984 2778 4054 εὐγενὴς
2819 3984 2886 4038 ἂν
2921 3983 3134 4053 λέγοιτο
3165 3985 3404 4055 γεγονὼς
3433 3989 3497 4041 ὲκ
3534 3987 3706 4056 σπέρι

2129 4096 2298 4150 ματος
2328 4076 2511 4130 Δαϐίδ.
2548 4076 2848 4148 Πορεύεται
2884 4075 2978 4130 οὖν
3007 4078 3088 4140 είς
3136 4076 3319 4147 χώραν
3374 4078 3607 4149 μακρὰν,
3636 4079 3701 4131 ού

2124 4170 2379 4225 τοσοῦτον
2411 4169 2489 4241 τῷ
2522 4169 2672 4242 τόπῳ
2706 4168 3027 4236 διεστῶσαν,
3086 4169 3210 4224 ὅσον
3256 4171 3323 4241 τῇ
3371 4170 3703 4223 καταστάσει

2124 4260 2233 4315 τῶν
2265 4260 2630 4331 πραγμάτων.
2682 4259 2881 4328 Ἐγγὺς
2912 4259 3019 4330 γὰρ
3054 4261 3082 4313 6
3126 4259 3259 4323 Θεδς
3305 4259 3414 4313 τῶν
3455 4259 3698 4328 ἀγαθῶν,

2123 4351 2232 4404 τῶν
2284 4349 2340 4403 δὲ
2385 4349 2855 4421 πλημμελούντων
2912 4349 3251 4420 ἀπῴκισται.
3303 4352 3400 4414 Ὃς
3451 4350 3698 4403 διαϐόλου

447 4437 607 4489 sitam
629 4445 683 4491 et
735 4445 1023 4492 remotam.
1081 4439 1252 4495 Bonis
1284 4438 1437 4496 enim
1489 4450 1548 4495 ut
1580 4457 1798 4511 semper
1861 4444 2022 4499 adest

2125 4440 2405 4511 τυραννίδι
2447 4440 2541 4493 τὸν
2594 4441 2799 4510 κόσμον
2853 4439 2977 4493 ίδὼν
3020 4436 3421 4510 ὗποκείμενον,
3473 4440 3703 4509 ἐλεήσας

447 4522 593 4582 Deus
616 4566 630 4591 ,
662 4529 735 4581 ita
763 4527 925 4599 longe
948 4545 977 4583 a
1004 4532 1396 4600 peccatoribus
1427 4534 1638 4588 recedit
1662 4533 1709 4565 "
1739 4549 1752 4585 :
1783 4535 1875 4603 qui
1909 4535 2025 4587 dia-

447 4616 626 4671 bolica
677 4614 972 4689 tyrannide
1021 4623 1256 4691 Opprimi
1319 4623 1578 4678 mortales
1602 4623 1864 4686 intuitus.
1913 4634 2023 4680 tam

449 4708 647 4761 misera
678 4709 996 4766 conditione
1031 4723 1315 4781 permotus
1343 4716 1609 4784 regendos
1628 4730 1722 4769 eos
1754 4724 1805 4768 et
1839 4724 2023 4785 prote-

449 4801 655 4871 gendos
690 4806 1013 4874 assumpsit.
1049 4803 1159 4860 Nec
1212 4817 1293 4861 est
1338 4807 1586 4876 profecto
1640 4810 1788 4878 quod
1843 4809 2021 4880 ipsius

448 4891 660 4962 imperii
688 4893 812 4949 linis
836 4908 1209 4966 exspectetur,
1241 4897 1420 4953 donec
1481 4898 1739 4957 inimicos
1766 4903 1883 4957 suis
1910 4902 2023 4971 ipse

386 5044 393 5055 ,η
448 4984 679 5059 pedibus
698 4985 1022 5056 suhjccerit.
1046 4989 1207 5059 209
1240 4986 1402 5044 Venit
1445 5006 1580 5063 ergo
1609 4992 1663 5046 in
1698 5002 1967 5048 remotanr
1991 5008 2021 5046 a

448 5074 559 5130 Deo
591 5079 889 5149 regionem,
919 5090 975 5134 ιιι
1003 5090 1288 5137 terrenum
1347 5084 1551 5149 locum,
1596 5084 1646 5139 id
1680 5095 1786 5149 est,
1848 5086 2023 5156 impc-

449 5167 590 5221 riom
625 5169 677 5222 in
702 5177 914 5239 gentes,
945 5172 1257 5240 acciperet;
1292 5173 1449 5242 juxta
1492 5174 1623 5228 illud
1658 5194 1670 5230 :
1711 5194 1730 5228 ι
1798 5174 2025 5229 Postula

450 5272 482 5310 ιι
512 5276 615 5321 me.
642 5269 695 5315 et
725 5262 865 5316 dabo
897 5265 990 5317 tibi
1019 5274 1204 5335 gentes
1272 5266 1644 5321 [nereditatem
1711 5277 1855 5320 tuam
1882 5265 1946 5318 ".
2003 5284 2020 5316 ι

452 5346 554 5413 Qui
579 5368 705 5405 vero
738 5355 1028 5425 subhujus
1077 5357 1258 5412 saeculi
1314 5358 1566 5428 principe
1629 5358 1857 5429 degunt,
1916 5372 2031 5421 non.

524 5485 571 5560 ’ξ
605 5484 748 5560 l’sal.
788 5503 993 5560 essm,
1016 5492 1107 5545 49.
1211 5492 1258 5525 “
1292 5491 1486 5548 Matth.
1542 5510 1671 5560 xxv,
1703 5493 1892 5549 56-46.

458 5554 503 5588 ”'
540 5552 683 5610 Psal.
714 5572 772 5619 ιι,
802 5559 853 5610 8.

2003 5492 2047 5524 ⁵⁸
2069 5491 2199 5546 Luc.
2233 5507 2346 5555 xu,
2395 5489 2480 5544 19..

2120 4532 2249 4596 τοὺς
2293 4530 2635 4603 ἀνθρώπους,
2684 4530 2938 4601 βασιλεὺς
2981 4530 3163 4585 αὐτῶν
3191 4531 3443 4599 γενέσθαι
3490 4530 3707 4584 κατεδέ-

2122 4624 2269 4691 ξατο.
2296 4624 2389 4677 Δεῖ
2420 4623 2527 4692 γάρ
2573 4622 2735 4677 αὐτὸν
2767 4623 3116 4694 βασιλεῦσαι,
3157 4623 3317 4693 ἄχρις
3358 4615 3419 4676 οὗ
3453 4623 3518 4693 θῇ
3572 4622 3706 4684 τοὺς

2119 4715 2353 4786 ἐχθροὺς
2404 4714 2567 4769 αὑτοῦ
2606 4715 2712 4767 ὑπὸ
2754 4717 2883 4778 τοὺς
2931 4715 3096 4777 πόδας
3139 4712 3327 4769 αὑτοῦ.
3367 4710 3569 4767 Ἦλθεν
3607 4710 3706 4768 οὖν

2118 4809 2199 4871 είς
2246 4806 2431 4878 χώραν
2471 4805 2690 4877 μακρὰν
2724 4806 2817 4859 τοῦ
2852 4805 2989 4859 Θεοῦ
3012 4847 3027 4871 ,
3060 4804 3149 4859 τὸν
3183 4806 3433 4877 περίγειν
3470 4806 3485 4845 ί
3535 4804 3705 4857 τόπον

2120 4899 2219 4969 τὴν
2246 4898 2339 4951 ἐπὶ
2368 4898 2435 4951 τὰ
2462 4898 2586 4968 ἔθνη
2628 4896 2906 4967 βασιλείαν
2940 4896 3147 4961 λαϐεῖν,
3196 4895 3339 4950 κατά
3364 4896 3443 4961 τὸ,
3499 4914 3518 4948 ι
3545 4896 3702 4964 Δίτη-

2123 5006 2215 5042 σαι
2250 4988 2383 5059 παρ’
2418 4987 2575 5058 ἐμοῦ,
2610 4986 2703 5040 καὶ
2731 4987 2886 5041 δώσω
2922 5003 3004 5039 σοι
3038 4986 3165 5051 ἔθνη
3198 4984 3295 5056 τὴν
3339 4983 3704 5054 κληρονομίαν

2125 5100 2238 5136 σου.
2273 5100 2293 5133 ι
2329 5082 2391 5134 0i
2422 5080 2479 5135 δὲ
2518 5078 2807 5142 τελοῦντες·
2832 5078 2939 5131 ὑπὸ
2968 5064 3061 5131 τ’δν
3094 5079 3330 5148 ἄρχοντα
3359 5074 3455 5128 τοῦ
3505 5075 3703 5137 αἰῶνος

2124 5177 2338 5235 τούτου,
2387 5173 2446 5225 οὐ
2508 5171 2669 5239 μόνον
2718 5169 3031 5241 ἄνθρωποι,
3084 5169 3218 5222 ἀλλὰ
3272 5169 3368 5222 καὶ
3417 5167 3699 5235 δυνάμεις,

2131 5266 2229 5336 τὴν
2261 5263 2425 5318 αὐτοῦ
2458 5262 2733 5335 βασιλείαν
2763 5263 2824 5315 ού
2876 5260 3246 5324 κατεδέξαντο.
3280 5259 3468 5320 Δόντος
3515 5258 3571 5309 δὲ
3604 5258 3704 5309 αύ-

2130 5355 2225 5410 τοῦ
2273 5356 2370 5418 τὰς
2420 5354 2668 5420 ἐντολὰς,
2720 5354 2815 5409 καὶ
2861 5353 2960 5423 τὴν
3016 5350 3278 5422 ἐργασίαν
3317 5346 3701 5419 ἐπιζητοῦντος

2596 5490 2641 5522 ⁹⁶
2670 5489 2802 5544 ibid.
2839 5488 2921 5542 M.
3034 5485 3078 5516 ⁸⁷
3112 5482 3257 5538 Dsal.
3314 5498 3503 5548 cum,
3570 5478 3698 5534 155.

1728 5651 1962 5706 ιἈιιιΕ
2012 5650 2411 5706 LECTIONES.

543 5744 564 5770 ο
585 5737 742 5791 λαίπ.
773 5736 940 5807 ὀργὴν
970 5740 1138 5810 θυμοῦ
1173 5742 1359 5799 αὐτοῦ.
1444 5744 1464 5785 ι
1497 5761 1587 5813 γρ.
1619 5742 1900 5815 φθερούσι.

1983 5747 2007 5784 ε
2040 5761 2129 5813 γρ.
2168 5744 2376 5813 καιρός.

2460 5741 2486 5782 ιι
2516 5742 2720 5813 war,»
2757 5741 2954 5811 σάρκα.
3036 5739 3050 5778 ι
3092 5752 3183 5808 τρ.
3222 5732 3516 5805 περίγειον.
