4010 6208
425 268 428 271 ’
484 277 628 340 2683

1775 271 2128 330 PROCOPII
2167 273 2408 331 ῦΑΖᾸΞΙ

3585 281 3742 346 208’.

486 407 639 454 rens,
686 389 779 445 sed
837 388 978 458 proli
1028 387 1225 459 ipsius,
1270 393 1325 442 et
1355 385 1535 456 operi,
1581 386 1728 440 unde
1759 387 2060 456 symbolice

2174 388 2259 440 καὶ
2293 387 2369 457 τῷ
2403 387 2568 457 ἔργῳ,
2595 381 2748 459 ᾧπερ
2780 389 3120 460 συμϐολικῶς
3143 392 3470 461 ὀνομάζεται
3489 394 3741 450 Χαναὰν.

491 496 688 535 nomen
724 481 881 548 211
915 491 998 534 est
1021 480 1251 548 adeptus
1273 478 1533 533 Chanaan
1598 475 1882 548 Signiﬁcat
1913 478 2059 531 enim

2175 479 2571 562 Ἐρμηνεύεται
2623 480 2758 552 γὰρ,
2807 481 2884 545 ώς
2939 482 3119 546 σάλος.
3173 484 3262 537 Ἐν
3306 488 3518 556 κινήσει
3561 488 3676 557 γὰρ
3710 489 3744 558 ἡ

488 583 748 642 tanquam
777 581 992 637 aestum,
1021 573 1136 626 sive
1157 569 1609 634 commotionem,
1647 569 1692 622 si
1736 570 1888 623 verbi
1920 569 2062 622 ratio

2174 571 2276 634 ἕξις
2313 571 2574 643 γινομένη
2605 571 2667 625 τὸ
2689 571 2854 626 πάθος
2884 574 3140 628 ἐπιτελεῖ.

489 667 827 733 requiratur.
866 663 1345 718 Perturbatiouem
1411 661 1681 732 siquidem
1719 661 1765 714 is
1825 662 2062 716 absolvit

491 756 731 819 habitus,
766 755 861 825 qtti
891 755 943 808 in
978 763 1129 807 motu
1162 754 1399 809 exsistit.

560 847 656 901 Est
695 846 893 901 deinde
941 846 1165 912 iniuria.
1220 861 1382 915 quam
1436 859 1498 899 se
1549 844 1876 914 perditurum
1907 845 2061 910 dicit,

491 936 783 1006 cujuslibet
821 936 1126 1005 iniquitatis
1157 950 1260 990 non
1313 935 1549 989 obscura
1581 935 1934 1005 significatio.
1967 935 2063 989 1η-

2249 839 2314 892 Ἦ
2360 840 2417 893 δὲ
2470 833 2638 908 ὕϐρις
2665 881 2680 905 ,
2732 843 2798 911 ἦν
2844 842 3099 896 ἀπολεῖν
3154 860 3321 912 φησι,
3370 845 3552 914 πάσης
3592 847 3749 900 ἐστὶν

2163 932 2393 1002 ἀνομίας
2438 934 2738 1002 ὲμφατική.
2789 935 2852 985 Ol
2894 933 3002 1003 γὰρ
3062 934 3252 1002 ἄνομοι
3306 934 3586 1004 ὑϐρίζουσι
3642 938 3749 1007 μὲν

489 1027 688 1095 iuriam
741 1027 890 1082 enim
940 1027 1145 1095 faciunt
1178 1026 1272 1096 qui
1326 1025 1503 1096 iniqui
1550 1035 1700 1089 sunt,
1756 1035 1810 1080 et
1859 1027 2064 1095 templo

2174 1024 2243 1084 εἰς
2273 1023 2364 1076 τὸν
2393 1023 2542 1086 ναὸν,
2569 1021 2872 1089 ὑϐρίζουσι
2911 1023 2966 1075 δὲ
3005 1025 3084 1086 εἰς
3116 1024 3207 1077 τὸν
3234 1023 3482 1094 πλησίον,
3515 1028 3609 1081 καὶ
3657 1030 3742 1091 εἰς

493 1117 621 1188 ipsi,
677 1127 732 1173 et
759 1117 1037 1188 proximo,
1092 1124 1146 1171 et
1183 1115 1275 1171 Dei
1313 1116 1540 1188 imagini
1593 1131 1622 1170 a
1673 1132 1780 1186 qua
1823 1117 1890 1171 ad
1918 1115 2064 1171 Con-

2165 1115 2226 1168 τδ
2263 1117 2383 1168 κατ’
2412 1117 2615 1169 εἰκόνα.
2655 1116 2762 1168 Καὶ
2794 1115 2883 1168 διὰ
2933 1118 3032 1185 τῆς
3062 1117 3274 1179 εἰκόνος
3316 1119 3352 1184 ἡ
3401 1119 3569 1184 ὓϐρις
3615 1121 3752 1173 ἀνα-

492 1209 724 1263 ditorem
773 1223 804 1262 a
847 1224 908 1263 se
951 1208 1197 1262 auditum
1240 1207 1442 1276 injuria
1487 1223 1508 1260 :
1542 1222 1650 1262 non
1698 1208 1862 1262 aliter
1901 1223 2065 1278 quam

2174 1206 2341 1260 ϐαίνει
2373 1207 2466 1259 ἐπὶ
2489 1207 2580 1259 τὸν
2626 1207 2912 1272 κτίσαντα,
2959 1206 3107 1260 καθὰ
3139 1208 3233 1260 καὶ
3260 1209 3338 1268 εἰς
3367 1207 3616 1277 βασιλέα,
3653 1210 3747 1263 διὰ

487 1315 613 1368 qua:
647 1298 993 1368 progreditur
1045 1313 1075 1351 a
1132 1299 1256 1352 laesa
1288 1299 1436 1367 regis
1467 1297 1728 1368 imagine,
1758 1297 1828 1351 ad
1883 1311 2065 1363 regem

2174 1293 2268 1362 τῆς
2295 1293 2504 1356 εἰκόνος
2545 1293 2931 1367 ὑϐριζομένης.
2985 1287 3234 1365 Καὶῖτρδ
3268 1295 3508 1361 πάντων,
3559 1297 3625 1350 δι’
3667 1292 3754 1351 ὧν

495 1391 704 1460 ipsum.
741 1389 947 1458 Estque
1007 1389 1280 1460 imprimis
1303 1399 1524 1444 certum
1573 1396 1626 1444 et
1675 1387 2065 1452 indubitatum,

489 1482 549 1535 in
581 1496 692 1550 quo
726 1482 958 1550 quisque
989 1489 1199 1548 peccat,
1257 1481 1310 1534 in
1343 1480 1448 1533 hoc
1479 1478 1604 1548 ipso
1640 1479 1744 1532 sibi
1778 1488 2066 1532 contume-

496 1570 625 1624 liam
659 1571 852 1625 aﬂ'erre
906 1571 948 1623 ⁸.
1001 1567 1066 1622 Et
1101 1577 1249 1623 certe
1293 1576 1575 1639 peccatum
1606 1584 1768 1624 omne
1798 1579 2068 1622 contume-

495 1662 586 1716 lia:
620 1662 838 1716 soboles
871 1669 989 1724 est;
1038 1676 1157 1727 quae
1203 1661 1288 1713 sui
1335 1661 1570 1728 primum
1604 1667 1886 1714 auctorem
1933 1661 2066 1714 ado-

2165 1399 2251 1445 τις
2279 1384 2811 1454 ἁμαρτάνει,εαυτδν
2841 1384 3184 1454 καθυϐρίζει·
3224 1385 3446 1468 ὕϐρεως
3475 1387 3581 1458 ἄρα
3615 1387 3758 1454 γέν·

2167 1489 2232 1541 νη
2241 1491 2316 1542 μα
2339 1476 2486 1527 πᾶσα
2517 1473 2760 1545 ἁμαρτία
2784 1488 2797 1503 °
2823 1474 2919 1526 καὶ
2947 1471 3042 1525 τοῦ
3081 1473 3338 1544 ὑϐριστοῦ
3361 1475 3580 1545 πρώτου
3608 1475 3759 1528 καθ-

2170 1564 2396 1617 άπτεται
2425 1581 2440 1596 ο
2499 1563 2643 1618 οὑτω
2687 1564 2743 1617 δὲ
2791 1564 2885 1617 καὶ
2921 1565 3299 1632 ὑπερηφανία
3340 1564 3440 1634 τῆς
3487 1565 3758 1634 ἀνομίας

2169 1659 2316 1710 ἐστὶν
2355 1657 2578 1727 ἀδελφή.
2611 1650 2680 1727 ᾭ
2711 1657 2820 1727 γὰρ
2866 1658 2932 1711 ἄν
2961 1673 3041 1718 τις
3070 1656 3318 1729 ἁμάρτῃ,
3349 1658 3447 1726 τὴν
3495 1658 3760 1711 ἐναντίαν

496 1752 644 1806 ritur
675 1760 728 1806 et
763 1752 980 1804 multat.
1020 1751 1145 1805 Pari
1196 1751 1414 1804 ratione
1464 1760 1518 1803 et
1562 1750 1860 1818 iniquitatis
1912 1765 2069 1804 soror

2174 1748 2370 1819 ἀρετὴν
2405 1749 2749 1820 ὑπερηφανεῖ
2782 1747 2860 1816 τῷ
2913 1746 3368 1818 πλημμελήματι.
3413 1748 3470 1799 ’ῡ
3515 1745 3606 1801 οὖν
3644 1751 3760 1803 ἀν-

493 1856 620 1896 esse
653 1842 868 1895 dicatur
919 1840 1184 1908 superbia.
1223 1838 1346 1892 Ideo
1388 1839 1535 1892 enim
1568 1844 1807 1908 quisque
1852 1849 2062 1914 peccat,

493 1932 642 1999 quod
672 1932 987 2002 Oppositam
1016 1930 1214 1985 sceleri
1247 1930 1504 1984 virtutem
1540 1930 1775 1997 superbe
1803 1929 2062 1997 despicit.

497 2023 602 2089 Qui
631 2022 868 2091 superbis
900 2022 1066 2090 igitur
1099 2019 1310 2074 resistit
1336 2017 1603 2075 Dominus
1629 2021 1673 2084 ³,
1705 2020 1908 2089 quique
1935 2036 2065 2091 pec-

492 2125 714 2169 catores
749 2113 814 2168 ad
845 2120 1049 2167 terram
1081 2125 1252 2180 usque
1283 2109 1564 2178 deprimit,
1601 2109 1853 2178 injuriam
1885 2127 1941 2164 se
1970 2127 2065 2164 stt-

493 2204 778 2273 perborum
807 2203 1179 2271 depressurum
1224 2202 1537 2272 pollicetur,
1575 2209 1629 2256 et
1656 2217 1719 2256 ea
1749 2217 1910 2270 quam
1942 2217 2068 2256 cum

499 2297 718 2350 diabolo
748 2294 1005 2362 superbia
1031 2300 1252 2362 parente
1280 2291 1484 2346 habent
1517 2290 1561 2352 ⁸,
1592 2291 1841 2345 abstersa
1870 2291 2068 2345 simili-

493 2388 710 2450 tudine,
743 2386 799 2439 in
828 2385 950 2454 ejus
979 2384 1248 2450 scholam,
1272 2384 1365 2452 qui
1401 2383 1613 2438 discere
1647 2400 1676 2436 a
1709 2399 1769 2438 se
1799 2383 2066 2454 przecipit,

497 2481 625 2550 quia
676 2479 823 2534 mitis
885 2479 956 2533 sit
1007 2491 1059 2533 et
1113 2478 1341 2534 humilis
1397 2480 1562 2534 corde
1587 2480 1629 2543 τ,
1680 2479 2066 2534 deducturum.

495 2571 607 2626 Sed
647 2571 898 2624 universe
966 2569 1071 2623 ista
1127 2567 1194 2624 de
1242 2568 1470 2637 judicio,
1505 2567 1650 2638 quod
1713 2569 1767 2622 in
1827 2577 2069 2623 extrema

496 2661 686 2715 mundi
728 2659 952 2730 periodo
989 2657 1237 2713 futurum
1273 2669 1376 2722 est,
1417 2659 1572 2713 aiunt
1603 2659 1831 2737 intelligi
1863 2680 1874 2714 :
1916 2659 2072 2715 inde-

418 2769 428 2779 ·
497 2766 605 2820 que
643 2750 780 2813 lteri,
819 2755 878 2802 ut
914 2763 1039 2802 cum
1095 2748 1148 2801 in
1184 2747 1268 2801 eis
1315 2757 1467 2800 terra:
1522 2749 1681 2801 totius
1711 2747 2020 2801 meminerit
2053 2787 2068 2812 ,

497 2841 636 2894 nihil
671 2841 738 2897 de
773 2839 1038 2909 Babylone
1066 2839 1362 2907 quidquam
1413 2838 1746 2906 adjunxerit.
1802 2840 2070 2894 Cteterum

503 2931 594 2985 ubi
647 2931 974 3000 contigerint
1025 2945 1146 3000 qua:
1190 2928 1335 2984 dicta
1374 2936 1538 2995 sunt;
1598 2930 1688 2999 qui
1741 2946 1808 2984 ex
1862 2930 2073 2984 inﬁnito

501 3037 732 3076 numero
758 3061 772 3084 ,
806 3021 1122 3088 integritate
1162 3020 1330 3073 animi
1369 3029 1724 3086 conservata,
1783 3035 1907 3074 cum
1965 3021 2072 3074 ini-

2171 1839 2565 1907 τιτασσόμενος
2611 1836 3018 1906 ὑπερηφάνοις
3061 1836 3285 1906 Κύριος,
3320 1838 3416 1890 καὶ
3453 1837 3767 1892 ταπεινῶν

2173 1929 2532 1999 ἁμαρτωλοὺς
2581 1929 2686 1991 ἓως
2751 1928 2875 1998 γῆς,
2943 1927 3341 1996 ἐπαγγέλλεται
3403 1928 3518 1994 τὴν
3578 1929 3768 1997 ὕϐριν

2173 2017 2292 2069 τῶν
2331 2016 2732 2086 ὑπερηφάνων
2773 2017 3197 2081 ταπεινώσειν,
3242 2017 3500 2087 ῥυόμενος
3550 2018 3766 2080 αὐτοὺς

2173 2107 2239 2160 ἐκ
2265 2109 2364 2178 τῆς
2396 2108 2533 2179 πρὸς
2559 2109 2650 2161 τὸν
2674 2107 2917 2161 διάϐολον
2943 2111 3282 2180 ὁμοιότητος,
3311 2109 3369 2171 ὃς
3397 2110 3578 2178 πατήρ
3600 2111 3765 2162 ἐστιν

2173 2200 2610 2267 ὑπερηφανίας,
2644 2201 2853 2267 ὲνάγων
2884 2201 3082 2264 αὑτοὺς
3105 2201 3238 2271 πρὸς
3263 2199 3322 2252 τὸ
3345 2198 3766 2269 μαθητεὺεσθαι

2175 2291 2253 2360 τῷ
2279 2291 2484 2344 εἰπόντι
2511 2308 2525 2324 ο
2564 2291 2780 2345 Μάθετε
2824 2293 2917 2345 ἀπ’
2952 2292 3110 2361 ἐμοῦ,
3147 2293 3227 2345 ὅτι
3265 2292 3442 2362 πρᾶός
3475 2293 3616 2360 εἰμι,
3647 2293 3768 2344 καὶ

2175 2383 2430 2443 ταπεινός
2459 2383 2522 2451 τῇ
2559 2381 2775 2450 καρδίᾳ.
2806 2380 2990 2434 Ταῦτα
3006 2381 3086 2447 δὲ,
3115 2383 3269 2449 φασὶ,
3293 2380 3591 2444 καθολικῶς
3616 2383 3768 2453 περὶ

2175 2470 2278 2540 τῆς
2311 2472 2403 2524 ἐπὶ
2435 2471 2716 2543 συντελείᾳ
2736 2472 2830 2525 τοῦ
2861 2473 3066 2543 κόσμου
3111 2471 3344 2542 κρίσεως
3378 2473 3589 2542 εἴρηται
3612 2490 3627 2504 ο
3666 2472 3769 2526 διὸ

2177 2561 2235 2612 ἐν
2265 2560 2470 2624 αὑτοῖς,
2513 2558 2626 2628 τῆς
2672 2558 3020 2629 οἰκουμένης
3057 2559 3207 2626 ὅλης
3257 2561 3618 2630 μεμνημένος,
3655 2560 3772 2614 οὐ..

2176 2649 2370 2719 δεμίαν
2414 2650 2773 2716 Βαϐυλῶνος
2814 2650 3105 2720 πεποίηται
3155 2650 3364 2720 μνείαν,
3416 2650 3554 2720 μετὰ
3585 2649 3641 2704 δὲ
3691 2653 3771 2705 τὸ

2177 2741 2535 2810 ἐπενεχθῆναι
2563 2742 2630 2794 τὰ
2658 2742 2941 2811 εἰρημένα,
2972 2744 3019 2795 οἰ
3064 2744 3130 2796 ὲκ
3169 2741 3378 2795 πολλῶν
3423 2741 3770 2812 εὑρισκόμε-

2176 2829 2556 2904 νοιᾶνθρωποι
2595 2831 2759 2900 μηδὲν
2801 2830 3091 2900 βλαϐέντες
3131 2830 3231 2902 τὴν
3280 2831 3456 2902 ψυχὴν
3501 2831 3607 2883 ἀπὸ
3645 2831 3773 2902 τῆς

2179 2921 2316 2992 πρὸς
2348 2925 2473 2984 τοὺς
2496 2923 2730 2991 ἀνόμους
2759 2924 3064 2990 κοινωνίας,
3092 2923 3180 2976 διὰ
3207 2923 3266 2975 δὲ
3293 2921 3612 2994 πειρασμῶν
3641 2940 3770 2993 μυ-

2182 3014 2312 3084 ρίων
2349 3014 2581 3084 βάσανον
2606 3014 2902 3077 δεδωκότες
2949 3013 3156 3084 ἀκριϐῆ
3181 3013 3282 3083 τῆς
3317 3013 3526 3067 ἑαυτῶν
3555 3030 3770 3080 προαιο

501 3111 626 3176 quis
663 3109 978 3164 societatem
1007 3122 1120 3162 non
1154 3107 1438 3172 iniverint,
1471 3109 1564 3163 sed
1593 3124 1686 3177 per
1718 3108 1926 3162 inﬁnita
1954 3117 2071 3162 ten-

2181 3108 2420 3177 ρὲσεως,
2473 3108 2673 3170 παντὸς
2727 3109 2918 3176 τιμίου
2970 3105 3253 3167 δοκοῦντος
3301 3105 3372 3158 ἐν
3422 3104 3768 3172 ἀνθρώποις

505 3198 773 3252 tationum
826 3205 1097 3252 tormenta
1153 3198 1406 3267 probati,
1455 3206 1706 3252 exactum
1774 3199 2073 3252 voluntatis

497 3304 618 3344 sum
659 3288 1032 3342 testimonium
1063 3287 1352 3356 dederint;
1385 3290 1535 3343 omni
1568 3305 1628 3344 re
1661 3289 1741 3343 illi
1772 3298 2072 3359 quantum-

503 3379 588 3432 vis
637 3377 947 3431 mortalibus
978 3379 1202 3444 eximia,
1236 3380 1567 3446 pretiosiores
1596 3389 1798 3447 erunt;
1837 3381 2075 3434 hominis

504 3469 762 3523 videlicet
790 3470 1148 3538 appellatione
1175 3471 1324 3540 digni
1352 3490 1364 3524 :
1391 3473 1590 3542 quippe
1613 3473 1706 3543 qui
1727 3476 1731 3480 ’
1752 3473 2076 3542 incorrupto

503 3573 556 3614 et
610 3560 780 3615 illmso
831 3562 1060 3616 rationis
1103 3577 1369 3628 munere;
1401 3563 1543 3631 quod
1594 3579 1624 3618 a
1671 3574 1863 3619 natura
1906 3565 2074 3635 possi-

497 3651 656 3715 dent,
710 3665 816 3704 non
859 3665 987 3705 eum
1034 3651 1157 3705 aliis
1203 3649 1476 3705 feritatem
1532 3653 1784 3720 amplexi,
1842 3655 2076 3708 homines

503 3759 626 3798 esse
660 3759 720 3798 se
756 3743 938 3798 testati
973 3742 1104 3797 sint.
1139 3743 1352 3797 Dicitur
1381 3753 1568 3798 autem
1605 3763 1795 3799 aurum
1835 3747 1888 3802 id
1938 3749 2080 3801 obri—

505 3851 648 3897 zum,
692 3834 836 3904 quod
879 3849 1075 3904 purum
1112 3842 1311 3903 putum
1358 3844 1554 3888 natura
1600 3837 1900 3904 exsistens,
1951 3840 2078 3904 quia

498 3927 718 3996 generis
757 3922 982 3979 alterius
1033 3923 1170 3978 nihil
1216 3923 1510 3978 admistum
1579 3926 1762 3990 habet,
1825 3929 2078 3983 coctione

504 4031 613 4071 non
661 4016 885 4086 indiget.
930 4015 1025 4071 Est
1053 4031 1184 4071 vero
1219 4014 1436 4085 Suphir,
1474 4016 1640 4072 ludite
1667 4019 1845 4089 regio,
1878 4019 1930 4072 in
1967 4035 2076 4088 qua

503 4107 774 4174 pretiosos
805 4105 1012 4174 lapides
1047 4106 1197 4158 aiunt
1234 4107 1490 4175 reperiri.
1523 4106 1806 4177 Signiﬁcat
1836 4124 1965 4177 ergo
1994 4109 2078 4163 vel

501 4199 822 4266 proborum,
872 4195 955 4249 vel
1000 4210 1189 4249 eorum
1232 4207 1402 4262 certe,
1446 4199 1537 4267 qui
1595 4207 1757 4268 capta
1807 4198 2080 4271 Babylone

499 4287 830 4356 superstites
851 4285 1196 4354 futuri212
1245 4295 1396 4351 sunt,
1432 4291 1784 4356 paucitatem.
1832 4290 1986 4355 Quod
2032 4293 2078 4348 si

2177 3197 2391 3252 ἔσονται
2433 3198 2777 3268 τιμιώτεροι,
2841 3201 2940 3267 τῆς
2991 3197 3184 3269 ἀνδρὸς
3239 3197 3555 3268 εὑρεθέντες
3610 3197 3768 3262 ἄξιοι

2177 3290 2572 3361 προσηγορίας,
2604 3291 2698 3342 καὶ
2738 3290 2796 3343 τὸ
2830 3291 2972 3344 κατὰ
3012 3289 3174 3358 φύσιν
3202 3289 3420 3358 λογικὸν
3459 3288 3766 3352 διασώζον-

2176 3400 2286 3447 τες,
2326 3381 2756 3453 χρηματίζοντες
2791 3383 3106 3451 ἆνθρωποι,
3145 3382 3222 3454 τῷ
3267 3383 3342 3453 μὴ
3382 3382 3756 3453 τεθηριῶσθαι

2175 3477 2288 3537 τοῖς
2319 3473 2500 3537 ἄλλοις
2530 3474 2750 3543 ὁμοίως.
2785 3475 3038 3543 Ἀπυρος
3080 3473 3148 3527 δὲ
3195 3475 3444 3543 χρυσὸς,
3491 3476 3520 3527 ό
3563 3475 3652 3528 διὰ
3682 3475 3753 3529 ob

2177 3561 2338 3631 φύσει
2367 3562 2608 3632 καθαρόν
2633 3563 2727 3615 καὶ
2758 3563 2959 3634 ἀμιγὲς
3001 3562 3136 3633 πρὸς
3169 3563 3323 3627 ἄλλα,
3355 3563 3658 3634 πυρώσεως
3683 3564 3756 3618 οὔ

2176 3653 2448 3724 δεόμενος.
2478 3654 2732 3723 Σουφείρ
2753 3655 2809 3708 δὲ
2842 3653 2994 3724 χώρα
3030 3656 3128 3726 τῆς
3171 3655 3421 3726 Ἰνδικῆς,
3447 3657 3574 3711 ἔνθα
3601 3659 3762 3727 γίνε-

2179 3749 2304 3798 σθαι
2355 3746 2454 3809 τὰς
2477 3747 2815 3816 τιμιωτάτας
2842 3746 3024 3810 λίθους
3055 3749 3188 3817 φησί
3221 3749 3269 3800 lt.
3306 3748 3466 3817 Δηλοῖ
3490 3748 3676 3802 τοίνυν
3717 3751 3758 3822 ἢ

2177 3836 2284 3889 τῶν
2310 3837 2510 3908 ἀρετὴν
2543 3837 2775 3906 ἑχόντων
2803 3837 2864 3888 τὸ
2891 3838 3139 3919 σπάνιον,
3171 3839 3202 3908 ἢ
3234 3838 3340 3892 τῶν
3367 3840 3502 3902 ὅλως
3529 3838 3762 3902 ζώντων

2181 3929 2319 3997 μετὰ
2355 3928 2456 3997 τὴν
2500 3928 2701 3981 ἅλωσιν
2748 3926 3068 3991 Βαϐυλῶνος
3094 3944 3108 3957 ”
3161 3929 3274 3998 εἴγε
3325 3930 3454 4000 περὶ
3485 3931 3698 4000 ταύτης
3730 3934 3762 3986 ό

2178 4017 2355 4087 λόγος,
2388 4019 2472 4088 ἐφ’
2511 4013 2590 4082 οἷς
2650 4019 2906 4088 οὐρανοῦ
2941 4019 3130 4088 θυμὸν
3161 4020 3496 4086 ὑποτίθεται,
3549 4021 3652 4091 οὑχ
3679 4023 3762 4088 ῶς

2179 4111 2446 4188 ἐμψύχου,
2475 4109 2597 4162 καθ’
2628 4110 2664 4164 ἃ.
2685 4111 2746 4180 δή
2777 4127 2920 4173 τινες
2945 4112 3168 4172 οἴονται,
3197 4111 3337 4164 ἀλλὰ
3371 4111 3470 4173 τὰς
3497 4111 3556 4164 ὲν
3601 4113 3760 4184 αὑτῷ

2177 4204 2436 4272 δυνάμεις
2464 4203 2640 4273 δηλῶν
2660 4244 2674 4263 ,
2709 4203 2900 4274 ὥσπερ
2926 4204 3126 4272 φαμὲν,
3171 4203 3236 4255 Ἦ
3267 4204 3423 4266 πόλις
3455 4203 3754 4272 ὲκϐἐϐηκε,
3779 4203 3782 4206 ’

2180 4297 2334 4348 Πᾶσα
2372 4297 2405 4366 ἡ
2456 4295 2610 4357 πόλις
2657 4295 2826 4365 ᾔτησέ
2876 4312 2929 4347 τι
2979 4295 3131 4365 παρὰ
3177 4294 3269 4347 τοῦ
3313 4295 3593 4364 ἄρχοντος,
3620 4295 3752 4357 τοὺς

503 4379 572 4432 de
587 4378 690 4432 ista
714 4392 896 4432 sermo
917 4385 1022 4441 est,
1044 4378 1100 4430 in
1120 4377 1320 4446 quibus
1365 4379 1502 4431 iram
1536 4380 1655 4433 celi
1693 4381 1939 4450 subjicit,
1969 4399 2071 4437 non

2181 4384 2523 4448 ἐνοικοῦντας
2548 4385 2926 4454 σημαίνοντες.
2961 4386 3302 4453 Συγκινεῖται
3329 4385 3387 4437 δὲ
3431 4387 3510 4457 τῷ
3547 4387 3748 4439 Δεσπό-

503 4473 801 4526 animatum
821 4471 1185 4541 asseri,quod
1219 4473 1425 4542 placuit
1453 4475 1920 4543 quibusdam,sed
1955 4494 2071 4546 quae

2177 4491 2247 4547 τῃ
2269 4477 2412 4530 κατὰ
2437 4477 2545 4530 τῶν
2570 4476 2908 4529 ἀσεϐούντων
2944 4477 2975 4544 ἠ
3003 4476 3181 4538 κτίσις
3207 4492 3222 4506 ο
3255 4476 3331 4540 ὡς
3368 4476 3463 4529 καὶ
3497 4478 3637 4548 χαρὰ
3666 4476 3752 4546 γί-

505 4564 705 4617 suntin
731 4564 855 4632 ipso
898 4565 1134 4619 virtutes
1155 4565 1428 4634 designari
1453 4575 1732 4635 putamus.
1766 4569 1885 4635 Quo
1925 4570 2078 4626 locu-

508 4653 672 4708 tionis
683 4668 886 4724 genere
904 4670 1026 4708 cum
1044 4655 1233 4709 urbem
1255 4671 1532 4724 egressam
1555 4675 1696 4724 esse,
1717 4662 2078 4732 eamdemque

507 4757 536 4793 a
554 4743 801 4814 principe
818 4758 922 4798 suo
959 4745 1224 4814 petivisse
1260 4746 1466 4816 aliquid
1489 4747 1745 4814 dicimus,
1770 4750 1904 4803 nihil
1925 4751 2076 4806 aliud

506 4849 668 4904 quam
701 4833 856 4889 urbis
885 4835 1034 4890 cives
1068 4835 1445 4904 intelligimus.
1469 4837 1607 4891 Cum
1642 4819 1931 4908 ipso'enim
1964 4841 2075 4896 Do-

507 4924 658 4979 mino
683 4923 946 4980 adversus
968 4924 1189 4996 impios,
1217 4927 1463 4982 auctoris
1495 4929 1580 4982 sui
1615 4938 1800 4998 partes
1831 4932 2077 5001 amplexa

507 5013 697 5070 mundi
733 5015 939 5071 fabrica
969 5024 1244 5085 movetur,
1285 5033 1393 5073 non
1435 5019 1594 5074 aliter
1634 5036 1797 5090 quam
1854 5030 2076 5091 propter

505 5121 624 5168 eos,
657 5105 748 5178 qui
791 5108 1168 5178 resipiscuut,
1223 5109 1394 5164 laetari
1463 5110 1660 5165 cmlum
1721 5121 1778 5166 et
1836 5112 2074 5180 gaudere

2175 4583 2325 4620 νεται
2369 4569 2426 4620 ὲν
2459 4570 2572 4629 τοῖς
2609 4566 2963 4637 μετανοοῦσιν
2997 4569 3055 4620 ὲν
3091 4567 3327 4638 οὐρανῷ.
3365 4570 3476 4621 Καὶ
3517 4567 3756 4638 ἀλλαχοῦ

2174 4658 2336 4712 eam
2367 4661 2479 4720 τοῖς
2501 4659 2725 4728 ἀνόμοις
2752 4661 2781 4711 ό
2807 4658 3034 4728 οὐρανὸς
3067 4659 3344 4724 ἐξίσταται
3370 4675 3428 4710 τε
3477 4660 3566 4711 καὶ
3591 4659 3762 4729 φρίτ-

2173 4767 2278 4805 τειν
2331 4751 2424 4803 καὶ
2452 4751 2511 4803 ὲν
2559 4750 2822 4820 Αἰγύπτῳ
2858 4749 2967 4820 γὰρ
2991 4749 3138 4820 ὕδωρ
3191 4751 3288 4820 μὲν
3335 4751 3416 4812 εἰς
3445 4744 3582 4818 αἷμα
3619 4767 3765 4818 μετ-

2175 4842 2367 4895 έϐαλεν
2387 4857 2399 4869 ·
2428 4841 2628 4912 ὲξῆρψε
2658 4841 2677 4879 ι
2708 4842 2765 4894 δὲ
2793 4841 3100 4911 βατράχους
3128 4842 3159 4910 ἡ
3190 4843 3259 4910 γῆ
3279 4855 3296 4870 ⁸
3327 4842 3534 4910 καθῆκε
3569 4841 3626 4893 δὲ
3649 4843 3763 4918 χᾲ-

2175 4932 2347 4997 λαζαν
2374 4933 2606 5004 οὑρανός
2630 4949 2646 4964 ·
2689 4935 2716 4986 ό
2745 4933 2802 4986 δὲ
2828 4934 2938 5004 ἀὴρ
2967 4933 3159 4996 σκότος
3185 4933 3396 5003 ὑπῆρχε
3429 4931 3761 5002 βαθύτατον.

2175 5024 2330 5076 Οὕτω
2361 5023 2418 5075 δὲ
2442 5023 2537 5075 καὶ
2560 5023 2653 5076 νῦν
2689 5022 2953 5091 οὐρανοῦ
3001 5022 3194 5091 θυμὸν
3219 5021 3460 5092 νοητέον,
3494 5019 3567 5082 ὡς
3606 5019 3766 5091 ἅπερ

2172 5111 2230 5177 ἐξ
2261 5111 2424 5164 αὑτοῦ
2446 5113 2558 5174 τοῖς
2581 5109 2972 5182 κολαζομένοις
2996 5111 3262 5181 ἐπάγεται
3288 5111 3516 5181 φοϐερὰ,
3537 5110 3767 5179 ἄστρων

505 5197 701 5252 dicitur
741 5195 784 5248 ⁸.
829 5194 896 5250 Et
947 5195 1150 5253 alicubi
1211 5214 1428 5254 rursum
1502 5207 1724 5269 propter
1773 5202 2071 5257 sceleratos

2174 5201 2464 5270 ἐκλείψεις,
2530 5201 2766 5273 σκηπτοί
2823 5218 2884 5254 τε
2924 5201 3020 5255 καὶ
3070 5201 3306 5271 σκληραὶ
3356 5199 3592 5271 βρονταὶ,
3657 5197 3792 5273 καὶ.

574 5370 596 5403 ⁸
627 5372 881 5444 δειμιι,
913 5375 999 5429 l7.
1075 5377 1096 5407 '
1139 5375 1300 5433 Prov.
1343 5392 1431 5442 ιιι,
1468 5379 1554 5444 ⁸54,
1589 5378 1708 5434 Jac.
1767 5394 1840 5442 tv,
1900 5378 2005 5444 l0;
2053 5376 2071 5430 l

2174 5385 2257 5432 :tr.
2285 5393 2336 5441 ν,
2373 5376 2426 5430 5.
2503 5378 2522 5408 ⁸
2548 5375 2651 5432 Job
2680 5392 2792 5442 xu,
2818 5375 2908 5434 25.

499 5457 620 5501 xcv,
656 5442 743 5496 ll.
773 5469 780 5476 -

2987 5377 3006 5406 "
3044 5373 3233 5432 Matth.
3269 5386 3342 5437 xx,
3371 5371 3458 5426 29.
3532 5372 3554 5402 '
3601 5367 3767 5432 Psal.

1768 5557 2004 5613 VARI/ii
2060 5560 2474 5620 LECTIONES.

575 5642 600 5684 λ
625 5659 714 5711 γρ.
741 5642 889 5710 φασί.
973 5643 987 5681 ι
1025 5661 1111 5713 π).
1146 5645 1412 5717 ὲξέρευξε.
