4010 6208
310 264 465 329 ³3085

1432 263 1964 325 COMMENTARII
1999 264 2082 325 IN
2127 266 2396 326 ISAIAM
2407 315 2417 326 .

3451 274 3590 336 2086

330 385 484 454 ἀέρος
520 381 710 452 ἀχλὺς,
749 380 784 434 ἃ
829 379 894 449 δὴ
945 378 1158 447 γίνεται
1202 377 1312 432 διὰ.
1349 379 1542 449 θυμὸν
1571 378 1752 449 ὀργῆς
1799 377 1903 433 Ku-

2018 383 2225 437 moveri
2261 394 2315 438 et
2363 382 2651 437 inhorrcre
2685 383 2886 439 crelum
2919 384 3122 440 dicitur
3153 391 3194 445 ⁸.
3239 389 3297 444 lu
3356 391 3594 463 Aigypto

319 477 479 546 ρίου,
515 471 659 526 οὕτω
689 471 994 542 λεγομένης
1024 471 1126 539 τῆς
1175 469 1316 523 κατὰ
1344 470 1564 524 κόλασιν
1610 470 1915 542 ἀναθυμιά-

326 584 488 630 σεως.
529 566 625 620 καὶ
671 566 772 634 τῆς
813 562 910 616 ἐπὶ
953 563 1068 626 τοῖς
1116 563 1499 634 ἡμαρτηκόσιν
1528 561 1794 632 ἐξάψεως.
1823 559 1915 630 Γῆ

321 660 400 724 δὲ,
435 658 626 728 φησὶν,
674 656 742 710 ἐν
770 654 888 709 τῶν
951 655 1242 725 θεμελίων
1287 653 1681 722 σεισθήσεται
1701 669 1717 685 '
1767 652 1914 708 τοῦτ’

307 751 498 816 Ιστιν,
531 749 632 802 οὐκ
667 746 931 818 ἐπιϐολῆς
963 755 1002 784 ιιι
1041 747 1244 817 ἔχουσα
1286 746 1380 800 τὸν
1436 745 1711 818 βρασμόν.
1745 745 1916 815 Θεμό“

318 845 428 894 11a
457 840 526 892 es
569 837 684 908 γῆς
713 838 971 907 ἄγνωστά
1015 854 1182 908 φησιν
1226 839 1285 891 ὲν
1330 837 1452 890 Ἰὼϐ
1487 837 1776 909 ἀνθρώπου
1809 837 1912 906 φύ-

322 948 409 984 σει
443 931 670 1000 Κύριος.
708 948 728 982 ι
761 929 870 982 [Ιοῦ
896 925 963 1000 ἦς
997 929 1055 982 ὲν
1089 929 1168 1000 τῷ
1199 927 1490 999 θεμελιοῦν
1528 945 1595 999 με
1633 929 1734 999 τὴν
1765 930 1910 998 γῆν;

319 1019 666 1086 ἀπάγγειλον
701 1019 762 1086 δή
802 1035 894 1088 μοι
933 1020 981 1070 εἰ
1015 1019 1310 1071 ἐπίστασαι
1356 1017 1594 1084 σύνεσιν,
1643 1018 1727 1081 τίς
1756 1017 1914 1071 rem

318 1111 390 1163 τὰ
425 1111 600 1180 μέτρα
630 1109 822 1178 αὐτῆς,
857 1109 907 1164 εἰ
933 1104 1114 1173 οῐδας;
1149 1108 1182 1178 ἢ
1214 1107 1296 1170 τίς
1331 1109 1359 1160 ὁ
1402 1106 1700 1176 ἐπαγαγὼν
1727 1123 1912 1177 ¹σπαρ-

316 1203 438 1255 τίον
471 1201 559 1253 ἐπ’
595 1200 803 1270 αὖτήνς
846 1199 939 1250 ἐπὶ
971 1199 1119 1260 τίνος
1139 1200 1197 1250 οἱ
1239 1197 1420 1268 κρίκοι
1455 1199 1624 1262 αὐτῆς
1655 1198 1913 1268 πεπήγα-

320 1310 446 1358 σιν;
493 1293 576 1354 τίς
623 1291 680 1344 δέ
733 1293 880 1342 ἐστιν
927 1292 954 1342 ὁ
1000 1288 1179 1359 βαλὼν
1226 1289 1374 1343 λίθον
1405 1295 1660 1357 γωνιαῖον
1702 1288 1910 1341 ὲπάὐ-

317 1387 458 1454 τῆς;
493 1401 511 1434 ι
548 1383 610 1434 Ut
663 1381 716 1432 δὲ
760 1381 860 1448 τῆς
909 1379 1014 1444 ἔξω
1069 1379 1263 1449 σοφίας
1305 1381 1438 1449 φασὶ
1475 1379 1910 1449 τεθεμελιῶσθαι

317 1473 418 1543 τὴν
463 1474 567 1542 γῆν
613 1473 676 1523 ἐν
721 1470 799 1541 τῷ
855 1471 1067 1540 κέντρῳ
1107 1470 1208 1539 τῆς
1256 1470 1624 1540 περιεχούσης
1680 1469 1908 1541 οὐρανοῦ

319 1563 560 1632 σφαίρας
590 1560 780 1632 αὐτήν.
841 1562 1153 1632 ’ἰσόρροπος
1196 1561 1307 1632 γάρ
1356 1579 1464 1633 περ
1507 1563 1850 1639 ἀφισταμένη
1867 1568 1910 1598 ἰι

315 1653 681 1723 πανταχόθεν,
704 1655 856 1707 ἐστὶν
881 1654 1195 1724 ἁκλόνητοςο
1229 1654 1324 1708 καὶ
1352 1654 1525 1707 ταῦτα
1555 1654 1641 1725 δὴ,
1663 1656 1818 1724 φασὶ,
1839 1656 1908 1709 τὰ

2018 476 2287 546 siquidem
2341 490 2540 545 aquam
2593 476 2647 530 in
2709 478 3034 545 sanguinem
3091 490 3358 536 mutatam
3415 499 3588 551 csse;

2015 575 2220 621 terram
2267 567 2399 621 item
2435 581 2602 622 ranas
2641 567 2940 634 cbullisse;
2978 571 3179 625 crelurn
3209 572 3407 628 deinde
3433 591 3596 645 gran-

2015 657 2200 711 dinem
2246 655 2570 721 demisisse,
2604 670 2787 711 aerem
2820 656 3058 729 denique
3110 661 3164 714 in
3218 663 3592 732 profundissi-

2013 761 2131 800 mas
2174 746 2430 802 tenebras
2460 761 2584 802 esse
2621 761 2952 803 conversum
3020 749 3142 806 sine
3209 757 3592 810 controversia

2013 845 2116 892 est.
2155 835 2312 891 Haud
2340 837 2584 892 absimili
2616 846 2670 892 ct
2715 838 2810 893 hic
2843 839 3096 904 ratione.
3146 840 3263 896 οωίὲ
3310 843 3449 897 iram
3495 859 3594 916 par

2011 937 2098 984 est
2129 943 2194 984 ea
2217 929 2439 999 intelligi
2469 929 2672 1000 quibus
2709 939 2986 985 terrentur
3027 931 3184 1002 impii
3221 949 3236 999 ;
3274 935 3587 1002 cujusmodi

2013 1020 2121 1090 ipsi
2143 1029 2272 1076 sunt
2321 1021 2668 1090 planetarum
2703 1019 2976 1087 delectus,
3011 1023 3258 1078 tonitrua
3284 1063 3300 1091 ,
3334 1023 3588 1091 fulmina,

2001 1113 2156 1168 aeris
2204 1111 2471 1180 caligines
2499 1129 2510 1164 :
2544 1127 2666 1182 quae
2699 1121 2847 1166 certe
2878 1112 3014 1166 ﬁunt
3055 1124 3278 1183 propter
3302 1114 3442 1168 iram
3475 1115 3580 1168 Do-

2012 1204 2195 1257 minici
2219 1203 2418 1269 furoris
2450 1217 2559 1272 quo
2592 1204 2814 1258 nomine
2839 1203 3098 1259 vindicta:
3139 1203 3324 1260 fervor
3383 1213 3436 1261 et
3496 1221 3592 1262 eo-

2012 1309 2156 1358 rum,
2186 1293 2278 1362 qui
2313 1302 2712 1362 peccaverunt,
2748 1292 2996 1348 incensio
3026 1293 3389 1364 signiﬁcatur.
3424 1294 3589 1349 Terra

2011 1395 2196 1438 autem
2232 1384 2295 1436 ab
2327 1384 2457 1452 ipsis
2481 1421 2494 1447 ,
2557 1384 2654 1447 ait,
2715 1385 3006 1437 movebitur
3055 1385 3435 1452 fundamentis.
3469 1387 3590 1451 Quo

2010 1487 2160 1531 certe
2195 1475 2332 1529 nihil
2367 1475 2534 1539 aliud,
2583 1489 2745 1545 quam
2795 1491 2862 1530 ne
2889 1477 3178 1546 superlicie
3205 1485 3364 1533 tenus
3397 1489 3590 1532 aestum

1997 1576 2063 1622 -ει
2122 1567 2554 1622 concussionem
2600 1581 2894 1636 passuram
2941 1567 3254 1631 credamus,
3309 1570 3590 1624 monuisse

2000 1662 2246 1715 videtur.
2272 1659 2416 1714 Sunt
2448 1675 2578 1714 vero
2609 1658 2840 1715 Domino
2869 1668 3010 1715 teste
3044 1662 3097 1714 in
3125 1660 3247 1715 Jobi
3276 1661 3438 1724 libro,
3464 1662 3585 1730 ipsa

315 1747 468 1818 ρητά
503 1745 656 1816 δηλοῖ
683 1746 781 1817 τὴν
814 1746 1149 1800 συντέλειαν.
1175 1749 1237 1799 Οἱ
1269 1747 1326 1799 δὲ
1353 1748 1482 1816 περὶ
1509 1748 1903 1800 Βαϐυλωνίων

2007 1753 2261 1808 humanae
2308 1761 2518 1807 natura
2567 1752 2751 1824 ignota
2803 1763 2956 1806 terra:
3007 1753 3374 1822 fundamenta.
3420 1771 3438 1804 ι
3481 1751 3586 1807 Ubi

303 1841 574 1913 ἐἰρῆσθαι
603 1840 920 1912 νομίζοντες
964 1842 1238 1909 λέγωσιν,
1276 1841 1351 1905 ὠς
1397 1844 1445 1895 οἱ
1492 1843 1769 1913 προφῆται
1802 1843 1901 1914 τὴν

301 1933 472 1986 ’θείαν
506 1935 600 1987 καὶ
641 1936 919 2005 ἄφραστον
969 1935 1199 2004 δύναμιν
1236 1935 1517 2006 δεχόμενοι
1563 1935 1708 1990 κατὰ
1752 1935 1900 2001 νοῦν,

2004 1831 2164 1899 enim.
2181 1857 2328 1905 eras,
2349 1843 2446 1908 ait,
2465 1842 2684 1912 quando
2708 1843 2976 1911 ponebam
3005 1842 3362 1898 fundamenta
3387 1841 3586 1897 terrae?

2005 1935 2194 1990 Indica
2231 1935 2365 1990 mihi
2396 1977 2410 2003 ,
2464 1937 2510 1990 si
2548 1937 2720 1992 trabes
2760 1937 3212 2008 intelligentiam,
3245 1939 3372 2010 quis
3401 1936 3588 2008 posuit

316 2024 700 2095 ὑπερϐολικῶς
735 2025 982 2095 αἴρουσιν
1019 2025 1158 2095 ὑψοῦ
1191 2027 1290 2090 τὰς
1325 2027 1527 2096 φωνὰς,
1568 2027 1660 2079 καὶ
1694 2027 1902 2097 μεγέθη

2008 2027 2464 2097 mcnsurasejus,
2499 2028 2544 2083 si
2576 2031 2717 2082 nosti
2741 2044 2756 2094 ;
2777 2029 2859 2082 vel
2882 2030 3257 2099 quistetcndit
3277 2044 3445 2098 super
3467 2043 3586 2085 earn

312 2118 432 2180 τοῖς
463 2102 795 2186 διηγήμασιν
825 2117 1133 2171 ἐπινοοῦσιν
1171 2117 1443 2188 ἐξαίρετα.
1469 2120 1529 2172 Ol
1557 2119 1610 2171 δὲ
1636 2119 1901 2188 φεύγειν,

2005 2117 2238 2172 lineam?
2259 2117 2434 2186 Super
2450 2134 2559 2188 quo
2579 2119 2740 2173 bases
2757 2120 2906 2174 illius
2919 2119 3169 2175 solidata:
3186 2121 3338 2175 sunt?
3355 2127 3447 2178 aut
3463 2119 3588 2190 quis

313 2212 477 2280 φησι,
503 2210 624 2262 τότε
676 2209 1010 2280 πειρώμενοι
1059 2210 1129 2263 τὰ
1160 2211 1327 2274 δεινὰ,
1377 2211 1625 2278 δόξουσιν
1670 2210 1903 2263 ἐοικέναι

2011 2209 2231 2262 demisit
2251 2208 2485 2277 lapidem
2506 2209 2629 2278 ejus
2647 2211 2964 2278 angularem
2989 2211 3069 2263 ‘°?
3090 2229 3108 2262 ι
3131 2212 3197 2265 At
3214 2213 3382 2279 ipsam
3405 2220 3590 2266 exter-

303 2299 611 2369 ’δορκαδίῳ
637 2301 890 2370 σμικρῷ,
939 2303 1054 2356 ἀλλ’
1085 2303 1146 2355 οὐ
1180 2303 1430 2365 τελείοις,
1463 2302 1665 2370 κοῦφόν
1710 2319 1768 2354 τε
1817 2303 1903 2354 καὶ

2010 2316 2094 2354 me
2125 2299 2432 2368 disciplima
2449 2309 2754 2354 sectatores
2778 2301 2832 2353 in
2858 2300 3150 2355 ambientis
3172 2285 3416 2370 und-ique
3459 2300 3585 2355 caeli

311 2389 490 2458 ταχὺν
519 2390 866 2459 ποιουμένοις
897 2391 988 2443 τὸν
1012 2391 1231 2461 δρόμον·
1252 2392 1551 2462 εὐπτόητον
1577 2391 1635 2444 δὲ
1668 2391 1726 2443 τὸ
1746 2390 1903 2454 ζῶον,

2010 2398 2213 2458 puncto
2241 2387 2478 2441 stabiliri
2520 2387 2848 2458 fundarique
2878 2404 2988 2442 non
3028 2389 3282 2442 dubitant
3313 2403 3584 2442 asserere.

305 2480 422 2532 ’κάν
449 2482 569 2542 ταῖς
592 2483 795 2548 φυγαῖς
820 2481 916 2550 οὐχ
949 2481 1257 2552 ἱστάμενον.

2012 2477 2195 2546 Equo
2225 2479 2372 2530 enim
2421 2493 2748 2547 suspensam
2803 2478 3094 2531 libramine
3120 2518 3134 2538 ,
3194 2493 3315 2532 cum
3355 2478 3470 2546 pari
3503 2477 3586 2530 di-

316 2577 432 2623 stet
459 2569 706 2639 undique
734 2569 1040 2637 intervallo,
1075 2572 1354 2640 immotam
1388 2584 1512 2624 esse
1548 2585 1774 2624 necesse
1796 2577 1898 2623 est.
1945 2566 2266 2635 Signiﬁcant
2303 2581 2433 2633 ergo
2469 2567 2635 2620 verba
2672 2566 2774 2619 ista
2842 2567 2978 2619 nihil
3047 2566 3196 2620 aliud
3230 2609 3244 2631 ,
3308 2567 3582 2636 inquiunt.

303 2673 484 2729 quam
516 2662 1062 2717 consummationem.
1094 2661 1200 2726 Qui
1235 2672 1414 2714 autem
1447 2660 1513 2713 ad
1567 2661 1886 2730 Babylonios
1926 2659 2211 2722 referunt,
2273 2657 2567 2726 prophetas
2621 2666 2837 2728 putant,
2904 2669 3194 2728 postquam
3239 2659 3480 2714 divinam
3529 2667 3583 2716 et

309 2747 653 2803 ineﬂ'abilem
720 2750 976 2804 virtutem
1065 2759 1246 2804 mente
1301 2758 1618 2819 exceperint
1656 2790 1670 2815 ,
1728 2765 1893 2818 supra
1970 2748 2191 2801 modum
2246 2763 2409 2802 voces
2462 2749 2742 2808 attollere,
2783 2751 3236 2818 narratio-nesqu‘e
3290 2765 3420 2804 suas
3467 2747 3586 2802 exi-

317 2844 431 2896 mio
483 2844 720 2912 quodam
765 2853 820 2899 et
858 2845 967 2898 alto
1023 2843 1239 2898 dicendi
1296 2859 1494 2914 genere
1555 2845 1868 2914 excogitato
1906 2857 2195 2897 exornare.
2250 2841 2351 2907 Qui
2388 2850 2568 2896 autem
2637 2843 2798 2912 213
2843 2843 2967 2912 fuga
2997 2885 3010 2909 ,
3077 2843 3251 2906 addit,
3291 2841 3581 2894 calamita-

313 2942 427 2986 tem
455 2935 684 2988 evadere
722 2934 1097 2999 conabuutur,
1123 2935 1353 2988 damuhe
1385 2935 1442 2998 ii,
1469 2935 1663 2989 robore
1695 2934 1878 2988 adhuc
1916 2934 1981 2988 ad
2033 2949 2253 2988 cursum
2330 2933 2784 3004 velocitatemque
2857 2935 3130 2989 destitutae
3205 2949 3325 3002 qua:
3376 2933 3580 2987 adultis

313 3025 376 3079 in
411 3035 661 3094 promptu
689 3022 831 3081 sunt
881 3026 1088 3081 similes
1135 3027 1422 3082 exsistent.
1473 3027 1565 3082 Est
1614 3027 1761 3083 enim
1802 3026 2089 3082 damarum
2145 3041 2318 3096 genus
2390 3025 2652 3096 pavidum
2708 3027 2966 3090 maxime,
3046 3041 3224 3096 neque
3269 3039 3437 3096 quam
3497 3023 3581 3076 iu-

315 3119 549 3188 ceperit,
583 3120 768 3188 fugam
796 3117 998 3173 sistere
1025 3118 1232 3174 didicit.

385 3206 506 3261 καὶ
535 3207 609 3269 ὡς
638 3195 934 3274 πρόϐατον
972 3209 1214 3261 ἔσονται
1244 3209 1655 3278 πλανώμενον.
1689 3208 1762 3261 Οὐ
1791 3207 1897 3278 γὰρ

2075 3209 2144 3260 Et
2205 3216 2381 3274 erunt,
2420 3207 2588 3274 addit,
2626 3217 2877 3277 tanquam
2931 3207 3040 3261 ovis
3092 3223 3299 3260 errans.
3336 3205 3470 3259 Nam
3526 3213 3580 3260 cl.

305 3297 438 3368 εχει
473 3296 690 3350 σύνεσιν
724 3297 931 3352 οἰκείαν
982 3299 1047 3352 τὸ
1082 3301 1400 3367 πρόϐατον,
1439 3301 1514 3364 ὡς
1539 3301 1765 3371 ὁρμίσαι
1798 3300 1896 3370 μὲν

315 3387 419 3440 ἐπὶ
460 3389 561 3450 τὰς
593 3388 892 3458 τροφίμους
917 3389 1118 3460 νομὰς,
1152 3391 1478 3459 αὐλισθῆναι
1506 3391 1560 3442 δὲ
1597 3393 1656 3444 ἐν
1710 3391 1898 3454 τόποις

317 3478 778 3550 ἀσφαλεστέροις,
811 3481 1034 3552 ἥπότον
1071 3483 1284 3546 ἑαυτοῖς
1305 3483 1630 3552 ὲκζητῆσαι,
1685 3482 1781 3534 ἐὰν
1823 3483 1897 3551 μή

319 3587 406 3634 τις
500 3570 826 3640 ποιμαίνων,
861 3573 955 3626 καὶ
986 3573 1070 3624 ἐπ’
1103 3574 1240 3625 αὐτὰ
1261 3573 1692 3644 καθηγούμενος.
1713 3571 1900 3635 Οὕτως

321 3655 422 3714 οὖν
447 3662 562 3723 τοῖς
579 3661 842 3728 φεύγουσί
876 3679 1064 3731 φησιν,
1084 3665 1195 3716 Οὐκ
1219 3663 1373 3716 ἔσται
1411 3681 1496 3726 τις
1527 3664 1710 3732 ἄρχων
1747 3664 1775 3716 ὁ
1804 3663 1899 3714 καὶ

289 3751 584 3819 ’συνάγειν
609 3751 928 3822 δυνάμενος,
973 3753 1066 3806 καὶ
1101 3755 1457 3822 καταφυγὴν
1497 3753 1682 3815 αὐτοῖς
1716 3769 1898 3823 παρα-

314 3847 498 3916 σχεῖν.
535 3835 724 3916 Οἱμὲν
750 3845 859 3916 γὰρ
884 3845 1288 3915 διασπείρονται
1313 3853 1338 3878 °
1386 3845 1738 3914 διωκόμενοι·
1762 3843 1812 3894 οἱ
1843 3842 1900 3894 δὲ

316 3932 603 4003 μένοντες,
636 3932 1080 4001 ἡττηθήσονται
1101 3934 1167 4002 ’ἢ
1203 3934 1319 3996 καὶ,
1349 3933 1490 3987 κατὰ
1517 3935 1646 3996 τοὺς
1674 3933 1897 3997 λοιποὺς

311 4024 1276 4096 ἑρμηνευτὰς,ἐκκεντηθήσοντιιι.
1313 4027 1374 4078 Οί
1429 4025 1484 4078 δὲ
1510 4025 1614 4079 κᾶν
1659 4025 1899 4077 συστῶσι

311 4115 596 4186 ἀλλήλων,
645 4116 1098 4171 ὑποπεσοῦνται
1148 4115 1224 4185 τῇ
1257 4117 1515 4185 μαχαίρᾳ
1559 4115 1676 4184 -τῆς
1717 4115 1900 4185 ὀργῆς

305 4205 434 4263 τοῦ
463 4206 632 4264 θεοῦ.
664 4195 936 4277 Οὖμόνον
957 4207 1014 4260 δὲ
1043 4206 1216 4262 ταῦτα
1243 4207 1589 4279 διαθήσουσιν
1618 4207 1743 4270 τοὺς
1773 4209 1901 4259 ἀσε-

313 4299 444 4362 ϐεῖς
471 4299 528 4353 αἱ
547 4299 810 4369 δυνάμεις
837 4299 895 4351 αἱ
922 4299 1318 4369 τιμωρητικαὶ,
1350 4300 1515 4369 ἤγουν
1535 4297 1683 4362 τοὺς
1714 4299 1902 4351 Βαϐυ-

304 4391 584 4456 λωνίους
613 4393 669 4444 οι
695 4391 919 4458 Πέρσαι
944 4407 958 4421 °
1003 4389 1143 4444 ἀλλὰ
1182 4390 1278 4444 καὶ
1319 4389 1610 4460 γυναῖκας
1642 4389 1737 4441 καὶ
1774 4387 1903 4441 παῖ-

303 4482 455 4550 δας,
483 4483 562 4548 ὡς
591 4482 789 4554 ὁμοίως
819 4483 1168 4554 ὑπάρχοντας
1205 4481 1444 4546 ἀσεϐεῖς.
1475 4481 1550 4534 Τὸ
1570 4480 1628 4533 δὲ
1675 4483 1762 4546 είς
1785 4479 1902 4548 τὴν

1999 3301 2220 3370 pecudes
2280 3300 2412 3369 ipsae
2478 3299 2625 3352 haud
2678 3300 2751 3352 ita
2809 3307 3006 3368 suapte
3067 3308 3270 3352 natura
3352 3313 3582 3366 sagates

2001 3403 2130 3447 sunt
2160 3399 2214 3445 et
2259 3391 2524 3460 providae,
2564 3401 2621 3444 ut
2677 3392 2760 3445 vel
2805 3392 2872 3445 ad
2926 3406 3132 3460 pascua
3187 3405 3284 3459 per
3314 3406 3372 3444 se
3400 3392 3576 3456 cxire,

2001 3481 2246 3550 tutisque
2271 3481 2406 3534 locis
2441 3480 2731 3543 stabulari,
2761 3491 2855 3534 aut
2876 3480 3168 3550 adaquari,
3197 3481 3302 3535 nisi
3337 3490 3576 3548 pastore,

2000 3581 2263 3642 tanquam
2296 3571 2455 3636 duce,
2490 3574 2692 3642 praevio
2716 3573 2954 3627 valeant.
2994 3573 3068 3626 Ad
3104 3572 3579 3642 huncigiturmo-

2000 3663 2163 3727 dum,
2204 3664 2404 3733 inquit,
2449 3666 2657 3734 aliquo,
2722 3665 2813 3733 qui
2865 3664 3185 3734 fugientibus
3247 3666 3468 3734 praesit,
3523 3671 3579 3719 et

2000 3752 2250 3820 palantes
2309 3765 2679 3819 congregare,
2744 3751 3118 3820 elfrrgimnquc
3178 3752 3420 3820 praebere
3492 3767 3579 3805 va-

1995 3842 2128 3907 leat,
2171 3841 2564 3896 destituentur.
2597 3841 2995 3912 Dispergentur
3021 3843 3164 3896 enim
3192 3843 3282 3896 alii
3325 3845 3490 3913 fugati
3523 3851 3578 3899 et

2000 3931 2177 3985 abacti
2213 3949 2226 3984 :
2260 3931 2464 4000 quibus
2495 3940 2680 3984 autem
2722 3945 2945 3984 manere
2973 3931 3146 3985 satius
3171 3931 3348 3984 visum
3388 3934 3575 3998 fuerit,

1995 4024 2275 4075 uincentur
2300 4031 2349 4076 et
2383 4021 2488 4091 ipsi
2517 4037 2538 4087 ;
2563 4030 2678 4084 aut,
2711 4027 2771 4074 ut
2801 4021 2923 4075 aliis
2957 4021 3134 4089 piacet
3156 4022 3574 4091 interpretibus,

2003 4115 2404 4185 transﬁgentur.
2447 4112 2696 4183 Denique
2739 4129 2807 4167 ne
2843 4113 2946 4182 ipsi
2985 4113 3246 4182 quidem,
3301 4121 3574 4184 quotquot

2000 4207 2172 4271 coire,
2202 4206 2637 4276 congregarique
2676 4205 2990 4272 c0ntigerit,
3035 4207 3311 4272 evadent;
3359 4207 3453 4260 sed
3490 4206 3576 4275 fu-

2000 4297 2138 4351 roris
2162 4296 2325 4350 divini
2350 4295 2528 4365 gladio
2563 4293 2886 4350 occumbant.
2906 4293 3091 4363 Neque
3111 4309 3241 4349 vero
3264 4296 3366 4350 ista
3396 4298 3574 4350 solum

2000 4389 2293 4458 inimpi0s,
2330 4387 2560 4442 ultrices
2602 4387 2870 4442 scelerum
2926 4395 3228 4456 potestates
3271 4386 3346 4456 (id
3379 4396 3484 4453 est,
3520 4389 3573 4441 in

2002 4479 2327 4551 Babylonios
2356 4477 2562 4546 Persa)
2585 4477 2965 4541 committent;
2991 4477 3089 4532 sed
3109 4479 3160 4531 in
3192 4493 3380 4533 eorum
3405 4481 3573 4534 etiam

285 4583 292 4588 ‘
307 4573 526 4645 χώραν
545 4573 734 4629 αὑτοῦ
765 4573 970 4638 διῶξαι
991 4584 1039 4640 ι),
1065 4575 1185 4627 ἀντὶ
1213 4573 1306 4626 τοῦ
1332 4572 1674 4644 ἐπειχθῆναι.
1710 4571 1897 4624 Δεδιό-

2003 4585 2195 4624 uxores
2247 4577 2296 4623 et
2356 4568 2569 4633 liberos,
2609 4576 2871 4637 tanquam
2913 4568 3214 4638 impietatis
3252 4569 3570 4639 participes,

299 4679 412 4727 τες
431 4664 542 4735 γὰρ
561 4666 689 4728 τοὺς
718 4664 1032 4735 πολεμίους,
1052 4665 1206 4736 φησι,
1231 4663 1326 4716 καὶ
1354 4662 1451 4735 τὴν
1475 4664 1695 4733 ἡδίστην
1721 4664 1906 4726 αὐτοῖς

307 4755 650 4824 φεύξονται
687 4753 904 4824 χώραν.
967 4757 1257 4826 Συμφωνεῖ
1288 4753 1342 4806 δὲ
1375 4754 1454 4824 τῷ
1494 4753 1638 4818 τοὺς
1681 4753 1904 4820 παῖδας

299 4843 621 4914 αρεουσιν
639 4837 690 4910 αἱ,
744 4848 772 4899 ὁ
824 4846 988 4898 Δαὸὶδ
1041 4847 1183 4916 πρὸς
1226 4845 1324 4916 τὴν
1371 4844 1666 4898 Βαϐυλῶνα
1703 4844 1900 4913 λέγων,

281 4949 344 4985 ἰ
387 4933 677 5005 Μακάριος
722 4934 782 4998 ὃς
810 4936 1072 5006 κρατήσει
1121 4935 1219 4988 καὶ
1251 4935 1460 5003 ὲδαφιεῖ
1485 4936 1553 4988 τὰ
1592 4935 1764 5005 νήπιά
1805 4951 1898 4987 σου

283 5023 458 5094 πρὸς
486 5023 588 5095 τὴν
625 5026 854 5096 πέτραν.
894 5045 914 5078 ι
945 5028 1009 5080 Et
1032 5024 1090 5079 δὲ
1121 5026 1202 5079 δεῖ
1225 5026 1430 5096 νοητῶς
1452 5026 1579 5096 περὶ
1604 5025 1712 5078 τῶν
1757 5041 1896 5095 συμο

285 5113 640 5182 ’ϐεϐηκὸτων
686 5115 992 5187 Ἀσσυρίοις
1027 5118 1224 5182 εἰπεῖν,
1267 5116 1456 5186 εὕροις
1510 5116 1577 5170 ἂν
1602 5112 1896 5177 ἀκωλύτως

285 5203 387 5268 τῇ
417 5203 548 5271 περὶ
577 5203 672 5255 τοῦ
727 5203 967 5272 Χριστοῦ
999 5206 1311 5276 προφητεεᾳ
1354 5205 1608 5276 λεχθείσῃ
1669 5203 1738 5257 τὰ
1765 5204 1894 5275 περὶ

311 5293 416 5361 τῆς
465 5296 662 5366 νοητῆς
713 5295 1056 5365 Βαϐυλῶνος,
1113 5299 1208 5351 καὶ
1255 5299 1347 5351 τοῦ
1375 5298 1576 5368 ταύτης
1633 5299 1893 5367 ἄρχοντος

389 5409 410 5441 ³
474 5409 580 5464 lsa.
627 5427 747 5477 xm,
782 5413 869 5469 l3.
949 5415 992 5446 ¹⁰
1017 5413 1119 5468 Job
1162 5431 1388 5475 xxxviii,
1424 5414 1540 5468 4-6.

2003 4657 2497 4724 desaevienLQuod
2519 4657 2718 4713 deinde
2746 4659 2802 4711 in
2837 4660 3098 4728 regionem
3117 4676 3268 4712 suam
3288 4661 3572 4729 impulsum

1999 4751 2071 4804 iri
2099 4750 2260 4814 dixit,
2299 4748 2440 4804 idem
2467 4749 2820 4818 signiﬁcavit,
2856 4763 2918 4802 ac
2943 4749 2988 4803 si
3024 4750 3263 4804 hostium
3307 4761 3452 4807 metu
3491 4753 3574 4808 vel

1993 4842 2456 4914 jucundissimam
2489 4842 2594 4896 sibi
2624 4841 2883 4910 regionem
2918 4841 3178 4912 fugituros
3201 4858 3322 4899 esse
3344 4833 3568 4900 demoné

2001 4943 2219 4990 strarct.
2249 4933 2526 4988 Convenit
2565 4948 2728 5002 porro
2751 4933 2895 5002 quod
2925 4949 3114 5002 pueros
3165 4935 3413 5000 allident,
3447 4950 3572 4990 cum

2003 5023 2230 5086 Davide,
2250 5023 2343 5093 qui
2368 5022 2702 5093 Babylonem
2729 5023 3040 5092 alloquens,
3065 5024 3281 5079 beatum
3304 5025 3418 5079 fore
3437 5041 3572 5094 pra:-

2003 5114 2172 5178 dicat,
2201 5131 2220 5164 ι
2259 5112 2355 5182 qui
2417 5113 2650 5176 tenebit,
2678 5119 2734 5166 et
2782 5112 2976 5167 allidet
3015 5113 3274 5183 parvulos
3323 5115 3444 5182 ejus
3502 5113 3570 5167 ad

2004 5215 2213 5275 petram
2250 5205 2318 5258 “.
2389 5223 2409 5257 ι
2445 5203 2602 5269 Quod
2644 5203 2688 5258 si
2725 5219 2930 5260 arcano
2980 5221 3147 5260 sensu
3187 5206 3254 5260 de
3303 5205 3416 5265 his.
3446 5221 3569 5275 qua:

1978 5288 2244 5366 'Assyriis
2274 5292 2644 5363 contigerunt,
2673 5293 2857 5348 dicere
2893 5309 3033 5364 Opus
3074 5304 3157 5351 cst
3191 5311 3206 5360 ;
3240 5294 3375 5349 nihil
3402 5309 3570 5366 repu-

1657 5415 1695 5443 ¹¹
1732 5409 1878 5465 Psal.
1914 5423 2133 5471 cxxxvl,
2191 5406 2246 5461 9.

1594 5502 1831 5557 VARIAS
1856 5495 2262 5555 LECTIONES.

397 5602 433 5674 ις
469 5613 560 5661 πρ,
612 5599 896 5670 ἐπιπολῆς,
975 5613 1000 5639 n
1036 5619 1126 5670 γρ,
1169 5602 1471 5674 ἰσορρόπως
1506 5602 1610 5669 γὰρ
1651 5596 2144 5671 περιαιρισταμένη.
2187 5605 2246 5629 ἰ’
2284 5612 2373 5664 γρ.
2403 5593 2820 5665 διασπεροῦντα.
2896 5603 2924 5644 Ρ
2957 5612 3044 5667 γρ.
3070 5592 3338 5661 διώξεται.
3411 5604 3439 5647 τ
3474 5612 3565 5665 γρ.

318 5664 603 5738 ῥήξουσιν.
