4010 6208
436 256 576 320 208'!

1729 243 2080 305 PROCOPII
2115 244 2358 308 GAZ/El
2431 299 2435 304 .

3549 240 3698 306 2088
3736 176 3753 200 ι

430 373 592 439 gnat,
623 375 747 435 quae
788 361 855 416 de
884 357 1095 415 Christi
1124 354 1412 427 prophetia
1441 352 1590 409 dicta
1625 363 1775 420 sunt,
1812 356 1877 409 ad
1912 356 2012 409 Ba-

2123 360 2359 413 5ιαῦόλου
2412 356 2703 428 λεγόμενα,
2745 354 2805 419 ὃς
2857 352 3005 408 κατὰ
3026 320 3117 407 τὸν
3148 350 3421 423 ἱστορικὸν
3470 350 3698 421 βασιλέα

438 461 691 531 bylonctu
717 449 1382 522 intelligibilem,ejusque
1407 448 1706 517 principem
1736 446 2011 502 diabolum

441 548 641 606 referri
675 546 812 617 ;qui
841 543 910 598 ad
953 542 1098 612 regis
1144 554 1353 595 morem
1384 538 1439 592 in
1482 538 1711 594 historia
1765 537 2020 606 designa-

437 640 864 705 tutn,adversus
887 651 985 691 eos
1027 633 1118 703 qui
1153 632 1324 689 Deum
1356 630 1567 691 colunt,
1614 629 1837 685 assidue
1878 628 2017 683 bella

439 717 659 805 gerens,
697 730 999 801 permultos
1053 726 1216 781 valde
1269 724 1524 793 captivos
1577 720 1710 776 facit
1754 737 1771 786 ;
1818 720 2021 790 quibus

440 825 607 888 idem,
650 830 1007 891 posteaquam
1052 816 1571 885 patria,sanctaque
1610 820 1753 864 terra
1787 811 2017 880 expulit,

438 915 694 970 insultat.
741 910 848 965 Sed
879 910 1185 964 excitatum
1214 905 1431 978 tandem
1461 912 1546 958 est
1584 901 1889 957 Salvatoris
1942 901 2021 958 si-

439 1019 635 1074 gnum,
662 1002 851 1056 divina
879 999 1089 1054 scilicet
1122 998 1215 1052 illa
1244 1012 1381 1051 crux
1414 1011 1428 1060 ;
1464 995 1780 1064 hymnoque
1823 993 2021 1046 adver-

440 1110 537 1150 sus
560 1108 689 1147 eum
722 1090 1040 1159 triumphali
1077 1102 1278 1155 magna
1309 1102 1434 1141 cum
1491 1085 1679 1139 laetitia
1729 1084 2023 1139 decantato

441 1187 500 1242 in
532 1186 654 1253 ejus
686 1184 925 1242 laudem,
948 1182 1041 1249 qui
1074 1191 1300 1249 propter
1324 1193 1450 1240 nos,
1472 1186 1773 1245 nostroque
1802 1177 2025 1230 nomine

440 1277 723 1331 victoriam
748 1275 975 1341 adeptus
992 1281 1096 1335 est,
1124 1271 1246 1324 ﬁdei
1277 1268 1672 1339 professionem
1693 1267 1919 1322 edentes
1940 1284 2025 1320 vo-

432 1383 545 1421 cem
567 1366 905 1420 elevavimus.
926 1363 1215 1432 Imperavit
1237 1358 1402 1430 214
1418 1374 1578 1425 porro
1596 1358 1858 1412 bellicosw
1881 1358 2024 1427 genti

438 1459 701 1513 Dominus
751 1468 809 1510 ιιι
837 1456 1046 1509 veniret
1085 1473 1098 1507 :
1141 1453 1351 1508 sanctis
1387 1450 1671 1511 nimirum,
1701 1448 1795 1517 qui
1821 1463 2023 1516 pugna,

437 1564 545 1605 non
583 1548 847 1602 adversus
886 1559 1107 1598 carnem
1148 1550 1203 1597 et
1233 1541 1557 1610 sanguinem
1582 1577 1600 1603 ,
1631 1538 2027 1594 sed-adversus

437 1638 781 1709 principatus
804 1644 858 1690 et
882 1642 1184 1704 potestates
1230 1631 1529 1686 commissa
1565 1629 1629 1694 ",
1666 1628 1897 1681 victoria
1926 1642 2027 1697 po-

2122 449 2348 518 πολεμεῖ
2373 448 2472 519 μὲν
2503 449 2592 503 ἀεὶ
2619 450 2732 510 τοῖς
2758 445 3139 515 ἀνακειμένοις
3188 443 3324 515 Θεῷ,
3359 442 3589 508 πολλούς
3634 460 3699 497 τι

2120 539 2241 592 λίαν
2263 537 2642 609 αἰχμαλώτους
2673 535 2992 608 ἐργάζεται,
3041 535 3136 588 καὶ
3158 534 3370 598 τούτοις
3419 534 3699 607 ἐπιχαίρει

2120 631 2219 701 τῆς
2246 631 2504 700 πατρίδος
2534 628 2911 700 ἐληλαμένοις,
2946 627 3043 680 καὶ
3068 629 3170 697 γῆς
3191 625 3292 695 τῆς
3331 626 3516 695 ἁγίας.
3553 626 3698 680 Ἀλλ’

2119 723 2418 792 δγήγερται
2452 720 2515 775 τὸ
2542 720 2635 774 τοῦ
2660 719 2911 790 Σωτῆρος
2935 721 3163 787 σημεῖον
3192 720 3221 772 ὁ
3250 717 3391 782 θεῖος
3440 718 3694 790 σταυρὸς,

2122 817 2216 869 καὶ
2231 813 2579 883 ἠλαλὰξαμεν
2623 811 2743 866 κατ’
2776 809 2940 865 αὑτοῦ
2985 811 3127 882 ᾠδὴν
3162 811 3377 882 ᾅδοντες
3430 810 3700 863 ἐπινίκιον

2121 903 2199 973 τῷ
2214 905 2279 957 δι’
2311 905 2458 973 ἡμᾶς
2483 903 2623 973 ὑπὲρ
2648 900 2804 973 ἡμῶν
2831 918 2890 955 τε
2928 902 3259 970 νενικηκότι,
3294 898 3538 968 καὶ,τὴν
3572 917 3702 969 φω-

2122 991 2245 1058 νὴν
2265 990 2616 1059 ὺψώσαμεν,
2644 990 2742 1059 τῆς
2774 988 3008 1050 πίστεως
3032 988 3131 1057 τὴν
3163 986 3455 1056 ὁμολογίαν
3512 985 3705 1040 ποιούι

2126 1100 2303 1155 μενοι.
2328 1083 2709 1136 Ἔντέταλται
2728 1080 2784 1133 δὲ
2812 1080 2904 1134 καὶ
2925 1082 2952 1133 ὁ
2979 1078 3183 1149 Κύριος
3216 1078 3474 1149 ἔρχεσθαι
3534 1078 3695 1134 ἔθνει

2125 1174 2469 1245 ὀπλομάχῳ,
2516 1173 2762 1240 δηλονότι
2809 1171 2886 1242 τῷ
2913 1171 3021 1225 τῶν
3048 1172 3239 1239 ἁγίων,
3274 1165 3413 1240 οἶςή
3449 1171 3594 1243 μὰχη
3628 1170 3691 1223 οὐ

2126 1270 2265 1340 πρὸς
2318 1264 2456 1339 αἷμα
2500 1268 2597 1323 καὶ
2638 1268 2835 1338 σάρκα,
2893 1266 3029 1337 πρὸς
3058 1262 3230 1335 ἀρχὰς
3256 1263 3312 1317 δὲ
3348 1263 3547 1333 μᾶλλον
3598 1261 3696 1316 καὶ

2126 1361 2395 1427 ἐξουσίας,
2431 1359 2790 1426 ἁντετάξαντό
2804 1375 2865 1411 τε
2886 1357 2981 1411 καὶ
2996 1357 3346 1424 νενικήκασιν
3360 1352 3698 1422 ἁντεπάγον-

2124 1469 2217 1517 τες
2238 1449 2446 1514 αὐταῖς
2462 1451 2559 1523 τὴν
2598 1443 3039 1521 πολιορκίαν.οἶὰ
3065 1464 3189 1501 τινα
3212 1446 3386 1512 πόλιν,
3418 1446 3517 1515 τὴν
3543 1445 3699 1498 εἰδω·

2126 1542 2442 1614 λολατρείαν
2467 1542 2795 1613 πορθοῦντες
2823 1541 2925 1611 τὴν
2957 1540 3128 1594 πάλαι
3155 1537 3334 1608 δεινὴν
3370 1539 3464 1591 καὶ⁸
3489 1536 3698 1590 ἀνάλω-

2127 1650 2218 1688 τον
2247 1633 2483 1704 Χριστοῦ
2515 1631 2972 1704 στρατηγοῦντος,
3003 1631 3098 1684 καὶ
3147 1629 3255 1684 τῶν
3292 1614 3695 1698 ὑπερασπιζόν-

437 1731 547 1793 titi,
580 1743 785 1797 easque
815 1726 979 1780 veluti
1021 1725 1231 1786 urbem,
1266 1721 1319 1775 id
1364 1730 1451 1776 est
1482 1721 1852 1774 idololatriam
1899 1734 2021 1790 gra-

2125 1741 2234 1777 των
2259 1723 2532 1791 ἀγγέλων,
2553 1722 2628 1786 ὡς
2663 1721 3068 1792 εὐαριθμήτους
3100 1719 3383 1772 λείπεσθαι
3419 1712 3546 1770 ’τῶν
3599 1717 3694 1771 ὑπ’

432 1834 556 1873 vcm
582 1820 713 1872 olim
745 1825 798 1870 et
831 1813 1336 1884 inexpugnabilem,
1372 1810 1604 1866 Christo
1641 1809 1783 1864 duce
1811 1819 1865 1864 et
1894 1824 2022 1881 pro-

436 1911 744 1979 tegentibus
772 1907 1001 1977 angelis,
1020 1905 1095 1957 ita
1122 1904 1487 1972 diripuerunt,
1521 1909 1579 1954 ut
1609 1901 1765 1967 pauci
1790 1900 1902 1969 jam
1955 1916 2021 1955 ex

312 2016 321 2026 '
430 2015 624 2054 eorum
669 2012 920 2059 numero,
952 1994 1045 2064 qui
1073 1996 1141 2048 ab
1165 1994 1302 2062 ipsis
1327 1992 1472 2061 capti
1518 1998 1671 2055 sunt,
1704 1998 1758 2045 et
1816 1990 1852 2044 ii
1892 1989 2020 2056 qui-

427 2089 561 2143 dent
588 2102 784 2156 magno
821 2096 968 2140 metu
996 2083 1356 2145 consternati,
1396 2097 1571 2151 neque
1608 2081 1718 2134 ullo
1746 2079 1906 2134 modo
1936 2096 2021 2145 r,e-

439 2181 637 2233 sistere
681 2179 947 2240 Valentes,
992 2183 1332 2230 remaneant.
1360 2173 1443 2226 Ad
1476 2172 1790 2241 ltujnsmodi
1811 2187 1911 2226 nos
1941 2171 2016 2223 al-

2119 1815 2344 1869 ἐκείνων
2368 1815 2625 1877 ἁλόντων,
2662 1814 2760 1867 καὶ
2782 1813 3006 1875 τούτους
3039 1812 3307 1883 περιδεεῖς
3338 1811 3434 1865 καὶ
3460 1812 3696 1881 ἀπειρη-

2119 1904 2285 1966 κότας
2357 1902 2638 1967 παντελῶς
2681 1902 2779 1973 τὴν
2844 1903 3182 1956 ἀντίστασιν.
3253 1901 3377 1955 Ἐπὶ
3434 1900 3693 1971 τοιαύτην

2118 1996 2265 2066 ἡμᾶς
2320 1997 2349 2048 ὁ
2378 1997 2667 2066 προφήτης
2690 1995 3024 2066 ἁλληγορίαν
3061 1994 3250 2059 κινῶν,
3286 1994 3423 2063 μετὰ
3459 1996 3527 2046 τὰ
3564 1992 3695 2063 περὶ

2118 2080 2212 2131 τοῦ
2263 2081 2553 2152 Σωτῆρος,
2606 2080 2672 2135 τὰ
2720 2082 2846 2154 περὶ
2891 2083 3001 2135 τῶν
3051 2081 3406 2137 Βαϐυλωνίων
3452 2082 3695 2152 Δὲττηνεγ-

2122 2188 2239 2224 κεν.

438 2271 654 2339 legoriae
680 2268 1199 2338 contemplationem
1229 2279 1352 2317 cum
1379 2263 1538 2317 vellet
1570 2262 1847 2317 adducere
1878 2261 2168 2332 prepheta,
2211 2272 2569 2333 posteaquam
2644 2263 2712 2320 de
2785 2262 3069 2320 Salvatore
3137 2264 3368 2320 dixisset
3402 2280 3417 2331 ;
3448 2263 3516 2320 de
3583 2262 3691 2319 Ba-

432 2360 679 2430 byloniis
705 2375 828 2415 esse
858 2358 965 2413 sibi
994 2356 1271 2427 agendum
1294 2354 1646 2409 existimavit.

516 2453 683 2507 Vsus.
713 2451 902 2505 47-29...
926 2448 1059 2503 Ecce
1083 2450 1281 2503 suscita
1306 2446 1449 2500 vobis
1482 2444 2017 2515 Medos,qniargenti

434 2550 696 2602 tationem
717 2559 821 2597 non
856 2542 1071 2604 habent,
1096 2555 1258 2608 neque
1290 2553 1424 2591 auro
1454 2534 1712 2607 indigent.
1746 2535 1918 2588 Arcus
1933 2535 2026 2604 ju-

439 2653 626 2694 venum
664 2643 955 2693 conterent,
982 2642 1033 2688 et
1070 2632 1306 2701 ﬁliorum
1335 2639 1626 2684 vestrorum
1666 2643 1768 2681 non
1809 2627 2022 2681 misere-

438 2730 656 2790 bunlur,
674 2742 836 2796 neque
852 2724 1033 2777 liberis
1051 2722 1238 2778 vestris
1267 2730 1482 2790 parcent
1502 2719 1644 2775 oculi
1674 2733 1875 2773 eorum.
1901 2715 2019 2772 Cito

436 2819 626 2883 ueniet,
654 2826 704 2870 et
739 2832 845 2869 non
875 2816 1133 2871 tardabit.

514 2970 617 3050 Qui
650 2985 937 3056 superiora
973 2984 1039 3038 ad
1070 2997 1364 3036 commune
1381 2981 1626 3036 omnium
1652 2978 2020 3049 judiciumre—

442 3168 777 3237 putationem
819 3165 1034 3220 institui
1089 3163 1297 3217 volunt.
1345 3161 1457 3216 Nec
1492 3176 1621 3215 vero
1673 3160 1812 3214 Medi
1865 3159 2027 3228 longo

443 3267 565 3326 post
602 3257 762 3327 215
792 3257 935 3310 hanc
980 3255 1320 3324 prophetiam
1359 3263 1623 3321 tempore,
1667 3252 1810 3305 sicut
1839 3265 1904 3304 ex
1938 3249 2022 3303 hi-

440 3348 812 3402 storianotutn
838 3355 943 3412 est,
972 3347 1025 3399 in
1054 3344 1403 3416 Assyriorum
1427 3358 1653 3412 regnum
1677 3342 2022 3409 irruperunt:

442 3438 534 3492 sed
557 3440 654 3492 hos
673 3438 959 3491 Persarum
976 3435 1182 3504 primus
1199 3435 1337 3489 idem
1356 3433 1459 3488 sibi
1476 3433 1706 3502 subjecit
1724 3431 1914 3502 Cyrus,
1932 3430 2022 3500 qui

438 3529 643 3586 Judaais
672 3530 980 3585 libertatem
1011 3528 1273 3591 restituit,
1300 3537 1354 3582 et
1401 3536 1491 3583 est
1538 3541 1640 3582 suo
1672 3524 1895 3580 nomine
1928 3523 2022 3580 de-

440 3623 626 3690 inceps
657 3636 686 3674 a
727 3620 987 3690 propheta
1025 3626 1382 3688 nuncupatus
1409 3620 1471 3671 ¹³.

418 3770 425 3775 ,
512 3709 783 3765 Praeterea
827 3725 955 3765 vero
990 3716 1043 3763 ct
1082 3724 1229 3763 nunc
1268 3722 1458 3763 verum
1502 3724 1626 3766 esse
1665 3711 1797 3766 illud
1837 3721 2024 3768 osten-

441 3802 611 3867 ditur,
643 3800 789 3872 quod
822 3802 876 3854 in
907 3811 1216 3869 perpetuum
1246 3808 1448 3866 tempus
1479 3817 1584 3855 non
1622 3802 1927 3858 habitatura:
1957 3804 2026 3858 iri

442 3896 664 3950 dicitur.
698 3894 1020 3963 Quanquam
1056 3908 1165 3946 non
1199 3892 1408 3958 desint,
1446 3894 1538 3962 qui
1561 3896 1881 3949 solitudinis
1916 3911 2013 3949 va-

441 3986 753 4053 sUtatisque
781 3993 1005 4052 tempus,
1027 4000 1137 4053 quo
1167 3985 1353 4052 elapso
1385 3999 1582 4040 rursus
1599 3985 1891 4040 habitanda
1922 3988 2017 4053 sit,

441 4075 655 4130 deliniri
697 4075 1058 4130 contendant.
1116 4075 1381 4145 lntelligit
1411 4087 1595 4130 autem
1645 4093 1741 4133 eos
1783 4078 2022 4132 Arabum

441 4167 683 4232 nomine,
717 4181 857 4236 quos
899 4176 1061 4219 nunc
1093 4165 1400 4220 Saracenos
1434 4171 1856 4238 vocamus;‘qni
1889 4171 2019 4225 olim

441 4264 769 4310 mercatura:
802 4270 972 4310 causa
1010 4256 1064 4309 in
1111 4256 1233 4326 ipsa
1271 4255 1547 4326 Babylone
1598 4261 1834 4313 tentoria
1873 4261 2022 4315 exci-

442 4347 636 4400 tabant
692 4364 705 4400 :
763 4364 875 4416 quo
934 4361 1102 4400 sensu
1155 4364 1259 4401 non
1315 4348 1388 4400 ibi
1446 4350 1671 4403 tentorio
1721 4352 2018 4419 positurum

2200 2442 2390 2514 ιζ-κβ¹.
2439 2443 2596 2499 Ἰδοὺ
2631 2444 2913 2513 ἐπεγείρω
2941 2444 3087 2512 ἡμῖν
3114 2446 3258 2508 τοὺς
3314 2442 3579 2512 Μήδους,
3632 2448 3694 2500 οἳ

2121 2538 2407 2607 ἀργύριον
2456 2539 2528 2591 οὐ
2569 2536 2924 2606 λογίζονται.
2984 2534 3128 2590 οὐδὲ
3172 2536 3441 2604 χρυσίου
3484 2537 3694 2606 χρείαν-

2120 2630 2358 2698 ἐχουσι.
2394 2628 2730 2697 Τοξεύματα
2758 2629 3097 2681 νεανίσκων
3137 2628 3563 2693 συντρίψουσι,
3591 2625 3692 2679 καὶ

2122 2721 2196 2773 τὰ
2224 2719 2406 2773 τέκνα
2432 2718 2599 2788 ὑμῶν
2632 2720 2702 2773 οὐ
2716 2717 2801 2787 μὴ
2827 2717 3188 2783 ἐλεήσωσιν,
3233 2715 3375 2770 οὐδὲ
3432 2715 3528 2769 ἐπὶ
3565 2715 3693 2781 τοῖς

2122 2811 2354 2877 τέκνοις
2379 2825 2496 2866 σου
2517 2812 2831 2879 φεΙσονται
2861 2813 2915 2864 οἱ
2949 2807 3245 2878 ὀφθαλμοὶ
3275 2806 3492 2862 αὐτῶν.
3533 2806 3691 2877 Ταχὺ

2123 2903 2380 2971 ἔρχεται,
2411 2900 2509 2953 καί
2529 2902 2601 2954 οὐ
2628 2900 2876 2968 χρονιεῖ.

2140 3040 2143 3047 .
2196 2994 2260 3045 Οἱ
2280 2993 2408 3064 περὶ
2422 2992 2716 3061 καθολικῆς
2736 2992 2971 3063 κρίσεως
2989 2988 3325 3061 εἰρῆσθαιτὰ
3351 2988 3693 3060 προλαϐόντα

342 3150 347 3153 μ
442 3080 573 3135 fet-ri
617 3078 965 3137 existimant,
1008 3076 1133 3128 hinc
1162 3074 1491 3142 peculiarem
1529 3073 1596 3125 de
1618 3072 1865 3139 Assyriis
1896 3068 2009 3123 dis-

2128 3083 2466 3157 νομίσαντες,
2487 3082 2738 3135 ἐντεῦθεν
2769 3082 2990 3146 ίδιάζειν
3015 3082 3084 3136 τὰ
3116 3086 3241 3154 περὶ
3269 3082 3377 3134 τῶν
3392 3082 3694 3153 Ἀσσυρίων

2129 3172 2315 3241 φασιν.
2369 3173 2443 3225 Οὐ
2495 3173 2707 3236 πολλοῖς
2724 3173 2779 3227 δὲ
2808 3173 3035 3244 ὕστερον
3064 3175 3275 3244 χρόνοις
3290 3176 3387 3245 τῆς
3411 3173 3699 3244 παρούσης

2130 3263 2486 3334 προφητείας.
2539 3265 2614 3326 ὼς
2660 3265 2694 3334 ὴ
2753 3265 2961 3336 ἱστορία
3037 3265 3372 3335 παρέδωκεν,
3435 3263 3696 3318 ἐπέθεντο

2128 3353 2304 3421 Μῆδοι
2326 3357 2392 3426 τῇ
2423 3354 2531 3407 τῶν
2568 3355 2870 3428 Ἀσσυρίων
2907 3358 3071 3427 ἀρχῇ.
3112 3356 3334 3428 Πρῶτος
3377 3355 3433 3409 δὲ
3472 3354 3693 3419 τούτους

2127 3441 2307 3512 Κῦρος
2335 3444 2365 3495 ό
2388 3443 2611 3515 Περσῶν
2644 3446 2878 3512 ὑπέταξε
2925 3445 3200 3517 βασιλεὺς,
3237 3448 3266 3499 ὁ
3312 3447 3405 3500 καὶ
3429 3447 3528 3514 τὴν
3575 3448 3689 3515 αἰχ-

2129 3534 2408 3605 μαλωσίαν
2463 3524 2571 3588 τῶν
2622 3537 2890 3593 Ἰουδαίων
2971 3539 3142 3604 ἀνεὶς,
3211 3531 3380 3609 οὗπερ
3433 3536 3694 3608 ὀνομαστὶ

2125 3627 2215 3681 διὰ
2248 3626 2356 3680 τῶν
2386 3627 2514 3697 ἑξῆς
2558 3628 2980 3700 ἐμνημόνευσεν.

2197 3720 2379 3774 Είσέτι
2398 3719 2454 3772 δὲ
2485 3721 2577 3773 καὶ
2600 3720 2693 3773 νῦν
2711 3720 2907 3791 ἀληθὲς
2930 3720 3204 3776 δείκνυται
3231 3722 3325 3776 καὶ
3346 3722 3425 3787 τὸ,
3449 3724 3530 3779 οὐ
3550 3738 3694 3778 κατ·

2125 3811 2511 3877 οικηθήσεται
2542 3815 2630 3878 εὶς
2657 3814 2764 3867 τὸν
2794 3812 2979 3868 αἰῶνα
3006 3814 3245 3885 χρόνον.
3287 3815 3442 3880 Τινὲς
3485 3816 3543 3870 δέ
3584 3833 3694 3885 φα-

2126 3915 2232 3964 σιν,
2264 3900 2338 3964 ὡς
2369 3901 2540 3970 ὁρίζει
2575 3904 2770 3971 χρόνῳ
2793 3903 2890 3975 την
2917 3906 3171 3976 ἐρημίαν,
3218 3906 3295 3969 ὡς
3336 3910 3476 3977 μετὰ
3519 3906 3696 3960 ταῦτα

2123 3991 2284 4047 πάλιν
2318 3994 2818 4063 οίκηθησομένης.
2850 3999 3095 4065 Ἄραϐας
3139 4000 3197 4054 δέ
3250 4017 3434 4070 φησιν,
3486 4001 3520 4074 ἢ
3567 4001 3697 4066 τοὺς

2122 4084 2219 4139 νῦν
2246 4084 2616 4155 καλουμένους
2638 4090 3013 4159 Σαρακηνοὺς,
3046 4091 3095 4144 οἳ
3127 4092 3294 4146 πάλαι
3319 4092 3388 4146 δι’
3423 4094 3695 4163 ἐμπορίαν

2122 4175 2216 4229 καὶ
2244 4178 2331 4228 ἐπ’
2360 4178 2529 4249 αὐτῆς
2557 4181 3006 4251 ὲσκηνοποιοῦντο
3037 4182 3155 4252 τῆς
3190 4183 3572 4251 Βαϐυλῶνος
3610 4182 3693 4237 διό

2123 4283 2255 4337 φησι
2311 4268 2628 4341 Σύμμαχος,
2663 4271 2807 4326 οὐδὲ
2849 4274 3288 4342 σκηνοποιήσει
3314 4274 3444 4330 ἐκεῖ
3467 4277 3693 4344 ’Ἄραψι

2120 4360 2293 4427 coite"
2320 4361 2385 4427 ἐκ
2414 4362 2511 4432 τῆς
2543 4363 2745 4435 ὁμόρου
2781 4365 3020 4436 Πέρσαις
3051 4366 3366 4437 εὐδαίμονος
3407 4368 3693 4439 Ἀραϐίας.

441 4435 672 4491 Arabem
723 4437 933 4492 dixisse
991 4437 1382 4507 Symmachum
1438 4437 1696 4509 putamus
1747 4458 1760 4495 :
1803 4445 1884 4496 vel
1926 4458 2020 4500 eos

2125 4449 2265 4504 Ἀλλ’
2297 4453 2421 4507 ἐπεὶ
2464 4433 2658 4507 πολλὰν
2685 4455 2794 4509 τῶν
2839 4433 3063 4527 ἐρήμων
3109 4433 3482 4528 ἐπινέμονται
3509 4459 3701 4513 τόπων

443 4529 713 4600 proiecto,
762 4529 857 4598 qui
913 4528 1099 4584 Persis
1130 4530 1292 4584 vicini
1341 4530 1554 4585 felicem
1585 4532 1732 4586 illam
1769 4533 2026 4590 Arabiam

445 4620 778 4674 incolebant.
820 4618 1313 4675 Verumenimvero
1350 4635 1475 4675 cum
1529 4638 1693 4692 grege
1730 4626 2025 4694 plurimum

448 4708 503 4764 in
535 4709 867 4763 solitudines
899 4709 964 4763 ad
994 4710 1192 4778 pabula
1233 4711 1497 4778 deducto,
1536 4715 1738 4769 ibidem
1773 4727 2026 4786 pastores

448 4799 577 4865 sibi,
604 4799 835 4869 suisque
863 4800 1061 4855 ovibus
1098 4803 1334 4856 tentoria
1368 4804 1583 4859 soleant
1624 4810 1869 4864 excitare
1905 4829 1918 4865 :
1956 4827 2026 4868 ne

448 4889 516 4944 ad
537 4890 590 4944 id
606 4889 829 4958 quidem
848 4889 1172 4961 Babylonem
1192 4893 1562 4961 commodam,
1580 4896 1675 4951 sed
1699 4909 2023 4957 mansuetu-

445 4981 576 5038 dine
599 4982 752 5037 omni
779 4990 834 5038 et
872 4984 1089 5038 ratione
1126 4984 1372 5055 praeditis
1402 4986 1736 5046 animalibus
1758 5008 2020 5061 vacuam,

444 5075 755 5132 daemonum
819 5077 1155 5148 ferarumque
1200 5077 1491 5134 latibulum
1544 5080 1664 5137 fore
1725 5084 2018 5153 signiﬁcat.

445 5163 698 5247 Gaudent
741 5169 890 5222 enim
943 5167 1180 5225 desertis
1220 5168 1557 5240 incultisque
1586 5172 1729 5229 locis
1771 5175 1874 5245 ipsi
1910 5177 2020 5232 da:-

446 5272 661 5316 mones.
690 5258 788 5317 Est
818 5261 1018 5317 deinde
1053 5261 1478 5329 advertendum,
1531 5266 1800 5335 quosdam
1845 5269 2018 5325 inter—

517 5432 562 5466 "
592 5433 790 5503 Eplies.
827 5455 899 5503 vr,
941 5424 1031 5492 12'.
1106 5439 1149 5472 ⁸³
1180 5436 1284 5496 lsa.
1308 5455 1454 5505 XLW,
1494 5457 1582 5498 xv.

2123 4543 2416 4612 ποιμένες,
2470 4547 2710 4617 μάνδρας
2741 4551 2854 4613 τοῖς
2888 4550 3102 4603 ἑαυτῶν
3134 4551 3449 4621 θρέμμασιν
3477 4553 3697 4616 ἑαυτοῖς

2122 4635 2490 4705 ποριζόμενοι,
2517 4638 2626 4690 οὐδ’
2667 4639 2747 4703 είς
2796 4639 2950 4694 τοῦτο
2993 4640 3271 4712 χρησίμην
3324 4641 3547 4695 ἔσεσθαι
3576 4642 3701 4709 τὴν

2121 4723 2449 4779 Βαϐυλῶνά
2490 4741 2688 4796 φησιν’
2742 4727 2963 4799 ἡμέρων
3007 4728 3064 4780 δὲ
3113 4730 3208 4782 καὶ
3255 4728 3488 4797 λογικῶν
3538 4727 3701 4791 ζώων

2120 4811 2327 4884 ἕρημος
2373 4817 2661 4887 γενομένη,
2712 4818 2962 4888 δαίμοσιν
2995 4819 3316 4891 ἐνδιαίτημα
3358 4821 3454 4872 καὶ
3482 4817 3701 4888 θηρίοις

2123 4906 2433 4976 γενήσεται.
2459 4907 2742 4977 Φιληδοῦσι
2762 4910 2871 4979 γὰρ
2895 4912 3004 4973 τοῖς
3034 4910 3263 4981 ἐρήμοις
3292 4911 3477 4973 τόποις
3501 4910 3550 4961 oi
3574 4908 3699 4961 δαί-

2125 5012 2307 5066 μονες.
2337 4996 2436 5053 Διά
2462 5014 2522 5051 τε
2551 4998 2660 5053 τῶν
2678 5000 2898 5067 θηρίων
2925 5000 2987 5053 τὸ
3010 5001 3303 5070 ἄγνωστον,
3335 5001 3435 5067 τὴν
3477 4999 3697 5070 Ἐϐραῖ-

2122 5085 2223 5158 κὴν
2260 5086 2445 5154 θέντες
2475 5086 2620 5154 λέξιν
2664 5090 2845 5155 σιεῖν,
2893 5091 2945 5143 oi
2991 5090 3167 5144 λοιποὶ
3204 5090 3309 5144 τῶν
3339 5086 3694 5159 ὲρμηνευτῶν

2119 5178 2479 5235 ἐκδεδώκασιν
2498 5196 2513 5214 ο
2530 5182 2671 5236 ἀντὶ
2693 5182 2750 5235 δὲ
2772 5182 2868 5237 τοῦ
2900 5181 3198 5252 σειρῆνες,
3223 5181 3315 5235 τοῦ
3343 5191 3366 5219 ³
3401 5182 3696 5249 στρουθο-

2119 5270 2452 5341 καμήλουςο
2482 5273 2787 5347 Φιλέρημον
2814 5274 2922 5348 γὰρ
2950 5275 3010 5331 ὃν
3048 5275 3107 5330 τὸ
3136 5274 3295 5341 ζῶον,
3329 5275 3448 5339 ταῖς
3479 5273 3693 5343 ἁγονων

3096 5452 3149 5465 μή·

1720 5532 1950 5591 VARUS
1983 5532 2390 5596 bECTIONES.
2476 5540 2505 5545 ”

529 5625 551 5654 ι’
580 5629 672 5687 γρ.
700 5617 902 5687 Ἄραψ,
935 5620 1137 5689 ἢτοὺς.
1212 5633 1235 5661 ⁸
1267 5642 1355 5692 πρ.
1388 5627 1533 5690 τοῦς.
