4010 6208
297 369 436 435 2089

1470 333 2005 426 COMMENTARII
2036 359 2119 420 IN
2151 313 2436 420 IsAIA-M.

3419 357 3560 426 2090

298 483 486 542 cam;
523 476 868 541 ἐναυλίζεται
905 476 1171 547 ψάμμοις.
1208 474 1316 529 Καὶ
1351 476 1473 529 ἀντὶ
1498 474 1594 527 τοῦ
1641 472 1884 526 ὀνοκένο

1994 478 2194 540 pretes.
2232 477 2462 539 propter
2489 465 2729 522 ferarum
2761 465 3189 537 ignorationem,
3227 481 3418 524 vocem
3453 469 3561 524 He-

297 586 524 638 ταυροι,
553 567 716 622 σιεῖν
736 567 901 621 πάλιν
931 567 1220 632 ἐξέδωκαν.
1243 565 1392 619 ’Λντὶ
1418 565 1474 619 δέ
1498 563 1617 618 τῶν
1640 563 1878 631 ἐχίνων,

296 660 609 730 σειρῆνας.
635 662 791 732 Τάχα
817 678 919 713 που
945 661 1034 713 διὰ
1066 661 1126 714 τὸ
1146 660 1254 714 τῶν
1275 659 1547 730 δαιμόνων
1578 657 1881 728 ἀπατηλῶν

295 755 490 818 ὁποίας
539 755 568 806 ὁ
602 752 769 824 μῦθος
801 753 900 816 τάς
925 751 1219 820 Σειρῆνας
1253 751 1594 820 τνρέδωκεν.
1641 749 1798 812 Τινὲς
1827 749 1882 801 δὲ

297 847 589 916 Σειρῆνας
619 846 975 916 ἐξηγήσαντο.
1009 845 1077 897 τά
1122 845 1412 912 εὐστομεῖν
1442 843 1623 896 εἰδότα
1667 840 1849 910 πτηνά
1868 855 1880 869 ⁸

293 940 326 1010 ἢ
351 939 498 992 κατά
525 955 610 1007 γε,
639 938 792 1005 φασὶ,
815 936 1195 1007 τὴνἙϐραίων
1221 935 1454 998 ἔκδοσιν,
1484 934 1597 1001 τὴν
1623 932 1880 1003 γλαῦκα·

291 1033 423 1092 τοὺς
448 1031 504 1084 δέ
524 1047 587 1100 γε
620 1029 728 1084 τῶν
756 1030 892 1083 ὄνων
911 1031 1160 1107 ἀγρίους,
1179 1030 1364 1097 φασὶν,
1392 1027 1881 1092 ὀνοκενταύρους

291 1123 577 1192 ὠνόμασεν
598 1138 611 1152 ⁸
645 1123 889 1192 ἐχίνους
927 1121 984 1174 δὲ
1013 1123 1138 1184 τοὺς
1180 1121 1446 1184 ἀκάνθαις
1477 1117 1682 1183 ὀξείαις
1720 1118 1884 1170 οἱονεὶ

294 1215 620 1285 φρίττοντας
667 1213 845 1286 μύας·
889 1212 1104 1280 ἅπαντα
1149 1213 1250 1284 τὴν
1295 1211 1538 1283 ἐρημίαν
1577 1209 1749 1282 δηλοῖ.
1791 1209 1884 1263 Διὸ

295 1306 393 1358 καὶ
427 1305 582 1374 ἤχου
610 1305 744 1375 φησὶ
768 1305 876 1369 τὰς
904 1304 1098 1370 οἰκίας
1126 1303 1620 1370 πλησθήσεσθαι,
1651 1299 1750 1372 τὴν
1774 1300 1882 1352 τῶν

294 1399 572 1469 ἀοικήτων
595 1398 878 1468 σημαίνων
905 1395 1043 1467 ήχώ.
1071 1395 1236 1464 Λέγει
1263 1395 1317 1448 δέ
1347 1395 1473 1457 τοὺς
1502 1392 1768 1460 Μήδους,
1797 1392 1885 1446 διὰ

295 1493 357 1543 τὸ
390 1491 659 1556 πλουτεῖν,
685 1490 1008 1560 χρημάτων
1039 1486 1364 1557 ὐπερορᾷν,
1397 1488 1472 1550 ὼς
1507 1486 1714 1557 ἄπορον
1745 1480 1882 1538 εἶναι

287 1580 664 1648 ,Βαϐυλωνίοις
715 1581 866 1651 παρὰ
908 1581 1115 1632 τούτων
1151 1578 1469 1642 ἐξωνεῖσθαι
1518 1579 1618 1645 τὴν
1657 1576 1885 1636 ἅλωσιν,

297 1671 370 1722 Τὸ
414 1670 470 1721 δὲ
500 1669 720 1734 Μήδων
767 1671 938 1738 ὄνομα
993 1668 1571 1739 μεταλαμϐανόμενον,
1626 1667 1883 1738 σημαίνει

294 1762 404 1814 ἀπὸ
440 1763 648 1816 ἱκανοῦ.
682 1761 946 1840 Ούκοῦνό
983 1762 1166 1825 ίκανδς
1200 1764 1258 1814 ἐν
1292 1763 1459 1822 πᾶσιν
1496 1760 1725 1829 ἐπάγειν
1755 1759 1884 1812 Exi-

1985 562 2229 615 braicam
2307 559 2413 612 siin
2471 557 2803 622 retinuisse;
2865 572 2965 627 pro
3020 556 3298 612 Sireniaus
3379 566 3560 612 autem

1983 654 2444 709 struthiocamelos
2479 653 2808 709 reddidisse.
2839 651 3054 707 Gaudet
3083 653 3226 708 enim
3255 669 3430 723 genus
3459 655 3564 708 hoc

1983 747 2238 802 animalis
2260 748 2506 802 locorum
2527 745 2846 815 solitudine,
2877 755 2932 802 et
2952 747 3006 801 in
3035 748 3219 803 arenis
3251 764 3414 818 quam
3447 762 3566 800 ma-

1985 838 2134 893 xime
2178 839 2522 894 iniertilibus
2554 837 2906 906 stabulatur;
2937 855 3158 895 rursum
3198 854 3298 910 pro
3342 855 3566 893 onocen-

1983 941 2265 983 taurorum
2297 931 2554 994 nomine,
2601 929 2938 986 ﬂebraicum
2971 931 3077 984 siin
3107 941 3441 1000 usurparunt
3466 972 3482 997 ,
3512 940 3567 984 et

1983 1035 2085 1089 pro
2109 1021 2631 1089 echinis,Sirenas;
2665 1022 2744 1074 ita
2767 1021 2954 1076 forsan
2978 1021 3286 1077 daemonum
3313 1031 3566 1075 naturam
3613 1027 3651 1094 “,3?

1986 1110 2276 1168 fraudibus
2302 1121 2485 1183 aptam
2516 1112 2924 1183 signiﬁcantes;
2960 1113 3147 1184 qualia
3181 1114 3248 1168 de
3291 1111 3588 1167 δίνοηὶίηιεΔ

1986 1209 2189 1265 fabulae
2231 1211 2601 1266 tradiderunt.
2659 1211 2803 1266 Sunt
2841 1227 2975 1266 vero
3022 1211 3117 1280 qui
3151 1210 3369 1268 Sirenas
3411 1213 3570 1268 volu-
3633 1227 3638 1230 ·

1985 1316 2139 1355 crum
2192 1317 2368 1372 genus
2417 1318 2543 1357 esse
2572 1302 2854 1371 quoddam
2903 1302 3368 1372 interpretantur,
3420 1303 3568 1372 quod

1986 1392 2254 1446 modulari
2281 1401 2334 1447 et
2369 1408 2572 1448 canere
2608 1393 2901 1457 didicerit,
2936 1392 3021 1448 vel
3056 1403 3336 1458 noctuam,
3370 1401 3429 1446 ut
3462 1391 3570 1448 He-

1985 1483 2150 1539 braais
2183 1485 2361 1553 placet
2389 1503 2401 1539 :
2431 1498 2822 1540 onocentouros
2848 1493 3033 1541 autem
3069 1487 3259 1541 asinos
3287 1495 3571 1556 agrestes;

1984 1575 2194 1630 echinos
2254 1592 2388 1632 vero
2439 1593 2625 1633 mures
2662 1577 2838 1648 spinis
2889 1578 3071 1633 acutis
3121 1578 3402 1644 horridos,
3452 1595 3573 1650 quze

1985 1668 2171 1721 omnia
2195 1667 2515 1722 vastitatem
2538 1677 2591 1723 et
2615 1666 2973 1724 solitudinem
2995 1669 3334 1739 signiﬁcant.
3359 1670 3568 1740 Itaque,

1985 1767 2034 1811 et
2065 1759 2266 1822 sonitu,
2318 1759 2490 1827 addit,
2543 1760 2907 1830 implebantur
2947 1761 3169 1825 domus;
3217 1769 3277 1815 ut
3308 1777 3572 1831 vagorum

295 1869 409 1923 στῳ
447 1853 518 1906 τά
559 1853 699 1924 πρὸς
743 1839 920 1917 ἀξίαν,
968 1847 1122 1915 οὗτος
1163 1852 1306 1918 τοὺς
1337 1852 1587 1918 Μήδους
1623 1855 1784 1906 κινεῖ.
1817 1854 1886 1904 Ἢ

1994 1858 2043 1902 et
2062 1848 2191 1904 sede
2223 1851 2530 1906 carentium
2566 1852 2812 1922 ejulatus
2837 1853 3192 1922 exprimeret.
3218 1851 3373 1918 Quod
3394 1859 3574 1906 autem

295 1945 440 2014 τάχα
473 1946 660 2015 ἐπειδὴ
689 1947 718 1998 ὁ
755 1942 933 1997 Μαδαῖ
991 1945 1215 2014 κτίστης
1247 1946 1364 1996 ἐστὶ
1394 1943 1506 2012 τῆς
1534 1943 1799 2012 Μηδίας,
1828 1941 1886 2006 ὃς

300 2038 667 2108 ἑρμηνεύεται
696 2036 1076 2105 ἐκμέτρησις,
1111 2035 1352 2104 λέγοιντο
1383 2039 1432 2090 οἱ
1472 2035 1644 2107 Μῆδοι
1685 2035 1889 2104 ἐπάγε-

299 2132 424 2184 σθαι
461 2130 538 2192 είς
565 2130 626 2182 τὸ
655 2127 904 2193 κολάζειν
933 2129 992 2182 ἐν
1023 2129 1209 2198 μέτρῳ
1239 2128 1368 2191 τοὺς
1400 2128 1588 2190 κακῶς
1624 2126 1888 2197 βεϐιωκό-

295 2239 418 2286 τας.
455 2213 525 2290 Ὦ
553 2221 661 2290 γάρ
702 2219 887 2290 μέτρῳ
933 2221 1126 2290 μετρεῖ
1169 2219 1406 2282 ἕκαστος
1435 2218 1618 2288 ἀγαθὰ
1649 2218 1682 2289 ἢ
1715 2218 1886 2282 κακά,

295 2315 366 2367 τά
403 2315 498 2384 τῆς
530 2312 768 2384 ἀμοιϐῆς
799 2311 1133 2383 ἢκολάσεως
1160 2311 1526 2382 ἀπολήψεται.
1552 2303 1622 2382 Ὦ
1663 2310 1892 2364 ἀκόλου-

299 2409 393 2462 θον
425 2407 520 2460 καὶ
548 2406 731 2461 τέκνα
763 2403 1125 2459 Βαϐυλωνίων
1151 2405 1312 2469 νοεῖν,
1346 2403 1473 2466 τοὺς
1499 2403 1770 2474 καρποὺς,
1795 2403 1890 2456 καὶ

297 2498 368 2550 τά
399 2497 716 2566 γεννήματα
758 2495 858 2565 τῆς
908 2494 1136 2548 ἐκείνων
1175 2491 1383 2562 ψυχῆς·
1417 2485 1506 2546 οἷα
1561 2493 1654 2544 καὶ
1698 2490 1768 2544 τά
1795 2489 1888 2545 τοῦ

301 2589 751 2660 μακαριζομένου
782 2587 932 2659 παρὰ
958 2587 1036 2657 τῷ
1059 2585 1372 2658 Ψαλμῳδῷ,
1399 2589 1454 2640 ἐν
1479 2579 1524 2654 ᾧ
1547 2587 1580 2656 ἡ
1605 2586 1704 2657 μέν
1727 2586 1887 2656 γυνὴ,

300 2683 333 2751 ή
375 2682 539 2749 σοφία
571 2683 740 2746 ἐστὶν,
777 2682 842 2752 ἢν
886 2679 1196 2750 ἐκζητήσας
1243 2677 1465 2748 νύμφην
1495 2679 1756 2748 ἠγάγετο,
1794 2676 1890 2730 τοῦ

304 2772 534 2834 κάλλους
570 2772 742 2838 αὐτῆς
774 2774 802 2826 ό
830 2772 1036 2833 δίκαιος
1063 2771 1354 2841 γενόμενος
1389 2771 1652 2840 ἐραστής.
1687 2769 1806 2822 Υίοὶ
1833 2768 1891 2822 δὲ

304 2864 395 2918 νοῦ
419 2866 434 2902 ι
464 2867 560 2919 καὶ
585 2866 775 2935 σοφίας
800 2866 919 2935 ἅμα
941 2864 1304 2917 συνελθόντων
1328 2862 1645 2932 γεννήματα
1667 2859 1891 2914 τοιαῦτα

301 2956 638 3027 παρίστησιν
668 2957 725 3008 ἐν
756 2954 1036 3024 ἑκατοστῷ
1060 2951 1370 3024 τριακοστῷ
1394 2951 1540 3022 ἕκτῳ
1567 2949 1770 3021 ψαλμῷ
1801 2948 1891 3002 λέ-

300 3066 445 3117 γων,
481 3049 744 3119 Θυγάτηρ
778 3046 1098 3110 Βαϐυλῶνος
1131 3047 1166 3116 ή
1191 3041 1567 3115 ταλάίπωροςο
1597 3039 1671 3117 ἦς
1705 3043 1798 3095 τὸν
1823 3041 1893 3096 τά

1993 1939 2198 2006 Medos,
2230 1951 2448 2013 gentem
2474 1944 2685 2000 divitiis
2705 1945 3101 2008 abundantem,
3122 1945 3374 2015 pecunias
3392 1959 3572 2013 asper-

1990 2035 2108 2085 nari
2142 2033 2307 2105 216
2332 2034 2501 2100 dicit;
2559 2035 2614 2089 id
2656 2037 2778 2090 ideo
2807 2037 2961 2103 facit,
3024 2045 3084 2091 ut
3121 2037 3189 2091 ab
3252 2037 3365 2092 illis
3405 2052 3576 2108 expu-

1989 2125 2309 2192 gnationem
2360 2127 2803 2198 servitutemque
2853 2129 3091 2200 pecunia
3149 2128 3482 2193 redimendi,
3529 2129 3575 2184 si

1991 2231 2156 2284 quam
2185 2218 2374 2273 animo
2401 2221 2782 2290 conceperint,
2810 2235 2964 2292 spem
3007 2231 3228 2277 moveat
3272 2222 3574 2291 amputari.

1993 2307 2285 2377 Signiﬁcat
2309 2325 2440 2364 vero
2471 2309 2747 2364 .Hedorum
2774 2326 2996 2377 nomen,
3028 2327 3122 2382 per
3151 2313 3579 2381 transsumptio-

1993 2415 2143 2468 nem,
2187 2401 2349 2471 quasi
2387 2402 2542 2457 dicas
2577 2402 2646 2456 ab
2696 2403 2921 2470 idoneo,
2971 2404 3090 2458 sive
3127 2404 3358 2473 potenti,
3401 2413 3455 2457 ut
3508 2404 3579 2460 ab

1992 2507 2080 2557 eo,
2123 2494 2216 2562 qui
2263 2511 2564 2566 quemque,
2603 2507 2765 2566 prout
2807 2497 3033 2567 dignus,
3087 2498 3341 2566 accipere
3386 2506 3575 2567 queat,

1994 2583 2179 2638 Medus
2205 2586 2378 2641 exciri
2412 2587 2811 2657 intelligamus.
2847 2587 2964 2644 Nisi
3000 2590 3140 2644 forte
3166 2604 3195 2643 a
3229 2586 3423 2643 Media:
3441 2605 3578 2644 con-

1992 2676 2172 2732 ditore
2231 2677 2410 2734 Madai
2455 2679 2623 2750 (quod
2679 2697 2879 2738 nomen
2933 2697 3236 2736 mensuram
3283 2682 3578 2752 signiticat)

1993 2769 2258 2836 derivari,
2293 2778 2349 2826 et
2395 2771 2464 2826 ad
2510 2786 2700 2842 pmnas
2748 2773 2914 2844 digne
2942 2775 3010 2828 de
3042 2773 3336 2830 sceleratis
3365 2782 3418 2828 et
3449 2787 3578 2826 cum

1994 2877 2257 2918 mensura
2317 2864 2641 2933 exigendas,
2679 2865 2870 2921 induci
2930 2866 3145 2920 malis:
3188 2879 3314 2919 cum
3377 2880 3581 2918 unum-

1994 2970 2274 3026 quemque
2287 2971 2394 3026 qua
2412 2971 2668 3012 mensura
2695 2957 2833 3012 bona
2860 2957 2942 3012 vel
2964 2957 3106 3011 mala
3129 2954 3581 3019 metitur,eadem

1996 3062 2228 3116 prorsus
2270 3049 2353 3103 vel
2411 3049 2722 3118 praemium,
2771 3049 2859 3103 vel
2899 3047 3197 3104 vindictam
3257 3056 3584 3118 eXSpcctare

302 3139 474 3193 τέκνα
525 3138 663 3209 πρὸς
707 3137 806 3209 τὴν
859 3137 1068 3210 πέτραν
1121 3136 1441 3207 ἐδαφίζοντα
1487 3134 1891 3206 μεμακάρικεν,

1999 3140 2287 3194 conveniat
2323 3139 2388 3194 ιι.
2418 3138 2542 3206 Quo
2573 3155 2739 3196 sensu
2775 3139 3209 3212 Babyloniorum
3248 3139 3394 3209 ﬁlios
3421 3178 3436 3203 ,
3465 3137 3584 3193 fru-

303 3229 636 3300 προϐλέπων
667 3230 799 3301 ὁμοῦ
850 3229 1124 3300 μηδεμίαν
1169 3229 1290 3283 ἀπὸ
1325 3227 1548 3294 Μήδων
1591 3227 1897 3296 ἐσομένην

303 3321 508 3392 φειδώ.
536 3323 610 3376 Ού
647 3323 939 3393 μακαρίζει
981 3321 1038 3374 δέ
1070 3321 1160 3373 τὸν
1207 3320 1458 3374 ὁπωσοῦν
1503 3320 1761 3374 ἀνελόντα
1789 3319 1896 3372 Βα-

306 3415 574 3469 ϐυλώνιον
622 3415 856 3476 τέκνον,
883 3414 952 3467 τὰ
980 3415 1151 3484 νήπια
1193 3413 1251 3466 δὲ
1280 3414 1377 3467 καὶ
1421 3412 1682 3484 ἀρτιγενῆ
1721 3411 1897 3464 ἐλθεῖν

312 3511 392 3584 μὴ
434 3511 822 3581 συγχωροῦντα
864 3507 1002 3575 πρὸς
1040 3504 1290 3576 αὔξησιν,
1313 3505 1388 3567 ὡς
1425 3504 1492 3559 ἂν
1521 3504 1596 3577 μὴ
1631 3496 1896 3572 γένωνται

309 3605 502 3676 χείρω,
536 3603 633 3658 καὶ
661 3602 990 3673 ἀναιροῦντα
1025 3601 1131 3670 ἰδίᾳ⁹
1165 3599 1330 3668 σοφίᾳ
1361 3596 1456 3651 τοῦ
1490 3597 1896 3667 συγκεχυμένου

313 3695 380 3748 τά
422 3695 772 3765 γεννήματα,
823 3691 882 3756 ὃς
938 3689 1270 3760 ὀνομάζεται
1314 3687 1675 3751 Βαϐυλώνιος,
1724 3686 1898 3740 ταῦτα

311 3787 451 3860 πρὸς
483 3787 583 3858 τήν
637 3786 844 3854 πέτραν
875 3785 1186 3854 ἀράσσοντα
1210 3797 1226 3813 ⁸
1277 3782 1455 3852 πέτρα
1491 3780 1548 3833 δὲ
1592 3780 1692 3832 κάν
1725 3778 1898 3847 τούτῳ

309 3880 571 3952 Χριστός.
601 3877 773 3932 Τοῦτο
795 3877 838 3931 δ’
869 3877 934 3931 ἂν
964 3876 1175 3944 γένοιτο
1205 3875 1313 3927 τῶν
1343 3871 1563 3942 φαύλων
1595 3889 1895 3942 συγκρουου

311 3967 496 4038 μένων
541 3967 828 4036 δογμάτων
876 3966 952 4036 τῷ
994 3965 1136 4036 λόγῳ
1170 3967 1270 4035 τῆς
1317 3962 1597 4032 ἀληθείας.
1645 3962 1794 4032 Ταχὺ
1839 3961 1897 4015 δέ

309 4061 466 4129 ἥξειν
486 4059 660 4113 ταῦτά
687 4076 842 4129 φησι.
859 4059 969 4112 Καὶ
993 4059 1055 4112 τὸ
1085 4058 1212 4128 παρ’
1235 4058 1367 4126 ἡμῖν
1391 4057 1498 4126 γὰρ
1531 4055 1893 4126 μακρότατον,

313 4151 495 4222 βραχὺ
522 4150 640 4202 λίαν
669 4151 787 4202 ἐστὶ
814 4149 960 4220 παρά
989 4148 1129 4217 Θεῷ.
1162 4147 1322 4200 Χίλιά
1344 4149 1398 4215 γ’
1425 4143 1517 4199 οὖν
1545 4145 1639 4216 ἔτη
1669 4146 1898 4200 ἐνώπιον

309 4243 504 4307 αὑτοῦ,
542 4242 618 4304 ὼς
651 4245 684 4313 ἡ
719 4241 904 4313 ἡμέρα
935 4243 968 4312 ή
999 4239 1151 4311 χθὲς,
1171 4238 1412 4310 εἴρηται,
1455 4240 1547 4290 καὶ
1576 4237 1652 4301 ὡς
1682 4237 1897 4310 φυλακὴ

307 4336 374 4388 ἐν
407 4335 601 4388 νυκτίιι
623 4351 636 4365 ο
669 4335 778 4387 Καὶ
817 4334 919 4386 ούκ
950 4336 1028 4395 είς
1068 4330 1286 4402 μακρὰν
1311 4330 1367 4382 δέ
1392 4331 1899 4401 φασὶ,τῆςιπροφηο

307 4427 468 4490 τείας
492 4427 728 4495 ἐγένετο.
765 4425 934 4496 Ὀμοῦ
963 4425 1020 4478 δὲ
1048 4427 1164 4488 τοῖς
1197 4424 1298 4495 μὲν
1318 4423 1680 4486 Βαϐυλωνίοις
1707 4441 1900 4493 πικρο-

1999 3239 2169 3286 ctusa
2199 3232 2455 3302 patribus
2483 3233 2686 3299 editos,
2701 3240 2753 3288 et
2781 3233 3002 3288 illorum
3037 3232 3234 3287 animm
3257 3234 3403 3288 lctus
3426 3231 3587 3287 intel-

2001 3324 2094 3392 ligi
2135 3342 2242 3380 non
2285 3334 2368 3381 est
2417 3328 2813 3399 incongruum.
2848 3327 3178 3398 Hujusmodi
3217 3327 3384 3382 etiam
3421 3327 3588 3382 istius

1999 3417 2091 3471 illa
2131 3427 2281 3482 sunt,
2310 3419 2402 3488 qui
2433 3434 2462 3472 a
2501 3418 2847 3474 Psalmorum
2891 3427 3122 3474 auctore
3151 3417 3343 3472 beatus
3383 3416 3586 3488 pradi-

1999 3517 2194 3573 catur,
2247 3510 2338 3564 ubi
2385 3511 2577 3565 uxoris
2613 3518 2801 3581 partes
2852 3521 3040 3565 tuetur
3081 3509 3376 3582 sapientia,
3419 3523 3586 3578 quam

1999 3615 2228 3656 uxorem
2265 3602 2452 3670 justus
2510 3601 2710 3657 decore
2750 3603 2898 3657 illius
2957 3602 3207 3656 irretitus
3254 3601 3482 3656 ambivit
3534 3615 3588 3655 et

1999 3691 2158 3746 duxit
2189 3694 2253 3745 ¹⁶.
2290 3691 2496 3747 Mentis
2529 3709 2662 3747 vero
2683 3701 2737 3747 et
2764 3692 3051 3762 sapientia:
3075 3692 3238 3748 simul
3269 3691 3587 3746 coeuntium

2000 3783 2166 3849 ﬁlios,
2189 3792 2454 3854 tanquam
2484 3783 2629 3839 fetus
2659 3783 2955 3852 ejusmodi,
2991 3785 3205 3854 psalmo
3224 3798 3423 3838 cxxxvr
3457 3798 3587 3853 pro-

2000 3876 2154 3947 poni,
2188 3876 2380 3932 videas
2414 3877 2504 3930 ubi
2540 3876 2704 3929 tiliam
2739 3875 3042 3946 Babylonis
3069 3876 3348 3938 miseram,
3396 3882 3450 3929 et
3491 3876 3586 3943 qui

2000 3970 2124 4039 ejus
2158 3969 2362 4024 liberos
2396 3968 2463 4022 ad
2495 3975 2708 4038 petram
2747 3967 3002 4031 collidat,
3038 3965 3162 4020 ideo
3193 3967 3413 4020 beatum
3443 3981 3586 4034 pra:-

1999 4061 2182 4125 dicat,
2217 4059 2364 4131 quod
2399 4058 2536 4130 ipsis
2567 4057 2706 4112 nihil
2743 4057 3046 4128 quidquam
3075 4057 3377 4126 parcituros
3405 4055 3587 4111 Medos

1999 4152 2419 4224 przevideret“.
2472 4149 2586 4206 Nec
2622 4158 2805 4204 tamen
2855 4149 3075 4204 beatum
3124 4147 3438 4218 praedicari,
3491 4150 3585 4217 qui

2000 4245 2355 4317 Babylonium
2387 4259 2605 4313 puerum
2645 4243 2946 4314 quemlibet
2986 4240 3334 4296 interfecerit
3381 4248 3589 4310 putan-

2001 4337 2131 4392 dum
2165 4345 2250 4392 est
2285 4355 2298 4390 :
2335 4337 2432 4391 sed
2469 4337 2562 4406 qui
2591 4351 2783 4391 recens
2831 4334 2888 4389 in
2939 4333 3062 4388 luce
3099 4334 3279 4390 editos
3332 4346 3588 4387 crescere

2003 4427 2372 4498 prohibuerit,
2397 4427 2724 4495 dederitque
2755 4440 2980 4496 operam
3014 4439 3081 4479 ne
3099 4423 3404 4480 deteriores
3435 4422 3586 4489 fiant;

260 4577 276 4590 ,
306 4520 482 4590 τέραν
513 4519 772 4590 ἐμϐάλλει
813 4519 1072 4590 φροντίδα
1093 4534 1106 4547 °
1161 4521 1274 4581 τοῖς
1311 4517 1370 4571 δὲ
1397 4517 1784 4588 Ἰσραηλίταις,
1811 4517 1891 4570 διὰ

2005 4522 2209 4592 quique
2235 4537 2348 4577 sua!
2379 4520 2669 4592 sapientiae
2701 4520 2912 4574 auxilio
2933 4517 3181 4574 confusae
3211 4517 3412 4572 mentis
3443 4518 3589 4588 (qua

308 4612 414 4680 τήν
446 4609 823 4680 αίχμαλωσίαν
871 4608 1240 4679 παράκλησιν.
1295 4609 1406 4680 Τῆς
1448 4607 1504 4660 δὲ
1537 4607 1900 4674 Βαϐυλῶνος

308 4702 360 4755 ὦ
373 4719 508 4771 ειπερ
537 4701 826 4771 ἐπώνυμον
854 4696 921 4771 ἦν
943 4700 1025 4765 τὸ,
1059 4699 1332 4764 ἔνδοξος.
1361 4699 1474 4752 Καὶ
1501 4698 1708 4767 ἔλεγον,
1736 4698 1773 4763 ἡ
1805 4697 1902 4752 ἒν-

307 4795 498 4860 δοξος
539 4791 850 4848 Βαϐυλών.
885 4791 1166 4864 Ἐναργῶς
1216 4791 1276 4846 δέ
1324 4791 1447 4844 λίαν
1497 4791 1793 4854 δείκνυσιν,
1844 4789 1904 4856 ἐξ

306 4886 433 4948 οἵας
465 4887 546 4950 εἰς
569 4886 686 4940 οἵαν
728 4885 848 4957 ἥξει
879 4885 1238 4939 κατάστασιν.
1271 4883 1540 4946 Αῖτιοςδέ
1582 4882 1610 4935 ό
1648 4882 1905 4954 βασιλεὺς

308 4978 602 5033 Χαλδαίων
637 4979 907 5049 βασίλειον
942 4977 1111 5048 αὐτὴν
1148 4977 1364 5048 ἰσχυρόν
1409 4993 1468 5030 τε
1503 4976 1598 5030 καὶ
1649 4977 1899 5048 λαμπρὸν

310 5070 685 5140 ποιησάμενος
706 5089 720 5102 ’
753 5068 1050 5134 ἀπεικάζει
1093 5069 1150 5122 δὲ
1195 5067 1481 5138 Σοδόμοις
1512 5068 1600 5123 καὶ
1625 5069 1900 5137 Γομόρῤᾳ

307 5164 414 5234 τὴν
465 5162 767 5234 ἑρμηνείαν
793 5173 817 5200 ν
853 5163 1047 5232 αὐτῆς.
1119 5160 1518 5232 Ἐρμηνεύεται
1553 5160 1610 5213 δέ
1641 5161 1896 5231 Σόδομα,

308 5257 623 5326 τύφλωσις,
667 5259 760 5310 καὶ
808 5257 1119 5328 στείρωσις,
1160 5255 1257 5308 καὶ
1297 5254 1510 5307 ἐστῶσα
1555 5253 1758 5325 σιωπὴ,
1805 5255 1900 5306 καὶ

312 5349 590 5421 ὁμοίωμα,
609 5350 702 5402 καὶ
714 5349 974 5420 ἐγκλησις
999 5348 1095 5400 καὶ
1121 5344 1373 5416 θεμέλιος
1399 5346 1601 5399 αὐτῶν.
1625 5345 1900 5414 Γόμορῤα

310 5441 393 5508 δέ,
429 5443 628 5514 μέτρον
656 5446 750 5495 καὶ
788 5441 997 5504 στάσις.
1034 5433 1130 5502 Οἷς
1164 5439 1198 5508 ἡ
1241 5435 1536 5492 Βαϐυλὼν
1563 5438 1765 5508 ὁμοίως
1797 5456 1898 5491 κα-

387 5599 433 5634 ίδ
469 5599 662 5654 Matth.
695 5615 793 5666 vn,
823 5598 878 5653 2.
961 5598 1004 5628 "
1039 5595 1185 5652 Psal.
1215 5611 1364 5664 των,
1395 5595 1584 5652 ιο-ιι.
1663 5596 1706 5626 ¹⁶
1747 5593 1891 5654 Psal.

1994 5613 2156 5664 :xxvl,
2193 5600 2246 5666 8,
2291 5601 2344 5657 9.

1997 4611 2296 4684 Babylonis
2348 4613 2575 4667 nomine
2614 4609 2962 4681 designatur)
2992 4609 3165 4665 elisos
3206 4609 3352 4664 fetus
3387 4610 3454 4664 ad
3497 4624 3590 4677 pe-

2000 4718 2162 4773 tram,
2193 4708 2288 4779 qui
2315 4705 2573 4763 Christus
2598 4715 2706 4768 est.
2736 4706 2983 4761 enecarit
3018 4719 3033 4758 :
3061 4721 3182 4776 qua:
3217 4714 3334 4759 tum
3365 4705 3588 4759 demum

2001 4799 2275 4856 accidisse
2309 4800 2639 4863 videbimus,
2662 4813 2790 4852 cum
2813 4799 2880 4854 ad
2902 4797 3158 4854 veritatis
3185 4798 3416 4853 verbum
3444 4796 3590 4853 falsa

2003 4892 2264 4964 dogmata
2294 4891 2573 4948 olIcndere
2604 4899 2659 4946 et
2680 4889 2924 4963 diﬂ‘ringi
2953 4889 3292 4962 contigerit;
3321 4903 3445 4960 qua:
3475 4889 3591 4944 cito

2005 4998 2132 5039 esse
2169 4992 2434 5038 eventura
2481 4982 2754 5038 alIIrmaro
2803 4998 2915 5037 non
2966 4981 3206 5038 dubitat.
3249 4980 3404 5048 Quod
3441 4979 3592 5034 enim

2007 5073 2386 5145 longissimum
2417 5075 2687 5142 temporis
2726 5090 2852 5132 esse
2891 5076 3133 5145 spatium
3162 5084 3444 5145 putamus,
3481 5071 3592 5126 Deo

2009 5165 2287 5221 modicum
2309 5174 2367 5220 et
2395 5166 2562 5221 breve
2589 5167 2748 5223 valde
2777 5176 2863 5222 est
2885 5169 3060 5238 ;apud
3083 5182 3247 5238 quem
3283 5165 3432 5220 mille
3457 5162 3590 5220 anni

2007 5269 2268 5328 tanquam
2298 5257 2418 5314 dies
2449 5267 2579 5314 sunt
2603 5257 2864 5314 hesterna
2888 5299 2904 5325 ,
2941 5269 2995 5315 et
3028 5268 3291 5327 tanq-uam
3334 5254 3593 5311 custodia

2007 5349 2060 5403 in
2095 5360 2255 5406 nocte
2285 5351 2351 5405 ".
2395 5351 2564 5405 Aiunt
2592 5361 2860 5420 praeterea
2899 5366 3011 5406 non
3056 5351 3218 5419 longe
3259 5349 3370 5404 ista
3405 5363 3436 5403 a
3467 5363 3596 5419 pro-

2006 5439 2203 5509 pltetia:
2256 5449 2502 5512 tempore
2563 5441 2892 5511 contigisse.
2943 5439 3036 5495 Est
3075 5453 3245 5511 porro
3301 5437 3596 5495 adverten-

2448 5601 2490 5633 "
2532 5601 2678 5658 Psal.
2714 5615 2937 5670 Luxu,
2973 5601 3028 5658 4.
3117 5655 3127 5671 ,

1598 5711 1831 5768 νΑιὶΙᾹζ
1855 5711 2260 5772 LECTIONES.

393 5807 412 5844 ‘
447 5824 538 5878 γρ.
576 5807 734 5870 υἱοῖς.
809 5817 836 5846 ιι
871 5825 963 5878 πρ.
993 5809 1049 5879 ἡ.
1125 5815 1152 5843 '
1181 5823 1271 5877 γρ.
1305 5807 1565 5880 ἐρημίαν.

559 5899 829 5962 ΓΑτιιοι..
878 5904 994 5962 Gn.
1043 5902 1404 5968 LXXXVII.

3188 5901 3269 5962 66
