4010 6208
340 361 473 424 2003

1484 360 2019 423 COMMENTABII
2056 361 2138 421 IN
2180 360 2459 421 [SAIALL

3457 351 3596 417 2094

347 472 574 526 choreas
632 469 859 525 ducunt.
920 468 1016 524 Est
1074 483 1202 524 vero
1261 469 1380 525 ideo
1404 480 1881 525 onocentaurorum
1922 485 2123 526 nomen
2176 471 2321 527 haud
2342 470 2575 542 simplex
2597 467 2864 534 additum,
2889 475 2950 523 ut
2993 467 3260 523 damonis
3318 475 3597 521 monstro-

338 576 461 617 sutn
508 559 787 632 quoddam
840 574 1013 630 genus
1064 557 1437 629 signiﬁcetur,
1510 560 1668 628 cujus
1712 560 1949 630 impulsu
2026 577 2150 616 mox
2199 563 2266 616 ad
2308 561 2672 616 humanarum
2714 574 2898 616 rerum
2926 558 3438 628 contemplationem
3470 571 3601 610 oeu-

339 653 419 706 los
448 665 640 706 eonvet
654 659 866 713 tamus;
899 665 1022 704 mox
1063 650 1190 703 itetn
1223 648 1288 703 ad
1312 649 1601 705 brutorum
1638 650 1925 720 rapiamur
1960 651 2215 708 altu-etus.
2249 654 2438 722 Itaque
2467 661 2521 706 et
2549 652 2707 713 istos,
2739 651 2915 716 aiunt,
2979 649 3212 704 hirsutos

3294 647 3600 703 nominarit

337 743 599 812 Aquilae,
638 741 1019 795 utobscennm
1068 739 1383 795 deemonem‘
1423 747 1478 795 et
1536 740 1895 810 caliginosum
1960 742 2251 799 iudicaret.
2308 740 2598 815 Signiﬁcat
2652 740 2852 795 deinde
2893 738 3105 793 echinus
3159 745 3212 793 et
3268 735 3600 792 daemonium

335 835 488 888 aliud
514 838 790 895 astutum,
816 842 871 886 et
902 839 1066 898 captu
1102 829 1352 886 difficile.

932 922 1187 976 ΚΕΦΑΛ.
1229 922 1327 975 ΙΔ’.

457 1020 576 1083 σ’ς’.
634 1018 742 1072 Kal
791 1015 1035 1083 ἐλεήσει
1106 1017 1325 1086 Κύριος
1376 1015 1484 1070 τὸν
1527 1016 1765 1080 Ἰακὼϐ,
1825 1016 1922 1070 ml

332 1111 645 1175 ἐκλέξεται
689 1110 776 1165 ἔτι
827 1108 937 1163 τὸν
999 1107 1271 1176 Ἰσραήλ.
1328 1108 1436 1163 Καὶ
1466 1108 1923 1163 ἀναπαύσονται

333 1201 433 1277 ἐπὶ
457 1200 568 1269 τῆς
595 1200 708 1271 τῆς
737 1200 960 1263 αὐτῶν,
984 1199 1085 1255 καὶ
1115 1202 1150 1254 ό
1178 1197 1422 1269 γειὼρας
1448 1198 1924 1268 προστεθήσεται

333 1295 487 1364 πρὸς
511 1293 757 1360 αὐτοὺς,
786 1291 885 1347 καὶ
925 1289 1400 1359 προστεθήσεται
1445 1291 1594 1360 πρὸς
1623 1291 1733 1344 τὸν
1754 1287 1925 1346 οἷκον

344 1386 578 1452 Ἰακὼϐ,
616 1384 718 1440 καί
745 1384 1053 1453 λήψονται
1080 1381 1304 1448 αὐτοὺς
1326 1381 1493 1450 ἔθνη,
1517 1382 1616 1438 καὶ
1643 1382 1925 1447 εἰσάξον-

333 1494 443 1533 σιν
471 1479 562 1544 εἰς
611 1474 719 1529 τὸν
761 1476 953 1529 τόπον
991 1471 1213 1538 αὐτῶν,
1264 1472 1361 1528 καὶ
1394 1472 1924 1542 κατακληρονομή-

334 1582 543 1634 σουσι,
590 1567 689 1622 καί
750 1563 1287 1634 πληθυνθήσονται
1335 1563 1436 1618 ἐπὶ
1488 1563 1601 1634 τῆς
1649 1564 1764 1635 τῆς
1814 1565 1921 1619 τοῦ

337 1662 487 1718 Θεοῦ
522 1663 611 1728 είς
634 1660 898 1725 δούλους
930 1658 1028 1712 zeal
1059 1657 1304 1723 δούλας,
1335 1674 1391 1711 κ.
1421 1672 1473 1710 τ.
1505 1656 1556 1709 λ.

405 1751 591 1806 Εἰπὼν
611 1750 651 1807 ἃ.
680 1750 926 1805 πείσεται
947 1748 1207 1802 Βαϐυλὼν
1229 1747 1491 1820 δυσχερῆ,
1521 1746 1592 1801 τὰ
1620 1765 1687 1801 πε
1699 1749 1753 1818 pi
1811 1749 1923 1803 τῶν

344 1844 620 1898 Ἰουδαίων
678 1841 953 1912 ἐπιφέρει,
1008 1840 1224 1913 χρηστὰ
1271 1842 1374 1912 τὴν
1415 1841 1507 1894 ἐπὶ
1530 1839 1713 1912 Κύρου
1747 1841 1922 1910 λέγων

332 1933 656 2004 ἀνάκλησιν,
679 1932 826 1984 Ἀντί
854 1931 912 1984 δὲ
944 1930 1039 1985 τοῦ
1075 1933 1110 1986 ὁ
1138 1930 1405 2000 τειώρας,
1438 1929 1715 1994 ἐξέδωκαν
1740 1932 1789 1985 oi
1811 1930 1923 1985 λοι-

333 2024 430 2079 ποὶ
445 2026 480 2079 ό
511 2023 1036 2094 προσήλυτοςξούχ
1066 2022 1252 2086 ἁπλῶς
1275 2021 1331 2075 δὲ
1350 2020 1762 2091 προσήλυτος,
1790 2021 1927 2090 φασί

333 2133 504 2181 τινες,
538 2115 658 2170 ἀλλ’
683 2116 766 2170 ὅτι
786 2125 808 2153 ι
836 2115 1083 2188 γεωργίᾳ
1107 2114 1530 2186 προσκείμενος.
1563 2115 1786 2187 κυρίως
1819 2115 1919 2187 μὲν

332 2206 484 2261 οἶνό
520 2204 758 2276 γειὼρας
796 2204 952 2278 δηλοῖ
996 2205 1089 2259 τὸν
1116 2190 1390 2276 Ἱθαγενῆ,
1441 2206 1534 2259 καὶ
1589 2205 1915 2277 αὐτόχθονα.

1952 927 1999 984 Α

2648 917 2799 974 CAP.
2841 915 2980 971 XIV.

2093 1010 2450 1081 219-220
2483 1009 2655 1066 Vens.
2698 1009 2815 1065 1-7.
2850 1008 2916 1062 Et
2950 1005 3292 1062 miserebitur
3339 1005 3600 1060 Dominus
3702 1087 3706 1091 ρ

2022 1100 2214 1167 Jacab,
2249 1112 2300 1157 et
2330 1104 2487 1173 eliget
2510 1103 2685 1156 adhuc
2715 1100 2907 1164 Israel,
2939 1110 2989 1154 et
3023 1098 3342 1169 requiescent
3379 1098 3434 1150 in
3462 1107 3603 1152 terra

2024 1211 2141 1258 sua,
2187 1205 2235 1249 et
2285 1195 2512 1249 adventa
2544 1195 2655 1250 illis
2695 1194 3035 1265 adiungetur,
3070 1201 3117 1245 et
3153 1190 3473 1261 adiungetur
3502 1190 3601 1242 do-

2026 1287 2363 1351 muilacob,
2415 1298 2466 1343 et
2504 1288 2713 1356 capient
2760 1302 2849 1341 eos
2907 1296 3087 1355 gemes
3114 1327 3129 1349 ,
3171 1292 3218 1338 et
3260 1282 3506 1337 inducent
3548 1284 3604 1335 in
3654 1309 3658 1314 -

2025 1378 2196 1433 locum
2238 1395 2419 1442 suum,
2453 1388 2502 1432 et
2535 1377 2903 1445 possidebunt,
2928 1385 2977 1431 et
3002 1373 3358 1443 implebantur
3383 1373 3437 1427 in
3464 1381 3603 1426 terra

2027 1471 2123 1525 Dei
2150 1472 2202 1526 in
2241 1488 2418 1526 servos
2444 1480 2494 1525 et
2520 1487 2720 1536 servas,
2750 1481 2863 1526 etc.

1988 1659 2051 1689 -ο

2094 1732 2254 1803 22],
2296 1731 2577 1802 Expositis
2608 1746 2749 1801 quas
2795 1744 3128 1801 perpessura
3169 1738 3319 1785 esset
3358 1727 3605 1799 Babylon

2022 1822 2444 1891 asperitatibus,
2460 1821 2573 1892 jam
2601 1838 2725 1893 qua:
2741 1821 2965 1877 Judmos
2986 1821 3109 1875 lzeta
3134 1828 3188 1876 et
3213 1834 3477 1890 prospera
3498 1818 3606 1872 sub

2024 1910 2174 1983 Cyro
2205 1920 2489 1977 maneant,
2519 1915 2755 1969 reditum
2788 1913 3054 1968 nimirum
3084 1911 3358 1982 adjungit.
3401 1909 3603 1963 Verum

2023 2018 2191 2073 quem
2225 2003 2315 2057 bic
2350 2004 2609 2059 advenam
2634 2045 2648 2069 ,
2680 2004 2872 2060 Graece
2896 2004 3137 2072 γειώραν
3168 2003 3303 2057 dicit
3323 2040 3338 2065 ,
3370 1999 3607 2069 pras'ely-

2025 2107 2137 2150 tum
2193 2096 2377 2152 caeteri
2431 2098 2894 2169 interpretantur.
2960 2099 3031 2151 At
3104 2111 3215 2151 non
3280 2093 3605 2165 proselytum

2024 2191 2285 2245 nonnulli
2344 2191 2708 2262 simpliciter,
2772 2189 2869 2247 sed
2929 2191 3025 2260 qui
3100 2203 3361 2260 agrorum
3430 2187 3604 2241 cultui

335 2268 686 2359 Συνανιόντες
711 2294 770 2348 δὲ
795 2268 1148 2348 Βαϐυλωνίων
1167 2268 1490 2365 αὐτόχόονες
1506 2268 1761 2367 ἤμελλον-
1781 2290 1915 2352 εἶναι

2028 2283 2335 2339 incumbat.
2372 2284 2471 2340 Est
2501 2285 2674 2355 igitur
2703 2283 2929 2354 proprie
2960 2281 3195 2354 γειὼρας
3216 2321 3231 2344 .
3280 2281 3421 2335 idem
3458 2280 3602 2349 quod

336 2406 416 2443 πα
427 2387 475 2457 ρ’
514 2386 780 2441 Ἰουδαίαν
806 2386 1204 2455 προσήλυτοι.
1233 2385 1393 2456 Φέρει
1416 2386 1597 2440 τοίνυν
1624 2388 1706 2451 εἰς
1724 2386 1921 2441 ταυτὸν

335 2472 581 2543 ἑκατέρα
607 2472 839 2527 διάνοια.
876 2471 1197 2543 Εὑπραξίας
1229 2473 1340 2545 γὰρ
1367 2474 1461 2527 ἐπὶ
1479 2474 1740 2530 τοσοῦτον
1768 2475 1920 2548 ἥξειν

346 2563 643 2628 Ἰουδαίους
669 2563 855 2653 φησιν,
889 2564 968 2629 ὡς
997 2564 1124 2628 τοὺς
1148 2565 1280 2637 πρὶν
1306 2566 1505 2630 αὐτοὺς
1536 2566 1760 2633 ἑλόντας
1791 2585 1919 2622 συν-

335 2656 609 2727 αναϐῆναι
655 2657 737 2720 είς
767 2656 866 2727 τὴν
913 2655 1179 2711 Ἰουδαίαν
1207 2656 1415 2721 αὐτοῖς.
1445 2658 1619 2713 Τοῦτο
1652 2659 1753 2730 μὲν
1788 2676 1921 2729 συγ-

2025 2376 2357 2431 vernaculus
2397 2383 2454 2430 et
2504 2376 2787 2447 indigena.
2821 2372 3091 2429 Futurum
3133 2380 3316 2427 autem
3363 2379 3504 2434 erat,
3549 2380 3605 2422 ut

2021 2466 2118 2537 qui
2159 2465 2231 2522 de
2271 2465 2593 2537 Babyloniis
2634 2465 2911 2535 indigenae
2947 2462 3168 2519 .ludzeos
3205 2471 3599 2531 sequerentur,

2021 2558 2168 2630 apud
2204 2558 2329 2613 illos
2359 2558 2750 2629 proselytorum
2799 2573 2997 2613 nomen
3036 2557 3338 2620 baberent,
3366 2555 3477 2624 quo
3511 2555 3600 2619 lit,

2024 2663 2085 2707 ut
2117 2652 2173 2707 in
2204 2652 2350 2708 idem
2384 2651 2552 2708 cadat
2587 2653 2884 2722 utriusque
2920 2631 3141 2714 sensus.
3180 2651 3259 2704 Eo
3295 2648 3440 2705 enim
3480 2646 3605 2700 feli-

336 2748 559 2818 γένειαν
591 2748 733 2819 πρὸς
763 2747 962 2812 αὐτοὺς
986 2748 1314 2820 ἐσχηκότας,
1346 2747 1506 2804 τοῦτο
1523 2748 1581 2804 δὲ
1604 2754 1707 2821 τῆς
1736 2752 1915 2806 αὐτῶν

2024 2743 2212 2801 citatis
2270 2759 2364 2801 res
2415 2742 2739 2800 Judmorum
2801 2750 3165 2814 perventuras
3225 2741 3398 2806 dicit,
3454 2749 3512 2794 ut
3570 2753 3600 2791 a

338 2838 653 2902 θεοσεϐείας
677 2838 755 2902 ὠς
803 2840 867 2893 ιν
915 2838 1119 2911 χρονίῳ
1181 2837 1581 2910 μετειληφότας
1640 2840 1915 2914 διατριϐῇ,

2024 2836 2226 2908 quibus
2274 2846 2435 2893 antea
2484 2836 2637 2908 capti
2684 2845 2907 2901 essent,
2958 2836 3124 2890 iidem
3179 2835 3294 2888 sint
3319 2847 3507 2888 secum
3547 2832 3601 2884 in

335 2932 433 2985 καὶ
474 2931 604 2994 τοὺς
663 2930 798 3002 πρὶν
851 2929 1250 3002 είδωλολάτρας
1305 2929 1569 2999 δούλους
1624 2932 1727 2988 καί
1776 2933 1915 2990 δού-

2024 2926 2312 2994 Judaeam,
2367 2930 2570 3000 partim
2623 2934 2921 2989 contracta
2970 2942 3096 2983 cum
3157 2927 3241 2982 eis
3290 2925 3599 2985 aﬂinitate,

331 3026 451 3089 λας
492 3020 749 3091 γενέσθαι
778 3020 943 3077 Θεοῦ.
967 3023 1137 3093 Ἔθνη
1167 3022 1226 3077 δέ
1250 3039 1384 3094 φησι
1438 3023 1567 3088 τοὺς
1627 3024 1915 3092 Ἰουδαίους

2024 3022 2226 3093 partim
2285 3023 2449 3092 longa
2509 3022 2797 3094 religionis
2848 3021 3242 3078 communione
3313 3018 3599 3090 persuasi,

334 3113 738 3184 προπέμποντα
785 3112 923 3184 πρὸς
964 3115 1064 3185 τὴν
1101 3113 1238 3170 ἰδίαν
1278 3115 1576 3170 είσοίσουσι
1608 3117 1731 3187 γῆν.
1756 3120 1823 3173 ’0
1851 3118 1915 3190 δὴ

2024 3117 2432 3189 commigraturi
2467 3131 2684 3188 :neque
2711 3122 2991 3181 recusent,
3023 3114 3265 3184 abiectis
3288 3114 3452 3168 idolis
3479 3127 3603 3181 que

331 3203 524 3275 Κύρου
549 3203 960 3274 προστάξαντος
995 3204 1241 3275 γέγονεν,
1279 3206 1446 3277 ἡνίκα
1466 3207 1583 3262 τῶν
1598 3208 1915 3283 ἀναϐάντων

2024 3215 2181 3263 antea
2212 3208 2489 3276 colebant,
2527 3207 2624 3263 Dei
2654 3208 2795 3263 servi
2816 3218 2867 3262 et
2898 3206 3114 3261 ancillis
3143 3205 3283 3260 ﬁeri.
3316 3204 3603 3275 Signilirnt

343 3293 557 3364 Ἰησοῦς
585 3297 677 3350 καὶ
721 3295 1048 3367 Ζωροϐαϐἒλ
1107 3296 1407 3368 ἡγήσαντο.
1449 3300 1560 3353 Καὶ
1592 3298 1795 3372 Ξέρξου
1820 3302 1915 3357 τοῦ

2024 3315 2152 3356 vero
2203 3317 2313 3356 non
2342 3300 2463 3357 sine
2501 3303 2750 3369 gentium
2782 3300 3047 3356 comitatu
3076 3301 3130 3355 in
3161 3299 3397 3370 patriam
3422 3315 3603 3355 rever-

334 3385 457 3456 μετ’
485 3384 675 3451 αὐτὸν,
715 3387 884 3458 ἡνίκα
936 3387 1030 3442 τὸν
1066 3386 1306 3460 Ἔσδραν
1354 3390 1498 3462 μετὰ
1532 3391 1746 3447 πολλῶν
1769 3395 1915 3467 πέμ-

2024 3405 2180 3446 suros
2230 3406 2355 3447 esse
2394 3389 2650 3457 Judacos;
2712 3390 2860 3462 quod
2897 3389 3043 3463 Cyro
3088 3392 3328 3461 primum
3372 3389 3605 3460 jubente

330 3493 453 3530 πων
477 3476 801 3543 ὶπιστολῶν,
837 3478 1260 3552 παραπέμπειν,
1280 3480 1443 3535 αὐτὸν
1461 3481 1650 3549 δεξιῶς
1675 3486 1915 3552 καὶτοὺς

2025 3480 2232 3537 factum
2298 3482 2573 3553 legimus,
2640 3498 2766 3537 cutn
2828 3480 3018 3538 Jesum
3096 3489 3154 3536 et
3207 3479 3601 3535 Zorobabelem

332 3569 433 3622 σὺν
472 3568 649 3640 αὐτῷ,
696 3571 809 3634 τοῖς
834 3572 893 3625 ἐν
924 3571 1078 3644 μέσῳ
1124 3574 1463 3644 προσέταξεν
1520 3575 1753 3634 ἔθνεσιν.
1805 3581 1915 3634 Καὶ

2024 3572 2365 3628 reversionis
2411 3574 2583 3629 duces
2638 3572 3226 3631 babueruutzdeinde
3290 3573 3602 3644 imperante

332 3659 574 3729 Νεεμίου
628 3661 768 3732 μετὰ.
791 3662 965 3718 ταῦτα
993 3663 1133 3735 πρὸς
1176 3664 1276 3736 τὴν
1309 3665 1572 3722 Ἰουδαίαν
1610 3670 1914 3740 χωροῦντος

2024 3661 2149 3734 Cyri
2197 3678 2526 3721 successore
2566 3662 2784 3731 Xerxe,
2840 3680 2968 3719 cum
3011 3664 3243 3719 Esdram
3288 3666 3480 3721 multis
3531 3666 3598 3721 ad

330 3753 473 3825 πρὸς
492 3753 552 3808 τὸ
577 3755 788 3825 γράψαι
817 3757 929 3821 τοῖς
946 3755 1118 3828 πέραν
1140 3757 1237 3812 τοῦ
1270 3760 1523 3830 ποταμοῦ
1544 3762 1640 3815 καὶ
1663 3762 1914 3831 φύλακας

2024 3754 2311 3825 praefectos
2350 3756 2558 3813 litteris
2591 3758 2973 3821 instructum,
3024 3758 3310 3827 multoque
3352 3762 3599 3831 gentium

328 3844 483 3914 αὐτῷ
514 3844 938 3900 συναπέστειλεν
958 3846 1160 3918 ἄνδρας
1187 3847 1476 3919 δυνάμεως
1495 3852 1524 3903 ό
1549 3849 1657 3905 τῶν
1684 3852 1913 3922 Περσῶν

2024 3846 2283 3917 prtesidio
2309 3858 2566 3918 septum,
2616 3848 2927 3905 Artaxerxe
2957 3848 3223 3920 denique,
3265 3865 3392 3906 cum
3424 3851 3603 3907 Nebe-

328 3933 619 4003 βασιλεύςο
653 3936 815 3991 ταυτὶ
872 3935 981 4009 γὰρ
1015 3936 1253 4007 Ἔσδρας
1288 3936 1596 4010 ἱστόρησεν.
1647 3939 1911 4011 Προλέγει

2024 3939 2205 4007 miam,
2231 3940 2319 3995 cui
2352 3955 2469 4005 rex,
2488 3940 2630 3994 facta
2659 3939 2927 3996 redeundi
2956 3941 3008 3995 in
3029 3940 3276 3997 .ludaaam
3304 3951 3596 4012 potestate.

324 4027 386 4081 δὲ
415 4028 514 4082 καὶ
540 4028 670 4091 τοὺς
720 4027 814 4082 τὸν
855 4027 1076 4100 Ἰσραὴλ
1119 4027 1493 4095 Βαϐυλωνίους
1552 4032 1914 4101 αἰχμαλωτι-

2024 4039 2384 4102 praaterquam
2417 4032 2565 4103 quod
2597 4033 2651 4087 in
2683 4031 3143 4103 Mesopotamiam
3175 4034 3391 4091 litteras
3422 4035 3596 4103 dedit,

325 4132 588 4186 σαν-τας,
621 4120 1023 4188 δοριαλώτους
1051 4120 1160 4179 ὑπὸ
1186 4120 1372 4194 Κύρου
1403 4120 1651 4196 δηλονότι
1679 4125 1912 4197 γενήσε-

2024 4123 2183 4178 etiam
2216 4124 2284 4178 ad
2320 4125 2544 4180 itineris
2571 4124 2933 4180 securitatem
2977 4127 3169 4196 e0pias
3203 4127 3471 4184 militares
3501 4133 3598 4183 atl-

329 4212 480 4267 σοαι.
506 4213 578 4265 Ἦ
608 4213 699 4267 καὶ
726 4214 888 4284 τάχα,
920 4213 1009 4268 διὰ
1033 4216 1095 4267 τδ
1121 4215 1250 4279 τοὺς
1287 4215 1696 4282 συναναϐάντας
1727 4218 1912 4284 αὐτοῖς

2024 4213 2214 4281 innuit.
2271 4215 2346 4269 Ita
2399 4216 2548 4270 enim
2603 4215 2813 4272 litteris
2880 4215 3091 4273 Esdras
3155 4217 3590 4289 consignavit".

326 4302 436 4356 ὑπὸ
470 4302 638 4370 ζυγὸν
665 4303 921 4370 γενέσθαι
950 4302 1048 4357 τοῦ
1079 4304 1247 4375 νόμου
1289 4305 1547 4377 καθάπερ
1612 4309 1911 4379 αἰχμαλώ-

323 4409 496 4459 τους,
553 4391 864 4458 ἑαλωκότας
899 4393 996 4476 τὴν
1023 4394 1198 4466 καλὴν
1221 4395 1320 4451 καὶ
1371 4400 1640 4472 σωτήριον
1682 4402 1908 4459 ἅλωσιν.

324 4484 468 4536 Κατ’
491 4484 669 4538 ἐκεῖνο
686 4483 745 4538 δὲ
763 4484 857 4539 τοῦ
888 4485 1086 4558 καιροῦ
1109 4486 1366 4559 ἁνεθήσει
1396 4490 1504 4546 τοῦ
1538 4493 1735 4562 θυμοῦ
1757 4512 1905 4563 σου,

321 4574 516 4644 φησίν.

925 4842 1180 4901 ΚΕΦΛΛ.
1211 4846 1315 4900 lE'.

478 4927 571 4984 ΤΟ
606 4932 804 4986 PHMA
843 4935 928 4988 ΤΟ
952 4937 1141 4990 ΚΑΤΑ
1177 4938 1312 4992 THE
1337 4938 1782 4997 ΜΩΑΒΙΤΙΔΟΣ.

374 5012 530 5075 «ι’-ϐ’.
587 5023 821 5091 Νυκτὸς
871 5025 1181 5083 ἀπολεῖται
1223 5028 1262 5097 ἡ
1307 5030 1620 5098 Μωαϐῖτις.
1666 5035 1900 5101 Νυκτὸς

315 5113 432 5181 γὰρ
458 5112 772 5170 ἀπολεῖται
800 5117 866 5170 τὸ
897 5117 1096 5186 τεῖχος
1119 5106 1643 5191 τῆςΜωαϐίτιδος.
1681 5127 1899 5183 Λυπεῖ-

316 5208 433 5259 σθε
463 5204 558 5274 ἐφ’
579 5204 838 5274 ἑαυτοῖς.
879 5208 1216 5265 Ἀπολεῖται
1247 5214 1357 5284 γὰρ
1383 5215 1482 5268 καί
1510 5217 1734 5285 Γεϐὦν,
1760 5214 1833 5276 οὗ
1868 5222 1903 5274 ό

310 5295 524 5364 ,ϐωμὸς
583 5296 772 5366 ὑμῶν,
798 5300 929 5354 ἐκεῖ
961 5300 1350 5371 ἀναϐήσεσθε
1382 5308 1622 5361 κλαίειν
1659 5307 1760 5361 ἐπὶ
1785 5310 1903 5362 Να-

316 5383 437 5441 ϐἄν
458 5386 569 5456 τῆς
598 5390 983 5457 Μωαϐίτιδος,
1010 5409 1066 5449 κ.
1090 5410 1141 5447 τ.
1174 5394 1224 5448 λ.

391 5517 410 5535 .
490 5519 507 5535 .
582 5521 600 5538 .
677 5521 695 5538 .
771 5522 788 5537 .
865 5523 882 5539 .
959 5522 976 5540 .
1050 5485 1146 5540 τοῦ
1204 5486 1305 5542 οὐκ
1365 5488 1587 5562 ἔρχεται
1638 5492 1777 5560 πρὸς
1835 5494 1899 5547 τὸ

389 5588 442 5623 ¹⁹
480 5590 669 5650 lEsdr
722 5612 843 5666 ,οη
882 5598 1125 5657 ll'Esdr.
1163 5615 1205 5668 1,
1234 5616 1294 5657 ιι.
1394 5568 1398 5573 γ

401 5779 735 5852 ⁸γρ.ότῇ.

1935 4961 1989 5022 D

2012 4308 2267 4377 ‘Praedieit
2302 4324 2431 4364 vero
2464 4307 2822 4382 Babylonios,
2856 4311 2954 4382 qui
3002 4310 3259 4367 Israelem
3308 4322 3550 4380 ceperant
3575 4352 3593 4376 ,

2017 4411 2129 4457 tum
2156 4402 2384 4474 quidem
2414 4403 2581 4458 etiam
2614 4403 2712 4460 sed
2743 4419 2774 4459 a
2805 4402 2953 4477 Cyro
2991 4404 3296 4474 capiendos.
3328 4402 3431 4461 Vel
3479 4405 3595 4463 for-

2012 4509 2112 4549 san
2161 4495 2354 4561 etiam,
2389 4495 2520 4565 quia
2577 4496 2755 4550 secuti
2836 4496 3136 4552 redeuntes
3212 4497 3350 4569 legis
3398 4499 3591 4570 jugum

1952 4589 1956 4593 “
2012 4584 2201 4640 subire
2244 4600 2355 4639 non
2407 4593 2773 4651 recusarent,
2816 4586 3053 4657 pulchra
3103 4587 3197 4642 illa
3258 4597 3316 4644 et
3364 4591 3591 4646 salutari

2011 4675 2228 4731 ratione
2279 4675 2567 4747 capiendos
2615 4694 2730 4733 esse
2773 4679 3080 4749 signiﬁcat.
3125 4680 3196 4735 At
3238 4696 3309 4736 eo
3345 4690 3594 4755 tempore

2015 4767 2216 4836 inquit,
2261 4770 2515 4825 remittes
2547 4768 2783 4838 {urorem
2815 4779 2988 4822 tuum.
3031 4806 3047 4822 .
3089 4807 3105 4822 .
3648 4772 3657 4773 “

2596 4859 2754 4915 CAP.
2815 4858 2929 4914 XV.

2203 4950 2507 5006 VERBUM
2554 4951 2703 5007 CON
2716 4951 2851 5007 TRA
2909 4953 3415 5011 MOABITIDEH.

2082 5040 2440 5110 222-223
2473 5038 2643 5095 Vens.
2690 5040 2803 5098 1-9.
2858 5042 3029 5099 Nocte
3057 5045 3252 5112 peribit
3307 5044 3586 5112 Moabitis,

2010 5142 2158 5184 nocte
2202 5132 2339 5185 enim
2373 5131 2566 5198 peribit
2596 5148 2779 5186 murus
2812 5133 3147 5189 Moabitidis.
3192 5126 3588 5192 Contristenlint

2008 5222 2062 5275 in
2123 5220 2286 5275 vobis.
2330 5220 2528 5275 Peribit
2580 5223 2719 5276 enim
2759 5233 2809 5278 et
2864 5223 3040 5280 Gebon
3092 5225 3181 5278 ubi
3226 5240 3323 5279 ara
3377 5236 3584 5295 vestra,

2008 5311 2138 5366 illuc
2173 5315 2465 5368 ascendetis
2508 5316 2577 5369 ad
2613 5308 2934 5384 plorandum
2983 5334 3140 5388 super
3181 5314 3377 5374 Naban
3433 5318 3591 5375 Hua-

2010 5404 2213 5469 bitidis,
2249 5414 2357 5463 etc.

2007 5537 2022 5553 .
2102 5536 2117 5551 .
2198 5538 2212 5554 .
2290 5536 2308 5555 .
2386 5540 2399 5555 .
2483 5544 2498 5559 .
2571 5542 2587 5558 .
2639 5518 2747 5559 non
2786 5504 2930 5563 venit
2954 5504 3023 5563 ad
3066 5506 3245 5565 lucem
3283 5492 3487 5583 quibus
3532 5511 3587 5564 in

1587 5689 1822 5753 ΥΑΒΙᾸΞ
1852 5697 2259 5758 LECTIONES.
