4022 6210
416 353 573 421 ’9095

1732 350 2054 415 PROCOPI
2062 351 2088 413 Ι
2129 353 2374 415 (ΞᾹΖίΕΙ

3564 356 3709 423 2096

430 478 580 525 nocte
609 466 983 533 versantibus,
1014 474 1081 548 et
1122 483 1308 523 murus
1357 466 1497 540 ipse,
1547 470 1716 524 noctis
1765 468 2007 526 videlicet

2126 470 2261 541 φῶς.
2295 465 2399 525 Ὧν
2423 469 2596 525 ὄντων
2632 468 2703 524 ἐν
2744 471 2943 534 νυκτί.
3011 472 3105 527 καὶ
3125 472 3191 529 τό
3231 473 3426 544 τεῖχος
3483 473 3708 529 πίπτειν

427 562 847 634 propugnacula
907 562 1215 633 sophistica
1271 561 1591 617 concidunt.
1668 561 1799 618 Istis
1844 561 2016 626 enim,

430 668 693 726 tanquam
757 653 1130 719 ﬁrmissimis,
1183 651 1596 723 gloriabantur,
1654 655 1855 724 quibus
1904 653 2017 723 jam

428 749 637 804 eversis
679 755 733 802 et
757 746 984 812 dirutis,
1016 761 1126 800 non
1171 745 1291 801 sine
1324 743 1597 800 dedecore
1623 737 2018 809 lamentantur,

320 851 326 857 ’
428 839 520 912 qui
558 840 722 895 etiam
770 837 1010 893 absurda
1041 836 1109 892 de
1144 836 1254 891 Deo
1291 836 1635 911 sentientes,
1679 852 1833 891 aram
1885 834 2018 889 Dcc-

429 936 530 987 bon
566 930 792 986 oracula
828 929 1149 984 reddentem
1184 933 1507 993 exstruunt,
1543 940 1709 997 quam
1743 925 2019 996 pmnitcn-

430 1023 648 1093 tesjant
684 1021 985 1077 ascendere
1035 1020 1323 1091 iubentur,
1374 1033 1490 1075 non
1548 1025 1608 1073 ut
1655 1017 1834 1089 prius,
1866 1030 2017 1079 cum,

426 1114 688 1169 Creatore
718 1113 1000 1183 despecto,
1036 1119 1308 1166 creaturae
1353 1110 1685 1173 serviebant,
1723 1108 1888 1179 224
1931 1107 2017 1161 in-

426 1229 532 1283 quc
578 1212 844 1266 altaribus
895 1208 1092 1263 alienis
1127 1206 1306 1263 laudis
1353 1206 1624 1263 sacrificia
1672 1221 1772 1261 sua
1821 1201 2018 1259 ollare-

426 1305 593 1367 ltant;
629 1318 726 1373 pro
752 1301 957 1371 quibus
1007 1300 1195 1370 lugere
1229 1312 1397 1373 nunc,
1443 1310 1642 1367 eoque,
1689 1294 1784 1365 qui
1820 1307 2021 1348 secun-

423 1396 552 1450 dttnt
584 1392 751 1447 Deum
781 1400 887 1457 est,
923 1399 978 1446 et
1008 1390 1242 1445 salutem
1281 1387 1438 1443 all‘ert
1469 1402 1579 1441 non
1611 1383 2011 1455 pmnitendam,

422 1488 613 1543 dolore
656 1483 794 1538 allici
844 1482 1136 1552 jubentur.
1193 1478 1358 1534 Tales
1393 1492 1491 1534 eos
1526 1476 1693 1533 etiam
1745 1475 2011 1539 dixerim,

420 1577 513 1648 qui
541 1590 690 1646 spent
722 1571 887 1628 ﬂuxis
915 1572 973 1626 in
1003 1571 1174 1626 rebus
1200 1568 1537 1623 habuerunt.
1568 1566 1734 1623 Jubet
1755 1581 1891 1637 ergo
1915 1578 2015 1621 eos

420 1671 617 1741 lugere,
660 1682 895 1738 quorum
937 1667 1067 1722 boni
1095 1680 1280 1721 mores
1328 1664 1489 1720 malis
1522 1663 1876 1719 commerciis
1916 1662 2035 1717 del-—

421 1759 633 1832 pravati
663 1766 793 1813 sunt
828 1775 843 1814 :
874 1772 1000 1812 cum
1045 1763 1314 1826 usurpato
1367 1756 1573 1811 caluitii
1622 1754 1850 1810 nomine
1881 1753 2015 1826 (quo

2122 564 2346 629 νυκτὸς
2373 565 2441 618 τά
2468 563 2805 636 ὀχυρώματα
2827 565 2896 619 τὰ
2922 565 3234 635 σοφιστικά.
3300 566 3528 631 Τούτοις
3570 566 3703 635 γάρ.

2120 656 2197 719 ὡς
2250 654 2576 724 ἀσφαλέσιν,
2639 655 3051 723 ἠλαζονεύοντο.
3076 653 3178 711 Ὦν
3212 656 3277 729 δῆ
3304 657 3614 711 πιπτόντων
3645 658 3707 710 ὲν

2122 748 2367 819 ἐλέγχοις
2408 747 2694 816 ὀδύρονται
2722 764 2737 778 ·
2775 748 2827 801 οἳ
2856 749 2952 804 καὶ
3002 750 3132 814 τοὺς
3163 751 3295 820 περὶ
3328 748 3468 803 Θεοῦ
3511 748 3705 817 λόγους

2120 841 2391 904 ἀστάτους
2454 840 2673 911 ἔχοντες
2720 839 2932 910 ,βωμὸν
2961 839 3307 907 οἰκοδομοῦσι
3367 840 3706 911 πεσούμενον

2118 930 2353 998 Δεηϐὼν
2381 931 2814 1002 χρηματίζοντα,
2848 933 2930 995 είς
2959 932 3018 986 δν
3048 932 3256 985 ἀνιέναι
3301 930 3706 1003 παρακελεύον-

2118 1039 2211 1076 ται
2267 1023 2692 1094 μετανοοῦντες,
2718 1023 2782 1076 ού
2814 1022 3094 1089 θύσοντες,
3115 1023 3191 1087 ῶς
3215 1023 3294 1077 ὅτ’
3320 1021 3387 1078 ἃν
3414 1022 3707 1094 ὲλάτρευον

2119 1118 2186 1187 τῇ
2216 1116 2392 1169 κτίσει
2412 1115 2562 1186 παρά
2586 1115 2677 1172 τὸν
2700 1117 2998 1181 Κτίσαντα,
3012 1116 3111 1189 τὴν
3142 1116 3333 1172 θυσίαν
3356 1115 3457 1187 τῆς
3486 1116 3706 1170 ἑαυτῶν

2120 1204 2378 1268 αἰνέσεως
2408 1204 2495 1258 ἐπ’
2520 1203 2821 1276 ἀλλοτρίων
2870 1203 3274 1275 θυσιαστηρίων
3306 1203 3702 1275 προσάγοντες,

2118 1296 2235 1351 ἀνθ’
2268 1290 2344 1351 ὧν
2372 1296 2751 1352 κλαιέτωσαν
2770 1298 2871 1368 τῆς
2894 1299 3034 1353 κατὰ
3061 1297 3194 1352 Θεὸν
3221 1297 3396 1368 λύπης
3429 1298 3706 1369 σωτηρίαν

2117 1389 2303 1453 αὐτοῖς
2322 1388 2741 1463 ἀμεταμέλητον
2759 1391 3149 1463 προξενούσης.
3166 1390 3416 1445 Τοιοῦτοι
3432 1389 3526 1445 καὶ
3540 1391 3589 1443 οἱ
3604 1389 3705 1453 τὰς

2119 1482 2341 1547 ἐλπίδας
2359 1484 2450 1536 ἐπὶ
2470 1484 2719 1555 ρευστοῖς
2735 1483 2950 1555 ἔχοντες
2974 1486 3315 1557 πράγμασιν.
3341 1486 3586 1538 Κλαιέιν
3609 1478 3706 1537 οὖν

2117 1572 2328 1628 κελεύει
2362 1575 2511 1638 τοὺς,
2541 1566 2617 1627 ὧν
2639 1574 2707 1628 τά
2735 1575 2841 1647 ἤθη
2877 1575 2947 1629 τὰ
2974 1576 3190 1646 χρηστὰ
3234 1574 3549 1646 διέφθειραν
3578 1576 3705 1645 ὀμι-

2117 1661 2229 1716 λίαι
2262 1661 2450 1716 κακοί.
2479 1656 2579 1716 Ὦν
2608 1665 2706 1716 καὶ
2733 1665 2834 1734 τῆς
2858 1664 3213 1729 διδασκαλίας
3249 1664 3702 1736 ἀπογυμνοῦσθαι

2116 1754 2227 1807 δεῖν
2252 1753 2514 1821 διδάσκει,
2546 1754 2637 1809 διά
2688 1754 2798 1810 τοῦ
2844 1755 3322 1825 φαλακρώματος
3362 1755 3560 1827 μηκέτι
3607 1754 3704 1808 τὸν

422 1856 552 1913 talis
602 1854 949 1925 abjiciendus
988 1853 1243 1908 innuitur
1294 1853 1547 1923 ornatus)
1585 1850 1873 1907 doctrinas
1914 1864 2007 1907 eas

2117 1844 2323 1915 κόσμον
2353 1845 2784 1915 περικειμένους
2814 1823 2907 1899 τδν
2937 1846 2998 1911 ἐξ
3026 1823 3229 1900 αὐτῶν.
3258 1823 3407 1900 Ἂν·ιεῖ⁵
3424 1823 3702 1914 κεφαλῆς

419 1962 627 2003 exuere
667 1945 834 2001 docet
870 1950 1130 2016 oportere
1204 1940 1350 1997 Sunt
1401 1943 1549 1998 enim
1594 1943 1781 2010 capitis
1835 1942 2010 1996 instar

412 2040 701 2095 doctores.
739 2036 822 2091 Ad
867 2035 1114 2091 litteram
1167 2042 1352 2090 autem
1403 2033 1763 2105 ignominiam
1798 2031 2010 2103 signin-

412 2140 529 2198 cat,
578 2116 757 2200 cujus.
795 2136 882 2184 est
933 2124 1247 2199 symbolum
1302 2124 1619 2190 calvitium;
1664 2133 1722 2179 ιιι
1759 2124 2006 2193 planctus

418 2236 468 2281 ct
510 2222 816 2293 lucmsipsa
845 2220 1181 2274 brachiorum
1208 2208 1459 2274 dissectio
1491 2236 1510 2274 :
1547 2218 1628 2272 vel
1664 2217 1790 2287 quia
1832 2216 2004 2291 idolo—

422 2332 542 2371 rum
574 2314 885 2370 cultoribus
921 2311 1133 2365 vultum
1185 2318 1240 2365 et
1280 2310 1508 2364 brachia
1538 2308 1671 2364 "sibi
1722 2307 2005 2363 dissecare

418 2416 565 2465 essttt
603 2406 889 2462 usitatum.
915 2402 1161 2457 lnnuunt
1212 2410 1397 2457 autem
1431 2404 1533 2456 ista
1570 2400 1845 2471 probitate
1878 2400 2005 2453 vita!

420 2494 749 2553 minuendus
777 2504 830 2549 et
851 2490 1241 2563 deprintendas
1265 2506 1392 2546 esse
1407 2490 1686 2545 malorum
1713 2488 2004 2543 doctorum

346 2636 357 2651 .
420 2592 490 2646 tle
527 2588 694 2645 rebus
749 2583 978 2657 agendis
1031 2582 1454 2653 prarceptioncs,
1508 2581 1787 2651 velutique
1830 2578 2003 2635 disse-

416 2681 601 2736 ctione
652 2675 1008 2748 probandas:
1060 2673 1154 2743 qui
1188 2687 1329 2743 saepe
1364 2671 1658 2743 probitatis
1707 2671 1891 2742 specie
1946 2671 1999 2726 in

418 2770 658 2828 absurda
688 2770 943 2838 dogmata
985 2764 1284 2829 deducunt,
1331 2773 1385 2818 et
1439 2763 1543 2818 nisi
1586 2762 2002 2834 deprehendan-

414 2874 531 2929 tur,
563 2862 673 2917 vita
716 2860 925 2917 similes
949 2857 1216 2922 efﬁciunt,
1263 2871 1466 2927 perque
1505 2856 1615 2910 rias
1650 2856 1788 2909 (alas
1816 2854 1882 2908 ad
1907 2849 2003 2908 ro-

415 2951 645 3024 luptatis
686 2949 975 3005 illecebras
1018 2944 1251 3000 ducunt.
1294 2941 1458 2999 lubet
1494 2942 1677 3012 itaque
1710 2941 2000 3012 probatum

417 3049 545 3099 vitae
611 3055 784 3114 genus
845 3038 1134 3107 amplexos
1196 3044 1251 3091 et
1304 3034 1641 3106 ptenitentes
1701 3032 1998 3097 dissecari,

417 3131 674 3198 viamque
716 3126 841 3179 vitm
894 3133 1181 3195 angustam
1236 3128 1292 3177 et
1344 3122 1531 3177 tritam
1591 3135 1840 3197 mtterere
1873 3158 1889 3186 ,
1945 3129 2001 3176 et

418 3233 573 3273 succo
612 3213 861 3276 indutos,
899 3211 1107 3266 lumbos
1136 3211 1268 3273 sibi,
1308 3210 1511 3280 quibus
1555 3217 1665 3263 tam
1702 3224 1846 3280 sa'pe
1873 3223 2001 3280 pec-

418 3317 643 3374 carnnt,
676 3307 1015 3378 praecingere
1056 3312 1105 3358 ct
1139 3304 1337 3374 lugere.
1382 3300 1705 3356 Lumborum
1729 3302 1876 3356 enim
1904 3316 2003 3356 vo-

406 3402 624 3459 cabulo
659 3399 1021 3471 spermaticas
1056 3412 1200 3468 saepe
1243 3396 1473 3467 intelligi
1512 3406 1697 3466 partes
1724 3393 1849 3452 inde
1869 3408 2005 3450 con-

410 3498 648 3564 stiterit,
676 3495 824 3568 quod
866 3493 997 3550 Levi
1027 3493 1208 3549 adhuc
1235 3493 1290 3548 in
1323 3491 1557 3548 Abrahae
1597 3493 1799 3549 lumbis
1830 3494 2004 3550 exsti-

408 3592 557 3646 tisse
582 3589 731 3644 dicat
768 3586 1058 3659 Scriptura
1118 3587 1200 3654 ὐς
1254 3593 1309 3639 et
1363 3585 1493 3641 alibi
1545 3585 1767 3642 lumbos
1801 3585 2004 3641 habere

411 3664 749 3752 praeeinctos
805 3680 891 3745 ",
935 3678 992 3734 id
1040 3685 1128 3733 est
1156 3676 1465 3748 appetitus
1522 3676 1615 3745 qui
1662 3677 2004 3749 generationi

408 3772 775 3830 'sultscrviunt
822 3771 1085 3827 cohibere
1145 3769 1463 3825 admoneat.
1508 3767 1780 3823 Describit
1821 3779 2003 3823 autem

420 3865 580 3919 urbis
604 3863 1093 3935 expugnationem,
1110 3860 1164 3915 in
1196 3874 1303 3929 qua
1333 3860 1459 3915 aliis
1482 3875 1580 3929 per
1598 3860 1805 3930 plateas
1825 3868 1876 3915 ct
1905 3874 2005 3913 an-

410 3957 667 4026 giportus
708 3969 906 4026 magno
928 3953 1137 4023 eiulatu
1182 3950 1649 4015 discurrentibus,
1675 3952 1807 4022 ipsae
1837 3952 2001 4005 etiam

410 4049 677 4103 mulieres
729 4046 853 4099 cum
910 4042 1216 4098 infantibus
1267 4042 1496 4098 hostiles
1552 4044 1745 4112 copias
1795 4042 2006 4097 intuitu:

419 4138 809 4195 miserabiliter
840 4128 1525 4193 latnentanturJeclorum
1546 4136 1744 4192 deinde
1760 4135 2001 4201 nomine,

418 4230 684 4285 sublimes
715 4237 771 4283 et
811 4228 1005 4283 inanes
1035 4227 1401 4299 disciplinas;
1445 4226 1592 4283 sicut
1621 4243 1718 4298 per
1744 4223 2003 4281 Moabiti-

414 4323 501 4377 dis
537 4324 701 4387 vicos,
730 4320 1131 4391 cogitationum
1168 4320 1421 4391 ipsarunt
1450 4327 1507 4375 et
1538 4321 1821 4374 rationum
1852 4317 2007 4372 velut

420 4414 867 4479 distributiones.
919 4413 1187 4484 Quisquis
1240 4428 1372 4483 ergo
1419 4412 1537 4467 sive
1594 4411 1860 4467 adversus
1909 4409 2004 4467 Dei

2116 1936 2226 2006 γάρ
2257 1937 2396 1990 είσιν
2425 1937 2474 1989 οἱ
2523 1935 2859 2007 καθηγηταὶ,
2889 1936 3029 1991 κατά
3053 1937 3110 1991 δὲ
3141 1936 3204 1990 τὸ
3237 1936 3422 2009 ῥητὸν,
3473 1937 3702 2006 ἀτιμίαν

2114 2029 2287 2102 δηλοῖ.
2351 2027 2630 2098 Σύμϐολον
2657 2027 2767 2101 γάρ
2810 2028 3041 2099 ἀτιμίας
3087 2027 3476 2098 φαλάκρωμα.
3507 2027 3702 2098 ῶσπερ

2114 2118 2210 2177 οὖν
2242 2121 2549 2191 κατατομὴ
2599 2123 2977 2191 ,βραχιόνωνι
3003 2162 3019 2187 ,
3067 2121 3175 2177 τοῦ
3233 2122 3560 2176 κόπτεσθαι
3599 2118 3700 2174 καὶ

2115 2214 2379 2283 θρηνεῖν.
2408 2215 2477 2267 Ἣ
2501 2214 2583 2267 ὅτι
2608 2216 2720 2274 τοῖς
2754 2212 3176 2287 είδωλολάτραις
3232 2212 3354 2277 ἔθος
3410 2212 3700 2282 έντομίδας

2114 2306 2289 2358 ποιεῖν
2315 2307 2375 2358 έν
2403 2307 2659 2376 παρειαῖς
2718 2306 2814 2359 καὶ
2868 2304 3170 2376 βραχίοσιν.
3203 2305 3509 2359 Αίνίττεται
3528 2304 3585 2357 δὲ
3613 2302 3696 2367 τὸ,

2112 2396 2180 2450 δι’
2214 2395 2425 2465 ἀγαθῆς
2454 2395 2731 2460 πολιτείας
2783 2395 3146 2463 έξευτελίζειν
3183 2397 3290 2450 τῶν
3328 2395 3587 2468 πονηρῶν
3614 2394 3698 2448 δι-

2111 2488 2398 2542 δασκάλων
2422 2487 2522 2551 τὰς
2552 2488 2834 2559 ὑποθήκας
2857 2488 2957 2553 τάς
3005 2488 3322 2558 πρακτικάς
3354 2490 3437 2553 είς
3470 2488 3698 2557 ἔλεγχον

2111 2581 2389 2652 ἀγομένας
2411 2582 2501 2635 διά
2535 2580 2592 2634 δὲ
2616 2580 2646 2622 ιδ
2678 2581 2781 2651 τῆς
2808 2581 3131 2653 διαιρέσεως
3152 2598 3168 2614 ·
3201 2583 3251 2635 οἳ
3300 2582 3393 2636 καὶ
3432 2581 3699 2644 πολλάκις

2109 2675 2203 2727 τὸν
2263 2674 2378 2733 βίον
2412 2668 2554 2728 εἶναι
2611 2674 2896 2738 δοκοῦντες
2919 2676 3091 2747 ὀρθοὶ,
3136 2675 3270 2747 πρὸς
3297 2676 3471 2730 ἄτοπα
3495 2674 3699 2729 καθέλ-

2111 2781 2267 2819 κουσι
2294 2766 2569 2836 δόγματα,
2601 2767 2696 2820 καὶ
2737 2766 2839 2837 ᾐδη
2860 2778 2882 2807 ο
2920 2767 3264 2836 φωραθέντες
3299 2769 3448 2830 ἴσους
3467 2767 3561 2823 τὸν
3582 2766 3700 2838 βίον

2111 2862 2458 2932 ἐργάζονται,
2481 2861 2709 2931 ἄγοντες
2736 2862 2826 2917 διὰ
2846 2849 3264 2930 τῆςπλατείας
3293 2862 3438 2917 ὀδοῦ
3459 2864 3558 2933 τῆς
3582 2861 3698 2914 τῶν

2109 2954 2250 3025 πρὸς
2293 2954 2489 3025 ἡδονὴν
2529 2954 2807 3025 φερόντων
2850 2954 3236 3025 ψυχαγωγίας.
3258 2954 3430 3010 Ἔνθα
3479 2950 3697 3007 κελεύει

2110 3046 2439 3100 κόπτεσθαι
2469 3047 2564 3098 τὸν
2606 3043 3073 3115 βεϐασανισμένον
3136 3044 3252 3115 βίον
3318 3042 3695 3115 προαιρουμέ-

2108 3154 2235 3202 νους
2265 3137 2360 3190 ἐπὶ
2384 3139 2503 3199 ταῖς
2526 3137 2747 3208 ἡδοναῖς
2772 3138 3211 3209 μετεγνωκότας,
3242 3138 3361 3192 όδδν
3391 3137 3697 3209 ζητοῦντας

2103 3229 2204 3305 τῂν
2234 3228 2430 3299 στενήν
2458 3244 2518 3280 τε
2542 3229 2637 3282 καῖ⁵
2664 3230 3060 3300 τεθλιμμένην,
3088 3229 3328 3285 σάκκον
3355 3247 3420 3285 τε
3445 3247 3699 3301 περικει-

2108 3319 2305 3390 μένους
2336 3318 2601 3383 πενθεῖν,
2623 3319 2711 3388 ἐφ’
2735 3313 2818 3383 οἷς
2844 3318 2931 3373 διὰ
2958 3318 3072 3388 τῆς
3097 3320 3332 3389 ὀσφύος
3361 3319 3695 3391 ἐξήμαρτον,

2100 3410 2225 3481 ἥτις
2249 3409 2374 3464 ἀντὶ
2401 3409 2512 3463 τῶν
2532 3409 2866 3481 γεννητικῶν
2898 3410 3163 3473 πολλάκις
3180 3409 3692 3481 παραλαμϐάνεται·

2104 3501 2187 3556 ἔτι
2213 3501 2322 3574 γὰρ
2358 3498 2427 3574 ἦν
2452 3502 2511 3556 ὲν
2531 3505 2598 3574 τῇ
2631 3501 2796 3571 ὀσφύϊ
2821 3501 2918 3556 τοῦ
2952 3502 3158 3574 πατρὸς
3189 3501 3443 3573 ’Δὸραάμ
3477 3502 3511 3554 ὁ
3529 3501 3686 3554 Acut“

2104 3595 2519 3658 καὶ,Ἔστωσαν
2544 3597 2600 3649 αί
2633 3595 2833 3664 ὀσφύες
2855 3595 3012 3667 ὑμῶν
3037 3595 3480 3668 περιεζωσμέναι
3513 3592 3606 3647 διά
3633 3592 3693 3646 τὸ

2103 3688 2215 3743 δεῖν
2252 3690 2525 3744 συστεῖλαι
2544 3688 2646 3754 τὰς
2670 3687 2886 3760 ὀρέξεις
2910 3690 3007 3754 τὰς
3039 3689 3354 3760 ὑπουργοὺς
3372 3688 3472 3759 τῆς
3498 3687 3696 3755 γεννή-

2106 3798 2267 3846 σεως.
2301 3781 2605 3853 Διαγράφει
2624 3781 2682 3835 δὲ
2716 3781 2874 3835 πόλιν
2901 3781 3009 3835 ὑπὸ
3040 3780 3285 3851 πολέμου
3314 3776 3693 3848 κατειλημμέ-

2105 3891 2226 3945 νην,
2275 3875 2476 3946 ὅτεπερ
2504 3874 2682 3943 οἱμὲν
2720 3874 2790 3928 ἐν
2815 3874 3127 3940 πλατείαις
3162 3872 3260 3927 καὶ
3286 3874 3579 3931 στινωποῖς
3615 3872 3699 3921 οἷο

2108 3964 2381 4035 μώζοντες
2420 3964 2748 4028 διαθέουσιν,
2790 3964 2851 4017 τὸ
2875 3963 2932 4018 δὲ
2962 3963 3098 4033 θῆλυ
3139 3962 3333 4031 γένος,
3387 3960 3484 4014 καὶ
3523 3960 3697 4029 νήπια

2104 4054 2378 4126 ἐνορῶντα
2403 4058 2521 4119 ταῖς
2555 4052 2834 4127 φάλαγξιηδ
2862 4053 2972 4107 τῶν
2996 4053 3278 4124 πολεμίων
3317 4051 3589 4124 ὀδύρεται.
3615 4048 3698 4102 Τά

2104 4145 2164 4199 δὲ
2194 4146 2377 4216 ὑψηλά
2411 4148 2506 4201 καὶ
2529 4146 2753 4200 διάκενα
2784 4144 2897 4199 τῶν
2931 4145 3276 4217 μαθημάτων
3326 4144 3555 4199 ἐκάλεσε
3580 4141 3696 4196 δὼ-

2100 4252 2283 4306 μιιτα.
2303 4236 2419 4300 Τάς
2442 4236 2501 4290 δὲ
2525 4235 2694 4289 οἱονεὶ
2716 4235 3017 4307 διαιρέσεις
3047 4235 3160 4287 τῶν
3185 4233 3478 4305 νοημάτων
3496 4231 3695 4299 ῥύμας

2104 4326 2217 4396 τῆς
2253 4327 2641 4395 Μωαϐίτιδος·
2671 4328 2770 4381 εἴτ’
2792 4322 2886 4381 οὖν
2912 4343 2997 4390 τις
3021 4325 3107 4396 ἐφ’
3133 4325 3443 4397 ύψωμάτων
3478 4323 3695 4392 ἐγένετο

2106 4420 2487 4491 ἐπαιρομένων
2543 4420 2689 4474 κατά
2738 4420 2840 4490 τῆς
2881 4418 3142 4489 γνώσεως
3173 4417 3272 4471 τοῦ
3299 4414 3470 4470 Θεοῦ·
3508 4415 3608 4468 εῖτ*
3637 4415 3693 4467 έν

411 4510 789 4582 cognitionem
842 4506 1121 4570 sublimis,
1175 4504 1294 4561 sive
1338 4503 1646 4560 dialecticis
1693 4502 2005 4558 rationibus

2111 4511 2420 4583 διαλεκτικῇ
2449 4529 2556 4566 τινι
2591 4512 2768 4581 λόγων
2796 4510 3063 4584 διαιρέσει
3088 4508 3395 4563 δοκούντων
3420 4506 3694 4577 εύκρινῶς

369 4571 725 4667 ἶ(Ιιινιιιιιινὶε
773 4612 834 4653 re
885 4596 1168 4666 proposita
1208 4594 1277 4649 ad
1327 4595 1721 4665 disputandum
1768 4593 2001 4652 idoneus

412 4686 729 4753 attollitur,
775 4686 890 4756 jam
964 4685 1354 4763 paenitentiam
1436 4686 1725 4757 amplexus
1796 4686 2001 4755 lugeat.

422 4777 663 4833 Fuerant
690 4778 838 4834 enim
874 4775 1241 4833 Hoabitarum
1276 4792 1386 4833 non
1422 4777 1648 4843 divinis,
1678 4777 1773 4834 sed
1813 4777 2006 4832 buma-

422 4867 507 4922 nis
522 4867 724 4923 innisa:
740 4867 1052 4923 rationibus
1072 4869 1496 4940 praeceptiones.
1511 4867 1675 4938 225
1690 4867 1793 4935 Qui
1820 4875 2004 4924 autem

419 4954 643 5031 quodin
670 4960 852 5015 littera
889 4960 1149 5025 habetur,
1178 4958 1495 5014 Moabitidis
1526 4959 1734 5014 lumbos
1767 4959 2004 5015 clamare

416 5056 762 5126 aninmmquc
793 5053 908 5123 ejus
962 5070 1281 5126 cognoscere
1318 5052 1731 5125 intelligemus?
1761 5052 1846 5109 An
1880 5054 2005 5110 ideo

417 5149 629 5204 dictum
665 5147 999 5220 putabimus,
1053 5145 1198 5217 quod
1247 5146 1517 5217 insignes,
1561 5153 1617 5201 et
1660 5161 1785 5216 quae
1841 5145 2004 5201 vitari

418 5251 723 5313 nequeunt,
774 5242 1123 5299 calamitates
1161 5239 1341 5313 magni
1394 5255 1612 5311 semper
1657 5249 2005 5311 praecurrunt

408 5336 730 5391 ‘anitnorum
760 5333 1082 5392 cruciatus?

493 5512 541 5547 ²⁶
566 5512 730 5567 llebr.
764 5528 835 5568 vtt
862 5554 875 5578 ,
917 5512 1002 5572 ιο.
1079 5514 1126 5545 ³⁸
1163 5512 1299 5570 Luc.
1334 5526 1449 5577 stt,
1490 5511 1581 5565 53.

2108 4606 2240 4678 περὶ
2265 4605 2498 4659 ἑκάστου
2522 4603 2915 4675 διαλαμδάνειν
2937 4602 3046 4657 τῶν
3068 4600 3281 4674 προδλη
3290 4600 3507 4672 μάτων·
3530 4601 3560 4654 ὀ
3590 4616 3696 4652 τοι·

2109 4697 2265 4761 οὗτος
2302 4696 2602 4760 ὀλολυζέτω
2637 4695 2729 4750 διά
2781 4695 2885 4766 τῆς
2936 4693 3252 4766 μετανοίας.
3274 4693 3348 4746 Οὐ
3378 4690 3512 4745 θεῖοι
3560 4690 3694 4759 γάρ,

2110 4789 2226 4845 ἀλλ’
2250 4786 2582 4858 ἀνθρώπινοι
2603 4787 2862 4858 λογισμοὶ
2898 4784 3020 4840 τῶν
3056 4781 3380 4840 Μωαϐιτῶν
3415 4781 3488 4836 τὰ
3527 4780 3696 4833 διδά-

2111 4896 2326 4951 γματα.
2370 4879 2499 4943 Πῶς
2535 4878 2593 4931 δὲ
2625 4878 2768 4933 κατά
2800 4878 2899 4949 τὴν
2926 4876 3094 4943 λέξιν,
3127 4876 3163 4943 ἠ
3188 4874 3387 4945 ὀσφὺς
3418 4871 3541 4941 βοᾷ
3583 4872 3699 4941 τῆς

2111 4969 2498 5036 Μωαϐίτιδος,
2533 4968 2635 5023 καί
2668 4971 2708 5041 ἠ
2749 4967 2923 5040 ψυχή
2981 4966 3175 5037 αὐτῆς
3200 4965 3492 5036 γνώσεται
3515 4964 3582 5034 ;ἦ
3613 4964 3698 5016 ὅτι

2113 5061 2606 5134 προεισϐἀλ).ουσιν
2632 5061 2723 5117 ἀεὶ
2769 5062 2879 5115 τῶν
2902 5060 3222 5132 ἀνηκέστων
3255 5055 3442 5112 κακῶν
3466 5055 3700 5126 ἀθυμίαι

2110 5154 2285 5209 δειναί
2305 5170 2319 5219 ;

1731 5666 1963 5724 VARUS.
1998 5662 2408 5722 [.ECTIONES.

492 5798 524 5831 ι
552 5803 623 5859 γρ
671 5784 974 5856 κατατομή.
1053 5784 1081 5823 δ
1109 5783 1219 5850 dy;
1250 5783 1335 5847 τὸ,
1371 5782 1445 5836 δέ.
1526 5792 1546 5821 ο
1569 5799 1650 5851 π).
1706 5783 1803 5856 μή.
1880 5782 1902 5820 ά
1932 5800 2023 5851 rp.
2052 5781 2146 5845 τάς
2176 5779 2479 5848 φάλαγγας.
