4022 6210
323 323 445 392 21θ1

1465 314 1999 388 COMMENTARII
2042 327 2121 387 IN
2146 328 2451 390 ‘lSAIAM.

3462 326 3602 392 2109.

326 441 501 501 πόλεις
528 434 720 502 οὔσας,
749 436 837 492 ἐπ’
859 438 1043 502 αὐτοῖς
1063 439 1322 509 κειμένας
1339 439 1627 510 τέρμασιν.
1642 441 1902 510 Εὺῡδρο-

2035 456 2273 510 anquam
2301 453 2549 496 externa:
2585 442 2837 496 civitates
2877 441 3012 506 sint,
3046 450 3100 498 σι
3136 443 3189 497 in
3234 441 3435 496 ﬁnibus
3468 441 3602 510 i-psrs

326 528 506 597 τάτην
523 528 582 583 δὲ
603 528 763 597 λόγος
811 524 954 583 εἶναι
998 529 1117 598 τὴν
1163 530 1449 600 Ῥεμμῶν,
1486 533 1604 588 ἀλλ’
1641 534 1790 604 ὅμως
1814 536 1908 587 καὶ

321 618 527 684 τιύτης
554 616 624 687 τὸ
646 617 806 685 ὕδωρ
838 617 917 688 τῷ
942 618 1055 672 τῶν
1080 621 1472 691 σφαττομένων
1498 622 1689 691 αἵματι
1722 622 1908 692 μολυν-

323 709 572 778 θὴσεται.
608 706 683 760 Τὸ
712 705 770 759 δὲ
791 707 950 776 ὕδωρ
972 710 1039 762 τὸ
1067 708 1320 777 Δεηεῶν.
1353 711 1522 766 Πάλιν
1551 713 1619 767 τὸ
1642 712 1801 781 ὕδωρ
1833 713 1913 766 δι·

322 799 627 855 δασκαλίαν
661 800 850 869 φησὶν,
874 800 1016 871 ὅπερ
1042 801 1293 870 αἵματος
1313 801 1545 871 πλῆρες
1574 799 1717 858 εἶναι
1736 804 1911 871 λέγει,

322 894 409 948 aet
435 896 499 948 τὸ
528 894 749 965 ὲνόχους
782 892 1019 945 Θανάτου
1062 892 1316 961 γίνεσθαι
1358 896 1472 958 τοῖς
1502 895 1915 966 διδασκομένοις

323 988 452 1050 τοὺς
504 986 695 1049 κακῶς
730 985 1183 1055 καθηγουμένους
1210 1001 1224 1016 ο
1252 984 1487 1038 τοιοῦτοι
1519 985 1626 1056 γὰρ
1666 987 1716 1039 oi
1748 987 1914 1040 ἀπολ-

326 1079 518 1144 λύντες
547 1080 646 1143 τὰς
677 1078 857 1149 ψυχὰς
879 1078 1114 1149 ὀλέθριοι
1143 1077 1317 1146 λόγοι.
1344 1079 1455 1133 Καὶ
1485 1078 1627 1148 ἀρῶ,
1657 1081 1812 1149 φησὶ,
1847 1081 1914 1133 τὸ

328 1171 572 1242 σπέρμα
605 1169 807 1225 Μωάΰ.
844 1171 919 1224 Τὸ
948 1173 1023 1240 μὴ
1066 1170 1341 1239 μεταστὰν
1390 1171 1486 1223 ἐπὶ
1511 1170 1581 1222 τὰ
1607 1171 1915 1241 κρείττονα,

328 1264 469 1319 ἀλλὰ
493 1266 684 1333 μεῖναν
705 1264 762 1315 ὲν
790 1263 905 1324 τοῖς
928 1262 1003 1331 μὴ
1036 1261 1440 1331 εἰσερχομένοις
1464 1262 1544 1324 είς
1591 1256 1919 1332 Ἐκκλησίαν

333 1356 567 1427 Κυρίου,
589 1353 815 1425 σπέρμα
855 1351 953 1406 τοῦ
983 1351 1180 1406 Μωάδ.
1214 1350 1331 1406 Οὐκ
1381 1353 1785 1407 εἰσελεύσονται
1812 1355 1920 1425 γὰρ

334 1446 638 1503 Μωαϐῖται
690 1447 773 1509 είς
819 1444 1149 1514 Ἐκκλησίαν
1192 1443 1400 1514 Κυρίου
1433 1443 1542 1508 ἕως
1564 1445 1802 1516 δεκάτης
1827 1461 1923 1513 γε-

336 1540 487 1602 νεᾶς,
515 1538 609 1589 καὶ
656 1536 762 1600 ἕως
786 1537 870 1599 είς
905 1536 996 1588 τὴν
1042 1534 1238 1588 αίῶνα’
1274 1532 1558 1605 ἐξαίρεινιι
1590 1536 1826 1590 ἀπειλεῖ.
1859 1539 1923 1590 Ὃ

335 1629 430 1680 καὶ
463 1623 701 1694 σπέρμα
720 1624 826 1678 τοῦ
868 1622 1064 1693 Ἀριὴλ
1113 1623 1391 1693 ὀνομάζει,
1437 1625 1577 1697 ὅπερ
1622 1627 1924 1698 ἑρμηνεύε-

2015 534 2323 589 collocatae.
2369 532 2621 588 Remmon
2661 539 2865 597 autem,
2901 550 3064 603 quam
3119 534 3272 605 aquis
3317 532 3603 587 abundare

2014 625 2171 692 dicit,
2192 625 2509 680 occisorum
2539 624 2809 695 sanguine
2834 624 3179 695 inquinatam
3209 625 3275 680 iri
3304 622 3603 695 signitlcat.

2014 720 2278 787 Sequitur
2314 718 2512 771 deinde
2544 734 2685 787 aqua
2711 716 2956 781 Deebon;
2987 717 3043 771 in
3075 733 3184 786 quo
3217 733 3414 772 rursus
3454 732 3607 786 aqum

2012 810 2239 862 nomine
2296 807 2605 862 doctrinam
2648 807 2931 876 intelligit,
2973 822 3205 876 eamque
3257 806 3423 877 228
3473 822 3603 859 san-

2018 902 2174 971 guine
2216 900 2424 969 {leuam
2463 916 2575 953 esse
2612 899 2771 963 dicit,
2811 910 2867 952 ut
2919 898 3114 953 ntortis
3154 912 3379 952 causam
3413 892 3635 971 docto-i

3631 968 3634 973 '
3646 968 3665 979 ο

2021 1005 2109 1045 res
2144 991 2321 1044 malos
2353 990 2470 1044 suis
2504 990 2969 1059 prtcceptionilms
3005 989 3208 1043 aﬂerre
3243 986 3638 1063 demonstrrtﬁ

2021 1081 2182 1138 Tales
2216 1084 2360 1158 enim
2398 1082 2504 1154 ipsi
2546 1091 2676 1138 sunt
2712 1083 2766 1136 in
2807 1082 3120 1136 animorum
3164 1080 3469 1151 perniciem
3518 1070 3645 1161 ex-‘L

2020 1174 2243 1242 cogitati
2280 1190 2583 1229 sermones.
2613 1173 2675 1227 Et
2700 1174 2912 1238 tollam,
2937 1174 3034 1236 ait,
3056 1189 3225 1226 semen
3260 1171 3439 1227 Moab.
3472 1169 3607 1225 Illud
3640 1166 3651 1195 "

2023 1266 2307 1329 nimirum,
2342 1268 2485 1336 quol
2524 1268 2592 1319 ad
2645 1265 2871 1320 meliora
2930 1266 3156 1318 n:iuime
3198 1264 3469 1321 transire.
3513 1262 3609 1317 scd

2023 1374 2147 1414 cum
2196 1358 2289 1423 iis,
2320 1358 2414 1428 qui
2451 1357 2665 1411 Domini
2703 1340 3007 1411 Ecclesium
3041 1356 3278 1425 ingressi
3313 1371 3420 1409 non
3457 1364 3609 1419 sunt,

2026 1462 2310 1502 remanere
2359 1447 2640 1503 maluerit.
2696 1445 2884 1516 Neque
2933 1447 3082 1501 enim
3127 1445 3382 1500 Moubitw
3414 1446 3468 1515 in
3507 1444 3613 1498 Ee-

2026 1538 2252 1592 clesiant
2287 1536 2505 1590 Domini
2558 1536 2612 1590 in
2652 1535 2971 1607 pregvniem
3020 1550 3198 1604 usque
3239 1534 3530 1598 decimam,
3561 1542 3615 1588 et

2028 1627 2084 1681 in
2117 1627 2379 1680 saeculum
2414 1641 2592 1695 usque
2626 1626 2886 1678 intraturi
2919 1636 3049 1678 sunt
3076 1624 3143 1680 ⁸⁷.
3183 1622 3413 1679 Gentem
3449 1623 3617 1694 igitur

334 1735 428 1771 ται
458 1717 633 1785 λέγων
655 1718 702 1770 ί.
742 1716 884 1780 Τοὺς
914 1717 1022 1786 γὰρ
1056 1726 1070 1766 ι
1114 1717 1409 1786 φρονικοὺς
1439 1719 1532 1771 καὶ
1564 1721 1592 1771 ό
1627 1719 1833 1791 Κύριος
1862 1722 1928 1774 ἐκ

2035 1720 2376 1774 sublaturum
2420 1734 2479 1774 se
2526 1719 2937 1782 interminatur,
2971 1727 3025 1772 et
3066 1734 3243 1772 semen
3273 1718 3406 1772 ariel
3434 1716 3617 1787 (quasi

334 1814 433 1868 τοῦ
456 1813 703 1868 διαδόλου
731 1812 1094 1884 γεγεννῆσθαί
1113 1829 1303 1883 φησιν,
1336 1814 1479 1885 ὁρῶν
1508 1817 1617 1870 τῶν
1653 1818 1926 1872 Ἰουδαίων

2036 1811 2128 1865 Dei
2177 1811 2377 1865 leonem
2441 1809 2615 1878 dicas)
2663 1810 2924 1880 appellat.
2980 1808 3389 1879 Sanguinarios
3432 1817 3617 1863 autem

335 1912 438 1979 τὴν
470 1908 590 1961 κατ’
618 1906 784 1961 αὑτοῦ
822 1908 1072 1976 φονῶσαν
1102 1911 1427 1982 προαίρεσιν
1446 1910 1657 1979 λέγων’
1692 1931 1710 1963 ι
1733 1913 1926 1984 Ὑμεῖς

339 2001 408 2055 ὲκ
433 1998 531 2053 τοῦ
563 1999 777 2071 Πατρδς
809 2000 964 2071 ὑμῶν
993 2001 1089 2056 τοῦ
1117 2003 1369 2057 διαϐόλου
1401 2004 1548 2066 ὲστὲ,
1571 2003 1666 2058 καὶ
1692 2005 1759 2058 τὰ
1791 2004 1927 2073 ἔργα

339 2092 438 2145 τοῦ
465 2091 680 2162 Πατρὺς
703 2091 859 2162 ὑμῶν
885 2095 1113 2148 ποιεῖτε.
1141 2113 1160 2146 ι
1202 2094 1444 2160 Ἐκεῖνος
1478 2094 1928 2167 ἀνθρωποκτόνος

337 2180 412 2256 ἦν
434 2185 530 2238 ἀπ’
562 2185 759 2255 ἀρχῆς.
794 2185 1037 2255 Σπέρμα
1066 2182 1160 2241 οὖν
1197 2188 1379 2243 Μωὰϐ
1399 2189 1448 2242 oi
1478 2187 1780 2244 ἀποστάται
1826 2188 1929 2259 τῆς

349 2276 707 2347 Ἐκκλησίας.
762 2276 1002 2353 Σπέρμα
1025 2278 1085 2332 δὲ
1131 2279 1350 2349 Ἆριὴλ,
1383 2282 1600 2336 οἱκατὰ
1639 2281 1747 2336 τῶν
1777 2281 1930 2336 ἁδελ-

341 2369 465 2437 φῶν
508 2368 779 2437 φονῶντες
825 2369 1078 2442 ὀλεθρίαν
1129 2370 1310 2437 λόγοις
1342 2375 1465 2436 ταῖς
1506 2374 1688 2428 αὐτῶν
1727 2373 1929 2444 ψυχαῖς

341 2459 705 2528 ἐμποιοῦντες
723 2458 817 2514 τὸν
849 2459 1099 2517 θάνατον.
1125 2456 1262 2516 Εἶτά
1293 2480 1482 2534 φησιν,
1515 2467 1611 2519 καὶ
1644 2465 1712 2520 τὸ
1744 2465 1928 2520 κατὰ·

340 2553 567 2604 λοιπον
615 2548 869 2620 ’Ἄδαμω
921 2551 1092 2606 Τοῦτο
1135 2553 1192 2608 δὲ
1237 2555 1494 2625 σημαίνει
1538 2556 1638 2630 τὴν
1686 2559 1791 2629 γῆν
1829 2559 1930 2629 τὴν

345 2638 710 2719 παρθενικὴν,
740 2642 835 2712 ἀφ’
866 2636 936 2717 ἦς
974 2642 1149 2718 Ἀδὰμ
1171 2645 1437 2721 ἐπλάσθη.

951 2905 1207 2963 ΚΕΦΑΛ.
1244 2908 1363 2975 ις’.

396 2990 550 3047 α’-ε’.
615 2993 951 3050 Ἀποστελῶ
986 2997 1068 3064 ὡς
1105 2998 1324 3066 ἑρπετὰ
1375 2998 1475 3054 ἐπὶ
1501 3000 1620 3068 τὴν
1663 3001 1796 3072 γῆν.
1830 3001 1930 3070 Μὴ

347 3082 541 3151 πέτρα
602 3083 824 3155 ἕρημος
860 3089 1055 3153 ἔσται,
1091 3091 1157 3143 τὸ
1195 3090 1335 3160 ὅρος
1360 3090 1693 3161 Σώνςέσῃ
1712 3099 1824 3163 γὰρ
1852 3094 1932 3159 ὠς

2034 1904 2257 1957 diabolo
2308 1910 2536 1973 parente
2588 1909 2748 1955 natos
2794 1915 2923 1956 esse
2963 1901 3053 1969 ,vel
3097 1900 3220 1972 ipse
3264 1908 3497 1955 testatus
3535 1906 3620 1953 ολ

2035 1991 2299 2049 Dominus
2329 1994 2398 2057 “,
2424 2008 2548 2048 cum
2583 2000 2834 2062 paratum
2877 1992 2944 2046 ad
2986 1994 3189 2047 caedem
3224 1991 3279 2046 in
3314 2006 3373 2046 se
3403 1988 3621 2045 Iudaeo-

2035 2103 2160 2141 rum
2191 2089 2438 2140 animum
2475 2086 2736 2152 intuitus,
2783 2101 2880 2141 eos
2911 2100 2977 2140 ex
3011 2096 3169 2156 patre
3214 2084 3438 2139 diabolo
3472 2098 3617 2145 esse,

2034 2188 2089 2238 et
2121 2181 2302 2251 patris
2345 2180 2428 2234 sui
2472 2193 2640 2250 opera
2689 2178 2871 2233 facere
2899 2177 3064 2241 dixit,
3099 2177 3195 2247 qui
3225 2175 3294 2230 ab
3328 2175 3485 2230 initio
3517 2175 3618 2229 lio-

2036 2271 2237 2327 micida
2282 2271 2522 2327 exstitit.
2567 2269 2753 2325 Semen
2803 2284 2936 2340 ergo
2985 2268 3145 2322 Moab
3194 2267 3298 2338 ipsi
3339 2272 3491 2330 sunt,
3523 2264 3616 2335 qui

2037 2366 2344 2421 Ecclesiam
2381 2366 2662 2420 deserunt.
2699 2361 2888 2417 Semen
2932 2367 3115 2414 autem
3152 2358 3320 2421 Ariel,
3362 2355 3454 2426 qui
3501 2354 3617 2408 fra-

2036 2467 2183 2512 trum
2231 2457 2554 2527 sanguinem
2616 2454 2892 2520 sitientes,
2942 2449 3222 2521 perversis
3268 2445 3620 2504 sermonibus

2037 2549 2253 2602 animas
2280 2560 2470 2599 eorum
2503 2544 2665 2598 morti
2705 2542 2926 2598 tradere
2955 2557 3066 2595 non
3098 2549 3378 2594 verentur.
3417 2534 3617 2604 Sequi-

2038 2648 2128 2693 tur
2175 2635 2374 2691 deinde
2424 2643 2473 2689 et
2516 2633 2778 2702 reliquum
2829 2631 3107 2706 Adama':
3141 2627 3290 2701 quod
3347 2627 3618 2697 virginem

2039 2732 2208 2791 illam,
2242 2744 2310 2784 ex
2345 2741 2452 2797 qua
2498 2724 2722 2784 efﬁctus
2766 2735 2851 2782 est
2887 2723 3157 2788 Adamus,
3194 2731 3398 2778 terram
3442 2718 3622 2790 signi—

2040 2824 2183 2878 ﬂeat.

2646 2907 2807 2964 CAP.
2849 2904 2992 2961 XVI.

2072 2994 2073 3009 ¹
2108 3002 2274 3058 Vens.
2310 3001 2425 3056 1-5.
2460 2999 2670 3066 Mittam
2712 3009 2966 3068 tanquam
3003 3002 3269 3066 serpentes
3304 2993 3361 3049 in
3399 3002 3617 3053 terram.

2041 3093 2188 3148 Nam
2241 3102 2389 3162 petra
2444 3091 2654 3146 deserta
2709 3091 2810 3145 erit
2875 3104 3025 3143 mons
3095 3084 3266 3141 Sion?
3304 3083 3429 3139 Eris
3481 3086 3627 3139 enim

344 3149 1069 3249 xetetroﬁ'd‘rut'wpérop
1107 3149 1372 3250 νεοσσός
1409 3149 1819 3254 ἀφῃρημὲνίοςῖ,
1838 3149 1931 3240 01i-

2035 3191 2172 3246 sicut
2215 3149 2327 3244 avis
2349 3186 2611 3242 avolantis
2635 3184 2812 3256 pullus
2844 3181 3078 3250 ablatus,
3105 3177 3221 3248 ﬁlia
3250 3175 3431 3245 Moab,
3459 3185 3569 3237 etc.

347 3284 528 3337 γατερ
554 3270 771 3337 Μωάϐ,
802 3288 855 3327 κ.
889 3289 942 3328 τ.
979 3273 1029 3328 λ.

436 3360 770 3418 Ἀποστελῶ
797 3364 880 3431 ὠς
903 3365 1122 3434 ἑρπετὰ
1150 3366 1248 3422 ἐπί
1298 3368 1415 3437 τὴν
1440 3368 1581 3439 γῆν.
1609 3368 1768 3424 Τοῦτ’
1796 3370 1934 3438 ἐστι,

346 3450 410 3506 τὸ
439 3452 777 3508 κατάλοιπον
834 3455 945 3511 τῶν
989 3457 1297 3529 ἀνθρώπων
1336 3460 1447 3513 τῶν
1484 3460 1557 3514 τὰ
1601 3462 1767 3532 γήϊνα
1805 3478 1934 3531 cppe-

347 3545 614 3609 νούντων,
644 3546 713 3600 δι’
744 3541 806 3602 οὗ
843 3548 869 3589 κ
916 3550 1248 3621 γεγενῆσθαι
1287 3551 1352 3607 ὲκ
1378 3553 1711 3622 τῆςὲαυτῶν
1737 3555 1937 3619 κακίας

342 3637 568 3705 ἑρπετὰ
598 3639 693 3692 καὶ
735 3638 937 3692 ἰοϐόλασ
971 3641 1191 3709 ἑρπετά
1225 3645 1347 3713 μὲν,
1379 3644 1457 3716 τῷ
1487 3646 1550 3698 τὸ
1575 3646 1711 3716 ὕψος
1737 3649 1938 3702 ἀποϐα-

348 3728 482 3794 λεῖν,
515 3731 603 3799 ἐφ’
630 3726 692 3785 οὗ
723 3730 867 3785 κατὰ
895 3730 995 3803 τὴν
1021 3733 1244 3804 πρώτην
1259 3736 1609 3808 κατασκευὴν
1636 3737 1939 3810 βεσηκότες

348 3817 677 3890 ἐτύγχανον.
732 3822 938 3877 ’Ῑοὸόλα
981 3824 1059 3891 δὲ,
1108 3825 1198 3879 διὰ
1227 3825 1289 3879 τὸ
1326 3825 1627 3897 φθαρτικὸν
1658 3829 1770 3882 τῶν
1812 3847 1941 3886 συν-

345 3915 524 3968 όντων
541 3916 770 3981 τούτους
823 3918 1307 3984 ἐξαποστέλλειν
1335 3924 1364 3975 ό
1387 3922 1547 3991 λόγος
1598 3925 1754 3993 φησί.
1784 3926 1942 3979 Μετὰ

347 4006 450 4060 οῦν
476 4008 604 4073 τοὺς
633 4010 937 4083 προτέρους
966 4011 1290 4079 Μωαϐίτας,
1316 4014 1444 4086 περὶ
1459 4009 1533 4069 ὧν
1554 4016 1623 4069 τὰ
1651 4016 1942 4086 κρείττονα

348 4097 596 4169 εἴρηται,
617 4099 672 4152 εἰ
695 4117 782 4164 τις
809 4103 869 4157 ὲν
894 4094 962 4176 τῇ
996 4106 1066 4175 γῇ
1093 4104 1508 4170 καταλείπεται,
1534 4106 1629 4158 καὶ
1658 4106 1944 4176 ὁμοιοῦται

359 4190 441 4255 τῷ
457 4191 611 4260 ὄφει,
635 4194 770 4263 περὶ
800 4179 862 4247 οδ
892 4194 1134 4266 εἴρηται,
1165 4197 1247 4250 ὅτι
1287 4216 1306 4249 ι
1336 4197 1445 4268 Γῆν
1469 4201 1619 4270 φαγῇ
1638 4200 1818 4264 πασας
1845 4200 1946 4265 τὰς

351 4284 574 4354 ἡμέρας
593 4300 710 4338 σου⁸
745 4303 764 4338 ι
786 4280 939 4350 οὗτος
951 4287 1487 4358 ἐξαποστέλλεται,
1508 4291 1589 4358 ὡς
1610 4291 1682 4345 τὰ
1703 4292 1944 4364 ἑρπετά.

366 4373 574 4428 Ἐσθίει
603 4376 662 4430 δὲ
692 4377 797 4448 γῆν
823 4380 852 4432 ό
876 4379 1121 4451 σπείρων
1149 4383 1228 4445 είς
1251 4381 1353 4453 τὴν
1386 4382 1589 4453 σάρκα,
1617 4387 1713 4437 καὶ
1749 4387 1813 4438 ἐκ
1845 4386 1946 4456 τῆς

276 4474 291 4493 ί
352 4469 560 4537 σαρκῖις
591 4469 825 4541 θερίζων
859 4471 1089 4544 φθοράν.
1122 4472 1284 4545 Δηλοῑ
1319 4473 1375 4527 δὲ
1412 4474 1498 4538 τὸ,
1527 4474 1608 4541 ὡς
1636 4475 1853 4544 ἑρπετὰ
1880 4477 1943 4531 τὸ

352 4558 820 4631 ὑπολελειμμένον
842 4563 1292 4635 ἀποσταλῆναι,
1321 4566 1403 4621 ὅτι
1437 4566 1628 4637 πικροὶ
1669 4566 1822 4630 ὅντες
1854 4569 1944 4621 ἀεὶ

354 4650 679 4729 βαδιοῦνται
700 4652 781 4715 είς
807 4654 1211 4725 αἰχμαλωσίαν,
1235 4655 1497 4728 καθάπερ
1519 4655 1682 4727 ὄφεις
1710 4657 1946 4725 ἐπῳδαῖς

350 4743 810 4813 γεγοητευμένοι.
855 4745 1181 4814 Ἀναγὰγοις
1220 4747 1266 4803 δ’
1298 4746 1367 4801 ἂν
1401 4749 1499 4801 καὶ
1528 4747 1704 4813 οὕτως
1736 4748 1944 4808 ἄνωθεν

350 4831 415 4884 τὸ
445 4833 633 4903 ῥητόν.
660 4834 823 4907 Ψυχὴ
855 4834 934 4905 τῷ
956 4835 1088 4906 θείῳ
1106 4835 1264 4907 φόϐῳ
1292 4839 1699 4910 τετειχισμένη,
1744 4840 1943 4911 ισχυρὰ

354 4926 449 4978 καὶ
471 4925 805 4990 δυσάλωτος.
846 4926 895 4980 Ν
903 4928 996 4999 ικᾷ
1061 4927 1119 4981 δὲ
1163 4929 1365 5000 μᾶλλον
1416 4930 1590 5001 ἀρχάς
1635 4947 1695 4985 τε
1729 4932 1821 4984 καὶ
1860 4928 1942 4997 ἐξ·

352 5016 570 5080 ουσίας.
601 5018 664 5071 Εἰ
701 5018 758 5075 δὲ
813 5019 912 5073 τοῦ
971 5020 1110 5075 Θεοῦ
1151 5021 1252 5086 τὰς
1295 5022 1516 5086 ἐντολὰς
1567 5022 1940 5086 ἀποοείσαιτο,

354 5111 673 5181 ἁποτυμνοϊ
695 5112 879 5186 πάσης
896 5113 1068 5185 αὐτὴν
1087 5115 1435 5187 ἐπικουρίας,
1454 5116 1549 5170 καὶ
1567 5117 1746 5186 τεῖχος
1760 5114 1948 5186 ὥσπερ

354 5202 634 5272 περιελὼν
663 5204 945 5261 εὐόλισθον
968 5205 1139 5278 αὐτὴν
1161 5209 1275 5271 τοῖς
1296 5206 1527 5263 πάθεσιν
1550 5205 1946 5278 ἀπεργάζεται.

355 5295 518 5349 υῦτω
559 5296 958 5367 παραδίδονται
1010 5316 1155 5365 τινες
1212 5302 1292 5364 είς
1341 5299 1605 5369 ἀδόκιμον
1630 5293 1777 5353 νοῦν.
1822 5297 1947 5350 Ἐὰν

2106 3385 2278 3459 229
2315 3385 2535 3440 Mittunt
2582 3393 2841 3451 tanquam
2882 3391 3152 3450 serpentes
3201 3380 3255 3434 in
3289 3388 3528 3442 terram;
3572 3378 3624 3431 ill

2037 3488 2143 3543 est,
2180 3477 2324 3546 quod
2365 3476 2430 3529 de
2468 3472 2790 3529 hominibus
2823 3480 3098 3542 superest,
3131 3469 3224 3540 qui
3275 3468 3510 3524 terrenis
3540 3485 3628 3522 rev

2040 3571 2142 3624 bus
2182 3568 2386 3623 addicti
2421 3576 2592 3633 sunt;
2622 3562 2844 3635 quando
2875 3578 2975 3621 sua
3010 3562 3113 3634 ipsi
3135 3561 3379 3639 nequitia
3407 3576 3626 3629 serpen-

2040 3669 2151 3713 tum
2198 3667 2452 3714 naturam
2492 3669 2547 3712 et
2593 3657 2746 3711 virus
2797 3662 3250 3726 assumpserunt.
3306 3653 3632 3723 Serpentum

2038 3749 2297 3821 quidem,
2348 3749 2477 3820 quia
2525 3746 2909 3802 celsitudinem
2958 3746 3131 3809 illam,
3183 3760 3346 3817 quam
3390 3760 3420 3801 a
3454 3745 3634 3816 prima

2039 3842 2319 3898 creatione
2351 3842 2569 3894 fuerant
2608 3838 2811 3908 adepti,
2842 3824 3187 3907 abjeccrunt.
3212 3837 3374 3891 Virus
3405 3821 3587 3890 autem
3610 3876 3628 3901 ,

2040 3934 2171 4003 quia
2200 3946 2315 3997 eos,
2361 3932 2694 4001 quibuscum
2718 3940 3035 3994 versantur,
3066 3926 3289 3981 inlicere
3318 3936 3371 3980 ct
3399 3924 3629 3995 perdere

2042 4021 2191 4078 soliti
2247 4031 2376 4077 sunt
2410 4039 2425 4074 :
2462 4034 2573 4090 quo
2609 4020 2833 4074 nomine
2873 4032 2970 4073 eos
3013 4032 3073 4073 se
3120 4017 3413 4071 missurum
3459 4015 3625 4070 etiam

2044 4113 2277 4167 allirmat
2309 4111 2622 4183 prophetia.
2654 4108 2787 4165 Post
2810 4109 3018 4180 primos
3047 4108 3216 4178 igitur
3246 4105 3535 4166 Moabitas,
3563 4105 3629 4159 de

2044 4205 2248 4275 quibus
2293 4217 2413 4272 (μίαν
2447 4202 2628 4255 fausta
2663 4200 2838 4271 magis
2869 4196 3358 4269 essenl,pra:di(-ta
3382 4202 3537 4260 sunt,
3579 4194 3628 4249 si

2045 4297 2171 4369 quis
2211 4295 2265 4349 in
2310 4301 2456 4349 terra
2495 4293 2748 4361 reliquus
2783 4291 2857 4347 sit
2892 4289 3125 4359 serpenti
3160 4288 3242 4343 illi
3274 4286 3502 4350 similis,
3537 4285 3626 4340 cui

2045 4399 2190 4445 terra
2216 4386 2365 4441 vesci
2390 4394 2505 4440 toto
2527 4384 2651 4438 vitae
2676 4391 2927 4452 tempore
2949 4381 3279 4450 imperatqu
3306 4377 3536 4448 legimus
3559 4374 3627 4441 ἰς

1976 4510 2021 4569 υ
2047 4482 2290 4536 mittetur
2318 4489 2369 4533 et
2411 4478 2503 4531 ille
2530 4484 2790 4545 tanquam
2837 4481 3131 4541 serpentes.
3176 4468 3409 4525 Terram
3442 4476 3628 4523 autem

2018 4570 2329 4635 comedit;
2359 4569 2480 4638 qui,
2538 4568 2682 4621 facta
2719 4566 2772 4619 in
2823 4579 2994 4619 carne
3036 4569 3309 4628 semente,
3331 4576 3400 4616 ex
3433 4558 3626 4615 eadem

2044 4661 2465 4732 corruptionem
2508 4657 2743 4729 percipit
2790 4656 2857 4710 '°.
2896 4654 3027 4710 Ideo
3076 4667 3208 4707 vero
3262 4666 3322 4707 se
3371 4660 3627 4722 tanquam

2045 4762 2335 4823 serpentes,
2370 4751 2518 4821 quod
2538 4748 2910 4821 superfuerit,
2945 4748 3242 4802 missurum
3271 4745 3449 4812 dicit;
3479 4733 3626 4815 quod

2044 4845 2348 4901 acerbitate
2370 4852 2426 4897 et
2456 4842 2666 4897 saevitia
2699 4840 2854 4896 exosi
2887 4840 2943 4893 in
2981 4839 3359 4910 captivitatem
3386 4850 3627 4905 semper,

2045 4945 2306 5006 tauquam
2343 4943 2609 5000 serpentes
2651 4931 3127 4988 incantationibus
3149 4928 3343 5001 agendi
3369 4928 3500 4987 sint.
3526 4924 3629 4977 Ριις

2049 5030 2183 5083 teris
2205 5035 2390 5081 autem
2425 5024 2591 5078 verba
2626 5024 2731 5078 ista
2766 5022 2833 5077 ad
2867 5036 3092 5079 sensum
3128 5032 3389 5074 arcanum
3420 5017 3492 5072 ita
3516 5026 3632 5068 tra-

2048 5116 2201 5169 bere.
2247 5112 2443 5166 Anima
2489 5124 2612 5181 qua:
2655 5109 2845 5163 divino
2877 5109 3095 5173 timore,
3146 5114 3413 5174 tanquam
3440 5116 3621 5165 muro,

2045 5202 2313 5273 cingitur,
2345 5201 2421 5257 ita
2449 5199 2628 5253 valida
2653 5205 2739 5253 est
2778 5208 2832 5251 et
2866 5203 3085 5267 potens,
3115 5201 3297 5247 utnon
3328 5190 3492 5244 modo
3520 5205 3629 5246 non

2046 5294 2373 5366 expugnari,
2424 5292 2520 5350 sed
2562 5291 2906 5365 principatus
2944 5296 2999 5345 et
3024 5294 3329 5359 potestates
3364 5299 3635 5358 superam

430 5447 473 5480 ⁸’
522 5454 680 5511 Deut.
720 5473 873 5525 um,
899 5458 954 5514 2.
1034 5460 1079 5492 ⁸⁸
1104 5456 1264 5514 Joan.
1295 5476 1409 5522 vut,
1440 5460 1529 5515 4i.
1608 5462 1652 5493 "
1681 5458 1817 5515 Gen.
1849 5472 1931 5522 Ill,

2040 5493 2054 5509 .
2146 5455 2193 5486 ³⁰
2234 5452 2418 5512 Galat.
2453 5468 2531 5518 Vl,
2555 5451 2609 5508 8.

1668 5599 1906 5657 VARIAS
1938 5594 2338 5652 LECTIONES.

436 5732 547 5786 ῒιλ.
582 5731 667 5785 ῑσ.
702 5725 797 5786 οὖν
835 5731 1041 5788 τούτων
1073 5734 1250 5805 γένος.

1335 5737 1350 5775 ί
1390 5735 1474 5790 ἵσ.
1512 5753 1597 5804 γρ.
1630 5735 1766 5789 λέων
1807 5732 1962 5787 Θεοῦ.

2044 5743 2058 5781 ι
2100 5747 2184 5801 ῃ).
2216 5745 2336 5800 gmw.
2361 5727 2492 5794 206;.
2568 5722 2594 5765 ι
2620 5743 2708 5796 γρ.
2739 5723 2827 5779 διὰ
2862 5720 2944 5780 τό.
