4022 6210
403 320 545 383 2103

1755 320 2113 385 PROCOPII
2141 325 2386 390 GAZIEI

3541 318 3687 385 ειιι

404 446 437 498 ιι
465 439 590 482 αισι.
633 427 791 496 Quod
823 430 868 483 si
907 430 998 484 Dei
1032 439 1304 502 praecepta
1338 432 1506 489 semel
1545 446 1574 487 a
1602 447 1665 489 se
1704 430 1981 501 reiecerit,

2090 435 2197 509 γὰρ
2234 439 2428 512 κλείσῃ
2452 437 2594 494 κατὰ
2621 432 2937 514 ἀνθρώπου,
2970 431 3127 503 φησι,
3160 430 3244 495 τίς
3290 429 3492 496 ἀνοίξει
3516 447 3533 495 ;
3559 419 3686 500 μεθ’

406 523 556 575 omni
579 535 814 592 prorsus
846 522 1055 578 auxilio
1084 523 1431 591 deStituitnr,
1474 532 1529 580 et
1553 532 1823 596 tanquam
1860 524 1990 580 sub-

408 614 518 668 lato
566 628 768 678 muro,
818 615 1321 684 perturbationibus
1373 617 1589 674 cunctis
1640 625 1987 688 opportuna,

409 706 770 776 iuterituique
793 706 1041 776 proxima
1074 705 1330 763 ellieitur.
1361 707 1482 776 Quo
1513 711 1677 766 modo
1706 711 1763 766 in
1802 727 1987 782 reproo

406 798 537 852 bum
575 793 801 853 Sensum
836 798 1040 854 abeunt
1084 800 1362 855 nonnulli.
1400 819 1421 853 ι
1463 801 1523 857 Si
1565 802 1733 869 enim,
1782 804 1988 873 inquit,

408 889 676 946 adversus
705 890 980 946 hominem
1011 891 1255 959 claudat,
1287 892 1413 962 quis
1434 895 1646 965 aperiat
1674 891 1757 946 al?
1787 915 1804 947 ι
1842 894 1990 950 Num

404 991 556 1051 petra
587 980 794 1035 deserta
824 991 902 1035 est
931 998 1081 1036 mons
1113 980 1287 1040 Sion?
1318 982 1562 1039 Moverat
1611 984 1758 1040 enim
1791 986 1981 1041 adver-

404 1086 504 1126 sus
543 1068 846 1126 Samariam
882 1072 1014 1127 olim
1068 1069 1427 1128 Salmanasar
1473 1074 1758 1145 Assyrius,
1793 1085 1848 1129 et
1890 1076 1991 1130 ali-

406 1169 544 1228 quot
566 1160 620 1213 in
650 1159 845 1214 eadem
883 1161 1219 1230 expugnatis
1256 1162 1515 1227 urbibus,
1549 1164 1718 1217 multa
1742 1162 1987 1220 Judazam

404 1253 561 1309 clade
596 1252 893 1320 affecerat;
927 1252 1072 1308 unde
1110 1254 1216 1324 ipsi
1244 1255 1578 1312 insultantes
1603 1255 1875 1322 Moabitae,
1899 1274 1989 1327 pe-

406 1355 546 1398 tram
580 1345 870 1411 desertam,
905 1347 1310 1403 contumeliose
1345 1346 1594 1419 ejusdem
1630 1348 1738 1404 Deo
1785 1350 1986 1404 virium

404 1436 838 1491 imbecillitatem
875 1437 1295 1507 exprobrantes,
1331 1440 1681 1509 appellabant
1701 1441 1769 1495 ³⁸.
1803 1440 1990 1512 Itaque

405 1540 512 1581 non
547 1527 667 1582 sine
708 1526 907 1583 affectu
948 1528 1061 1598 jam
1096 1529 1150 1583 in
1201 1542 1298 1584 eos
1330 1531 1591 1600 insurgit,
1625 1539 1679 1587 et
1724 1542 1987 1604 tanquam

404 1617 475 1673 iis
494 1618 697 1689 quibus
727 1619 1160 1689 exprobrabant,
1209 1622 1463 1691 graviora
1508 1626 1731 1693 passuri
1774 1637 1985 1694 essent,

402 1710 550 1779 pullo
606 1726 706 1769 eos
762 1713 957 1768 matris
1027 1714 1287 1784 prmsidio
1342 1715 1610 1771 destituto
1679 1728 1983 1790 comparat.

2098 529 2135 584 ἆ
2156 546 2313 601 φησι,
2333 530 2429 598 Μὴ
2458 528 2648 598 πέτρα
2667 525 2889 597 ἔρημός
2903 526 3038 580 ἐστι
3066 523 3132 578 τὸ
3154 522 3293 592 ὅρος
3311 521 3463 605 Σιών
3478 521 3685 585 ;πάλαι

2098 619 2207 690 γὰρ
2258 618 2693 691 ἐπιστρατεύσας
2748 619 2817 689 τῇ
2876 612 3162 686 Σαμαρείᾳ
3219 611 3686 682 Σαλμανασσάρό

2109 706 2420 778 Ἀσσύριος,
2458 701 2574 761 εἷλὲ
2609 723 2669 761 τε
2706 704 2806 770 τὰς
2837 706 2895 758 ἐν
2927 705 3065 774 αὐτῇ
3107 702 3313 767 πόλεις,
3354 701 3452 755 καὶ
3489 699 3597 755 τῶν
3621 701 3684 753 ἐν

2109 799 2342 868 Ἰουδαίᾳ
2366 798 2538 853 πολλά
2579 796 3004 869 προσηδίκησεν.
3050 787 3269 863 Ἐφόἷς
3314 791 3684 863 ἐπεμϐαίνον-

2096 905 2187 953 τες
2218 890 2267 942 οἱ
2305 888 2617 954 Μωαϐῖται,
2651 888 2879 956 πέτραν
2903 884 3073 952 αὐτὴν
3105 882 3504 954 ἠρημωμένην
3543 882 3683 936 ὠνό-

2100 981 2292 1051 μαζον,
2319 981 2605 1035 ἀσθένειαν
2625 980 2818 1050 ὥσπερ
2846 978 3199 1048 ἐπιφέροντες
3213 975 3292 1047 τῷ
3311 976 3517 1045 ταύτης
3540 973 3680 1045 Θεῷ.

2095 1074 2188 1128 Διὸ
2221 1075 2359 1145 μετά
2391 1091 2536 1137 τινος
2588 1073 2752 1144 ἤθους
2788 1071 2924 1141 πρὸς
2967 1069 3163 1132 αὐτοὺς
3207 1068 3574 1131 ἀποτείνεται,
3605 1065 3682 1129 ὡς

2094 1165 2160 1237 δὴ
2189 1167 2549 1236 πεισομένους
2598 1163 2671 1218 τὰ
2721 1162 2962 1234 χείρονα,
3013 1153 3089 1215 ὧν
3120 1157 3352 1221 ἐκείνοις
3380 1156 3679 1220 ὠνείδιζον,

2095 1258 2340 1325 νεοσσῷ
2364 1275 2427 1312 τε
2463 1256 2688 1326 τούτους
2735 1253 3035 1309 ἀπείκασεν
3090 1250 3418 1321 ὲψιλωμένῳ
3471 1248 3684 1319 σκέπης

2098 1349 2325 1422 μητρός.
2340 1348 2533 1413 Οὕτως
2557 1348 2666 1418 ἄρα
2686 1346 2958 1417 χρήσιμον
2979 1344 3061 1407 τὸ,
3093 1341 3392 1423 Ἐἀνθπέσῃ
3416 1341 3444 1393 ό
3465 1338 3680 1410 ξχθρδς,

2094 1442 2155 1496 ού
2209 1440 2286 1513 μὴ
2326 1440 2598 1511 ὲπιχαρῆς
2650 1438 2826 1505 αύτῷ,
2855 1437 2938 1490 ὅτι
2977 1433 3168 1504 ὄψεται
3204 1430 3432 1502 Κύριος,
3457 1430 3553 1483 καὶ
3581 1430 3685 1483 οὐκ

2095 1534 2286 1607 ἀρέσει
2318 1533 2486 1604 αὐτῷ,
2526 1534 2623 1587 καὶ
2668 1528 3006 1601 ἀποστρέψει
3048 1525 3142 1579 τὸν
3178 1525 3350 1595 θυμὸν
3380 1521 3546 1577 αὐτοῦ
3582 1523 3682 1576 ἀπ’

2095 1622 2285 1679 αὑτοῦ.
2318 1622 2553 1690 Πέτραν
2578 1621 2637 1674 δὲ
2657 1620 2882 1689 ἔρημον
2905 1617 2973 1672 τὸ
2991 1617 3129 1685 ὅρος
3161 1615 3392 1669 ὲκάλουν
3408 1612 3583 1678 Σιὼν,
3601 1612 3682 1677 ὡς

2097 1713 2332 1787 σμικρόν
2348 1729 2407 1766 τε
2436 1714 2533 1766 καὶ
2562 1711 2820 1780 ἄσπορον,
2839 1708 2934 1763 καὶ
2956 1708 3093 1778 πρὸς
3112 1706 3317 1777 τροφὴν
3333 1705 3432 1757 οὐκ
3448 1701 3679 1774 ἀρκοῦν,

403 1805 557 1861 Adeo
609 1806 855 1876 prodest,
906 1821 1030 1861 cum
1071 1806 1338 1862 ceciderit
1382 1807 1664 1873 inimicus,
1717 1810 1819 1881 ipsi
1876 1827 1985 1866 non

2090 1803 2214 1859 οὔτε
2243 1804 2357 1865 τοῖς
2385 1799 2646 1864 οἰκοῦσιν,
2660 1798 2783 1853 οὔτε
2805 1799 2917 1862 τοῖς
2940 1796 3283 1869 νεμομένοις.
3302 1792 3576 1859 Νεοσσὸς
3596 1790 3678 1854 δὲ,

320 1963 323 1966 ι
408 1897 715 1963 insultare,
755 1900 1017 1970 quoniam
1081 1898 1471 1963 id,Dominus
1538 1903 1776 1972 aSpicitl,
1826 1905 1989 1976 eique

406 1991 572 2061 230
617 1991 907 2062 diSplicct,
962 2002 1017 2047 et
1078 1993 1277 2048 avertit
1327 1994 1462 2049 iram
1509 2009 1666 2050 suam
1710 1998 1779 2053 ab
1825 2013 1893 2054 eo
1917 1999 1986 2054 ⁸³.

407 2082 628 2137 Petram
683 2093 862 2141 autem
906 2085 1171 2141 desertam
1215 2094 1446 2141 montem
1499 2087 1669 2152 Sion.
1723 2099 1987 2161 tanquam

405 2191 629 2247 parvam
693 2188 750 2233 et
815 2178 1099 2243 sterilem,
1153 2195 1388 2250 quaeque
1437 2186 1543 2237 hec
1589 2181 1829 2249 incolis,
1885 2199 1989 2241 nec

392 2269 822 2352 palntlatnril'us
881 2269 948 2323 ad
1009 2273 1176 2325 vitam
1231 2271 1543 2338 suiiiccret,
1598 2276 1985 2345 appellabant;

404 2368 457 2410 ut
487 2360 693 2425 pullum
724 2362 841 2428 qni,
889 2369 1065 2416 matre
1100 2370 1245 2417 metu
1288 2363 1506 2427 abacta,
1542 2366 1752 2423 viribus
1783 2369 1849 2422 ad
1900 2368 1988 2423 in-

397 2448 558 2516 jnriae
581 2450 1057 2519 propulsationem
1087 2460 1141 2506 et
1163 2450 1345 2523 fugam
1377 2453 1678 2511 destitutus
1708 2468 1873 2514 esset.
1896 2458 1988 2516 Sic

400 2559 522 2611 ιιιιιε
541 2560 570 2596 a
606 2542 748 2597 malo
775 2552 829 2597 et
861 2544 1114 2614 inquieto
1136 2545 1339 2616 spiritu
1373 2548 1737 2605 enutriuntur
1761 2552 1984 2621 animae,

401 2634 445 2690 si
480 2649 575 2705 per
601 2650 833 2705 operum
878 2635 1202 2701 bonitatem,
1241 2646 1298 2693 et
1341 2638 1646 2697 Salvator-is
1684 2642 1991 2700 invocatio-

409 2742 556 2793 nem,
587 2736 997 2798 persecutorem
1033 2729 1455 2802 adipiscantur;
1487 2742 1600 2787 tum
1622 2734 1851 2791 ἄρδει-ιω
1869 2737 1991 2792 feli-

399 2818 536 2871 citer
560 2817 627 2871 ad
674 2819 1060 2886 nutritionem,
1103 2837 1226 2892 quae
1259 2824 1312 2876 in
1338 2823 1562 2880 Christo
1588 2825 1986 2896 perfectionem

399 2906 583 2972 allicit,
616 2905 909 2978 fiuntaptac
928 2910 1101 2979 magis
1136 2923 1183 2965 et
1214 2912 1453 2970 idoneae.
1481 2913 1688 2972 Deinde
1712 2913 1865 2984 vero,
1892 2918 1988 2974 ad-

395 2996 542 3066 jicit,
569 2998 752 3055 Arnen
790 3001 951 3069 plura
994 3002 1235 3058 consule.
1271 3004 1497 3077 Direpta
1529 3008 1675 3064 enim
1722 3007 1988 3068 Moabita-

398 3104 524 3147 rum
553 3091 708 3154 urbe,
741 3092 834 3161 qui
866 3103 1177 3159 evaserant,
1206 3094 1261 3148 in
1306 3094 1491 3151 Arnen
1529 3098 1985 3166 munitissimam,

2087 1897 2191 1965 τῆς
2239 1892 2449 1966 μητρὸς
2480 1891 2804 1963 ἀναπτάσης
2830 1890 2908 1962 τῷ
2944 1890 3118 1960 φόϐῳ,
3152 1886 3387 1959 ἀδρανὴς
3417 1885 3516 1956 μὲν
3540 1884 3681 1957 πρὸς

2089 1988 2326 2060 ἄμυναν,
2377 1984 2637 2049 ἀδύνατος
2666 1983 2724 2038 δὲ
2755 1982 2894 2054 πρὸς
2914 1982 3114 2054 φυγήν.
3137 1979 3324 2042 υῦτως
3356 1978 3413 2033 αἱ
3445 1976 3552 2030 ὑπὸ
3580 1974 3675 2030 τοῦ

2091 2077 2335 2152 πονηροῦ
2366 2079 2460 2132 καὶ
2489 2076 2728 2130 ἀστάτου
2786 2073 3100 2145 πνεύματος
3143 2069 3546 2143 ὲκτρεφόμεναι
3573 2068 3679 2139 ψυ-

2089 2173 2206 2245 χαὶ,
2231 2169 2401 2229 ἐπειδ’
2439 2170 2508 2224 ἂν
2534 2166 2834 2238 ἐπιτύχωσι
2878 2164 2974 2221 τοῦ
3021 2165 3090 2219 δι’
3120 2163 3300 2236 ἔργων
3331 2162 3555 2232 ἀγαθῶν
3584 2163 3680 2217 καὶ

2088 2266 2189 2333 τῆς
2237 2262 2330 2318 τοῦ
2362 2261 2619 2334 Σωτῆρος
2670 2259 3016 2330 ἐπικλήσεως
3078 2255 3251 2315 αὐτὰς
3297 2254 3677 2320 ὲκδιώκοντος,

2089 2353 2486 2425 ἐρημωθεῖσαι
2538 2353 2639 2424 τὴν
2690 2350 2866 2420 καλὴν
2920 2336 3242 2422 ἐρήμωσῖν,
3279 2346 3679 2424 εὐληπτότεραι

2089 2449 2197 2501 είσι
2242 2435 2382 2519 πρὸς
2439 2445 2538 2517 τὴν
2597 2445 2656 2497 ὲν
2691 2441 2913 2515 Χριστῷ
2959 2439 3277 2511 ἀνατροφὴν
3303 2439 3405 2509 τὴν
3433 2438 3679 2507 ἄγουσαν

2089 2542 2171 2604 εἰς
2208 2538 2511 2593 τελείωσιν.
2549 2537 2781 2591 Ἔπειτα
2807 2534 2884 2599 δὲ,
2927 2531 3153 2602 Ἀρνὼν
3216 2531 3474 2585 πλείονα
3525 2529 3681 2594 ﬂavo

2087 2632 2297 2689 λεύου.
2332 2628 2784 2700 Πεπορθημένης
2832 2626 2944 2696 γὰρ
2979 2624 3081 2695 τῆς
3108 2621 3414 2679 Μωαϐιτῶν
3444 2621 3676 2685 πόλεως,

2088 2727 2138 2780 οι
2169 2723 2527 2794 διαφυγόντες
2554 2718 2955 2792 μετεφοίτησαν
2986 2718 3066 2780 είς
3103 2712 3322 2784 Ἁρνὼν
3358 2713 3514 2767 πόλιν
3546 2712 3679 2784 ὀχυ-

2094 2816 2368 2888 ρωτάτην,
2406 2812 2544 2885 πρὸς
2591 2812 2660 2884 ῆν
2701 2826 2839 2882 φησι
2863 2825 2876 2839 ·
2911 2808 3116 2861 Σκόπει
3152 2805 3269 2870 πῶς
3312 2805 3524 2875 δυνήσῃ
3553 2803 3679 2858 δια-

2092 2906 2264 2961 σῶσαι
2292 2905 2421 2968 τοὺς
2450 2902 2589 2976 πρὸς
2620 2902 2682 2956 σὲ
2733 2898 3174 2969 καταφυγόντας.
3238 2896 3349 2951 Καὶ
3400 2896 3575 2960 ἄλλως
3617 2895 3677 2949 δὲ

2094 2999 2233 3070 μετά
2264 3013 2409 3060 τινος
2434 2995 2599 3068 ἧθους
2637 2992 2997 3065 προκαλεῖται
3021 2989 3121 3060 τὴν
3151 2988 3284 3058 περὶ
3306 2986 3527 3041 πάντων
3564 2985 3679 3038 τῶν

2093 3088 2237 3148 κατὰ
2260 3086 2580 3158 φιλοσοφίαν
2609 3080 3013 3154 πεπλασμένων
3054 3077 3342 3148 δογμάτων
3366 3073 3677 3140 δοξάσασαν

354 3206 357 3209 -
399 3196 563 3249 quam
592 3180 682 3236 hic
707 3181 775 3236 de
813 3183 1172 3255 profugerum
1215 3185 1397 3242 salute
1447 3188 1727 3256 admonet,
1752 3206 1813 3247 se
1841 3206 1985 3247 rece-

2093 3180 2174 3234 ἔτι
2196 3150 2545 3247 προστιθέναι
2577 3177 2644 3246 τῇ
2667 3150 3025 3245 περὶτούτων
3048 3166 3278 3238 βουλῇ,
3313 3166 3390 3231 ὡς
3420 3166 3487 3220 ἂν
3514 3165 3677 3236 κόρον

403 3278 616 3337 perant.
653 3273 808 3328 Alias
836 3273 1004 3328 etiam
1031 3290 1142 3331 non
1174 3275 1295 3332 sine
1325 3278 1524 3333 affectu
1563 3282 1910 3349 adhortatur,
1935 3292 1992 3337 ut

399 3363 466 3417 ad
509 3363 677 3433 hujus
718 3364 793 3419 rei
821 3356 1109 3420 consilium
1138 3367 1307 3423 etiam
1338 3383 1369 3422 a
1414 3369 1763 3443 philosophia
1815 3375 1990 3429 confi-

399 3464 522 3510 clas
550 3455 817 3525 adjungat
838 3457 1109 3526 rationes,
1137 3468 1199 3521 ut
1218 3469 1539 3523 exsaturata
1559 3464 1805 3533 tandem,
1822 3473 1876 3520 et
1897 3482 1991 3521 ea-

400 3562 522 3603 rnm
551 3550 853 3610 vanitatem
896 3563 1236 3623 agnoscens,
1284 3568 1476 3609 sanam
1515 3554 1825 3612 doctrinam
1872 3571 1990 3611 am-

408 3637 709 3706 plertatur.
761 3638 843 3694 Ab
886 3654 997 3694 uno
1027 3651 1211 3696 autem
1253 3641 1567 3698 Moabitidis
1616 3645 1762 3711 loco,
1815 3653 1988 3702 lotam

401 3727 562 3782 nobis
613 3728 835 3783 Arabiae
873 3732 1152 3799 regionem
1194 3735 1473 3804 proponit.
1508 3736 1588 3791 ita
1630 3736 1829 3795 deinde
1863 3738 1992 3795 hor-

401 3829 588 3877 tatur:
626 3820 806 3877 Facite
829 3824 930 3890 ipsi
951 3825 1340 3894 operimentum
1361 3827 1631 3899 planctus.
1667 3831 1818 3896 Quos
1840 3833 1987 3888 enim

398 3926 496 3964 sua
533 3911 801 3975 crimina.
854 3914 969 3970 sive
997 3915 1148 3972 circa
1194 3933 1402 3985 mores,
1438 3920 1556 3976 sive
1594 3921 1744 3977 circa
1777 3922 1983 3979 doctri-

398 4017 523 4056 nam
573 4004 810 4063 admissa
839 4007 913 4064 ita
946 4016 1173 4078 angunt,
1216 4019 1274 4063 ut
1301 4002 1367 4066 ad
1406 4028 1598 4069 verum
1626 4012 1835 4069 luctum
1868 4015 1988 4071 adi-

394 4103 528 4163 gant
552 4137 567 4161 ,
604 4096 680 4150 illi
710 4096 813 4167 ipsi
841 4105 989 4162 sunt,
1011 4099 1103 4169 qni
1127 4098 1302 4157 luctus
1336 4103 1723 4171 operimentum
1753 4106 1983 4175 faciunt.

396 4186 530 4242 Nam
574 4190 639 4243 ad
691 4205 809 4251 eos,
838 4193 929 4260 qui
965 4192 1093 4247 talia
1139 4202 1356 4257 curant,
1393 4211 1578 4251 sermo
1607 4206 1727 4263 est;
1766 4206 1845 4261 ut,
1893 4215 1987 4254 cx-

395 4279 570 4334 clusis
597 4278 816 4336 diversa
850 4285 1212 4338 sentientium
1250 4285 1632 4353 opinionibus,
1657 4304 1788 4343 vero
1819 4290 1984 4344 intui-

399 4373 453 4431 ni
490 4373 667 4426 locum
694 4375 1026 4440 concedant,
1060 4391 1170 4444 quo
1199 4378 1253 4430 in
1284 4392 1344 4432 se
1386 4378 1758 4446 credentium,
1800 4389 1855 4436 et
1886 4398 1982 4437 en-

2090 3270 2332 3326 λαϐοῦσα
2360 3270 2458 3323 καὶ
2488 3267 2697 3341 γνοῦσα
2722 3267 2788 3319 τὸ
2845 3262 3050 3318 τούτων
3079 3261 3361 3332 ἀνόνητον,
3400 3258 3676 3331 προσέλθῃ

2089 3367 2156 3436 τῇ
2185 3361 2508 3436 ὑγιαινούσῃ
2535 3357 2879 3429 διδασκαλίᾳ.
2934 3353 3068 3410 Ἀπὸ
3092 3354 3209 3418 ἑνὸς
3247 3352 3305 3406 δὲ
3340 3351 3546 3424 χωρίου
3575 3350 3679 3420 τῆς

2089 3456 2433 3518 Μωαϐίτιδος
2480 3453 2604 3508 ὅλον
2654 3452 2788 3524 ἡμῖν
2836 3448 3174 3503 ἐνδείκνυται
3223 3446 3317 3500 τὸν
3369 3444 3537 3498 τόπον
3574 3443 3675 3513 τῆς

2102 3552 2385 3624 ’Δραϐίας.
2418 3547 2554 3606 Εἶτα
2584 3550 2862 3622 παραινεῖ,
2893 3544 3121 3601 Ποιεῖτε
3144 3543 3384 3610 σκέπην
3411 3541 3709 3605 πένθους-ε

2089 3645 2265 3715 αὐτῇ.
2303 3646 2366 3699 Οἱ
2389 3644 2499 3715 γὰρ
2539 3643 2633 3696 ἐπὶ
2655 3644 2767 3705 τοῖς
2797 3637 3236 3711 ἡμαρτημένοις,
3271 3635 3383 3690 εἴτε
3406 3633 3550 3687 κατά
3585 3632 3678 3686 τὸν

2092 3740 2228 3812 βίον,
2259 3740 2372 3793 εἴτε
2420 3736 2565 3790 κατᾶ
2596 3735 2701 3806 τήν
2747 3731 2949 3802 γνῶσιν
2990 3727 3412 3800 ἐνεργαζόμενοι
3461 3725 3671 3812 λύπην,

2089 3810 2233 3887 ὥστε
2289 3831 2443 3895 τινὰς
2477 3828 2654 3883 ἐλθεῖν
2699 3827 2793 3880 ἐπὶ
2823 3826 2884 3879 τὸ
2912 3823 3202 3896 μακαρίως
3242 3819 3483 3877 πενθεῖν.
3527 3810 3675 3872 οὗτοι

2089 3926 2331 3983 ποιοῦσι
2360 3923 2603 3990 σκέπην
2624 3920 2906 3985 πένθους.
2956 3917 3100 3988 Πρὸς
3140 3914 3249 3985 γὰρ
3280 3915 3409 3978 τοὺς
3430 3912 3539 3966 τῶν
3563 3928 3675 3966 τοι⁶

2087 4018 2269 4074 ούτων
2296 4013 2729 4086 ἐπιμελομένους
2765 4013 2794 4065 ό
2832 4010 3009 4079 λόγος,
3044 4008 3112 4060 ἶν’
3146 4008 3205 4060 ὲν
3238 4003 3317 4075 τῷ
3350 4004 3676 4057 ἀποκλεῖσαι

2087 4111 2185 4181 τὴν
2216 4111 2281 4167 ἑκ
2309 4106 2419 4161 τῶν
2450 4102 2907 4177 ἑτεροδοξούντων
2931 4099 3172 4171 ἀπάτην,
3212 4096 3400 4169 χώραν
3426 4094 3505 4166 τῷ
3537 4095 3677 4166 ἁλη-

2088 4199 2220 4271 om;
2253 4199 2384 4253 δῶσι
2409 4199 2550 4267 φωτὶ
2580 4198 2703 4258 ταῖς
2730 4192 2980 4264 καρδίαις
3021 4188 3296 4258 ὲλλάμψαι
3328 4186 3438 4240 τῶν
3464 4188 3546 4250 εἰς
3571 4186 3673 4239 αὐ-

2085 4289 2178 4343 τὸν
2213 4286 2597 4350 πιστευόντων,
2658 4283 2796 4355 πρὸς
2838 4280 2917 4352 τῷ
2954 4279 3049 4334 καὶ
3100 4278 3211 4332 τῶν
3261 4276 3671 4349 μετανοούντων

2085 4380 2237 4445 τινὰς
2258 4376 2687 4440 κατακλείστους
2735 4375 3030 4445 γεγονότας
3060 4370 3272 4425 πενθεῖν
3301 4368 3671 4441 περισκέπον-

397 4477 517 4521 rum
550 4464 714 4521 etiam
761 4474 976 4521 mentes
1016 4466 1270 4533 illustrat,
1300 4466 1394 4537 qui
1460 4471 1782 4539 poenitentia
1831 4471 1981 4528 ducti

2090 4490 2189 4537 τας
2216 4470 2448 4535 ἑαυτοὺς
2477 4468 2586 4523 ἀπὸ
2615 4467 2713 4538 τῆς
2749 4465 2860 4519 τῶν
2900 4462 3101 4532 ἔξωθεν
3141 4460 3365 4532 ὁμιλίας
3394 4461 3493 4515 καὶ
3519 4460 3673 4523 θέας.
3719 4466 3745 4493 ‘

398 4553 602 4613 abditis
638 4563 691 4613 et
728 4558 1037 4613 tenebrosis
1081 4559 1219 4613 locis
1255 4557 1322 4612 ad
1351 4559 1561 4613 luctum
1592 4576 1671 4625 se,
1715 4571 1977 4617 externa-

397 4658 634 4713 rumque
668 4661 851 4702 rerum
888 4656 1173 4717 aspectum
1219 4647 1765 4722 familiaritatemque
1796 4652 1981 4707 vitanu-

396 4732 544 4788 tlam.
584 4736 998 4796 concluserunt.
1053 4739 1134 4793 Ad
1160 4739 1398 4798 litteram
1454 4752 1659 4808 autem,
1708 4758 1981 4799 converso

398 4823 464 4878 ad
493 4822 678 4881 Arnen
706 4842 986 4895 sermone,
1011 4846 1125 4891 rem
1171 4832 1530 4888 humanitatis
1560 4833 1777 4904 plenam
1811 4836 1880 4892 ab
1915 4852 1981 4893 eo

395 4919 765 4989 excogitatam
815 4937 941 4980 esse
972 4924 1271 4996 signiﬁcat,
1302 4941 1426 4996 qtae
1457 4940 1655 4997 magno
1679 4936 1733 4981 et
1767 4928 1971 4986 intole-

398 5031 425 5068 r
464 5013 556 5069 bili
589 5014 739 5073 luctu
781 5031 1080 5089 Oppressus
1117 5020 1256 5074 tueri
1284 5019 1505 5091 dignata
1545 5027 1635 5076 snt.
1676 5019 1784 5076 Eos
1828 5023 1976 5079 enim

396 5105 571 5161 medio
595 5108 711 5177 ipso
738 5108 843 5170 die,
883 5118 1068 5165 mente
1096 5111 1330 5176 scilicet,
1359 5112 1554 5168 mortis
1576 5125 1724 5167 mqu
1752 5122 1973 5183 pertur-

395 5199 554 5257 batos
582 5200 905 5258 invaserunt
929 5202 1159 5258 tenebrae
1183 5219 1204 5269 ;
1252 5203 1488 5273 ideoque
1519 5204 1850 5276 obstupuisse
1881 5207 1979 5262 ad-

393 5290 548 5358 jecit.
583 5292 1006 5363 Quantumlibet
1028 5303 1212 5353 autem
1248 5312 1279 5352 a
1303 5296 1440 5359 bello
1471 5299 1733 5370 fugientes
1761 5315 1971 5364 serves,

394 5378 492 5447 ait;
515 5394 860 5443 mortuorum
891 5395 1070 5443 tamen
1093 5390 1368 5446 exsistunt
1400 5406 1682 5462 perparva:
1710 5377 1975 5461 reliquim.

466 5537 508 5573 "
542 5536 646 5594 lsa.
676 5557 812 5608 χχιι,
846 5510 953 5610 ᾙς
985 5549 1154 5618 Apoc.
1191 5565 1270 5611 ιιι,
1306 5550 1359 5604 7.
1439 5548 1483 5581 "
1521 5547 1585 5604 IV
1627 5547 1761 5621 Reg.

1906 5560 2014 5612 xw,

2088 4566 2233 4638 Πρὸς
2252 4565 2309 4619 δὲ
2331 4563 2496 4631 λέξιν,
2514 4562 2650 4633 πρὸς
2671 4562 2772 4630 τὴν
2788 4558 3024 4627 Ἀρνὼν,
3045 4557 3175 4620 Ναὶ,
3191 4553 3604 4624 φησὶν,ὲσκέψω
3619 4569 3675 4606 τι

2086 4658 2489 4729 φιλάνθρωπον.
2543 4652 2729 4720 Σκέπη
2783 4650 2945 4720 γενοῦ
2994 4648 3159 4712 ὶτοῖς
3193 4647 3457 4718 ἀφορὴτῳ
3485 4645 3674 4698 πένθει

2084 4748 2564 4820 κατειλὴμμὲνοις.
2598 4744 2816 4800 Σκοτία
2864 4741 2972 4814 γὰρ
3002 4740 3201 4803 αὐτοὺς
3233 4737 3304 4793 ὲν
3332 4736 3673 4808 μεσημϐρίᾳ

2084 4838 2398 4909 κατείληφε,
2433 4836 2525 4891 τὸν
2557 4834 2682 4889 νοῦν
2713 4834 2901 4896 αὐτοῖς
2937 4831 3031 4885 τοῦ
3059 4830 3191 4902 περὶ
3226 4828 3462 4886 θανάτου
3504 4828 3672 4897 φόϐου

2085 4927 2440 4992 θολὼσαντος.
2471 4926 2564 4980 Διό
2612 4942 2766 4998 φησι,
2820 4922 2928 4976 Καὶ
2986 4920 3352 4989 ἐξέστησαν.
3385 4918 3449 4972 Et
3491 4918 3549 4975 δὲ
3576 4916 3671 4970 καὶ

2087 5020 2302 5084 σώσεις,
2336 5020 2489 5090 φησὶ,
2517 5018 2643 5081 τοὺς
2671 5015 2792 5072 ἀπὸ
2847 5013 3120 5084 πολέμου
3166 5012 3499 5081 φυγόντας,
3532 5007 3671 5064 ἁλλά

2081 5111 2192 5165 τῶν
2214 5109 2551 5180 τεθνηκότων
2582 5108 2866 5179 ἐλάχιστον
2914 5106 3243 5177 τυγχάνουσι
3293 5102 3566 5172 λείψανον.
3594 5100 3669 5153 Οὐ

2081 5203 2191 5273 γὰρ
2225 5203 2307 5274 ,ἐν
2354 5199 2516 5269 ἀρχῇ
2571 5199 2666 5253 τοῦ
2712 5197 2953 5268 πολέμου
2986 5196 3131 5263 τοὺς
3163 5193 3441 5266 φυγάδας
3480 5191 3673 5258 ἐδέξω.

2082 5294 2240 5351 Μετὰ
2262 5293 2524 5364 πλείστην
2548 5292 2606 5352 δέ
2637 5305 2735 5346 σοι
2759 5288 3158 5359 παροικοῦσιν
3189 5286 3485 5340 ἀπώλειαν.
3516 5284 3588 5340 Σὺ
3615 5283 3671 5338 δὲ

2089 5386 2429 5458 προσεδόκας
2480 5385 2561 5437 ὅτι
2601 5382 2696 5436 καὶ
2748 5382 2902 5436 αὐτοὶ
2928 5379 3142 5435 ἔσονταί
3171 5394 3268 5434 σοι
3294 5375 3492 5445 σκέπη
3530 5377 3671 5435 κατὰ

2080 5545 2163 5601 17.
2280 5546 2323 5579 ³³
2371 5544 2535 5601 Prov.
2566 5559 2716 5610 xxiv,
2772 5543 2853 5619 l8.

1660 5684 1746 5739 VA
1758 5682 1893 5745 111.ξί
1930 5679 2331 5739 LECTIONES.

480 5740 495 5793 Ι
532 5743 625 5815 ισ.
660 5744 723 5817 ἔγ
740 5745 863 5801 ἔνου
886 5788 900 5803 .
