4022 6210
334 341 470 407 2105
561 409 564 412 ί

1499 343 2036 408 COMMENTARII
2078 345 2160 407 IN
2197 344 2481 406 ISAIAM.

3460 339 3604 406 2106

334 455 561 526 καιροὺς
592 452 712 508 ἀπὸ
742 453 1068 522 προσώπου
1091 454 1433 522 διώκοντος,
1453 457 1590 528 ὅπερ
1627 459 1911 512 ἀδύνατον.

2026 453 2137 510 Non
2183 457 2330 510 enim
2379 456 2501 526 ipso
2533 451 2658 508 belli
2695 453 2848 508 initio
2878 451 3143 524 excepisti
3175 451 3470 524 fugientes;
3505 455 3600 511 sed

337 543 518 615 Ἤρθη
573 543 683 614 γάρ
739 543 772 612 ἡ
828 543 1144 612 συμμαχία
1175 557 1315 604 σου.
1346 546 1440 597 καὶ
1473 547 1504 597 ό
1544 544 1748 613 ἅρχων
1803 542 1915 596 ἀπ-

331 635 517 691 ώλετο
546 639 581 690 ό
598 635 957 690 καταπατῶν
976 637 1075 690 ἐπὶ
1101 635 1215 704 τῆς
1242 635 1377 706 γῆς.

2023 548 2194 602 multa
2223 548 2336 618 jam
2365 557 2586 615 accepta
2617 547 2775 601 clade
2809 556 2975 601 tecum
3006 545 3322 602 habitant...
3343 545 3413 599 At
3455 549 3604 616 quod

2021 639 2179 709 231
2209 656 2311 696 suo
2343 648 2591 710 tempore
2624 639 2721 694 tibi
2749 654 2778 692 a
2799 639 3160 708 persequentis
3191 639 3330 709 facie
3363 640 3418 693 in
3451 650 3601 710 tegu-

328 741 566 786 mentum
615 729 827 799 futuros
861 731 1248 800 exspectabas,
1287 731 1400 784 lieri
1443 729 1670 785 omnino
1722 739 1776 785 et
1809 729 1944 786 illud
2007 747 2115 787 non
2158 742 2358 804 potest,
2396 735 2524 804 quia
2563 732 2843 789 sublatum
2879 739 2964 786 est
3006 730 3278 784 auxilium
3327 742 3503 796 tuum,
3549 737 3605 787 et

329 823 476 895 quod
509 825 600 893 qui
641 832 836 876 terram
863 821 1236 884 conculcabat,
1263 823 1504 891 princeps
1528 824 1709 891 periit.

411 917 474 969 '0
505 915 614 986 γάρ
631 914 718 967 ἀεί
751 930 832 966 σοι
897 911 1232 976 συνασπίσας
1265 913 1374 966 τῶν
1416 913 1724 968 Μωαϐιτῶν
1752 913 1917 987 ἡγού-

335 1014 521 1080 μενος,
549 1006 743 1078 ὥσπερ
783 1005 904 1059 τινὰ
958 1004 1088 1075 χοῦν
1146 1005 1514 1059 καταπατεῖν
1551 1005 1758 1069 εἰωθὼς
1789 1007 1917 1070 τοὺς

330 1098 778 1170 ἀνθεστηκότας,
843 1095 1147 1151 ἀπόλωλεν.
1208 1094 1366 1148 υῦτω
1421 1099 1536 1160 τοῖς
1602 1096 1919 1159 Μωαϐίταις

332 1190 730 1264 προσαπώλετο
752 1189 847 1242 καὶ
867 1191 901 1259 ἡ
933 1187 1026 1241 τοῦ
1047 1187 1308 1241 δύνασθαι
1336 1188 1608 1258 κρατῆσαι
1644 1187 1806 1240 πάλιν
1840 1187 1920 1240 ἐλο

320 1286 448 1350 .πίς.
465 1286 529 1338 Οἱ
561 1285 672 1356 γάρ
693 1279 1190 1353 ἀσεϐεῖςόλόριζοι,
1217 1282 1405 1351 φησὶν,
1433 1283 1498 1334 ἐκ
1521 1282 1622 1352 γῆς
1647 1281 1911 1335 όλοῦνται.

332 1379 478 1449 Ilpb;
506 1379 803 1446 ἀναγωγῆς
849 1375 906 1428 δέ
941 1374 1091 1438 νοῦν,
1144 1373 1291 1426 δοκεῖ
1332 1374 1431 1444 τῆς
1454 1375 1830 1446 μεσημϐρίας
1857 1373 1919 1425 τὸ

332 1471 451 1540 φῶς
483 1479 520 1501 ⁸³
573 1465 716 1524 εἶναι
765 1467 1168 1538 λαμπρότερον.
1201 1466 1311 1536 Τῆς
1372 1462 1464 1520 οὖν
1514 1465 1772 1537 ἀληθείας
1809 1467 1917 1520 ἀπὸ

335 1563 566 1625 κτίσεως
601 1560 812 1630 κόσμου
835 1558 1074 1612 νοεῖσθαι
1101 1559 1428 1629 δυναμένης,
1459 1558 1796 1628 πανταχόθεν
1815 1559 1919 1612 ὑπὸ

333 1653 432 1721 τῆς
471 1650 565 1704 τοῦ
618 1649 754 1702 Θεοῦ
787 1646 978 1716 σοφίας
1019 1645 1528 1716 περιλαμπόμενοι,
1581 1643 1717 1697 Θεοῦ
1776 1661 1920 1708 τινες

334 1742 598 1812 ἐνόσησαν
627 1741 872 1808 ἄγνοιαν,
901 1738 1054 1799 ὅντες
1092 1738 1150 1789 ἐν
1183 1736 1401 1802 σκοτία
1432 1735 1542 1788 τῶν
1577 1735 1918 1804 πραγμάτων

2094 913 2310 970 Occidit
2337 917 2480 971 enim
2516 913 2882 968 tloabitarum
2917 912 3029 976 ille,
3073 927 3184 982 quo
3220 912 3358 967 (lucc
3385 913 3606 970 solebas

2023 1017 2418 1078 repugnantes,
2473 1016 2732 1078 tanquam
2789 1005 3089 1074 pulverem,
3123 1005 3455 1058 conculcare.
3517 1005 3605 1059 Si-

2026 1099 2138 1152 mul
2173 1114 2302 1170 ergo
2349 1115 2472 1153 cum
2505 1099 2610 1154 ista
2654 1097 2910 1151 Moabitis
2949 1096 3003 1150 in
3034 1103 3314 1166 posterum
3346 1095 3603 1151 vincendi

2022 1197 2264 1259 potestas
2321 1191 2522 1255 omnis,
2565 1197 2620 1245 et
2654 1205 2780 1260 spes
2806 1186 3012 1244 excidit
3041 1204 3055 1252 ;
3087 1203 3265 1257 neque
3302 1189 3448 1242 enim
3501 1188 3605 1244 imo

2022 1286 2142 1355 pios
2175 1287 2436 1341 radicitus
2461 1302 2490 1340 a
2521 1294 2666 1340 terra
2695 1285 2993 1354 perituros,
3026 1284 3270 1338 dictante
3295 1281 3606 1352 Scriptura,

2021 1377 2361 1433 dubitamus.
2425 1377 2582 1444 Quod
2623 1378 2670 1434 si
2722 1377 3088 1446 anagogicum
3127 1391 3350 1430 sensum
3397 1385 3610 1444 specte-

2027 1487 2149 1526 mus
2177 1514 2190 1537 ,
2217 1473 2337 1526 luce
2377 1471 2676 1525 meridiana
2715 1470 2964 1524 veritatis
3001 1469 3182 1522 lumen
3237 1468 3445 1523 clarius
3486 1482 3610 1524 esse

2027 1573 2272 1634 apparet.
2303 1563 2568 1630 Quamvis
2595 1577 2728 1632 ergo
2754 1561 2823 1614 ab
2851 1561 2972 1630 ipsa
2997 1559 3186 1616 mundi
3214 1561 3496 1615 creatione
3529 1559 3611 1614 vi-

2025 1657 2142 1710 deri
2175 1666 2228 1710 et
2264 1655 2470 1726 percipi
2508 1654 2712 1708 veritas
2763 1653 3002 1723 potuerit
3038 1692 3053 1717 ,
3096 1667 3206 1705 non
3252 1650 3480 1706 defuere
3525 1660 3610 1704 ta-

2026 1763 2174 1810 men,
2212 1748 2332 1816 qui,
2370 1746 2560 1801 divina
2598 1745 2840 1815 undique
2863 1743 3138 1814 sapientia
3178 1743 3463 1807 illustrati,
3515 1741 3608 1798 Dei

332 1833 450 1898 τὴν
468 1831 848 1900 μεσημϐρίαν
871 1827 1130 1898 ἐχόντων.
1181 1827 1246 1879 Οἳ
1276 1827 1373 1879 καὶ
1407 1826 1566 1896 δίκην
1597 1825 1918 1896 μεμηνότων

2026 1839 2368 1908 ignoratione
2394 1838 2753 1904 laborarunt;
2779 1851 2902 1891 eum
2936 1835 2989 1889 in
3025 1834 3251 1889 tenebris
3292 1849 3475 1889 rerum
3499 1850 3610 1890 me-

331 1925 706 1990 ἐξέστησαν,
736 1921 1092 1974 ἀνυπόστατα
1137 1916 1597 1987 φαντασιούμενοι
1651 1915 1916 1985 δόγματα.

344 2015 644 2087 Ἑρμηνεία
669 2013 778 2083 γὰρ
802 2012 910 2067 τοῦ
947 2010 1362 2081 μεσημϐρινοῦ
1415 2010 1680 2074 σκότους
1714 2009 1921 2062 exara-

331 2122 452 2174 σις.
490 2106 588 2171 Μὴ
618 2103 810 2174 ἀχθῇς
847 2104 925 2168 δὲ,
969 2105 1128 2173 φησὶ,
1179 2102 1506 2172 προτρέπων
1557 2101 1632 2172 μὴ
1673 2099 1922 2163 πιθανοῖς

330 2215 475 2250 τισιν
498 2195 732 2264 ἄγεσθαι
753 2196 934 2263 λόγοις
963 2195 995 2264 ἢ
1027 2194 1284 2263 δόγμασι,
1339 2193 1414 2264 μὴ
1462 2195 1578 2256 τοῖς
1606 2192 1815 2246 τούτων
1842 2192 1921 2246 δι-

329 2290 626 2352 δασκάλοις
676 2286 1098 2350 ἀκολουθοῦντες
1135 2286 1730 2357 κατακρημνισθῶμεν.
1761 2304 1778 2336 ι
1808 2286 1920 2338 Τυ-

332 2382 463 2452 φλδς
479 2382 588 2452 γὰρ
605 2380 800 2459 τυφλρν
824 2380 919 2432 ἐὰν
940 2378 1130 2449 ὁδηγῇ,
1157 2379 1460 2450 ἀμφότεροι
1486 2382 1562 2444 εἰς
1588 2379 1808 2449 βόθυνον
1825 2395 1923 2431 πε-

336 2474 578 2528 σοῦνται.
601 2492 619 2525 ι
655 2473 726 2525 Τὸ
759 2472 836 2534 δὲ,
873 2470 969 2539 Μὴ
994 2469 1211 2540 ἀχθῇς,
1247 2470 1321 2542 μὴ
1355 2471 1414 2536 ἐξ
1444 2472 1620 2543 ἀρχῆς
1647 2471 1922 2542 παρέθετο

327 2560 364 2618 ’ὁ
388 2565 487 2636 τὴν
519 2565 624 2636 πρὸ
644 2564 850 2634 ταύτης
907 2564 1084 2634 φήσας
1117 2561 1394 2634 ἐξήγησιν,
1430 2565 1514 2617 ὃτι
1548 2564 1638 2635 Μὴ
1665 2565 1735 2617 ἐν
1762 2561 1920 2634 ἀρχῇ

334 2657 474 2726 πρὸς
505 2657 566 2710 σὲ
609 2655 704 2708 τοῦ
756 2655 998 2725 πολέμου
1049 2655 1380 2722 κατέφυγον.
1412 2653 1567 2708 Μετά
1606 2653 1785 2707 ταῦτα
1843 2652 1917 2723 τῇ

332 2747 578 2817 θυγατρὶ
601 2747 800 2801 more
867 2744 1248 2815 φιλάνθρωπος
1287 2745 1435 2814 λέγει
1466 2740 1599 2808 Θεὸς
1648 2747 1778 2816 περὶ
1810 2745 1920 2798 τῶν

333 2840 478 2914 μετά
541 2839 639 2910 τὴν
685 2838 1024 2909 ἐπιστροφὴν
1056 2836 1360 2914 μελλόντων
1400 2837 1536 2908 αὐτῇ
1583 2837 1920 2907 παροικῆσαι

333 2910 643 2986 Μωαϐιτῶν
691 2931 828 3002 μετά
877 2931 976 3000 τὴν
1044 2929 1212 2982 πάλαι
1264 2910 1440 3000 ιρυγὴν
1492 2929 1627 2998 πρὸς
1655 2928 1752 2981 τὸν
1788 2928 1920 2982 ἴδιον

333 3023 723 3097 ἐπανηκόντων
749 3019 1587 3091 δεσπότην.Σκεπασθιξσονται
1612 3018 1741 3088 γὰρ,
1761 3017 1915 3088 φησὶ,

333 3118 465 3189 παρ’
497 3117 627 3186 ὑμῖν
654 3114 973 3186 πεισόμενοι
1012 3113 1178 3184 μηδὲν
1210 3111 1320 3165 ἀπὸ
1347 3109 1640 3182 προσώπου
1675 3108 1920 3162 διώκον-

2023 1928 2296 1982 ridianam
2320 1929 2495 1983 lucem
2532 1928 2852 1982 habentium
2878 1934 3238 1982 versarentur
3277 1942 3290 1956 ’
3323 1925 3608 1996 quietiam

2021 2019 2320 2075 furentium
2357 2036 2528 2086 more,
2563 2035 2686 2074 cum
2718 2017 2956 2073 absurda
2984 2018 3085 2072 sibi
3119 2018 3372 2088 dogmata
3440 2016 3609 2087 linge-

2025 2119 2167 2175 rent,
2215 2110 2621 2179 obstupuerunt.
2670 2107 2842 2163 llabet
2883 2108 3031 2162 enim
3079 2109 3249 2162 noctis
3292 2108 3608 2162 meridianas

2021 2203 2479 2275 signiﬁcationem
2504 2211 2694 2270 stupor
2720 2201 2858 2270 ipse.
2893 2199 3052 2266 Quod
3078 2209 3263 2255 autem
3303 2217 3366 2255 ne
3385 2199 3607 2254 ducaris

2021 2295 2209 2362 addit,
2237 2294 2535 2349 verborum
2579 2308 2702 2355 nos,
2736 2293 2820 2347 vel
2847 2293 3174 2362 epinionum
3219 2292 3609 2362 probabilitate

2025 2386 2221 2440 adduci
2261 2385 2538 2455 prohibet,
2577 2397 2644 2437 ne
2667 2381 2939 2449 ejusmodi
2964 2380 3260 2450 magistros
3283 2381 3459 2434 secuti
3481 2396 3607 2434 cum

2022 2478 2132 2532 illis
2167 2476 2473 2547 praecipites
2501 2489 2744 2528 ruamus.
2783 2493 2800 2524 ι
2829 2472 3022 2527 Caecus
3053 2471 3198 2526 enim
3239 2471 3286 2524 si
3324 2485 3473 2525 catco
3504 2471 3609 2526 du-

2021 2581 2202 2624 catum
2237 2576 2482 2639 prmstet,
2521 2565 2681 2620 ambo
2711 2565 2766 2618 in
2792 2563 3004 2618 foveam
3029 2562 3216 2617 casuri
3251 2562 3362 2616 sint
3394 2561 3464 2614 “.
3505 2564 3610 2617 iAt

2020 2678 2121 2733 pro
2151 2677 2241 2724 eo,
2275 2660 2422 2731 quod
2456 2676 2520 2714 ne
2558 2658 2780 2712 ducaris
2813 2657 3024 2712 dictum
3060 2663 3166 2720 est,
3207 2671 3314 2708 non
3351 2655 3416 2708 ab
3453 2655 3610 2710 initio

2023 2755 2113 2809 ille
2139 2753 2345 2824 posuit,
2383 2753 2477 2823 qui
2510 2766 2617 2806 non
2652 2750 2758 2804 nisi
2789 2749 2930 2803 bello
2975 2748 3374 2818 propemodum
3424 2747 3612 2804 confe-

2021 2855 2132 2911 cto,
2165 2845 2229 2900 ad
2255 2846 2442 2899 Arnon
2467 2842 2788 2912 confugisse
2813 2839 3082 2895 Moabitas
3123 2841 3435 2894 annotavit.
3478 2840 3610 2895 Post

2022 2938 2158 3000 haec,
2196 2937 2366 3006 ﬁliam
2395 2935 2526 2990 Sion
2557 2935 2698 2990 Deus
2735 2934 2854 3002 ipse
2886 2949 2984 3002 pro
3009 2948 3110 2989 sua
3144 2933 3198 2986 in
3225 2933 3482 2987 homines
3515 2933 3611 2986 be-

2023 3031 2334 3086 nevolentia
2360 3027 2425 3082 de
2450 3027 2704 3082 Moabitis
2722 3025 3050 3096 alloquitur,
3069 3025 3160 3096 qui
3188 3025 3606 3096 resipiscentes.

2023 3119 2091 3174 a‘d
2120 3135 2279 3175 suum
2311 3118 2528 3173 tandem
2565 3117 2862 3172 Dominum
2905 3115 3132 3180 reversi,
3163 3114 3318 3186 juxta
3353 3131 3473 3170 eam
3507 3116 3611 3169 ba-

333 3185 459 3276 τος.
514 3185 578 3262 Ol
636 3208 743 3278 γάρ
789 3185 920 3260 ποτε
981 3203 1401 3276 συμμαχοῦντες
1451 3201 1702 3266 διώξουσι
1744 3200 1917 3255 Μωάϐ

2026 3208 2250 3266 bitaturi
2289 3215 2438 3264 sunt.
2487 3207 2848 3278 Protegentur
2890 3207 3061 3271 enim,
3110 3185 3314 3274 inquit,
3376 3220 3405 3257 a
3452 3205 3610 3260 vobis

334 3301 470 3369 πρὸς
511 3299 602 3352 τὸν
627 3299 760 3352 Θεδν
789 3298 1213 3369 ἐπιστρέψαντα·
1239 3295 1492 3366 καθάπερ
1521 3295 1629 3364 γὰρ
1657 3293 1921 3359 νεοσσὸς

331 3395 433 3464 τῆς
465 3395 707 3464 πονηρᾶς
737 3391 1076 3462 προστασίας
1102 3389 1401 3460 ἀφῄρηται,
1437 3387 1531 3442 τοῦ
1564 3388 1693 3460 πρὶν
1721 3387 1920 3459 ἄρχον-

334 3501 425 3548 τος
444 3482 854 3554 ἐλευθερωθεὶς,
913 3481 972 3545 ὂς
1016 3480 1266 3535 ἀπώλετο
1300 3481 1369 3533 δι’
1413 3479 1798 3552 ὑπερηφανίαν
1821 3478 1921 3532 καὶ

334 3575 628 3647 τυραννίδα
667 3575 877 3636 πάντας
929 3573 1137 3627 πατῶν.
1173 3573 1289 3641 Ἐφ’
1313 3565 1357 3640 ᾧ
1395 3571 1615 3643 ἀρθέντι
1659 3574 1854 3640 ἐπάγει
1883 3573 1917 3641 ή

337 3667 648 3739 προφητεία
678 3666 747 3719 τὰ
785 3665 1022 3737 ἐσόμενα
1044 3663 1229 3732 ἀγαθὰ
1261 3665 1389 3733 περὶ
1421 3663 1528 3717 τοῦ
1563 3663 1783 3730 θρόνου
1808 3665 1919 3717 Δα-

334 3760 452 3815 διδ.
479 3762 782 3828 ’Ἄρχοντα
830 3758 887 3812 δὲ
930 3757 1104 3822 καλεῖ,
1161 3755 1252 3809 τὸν
1281 3755 1359 3824 τῷ
1392 3753 1790 3826 ἔθνειπονηρδν
1818 3756 1919 3823 ἐφ-

334 3851 628 3923 εδρεύοντα
654 3851 906 3921 δαίμονα,
938 3847 972 3915 ἢ
1000 3849 1090 3901 τὸν
1124 3847 1363 3918 ἄρχοντα
1393 3845 1485 3900 τοῦ
1517 3845 1726 3908 ἔθνους,
1751 3839 1860 3907 οἷος
1894 3847 1922 3898 ό

347 3944 710 4016 Ἐλλήνων,ἢ
757 3941 1114 3996 Βαὸυλωνίων
1171 3940 1376 4010 ἄρχων,
1432 3939 1492 3993 ὃν
1564 3937 1924 3993 ἀπολεῖσθαί

333 4051 524 4103 φησιν.
564 4033 829 4104 Ἐπείπερ
861 4032 960 4094 τὰς
1003 4031 1180 4102 ψυχὰς
1231 4030 1413 4084 αὐτῶν
1463 4029 1798 4093 κατεπάτει,
1846 4029 1922 4091 ὼς

332 4127 446 4179 ἄνω
490 4125 710 4196 βλέπειν
765 4125 838 4196 μὴ
893 4124 1155 4179 δύνασθαι
1181 4139 1194 4152 ·
1239 4124 1328 4176 ἐπ’
1373 4122 1521 4192 αὐτῷ
1551 4123 1606 4175 δὲ
1635 4121 1803 4175 πάλαι
1824 4121 1922 4185 τὰς

330 4215 433 4283 τῆς
465 4213 786 4284 συμμαχίας
832 4214 930 4283 τῆς
967 4216 1027 4266 ὲν
1074 4213 1332 4283 πολέμοις
1385 4212 1603 4275 ἐλπίδας
1659 4211 1918 4267 ἐτίθεντο.

332 4306 471 4360 Μεθ’
500 4307 560 4359 ὃν
583 4306 900 4359 ἀπολωλότα
933 4307 1088 4375 φησὶ,
1120 4307 1214 4359 καὶ
1250 4303 1766 4374 κατορθωθήσεται
1795 4308 1921 4375 μετ’

333 4397 549 4465 ἐλέους
583 4401 615 4452 ό
672 4399 906 4466 θρόνος.
937 4399 1088 4451 Ἔδει
1110 4397 1219 4467 γάρ
1257 4398 1604 4469 ἀπολομένης
1635 4398 1922 4451 εἰδωλολα-

2023 3302 2226 3357 nulloa
2267 3309 2610 3371 persequente
2641 3307 2878 3369 accepto
2919 3297 3274 3352 detrimento.
3327 3294 3428 3362 Qui
3455 3312 3612 3350 nam-

2023 3407 2131 3462 que
2165 3392 2288 3448 bclli
2334 3391 2655 3446 societatem
2688 3389 2951 3453 inierant,
2988 3400 3294 3442 conversos
3339 3385 3404 3440 ad
3440 3383 3608 3440 Deum

2025 3485 2293 3541 Moabitas
2325 3482 2665 3554 persecuturi
2690 3492 2838 3536 sunt.
2863 3479 3312 3536 Exsistuntenim
3343 3486 3609 3548 tanquam

2024 3579 2202 3646 pullus
2244 3591 2276 3630 a
2307 3575 2450 3628 mala
2487 3580 2761 3644 potestate
2799 3571 2998 3640 erepti,
3035 3578 3088 3625 et
3142 3570 3313 3640 priori
3355 3569 3611 3632 Domino,

2025 3670 2118 3739 qui
2158 3669 2302 3724 fastu
2345 3674 2400 3720 et
2443 3663 2735 3737 tyrannide
2775 3664 2956 3718 elatus
2990 3663 3171 3717 omnia
3221 3660 3610 3726 conculcabat,

2025 3761 2240 3817 liberati
2279 3777 2292 3813 :
2329 3759 2574 3830 quojam
2631 3755 2855 3809 sublato
2879 3795 2893 3819 ,
2931 3771 3054 3824 qua),
3094 3753 3316 3808 Davidis
3365 3753 3614 3806 thronum

2027 3862 2306 3918 maneant,
2351 3852 2640 3924 prophetia
2669 3849 2936 3921 adjungit.
2967 3848 3273 3914 Principem
3304 3855 3486 3900 autem
3518 3859 3614 3915 ap-

2024 3943 2314 4015 pellat,vel
2351 3945 2556 3996 malum
2584 3941 2910 4004 daemonem,
2953 3940 3048 4010 qui
3080 3938 3230 4008 genti
3273 3936 3610 4000 insidiatur;

2023 4037 2110 4092 vel
2148 4035 2324 4106 gentis
2353 4035 2546 4090 ducem
2569 4075 2584 4098 ,
2626 4033 2810 4104 qualis
2858 4040 2943 4086 est
2979 4029 3404 4100 Babyloniorum
3445 4026 3610 4097 232

2026 4135 2121 4182 aut
2149 4127 2465 4184 Graecorum
2515 4126 2755 4196 aliquis;
2793 4138 2957 4193 quem
2999 4119 3121 4175 ideo
3165 4119 3389 4190 periisse
3442 4117 3610 4185 dicit,

2023 4223 2171 4292 quod
2201 4235 2392 4276 eorum
2427 4218 2640 4273 animas
2684 4217 2756 4271 ita
2792 4213 3164 4277 conculcabat,
3203 4221 3262 4267 ut
3295 4228 3364 4267 ne
3390 4227 3611 4267 sursum

2026 4310 2246 4380 quidem
2293 4309 2544 4379 aspicere
2602 4306 2972 4377 permitteret.
3014 4303 3074 4356 In
3123 4317 3190 4358 eo
3238 4311 3422 4357 autem
3482 4315 3608 4356 cum

2026 4402 2186 4458 bellis
2215 4401 2490 4472 oppressi,
2531 4413 2683 4470 spem
2733 4395 2928 4451 auxilii
2970 4393 3304 4464 jampridem
3337 4393 3612 4448 collocas-

331 4493 542 4561 τρείας,
573 4491 796 4560 ἀγαθῶν
832 4491 1056 4554 ἐλπίδας
1088 4489 1562 4559 εὐαγγελίζεσθαι,
1604 4491 1680 4556 ῶς
1717 4491 1920 4559 σκηνὴ

2028 4501 2190 4560 sent;
2244 4492 2362 4562 ipso
2399 4489 2510 4558 jam
2546 4488 2843 4551 exstincto,
2881 4502 3002 4540 cum
3043 4481 3419 4538 misericordia
3463 4482 3612 4534 thro-

332 4583 513 4638 Δαΰίό
564 4583 663 4637 καὶ
719 4584 932 4651 θρόνος
997 4583 1147 4637 Θεοῦ
1184 4585 1506 4654 συστήσεται
1550 4584 1679 4657 παρ’
1714 4585 1918 4650 αὐτοῖς,

331 4678 434 4729 οὐκ
458 4675 762 4748 ἀνθρώπων
792 4675 1022 4746 σπουδῇ,
1073 4675 1457 4749 φιλανθρωπίᾳ
1492 4677 1550 4730 δὲ
1586 4677 1724 4749 μόνῃ
1758 4678 1916 4731 Θεοῦ.

348 4767 580 4830 Ἀκύλας
605 4768 663 4821 δὲ
711 4769 806 4822 καὶ
858 4768 1153 4822 Θεοδοτίων
1215 4748 1521 4832 ἐξέδωκανο
1549 4748 1674 4824 Καὶ.
1698 4771 1923 4840 ἑτοιμα-

334 4859 630 4928 σθήσεται
684 4859 756 4912 ἐν
803 4860 970 4927 ἐλέῳ,
1008 4859 1203 4929 ἤγουν
1238 4861 1362 4930 μετ’
1405 4860 1639 4928 ἐλέους,
1685 4863 1920 4930 θρόνος.

336 4951 455 5003 Τίνι
505 4951 564 5004 δὲ
613 4951 1096 5022 ἐτοιμασθὴσεται,
1159 4953 1192 5024 ἢ
1241 4953 1460 5015 παντως
1507 4953 1730 5025 Χριστῷ
1759 4954 1924 5024 τῷέκ

338 5042 656 5112 σπέρματος
690 5043 1079 5114 τεχθησομένῳ
1105 5043 1326 5107 Aa6t’8;
1365 5045 1612 5114 σκηνὴν
1641 5046 1697 5099 δὲ
1740 5047 1919 5102 Δαϐὶδ

335 5131 916 5202 είωθενήπροψητεία
972 5135 1071 5202 τὴν
1123 5133 1450 5204 Ἐκκλησίαν
1505 5136 1709 5190 καλεῖν.
1774 5137 1930 5192 Ἐπεὶ

340 5223 430 5276 καὶ
455 5223 622 5275 Δαϐὶδ
656 5225 841 5277 καλεῖν
855 5224 977 5288 ἔθος
1006 5227 1142 5298 αὖτῇ
1158 5227 1246 5280 τὸν
1264 5228 1609 5299 Χριστὸν,ὡς
1648 5229 1762 5283 υἱὸν
1795 5231 1926 5286 ὄντα

340 5313 538 5369 Δαόίδ.
565 5314 863 5381 Θρόνονδέ
885 5317 974 5369 τὸν
993 5318 1050 5369 ἐν
1093 5318 1390 5391 Ἐκκλησία
1415 5321 1506 5373 τιν
1550 5321 1752 5393 ταύτης
1792 5323 1926 5376 ἐκά-

339 5405 460 5461 λεσε
476 5407 762 5478 πρόεδρον,
792 5407 848 5472 ὃς
876 5409 967 5462 τὸν
1002 5412 1314 5479 σωματικὸν
1339 5413 1524 5482 ἐπέχει
1551 5413 1764 5486 θρόνον,
1792 5415 1852 5468 τὸ
1895 5424 1922 5453 η

414 5585 455 5618 ⁵³
497 5585 690 5641 Matth.
730 5603 818 5652 xv,
860 5588 948 5642 li.

2029 4604 2156 4642 num
2195 4585 2457 4639 directum
2488 4583 2556 4637 iri
2590 4580 2888 4653 signiﬁcat.
2928 4577 3158 4635 Sublato
3185 4576 3458 4648 siquidem
3496 4573 3610 4630 ide.

2030 4680 2207 4733 lorum
2237 4678 2411 4740 cultu,
2440 4675 2708 4730 bonorum
2741 4687 2894 4742 spem
2920 4668 3235 4725 annuntiari
3260 4666 3445 4723 decuit
3474 4665 3617 4732 ;Da-

2029 4772 2163 4827 vidis
2200 4785 2392 4838 nempe
2436 4765 2864 4831 tabernaculum,
2922 4764 3120 4834 Deique
3171 4763 3418 4817 thronum
3470 4759 3614 4831 apud

2030 4878 2128 4918 eos
2161 4877 2269 4916 non
2299 4861 2582 4914 hominum
2613 4873 2746 4912 cura
2771 4865 2826 4910 et
2851 4854 3163 4926 diligentia,
3195 4853 3289 4908 sed
3322 4852 3438 4907 sola
3467 4850 3615 4918 ejus-

2032 4951 2155 5007 dem
2199 4965 2322 5007 esse
2384 4949 2731 5004 humanitate
2778 4946 3127 5018 erigendum.
3163 4943 3434 4999 Cazterum
3465 4939 3614 5010 quod

2027 5045 2254 5116 Aquilas
2287 5051 2339 5098 et
2371 5041 2674 5097 TueudOlio
2696 5041 2750 5094 in
2790 5039 3161 5094 misericordia
3197 5033 3613 5106 prteparandum

2029 5142 2280 5190 thronum
2331 5135 2641 5196 dixerunt,
2702 5149 2824 5186 cum
2872 5129 3247 5186 misericordia
3299 5126 3616 5196 signiﬁcare

2033 5231 2352 5285 voluerunt.
2391 5227 2489 5282 Cui
2530 5234 2737 5288 autem,
2767 5225 2872 5280 nisi
2909 5223 3132 5278 Christo
3158 5219 3405 5284 omnino,
3438 5220 3618 5290 quiex

2031 5324 2253 5378 Davidis
2278 5322 2489 5378 semine
2519 5319 2838 5374 nasciturus
2865 5324 3007 5381 erat,
3039 5319 3408 5384 pra'paratum
3437 5313 3502 5366 iri
3528 5329 3596 5382 pu

2033 5417 2256 5473 tentus?
2284 5415 2715 5486 Solctprtetcrca
2750 5405 3160 5464 tabernaculum
3199 5402 3394 5472 Darid,
3428 5403 3620 5461 Eccle-

1623 5680 1855 5738 ΥΛΙΗᾸΞ
1900 5681 2308 5740 LECTIONES.

414 5777 445 5798 ’”
485 5776 570 5832 ἵσ.
600 5776 761 5849 Jun;
800 5775 1076 5847 ἀληθείας.
1160 5785 1183 5810 η
1222 5795 1311 5845 γι».
1346 5777 1531 5829 τόπον.
