4022 6210
359 245 498 308 ἲῙΟἹ

1642 245 1998 306 PROCOPII
2037 246 2281 306 GAZAil

3479 239 3624 302 2108

359 355 497 410 siam
530 351 844 420 significare
884 350 1170 422 prephctia
1205 349 1279 417 3'";
1321 337 1466 406 sicut
1499 362 1553 407 ct
1586 351 1808 408 Davidis
1831 369 1930 407 no-

2064 352 2288 422 τοτηρῶν
2313 351 2500 421 ὥσπερ
2526 348 2961 420 ΧριστιξκὊτιδὲ
2985 347 3224 414 σκηνὴν
3245 348 3342 418 τὴν
3366 345 3432 412 ἐξ
3451 346 3628 401 ἐθνῶν

362 444 506 496 mine
539 443 818 495 Christum
842 442 1043 511 ipsum,
1069 431 1330 509 tanquam
1358 441 1578 496 Davidis
1607 443 1799 499 ﬁlium.
1833 443 1938 498 Per

362 533 607 586 thronum
640 530 839 584 deinde
871 531 923 584 iu
949 529 1191 584 Ecclesia
1229 531 1611 598 exsistentem,
1642 533 1764 602 ejus
1797 547 1937 602 prae-

362 623 533 677 sidem
550 620 1001 690 sigttiticant,qrti,
1022 635 1344 688 corporeum
1363 621 1620 676 thronum
1634 636 1936 691 occupans,

362 713 540 767 locum
570 713 736 764 veluti
764 711 986 765 Christo
1009 718 1276 765 reservat.
1308 711 1506 766 Verum
1533 727 1600 767 ne
1629 727 1736 767 non
1764 713 1940 766 taber-

363 807 544 859 naruti
575 807 797 859 nomine
827 805 1114 858 collectam
1137 820 1200 857 ex
1235 804 1488 874 gentibus
1524 804 1819 860 Ecclesiam
1857 805 1940 858 in-

364 897 640 950 tctlt-xisse
670 905 921 965 putemus
947 881 964 959 έ
991 894 1207 949 abunde
1241 895 1290 947 id
1313 895 1523 964 primus
1551 895 1642 950 ille
1679 894 1941 950 Hieroso-

371 988 683 1058 lymitarum
717 985 946 1040 antistes
963 983 1204 1040 Jacobus
1232 984 1286 1038 in
1314 986 1693 1056 apostolorum
1719 987 1941 1043 Actibus

370 1080 581 1142 docuit,
619 1077 706 1132 ubi
747 1080 820 1130 ait
862 1096 874 1132 :
906 1097 922 1128 ι
955 1075 1064 1131 Viri
1098 1077 1320 1142 fratres,
1354 1076 1539 1133 audite
1559 1092 1662 1132 me.
1702 1077 1938 1148 Symeon

366 1169 608 1223 narravit
643 1167 1103 1236 quemadmodum
1144 1155 1528 1222 Deus'curavit
1559 1182 1842 1222 assumere
1874 1183 1942 1222 ex

364 1261 617 1331 gentibus
651 1259 906 1328 populum
937 1257 1145 1310 nomini
1180 1272 1315 1312 suo:
1345 1266 1399 1311 et
1434 1257 1563 1310 hinc
1597 1256 1942 1311 concordant

367 1352 757 1421 prophetarum
788 1351 975 1415 verba,
1013 1349 1476 1420 quemadmodum
1509 1349 1776 1419 scriptum
1806 1359 1890 1404 est
1923 1365 1938 1403 :

369 1443 500 1497 Post
526 1444 642 1497 haec
675 1452 942 1509 revertar,
991 1452 1046 1497 et
1077 1443 1386 1512 collapsum
1428 1441 1654 1496 Davidis
1689 1442 1945 1495 taberna-

366 1537 548 1589 culum
577 1536 920 1600 instaurabo,
941 1536 1232 1604 dirutaque
1247 1535 1367 1604 ejus
1391 1549 1610 1588 rursum
1633 1534 1941 1598 aediﬁcabo,

367 1639 414 1682 et
443 1629 619 1697 ipsum
652 1629 879 1696 erigam,
917 1635 974 1680 ut
1007 1625 1299 1680 Dominum
1339 1626 1536 1696 reliqui
1568 1627 1822 1682 homines
1861 1643 1946 1682 re-

2045 443 2375 513 Ἐκκλησίαν
2388 442 2670 512 δη).οῖ,παρ
2681 441 2908 511 έστηηεν
2926 441 2982 492 ἐν
2999 440 3264 510 Πράξεσιν
3285 438 3390 491 τῶν
3403 438 3628 492 ἀποστό-

2043 536 2152 591 λων
2166 535 2421 598 Ἰάκω6ος
2461 535 2489 586 6
2513 535 2726 605 πρῶτος
2741 533 2809 585 Ἰε
2816 549 2876 603 ρο
2885 531 3007 584 σολύ
3016 548 3131 600 μων
3149 531 3445 592 ἐπίσκοπος
3463 548 3630 598 γεγο-

2045 627 2202 691 νὼς,ι
2217 625 2443 697 Ἀνδρες
2460 624 2702 693 ἀδελφοὶ,
2722 623 2919 692 λέγων,
2951 621 3223 676 ἀκούσατέ
3251 637 3374 692 μου.
3402 621 3631 691 Συμεὼν

2046 711 2350 782 ἐξηγήσατο
2370 711 2552 775 καθὼς
2568 711 2784 782 πρῶτον
2801 712 2828 763 6
2845 710 2976 773 Θεὸς
3003 708 3348 778 ἐπεσκέψατο
3366 709 3552 763 λαθεῖν
3567 711 3630 778 ἐξ

2046 800 2217 855 ἐθνῶν
2243 801 2370 854 λαὸν
2388 799 2466 871 τῷ
2485 800 2711 870 ὀνόματι
2731 799 2923 862 αὑτοῦ,
2945 799 3036 852 καὶ⁵
3056 799 3231 868 τούτῳ
3248 798 3630 868 συμφωνοῦσιν

2046 894 2095 946 οἱ
2115 893 2260 962 λόγοι
2273 893 2380 946 τῶν
2399 892 2713 963 προφητῶν,
2730 892 2914 956 καθὼς
2924 891 3256 962 γέγραπται·
3283 890 3437 946 Μετά
3455 891 3633 948 ταῦτα

2048 985 2372 1057 ἀναστρέψω
2396 987 2488 1039 καὶ
2521 985 2927 1054 ἀνοικοδομήσω
2971 984 3070 1055 τὴν
3110 983 3314 1055 σκηνὴν
3337 985 3502 1038 Δαὸὶδ
3529 985 3633 1056 τὴν

2048 1078 2427 1140 πεπτωκυῖαν,
2484 1076 2580 1129 καὶ
2635 1075 2706 1128 τά
2736 1074 3198 1146 κατεστραμμένα
3218 1075 3390 1145 αὐτῆς
3422 1075 3636 1130 ἀνοικο-

2047 1166 2287 1236 δομήσω,
2323 1169 2418 1220 καὶ
2447 1165 2744 1237 ἀνορθώσω
2776 1165 2968 1237 αὐτὴν,
2999 1167 3144 1227 ὅπως
3165 1166 3231 1218 ἂν
3252 1165 3633 1236 ἐκζητήσωσιν

2047 1261 2096 1313 οἱ
2126 1261 2447 1314 κατάλοιποι
2475 1259 2584 1313 τῶν
2603 1257 2910 1329 ἀνθρώπων
2940 1257 3033 1311 τὸν
3055 1257 3284 1328 Κύριον.
3311 1258 3423 1311 Καὶ
3454 1257 3634 1311 πάντα

2047 1352 2116 1406 τὰ
2155 1352 2302 1424 ἔθνη,
2333 1353 2419 1420 ἐφ’
2473 1351 2569 1414 οὒς
2623 1349 2984 1419 ἐπικέκληται
3017 1349 3078 1402 τὸ
3118 1348 3291 1418 ὄνομά
3325 1365 3452 1418 μου,
3481 1347 3636 1416 λέγει

2051 1443 2270 1515 Κύριος.
2307 1463 2325 1496 ι
2362 1442 2528 1496 Ταῦτ’
2575 1441 2670 1496 οὖν
2725 1440 2966 1506 ἔσεσθαι,
2990 1441 3181 1511 φησὶν,
3231 1440 3294 1493 ού
3324 1439 3412 1493 διὰ
3442 1439 3634 1492 τύπων

2050 1536 2144 1590 καὶ
2170 1535 2474 1604 συμϐόλων,
2503 1533 2638 1588 ἀλλὰ
2670 1534 2821 1604 μετὰ
2844 1534 3153 1601 ἀληθείας.
3172 1531 3500 1602 Ἐκκλησίας
3526 1530 3636 1602 γὰρ

2051 1627 2202 1697 παρὰ
2227 1629 2337 1690 τοῖς
2393 1626 2711 1689 Μωαϐίταις
2751 1623 3183 1696 συστησομένης,
3214 1625 3243 1677 6
3282 1623 3486 1694 ταύτης
3509 1639 3638 1693 προ-

367 1721 613 1790 quirant,
648 1728 699 1773 ct
727 1734 921 1773 omnes
954 1725 1143 1787 gentes
1166 1734 1331 1787 super
1359 1734 1498 1784 quas
1526 1719 1839 1772 invocatum
1859 1727 1944 1774 est

2064 1719 2216 1783 εστὼς
2260 1717 2548 1773 καθιεῖται
2601 1719 2823 1787 κρίνων
2875 1716 3122 1780 δικαίως.
3177 1717 3383 1784 Ἤγουν
3417 1715 3638 1782 θρόνον

371 1827 568 1866 nomen
612 1827 791 1864 meum
824 1850 839 1875 ,
874 1809 1004 1863 dicit
1041 1809 1304 1864 Dominus
1336 1809 1433 1863 ³⁸.»
1475 1807 1599 1862 llmc
1633 1809 1802 1880 igitur
1841 1826 1950 1866 non

2064 1813 2206 1884 ρησὶ,
2256 1812 2433 1882 δηλῶν
2485 1809 2570 1864 ὅτι
2615 1811 2820 1872 πάντες
2868 1807 3362 1878 βασιλευθήσονται
3409 1807 3517 1860 ὑπὸ
3538 1805 3636 1860 τοῦ

369 1903 557 1972 ﬁguris
611 1911 705 1955 aut
735 1902 1026 1973 symbolis,
1057 1901 1150 1956 sed
1187 1903 1241 1954 in
1263 1901 1486 1955 veritate
1518 1901 1699 1955 futura
1725 1902 1952 1957 demon-

2064 1902 2314 1977 Ι(ριστοῦ,
2357 1902 2498 1957 κατά
2549 1902 2632 1969 τὸ,
2672 1921 2691 1954 ι
2729 1903 2820 1954 Δεῖ
2845 1901 2955 1972 γὰρ
2993 1901 3157 1954 αὑτὸν
3191 1899 3502 1970 βασιλεύειν
3532 1899 3637 1962 ἕως

371 2005 526 2050 strat.
575 1993 819 2048 Collecta
854 1993 998 2048 enim
1041 1994 1184 2062 apud
1229 1992 1498 2048 Moabitas
1545 1992 1813 2059 Ecclesia,
1855 1995 1948 2064 qui

2064 1995 2114 2049 iv
2140 1995 2207 2066 θῇ
2238 1995 2364 2058 τοὺς
2391 1993 2622 2065 ἐχθροὺς
2646 1994 2754 2048 ὑπὸ
2774 1995 2903 2056 τοὺς
2926 1992 3094 2056 πόδας
3111 1990 3299 2045 αὐτοῦ.
3315 2010 3331 2042 ι
3357 1989 3637 2059 Διορθοῦ-

372 2085 548 2138 cidem
594 2084 894 2154 praefuerit.
935 2084 1083 2152 juste
1120 2081 1376 2152 judicans
1415 2083 1638 2138 sedebit.
1671 2081 1768 2138 Vel
1802 2093 1951 2140 certe

2064 2102 2142 2140 rat
2173 2085 2230 2140 δὲ
2259 2089 2292 2140 ό
2314 2087 2549 2154 θρόνος,
2582 2083 2662 2149 τῷ
2679 2083 3048 2151 διορθώσεως
3069 2085 3254 2152 τυχεῖν
3271 2082 3342 2135 τὰ
3365 2080 3642 2152 βασιλευὸ-

374 2176 632 2229 throumu
667 2175 788 2229 ideo
820 2176 974 2239 dicit,
1002 2182 1062 2227 ut
1088 2189 1117 2226 a
1149 2174 1368 2227 Christo
1389 2167 1582 2229 omnes
1610 2175 1879 2245 regendos
1897 2183 1950 2230 et

2064 2196 2198 2250 μενα
2224 2194 2238 2209 ο
2269 2179 2406 2248 ὅπερ
2434 2176 2645 2246 γίνεται
2687 2175 2747 2229 ού
2781 2174 2925 2228 κατὰ
2957 2174 3056 2244 τὴν
3093 2171 3250 2238 ἀξίαν
3285 2173 3392 2227 τῶν
3425 2171 3643 2243 μελλόν-

376 2268 766 2337 gubernandos
797 2266 1086 2336 signiticet.
1108 2264 1272 2318 Juxta
1297 2266 1465 2320 illud:
1500 2286 1519 2318 ι
1553 2265 1780 2336 Oportet
1803 2268 1948 2321 enim

2064 2287 2167 2325 των
2205 2269 2710 2342 βασιλευθήσεσθαι,
2755 2267 2900 2322 κατά
2936 2268 2994 2320 δὲ
3050 2266 3160 2321 τὸν
3199 2268 3378 2322 ἔλεον
3406 2265 3504 2319 καὶ
3543 2263 3644 2336 τὴν

375 2359 554 2430 ipsum
581 2373 830 2428 regnare,
867 2355 1042 2409 donec
1077 2365 1245 2424 ponat
1277 2355 1531 2412 inimicos
1559 2373 1692 2412 suos
1723 2358 1828 2412 sub
1856 2373 1952 2427 pe-

2064 2361 2409 2431 χρηστότητα
2432 2359 2527 2412 τοῦ
2558 2357 2718 2411 Θεοῦ.

376 2449 536 2504 dibus
561 2451 676 2504 suis
705 2447 769 2501 ³⁷.
809 2465 827 2498 ι
879 2444 1018 2498 Tum
1049 2447 1266 2499 demum
1299 2447 1445 2500 enim
1501 2449 1745 2516 reparari
1777 2448 1936 2519 233
1976 2460 2025 2503 et
2057 2451 2188 2521 erigi
2225 2449 2443 2502 thronus
2495 2448 2736 2513 dicitur,
2769 2461 2890 2501 cum
2921 2459 2984 2500 ea
3025 2454 3196 2511 recte,
3263 2444 3317 2498 ir.
3364 2457 3486 2513 qua:
3537 2441 3645 2495 im-

381 2542 589 2612 perium
652 2553 1007 2605 exercemus,
1068 2536 1437 2607 disponuntur
1499 2546 1554 2594 et
1614 2552 1920 2610 reguntur:
1965 2541 2112 2611 quod
2169 2557 2282 2598 non
2351 2554 2566 2606 eorum,
2615 2539 2710 2610 qui
2771 2536 2992 2610 regendi
3031 2546 3161 2592 sunt
3225 2536 3491 2606 dignitate
3546 2534 3646 2590 sed

380 2647 592 2689 summa
635 2633 725 2688 Dei
770 2633 934 2688 unius
970 2613 1310 2702 benignitate
1332 2641 1386 2688 et
1424 2633 1796 2688 misericordia
1843 2633 2103 2692 eﬂicitur.

454 2725 660 2780 Sedebit
685 2739 818 2794 ergo
850 2724 1041 2790 David,
1072 2725 1173 2790 ait,
1199 2724 1253 2778 id
1277 2733 1386 2790 est,
1412 2741 1577 2780 manu
1600 2735 1654 2781 et
1684 2735 1957 2798 potestate

381 2818 612 2873 idoneus
640 2815 901 2871 Christus
945 2831 1062 2868 cum
1103 2816 1324 2869 veritate
1351 2854 1366 2879 .
1421 2825 1470 2869 et
1514 2815 1751 2887 regnabit
1784 2815 1836 2868 in
1873 2823 1956 2868 ta-

381 2909 682 2973 bernaculo,
711 2907 874 2960 donec
901 2906 1072 2976 judex-
1098 2905 1162 2960 de
1194 2906 1436 2960 omnibus
1463 2908 1774 2961 sententiam
1794 2907 1952 2977 ferat.

383 2997 637 3054 Ostendit
682 3007 865 3052 autent
893 2997 1039 3066 quod
1080 3013 1196 3049 cum
1229 2998 1448 3051 veritate
1484 3013 1770 3052 sessurum
1799 2999 1954 3064 dicit,

386 3089 646 3143 falsitatis
683 3096 736 3141 et
769 3087 1038 3141 mendacii
1073 3084 1534 3156 proﬂigationem.
1571 3087 1729 3152 Quod
1760 3087 1976 3158 deinde

384 3188 746 3250 regnaturum
785 3178 902 3241 ait,
951 3176 1128 3232 donec
1158 3177 1428 3246 judicium
1476 3177 1699 3245 fecerit;
1744 3178 1955 3248 justum

386 3269 508 3339 ejus
556 3271 609 3322 in
661 3267 923 3323 erunibus
968 3269 1086 3322 fore
1129 3268 1402 3336 judicium
1451 3269 1674 3334 innuit,
1722 3275 1816 3339 qut
1857 3285 1964 3324 non

389 3371 592 3413 temere
619 3397 634 3421 ,
684 3373 789 3410 non
820 3366 1168 3420 cunctanter,
1206 3357 1302 3412 scd
1352 3373 1484 3412 cura
1532 3373 1730 3429 magna
1759 3367 1812 3414 et
1839 3358 1968 3413 dili-

389 3451 572 3518 gentia
603 3448 732 3518 quid
779 3463 1051 3518 quemque
1082 3449 1277 3503 deccat
1307 3449 1679 3518 exquirendo,
1729 3467 1838 3520 quo
1875 3451 1967 3521 jus

391 3534 551 3596 suum
621 3541 838 3594 tandem
873 3540 1052 3610 quivis
1079 3549 1484 3610 consequatur,
1531 3541 1854 3596 sententiam
1887 3543 1964 3597 la-

391 3643 550 3688 turus
590 3633 680 3686 sit.
707 3630 822 3687 Non
850 3622 1067 3697 desunt,
1099 3631 1192 3701 qui
1225 3631 1472 3688 historia:
1517 3649 1737 3688 sensum
1768 3633 1966 3698 secuti,

397 3725 463 3778 ad
494 3740 612 3777 eam
637 3741 756 3794 quin
771 3723 914 3795 Cyro
939 3725 1244 3793 imperante
1263 3724 1446 3778 divina
1469 3725 1824 3779 miseratione
1841 3741 1971 3780 con-

396 3817 540 3887 tigit,
573 3817 946 3871 reversionem
972 3816 1225 3882 trahant;
1255 3830 1362 3886 quo
1389 3823 1635 3885 tempore
1657 3815 1969 3870 indecorum

399 3924 485 3963 res
529 3909 902 3972 instauratos,
953 3915 1009 3963 et
1056 3908 1111 3961 in
1169 3922 1331 3961 suum
1381 3908 1634 3961 ordinem
1686 3909 1972 3964 restitutas

396 4001 567 4055 fuisse
591 3999 840 4069 legimus.
865 3997 978 4053 lloc
1002 3999 1150 4052 enim
1179 3995 1492 4066 signiﬁcare
1515 3998 1693 4050 throni
1724 3997 1972 4063 nomine,

397 4093 450 4144 in
487 4107 596 4161 quo
628 4092 824 4145 sedebit
867 4092 920 4145 in
972 4091 1191 4144 veritate
1214 4088 1469 4158 judicans
1521 4090 1573 4142 in
1625 4087 1971 4144 tabernaculo

398 4183 588 4236 David.
662 4181 904 4252 Ideoque
975 4181 1376 4236 tabernaculum
1462 4179 1690 4235 Davidis
1763 4181 1969 4252 regiam

399 4275 595 4343 ipsius,
641 4275 693 4328 in
731 4290 838 4343 qua
876 4271 968 4342 qui
1011 4274 1283 4342 degebant
1316 4288 1382 4327 ex
1438 4272 1621 4342 legum
1672 4288 1838 4327 sensu
1883 4273 1975 4342 jus

397 4367 691 4429 dicebant;
723 4365 1074 4433 tltronnmque
1094 4364 1264 4432 juste,
1289 4379 1604 4433 quanquam
1629 4379 1734 4417 non
1760 4378 1972 4425 omnes,

2133 2727 2478 2784 Καθεδεῖται
2506 2735 2530 2764 ο
2548 2726 2663 2790 οῦν,
2697 2723 2885 2795 φησὶν,
2915 2727 2948 2778 ό
2973 2723 3170 2790 Δαϐὶδ,
3197 2725 3227 2776 6
3272 2721 3458 2785 ἱκανὸς
3501 2722 3648 2794 χειρὶ

2062 2819 2158 2871 καὶ
2189 2817 2421 2888 δυνάμει
2448 2816 2680 2889 Χριστὸς
2708 2814 2857 2886 μετὰ
2884 2815 3196 2883 ἀληθείας,
3227 2814 3325 2867 καὶ
3348 2814 3648 2878 ,Βασιλεύ-

2062 2924 2159 2964 σει
2196 2911 2266 2964 ἐν
2295 2910 2520 2978 σκηνῇ,
2548 2910 2659 2976 ἕως
2696 2908 2928 2976 ποιήσῃ
2960 2907 3182 2976 κρίνων
3211 2905 3327 2974 τὴν
3368 2904 3467 2959 ἐπὶ
3494 2905 3647 2959 πᾶσι

2064 3001 2288 3068 κρίσιν.
2338 3001 2400 3053 Ἥ
2435 3001 2490 3054 δὲ
2520 2999 2671 3068 μετὰ
2701 2998 2992 3064 ἀληθείας
3031 2995 3269 3064 καθέδρα
3292 2994 3529 3048 δείκνυσι
3556 2993 3648 3047 τὸν

2061 3091 2156 3144 τοῦ
2181 3091 2408 3160 ψεύδους
2438 3089 2771 3160 ἀφανισμόν.
2812 3086 3138 3141 Βασιλεύσει
3185 3085 3242 3140 δὲ
3297 3086 3400 3148 ἕως
3445 3085 3650 3156 ποιήσῃ

2066 3180 2271 3251 κρίσιν.
2305 3180 2417 3252 Τὴν
2443 3181 2536 3234 ἐπὶ
2565 3181 2730 3234 πᾶσιν
2760 3179 2928 3233 αὐτοῦ
2957 3176 3357 3248 δικαιοκρισίαν
3382 3175 3649 3245 καθίστη-

2067 3289 2141 3334 σι,
2171 3270 2292 3325 καθ’
2323 3271 2389 3342 ἢν
2417 3272 2514 3341 οὐχ
2540 3270 2614 3334 ὡς
2644 3269 2835 3341 ἔτυχεν
2863 3267 3250 3338 ἀποφαίνεται,
3296 3267 3358 3320 τὸ
3406 3266 3464 3319 δὲ
3512 3265 3648 3335 πρέ-

2068 3381 2168 3418 πον
2218 3356 2452 3433 ἐκάστιρ
2486 3361 2687 3433 ζητῶν,
2739 3361 2815 3424 ὡς
2846 3359 2982 3432 πρὸς
3032 3358 3186 3423 τέλος
3221 3357 3431 3427 ἀγαθὸν
3460 3357 3651 3427 φέρειν

2069 3454 2286 3526 ἑκάστῳ
2321 3454 2383 3507 τὸ
2413 3455 2612 3524 κρῖμα,
2637 3451 2982 3521 κατεπείγων
3011 3450 3110 3521 τὴν
3142 3448 3521 3519 δικαιοσύνην,
3551 3448 3654 3501 οὐκ

2067 3545 2369 3616 ἀνειμένως
2396 3546 2586 3612 ποιῶν,
2617 3545 2822 3616 σπουδῇ
2845 3545 2903 3598 δέ
2932 3543 3184 3615 πλείστῃ.
3223 3542 3361 3596 Καθ’
3410 3540 3652 3611 ἱστορίαν

2069 3637 2127 3690 δέ
2157 3637 2330 3692 ταῦτά
2362 3655 2506 3700 τινες
2559 3637 2899 3708 ἐξηγήσαντο
2923 3676 2938 3701 ,
2975 3634 3051 3698 ὡς
3091 3633 3356 3706 δηλοῦντα
3404 3634 3503 3704 τὴν
3549 3632 3653 3685 ὑπὸ

2073 3727 2262 3798 Κύρου
2315 3727 2620 3797 γενομένην
2670 3728 2864 3796 ἄφεσιν
2907 3726 3004 3779 τοῦ
3055 3724 3228 3788 λαοῦ,
3281 3723 3417 3776 Θεοῦ
3464 3722 3652 3777 τοῦτον

2071 3819 2462 3890 οἰκτείραντος,
2483 3819 2578 3872 καὶ
2609 3819 2706 3891 τὴν
2740 3816 2870 3888 παρ’
2907 3816 3184 3879 Ἰουδαίοις
3208 3815 3487 3887 βασιλείαν
3512 3815 3653 3886 διορ-

2074 3909 2360 3980 θουμένου,
2391 3911 2472 3972 εἴς
2504 3925 2561 3962 τε
2609 3907 2707 3978 τὴν
2753 3907 2960 3961 οἰκείαν
3007 3905 3232 3974 ἄγοντος
3269 3905 3445 3970 τάξιν.
3483 3902 3655 3958 Τοῦτο

2073 4002 2182 4072 γὰρ
2212 4002 2318 4054 τὸν
2367 4001 2584 4069 θρόνον
2627 3998 2842 4067 δηλοῦν,
2900 3998 2991 4066 ἐφ’
3055 3991 3129 4052 οὗ
3183 3996 3468 4050 καθιεῗται
3522 3994 3654 4064 μετ’

2073 4094 2358 4162 ἀληθείας
2383 4093 2454 4146 ἐν
2482 4091 2688 4160 σκηνῇ
2707 4089 2885 4143 Δαϐὶδ
2917 4089 3138 4157 κρίνων
3165 4087 3432 4157 σκηνὴν,
3464 4087 3654 4155 λέγονο

2075 4207 2165 4252 τες
2201 4187 2379 4242 Δαϐὶδ
2410 4185 2476 4239 τὰ
2514 4185 2787 4255 βασίλεια,
2821 4183 2878 4236 ἐν
2921 4176 3003 4245 οἷς
3055 4181 3368 4251 ποιούμενοι
3410 4179 3509 4244 τὰς
3543 4179 3654 4232 δια-

2075 4279 2288 4351 τριϐὰς,
2321 4276 2567 4341 ἐδίκαζον
2593 4275 2854 4344 ἐννόμως,
2879 4272 2986 4326 τὸν
3024 4273 3240 4340 θρόνον
3279 4270 3557 4333 διέποντες
3586 4269 3658 4322 διο

2079 4370 2270 4432 καίως,
2302 4371 2349 4422 εἰ
2383 4367 2478 4421 καὶ
2533 4367 2610 4439 μὴ
2659 4365 2862 4428 πάντες
2906 4363 3142 4416 τοιοῦτοι
3189 4360 3501 4439 γεγόνασιν.
3543 4359 3654 4411 Οὐκ

395 4457 549 4512 obire
577 4465 1000 4511 consueverant.
1033 4453 1220 4524 Neque
1245 4470 1372 4508 vero
1411 4454 1464 4507 in
1492 4451 1688 4522 .ludam
1720 4463 1775 4508 et
1805 4453 1958 4507 Israc.

2078 4463 2158 4516 ἔτι
2181 4463 2237 4515 δὲ
2265 4461 2485 4532 διῄρητο
2515 4458 2768 4530 βασιλεὺς
2809 4455 2980 4510 Ἰούδα
3007 4455 3102 4509 καὶ
3143 4451 3373 4543 Ἰσραὴλ.
3397 4451 3530 4521 μετά
3555 4453 3654 4521 τὴν

401 4550 503 4600 lem
559 4548 796 4617 amplius
848 4550 916 4600 ab
967 4547 1086 4614 ipso
1141 4545 1474 4599 reversionis
1520 4554 1765 4614 tempore
1822 4547 1974 4617 regni

400 4639 600 4692 divisio
623 4639 739 4699 fuit,
764 4637 859 4691 sed
886 4650 996 4690 uno
1022 4651 1240 4698 omnes,
1269 4635 1364 4706 qui
1392 4635 1783 4705 Hierosolymis
1808 4647 1976 4704 esset,

400 4728 711 4798 gaudebant
735 4729 1068 4797 principatu.
1090 4727 1244 4794 Quod
1269 4727 1429 4782 etiam
1455 4727 1524 4781 ab
1550 4728 1659 4780 alio
1711 4731 1977 4799 propheta

404 4818 637 4889 tegimus
665 4817 1176 4888 ita'signiﬁeatnm:
1208 4837 1226 4871 ι
1265 4820 1329 4872 Ει
1368 4817 1670 4874 ascenderit
1706 4837 1770 4874 ex
1806 4831 1972 4886 terra,

401 4925 454 4969 et
492 4913 773 4983 paululum
822 4913 874 4966 in
910 4929 1034 4984 rege
1065 4921 1119 4968 et
1161 4914 1410 4984 principe
1457 4913 1712 4980 ungcmlo
1757 4913 1976 4967 labora-

348 5045 350 5047 »
406 5008 623 5065 bunt”.
663 5028 681 5060 θ
715 5008 892 5077 Atque
917 5009 1028 5063 lucc
1053 5019 1202 5074 sunt,
1233 5025 1354 5079 qua:
1379 5009 1432 5062 in
1460 5009 1726 5062 Moabitas
1750 5018 1977 5062 montem

404 5105 533 5156 Sion
566 5113 769 5170 petram
801 5102 1065 5156 desertam
1104 5105 1466 5173 appellantes,
1519 5113 1882 5172 usurpantur,
1920 5103 1975 5154 in

406 5196 608 5262 quibus
642 5195 956 5250 Judacorum
989 5195 1232 5250 reversio
1258 5235 1272 5260 ,

2077 4553 2352 4619 ἐπάνοδον,
2375 4551 2591 4605 ἐτέλουν
2619 4549 2678 4603 δὲ
2705 4550 2906 4612 πάντες
2945 4547 3051 4600 ὑπὸ
3093 4545 3223 4615 μίαν
3259 4547 3316 4597 ἐν
3356 4535 3649 4614 Ἰεροσολύ-

2080 4659 2199 4715 μοις
2231 4641 2427 4712 ἀρχήν.
2461 4639 2631 4694 Τοῦτο
2669 4639 2725 4691 δέ
2753 4655 2834 4700 τις
2864 4637 3148 4707 προφήτης
3189 4634 3432 4704 ἐμήνυσε
3456 4632 3652 4699 λέγων;

2082 4753 2101 4786 ι
2136 4735 2244 4786 Καὶ
2283 4731 2650 4800 ἀναϐήσονται
2681 4730 2744 4782 ἐκ
2782 4727 2882 4796 τῆς
2912 4726 3035 4795 γῆς,
3066 4725 3161 4777 καὶ
3191 4722 3512 4776 κοπιάσουσι
3567 4737 3658 4788 μιν

2077 4826 2211 4897 κρδν
2241 4822 2335 4876 τοῦ
2365 4822 2539 4894 χρίειν
2571 4819 2794 4892 βασιλέα
2820 4818 2916 4871 καὶ
2947 4817 3208 4886 ἄρχοντα.
3243 4839 3258 4866 ι
3308 4813 3490 4867 Ταῦτα
3525 4811 3654 4882 μένε

2076 4936 2159 4971 τοι
2194 4918 2330 4988 πρὸς
2377 4915 2494 4984 τὴν
2525 4913 2706 4967 Μωὰϐ
2747 4909 2962 4981 εἴρηται
3001 4906 3114 4974 τὴν
3167 4905 3391 4973 ἔρημον
3433 4901 3657 4968 πέτραν

2079 5010 2144 5063 τὸ
2176 5009 2328 5062 Σιὼν
2359 5008 2496 5076 ὄρος
2535 5003 2865 5065 καλέσασαν,
2894 4992 3177 5067 ’δηλοῦντα
3228 4995 3326 5064 τὴν
3389 4992 3658 5046 Ἰουδαίων

2082 5099 2401 5167 ἀνάκλησιν.
2435 5098 2530 5151 καὶ
2558 5097 2659 5166 τὴν
2691 5093 2862 5146 ἀΐδιον
2891 5090 3108 5159 ἐκείνης
3144 5086 3444 5142 ἀπώλειαν.

1361 5205 1414 5250 et
1480 5199 1714 5252 istorum
1787 5194 2044 5248 interitus
2085 5193 2419 5262 sempiterna
2452 5189 2862 5259 signiﬁcantur.

477 5357 520 5390 εδ
574 5357 740 5412 Amos
779 5375 856 5423 ix,
891 5360 949 5415 il
986 5401 1000 5430 ,
1045 5360 1164 5416 Aet.
1216 5378 1302 5428 sV,
1335 5361 1421 5417 lti.
1469 5359 1511 5391 ³⁸
1554 5360 1978 5426 Aet.xv,l5-l7.
2012 5360 2054 5399 ³⁷
2089 5355 2105 5409 I
2146 5353 2271 5410 Cor.
2310 5368 2398 5417 xv,
2430 5349 2521 5405 25.
2596 5348 2640 5382 ³⁸
2677 5344 2818 5402 Osee
2854 5361 2890 5406 ι,
2939 5343 3022 5397 ll.

1727 5510 1957 5566 \’.-\ll!;’li
1990 5505 2391 5566 LECTIONES.

491 5657 518 5687 ο
554 5667 638 5718 γρ.
680 5646 970 5702 καθι;ῖται.
