4022 6210
170 315 180 321 ’
280 310 418 378 2109

1417 291 2072 390 COMMENTARII’IN
2114 329 2400 392 ISAIAM.

3422 323 3562 389 2110

347 426 503 490 σε’-ιδ’.
550 426 932 497 Ἦκούσαμεν
976 425 1093 495 τὴν
1122 427 1294 496 ὕϐριν
1327 430 1523 486 Μωὰὅ.
1567 432 1874 503 Ὑϐριστὴς

2047 439 2212 512 234
2231 438 2396 496 Vsus.
2421 437 2578 494 6-H.
2595 438 2907 493 Audiuimus
2933 437 3192 507 injuriam
3219 434 3399 490 Moab.
3416 435 3560 489 Con-

287 519 548 589 agsddpa,
589 517 707 588 τὴν
752 520 1174 589 ὑπερηφανίαν
1202 518 1408 591 ἐξῆρα.
1450 526 1574 593 Οὐχ
1606 526 1795 594 οὕτως
1828 529 1866 596 ἡ

276 611 528 682 μαντεία
569 626 710 674 σου,
751 611 866 680 οὐχ
928 611 1141 678 οὕτως.
1200 613 1514 680 Ὀλολύξει
1560 617 1745 671 Μωὰϐ
1770 620 1874 674 ’ἐν

278 703 392 774 γὰρ
418 702 498 772 τῇ
524 703 844 759 Μωαϐίτιδι
888 703 1115 772 πάντες
1144 707 1536 774 όλολύεουσι.
1569 711 1698 778 Τοῖς
1735 729 1875 767 κατα

278 796 516 852 οικοῦσι
565 796 636 851 δὲ
672 798 798 866 Σὴθ
824 797 1172 868 μελέτησις.
1207 802 1315 856 Καί
1360 804 1474 858 οὐκ
1514 804 1874 876 ἐντραπήσῃ

278 889 350 942 τὰ
388 888 568 942 πεδία
609 887 893 956 Ἐσεόὥν,
935 907 990 944 κ.
1017 907 1072 946 τ.
1101 889 1155 945 λ.

350 980 468 1048 Τὴν
504 980 816 1036 Μωαϐιτῶν
865 981 1192 1047 ἀλαζονείαν
1227 983 1600 1054 προλαϐόντες
1644 987 1738 1042 καὶ
1766 988 1876 1042 ἀπὸ

274 1070 377 1139 τῆς
419 1070 687 1142 Ἱερεμίου
735 1073 1080 1144 προφητείας
1132 1073 1474 1146 ἐδείκνυμεν,
1534 1077 1631 1131 καὶ
1679 1076 1776 1132 νῦν
1820 1078 1878 1132 δὲ

274 1163 488 1233 ταύτην
510 1165 541 1217 ὁ
578 1165 871 1236 προφήτης
909 1164 1209 1236 ἐδήλωσεν.
1245 1167 1480 1238 Χρηστά
1527 1167 1585 1220 δὲ
1620 1169 1749 1240 περὶ
1779 1170 1877 1239 τῆς

274 1254 624 1322 ἐπαγγελίας
658 1255 834 1309 εἰπὼν
864 1256 960 1310 τοῦ
995 1257 1189 1329 θρόνου
1229 1258 1417 1324 Δασὶδ,
1452 1259 1547 1313 καὶ
1569 1259 1660 1314 διὰ
1685 1261 1875 1330 μέσου,

275 1347 426 1401 κατὰ
447 1349 510 1400 τὸ
532 1347 766 1419 σύνηθες
783 1351 846 1420 τῇ
878 1349 1092 1421 Γραφῇ,
1117 1350 1516 1417 διαναπαύσας,
1537 1350 1637 1422 τὴν
1651 1369 1826 1423 α...ην
1849 1362 1878 1403 r

277 1443 421 1514 πρὸς
470 1443 541 1496 τὰ
573 1443 1028 1516 σκυθρωπότερα,
1064 1447 1228 1517 χάριν
1265 1446 1607 1518 ἐπιστροφῆς
1638 1447 1879 1520 ἐπανέρ-

279 1552 459 1606 χεται.
514 1537 603 1600 Ὠς
641 1536 737 1615 ’ἂν
783 1536 860 1607 μὴ
915 1536 1012 1590 τοῦ
1078 1537 1314 1592 πλούτου
1363 1540 1880 1611 καταφρονήσωμεν

280 1628 387 1705 τῆς,
412 1627 808 1700 χρηστότητος,
839 1628 1012 1701 ὀργὴν
1042 1630 1260 1694 ἑαυτοῖς
1297 1628 1742 1702 θησαυρίζοντες.
1773 1628 1881 1684 οὓ-

280 1735 389 1780 τως
427 1717 598 1772 εἰπὼν
645 1719 674 1772 ὁ
701 1718 890 1784 Δαϐὶδ,
924 1718 1164 1790 χρηστὸς
1193 1718 1401 1791 Κύριος
1432 1721 1546 1783 τοῖς
1573 1719 1874 1790 σύμπασινο

278 1809 376 1862 καὶ
411 1808 958 1880 ἐπεξεργασάμενος,
1011 1811 1096 1863 ὅτι
1127 1808 1488 1881 ύποστηρίζει
1530 1810 1658 1874 τοὺς
1704 1827 1878 1864 κατα-

279 1902 606 1966 πίπτοντας,
646 1903 729 1956 ὅτι
762 1902 953 1956 δίδωσι
983 1903 1086 1974 τὴν
1123 1903 1334 1974 τροφὴν
1367 1904 1427 1956 ἐν
1459 1903 1742 1975 εὐκαιρίᾳ,
1776 1905 1880 1959 οὐκ

285 1995 340 2047 ἑν
381 1993 600 2059 τούτοις
649 1995 986 2064 κατέληξεν·
1021 1994 1137 2048 ἀλλ’
1183 1994 1322 2065 ἐφη⁸
1369 1994 1641 2050 Φυλάσσει
1674 1997 1880 2068 Κύριος

283 2088 495 2152 πάντας
544 2088 676 2151 τοὺς
728 2087 1072 2155 ἀγαπῶντας
1117 2086 1302 2153 αὑτὸν,
1353 2090 1451 2143 καὶ
1503 2088 1711 2153 πάντας
1753 2090 1882 2154 τοὺς

279 2179 643 2250 ἁμαρτωλοὺς
683 2177 1080 2249 ἐξολοθρεύσει.
1113 2179 1382 2250 Καθάπερ
1405 2179 1464 2232 δέ
1496 2198 1550 2234 τι
1581 2181 1882 2251 μυστήριον

291 2269 527 2331 Ἡσαΐας
559 2269 616 2321 ἐν
651 2267 806 2338 μέσῳ
857 2271 920 2320 τδ
961 2268 1092 2339 περὶ
1135 2268 1234 2338 τῆς
1260 2267 1353 2320 τοῦ
1393 2269 1647 2340 Σωτῆρος
1691 2270 1881 2341 ἐπιδη-

281 2363 414 2430 μίας
435 2360 752 2432 κατέκρυψε
787 2363 903 2426 τοῖς
937 2360 1114 2429 ἀξίοις
1141 2361 1238 2415 τοῦ
1273 2360 1446 2416 ταῦτα
1481 2362 1723 2417 συνιέναι
1749 2381 1884 2434 παρ-

276 2452 564 2523 εμϐαλὼν.
600 2453 824 2524 Συναφῆ
855 2452 1151 2524 τοιγαροῦν
1195 2452 1265 2508 τὰ
1309 2454 1406 2507 νῦν
1442 2456 1557 2519 τοῖς
1602 2455 1712 2526 πρὸ
1772 2453 1884 2509 τῶν

280 2547 413 2614 περὶ
441 2543 542 2598 τοῦ
571 2545 766 2616 θρόνου
806 2543 1153 2614 λελεγμένων
1190 2543 1379 2599 Δαὸίδ.
1420 2545 1582 2598 Κατὰ
1607 2544 1666 2598 δέ
1705 2562 1881 2611 τινας,

277 2637 352 2691 τὰ
430 2637 564 2709 περὶ
629 2637 733 2708 τῆς
798 2638 1304 2702 ἀποκαταστάσεως
1367 2637 1480 2692 τῶν
1539 2636 1600 2702 ἐξ
1664 2637 1885 2710 Ἰσραὴλ

281 2728 650 2799 αἰχμαλώτων
702 2727 898 2796 εἰπὼν,
944 2729 1086 2800 πρὸς
1128 2729 1258 2793 τοὺς
1303 2730 1672 2800 ἐπιχαρέντας
1698 2731 1884 2795 αὐτοῖς

284 2819 443 2885 αὖθις
475 2822 587 2875 τῶν
624 2821 934 2876 Μωαϐιτῶν
974 2821 1228 2893 ἐπιφέρει
1265 2822 1333 2876 τά
1375 2821 1634 2894 δυσχερῆ,
1667 2823 1755 2877 διά
1787 2820 1885 2893 τήν

284 2913 470 2966 αὐτῶν
507 2913 862 2984 ὑπερήφανον
894 2912 982 2968 ἐπ’
1036 2913 1266 2984 ἀσεϐείᾳ
1320 2913 1666 2986 προαίρεσιν,
1697 2914 1776 2977 ὡς
1820 2916 1886 2968 ἐκ

281 3003 589 3073 προσώπου
619 3003 796 3071 λέγων
833 3004 943 3058 τῶν
999 2997 1323 3076 προφητῶν,
1365 3003 1736 3074 Ἦκούσαμεν
1770 3006 1888 3074 τὴν

1978 531 2286 586 tumeliosus
2335 530 2488 586 valde
2535 529 2982 597 est.Superbiam
3023 529 3242 583 sustuli.
3305 525 3430 581 Non
3483 528 3561 580 sic

1976 625 2237 680 diuinatio
2271 634 2384 694 tua,
2420 639 2522 678 non
2549 624 2647 678 sic.
2687 619 2928 675 Utulabit
2952 618 3138 674 Moab.
3171 619 3238 673 In
3271 616 3564 673 Moabitide

1975 723 2114 777 enim
2170 739 2351 778 omnes
2405 719 2726 775 ululabunt.
2765 715 3146 771 Habitantibus
3189 725 3366 770 autem
3433 711 3562 768 Setlt

1977 813 2278 870 meditatio.
2318 812 2386 870 Et
2423 830 2527 869 non
2557 810 2878 868 reverebitur
2905 824 3121 878 campos
3154 807 3382 874 Esebon,
3410 815 3521 861 etc.

2053 987 2215 1060 235
2245 991 2309 1042 Et
2355 987 2450 1044 hic
2498 987 2666 1042 etiam
2724 985 3091 1040 Moabitarum
3165 983 3555 1052 arrogantiam,

1977 1096 2144 1152 quam
2191 1095 2257 1135 ex
2312 1079 2567 1135 Jeremiae
2601 1079 2870 1134 sententia
2899 1075 3153 1146 superius
3192 1075 3471 1144 attigimus
3495 1074 3562 1136 ”,

1980 1173 2248 1244 propheta
2275 1172 2598 1226 insectatur.
2631 1169 2739 1224 Sed
2772 1169 2863 1223 ubi
2920 1183 3045 1238 quze
3092 1167 3216 1220 ιυειο
3265 1171 3453 1220 essent
3497 1163 3566 1218 de

1983 1264 2184 1320 throno
2215 1263 2438 1318 Davidis
2470 1261 2675 1327 attulit,
2703 1259 2888 1315 medio
2949 1256 3118 1315 veluti
3177 1270 3342 1311 cursu
3391 1255 3567 1324 respi-

1980 1371 2112 1412 rans
2139 1356 2508 1425 aliquantum,
2535 1353 2686 1422 quod
2717 1355 2784 1409 ad
2839 1349 3285 1422 resipiscentiam
3316 1347 3566 1402 excitati.

1981 1448 2106 1504 dam
2137 1447 2443 1517 Scriptura:
2484 1447 2746 1502 usitatum
2772 1455 2881 1513 est,
2900 1445 3063 1499 aliam
3093 1458 3288 1498 rursus
3314 1440 3383 1494 de
3414 1447 3566 1493 atro-

1981 1539 2720 1596 cioribuscomminationem
2737 1537 3084 1608 aggreditur;
3104 1549 3192 1600 ne,
3209 1533 3430 1588 divitias
3465 1532 3566 1587 bo-

1982 1631 2171 1688 nitatis
2195 1639 2639 1695 contemnentes,
2666 1633 2803 1684 iram
2823 1629 2929 1685 sibi
2959 1629 3064 1698 ipsi
3092 1625 3477 1681 thesaurizent
3497 1626 3564 1678 “.
3679 1621 3686 1630 ’

1982 1725 2074 1781 Sic
2101 1733 2154 1781 et
2194 1724 2390 1789 David,
2417 1739 2540 1780 cum
2565 1737 2665 1793 per
2681 1723 2978 1792 benignum
3007 1720 3060 1774 in
3089 1719 3350 1774 omnibus
3383 1716 3571 1772 Domi-

1981 1833 2137 1883 num,
2163 1817 2525 1886 labentesque
2573 1813 2797 1882 fulcire,
2833 1813 3130 1881 cibumque
3185 1810 3386 1865 idoneo
3425 1816 3568 1868 tem-

1979 1926 2113 1984 pore
2140 1911 2390 1981 praebere
2419 1909 2676 1972 dixisset,
2697 1909 2752 1963 in
2775 1907 2864 1962 his
2893 1905 2997 1960 sibi
3025 1919 3135 1958 non
3165 1901 3566 1972 quiescendum

1979 2005 2212 2076 putavit,
2248 2003 2344 2061 sed
2373 2017 2568 2058 omnes
2599 2016 2682 2066 se,
2710 2015 2740 2054 a
2772 2000 2980 2070 quibus
3010 1996 3277 2078 diligitur,
3313 2003 3568 2051 servatu-

1980 2114 2102 2154 rum
2132 2115 2147 2164 ;
2176 2111 2372 2152 omnes
2405 2096 2573 2151 etiam
2594 2093 2897 2150 sceleratos
2952 2089 3308 2162 perditurum
3369 2087 3569 2157 adjun-

1981 2191 2085 2245 xit.
2119 2189 2432 2249 Occultavit
2486 2195 2670 2242 autem
2729 2187 2782 2240 in
2833 2184 3036 2249 medio,
3078 2183 3253 2238 veluti
3301 2193 3566 2235 arcanum
3657 2206 3668 2217 -

1983 2284 2140 2354 quid,
2176 2281 2324 2352 quod
2360 2289 2483 2336 erat
2506 2281 2575 2336 de
2605 2277 2915 2332 Salvatoris
2946 2276 3190 2330 adventu
3235 2271 3564 2344 mysterium

1983 2377 2191 2442 Isaias;
2228 2383 2285 2430 ut
2314 2376 2368 2429 in
2397 2387 2588 2429 eorum
2619 2372 2874 2442 gratiam,
2906 2370 3000 2438 qui
3037 2367 3159 2436 ejus
3204 2362 3568 2435 intelligentia

1982 2467 2135 2538 digni
2170 2473 2381 2530 essent,
2415 2461 2864 2519 intercalaretur.
2913 2458 3102 2528 Itaque
3130 2470 3240 2510 non
3276 2463 3362 2510 est
3418 2453 3568 2524 quod
3610 2499 3618 2502 ,

1983 2558 2090 2615 ista
2117 2573 2242 2613 cum
2267 2555 2669 2628 superioribus,
2689 2567 2813 2623 qua:
2841 2551 2910 2606 de
2942 2548 3164 2604 Davidis
3189 2547 3397 2601 throno
3418 2546 3566 2600 dicta

1983 2657 2133 2712 sunt,
2155 2644 2418 2716 conjungi
2455 2642 2794 2698 dubitemus.
2827 2640 3014 2694 Placet
3071 2635 3384 2699 nonnullis,
3437 2641 3568 2704 post

1984 2741 2295 2798 absolutum
2331 2739 2640 2795 sermonem
2679 2735 2748 2791 de
2795 2731 3086 2791 lsraelitiei
3145 2727 3333 2801 populi
3389 2741 3573 2782 rever-

1984 2834 2161 2899 sione,
2195 2833 2364 2886 alium
2389 2843 2584 2884 rursus
2620 2828 2678 2882 in
2731 2821 3024 2888 lloabitas,
3071 2822 3169 2892 qui
3226 2821 3281 2874 in
3313 2816 3570 2875 eumdem

1984 2923 2388 2980 contumeliose
2434 2917 2792 2979 insultarent,
2860 2924 3122 2980 tanquam
3180 2910 3569 2982 prophetarum

1987 3031 2124 3072 voce
2160 3012 2400 3078 institui,
2433 3010 2528 3082 qui
2570 3009 2636 3063 ad
2668 3003 3070 3063 retundendam
3123 3016 3318 3056 eorum
3352 3001 3408 3054 in
3465 2998 3572 3052 ini-

281 3097 463 3164 ὕϐριν
494 3095 699 3150 Μωὰϐ.
734 3095 1058 3151 Συναινοῦσι
1093 3094 1206 3168 γὰρ
1228 3095 1305 3160 ὡς
1347 3096 1406 3148 ἐν
1439 3097 1564 3167 δίκῃ
1595 3096 1881 3163 κολάζοντι

1986 3109 2195 3182 pietate
2223 3104 2534 3168 audaciam,
2569 3100 2931 3156 Moabitarum
3004 3113 3061 3151 se
3102 3095 3358 3165 injuriam
3424 3091 3572 3146 audi-

279 3186 360 3255 τῷ
391 3185 536 3256 Θεῷ,
598 3186 675 3248 ὡς
703 3185 1009 3255 ἀκηκοότες
1064 3183 1154 3240 οἷα
1208 3186 1301 3240 διὰ
1360 3186 1456 3240 τοῦ
1511 3187 1746 3259 Βαλαάμ
1797 3190 1884 3258 ἐφ’

284 3279 451 3350 ὕϐρει
491 3277 584 3331 τοῦ
615 3278 726 3331 τῶν
759 3278 894 3332 ὅλων
927 3278 1282 3350 ἐμηχανῶντο
1327 3278 1488 3345 Θεοῦ,
1529 3280 1629 3334 ὅσα
1657 3299 1716 3335 τε
1747 3280 1887 3352 μετά

281 3372 464 3425 ταῦτα
510 3373 576 3444 τῇ
631 3371 726 3426 τοῦ
794 3371 931 3426 Θεοῦ
1001 3374 1287 3444 μαχόμενα
1347 3376 1682 3448 πεποιήκασι
1733 3377 1882 3449 δόξῃ.

295 3460 447 3514 Ἀνθ’
491 3453 568 3516 ὧν
611 3461 902 3533 ἀμείΰεται
950 3465 1067 3528 τοῖς
1107 3464 1358 3536 εἰρηκόσι
1389 3464 1550 3520 τοῦτο
1583 3466 1740 3533 θεὸς,
1771 3467 1888 3536 τὴν

285 3557 746 3624 ὑπερηφανείαν
777 3555 988 3625 ἐξῆρα,
1037 3556 1368 3628 αὐτόχρημα
1409 3559 1538 3622 τοὺς
1575 3559 1888 3628 Μωαϐίτας

287 3648 716 3716 ὑπερηφανίαν
770 3648 964 3701 εἰπών.
1017 3646 1458 3716 ’Υπερηφάνοις
1511 3649 1624 3718 γὰρ
1683 3651 1712 3702 ό
1755 3648 1888 3712 Θεὸς

287 3737 702 3803 ἀντιτάσσεται,
749 3738 846 3791 καὶ
883 3736 1126 3808 μάλιστα
1158 3736 1410 3790 νοσοῦσιν
1469 3738 1750 3794 ἀσέσειαν.
1796 3741 1888 3795 Διὸ

287 3833 435 3903 πρὸς
477 3829 650 3902 αὐτὴν
695 3828 1132 3902 ἀποστρέφεται,
1157 3829 1252 3884 καί
1297 3846 1484 3900 φησιν·
1519 3833 1644 3901 Οὐχ
1699 3831 1892 3899 οὕτως

286 3926 326 3991 ἡ
343 3923 608 3992 μαντεία
635 3936 777 3989 σου,
805 3923 918 3992 οὐχ
950 3921 1161 3989 οὕτως,
1195 3921 1372 3993 δηλῶν
1402 3921 1478 3985 ὡς
1494 3921 1637 3991 Ἐγὼ
1669 3923 1768 3993 μέν
1797 3923 1888 3987 ἐξ·

284 4014 467 4084 ἐκοψα
501 4013 601 4084 τὴν
634 4013 832 4070 Μωάσ.
875 4014 1016 4067 Ἀλλ’
1059 4015 1121 4067 ού
1145 4013 1306 4067 τοῦτο
1331 4012 1637 4085 προύλεγον
1665 4015 1722 4067 αἱ
1755 4015 1886 4086 παρ’

284 4107 480 4169 αὐτοῖς
515 4102 677 4158 οὖσαι
710 4107 962 4182 μαντεῖαι
992 4105 1255 4158 τάναντία
1293 4105 1624 4174 μηνύουσαι.
1655 4106 1888 4175 Μεγάλα

285 4199 406 4269 γὰρ
459 4197 730 4268 ἐφρόνουν
780 4199 875 4251 ἐπὶ
912 4196 992 4270 τῷ
1047 4196 1442 4268 μαντευομένῳ
1490 4196 1708 4268 δαίμονι
1755 4198 1888 4269 παρ’

283 4291 503 4353 αὐτοῖς·
537 4290 566 4343 ὁ
599 4289 656 4342 δέ
686 4288 1006 4360 Σύμμαχος,
1043 4291 1170 4358 οὐχ
1205 4289 1382 4356 οὕτω,
1419 4289 1609 4360 φησὶν,
1659 4291 1714 4343 at
1733 4289 1890 4357 ,βρα-

284 4384 500 4452 χίονες
535 4381 744 4437 αὐτοῦ.
777 4381 968 4452 Δηλῶν
1008 4381 1085 4446 ὡς
1109 4376 1192 4446 οἷς
1221 4381 1614 4447 ἀλαζονεύεται
1663 4381 1889 4454 πράξεις

1987 3203 2124 3257 uisse
2153 3198 2460 3254 clamitent.
2500 3193 2612 3250 Deo
2642 3192 2812 3256 enim,
2842 3190 3021 3254 aiunt,
3049 3188 3145 3258 qui
3174 3186 3324 3256 juste
3353 3185 3411 3240 in
3474 3197 3574 3239 eos

1989 3289 2417 3354 animadvertat,
2450 3286 2556 3358 ipsi
2583 3281 3062 3353 eongratulentur,
3122 3286 3386 3351 tanquam
3447 3289 3574 3347 qua:

1989 3397 2087 3454 per
2116 3381 2434 3436 Balaamum
2466 3373 2862 3433 contumeliose
2887 3371 2943 3425 in
2967 3370 3136 3426 Deum
3159 3369 3572 3432 universorum,
3667 3435 3676 3440 ί

1988 3480 2044 3528 et
2090 3486 2214 3541 qua:
2263 3470 2410 3526 bello
2477 3476 2668 3537 postea
2720 3463 2988 3518 adversus
3035 3461 3280 3531 ejusdem
3339 3461 3574 3530 gloriam

1991 3563 2280 3628 tentarint,
2320 3557 2638 3615 andiverint
2657 3556 2703 3589 “
2740 3572 2753 3609 :
2790 3570 2891 3626 pro
2937 3554 3162 3625 quibus,
3211 3555 3315 3608 ista
3354 3553 3578 3622 loquen-

1989 3657 2139 3712 tibus
2172 3652 2472 3725 respondet
2503 3653 2646 3709 Deus
2697 3650 3002 3722 superbiam
3066 3649 3120 3702 se
3143 3644 3444 3706 sustulisse,
3515 3649 3578 3696 ut

1989 3759 2120 3800 vere
2153 3743 2408 3810 superbos
2430 3757 2545 3795 esse
2577 3738 2858 3793 Moabitas
2908 3738 3291 3791 demonstret:
3341 3732 3437 3802 qui
3483 3745 3578 3783 su-

1989 3835 2162 3904 perbis
2195 3848 2320 3891 sese
2338 3847 2640 3905 Opponere,
2679 3838 2735 3886 et
2767 3831 2837 3885 iis
2857 3827 3152 3899 praecipue,
3182 3824 3277 3896 qui
3312 3824 3576 3894 pietatem

1990 3934 2332 3999 oppugnant,
2371 3925 2426 3979 in
2467 3939 2623 3979 more
2647 3921 2875 3989 habeat.
2935 3919 3114 3989 Atque
3149 3917 3276 3970 hinc
3307 3924 3391 3970 est
3423 3910 3577 3984 quod

1991 4033 2262 4075 converso
2291 4016 2357 4073 ad
2390 4031 2516 4071 eum
2550 4027 2840 4071 sermone:
2869 4009 2994 4064 Non
3020 4011 3096 4064 sic
3159 4007 3422 4061 divinatio
3455 4015 3575 4070 tua,

1991 4129 2097 4168 non
2128 4114 2224 4176 sic,
2253 4110 2470 4176 intulit;
2511 4117 2775 4178 tanquam
2811 4120 2872 4160 se
2907 4101 3260 4159 Moabitidem
3302 4097 3580 4153 excidisse

1992 4203 2331 4275 signiﬁcaret
2368 4220 2382 4256 :
2412 4199 2560 4272 quod
2593 4214 2623 4252 a
2653 4199 2772 4254 suis
2800 4195 3043 4251 oraculis
3095 4189 3376 4247 contraria
3415 4187 3579 4259 plane

1991 4295 2319 4353 docentibus
2362 4293 2589 4347 minime
2643 4287 2971 4361 prtcdietum
3031 4285 3228 4339 fuerat.
3277 4279 3576 4335 lnsolesce-

1992 4389 2125 4443 bant
2184 4385 2333 4441 enim
2381 4384 2511 4456 quia
2564 4381 2871 4437 dannonem
2931 4375 3077 4448 apud
3104 4372 3576 4429 sevaticinantem

283 4473 486 4544 ὁμοίας
521 4474 622 4527 οὑκ
651 4473 789 4544 ἔχει.
837 4473 998 4537 Τινὲς
1035 4473 1096 4527 δέ
1140 4490 1328 4544 φασιν,
1374 4473 1451 4536 ὡς
1493 4473 1559 4528 τὸ
1589 4474 1762 4529 πάλαι
1787 4477 1883 4546 τῆς

1994 4480 2293 4536 habebant.
2324 4477 2482 4544 Quod
2513 4485 2695 4531 autem
2741 4489 2846 4528 non
2886 4471 2966 4526 sic
3015 4468 3231 4524 brachia
3257 4467 3373 4537 ejus
3407 4465 3580 4520 inter-

281 4565 388 4620 τοῦ
423 4565 655 4636 Βαλαὰμ
689 4565 954 4636 μαντείας
989 4565 1253 4637 ἀνόνητον
1285 4566 1677 4622 ἐπιδείκνυσιν.
1730 4569 1890 4623 Ὀλο·

281 4661 466 4722 λύξει
494 4657 694 4721 Μωὰὸ,
721 4657 1000 4711 δείκνυσιν
1027 4658 1102 4721 ὡς
1134 4657 1170 4712 ἂ
1204 4657 1279 4728 μὴ
1307 4659 1654 4729 προσεδόκων
1688 4661 1753 4713 ἐκ
1785 4663 1886 4730 τῆς

281 4751 578 4821 μαντείας
607 4750 949 4820 ἀπήντηκεν.
996 4750 1370 4819 Ὀλολυγμὸς
1391 4750 1447 4803 δέ
1473 4750 1708 4823 ὀδυνηρά
1732 4754 1884 4826 φωνὴ

287 4843 577 4913 γυναικῶν
607 4841 902 4913 βαρυτάτῳ
929 4841 1118 4896 πένθει
1172 4843 1621 4914 κεκρατημένων.
1669 4846 1889 4899 Δείκνυ-

290 4955 345 4990 σι
397 4935 457 4988 δέ
499 4933 594 4987 νῦν
647 4934 744 4987 καὶ
793 4933 898 5002 τῆς
957 4933 1178 5004 πληγῆς
1218 4935 1279 4986 τὸ
1313 4935 1584 5004 ἀλγεινὸν,
1637 4938 1732 4991 καὶ
1780 4938 1909 4991 τῶν·

291 5026 615 5096 πασχόντων
666 5024 729 5078 τὸ
769 5024 1017 5090 ἀσθενὲς,
1062 5025 1186 5091 τοῖς
1220 5025 1569 5080 κατοικοῦσι
1615 5027 1684 5082 τὸ
1729 5029 1886 5083 Ἀσε-

291 5117 397 5171 δὲθ
425 5127 453 5166 ς
481 5113 836 5185 μελέτησις.
874 5115 1035 5181 Πόλις
1075 5115 1218 5186 αὕτη
1255 5118 1431 5172 Μωὰϐ
1467 5117 1667 5190 θρῆνον
1710 5122 1824 5185 ἴσος
1862 5133 1883 5160 τ

293 5209 509 5279 ἐμμελῆ
539 5209 661 5263 καθ’
709 5209 920 5264 ἑαυτῶν
968 5208 1329 5280 ἐμελέτησαν.
1370 5209 1428 5263 Ὀ
1474 5211 1532 5263 δὲ
1584 5212 1882 5284 Σύμμαχος

293 5300 465 5363 οὕτως
500 5300 728 5364 ἐξέδωκε
755 5318 769 5332 ο
806 5303 934 5367 Τοῖς
971 5301 1465 5371 εὐρραινομένοις
1494 5304 1564 5356 ἐν
1594 5305 1672 5370 τῷ
1702 5307 1883 5375 τείχει

299 5391 374 5456 τῷ
421 5394 762 5460 ὀστρακίνοις)
814 5394 1145 5464 φθέγξασθε,
1189 5395 1250 5447 τὸ
1289 5395 1515 5459 ἀσθενὲς
1557 5397 1735 5467 δηλῶν
1763 5402 1880 5465 τοῦ,

361 5583 404 5612 ³³
436 5580 634 5636 Jcrrctn.
678 5594 863 5637 sunt.
913 5579 926 5630 Ι
961 5597 1112 5648 εαειιτε.
1197 5581 1238 5611 ιο
1274 5581 1428 5636 Ιίοιιι.
1461 5598 1520 5644 ll,
1560 5583 1611 5634 .‘i.

1996 4581 2246 4646 pretatus
2274 4581 2358 4627 est
2390 4569 2798 4643 Symmachus;
2848 4565 3100 4621 actiones
3146 4560 3318 4632 ipsas,
3376 4556 3582 4628 quibus

1994 4668 2136 4721 elata
2168 4663 2442 4734 superbit,
2467 4660 2773 4717 dissimiles
2805 4672 2932 4713 esse
2993 4653 3289 4727 signiﬁcat.
3317 4650 3424 4704 Alii
3447 4662 3585 4705 veru

1993 4758 2238 4813 Balaatni
2265 4757 2517 4811 inutilem
2547 4753 2943 4810 divinationem
2973 4747 3152 4803 notari
3178 4744 3342 4816 236
3365 4749 3585 4814 putant.

1996 4852 2208 4908 Deinde
2247 4850 2393 4922 quod
2420 4847 2652 4902 utulabit
2681 4845 2842 4900 Moab
2876 4843 3084 4899 addidit
3120 4858 3134 4896 :
3165 4841 3348 4894 Alium
3379 4837 3583 4891 divina-

1988 4945 2156 5000 tionis
2189 4951 2466 5006 eventum,
2493 4955 2654 5010 quam
2699 4934 3172 5010 putabant'fuisse
3211 4929 3579 4984 demonstrat.

1997 5037 2094 5091 Est
2150 5048 2282 5089 vero
2305 5031 2544 5086 uiulatus
2597 5029 2890 5083 mulierum
2913 5037 3022 5079 vox
3071 5023 3186 5086 illa,
3218 5034 3340 5090 qua:
3392 5016 3580 5070 luctus

1995 5123 2337 5180 acerbissimi
2367 5120 2612 5175 dolorem
2645 5117 2908 5188 exprimit
2937 5114 3264 5168 maximum.
3302 5109 3462 5174 Quod
3488 5119 3582 5161 au-

1993 5227 2098 5271 tem
2136 5211 2525 5266 habitatoribus
2557 5209 2681 5264 Set/1
2705 5208 2979 5262 meditatio
3005 5204 3261 5274 sequitur
3285 5240 3300 5264 ,
3334 5201 3407 5253 ita
3431 5211 3581 5250 nunt:

1991 5319 2045 5366 et
2081 5310 2250 5378 plagae
2279 5307 2548 5368 dolorem,
2578 5313 2633 5359 ct
2664 5304 2989 5358 all'ectarum
3049 5298 3250 5352 virium
3293 5289 3579 5347 imbecilli'

1995 5412 2160 5458 tatem
2193 5401 2314 5470 ejus
2374 5399 2667 5472 signiﬁcat.
2699 5398 2795 5455 Est
2854 5411 3016 5468 porro
3049 5395 3162 5449 hinc
3209 5389 3578 5448 lloabitarutn

1689 5583 1732 5615 ⁵¹
1766 5582 1926 5639 Num.
1965 5601 2111 5649 sxw,
2152 5585 2168 5638 l
2217 5601 2372 5658 seqq.

1594 5699 1825 5756 VARH'L
1860 5699 2262 5756 Llitl'i'lUNliS.

375 5773 516 5858 im
550 5788 732 5857 523m.
817 5799 838 5836 τι
879 5806 962 5858 γρ.
1004 5788 1118 5840 1.10.
1205 5799 1222 5822 ν
1255 5807 1338 5859 gf.
1377 5791 1522 5853 ἴσως,
