4022 6210
412 287 545 358 ειιι

1734 292 2084 354 PROCOPII
2128 291 2369 352 GAZJEI

3535 293 3677 358 2112

413 407 630 470 civitas,
688 423 809 477 quae
843 409 895 463 in
957 423 1056 465 eos
1100 407 1280 464 forsan
1327 408 1754 466 lamentationes
1808 411 1988 466 fuerat

2104 405 2250 479 ᾧπερ
2278 407 2642 478 φθεγγομένῳ
2683 406 3071 470 ἐπεποίθεσαν,
3099 406 3371 477 δαίμονος.
3406 412 3511 463 Kal
3559 414 3676 466 οὐκ

415 499 666 554 versibus
697 499 986 554 meditata.
1022 499 1384 569 Symmachus
1415 509 1622 565 autem,
1652 500 1986 555 Exeultanti-

415 592 511 644 bus
535 591 590 644 in
620 608 770 646 muro
794 601 1024 646 testaceo
1062 591 1242 656 dicite,
1294 592 1692 662 interpretatus
1751 602 1874 659 cst;
1931 601 1989 646 ut

414 681 680 738 daemonis
706 683 1165 746 imbecillitatem,
1195 683 1356 753 cujus
1393 685 1676 754 responsis
1706 694 1990 755 tantopere

412 773 778 836 conﬁdebant,
796 775 1133 830 ostenderet.
1155 773 1443 844 Sequitur:
1473 775 1541 829 Et
1557 793 1659 829 non
1679 779 1991 831 reverebitur

412 878 626 930 campos
694 863 920 928 Esebon,
994 867 1048 917 in
1101 881 1211 934 quo
1247 867 1314 918 ad
1366 867 1628 938 Assyrios
1651 883 1774 923 esse
1807 883 1990 923 sermo

412 954 647 1016 videtur,
680 955 747 1008 de
789 953 996 1008 Εερὸοη
1029 955 1320 1010 Moabitica
1379 959 1640 1024 civitate;
1675 960 1836 1026 cujus
1868 959 1992 1012 lati-

415 1042 606 1098 fundia
639 1046 1060 1110 suburbiorum,
1089 1048 1297 1117 quibus
1332 1048 1451 1117 ipsa
1501 1049 1854 1117 cingebatur,
1916 1050 1989 1103 ita

412 1135 785 1190 eumSebama
819 1138 958 1192 male
1012 1139 1172 1207 jubet
1204 1139 1466 1205 allicere;
1527 1149 1588 1195 ut
1635 1142 1765 1210 ipsa:
1823 1142 1989 1196 etiam

411 1228 611 1283 excisae
647 1231 774 1283 vites
805 1230 981 1298 lugere
1026 1231 1438 1298 quodammodo
1498 1232 1814 1287 videantur.
1868 1231 1992 1285 Ideo

413 1329 592 1374 autem
624 1319 882 1392 Assyrios
909 1331 1085 1390 gentes
1109 1321 1388 1377 absorbere
1447 1324 1546 1389 ait,
1595 1330 1740 1392 quod
1782 1322 1993 1378 Moabi-

414 1421 590 1465 tarum
621 1413 986 1482 direptionem
1023 1413 1093 1467 ad
1129 1412 1277 1466 Iazir
1330 1430 1505 1484 usque
1535 1415 1784 1485 ejusdem
1812 1417 1994 1484 regio.

412 1502 502 1556 nis
533 1501 838 1564 civitatem,
873 1503 982 1556 illis
1011 1504 1265 1573 imperet.
1311 1505 1509 1560 Vitium
1540 1508 1742 1562 deinde
1771 1510 1994 1562 nomine

411 1594 531 1658 ejus
562 1608 786 1662 quoque
817 1597 1061 1664 regionis
1098 1597 1310 1651 incolas
1336 1597 1480 1651 forte
1531 1597 1830 1668 signiﬁcat,
1854 1614 1995 1669 quos

413 1683 556 1754 ligna
587 1695 641 1738 et
672 1686 840 1740 silvas
870 1688 1151 1756 appellare
1205 1689 1512 1760 Scriptnris
1570 1691 1836 1746 usitatum
1889 1679 2014 1746 est;

2093 502 2445 571 ὲντραπήση
2489 501 2562 555 τὰ
2606 501 2782 554 πεδία
2825 499 3102 554 Ἐσεόὡν.
3162 501 3303 571 Πρὸς
3355 503 3677 574 Ἀσσυρίους

2095 595 2236 647 ἔοικε
2263 593 2462 662 λέγειν,
2494 592 2624 663 περὶ
2665 592 2874 655 πόλεως
2903 591 3021 644 τῶν
3055 591 3374 646 Μωαϐιτῶν
3421 591 3676 648 Ἐσείὼν

2095 684 2438 756 εὐρυχωρίαν
2490 684 2721 754 ἐχούσης
2788 683 2846 735 ὲν
2896 685 3006 746 τοῖς
3065 684 3476 754 περικειμένοις
3533 686 3672 755 αὐτῇ

2095 775 2442 846 προαστείοις
2463 776 2530 846 ἠν
2555 773 2695 842 μετὰ
2711 773 2812 843 τῆς
2839 775 3071 843 Σεόαμὰ
3099 775 3537 845 παρακελεύεται
3565 777 3674 830 δια-

2097 867 2268 929 θεῖναι
2307 865 2515 928 κακῶς,
2569 865 2644 928 ὡς
2687 863 2990 932 πενθῆσαι
3037 882 3153 929 πως
3206 866 3546 936 τεμνομένας
3576 869 3676 931 τὰς

2095 958 2302 1010 τούτων
2347 956 2676 1026 ἀμπέλους.
2713 957 2898 1023 Ἕθνη
2936 955 3004 1010 δὲ
3051 959 3514 1025 καταπιίὀντιις,
3548 960 3677 1022 τοὺς

2112 1050 2432 1119 Ἀσσυρίους
2466 1049 2656 1102 καλεῖ·
2693 1048 2796 1118 τὴν
2843 1048 2898 1101 δὲ
2936 1049 3255 1104 Μωαϐιτῶν
3283 1051 3469 1113 αὐτοῖς
3499 1067 3652 1122 παρα

2099 1141 2378 1196 κελεύεται
2405 1139 2624 1210 δῄωσιν,
2643 1141 2804 1212 μέχρι
2837 1139 2945 1206 τῆς
2979 1141 3181 1209 Ἰαζείρ
3215 1142 3422 1205 πόλεως
3448 1143 3677 1196 armet-

2097 1233 2258 1296 τιδος.
2286 1233 2449 1299 Λέγυι
2475 1230 2518 1283 δ’
2552 1231 2617 1284 ἂν
2661 1233 2790 1294 ἴσως
2820 1231 3128 1301 ἀμπέλους
3176 1233 3274 1285 καὶ
3321 1233 3429 1284 τῶν
3455 1234 3692 1287 blumbi.-

2098 1323 2208 1378 τῶν
2236 1324 2362 1387 τοὺς
2400 1324 2720 1392 οἰκήτορας,
2757 1321 2850 1386 οὓς
2897 1323 2992 1375 καὶ
3024 1322 3154 1386 ξύλα
3189 1324 3283 1375 καὶ
3323 1324 3526 1395 δρυμὸν
3559 1325 3682 1387 ἔθος

2099 1416 2284 1468 καλεῖν
2322 1417 2388 1485 τῇ
2421 1414 2631 1484 Γραφῇ.
2666 1413 2824 1466 Κατὰ
2851 1412 2931 1476 τὸ,
2974 1433 2990 1464 ι
3016 1413 3073 1466 '0
3119 1413 3230 1482 γὰρ
3268 1413 3531 1483 ἀμπελὼν
3562 1416 3646 1466 Κυ
3674 1443 3685 1456 ι

2104 1506 2222 1578 ρίου
2255 1502 2482 1558 Σαϐαὼθ
2514 1505 2800 1573 ἄνθρωπος
2827 1503 2922 1556 τοῦ
2969 1504 3144 1557 Ἰούδα
3172 1505 3432 1572 νεόφυτον
3462 1508 3687 1578 ἠγαπη-

2105 1597 2501 1671 μένον.ιΔηλοῖ
2532 1597 2588 1650 δὲ
2628 1598 2661 1667 ἡ
2709 1594 2926 1666 ὀπώρα,
2971 1595 3064 1648 καὶ
3094 1598 3123 1648 ὁ
3171 1596 3455 1665 θερισμὸς,
3505 1598 3600 1650 καὶ
3647 1597 3684 1667 ἡ

2100 1689 2346 1760 ἄμπελος
2421 1687 2544 1741 καθ’
2612 1687 2803 1755 ἕτερον
2853 1685 3092 1754 τρόπον,
3150 1685 3210 1738 τὸ
3271 1685 3532 1748 εὐθαλὲς,
3585 1685 3689 1740 καὶ

415 1774 587 1844 Hujus
609 1778 828 1848 generis
859 1787 1027 1833 estet
1062 1780 1193 1833 illud
1233 1795 1246 1831 :
1306 1798 1326 1831 ι
1391 1779 1562 1834 Vinea
1628 1779 1840 1845 Domini
1894 1779 1999 1836 Sa-

2104 1783 2357 1851 ἀκμαῖον,
2403 1779 2496 1832 καὶ
2548 1777 2786 1848 ὡραῖον,
2837 1775 2933 1829 καὶ
2983 1775 3259 1846 τρυφηλὸν
3312 1775 3412 1846 τῆς
3459 1777 3685 1830 ἐκείνων

416 1868 635 1931 l.aoth,_
667 1870 832 1923 homo
873 1869 1037 1934 Juda,
1097 1886 1239 1924 nova
1267 1865 1575 1941 ‘plantatio
1621 1873 1827 1928 dilecta
1858 1876 1926 1925 δ’.
1969 1891 1989 1925 ι

414 1961 742 2028 Significant
765 1977 893 2016 vero
919 1971 1244 2026 autumnus,
1275 1974 1330 2018 et
1365 1964 1582 2028 messis,
1620 1975 1674 2018 et
1707 1949 1858 2030 vitis,
1886 1965 1996 2019 alio

412 2053 576 2106 modo
602 2053 849 2108 ﬂorentis
875 2062 930 2107 et
965 2053 1191 2122 integrae
1219 2055 1420 2122 aetatis.
1478 2054 1666 2110 Robur
1692 2057 1840 2110 omni
1901 2071 1998 2110 vo-

415 2145 691 2214 luptatmn
752 2145 961 2214 generi,
1030 2147 1257 2216 quibus,
1309 2156 1570 2218 tanquam
1621 2148 1784 2211 ebrii,
1832 2141 1999 2217 impie

413 2237 853 2300 delectabantur,
873 2238 1155 2292 idoneum.
1186 2239 1345 2304 Quod
1381 2239 1582 2294 deinde
1611 2240 1745 2294 nihil
1771 2255 1999 2308 parcen-

412 2330 540 2380 dum
593 2328 768 2396 jubet,
837 2328 910 2381 ita
950 2327 1042 2381 llei
1073 2343 1235 2398 opus,
1283 2345 1395 2384 non
1450 2331 1595 2385 vires
1642 2331 1996 2400 Assyriorum

413 2421 688 2483 ostendit;
721 2435 859 2488 quos
899 2436 1092 2475 rursus
1129 2436 1250 2484 eos,
1290 2422 1385 2489 qui
1440 2423 1493 2475 in
1538 2420 1806 2476 desertum
1839 2421 1999 2474 aufu-

409 2520 633 2582 gerunt,
666 2529 768 2567 non
801 2513 1080 2582 attingere,
1152 2512 1252 2567 sed
1283 2514 1631 2580 relinquere;
1688 2528 1796 2566 non
1830 2513 1999 2568 inter-

414 2605 573 2659 fectis
617 2603 842 2668 addere,
883 2605 980 2658 sed
1037 2620 1215 2658 errore
1265 2614 1320 2658 et
1390 2603 1670 2658 oblivione
1731 2605 1998 2674 praeteriri

408 2696 588 2764 jubet.
621 2695 808 2764 Neque
837 2696 980 2750 enim
1017 2694 1177 2758 Deus,
1209 2696 1372 2748 etiam
1400 2711 1525 2750 cum
1571 2695 1780 2750 scelera
1843 2697 1981 2750 ulci-

2098 1871 2244 1941 ζωῆς
2269 1889 2284 1902 ·
2321 1872 2379 1924 ὲν
2403 1863 2458 1944 ᾖ,
2489 1869 2743 1939 καθάπερ
2783 1866 3099 1938 μεθύοντες,
3151 1867 3337 1936 διῆγον
3367 1867 3682 1938 ἐντρυφῶν-

2095 1981 2186 2027 τες
2217 1966 2282 2034 τῇ
2311 1960 2620 2031 δυσσεϐείᾳ.
2665 1961 2732 2012 Ἢ
2765 1959 2823 2014 δὲ
2855 1959 3186 2027 πρόσταξις
3210 1958 3304 2012 τοῦ
3341 1960 3414 2029 μὴ
3445 1960 3558 2012 δεῖν
3580 1961 3684 2014 ἐν·

2095 2055 2417 2126 τραπῆναι,
2453 2053 2612 2124 δηλοι
2633 2051 2770 2105 Θεοῦ
2801 2049 2864 2104 τὸ
2893 2051 3077 2122 ἔργον,
3115 2050 3215 2103 οὑκ
3251 2051 3554 2122 Ἀσσυρίων
3582 2052 3684 2123 τὴν

2096 2150 2347 2218 δύναμιν,
2383 2147 2521 2218 πρὸς
2562 2145 2656 2209 οὒς
2689 2141 2844 2208 αὖθις
2875 2161 3063 2212 φησιν,
3096 2145 3178 2197 Οὐ
3223 2143 3311 2213 μὴ
3364 2144 3686 2214 συνάψητε

2096 2243 2222 2304 τοὺς
2256 2240 2337 2303 είς
2367 2239 2467 2309 τὴν
2503 2237 2729 2306 ἔρημον
2775 2235 2836 2301 ἐξ
2866 2233 3051 2288 αὐτῶν
3094 2236 3391 2304 φυγόντας,
3441 2235 3686 2290 κελεύω)

2099 2333 2193 2403 ὲᾷν
2243 2330 2461 2392 αὐτοὺς,
2517 2326 2724 2397 καὶμὴ
2767 2327 2880 2389 τοῖς
2918 2324 3290 2397 ἀνῃρημένοις
3343 2327 3682 2396 προσθεῖναι,

2099 2422 2348 2490 πλάνην
2385 2421 2443 2474 δὲ
2489 2420 2586 2474 καὶ
2630 2417 2806 2488 λήθην
2838 2417 3122 2487 είληφέναι
3151 2415 3360 2472 τούτων
3385 2417 3580 2471 δοκεῖν.
3627 2417 3689 2473 ’0

2099 2514 2208 2585 γὰρ
2249 2513 2382 2576 Θεός
2429 2513 2547 2564 ἐστι
2589 2511 2686 2563 καὶ
2738 2508 2984 2573 κολάζων
3030 2507 3434 2578 φιλάνθρωπος.
3498 2509 3586 2571 Ὠς
3627 2507 3690 2562 δὲ

2103 2608 2235 2676 παρ’
2267 2602 2436 2659 αὐτοῦ
2499 2601 2853 2671 πεμφθέντας
2905 2601 3001 2655 καὶ
3050 2601 3502 2672 ἀπεσταλμένους
3558 2601 3688 2665 τοὺς

2114 2697 2438 2766 ’Δσσυρίους
2467 2696 2627 2750 καλεῖ
2650 2711 2665 2726 ⁸
2701 2695 3110 2766 προσέρριπται
3135 2693 3192 2746 δὲ
3229 2692 3311 2759 τδ,
3354 2694 3688 2763 ἐγκατελεί-

415 2788 611 2851 scitur,
682 2786 1078 2840 humanitatem
1135 2800 1339 2855 ponere
1400 2796 1487 2840 est
1541 2786 1763 2842 solitus.
1828 2787 1999 2841 Vocat

2104 2791 2366 2858 φθησαν,
2416 2787 2614 2857 μᾶλλον
2645 2791 2667 2819 ⁸
2697 2785 2772 2845 ὡς
2817 2785 2917 2837 ούκ
2951 2783 3016 2838 ἂν
3047 2785 3105 2836 ὲν
3143 2783 3356 2847 τούτοις
3392 2785 3617 2852 γέγονεν
3651 2784 3688 2850 ἡ

416 2875 617 2930 deinde
641 2877 897 2948 Assyrios
938 2884 1201 2944 tanquam
1227 2890 1257 2928 a
1293 2890 1353 2931 se
1382 2891 1606 2931 missos.
1649 2877 1806 2942 Quod
1821 2887 1999 2931 autem

2104 2878 2301 2944 Μωὰὸ,
2346 2881 2394 2932 εί
2432 2878 2506 2949 μὴ
2550 2876 2686 2940 Θεὸς
2727 2875 2898 2947 αὐτὴν
2931 2876 3315 2944 ἐγκατέλιπε.
3357 2877 3460 2930 Διὰ
3512 2875 3688 2930 τοῦτο

417 2966 629 3019 relictos
686 2982 801 3020 esse
852 2965 1098 3035 adjecit,
1141 2966 1196 3021 in
1251 2966 1336 3021 his
1391 2981 1736 3035 nequaquam
1763 2966 1999 3020 futuram

2104 2969 2564 3037 κλαύσομαι,ὼς
2592 2970 2699 3021 τὸν
2725 2965 3034 3035 κλαυθμὸν
3074 2965 3278 3034 ‘IuCrip.
3319 2966 3491 3019 Τοῦτό
3521 2983 3688 3038 φησιν

417 3056 790 3120 Moabitidem,
836 3058 941 3112 nisi
976 3072 1005 3110 a
1036 3057 1142 3112 Deo
1195 3058 1381 3112 relicta
1435 3069 1591 3122 esset,
1647 3059 1999 3127 significavit.

2104 3061 2131 3114 ὁ
2167 3062 2461 3132 προφήτης
2484 3059 2780 3113 ὲπιστένων
2809 3060 2931 3121 ταῖς
2960 3057 3140 3110 αὐτῶν
3169 3061 3496 3128 συμφοραῖς.

421 3145 646 3213 Propter
663 3149 1043 3215 lioc,plorabo,
1071 3150 1167 3213 ait,
1203 3158 1459 3219 tanquam
1514 3151 1784 3218 ploratum
1811 3150 2000 3205 Iazir:
2039 3167 2160 3222 quae
2190 3169 2218 3207 a
2243 3152 2531 3224 prepheta,
2573 3159 2832 3223 tanquam
2867 3165 3059 3205 eorum
3126 3151 3467 3206 calamitates
3525 3148 3688 3218 237

421 3239 625 3308 lugeat,
663 3249 1027 3310 usurpantur.

495 3329 647 3384 Iaztr
679 3344 859 3384 autem
893 3343 1088 3401 praeter
1115 3345 1344 3390 caeteras
1373 3337 1612 3407 amplius
1637 3339 1924 3408 direptam,
1947 3348 1999 3393 ut

2182 3335 2572 3407 Πεπορθῆσθαι
2628 3333 2685 3388 δὲ
2759 3332 2872 3400 τὴν
2937 3331 3125 3402 Ἰαζὴρ
3179 3330 3320 3400 ὑπὲρ
3362 3327 3463 3391 τὰς
3524 3326 3691 3389 ἄλλας

421 3436 522 3489 par
553 3431 695 3487 erat,
724 3439 847 3476 esse
879 3424 1180 3492 signiﬁcat.
1210 3427 1274 3480 Et
1334 3426 1567 3480 Sabama
1596 3431 1799 3499 pariter
1842 3441 2005 3500 atque

427 3509 652 3572 Esebou.
692 3513 855 3568 urbes
887 3515 1048 3574 alias.
1079 3516 1263 3569 vitium
1315 3519 1542 3573 nomine
1568 3520 1887 3576 earumdem
1920 3521 2004 3574 in-

423 3606 576 3658 colas
603 3604 944 3674 intelligens,
976 3607 1310 3663 lamentatur
1345 3627 1358 3664 :
1407 3625 1642 3680 quorum
1699 3627 1914 3666 messem
1954 3621 2004 3666 et

424 3697 740 3752 nindemiam
769 3699 988 3755 hostilis
1015 3701 1292 3758 exercitus
1320 3703 1396 3756 ita
1457 3718 1536 3765 se,
1586 3711 1642 3755 ut
1680 3705 1861 3757 omnia
1917 3703 2007 3756 de-

424 3789 602 3844 cidant
649 3792 1105 3857 conculcaturum,
1147 3793 1220 3847 ita
1273 3793 1514 3863 denique
1553 3794 1880 3850 eﬁecturum
1919 3792 2006 3848 di-

425 3884 522 3945 cit,
559 3891 618 3936 ut
664 3882 732 3936 ab
781 3882 901 3952 ejus
934 3883 1124 3938 vitibus
1155 3886 1326 3940 omnis
1381 3886 1572 3940 ltetitia
1621 3896 1671 3940 et
1720 3886 2006 3939 exsultatio

427 3974 669 4030 tollatur.
716 3975 870 4044 Impii
909 3976 1056 4030 enim
1083 3959 1450 4040 c'um'essent,
1509 3992 1569 4031 re
1617 3977 1769 4030 nulla
1831 3975 2007 4046 magis

423 4081 589 4135 quam
613 4065 961 4122 ιιιειιιοιιὶὴιιε
991 4066 1363 4131 sacriﬁcandi,
1415 4076 1469 4122 et
1532 4066 1729 4121 iisdem
1766 4083 1826 4121 se
1875 4083 2009 4122 con-

425 4155 680 4210 secrandi
713 4158 1012 4213 occasione
1041 4175 1263 4228 semper
1311 4159 1626 4231 gaudebant
1658 4181 1672 4214 :
1704 4163 2008 4231 qnonomi-

426 4264 512 4310 ne,
540 4249 714 4303 vinum
740 4266 828 4304 eos
865 4267 969 4305 non
995 4252 1299 4307 calcaturos
1334 4253 1492 4308 dicit.
1523 4252 1682 4320 Quod
1713 4253 2003 4324 quidemsi

425 4341 491 4394 ad
528 4343 651 4401 vires
677 4342 961 4411 referatur,
991 4351 1242 4414 apertum
1272 4357 1391 4400 est:
1443 4346 1529 4401 sin
1561 4353 1749 4400 autem
1777 4345 1844 4399 ad
1905 4346 2007 4399 ho-

426 4434 623 4499 mines,
654 4436 858 4492 libcros
889 4437 1056 4492 etiam
1088 4453 1210 4493 cum
1239 4440 1561 4509 parentibus
1593 4441 1753 4509 ipsis.
1785 4441 1911 4510 quia
1942 4454 2008 4493 ne

427 4525 732 4594 praegnanti
765 4527 986 4595 quidem
1023 4529 1240 4583 mulieri
1276 4539 1558 4600 parcatur,
1579 4546 1703 4584 esse
1736 4531 2008 4598 perituros

425 4613 786 4683 signiﬁcatur.
813 4617 984 4686 Cujus
1012 4621 1234 4689 generis
1265 4621 1400 4675 illud
1451 4629 1560 4685 est,
1617 4621 1762 4690 quod
1811 4621 2006 4676 diebus

2108 3429 2458 3500 παρίστησιν,
2489 3428 2564 3491 ὼς
2613 3428 2678 3481 ἂν
2717 3427 2920 3496 πρέποι
2951 3425 3156 3494 ταύτην
3183 3424 3328 3476 οὓτω
3373 3421 3474 3484 τὰς
3521 3420 3692 3484 ἄλλας

2107 3521 2324 3593 θρηνῶν
2358 3517 2600 3588 Σάϐαμὰ
2627 3535 2691 3573 τε
2722 3517 2822 3571 καὶ
2867 3515 3144 3579 Ἐσεϐὼν.
3175 3513 3484 3584 ἀμπέλους
3509 3511 3694 3565 αὐτῶν

2110 3611 2288 3666 καλῶν
2315 3611 2440 3674 τοὺς
2475 3610 2792 3681 οἰκήτορας.
2823 3602 2925 3661 ⁷ον
2956 3608 3051 3659 ἐπὶ
3085 3605 3164 3671 τῷ
3193 3604 3452 3674 θερισμῷ
3481 3602 3583 3656 καὶ
3612 3600 3694 3667 τῷ

2105 3701 2378 3772 τρυγητῷ
2434 3701 2668 3772 στρατὸς
2720 3701 2748 3753 ὁ
2804 3700 2916 3752 τῶν
2964 3697 3240 3764 πολεμίων
3298 3695 3560 3765 ἐλάλησεν
3604 3693 3690 3757 τὸ,

2108 3790 2533 3859 καταπατήσω,
2598 3789 2696 3844 καὶ
2752 3789 2990 3844 ἅπαντα
3044 3776 3392 3841 πεσοῦνται.
3442 3786 3553 3840 Καὶ
3605 3784 3690 3851 τὸ,

2107 3884 2431 3952 ἀρθήσεται
2481 3882 2833 3951 εὐφροσύνη
2885 3881 2982 3934 καὶ
3033 3880 3377 3947 ὰγαλλιάμα
3439 3878 3506 3930 ἐκ
3573 3874 3693 3930 τῶν

2107 3975 2395 4044 ἀμπέλων
2427 3988 2566 4027 σου.
2600 3970 2894 4034 Δυσσεϐεῖς
2937 3970 3043 4038 γὰρ
3071 3969 3224 4031 ὄντες
3267 3969 3541 4038 πρόφασιν
3599 3965 3692 4018 εὑ-

2107 4066 2383 4137 φροσύνης
2411 4065 2477 4118 τὸ
2498 4063 2647 4116 θύειν
2677 4059 2824 4132 εἶχον
2849 4061 2959 4126 ἀεὶ,
2996 4060 3094 4113 καὶ
3121 4057 3398 4112 τελεῖσθαι
3427 4060 3538 4120 τοῖς
3575 4057 3692 4110 διί-

2112 4172 2271 4226 μοσιν
2298 4170 2311 4184 ’
2343 4153 2460 4207 ἀνθ’
2491 4146 2588 4214 ὧν,
2626 4153 2816 4220 φησὶν,
2849 4151 2922 4202 οὐ
2941 4148 3026 4217 μὴ
3060 4147 3364 4212 nutricata
3408 4141 3594 4200 οἶνον.
3628 4145 3691 4199 El

2111 4245 2209 4316 μὲν
2233 4245 2326 4298 ἐπὶ
2355 4241 2475 4296 τῶν
2502 4239 2810 4310 ἀμπέλων,
2837 4236 2998 4308 δῆλον
3032 4250 3047 4264 ⁸
3095 4235 3144 4287 εἰ
3183 4234 3240 4287 δὲ
3269 4235 3357 4286 ἐπ’
3387 4231 3692 4303 ἀνθρώπων

2107 4339 2351 4409 νοητὲον,
2371 4336 2448 4399 ὼς
2475 4336 2595 4405 ἅμα
2621 4331 2843 4403 γονεῦσι
2870 4329 2939 4383 τὰ
2967 4327 3173 4382 τούτων
3194 4328 3472 4396 οἰχήσεται
3499 4325 3686 4388 τέκνα,

2113 4431 2189 4501 μὴ
2222 4427 2546 4500 φειδομένου
2604 4423 2741 4495 μηδὲ
2788 4419 3046 4490 γυναικὸς
3097 4415 3478 4487 κυοφορούσης
3522 4415 3688 4478 τινός.

2109 4518 2285 4595 ᾯπερ
2340 4522 2524 4591 ὅμοιον
2588 4517 2686 4581 τὸ,
2801 4515 2938 4568 Οὐαὶ
3004 4513 3125 4574 ταῖς
3173 4509 3488 4573 τικτούσαις
3519 4548 3533 4572 ,
3599 4507 3694 4561 καὶ

2105 4619 2226 4678 ταῖς
2273 4615 2331 4666 ὲν
2388 4611 2588 4682 γαστρὶ
2644 4608 2917 4681 ἐχούσαις,
2953 4607 3012 4660 ἐν
3072 4600 3308 4666 ἐκείναις
3368 4600 3690 4670 ταῖςηήμέ-

427 4704 558 4766 illis,
595 4716 644 4759 et
677 4707 827 4775 ipsas
855 4708 1020 4762 etiam
1054 4717 1271 4765 uterum
1297 4721 1580 4781 gestantes
1609 4709 1866 4777 feminas,
1895 4711 1996 4765 mi-
2030 4700 2072 4755 Β
2101 4707 2260 4780 ραις,

425 4810 578 4850 seras
605 4806 658 4851 et
677 4797 926 4854 infelices
953 4801 1068 4856 fore
1098 4803 1360 4858 minatur.

497 4886 762 4959 Sequitur
788 4907 915 4946 vero
943 4909 957 4946 :
993 4893 1219 4964 Propter
1238 4896 1340 4950 hoc
1362 4905 1536 4952 venter
1569 4912 1710 4952 meus
1732 4895 1799 4948 ad
1821 4893 2001 4961 Moab,

408 4980 794 5036 .relutcitltara
819 4984 1050 5040 sonabit.
1085 4987 1245 5042 Omni
1281 4989 1426 5044 enim
1479 4991 1554 5044 ait
1602 4989 1813 5044 sublato
1867 5003 1896 5042 a
1954 4998 2006 5042 te

424 5074 628 5128 (tetitite
651 5090 874 5145 genere,
899 5078 1387 5137 calamitatestuas
1406 5081 1624 5138 cunctis
1646 5079 2006 5144 annuntians,

423 5167 642 5222 easdem
692 5169 745 5223 in
781 5185 1003 5227 carmen
1063 5181 1116 5228 et
1187 5173 1528 5230 cantilenam
1563 5177 1716 5231 abire
1769 5174 2003 5238 faciam;

427 5265 686 5327 tanquam
725 5259 780 5315 in
822 5271 1025 5317 terram
1068 5264 1344 5320 desertam
1407 5274 1462 5321 et
1525 5267 1790 5321 incultam
1853 5264 2004 5334 regio

425 5351 712 5404 transierit
743 5370 756 5406 :
801 5355 946 5412 unde
981 5365 1033 5413 et
1065 5372 1161 5414 eos
1194 5367 1353 5414 antea
1408 5358 1475 5412 ad
1513 5357 1776 5430 gemitum
1809 5355 2000 5410 horta-

499 5519 546 5550 “
577 5519 681 5574 lsa.
716 5537 768 5584 v,
797 5524 846 5577 7.

2177 4892 2274 4947 Διὰ
2301 4889 2460 4945 τοῦτο
2491 4889 2528 4955 ἠ
2557 4883 2755 4940 κοιλία
2801 4899 2920 4952 μου
2967 4879 3065 4934 ἐπὶ
3107 4876 3311 4945 Μωὰϐ,
3356 4876 3436 4940 ὡς
3479 4873 3691 4939 κιθάρα

2107 4984 2349 5060 ὴχήσει.
2385 4982 2572 5048 Πάσης
2621 4977 2730 5046 γάρ
2776 4991 2870 5027 σου
2923 4971 3112 5042 φησὶν,
3149 4968 3536 5055 εὐφροσύνης
3575 4964 3690 5033 ἀρ-

2109 5071 2602 5147 ῃρημένης,ᾡδὴν
2629 5069 2722 5120 καὶ
2754 5065 2914 5136 μέλος
2948 5062 3042 5125 τὰς
3080 5061 3176 5123 σὰς
3214 5061 3517 5128 ποιήσομαι
3549 5072 3691 5123 συμ-

2113 5165 2306 5238 φορὰς,
2332 5164 2466 5217 πᾶσι
2502 5159 2786 5228 κηρύττων
2825 5151 3016 5216 αὑτὰς,
3063 5151 3137 5214 ὼς
3175 5151 3252 5212 εἰς
3286 5148 3481 5218 χέρσον
3523 5161 3692 5238 μετα-

2110 5255 2403 5326 ϐληθείσης
2453 5253 2550 5321 τῆς
2604 5247 2808 5319 χώρας.
2859 5244 2950 5296 Διὸ
3006 5244 3100 5294 καὶ
3155 5238 3459 5310 προύλεγεν
3507 5237 3695 5326 αὐτοῖς

2108 5324 2582 5404 ἀποκλαύσασθαι.
2617 5335 2727 5391 Εἶθ’
2759 5337 2833 5400 ὡς
2866 5332 3189 5408 ὑπεραλγῶν
3222 5330 3314 5384 ἐπὶ
3353 5330 3419 5400 τῇ
3449 5327 3558 5380 τῶν
3583 5324 3693 5395 ψυ-

1745 5617 1980 5673 ΥΜΗᾸΞ
2042 5614 2446 5672 LISLJTIOA'ES.

496 5713 518 5744 ⁸
552 5705 638 5759 ἲσ.
673 5722 758 5773 γρ.
795 5705 1015 5775 μηιύοι.
