4022 6210
350 240 487 306 2113

1505 203 2043 307 couMENrAmI
2083 245 2165 307 1N
2206 246 2492 309 ISAIAM.

3498 253 3638 318 2124

351 359 462 430 χῶν
497 356 748 429 ἀπωλείᾳ
777 357 872 412 καὶ
921 355 1102 433 πλάνῃ
1140 359 1307 433 (ἐπεὶ
1351 356 1592 421 καλέσας
1633 356 1831 420 αὐτοὺς
1857 356 1940 410 διὰ

2051 357 2234 412 batur.
2273 355 2397 428 Ipsa
2443 356 2643 413 deinde
2696 357 3005 413 animorum
3063 372 3258 414 errore
3308 368 3362 416 et
3412 361 3637 419 interitu

349 450 441 509 τοῦ
487 448 945 506 ἀποκλιύσασθαι
998 452 1137 524 πρὸς
1198 453 1529 523 μετάνοιαν,
1587 449 1949 520 πειθομένους

347 542 448 596 οὐκ
478 542 694 613 ἔσχεν),
724 543 986 622 τὸν-ἱὺπὲρ
1022 542 1205 597 αύτῶν
1226 541 1606 615 ἀναλαμϐάνει
1646 540 1948 611 κλαυθμὸν,

349 633 521 689 εἰπὼν
560 637 661 705 μιν
707 637 835 708 ἤδη,
871 637 974 691 Διά
1001 636 1166 691 τοῦτο
1206 636 1542 708 κλαύσομαι.
1576 634 1690 689 Καὶ
1726 631 1822 687 νῦν
1867 632 1947 700 δὲ,

348 727 511 796 φησὶ,
546 728 620 781 τὰ
682 727 797 795 ἐμὰ
849 726 1105 797 δάκρυα,
1151 729 1245 782 καὶ
1286 731 1316 783 ό
1344 728 1625 801 κλαυθμὸς
1668 727 1737 781 δι’
1796 726 1950 781 οὐδὲν

345 820 619 891 ἕτερονμῆ
663 820 743 884 εις
768 820 830 874 τὸ
855 820 1196 893 ὲντραπῆναί
1243 838 1325 888 σε,
1378 823 1571 893 ﬁxo-av,
1622 821 1949 905 svsparrﬂe'g

347 915 531 985 μάτην
559 914 806 970 καλοῦσα
838 916 1102 981 πολλάκις
1129 918 1259 981 τοὺς
1295 918 1374 989 μὴ
1406 918 1582 972 σῶσαι
1611 908 1948 985 δυναμένους

344 1006 526 1070 θεούς.
598 1007 694 1072 Ὠς
756 1007 955 1079 τεῖχος
1004 1002 1057 1077 ᾧ
1108 1014 1127 1047 ι
1182 1011 1590 1077 ἐνεκαίνισας.
1660 1010 1785 1064 Ἐπὶ
1834 1008 1944 1079 γὰρ

346 1097 662 1168 σεισμῷτὸ
687 1099 891 1169 τεῖχος
924 1102 1253 1168 κατέπεσεν,
1295 1102 1371 1166 ὡς
1406 1101 1693 1172 ἐλέγομεν,
1726 1100 1948 1155 ἀνεκαί-

344 1208 503 1245 νισαν
540 1191 676 1245 αὐτὸ
733 1192 1066 1263 μοχθοῦντες
1130 1194 1388 1267 ἀνόνητα.
1447 1196 1806 1263 κλαύσομαι
1852 1188 1946 1246 οὖν

345 1283 505 1353 φησὶ,
535 1284 676 1354 μετά
698 1286 807 1338 τῶν
841 1286 1020 1342 ἀλλων
1050 1305 1147 1341 σου
1198 1287 1524 1358 συμφορῶν,
1558 1289 1653 1340 καὶ
1681 1286 1711 1340 ὃ
1763 1286 1946 1357 μάτην

344 1375 689 1448 ᾠκοδομήσω
731 1378 932 1448 τεῖχος
965 1379 1071 1433 ὑπὸ
1121 1379 1231 1432 τῶν
1268 1379 1548 1450 πολεμίων
1593 1377 1941 1448 κατενεχθέν.

347 1466 485 1524 Εἷτά
513 1486 669 1538 (mar
709 1471 892 1525 Τοῦτο
927 1472 989 1525 τὸ
1001 1470 1171 1540 ῥῆμα
1202 1471 1233 1524 ὃ
1263 1471 1577 1540 ἐλάλησεν
1603 1473 1824 1540 Κύριος
1844 1470 1945 1525 ἐπὶ

348 1558 547 1624 Μωὰϐ,
570 1562 752 1615 ὁπότε
782 1562 881 1615 καὶ
907 1561 1240 1629 ἐλάλησεν.
1257 1564 1321 1616 Οἱ
1354 1564 1411 1616 δὲ
1438 1563 1618 1617 λοιποὶ
1643 1563 1940 1630 ἐξέδωκαν,

337 1650 373 1706 ἆ
391 1670 409 1701 ι
433 1651 577 1727 τότε
605 1652 706 1707 καὶ
735 1652 853 1707 νῦν
887 1653 1218 1719 ἐλάλησεν.
1262 1654 1426 1724 Δηλοτ
1454 1654 1510 1707 δὲ
1551 1656 1584 1726 ἠ
1613 1654 1829 1727 Γραφὴ,
1861 1656 1943 1709 ὅτι

340 1745 519 1800 πάλαι
551 1745 651 1817 μὲν
677 1746 856 1814 λόγοις
887 1746 1230 1812 ὲθεσπίζετο,
1262 1749 1381 1802 νυνὶ
1408 1748 1466 1802 δὲ
1488 1750 1584 1802 καὶ
1614 1749 1795 1818 ἔργοις
1822 1751 1944 1802 ἑπι-

2051 451 2630 521 οοιηιιιοιυεληιιιιηιῑο
2662 451 2919 522 lacrymis
2952 451 3017 506 ad
3045 453 3428 522 pcenitentiam
3493 456 3638 510 invi-

2056 550 2203 597 tatos
2233 544 2522 599 audientes
2550 561 2656 597 non
2688 543 2900 614 habuit)
2963 559 3154 599 eorum
3210 545 3326 615 jam
3391 548 3637 611 nomine,

2051 641 2313 707 tanquam
2342 634 2495 689 luctu
2524 641 2804 695 revocato.
2831 635 2892 687 ob
2928 634 2981 688 id
3007 651 3060 688 se
3090 635 3429 703 ploraturum
3452 637 3634 709 signi-

2053 725 2224 781 fleat:
2281 727 2444 796 quasi
2502 727 2570 780 ad
2623 727 2902 797 laerynias
2929 736 2983 780 et
3010 727 3282 797 ploratum
3315 731 3468 785 nullo
3526 732 3639 787 alio

2053 817 2181 883 line,
2219 833 2384 885 quam
2416 826 2473 872 ut
2506 818 2714 888 pudore
2747 818 2940 873 saltem
2965 818 3379 885 sulTundantur,
3408 822 3638 878 excitari

2049 922 2110 962 se
2137 908 2286 962 dicat
2317 923 2416 960 :ac
2446 908 2493 963 si
2530 906 2734 961 frustra
2771 922 2916 975 saepe
2960 907 3069 962 diis
3111 906 3384 963 invocatis
3423 910 3634 973 elusos,

2051 996 2104 1051 in
2135 997 2342 1063 quibus
2372 997 2581 1052 nullam
2609 996 2871 1052 servandi
2893 1004 3224 1066 potestatem
3256 999 3472 1067 experti
3503 998 3635 1065 sint,

2048 1091 2257 1161 pudore
2289 1092 2508 1146 tandem
2536 1088 2829 1144 confusum
2868 1089 2935 1143 iri
2960 1089 3322 1144 demonstret.
3361 1076 3640 1160 Sequitur

2048 1186 2266 1252 deinde,
2287 1194 2535 1255 tanquam
2555 1200 2790 1246 murum,
2807 1199 2957 1253 quem
2973 1183 3314 1237 inslaurasti.
3339 1183 3635 1254 Postquam

2046 1277 2193 1333 enim
2226 1285 2388 1331 terra:
2417 1284 2567 1329 motu
2603 1291 2788 1329 murus
2837 1275 2976 1345 ipse,
3013 1274 3093 1327 uti
3138 1273 3478 1337 dicebamus.
3508 1291 3636 1330 cor-

2048 1368 2210 1424 ruiss.
2231 1375 2274 1434 t,
2308 1368 2559 1423 eumdem
2590 1367 2845 1423 renovari
2891 1365 3094 1422 frustra
3121 1376 3473 1421 curaverant.
3499 1365 3630 1420 Pio-

2050 1463 2183 1517 rabo
2211 1463 2399 1533 igitur,
2447 1463 2545 1527 ait,
2587 1478 2713 1516 cum
2769 1463 2986 1517 caeteris
3037 1462 3455 1517 calamitatilms
3499 1464 3635 1526 tuis,

2044 1565 2100 1613 et
2134 1557 2279 1613 istud
2318 1558 2507 1623 etiam,
2531 1557 2676 1627 quod
2702 1574 2915 1611 innrum
2959 1558 3027 1611 ab
3065 1556 3330 1612 hostibus
3361 1557 3636 1628 deiectum

2049 1650 2256 1706 frustra
2282 1650 2632 1705 excitaveris.
2662 1649 2868 1704 Deinde
2925 1648 3004 1703 ait
3066 1664 3080 1701 :
3144 1647 3261 1703 Hoc
3310 1657 3389 1704 est
3424 1649 3636 1703 verbum
3688 1650 3693 1657 ’

1980 1726 2017 1779 Β
2049 1742 2190 1814 quod
2216 1743 2427 1797 loeutus
2452 1742 2618 1812 238
2650 1752 2727 1796 est
2753 1739 3010 1794 Dominus
3038 1736 3108 1805 ad
3174 1739 3358 1804 Moab,
3422 1743 3636 1811 quando

342 1833 605 1887 τελεῖται.
644 1836 755 1888 Καὶ
793 1836 900 1906 πρὸ
931 1835 1027 1889 τοῦ
1061 1836 1333 1906 παρόντος
1378 1835 1490 1907 γὰρ
1519 1838 1824 1908 προφήτου,
1852 1835 1940 1890 διά

2047 1837 2209 1889 etiam
2240 1833 2450 1888 loeutus
2495 1832 2756 1888 estnUbi
2800 1833 2996 1902 reliqui
3036 1834 3473 1897 transtulerunt;
3513 1832 3635 1902 jam

346 1922 591 1987 Μωσέως
622 1925 826 1997 ἐρρέθη
847 1942 861 1956 θ
892 1926 1007 1980 Ούκ
1037 1926 1405 1981 εἰσελεύσεται
1448 1927 1796 1999 Ἀμμανίτης
1841 1927 1939 1982 καὶ

2045 1926 2169 1981 inde
2196 1934 2244 1980 et
2275 1942 2412 1979 nunc
2442 1925 2647 1978 locutus
2665 1931 2764 1978 est.
2803 1923 3093 1994 Signiﬁcat
3118 1934 3305 1979 autem
3324 1923 3633 1991 Scriptura,

344 2013 651 2085 Μωαϐίτης
682 2017 763 2079 είς
800 2015 1137 2087 Ἐκκλησίαν
1166 2018 1374 2089 Κυρίου
1401 2018 1507 2083 ἕως
1557 2019 1795 2089 δεκάτης
1842 2036 1936 2087 γε-

2043 2017 2218 2074 Demn
2246 2018 2430 2072 verbis
2452 2016 2677 2086 quidem
2721 2016 2850 2071 olim
2917 2016 3266 2095 praedixisse,
3319 2031 3464 2070 nunc
3508 2030 3635 2070 vero

343 2105 474 2167 νεᾶς
497 2121 512 2135 ’
542 2107 572 2159 ὁ
600 2106 783 2161 τοίνυν
808 2108 982 2163 πάλαι
1012 2108 1299 2178 λαλήσας
1328 2112 1458 2183 περὶ
1490 2110 1687 2182 αὐτῆς,
1719 2112 1815 2166 καὶ
1846 2111 1940 2166 νῦν

2048 2110 2228 2179 reipsa
2261 2107 2514 2174 e'ilieere;
2571 2108 3022 2178 quandoquidem
3076 2109 3237 2178 longe
3282 2116 3409 2163 ante
3465 2107 3630 2176 hujus

341 2195 506 2249 τοῦτο
536 2199 684 2250 ποιεῖ
729 2197 797 2251 δι’
835 2199 994 2269 ἐμοῦ.

2045 2201 2212 2258 etiam
2251 2202 2530 2270 prophetae
2563 2210 2808 2271 tempora
2861 2199 2915 2254 in
2953 2200 3167 2254 Domini
3200 2199 3500 2256 Ecclesium
3537 2212 3637 2252 nec

342 2290 720 2358 Ammanitae,
785 2307 885 2345 nec
920 2290 1273 2348 Moabitasad
1336 2292 1606 2350 decimam
1667 2309 1851 2366 usque
1914 2294 2326 2365 generationem
2356 2292 2709 2361 ingressurus
2759 2306 2902 2366 esse‘
2933 2306 2963 2345 a
3016 2290 3166 2347 Mosc
3219 2289 3633 2361 pronuntiatum

341 2381 420 2435 sit
457 2380 525 2433 ".
561 2380 665 2447 Qui
690 2397 823 2452 ergo
849 2382 916 2438 de
951 2384 1043 2437 illa
1065 2381 1273 2439 dudum
1300 2385 1510 2439 locutus
1560 2359 1941 2454 [aerea-istud.
1972 2385 2112 2441 idem
2147 2398 2293 2439 nunc
2320 2359 2552 2453 perwme,
2588 2382 2789 2451 inquit,
2835 2359 3076 2452 parﬁeit.

416 2473 527 2528 Καὶ
579 2474 698 2530 νῦν
741 2475 919 2544 λέγω,
987 2477 1090 2532 Ἐν
1150 2479 1352 2547 τρισίν
1406 2479 1559 2533 ἐτῶν
1608 2477 1939 2550 μισθωτοῦ.

2118 2476 2275 2542 Quod
2323 2474 2524 2531 deinde
2556 2476 2857 2545 sequitur:
2916 2472 2987 2527 Et
3036 2490 3174 2527 nunc
3202 2471 3324 2527 dico
3346 2475 3398 2526 in
3458 2472 3634 2529 tribus

354 2561 416 2613 Ὅ
447 2561 505 2612 δὲ
536 2559 833 2632 Σύμμαχος
858 2563 980 2618 ἀντὶ
1008 2564 1103 2619 τοῦ
1134 2566 1462 2636 μισθωτοῦ,
1496 2568 1577 2635 ὡς
1602 2569 1699 2623 ἐπὶ
1720 2572 1937 2637 μισθω-

2047 2569 2204 2622 annis
2240 2566 2592 2631 mercenarii;
2656 2566 2894 2634 primum
2959 2562 3324 2635 Symmachus
3373 2572 3632 2633 tanquam

341 2653 475 2717 τοῦ,
516 2653 706 2724 φησίν.
746 2655 810 2706 υἱ
840 2654 897 2707 δὲ
941 2658 1094 2727 τρεῖς
1125 2657 1195 2710 τὰ
1228 2657 1367 2728 μετά
1417 2658 1592 2712 ταῦτα
1627 2659 1935 2713 διέστειλαν

2042 2659 2137 2716 sub
2163 2659 2488 2713 mercenaria
2510 2657 2674 2712 dixit.
2695 2656 2900 2712 Deinde
2932 2671 3054 2726 qua)
3092 2663 3280 2725 postea
3302 2665 3630 2725 sequuntur,

343 2742 593 2807 εἰπόντες
616 2758 630 2774 ⁸
675 2745 1178 2815 Ἀτιμιισθήσεται
1222 2751 1261 2818 ὴ
1300 2749 1451 2813 δόξα
1467 2749 1673 2807 Μωάὸ.
1726 2751 1785 2804 '0
1821 2749 1932 2822 γὰρ

2041 2751 2116 2807 ita
2150 2757 2264 2803 tres
2293 2748 2647 2817 distinguunt
2674 2748 3032 2817 interpretes,
3064 2755 3121 2801 et
3147 2745 3338 2815 legunt
3367 2764 3381 2800 :
3432 2745 3497 2799 Et
3543 2764 3635 2799 au-

342 2834 443 2889 και
477 2835 784 2906 σύνδεσμος
829 2838 938 2890 τῶν
969 2839 1097 2911 ἑξῆς
1128 2840 1320 2913 ἑτέραν
1364 2841 1537 2908 ἔδειξε
1560 2843 1659 2915 τὴν
1697 2842 1939 2896 διάνοιαν

2042 2844 2242 2912 [eretur
2283 2840 2456 2911 gloria
2506 2839 2687 2896 Moab.
2743 2839 2864 2909 Ipsa
2929 2840 3076 2892 enim
3126 2846 3176 2892 et
3217 2838 3631 2907 COHjIIﬂCliOlliS

339 2924 455 2978 τῶν
503 2924 736 2996 πρόσθε,
787 2926 1094 2997 δηλούντων
1145 2931 1221 2995 ὡς
1269 2930 1339 2984 ἐν
1384 2932 1583 3000 τρισὶν
1633 2931 1938 2989 ἐτεσηγτὰ

2042 2931 2337 3001 particula,
2373 2931 2534 2984 aliam
2568 2929 2920 3000 sequentium
2986 2928 3318 2984 sententiam
3363 2930 3631 2994 ostendit,

339 3015 482 3086 περὶ
509 3016 620 3086 τῆς
649 3016 831 3072 Μωὰό
851 3018 1122 3087 editque
1152 3022 1365 3091 Κύριος
1388 3022 1475 3075 διὰ
1506 3022 1601 3076 τοῦ
1632 3022 1936 3093 προφήτου,

2041 3039 2207 3093 quam
2241 3020 2421 3075 fuerat
2458 3020 2914 3090 pne-cedentium,
2941 3018 3144 3085 quibus
3186 3017 3240 3071 in
3270 3018 3441 3072 tribus
3473 3020 3631 3071 annis

338 3108 422 3175 ὡς
450 3112 758 3178 μισθωτόν
784 3127 922 3164 τινα
953 3112 1062 3166 τὸν
1096 3110 1287 3181 ἄνδρα
1316 3113 1465 3182 πρὸς
1496 3114 1595 3185 τὴν
1624 3116 1731 3167 τῶν
1763 3113 1939 3184 ρτημά-

2042 3131 2124 3169 res
2150 3111 2311 3166 Moab
2338 3112 2573 3166 locutum
2600 3127 2714 3166 esse
2739 3109 3017 3163 Dominum
3079 3124 3175 3180 per
3208 3109 3526 3179 prophetam
3556 3110 3630 3164 si-

338 3216 451 3253 των
488 3200 730 3255 διάνοιαν
775 3200 982 3257 λαϐὼν.
1028 3200 1112 3257 Οὐ
1147 3202 1258 3276 γὰρ
1285 3203 1478 3275 ὥσπερ
1524 3207 1688 3276 ἡμεῖς
1725 3203 1939 3273 ἀθρόως

2043 3205 2363 3280 gnificatum
2393 3213 2515 3268 est;
2551 3213 2808 3273 tanquam
2851 3202 3238 3261 mercenarium
3275 3201 3507 3271 aliquem
3545 3202 3627 3257 oi-

341 3290 718 3353 συνάπτοντες
746 3290 810 3345 τὸ
861 3294 971 3346 πᾶν
1010 3293 1350 3366 ἀνάγνωσμα
1398 3294 1748 3366 διερχόμεθα,
1796 3293 1940 3351 οὕτω

2041 3313 2159 3352 rum
2186 3296 2253 3351 ad
2287 3294 2583 3350 verborum
2619 3309 2846 3349 sensum
2863 3291 3254 3362 explicandum
3287 3291 3629 3362 assumpsis-

340 3382 441 3435 καὶ
493 3383 522 3435 ὁ
567 3384 894 3454 προφήτης·
930 3383 1069 3437 ἀλλά
1106 3386 1247 3439 κατά
1294 3388 1462 3458 μέρος
1507 3388 1565 3439 ἑν
1595 3386 1834 3458 διαφόρῳ
1860 3385 1939 3457 τῷ

2041 3397 2149 3445 set.
2180 3385 2306 3442 Non
2327 3385 2477 3442 enim
2520 3383 2847 3446 confertim,
2884 3391 2945 3437 ut
2975 3397 3077 3438 nos
3135 3382 3426 3438 lectionem
3458 3390 3629 3435 totam

339 3472 523 3543 χρόνῳ
556 3472 718 3543 μέχρι
768 3474 976 3541 τρίτον
1024 3474 1162 3542 ἐτος
1202 3476 1546 3547 ἐπλήρωσεν.
1581 3476 1737 3541 Τινὲς
1767 3477 1827 3529 ,δὲ
1855 3476 1934 3541 τὸ,

339 3565 527 3619 ὁπότε
556 3564 848 3633 “diuae,
901 3566 1096 3637 δηλοῦν
1145 3586 1279 3638 φασι
1324 3570 1385 3622 τὸ
1439 3563 1666 3624 σπάνιον
1695 3571 1795 3640 τῆς
1842 3568 1937 3632 τοῦ

339 3654 482 3708 Θεοῦ
541 3656 680 3726 πρὸς
736 3658 866 3722 τοὺς
911 3659 1213 3723 Μωαϐίτας
1258 3661 1559 3731 γενομένης
1608 3660 1817 3729 φωνῆς.
1848 3658 1939 3731 Τῷ

342 3745 447 3816 μὲν
473 3746 584 3817 γὰρ
635 3746 854 3819 Ἰσραὴλ
882 3748 1123 3819 συνεχῶς
1152 3748 1496 3819 διαλέγεται·
1540 3752 1653 3813 τοῖς
1698 3750 1753 3802 δὲ
1787 3748 1937 3803 ἔθνε-

342 3855 432 3891 σιν
461 3838 539 3902 ὠς
565 3837 868 3909 ἀλλοτρίοις
897 3842 1047 3912 σιγᾷ.
1081 3841 1227 3913 Πλὴν
1270 3843 1353 3896 ὅτι
1389 3841 1542 3910 γεύει
1590 3841 1686 3896 καὶ
1715 3840 1938 3905 τούτους

336 3927 443 3997 τῆς
475 3927 616 3991 ἰδίας
648 3929 1085 4000 φιλανθρωπίας,
1131 3932 1219 3985 ἵνα
1245 3931 1339 3987 διὰ
1368 3933 1470 4000 τῆς
1497 3934 1555 3987 ὲν
1583 3932 1784 3999 ὀλίγοις
1815 3932 1936 3984 πεί·

342 4033 469 4087 ρας,
504 4016 643 4086 πρὸς
662 4016 763 4088 τὴν
793 4018 906 4069 τῶν
932 4019 1157 4073 τελείων
1188 4021 1484 4092 ἐπιθυμίαν
1513 4020 1749 4092 ὁρμῶσι.
1779 4019 1938 4082 Τινὲς

339 4107 401 4161 δέ
435 4124 629 4176 φασιν,
669 4107 745 4171 ὼς
789 4110 1117 4181 ἀνακομίζει
1157 4112 1292 4183 πρὸς
1337 4114 1583 4184 ἱστορίαν
1622 4115 1715 4165 τὸν
1755 4112 1934 4181 λόγον,

339 4196 547 4270 ὅτεπερ
580 4199 640 4251 at
672 4198 803 4252 δέκα
849 4200 1015 4268 φυλαὶ
1046 4201 1147 4273 τῆς
1179 4203 1344 4257 Δαόἱδ
1378 4203 1657 4274 βασιλείας
1688 4205 1937 4258 ἀποσπα-

341 4286 556 4341 σθεῖσαι
592 4289 658 4359 τῇ
712 4286 807 4342 τοῦ
854 4292 1269 4361 ἀποστήσαντος
1318 4294 1599 4366 Ἱεροόοάμ
1647 4294 1937 4360 δυσσεϐεία

340 4378 862 4450 παρηκολούθησαν.
907 4381 1023 4451 Ἐφ’
1068 4379 1151 4448 οἷς
1190 4387 1575 4457 ἀγανακτήσας
1607 4386 1739 4451 Θεὸς
1771 4387 1933 4440 οἱονεὶ

2041 3479 2441 3549 coniungentes
2475 3476 2739 3542 facimus;
2773 3474 2867 3530 sed
2900 3474 3053 3554 varie
3112 3459 3457 3530 membratim
3491 3483 3630 3528 tem-

2040 3586 2193 3641 pore,
2221 3572 2401 3625 donec
2434 3570 2621 3622 tertius
2692 3567 3016 3637 impleretur
3070 3583 3268 3629 annus,
3303 3566 3625 3636 prophetam

2039 3661 2251 3716 dixisse
2285 3659 2634 3715 existimant.
2658 3656 2921 3712 Nonnulli
2952 3666 3141 3712 autem
3193 3657 3372 3723 hisce,
3405 3656 3627 3726 quando

2041 3752 2251 3806 locutus
2282 3759 2381 3815 est,
2415 3763 2602 3803 rarum
2636 3746 2856 3801 Domini
2888 3746 2957 3802 ad
3002 3746 3277 3803 Moabitas
3309 3764 3625 3804 sermonem

2039 3841 2166 3897 ideo
2202 3839 2505 3911 signiﬁcari
2537 3846 2915 3909 putaverunt;
2947 3838 3095 3908 quod
3147 3839 3404 3895 lsraelem
3455 3856 3624 3911 saepe,

2037 3940 2228 4005 gentes
2251 3940 2458 3996 autem,
2482 3924 2747 3999 tanquam
2778 3943 2808 3982 a
2837 3944 2897 3985 se
2923 3929 3158 3995 alienus,
3182 3945 3466 4001 nunquam
3487 3932 3626 3986 allo-

2037 4025 2275 4095 quitur:
2318 4024 2525 4077 talibus
2550 4028 2735 4076 autem
2774 4036 2932 4076 suam
3000 4021 3129 4076 ideo
3188 4022 3624 4078 benevolentiam

2037 4115 2441 4187 degustandam
2475 4113 2743 4184 praebere,
2778 4125 2839 4167 ut
2860 4128 2987 4167 eum
3010 4127 3132 4168 eam
3159 4113 3347 4182 parvis
3386 4114 3440 4168 in
3461 4115 3626 4171 rebus

2036 4207 2253 4277 experti
2308 4192 2535 4267 fuerint,
2575 4204 2632 4258 in
2659 4218 2890 4270 magnas
2919 4211 2976 4258 et
3033 4202 3308 4275 perfectas
3375 4205 3627 4261 ferantur

2037 4301 2280 4355 avidius.
2304 4296 2422 4354 Non
2450 4296 2654 4352 desunt
2685 4306 2892 4362 tamen,
2914 4297 3007 4368 qui
3059 4312 3372 4353 sermonem
3399 4297 3468 4353 ad
3501 4300 3631 4375 ejus

2038 4393 2306 4463 temporis
2339 4389 2629 4446 historiam
2672 4397 2871 4459 putent
2902 4390 3114 4453 referri,
3143 4406 3253 4461 quo
3299 4390 3488 4446 decem
3522 4392 3624 4447 tri-

340 4462 748 4543 Σαλμανασσάρ
792 4473 1169 4542 ἐμισθώσατο
1210 4477 1302 4530 τὸν
1360 4477 1673 4549 Ἀσσύριον,
1712 4477 1770 4541 ὃς
1811 4478 1934 4530 ἀνά-

2041 4462 2169 4548 bus,
2191 4484 2384 4541 relicto
2414 4480 2634 4538 Davidis
2668 4496 2858 4550 regno,
2883 4485 2948 4536 ad
2976 4483 3202 4551 impium
3232 4479 3621 4539 Jeruboamum

340 4570 541 4614 στατον
569 4562 671 4633 τὴν
695 4564 905 4619 τούτων
935 4567 1187 4632 ἀπέδειξε
1214 4567 1401 4639 χώραν
1432 4574 1612 4640 τρισὶν
1638 4570 1780 4634 ὅλοις
1817 4568 1936 4623 ἐτε-

341 4667 429 4705 σιν
481 4654 744 4725 ὲνιζήσας
789 4658 952 4729 αὐτῇ,
992 4659 1083 4712 ὅτε
1121 4661 1185 4730 δὴ
1223 4662 1317 4714 καὶ
1366 4664 1465 4733 τὴν
1494 4661 1673 4716 Μωὰὸ
1706 4662 1934 4733 ἐχειρώ-

341 4760 496 4799 σατο.
529 4746 592 4800 El
623 4748 806 4802 τοίνυν
836 4751 1145 4818 λελάληκεν
1178 4753 1278 4807 καὶ
1321 4753 1509 4808 πάλαι
1559 4756 1726 4821 Θεὸς,
1770 4756 1942 4825 ἀλλὰ,

329 4838 445 4925 ,καί
488 4838 606 4892 νῦν
651 4841 830 4911 λέγω,
877 4843 966 4898 ὅτι
1018 4844 1089 4898 ἐν
1136 4847 1262 4912 τοῖς
1327 4847 1526 4915 τρισὶν
1558 4846 1764 4902 ἐτεσιν
1813 4848 1933 4903 τῶν

338 4923 496 4983 ἐτῶν
521 4932 629 4987 τοῦ
666 4936 973 5000 μισθωτοῦ
1007 4937 1409 5011 Σαλμανασσάρ
1459 4941 1934 5010 ἁτιμασθήσεται

339 5019 380 5086 ή
409 5018 564 5084 δόξα
585 5020 769 5077 Μωάὄ
798 5039 812 5053 ’
846 5026 992 5080 τοῦτ’
1041 5026 1190 5082 ἔστιν
1227 5032 1260 5100 ή
1304 5029 1573 5100 βασιλεία,
1608 5030 1640 5099 ἦ
1672 5032 1742 5085 τά
1769 5033 1933 5104 μεγέ-

341 5109 410 5182 θη
445 5113 556 5165 τῶν
588 5116 822 5181 πόλεων,
864 5119 958 5172 καὶ
999 5120 1111 5174 τῶν
1152 5112 1509 5177 ὲνόίκούντων
1540 5122 1601 5176 τὸ
1633 5122 1863 5195 πλῆθος,
1898 5125 1932 5195 ἢ

341 5204 436 5252 καὶ
468 5201 620 5272 δηλοῖ
646 5203 746 5275 τὴν
784 5207 999 5277 ἡλικίαν
1026 5212 1125 5280 τὴν
1167 5212 1428 5282 μάχιμον.

2033 4574 2392 4639 defecerunt;
2428 4584 2535 4643 qua
2558 4587 2616 4626 re
2651 4569 2975 4641 indignatus
3009 4569 3290 4635 Dominus,
3335 4572 3621 4643 Assyrium

2039 4664 2518 4721 Salmanassarem
2570 4672 2827 4733 tanquam
2892 4660 3129 4717 mercede
3208 4662 3497 4728 conduxit,
3563 4670 3625 4719 ut

2034 4759 2275 4812 triennio
2308 4758 2523 4826 integro
2553 4755 2610 4809 in
2643 4770 2835 4810 eorum
2892 4755 3122 4824 regione
3177 4765 3454 4819 moratus,
3496 4770 3619 4811 eam
3724 4776 3729 4781 ·

2033 4849 2436 4919 popularetur;
2469 4861 2580 4917 quo
2612 4855 2859 4917 tempore
2879 4853 2933 4899 et
2970 4844 3268 4903 Moabitide
3286 4848 3622 4917 etiam-poti-

2041 4949 2132 4995 tus
2162 4951 2267 4995 cst.
2296 4937 2352 4992 Si
2383 4952 2515 5008 ergo
2540 4937 2717 5000 aiunt,
2746 4936 2870 4992 olim
2902 4938 3114 4991 locutus
3160 4948 3236 4993 est
3269 4938 3550 5004 Dominus,
3570 4947 3620 4992 et

2040 5047 2180 5085 nunc
2194 5029 2355 5085 etiam
2391 5028 2537 5091 dico,
2566 5027 2732 5097 239
2759 5028 2897 5097 quod
2932 5030 2987 5082 in
3012 5028 3183 5083 tribus
3219 5031 3373 5082 annis
3404 5044 3621 5083 merce-

2040 5124 2186 5177 narii
2235 5120 2675 5175 Salmauassaris
2755 5118 3053 5186 ignominia
3128 5119 3384 5184 aﬂicietur
3446 5117 3621 5188 gloria

2042 5212 2207 5268 Moab
2240 5228 2257 5265 :
2285 5210 2488 5280 quibus
2516 5207 2726 5276 verbis,
2753 5212 2838 5263 Vcl
2882 5224 3105 5280 regnum
3154 5210 3368 5283 ipsum;
3393 5209 3478 5263 vel
3524 5226 3627 5264 ιιι·-

343 5293 490 5345 bium
522 5296 964 5366 amplitudinem,
994 5309 1046 5355 et
1099 5303 1300 5357 civium
1359 5303 1771 5376 frequentiam;
1820 5305 1903 5361 vel

2041 5305 2185 5377 iique
2260 5300 2405 5360 bello
2459 5299 2717 5355 idoneum
2775 5300 2961 5356 aetatis
3011 5300 3159 5357 illius
3215 5301 3383 5357 robur
3447 5303 3623 5376 Signi-

342 5387 496 5441 fic'ari
530 5400 629 5456 par
651 5388 743 5442 sit.

412 5520 460 5554 “
488 5520 647 5580 Dent.
681 5537 843 5595 xxm,
873 5528 931 5588 5.

1652 5601 1888 5659 VARUE
1928 5600 2335 5660 LECTIONE“.

416 5661 436 5702 ⁸
470 5663 557 5719 la.
583 5662 632 5721 ὅ.
