4022 6210
408 263 550 330 2115

1733 253 2083 315 PROCOPII
2112 253 2355 317 GAZJEI

3524 245 3677 308 2116

476 369 633 437 Quod
675 368 719 425 si
785 367 851 422 ad
887 364 1158 437 aliegorire
1191 365 1336 435 luges
1371 365 1438 418 ab
1490 365 1647 418 initio
1692 365 1870 434 placet
1898 379 1984 417 re-

2161 366 2402 420 Ἀνωθεν
2434 364 2512 430 δὲ,
2550 363 2738 433 νόμοις
2775 357 3128 430 ἀλληγορίας,
3167 353 3460 423 ὑϐριστὴν
3489 355 3689 409 Μωὰιίῖ

405 473 623 522 vocare,
652 471 748 526 per
777 455 1222 509 contumeliosum
1255 451 1413 507 Moab
1439 453 1773 507 calamitatis
1798 461 1984 506 aucto-

405 567 521 607 rem
547 557 854 620 apostatam
886 550 1187 603 daemonem
1212 547 1611 602 intelleximus.
1637 545 1825 616 Neque
1840 548 1986 600 enim

407 643 463 698 in
487 640 805 696 Creatorem
843 626 1026 702 modH,
1059 639 1154 693 sed
1179 647 1233 692 et
1265 639 1317 693 in
1358 639 1608 692 homines
1641 639 1790 707 ipsos
1821 639 1984 692 etiam

405 734 844 790 contumeliosus
897 731 1034 796 fuit;
1077 746 1284 801 eosque
1343 746 1483 798 quos
1526 731 1713 800 cepit,
1763 730 1988 799 probris

406 827 545 881 alios
572 826 856 888 insectari,
895 824 1188 895 pravisque
1223 832 1277 877 et
1313 821 1592 877 luercticis
1632 821 1989 889 Opinionibus

407 919 774 972 intumescere
812 917 1001 970 docuit
1029 932 1045 980 ;
1081 916 1132 968 in
1164 930 1261 969 eos
1304 913 1567 982 denique,
1611 927 1640 965 a
1671 913 1873 982 quibus
1905 928 1990 966 re-

408 1011 678 1073 futantur,
705 1009 926 1078 quando
959 1007 1095 1062 nihil
1131 1017 1255 1076 apte
1276 1007 1388 1075 jam
1427 1005 1762 1076 respondere
1782 1007 1988 1070 valent,

406 1103 743 1158 contumeliis
777 1104 1087 1172 insurgere.
1115 1099 1287 1166 Quem
1327 1113 1526 1153 sanare
1555 1106 1762 1161 tamen,
1792 1105 1846 1152 et
1869 1105 1992 1151 tan-

407 1192 572 1264 quam
613 1194 763 1264 gravi
797 1193 985 1246 morbo
1033 1193 1270 1245 liberare
1300 1205 1422 1243 cum
1457 1189 1675 1244 studeat
1703 1190 1988 1254 Dominus,

408 1286 710 1355 superbiam
753 1300 811 1339 se
849 1285 1146 1338 sustulisse
1187 1282 1398 1351 adjicit.
1460 1280 1602 1336 Sunt
1649 1295 1781 1336 vero
1825 1283 1990 1336 etiam

411 1378 615 1447 injuria
664 1388 711 1430 et
745 1376 924 1444 furor,
974 1374 1180 1443 inquit,
1216 1375 1430 1443 privato
1463 1373 1589 1441 jure
1615 1371 1681 1426 ad
1719 1387 1840 1426 eum
1877 1386 1995 1441 per-

411 1468 648 1521 tinentes
680 1465 879 1519 morbi.
919 1461 1160 1517 Ululabit
1191 1463 1320 1516 item
1359 1462 1455 1526 ait,
1491 1475 1602 1515 non
1635 1460 1756 1515 sine
1778 1461 1992 1524 dolore,

410 1573 534 1611 cum
567 1572 722 1611 suam
759 1557 876 1625 ipse
900 1555 1101 1608 virium
1135 1553 1577 1607 imbecillitatem
1605 1553 1867 1607 senserit.
1906 1552 1995 1608 Si-

2086 460 2177 512 τὸν
2221 461 2528 530 ἀρχέκακον
2567 458 2662 512 καὶ
2711 454 3027 523 ἀποστάτην
3080 450 3363 519 νοήσωμεν
3414 447 3675 518 δαίμονα,

2087 551 2164 621 τῷ
2196 569 2256 604 τε
2295 551 2406 620 γὰρ
2441 550 2668 623 κτίστῃ,
2705 548 2802 601 καὶ
2856 547 2972 608 τοῖς
3029 541 3340 612 ἀνθρώποις
3393 541 3678 611 ἐνύϐρισε,

2087 641 2336 704 καὶτοὺς
2379 640 2606 702 ἁλόντας
2657 635 2921 708 ὑϐριστὰς
2952 631 3351 703 ἀπεργάζεται,
3395 631 3522 694 τοὺς
3569 632 3681 684 λα-

2087 731 2318 795 λοῦντας
2347 731 2564 784 ἀδικίαν
2593 731 2672 792 εἰς
2718 727 2782 781 τὸ
2834 726 2970 795 ὕψος
3013 722 3358 794 αιρετικοὺς,
3404 721 3501 774 καὶ
3546 722 3681 784 τοὺς

2087 822 2413 893 ἐλέγχοντας
2444 821 2503 887 ἐξ
2543 820 2782 891 ἀπορίας
2829 816 3194 885 ὑϐρίζοντας.
3226 815 3326 866 Ὃν
3377 811 3474 865 καὶ
3510 813 3682 882 Baga.-

2089 916 2274 969 πεύων
2301 916 2330 968 ὁ
2377 913 2585 983 Κύριός
2623 927 2808 982 φησιν,
2855 910 2931 972 ὡς
2979 908 3074 961 ἐπὶ
3125 906 3286 960 νόσου
3313 903 3514 973 δεινῆς,
3554 902 3683 969 Τὴν

2088 1008 2513 1079 ὑπερηφανίαν
2569 1004 2762 1076 ἐξῆρα.
2819 1001 2979 1055 Ἀλλά
3033 1000 3129 1054 καὶ
3169 999 3208 1067 ἡ
3265 998 3433 1065 ὕϐρις
3484 994 3582 1048 καὶ
3634 994 3676 1061 ἠ

2086 1100 2274 1171 μῆνις
2297 1099 2495 1158 αὑτοῦ..
2515 1097 2705 1168 φησὶν.
2738 1094 2857 1148 ἐστὶ
2883 1092 3158 1160 ἱδιόκτητα
3189 1090 3356 1159 πάθη.
3376 1084 3682 1146 Ὀλολύζει

2090 1193 2149 1247 δὲ
2174 1192 2360 1260 φησιν,
2402 1188 2612 1257 ἀλγῶν,
2662 1187 2758 1242 καὶ
2785 1185 2882 1252 τῆς
2915 1183 3052 1246 ἰδίας
3077 1181 3362 1242 ἀσθενείας
3408 1177 3683 1231 ἐπαισθα-

2092 1284 2340 1354 νόμενος.
2377 1281 2579 1350 Τεῖχος
2612 1279 2667 1333 δὲ
2697 1276 3083 1346 ὀστράκινον,
3115 1273 3218 1338 τὴν
3247 1271 3358 1325 τῶν
3389 1271 3481 1323 ἐπὶ
3515 1269 3685 1338 σοφίᾳ.

2095 1374 2392 1445 φυσώντων
2443 1374 2672 1427 ἐκάλεσε
2707 1369 3084 1440 διαλεκτικὴν,
3139 1368 3224 1436 ἐφ’
3259 1360 3402 1440 ᾗπερ
3445 1364 3685 1434 εὐφραί-

2094 1484 2300 1521 νονται.
2353 1467 2426 1520 Τὸ
2457 1464 2830 1535 φθέγξασθαι
2878 1473 2909 1503 ιι
2943 1460 3004 1514 δὲ
3054 1458 3238 1521 αὐτοῖς
3283 1456 3444 1509 τοῦτο
3481 1453 3688 1523 τεῖχος

2098 1557 2440 1630 προσέθηκεν
2503 1554 2832 1624 ὀστράκου,
2867 1550 3112 1622 δηλονότι
3165 1548 3469 1619 σαθρότερα
3522 1547 3690 1615 μελέ-

409 1651 632 1717 gnitieat
667 1649 863 1703 deinde
890 1646 1031 1699 muri
1059 1646 1274 1699 testacei
1302 1644 1544 1706 nomine,
1570 1643 1787 1698 illorum
1819 1643 1996 1700 disse-

2107 1667 2259 1721 τησιν
2287 1649 2464 1702 ταῦτα
2505 1646 2877 1716 ποιουμένοις,
2900 1644 3019 1697 δέον
3049 1641 3283 1712 μελετᾷν
3331 1641 3388 1693 ἐν
3421 1637 3500 1708 τῷ
3529 1639 3690 1707 νόμῳ

413 1713 566 1795 retuli
600 1741 936 1805 facultatem,
970 1739 1169 1808 quibus
1191 1747 1273 1792 est
1307 1736 1592 1804 sapientia:
1623 1737 1884 1806 opinione
1908 1740 1994 1793 in-

2107 1713 2339 1809 κυρίου.
2371 1738 2483 1792 Kal.
2521 1713 2683 1808 ouo);-
2707 1736 2808 1789 οὐκ
2841 1731 3346 1802 ἐντραπήσονται.
3391 1729 3481 1782 Διὸ
3505 1746 3688 1796 τιμω-

411 1840 720 1887 tumescere
749 1830 1080 1900 jucundum.
1114 1827 1271 1894 Quod
1297 1836 1479 1881 autem
1505 1827 1650 1897 loqui
1683 1827 1748 1881 ad
1773 1844 1869 1884 eos
1890 1831 1995 1883 im-

413 1927 588 1988 perat,
632 1919 724 1988 qui
754 1920 811 1971 in
849 1934 1001 1971 muro
1038 1919 1143 1971 isto
1197 1925 1426 1971 testaceo
1463 1912 1756 1985 lmlanturj
1794 1918 1866 1973 ita
1903 1936 1997 1973 va—

2105 1830 2326 1901 ροῦνται
2355 1830 2431 1898 τῇ
2463 1829 2585 1884 τῶν
2615 1829 2839 1883 πεδίων
2875 1826 3139 1882 Ἐσεϐὼν
3171 1823 3374 1896 ἀφορίᾳ
3393 1839 3408 1855 ο
3443 1821 3602 1876 τοῦτο
3621 1819 3690 1873 δὲ

2102 1921 2454 1993 διαλογισμὸς
2483 1920 2867 1994 ἑρμηνεύεται.

415 2029 542 2068 nam
571 2029 761 2070 eorum
784 2022 838 2069 et
869 2012 1199 2070 imbecillam
1227 2028 1352 2068 esse
1373 2026 1596 2082 operam
1625 2012 1991 2080 demonstrat,
2031 2016 2125 2088 qui
2159 2017 2406 2072 studium
2438 2032 2599 2072 suum
2622 2015 2692 2070 ad
2713 2014 3013 2070 Dominice
3077 2011 3214 2084 legis
3273 2008 3686 2065 meditationem

415 2111 674 2164 conferre
707 2110 1034 2164 debuerant.
1072 2107 1184 2165 Nec
1214 2117 1397 2163 tamen
1475 2108 1578 2172 ait,
1628 2119 2041 2178 convertentur;

2122 2121 2178 2168 et
2214 2128 2311 2168 eos
2341 2113 2412 2167 ob
2445 2111 2496 2166 id
2525 2111 2824 2169 ulciscetur
2853 2124 3159 2179 camporum
3189 2103 3398 2160 Esebon
3429 2101 3691 2160 infertili-

417 2211 542 2269 tas;
591 2201 751 2273 cujus
797 2202 846 2257 si
877 2201 1122 2258 nominis
1155 2203 1428 2258 rationem
1467 2203 1739 2272 postules,
1761 2202 1906 2258 idem
1937 2218 2001 2260 ac
2040 2205 2086 2262 si
2113 2206 2499 2279 cogitationem
2532 2204 2706 2270 dicas,
2738 2202 3095 2275 signiﬁcabit.

488 2384 694 2440 Horum
721 2384 887 2456 igitur
914 2383 1189 2456 lugebant,
1217 2382 1420 2453 inquit,
1447 2383 1812 2453 cogitationes
1838 2399 2000 2456 agro-

417 2494 538 2531 rum
589 2477 836 2542 nomine,
885 2484 1111 2546 propter
1141 2475 1586 2544 amplitudinem,
1635 2474 1998 2544 significatita;

417 2569 641 2640 quando
676 2569 1029 2622 temerariam
1059 2573 1217 2622 suam
1262 2572 1318 2620 et
1359 2564 1586 2619 stultam
1619 2564 1843 2635 pietatis
1902 2580 1998 2619 ra-

419 2662 624 2715 tionem
659 2665 922 2713 retectam
957 2656 1344 2710 intuebuntur.
1383 2653 1604 2724 Lugebit
1647 2654 1814 2708 etiam
1842 2662 1896 2709 et
1925 2655 2002 2708 ui-

418 2769 517 2807 nea
550 2749 805 2806 Sebama.
841 2748 1002 2804 Genti
1051 2747 1329 2819 siquidem
1367 2746 1570 2816 cuique
1610 2745 1881 2800 attributa
1919 2754 2005 2802 est

419 2842 671 2914 quaedam
719 2839 892 2895 vinea.
929 2837 1210 2894 Scribitur
1243 2836 1389 2893 enim
1419 2855 1433 2891 :
1470 2855 1489 2889 ι
1536 2835 1612 2891 De
1639 2836 1798 2892 vinea
1827 2836 2004 2892 Sodo-

419 2947 635 2987 morum
660 2930 818 2985 vinea
858 2943 1050 2984 eorum
1074 2928 1142 2981 “.
1179 2947 1200 2980 ›
1233 2925 1302 2982 Et
1328 2927 1470 2998 apud
1495 2928 1689 2981 Mosen
1725 2944 1741 2981 :
1773 2945 1792 2978 ι
1828 2925 2004 2983 Inter-

420 3023 552 3079 fecit
582 3023 636 3076 in
669 3019 939 3092 grandine
961 3019 1181 3074 vineam
1208 3033 1404 3074 eorum
1434 3018 1503 3071 ⁸⁸.
1535 3037 1554 3070 ι
1598 3017 1695 3072 Est
1732 3033 1929 3074 rursus
1951 3027 2006 3073 et

419 3117 578 3172 vinea
625 3128 790 3185 quam
839 3112 1109 3182 plantavit
1138 3110 1444 3179 ,Dominns.
1485 3129 1504 3160 ι
1558 3110 1807 3165 Cantabo
1856 3111 2002 3164 enim

418 3209 644 3270 dilecto,
675 3206 772 3273 ait,
788 3205 1066 3262 canticum
1097 3201 1286 3259 dilecti
1307 3203 1482 3257 vineae
1505 3203 1572 3256 “.
1609 3222 1627 3254 ι
1656 3201 1826 3272 Regni
1849 3201 2006 3257 dein-

421 3301 490 3357 de
519 3301 734 3355 vineam
776 3298 864 3353 his
895 3311 952 3353 se
977 3296 1288 3351 ablaturum
1326 3295 1604 3365 significat
1637 3295 1907 3350 Dominus
1933 3295 2002 3360 ⁸⁷,

2176 2389 2396 2444 Τούτων
2427 2384 2520 2443 οὖν
2548 2389 2599 2442 oi
2641 2385 3004 2457 διαλογισμοὶ,
3056 2382 3233 2438 πεδία
3257 2381 3544 2454 λεχθέντες
3596 2381 3689 2434 διὰ

2107 2480 2169 2534 τὸ
2194 2479 2424 2550 πλῆθος,
2457 2478 2883 2546 πεῖ-θήσουσιν
2922 2475 3182 2547 ἀνονήτου
3208 2476 3308 2545 τῆς
3337 2471 3520 2527 αὐτῶν
3558 2474 3688 2526 ἀσε-

2109 2565 2266 2627 ϐείας
2294 2566 2703 2636 φανησομένης.
2737 2563 3038 2631 Πενθήσει
3071 2562 3169 2616 καὶ
3203 2563 3242 2632 ἠ
3276 2562 3546 2632 ἄμπελος
3585 2563 3690 2614 Σε-

2110 2657 2288 2728 Gauri.
2331 2657 2598 2712 Ἐκάστου
2627 2657 2736 2728 γὰρ
2784 2655 2972 2720 ἔθνους
3002 2655 3119 2710 ἐστί
3149 2671 3234 2719 τις
3273 2653 3558 2724 ἄμπελος.
3588 2651 3692 2707 Ἐκ

2110 2751 2220 2819 γάρ
2261 2749 2512 2818 ἀμπέλου
2551 2749 2803 2820 Σοδόμων
2849 2750 2883 2820 ή
2909 2746 3158 2818 ἄμπελος
3183 2745 3386 2804 αὐτῶν.
3409 2746 3537 2799 Καὶ
3578 2744 3690 2799 ἀπο

2111 2844 2353 2896 εκτεινεν
2387 2845 2444 2896 ἐν
2493 2841 2704 2913 χαλάζῃ
2735 2841 2835 2910 τὴν
2874 2839 3120 2910 ἀμπελον
3163 2837 3368 2903 αὐτῶν,
3408 2837 3539 2909 περὶ
3579 2837 3692 2889 τῶν

2111 2933 2426 3001 Αἰγυπτίων
2451 2931 2480 2984 δ
2505 2932 2732 3002 Μωσῆς.
2761 2932 2916 2985 Ἔστι
2938 2931 3034 2984 καὶ
3060 2929 3306 3000 ἄμπελος
3327 2928 3395 3000 ἢν
3424 2927 3692 2997 ἐφύτευσε

2113 3022 2342 3095 Κύριος.
2377 3022 2530 3095 ’ᾼσω
2555 3022 2686 3094 γὰρ,
2725 3022 2882 3094 φησὶ,
2918 3021 2997 3092 τῷ
3029 3021 3381 3091 ἠγαπημένῳ
3408 3014 3561 3092 ᾆσμα
3592 3018 3688 3072 τοῦ

2113 3117 2402 3187 ἀγαπητοῦ
2432 3116 2510 3187 τῷ
2541 3116 2851 3187 ἀμπελῶνι.
2883 3116 2996 3170 Καὶ
3042 3115 3144 3185 τῆς
3191 3113 3472 3185 βασιλείας
3501 3113 3560 3167 δὲ
3599 3112 3694 3166 τδν

2114 3208 2439 3279 ἀμπελῶνα,
2469 3207 2637 3277 φησὶν
2675 3209 2703 3262 ό
2729 3207 2961 3278 Κύριος,
2991 3206 3101 3260 ἀπὸ
3145 3204 3256 3260 τῶν
3284 3205 3360 3277 μὴ
3391 3204 3693 3259 ποιούντων

2113 3301 2350 3374 ἀρθέντα
2376 3301 2628 3373 καρποὺς
2653 3302 2704 3338 ιι⁶
2729 3299 2874 3354 ἔθνει
2905 3299 3127 3370 δοθῆναι
3151 3298 3393 3353 ποιοῦντι
3410 3299 3539 3362 τοὺς
3564 3298 3695 3352 ταύ-

417 3395 512 3464 qni
555 3391 719 3464 240
761 3390 1002 3446 fructum
1040 3403 1148 3443 non
1177 3388 1386 3456 edunt;
1433 3389 1583 3459 genti
1629 3396 1836 3456 autem,
1888 3402 2001 3458 quae

2113 3411 2211 3464 της
2241 3393 2510 3464 καρποὺς,
2540 3391 2718 3462 δηλῶν
2749 3391 2842 3446 τὸν
2877 3393 3045 3463 νόμον
3090 3391 3186 3446 καὶ
3215 3391 3343 3465 τοῦς
3381 3390 3689 3460 προφήτας,

424 3487 636 3539 l'rnetus
669 3483 870 3553 pariat,
903 3481 1203 3544 daturum;
1249 3479 1420 3552 legem
1463 3478 1726 3533 nimirum
1772 3488 1828 3534 et
1871 3493 2005 3548 pro-

421 3579 615 3648 phetas
649 3588 931 3644 :qnorum
974 3578 1250 3643 prazcepta
1287 3586 1411 3625 eum
1443 3571 1805 3640 negligerent,
1858 3585 1921 3626 ea
1948 3586 2007 3626 se

422 3667 567 3738 genti
613 3662 1018 3733 patefacturum
1059 3663 1382 3733 pollicetur,
1420 3677 1543 3732 quae
1577 3661 1704 3717 vita:
1749 3663 2006 3717 inStituto

424 3756 639 3810 fructus
667 3753 865 3824 pariat.
896 3751 993 3806 Est
1021 3753 1191 3821 igitur
1215 3753 1366 3806 vinea
1399 3752 1583 3806 ist/uec
1607 3751 1831 3806 verbum
1867 3752 2009 3807 veri-

423 3848 554 3902 tatis
584 3862 598 3898 :
624 3860 743 3916 qua:
783 3852 966 3898 autem
1013 3844 1422 3914 Egyptiorum,
1470 3843 1732 3900 falsitatis
1773 3853 1828 3898 et
1857 3859 2008 3900 men-

423 3937 604 3998 dacii;
636 3951 757 4005 qua:
793 3936 877 3990 eis
905 3949 933 3990 a
961 3937 1320 3992 tenebrarum
1353 3933 1604 4004 principe
1643 3933 1697 3989 in
1733 3934 2006 3989 culturam

424 4031 550 4086 data
593 4035 723 4084 est:
755 4027 1122 4081 Sodomorum
1173 4037 1396 4090 autem,
1452 4027 1578 4082 vitae
1633 4027 1915 4082 scelerata:
1951 4036 2008 4082 et

425 4124 690 4192 impurae;
715 4134 855 4190 quas
887 4127 946 4173 ut
969 4119 1237 4184 colerent,
1273 4135 1301 4173 a
1335 4119 1480 4174 malo
1520 4119 1775 4174 mercede
1796 4121 2008 4174 condu-

423 4216 497 4269 eti
535 4223 682 4270 sunt.
726 4212 810 4267 Ab
846 4211 917 4266 iis
949 4226 1074 4265 cum
1111 4211 1326 4266 Scriba:
1357 4220 1411 4265 et
1441 4210 1705 4267 Pharisaei
1729 4211 2005 4282 originem

425 4307 712 4369 ducerent,
743 4304 811 4359 ab
849 4318 935 4368 eo,
971 4301 1070 4371 qui
1110 4316 1294 4358 veram
1335 4317 1394 4357 se
1425 4302 1594 4356 vitem
1627 4317 1752 4357 esse
1789 4301 2010 4372 proﬁte-

426 4407 515 4453 tur
542 4398 609 4464 ⁸⁸,
643 4395 831 4452 refecti
858 4401 1015 4459 sunt,
1045 4393 1368 4449 Gomorrbae
1401 4402 1684 4450 sarmenta
1718 4394 2007 4461 habentes;

427 4490 572 4545 unde
612 4502 774 4542 uvam
811 4483 952 4539 fellis
981 4493 1037 4540 et
1067 4485 1288 4540 botrum
1317 4483 1730 4538 amarissimum
1769 4483 2011 4554 college-

428 4588 556 4635 runt
585 4579 652 4634 δ’.
678 4577 877 4631 \‘inum
911 4583 1095 4631 autem
1118 4589 1314 4630 eorum
1349 4573 1421 4628 [el
1449 4574 1752 4629 draconum
1773 4585 1828 4629 et
1862 4573 2010 4642 aspi-

426 4670 554 4724 dum
621 4665 925 4723 insanabile
950 4667 1020 4720 ⁸ο.
1055 4664 1338 4735 Signiﬁcat
1403 4675 1584 4718 autem
1645 4664 1797 4718 vinea
1838 4663 2010 4720 Seba-

427 4759 515 4816 ma
541 4759 619 4830 (id
648 4765 736 4814 est
766 4758 1082 4823 conversio,
1115 4756 1162 4812 si
1195 4755 1304 4810 vim
1329 4754 1573 4810 nominis
1603 4755 2008 4826 explices)ser-

427 4867 644 4908 nionem
683 4865 808 4907 eum
841 4852 936 4921 qui
967 4857 1053 4906 est
1106 4848 1174 4904 ad
1218 4848 1445 4919 pietatis
1467 4853 1523 4904 et
1553 4847 1843 4919 religionis
1886 4863 2011 4918 spe-

425 4950 565 5005 ciem
597 4955 973 5018 comparatus.
1014 4943 1216 4999 Multos
1238 4943 1410 5007 enim,
1439 4942 1570 4998 dum
1602 4943 1731 4997 vitae
1756 4941 2012 5012 probita-

427 5052 533 5095 tem
580 5039 865 5105 simulant,
898 5036 962 5091 ad
1001 5051 1161 5091 suum
1197 5035 1412 5090 vivendi
1441 5049 1618 5105 genus
1664 5033 1754 5088 isti
1794 5040 2011 5103 pertra-

428 5129 597 5198 hunt,
646 5130 739 5201 qui
785 5129 1019 5184 honesta
1061 5125 1243 5182 facere
1294 5137 1350 5179 et
1402 5123 1614 5178 hortari
1647 5121 1947 5178 credantur
1989 5140 2002 5176 :

497 5349 545 5381 “
579 5349 733 5403 Deut.
773 5367 942 5411 xxxii.
987 5349 1078 5404 52.
1205 5349 1250 5380 ⁸⁸
1280 5346 1419 5402 Psal.
1450 5359 1653 5411 Lxxvtt,
1685 5343 1776 5400 47.

428 5417 660 5500 f’Deut.
712 5436 883 5485 xxx”,
914 5421 1004 5475 5'2.
1081 5421 1127 5451 ⁸⁰
1178 5421 1312 5475 ibid.
1368 5420 1459 5474 55.

1912 5343 1957 5375 ⁸⁸
1996 5342 2102 5401 lsa.
2145 5363 2198 5413 ν,
2235 5348 2313 5431 1.,
2399 5349 2440 5379 ⁸⁷
2473 5346 2667 5404 Matth.
2723 5366 2834 5419 xxi,
2868 5351 2939 5407 55
2986 5366 3148 5422 seqq.

2108 3487 2233 3542 καθ’
2269 3486 2364 3551 οὒς
2389 3487 2490 3540 οὐκ
2537 3484 2942 3548 ἐπολιτεύοντο,
2973 3479 3048 3538 ὧν
3077 3483 3145 3537 τὰ
3182 3485 3432 3553 νοήματα
3471 3482 3692 3552 δοθῆναι

2107 3579 2236 3649 ἔθνη
2289 3579 2380 3632 διά
2435 3577 2714 3640 πολιτείας
2761 3576 3004 3629 ποιοῦντι
3054 3574 3322 3648 καρπούς.
3348 3573 3496 3646 Αὐτὴ
3538 3573 3692 3643 λόγος

2108 3671 2369 3742 ἀληθείας
2402 3671 2440 3739 ἡ
2465 3669 2767 3739 ἄμπελος·
2795 3670 2829 3738 ἡ
2865 3668 2925 3721 δὲ
2951 3667 3059 3721 τῶν
3087 3667 3404 3735 Αἰγυπτίων
3433 3667 3526 3720 τοῦ
3556 3664 3692 3735 ψεύ-

2107 3764 2232 3827 δους
2269 3763 2407 3838 πρὸς
2432 3762 2712 3831 γεωργίαν
2735 3762 2921 3825 αὐτοῖς
2952 3761 3105 3834 παρά
3123 3761 3219 3814 τοῦ
3248 3761 3692 3832 κοσμοκράτορος

2108 3852 2329 3906 δοθεῖσα
2360 3852 2455 3910 τοῦ
2486 3854 2710 3916 σκότους
2749 3853 2944 3905 τούτου
2967 3868 2982 3883 ·
3014 3853 3047 3922 ή
3073 3852 3133 3906 δέ
3167 3852 3418 3922 Σοδόμων
3447 3850 3695 3922 ἁκαθὰρο

2109 3961 2202 3997 του
2251 3942 2370 4013 βίου
2413 3944 2509 3996 καὶ
2543 3943 2822 4014 πράξεων,
2868 3943 2936 4007 ἃς
2973 3942 3038 4014 δὴ
3085 3944 3354 4014 γεωργεῖν
3385 3943 3415 3995 δ
3458 3941 3696 4012 πονηρὸς

2109 4038 2307 4102 αὐτοὺς
2357 4037 2730 4108 ἐμισθώσατο.
2775 4036 2867 4102 Ἐξ
2912 4030 3293 4099 ὧνλαϐόντες
3336 4035 3695 4106 Γραμματετς

2112 4124 2208 4178 καὶ
2236 4125 2526 4195 Φαρισαῖοι
2552 4125 2620 4178 τὰ
2645 4125 2960 4197 σπέρματα,
2993 4123 3086 4178 τοῦ
3117 4123 3365 4193 λέγοντος
3391 4122 3697 4194 ὲξετμήθη-

2113 4233 2233 4279 σαν,
2285 4216 2428 4286 Ἐγώ
2473 4219 2663 4288 είμιή
2715 4218 2961 4289 ἄμπελος
3024 4218 3059 4289 ἡ
3109 4217 3375 4288 ἀληθινὴν
3415 4216 3454 4269 Γ
3457 4216 3694 4288 ομόρῤας

2111 4310 2326 4378 ἔχοντες
2375 4307 2702 4378 κληματίδα.
2755 4309 2848 4362 Διὸ
2906 4308 3003 4362 καὶ
3063 4307 3374 4379 γεωργοῦσι
3417 4306 3695 4375 σταφυλὴν

2111 4401 2276 4472 χολῆς
2313 4401 2409 4455 καὶ
2435 4400 2635 4473 βότρυν
2672 4399 2918 4473 πικρίας.
2959 4401 3021 4455 '0
3050 4401 3107 4455 δὲ
3141 4395 3285 4464 οἶνος
3309 4400 3493 4455 αὐτῶν
3525 4398 3695 4470 θυμὸς

2111 4492 2420 4562 δρακόντων
2482 4493 2580 4546 καὶ
2633 4493 2878 4547 ἀσπίδων
2932 4492 3172 4556 ἀνίατος.
3221 4491 3294 4549 Ἠ
3359 4491 3592 4561 σεῖαμὰ
3637 4490 3694 4542 δὲ

2113 4583 2385 4653 ἄμπελος
2430 4585 2758 4658 (ἐπιστροφὴ
2796 4585 2854 4638 δέ
2905 4583 3291 4656 ἑρμηνεύεται)
3333 4583 3490 4652 λόγον
3527 4584 3692 4652 ἐσχη-

2124 4674 2462 4745 ματισμένον
2514 4675 2667 4744 δηλοῖ
2698 4674 2836 4746 πρὸς
2890 4674 3204 4729 εὐλάδειαν.
3260 4671 3695 4743 Σχηματίζονται

2120 4765 2231 4836 γὰρ
2263 4764 2379 4835 βίον
2409 4765 2592 4838 ὀρθὸν,
2622 4767 2962 4837 ὑπαγόμενοι
2992 4765 3225 4829 πολλοὺς
3258 4765 3338 4828 είς
3368 4763 3464 4834 τὴν
3486 4763 3697 4816 οἰκείαν

2117 4855 2474 4927 διαστροφὴν,
2523 4858 2741 4929 χρηστά
2791 4858 3056 4928 πράττειν
3085 4855 3372 4919 δοκοῦντες
3414 4855 3507 4908 καὶ
3551 4870 3697 4923 παρ-

2121 4948 2312 5001 αινεῖν.
2338 4939 2440 5000 Ὧν
2475 4949 2545 5001 τὰ
2587 4948 2837 5020 δόγματα
2865 4950 2962 5002 καὶ
3011 4947 3124 5019 βίος
3155 4946 3422 5018 ἄμπελος
3467 4945 3698 5014 σεϐαμά

2121 5037 2342 5104 γνήσιον
2383 5034 2575 5104 ἔχοντα
2608 5037 2746 5107 μηδὲ
2776 5039 2836 5090 ἐν
2860 5047 2888 5076 ν
2921 5037 3029 5092 ὑπὸ
3060 5036 3367 5092 Μωαϐιτῶν
3421 5051 3700 5107 γεωργου-

2119 5125 2278 5196 μένη,
2327 5127 2462 5196 ὴτά
2517 5127 2624 5181 ἴδια
2664 5128 2838 5182 πολλά
2883 5128 3116 5184 ποιοῦσα
3163 5129 3480 5200 γεννήματα
3519 5142 3700 5181 κατα-

3253 5349 3297 5383 “
3324 5348 3482 5404 Joan.
3521 5363 3609 5422 sv,
3640 5346 3697 5404 1.

1691 5549 1926 5606 \‘ARl/E
1961 5549 2370 5606 LECTIONES.

502 5676 531 5706 ιι
561 5683 652 5735 γρ.
690 5664 1015 5734 φθέγξασθε.

1094 5672 1141 5705 ιδ’
1179 5667 1421 5737 καρποὺς
1454 5667 1708 5738 ἀρθέντα.
1791 5677 1815 5704 ν
1842 5685 1930 5733 γρ.
1960 5665 2153 5738 ἔχουσα
2181 5667 2370 5738 μηδέν.
