4022 6210
343 293 473 362 2H7
1466 281 1998 345 COMMENTARII
2035 280 2115 339 IN
2181 278 2463 338 ISAIA‘M.
3467 271 3606 339 2118

339 415 536 465 πίνειν
583 405 652 458 τὰ
703 403 831 473 ἔθνη
885 402 1102 470 λέγεται
1132 399 1446 468 διαλεκτικῇ
1502 395 1732 464 δυνάμει
1787 391 1913 454 τοὺς

2040 403 2248 458 μιοιίιη]
2293 397 2472 440 tamen
2512 385 2628 440 sive
2660 384 2936 450 doctrina,
2997 383 3114 441 sive
3169 385 3299 452 vita,
3349 396 3604 454 tanquam

337 485 743 571 ἀγυμνάστους,
768 497 835 549 δι’
865 491 940 549 ὧν
973 495 1102 564 νικᾷ
1128 491 1523 547 καταπίνουσα.

2042 481 2158 531 inea
2213 476 2458 544 Sebama,
2511 492 2632 545 qua:
2686 492 2713 528 a
2759 477 3016 532 Moabitis
3071 477 3292 538 colitur,
3329 477 3608 531 sincerum

336 597 469 651 nihil
495 594 689 648 habent
716 609 731 660 ;
755 590 853 647 sed
892 590 1061 644 multa
1093 587 1348 659 privatim
1379 586 1526 642 edita
1558 583 1769 648 sobole,
1794 576 2086 636 dialectica
2145 573 2408 627 facultate
2465 572 2604 624 male
2652 570 2986 626 exercitatas
3044 579 3232 642 gentes
3297 569 3606 624 abaorbeat.

405 784 552 856 Πρὸς
577 781 672 844 οὓς
702 779 1147 842 καταπίνω-τας
1173 777 1202 830 ὁ
1223 775 1380 845 λόγος
1403 773 1555 845 φησὶ
1583 771 1710 836 τοὺς
1732 768 1910 822 τοιού-

2081 758 2246 814 lubet
2277 759 2458 824 itaque
2499 768 2616 814 eos,
2656 751 2749 821 qui
2780 750 3091 814 absorbent,
3123 749 3393 820 ejusmodi
3443 751 3610 803 ratio—

333 844 674 941 rouc'kbyou;
702 869 1088 925 καταπατεῖν.
1108 869 1171 920 Ἦ
1200 868 1310 937 γὰρ
1339 844 1492 936 περι
1516 863 1709 916 τούτου
1743 858 1909 929 σχολὴ

2040 870 2114 909 tes
2143 855 2418 924 prepheta:
2451 848 2788 910 conculcare,
2844 846 3067 916 quando
3098 845 3242 915 quod
3277 845 3330 898 in
3383 844 3468 900 his
3495 845 3604 900 dis-

337 939 628 1036 σχολάζειν
683 964 830 1033 ὑμᾶς
884 962 986 1015 οὐκ
1034 961 1099 1030 ἐᾷ
1153 956 1293 1031 [καὶ]
1345 953 1731 1024 συναφθῆιναι
1781 953 1917 1021 πρὸς

2040 944 2436 1015 :eptationibus
2492 943 2663 996 otium
2707 939 3063 1010 impenditur,
3113 953 3289 1006 neque
3332 951 3434 990 nos
3458 939 3611 1004 quie-

347 1028 568 1126 ’ίαζὴίκ
617 1028 1202 1126 τὴνῠὲρμηνευομεντίν
1238 1028 1410 1120 ίσχῦς,
1451 1050 1518 1119 ἦν
1554 1046 1722 1100 οὖσαν
1753 1061 1918 1098 πνευ-

2040 1050 2194 1099 icere,
2228 1048 2406 1102 neque
2431 1049 2547 1084 cum
2584 1031 2736 1084 lazir
2760 1031 2905 1099 (quae
2940 1029 3104 1081 robur
3140 1044 3234 1083 seu
3264 1029 3400 1082 vires
3434 1028 3607 1098 signio

339 1118 583 1223 ματικὴν
617 1118 715 1218 οὑυχ
749 1118 1068 1212 ῡᾶτὸδὲξετιέι
1095 1118 1200 1207 τις,
1228 1118 1322 1194 ἐὰν
1353 1141 1428 1210 μὴ
1470 1140 1567 1202 τὰς
1610 1135 1921 1207 ἀμπέλους

2040 1124 2174 1194 icat)
2235 1123 2480 1192 conjungi
2527 1121 2795 1191 prrn.ittit
2840 1137 2854 1174 :
2897 1135 3097 1189 quam,
3150 1136 3270 1173 cum
3307 1118 3612 1188 spiritualis

336 1210 738 1306 immania}
765 1247 789 1274 κ
826 1210 938 1306 τῆξ
971 1233 1206 1303 Σεϐαμὰ
1234 1233 1333 1302 τῆς
1383 1231 1517 1291 ἰδίας
1538 1227 1773 1299 ἐρημίας
1799 1229 1922 1278 ἐπι-

2040 1218 2120 1280 ιὶι,
2160 1232 2318 1271 nemo
2351 1222 2710 1283 assequatur,
2740 1212 2833 1281 qui
2875 1210 3104 1266 Sebama
3145 1213 3323 1265 vineas
3353 1227 3455 1264 non
3488 1226 3612 1262 con-

337 1301 665 1400 λαθόμενος,
699 1301 1020 1380 καταλείπει
1047 1301 1358 1390 δὲήταύτην
1389 1319 1663 1390 κρείττοσι
1701 1315 1922 1386 χωρίοις

2040 1307 2278 1370 :ulcarit,
2312 1315 2364 1360 et
2412 1305 2648 1374 propriae
2683 1302 3006 1357 solitudinis
3033 1302 3266 1366 oblitus,
3307 1317 3371 1355 ea
3401 1301 3610 1365 relicta,
3713 1321 3724 1332 -

337 1393 776 1490 ἐνδιαιτώμενος.
796 1413 930 1471 Εἷτά
950 1429 1136 1486 φησιν·
1169 1416 1232 1467 Οἱ
1249 1409 1696 1480 ἀπεσταλμένοι
1713 1408 1925 1477 ἐγκατε-

2040 1402 2149 1454 loca
2193 1397 2421 1452 meliora
2459 1411 2565 1450 non
2622 1395 2922 1450 incolebat.
2973 1393 3178 1463 Adjicit
3221 1393 3424 1448 deinde
3461 1412 3474 1448 :
3508 1393 3612 1460 Qui

336 1486 733 1580 ελείςρθηοναν.
800 1507 1016 1575 Ψευδὴς
1069 1504 1177 1580 γὰρ
1249 1501 1550 1563 ἀπόστολος
1624 1497 1730 1551 ὑπὸ
1791 1494 1926 1550 Θεοῦ

2040 1491 2182 1544 missi
2211 1497 2354 1555 sunt,
2397 1487 2640 1541 derelicti
2670 1497 2815 1540 sunt.
2851 1486 2988 1552 Quia
3025 1487 3116 1556 qui
3148 1487 3381 1554 apostoli
3414 1502 3615 1540 nomen

339 1577 783 1657 καταλείπεται.
824 1599 945 1666 Ὑφ’
980 1590 1056 1652 ὧν
1119 1577 1194 1666 μξὴ
1253 1591 1569 1649 ἀπατᾶσθαί
1619 1606 1808 1660 φησιν,
1854 1586 1930 1650 ὡς

2040 1581 2354 1644 ementitur,
2407 1594 2437 1632 a
2480 1578 2590 1632 Deo
2638 1577 3039 1646 derelinquitur
3071 1585 3283 1646 :atque
3327 1594 3354 1628 a
3413 1577 3614 1634 talibus

341 1694 498 1762 ἰσχὺν
557 1691 794 1761 ἐχόντων
858 1690 973 1752 τοῖς
1040 1686 1388 1756 πράγμασιν.
1439 1680 1763 1750 Ἀϐοήθητοι
1819 1677 1927 1747 γάρ

2040 1688 2228 1728 cavere
2257 1670 2526 1740 praecipit,
2562 1670 2655 1737 qui
2689 1669 2746 1722 in
2779 1669 3042 1738 operibus
3074 1669 3218 1721 vires
3261 1683 3391 1721 suas
3425 1679 3616 1723 osten—

338 1759 487 1839 εἰσιν
518 1759 777 1848 ἐκήΘεοῦ,
827 1782 904 1846 ὡς
939 1783 1015 1852 μὴ
1067 1776 1485 1845 διαϐεϐηκότες
1534 1771 1650 1840 τὴν
1701 1768 1931 1839 Ouum!-

2040 1772 2174 1827 tant,
2221 1779 2288 1817 ne
2349 1761 2713 1830 decipiantur.
2769 1759 2964 1812 Divina
3010 1759 3282 1829 siquidem
3335 1775 3442 1828 ope
3493 1759 3614 1813 ideo

335 1894 463 1934 σαν
499 1876 759 1938 καὶτοὺς
815 1871 1162 1944 πειρασμοὺς
1192 1866 1642 1940 περιφεύγοντες.
1677 1861 1931 1916 Τοιοῦτον

2040 1866 2163 1913 sunt
2212 1853 2505 1919 destituti,
2548 1854 2695 1922 quod
2757 1869 2900 1906 mare
2981 1869 3083 1905 non
3138 1855 3471 1905 transierunt
3518 1866 3617 1904 nec
3701 1882 3704 1883 ν

335 1972 449 2040 γὰρ
478 1969 557 2034 τὸ,
601 1988 618 2022 ι
651 1963 856 2020 Ἶιλθον
890 1941 972 2026 είς
1021 1963 1092 2017 τὰ
1141 1962 1279 2032 βάθη
1329 1961 1426 2028 τῆς
1469 1955 1766 2025 θαλάσσης.
1809 1971 1828 2004 ι
1870 1953 1930 2004 ὐ

2040 1945 2374 2001 tentationes
2439 1942 2780 2006 effugerunt.
2857 1943 2992 1995 Tale
3058 1943 3204 1996 enim
3279 1955 3362 1996 ρει
3420 1941 3613 1996 illud:

337 2060 451 2130 γὰρ
491 2057 734 2128 ἀθλητὴς
765 2054 933 2126 ὁμόσε
984 2051 1199 2114 τούτοις
1238 2050 1430 2121 χωρεῖ,
1487 2045 1561 2118 μὴ
1610 2042 1930 2112 συγκαθιεὶς

338 2149 534 2204 ἑαυτὸν
574 2149 844 2220 δόγμασιν
875 2145 1137 2210 ὲθνικοίς,
1166 2142 1254 2196 διὰ
1305 2139 1506 2210 σαρκὸς
1550 2136 1746 2207 ἡδονὰς
1801 2150 1932 2206 κερο

338 2245 500 2297 δᾶναι
537 2241 708 2296 θέλων
739 2241 867 2302 τοὺς
890 2236 1186 2307 διωγμούς.
1215 2235 1313 2287 Διὰ
1339 2231 1520 2294 τοῦτο,
1551 2229 1928 2294 κλαύσομαι,

339 2336 534 2406 φησιν,
570 2334 652 2400 ὡς
684 2331 792 2386 τὸν
832 2329 1148 2398 κλαυθμὸν
1175 2325 1357 2394 Ἰαζὴρ
1379 2365 1393 2390 ,
1439 2323 1499 2406 ὃν
1537 2321 1587 2374 οἱ
1621 2319 1765 2372 κατὰ
1797 2317 1930 2369 Θεὸν

341 2431 595 2484 κλαίουσι
653 2428 875 2482 δυνατοὶ
935 2428 1037 2498 τὴν
1087 2423 1182 2477 τοῦ
1238 2422 1354 2493 βίου
1412 2404 1707 2487 παροικίαν
1741 2411 1932 2466 στενά-

342 2521 556 2586 ζοντες,
588 2519 882 2581 ποθοῦντες
909 2518 967 2571 δὲ
993 2516 1088 2569 καλ⁸
1129 2512 1478 2572 ἐκλείποντες
1524 2509 1604 2570 είς
1633 2506 1732 2567 τὰς
1762 2503 1933 2566 αὐλὰς

341 2612 441 2665 τοῦ
487 2611 726 2682 Κυρίουο
764 2610 976 2681 μήποτε
1009 2606 1064 2660 δὲ
1105 2603 1201 2659 καὶ
1239 2603 1315 2665 ὡς
1347 2601 1500 2670 ἰσχὺς
1546 2595 1791 2651 κλαίεται
1825 2611 1932 2664 μα-

345 2701 608 2773 ρανθεῖσα
627 2702 922 2770 νοσήματι,
954 2696 1101 2750 οὕτω
1144 2694 1238 2748 καὶ
1262 2692 1529 2761 ἄμπελος
1564 2685 1799 2754 Σεϐαμὰ
1830 2701 1934 2753 μα·

348 2793 612 2865 ρανθείσὰ
649 2809 707 2846 τε
748 2792 843 2845 καὶ
907 2789 1176 2861 μέλλοντα
1205 2785 1342 2855 πυρὶ
1364 2779 1777 2853 παραδίδοσθαι.
1802 2773 1934 2830 Εἶτά

345 2904 486 2958 φησι
538 2885 674 2956 πρὸς
720 2885 820 2954 τὴν
868 2881 1186 2945 Μωαϐῖτιν,
1239 2877 1315 2940 ὡς
1370 2875 1440 2928 τὰ
1485 2871 1689 2942 ταύτης
1737 2868 1931 2938 δένδρα

343 2976 649 3032 κατέϐαλεν
691 2975 730 3041 ἡ
763 2972 1016 3028 Ἐσεϐὼν
1054 2970 1154 3024 καὶ
1195 2965 1476 3033 Ἐλεαλή.
1535 2959 1934 3033 Ἐρμηνεύεται

2041 2057 2059 2091 ι
2095 2039 2231 2094 Veni
2283 2038 2337 2092 in
2391 2037 2738 2090 altitudinem
2785 2035 2953 2088 maris
2985 2035 3050 2086 ⁸¹.
3089 2054 3106 2085 ι
3157 2034 3236 2088 Ad
3296 2034 3410 2086 lucc
3443 2035 3613 2097 enim,

2030 2131 2126 2201 qui
2162 2130 2365 2184 athleta
2401 2139 2506 2193 est,
2546 2128 2802 2182 cominus
2837 2126 3071 2188 accedit,
3121 2126 3466 2180 Plltlllt‘til‘llill
3506 2125 3620 2192 pla-

2032 2224 2143 2280 cita
2211 2220 2632 2291 amplectendo,
2670 2235 2768 2290 per
2806 2219 3059 2289 corporis
3122 2220 3431 2287 voluptates
3491 2234 3617 2288 pcr-

2033 2318 2351 2372 secutiones
2382 2313 2612 2367 studens
2652 2312 2918 2381 effugere.
2947 2311 3091 2365 Hinc
3129 2318 3230 2374 est,
3265 2308 3409 2378 quod
3455 2309 3613 2378 241

2031 2407 2713 2476 ploraturumsetanquam
2738 2401 2957 2469 ploratu
2996 2399 3146 2454 Iazir
3178 2401 3358 2464 addit;
3387 2415 3619 2467 quomo-

2032 2501 2104 2555 do
2139 2498 2241 2570 ipsi
2272 2499 2491 2567 plorare
2518 2495 2663 2550 soliti
2691 2501 2842 2557 sunt,
2877 2494 2970 2562 qui
3001 2493 3068 2547 ad
3100 2490 3266 2546 Deum
3307 2493 3454 2544 vires
3485 2507 3618 2548 suas

2031 2600 2086 2647 et
2117 2589 2419 2660 potentiam
2453 2586 2783 2649 referentes,
2819 2584 2945 2637 vitae
2972 2598 3148 2654 genus
3179 2591 3490 2636 anteactam
3544 2583 3618 2636 ita

2032 2681 2259 2742 deﬂent,
2293 2685 2352 2730 ut
2383 2676 2652 2730 atriorum
2687 2672 2906 2727 Domini
2938 2671 3219 2727 desiderio
3253 2670 3420 2725 veluti
3464 2671 3620 2724 tabc-

2033 2778 2260 2826 scantet
2277 2766 2596 2823 deficiant"
2617 2783 2629 2818 :
2649 2779 2757 2817 non
2789 2777 2981 2816 eorum
3009 2761 3289 2829 more,qui
3313 2762 3456 2814 vires
3471 2776 3620 2814 mor-

2033 2863 2104 2917 bo
2147 2859 2460 2930 languidas,
2509 2855 2679 2911 veluti
2719 2863 3066 2908 arescentem
3113 2859 3171 2907 et.
3192 2853 3304 2921 jam
3341 2853 3453 2921 igni
3507 2862 3621 2904 tra-

2033 2954 2265 3010 dendam
2292 2952 2498 3006 vineam
2521 2946 2751 3003 Sebama
2775 2947 3015 3015 plorant.
3039 2943 3248 2998 Deinde
3269 2956 3536 2996 converso
3553 2941 3621 2994 ad

343 3071 400 3125 δὲ
431 3072 468 3140 ἡ
509 3069 608 3138 μὲν
658 3033 941 3130 ἰέσεεεὼν⁹
983 3061 1325 3132 λογισμοί·ὴ
1373 3058 1429 3111 δὲ
1471 3055 1743 3122 Ἑλεαλὴ,
1794 3053 1930 3106 Θεοῦ

2042 3044 2391 3101 Moabitidem
2443 3052 2722 3100 sermone,
2758 3037 2989 3090 arbores
3032 3035 3154 3104 ejus
3184 3035 3254 3088 ab
3301 3033 3525 3096 Esebon,
3573 3043 3623 3086 et

343 3160 624 3223 διάϐασις.
655 3160 721 3212 Ἡ
751 3159 858 3230 γὰρ
889 3157 1160 3226 ἄμπελος
1182 3155 1215 3223 ἡ
1243 3150 1521 3222 ἀλλοτρία,
1546 3149 1645 3202 καὶ
1665 3149 1698 3216 ἡ
1719 3146 1933 3215 φυτεία,

345 3254 412 3322 ἢν
439 3253 544 3305 οὐκ
566 3250 859 3321 ἐφύτευσεν
882 3251 910 3302 ό
935 3249 1128 3318 Πατὴρ
1153 3247 1182 3299 ὁ
1209 3243 1486 3315 οὐράνιος,
1511 3238 1934 3300 καταϐάλλεται,

345 3345 679 3417 ἑτεροδόξων
722 3343 857 3396 ὄντα
905 3343 1233 3412 φρονήματα
1275 3336 1381 3391 ὑπὸ
1441 3332 1719 3402 λογισμῶν
1755 3329 1932 3403 ὀρθῶν

347 3439 446 3493 καί
483 3438 582 3507 τῆς
632 3435 822 3489 ἀνόδου
871 3436 970 3502 τῆς
1017 3432 1158 3502 πρὸς
1205 3429 1338 3481 Θεὸν
1380 3426 1449 3480 δι’
1500 3422 1722 3493 ἀγαθῶν
1755 3419 1933 3490 ἔργων

346 3528 596 3599 ὑῷούσης
651 3528 818 3597 ἡμᾶς.
870 3523 1155 3592 Μακάριος
1186 3522 1296 3592 γὰρ
1347 3513 1409 3573 οὗ
1451 3518 1599 3569 ἐστιν
1651 3510 1934 3580 ἀντίληψις

347 3620 517 3675 αὐτοῦ
568 3621 722 3692 παρὰ
778 3617 910 3686 σοῦ,
971 3615 1270 3677 ἀναϐάσεις
1329 3629 1423 3665 σου
1490 3611 1547 3662 ὲν
1610 3609 1677 3677 τῇ
1733 3603 1932 3674 καρδίᾳ

348 3731 416 3766 αυ
423 3730 542 3767 του.

2042 3139 2226 3194 Eleale
2254 3137 2498 3206 dejeetas
2535 3146 2658 3187 esse
2688 3129 2878 3199 adjicit
2911 3147 2924 3182 :
2965 3141 3207 3198 quorum
3242 3134 3538 3194 utramque
3576 3125 3622 3178 si

2039 3227 2440 3301 interpreteris,
2495 3225 2743 3280 rationes
2803 3221 3037 3286 Escbon,
3087 3221 3385 3288 transitum
3446 3219 3627 3274 Elea/c

2040 3321 2278 3377 sonabit.
2319 3317 2453 3372 Vitis
2495 3316 2638 3371 enim
2676 3314 2991 3384 peregrina,
3027 3326 3202 3380 eaque
3226 3312 3389 3366 etiam
3440 3311 3630 3365 consi-

2042 3414 2138 3476 tio,
2159 3427 2320 3483 quam
2352 3409 2515 3464 Pater
2546 3407 2796 3462 caelestis
2825 3420 2936 3459 non
2967 3403 3259 3474 plantavit,
3279 3405 3532 3459 avellitur
3556 3404 3620 3458 "z

2041 3520 2276 3577 quorum
2308 3504 2554 3575 nomine,
2597 3500 2923 3554 temerarias
2959 3513 2987 3550 a
3021 3495 3124 3551 fide
3158 3497 3463 3552 alienorum
3505 3498 3626 3565 opi-

2039 3600 2236 3652 niones
2263 3593 2640 3662 intelligimus,
2675 3604 2800 3659 quae
2831 3585 3267 3656 cogitationibus
3287 3588 3473 3651 rectis,
3497 3603 3626 3656 ope-

2042 3703 2275 3757 rumque
2316 3685 2579 3744 bonitate,
2617 3679 2819 3750 quibus
2869 3675 2975 3745 ipsi
3005 3673 3072 3729 ad
3117 3673 3286 3730 Deum
3332 3676 3627 3730 redeuntes

296 3851 298 3853 .
346 3808 641 3877 erigimur,
692 3815 1033 3864 evertuntur.
1081 3803 1310 3859 Beatum
1348 3799 1504 3871 enim
1570 3796 1770 3851 merito
1809 3791 2069 3859 dixerim,
2130 3787 2290 3854 cujus
2335 3797 2364 3836 ε
2397 3790 2448 3836 te
2475 3777 2772 3840 auxilium,
2797 3773 3051 3838 Domine,
3083 3786 3135 3826 et
3191 3771 3353 3841 cujus
3385 3773 3437 3826 in
3459 3777 3626 3829 corde

347 3904 714 3959 ascensiones
738 3913 845 3959 tua:
879 3904 942 3960 ⁸⁵.

420 3995 559 4050 Μεθ’
590 3996 627 4051 ἆ
649 4014 834 4068 φησιν,
874 4000 998 4052 Ἐπὶ
1027 3999 1106 4068 τῷ
1137 3999 1396 4070 θερισμῷ
1425 4014 1540 4054 σου
1562 3996 1659 4050 καὶ
1681 3994 1761 4060 τῷ
1797 4009 1931 4060 τρυ·

349 4087 512 4154 γητῷ
554 4103 673 4142 σου
709 4092 1142 4158 καταπατήσω,
1184 4092 1408 4155 εἰκότως
1433 4108 1446 4123 ⁸
1488 4091 1548 4144 ὃν
1578 4089 1686 4158 γὰρ
1733 4085 1938 4154 θερίζει

352 4185 523 4248 σῖτον,
554 4183 651 4235 καὶ
673 4180 734 4234 δν
764 4181 954 4252 τρυγᾷ
983 4181 1148 4247 οἶνον,
1179 4183 1438 4244 ἐναντίως
1468 4181 1649 4252 ἔχουσι
1683 4178 1759 4250 τῷ
1790 4178 1937 4248 ἄρτῳ

348 4275 431 4346 τῷ
468 4276 782 4346 στηρίζοντι
821 4275 1054 4346 καρδίαν
1098 4273 1416 4346 ἀνθρώπου,
1448 4274 1543 4326 καὶ
1575 4271 1704 4341 οἴνῳ
1740 4269 1820 4340 τῷ
1845 4271 1938 4322 εὑ-

351 4365 638 4436 φραίνοντι
688 4365 920 4437 καρδίαν
968 4365 1286 4436 ἀνθρώπου.
1332 4365 1424 4417 Διδ
1480 4363 1750 4418 πατεῖται
1788 4362 1938 4433 παρὰ

2113 3983 2374 4055 Sequitur
2396 3977 2615 4040 deinde,
2649 3995 2874 4035 messem
2899 3988 3046 4033 tuam
3067 3988 3117 4032 et
3136 3976 3451 4033 vindemiam
3477 3983 3624 4026 tuam

2043 4074 2362 4132 conculcabo
2397 4091 2414 4129 :
2454 4086 2558 4128 nec
2603 4071 2885 4126 immerito
2921 4085 3081 4135 sane;
3121 4068 3348 4140 quando
3387 4081 3509 4135 qua:
3552 4067 3623 4118 ah

2041 4189 2129 4238 ea,
2162 4171 2278 4226 sive
2325 4167 2535 4229 messis,
2570 4166 2686 4220 sive
2714 4162 2985 4216 vindemia
3009 4161 3308 4230 colligitur,
3339 4143 3617 4211 contraria

2040 4264 2200 4335 plane
2238 4259 2455 4314 ratione
2480 4257 2548 4311 ab
2573 4255 2697 4326 ipso
2728 4267 2887 4324 pane,
2917 4251 3011 4322 qui
3039 4265 3135 4304 cor
3165 4248 3404 4302 hominis
3421 4247 3620 4299 contis--

2040 4362 2179 4418 mat,
2208 4360 2263 4408 et
2306 4367 2335 4406 a
2367 4350 2516 4414 vino,
2563 4347 2712 4417 quod
2745 4347 2888 4400 idem
2925 4341 3160 4397 lanificat
3193 4341 3263 4405 ⁸⁸,
3300 4355 3359 4396 se
3397 4339 3616 4393 habeat.

351 4431 492 4512 ὸεοῦ
519 4431 786 4530 τροφὴνή
845 4457 1009 4512 ποτὸν
1049 4431 1304 4526 γενέσθαι
1333 4459 1443 4520 τοῖς
1495 4457 1553 4523 ἐξ
1590 4431 1933 4524 ἀδιακρισίας

2040 4448 2087 4517 Α
2117 4445 2226 4500 Deo
2252 4446 2439 4512 itaque
2458 4439 2833 4501 conculcatur,
2870 4451 2939 4490 ne
2976 4434 3198 4503 iisjam,
3235 4431 3327 4502 qui
3363 4439 3510 4485 certa
3531 4446 3620 4483 ra-

351 4548 610 4617 ἀγνοοῦσι
664 4549 988 4611 κωλύοντος.
1045 4550 1156 4602 Καὶ⁸
1204 4549 1530 4617 ἀρθήσεται
1583 4546 1931 4617 εὐφροσύνη

352 4640 453 4693 καὶ
484 4640 827 4709 ἀγαλλίαμα
867 4640 936 4694 ἐκ
989 4640 1108 4694 τῶν
1135 4641 1442 4711 ἀμπέλων.
1479 4639 1775 4709 Ἀφῃρέθη
1823 4638 1933 4706 γὰρ

352 4732 419 4784 ὲκ
451 4730 547 4783 τοῦ
592 4732 808 4802 Ἰσραὴλ
836 4735 866 4800 ἡ
899 4731 1148 4803 βασιλεία
1173 4733 1267 4786 τοῦ
1294 4731 1452 4796 Θεοῦ,
1487 4734 1583 4784 καὶ
1606 4730 1761 4798 ἐδόθη
1789 4728 1932 4781 ἔθνει

355 4822 598 4876 ποιοῦντι
639 4823 767 4886 τοὺς
825 4824 1070 4893 καρποὺς
1116 4825 1305 4893 αὐτῆς.
1342 4825 1452 4878 Καὶ
1504 4825 1537 4893 ἡ
1590 4823 1750 4894 τῆσδε
1805 4821 1934 4891 ψευ-

353 4913 606 4983 δω-.ύμου
644 4915 900 4981 γνώσεως
938 4916 1209 4984 φαντασία
1253 4915 1350 4984 τὴν
1392 4914 1466 4985 μὴ
1506 4910 1672 4968 οὖσαν
1719 4914 1931 4982 εὐφρο-

353 5007 559 5071 σύνην
595 5005 769 5076 ἀληθῆ
808 5009 922 5068 τοῖς
971 5007 1196 5059 ἁλοῦσιν
1235 5007 1603 5076 ἐμϐάλλουσα,
1645 5008 1934 5076 παραιρεῖ-

354 5112 447 5150 ται
491 5096 646 5168 παρὰ
674 5097 812 5150 Θεοῦ
851 5097 1174 5168 βοηθοῦντος
1204 5101 1316 5157 τοῖς
1363 5099 1426 5151 ἐκ
1479 5097 1684 5167 ταύτης
1714 5100 1935 5150 ἀπατω-

361 5191 567 5258 μένοις.
601 5189 792 5251 Εἴποις
827 5189 871 5242 δ’
904 5189 970 5242 ἂν
995 5191 1316 5254 unanima,
1364 5191 1460 5253 τὰς
1503 5189 1799 5260 δεχομένας
1837 5188 1934 5259 τὴν

361 5279 644 5348 μοχθηρὰν
693 5279 1046 5333 διδασκαλίαν
1087 5280 1286 5350 ψυχάς.
1340 5281 1402 5332 Ἠ
1459 5280 1516 5332 δὲ
1578 5279 1776 5332 κοιλία
1830 5279 1935 5332 τοῦ

361 5371 644 5440 προξρήτου
667 5369 765 5422 ἐπὶ
794 5372 989 5434 Μωὰϐ,
1029 5373 1109 5436 ὡς
1141 5372 1352 5440 κιθάρα
1393 5371 1634 5441 ᾐχιξσει,
1667 5370 1936 5441 μουσικὴν

431 5556 474 5590 ³³
509 5553 654 5610 Psal.
693 5567 881 5615 vaut,
921 5554 972 5606 ’5.

1051 5554 1095 5586 δ’
1151 5552 1292 5608 Psal.
1350 5551 1658 5615 I.SXXIII,5.
1729 5547 1774 5578 ⁵³
1831 5545 2020 5599 Matth.
2059 5559 2146 5606 xv,
2201 5541 2326 5613 15..

2041 4540 2190 4594 tione
2213 4539 2266 4591 in
2297 4543 2482 4604 potum
2519 4539 2574 4586 et
2608 4531 2792 4586 cibum
2818 4529 3012 4584 eodem
3043 4528 3120 4582 uti
3144 4541 3249 4580 non
3281 4525 3550 4579 didicero:
3576 4530 3618 4583 t,

2042 4626 2321 4683 nutrieudi
2355 4622 2672 4678 facultatem
2701 4619 2957 4674 retineat.
2999 4616 3066 4670 Et
3094 4617 3310 4670 tolletur
3341 4614 3533 4668 la'titia
3571 4622 3622 4666 et

2039 4719 2326 4779 exsultatio
2353 4717 2417 4772 de
2468 4714 2663 4771 vitibus
2705 4712 2836 4766 tuis.
2869 4710 2952 4765 Ab
3000 4708 3166 4764 lsrael
3193 4709 3337 4763 enim
3382 4706 3623 4759 ablatum

2040 4823 2128 4870 est
2157 4825 2382 4883 regnum
2416 4807 2536 4871 Dei,
2561 4815 2614 4860 et
2655 4803 2826 4874 genti,
2854 4815 2977 4870 qua:
3013 4799 3229 4853 fructus
3270 4796 3392 4864 ejus
3414 4795 3621 4855 ederet,

2042 4882 2250 4960 datum.
2295 4902 2493 4955 Ablata
2527 4912 2721 4952 rursus
2749 4902 2802 4949 et
2826 4894 2965 4964 ipsa,
2997 4891 3105 4945 Deo
3147 4887 3392 4956 deceptis
3438 4882 3623 4952 opitu-

2044 5001 2210 5062 lante,
2268 5010 2422 5049 vanae
2461 5001 2512 5048 et
2550 4989 2810 5045 absurdae
2842 4984 3122 5056 Opinionis
3153 4978 3464 5052 persuasio,
3500 4987 3624 5043 qua:

2045 5091 2238 5144 falsam
2267 5087 2446 5154 captis
2485 5098 2584 5152 pro
2620 5095 2749 5136 vera
2775 5078 3017 5132 laetitiam
3044 5073 3328 5128 afferebat.
3364 5064 3624 5121 Torcula-

2042 5184 2124 5236 ria
2157 5177 2373 5240 deiudc,
2410 5176 2568 5227 malis
2616 5168 3082 5242 praeceptionibus
3123 5163 3360 5219 imbutas
3406 5157 3624 5219 animas

2041 5275 2224 5344 possis
2255 5268 2551 5338 appellare.
2590 5264 2668 5317 Eo
2699 5261 2920 5320 deinde.
2968 5257 3112 5327 quod
3144 5253 3422 5324 prophetae
3447 5258 3624 5302 Mirer

2043 5367 2110 5421 ad
2142 5362 2301 5418 Moab
2336 5373 2592 5418 tanquam
2619 5357 2890 5409 citharam
2916 5360 3208 5405 sanaturus
3241 5347 3466 5402 dicitur,
3487 5355 3621 5392 con~

2364 5538 2408 5568 "
2441 5535 2583 5590 Psal.
2631 5545 2857 5595 uuln,
2892 5528 2946 5582 6.
3035 5525 3081 5557 "
3134 5522 3276 5579 Psal.
3307 5535 3420 5588 cm,
3469 5519 3553 5574 l5.

1633 5680 1866 5736 VAlllx’E
1907 5675 2310 5734 [Ειῖτιῡῖςιεῖὸ.

429 5769 460 5804 κ
483 5781 573 5832 γρ.
606 5759 937 5831 καταλείπῃ.
