4022 6210
399 273 538 339 2119

1710 262 2069 348 PROCOPII
2114 262 2360 325 cum

3529 263 3674 344 2120

402 394 598 440 centus
623 379 890 445 musicus,
923 378 1015 448 qui
1052 376 1323 449 pulsantis
1357 374 1628 432 industria
1648 375 1984 444 perliciatur,

2096 376 2402 446 εὐρυθμίαν
2430 375 2539 431 ἀπὸ
2569 375 2669 446 τῆς
2694 374 2787 429 τοῦ
2819 374 3109 447 κρούοντος
3137 377 3446 448 ἐπιστήμης
3471 379 3676 431 ἀποτευ-

402 476 772 539 describitur;
831 484 886 528 et
943 473 1138 526 ventris
1197 472 1421 524 nomine
1465 485 1525 524 ea
1579 469 1982 538 signiﬁcantur,

403 584 526 640 quae
555 569 771 621 interna
808 565 977 620 Iiavid
1004 564 1264 635 appellat,
1302 578 1427 618 cum
1457 563 1698 615 animam
1730 575 1886 613 suam
1917 559 1985 612 ad

405 661 622 716 Domini
666 659 877 725 Iaudes,
909 665 962 712 ct
995 674 1115 726 quae
1147 655 1296 713 intra
1323 672 1380 711 se
1408 661 1538 710 sunt
1571 653 1639 707 ad
1672 654 1850 707 sancti
1883 666 1983 704 no-

405 753 574 808 minis
613 750 734 821 ejus
784 749 1230 820 pranlicatiouem
1281 747 1533 799 hortatur
1585 744 1668 810 ⁵⁶;
1723 743 1987 796 1ιοηοετιιε

407 843 641 903 scilicet,
663 853 716 895 et
750 841 1011 894 virtutum
1045 838 1293 892 omnium
1324 844 1580 905 parentes
1607 833 1768 904 242
1817 831 1986 886 animi

406 936 767 1006 cogitationes
802 935 1058 986 innitens.
1108 929 1182 983 Ex
1236 927 1440 996 quibus
1488 928 1634 982 enim
1678 926 1816 979 bene
1841 925 1988 978 intus

407 1027 703 1086 sentimus,
753 1023 948 1077 iisdem
984 1019 1086 1089 ipsi
1117 1017 1286 1074 Deum
1325 1017 1552 1072 laudare
1573 1028 1625 1072 et
1659 1016 1988 1070 bcnrdicere

408 1126 682 1186 putamur.
713 1114 908 1180 Qualis
950 1122 1069 1168 erat
1122 1113 1312 1172 Isaias,
1356 1110 1442 1165 cui
1496 1112 1636 1164 Deus
1676 1125 1798 1179 quae
1839 1109 1988 1162 intus

405 1218 582 1271 erant,
611 1216 871 1276 tauquam
929 1221 1082 1258 muro
1123 1205 1426 1258 instaurata
1453 1204 1692 1257 cinxerat
1722 1209 1774 1257 et
1807 1201 1990 1255 muni-

405 1308 580 1360 Verat,
608 1313 674 1352 ne
701 1296 1131 1367 cogitationibus
1166 1296 1346 1358 malis,
1398 1309 1428 1348 a
1469 1295 1692 1364 quibus,
1725 1297 1985 1362 tauquam

407 1391 684 1454 I.ostibus,
735 1389 1089 1448 obsidemur,
1155 1386 1222 1440 ad
1263 1401 1388 1440 eum
1445 1400 1704 1439 accessus
1753 1389 1984 1453 pateret.

405 1483 601 1536 Fortes
647 1482 810 1552 igitur
843 1488 899 1535 et
941 1479 1160 1534 validas
1193 1479 1438 1533 rationes
1468 1491 1508 1530 'a
1543 1477 1650 1532 Deo
1675 1476 1778 1532 sibi
1836 1475 1890 1529 in
1937 1475 1987 1529 id

404 1589 527 1629 esse
551 1587 848 1628 concessas
879 1571 1147 1637 ostendit,
1184 1577 1244 1624 ut
1273 1570 1368 1640 qui
1410 1570 1476 1624 ad
1506 1583 1630 1624 eum
1660 1582 1770 1622 non
1803 1581 1991 1621 rever-

404 1673 620 1729 tuntttr,
667 1672 1120 1733 argumentorum
1176 1661 1417 1725 viribus,
1473 1674 1594 1730 qua:
1636 1659 1774 1729 ipsis
1813 1657 1990 1710 addu-

2089 468 2280 523 λοῦσα.
2296 468 2459 538 Λέγει
2475 469 2531 524 δὲ
2557 470 2814 532 κοιλίαν,
2833 470 2979 540 ἆπερ
3002 469 3151 531 ἐντὸς
3173 469 3432 523 ἐκάλεσεν
3448 471 3475 522 ὁ
3489 471 3675 535 Δαϐιδ,

2090 563 2339 630 Εὐλόγει,
2365 562 2559 631 λέγων,
2586 565 2618 634 ἡ
2645 561 2793 632 ψυχή
2821 580 2945 631 μου,
2964 562 3056 614 τὸν
3071 562 3294 633 Κύριον,
3310 565 3401 615 καὶ
3419 564 3596 617 πάντα
3609 566 3680 619 τὰ

2088 654 2240 714 ἐντός
2262 671 2365 724 μου
2392 655 2452 706 τὸ
2473 653 2644 723 ὄνομα
2663 654 2723 706 τὸ
2743 655 2900 722 ἅγιον
2919 652 3109 719 αὑτοῦ,
3125 653 3248 716 τοὺς
3265 653 3560 723 λογισμοὺς
3585 671 3679 723 ση-

2093 749 2305 818 μαίνων
2337 749 2463 808 τοὺς
2481 746 2742 814 ἀγαθοὺς,
2759 747 2886 808 τοὺς
2909 746 3144 815 ἑκάστης
3176 747 3532 815 γεννητικοὺς
3554 748 3682 815 ἀρε-

2088 838 2207 905 τῆς·
2229 837 2288 900 ἐξ
2310 829 2384 890 ὧν
2403 836 2510 906 γὰρ
2527 835 2675 888 ἔνδον
2695 835 3068 907 κατορθοῦμεν
3088 836 3420 906 εὐλογοῦμεν
3448 838 3540 888 τ“.ν
3564 835 3676 889 Κύ-

2092 944 2226 998 ριον.
2250 923 2376 990 Dio;
2421 923 2491 997 ἦν
2522 927 2752 990 Ἡσαΐας
2783 929 2850 980 τὰ
2877 928 3028 990 ἐντὸς
3055 927 3195 998 ἔχων
3222 927 3297 990 ὡς
3325 928 3522 994 τεῖχος
3541 927 3570 980 ὃ
3589 928 3684 980 ἐν-

2091 1019 2407 1071 εκαίνισεν
2435 1019 2462 1070 ὁ
2491 1016 2623 1081 Θεὸς
2657 1018 2842 1088 χάριτι
2863 1015 3265 1086 περιτειχίζων
3286 1016 3470 1081 αὑτὸν,
3492 1017 3568 1078 ὡς
3601 1018 3680 1088 μὴ

2093 1109 2291 1162 διδόναι
2343 1109 2700 1178 παρείσδυσιν
2748 1112 2860 1173 τοῖς
2907 1110 3118 1179 χείροσι
3168 1110 3472 1179 λογισμοῖς,
3518 1108 3683 1181 δίκην
3749 1177 3762 1186 1

2094 1201 2374 1271 πολεμίων
2397 1200 2914 1272 περικαθεζομένοις
2941 1201 3214 1271 ἡμᾶςΔιὰ
3237 1200 3397 1252 τοῦτο
3415 1200 3494 1263 δὲ,
3521 1201 3680 1269 φησὶ,

2094 1295 2220 1357 τοὺς
2245 1293 2498 1363 ἰσχυροὺς
2553 1292 2795 1364 ἐχαρίσω
2845 1310 2935 1363 μοι
2975 1293 3290 1362 λογισμοὺς,
3344 1293 3420 1355 ῶς
3465 1293 3681 1362 ἐντρα-

2093 1383 2285 1453 πῆναί
2329 1399 2404 1436 σε
2448 1384 2574 1447 τοὺς
2611 1386 2712 1437 οὐκ
2742 1385 3176 1456 ἐπιστρέφοντας
3219 1387 3311 1438 ἐπὶ
3353 1386 3434 1449 σὲ,
3463 1387 3551 1440 διὰ
3580 1389 3683 1458 τῆς

2092 1477 2202 1531 τῶν
2233 1480 2665 1550 προσαγομένων
2697 1480 2936 1551 ἐλέγχων
2974 1482 3159 1546 αὐτοῖς
3192 1482 3471 1546 εὐτονίας·
3500 1482 3683 1536 λείπει

2095 1569 2207 1640 γὰρ
2265 1569 2344 1641 τῷ
2389 1570 2797 1640 ἐντραπῆναι,
2841 1574 2904 1626 τὸ
2963 1574 3163 1638 αὐτοὺς
3215 1574 3415 1641 ἔξωθεν
3462 1575 3680 1644 ὀφεῖλον

2094 1653 2647 1732 παραλαμϐάνεσθαι.
2715 1663 3093 1732 Ἕντρέπεται
3131 1665 3189 1718 δὲ
3238 1665 3372 1719 Θεὸν
3417 1668 3446 1720 ὁ
3500 1668 3685 1732 καλῶς

404 1764 631 1820 cuntur,
668 1755 925 1823 confundi
957 1756 1195 1824 possint.
1222 1755 1317 1810 Est
1339 1753 1488 1809 enim
1523 1750 1988 1820 ad‘confundendi

2096 1749 2317 1803 νικῶντι
2365 1751 2518 1805 νῶτα
2559 1751 2755 1816 διδοὺς,
2812 1753 2981 1824 μηδὲν
3025 1751 3322 1825 ἁψιμαχῶν
3367 1754 3505 1826 πρὸς
3549 1756 3686 1825 ἀλή-

408 1849 654 1910 verbum,
687 1848 858 1917 ipsos,
905 1847 1054 1918 quod
1101 1848 1274 1914 deest,
1310 1846 1662 1904 extrinsecus
1695 1859 1990 1899 assumen-

405 1945 558 1997 dum.
592 1940 810 2012 Optime
857 1951 1039 1997 autem
1075 1941 1170 1998 Dei
1210 1942 1434 1997 nomine
1466 1939 1842 2009 confunditur,
1895 1935 1990 2005 qui

407 2034 616 2101 pudore
649 2031 913 2097 suliusus,
964 2033 1037 2086 ita
1075 2033 1314 2087 vincenti
1349 2042 1499 2101 terga
1537 2029 1652 2093 dat,
1685 2035 1744 2083 ut
1785 2029 1988 2083 bellum

407 2123 674 2178 adversus
714 2127 1008 2178 veritatem
1055 2130 1111 2178 et
1149 2123 1410 2178 virtutem
1448 2120 1689 2191 amplius
1742 2134 1852 2176 non
1905 2119 1989 2173 in-

407 2224 638 2271 stauret.
667 2214 801 2281 Quae
836 2223 1026 2286 postea
1070 2226 1404 2286 sequuntur,
1436 2214 1712 2268 idolorum
1753 2213 1987 2271 cultum,

407 2308 528 2377 ipso
552 2307 706 2362 verbi
753 2307 987 2362 adventu
1029 2307 1255 2362 tandem
1309 2307 1585 2362 sublatum
1613 2306 1676 2360 iri
1721 2303 1988 2366 funditus,

405 2400 681 2453 innuunt:
721 2399 922 2467 quibus
969 2415 1257 2470 pmnarutn
1312 2399 1647 2467 ultionisque
1687 2395 1992 2451 Moabitica:

407 2497 624 2558 tempus
654 2488 924 2554 dclinivit,
964 2489 1112 2560 quod
1142 2489 1461 2543 mercenarii
1490 2487 1778 2542 triennium
1807 2485 1993 2556 appel—

407 2581 504 2634 lnt.
537 2582 770 2635 Accusat
805 2596 933 2636 vero
957 2590 1012 2636 et
1041 2580 1446 2636 mercenarium
1471 2579 1726 2634 Salvator
1753 2578 1795 2608 "
1828 2617 1844 2643 ,
1871 2585 1993 2630 tan-

406 2691 569 2744 quam
596 2675 686 2741 qui
720 2683 906 2744 pastor
949 2690 1056 2728 non
1094 2675 1186 2738 sit,
1222 2674 1464 2744 fugaque
1494 2680 1738 2742 arrepta,
1771 2683 1991 2741 gregem

406 2764 548 2833 lupis
580 2765 811 2834 prodere
835 2765 1203 2820 consueverit.
1234 2763 1376 2831 Quin
1406 2774 1462 2818 et
1492 2763 1838 2834 peregrinum
1865 2777 1996 2816 mer-

406 2861 528 2914 cede
560 2861 837 2914 saccrdoti
873 2859 1232 2916 famulantem
1273 2878 1285 2915 :
1325 2861 1415 2923 iis,
1461 2875 1583 2930 qua:
1618 2866 1812 2913 sancta
1843 2866 1992 2923 sunt,

404 2953 551 3008 vesci
583 2963 738 3008 cavet
778 2953 954 3008 Moses
989 2953 1292 3025 legislator.
1340 2953 1410 3006 Se
1457 2953 1571 3022 ipse
1619 2966 1752 3020 ergo
1795 2965 1995 3004 merce-

407 3045 620 3098 narium
667 3045 795 3099 fecit
827 3043 1009 3109 Moab,
1049 3045 1142 3114 qui
1183 3061 1295 3098 non
1329 3059 1522 3099 amore
1555 3044 1606 3098 in
1659 3043 1852 3108 Deum,
1897 3040 1991 3097 sed
2022 3079 2066 3139 C

407 3134 682 3189 mercedis
727 3136 986 3204 Opinione
1019 3173 1034 3199 ,
1086 3151 1384 3204 rerumque
1445 3149 1840 3204 corporearum
1900 3152 1996 3189 ex-

408 3225 772 3295 spectatione,
821 3223 1013 3280 fecerit
1043 3227 1249 3291 omnia,
1283 3228 1428 3296 quud
1476 3228 1510 3280 ii
1543 3227 1723 3280 solent
1769 3226 1858 3295 qui
1887 3226 1994 3279 lar-

406 3315 633 3385 giuntur
678 3314 888 3385 egenis.
931 3323 990 3368 ut
1039 3314 1109 3368 ab
1149 3314 1470 3371 hominibus
1512 3314 1831 3370 laudemur.
1871 3313 1990 3368 Non

405 3405 553 3458 enim
584 3403 636 3456 id
685 3403 913 3467 faciunt,
943 3404 1090 3476 quod
1123 3420 1313 3458 eorum
1349 3403 1578 3484 miseria
1624 3412 1988 3470 moveantur;

408 3494 502 3550 scd
531 3494 679 3565 quod
713 3496 948 3566 gloriam
991 3508 1260 3550 venentur
1288 3495 1548 3562 inaniter,
1585 3495 1776 3564 quales
1813 3495 1990 3565 etipsi

408 3596 556 3649 sunt,
588 3587 681 3656 qui
708 3603 814 3640 non
845 3588 1067 3644 virtutis
1091 3587 1295 3651 studio,
1325 3588 1422 3644 sed
1462 3588 1750 3642 hominum
1775 3587 1990 3658 opinio-

405 3691 478 3732 ue
503 3677 656 3732 ducti
697 3677 902 3748 aliquid
945 3679 1359 3748 aggrediuntur.
1405 3677 1638 3748 Inglorii
1680 3691 1811 3746 ergo
1851 3675 1992 3730 tales

406 3769 603 3821 merito
628 3769 768 3838 apud
805 3767 972 3822 Deum
989 3777 1142 3836 sunt,
1168 3771 1260 3839 qui
1287 3770 1602 3829 mercenarii
1621 3768 1990 3840 ignominiam,

408 3872 520 3911 non
565 3858 798 3913 honesto
827 3860 1030 3914 mentis
1058 3860 1284 3923 allectu,
1324 3861 1423 3915 sed
1455 3860 1719 3916 simulata
1753 3858 1994 3929 probita-

407 3947 481 4000 tis
526 3949 708 4020 Specie
746 3957 1194 4020 consequuntur.
1237 3951 1518 4017 Quantum
1568 3950 1770 4006 deinde
1824 3945 1995 4003 refert

407 4033 640 4089 divltum
673 4037 726 4090 in
759 4037 860 4091 hac
892 4038 1028 4104 vita,
1053 4039 1102 4094 si
1137 4055 1290 4094 vanae
1318 4047 1579 4112 putentur
1605 4039 1810 4094 divitia:
1840 4055 1854 4093 :
1881 4045 1995 4090 tan-

407 4126 522 4181 tuiu
552 4143 776 4198 quoque
806 4130 1096 4185 dedecoris
1131 4140 1185 4186 et
1220 4133 1560 4203 ignominiae,
1601 4148 1712 4203 quo
1745 4140 1996 4200 tempore

2097 1840 2252 1894 θειάν
2279 1857 2339 1894 τε
2371 1844 2467 1895 καὶ
2501 1843 2727 1914 ἀρετήν.
2760 1844 2859 1898 Διὰ
2887 1844 2944 1897 δὲ
2963 1844 3073 1898 τῶν
3101 1845 3252 1916 ἑξῆς,
3286 1847 3380 1899 τὸν
3408 1847 3502 1900 ἐπὶ
3533 1847 3686 1900 τέλει

2096 1926 2248 2000 δηλοί
2278 1932 2378 2000 τῆς
2399 1931 2846 2004 εἰδωλολατρείας
2881 1936 3193 2006 ἀφανισμὸν
3217 1936 3307 1991 διὰ
3343 1937 3442 2008 τῆς
3477 1938 3686 2008 ἐπιφα-

2096 2021 2246 2083 νείας
2297 2020 2391 2074 τοῦ
2430 2021 2608 2091 λόγον,
2639 2025 2734 2078 καὶ
2785 2025 2884 2096 τῆς
2933 2025 3108 2079 Mde
3142 2029 3410 2097 τιμωρίας
3460 2029 3622 2101 ὦριες
3651 2039 3685 2079 1

2083 2114 2308 2188 «χρόνον,
2342 2114 2402 2167 ὃν
2431 2115 2538 2184 ἔτη
2573 2117 2706 2186 τρία
2739 2118 2898 2172 καλεί
2934 2121 3258 2189 μισθωτοῦ.
3292 2122 3585 2176 Διαδάλλει
3625 2125 3685 2177 δὲ

2094 2205 2190 2257 τὸν
2222 2205 2495 2276 μισθωτὸν
2522 2209 2550 2260 ὁ
2586 2208 2796 2280 Σωτὴρ,
2829 2209 2906 2274 ὡς
2941 2211 3016 2281 μὴ
3049 2211 3180 2267 ὄντα
3208 2214 3463 2282 ποιμένα,
3489 2217 3587 2268 καὶ
3612 2221 3681 2288 τῇ

2095 2301 2244 2370 φυγῇ
2266 2302 2382 2363 τοῖς
2414 2300 2600 2365 λύκοις
2627 2302 2950 2372 προδιδόντα
2980 2303 3050 2357 τὰ
3083 2304 3357 2377 πρόϐατα.
3389 2308 3501 2362 Καὶ
3539 2310 3684 2378 πάρ-

2094 2407 2245 2454 οικος
2283 2392 2354 2446 δὲ
2403 2393 2708 2462 μισθωτὸς
2750 2395 2941 2465 ἱερέως
2984 2397 3086 2450 οὐκ
3136 2396 3312 2452 ἔδεται
3351 2399 3508 2467 ἅγια,
3540 2401 3683 2455 καθὰ

2095 2483 2382 2553 νομοθετεῖ
2417 2485 2624 2556 Μωσῆς
2643 2501 2657 2516 ⁶
2687 2485 3058 2557 ἐξεμίσθωσεν
3075 2484 3169 2541 οῦν
3203 2490 3394 2544 ἐαυτὸν
3421 2495 3454 2545 ό
3481 2492 3678 2557 Μωάσ,

2095 2577 2190 2628 καὶ
2247 2576 2474 2644 γέγονεν
2529 2577 2832 2647 μισθωτὸς
2889 2579 2991 2633 οὐκ
3040 2582 3337 2652 ἀγαπήσας
3391 2584 3481 2636 τὸν
3523 2584 3679 2647 Θεὸν,

2096 2667 2372 2736 φαντασίᾳ
2408 2667 2466 2720 δὲ
2505 2667 2722 2737 μισθοῦ,
2760 2668 2855 2724 καὶ
2905 2671 3239 2741 σωματικῶν
3283 2673 3461 2728 ἐλπίδι
3503 2677 3683 2730 πάντα

2095 2756 2288 2824 ποιῶν,
2321 2755 2398 2821 ὡς
2449 2759 2477 2812 ὁ
2528 2757 2698 2813 ποιῶν
2729 2761 2829 2828 τὴν
2879 2761 3250 2836 ἐλεημοσύνην
3295 2768 3374 2831 είς
3420 2767 3479 2820 τὸ
3521 2768 3685 2833 δοξα-

2097 2848 2292 2920 σθῆναι
2351 2849 2455 2904 ὑπὸ
2486 2851 2595 2903 τῶν
2630 2851 2954 2924 ἀνθρώπων.
3003 2855 3204 2909 Ἐλεῶν
3257 2859 3367 2929 γὰρ
3410 2859 3471 2912 οὐ
3512 2864 3681 2926 ποιεῖ,

2099 2941 2282 3012 μάτην
2303 2942 2358 2995 δέ
2397 2942 2557 3008 δόξαν
2591 2942 2934 3015 θηρώμενος.
2971 2947 3226 3012 Τοιοῦτος
3261 2952 3395 3004 καὶὸ
3429 2952 3506 3022 μὴ
3533 2953 3686 3024 πόθῳ

2099 3035 2196 3104 τῆς
2229 3033 2436 3104 ἀρετῆς
2478 3035 2796 3105 σωφρονῶν.
2822 3038 3002 3091 δοκεῖν
3035 3040 3092 3092 δὲ
3134 3040 3296 3110 μόνον
3327 3041 3682 3113 βουλόμενος.

2102 3126 2322 3194 Ἀτιμοι
2355 3125 2535 3178 τοίνυν
2564 3128 2611 3178 oi
2641 3127 2870 3182 τοιοῦτοι
2905 3132 3058 3201 παρὰ
3079 3131 3216 3203 Θεῷ,
3257 3135 3502 3204 ἀτιμίαν
3532 3137 3684 3207 ἕχον-

2097 3233 2190 3279 τες
2243 3216 2570 3284 μισθωτοῦ,
2607 3217 2683 3282 ὡς
2735 3221 2837 3273 οὐκ
2893 3223 2957 3276 ἐκ
3008 3223 3326 3290 διαθέσεως,
3361 3228 3426 3280 τὸ
3480 3228 3535 3282 δὲ
3583 3230 3684 3300 τῆς

2098 3309 2301 3379 ἀρετῆς
2335 3307 2497 3377 ἔργον
2526 3309 2864 3366 ἐπίπλαστον
2889 3314 3102 3385 ἔχοντες
3129 3333 3144 3349 ⁸
3177 3319 3268 3372 καὶ
3293 3320 3417 3374 ὅσον
3448 3322 3683 3376 ἐνταῦθα

2096 3398 2390 3452 πλουτοῦσι
2423 3400 2493 3460 τὸ,
2519 3401 2699 3456 δοκεῖν
2731 3404 2962 3460 πλοῦτον
2989 3408 3082 3461 τὸν
3103 3409 3351 3478 μάταιον,
3381 3413 3634 3468 τοσοῦτον
3658 3426 3680 3451 ι

2098 3491 2237 3561 μετὰ
2268 3491 2329 3544 τὸ
2362 3492 2824 3567 ἀποκαλυφθῆναι
2857 3499 3015 3569 ἡμῶν
3043 3500 3112 3554 τὰ
3157 3503 3379 3572 κρυπτὰ
3414 3505 3678 3575 ἀποδοθή-

2095 3598 2249 3636 σεται
2295 3585 2393 3656 τῆς
2425 3587 2731 3655 αἰσχύνης
2763 3593 2796 3642 ὁ
2831 3593 3081 3659 μισθόςο
3126 3577 3269 3648 καἳὸ
3309 3597 3511 3668 πολλὴν
3555 3615 3681 3651 συν-ι

2095 3673 2249 3741 ἄγων
2290 3678 2413 3739 ταῖς
2462 3679 2651 3748 χερσὶν
2681 3678 2984 3753 ἀκαρπίαν,
3017 3683 3238 3739 πλείονα
3281 3687 3382 3758 τὴν
3409 3688 3543 3759 ὓλην
3570 3689 3679 3755 ἕξει

2093 3765 2195 3836 τῆς
2221 3767 2482 3837 ἀτιμίας.
2509 3771 2618 3823 Καὶ
2658 3773 2688 3824 ὁ
2734 3774 2974 3842 ἐνεργῶν
3011 3777 3434 3850 θησαυρίσματα
3461 3782 3677 3854 γλώσσῃ

2092 3857 2298 3927 ψευδεῖ,
2343 3860 2553 3930 μάταια
2600 3862 2811 3927 διώκει,
2864 3869 2960 3921 καὶ
3007 3869 3290 3927 ἐλεύσεται
3324 3875 3417 3927 ἐπὶ
3443 3877 3680 3944 παγίδας

2095 3945 2354 4013 θανάτου,
2377 3950 2471 4002 καὶ⁵
2498 3954 3042 4023 καταλειφθήσεται
3077 3961 3415 4030 ὀλιγοστὸς,
3437 3966 3535 4018 καὶ
3565 3969 3678 4020 οὐκ

2095 4037 2360 4179 ἐέτιμος,
2415 4039 2708 4116 εὐεργεσίᾳ
2757 4047 2867 4099 τῶν
2909 4048 3004 4102 ἐπὶ
3049 4052 3249 4106 κακίαν
3306 4070 3681 4127 συγκεκροτηο

2099 4145 2135 4179 ιι
2171 4145 2299 4179 νων.

2098 4145 2299 4198 μενων.

405 4218 620 4272 occulta
644 4220 901 4274 omnibus
936 4228 1126 4290 patere
1149 4223 1469 4294 contigerit,
1502 4220 1758 4276 mercedis
1790 4220 2015 4274 nomine
2041 4226 2364 4287 reponetur.
2393 4215 2515 4283 Quo
2555 4220 2703 4276 enim
2752 4223 2909 4293 plura
2983 4229 3218 4300 quisque
3293 4233 3504 4287 scelera
3576 4233 3674 4287 ad-

408 4315 638 4382 miserit,
665 4332 730 4372 eo
758 4325 812 4372 et
835 4317 925 4373 ille
944 4318 1206 4389 majorem
1236 4320 1303 4374 ad
1328 4320 1678 4390 ignominiam
1702 4317 1988 4372 materiam
2029 4313 2303 4366 habuerit.
2348 4313 2453 4379 Qui
2495 4331 2717 4372 rursum
2759 4321 3040 4378 mendacis
3115 4325 3317 4397 linguae
3385 4329 3674 4385 thesauros

409 4403 676 4470 recoadit,
724 4421 863 4461 vana
917 4409 1291 4476 persequitur,
1328 4417 1384 4464 et
1422 4410 1478 4464 in
1527 4409 1721 4464 mortis
1755 4408 1981 4475 laqueos
2019 4401 2180 4474 243
2212 4402 2484 4466 devmiet,
2516 4409 2992 4483 egentissimusque
3049 4423 3099 4468 et
3169 4433 3276 4471 non
3315 4419 3670 4491 honorabilia,

405 4512 595 4554 eorum
637 4497 905 4553 beneﬂcio
947 4501 1042 4567 qui
1102 4501 1156 4555 in
1215 4501 1426 4555 malitia
1466 4499 1777 4556 coacervati
1829 4505 1984 4561 sunt,
2025 4497 2386 4566 relinquetur.

1017 4589 1172 4645 CAP.
1213 4591 1378 4648 XVII.

657 4677 958 4732 VERBUM
995 4681 1286 4737 CONTRA
1333 4683 1760 4742 DAMASCUM.

478 4764 647 4820 Vsus.
666 4769 821 4823 1-H.
844 4768 978 4824 Ecce
996 4770 1294 4827 Damascus
1315 4775 1530 4829 tolletur
1551 4793 1584 4830 α
1600 4778 1922 4842 civitatibus,
1936 4789 1985 4833 et

406 4861 506 4914 erit
534 4861 588 4912 in
610 4861 844 4924 ruinam,
868 4863 1121 4919 derelicta
1138 4867 1191 4920 in
1208 4869 1482 4935 naculum,
1501 4871 1556 4923 in
1580 4870 1751 4925 cubile
1767 4887 1984 4943 gregum

405 4962 454 5006 et
485 4953 736 5022 requiem.
765 4955 833 5006 Et
857 4971 960 5008 non
1001 4957 1102 5010 erit
1134 4958 1225 5028 qui
1250 4970 1616 5030 persequatur.
1657 4961 1726 5016 Et
1757 4980 1862 5017 non
1883 4966 1983 5018 erit

406 5045 638 5116 amplius
677 5048 904 5113 munita,
948 5058 1006 5101 ut
1061 5049 1191 5104 illuc
1242 5052 1514 5124 confugiat
1562 5053 1841 5125 Epitraim,
1875 5067 1984 5114 etc.

476 5224 642 5297 244
687 5228 862 5284 Antea
927 5229 1148 5301 quidem
1206 5233 1305 5304 (ut
1359 5237 1742 5307 superioribus
1791 5244 1984 5313 patet)

403 5312 758 5386 Assyriorum
818 5323 1123 5394 principem
1200 5326 1269 5382 de
1327 5328 1565 5398 Arabia,
1631 5335 1699 5388 de
1776 5312 1977 5390 Dama?

471 5472 516 5504 “
549 5472 688 5527 l‘sul.
715 5491 810 5539 cu,
847 5481 894 5534 I.
970 5484 1014 5516 ³⁷
1042 5482 1200 5539 Joan.
1245 5503 1298 5552 Χ,
1340 5488 1424 5544 i5.

2690 4594 2940 4650 ΚΕΦΑΔ.
2983 4595 3084 4654 ΙΖ’.

2343 4685 2422 4735 T0
2447 4685 2655 4738 ΡΠΜΑ
2692 4688 2776 4739 T0
2810 4687 3004 4744 ΚΑΤΑ
3041 4693 3462 4751 ΔΑΜΑΣΚΟΝ.

2147 4780 2197 4827 α’
2234 4779 2322 4826 ια’.
2369 4775 2524 4831 Ἰδοὺ
2558 4781 2877 4849 Διιμασιιὸς
2900 4782 3226 4851 ἀρθήσεται
3269 4788 3388 4842 ἀπὸ
3417 4789 3675 4856 πόλεων,

2093 4867 2197 4918 καῖ
2241 4867 2412 4922 ἔσται
2455 4873 2543 4936 εὶς
2593 4871 2845 4940 πτῶσιν,
2895 4859 3408 4949 καταλελειμμένῃ
3441 4885 3529 4948 εις
3569 4883 3677 4938 τὸν

2094 4955 2300 5024 αἰῶνα,
2335 4963 2417 5028 εἰς
2453 4964 2666 5032 κοίτην
2693 4968 2988 5036 ποιμνίων
3028 4970 3128 5026 καὶ
3156 4971 3526 5029 ἀνάπαυσιν.
3565 4975 3674 5029 Καὶ

2095 5048 2207 5099 οὐκ
2231 5047 2403 5102 ἔσται
2437 5053 2470 5104 ό
2494 5052 2741 5108 διώκων.
2777 5056 2885 5109 Καὶ
2912 5057 3114 5111 οὐκέτι
3137 5058 3309 5114 ἐσται
3349 5061 3539 5130 ὀχυρὰ
3569 5059 3676 5115 τοῦ

2088 5140 2460 5210 καταφυγεῖν
2477 5143 2608 5196 ἐκεῖ
2630 5144 2740 5198 τὸν
2774 5147 3040 5218 Ἐφραϊμ,
3077 5167 3131 5204 κ.
3158 5167 3208 5203 τ.
3245 5150 3295 5205 λ.

2161 5229 2311 5284 Ἀνω
2343 5232 2407 5303 δὴ
2441 5233 2542 5302 μὲν
2574 5234 2665 5288 διὰ
2700 5236 2810 5291 τῶν
2843 5239 3155 5311 ἔμπροσθεν
3190 5243 3283 5295 τὸν
3319 5241 3431 5295 τῶν
3477 5242 3672 5296 Ἀσσυ-

2091 5318 2222 5391 ρίων
2247 5322 2488 5393 ἄρχοντα
2519 5327 2868 5401 παρέστησεν
2894 5330 3144 5403 λέγοντα,
3160 5334 3271 5389 Καὶ
3300 5333 3492 5390 ἔλαϐον
3514 5334 3674 5406 ’Δραο

1662 5584 1894 5643 νΑιιιιΕ
1935 5586 2347 5650 LECTIONES.

473 5666 497 5709 γ
535 5675 625 5730 ne.
668 5658 853 5728 ὥρισε.
936 5673 956 5699 ι
987 5667 1070 5719 ἵσ.
1101 5669 1374 5731 τοσοῦτος.
