4022 6210
339 315 470 380 iiii

1516 310 2056 373 COMMENTARII
2091 310 2170 370 ΙΝ
2215 311 2501 372 ΙΞΑῙΛΜ.

3451 315 3593 378 219.1

341 431 482 494 ϐίαν,
517 429 612 482 καὶ
643 429 960 500 Δαμασκὸν,
995 429 1090 482 καὶ
1111 428 1446 498 Σαμάρειαν,
1475 427 1502 478 ὃ
1527 427 1618 479 καὶ
1653 427 1908 496 δηλοῦται

2020 439 2142 484 sco.
2197 425 2372 495 deque
2427 424 2670 479 Samaria
2725 439 2753 478 a
2813 441 2871 482 se
2930 428 3208 499 occupatis
3267 423 3591 498 gloriantem

338 521 424 574 διὰ
451 520 548 586 τῆς
577 520 637 573 ἐν
662 519 968 584 Βασιλείαις
993 520 1214 590 Γραφῆς
1243 518 1540 588 λεγούσης·
1561 537 1578 568 ι
1615 519 1720 570 Καὶ
1745 516 1912 584 ἀνέϐη

339 609 594 680 βασιλεὺς
639 611 943 678 Ἀσσυρίων
983 612 1064 674 εἰς
1115 609 1438 681 Δαμασκὸν,
1498 607 1592 660 καὶ
1627 608 1914 660 συνέλαϐεν

337 699 530 769 αὐτὴν,
563 701 659 753 καὶ
690 700 972 770 ἀπῴκισεν
998 699 1188 770 αὑτήν.
1217 719 1235 752 ο
1279 699 1392 752 Νῦν
1427 698 1482 752 δέ
1509 713 1676 767 φησιν
1701 699 1728 750 ὁ
1757 696 1915 764 λόγος

338 793 466 862 περὶ
523 791 824 862 μελλούσης
862 791 1054 862 ἑτέρας
1097 791 1368 858 ἁλώσεως,
1405 791 1474 861 ἢν
1507 793 1536 844 ὁ
1575 787 1913 850 Βαϐυλώνιος

337 881 634 950 πεποίηται
667 879 944 950 βασιλεὺς,
975 880 1064 932 ὅτε
1097 885 1211 944 τοῖς
1251 879 1516 950 Ἱεροσολύ
1528 895 1650 950 μοις
1684 878 1914 948 ἐπῆλθεν

337 971 517 1035 αὖθις,
549 973 647 1026 καὶ
691 972 897 1042 ταύτην
929 970 1087 1036 ἑλὼν,
1120 975 1184 1026 ἐκ
1214 973 1430 1043 βάθρων
1460 989 1518 1025 τε
1559 974 1740 1026 πᾶσαν
1777 971 1916 1038 ἠφα-

372 1063 526 1127 ικώς.
563 1065 664 1116 Ἦν
704 1063 879 1134 δηλῶν
915 1063 1182 1135 Ἱερεμίας
1211 1065 1395 1134 φησίν*
1451 1083 1470 1115 ι
1517 1063 1776 1132 Ἐξελύθη
1813 1063 1915 1112 Δα-

341 1155 552 1227 μασκός
579 1170 595 1184 °
631 1157 959 1226 ἀπεστράφη
1012 1158 1092 1220 είς
1141 1157 1340 1226 φυγήν.
1379 1175 1398 1208 ι
1441 1156 1548 1208 Καὶ
1581 1155 1700 1224 μεθ’
1727 1155 1913 1223 ἕτερα,

344 1269 362 1302 t
383 1248 644 1304 Διατοῦτο
671 1249 959 1302 πεσοῦνται
990 1248 1262 1302 νεανίσκοι
1288 1248 1346 1300 ὲν
1374 1246 1656 1308 πλατείαις
1681 1262 1794 1309 σου,
1819 1244 1917 1299 καὶ

338 1342 541 1405 πάντες
571 1341 623 1394 οἱ
645 1339 836 1410 ἄνδρες
867 1341 916 1391 οἱ
959 1338 1284 1409 πολεμισταί
1313 1355 1408 1392 σου
1440 1339 1730 1392 πεσοῦνται
1762 1339 1820 1394 ἐν
1847 1341 1914 1410 τῇ

340 1434 524 1506 ἡμέρα
567 1432 751 1503 ἐκείνῃ
777 1471 792 1496 ,
829 1431 966 1500 φησι
1023 1430 1227 1501 Κύριος
1273 1431 1383 1484 τῶν
1427 1431 1746 1501 δυνάμεων·
1803 1433 1916 1485 Καὶ

339 1527 532 1580 καύσω
580 1525 690 1596 πῦρ
741 1527 798 1578 ὲν
845 1525 1011 1596 τείχει
1056 1525 1372 1596 Δαμασκοῦ,
1401 1526 1495 1578 καὶ
1534 1525 1915 1594 καταφάγεται

343 1619 556 1689 ἄμφοδα
587 1617 699 1670 υἱοῦ
735 1617 918 1688 Ἄδερ.
945 1636 962 1668 ι
988 1617 1318 1687 Πρόσκειται
1343 1616 1399 1670 δὲ
1429 1616 1524 1671 νῦν
1549 1616 1690 1670 κατὰ
1721 1616 1916 1686 μόνους

341 1711 466 1772 τοὺς
509 1707 910 1780 Ἐϐδομήκοντα
943 1707 1020 1777 τῷ
1053 1689 1569 1774 καταλελειμμένηή
1605 1705 1667 1758 τὸ
1688 1709 1774 1772 είς
1811 1706 1918 1758 τὸν

2019 515 2173 570 initio
2203 516 2362 582 dixit;
2405 517 2550 586 quod
2583 524 2635 570 et
2693 517 2744 570 in
2807 512 3014 590 Regum
3082 517 3310 576 historia
3363 521 3594 592 legimus

2019 607 2105 660 his
2137 608 2318 662 verbis
2353 625 2367 662 :
2402 625 2420 660 ι
2466 606 2529 660 Et
2567 608 2814 662 ascendit
2864 625 2958 664 rex
2998 609 3350 682 Assyriorum
3384 611 3436 666 in
3490 611 3596 666 Da-

2017 711 2282 763 mascum,
2327 707 2381 752 et
2410 699 2555 762 cepit
2584 707 2726 766 eam,
2751 707 2803 754 et
2829 703 3110 756 transtulit
3145 719 3262 758 eam
3285 704 3354 757 ⁸⁸.
3393 722 3411 756 ι
3447 702 3598 760 Nunc

2017 804 2147 844 vero
2175 789 2244 844 de
2267 791 2616 860 expeditione
2653 792 2757 846 alia
2791 807 2972 847 sermo
3001 803 3106 858 est,
3138 811 3299 864 quam
3327 795 3596 851 adversus

2017 881 2444 953 Hierosolymam
2475 884 2646 936 movit
2676 882 3030 955 Babylonius,
3059 898 3183 937 cum
3233 900 3350 939 eam
3397 886 3592 942 iterum

2016 976 2364 1043 expugnavit,
2402 982 2453 1028 et
2482 983 2649 1029 totam
2682 973 2930 1030 funditus
2977 975 3196 1038 delevit;
3255 975 3320 1029 de
3361 991 3468 1046 qua
3544 986 3598 1031 et

2016 1063 2286 1120 Jeremias
2323 1067 2403 1121 sic
2455 1067 2740 1137 loquitur:
2781 1083 2800 1118 ι
2839 1065 3114 1120 Dissoluta
3147 1075 3230 1122 est
3267 1065 3589 1129 Damascus.

2019 1155 2076 1212 ln
2125 1156 2304 1227 fugam
2339 1173 2608 1213 conversa
2639 1155 2814 1212 est".
2857 1177 2875 1208 ι
2927 1158 3139 1224 Quibus
3199 1159 3271 1212 ita
3327 1159 3596 1228 subjicit:

2023 1264 2042 1298 ι
2087 1247 2214 1301 ldeo
2249 1247 2446 1303 cadent
2477 1249 2708 1318 juvenes
2732 1247 2852 1318 ejus
2883 1248 2935 1302 in
2975 1247 3170 1318 plateis
3215 1248 3356 1317 ejus,
3409 1259 3462 1305 et
3507 1251 3586 1303 tui

2019 1352 2209 1391 omnes
2237 1337 2337 1391 viri
2374 1337 2518 1392 bello
2546 1338 2761 1393 strenui
2785 1339 2980 1392 cadent
3012 1337 3066 1392 in
3099 1337 3187 1392 illa
3223 1337 3334 1405 die,
3371 1339 3446 1392 ait
3497 1337 3601 1393 D'o-

2005 1424 2206 1484 'minus
2237 1428 2602 1484 exercituum.
2646 1427 2710 1482 Et
2741 1429 3036 1483 accendant
3103 1430 3284 1500 ignem
3335 1431 3388 1484 in
3441 1446 3600 1485 muro

2021 1519 2294 1580 Damasci,
2339 1529 2392 1574 et
2420 1519 2702 1574 devorahit
2745 1521 2887 1575 bivia
2922 1520 3012 1574 lilii
3043 1521 3188 1576 Ader
3211 1523 3278 1577 '°.
3317 1542 3336 1575 ι
3375 1520 3474 1577 llic
3497 1539 3600 1576 au-

2019 1612 2594 1676 tem._,adverteudum
2649 1621 2754 1678 est,
2813 1613 2880 1666 ab
2937 1614 3330 1683 interpretibus
3363 1615 3599 1685 Septua-

2019 1704 2165 1774 ginta
2201 1711 2440 1766 tantum,
2472 1711 2596 1772 post
2649 1701 2900 1757 derelicta
2948 1705 3295 1771 vocabulum,
3327 1721 3600 1776 superva-

340 1801 528 1855 αἰῶνα
556 1817 570 1830 ο
623 1801 756 1871 ἔπερ
785 1799 903 1852 ἐστὶ
938 1799 1211 1870 περιττόν.
1245 1798 1488 1870 Χρονικὴ
1517 1799 1645 1868 γὰρ,
1704 1798 1820 1852 ἀλλ’
1853 1797 1913 1850 οὔ

2020 1794 2254 1850 eanec-in
2279 1796 2534 1850 statutum
2561 1793 2748 1863 adjici.
2777 1794 2965 1862 Neque
2991 1796 3135 1850 enim
3157 1795 3210 1850 in
3250 1804 3598 1866 perpetuum,

339 1890 595 1962 διηνεκὴς
623 1891 656 1960 ἡ
685 1889 892 1952 πτῶσις
923 1889 1028 1942 ὑπὸ
1061 1889 1166 1941 τῶν
1207 1887 1515 1960 Ἀσσυρίων
1555 1887 1792 1956 ἐγένετο,
1823 1887 1911 1940 ὅτε

342 1985 436 2036 καὶ
474 1983 572 2053 τὴν
598 1980 955 2052 Ἰερουσαλὴμ
978 1979 1365 2052 ἐχειρώσαντο.
1391 1980 1479 2043 Ὠς
1500 1979 1610 2050 γὰρ
1642 1978 1780 2048 αὕτη
1809 1977 1915 2032 ὑπὸ

341 2073 449 2126 τῶν
472 2073 780 2142 ἀφεθέντων
815 2071 1178 2142 αἰχμαλώτων
1229 2071 1461 2142 ᾠκίσθη,
1493 2069 1667 2134 οὕτως
1703 2072 1915 2122 ἀνοικο-

339 2164 669 2235 δομηθείσης
723 2163 1012 2232 Δαμασκοῦ
1067 2162 1336 2233 βασίλειον
1384 2163 1444 2215 ὲν
1489 2162 1628 2232 αὐτῇ
1679 2159 1911 2232 συνέστη

341 2247 505 2308 πάλιν
529 2269 542 2283 ·
574 2251 603 2306 ὃ
637 2253 730 2306 καὶ
761 2252 921 2322 μέχρι
951 2250 1058 2304 τῶν
1085 2250 1464 2305 ἀποστολικῶν
1497 2249 1756 2322 διήρκεσε
1787 2251 1913 2320 χρό-

341 2363 468 2398 νων.
497 2345 632 2415 Φησὶ
664 2345 792 2413 γοῦν
817 2345 846 2397 ὁ
897 2344 1110 2408 Παῦλος
1159 2346 1216 2398 ὲν
1249 2342 1528 2414 Δαμασκῷ
1579 2343 1607 2396 ὁ
1647 2343 1917 2414 ἐθνάρχης

354 2436 548 2506 Ἀρέτα
571 2436 664 2490 τοῦ
696 2436 956 2506 βασιλέως
987 2436 1363 2509 Δαμασκηνῶν
1396 2437 1651 2508 ἐφρούρει
1684 2437 1782 2508 τὴν
1823 2436 1917 2489 πό·

340 2529 428 2582 λιν
467 2529 654 2584 πιάσαι
685 2549 776 2601 με.

413 2621 494 2672 Τὰ
517 2615 608 2680 οὖν
630 2620 823 2690 πρῶτα
837 2619 936 2688 τῆς
963 2617 1302 2689 προφητείας
1333 2617 1428 2672 ἐπὶ
1449 2617 1578 2682 τοὺς
1599 2617 1707 2672 τῶν
1725 2617 1914 2670 Ἀσσυ-

346 2712 478 2782 ρίων
507 2712 792 2780 ἀνοίσομεν
829 2711 1075 2782 χρόνους,
1107 2709 1228 2764 καθ’
1271 2708 1366 2773 οὓς
1406 2709 1604 2779 συνέϐη
1638 2708 1914 2780 Δαμασκῷ

343 2797 633 2868 πολιορκία
661 2797 835 2869 διττή.
869 2798 1031 2862 Εἰκὸς
1065 2797 1123 2851 δέ
1153 2814 1306 2867 φασι,
1351 2798 1454 2851 κάν
1483 2800 1595 2862 τοῖς
1627 2799 1916 2870 Περσικοῖς

2018 1882 2112 1936 sed
2138 1883 2202 1936 ad
2241 1891 2454 1952 tempus
2480 1897 2656 1954 usque
2691 1883 2914 1952 aliquod
2946 1885 3216 1939 excidium
3271 1883 3405 1940 illud
3460 1884 3598 1940 fuit.

2015 1988 2140 2029 cum
2189 1983 2241 2028 et
2301 1974 2734 2048 Hierosolymam
2791 1984 3174 2045 expugnarunt
3227 1975 3462 2048 Assyrii.
3519 1974 3594 2032 Ut

2015 2065 2160 2118 enim
2195 2065 2364 2120 hteca
2401 2066 2518 2121 suis
2565 2067 2620 2121 in
2680 2067 2988 2124 libcrlatem
3039 2068 3306 2126 restitutis
3358 2071 3601 2126 habitata

2017 2165 2123 2220 est,
2187 2156 2268 2210 sic
2298 2164 2352 2211 et
2383 2156 2708 2214 Damascum
2747 2160 3073 2224 instaurari,
3111 2159 3165 2217 et
3207 2163 3272 2218 ad
3323 2164 3603 2234 apostolo-

2021 2263 2142 2303 runt
2168 2262 2342 2317 usque
2372 2255 2616 2318 tempora
2663 2251 2814 2320 regni
2899 2253 3104 2324 regiam
3145 2253 3346 2310 habere
3377 2257 3596 2320 iterum,

2023 2338 2109 2394 vel
2138 2336 2309 2392 Paulo
2336 2345 2497 2404 teste,
2527 2341 2779 2410 contigit,
2823 2341 2914 2396 ubi
2961 2343 3037 2395 ait
3088 2337 3364 2408 Damasci,
3419 2348 3602 2416 gentis

2023 2429 2342 2501 praelectum
2403 2431 2663 2496 Aret-am,
2714 2433 2856 2504 regis
2904 2432 3372 2490 Damascenorum
3437 2427 3601 2509 245

2027 2521 2288 2578 excubias
2315 2523 2367 2576 in
2390 2523 2528 2577 urbe
2545 2525 2824 2593 posuisse,
2847 2532 2905 2578 ut
2924 2540 2981 2580 se
3007 2526 3576 2595 comprehenderet".

2091 2610 2271 2664 Prima
2307 2625 2437 2680 ergo
2469 2611 2520 2664 in
2555 2611 2862 2681 prophetia,
2895 2612 2960 2666 ad
2985 2628 3047 2668 ea
3071 2614 3428 2686 Assyriorum
3463 2625 3601 2669 tem-

2017 2715 2174 2772 pora,
2206 2701 2406 2771 quibus
2436 2703 2758 2756 Damascum
2800 2703 2884 2759 bis
2931 2703 3272 2760 obsidionem
3313 2705 3426 2776 pati
3461 2710 3600 2761 eon-

2017 2791 2164 2860 tigit,
2211 2789 2531 2846 referemus.
2581 2790 2678 2846 Est
2711 2807 2840 2847 vero
2891 2801 3346 2860 consentaneum,
3404 2797 3586 2854 aiunt.

344 2905 404 2940 τε
426 2889 523 2941 καὶ
551 2889 944 2952 Μακεδονικοῖς
980 2889 1142 2956 ’ἐτερα
1173 2888 1338 2942 πάλιν
1382 2887 1593 2950 παθεῖν,
1628 2887 1662 2942 ἃ
1697 2889 1790 2941 καὶ
1817 2889 1914 2960 δη-

2020 2895 2072 2938 et
2107 2883 2264 2937 aliam
2308 2897 2550 2952 quoque,
2583 2883 2698 2936 sive
2755 2881 3014 2948 Persicis,
3051 2885 3166 2940 sive
3217 2875 3596 2940 Macedonicis

341 2977 571 3032 λοῦσθαι
604 2979 694 3034 διὰ
719 2978 812 3032 τοῦ
836 2995 850 3010 ο
893 2978 1040 3034 Ἰδοὺ
1074 2979 1396 3048 Δαμασκὸς
1429 2979 1758 3048 ἀρθήσεται
1797 2981 1914 3036 ἀπὸ

2020 2975 2359 3045 temporibus
2391 2975 2704 3044 pertulisse,
2747 2990 2868 3044 qum
2895 2977 3077 3032 verbis
3135 2978 3257 3034 istis
3289 2997 3302 3033 :
3337 2975 3472 3034 Ecce
3497 2975 3602 3033 D‘ao

342 3071 606 3124 πόλεων.
638 3070 710 3124 Τὸ
747 3069 804 3123 δὲ
831 3072 942 3124 οὐκ
976 3069 1148 3124 ἔσται
1184 3069 1374 3139 ὀχυρὰ
1415 3069 1522 3123 τοῦ
1551 3071 1914 3141 καταφυγεῖν

2023 3082 2228 3120 muscus
2247 3067 2518 3130 auferetur
2535 3068 2596 3119 ab
2614 3067 2852 3133 urbibus,
2873 3067 3225 3138 signiﬁcetur.
3245 3067 3399 3134 Quod
3415 3075 3597 3124 autem

354 3159 627 3232 Ἐφραὶμ,
662 3159 761 3214 καὶ
789 3160 986 3214 οὐκέτι
1033 3160 1324 3224 ,ϐασιλεία
1360 3159 1430 3214 ἐν
1468 3161 1782 3230 Δαμασκῷ,
1815 3165 1926 3228 τοῖς

353 3249 686 3322 Ῥωμαϊκοῖς
737 3252 997 3325 ἁρμόσειε
1059 3251 1290 3324 χρόνοις.
1343 3252 1498 3308 Μετά
1543 3253 1650 3326 γὰρ
1684 3256 1783 3326 τὴν
1826 3255 1921 3308 τοῦ

341 3345 599 3415 Σωτῆρος
654 3344 954 3415 ἐπιδημίαν
986 3346 1033 3398 οἱ
1072 3345 1216 3398 κατὰ
1247 3345 1413 3416 μέρος
1461 3347 1740 3415 πανταχοῦ
1793 3347 1924 3400 καθ-

340 3434 550 3508 imm
598 3434 857 3506 βασιλεῖς·
911 3435 1160 3508 Μερικὴν
1215 3435 1324 3505 γὰρ
1381 3434 1611 3499 πτῶσιν,
1677 3434 1922 3489 ἀλλὀὐκ

341 3525 658 3594 ἀφανισμὸν
692 3525 929 3596 παντελῆ
969 3525 1039 3578 τὰ
1074 3525 1269 3596 πρῶτα
1304 3523 1542 3593 παρίστη
1577 3524 1675 3594 τῆς
1708 3541 1922 3596 προφη-

340 3618 515 3680 τείας,
577 3616 654 3680 ώς
692 3616 849 3688 δῆλον
889 3617 953 3669 ὲκ
989 3613 1110 3682 τοῦ,
1161 3613 1260 3668 καὶ
1302 3615 1412 3667 οὐκ
1477 3613 1652 3667 ἐσται
1705 3615 1917 3684 ὀχυρά.

2023 3174 2125 3214 non
2173 3162 2430 3214 munitam
2475 3157 2608 3229 fore,
2666 3167 2720 3211 ut
2761 3174 2818 3212 ea
2850 3159 3122 3228 confugiat
3178 3155 3458 3228 Ephraim,
3503 3144 3596 3214 ue-

2018 3266 2116 3322 que
2155 3251 2384 3320 amplius
2431 3252 2671 3316 futuram
2713 3251 2764 3304 in
2805 3249 3079 3305 Damasco
3116 3252 3315 3320 regiam
3373 3252 3594 3323 adjecit,

2022 3347 2087 3396 ad
2125 3342 2370 3398 Romana
2404 3354 2650 3414 tempora
2679 3343 2872 3399 referri
2933 3353 3122 3415 queat;
3156 3360 3281 3401 cum
3339 3346 3408 3402 ab
3463 3347 3596 3418 ipso

2021 3435 2326 3488 Salvatoris
2392 3434 2630 3488 adventu
2679 3434 2883 3503 singuli
2936 3450 3092 3506 reges
3139 3436 3342 3506 ubique
3391 3439 3591 3492 sublati

2021 3523 2154 3579 sint.
2217 3523 2466 3590 Quadam
2517 3526 2660 3580 enim
2717 3539 2786 3580 ex
2837 3535 3014 3594 parte,
3056 3536 3162 3580 neu
3207 3525 3480 3599 integrum
3537 3540 3594 3583 et

2022 3629 2296 3668 summum
2318 3613 2598 3668 interitum
2645 3614 2818 3684 prima
2845 3616 3141 3685 prophetiae
3185 3616 3349 3671 verba
3385 3618 3593 3688 signiti-

343 3706 453 3758 Καὶ
489 3705 675 3771 πάλιν,
701 3708 814 3760 οὐκ
836 3705 1010 3760 ἔσται
1045 3703 1346 3770 βασιλεία
1380 3701 1452 3754 ἐν
1479 3701 1792 3771 Δαμασκῷ.
1833 3705 1914 3768 Ὠς

2020 3721 2149 3761 care
2178 3707 2305 3761 hinc
2328 3708 2561 3777 primum
2589 3709 2850 3770 arbitrer,
2869 3709 3010 3776 quod
3033 3710 3147 3778 [ore
3172 3727 3276 3766 non
3305 3713 3594 3776 munitam,

344 3800 650 3872 μελλούσης
687 3801 786 3872 μὶν
833 3799 1078 3864 ἔσεσθαι,
1123 3797 1292 3867 πλὴν
1333 3797 1448 3850 οὐκ
1481 3796 1728 3866 ὀχυρᾶς.
1801 3799 1914 3853 οὐδὲ

2020 3800 2217 3856 deinde
2279 3800 2429 3871 quod
2497 3802 2700 3870 regiam
2736 3801 3061 3856 Damascum
3120 3821 3223 3858 non
3284 3791 3595 3860 habituram

342 3890 776 3963 βασιλευούσης,
815 3886 904 3946 οἷα
951 3891 1048 3944 καὶ
1081 3890 1366 3960 πρότερον.
1415 3885 1608 3951 Ετποις
1647 3888 1692 3942 δ’
1730 3889 1796 3944 ἂν
1829 3893 1914 3948 καὶ

2022 3892 2192 3954 dixit,
2227 3900 2486 3963 tanquam
2540 3892 2779 3948 futuram
2827 3895 3070 3965 quidem;
3111 3895 3208 3950 sed
3264 3913 3595 3969 nequaquam

338 3981 543 4046 ἄλλως.
569 3983 708 4036 Φασὶ
734 3983 1066 4038 ταπείνωσιν
1088 3983 1270 4043 αὐτοῖς
1301 3979 1371 4032 τὰ
1411 3976 1656 4048 παρόντα
1691 3981 1784 4034 καὶ
1809 3981 1914 4052 βίον

2023 3984 2306 4048 munitam,-
2351 3998 2628 4054 regnoque
2679 3985 2817 4054 ipso,
2859 3985 3000 4039 sicut
3054 3989 3236 4051 antea,
3279 3977 3592 4040 dccorataui

335 4073 540 4146 δηλοῦν
577 4073 866 4141 ἰδιωτικὸν,
907 4074 982 4139 ὥς
1018 4093 1122 4129 που
1171 4075 1393 4144 λέγεται
1421 4077 1516 4132 καὶ
1543 4075 1800 4138 πλούσιος
1831 4075 1914 4128 ἐκ·

2021 4074 2382 4130 demonstret.
2415 4075 2606 4130 Posset
2632 4080 2684 4130 et
2714 4075 2822 4130 alio
2849 4073 3011 4129 modo
3049 4076 3334 4146 explicari.
3386 4072 3596 4130 Volunt

338 4165 568 4220 πίπτειν
593 4167 672 4229 είς
696 4167 884 4220 πενίαν
908 4165 1248 4236 μεταϐαλὼν,
1269 4167 1298 4220 ὃ
1314 4184 1374 4220 τε
1408 4169 1465 4221 ὲν
1487 4165 1760 4237 ἀξιώματι
1785 4165 1914 4235 πρὸς

2020 4165 2166 4220 enim
2201 4166 2429 4234 privatae
2459 4166 2584 4220 vitae
2615 4165 2985 4220 humilitatem
3020 4174 3074 4220 et
3101 4167 3468 4236 abjectionem
3496 4182 3591 4236 per

337 4256 576 4328 ἀτιμίαν
614 4256 821 4311 ἐλθών·
867 4260 1050 4312 ὁποῖον
1094 4259 1190 4312 καὶ
1238 4257 1316 4324 re,
1353 4255 1502 4322 οἶκος
1552 4257 1770 4327 Ἰσραὴλ
1820 4258 1914 4310 πέ-

2020 4259 2137 4313 base
2177 4257 2288 4314 illis
2319 4257 2657 4330 significari;
2697 4272 2804 4328 qua
2833 4258 3050 4312 ratione
3070 4258 3164 4328 qui
3193 4257 3348 4313 dives
3383 4266 3490 4321 est,
3539 4258 3598 4313 in

337 4363 588 4412 πτωκεν,
610 4347 711 4401 οὐκ
745 4346 826 4401 ἔτι
857 4347 934 4420 μὴ
969 4347 1272 4420 προσθήσει
1291 4347 1388 4402 τοῦ
1415 4349 1738 4418 ἀναστῆναι.
1761 4347 1914 4402 Οὕτω

2021 4355 2422 4418 paupertatem,
2451 4349 2542 4418 qui
2583 4358 2766 4404 autem
2795 4352 2850 4403 in
2882 4349 3097 4404 honore
3123 4359 3177 4403 et
3211 4349 3505 4420 dignitate,
3539 4349 3596 4402 iu‘

335 4439 437 4492 καὶ
466 4437 584 4503 νῦν,
610 4438 672 4490 τὸ
694 4440 782 4505 είς
805 4438 1062 4507 πτῶσιν,
1097 4439 1198 4512 τὴν
1231 4439 1553 4510 καθαίρεσιν
1589 4438 1784 4510 δηλοῦν
1817 4439 1916 4510 τῆς

336 4527 640 4596 βασιλείας,
675 4531 868 4584 νοοῖτο.
926 4530 1103 4587 Πάλαι
1143 4530 1519 4602 γὰρ’ὲκράτει
1565 4530 1676 4584 τῶν
1703 4529 1912 4601 Σύρων,

337 4624 476 4693 πρὶν
503 4621 553 4674 οἱ
577 4620 668 4674 τοῦ
696 4623 1006 4686 Μακεδόνος
1039 4623 1392 4696 Ἀλεξάνδρου
1418 4624 1652 4694 διάδοχοι
1682 4623 1792 4676 τῶν
1822 4623 1916 4676 νῦν

332 4715 398 4766 ἐν
423 4711 598 4784 Συρίᾳ
629 4713 899 4784 λαμπρῶν
925 4715 1157 4768 οἰκισταὶ
1187 4715 1441 4784 γεγόνασι
1471 4715 1697 4777 πόλεων,
1721 4715 1918 4768 Ἀντιοο

329 4805 516 4877 χείας,
553 4805 897 4872 Λαοδικείας,
927 4805 1226 4871 Ἀπαμίας·
1253 4803 1469 4867 ἰδιώτας
1498 4803 1676 4857 τοίνυν
1698 4803 1914 4857 ἔσεσθαι

329 4899 492 4970 δηλοί
515 4899 634 4962 τοὺς
661 4898 863 4966 ταύτης
887 4897 1197 4969 οἰκήτορας,
1215 4897 1372 4968 δίκην
1399 4895 1626 4965 ἀγέλης
1643 4895 1914 4965 ποιμνίων

329 4991 429 5045 διὰ
455 4989 516 5044 τὸ
543 4989 748 5050 τούτων
783 4989 1038 5057 ἀγέλαιον
1060 4989 1402 5059 οἰκήσοντας.
1437 4987 1511 5040 Τὸ
1531 4982 1626 5040 οὖν
1653 4987 1910 5054 ἀρθήσει

329 5097 438 5144 ται
457 5079 578 5136 ἀπὸ
599 5082 855 5146 πόλεων,
887 5079 1180 5150 βασιλικῶν
1197 5078 1440 5149 -νοητέον,
1472 5077 1502 5130 ὃ
1525 5075 1618 5129 νῦν
1653 5077 1744 5129 ἐπὶ
1775 5077 1910 5129 Ῥω-

335 5172 520 5244 μαίων
549 5171 812 5244 ἑώραται,
847 5165 930 5234 οἷς
975 5171 1298 5236 ύποκύπτει,
1351 5170 1579 5240 μηδενὸς
1624 5169 1704 5222 ἔτι
1744 5167 1904 5221 πολε-

334 5262 466 5332 μίου
495 5261 806 5326 διώκοντος,
838 5260 926 5315 διὰ
949 5261 1048 5331 τὴν
1075 5262 1181 5315 τῶν
1220 5261 1568 5332 κρατούντων
1603 5259 1778 5329 ἰσχύν.
1811 5257 1905 5322 El;

329 5352 494 5406 τοῦτο
545 5351 603 5405 δὲ
649 5354 988 5418 καταστᾶσα,
1032 5351 1108 5422 τῷ
1139 5353 1246 5406 τῶν
1283 5351 1552 5406 Ἰουδαίων
1601 5350 1742 5404 ἔθνει
1792 5351 1910 5415 πῶς

333 5441 701 5514 ἐπικουρῆσαι
777 5441 1082 5511 δυνήσεται,
1145 5441 1397 5511 καθάπερ
1449 5442 1542 5493 καὶ
1609 5441 1906 5512 πρότερονς

330 5537 459 5591 οὔτε
490 5538 547 5590 δέ
578 5556 742 5609 φησιν
773 5537 843 5589 ἐν
872 5534 1314 5606 Δαμασκῷλτῶν
1339 5538 1542 5603 Σύρων
1572 5537 1722 5589 ’ἐσται
1755 5535 1909 5604 βασί-

329 5717 378 5751 ⁸³
423 5715 654 5787 W'Reg.
687 5734 796 5779 κεί,
828 5717 881 5771 9.
993 5718 1035 5749 δ”
1075 5715 1276 5770 Jere'n.
1320 5731 1466 5779 XLIX,
1505 5716 1595 5771 Ἦ.

621 5815 884 5874 Parnm.
919 5816 1032 5873 Gn.
1071 5810 1413 5873 LXXXVII.

1711 5716 1755 5751 ιο
1787 5716 1912 5772 ibid.
1957 5717 2049 5785 eo,
2082 5715 2173 5770 ετ.

2023 4439 2263 4496 dedecus
2287 4449 2453 4511 atque
2479 4441 2829 4513 ignominiam
2866 4451 3099 4496 casurus
3133 4441 3431 4512 aliquando
3461 4441 3596 4496 dici-

2024 4540 2132 4586 tur.
2168 4531 2341 4602 C-ujus
2365 4533 2584 4603 generis
2613 4541 2768 4588 estet
2799 4532 2953 4596 illud,
2983 4531 3127 4604 quod
3175 4533 3396 4588 domum
3433 4532 3596 4588 lsracl

2023 4623 2311 4686 cecidisse,
2343 4638 2442 4678 nec
2473 4631 2658 4694 postea
2693 4632 2753 4677 ut
2781 4625 3073 4688 etritetur,
3107 4623 3424 4679 eﬂ'ecturam
3465 4625 3597 4694 legi-

2023 4731 2164 4770 mus.
2197 4713 2320 4769 Pari
2357 4717 2570 4772 ratione
2591 4725 2645 4771 et
2667 4717 2782 4781 hic,
2811 4716 2959 4787 quod
2995 4717 3050 4770 in
3074 4718 3287 4771 ruinam
3323 4715 3594 4788 legimus;

2021 4820 2280 4862 casurum
2306 4818 2551 4879 regnum,
2577 4817 2629 4864 et
2656 4805 2939 4864 sublatum
2969 4809 3032 4862 iri
3071 4809 3380 4880 signiﬁcare
3407 4824 3592 4880 queat.

2023 4897 2174 4968 Syris
2201 4898 2347 4954 enim
2387 4901 2517 4954 olim
2557 4901 2888 4969 potiebatur,
2939 4913 3064 4953 cum
3115 4902 3168 4954 in
3226 4915 3289 4955 ea
3351 4899 3590 4954 nondum

2020 4989 2246 5058 regione
2281 4991 2655 5054 Antiochiam,
2691 4989 3047 5054 Laodiceam,
3085 4992 3367 5060 Apamiam
3427 4991 3593 5044 urbes

2019 5080 2185 5132 etiam
2221 5095 2367 5134 nunc
2405 5079 2667 5135 ﬂorentes
2709 5081 3007 5136 Alexandri
3051 5097 3409 5137 successores
3454 5097 3589 5134 cou-

2018 5169 2308 5224 didissenl.
2365 5167 2618 5224 Privatos
2689 5171 2857 5242 igitur
2903 5181 2956 5226 et
3023 5172 3250 5240 impetio
3303 5171 3588 5238 spoliatos,

2013 5274 2230 5328 gregum
2263 5274 2433 5324 more,
2471 5259 2564 5328 qui
2602 5261 2655 5312 in
2689 5261 2869 5314 caulis
2901 5261 3170 5315 stabulari
3225 5260 3424 5319 solent,
3473 5259 3592 5328 ejus

2019 5347 2230 5402 incolas
2259 5340 2375 5401 fore
2408 5347 2698 5418 signiﬁcat.
2745 5347 2903 5414 Quod
2936 5349 3100 5420 igitur
3129 5353 3192 5401 ab
3227 5347 3448 5404 urbibus
3487 5366 3591 5404 aud

2017 5441 2288 5511 ferendam
2319 5443 2472 5505 dicit,
2506 5443 2573 5496 de
2597 5443 2760 5512 regiis
2791 5444 3049 5512 (quando
3079 5459 3221 5498 nunc
3255 5441 3356 5498 sub
3389 5444 3592 5498 Roma-

2017 5549 2212 5587 norum
2230 5549 2352 5587 esse
2377 5542 2662 5604 potestate,
2695 5550 2790 5590 nec
2809 5535 2917 5606 jam
2940 5547 3159 5606 pmpter
3187 5551 3376 5590 eorum
3395 5543 3592 5607 poten—

2286 5718 2325 5748 ⁶¹
2368 5718 2407 5772 ll
2441 5716 2570 5772 Cor.
2605 5733 2680 5781 Xl,
2707 5717 2794 5772 52.

3078 5813 3156 5871 67
