4022 6210
413 302 556 368 2123

1755 299 2072 359 PROCOI’l
2083 300 2110 358 Ι
2145 299 2389 359 GAZ/El

3541 289 3683 351 2:21

414 420 570 482 tiam,
605 433 634 470 a
669 429 946 488 quoquam
986 414 1132 471 bello
1159 414 1344 469 vexari
1375 421 1593 468 constat
1617 413 1659 482 ).
1687 413 1998 483 intelligen-

2121 429 2264 477 .ειον,
2313 410 2436 462 οὕτε
2484 407 2595 476 τῆς
2630 405 2849 474 Συρίας
2909 403 3139 475 ἐτέρωθι
3197 399 3386 471 (τοῦτο
3411 400 3517 472 γάρ
3549 415 3688 470 φασι

415 514 546 565 dum
575 517 684 564 est.
714 509 774 562 In
807 508 954 562 hunc
983 516 1165 563 autem
1207 522 1392 562 rerum
1424 515 1628 560 statum
1659 521 1783 560 cum
1824 505 1994 560 semel

2103 501 2198 554 καὶ
2231 500 2290 553 τὸ
2325 499 2655 553 κατάλοιπον
2685 496 2806 549 τῶν
2847 495 3054 563 Σύρων
3086 491 3340 562 δηλοῦν),
3366 491 3499 544 ἀλλὰ
3545 508 3689 561 καρ-

415 599 701 662 inciderit,
745 613 876 652 num
912 596 1225 652 Judazorutn
1267 596 1416 667 genti
1461 596 1598 666 jam,
1641 596 1786 654 sicut
1838 605 1999 650 antea

2121 593 2272 662 τερεῖ,
2307 590 2464 660 φησὶ,
2493 587 2634 659 μετά
2664 585 2799 639 Θεοῦ
2842 585 2971 639 λαὸν
2993 584 3353 656 ἡμαρτηκότα
3383 583 3689 653 πεισομένη

417 693 705 765 suppetias
739 690 884 747 ferre
914 690 1161 762 poterit?
1191 689 1305 744 lmo
1353 704 1482 743 vero
1513 705 1578 743 ne
1629 691 1681 742 in
1737 688 2000 740 Damasco

2121 686 2172 737 τὰ
2202 682 2584 754 παραπλήσια.
2620 678 2795 733 Καλεῖ
2813 679 2868 732 δὲ
2907 679 3099 743 δόξαν
3140 675 3560 746 Ἰερουσαλὴμ,
3586 676 3690 730 καί

414 785 637 858 quidem
670 785 786 856 ipsa
818 782 1100 854 Syrorum,
1139 791 1232 836 aut
1283 781 1414 835 alibi
1464 781 1515 834 in
1570 778 1731 850 Syria
1787 779 2000 848 uspiam

2121 776 2328 842 ταύτης
2373 773 2576 838 πίονα,
2605 774 2704 844 τὴν
2761 771 3066 842 βασιλείαν,
3106 771 3204 840 τὴν
3246 768 3567 840 ἱερωσύνην.
3616 768 3693 821 Τὸ

416 879 566 951 (hoc
605 877 750 933 enim
787 891 888 946 per
945 874 1217 946 reliquum
1276 873 1534 945 Syrorum
1588 871 1753 944 246
1813 877 2004 940 putant

415 969 739 1043 signillcari)
768 983 995 1038 regnum
1030 967 1338 1039 supererit;
1369 965 1484 1031 sed,
1515 965 1705 1020 eadem
1729 980 1852 1021 cutn
1877 978 2004 1034 pec-

416 1071 603 1118 catore
636 1061 728 1117 Dei
783 1062 986 1132 populo
1040 1062 1276 1115 tolerare
1330 1071 1579 1129 cogetur.
1619 1057 1792 1113 Vocat
1823 1065 2005 1112 autem

415 1155 646 1224 gloriam
690 1153 867 1209 Israel
927 1162 977 1207 et
1027 1152 1141 1220 eius
1203 1153 1445 1221 pinguia,
1515 1166 1744 1221 regnum
1792 1151 2000 1221 ipsum,

418 1248 596 1316 ipsum
639 1246 1033 1310 sacerdotium,
1070 1245 1246 1314 ipsam
1273 1244 1798 1308 sanctiﬁcationem,
1822 1243 2004 1312 ipsum

417 1335 538 1405 lege
591 1336 919 1404 imperatum
969 1333 1202 1396 cultum,
1251 1331 1427 1402 ipsam
1462 1329 1830 1402 preplietandi
1879 1342 2005 1398 gra-

420 1428 576 1494 tiam,
607 1426 780 1495 ipsam
805 1425 1048 1495 denique
1087 1423 1278 1494 populi
1319 1423 1628 1477 libertatem
1663 1439 1675 1475 :
1713 1419 1918 1490 quibus
1951 1427 2010 1471 ut

419 1519 605 1573 statim
629 1515 726 1571 Dei
754 1515 1004 1587 privatus
1045 1525 1127 1569 est
1181 1514 1435 1584 populus,
1486 1514 1562 1568 ita
1607 1527 1837 1584 regnum
1889 1511 2010 1580 ipsa

421 1609 608 1664 amisit
646 1607 947 1661 Damascus
973 1623 991 1660 :
1017 1607 1250 1676 ideoque
1282 1606 1338 1658 in
1374 1603 1459 1658 die
1506 1604 1626 1668 illa,
1662 1618 1775 1673 quo
1820 1601 2012 1656 Salva-

421 1699 563 1754 toris
611 1699 907 1752 adventum
957 1697 1301 1766 designaret,
1355 1695 1626 1766 adjunxit.
1659 1693 1795 1750 Vide
1825 1702 2010 1748 autem

2106 867 2372 938 ἁγίασμα,
2410 865 2508 936 τὴν
2539 867 2680 918 κατὰ
2711 865 2877 935 νόμον
2907 862 3188 935 λατρείαν,
3212 863 3309 934 τὴν
3344 859 3694 934 προφητικὴν

2107 960 2287 1031 χάριν,
2311 960 2406 1012 καὶ
2436 957 2528 1011 τοῦ
2562 957 2694 1011 λαοῦ
2734 958 2834 1028 τὴν
2861 957 3201 1029 ἐλευθερίαν.
3237 957 3366 1008 Ὅτε
3393 955 3447 1008 δέ
3486 954 3693 1024 τούτων

2121 1050 2340 1123 Ἰσραὴλ
2359 1049 2706 1121 ἀπεστέρητο
2733 1049 2826 1102 καὶ
2847 1051 2946 1121 τῆς
2976 1047 3253 1118 βασιλείας
3279 1048 3318 1114 ἡ
3347 1048 3689 1115 Δαμασκός.

2109 1145 2200 1198 Διό
2216 1160 2402 1214 φησιν,
2429 1143 2499 1196 ἐν
2525 1140 2600 1210 τῇ
2637 1141 2829 1211 ἡμέρᾳ
2861 1141 3090 1209 ἐκείνῃ,
3117 1141 3209 1193 τὸν
3243 1139 3434 1209 καιρὸν
3472 1139 3568 1208 τῆς
3596 1135 3692 1190 τοῦ

2113 1237 2369 1306 Σωτῆρος
2387 1233 2685 1304 ἐπιδημίας
2716 1232 2914 1302 δηλῶν.
2944 1233 3087 1305 Ὅρα
3111 1233 3166 1286 δέ
3193 1233 3341 1295 ὅπως
3365 1230 3426 1284 οὐ
3455 1229 3692 1299 παντελῆ

2107 1326 2215 1380 τοῦ
2248 1324 2457 1380 Ἰακὼϐ
2495 1323 2774 1394 ἀναίρεσιν
2809 1321 3015 1393 ἔφησεν
3063 1320 3304 1384 ἔσεσθαι,
3343 1319 3454 1388 τῆς
3506 1318 3694 1386 δόξης

2109 1413 2167 1468 δὲ
2202 1413 2368 1484 μόνης
2410 1411 2610 1466 αὐτῶν.
2657 1412 2788 1465 Ὅτε
2831 1412 3020 1482 φησὶν,
3073 1411 3154 1476 ὡς
3197 1411 3266 1464 ἐν
3314 1407 3518 1477 ἀμητῷ
3547 1425 3696 1463 συν-

2109 1505 2355 1576 άγονται
2373 1503 2491 1575 μὲν
2512 1507 2566 1558 ο)
2605 1503 2936 1573 ἀστάχυες,
2973 1503 3390 1558 καταλείπεται
3421 1502 3488 1554 δὲ
3519 1502 3590 1555 ἐν
3619 1499 3696 1568 τῇ

2110 1598 2270 1668 χώρᾳ
2306 1596 2550 1665 καλάμη
2595 1596 2777 1664 ψιλὴ,
2825 1594 2998 1658 οὕτως
3038 1594 3255 1647 ἔσεσθαι
3290 1595 3382 1648 καὶ
3421 1593 3511 1646 τὸν
3559 1594 3697 1646 Ἰου-

2110 1689 2275 1743 δαίων
2312 1688 2460 1751 λαὸν,
2493 1687 2933 1758 ἀποτμηθέντων
2973 1687 3072 1758 μὲν
3097 1687 3206 1740 τῶν
3241 1686 3412 1741 πάλαι
3440 1689 3570 1757 παρ’
3597 1685 3700 1738 αὖ·

421 1804 530 1860 quo
555 1794 715 1858 pacto
748 1801 856 1841 non
879 1787 1102 1841 domum
1153 1785 1322 1840 Jacob
1374 1785 1708 1850 universam,
1749 1784 1844 1840 sed
1901 1783 2015 1854 glo-

2121 1785 2229 1846 τοῖς
2257 1783 2604 1852 ἀσταχύων,
2644 1782 2814 1853 μόνης
2855 1781 2911 1836 δέ
2946 1781 3049 1851 τῆς
3095 1781 3372 1850 καλάμης
3413 1781 3472 1833 ἐν
3511 1779 3699 1841 αὐτοῖς

422 1881 559 1932 riam
620 1886 832 1932 tantum
879 1877 1054 1947 ipsius
1101 1876 1448 1933 sublaturum
1491 1893 1550 1931 se
1599 1875 2014 1938 interminetur;

2124 1893 2192 1929 πε
2203 1875 2589 1948 ριλειφθείσης.

420 1983 547 2021 cum
569 1977 822 2028 tanquam
853 1965 1049 2034 spicas,
1072 1980 1191 2034 qua:
1214 1965 1404 2019 messis
1431 1973 1664 2033 tempore
1693 1964 2039 2034 colliguntur,
2080 1967 2280 2021 relictis
2316 1967 2567 2022 inanibus
2605 1967 2662 2021 in
2715 1983 2850 2036 agro
2925 1967 3172 2032 calamis,
3214 1964 3525 2022 Judaorum
3581 1964 3701 2020 lore

418 2057 681 2128 populum
715 2056 1007 2128 signiﬁcet;
1041 2070 1072 2108 a
1103 2070 1213 2125 Quo
1241 2055 1355 2127 jam
1385 2064 1632 2112 resectas
1692 2071 1818 2112 esse
1857 2057 2035 2125 spicas
2064 2100 2078 2124 ,
2122 2060 2272 2115 solas
2303 2066 2487 2114 autem
2520 2060 2753 2114 nuncin
2785 2073 2852 2114 eo
2893 2058 3121 2125 stipulas
3153 2072 3436 2113 remanere
3459 2065 3697 2113 constet.

496 2148 651 2216 Quod
682 2149 727 2204 si
758 2151 927 2203 etiam
959 2147 1103 2202 inter
1127 2163 1228 2204 eos
1269 2149 1579 2220 reperiatur
1613 2163 1724 2203 non
1766 2157 2013 2204 contem-

423 2241 638 2297 nendus
669 2239 913 2310 aliquis;
947 2240 1075 2306 erit,
1108 2238 1310 2310 inquit,
1336 2255 1445 2296 non
1475 2238 1542 2294 ad
1575 2240 1738 2309 spica:
1766 2238 2011 2306 modum,

425 2347 548 2402 qua:
585 2331 638 2386 in
671 2344 805 2401 agro
831 2330 984 2384 nasci
1011 2333 1323 2396 consuevit,
1352 2329 1451 2386 sed
1488 2331 1556 2384 in.
1571 2330 1870 2400 profunda,
1901 2329 2014 2386 sic-

2185 2153 2306 2206 Κᾶν
2352 2152 2551 2224 εὑρεθῇ
2585 2151 2644 2206 δέ
2708 2169 2790 2216 τις
2841 2154 2899 2206 ἐν
2959 2153 3141 2215 αὐτοῖς
3195 2151 3493 2220 ἀξιόλογος,
3541 2150 3697 2203 ἔσται

2116 2244 2256 2299 κατὰ
2284 2243 2524 2314 στάχυν
2561 2244 2662 2298 οὐκ
2701 2246 2758 2297 ἐν
2789 2242 2959 2316 πεδίῳ
2988 2243 3215 2312 φυέντα,
3237 2241 3353 2296 ἀλλ’
3396 2245 3455 2295 ἐν
3489 2241 3700 2295 κοιλάδι

2116 2338 2211 2389 καὶ
2239 2334 2495 2406 φάραγγι
2550 2334 2846 2406 καταξήρφ
2877 2335 2976 2388 καὶ
3018 2335 3239 2405 στερεᾷ.
3278 2333 3390 2388 Τοῦ
3430 2331 3701 2400 στάχυος

425 2439 600 2494 caque
652 2431 707 2477 et
753 2422 891 2476 dura
921 2421 1179 2476 convalle.
1215 2418 1396 2490 Spica:
1457 2432 1638 2479 autem
1677 2423 1922 2488 nomine,
1958 2431 2015 2478 ut

2121 2421 2270 2496 οἶμαι
2312 2424 2403 2479 τὸν
2437 2425 2546 2478 τῶν
2590 2424 2850 2496 μαθητῶν
2901 2423 3187 2495 δηλοῦντος
3233 2423 3412 2494 χορὸν,
3451 2424 3581 2495 περὶ
3622 2417 3701 2476 ὧν

425 2529 531 2587 ego
551 2513 770 2586 quidem
802 2512 1007 2576 sentio,
1028 2512 1434 2584 discipulorum
1461 2522 1692 2582 coetum,
1719 2515 1788 2570 de
1812 2516 2015 2585 quibus

2121 2515 2301 2584 ἔλεγεν
2328 2516 2452 2568 'DEl
2505 2515 2579 2587 μὴ
2612 2516 2814 2588 Κύριος
2868 2514 3094 2570 Σαϐαὼθ
3135 2515 3492 2582 ἐγκατέλιπεν
3567 2517 3703 2584 ἡμῖν

427 2607 685 2678 superius
709 2605 841 2662 illud
873 2623 888 2660 :
926 2624 944 2656 ι
982 2604 1100 2661 Nisi
1135 2603 1403 2662 Dominus
1429 2603 1674 2662 SabaOtli
1699 2608 2015 2678 reliquisset

2121 2607 2363 2678 σπέρμα.
2394 2625 2412 2658 ι
2455 2606 2594 2670 Τοὺς
2625 2607 2681 2660 δέ
2703 2607 2908 2661 τούτων
2931 2608 3216 2679 ἐκκρίτους
3238 2607 3304 2660 δι’
3329 2606 3516 2678 ἐτέρου
3544 2606 3703 2677 δεδή-

427 2700 590 2755 nobis
631 2713 819 2756 semen
856 2698 922 2764 ",
965 2717 984 2750 ι
1025 2699 1340 2767 usurpavit,
1380 2699 1680 2755 intellexit.
1739 2699 2014 2756 Craterum

2121 2693 2261 2747 λωκε
2294 2693 2760 2765 παραδείγματος,
2787 2696 2868 2761 ὼς
2895 2695 3087 2765 ρῶτες
3117 2695 3288 2749 εἰπὼν
3313 2695 3443 2761 δύο,
3469 2695 3508 2766 ἣ
3543 2695 3703 2764 τρεῖς

427 2793 520 2864 qui
550 2793 692 2847 inter
711 2805 805 2848 eos
829 2791 1021 2846 eximii
1051 2791 1339 2854 exstitere,
1368 2791 1477 2846 alia
1531 2792 1746 2848 ratione
1796 2793 2015 2849 demon-

2121 2785 2210 2838 ἐπ’
2253 2785 2444 2854 ἄκρου
2487 2788 2813 2856 μετεώρου,
2849 2788 2888 2856 ἢ
2925 2789 3240 2857 τέσσαρες,
3271 2790 3310 2858 ἢ
3367 2787 3548 2842 πέντε
3596 2788 3702 2841 ἐπὶ

430 2895 630 2952 stram;
665 2899 788 2939 cum
812 2884 949 2938 sicut
972 2883 1124 2940 olivae
1146 2899 1315 2954 grana
1338 2883 1465 2948 duo,
1489 2893 1582 2938 aut
1609 2885 1714 2938 tria
1744 2885 1798 2939 in
1815 2901 2015 2939 summa

2121 2875 2236 2932 τῶν
2264 2877 2506 2931 κλάδων·
2539 2878 2728 2934 αὑτοῦ
2767 2879 3165 2950 καταλειφθῇ.
3204 2881 3292 2934 'Ev
3324 2883 3426 2952 γὰρ
3452 2883 3563 2946 τοῖς
3601 2879 3703 2950 δη-

431 2976 723 3039 cacumine,
757 2983 851 3029 aut
903 2983 1156 3045 quatuor,
1209 2983 1301 3028 aut
1355 2973 1581 3045 quinque
1624 2975 1790 3044 ipsius
1843 2992 2015 3031 rastros

2121 2969 2402 3039 λουμένοις
2429 2969 2662 3041 χρόνοις,
2705 2969 2964 3040 τοσαύτη,
2991 2971 3182 3040 φησὶν,
3209 2971 3362 3025 ἔσται
3395 2970 3506 3024 τῶν
3525 2971 3701 3036 σωζο-

428 3087 541 3125 esse
584 3069 955 3141 relinquendos
997 3067 1228 3134 addidit;
1262 3068 1422 3135 quasi
1453 3067 1745 3139 designato
1777 3079 2015 3140 tempore

2121 3062 2300 3132 μένων
2352 3064 2386 3132 ἡ
2444 3062 2661 3133 σπάνη,
2720 3063 2796 3128 ὡς
2849 3064 2930 3117 ἐνὶ
2993 3065 3201 3128 πάντας
3256 3063 3702 3137 παραϐάλλεσθαι

431 3175 669 3230 paucam
702 3161 837 3216 adeo
863 3169 1208 3216 servatorum
1232 3158 1374 3216 lorte
1404 3174 1696 3214 numerum
1721 3159 2015 3228 signiticet,

2121 3153 2367 3223 στάχυϊ.
2395 3151 2496 3207 Ὧν
2528 3155 2672 3221 τοὺς
2721 3155 3091 3224 ἀκροτάτους
3117 3157 3339 3212 ἔσεσθαί
3387 3175 3492 3210 που
3524 3157 3634 3212 δύο
3658 3157 3700 3227 ἦ

431 3261 492 3307 ut
543 3252 638 3306 uni
685 3266 880 3307 omnes
934 3251 1095 3317 spica:
1151 3250 1462 3320 comparari
1525 3259 1749 3320 queant,
1781 3266 2013 3321 quorum

2121 3246 2298 3315 τρεῖς.
2345 3247 2473 3300 Ἐπ’
2499 3245 2687 3314 ἄκρου
2723 3247 2832 3319 γὰρ
2861 3247 3037 3302 εἰπὼν
3061 3247 3380 3319 μετεώρου,
3407 3249 3468 3302 τδ
3495 3249 3703 3303 τούτων

430 3341 624 3395 summi
651 3340 778 3406 duo,
807 3351 900 3394 aut
925 3351 1028 3396 tres
1060 3339 1235 3395 futuri
1265 3343 1398 3395 sint.
1436 3340 1570 3395 Nam
1611 3356 1737 3397 eum
1766 3343 1821 3395 in
1847 3341 2015 3396 subli-

2121 3339 2357 3410 προῦχον
2413 3339 2755 3404 αἰνίττεται,
2809 3339 2906 3406 οὒς
2969 3341 3365 3414 προσεκαλεῖτο
3418 3341 3548 3394 ποτέ
3601 3342 3703 3411 μὲν

433 3433 506 3484 mi
533 3432 842 3486 summitate
871 3432 1034 3494 dixit,
1057 3445 1252 3486 eorum
1275 3430 1656 3497 eminentiam,
1684 3446 1826 3502 quos
1855 3432 2015 3487 binos

2121 3431 2263 3485 κατά
2292 3431 2580 3499 συζυγίαν,
2616 3433 2751 3485 ποτὲ
2787 3433 2846 3486 δὲ
2869 3415 3014 3488 κατά
3065 3436 3214 3505 τρεῖς
3251 3434 3279 3486 ὁ
3302 3434 3515 3504 Σωτὴρ,
3543 3434 3699 3486 ἐκλεο

431 3522 654 3592 quidem
679 3522 834 3587 olim,
866 3531 920 3577 et
953 3523 1128 3576 trinos
1154 3521 1377 3576 vocavit
1404 3518 1686 3586 Christus,
1711 3521 2015 3578 electorum

2121 3524 2264 3578 κτῶν
2293 3523 2484 3597 ῶσπερ
2506 3525 2929 3598 ἐκλεκτοτέρους
2948 3525 3177 3597 Πέτρον,
3216 3525 3495 3588 Ἰάκωϐον,
3529 3526 3696 3580 Ἰωάν-

433 3612 598 3666 veluti
657 3611 914 3675 eximios,
973 3609 1218 3676 Petrum,
1275 3608 1565 3673 Iacobum,
1612 3620 1667 3667 et
1724 3609 2015 3678 Joannem;

2121 3633 2236 3685 νην,
2272 3612 2353 3679 οἷς
2387 3619 2444 3670 ἐν
2469 3618 2586 3690 ὄρει
2631 3620 2812 3690 μόνοις
2859 3619 2960 3688 τὴν
2992 3619 3418 3690 μεταμόρφωσιν
3460 3619 3661 3686 ἔδειξεν
3683 3636 3699 3650 ο

433 3703 637 3775 quibus
671 3704 726 3758 in
780 3711 969 3758 monte
1019 3702 1388 3772 praesentibus
1421 3716 1533 3760 non
1591 3702 2015 3758 translormatns

2121 3709 2219 3779 τήν
2246 3725 2304 3761 τε
2332 3709 2611 3782 θυγατέρα
2641 3709 2736 3763 τοῦ
2765 3710 3246 3781 ἀρχισυναγώγου,
3269 3711 3433 3764 πάλιν
3464 3711 3555 3763 ἐπὶ
3580 3709 3705 3764 τούο

434 3797 598 3850 modo
626 3794 882 3867 apparuit
909 3795 976 3858 “,
1007 3793 1103 3849 sed
1138 3804 1193 3850 et
1231 3795 1404 3864 ipsam
1433 3809 1725 3866 synagoga:
1751 3796 2015 3866 principis

2121 3817 2229 3854 των
2253 3801 2573 3872 ἀνέστησεν.
2606 3804 2745 3866 Τοὺς
2770 3803 2824 3855 δὲ
2855 3803 3076 3865 λοιποὺς
3108 3803 3416 3872 τέσσαρας
3443 3803 3481 3871 ἣ
3525 3803 3706 3856 πέντε

433 3884 604 3939 filiam
651 3899 682 3938 a
737 3894 916 3939 morte
969 3885 1252 3940 revocavit
1277 3885 1346 3950 “,
1381 3883 1616 3940 obscure
1666 3885 2015 3956 signiﬁcavit.

2124 3893 2278 3960 φησὶ,
2315 3890 2459 3944 τοῦτ’
2495 3891 2641 3944 ἐστιν
2674 3891 2851 3946 ἐννέα.
2889 3891 2952 3945 El
2996 3891 3052 3944 δὲ
3088 3892 3397 3945 συντεθεῖεν
3433 3891 3566 3956 δύο,
3604 3892 3706 3945 καὶ

436 3975 696 4046 Reliquos
722 3985 926 4040 autem,
945 3989 1140 4031 novem
1165 3977 1396 4041 scilicet,
1431 3987 1661 4046 quatuor
1681 3988 1772 4031 aut
1796 3979 2025 4048 quinque

433 4067 758 4124 numerandi
789 4068 1094 4124 vocabulis.
1127 4067 1284 4134 Quod
1316 4067 1362 4124 si
1398 4068 1502 4122 duo
1526 4078 1577 4122 et
1633 4080 1760 4133 tres,
1801 4079 1849 4124 et
1894 4087 2024 4140 qua-

434 4173 575 4229 tuor,
611 4175 662 4218 et
703 4165 931 4234 quinque
987 4163 1042 4218 in
1090 4177 1360 4219 summam
1402 4163 1652 4234 Colligas,
1690 4162 1850 4234 247
1885 4162 2023 4219 Pau-

435 4261 660 4330 lumque
731 4258 1028 4330 adjungas,
1110 4259 1204 4329 qui
1295 4266 1381 4312 est
1453 4265 1506 4313 et
1593 4257 1710 4327 ipse
1796 4267 2024 4313 vocatus

435 4351 713 4420 apostolus
764 4350 832 4414 ⁸³,
889 4359 944 4405 et
1004 4347 1270 4403 Jacobum
1334 4349 1596 4418 denique,
1663 4348 1756 4418 qui
1809 4347 2022 4404 Domini

371 4489 378 4496 .
435 4441 610 4496 lrater
661 4449 819 4504 erat,
875 4441 1088 4511 primus
1144 4440 1213 4494 ab
1257 4441 1449 4495 eodem
1518 4438 2024 4509 Hierosolymorum

2124 3983 2280 4051 τρεῖς
2335 3984 2435 4036 καὶ
2487 3983 2814 4050 τέσσαρας,
2875 3983 2971 4037 καὶ
3022 3982 3238 4047 πέντε,
3275 3982 3364 4036 τὸν
3409 3982 3563 4046 Τῶν,
3618 3981 3703 4044 ιδ’,

2125 4078 2444 4146 ποιήσουσιν
2505 4075 2758 4145 ἀριθμὸν,
2817 4075 3249 4146 προστιθεμένου
3326 4077 3437 4136 τοῖς
3494 4072 3704 4127 δώδεκα

2126 4166 2364 4229 Παύλου,
2396 4166 2594 4236 κλητοῦ
2637 4168 2730 4219 καὶ
2773 4165 2938 4219 αὑτοῦ
2979 4164 3277 4218 ἀποστόλου
3322 4164 3702 4234 τυγχάνοντος,

2126 4260 2223 4311 καὶ
2256 4258 2536 4323 Ἰακώϐου,
2572 4258 2630 4322 ὃς
2675 4257 2903 4326 ἁδελφὸς
2955 4257 3030 4310 ὢν
3083 4256 3178 4311 τοῦ
3225 4258 3433 4326 Κυρίου
3492 4256 3704 4327 πρῶτος

2139 4343 2529 4414 Ἱεροσολύμων
2571 4337 2872 4409 ἐπίσκοπος
2909 4345 3002 4399 ὑπ’
3036 4345 3200 4399 αὐτοῦ
3235 4347 3571 4416 καταστῆναι
3612 4345 3703 4398 τοῦ

2127 4434 2334 4505 Κυρίου
2379 4434 2908 4505 διαμνημονεύεται’
2940 4435 2990 4488 οἳ
3029 4436 3094 4507 δὴ
3140 4436 3341 4499 πάντες
3382 4435 3478 4489 ἐπ’
3521 4435 3705 4506 ἄκρου

435 4542 658 4588 creatus
684 4531 980 4601 episcopus
1007 4547 1022 4596 ;
1047 4528 1468 4598 quatuordecim
1496 4542 1729 4584 numero
1753 4528 2015 4598 reperias,

2127 4525 2234 4594 τῆς
2261 4527 2469 4593 ἐλαίας
2497 4528 2698 4599 δηλαδὴ
2735 4528 2835 4598 τῆς
2871 4528 3142 4582 Ἰουδαίων
3168 4529 3440 4599 διαδοχῆς,
3490 4531 3556 4600 ἢν
3615 4532 3706 4582 καὶ

438 4623 531 4691 qui
572 4623 628 4675 in
659 4622 785 4675 olea:
814 4621 1036 4690 fastigio
1067 4635 1285 4686 omnes,
1322 4619 1376 4675 id
1410 4630 1520 4683 est,
1559 4622 1612 4675 in
1655 4621 1772 4689 ipsa
1796 4619 2021 4676 Judaao-

439 4727 560 4764 rum
601 4713 980 4774 successione,
1019 4725 1185 4780 quam
1242 4717 1296 4764 et
1330 4709 1476 4764 idem
1525 4709 1736 4766 Paulus
1775 4712 2018 4767 radicem

441 4808 686 4856 sanctam
723 4810 776 4855 et
803 4800 1102 4871 primitias,
1131 4807 1185 4855 et
1222 4799 1422 4854 bonam
1453 4800 1657 4856 olivam
1684 4802 1921 4872 appellat
1947 4803 2018 4867 “,

439 4897 847 4946 remanserunt.
883 4887 1012 4944 Post
1043 4889 1422 4960 apostolorum
1443 4897 1625 4946 autem
1646 4893 2019 4956 vocationem,

441 4995 682 5050 congrue
715 4978 869 5033 valde
895 4988 946 5033 et
971 4979 1145 5048 ipsam
1177 4979 1449 5050 gentium,
1474 4995 1596 5050 qua:
1621 4981 1854 5036 deorum
1877 4983 2021 5036 mul-

441 5073 733 5128 titudinem
783 5071 1110 5143 amplexata:
1149 5072 1391 5137 fuerant,
1434 5075 1856 5129 conversionem
1897 5091 2025 5146 pro-

439 5165 626 5237 ponit;
665 5165 755 5234 qui
788 5179 885 5220 eas
914 5179 1024 5218 non
1055 5163 1218 5220 lucos
1245 5165 1502 5234 amplius.
1539 5176 1591 5220 ct
1625 5176 1812 5220 erecta
1850 5167 1904 5221 in
1939 5169 2023 5226 eis

442 5259 636 5312 altaria
669 5266 998 5325 curaturus;
1033 5257 1130 5314 sed
1168 5264 1424 5312 sanctum
1463 5255 1640 5312 Israel
1674 5274 1844 5314 unum
1867 5261 2024 5332 agni-

443 5358 596 5404 turas
644 5350 874 5406 allirmet
903 5367 918 5416 ;
944 5365 1070 5405 cum
1133 5348 1288 5420 prius
1317 5363 1346 5402 a
1389 5363 1519 5404 vera
1570 5349 1664 5404 Dei
1702 5351 2022 5422 cognitione

443 5439 630 5504 alieni,
694 5451 1268 5514 testanwntorumque
1331 5442 1725 5511 promissionis
1761 5454 2022 5515 expertes

2128 4618 2337 4682 Παῦλος
2372 4619 2529 4689 ῥίζαν
2558 4619 2741 4688 ἁγίαν,
2779 4620 2875 4672 καὶ
2919 4619 3175 4690 ἀπαρχὴν
3225 4620 3320 4672 καὶ
3363 4619 3707 4673 καλλιέλαιον

2127 4710 2338 4781 εἴρηκε.
2395 4711 2550 4765 Μετὰ
2597 4712 2655 4764 δὲ
2708 4711 2804 4782 τὴν
2852 4712 2963 4765 τῶν
3012 4710 3348 4774 ἀποστόλων,
3399 4711 3708 4774 ἀκολούθως

2129 4801 2334 4871 σφόδρα
2395 4802 2490 4854 καὶ
2555 4802 2669 4857 τῶν
2728 4803 2902 4856 ἐθνῶν
2951 4805 3060 4856 τῶν
3138 4803 3419 4857 πολυθέων
3471 4803 3706 4874 ἐδήλωσε

2125 4895 2226 4960 τὴν
2264 4894 2621 4965 ἐπιστροφὴν,
2656 4896 2757 4949 οὐκ
2801 4895 2882 4949 ἐτι
2933 4895 3107 4964 λέγων
3151 4898 3262 4960 τοῖς
3321 4896 3510 4950 ἄλσεσι
3544 4912 3709 4966 προσ-

2127 4984 2361 5053 έξουσιν,
2410 4986 2530 5041 οὐδέ
2583 4990 2696 5050 τοῖς
2767 4989 3002 5042 ἐνταῦθα
3053 4988 3278 5058 βωμοῖς,
3314 4988 3476 5059 μόνον
3527 4986 3585 5040 δὲ
3619 4987 3709 5038 τὸν

2126 5077 2282 5145 ἅγιον
2332 5079 2439 5132 τοῦ
2505 5079 2753 5149 Ἰσραὴλ
2786 5079 3204 5150 ἐπιγνώσονται,
3247 5081 3295 5134 οί
3350 5079 3481 5151 πρὶν
3536 5078 3710 5150 ἀπηλ-

2125 5168 2480 5241 λοτριωμένοι
2505 5173 2604 5244 τῆς
2642 5172 2897 5242 γνώσεως
2928 5171 3022 5227 τοῦ
3053 5172 3212 5240 Θεοῦ,
3249 5172 3359 5239 καὶ,
3399 5172 3542 5237 ξένοι
3600 5171 3708 5225 τῶν

2124 5259 2398 5330 διαθηκῶν
2426 5263 2524 5332 τῆς
2591 5264 2960 5332 ἐπαγγελίας,
3010 5263 3102 5318 τὸν
3143 5262 3477 5318 ἀποδοθέντα
3514 5263 3705 5334 χρόνον

2129 5356 2360 5424 ἡμέραν
2383 5355 2586 5418 καλῶν,
2625 5354 2750 5408 καθ’
2775 5355 2834 5408 ὃν
2860 5356 3426 5428 ἐγκαταλελειμμέναι
3461 5359 3624 5425 φησὶν
3651 5353 3706 5406 αἱ

2131 5445 2314 5510 πόλεις
2349 5445 2561 5500 ἔσονται
2596 5445 2692 5499 τοῦ
2730 5447 2979 5518 Ἰσραήλ.

440 5529 727 5594 essent";
760 5531 851 5585 ubi
885 5536 1165 5600 praeﬁxum
1221 5539 1439 5601 tempus
1477 5534 1634 5602 illud,
1667 5549 1780 5604 quo
1826 5536 2061 5592 deserta:
2097 5536 2294 5592 luturau
2331 5547 2456 5594 sunt
2486 5538 2654 5596 urbes
2683 5539 2879 5605 Israel,
2921 5540 3060 5596 diem
3102 5540 3364 5612 appellat.

550 5665 592 5737 εν
634 5664 738 5718 ιδῃ,
781 5681 815 5724 ι,
857 5664 933 5737 9.
987 5664 1030 5696 ⁸³
1062 5665 1248 5722 Matth.
1285 5683 1419 5733 xvu,
1457 5669 1475 5720 l
1519 5684 1674 5737 seqq.

444 5739 485 5770 ⁸⁷
539 5734 737 5806 Eplics.
785 5751 840 5800 ll,
879 5734 962 5788 1'2.

1787 5671 1831 5700 “
1852 5669 1988 5748 Luc.
2013 5687 2130 5736 vui,
2159 5672 2219 5724 Η
2259 5688 2413 5742 seqq.

2516 5674 2560 5706 "
2606 5673 2786 5726 Galat.
2839 5690 2876 5738 ι,
2924 5674 2972 5727 l.
3085 5676 3129 5706 “
3165 5675 3324 5728 nom.
3367 5689 3451 5742 at,
3492 5671 3582 5739 lli,
3617 5671 3706 5728 24.
