4022 6210
320 398 461 464 2125

1420 404 1956 464 COMMENTARII
1998 403 2079 463 ΙΝ
2125 404 2409 464 ISAIAM.

3437 406 3576 469 2126

397 512 483 573 Ὠς
511 513 640 583 γὰρ,
666 513 754 566 ὅτε
785 515 986 580 ταύτας
1014 516 1328 588 ’Δμορῤαἴοι
1354 515 1662 580 κατέλιπον,
1691 518 1903 570 ἀντεισο

2080 517 2236 571 Sicut
2286 517 2431 572 enim
2478 517 2628 585 prius
2662 516 2732 572 ab
2768 517 3102 573 Amorrhaeis
3133 518 3365 573 desertae
3424 533 3576 585 sunt,

316 604 489 675 ἠχθης
514 645 527 668 ,
564 604 728 675 φησίν
754 620 769 633 ⁸
797 605 938 658 οὕτω
968 623 1083 672 σου,
1134 607 1299 677 φησὶν
1319 647 1336 672 ,
1378 606 1703 672 ὲξωσθέντος
1748 608 1899 679 οἰκή-

318 715 502 752 σουσιν
533 700 731 762 ἕτεροι.
772 698 837 752 Ἠ
864 698 972 767 γὰρ
1000 698 1227 752 ἀσέϐεια
1270 698 1367 769 τῆς
1404 697 1634 768 ἐκϐολῆς
1680 697 1769 751 ἐπ’
1796 699 1903 769 ἀμ-

315 789 561 860 φοτέρων
587 790 756 843 αἰτία.
789 790 902 843 Καὶ
931 787 1026 842 νῦν
1070 787 1189 842 ἐστι
1218 788 1317 859 τὴν
1348 787 1613 861 ξΙουδαίαν
1652 790 1743 859 ὑφ’
1781 788 1900 843 Ἐλ-

314 879 493 952 λήνων
521 879 847 951 οἰκουμένην
906 881 1056 935 ἰδεῖν.
1098 880 1361 934 Πλεῖσται
1408 880 1465 935 δὲ
1522 882 1726 949 πόλεις,
1760 884 1900 936 κατὰ

316 975 417 1047 τὴν
453 973 813 1045 προφητείαν,
839 972 944 1025 ὑπὸ
974 972 1263 1043 Ῥωμαίων
1299 972 1758 1045 ὲξηρημὼθησαν,
1787 976 1905 1030 ἀνθ’

314 1060 390 1121 ὧν
412 1083 596 1137 φησιν,
629 1063 830 1119 αὐτῶν
858 1064 966 1118 τὸν
994 1065 1218 1133 Κύριον
1238 1064 1582 1132 κατέλιπον,
1614 1068 1758 1121 τοῦτ’
1791 1068 1904 1121 ἔστι

316 1158 425 1212 τὸν
460 1155 725 1224 Ἰησοῦν,
756 1155 898 1210 κατὰ
929 1154 1027 1227 τὴν
1042 1154 1151 1208 τῶν
1177 1155 1446 1227 Ἐϐραίων
1473 1158 1682 1229 φωνήν.
1713 1159 1905 1224 Ὅπως

316 1254 375 1314 δὲ
400 1253 625 1322 γέγονεν
662 1252 844 1315 αὐτοῖς
890 1250 983 1304 ἀεὶ
1020 1250 1275 1319 βοηθὸς,
1322 1249 1473 1320 δηλοῖ
1496 1250 1579 1307 τὸ.
1612 1268 1631 1302 ι
1662 1250 1905 1313 Ποσάκις

319 1346 557 1415 ἠθέλησα
589 1345 1013 1411 ἐπισυναγαγεῖν
1036 1341 1108 1396 τὰ
1134 1342 1301 1395 τέκνα
1325 1358 1441 1406 σου,
1474 1361 1493 1393 ι
1536 1340 1632 1395 καὶ
1658 1342 1725 1395 τὰ
1753 1341 1901 1411 ἑξῆς.

318 1430 419 1490 Ὦν
440 1437 536 1505 τὴν
559 1437 640 1499 είς
662 1433 824 1488 αὑτὸν
845 1433 1104 1488 ἀπιστίαν
1131 1431 1288 1504 δηλοῖ
1310 1433 1371 1486 τὸ
1397 1433 1534 1487 διότι
1560 1434 1908 1503 ἐφύτευσαν

322 1530 572 1599 φυτείαν
613 1528 892 1592 ἄπιστον,
947 1525 1035 1579 ὅτε
1068 1526 1162 1578 καὶ
1225 1524 1686 1593 ἐπλανήθησαν.
1744 1526 1807 1578 Ei
1848 1526 1906 1579 δὲ

327 1620 667 1690 μεταϐαλὼν,
702 1621 889 1689 φησὶν,
932 1618 1028 1673 ἐπὶ
1074 1618 1175 1689 τὴν
1206 1617 1569 1673 ἀνατείλασαν
1602 1618 1684 1689 τῷ
1716 1618 1907 1689 κόσμῳ

323 1713 418 1768 τοῦ
452 1714 625 1783 φωτὸς
658 1712 870 1782 πρωῖαν
907 1711 1002 1764 τοῦ
1036 1710 1416 1779 εὖαγγελικοῦ,
1446 1711 1541 1763 καὶ
1568 1709 1663 1762 τοῦ
1694 1709 1796 1778 τῆς
1824 1709 1906 1763 διε

327 1804 619 1874 καιοσυνης
653 1804 856 1869 Ἠλίου,
886 1803 1073 1873 ἕτερον
1108 1802 1331 1873 σπέρμα
1356 1801 1611 1856 κατάθοιο
1641 1803 1707 1872 τῇ
1745 1816 1905 1853 σεαυ-

321 1896 415 1950 τοῦ
439 1896 647 1967 διανοίᾳ
679 1895 831 1965 (περὶ
875 1888 939 1949 οὗ
991 1911 1179 1963 φησιν,
1228 1910 1246 1944 ι
1284 1892 1538 1962 Ἐξῆλθεν
1580 1893 1609 1945 ό
1661 1893 1901 1962 σπείρων

322 1988 416 2042 τοῦ
454 1991 692 2058 σπεῖραι.
729 2006 747 2039 ι
792 1986 901 2041 Καί
922 2001 938 2017 ο
974 2006 991 2037 ι
1016 1985 1289 2057 Ὡμοιώθη
1321 1986 1355 2054 ή
1393 1983 1639 2055 βασιλεία
1680 1982 1789 2036 τῶν
1817 1984 1907 2036 οὐ·

325 2078 503 2152 ρανῶν
530 2078 813 2150 σπείραντι
844 2079 1007 2132 καλὸν
1043 2077 1266 2149 σπέρμα
1310 2081 1369 2132 δν
1397 2076 1479 2145 τῷ
1506 2077 1621 2147 ίδίῳ
1654 2076 1809 2148 ἀγρῷ
1838 2096 1856 2129 ι
1883 2077 1903 2147 )

323 2170 576 2238 ἀνθήσει
623 2170 693 2224 ἐν
731 2171 830 2225 σοὶ
866 2173 954 2237 εις
983 2171 1233 2241 ἀμητόν,
1270 2171 1365 2224 καὶ
1392 2169 1625 2236 διδάξεις
1660 2171 1901 2241 ἐτέρους,

323 2263 399 2327 ὡς
430 2263 600 2319 παισὶ
647 2259 752 2317 τοῦ
803 2263 1034 2333 κλήρου
1083 2262 1458 2332 μεταδιδούς.
1512 2262 1668 2326 Τινὲς
1721 2262 1903 2331 μέντοι

329 2353 458 2424 μίαν
497 2353 665 2423 μόνην
694 2352 896 2406 ἅλωσιν
931 2351 1255 2421 Δαμασκοῦ
1288 2350 1385 2413 τὴν
1421 2347 1527 2403 ὑπὸ
1566 2347 1675 2401 τῶν
1714 2350 1909 2400 Ἀσσυ-

329 2446 461 2516 ρίων
490 2444 757 2508 εἰπόντες,
792 2448 890 2513 τὴν
941 2444 1123 2496 πᾶσαν
1174 2442 1332 2515 ῥῆσιν
1388 2439 1516 2511 περὶ
1570 2440 1764 2510 αὐτῆς,
1814 2440 1908 2492 καὶ

327 2535 438 2589 τῶν
467 2535 585 2589 κατ’
616 2535 785 2604 αὐτὴν
843 2532 1183 2605 ἐξηγήσαντο
1237 2523 1469 2605 χρόνων,
1510 2533 1578 2604 ἢν
1608 2533 1682 2595 ὡς
1739 2534 1909 2605 μήπω

326 2626 648 2696 γενομένην,
678 2625 897 2679 ἔσεσθαι
949 2625 1044 2679 νῦν
1082 2627 1111 2679 ὁ
1141 2626 1425 2696 προφήτης
1468 2626 1656 2695 φησὶν,
1706 2626 1908 2696 ὅτεπερ

330 2716 436 2769 ὑπὸ
474 2715 581 2769 τῶν
633 2715 938 2787 οἰκητόρων
983 2714 1339 2769 ἀπολωλότων
1384 2713 1904 2785 καταλειφθήσεται.

342 2809 432 2861 Ἐν
524 2806 593 2861 δι’
621 2807 863 2879 ἐρημίαν
895 2806 1129 2878 παντελῆ
1158 2805 1620 2874 κοιτασθήσεται
1639 2807 1909 2875 ποίμνια,

332 2900 427 2954 καί
478 2901 590 2954 οὐκ
618 2899 813 2963 ἔσται,
850 2899 1039 2971 φησὶν,
1080 2901 1114 2953 ὁ
1168 2896 1432 2962 διώκων,
1488 2897 1754 2968 μηδενὸς
1785 2896 1910 2962 τοῖς

330 2986 610 3058 ποιμέσιν
636 2987 1075 3058 ἐπιτιμήσοντος.
1108 2985 1218 3040 Καὶ
1238 2986 1338 3056 οὐχ
1372 2986 1484 3054 ἔξει
1514 2989 1633 3051 ταῖς
1654 2986 1788 3041 δέκα
1816 3004 1912 3057 φυ-

328 3080 448 3142 λαῖς
473 3078 834 3151 συμμαχῆσαι
855 3079 930 3143 ὡς
951 3077 1130 3132 εἰώθει
1151 3078 1621 3151 χρηματιζούσαις
1636 3078 1909 3149 Ἐφραζμ.

2007 606 2104 672 ait,
2140 614 2199 659 ut
2229 605 2282 660 in
2315 622 2409 661 eas
2442 605 2822 673 inducereris;
2851 607 2931 663 sic
2956 617 3011 663 et
3031 618 3081 664 te
3105 610 3338 679 expulso
3357 610 3577 667 easdem

2004 698 2359 769 occupabunt
2390 700 2507 765 alii,
2539 713 2667 753 cum
2701 699 2992 768 utriusque
3030 700 3376 771 cxpulsionis
3405 717 3579 758 causa

2006 794 2078 847 sit
2106 793 2402 862 impietas;
2441 807 2565 846 cum
2607 789 2853 845 Judzeam
2881 791 3044 846 etiam
3070 807 3098 843 a
3140 794 3401 862 gentibus
3436 792 3582 848 obti-

2006 884 2123 938 neri
2150 892 2387 939 constet.
2427 883 2628 937 Eorum
2654 882 2803 937 enim
2846 883 3012 938 urbes
3040 898 3137 953 per
3167 886 3372 941 multas
3400 899 3431 939 a
3471 883 3582 939 Ro-

2007 975 2188 1031 manis
2221 975 2344 1029 ideo
2382 975 2437 1029 in
2470 974 2824 1029 solitudinem
2857 973 3107 1029 redactas
3135 989 3261 1030 esse
3284 974 3581 1046 signiﬁcat,

2006 1066 2143 1137 quod
2174 1066 2459 1121 Dominum
2483 1082 2662 1132 suum,
2694 1063 2878 1121 Iesum
2909 1066 3187 1130 videlicet,
3208 1067 3366 1136 juxta
3392 1081 3584 1123 vocem

2007 1155 2385 1223 Hebraeorum,
2412 1160 2737 1229 reliquerunt
2771 1176 2789 1214 :
2824 1162 2918 1230 qui
2947 1170 3129 1217 tamen
3164 1148 3327 1233 quam
3359 1162 3496 1233 ipsis
3515 1162 3585 1217 ad

2008 1252 2270 1306 auxilium
2303 1269 2506 1322 semper
2526 1263 2752 1321 paratus
2788 1254 3059 1319 luerit,ex
3087 1270 3153 1311 eo
3176 1256 3405 1326 patebit,
3433 1257 3582 1327 quod

2009 1342 2217 1399 frustra
2271 1360 2332 1400 se
2369 1345 2512 1401 ﬁlios
2543 1345 2664 1415 ejus
2706 1360 2924 1416 semper
2974 1347 3261 1401 studuisse
3315 1348 3421 1402 sub
3455 1347 3583 1411 alis,

2008 1434 2223 1505 gallinae
2248 1450 2419 1502 more,
2445 1452 2645 1507 cogere
2678 1445 2733 1491 et
2770 1436 2956 1493 fovere
2986 1438 3350 1506 conqueritur
3384 1438 3451 1491 “.
3482 1437 3589 1492 F.0-

2012 1539 2131 1578 rum
2166 1525 2351 1595 itaque
2382 1525 2611 1582 velinde
2639 1535 2870 1597 apparet
2904 1526 3219 1593 inﬁdelitas,
3252 1527 3402 1597 quod
3430 1527 3589 1595 plan-

2010 1617 2262 1672 tationem
2310 1618 2597 1687 inﬁdelem,
2638 1619 2784 1674 unde
2836 1629 2891 1675 et
2927 1620 3076 1690 ipsos
3111 1633 3333 1675 errasse
3375 1629 3589 1674 certum

1998 1719 2117 1775 est,
2155 1710 2553 1778 planlaveruul.
2576 1709 2735 1778 Quod
2768 1711 2815 1764 si
2846 1717 3054 1766 mutata
3082 1719 3261 1765 tamen
3292 1712 3587 1777 sententia,
3644 1696 3664 1786 ί

2013 1801 2111 1867 ait,
2140 1801 2207 1857 ad
2235 1803 2573 1857 exorientem
2617 1802 2825 1858 mundo
2847 1803 3188 1873 evangeliea:
3222 1802 3388 1869 lucis,
3424 1803 3592 1859 solis-
3653 1802 3670 1826 '

2007 1910 2115 1964 que
2143 1895 2376 1964 iustitiae
2414 1895 2744 1950 matutinam
2786 1895 2980 1950 horam
3012 1895 3257 1959 intuens,
3297 1910 3486 1951 semen
3533 1897 3589 1951 in

2007 1986 2193 2043 animo
2243 1994 2341 2042 tuo
2386 1986 2532 2041 aliud
2586 1986 2678 2056 (de
2722 2001 2832 2055 quo
2875 1985 3191 2040 nimirum:
3240 2004 3258 2038 ι
3307 1986 3454 2041 Exiit
3496 1986 3587 2054 qui

2008 2078 2244 2134 seminat
2295 2079 2570 2134 seminare
2597 2078 2679 2144 ";
2729 2095 2750 2131 ι
2792 2086 2846 2134 et
2888 2097 2900 2134 :
2937 2097 2954 2129 ι
2996 2078 3188 2133 Simile
3228 2088 3313 2134 est
3360 2093 3589 2149 regnum

2007 2168 2270 2224 cretorum
2286 2170 2356 2237 ei,
2370 2171 2463 2240 qui
2485 2170 2721 2225 seminat
2737 2172 2938 2225 bonum
2962 2185 3146 2226 semen
3166 2172 3221 2225 in
3243 2185 3373 2241 agro
3390 2186 3491 2226 suo
3508 2171 3586 2222 τ’»

2008 2272 2195 2313 sermo
2220 2266 2327 2328 est)
2358 2258 2632 2330 adieceris
2664 2274 2680 2315 :
2712 2255 2951 2314 Florebit
2986 2262 3039 2313 in
3079 2270 3126 2313 te
3153 2260 3222 2313 ad
3266 2276 3509 2325 messem,
3535 2269 3591 2316 et

2010 2349 2174 2416 alios,
2204 2360 2458 2420 tanquam
2486 2352 2808 2406 transmissa
2829 2352 2883 2404 in
2901 2350 3044 2421 ﬁlios
3066 2351 3394 2416 haereditate,
3419 2352 3588 2408 doce-

2010 2442 2116 2499 bis.
2159 2442 2277 2498 Non
2318 2442 2540 2509 desunt,
2591 2444 2689 2514 qui
2737 2458 2902 2498 unam
2954 2451 3166 2498 tantum
3204 2443 3458 2499 Damasci
3492 2460 3592 2515 per

2009 2531 2271 2602 Assyrios
2314 2532 2780 2602 expugnationem
2837 2531 3145 2602 signiﬁcari
3183 2541 3480 2602 putantes,
3521 2537 3589 2589 ad

2010 2638 2129 2679 eam
2183 2624 2418 2694 ejusque
2447 2631 2693 2694 tempora
2729 2624 3013 2696 (tanquam
3040 2624 3284 2680 nondum
3310 2626 3591 2695 prmterie-

2013 2714 2106 2780 rit,
2133 2724 2363 2784 tumque
2391 2715 2659 2785 propheta
2687 2714 2935 2769 futuram
2963 2714 3184 2770 demum
3212 2715 3430 2780 innuat,
3462 2731 3588 2771 cum

2013 2807 2377 2876 pereuntibus
2424 2806 2593 2879 248
2639 2808 2839 2864 incolis
2886 2807 3156 2880 capietur)
3206 2808 3443 2862 litteram
3472 2823 3592 2863 om-

2013 2910 2139 2950 nem
2170 2896 2504 2954 retulerunt.
2542 2897 2597 2952 In
2639 2897 2744 2953 hac
2776 2911 2932 2969 ergo,
2965 2907 3194 2969 pr0pter
3228 2898 3591 2953 solitudinem

2014 3003 2313 3055 summam,
2362 2990 2693 3045 reeubituros
2726 3006 2915 3061 greges
2942 2990 3323 3062 signiﬁcatur;
3349 3006 3441 3044 nec
3480 2991 3596 3061 fore

2015 3080 2105 3151 qui
2144 3090 2517 3151 persequatur,
2549 3081 2776 3151 quando
2806 3096 2971 3137 nemo
2991 3092 3241 3153 pastores
3276 3090 3473 3153 urgeat
3496 3092 3593 3136 aut

328 3176 470 3230 Κατ’
510 3175 751 3245 ἔμφασιν
809 3174 866 3228 δέ
922 3191 1089 3243 φασιν
1138 3174 1220 3239 τὸ,
1277 3173 1377 3227 καὶ
1432 3174 1545 3228 οὐκ
1608 3171 1782 3228 ἔσται
1839 3174 1906 3228 ἐν

2014 3171 2423 3244 reprehendat;
2484 3172 2596 3227 imo
2657 3186 2759 3228 nec
2789 3172 2934 3228 unde
2970 3172 3225 3229 tribubus
3244 3172 3598 3244 decem,quae

329 3264 486 3335 αὐτῇ
508 3266 819 3333 βασιλεία,
845 3264 943 3338 τὴν
983 3265 1229 3339 ἰσχυρὰν,
1261 3264 1403 3318 καθά
1438 3264 1529 3317 καὶ
1555 3263 1771 3336 πρώην,
1806 3263 1904 3335 βα-

332 3358 538 3412 σιλείαν
569 3358 783 3429 δηλοῦν.
813 3361 875 3413 υἱ
922 3359 1030 3431 γὰρ
1079 3358 1220 3427 μετὰ
1266 3357 1441 3415 ταῦτα
1492 3359 1766 3431 τοπάρχαι
1814 3344 1909 3412 καλ⁵

332 3450 596 3522 φύλαρχοι
619 3450 842 3525 ,μᾶλλον
898 3452 1164 3521 ἐγένοντο.
1230 3452 1509 3523 Ἀτονήσει
1562 3450 1620 3505 δὲ
1669 3451 1767 3505 καὶ
1801 3449 1910 3503 τῶν

332 3542 520 3612 Σύρων
554 3544 613 3596 ἒν
650 3544 787 3615 αὐτῇ
819 3543 888 3598 τὸ
918 3541 1155 3609 λοιπὸν,
1198 3542 1344 3596 τοῦτ’
1373 3543 1490 3596 ἐστι
1535 3543 1643 3596 πᾶν
1669 3542 1730 3595 τὸ
1759 3541 1911 3605 ἔθνος

331 3635 392 3689 τὸ
425 3635 518 3689 ὑπ’
545 3637 738 3708 αὐτήν.
767 3635 1079 3690 Συναλῶναι
1112 3636 1168 3690 δὲ
1220 3635 1294 3704 τῇ
1337 3635 1635 3706 Δαμασκῷ
1688 3635 1783 3689 καὶ
1813 3634 1912 3699 τὰς

334 3727 504 3796 φυλὰς
535 3730 634 3793 τὰς
662 3729 793 3783 δέκα
824 3729 975 3799 δηλοῖ
1010 3731 1106 3784 καὶ
1131 3729 1201 3782 τὰ
1234 3727 1411 3799 πλήθη
1441 3728 1667 3794 τούτων,
1700 3729 1785 3796 ἐφ’
1830 3720 1912 3790 οἷς

332 3820 615 3891 ἐφρόνουν,
646 3821 722 3885 ὡς
750 3821 901 3885 ὅντες
929 3820 1216 3875 ἀνάλωτοι.

2019 3264 2281 3334 Epliraim
2314 3263 2540 3320 nomine
2582 3264 2987 3335 intelliguntur,
3020 3265 3224 3321 usitato
3253 3280 3407 3321 more
3432 3268 3592 3321 auxi-

2017 3360 2185 3416 lietur
2215 3359 2553 3416 habituram.
2582 3356 2907 3429 Emphatice
2931 3367 3113 3414 autem
3138 3374 3243 3412 non
3269 3359 3513 3428 futurum
3539 3362 3594 3414 in

2018 3469 2081 3506 ea
2111 3468 2329 3523 regnum
2361 3451 2572 3509 addidit
2599 3468 2615 3517 ;
2652 3458 2712 3506 ut
2742 3451 2922 3523 regni,
2948 3450 3094 3522 quod
3124 3458 3284 3507 antea
3302 3462 3499 3522 potens
3515 3462 3594 3519 et,

2021 3542 2268 3598 validum
2304 3542 2507 3611 fuerat,
2538 3544 2688 3599 vires
2709 3557 2835 3599 esse
2855 3541 3157 3598 diminutas
3175 3542 3453 3597 ostendat.
3489 3540 3593 3609 Qui

2020 3636 2168 3691 enim
2208 3642 2401 3705 postea
2446 3650 2676 3705 regnum
2713 3635 3046 3700 habuerunt,
3088 3634 3366 3704 toparchze
3399 3634 3595 3706 magis,

2020 3725 2281 3795 gentique
2307 3723 2575 3793 praefecti,
2600 3740 2763 3796 quam
2800 3741 2959 3798 reges
2995 3726 3347 3783 exstiterunt.
3373 3726 3576 3784 Deﬁcie

2020 3824 2205 3872 autem
2262 3823 2320 3871 et
2367 3816 2655 3888 Syrorum,
2709 3819 2804 3888 qui
2855 3819 2911 3873 in
2961 3834 3026 3873 ea
3073 3827 3237 3883 sunt,
3286 3819 3594 3889 reliquum;

331 3925 466 3983 gens
495 3927 558 3966 ea
593 3911 857 3966 nimirum
881 3910 1091 3978 omnis,
1125 3925 1249 3981 qua:
1278 3909 1381 3980 ipsi
1410 3908 1726 3978 subjicitur.
1778 3908 1905 3963 ldeo
1945 3923 2076 3964 vero
2100 3913 2154 3961 et
2179 3904 2371 3960 decem
2435 3920 2558 3960 cum
2593 3904 2860 3960 Damasco
2898 3906 3099 3972 tribus,
3154 3922 3458 3978 eorumque
3498 3924 3598 3980 pe-

330 4006 566 4061 rituram
609 4006 1017 4061 multitudinem
1062 4004 1375 4076 signiﬁcat;
1410 4001 1559 4073 quod
1606 4000 1675 4056 de
1708 4016 1768 4056 se
1808 4003 1905 4067 ita,
1950 4017 2015 4056 ac
2048 4002 2094 4056 si
2127 3997 2441 4069 expugnari
2474 4014 2755 4067 nunquam
2793 3998 3128 4067 potuissent,
3160 4000 3456 4059 sentirent.

400 4102 493 4155 Διδ
519 4100 616 4154 καὶ
644 4099 835 4163 δόξαν
863 4095 1039 4151 ταῦτα
1069 4095 1244 4160 καλεῖ,
1279 4094 1356 4156 ὡς
1385 4094 1481 4147 καὶ
1505 4092 1687 4147 πίονα
1723 4089 1910 4158 δόξης

330 4194 420 4248 τὸν
455 4192 661 4246 τούτων
691 4189 936 4259 βασιλέα.
981 4188 1066 4253 Ὦς
1102 4188 1208 4259 γὰρ
1247 4186 1543 4259 ήτετὰρτη
1590 4181 1700 4237 τῶν
1749 4183 1910 4235 Βασι-

329 4289 489 4343 λειῶν
522 4286 785 4349 διδάσκει,
819 4281 1223 4354 Σαλμανασσὰρ
1265 4278 1656 4352 ἐπολιόρκησεν
1692 4278 1777 4330 ἐπ’
1811 4276 1908 4348 ἔτη

330 4379 456 4450 τρία
511 4377 845 4447 Σαμάρειαν,
900 4367 1046 4426 εἷλέν
1094 4387 1153 4423 τε
1209 4369 1433 4440 ταύτην,
1478 4368 1575 4421 καὶ
1614 4367 1707 4420 τὸν
1750 4366 1907 4437 Ὠσηὲ

335 4466 638 4538 μετῴκισεν
669 4466 750 4529 είς
770 4462 1069 4518 Βαϐυλῶνα
1098 4459 1323 4530 βασιλέα
1342 4458 1547 4511 τούτων
1570 4456 1905 4528 ὑπάρχοντα.

2091 4088 2159 4144 Ει
2200 4090 2305 4144 hoc
2334 4090 2513 4159 ipsum
2538 4097 2643 4156 est,
2673 4088 2822 4158 quod
2845 4087 3075 4157 gloriam
3106 4089 3353 4160 quidem,
3386 4100 3445 4149 et
3474 4095 3595 4159 pi"-

2015 4182 2141 4254 guia
2191 4179 2399 4252 gloriae,
2442 4194 2625 4251 regem
2660 4194 2852 4235 eorum
2886 4179 3149 4249 appellat.
3192 4179 3261 4235 Ut
3301 4183 3450 4238 enim
3490 4186 3598 4243 Be-

2013 4288 2141 4344 gum
2170 4280 2376 4342 quarto
2421 4272 2677 4341 legimus,
2723 4269 3028 4326 Samariam
3080 4272 3258 4327 tribus
3304 4274 3469 4332 annis
3496 4279 3597 4334 ob-

2015 4378 2224 4421 sessam
2256 4363 2593 4435 expugnavit
2640 4361 3015 4431 Salmanasar,
3060 4362 3371 4437 Oseainque
3414 4382 3595 4440 regem

2014 4460 2137 4531 ejus
2166 4459 2313 4515 bello
2340 4468 2558 4528 captum
2593 4458 2649 4511 in
2677 4456 3030 4528 Babyloniam
3061 4461 3348 4516 transtulit
3388 4462 3455 4516 ".
3474 4462 3594 4520 Nisi

423 4520 498 4630 μή
532 4574 632 4611 που
660 4520 843 4610 πίονα
875 4554 1064 4622 δόξης
1098 4520 1226 4614 τοὺς
1269 4550 1512 4614 ἐνδόξους
1560 4520 1760 4621 ἄνδρας
1818 4549 1906 4603 καὶ

2017 4520 2204 4606 forsan
2237 4520 2463 4620 pinguia
2500 4547 2689 4620 gloriw
2732 4520 2991 4603 homines
3038 4548 3250 4606 divitiis
3296 4551 3598 4624 gloriaeque

334 4649 550 4719 πλούτῳ
581 4646 872 4716 κομῶντας
905 4646 1077 4714 λέγει,
1113 4645 1235 4707 ταῖς
1266 4658 1327 4695 τε
1377 4642 1529 4713 παρὰ
1574 4642 1791 4696 πάντων
1819 4640 1906 4713 βα-

2018 4643 2298 4709 tumidos,
2352 4651 2407 4698 et
2457 4651 2716 4711 tanquam
2797 4640 3137 4710 diﬂluentes,
3189 4643 3600 4716 honoribusque

331 4738 667 4811 ρυνομένους
696 4739 905 4807 τιμαῖς.
923 4734 1022 4787 Διὰ
1043 4734 1098 4786 δὲ
1121 4733 1221 4802 τῆς
1242 4729 1363 4785 τῶν
1383 4731 1709 4801 ἀσταχύων
1737 4747 1906 4801 παρα-

2022 4746 2219 4807 praeter
2257 4743 2487 4791 caeteros
2529 4732 2843 4790 cumulatas
2880 4733 3173 4807 intelligat.
3207 4734 3308 4791 Per
3334 4739 3600 4808 spicarum

332 4830 518 4900 ϐολῆς,
546 4830 629 4882 ἔτι
666 4827 724 4881 δὲ
758 4826 857 4880 καὶ
891 4824 1001 4894 τῆς
1060 4824 1271 4889 ἐλαίας
1304 4824 1402 4896 τὴν
1451 4821 1651 4876 ἄπονον
1709 4821 1906 4877 ἅλωσιν

2020 4834 2205 4882 autem
2250 4834 2305 4881 et
2333 4825 2483 4880 olivis
2518 4824 2961 4889 similitudinem,
2991 4827 3309 4895 perfacilem
3354 4830 3599 4901 Assyriis

331 4922 430 4995 τὴν
457 4920 564 4973 ὑπὸ
590 4919 699 4973 τῶν
737 4916 1038 4989 ’Δσσυρίων
1075 4916 1373 4986 παρίστησι
1418 4914 1727 4970 κοπτόντων
1778 4913 1906 4982 ἄδην

2018 4917 2484 4986 expugnationem
2527 4914 2644 4970 fore
2677 4915 2984 4986 signiﬁcat;
3032 4918 3236 4987 quibus
3271 4920 3347 4973 ita
3373 4920 3600 4990 impune

329 5013 457 5077 τοὺς
482 5011 702 5082 ἄνδρας,
722 5009 797 5073 ὡς
826 5008 922 5064 ἐπὶ
956 5007 1170 5079 θέρους,
1200 5007 1296 5060 καὶ
1318 5006 1551 5077 πληγαῖς
1585 5003 1808 5067 πολλαῖς
1837 5003 1906 5067 ὡς

2021 5005 2207 5062 hostes
2248 5005 2442 5060 cedere
2481 5006 2665 5071 liceat,
2710 5015 2878 5075 atque
2924 5007 3107 5077 spicas
3143 5008 3456 5077 demetere;
3512 5008 3599 5063 fu-

333 5105 420 5159 ἐπ’
447 5104 636 5168 ἐλαίας
653 5101 1018 5174 τρυγωμένης
1038 5112 1087 5167 ι,
1112 5101 1240 5163 τοὺς
1254 5097 1549 5169 πολεμίους
1581 5095 1906 5150 ἐλαυνόντων

2022 5098 2340 5166 gientesque
2382 5095 2589 5150 ictibus
2624 5096 2697 5149 ita
2733 5096 2946 5151 crebris
2982 5108 3167 5166 petere
3195 5106 3250 5153 et
3302 5099 3488 5161 ferire,
3542 5112 3599 5151 ιιι

331 5196 440 5251 τῶν
469 5170 990 5266 ἐπελθόντωνίᾶμα
1024 5191 1104 5259 δὲ,
1137 5191 1231 5246 καὶ
1268 5191 1329 5245 τὸ
1360 5191 1435 5262 μὴ
1460 5187 1743 5251 παντελῶς
1774 5188 1906 5241 ἀπο-

2023 5200 2146 5238 cum
2177 5185 2334 5239 olivae
2376 5184 2749 5239 decutiuntur.
2781 5185 2892 5240 Nec
2922 5186 2992 5241 ob
3037 5186 3092 5240 id
3120 5195 3303 5240 tamen
3350 5185 3600 5243 lunditm
3708 5170 3711 5177 ’

334 5288 544 5343 λεὶσθαι
581 5287 643 5343 τὸ
681 5288 859 5357 γένος.
889 5285 1077 5359 Βραχὺ
1116 5284 1227 5355 γάρ
1284 5300 1336 5336 τι
1392 5282 1600 5352 λεῖμμα
1658 5277 1906 5333 καταλει-

2026 5282 2241 5347 gentein
2282 5289 2406 5330 esse
2457 5274 2799 5346 perituram;
2849 5275 3070 5346 quando
3120 5276 3365 5346 reliquiae
3405 5276 3600 5333 breve.

334 5380 640 5453 φθήσεσθαι
673 5378 957 5448 καλάμην
985 5377 1175 5449 ὥσπερ
1214 5375 1433 5445 ἄτιμον,
1474 5370 1602 5434 τοὺς
1633 5367 1906 5423 διαλαθόν-

2027 5368 2157 5436 (non
2190 5365 2353 5419 aliter
2380 5379 2543 5434 quam
2568 5379 2693 5435 qua:
2734 5372 2858 5434 post
2882 5379 3117 5420 messem
3144 5365 3599 5437 neglectaajacent

334 5493 451 5541 τας,
478 5477 555 5541 ὡς
585 5475 671 5530 ἐπ’
698 5473 907 5537 ἐλαίας.
931 5472 1040 5527 τῶν
1066 5468 1395 5542 τρυγώντων
1423 5465 1549 5528 τοὺς
1579 5460 1906 5534 ὀφθαλμούς.

2029 5456 2281 5525 stipulis;
2307 5464 2402 5510 aut
2432 5472 2552 5527 quae
2581 5455 2637 5510 in
2668 5454 3012 5511 decutiendis
3039 5456 3201 5513 olivis
3236 5458 3595 5515 collectorum

406 5616 449 5647 ”
494 5612 690 5668 Matth.
727 5625 887 5679 χχιιι,
913 5611 1007 5666 37.
1083 5607 1128 5642 ”
1157 5605 1349 5661 Matth.
1386 5620 1504 5671 χιιι,
1539 5606 1594 5659 5.
1672 5602 1719 5632 "
1848 5602 1906 5657 Ib

2048 5596 2143 5651 ει.
2218 5596 2261 5627 ⁷⁸
2298 5594 2366 5649 ιν
2417 5595 2549 5665 Reg.
2599 5610 2731 5661 xvu,
2763 5593 2850 5649 18.

1629 5713 1867 5769 VARUE
1897 5709 2193 5769 LECTION
2205 5709 2309 5766 ES.

410 5835 433 5864 ⁸
468 5826 555 5878 ισ.
583 5822 809 5887 πολλαῖς
840 5822 967 5890 τοὺς
997 5816 1287 5889 πολεμίους
1316 5813 1641 5876 ἐπελθόντας
1671 5811 2028 5877 ἐλαυνόντων,
2060 5810 2132 5873 ὡς
2171 5808 2256 5861 ἐπ’
2295 5806 2478 5871 ἐλαίας
2501 5810 2884 5881 τρυγωμὲνης.

3630 1382 3660 1429 Ι.
