4022 6210
428 322 567 386 2127

1767 327 2121 391 PROCOPII
2151 326 2393 389 GAZtEI

3551 325 3697 391 2128

378 455 389 467 ο
425 434 617 490 oculos
656 431 942 506 emugiunt)
983 438 1348 504 superfuturas
1391 437 1537 503 sint;
1580 452 1701 509 qua:
1731 446 1912 494 tamen
1957 452 1994 494 el

2116 430 2503 502 Παιδευθέντες
2531 436 2588 492 δέ
2620 455 2782 509 φησιν
2812 435 3202 506 ἐπιγνώσονται
3228 436 3453 509 Κύριον.
3482 440 3575 493 Διὸ
3599 441 3697 495 καὶ

426 527 561 596 ipsa:
601 525 767 580 Deum
810 533 1000 595 postea
1041 532 1365 597 agnoscent,
1397 526 1472 580 ob
1501 527 1712 597 idquea
1749 527 1920 584 Paulo
1938 531 2006 584 ad

425 617 731 673 doctrinam
764 614 1045 672 ferendam
1088 616 1394 672 invitantur
1426 620 1492 673 ⁷³.
1528 617 1663 673 Cum
1696 620 1842 675 enim
1873 636 2005 691 pro-

423 709 605 780 phetis
643 707 832 764 divina
874 708 1221 781 benignitate
1264 712 1729 768 concionautibus
1776 713 2005 771 minime

359 840 367 847 -
421 800 828 865 credidissent;
861 801 957 857 sed
991 802 1045 855 in
1083 802 1275 868 Deum,
1314 810 1587 874 tanquam
1624 803 2002 873 iumentorum

360 930 387 938 .-
420 893 556 964 pulli
585 893 900 963 petulanter
932 907 990 947 se
1025 894 1374 963 gessissent;
1407 902 1462 949 et
1494 894 1559 949 ad
1607 894 1781 965 ipsum
1812 894 2000 961 etiam,

366 983 567 1052 ,iquod
612 981 762 1053 apud
801 981 1063 1037 Davidem
1113 983 1369 1053 legimus,
1415 984 1545 1039 dum
1592 1004 1612 1036 ι
1653 985 1707 1039 in
1756 1000 1916 1040 came
1954 993 2009 1041 et

391 1071 579 1129 ~freno
626 1072 883 1127 maxillas
926 1087 1118 1126 eorum
1168 1073 1496 1144 constringe
1541 1076 1606 1139 ’³,
1654 1094 1671 1127 ι
1719 1077 1819 1142 ait,
1860 1076 2008 1147 passi

408 1174 570 1230 sunt,
616 1179 829 1236 suaque
876 1163 1098 1219 tandem
1142 1165 1328 1235 agnita
1377 1165 1688 1235 impietate,
1734 1182 1843 1222 non
1888 1168 2010 1223 sine

2115 529 2327 593 Παῦλος
2364 530 2444 593 εἰς
2479 528 2728 583 παιδείαν
2766 527 3058 598 ὑπομένειν
3092 528 3541 598 παρακελεύεται.
3568 531 3699 595 Τοῖς

2114 620 2224 691 γάρ
2253 620 2562 692 προφήταις
2590 621 2653 674 ἐκ
2680 618 3093 690 φιλανθρωπίας
3123 620 3258 674 Θεοῦ
3284 620 3357 692 μὴ
3380 621 3697 686 πεισθέντες

2117 712 2473 784 κηρύττουσι,
2504 712 2597 766 τοῦ
2623 711 2680 765 δὲ
2727 699 2864 764 Θεοῦ
2904 711 3157 782 καθάπερ
3188 713 3357 767 πῶλοι
3387 731 3693 785 κατασκιρ-

2110 806 2378 875 τήσαντες
2400 803 2602 858 ἔπαθον
2630 804 2657 857 δ
2674 804 2738 875 δή
2771 821 2908 875 φησι
2938 805 3031 859 καὶ
3058 804 3275 871 Δαϐὶδ,ι
3298 806 3386 859 Ἐν
3412 806 3576 877 κημῷ
3598 807 3692 860 καὶ

2110 897 2313 969 χαλινῷ
2334 896 2435 962 τὰς
2468 897 2723 966 σιαγόνας
2749 898 2929 952 αὐτῶν
2952 897 3138 967 ἀγξεις
3168 916 3187 950 ι
3211 899 3381 951 εἰπών
3400 913 3412 924 ⁸
3437 900 3532 953 καὶ
3563 916 3692 953 κατ-

2108 989 2415 1058 εγνωκότες
2450 989 2659 1043 ἑαυτῶν
2693 991 2789 1062 τῆς
2838 991 3094 1053 ἀσεϐείας
3129 992 3465 1060 ἀπέστησαν.
3498 993 3691 1044 Μακα-

2110 1081 2375 1153 ριώτερον
2406 1082 2462 1137 δὲ
2498 1083 2559 1136 τὸ
2592 1083 2699 1153 πρὸ
2735 1084 2931 1155 πείρας
2959 1083 3165 1148 κακῶν,
3196 1082 3579 1152 ἐπιγινώσκειν
3597 1084 3691 1137 τὸν

2109 1173 2337 1241 Κύριον.

418 1257 764 1327 paenitudine
792 1256 861 1311 ab
909 1270 972 1310 ea
1007 1264 1361 1310 recesserunt
1401 1272 1414 1309 :
1459 1256 1626 1328 249
1654 1273 1792 1328 quos
1814 1265 2001 1313 tamen
2042 1272 2173 1319 ante
2239 1279 2437 1335 prunas
2498 1266 2849 1337 resipiscere,
2899 1266 3179 1336 Deumque
3223 1280 3522 1337 agnoscere
3566 1265 3695 1318 bea-

418 1351 533 1409 tius
557 1351 883 1408 exstitisset.

484 1444 756 1501 Cmterum
796 1443 1396 1509 Amorrhwos'imitati,
1430 1444 1618 1498 eadem
1658 1459 1783 1498 cum
1819 1446 1998 1501 illiset

418 1538 508 1595 isti
548 1552 773 1609 quoque
792 1536 1116 1607 passisuut,
1142 1536 1270 1591 dum
1302 1537 1429 1591 victi
1464 1552 1627 1606 saepe,
1661 1553 1806 1607 saepe
1831 1538 1997 1612 etiam

415 1631 656 1684 victores
700 1628 834 1699 (Deo
880 1628 1141 1681 nimirum
1188 1636 1384 1683 conlra
1453 1628 1606 1698 ipsos
1656 1630 1817 1694 alias,
1865 1630 2002 1686 alias

415 1721 579 1776 etiam
607 1735 708 1790 pro
738 1718 875 1789 ipsis
905 1720 1112 1788 stante)
1141 1728 1464 1776 evaserunt.
1498 1721 1679 1791 Atque
1716 1726 1831 1778 haec
1877 1723 2000 1779 ideo

2174 1449 2567 1521 Μιμησαμένοι
2596 1447 2651 1501 δὲ
2684 1448 2825 1514 τοὺς
2868 1447 3273 1517 Ἀμοῤῥίιίονα
3302 1445 3442 1516 άπερ
3491 1447 3689 1500 ἐκεῖνοι

2105 1541 2443 1595 πεπόνθασιν
2476 1537 2687 1602 ἑλόντες
2716 1538 2953 1610 ἀμογητὶ
2982 1540 3075 1591 καὶ
3109 1538 3387 1599 παθόντες.
3422 1537 3552 1589 ποτὲ
3587 1538 3688 1606 μὲν

2105 1632 2245 1703 ὑπὲρ
2272 1630 2471 1695 αὐτῶν,
2507 1627 2933 1702 ἐπικουροῦντος
2970 1628 3129 1681 Θεοῦ.
3161 1628 3238 1679 Δι’
3275 1627 3439 1697 ἅπερ,
3475 1626 3549 1690 ὦς
3578 1644 3689 1697 φι-

2107 1740 2211 1783 σιν,
2230 1722 2502 1793 ἠσέϐησαν
2535 1721 2783 1794 ὕστερον,
2816 1720 2981 1793 μηδὲν
3003 1713 3077 1773 ὧν
3101 1718 3289 1790 πρώην
3320 1719 3688 1790 εὐηργέτηντο

416 1810 720 1879 contigisse
751 1809 968 1874 volunt,
1021 1810 1167 1881 quod
1204 1811 1601 1867 beneﬁciorum
1643 1824 1994 1883 acceptorum

2103 1814 2652 1884 μνημονεύσαντεξ,
2683 1812 2881 1885 μικροῦ
2910 1829 2971 1881 γε
2996 1811 3158 1866 πάλιν
3183 1813 3303 1873 ταῖς
3325 1812 3430 1863 τῶν
3450 1808 3687 1864 εἰδώλων

414 1904 745 1956 immemores
775 1916 842 1956 eo
869 1900 1205 1956 devenerant
1241 1901 1564 1971 impietatis,
1598 1910 1868 1973 utparqu
1896 1905 1994 1959 ab-

418 1996 603 2060 fuerit,
650 1994 787 2065 qnin
844 1993 1118 2048 idolorum
1177 1994 1385 2050 vitulos
1431 1995 1852 2065 compellando,
1905 2010 2001 2052 eos

415 2104 539 2143 esse
593 2088 728 2141 deos
760 2086 905 2150 illos,
939 2100 969 2138 a
1008 2086 1211 2158 quibus
1240 2085 1307 2141 de
1346 2094 1491 2140 terra
1522 2085 1741 2157 [Egypti
1766 2086 1999 2141 eductus

412 2190 561 2235 esset
607 2179 800 2245 Israel,
836 2178 1099 2233 dixerint.
1145 2176 1259 2233 Deo
1301 2178 1447 2232 enim
1490 2179 1795 2232 auxiliante
1821 2222 1835 2244 ,
1879 2193 2002 2249 quae

407 2280 543 2327 sunt
594 2272 653 2325 in
709 2270 871 2326 nobis
911 2278 1142 2342 gentes,
1188 2284 1396 2341 eosque
1444 2271 1634 2334 etiam,
1690 2270 1783 2340 qui
1835 2270 2000 2340 hujus

413 2363 993 2419 tuundixtenebrarum
1028 2369 1358 2433 potestatem
1393 2362 1579 2418 sortiti
1610 2372 1766 2426 sunt,
1800 2362 1874 2416 ita
1902 2378 1999 2418 su-

411 2469 709 2524 peramus,
754 2462 815 2509 ut
858 2468 969 2509 non
1011 2453 1386 2509 dominatoris
1427 2453 1662 2523 spiritus
1711 2455 1891 2508 locum
1945 2457 1999 2508 in

415 2548 578 2604 nobis
616 2547 879 2618 reperiat.
925 2546 1132 2603 Verum
1190 2547 1522 2612 simulatque
1560 2545 1672 2602 Deo
1706 2546 1866 2601 inniti
1906 2546 1999 2602 de-

413 2638 698 2704 sierimus,
752 2646 1015 2708 tanquam
1050 2637 1255 2693 inﬁrmi
1288 2645 1343 2692 et
1372 2638 1554 2710 ignavi
1604 2636 1838 2708 pedibus
1880 2638 1952 2692 ho
1975 2666 2001 2677 -

390 2732 581 2787 -stium
600 2728 1233 2787 conculcamurrbeinde
1266 2746 1484 2787 errasse
1510 2731 1792 2787 lsraelitas
1814 2738 1999 2787 osten-

412 2823 513 2889 dit,
563 2824 659 2894 qui
721 2837 1023 2879 numeroso
1063 2824 1312 2879 exercitu
1362 2822 1605 2889 confusi,
1658 2830 1922 2893 tanquam
1968 2836 1999 2876 a

412 2915 565 2971 nullo
613 2916 827 2986 percuti
872 2924 928 2971 et
966 2914 1221 2985 superari
1257 2923 1508 2986 possent,
1542 2931 1606 2970 ea
1641 2930 1739 2985 spe
1770 2915 1997 2971 excide-

412 3005 559 3072 rint;
597 3005 745 3076 quod
788 3014 973 3061 autem
997 3005 1190 3075 patria:
1214 3004 1479 3069 restituti,
1524 3003 1599 3059 ibi
1647 3019 1773 3059 cum
1810 3004 1998 3061 liberis

412 3099 469 3153 in
511 3099 625 3152 otio
667 3107 722 3153 et
770 3112 901 3168 pace
947 3098 1229 3162 vixerunt,
1286 3112 1419 3152 vero
1468 3095 1562 3151 Dei
1605 3096 1802 3162 cultui,
1832 3112 1995 3166 quem

2105 1905 2389 1977 εἰρηκότες
2427 1903 2744 1975 δαμάλεσιν,
2794 1898 3015 1957 οῦτοιοί
3066 1900 3179 1954 θεοί
3227 1917 3320 1954 σου
3364 1901 3602 1971 Ἰσραὴλ,
3633 1901 3690 1954 οἴ

2092 2008 2249 2058 τινες
2274 1994 2549 2066 ἀνήγαγόν
2582 2012 2640 2048 σε
2675 1997 2739 2049 ὲκ
2766 1997 2869 2066 γῆς
2899 1994 3198 2061 Αἰγύπτου.
3222 1988 3377 2048 Μετά
3407 1993 3541 2046 Θεοῦ
3574 1990 3685 2064 γάρ

2104 2090 2345 2157 νικῶμεν
2379 2087 2509 2159 ἔθνη
2541 2087 2612 2141 τὰ
2646 2090 2701 2140 ὲν
2733 2089 2887 2158 ἡμῖν,
2938 2086 3186 2149 καὶτοὺς
3233 2088 3683 2155 κοσμοκράτορας

2103 2180 2198 2234 τοῦ
2239 2182 2484 2246 σκότους,
2524 2179 2618 2233 καὶ
2650 2178 2710 2231 τὸ
2753 2177 2972 2248 πνεῦμα
3020 2176 3115 2230 τοῦ
3154 2175 3556 2241 ὲξουσιάζοντος
3581 2174 3682 2247 οὖχ

2103 2274 2328 2346 εὑρήσει
2372 2274 2536 2326 τόπον
2589 2273 2646 2324 ὲν
2677 2272 2829 2341 ἡμῖν.
2872 2269 3242 2341 Ἦμεληκότες
3274 2269 3329 2322 δὲ
3386 2268 3479 2321 τοῦ
3515 2284 3683 2339 προσ-

2104 2367 2316 2422 κεῖσθαι
2366 2366 2507 2437 Θεῷ,
2540 2361 2788 2428 ἀσθενεῖς
2836 2381 2896 2417 τε
2953 2363 3048 2417 καὶ
3093 2362 3343 2433 ἄνανδροι
3372 2364 3483 2424 τοῖς
3522 2367 3681 2415 ποσὶν

2102 2458 2548 2528 ὑποκεισόμεθα
2574 2457 2683 2510 τῶν
2701 2455 2933 2527 ἐχθρῶν.
2958 2451 3091 2507 Εἶτα
3109 2454 3380 2508 δείκνυσιν
3409 2454 3484 2518 ὡς
3506 2454 3679 2509 ἐπλα-

2103 2551 2347 2624 νήθησαν
2379 2551 2428 2604 οἱ
2475 2549 2536 2615 ἐξ
2560 2548 2774 2621 Ἰσραὴλ
2806 2550 2872 2619 τῇ
2905 2546 3229 2618 πολυχειρίᾳ
3275 2545 3678 2618 θαρρήσαντες,

2102 2645 2179 2710 ῶς
2210 2643 2439 2717 μηδενὸς
2466 2642 2662 2706 αὐτοὺς
2695 2640 3052 2707 πατάξοντος,
3093 2638 3186 2692 καὶ
3217 2638 3318 2708 τῆς
3346 2638 3559 2701 ἐλπίδος
3598 2636 3681 2691 δι-

2102 2738 2370 2809 ήμαρτον.
2429 2734 2518 2799 Ὠς
2574 2733 2630 2787 δὲ
2694 2734 2792 2803 τῆς
2852 2732 3233 2803 αἰχμαλωσίας
3283 2730 3569 2801 ρυσθέντες
3618 2731 3683 2783 ἐν

2116 2827 2473 2899 Ἰερουσαλὴμ
2492 2828 2556 2897 τῇ
2582 2826 2724 2880 κατά
2750 2825 2882 2877 Θεὸν
2905 2823 3132 2896 λατρεία
3155 2822 3504 2895 προσέκειντο
3526 2820 3682 2876 αὐτοί

2100 2940 2159 2976 τε
2192 2923 2287 2976 καὶ
2320 2921 2508 2984 παῖδες
2539 2923 2597 2973 ἐν
2635 2918 2905 2988 ἀσφαλείᾳ
2939 2913 3291 2988 κατῴκησαν,
3330 2915 3400 2969 Τὸ
3425 2917 3531 2985 γάρ
3560 2913 3682 2968 σὸν

2101 3014 2341 3084 σπέρμα
2372 3016 2466 3067 καὶ
2496 3013 2556 3066 τὸ
2583 3012 2672 3064 σὸν
2700 3011 2875 3079 γένος,
2903 3008 3089 3080 φησὶν,
3118 3007 3380 3061 ἄπιστον
3400 3005 3551 3059 ἔσται
3583 3005 3681 3060 καὶ

2102 3104 2369 3177 σφαλερὸν
2423 3101 2773 3165 ἀπειθοῦντος
2824 3100 2975 3170 Θεῷ’
3026 3097 3330 3170 πληθυνθέν
3371 3098 3480 3168 γάρ
3521 3097 3682 3150 τοῦτο

410 3190 520 3261 ipsi
550 3192 795 3261 amplexi
831 3199 985 3257 sunt,
1030 3206 1155 3247 esse
1182 3192 1557 3248 tribuendum.
1600 3191 1791 3261 Neque
1824 3192 1994 3256 enim,

2103 3197 2324 3267 θεωρῶν
2366 3193 2700 3265 ὲπλανὴθης,
2736 3193 2811 3257 ὡς
2850 3192 3113 3263 ὑπάρχων
3164 3190 3459 3251 ἀνάλωτος.
3516 3187 3680 3241 Ἀλλά

403 3283 461 3337 si
492 3280 602 3337 Deo
631 3297 741 3336 non
760 3297 958 3352 pareas
980 3283 1081 3348 ait,
1124 3297 1299 3336 semen
1325 3292 1497 3347 tuum,
1530 3291 1582 3337 et
1612 3297 1785 3352 genus
1816 3279 1994 3351 ﬁdele,

2103 3282 2737 3354 πεσοῦνται,φησὶ,δίκην
2758 3282 3083 3350 ἀσταχύων
3107 3281 3434 3349 κειρόμενοι.
3468 3277 3592 3330 Ἐὰν
3618 3276 3680 3330 δὲ

411 3385 468 3431 et
498 3383 760 3430 constans
796 3389 923 3430 esse
962 3382 1150 3445 queat.
1178 3374 1328 3430 Cum
1374 3378 1518 3430 enim
1561 3373 1993 3444 multiplicatum

2103 3378 2155 3433 τὸ
2173 3376 2317 3449 πρωῒ
2334 3376 2562 3449 σπείρῃς
2582 3374 2823 3445 γεγονὼς
2848 3376 2905 3427 ὲν
2952 3373 3112 3445 φωτὶ,
3133 3373 3222 3425 τὸν
3247 3370 3489 3434 σώζοντα
3519 3370 3679 3437 μόνον

410 3463 548 3519 illud
576 3479 699 3519 esse
724 3464 967 3529 videres,
991 3465 1231 3531 errasti;
1267 3472 1533 3534 tanquam
1553 3462 1861 3534 expugnari
1889 3475 1994 3517 non

2103 3470 2271 3535 εἰδὼς,
2286 3470 2407 3523 τότε
2433 3484 2513 3521 σοι
2538 3468 2600 3520 τὸ
2627 3467 2833 3539 σπαρεν
2860 3464 3386 3535 τελεσφορηθήσεται
3413 3462 3488 3532 μὴ
3513 3461 3678 3515 ἀπολ-

412 3572 630 3629 posscs.
677 3556 781 3613 Sed
831 3560 1099 3626 spicarum
1152 3559 1208 3613 in
1256 3573 1462 3614 murem
1504 3572 1811 3613 messorum
1857 3556 1994 3612 falce

2103 3561 2321 3633 λύμενον
2348 3561 2543 3633 ἄωρον.
2569 3558 2681 3613 Καὶ
2714 3556 3107 3628 παραπέμψεις
3134 3557 3213 3619 είς
3242 3555 3396 3619 υἱοὺς
3421 3554 3671 3624 καθάπερ

411 3652 726 3708 concident.
767 3650 865 3707 Sin
898 3660 1080 3708 autem
1101 3668 1261 3707 mane
1295 3653 1682 3720 seminaveris,
1717 3651 1770 3707 id
1800 3660 1909 3719 est,
1942 3651 1991 3707 si

2103 3655 2217 3709 τινά
2250 3653 2451 3725 κλῆρον
2501 3652 2601 3722 τὴν
2635 3650 2922 3722 εὐθυμίαν,
2958 3651 3051 3704 καὶ
3091 3651 3190 3721 τῆς
3219 3647 3426 3703 ἀνωθεν
3453 3648 3676 3701 intueo-

417 3750 474 3802 in
526 3744 650 3799 luce
691 3754 944 3801 versatus
975 3743 1043 3799 ad
1084 3742 1424 3799 Salvatorem
1464 3760 1632 3799 unum
1674 3746 1992 3816 aspexeris,

2105 3746 2229 3817 ρίας
2261 3744 2359 3816 τὴν
2391 3744 2634 3817 μέθοδον.
2694 3789 2704 3798 .

406 3839 528 3889 tum
548 3832 859 3904 ~tibi,quod
876 3833 1217 3890 seminatum
1249 3842 1356 3899 est,
1385 3849 1494 3890 non
1528 3845 1657 3890 ante
1700 3835 2072 3890 maturitatem
2102 3843 2429 3907 praereptum
2468 3836 2669 3907 perire,
2728 3833 2826 3890 sed
2892 3833 3083 3904 perlici
3147 3834 3449 3905 continget.
3501 3834 3677 3903 Atque

416 3930 495 3986 iis
525 3928 695 3983 animi
731 3926 1184 3999 tranquillitatem
1223 3928 1558 3999 supernique
1591 3942 1621 3981 a
1650 3924 1772 3982 ‘Deo
1806 3928 2137 3999 impetrandi
2166 3929 2359 3984 auxilii
2432 3928 2601 3994 viam,
2663 3936 2925 3998 tanquam
2992 3926 3368 3982 haereditatem
3434 3925 3676 3996 aliquam

408 4024 553 4079 Illiis-
567 4024 804 4092 apertos.

476 4112 641 4184 250
664 4112 831 4169 Vsus.
857 4114 1047 4168 lﬁ-M.
1119 4115 1205 4169 Vw
1236 4114 1567 4169 multitudini
1593 4116 1820 4185 gentium
1847 4115 1990 4169 mnt-

408 4214 605 4257 tarum.
656 4202 805 4258 Sicut
848 4219 993 4259 mare
1051 4204 1355 4273 ﬂuctuans,
1408 4205 1487 4258 sic
1548 4203 1895 4257 turbabimini
1938 4212 1987 4258 et

404 4297 656 4351 humerus
688 4298 920 4367 gentium
962 4299 1278 4362 multarum,
1318 4306 1570 4367 tanquam
1600 4312 1739 4367 aqua
1768 4284 1987 4351 resona-

405 4393 502 4447 bit.
538 4389 811 4462 Tanquam
835 4406 974 4461 aqua
997 4389 1396 4460 multa,*gentes
1418 4388 1641 4454 inultae;
1665 4388 1818 4458 quasi
1836 4402 1986 4458 aqua

404 4484 589 4538 multa:
616 4484 665 4537 vi
697 4480 969 4551 impulsa,
998 4489 1111 4537 etc.

477 4574 759 4644 Explicata
790 4574 1037 4645 gentium
1065 4574 1450 4639 conversione,
1481 4570 1904 4641 Judazorumque
1930 4570 1987 4626 in

402 4666 682 4723 Christum
714 4665 1025 4735 pervicacia
1051 4704 1064 4729 ,
1101 4663 1171 4719 ad
1198 4679 1317 4720 eam
1352 4678 1411 4719 se
1429 4663 1540 4732 jam
1576 4663 1985 4717 multitudinem

2091 4100 2105 4137 "
2172 4113 2357 4185 ιβ’-ιδ’.
2406 4110 2549 4165 Οὐαὶ
2599 4106 2834 4177 πλῆθος
2879 4104 3069 4161 ἐθνῶν
3109 4104 3375 4160 πολλῶν.
3426 4103 3523 4169 Ὠς
3562 4107 3673 4161 θά-

2094 4202 2302 4260 λασσα
2358 4202 2763 4271 κυμαίνουσα,
2815 4198 2970 4252 οὕτω
3015 4195 3491 4266 ταραχθήσεσθε.
3562 4199 3672 4252 Καὶ

2094 4297 2284 4362 νῶτος
2311 4291 2499 4348 ἐθνῶν
2527 4290 2796 4354 πολλῶν,
2825 4291 2905 4357 ὡς
2938 4288 3095 4357 ὕδωρ
3122 4288 3363 4357 ὴχήσει.
3394 4289 3492 4355 Ὠς
3519 4289 3671 4357 ὕδωρ

2092 4386 2274 4450 πολὺ,
2297 4385 2441 4454 ἔθνη
2473 4383 2695 4439 πολλὰ.
2734 4383 2829 4449 Ὠς
2854 4383 3073 4448 ὓδατος
3102 4380 3335 4435 πολλοῦ
3355 4380 3468 4449 ,βίᾳ
3496 4395 3672 4435 κατα-

2092 4474 2445 4545 φερομένου,
2469 4488 2526 4526 κ.
2549 4489 2600 4525 τ.
2633 4470 2682 4525 λ.

2162 4564 2346 4619 Εἰπὼν
2369 4563 2479 4617 τῶν
2528 4560 2700 4615 ἐθνῶν
2744 4559 2841 4631 τὴν
2879 4557 3235 4629 ἐπιστροφὴν,
3267 4555 3363 4609 καὶ
3394 4554 3492 4626 τὴν
3539 4554 3673 4607 Ἰου-

2091 4663 2255 4717 δαίων
2283 4663 2364 4723 είς
2398 4657 2635 4730 Χριστὸν
2668 4655 2951 4721 ἀπιστίαν,
2999 4652 3313 4725 μεταϐαίνει
3347 4649 3670 4704 τούντεῦθεν

405 4761 706 4825 convertit,
735 4775 856 4829 quae
881 4758 1159 4823 Damasci,
1187 4755 1671 4826 caeterisquelocis
1692 4755 1982 4825 perfidiam

2103 4752 2184 4807 tul
2205 4751 2274 4805 τά
2302 4749 2485 4821 πλήθη
2520 4749 2629 4802 τῶν
2661 4750 2718 4801 ὲν
2759 4748 2899 4816 αὐτῇ
2939 4742 3233 4814 Δαμασκῷ
3258 4743 3353 4795 καὶ
3396 4744 3516 4805 ταῖς
3557 4742 3670 4829 λοι-

406 4866 636 4909 servans
663 4893 677 4916 ,
722 4850 934 4905 Christi
987 4850 1287 4904 Ecclesium
1336 4855 1485 4902 esset
1550 4854 1985 4917 oppugnatura:

404 4960 592 5018 quam,
629 4945 767 4998 sicut
807 4959 952 4996 mare
993 4940 1242 5010 ﬂuctibus
1278 4942 1565 5010 agitatum,
1600 4952 1725 4992 cum
1748 4934 1985 4992 idolola-

402 5043 511 5093 tria
539 5037 826 5090 liberatam
860 5033 927 5087 ad
958 5030 1243 5101 Evangelii
1275 5029 1724 5101 praedicationem
1761 5027 1982 5081 admitti

404 5127 726 5197 contigerit,
772 5124 1153 5178 conturbatum
1195 5123 1285 5185 iri.
1331 5122 1724 5190 multarumque
1748 5120 1981 5189 gentium

404 5217 882 5282 humerum,-velut
930 5230 1125 5286 aquam
1173 5215 1404 5268 sonitum
1449 5212 1716 5266 edituram
1758 5227 1873 5265 esse
1910 5211 1984 5265 si-

404 5314 645 5384 gnificat.
678 5312 777 5369 ‘Ut-
817 5310 965 5365 enim
1005 5308 1172 5363 maris
1214 5316 1360 5378 terga
1392 5320 1516 5360 cum
1555 5305 1737 5359 ventis
1762 5303 1981 5370 agitan-

409 5415 779 5467 tut‘,‘snrsum
811 5405 1121 5465 elevantur,
1148 5407 1203 5453 et
1237 5398 1415 5451 sonitu
1452 5411 1613 5450 aures
1641 5393 1981 5448 audientium

407 5496 747 5563 obtundant,
788 5497 871 5551 sic
902 5495 1092 5564 qttmitt
1126 5490 1515 5546 incredulitate
1547 5487 1811 5542 remansit
1850 5485 1982 5539 mut-

412 5588 603 5650 titudo,
629 5588 674 5642 si
702 5588 772 5639 ab
811 5585 1177 5641 invisibilibus
1209 5581 1450 5652 gentibus
1485 5587 1743 5644 vexetur,
1788 5584 1980 5637 eorum

486 5750 531 5793 "
581 5756 748 5815 Hebr.
787 5769 882 5823 xtl,
924 5756 1013 5811 “25.
1097 5752 1140 5785 ⁷³
1185 5750 1330 5806 Psal.
1381 5764 1531 5813 xxxi,
1588 5747 1651 5807 9.,

2093 4843 2223 4904 παῖς
2254 4820 2460 4909 χώραις
2492 4839 2549 4889 ἐν
2591 4834 2824 4905 ἀπιστίᾳ
2864 4834 3185 4903 μεινάντων,
3231 4828 3534 4899 μελλόντων
3562 4820 3668 4878 ’πο-

2090 4934 2379 5003 λιορκῆσαι
2409 4929 2509 5002 τὴν
2551 4927 2879 4997 Ἐκκλησίαν
2912 4922 3176 4995 Χριστοῦ,
3207 4924 3255 4975 οἱ
3306 4920 3397 4974 καὶ
3447 4923 3667 4982 κλονηο

2091 5024 2379 5093 θήσονται
2421 5021 2838 5091 κυμαινούσης
2890 5016 3070 5084 δίκην
3115 5013 3416 5080 θαλάττης
3464 5012 3555 5065 ἐπὶ
3588 5009 3670 5079 τῷ.

2090 5112 2404 5186 κηρύγματι
2436 5111 2516 5182 τῷ
2555 5108 2897 5179 εύαγγελικῷ
2925 5106 3260 5177 ξενιζόμενοι
3311 5101 3657 5172 καθαιροῦντι

2089 5207 2188 5279 τὴν
2212 5205 2674 5276 εἰδωλολατρείαν.
2713 5202 2825 5256 Καὶ
2864 5200 3053 5265 νῶτος
3087 5198 3279 5254 ἐθνῶν
3308 5194 3554 5251 πολλῶν
3585 5193 3666 5258 ὡς

2091 5298 2247 5367 ὕδωρ
2282 5295 2524 5366 ἠχήσει.
2571 5296 2660 5358 Ὠς
2690 5294 2797 5366 γαρ
2828 5292 3123 5359 θαλάττης
3149 5288 3307 5343 νῶτα
3334 5285 3662 5359 μετεωρίζε-

2088 5407 2181 5443 ται
2218 5391 2329 5451 τοῖς
2359 5386 2663 5456 πνεύμασιν
2707 5384 3059 5453 ἀνιστάμενα,
3094 5382 3186 5434 καὶ
3211 5378 3289 5445 τῷ
3338 5377 3468 5445 ἤχῳ
3495 5389 3669 5427 κατα-

2089 5482 2288 5536 κτυπεῖ
2313 5482 2439 5543 τοὺς
2494 5478 2828 5541 ἀκούοντας’
2878 5475 3022 5530 οὕτω
3078 5476 3150 5527 τὰ
3210 5472 3411 5537 πλήθη
3454 5466 3561 5521 τῶν
3606 5466 3667 5520 ὲν

2088 5573 2319 5645 ἀπιστίᾳ
2351 5572 2671 5641 μεινάντων,
2708 5570 2811 5623 ὑπὸ
2845 5567 2952 5622 τῶν
3001 5566 3248 5636 ἀοράτων
3294 5558 3485 5618 ἐθνῶν
3511 5557 3657 5627 ἔνερ-
