4022 6210
1573 224 1637 237 ιιι.
1650 214 1839 237 iw,

335 345 474 410 2129

1492 337 1641 398 COM
1651 332 2036 397 ΜΕΝΤΑΒΙΙ
2069 332 2151 394 ΙΝ
2191 329 2498 394 ISAIAM.2

3451 316 3615 380 2130’

333 467 597 534 γούμενα,
633 462 774 518 κατὰ
804 461 902 530 τῆς
945 458 1268 529 Ἐκκλησίας
1303 457 1523 526 ήχήσει
1566 455 1665 527 τὴν
1703 452 1897 507 ἐπανξίιΔ
1937 474 1949 512 Α

2052 449 2277 504 dversus
2302 442 2608 502 Ecclesiam
2639 439 2999 496 rebellionem
3030 445 3084 494 et
3110 434 3373 506 impetum
3411 432 3592 485 sonitu

334 572 556 611 στασινο
590 547 663 607 ὧν
707 552 856 622 δηλοί
885 551 1009 614 τοὺς
1061 550 1158 619 μὲν
1192 548 1396 619 θυμοὺς
1440 549 1478 616 ἡ
1528 547 1910 615 κυμαίνουσα

333 648 621 706 θάλαττα.
640 646 735 707 τὰς
758 644 813 697 δὲ
843 643 983 698 κατά
1006 642 1111 695 τῶν
1136 640 1343 694 πιστῶν
1370 640 1600 702 ἀπειλὰς
1627 638 1692 692 τὸ
1715 636 1913 705 ἠχοῦν-

333 741 516 807 ὖδωρ.
550 738 625 792 Τὸ
665 738 722 791 δὲ
757 737 889 803 ,βίᾳ⁴
902 736 1234 806 φερόμενον
1268 735 1444 802 ὕδωρ,
1475 733 1552 796 ὼς
1589 730 1677 800 ὑφ’
1709 731 1913 801 ἐτέρων

336 828 721 902 ἐνεργούμενοι
753 826 994 896 τολμῶσι
1036 825 1209 879 ταῦτα
1239 823 1381 878 κατὰ
1404 822 1504 891 τῆς
1558 820 1913 889 Ἐκκλησίας,

334 918 410 978 ὧν
435 923 496 977 τὸ
534 922 685 984 τέλος
722 918 898 989 δηλῶν
936 917 1154 986 ἐπάγει.
1188 916 1296 971 Kal
1338 913 1771 983 ἁποσκορακιεῖ
1809 913 1915 967 αὐ-

339 1016 467 1079 τὸν,
503 1013 647 1068 κατά
688 1012 745 1065 δὲ
779 1012 871 1064 τὸν
902 1009 1154 1063 Ἀκύλαν’
1198 1006 1635 1077 Ἐπιτιμήσειεν
1661 1003 1843 1070 αὐτῷ,
1883 1003 1917 1073 ἢ

339 1103 762 1175 ἐμϐριμήσεῒαι
791 1100 933 1155 κατὰ
963 1100 1284 1169 Σύμμαχον·
1327 1097 1590 1167 δηλονότι,
1615 1095 1692 1165 τῷ
1724 1094 1919 1163 πλήθει

341 1199 452 1252 τῶν
482 1196 726 1251 ἀπίστων
756 1192 946 1255 ἐθνῶν,
977 1192 1070 1245 καὶ
1104 1191 1183 1260 τῷ
1207 1190 1416 1252 τούτοις
1459 1187 1769 1258 ἐνεργοῦντι
1805 1186 1922 1238 διαο

345 1289 506 1353 ϐόλῳ,
541 1287 635 1348 Τίς
664 1286 721 1338 δὲ
766 1286 1118 1354 ἐπιτιμήσει;
1162 1282 1289 1352 περὶ
1320 1275 1381 1335 οὗ
1432 1280 1649 1341 πάντως
1684 1279 1920 1348 εἴρηται,

353 1398 371 1430 t
417 1378 765 1447 Ἐπιτιμήσει
818 1376 1022 1443 Κύριος
1087 1374 1145 1425 ἐν
1199 1372 1284 1425 σοὶ
1330 1373 1358 1425 ὁ
1412 1369 1775 1439 ἐκλεξάμενος
1824 1368 1924 1435 τὴν

360 1463 1093 1537 ἸερουσαλήμδἙπιτιμῶν
1117 1463 1173 1516 δὲ
1223 1461 1275 1516 τί
1306 1462 1557 1532 ποιήσει;
1598 1461 1695 1514 καί
1730 1460 1927 1537 ετόρρω

352 1529 539 1613 αὑτὸν
566 1529 841 1620 διῶὲεται
886 1529 973 1621 ὡς’
1026 1554 1221 1624 χνοῦν
1252 1529 1503 1621 ἀκύρου,
1554 1552 1653 1606 καὶ
1711 1529 1928 1614 ὡς’κο-

354 1651 590 1718 νιορτὸν
619 1646 838 1715 τροχοῦ
863 1646 1130 1710 καταιτὶς
1161 1644 1454 1714 φέρουσα.
1490 1644 1553 1696 Ol
1586 1643 1645 1696 δὲ
1673 1640 1925 1706 τοιοῦτοι,

355 1743 449 1795 καὶ
480 1741 616 1812 προς
649 1740 886 1807 δυσμαῖς
936 1736 1032 1789 τοῦ
1083 1736 1199 1806 βίου
1239 1733 1676 1800 πενθήσουσιν,
1706 1734 1794 1786 ὅτε
1829 1733 1928 1785 οὐκ

312 1848 324 1857 ’
355 1833 437 1886 ἔτι
476 1829 958 1901 ὑπάρχουσιν’ὅτε
997 1827 1148 1895 πρωϊ
1207 1828 1299 1881 καὶ
1347 1827 1466 1879 νέον
1518 1824 1634 1894 φῶς
1692 1827 1803 1885 τοῖς
1851 1822 1928 1876 δι-

358 1925 536 1986 καίοις
557 1922 806 1976 ἀνατελεῖ
840 1920 979 1973 κατὰ
1007 1920 1099 1972 τὸν
1132 1918 1305 1972 αἰῶνα
1332 1917 1423 1970 τὸν
1455 1916 1739 1987 μέλλοντα.
1768 1913 1874 1977 Οὓς
1898 1914 1927 1955 ιι

361 2018 409 2070 οἱ
442 2002 913 2087 προνομεύσαντες
936 2012 1174 2065 τοιοῦτον
1213 2008 1397 2075 ἕξουσι
1425 2008 1577 2071 τέλος
1617 2006 1710 2061 καὶ
1738 2006 1935 2077 μερίδα

364 2104 455 2158 καὶ
506 2103 730 2173 κληρέν.
763 2101 922 2157 Οὕτω
962 2103 1019 2155 δὲ
1052 2101 1215 2156 πάλιν
1249 2101 1394 2163 τινὲς
1429 2098 1528 2171 τὴν
1564 2097 1933 2170 προκειμένην

364 2189 894 2266 ἐξηγήσαντορἧσιν
923 2212 934 2225 ο
973 2194 1048 2258 ὡς
1083 2192 1465 2263 φιλάνθρωπος
1493 2190 1568 2245 ὢν
1627 2193 1654 2245 ὁ
1680 2188 1811 2253 Θεὸς
1848 2206 1936 2258 φο-

365 2285 541 2356 ϐήσας
569 2288 692 2348 ταῖς
736 2286 984 2348 ἀπειλαῖς
1018 2285 1146 2348 τοὺς
1201 2284 1261 2350 ἐξ
1302 2283 1540 2355 Ἰσραὴλ,
1578 2279 1939 2351 οἰκονομικῶς

369 2380 460 2434 καὶ
498 2380 596 2450 τὴν
625 2380 711 2432 ἐπ’
740 2378 964 2447 ἀγαθοῖς
996 2378 1184 2435 ἐλπίδα
1231 2377 1597 2450 προϐάλλεται
1638 2377 1704 2431 δι’
1735 2377 1938 2448 ἀμφοῖν

371 2470 835 2542 προτρεπόμενος.

446 2725 629 2779 Εἰπὼν
658 2726 836 2780 τοίνυν
863 2725 941 2781 τά.
982 2726 1243 2795 μέλλοντα
1270 2728 1478 2790 τούτοις
1510 2726 1689 2791 δεινὰ,
1711 2726 1807 2779 καὶ
1845 2726 1944 2796 τὴν

376 2810 579 2866 τούτων
621 2814 820 2895 αἰτίαν,
853 2817 936 2869 ὅτι
986 2816 1187 2888 Κύριον
1233 2817 1628 2886 ἐγκατέλιπον·
1681 2815 1776 2870 νῦν
1841 2818 1943 2868 ἐπ-

377 2905 609 2977 ήνεγκεν
639 2906 780 2977 ἀπερ
807 2909 858 2960 οἱ
882 2907 1103 2972 τούτους
1118 2908 1825 2978 δουλωσάμενοιπείσονται,
1843 2908 1944 2979 τὴν

382 2996 669 3065 συμϐᾶσαν
712 2997 926 3069 πληγὴν
979 3001 1091 3062 τοῖς
1143 3000 1280 3069 μετά
1322 3000 1593 3069 Ῥαψάκου
1646 3000 1951 3071 προλέγων,

2014 540 2457 597 demonstrabit:
2488 549 2723 607 quorum
2758 532 2980 603 quidem
3020 530 3260 584 furorem
3306 539 3404 597 per
3447 541 3595 579 mare

2015 630 2328 699 ﬂuctuans;
2375 626 2558 681 minas
2587 630 2772 679 autem
2815 620 3082 676 adversus
3107 617 3291 674 lldeles
3312 630 3411 688 per
3442 631 3599 670 rese-

2017 728 2230 773 nantem
2274 733 2468 786 aquam
2499 712 2857 785 signiﬁcavit.
2891 710 3048 777 Quod
3090 717 3271 765 autem
3316 709 3364 763 vi
3403 705 3604 774 impulé

2017 825 2132 863 eam
2161 823 2270 861 esse
2300 821 2494 874 aquam
2531 802 2754 872 adjicit,
2809 800 2860 854 id
2900 799 3023 854 ideo
3058 797 3213 862 facit,
3242 796 3388 851 ιιι·νὶ
3417 795 3604 849 aliena

2019 899 2245 953 adactos
2273 896 2404 949 talia
2427 894 2485 949 in
2514 890 2819 948 Ecclesiam
2849 886 3058 943 audere
3082 886 3280 941 doceat
3312 901 3327 941 :
3360 897 3607 954 quorum-

2021 999 2203 1045 tamen
2241 997 2302 1043 ut
2338 988 2496 1042 linem
2546 982 2822 1047 ostendat,
2871 995 2970 1036 eos
3015 994 3077 1034 se
3116 976 3603 1033 exterminatur-unt

2020 1082 2273 1146 allirmat,
2317 1094 2430 1150 quo
2466 1078 2589 1133 loco
2632 1073 2938 1131 notandum
2979 1078 3067 1127 est
3100 1070 3172 1125 ab
3199 1068 3395 1139 Aquila
3429 1068 3607 1121 inere-'

2020 1171 2186 1244 pandi
2242 1170 2511 1233 verbum,
2561 1181 2592 1220 a
2646 1162 2977 1235 Symmacho
3015 1168 3198 1216 autem
3242 1154 3601 1215 commutandi

2025 1264 2170 1337 quod
2201 1263 2267 1317 ad
2302 1259 2606 1315 inlidelium
2639 1254 3070 1319 multitudinem,
3096 1265 3310 1322 eosque
3337 1263 3600 1306 exercen—
3662 1277 3671 1287 -

2027 1363 2137 1412 tem
2160 1352 2449 1410 diabolum
2484 1348 2777 1411 referatur,
2807 1345 3089 1415 usurpari.
3134 1342 3272 1408 Quis
3304 1350 3393 1396 est
3415 1348 3598 1396 autem

2029 1444 2124 1517 qui
2157 1444 2430 1511 increpet,
2462 1437 2571 1492 nisi
2593 1436 2663 1491 de
2687 1450 2797 1505 quo
2829 1434 3027 1503 legitur
3054 1448 3067 1483 ι
3104 1451 3123 1483 ι
3151 1429 3465 1498 Increpabit
3497 1428 3603 1483 Do-

2028 1534 2217 1590 minus
2244 1531 2338 1603 qui
2371 1531 2428 1584 in
2467 1538 2521 1583 te
2548 1526 2859 1582 Jerusalem
2894 1523 3059 1595 elegit
3081 1521 3127 1554 ⁷³⁵
3156 1522 3185 1575 ?
3215 1539 3239 1574 ι
3263 1519 3405 1586 Quid
3442 1532 3608 1590 porro

2034 1625 2303 1690 futurum,
2330 1620 2423 1677 ubi
2454 1618 2778 1689 increpuerit
2797 1618 2823 1672 7
2850 1624 2900 1671 et
2935 1614 3087 1685 longe
3102 1629 3219 1667 eum
3244 1621 3607 1681 persequetur,

2036 1728 2291 1785 tanquam
2327 1722 2630 1766 ramentum
2654 1708 2955 1777 palearum,
2989 1715 3039 1760 et
3068 1714 3323 1772 tanquam
3347 1700 3621 1770 pulverem-

1960 1780 2004 1835 Β
2032 1780 2183 1873 rotat,
2226 1803 2434 1859 turbine
2465 1809 2670 1872 agente.
2697 1797 2802 1865 Qui
2845 1804 2975 1854 sunt
3011 1794 3305 1867 ejusmodi,
3337 1805 3391 1846 et
3430 1791 3506 1845 illi
3541 1791 3610 1844 ad

2035 1899 2164 1952 vitae
2197 1907 2487 1955 occasum,
2517 1889 2573 1945 id
2598 1897 2705 1954 est,
2730 1903 2854 1943 eum
2885 1901 3007 1943 esse
3032 1885 3306 1951 desinent,
3324 1880 3611 1954 lugebant:

2042 1987 2211 2058 251.
2236 1994 2347 2040 tum
2377 1982 2596 2037 demum
2640 1977 2875 2042 scilicet,
2908 1991 3033 2047 cum
3066 1991 3220 2031 mane
3265 1975 3430 2030 etiam
3471 1985 3611 2027 nova

2035 2081 2127 2134 lux
2153 2078 2338 2132 futuro
2368 2074 2463 2129 illo
2495 2073 2701 2128 satculo
2722 2072 2893 2143 justis
2942 2069 3169 2124 orietur.
3187 2066 3371 2122 Talem
3393 2079 3613 2121 rursum

2044 2171 2139 2243 qui
2169 2167 2582 2240 depraedantur,
2616 2164 2847 2229 exitum,
2878 2162 3043 2217 talem
3067 2166 3301 2232 partem,
3330 2158 3493 2213 talem
3530 2155 3622 2211 de-

2040 2265 2203 2334 nique
2232 2268 2437 2317 sortem
2471 2257 2698 2313 relaturi
2744 2261 2894 2311 sunt.
2936 2252 3077 2308 Sunt
3116 2264 3303 2322 porro,
3361 2249 3456 2318 qui
3497 2247 3604 2301 ista

2040 2355 2208 2409 etiam
2244 2351 2327 2406 sic
2355 2348 2658 2418 explicent,
2692 2355 2751 2400 ut
2782 2343 2953 2399 Deum
3003 2355 3105 2411 pro
3137 2354 3237 2395 sua
3268 2339 3326 2392 in
3367 2335 3621 2391 homines

2042 2438 2454 2504 benevolentia,
2488 2443 2787 2506 postquam
2813 2429 3068 2487 lsraelem
3101 2426 3265 2481 minis
3306 2423 3617 2486 terruisset,

2043 2534 2316 2591 bonorum
2343 2545 2439 2601 spe
2466 2532 2745 2584 ostentata
2773 2523 3073 2596 prudenter
3097 2528 3332 2590 utroque
3362 2514 3523 2571 modo
3554 2515 3623 2569 ad

2048 2643 2107 2685 se
2145 2625 2318 2680 velint
2351 2621 2660 2693 impellere.

2120 2723 2421 2790 Postquam
2456 2732 2588 2789 ergo
2621 2711 3058 2786 impendentium
3081 2708 3350 2765 malorum
3376 2716 3624 2765 causam,
3683 2764 3693 2775 ,

2052 2814 2197 2886 quod
2223 2828 2254 2867 a
2295 2810 2524 2867 Domino
2558 2807 2899 2870 defecerunt,
2933 2801 3158 2864 attulit,
3202 2814 3326 2870 qua)
3361 2797 3474 2867 jam
3530 2807 3629 2847 eos

2053 2910 2341 2969 maneant,
2380 2916 2416 2955 ιο
2472 2898 2672 2969 quibus
2718 2896 2775 2951 in
2829 2893 3149 2951 servitutem
3189 2887 3400 2943 redacti
3450 2893 3625 2971 sunt,

2055 2994 2303 3069 praedicit
2344 3010 2356 3047 :
2389 2990 2600 3046 cladem
2634 3001 2828 3057 nempe
2871 2983 3157 3055 Rapsacis,
3205 2994 3368 3052 quem
3400 2976 3632 3046 direptis

375 3089 440 3142 ὃν
478 3089 540 3141 ἐκ
568 3089 736 3159 Λάχις
778 3068 988 3160 ἔπεμψε
1026 3068 1154 3145 κατέ
1180 3092 1534 3164 Ἰερουσαλὴμ
1562 3093 1587 3145 ό
1618 3068 1946 3165 Σεναχειρίμ

2059 3068 2190 3144 olim
2227 3081 2506 3139 universis
2535 3078 2738 3134 ludam
2770 3075 3024 3141 urbibus,
3065 3072 3336 3128 adversus
3372 3068 3637 3122 Hieroso-

382 3178 480 3250 τῆς
506 3180 763 3244 Ἰουδαίας
790 3181 892 3247 τὰς
917 3182 1101 3245 πόλεις
1133 3180 1289 3246 ἐλὼν,
1313 3183 1371 3247 ὃς
1400 3183 1492 3237 τοῦ
1527 3184 1635 3238 τῶν
1675 3184 1945 3237 Ἰουδαίων

384 3273 842 3344 καταφλυαρήσας
859 3274 1130 3346 Θεοῦ,τὴν
1156 3275 1225 3329 δι’
1246 3275 1477 3344 ἀγγέλου
1508 3277 1828 3350 νυκτερινὴν
1858 3278 1961 3331 ὑπ-

388 3360 555 3431 έστην
586 3363 818 3433 πληγήν·
852 3363 1054 3434 ταύτην
1081 3365 1189 3436 γὰρ
1241 3365 1479 3430 ἀκούσας
1532 3368 1560 3419 ὁ
1605 3368 1964 3438 Σενναχειρὶμ

388 3451 555 3522 ἀπῄει
578 3453 776 3522 φυγὰς,
801 3455 895 3509 καὶ
914 3455 1017 3508 ὑπὸ
1034 3454 1142 3508 τῶν
1166 3455 1311 3509 ἰδίων
1339 3457 1439 3509 οὐκ
1458 3459 1537 3521 εἰς
1561 3458 1777 3528 μακρὰν
1806 3456 1965 3511 ἀπώ-

388 3544 509 3598 λετο
530 3544 757 3603 παίδων.
776 3547 1064 3611 Ταλανίζει
1095 3546 1273 3601 τοίνυν
1308 3548 1368 3600 τὸ
1406 3531 1521 3619 μετ’
1544 3548 1705 3602 αὑτοῦ
1728 3547 1965 3617 πλῆθος

394 3636 617 3692 ἐπελθὸν
636 3638 664 3690 ό
686 3639 990 3710 προφήτης,
1012 3638 1087 3702 ὡς
1108 3640 1230 3693 ὅσον
1241 3637 1395 3692 οὔπω
1420 3637 1830 3709 τεθνηξόμενον,
1864 3637 1964 3707 τὴν

394 3731 679 3801 ταραχώδη
698 3732 903 3784 τούτων
924 3731 1111 3800 ἔφοδον
1136 3730 1450 3796 ἀπεικάζων
1465 3730 1697 3800 θαλάττῃ
1723 3730 1818 3783 καὶ
1844 3728 1967 3783 ὓδα-

397 3836 499 3873 σιν.
520 3818 625 3883 Οὓς
637 3820 732 3873 καὶ
752 3818 998 3875 πολλῶν
1011 3819 1202 3874 ἐθνῶν
1225 3820 1451 3874 ἐκάλεσε
1468 3819 1679 3883 νῶτον,
1699 3819 1775 3883 ὡς
1813 3820 1968 3889 νικᾷν

411 3910 675 3975 εἰωθότας.
692 3912 867 3964 Οἰονεὶ
896 3910 1005 3981 γὰρ
1024 3909 1214 3978 νῶτος
1228 3911 1493 3981 ἐγένοντο,
1519 3911 1624 3964 τῶν
1658 3911 1969 3979 φευγόντων

399 4001 539 4055 κατά
567 4000 737 4054 νώτου
761 4003 986 4065 τούτους
1013 4000 1320 4066 διώκοντες.
1339 4001 1497 4055 Ἀλλὰ
1509 4001 1597 4055 τὸν
1621 4000 1844 4069 ἄγοντα,
1867 4018 1968 4070 φη-

402 4093 504 4156 σὶν,
523 4094 1015 4161 ἀποσκορακίσας
1035 4092 1322 4158 διώξει-αι,
1341 4094 1421 4160 ὠς
1436 4091 1652 4162 τροχοῦ
1663 4089 1973 4159 κονιορτὸν

403 4183 604 4254 ἀνέμου
636 4183 991 4256 σφοδροτέρου
1023 4184 1472 4254 προσϐάλλοντος.
1495 4182 1641 4253 Πρὸς
1664 4183 1826 4238 αὐτὸν
1853 4183 1963 4253 γάρ

406 4271 508 4342 ἔφη
573 4272 639 4326 δι’
705 4274 925 4329 Ἠσαίου
962 4276 991 4329 δ
1042 4275 1194 4341 Θεὸς,
1251 4293 1271 4327 t
1333 4274 1445 4330 Kal.
1510 4274 1734 4345 ἐμϐαλῶ
1809 4273 1976 4344 φίμον

407 4368 484 4429 εἰς
536 4366 636 4435 τὴν
682 4365 807 4436 ρῐνά
850 4382 967 4431 σου,
999 4368 1098 4419 καὶ
1128 4364 1342 4436 χαλινὸν
1393 4366 1472 4428 εἰς
1510 4364 1581 4419 τὰ
1636 4363 1790 4435 χείλη
1857 4379 1971 4429 σου,

2061 3183 2258 3253 lymatn
2282 3176 2517 3231 miserat
2557 3167 3063 3227 Sennacherimus:
3100 3164 3195 3219 ubi
3238 3160 3505 3218 nonnulla
3534 3160 3637 3214 im-

2060 3274 2148 3343 pie
2179 3271 2449 3325 adversus
2477 3263 2794 3321 Iudaeorum
2825 3259 2993 3314 Deum
3026 3254 3426 3318 debacchatus,
3467 3254 3635 3305 noctu

2062 3340 2160 3432 per
2185 3358 2438 3430 angelum
2468 3355 2685 3411 deletus
2705 3362 2793 3407 est
2820 3352 2886 3405 ⁷⁸.
2914 3346 3090 3417 Hujus
3120 3344 3267 3402 enim
3291 3340 3468 3398 cladis
3510 3353 3636 3394 cum

2069 3454 2135 3510 ad
2162 3449 2655 3509 Sennacherimum
2679 3444 3028 3517 pervenisset
3058 3440 3316 3504 nuntius,
3348 3436 3642 3507 fugamque

2071 3545 2421 3616 arripuisset,
2462 3557 2572 3596 non
2605 3540 2680 3593 ita
2722 3537 2896 3593 multo
2938 3541 3063 3605 post
3101 3547 3129 3586 a
3170 3529 3297 3584 ﬁliis
3325 3526 3441 3583 suis
3464 3525 3643 3579 inter-

2070 3612 2286 3704 emptus
2330 3642 2435 3687 est.
2481 3629 2762 3685 Infelicem
2803 3640 2955 3694 ergo.
2998 3636 3120 3693 qum
3149 3636 3212 3678 eo
3230 3618 3393 3676 veluti
3414 3612 3655 3686 jamjam.

2070 3701 2334 3781 moritura
2388 3729 2637 3784 venerat,
2689 3714 3087 3772 multitudinem
3136 3710 3401 3783 appellat;
3446 3701 3648 3762 tumul-

2070 3827 2399 3884 tuosamque
2431 3825 2620 3866 eorum
2656 3807 3002 3863 invasionem
3034 3802 3172 3857 mari
3204 3809 3258 3856 et
3291 3798 3451 3869 aquis
3476 3809 3644 3850 .com-

2070 3915 2272 3980 parat;
2313 3883 2612 3958 multarum
2655 3898 2900 3967 deniqtte
2931 3894 3165 3966 gentium
3206 3890 3445 3951 dorsum,
3486 3883 3655 3952 quasi

2074 3973 2292 4053 vincere
2337 3993 2445 4047 illis
2488 3997 2636 4045 esset
2682 3986 2981 4049 usitatum,
3030 3979 3296 4036 nominat.
3359 3973 3648 4043 Tanquam

2072 4089 2219 4144 enim
2262 4085 2481 4137 dorsum
2536 4077 2643 4150 ipsi
2690 4075 2941 4136 fuerunt,
2973 4069 3065 4141 qui
3100 4066 3376 4138 fugientes
3406 4076 3461 4116 .a.
3495 4068 3651 4130 tergo

2077 4179 2560 4249 persequerentur.
2586 4168 2653 4219 At
2688 4158 3132 4230 duccm,,inquit,
3159 4156 3248 4215 ubi
3270 4150 3677 4217 exterminare;

2076 4248 2167 4334 rit,
2193 4270 2549 4336 persequetur,
2588 4266 2842 4325 tanquam
2882 4261 3037 4309 rotat.
3057 4248 3343 4318 pulverem,
3371 4257 3492 4314 qua:
3520 4252 3653 4295 ven-

2080 4326 2261 4415 torum
2307 4326 2448 4411 solet
2487 4353 2695 4420 impetu
2739 4343 2938 4416 agitari
2959 4351 3014 4397 et
3047 4336 3332 4407 dissipari.
3381 4331 3460 4387 lta
3501 4326 3667 4385 enim

408 4422 501 4510 καὶ
523 4422 849 4528 ἀποστρέψω
870 4472 929 4509 σε
950 4422 1015 4528 τῇ
1046 4422 1203 4530 ὁδιῖῖ
1224 4452 1384 4528 ἦλθες
1412 4422 1472 4509 ἐν
1498 4422 1841 4526 αὐτῇῗιτὸδὲ
1866 4452 1949 4506 τῶι

2079 4466 2205 4509 eum
2237 4463 2333 4520 per
2372 4445 2568 4501 Isaiam
2608 4439 2935 4512 prophetam
2978 4430 3285 4501 alloquitur
3338 4422 3653 4481 Dominus:

420 4545 713 4601 Ἰουδαίων
741 4547 959 4613 πένθος
980 4546 1050 4600 ἐν
1071 4544 1318 4614 ἑσπέρᾳ,
1346 4547 1416 4600 τὰ
1429 4547 1527 4616 τῆς
1555 4544 1813 4615 ἐπιούσης
1840 4543 1979 4615 ἠμέ-

410 4654 507 4710 ρας
534 4639 1020 4710 ὀνειροπολούντων
1041 4637 1209 4702 κακὰ,
1227 4639 1297 4692 τὰ
1323 4638 1412 4691 διὰ
1438 4637 1634 4700 νυκτὸς
1665 4638 1778 4698 τοῖς
1817 4637 1979 4689 πολε-

413 4728 555 4797 μίοις
620 4729 1005 4800 συμϐεϐηκότα
1047 4730 1228 4797 δείξας
1287 4728 1480 4800 δρθρος
1531 4728 1980 4799 παρεμυθήσατο,

398 4820 694 4889 κμαθόντων
713 4822 786 4885 ὼς
803 4822 831 4875 ὁ
854 4822 964 4876 τῶν
988 4822 1262 4892 πολεμίων
1281 4821 1385 4875 οὐκ
1408 4820 1522 4874 ἐστι
1546 4820 1797 4891 στρατός·
1817 4820 1984 4890 ήγουν

410 4911 469 4964 τὸ
482 4912 580 4982 τῆς
592 4911 849 4982 ἑσπέρας
870 4913 1110 4979 πένθος,
1132 4913 1319 4984 φησιν,
1342 4913 1444 4966 οὐκ
1472 4912 1625 4966 ἔσται
1652 4911 1820 4979 πρωΐ.
1846 4909 1985 4981 Περὶ

410 4994 471 5055 οὗ
498 5019 629 5073 φησι
665 5003 760 5057 καὶ
786 5003 969 5068 Δαϐὶδ,
999 5022 1017 5055 t
1050 5004 1123 5056 Τὸ
1151 5003 1389 5075 ἐσπέρας
1410 5002 1793 5074 αύλισθὴσεται
1822 5000 1989 5054 κλαυ-

415 5091 570 5164 Θμὺς,
603 5095 699 5148 καὶ
732 5097 812 5159 εἰς
860 5095 921 5148 τδ
943 5095 1090 5167 πρωῒ
1119 5094 1719 5166 ἀγαλλίασις.»ούκοῢν
1776 5092 1873 5147 καὶ
1899 5092 1988 5144 ὅτε

413 5186 512 5252 τὴν
545 5186 724 5257 ψυχὴν
758 5188 815 5241 αἱ
858 5191 1096 5259 πονηραὶ
1132 5189 1482 5260 πολιορκοῦσι
1509 5187 1794 5258 δυνάμεις,
1826 5184 1988 5253 δίκην

2084 4563 2105 4599 ι
2143 4542 2211 4599 Et
2245 4539 2492 4610 injiciam
2531 4548 2747 4590 ramum
2789 4531 2844 4585 in
2882 4541 3043 4583 nares
3084 4534 3228 4588 tuas,
3260 4530 3315 4577 et
3345 4518 3560 4574 frenum
3601 4513 3671 4567 in.

2082 4638 2225 4695 labia
2273 4645 2408 4700 tua;
2444 4638 2499 4686 et
2546 4643 2653 4700 qua
2692 4627 2777 4681 via
2807 4617 3353 4685 accessisti,,eadem
3392 4610 3575 4667 redire
3604 4616 3662 4663 te

2086 4730 2280 4787 faciam
2305 4727 2374 4780 ".
2409 4744 2426 4778 ι
2454 4722 2687 4784 Deinde,
2716 4715 2867 4789 quod
2903 4716 2971 4770 de
3011 4709 3303 4779 vespertino
3344 4702 3676 4760 Iudaeorum.

2088 4823 2233 4877 luctu
2261 4817 2514 4881 habetur,
2534 4811 2625 4882 qui
2651 4807 2795 4863 mala
2819 4802 3071 4875 sequenti
3100 4790 3492 4856 dieimminere
3511 4803 3689 4882 som-i

2089 4911 2337 4972 niabanl,
2382 4916 2572 4960 eorum
2616 4899 2669 4953 id
2718 4891 3194 4951 demonstratione
3232 4886 3481 4954 mitigat,
3510 4892 3655 4949 qua:

2090 5010 2256 5056 noctu
2301 4995 2556 5052 hostibus
2588 4989 2936 5052 acciderunt,
2970 4996 3095 5038 cum
3120 4978 3365 5033 hostium
3394 4988 3505 5028 non
3541 4982 3666 5024 esse

2089 5091 2391 5150 exercitum
2414 5084 2749 5141 didicerunt,
2774 5093 2839 5133 ac
2859 5077 2903 5131 si
2936 5071 3288 5142 vespertinum
3324 5064 3547 5124 luctum,
3571 5040 3690 5112 Deil

2073 5149 2324 5237 .altcrius
2358 5182 2478 5229 ortu
2512 5171 2819 5226 desiturum
2854 5163 3138 5235 signiﬁcet
3170 5178 3185 5215 :
3234 5157 3307 5212 De
3340 5168 3451 5225 quo
3476 5158 3531 5206 ct
3560 5149 3667 5203 Da~

415 5241 865 5345 ὖδατοςῆῥιαίου
907 5241 1081 5338 τὰηέν
1109 5241 1251 5353 quivi
1270 5241 1577 5351 ἐγείρουσαι
1606 5241 1843 5348 πάθη.ίῆ
1868 5241 1949 5329 τοί

2098 5270 2181 5325 vid
2216 5268 2334 5338 ipse
2372 5259 2710 5318 intellexisse
2754 5255 2994 5321 videtur,
3036 5265 3159 5307 cum
3197 5249 3315 5302 ait:
3371 5262 3390 5297 ι
3429 5241 3512 5298 Ad
3576 5253 3674 5297 ve-

416 5367 615 5433 ἐξωθεν
661 5371 964 5439 ἐπάγουσαι
1011 5371 1326 5443 λογισμοὺς,
1376 5373 1517 5426 κατὰ
1567 5371 1657 5426 τὸν
1699 5368 1968 5433 Ἐζεκίαν,

490 5535 535 5565 τι
568 5532 735 5594 zach,
776 5552 860 5603 ιιι,
905 5538 958 5592 Ξ,
1035 5536 1079 5568 ⁷⁸
1108 5533 1177 5589 ιν
1198 5534 1328 5606 Reg.
1372 5550 1485 5589 nx.
1517 5534 1538 5588 l
1571 5547 1724 5603 seqq-

2084 5331 2303 5433 speru-m
2334 5352 2707 5413 demorabitur
2756 5348 2913 5405 (lctus
2938 5388 2952 5413 ,
2990 5354 3041 5400 et
3078 5342 3144 5398 ad
3167 5340 3495 5397 matutinum
3529 5331 3669 5390 laeti:

1798 5528 1847 5561 "
1868 5527 1972 5584 lsa.
2007 5537 2211 5585 xxxvii,
2242 5518 2334 5573 29.

1731 5669 1963 5728 VAlllA‘l
1997 5661 2399 5724 LECTIONES.

500 5775 525 5811 τ’
559 5789 645 5840 71'.
675 5771 788 5823 καί.
