4086 6242
446 206 585 274 2131

1780 235 2133 301 PROCOPII
2167 245 2407 307 GAZrEI

3568 263 3709 327 2132

442 319 518 374 tia
549 319 616 372 ⁷⁷.
657 338 676 372 ι
718 320 795 378 Ne
832 339 965 396 ergo
1005 329 1445 402 quotiescunque
1476 335 1565 390 vel
1590 338 1998 405 perturbationi

442 413 542 438 In...
574 411 625 438 ἶ..
660 414 816 438 ..-1.2-
849 423 1106 438 ι------..,
1160 421 1191 438 Α
1269 422 1326 438 ,η
1539 426 1569 438 or
1624 428 1654 438 ,.
1806 430 1818 438 .

2128 348 2260 402 Θεὸν
2283 352 2572 419 καλοῦντες
2610 357 2685 427 μὴ
2712 358 2767 411 δε
2797 377 3000 430 σωμεν.
3034 365 3381 434 Παρεμϐαλεί
3408 367 3513 438 γὰρ
3540 370 3710 436 ἄγγε-

439 413 545 465 bus
574 411 627 466 in
660 414 820 472 nobis
849 423 1112 489 tanquam
1150 421 1402 489 ﬂuctibus
1433 426 1704 494 excitatis,
1736 430 1820 484 vel
1841 438 2023 486 exter-

438 504 525 559 nis
548 506 856 564 rationibus
885 510 1122 568 admotis
1150 514 1396 570 animum
1421 525 1671 573 nostrum
1695 520 1852 576 malae
1879 521 2023 577 obsi-

435 594 647 651 debunt
686 596 849 670 252
888 608 1184 671 potestates
1207 614 1551 673 metuamus;
1596 610 1690 664 sed
1729 608 2021 664 Ezechiam

434 686 615 741 Secuti
651 686 821 747 Deum
849 690 1178 749 invocemus
1216 696 1312 764 qui
1360 697 1616 752 timorem
1647 699 1863 755 Domini
1900 714 2020 753 am-

433 774 625 841 plexos
672 777 743 831 ab
787 778 1038 848 ejusdem
1080 784 1276 852 angelo
1319 786 1492 856 sopiri
1532 795 1587 844 et
1632 789 1857 844 liberari
1913 805 2022 846 non

434 866 773 925 dubitamus.
803 868 1093 940 Similiter,
1127 879 1484 944 quantumvis
1534 878 1778 935 haeretici
1839 883 2029 951 sophi-

434 957 694 1013 Sticarum
732 960 1004 1015 rationum
1026 961 1173 1019 fastu
1235 966 1319 1020 vel
1385 968 1670 1023 veritatem
1715 984 2031 1041 Oppugnare

2130 442 2221 506 λος
2251 446 2455 516 Κυρίου
2480 447 2666 520 κύκλῳ
2686 450 2795 506 τῶν
2819 452 3173 525 φοϐουμένων
3205 458 3388 521 αὑτὸν,
3423 461 3516 512 καὶ
3549 462 3711 530 ῥύσε-

2131 553 2219 590 ται
2242 538 2458 604 αὐτούς.
2493 542 2744 612 Ὁμοίως,
2766 544 2869 599 κᾶν
2898 548 3166 617 αίρετικοὶ
3190 550 3517 626 σοφιστικῶν
3533 551 3712 621 λόγων

2133 628 2331 699 κόμπῳ
2361 631 2501 684 κατὰ
2527 633 2626 701 τῆς
2653 634 2914 704 ἀληθείας
2947 637 3271 708 ἐγείρωνται
3312 639 3346 711 ἢ
3406 640 3707 708 διωγμοὺς,

2132 720 2226 771 κα)⁵
2258 720 2465 791 θλίψεις
2514 724 2783 792 ὲπάγωσι,
2809 728 3074 799 προσήκει
3127 729 3369 800 θαρρεῖν.
3394 731 3552 800 Χειρὶ
3599 731 3709 802 γὰρ

2133 812 2376 884 κρυφαία
2398 813 2695 885 πολεμήσει
2744 817 2949 888 Κύριος
2961 819 3055 871 ἐπὶ
3083 819 3330 891 Ἀμαλὴκ
3358 821 3467 876 ἀπὸ
3502 823 3708 890 γενεῶν

2127 903 2209 964 είς
2232 901 2446 969 γενεὰς,
2471 902 2619 958 καθὰ
2638 905 2967 977 γέγραπται.

440 1047 527 1101 vcl
566 1052 1004 1117 persecutionem
1049 1070 1271 1112 movere
1312 1068 1616 1125 conentur,
1646 1061 1915 1118 adversus
1952 1078 2016 1119 ea
2055 1061 2242 1118 omnia
2278 1060 2643 1125 confidamus,
2673 1066 2766 1134 qui
2800 1065 3094 1121 Dominum
3129 1064 3377 1124 occulta'
3413 1084 3576 1124 manu
3646 1072 3698 1125 iu

343 1124 373 1195 2:3
433 1142 631 1199 saecula
658 1148 984 1203 saeculorum
1005 1150 1270 1206 adversus
1292 1152 1606 1209 Amalecqu
1631 1167 2023 1228 pugnaturum,
2066 1162 2324 1210 monente
2354 1154 2665 1227 Scriptura,
2696 1168 2806 1214 non
2833 1161 3162 1232 ambigimus
3195 1163 3261 1218 ⁷⁸.

1003 1283 1157 1339 CAP.
1243 1285 1434 1343 XVIII.

504 1387 668 1443 Vens.
709 1392 822 1445 1-7.
867 1392 957 1447 Va:
995 1404 1148 1450 terra:
1188 1400 1423 1464 navium,
1461 1403 1565 1456 alte
1596 1418 1761 1471 supra
1816 1405 2006 1472 ﬂuvios

434 1475 754 1550 Ethiopiw.
796 1484 903 1551 Qui
945 1487 1108 1541 mittit
1144 1490 1199 1542 in
1235 1492 1372 1545 mari
1405 1493 1634 1559 obsides,
1668 1505 1716 1550 et
1756 1498 2007 1565 epistolas

434 1568 663 1627 biblinas
696 1591 859 1643 supra
890 1595 1081 1648 aquas.
1125 1580 1288 1636 Ibunt
1328 1585 1471 1638 enim
1510 1589 1688 1642 nuntii
1713 1591 1905 1645 celeres
1949 1590 2018 1644 ad

2696 1295 2955 1348 ΚΕΦΔΛ.
2984 1295 3088 1350 IH'.

2200 1402 2345 1467 α’-ζ’.
2379 1405 2523 1459 Οὐαὶ
2556 1406 2669 1475 γῆς
2697 1409 2947 1475 πλοίων,
2978 1407 3265 1478 πτέρυγες
3295 1390 3571 1466 ἐπέκεινα
3603 1431 3704 1468 πο-

2116 1495 2318 1565 ταμῶν
2348 1498 2672 1564 Αἰθιοπίας.
2713 1499 2775 1552 '0
2809 1500 3208 1556 ἀποστέλλων
3229 1502 3301 1556 ἐν
3327 1505 3608 1573 θαλάσσῃ
3640 1507 3703 1558 ὅ-

2122 1602 2304 1655 μηρα,
2329 1586 2426 1640 καὶ
2450 1587 3070 1658 ἐπιστολὰςβιϐλίνας
3095 1593 3296 1647 ἐπάνω
3329 1594 3433 1649 τοῦ
3458 1596 3696 1662 ὕδατος.

427 1672 634 1729 gentem
688 1669 974 1735 excelsam,
1004 1681 1057 1726 et
1100 1677 1434 1744 peregrinum
1470 1678 1746 1748 populum,
1791 1693 1839 1735 et
1883 1699 2004 1751 gra-

2113 1680 2519 1746 Πορεύσονται
2579 1683 2689 1750 γὰρ
2754 1682 2997 1753 ἄγγελοι
3056 1684 3272 1755 κοῦφοι
3326 1687 3477 1754 πρὸς
3525 1687 3702 1755 ἔθνος

428 1769 565 1822 item,
600 1765 707 1814 etc.

492 1863 655 1935 253
708 1864 1023 1927 Judazorum
1062 1875 1361 1946 principes,
1411 1881 1504 1949 qui
1541 1881 1724 1937 Romae
1758 1884 2009 1954 agebant,

424 1957 675 2025 Paulum,
701 1975 732 2015 a
749 1976 860 2030 quo
879 1960 1087 2019 Christi
1120 1966 1278 2021 [idem
1304 1968 1666 2039 docebantur,
1704 1973 1793 2030 his
1825 1976 2012 2032 verbis

423 2051 696 2108 allocutos
726 2067 852 2110 esse
885 2056 1117 2127 legimus
1150 2074 1163 2110 :
1201 2076 1223 2110 ι
1268 2058 1380 2115 Nos
1404 2077 1586 2131 neque
1617 2065 1830 2124 litteras
1864 2069 1932 2125 de
1957 2077 2011 2125 to

327 2198 332 2204 ,
423 2158 454 2196 a
485 2141 675 2199 Judaea
704 2147 1022 2216 accepimus
1055 2165 1069 2203 :
1106 2164 1283 2220 neque
1315 2153 1617 2212 adveniens
1655 2158 1859 2229 aliquis
1902 2160 2009 2217 fra-

421 2240 570 2287 trum
623 2235 910 2290 nuntiavit
951 2238 1018 2293 ".
1061 2256 1081 2291 ι
1132 2239 1200 2294 Et
1244 2243 1411 2312 paulo
1460 2256 1586 2315 post
1629 2266 1645 2303 :
1682 2266 1701 2300 ι
1740 2248 1876 2305 Nam
1939 2252 2010 2310 de

422 2333 574 2382 secta
603 2327 708 2382 hac
737 2337 927 2384 notum
961 2330 1125 2388 nobis
1174 2332 1252 2399 lit,
1290 2337 1436 2405 quod
1464 2338 1669 2409 ubique
1698 2342 1751 2398 ei
1781 2352 2008 2402 contra-

421 2417 625 2474 dicitur
659 2419 730 2487 ⁸⁸,
776 2440 795 2473 ι
820 2423 980 2492 quasi
1027 2425 1253 2497 scriptis
1292 2429 1499 2500 ubique
1542 2447 1640 2501 per
1670 2449 1789 2502 eos,
1823 2438 1919 2507 qui
1949 2439 2005 2493 in

419 2509 608 2565 Judaa
637 2521 846 2579 essent,
878 2516 1103 2582 litteris,
1142 2518 1348 2576 Citriin
1399 2524 1851 2592 praedicationem
1890 2546 2003 2585 non

420 2603 632 2658 admitti
666 2606 1026 2675 signiﬁcetur.
1068 2610 1291 2678 Verum,
1329 2628 1430 2683 pro
1483 2630 1550 2671 eo
1586 2618 1731 2688 quod
1789 2621 2003 2679 obsides

421 2698 678 2767 legimus,
710 2717 860 2756 senes
908 2703 1159 2773 Aquilas.
1207 2718 1263 2762 et
1313 2711 1582 2777 apostolos
1639 2712 2005 2784 Symmachus

420 2792 844 2848 transtulerunt.
878 2795 1083 2850 Eorum
1127 2813 1260 2868 ergo
1298 2800 1471 2856 vicem
1521 2819 1629 2858 non
1671 2805 1871 2869 solum,
1908 2807 2002 2863 sed

420 2892 581 2937 terra:
614 2883 783 2953 ipsius
821 2887 1010 2951 etiam,
1040 2889 1199 2958 cujus
1235 2891 1371 2945 adeo
1401 2893 1578 2949 crevit
1624 2896 1909 2965 iniquitas,
1945 2909 2005 2955 ut

2114 1769 2435 1839 μετέωρον,
2464 1773 2561 1826 καὶ
2595 1772 2773 1836 ξένον
2795 1775 2949 1828 λαὸν
2978 1777 3075 1830 καὶ
3105 1775 3398 1844 χαλεπὸν,
3422 1796 3477 1833 κ.
3513 1797 3563 1834 τ.
3594 1779 3644 1833 λ.

2187 1884 2250 1938 Ol
2277 1885 2373 1937 ἐπὶ
2408 1884 2625 1959 Ῥώμης
2672 1886 2930 1959 ἄρχοντες
2977 1889 3246 1944 Ἰουδαίων
3293 1892 3359 1945 τὰ
3403 1893 3532 1962 περὶ
3561 1894 3699 1963 Χρι-

2117 1975 2241 2030 στοῦ
2282 1977 2361 2048 τῷ
2396 1980 2593 2050 Παύλῳ
2629 1981 2932 2036 διδάσκοντι
2976 1983 3247 2050 λέγουσιν’
3283 2004 3302 2038 ι
3345 1985 3539 2055 Ἦμεῖς
3569 1985 3696 2041 οὔτε

2112 2068 2419 2139 γράμματα
2446 2070 2748 2142 ἐδεξάμεθα
2776 2074 2906 2144 περὶ
2928 2073 3022 2127 σοῦ
3062 2075 3170 2128 άπὸ
3201 2076 3301 2146 τῆς
3355 2077 3631 2140 Ἰουδαίας.
3671 2097 3692 2129 ι

2111 2160 2221 2212 Καὶ
2247 2163 2366 2230 μετ’
2410 2162 2589 2231 ὀλίγα·
2637 2184 2656 2217 r
2695 2165 2831 2235 Περὶ
2871 2167 2971 2236 μὲν
3004 2166 3113 2239 γὰρ
3141 2167 3242 2237 τῆς
3270 2169 3539 2239 αἱρέσεως
3566 2169 3697 2222 ταύ-

2075 2267 2211 2327 ,της
2248 2253 2492 2322 γνωστὸν
2543 2256 2675 2325 ἡμῖν
2703 2258 2873 2322 ἐστιν,
2914 2276 2933 2311 s
2967 2260 3051 2311 ὅτι
3097 2260 3376 2330 πανταχοῦ
3414 2260 3694 2329 ἀντιλέγε-

2108 2357 2238 2396 ται·
2293 2342 2370 2407 ὡς
2396 2344 2507 2398 τῶν
2540 2346 2598 2399 ὲν
2643 2346 2878 2421 Ἰουδαίᾳ
2908 2350 3189 2420 πανταχοῦ
3233 2351 3591 2421 γεγραφότων
3631 2353 3695 2406 τὸ

2111 2436 2240 2505 περὶ
2262 2437 2502 2508 Χριστοῦ
2538 2439 2614 2511 μὴ
2651 2441 2970 2511 προσίεσθαι
3009 2442 3294 2514 κήρυγμα.
3339 2445 3488 2498 Ἀντὶ
3518 2445 3575 2499 δὲ
3594 2445 3690 2500 τοῦ

2109 2527 2321 2597 ὅμηρα,
2349 2531 2379 2583 ὁ
2422 2531 2522 2600 μὲν
2561 2532 2792 2597 Ἀκύλας
2834 2535 3196 2603 πρεσϐυτὰς,
3223 2537 3253 2588 ό
3288 2535 3345 2589 δὲ
3391 2536 3689 2607 Σύμμαχος

2110 2618 2494 2686 ἀποστόλους
2524 2621 2776 2686 ἐξέδωκε.
2808 2622 3046 2688 Τούτους
3068 2619 3162 2678 οὖν
3205 2626 3299 2678 καὶ
3335 2624 3435 2696 τὴν
3458 2626 3562 2695 γῆν
3591 2626 3690 2679 αὑ·

2105 2709 2216 2764 τῶν
2245 2713 2273 2764 ὁ
2305 2711 2591 2783 προφήτης
2622 2712 2898 2783 ὀδύρεται,
2926 2709 3045 2785 ἦςὴ
3070 2715 3238 2769 κακία
3269 2717 3363 2770 καὶ
3393 2718 3557 2788 μέχρι
3587 2720 3689 2787 τῆς

2105 2800 2406 2857 Αἰθιόπων
2434 2801 2681 2869 ἀφίκετο.
2711 2803 2803 2854 Διὸ
2836 2803 2928 2855 καὶ
2955 2803 3097 2857 κατὰ
3128 2803 3425 2875 Σύμμαχον
3450 2805 3687 2877 εἴρηται·

2110 2893 2255 2947 Οὐαὶ
2288 2893 2421 2962 γῆς,
2454 2897 2487 2948 ὁ
2523 2890 2675 2963 ἦχος
2706 2896 2998 2964 πτερωτὸς
3031 2896 3070 2965 ἡ
3120 2896 3378 2966 πέραθεν
3406 2896 3693 2968 ποταμῶν

419 2973 487 3027 ad
532 2973 815 3044 .‘Ethiopas
847 2980 1013 3035 etiam
1061 2984 1381 3049 penetrarit,
1430 2986 1699 3056 propheta
1734 2988 2001 3044 lamenta-

2107 2987 2434 3053 Αἰθιοπίας.
2482 2987 2539 3038 Ὀ
2568 2988 2676 3058 γὰρ
2698 2988 2806 3040 τῶν
2842 2989 3171 3060 γραψάντων
3207 2989 3360 3058 ἦχος
3393 2989 3555 3061 μέχρι
3596 2989 3691 3042 καὶ

418 3074 525 3120 tur.
566 3064 802 3137 Indeque
849 3078 957 3134 est,
1012 3074 1155 3140 quod
1207 3074 1511 3129 secundum
1556 3076 1946 3147 Symmachum
1986 3096 1999 3131 :
2043 3076 2049 3083 ’

428 3156 520 3212 Vw
547 3166 704 3213 terra:
724 3176 884 3215 sonus
912 3163 1090 3217 alatus
1120 3164 1267 3219 ultra
1288 3166 1584 3235 Aitltiopia:
1614 3169 1806 3238 ﬂuvios
1828 3187 2004 3241 perve-

418 3248 515 3311 nit,
571 3252 834 3320 scriptum
893 3253 1147 3324 legimus.
1206 3256 1408 3313 Eorum
1459 3261 1606 3314 enim
1661 3278 1865 3328 sermo.
1906 3266 2000 3335 qui

419 3341 542 3396 aliis
573 3341 675 3397 ista
709 3358 805 3412 per
845 3345 1062 3401 litteras
1102 3348 1488 3419 signiﬁcarunt
1538 3360 1802 3424 tanquam
1840 3373 2001 3411 sonus

418 3433 640 3504 aliquis,
672 3438 948 3503 superatis
990 3438 1289 3511 Ethiopiaa
1337 3445 1642 3511 montibus,
1673 3448 1738 3501 ad
1778 3448 2000 3505 ultimos

417 3540 594 3596 usque
635 3528 787 3584 orbis
825 3528 980 3596 lines,
1022 3531 1282 3599 navibus,
1329 3549 1436 3589 non
1471 3537 1633 3591 aliter
1679 3554 1843 3609 quam
1873 3542 1997 3607 alis,

418 3620 651 3675 evolavit
680 3638 692 3673 :
728 3621 834 3691 ipsi
866 3623 1104 3693 denique
1130 3626 1334 3697 ubique
1367 3629 1611 3699 gentium
1652 3638 1796 3685 terra
1826 3633 1998 3686 mari-

421 3726 528 3780 que
581 3713 811 3783 profcmi
854 3716 1047 3780 nuntii,
1089 3716 1321 3771 bibliuas
1364 3720 1618 3788 epistolas
1661 3722 1997 3778 detulerunt.

417 3801 551 3857 Nam
574 3812 628 3859 et
656 3820 803 3861 nunc
835 3808 999 3862 etiam
1028 3809 1240 3863 nuntios
1273 3812 1637 3881 appellamus,
1668 3815 1760 3884 qui
1794 3816 2001 3885 princi-

417 3911 545 3966 pum
566 3897 774 3953 litteras
798 3898 977 3954 ferunt
997 3916 1328 3971 quocunque
1352 3904 1453 3973 ipsi
1485 3904 1772 3973 iusserint.
1794 3906 1997 3962 Verum

416 4004 528 4059 quo
560 3991 681 4046 loco
715 3992 866 4046 ibunt
917 3994 1091 4047 nuntii
1136 3994 1330 4050 celeres
1381 3997 1637 4067 legimus,
1685 3996 1767 4052 lle
1805 3999 1999 4055 dicunt

414 4084 628 4149 creteri;
665 4093 925 4156 tanquam
960 4088 1062 4144 hoc
1095 4089 1329 4157 primum
1360 4089 1428 4143 ad
1460 4090 1763 4146 Salvatoris
1792 4092 1995 4147 Christi

411 4173 717 4245 discipulos
765 4178 1059 4245 referatur,
1100 4196 1241 4251 quos
1269 4188 1329 4233 ut
1378 4195 1407 4234 a
1450 4178 1764 4236 Judaeornm
1799 4183 1997 4238 distin-

411 4277 604 4336 gueret
653 4271 932 4338 apostolis,
992 4273 1095 4327 hoc
1155 4275 1375 4329 nomine
1429 4276 1746 4345 appellavit.
1809 4274 1996 4347 Neque

2106 3080 2212 3135 τῶν
2231 3082 2533 3147 Αιθιοπίας
2575 3082 2738 3151 ὅρων,
2763 3083 2856 3135 καὶ
2904 3082 3014 3137 τῶν
3040 3083 3140 3154 τῆς
3186 3088 3291 3154 γῆς
3331 3084 3587 3155 περάτων
3610 3084 3691 3138 διο

2107 3174 2367 3244 έδραμεν,
2399 3173 2476 3236 ὡς
2509 3172 2597 3226 διὰ
2621 3174 2825 3227 πλοίων
2854 3173 3017 3228 τινῶν
3049 3174 3385 3245 ίπταμένων.
3411 3175 3535 3228 Οἴτε
3566 3175 3688 3228 δια-

2105 3267 2422 3338 κομίζοντες
2456 3266 2563 3331 τὰς
2589 3266 2918 3331 ἐπιστολὰς
2952 3266 3060 3332 τὰς
3085 3265 3371 3331 ,ϐιϐλίνας
3420 3266 3688 3320 ἀπόστο-

2103 3362 2202 3413 λοι
2254 3356 2533 3429 πανταχοῦ
2580 3358 2685 3427 γῆς
2714 3358 2773 3410 οὐ
2810 3358 3140 3421 διοδεύοντες
3196 3357 3377 3429 μόνον,
3407 3357 3541 3411 ἀλλὰ
3590 3359 3687 3411 καὶ.

2104 3449 2536 3520 ναυτιλλόμενοι.
2571 3448 2751 3519 Μέχρι
2799 3448 2858 3501 δὲ
2899 3446 2995 3501 νῦν
3029 3448 3418 3516 ἀποστόλους
3456 3447 3684 3501 καλοῦσι

2104 3544 2230 3607 τοὺς
2260 3543 2319 3596 ὲν
2364 3541 2553 3612 κύκλῳ
2591 3540 2745 3613 παρὰ
2792 3541 2903 3595 τῶν
2961 3541 3239 3614 ἀρχόντων
3285 3541 3686 3615 περιφέροντας

2099 3634 2431 3705 γράμματα.
2474 3634 2621 3688 Ἀντὶ
2644 3632 2701 3686 δὲ
2726 3632 2820 3686 τοῦ
2845 3634 3245 3701 πορεύσονται
3275 3633 3515 3704 ἄγγελοι
3546 3632 3683 3687 κοῦ-

2101 3727 2607 3797 φοικπορεύεσθε,
2658 3725 2825 3794 φασὶν
2873 3727 2919 3779 οἱ
2962 3724 3161 3791 λοιποὶ,
3205 3725 3280 3788 ὼς
3324 3725 3497 3795 ἀρχὴν
3538 3721 3680 3778 εἶναι

2104 3819 2525 3890 προστάγματος
2553 3818 2688 3888 πρὸς
2707 3817 2835 3880 τοὺς
2868 3816 3113 3889 μαθητὰς
3139 3817 3431 3887 εἰρημένου
3459 3817 3550 3870 τοῦ
3580 3818 3682 3871 Σω·

2101 3912 2264 3981 τῆρος
2287 3907 2550 3981 Χριστοῦ,
2580 3907 2673 3970 οῦς
2701 3910 2838 3979 πρὸς
2864 3910 2990 3971 τοὺς
3019 3908 3125 3961 τῶν
3159 3909 3428 3962 Ἰουδαίων
3457 3909 3684 3963 διέστει-

2099 4003 2189 4055 λεν
2241 4002 2648 4067 ἀποστόλους.
2684 4000 2960 4071 Σύμφωνα
3006 4002 3064 4054 δὲ
3100 4004 3212 4060 τοῖς
3259 4002 3492 4072 παροῦσι
3542 4002 3683 4069 πρὶς

2100 4095 2296 4159 αὐτούς
2328 4113 2491 4165 φησιν
2521 4097 2548 4148 ό
2575 4094 2831 4166 Χριστός·
2864 4092 3171 4164 Πορεύεσθε
3210 4094 3265 4148 δὲ
3304 4095 3507 4163 μᾶλλον
3545 4097 3681 4167 πρὸς

2098 4188 2167 4242 τὰ
2194 4186 2509 4243 ἀπολωλότα
2553 4185 2803 4258 πρόϐατα
2843 4187 2995 4239 οἴκου
3040 4186 3275 4256 Ἰσραήλ.
3320 4188 3431 4240 Καὶ
3477 4204 3679 4257 πορευ-

2101 4280 2285 4342 θέντες
2311 4276 2690 4349 μαθητεύσατε
2725 4280 2902 4330 πάντα
2949 4277 3018 4330 τὰ
3051 4278 3177 4349 ἔθνη
3200 4295 3212 4308 ·
3249 4279 3344 4332 καὶ⁵
3381 4280 3442 4331 τὸ
3476 4281 3676 4332 εὐστα-

411 4375 541 4414 vero
582 4360 653 4416 ab
686 4363 807 4417 istis
835 4363 924 4416 illa
955 4363 1312 4430 dissentiunt,
1353 4367 1555 4436 quibus
1604 4382 1702 4423 eos
1732 4368 1991 4439 Christus

2106 4371 2186 4434 λές
2215 4388 2272 4423 τε
2310 4370 2401 4423 καὶ
2448 4368 2650 4437 κοῦφον
2685 4368 2871 4431 αὐτοῖς
2905 4368 3221 4423 ὑποτίθεται
3257 4371 3463 4440 ῥᾴστην
3494 4371 3681 4435 αὐτοῖς

332 4456 361 4517 ,ξ
411 4449 480 4503 ad
519 4452 762 4520 perditas
812 4453 1048 4522 primum
1081 4453 1300 4510 lsraelis
1351 4470 1503 4521 oves,
1538 4463 1653 4511 tum
1703 4458 1769 4513 ad
1800 4469 1990 4526 gentes

2106 4463 2195 4535 τὴν
2245 4463 2475 4533 πορείαν
2522 4461 2721 4515 ποιῶν*
2773 4461 2940 4531 μηδὲν
2989 4462 3159 4532 ἄρητε
3207 4464 3348 4517 κατὰ
3376 4465 3474 4534 τὴν
3523 4465 3676 4518 ὀδόν·

350 4544 361 4585 ἱ
406 4541 562 4610 jubet
593 4545 873 4613 proﬁcisci
910 4545 978 4600 ⁸¹.
1009 4546 1165 4612 Quod
1199 4555 1255 4602 ut
1288 4547 1443 4603 ﬁeret
1480 4548 1699 4604 facilius
1741 4558 1795 4605 ct
1824 4566 1990 4621 cxpe-

358 4632 361 4635 ’
410 4635 602 4700 ditius,
634 4638 789 4698 nihil.
825 4639 971 4708 quod
1018 4639 1120 4695 iter
1174 4640 1486 4711 impediret,
1539 4658 1845 4707 assumere,
1877 4661 1985 4700 non

410 4740 629 4791 aurum,
667 4742 773 4781 non
811 4738 1122 4799 argentum,
1176 4746 1285 4785 non
1337 4730 1567 4799 ferrum,
1622 4749 1729 4789 non
1772 4751 1985 4804 peram,

407 4833 519 4873 non
548 4820 762 4876 tunicas
790 4820 951 4885 duas,
981 4837 1090 4877 non
1124 4823 1403 4891 baculum,
1441 4840 1548 4880 non
1592 4827 1807 4883 calceos
1834 4829 1990 4884 deni-

2098 4558 2215 4624 καὶ,
2248 4557 2322 4627 μὴ
2353 4554 2630 4626 κτήσησθε
2668 4555 2888 4626 χρυσὸν,
2955 4556 3089 4625 μηδὲ
3135 4555 3396 4627 ἄργυρον,
3437 4557 3511 4628 μὴ
3541 4557 3677 4628 χαλ-

2096 4651 2214 4717 κὸν,
2267 4652 2340 4721 μὴ
2382 4651 2587 4720 πήραν,
2618 4649 2694 4719 μὴ
2743 4648 2837 4703 δύο
2886 4650 3142 4719 χιτῶνας,
3212 4651 3287 4720 μὴ
3326 4650 3544 4723 ῥάϐδον,
3600 4651 3676 4723 μὴ

2097 4742 2445 4812 ὑποδήματα.
2497 4741 2655 4794 Ὶέναι
2678 4741 2733 4794 δὲ
2761 4740 2975 4794 κελεύει
2996 4743 3146 4810 πρὸς
3176 4741 3349 4809 ἔθνος
3379 4744 3677 4812 μετέωρόν

2094 4852 2158 4889 τε
2197 4835 2292 4888 καὶ
2332 4833 2530 4898 ξένον,
2559 4835 2658 4887 καὶ
2689 4833 2841 4902 πρὸς
2868 4834 3022 4887 λαὸν
3047 4837 3337 4903 χαλεπόν.
3374 4837 3515 4906 Πρὸς
3547 4841 3676 4901 τοὺς

406 4925 517 4979 que
557 4911 843 4979 possidere
892 4916 1140 4982 permisit
1190 4915 1256 4968 θ’.
1290 4913 1452 4971 Jubet
1507 4934 1635 4972 vero
1679 4919 1745 4973 ad
1788 4930 1993 4990 gentem

2106 4928 2150 4976 ὲν
2175 4924 2354 4977 ἔθνεσι
2387 4924 2495 4995 γὰρ
2528 4925 2837 4991 ἁλλογενεῖς
2858 4921 3251 4978 ἀπεστέλλοντο
3283 4926 3498 4996 βέϐαιον
3520 4927 3674 4997 ἔχονο

404 5002 667 5058 excelsam
696 5016 745 5058 et
784 5008 1135 5075 peregrinam,
1182 5008 1539 5080 populumque
1586 5028 1794 5081 gravent
1822 5014 1990 5069 abire.

402 5093 570 5167 254⁹
624 5094 985 5152 Mittebantur
1022 5100 1166 5156 enim
1215 5100 1283 5155 ad
1317 5102 1656 5173 alienigenas
1701 5119 1827 5159 cum
1864 5121 1995 5175 gen-

404 5185 552 5241 tibus
587 5187 872 5259 degentes,
905 5193 996 5260 qui
1035 5192 1174 5246 nihil
1199 5202 1412 5247 certum
1457 5193 1783 5265 ﬁrmumque
1816 5196 1985 5253 habe-

2090 5032 2189 5080 τας
2242 5015 2415 5079 οὐδὲν,
2451 5014 2637 5085 ἀνέμῳ
2666 5014 2724 5067 δὲ
2770 5015 2872 5085 τῆς
2905 5015 3168 5069 πολυθέου
3202 5017 3409 5087 πλάνης
3444 5037 3673 5089 περιφε-

2094 5109 2390 5179 ρουμένους
2418 5109 2600 5170 παντὶ,
2632 5108 2726 5161 καὶ
2757 5109 3012 5177 χαλεπῶς
3034 5109 3258 5181 ἔχοντας
3289 5115 3423 5183 πρὸς
3449 5115 3668 5178 αὐτούς.

2094 5200 2207 5255 Καὶ
2237 5199 2505 5253 διέϐαινον
2551 5201 2714 5272 μέχρι
2744 5202 2854 5254 τῶν
2892 5203 3141 5271 περάτων
3172 5207 3269 5271 τῆς
3304 5207 3431 5277 γῆς,
3465 5207 3494 5261 ὃ
3519 5208 3671 5279 δηλοί

404 5277 571 5345 bant;
604 5282 697 5335 sed
733 5281 825 5350 qui
859 5285 1068 5339 erroris
1102 5294 1262 5339 ventu
1297 5284 1526 5340 deorum
1568 5287 1983 5344 multitudinem

2106 5291 2172 5356 ιδ,
2204 5292 2297 5357 τίς
2350 5289 2538 5344 αὑτοῦ
2578 5291 2894 5358 ἐπέκεινα;
2942 5294 3061 5347 ἀνθ’
3102 5291 3163 5349 οὗ
3213 5298 3512 5369 Σύμμαχος
3539 5277 3669 5369 μεθ’

367 5364 707 5434 ὀρίτοηιὶε,
761 5371 1329 5441 circumferebantur;
1392 5375 1537 5431 unde
1586 5393 1781 5447 graves
1846 5380 1982 5450 ipsis

2106 5384 2164 5439 ὃν
2198 5386 2309 5439 οὐκ
2344 5383 2518 5438 ἔστιν
2540 5384 2821 5439 ἐπέκεινα
2866 5386 3033 5455 λέγει.
3078 5387 3251 5444 Τοῦτο
3292 5393 3347 5445 δὲ
3403 5396 3464 5447 τὸ
3516 5395 3668 5460 ἔθνος

407 5456 627 5512 ﬁebant.
661 5458 774 5515 lmo
798 5463 866 5517 ad
896 5464 1118 5520 ultimos
1144 5467 1298 5522 orbis
1335 5484 1507 5538 usque
1546 5469 1749 5526 limites
1789 5489 1986 5544 perve-

2094 5473 2417 5528 ἁνέλπιστον
2445 5470 2532 5546 ἦν,
2560 5476 2698 5529 κατὰ
2726 5477 2815 5530 τὶν
2854 5479 3179 5534 Ἀπόστολον
3208 5484 3453 5551 εἰπόντα,
3480 5486 3668 5540 ἐλπίδα

475 5565 695 5659 'ZnPsal.
732 5587 886 5639 xxix,
926 5574 975 5627 6.
1056 5576 1100 5607 ⁷⁸
1132 5577 1301 5633 Exod.
1333 5596 1463 5648 xvtt,
1493 5582 1636 5639 8-13.
1715 5586 1758 5617 ⁷⁹
1799 5588 1914 5640 Act.
1958 5604 2004 5645 Χ]

2109 5604 2148 5648 ι,
2190 5588 2277 5639 2i.
2356 5588 2401 5619 ⁸ο
2429 5588 2588 5659 ibitL,
2637 5591 2727 5644 ξιξ.
2805 5592 3061 5648 “Matth.
3099 5611 3185 5656 xv.
3229 5595 3298 5651 24
3398 5597 3442 5629 ⁸³
3474 5598 3658 5657 Matth.

401 5638 573 5734 an“).
