4022 6210
344 390 484 456 2133
1443 398 1983 463 COMMENTARII
2027 405 2108 464 IN
2154 406 2443 466 ISAIAM.

3472 411 3632 474 ρων

345 410 484 456 213-5
1443 410 1918 463 UUMMENTAH

345 503 418 574 μὴ
454 502 670 572 ἔχοντες
733 502 827 555 καὶ
878 503 1029 557 ἀθεοι
1063 505 1121 557 ὲν
1175 505 1385 578 κόσμῳ.
1425 503 1496 580 ᾯ
1543 510 1606 581 δὴ
1659 514 1927 584 σύμφωνα

2033 410 2106 464 [Ν
2154 410 2443 466 ISAIAM.
3472 410 3614 516 Qui

2034 526 2254 584 nerunt,
2313 527 2372 573 ut
2425 517 2587 574 docet
2634 521 2997 589 sequentibus
3053 522 3258 588 verbis,
3317 522 3448 578 dum
3501 527 3614 594 quis

340 592 547 684 προῖὼν
593 594 622 646 6
652 595 942 665 προφήτης
987 597 1122 666 ἐρεῖ,
1155 597 1247 650 καὶ
1288 600 1336 651 οἱ
1367 600 1775 673 ἁπηλπισμένοι
1818 605 1926 659 τῶν

2033 608 2175 662 ultra
2216 609 2368 662 illum
2405 610 2497 673 sit,
2529 609 2727 680 quaerit
2762 628 2776 665 :
2807 627 3041 681 quorum
3087 613 3210 669 loco
3249 592 3619 684 Symmachus

337 683 647 752 ἀνθρώπων
695 685 1180 757 ἑμπλησθήσονται
1233 689 1577 764 εὐφροσύνης
1611 712 1625 726 ο
1677 696 1813 768 ὅπερ
1859 693 1928 769 ἦν

339 775 516 839 ἔθνος
563 774 660 827 καὶ
714 775 820 828 ὑπὸ
868 775 963 830 τοῦ
1015 776 1266 832 διαϐόλου
1325 784 1924 853 καταπεπατημένον.

341 863 788 936 Παραθαρῤύνων
843 864 899 918 δὲ
948 865 1171 930 τούτους
1226 871 1381 939 φησὶ,
1413 871 1532 926 νῦν
1571 876 1626 926 οἱ
1673 877 1926 946 ποταμοὶ

339 953 443 1022 τῆς
485 954 596 1024 γῆς
619 956 715 1008 ἐπὶ
747 955 822 1024 τῇ
845 957 1097 1026 ὑμετέρᾳ
1121 962 1330 1028 πορείᾳ
1360 965 1926 1031 κατοικηθήσονται.

338 1046 654 1115 Ποταμοὺς
698 1047 873 1116 λέγων
917 1049 1028 1103 τῶν
1076 1052 1154 1112 εἰς
1192 1050 1327 1105 Θεὸν
1379 1054 1824 1126 ἐπιστρεφόντων
1871 1057 1930 1111 τὸ

340 1139 570 1208 πλῆθος,
610 1141 800 1210 ῶσπερ
827 1135 920 1193 οῦν
943 1142 1038 1194 καὶ
1067 1143 1263 1212 χώρας
1304 1145 1532 1212 τούτων,
1567 1148 1666 1210 τὰς
1698 1149 1929 1220 Ἐκκληο

342 1232 485 1294 σίας.
529 1229 617 1295 Ὠς
641 1231 749 1301 γὰρ
787 1231 991 1301 κύμασι
1028 1232 1304 1305 θαλάττης
1337 1239 1758 1309 τεταραγμένης
1803 1242 1930 1306 τοὺς

339 1323 602 1385 ἀπίστους
620 1325 875 1394 ἀνωτέρω
893 1325 1232 1394 παρέϐαλλεν
1255 1345 1268 1358 ο
1285 1328 1428 1382 οὕτω
1444 1329 1539 1382 νῦν
1562 1332 1686 1396 τοὺς
1705 1333 1930 1398 πιστοὺς

339 1414 566 1482 γλυκέσι
623 1415 910 1485 ποταμοῖς
944 1417 1225 1482 εὐσταθῶς
1277 1422 1646 1490 κινουμένοις,
1699 1426 1826 1496 περὶ
1855 1418 1931 1479 ὧν

340 1506 575 1576 ἀλλαχοῦ
629 1525 822 1578 φησιν·
861 1526 879 1560 t
923 1509 1168 1580 Ἐπῆραν
1213 1513 1261 1564 οἱ
1307 1516 1564 1586 ποταμοὶ,
1598 1516 1793 1589 Κύριε,
1833 1521 1931 1572 ἐπ-

343 1599 479 1667 ῆραν
497 1601 544 1652 οε
571 1600 807 1670 ποταμοὶ
836 1601 1019 1670 φωνὰς
1039 1603 1241 1658 αὐτῶν.
1274 1623 1292 1655 ι
1323 1606 1454 1667 Καὶ.
1487 1627 1504 1658 ι
1533 1610 1776 1680 Ποταμοὶ
1802 1627 1932 1681 κρο⁹

341 1690 562 1759 τήσουσι
589 1694 779 1762 χεῖρας
827 1694 919 1746 ἐπὶ
968 1693 1028 1747 τὸ
1080 1696 1235 1749 αὑτό.
1285 1715 1306 1750 ι
1342 1698 1404 1751 Οἳ
1462 1700 1726 1770 πρότερον
1779 1701 1933 1764 ὄντες

340 1779 609 1850 ἀοίκητοι,
668 1782 939 1853 ἀλλότριοι
984 1779 1124 1856 ἦσαν
1169 1785 1330 1851 Θεοῦ,
1385 1789 1592 1861 ἔρημός
1637 1807 1695 1843 τε
1749 1791 1930 1845 αὐτῶν

2028 707 2146 768 post
2174 716 2325 770 quem
2359 716 2460 755 non
2498 701 2644 756 ultra
2674 701 2857 756 haberi
2901 703 3301 773 interpretatus
3338 711 3442 760 est.
3491 703 3621 759 Erat

2033 805 2162 844 vero
2213 806 2345 860 gens
2378 791 2480 845 ista
2529 793 2646 847 sine
2682 809 2800 863 spe,
2832 793 3024 864 quales
3065 793 3100 847 ii
3134 801 3286 860 sunt,
3329 810 3469 865 quos
3517 810 3618 851 nec

2033 879 2192 934 ﬁdem
2241 899 2340 936 nec
2390 881 2556 938 Deum
2598 883 2651 937 in
2703 884 2912 938 mundo
2953 884 3155 940 habere
3199 885 3335 940 dicit
3384 887 3618 956 Aposto-

2035 970 2120 1026 lus
2145 971 2209 1024 ⁸³.
2239 972 2339 1026 Cui
2387 982 2536 1028 certe
2583 989 2691 1027 non
2730 974 2835 1028 erit
2871 973 3006 1028 illttd
3051 974 3436 1046 incongruum,
3472 978 3617 1046 quod

2034 1078 2268 1133 pergens
2301 1072 2538 1134 apponet
2566 1065 2856 1135 propheta,
2893 1081 3018 1120 cum
3057 1081 3166 1120 non
3199 1081 3297 1136 spe
3325 1065 3620 1122 destitutos

2034 1154 2286 1210 homines
2317 1156 2503 1210 laetitia
2535 1156 2816 1226 impletum
2853 1157 2919 1210 iri
2945 1154 3126 1222 dicet;
3158 1155 3340 1226 qualis
3372 1157 3462 1210 illa
3495 1173 3620 1227 gens

2033 1247 2265 1313 exstitit,
2297 1263 2418 1317 quae
2463 1263 2492 1300 a
2544 1247 2765 1302 diabolo
2819 1247 3132 1302 conculcata
3161 1257 3261 1302 est.
3306 1246 3416 1303 [los
3439 1257 3620 1303 autem

2033 1345 2094 1393 ut
2147 1339 2441 1404 conﬁdere,
2498 1340 2755 1410 bonoque
2808 1355 2931 1396 esse
2988 1340 3173 1396 animo
3237 1339 3422 1407 faciat,
3478 1356 3618 1394 nunc

2031 1430 2182 1498 ﬂuvii
2211 1438 2363 1484 terrtc
2403 1430 2457 1482 in
2492 1439 2666 1484 vestra
2709 1431 2795 1482 via
2829 1427 3209 1482 habitabantur
3239 1427 3471 1498 adjicit;
3514 1427 3621 1496 ﬂu-

2034 1521 2236 1574 uiorum
2293 1520 2536 1584 nomine,
2581 1535 2772 1575 eorum
2819 1517 3227 1574 multitudinem
3283 1518 3620 1589 intelligens,

2033 1613 2125 1684 qui
2157 1612 2224 1667 ad
2250 1612 2417 1667 Deum
2444 1612 2852 1678 confluxerunt,
2896 1619 2956 1665 ut
2991 1621 3044 1666 et
3081 1612 3356 1681 regionum
3387 1609 3624 1680 appella-

2034 1705 2185 1761 tione
2214 1703 2495 1760 Ecclesias
2528 1708 2677 1776 ipsas
2710 1704 3064 1774 signiﬁcavit.
3106 1700 3264 1757 Sicut
3305 1701 3450 1757 enim
3494 1701 3620 1756 inﬁ-
3715 1695 3717 1697 ’

2033 1797 2184 1854 deles
2208 1804 2366 1852 antea
2388 1797 2592 1866 agitato
2620 1797 2757 1850 mari
2790 1796 3001 1852 similes
3054 1794 3204 1860 fecit,
3246 1796 3327 1850 sic
3349 1801 3402 1849 et
3431 1792 3624 1850 ﬁdeles

339 1871 646 1936 θεοσεϐείας
672 1876 708 1942 ἡ
735 1873 895 1943 χώρα
917 1893 929 1906 ’
964 1877 1175 1946 ἥντινα,
1197 1880 1436 1945 καὶτοὺς
1465 1884 1766 1952 ποταμοὺς
1785 1901 1924 1939 κατ-

2033 1891 2136 1961 iam
2172 1891 2428 1945 dulcibus
2470 1889 2627 1959 aquis
2672 1888 2994 1956 sedatisque
3037 1885 3349 1955 ﬂuminibus
3393 1899 3622 1956 compa-

342 1966 627 2020 οικεῖσθαι
679 1970 897 2040 ποιήσει
939 1971 998 2024 τὸ
1043 1973 1308 2044 ὑμέτερον
1355 1976 1638 2048 κήρυγμα.
1670 1979 1781 2031 Καὶ
1827 1979 1921 2033 τοῦ

345 2056 579 2125 σταυροῦ
627 2058 692 2111 τὸ
718 2061 974 2130 σημεῖον
1001 2061 1172 2128 οὓτως
1196 2063 1349 2119 ἔσται
1375 2067 1510 2120 πᾶσι
1536 2068 1822 2138 πρόδηλον,
1847 2070 1922 2134 ὡς

340 2149 429 2201 ἐπ’
458 2151 636 2218 ὄρους
692 2155 1061 2224 ἰιψούμενον.
1095 2158 1204 2210 Καὶ
1260 2158 1593 2228 σάλπιγγος
1642 2158 1814 2231 ἦχος,
1860 2165 1922 2216 τὺ

341 2242 604 2314 ὑμέτερον
641 2240 780 2299 εἶναι
808 2247 979 2313 δόξειε
1010 2249 1275 2320 κήρυγμα
1317 2253 1449 2305 πᾶσι
1475 2253 1685 2326 χωροῦν
1724 2258 1805 2319 εἰς
1829 2257 1923 2308 ὲπ-

337 2337 519 2404 ήκοον.
558 2334 693 2393 Εἶτα
739 2339 978 2393 διδάσκει
1017 2341 1130 2404 πῶς
1163 2343 1452 2414 ἀταράχως
1505 2347 1790 2400 οἰκεῖσθαι
1829 2346 1920 2399 δυ-

337 2430 579 2498 νήσεται.
621 2431 699 2501 Τῇ
758 2431 866 2501 γάρ
929 2431 1047 2499 ἰδίᾳ
1095 2434 1269 2488 πόλει
1325 2439 1554 2507 χορηγεῖ
1605 2437 1736 2502 Θεὸς
1805 2436 1920 2504 τὴν

338 2519 702 2588 ἀσφάλειαν,
729 2521 803 2586 ὡς
835 2523 1061 2587 εἰκότως
1097 2525 1349 2595 εἰρῆσθαι
1371 2526 1500 2597 περὶ
1524 2527 1692 2598 αὐτῆς
1713 2545 1726 2558 ο
1768 2546 1788 2579 ε
1827 2535 1920 2580 As-

337 2608 641 2680 δοξασμένα
693 2614 930 2686 ἐλαλήθη
981 2617 1110 2688 περὶ
1158 2617 1250 2670 σοῦ
1301 2620 1333 2690 ή
1369 2619 1521 2683 πόλις
1565 2620 1658 2674 τοῦ
1701 2621 1857 2686 Θεοῦ,
1894 2640 1912 2672 ι

339 2702 453 2764 καὶ,
499 2721 517 2753 ι
555 2703 660 2756 Τοῦ
708 2706 956 2776 ποταμοῦ
987 2708 1054 2760 τὰ
1093 2709 1392 2779 όρμήματα
1412 2711 1768 2784 εὐφραίνουσι
1817 2711 1916 2784 τὴν

341 2794 494 2848 πόλιν
525 2796 618 2850 τοῦ
651 2799 805 2853 Θεοῦ.
848 2818 868 2851 ι
908 2800 996 2852 Ἐν
1088 2801 1184 2854 καὶ
1211 2801 1338 2870 φῶς
1367 2804 1425 2856 οὐ
1453 2805 1514 2858 τὸ
1539 2804 1699 2875 τυχὸν
1731 2804 1906 2869 ἔσται,

342 2886 452 2940 ἀλλ’
484 2890 661 2954 ἐοικὸς
700 2891 854 2959 ἡλίῳ
883 2894 1288 2964 μεσημϐρινῷ.
1340 2898 1452 2952 Καὶ
1496 2897 1734 2962 ἀϐλαϐὲς
1768 2875 1939 2953 ἔσται’

339 2983 448 3044 τοῖς
475 2983 642 3053 δρῶσι
677 2985 830 3054 φησι.
860 2987 964 3040 Σὺν
990 2988 1139 3059 αὐτῴ
1164 2991 1274 3060 γὰρ
1305 2990 1396 3045 καὶ
1425 2989 1653 3060 νεφέλη
1691 2988 1919 3058 δρόσου

338 3075 647 3144 γενήσεται.
685 3078 797 3132 Καὶ
857 3078 984 3149 εοῶς
1016 3081 1116 3151 μὲν
1161 3082 1190 3134 6
1216 3081 1310 3135 τοῦ
1357 3082 1490 3136 Θεοῦ
1517 3082 1713 3153 Λόγος,
1749 3082 1777 3135 6
1817 3083 1920 3154 τὴν

352 3167 680 3240 Ἐκκλησίαν
701 3171 972 3240 φωτίζων.
1002 3172 1244 3242 Νεφέλη
1275 3172 1343 3228 δὲ
1364 3173 1591 3244 δρόσου
1617 3176 1679 3229 τὸ
1696 3172 1921 3244 Πνεῦμα

338 3262 400 3312 τὸ
433 3261 610 3330 ἅγιον,
641 3263 961 3328 ὲπισκιὰζον
982 3266 1095 3328 τοῖς
1127 3263 1204 3336 μὴ
1251 3265 1574 3338 δυναμένοις
1607 3266 1704 3337 τὴν
1748 3266 1926 3338 ἄκραν

340 3352 437 3406 τοῦ
468 3355 812 3424 Μονογενοῦς
844 3356 1098 3428 χωρῆσαι
1129 3357 1430 3428 θεολογίαν.

2027 1982 2186 2036 ravit.
2240 1981 2314 2036 De
2346 1980 2432 2036 his
2459 1989 2512 2034 et
2553 1979 2682 2033 alibi
2737 1979 2992 2050 legimus,
3038 1995 3165 2034 cum
3200 1979 3276 2033 ait
3309 1997 3321 2032 :
3369 1997 3386 2029 ι
3423 1977 3622 2032 Ειθνοο

2025 2082 2221 2130 verunt
2273 2071 2522 2137 flumina,
2603 2069 2888 2138 Domine,
2966 2072 3323 2126 elevaverunt
3397 2068 3622 2125 ﬁumina

2024 2181 2213 2220 vocem
2259 2180 2414 2219 suam
2462 2164 2530 2230 “,
2577 2183 2596 2216 ι
2631 2173 2684 2218 et
2722 2180 2734 2216 :
2774 2181 2793 2214 ι
2835 2161 3087 2218 Flumina
3141 2163 3406 2234 plaudent
3453 2177 3618 2217 manu

2026 2257 2188 2313 simul
2219 2257 2286 2310 ⁸⁵.
2333 2275 2351 2308 ι
2386 2256 2514 2310 Ideo
2545 2257 2833 2324 nimirum,
2865 2255 3010 2326 quod
3041 2270 3167 2310 cum
3206 2256 3359 2326 prius
3396 2255 3622 2309 minime

2025 2351 2428 2412 habitarentur,
2460 2364 2487 2402 a
2524 2346 2633 2404 Deo
2669 2347 2881 2402 alienos
2913 2362 3058 2408 esse,
3110 2354 3162 2403 et
3200 2347 3463 2416 regionem
3507 2345 3622 2415 pie-

2024 2451 2133 2498 tate
2168 2457 2358 2498 carere
2390 2440 2744 2510 contingebat
2775 2455 2788 2492 :
2821 2453 2992 2511 quam
3040 2437 3176 2507 jam,
3217 2439 3447 2508 ipsaque
3477 2438 3619 2492 adeo

2021 2534 2249 2604 ﬂumina
2291 2541 2471 2588 vestra
2522 2530 2761 2584 habitari
2806 2527 2973 2584 faciet
3028 2527 3311 2600 Evangelii
3371 2528 3619 2598 promul-

2023 2627 2194 2698 gatio.
2225 2623 2304 2679 Ita
2340 2622 2541 2680 deinde
2571 2621 2760 2679 crucis
2784 2619 3140 2676 manifestum
3172 2630 3226 2675 et
3255 2619 3618 2690 conspicuum

2021 2724 2232 2793 signum
2257 2718 2510 2774 futurum
2532 2725 2642 2782 est,
2673 2715 2816 2770 utin
2846 2722 3020 2770 monte
3049 2714 3279 2778 eletari;
3306 2713 3381 2768 ita
3428 2726 3624 2767 rursus

2023 2815 2260 2868 buccina:
2289 2826 2451 2866 sonus
2493 2810 2696 2881 ingens
2725 2807 2988 2873 futurus;
3022 2814 3081 2862 ut
3108 2807 3180 2861 ab
3213 2805 3494 2870 omnibus,
3528 2803 3622 2872 qui

2023 2905 2315 2962 attendere
2344 2903 2543 2966 velint,
2576 2900 2835 2958 exaudiri
2877 2898 3044 2955 facile
3076 2907 3131 2954 et
3160 2897 3394 2968 intelligi
3433 2906 3624 2951 vestra

2022 3005 2188 3067 queat
2232 2991 2578 3064 praedicatio.
2634 2988 2868 3054 Deinde,
2903 3002 3014 3058 qua
3062 2987 3280 3042 ratione
3323 2994 3441 3041 tuto
3467 2984 3628 3037 habi-

2026 3085 2134 3140 tari
2165 3084 2366 3154 possit,
2411 3079 2680 3138 ostendit.
2725 3077 2915 3151 Neque
2956 3079 3104 3134 enim
3157 3079 3423 3132 civitatem
3466 3091 3625 3130 suam

2030 3175 2120 3245 (de
2150 3189 2259 3246 qua
2291 3193 2309 3227 ι
2333 3175 2590 3230 Gloriosa
2621 3172 2770 3228 dicta
2798 3180 2930 3227 sunt
2963 3169 3031 3225 de
3059 3177 3136 3234 te,
3160 3169 3356 3224 civitas
3386 3167 3483 3223 Dei
3517 3167 3620 3230 ης»

2033 3275 2088 3324 et
2120 3282 2316 3322 rursus
2353 3282 2367 3318 :
2406 3284 2425 3317 ι
2463 3263 2736 3320 Fluminis
2765 3263 3008 3330 impetus
3044 3260 3400 3315 laetiﬁcabunt
3429 3258 3625 3314 civita-

2039 3368 2146 3415 tem
2184 3357 2278 3412 Dei
2307 3357 2377 3418 ⁸⁷,
2425 3375 2442 3407 ι
2493 3353 2750 3426 legimus)
2791 3370 2807 3406 :
2839 3355 3126 3410 securitate
3166 3367 3358 3408 carere
3388 3351 3625 3422 patietur

342 3442 629 3502 Dominus.
666 3445 773 3502 Nec
795 3455 880 3504 est
907 3450 1052 3518 quod
1076 3450 1131 3505 in
1153 3466 1214 3507 ea
1244 3453 1463 3524 vulgare
1495 3453 1669 3508 lumen
1704 3453 1921 3523 aliquod
1961 3461 2252 3521 exspectes
2279 3469 2294 3517 ;
2327 3450 2426 3508 sed
2462 3450 2626 3520 quale
2658 3448 2955 3504 meridiana
2983 3447 3117 3510 luce,
3184 3447 3340 3501 nullo
3407 3445 3626 3499 intuen-

344 3537 479 3590 tium
505 3537 815 3607 dispendio,
853 3542 990 3596 reris
1025 3541 1162 3598 nube
1220 3554 1583 3616 temperatum
1637 3547 2002 3616 conspicitur.
2043 3544 2208 3616 255
2238 3543 2449 3599 Lumen
2505 3553 2591 3599 est
2639 3543 2705 3598 ad
2737 3544 2852 3597 btcc
2897 3549 2952 3596 et
3003 3540 3180 3610 ipsum
3234 3537 3327 3594 Dei
3360 3536 3618 3598 Verbum.

345 3629 487 3698 quod
535 3631 832 3689 Ecclesiam
878 3635 1154 3702 illustrat;
1204 3644 1265 3691 ut
1315 3639 1454 3692 roris
1501 3639 1662 3692 nubes
1707 3647 1932 3693 sanctus
1970 3638 2087 3708 ipse
2117 3636 2381 3705 Spiritus,
2415 3651 2524 3706 quo
2563 3632 3156 3702 iiinumbranlur,qui
3227 3629 3293 3684 ad
3357 3644 3625 3684 summam

353 3725 614 3795 unigeniti
659 3726 781 3782 Filii
838 3728 1184 3787 divinitatem
1255 3730 1544 3786 intendere
1597 3731 1770 3785 aciem
1825 3746 1933 3787 non
1969 3739 2216 3801 possent.

417 3821 573 3876 Οῦτω
604 3823 714 3895 γὰρ
743 3826 805 3880 τὸ
843 3827 1050 3899 ταύτης
1097 3829 1338 3899 ἄκρατον
1371 3828 1714 3899 κεκραμένον
1750 3827 1924 3894 ἔσται,

346 3911 434 3966 διὰ
463 3913 560 3985 τὴν
589 3915 684 3968 τοῦ
732 3916 880 3970 θείου
911 3918 1232 3990 Πνεύματος
1272 3918 1463 3989 ῶσπερ
1491 3919 1636 3982 τινος
1668 3921 1929 3988 νεφέλης

347 4004 680 4078 ὑποδρομὴν.
711 4009 891 4081 Ἀπερ
933 4009 1108 4077 ἔσται,
1145 4011 1299 4081 φησὶ,
1335 4011 1450 4078 πρὸ
1481 4009 1588 4065 τοῦ
1621 4011 1928 4080 θερισμοῦ,

346 4095 446 4159 τὰς
471 4099 528 4152 εν
556 4103 680 4162 ταῖς
725 4099 1073 4171 Ἐκκλησίαις
1102 4101 1200 4154 τοῦ
1229 4101 1363 4155 Θεοῦ
1385 4101 1562 4172 δηλῶν
1584 4102 1740 4172 δίκην
1766 4103 1931 4156 ἀστα-

346 4187 492 4258 χύων
523 4190 852 4257 ἀνθούσας,
888 4193 1032 4246 καθὰ
1074 4195 1376 4263 προύλεγε·
1410 4195 1505 4248 καὶ
1546 4213 1565 4246 ι
1602 4195 1926 4267 Εὐφρανθή-

348 4297 531 4334 σονται
559 4281 789 4336 ἐνώπιόν
815 4301 931 4350 σου,
955 4285 1031 4348 ὡς
1051 4285 1100 4338 οἱ
1128 4285 1548 4356 εὐφραινόμενοι
1573 4286 1631 4340 ὲν
1657 4287 1875 4358 ἀμητῳο
1903 4307 1922 4340 ι

345 4370 415 4434 ἃς
474 4372 674 4436 λευκὰς
705 4372 889 4445 χώρας
921 4376 1085 4444 φησὶν
1116 4377 1144 4428 6
1190 4375 1380 4447 Σωτὴρ
1411 4375 1673 4446 δεομένας
1720 4377 1930 4430 πολλῶν

347 4463 618 4534 ἐργατῶν.
665 4465 775 4518 Καὶ
804 4465 978 4520 ταῦτα
1013 4467 1112 4537 μὲν
1157 4467 1313 4520 ἔσται
1346 4468 1476 4538 περὶ
1521 4467 1620 4538 τὴν
1657 4467 1752 4521 τοῦ
1795 4467 1932 4522 Θεοῦ

349 4559 532 4610 πόλιν
573 4558 680 4628 πρὸ
712 4559 810 4628 τῆς
843 4559 1223 4624 συντελείας.
1247 4559 1403 4614 Μετὰ
1432 4559 1490 4612 δὲ
1523 4561 1616 4614 τοῦ
1662 4562 1933 4632 παρόντος

351 4647 466 4717 βίου
502 4648 609 4702 τὸν
650 4650 954 4720 θερισμὸν,
1005 4652 1099 4705 καὶ
1145 4651 1319 4721 αὐτῆς
1359 4652 1600 4723 ἀκράτου
1645 4653 1932 4722 μεθέξουσι

2104 3827 2180 3882 Ita
2211 3828 2358 3883 enim
2394 3827 2563 3880 divini
2617 3825 2862 3896 Spiritus
2893 3825 3122 3887 auxilio,
3169 3831 3428 3894 tanquam
3478 3827 3630 3880 nubis

2030 3919 2276 3990 alicujus
2335 3918 2642 3984 ell‘usione,
2719 3917 2842 3988 ejus
2917 3916 3324 3986 temperabitur
3396 3918 3628 3986 puritas.

2031 4011 2213 4080 Atque
2244 4011 2360 4065 haec
2405 4009 2628 4079 quidem
2661 4011 2856 4072 ferunt,
2899 4007 3096 4076 inquit,
3138 4015 3262 4059 ante
3297 4021 3536 4071 meeum,
3572 4017 3631 4058 ut

2034 4104 2092 4159 in
2126 4103 2221 4160 Dei
2251 4102 2541 4166 Ecclesiis,
2574 4102 2854 4173 spicarum
2893 4115 3042 4154 more
3068 4100 3321 4166 ﬂorentes
3350 4097 3631 4168 signiﬁca-

2034 4205 2140 4261 ret,
2200 4195 2346 4252 sicut
2391 4202 2576 4256 antea,
2639 4207 2764 4248 cum
2807 4212 2825 4245 ι
2885 4190 3249 4247 Laetabuntur
3309 4204 3495 4244 coram
3553 4197 3627 4254 te,

2035 4296 2298 4358 tanquam
2341 4286 2433 4356 qui
2463 4287 2713 4342 laztantur
2764 4285 2820 4339 in
2866 4298 3048 4340 messe
3095 4283 3162 4349 ⁸⁸,
3202 4302 3221 4336 ι
3263 4281 3436 4347 dixit;
3497 4293 3630 4353 quas

2037 4381 2202 4436 etiam
2231 4377 2490 4448 regiones
2519 4377 2799 4434 albescere
2825 4376 2894 4443 ”,
2936 4385 2992 4432 et
3015 4376 3286 4445 operariis
3321 4376 3510 4431 multis
3546 4376 3630 4428 in-

2041 4470 2227 4541 digere
2277 4471 2324 4503 ”
2368 4471 2487 4540 ipse
2536 4467 2700 4524 etiam
2755 4467 2943 4523 docuit
2986 4466 3258 4522 Salvator.
3307 4467 3486 4537 Atque
3515 4466 3629 4521 hate

2039 4562 2258 4632 quidem
2290 4562 2357 4617 de
2387 4560 2481 4617 Dei
2507 4560 2719 4617 civitate
2753 4571 2880 4617 ante
2907 4561 3418 4616 consummationem
3446 4560 3629 4614 futura

2041 4663 2193 4711 sunt.
2252 4654 2384 4710 Post
2434 4664 2617 4710 autem
2679 4654 2845 4724 hujus
2891 4653 3018 4708 vita:
3061 4669 3302 4716 messem,
3355 4661 3408 4706 et
3463 4667 3629 4708 mene

347 4742 447 4810 τῆς
479 4741 732 4811 θεότητος
763 4743 813 4796 οἱ
846 4742 941 4796 τοῦ
981 4742 1197 4809 τέλους
1233 4743 1442 4797 ἐκείνου
1491 4743 1927 4814 καταξιούμενοι.

2041 4749 2266 4805 deitatis
2311 4749 2546 4804 evadent
2586 4747 2888 4817 participes
2928 4745 3021 4816 qui
3072 4745 3239 4814 hujus
3285 4759 3632 4799 consumma:

351 4833 480 4886 Ὅτε
511 4835 602 4886 καὶ
625 4833 897 4905 διάκρισις
923 4834 1032 4888 τῶν
1063 4838 1120 4889 ὲν
1146 4837 1212 4906 τῇ
1242 4835 1336 4888 τοῦ
1367 4837 1502 4890 Θεοῦ
1553 4837 1937 4908 συναγομένων

360 4925 658 4997 Ἐκκλησέᾳ
703 4927 1020 4998 γενήσεται,
1070 4928 1180 4981 τῶν
1221 4928 1492 4998 περιττῶν
1537 4932 1636 5001 τῆς
1682 4929 1933 5001 ἀμπέλου

325 5017 685 5086 .κλημάτων,
730 5019 826 5072 καὶ
855 5020 962 5072 τῶν
1005 5021 1062 5072 ἐν
1095 5019 1230 5090 αὐτῇ
1263 5021 1546 5087 βοτρύων
1571 5023 1930 5092 ἀφαιρουμέ-

346 5125 488 5175 νων,
527 5111 606 5172 εἰς
637 5109 806 5180 βοράν
837 5129 898 5167 τε
921 5113 1043 5175 ταῖς
1074 5111 1426 5176 κολαστικαῖς
1456 5113 1814 5184 ὲκδιδομένων
1842 5117 1931 5170 δυ-

346 5203 597 5270 νάμεσιν,
632 5201 741 5255 τῶν
790 5203 846 5256 δὲ
877 5205 1245 5276 καρποφόρων
1275 5204 1465 5275 ψυχῶν
1509 5206 1610 5275 τῆς
1657 5207 1812 5276 παρὰ
1853 5207 1931 5278 τῷ

347 5292 466 5362 Θεῷ
515 5293 859 5364 τευξομένων
905 5295 1142 5359 ἐλπίδος.
1173 5295 1269 5360 Τίς
1320 5296 1376 5350 δὲ
1422 5295 1654 5366 ἀφέλει,
1706 5299 1800 5351 καὶ
1847 5298 1930 5362 τίς

350 5385 618 5454 ἐκκόψει,
666 5385 970 5456 δεδήλωκεν
1018 5387 1180 5450 αὐτὸς
1229 5389 1257 5440 6
1305 5387 1498 5460 Σωτὴρ
1534 5391 1808 5460 παριστὰς
1833 5390 1930 5460 τὴν

354 5474 592 5544 ἄμπελον
614 5477 706 5529 καὶ
723 5476 792 5530 τὰ
815 5477 1094 5548 κλήματα,
1117 5477 1243 5540 τούς
1266 5497 1323 5532 τε
1341 5479 1580 5548 ἀγαθοὺς
1614 5482 1708 5533 καὶ
1738 5483 1929 5552 ἀνονή-

354 5583 478 5630 τους
501 5569 775 5636 καρποὺς.
805 5570 1002 5639 λέγων’
1035 5590 1053 5622 ι
1103 5569 1246 5638 Ἐγώ
1270 5574 1387 5640 ειμι
1418 5573 1450 5641 ἡ
1478 5571 1722 5642 ἄμπελος
1748 5575 1779 5644 ἡ
1805 5574 1937 5644 ἀλη-

352 5659 495 5731 θινὴ,
527 5661 556 5710 6
590 5663 782 5732 Πατήρ
813 5679 914 5732 μου
946 5664 973 5716 6
999 5663 1266 5734 γεωργός.
1303 5681 1319 5714 ι
1353 5664 1468 5718 Πᾶν
1514 5664 1697 5734 κλῆμα
1728 5665 1788 5717 ἐν
1810 5665 1936 5734 ἐμοὶ

2041 4841 2201 4896 tionis
2233 4841 2383 4912 digni
2417 4839 2784 4911 reperientur,
2827 4854 2936 4910 quo
2983 4847 3232 4909 tempore
3262 4838 3628 4893 collectorum

2037 4933 2094 4988 in
2148 4933 2395 4989 Ecclesia
2443 4933 2534 4988 Dei
2592 4932 2893 4988 discrimen
2940 4931 3286 4987 habebitur:
3331 4930 3654 4996 amputatis,

2036 5024 2296 5079 nimirum
2346 5024 2638 5092 superfluis
2673 5023 2740 5079 de
2780 5025 2891 5077 vite
2936 5025 3244 5087 sarmentis,
3298 5021 3625 5086 sublatisque

2035 5115 2105 5169 ab
2142 5115 2335 5170 eodem
2379 5113 2682 5178 racemulis,
2723 5122 2778 5168 et
2823 5113 3107 5168 ultricibus
3153 5113 3207 5166 in
3250 5111 3431 5167 cibum
3466 5115 3648 5182 pote-V

2038 5207 2279 5264 statibus
2311 5205 2584 5274 abjectis;
2639 5205 2837 5261 animis
2872 5216 3080 5266 autem,
3114 5203 3207 5273 qui
3254 5203 3469 5256 fructus
3499 5197 3620 5254 edi-

2038 5299 2261 5360 derunt,
2306 5310 2406 5350 sua
2458 5309 2554 5364 spe
2609 5294 2662 5347 in
2717 5292 2825 5348 Deo
2871 5293 3225 5363 patientibus.
3271 5289 3406 5356 Quis
3438 5299 3622 5344 autem

2039 5397 2185 5446 esset
2211 5388 2513 5450 ablaturus,
2549 5401 2691 5455 quos
2715 5387 2841 5439 item
2879 5392 3275 5453 ainputaturus,
3303 5397 3409 5435 non
3455 5382 3620 5436 etiam

2042 5481 2292 5535 Salvator
2325 5479 2570 5549 ignorari
2598 5477 2790 5542 voluit,
2825 5492 2948 5530 cum
2981 5476 3049 5531 de
3082 5476 3210 5538 \ite,
3254 5475 3321 5528 de
3367 5489 3620 5529 sarmen-

2037 5575 2129 5636 tis,
2166 5572 2232 5626 de
2262 5570 2424 5626 bonis
2453 5569 2852 5639 inutilibusque
2893 5565 3165 5622 fructibus
3203 5568 3256 5621 in
3291 5566 3405 5622 haec
3453 5566 3619 5619 verba

2037 5666 2256 5719 locutus
2288 5668 2370 5716 est
2401 5677 2415 5716 :
2447 5679 2465 5713 ι
2498 5660 2608 5734 Ego
2643 5675 2762 5716 sum
2798 5660 2922 5714 vitis
2969 5675 3120 5725 vera,
3155 5658 3315 5713 Pater
3349 5674 3502 5713 meus
3534 5664 3620 5710 est

424 5772 468 5847 ‘3‘
496 5774 692 5843 Epltcs.
730 5791 788 5839 ll,
820 5777 902 5831 l2.
979 5777 1024 5847 ε’
1047 5776 1190 5831 l’sal.
1219 5794 1346 5844 xctt,
1376 5779 1428 5833 3.
1502 5780 1544 5812 ⁸⁵
1567 5778 1708 5834 Psal.
1739 5797 1900 5847 xcvu,
1934 5783 1984 5837 8.
2062 5779 2110 5810 ⁸⁸
2146 5777 2291 5832 Psal.
2325 5793 2542 5844 Lxxxw,
2569 5777 2620 5830 5.
2701 5775 2743 5807 ⁸⁷
2786 5773 2934 5831 Psal.
2967 5789 3087 5840 XLV,
3115 5774 3167 5828 5.
3242 5772 3289 5806 ⁸⁸
3322 5771 3423 5826 lsa.
3464 5785 3536 5831 ts,
3562 5769 3616 5820 5.

348 5846 395 5875 ³⁸
430 5842 584 5899 Joan.
621 5861 693 5912 μ’,
742 5847 829 5902 55.
911 5851 954 5879 ⁹⁹
989 5846 1121 5904 Luc.
1153 5864 1204 5916 x,
1231 5848 1284 5904 2.

2719 5972 2728 5977 .
2824 5949 2845 5976 ἦ
