4022 6210
360 283 504 347 2139

1699 280 2054 342 PROCOPII
2092 281 2336 341 GAZ.EI

3491 276 3638 340 2140

361 395 416 448 in
446 405 638 461 aprum
682 399 970 455 mutasset,
1001 395 1290 444 venantem
1334 387 1723 444 interemisse:
1767 386 1944 444 Vene—

2051 391 2179 462 ᾅδην
2229 391 2526 444 ἀνοίσουσα
2572 388 2664 442 τὸν
2715 387 3015 458 ἐρωμένον.
3061 388 3151 452 Ὠς
3196 387 3253 441 δέ
3311 389 3403 441 καὶ
3459 391 3490 459 ή
3538 387 3638 441 τοῦ

362 500 476 540 rem
509 492 692 538 autem
736 499 861 538 cum
896 483 1088 537 mortis
1131 481 1378 536 dolorem
1421 481 1564 536 ferre
1597 497 1704 536 non
1739 491 1946 551 posset,

362 575 527 626 etiam
559 573 627 626 ad
657 571 889 640 inferos,
923 581 986 626 ut
1028 571 1298 625 amasium
1336 571 1460 626 inde
1493 572 1746 638 referret,
1781 586 1951 641 pene-

359 671 567 718 trasse.
604 661 804 719 Verum
827 679 950 717 cum
985 671 1039 717 et
1079 662 1155 716 ibi
1190 663 1357 716 etiam
1389 677 1418 715 a
1441 660 1689 717 Plutonis
1716 662 1952 732 conjuge

364 753 609 808 adamari
640 753 892 808 emndem
918 751 1270 822 contigisset,
1305 767 1449 808 anno
1486 753 1541 806 in
1583 753 1692 808 duo
1721 753 1948 817 tributo,

364 854 427 898 ut
459 845 806 899 adolescente
828 859 924 900 sex
959 844 1242 899 mensibus
1282 845 1420 898 diva:
1447 843 1674 899 alternis
1704 843 1950 913 potiren-

367 946 456 990 tur
482 937 622 990 inter
654 935 874 990 easdem
922 937 1262 991 convenisse.
1301 934 1501 991 Postea
1538 951 1689 1002 vero,
1731 951 1856 989 cum
1897 935 1953 989 id

367 1041 587 1081 reversa
627 1027 821 1081 amicis
856 1037 1171 1093 narrasset,
1205 1027 1459 1082 instituta
1510 1027 1776 1082 festorum
1810 1028 1954 1082 cele-

329 1125 334 1175 ξ
366 1118 568 1172 britate
593 1119 738 1171 sicut
765 1125 925 1173 antea
950 1119 1282 1173 desiderium
1309 1119 1558 1175 absentis
1589 1117 1736 1173 luctu
1765 1117 1954 1174 testati

325 1165 333 1280 ξ
367 1207 607 1272 fuerant,
638 1211 859 1263 eosdem
893 1211 1190 1265 revertenti
1223 1225 1349 1266 esse
1378 1210 1821 1280 eongratulatos.
1861 1211 1954 1264 At-

321 1275 332 1338 ,
365 1316 472 1370 que
507 1301 698 1354 horum
732 1307 1029 1371 utrumque
1065 1303 1119 1356 in
1153 1311 1434 1372 posterum
1467 1302 1535 1356 ad
1564 1310 1756 1358 nostra
1788 1303 1953 1357 etiam

366 1407 546 1460 usque
593 1400 840 1461 tempora
869 1394 937 1461 (si
985 1393 1148 1462 hujus
1187 1396 1476 1448 sententia}
1521 1394 1734 1448 auctori
1773 1392 1956 1448 credi-

365 1483 515 1551 tnus)
543 1483 888 1537 Alexandria:
915 1484 1180 1538 celebrari
1229 1484 1540 1553 cujusmodi
1575 1485 1739 1537 ritum
1770 1484 1957 1553 orgio-

368 1590 490 1628 rum
523 1576 686 1629 etiam
731 1573 903 1629 Judaei
944 1591 1087 1629 verae
1120 1575 1340 1644 pietatis
1383 1577 1736 1630 immemores
1767 1583 1955 1644 postea

367 1665 474 1722 sibi
525 1673 970 1734 assumpserunt.
1020 1665 1153 1719 Nam
1207 1676 1261 1720 et
1315 1667 1460 1736 apud
1505 1666 1847 1721 Ezechielem
1902 1667 1953 1720 in

2053 481 2369 546 Πλούτωνος
2400 483 2609 552 ἁντήρα
2638 479 2830 535 τούτου
2871 479 3030 550 γυνὴ,
3061 479 3345 533 συνέθεντο
3374 480 3510 550 πρὸς
3543 478 3640 532 άλ-

2052 574 2219 645 λήλας
2261 573 2614 645 μερισθέντος
2661 575 2740 636 είς
2773 571 2868 625 δύο
2906 570 3001 623 τοῦ
3057 570 3226 634 ἔτους,
3277 571 3412 640 πρὸς
3462 570 3640 639 ήμισυ

2055 666 2293 718 συνεῖναι
2322 661 2400 734 τῷ
2429 662 2555 732 νέῳ.
2600 661 2686 724 Ὦς
2715 660 2770 714 δὲ
2801 661 3102 714 ἀνελθοῦσα
3132 659 3290 714 τοῦτο
3317 662 3430 721 τοῖς
3463 661 3642 728 φίλοις

2054 756 2379 826 ἀπήγγειλε,
2410 754 2721 824 πανήγυριν
2753 750 2890 824 ἦγον
2938 755 3038 823 τήν
3074 753 3282 814 ἄνοδον,
3317 751 3508 822 ὥσπερ
3542 750 3641 806 οὖν

2055 849 2149 901 καὶ
2181 848 2377 918 θρῆνον
2423 846 2521 916 τήν
2557 845 2802 899 κάθοδον.
2851 845 3032 915 Ἀπερ
3063 846 3232 915 ἄμφω
3261 845 3356 897 καὶ
3404 844 3492 896 διὰ
3531 844 3642 897 τῶν

2060 942 2199 1010 μετὰ
2220 939 2392 994 ταῦτα
2415 939 2624 1009 χρόνων
2653 937 2980 1008 ἐκράτησεν.
3004 937 3114 990 Καὶ
3141 935 3206 1006 δὴ
3228 936 3324 989 καὶ
3345 936 3463 990 κατ’
3501 936 3646 990 Ἀλε-

2057 1031 2341 1102 ξάνδρειαν
2362 1032 2395 1100 ή
2423 1029 2648 1100 τοιαύτη
2676 1030 2980 1099 πανήγυρις
3007 1029 3174 1099 ἤγετο
3198 1028 3360 1098 μέχρι
3386 1028 3493 1080 τῶν
3519 1028 3642 1080 καθ’

2058 1127 2206 1195 ἡμᾶς
2256 1125 2486 1194 χρόνων,
2516 1123 2682 1192 φησὶν
2713 1124 2741 1175 ό
2788 1122 2888 1190 τὴν
2917 1120 3179 1190 ἐξήγησιν
3226 1120 3328 1188 τὴν
3356 1119 3644 1190 παροῦσαν

2058 1215 2250 1266 εἰπών.
2304 1211 2424 1263 Τὦν
2473 1210 2730 1264 τοιούτων
2775 1211 2978 1282 ὀργίων
3020 1211 3116 1262 καὶ
3155 1207 3403 1262 Ἰουδαῖοι
3446 1208 3641 1262 δυσσε-

2059 1303 2282 1366 ϐοῦντες
2345 1302 2659 1372 μετέλαϐον.
2695 1302 2837 1372 Φησί
2889 1303 2942 1370 γ’
2986 1297 3079 1355 οὖν
3135 1298 3419 1370 Ἰεζεκιὴλ,
3466 1319 3483 1351 ι
3533 1300 3647 1353 Καὶ

2059 1392 2223 1459 εἶδον,
2257 1395 2350 1448 καὶ
2395 1395 2502 1447 ίδοὺ
2543 1395 2661 1447 ἐκεῖ
2697 1396 2958 1462 γυναῖκες
2990 1393 3299 1464 καθήμεναι
3346 1391 3644 1462 θρηνοῦσαι

2057 1489 2150 1542 τὸν
2181 1487 2468 1557 Θαμμοῦξ,
2511 1489 2648 1558 ὅπερ
2678 1488 2795 1539 ἐστὶ
2826 1485 2918 1538 τὸν
2949 1485 3202 1538 Ἄδωνιν.
3244 1503 3262 1535 ι
3313 1483 3558 1536 Ἐποίουν
3586 1482 3645 1536 δέ

2059 1597 2110 1634 τι
2143 1577 2385 1631 τοιοῦτον
2415 1579 2465 1630 οἱ
2516 1579 2615 1648 τὴν
2658 1577 2957 1648 εἰρημένην
3005 1575 3166 1629 πόλιν
3203 1573 3500 1636 οἰκοῦντες.
3538 1574 3648 1627 Κέο

2065 1688 2239 1740 ραμον
2275 1671 2533 1733 λαϐόντες
2585 1668 2874 1721 ἐνέϐαλλον
2925 1666 3214 1736 ἐπιστολήν
3259 1665 3396 1736 πρὸς
3443 1665 3542 1727 τὰς
3577 1663 3648 1716 ἐν

366 1755 484 1809 inec
518 1756 679 1810 verba
722 1729 961 1825 legimus
1000 1771 1011 1806 :
1049 1775 1066 1806 ι
1109 1756 1172 1809 Ει
1221 1729 1367 1821 vidi,
1414 1765 1470 1810 et
1523 1771 1648 1812 ecce
1701 1757 1947 1811 sedentes

2054 1729 2251 1828 ,έίδῖίῳ
2303 1729 2570 1831 γυναῖκας
2629 1761 2704 1824 ὡς
2760 1760 3085 1832 εύρηθέντος
3155 1729 3454 1822 ’Ἀδώνιδος
3512 1751 3647 1810 Εἶτα

367 1847 625 1901 mulieres
671 1845 976 1900 Thammuz
1035 1847 1113 1916 (id
1169 1858 1249 1901 est
1299 1847 1562 1915 Adonim)
1608 1848 1942 1919 lugebant".

2060 1853 2464 1924 σφραγίσαντες
2499 1852 2784 1906 ἐνέϐαλλον
2812 1855 2878 1922 τῇ
2930 1851 3194 1924 θαλάττῃ,
3238 1851 3463 1912 τελετάς
3491 1865 3646 1911 τινας

366 1931 500 1988 Tale
555 1949 684 1988 vero
731 1934 992 2004 quiddam
1042 1944 1182 2001 erat,
1233 1937 1380 2005 quod
1424 1938 1775 2004 urbisillius
1809 1939 1947 1993 cives

2057 1945 2146 1998 ἐπ’
2177 1945 2327 2012 αύτῷ
2357 1944 2740 2013 ποιησάμενοι,
2770 1945 2884 2008 καὶ,
2911 1943 2986 2005 ὠς
3009 1942 3058 1994 οἱ
3096 1942 3406 2012 πέμποντες
3435 1941 3644 2009 ἔλεγον,

363 2023 692 2080 efﬁciebant.
739 2027 794 2079 In
848 2033 1044 2082 testam
1099 2027 1312 2080 litteras
1365 2028 1431 2081 ad
1488 2029 1771 2094 mulieres,
1836 2045 1947 2099 qua

2057 2040 2380 2110 αὐτομάτως
2409 2039 2487 2101 είς
2520 2037 2704 2108 βίϐλον
2749 2037 3135 2107 άπεκομίζετο,
3170 2037 3266 2089 καὶ
3303 2036 3476 2108 πέρας
3513 2036 3648 2106 θρή-

365 2117 496 2170 bibli
542 2127 720 2183 erant,
778 2128 1034 2188 tanquam
1090 2120 1344 2175 Adonide
1400 2129 1643 2192 reperto,
1687 2124 1947 2192 conjicie-

2058 2143 2149 2179 vou
2176 2127 2292 2187 ταῖς
2315 2127 2431 2178 ἐκεῖ
2453 2125 2697 2193 γυναιξὶν
2719 2124 3104 2195 ἀπειργάζετο.
3125 2126 3268 2179 Οὐαὶ
3314 2126 3514 2190 τοίνυν,
3542 2142 3649 2194 φη-

365 2203 540 2273 bant;
573 2207 1039 2278 quod,obsignata
1071 2219 1282 2278 postea,
1314 2212 1604 2281 sacrisque
1632 2214 1868 2283 peractis
1901 2214 1947 2268 in

2066 2220 2142 2280 a‘t,
2163 2216 2310 2284 πρὸς
2335 2215 2459 2282 τοῖς
2489 2217 2724 2280 πλοίοις
2759 2216 3006 2281 καὶτοῖς
3039 2215 3535 2270 ἀποστέλλουσιν
3576 2216 3648 2269 ἐν

363 2315 518 2356 mare
547 2300 809 2364 demissa,
838 2311 896 2354 ut
930 2301 1206 2368 dicebant,
1245 2305 1340 2373 qui
1390 2305 1704 2371 mittebant,
1737 2307 1947 2364 liiblum

2064 2306 2346 2374 θαλάσσῃ
2395 2306 2605 2376 ὅμηρα,
2643 2305 2786 2360 τοῦτ’
2834 2306 2950 2360 ἔστι
2986 2307 3084 2377 τῆς
3109 2308 3490 2379 ὁμοφροσύνης
3528 2308 3647 2361 ἐνέ-

366 2400 563 2460 sponte
591 2392 965 2457 deferebatur,
996 2395 1329 2464 lugendique
1361 2396 1602 2452 civitatis
1633 2399 1947 2455 mulieribus

2065 2415 2206 2470 χυρα
2238 2401 2350 2462 τοῖς·
2378 2400 2478 2468 τήν
2500 2399 2671 2469 αὐτὴν
2700 2399 2949 2452 νοσοῦσιν
2979 2399 3257 2462 άσέσειαν,
3282 2402 3354 2454 οὐ
3379 2401 3641 2466 πλοίοις,

363 2483 526 2539 finem
564 2487 797 2541 adventu
830 2486 995 2556 259
1026 2486 1282 2541 faciebat.
1331 2486 1420 2542 Va:
1453 2504 1582 2559 ergo
1620 2506 1744 2544 eum
1806 2493 1947 2546 navi-

2063 2491 2178 2544 ἀλλ’
2205 2491 2298 2543 ἐπὶ
2329 2490 2532 2544 νώτων
2561 2490 2862 2557 θαλάττης)
2895 2493 3105 2560 ἀφιεῖσι
3133 2493 3224 2544 τὸν
3259 2493 3519 2564 κέραμον.

364 2576 485 2641 bus,
521 2577 720 2648 inquit,
756 2589 867 2633 tum
899 2581 968 2635 iis
993 2580 1182 2643 etiam,
1214 2584 1304 2651 qui
1341 2582 1395 2634 in
1425 2584 1564 2636 mari
1596 2583 1804 2639 obsides
1841 2587 2078 2647 ntittunt,
2116 2584 2377 2639 nimirum
2436 2585 2526 2655 qui
2566 2586 2784 2640 traditis
2830 2587 2971 2639 inter
3037 2602 3096 2641 se
3161 2587 3385 2641 sceleris
3464 2602 3642 2641 soere-

361 2670 605 2739 talisque
654 2671 999 2740 pignoribus,
1030 2672 1221 2727 eodem
1267 2667 1562 2744 impietatis
1603 2678 1794 2731 morbo
1857 2677 2202 2742 laborarunt,
2252 2693 2412 2746 neque
2467 2692 2648 2741 naves,
2701 2677 2797 2732 sed
2880 2677 3244 2741 commissam
3277 2678 3439 2732 maris
3496 2689 3644 2749 tergo

362 2771 562 2818 testam
601 2763 849 2816 mittunt.
1186 2763 1193 2770 '
2518 2771 2532 2780 ι
2861 2783 2870 2788 -

435 2853 554 2909 Νοη
585 2855 760 2909 solum
798 2857 982 2923 itaque
1033 2855 1128 2924 qui
1181 2872 1345 2925 supra
1390 2857 1682 2926 zEt/aiopiw
1759 2861 1947 2930 ﬂuvios

2125 2859 2188 2910 Οί
2238 2852 2332 2908 οὖν
2382 2854 2666 2908 ἐπέκεινα
2711 2853 2994 2923 ποταμῶν
3038 2856 3349 2920 Αἰθιοπίας
3398 2855 3644 2909 αἰτοῦσιν

361 2946 611 3016 degunt,
681 2947 997 3016 petentibus
1043 2945 1306 3003 lsraelitis
1351 2951 1620 3004 auxilium
1686 2956 1950 3021 promise-

365 3045 516 3100 runt,
550 3038 643 3090 sed
681 3037 828 3104 quod
865 3037 1085 3092 fuerant
1161 3039 1392 3108 polliciti
1424 3081 1438 3103 ,
1501 3059 1813 3113 quanquam
1853 3061 1951 3099 nec

364 3128 439 3180 ita
476 3128 632 3181 valde
661 3127 1035 3196 profecerunt,
1070 3131 1357 3186 miserunt.
1394 3131 1724 3189 Exaeerbati
1781 3135 1954 3204 siqni-

362 3216 487 3270 dem
514 3217 638 3271 inde
668 3216 952 3286 Babylonii
981 3234 1104 3272 cum
1149 3221 1202 3274 in
1238 3221 1528 3292 Egyptios
1585 3240 1736 3279 arma
1791 3241 1952 3294 para-

367 3317 491 3360 rent
524 3345 539 3371 ,
604 3307 792 3364 missis
817 3324 882 3364 ex
944 3309 1128 3366 Iudaea
1161 3316 1486 3371 cursoribus
1515 3358 1529 3382 ,
1579 3334 1720 3386 quos
1759 3318 1950 3374 celeres

365 3398 581 3451 nuntios
645 3399 881 3468 appellat
943 3400 1154 3466 Isaias,
1230 3403 1354 3458 belli
1433 3406 1599 3474 hujus
1653 3419 1950 3477 apparatus

365 3487 633 3542 certiores
689 3489 816 3544 facti
844 3500 988 3544 sunt.
1021 3492 1175 3557 Quod
1219 3493 1420 3549 deinde
1449 3507 1652 3565 gentem
1683 3499 1948 3554 excelsam

365 3579 644 3648 zEgyptios
684 3581 842 3648 dicit,
873 3583 923 3636 id
967 3584 1087 3640 ideo
1124 3585 1286 3652 facit,
1341 3595 1400 3642 ut
1480 3604 1672 3644 eorum
1734 3593 1815 3648 vel
1865 3592 1949 3647 fa-

365 3676 534 3734 stum,
576 3673 657 3724 vel
688 3672 1018 3729 dementiam
1081 3675 1350 3748 designet.
1385 3679 1503 3734 Non
1567 3682 1725 3736 aliter
1783 3698 1948 3753 quam

365 3775 490 3814 eum
517 3765 848 3834 peregrinam
872 3777 919 3820 et
945 3784 1156 3838 gravent
1195 3813 1209 3838 ,
1265 3781 1322 3826 ut
1389 3788 1580 3832 omnes
1645 3777 1948 3846 asperitate

363 3849 586 3906 vincere
612 3851 976 3914 demonstret.
1002 3858 1135 3924 Quis
1157 3861 1325 3927 enim,
1355 3863 1554 3934 inquit,
1579 3881 1742 3935 supra
1767 3867 1949 3922 illum?

364 3939 416 3995 id
455 3952 536 3997 est
587 3946 702 4014 quis
735 3946 787 4000 in
822 3947 905 4002 bis
930 3966 1051 4020 quae
1080 3952 1227 4006 dicta
1262 3964 1433 4022 sunt,
1475 3956 1743 4028 .Egyptiis
1778 3975 1946 4030 supe-

362 4033 965 4124 rior?Fueruntautem
991 4043 1317 4101 idololatriae
1341 4047 1708 4105 addictissimi
1735 4051 1947 4124 [Egyp-

365 4123 451 4185 lii,
487 4125 629 4179 unde
662 4140 864 4196 gentem
893 4148 1006 4186 esse
1040 4135 1432 4205 conculcatam,
1467 4139 1634 4194 veluti
1685 4158 1807 4210 qua:
1842 4123 1946 4199 fide

2058 2948 2380 3017 ἐπικουρίαν
2409 2949 2523 3010 τοῖς
2553 2947 2612 3014 ἐξ
2649 2946 2864 3018 Ἰσραήλ
2895 2947 2995 2999 οὐκ
3025 2947 3422 3014 ἐπηγγείλαντο
3456 2947 3642 3016 μόνον,

2057 3042 2193 3096 ἀλλὰ
2224 3041 2334 3111 γὰρ
2359 3040 2454 3094 κα)⁸
2483 3039 2860 3110 πεπόμφασιν,
2891 3041 2940 3092 εί
2968 3039 3064 3091 καὶ
3084 3037 3300 3108 ὤνησαν
3328 3038 3482 3092 οὐδὲν
3511 3040 3645 3092 ἀπο-

2057 3133 2387 3194 στείλαντες.
2441 3131 2641 3202 Διόπερ
2677 3131 3163 3199 ἀγανακτήσαντες
3208 3128 3439 3200 ἐπῆλθον
3468 3131 3638 3193 Αίγυο

2055 3227 2232 3289 πτίοις
2256 3227 2306 3279 οι
2338 3224 2688 3278 Βαϐυλώνιοι.
2728 3224 3047 3278 Μελλόντων
3081 3219 3174 3277 οὖν
3207 3225 3392 3288 αὐτοῖς
3439 3224 3643 3278 τούτων

2053 3316 2483 3388 ἐπιστρατεύειν,
2539 3316 2787 3386 δρομαῖοί
2825 3333 2969 3379 τινες
3012 3317 3076 3368 ἐκ
3123 3317 3221 3385 τῆς
3253 3315 3512 3379 Ἰουδαίας
3545 3316 3644 3388 τήν

2055 3406 2360 3476 μέλλουσαν
2406 3406 2716 3476 άπήγγελον
2769 3406 2978 3474 ἔφοδον.
3017 3406 3252 3469 Τούτους
3293 3407 3321 3458 ό
3355 3407 3636 3476 προφήτης

2053 3498 2319 3566 κούφους
2348 3496 2651 3566 ἀγγέλους
2679 3489 3078 3562 καλεί.Ἔθνοξε
3108 3497 3164 3550 δὲ
3180 3496 3479 3566 μετέωρον
3498 3497 3637 3561 τοὺς

2051 3588 2415 3656 Αἰγυπτίους
2450 3587 2627 3649 καλεῖ,
2662 3588 2720 3639 τὸ
2751 3587 3124 3657 ὑπερήφανον,
3154 3587 3187 3657 ἢ
3237 3587 3296 3640 τὸ
3337 3586 3508 3658 ἄφρον
3540 3587 3638 3657 δη-

2050 3681 2178 3735 λῶν.
2210 3681 2402 3735 Ξένον
2430 3681 2499 3734 δὲ
2524 3682 2622 3734 καὶ
2646 3681 2939 3750 χαλεπὸν,
2973 3683 3047 3745 ὡς
3081 3681 3291 3748 ξενίζον
3322 3684 3378 3735 ὲν
3409 3683 3638 3752 χαλεπό-

2050 3793 2193 3845 τητι,
2224 3775 2475 3846 καὶπρὸς
2508 3775 2666 3828 τοῦτο
2701 3773 2905 3844 μηδένα
2931 3775 3052 3843 ἔχον
3085 3776 3366 3828 ἐπέκεινα.
3405 3775 3501 3842 Τίς
3529 3776 3637 3847 γὰρ

2049 3868 2235 3922 αὐτοῦ
2265 3865 2544 3921 ἐπέκεινά
2578 3884 2741 3936 eam;
2775 3866 2930 3919 Τοῦτ’
2955 3867 3100 3930 ἐστι,
3136 3869 3233 3934 Τίς
3257 3869 3316 3921 ἐν
3339 3869 3448 3930 τοῖς
3479 3869 3637 3937 εἰρη-

2054 3960 2234 4030 μένοις
2262 3959 2623 4028 Λὶγυπτίους
2653 3959 2777 4028 νικᾷ
2801 3976 2813 4024 ;
2853 3959 3066 4028 Σφόδρα
3089 3958 3146 4012 δὲ
3169 3954 3308 4030 ἦσαν
3347 3957 3635 4013 εἰδωλολά-

2049 4069 2195 4122 τραι.
2224 4052 2314 4103 Διὸ
2344 4052 2437 4104 καὶ
2466 4049 2841 4104 ἀνέλπιστον
2886 4049 3063 4114 ἔθνος
3095 4051 3191 4102 καὶ
3239 4066 3635 4118 καταπεπατη-

2054 4144 2215 4211 μένον
2253 4142 2474 4204 τούτους
2506 4137 2645 4193 εἶναί
2673 4159 2861 4210 φησιν,
2893 4139 2970 4203 ὼς
2998 4141 3100 4193 ούκ
3124 4140 3246 4210 ἔχον
3273 4141 3365 4194 ἐπὶ
3395 4140 3512 4212 Θεῷ
3538 4141 3636 4212 τήν

361 4213 417 4266 in
457 4214 622 4272 Deum
643 4219 928 4284 destituta,
952 4223 1374 4298 dmmonumque
1401 4206 1941 4301 fraudibus-objecta

2051 4232 2260 4296 ἐλπίδα,
2290 4233 2382 4286 καὶ
2404 4232 2507 4284 ὑπὸ
2537 4231 2808 4300 δαιμόνων
2839 4232 2959 4293 ταῖς
2990 4229 3229 4293 ἀπάταις
3261 4231 3634 4283 καταπατούρ

360 4304 432 4356 ab
461 4304 700 4374 Assyriis
719 4311 883 4363 etiam
906 4315 1330 4383 conculcaretur,
1358 4319 1722 4387 signiﬁcavit.
1757 4321 1944 4392 Neque

360 4408 492 4447 vero
522 4402 940 4468 espugnationis
979 4404 1200 4460 modum
1233 4409 1460 4463 reticuit
1492 4451 1507 4478 ,
1561 4429 1686 4466 cum
1721 4414 1944 4484 Egi/pii

358 4484 574 4551 ﬂuvios.
611 4490 660 4543 id
695 4500 779 4544 est
810 4508 964 4562 aqua:
1004 4497 1283 4564 divortia;
1346 4515 1472 4554 cum
1517 4503 1746 4572 paludes
1797 4507 1944 4575 ipsas

360 4579 564 4644 quibus
592 4591 801 4636 tantum
840 4588 1232 4655 superbiebant
1263 4631 1276 4654 ,
1321 4600 1378 4645 ut
1429 4593 1497 4648 iis
1539 4595 1943 4666 inexpugnabi-

356 4667 467 4720 lem
499 4671 933 4744 esseEgyptum
966 4680 1254 4735 credeeent
1279 4721 1293 4747 ,
1324 4687 1658 4744 transituros
1681 4691 1942 4762 Assyrios

359 4770 484 4850 curn
548 4762 696 4814 omni
734 4779 997 4832 aquarum
1033 4769 1270 4842 denique
1327 4780 1586 4847 congerie
1645 4782 1938 4850 desiccata,

358 4849 640 4918 regionem
675 4871 794 4910 eam
834 4867 1091 4928 tanquam
1131 4865 1484 4923 habitabilem
1529 4870 1772 4930 futuram
1821 4849 1942 4934 esse

353 4942 516 5004 dixit.
570 4942 647 4998 lta
712 4956 894 5003 autem
927 4955 1148 5012 cunctis
1205 4959 1580 5030 ﬁgyplioruiit
1612 5007 1627 5032 ,
1660 4967 1737 5020 ait
1766 5009 1780 5033 ,
1810 4978 1940 5026 nota

358 5035 465 5090 erit
508 5036 751 5105 aﬂlictio,
779 5050 835 5094 ut
858 5045 1036 5112 palam
1062 5050 1272 5118 signum
1303 5056 1571 5111 exercitui
1610 5058 1937 5116 intuendum

355 5127 562 5219 elevari
590 5171 604 5193 ,
641 5142 734 5186 aut
766 5135 930 5202 ipsam
961 5138 1100 5194 tuba:
1131 5159 1302 5198 vocem
1324 5184 1339 5210 ,
1369 5163 1477 5216 quo
1529 5152 1703 5219 possit
1759 5155 1938 5210 audiri

359 5217 605 5288 facilius,
641 5228 814 5282 attolli
855 5240 1035 5300 putes.
1063 5235 1176 5290 Nec
1212 5239 1266 5291 in
1324 5240 1412 5293 his
1454 5217 1638 5296 tamen
1671 5256 1778 5310 est,
1820 5248 1895 5300 ait
1922 5289 1934 5309 ,

359 5311 506 5376 quin!
537 5315 714 5370 urbem
758 5337 927 5374 meam
959 5327 1129 5393 perire
1160 5344 1245 5384 me
1275 5345 1568 5400 passurum
1605 5336 1934 5404 arbitreris;

435 5481 472 5509 ³⁷
503 5481 699 5539 Ezech.
733 5506 849 5555 vttt,
890 5494 972 5549 Η.

2041 4341 2250 4394 μενον.
2288 4324 2379 4377 Διὸ
2421 4324 2516 4376 καὶ
2556 4322 2656 4376 ὑπὸ
2688 4322 2799 4376 τῶν
2835 4322 3136 4393 Ἀσσυρίων
3169 4321 3633 4388 καταπεπάτην-

2045 4433 2164 4470 ται.
2199 4417 2302 4469 Τὸν
2332 4416 2389 4469 δὲ
2415 4419 2512 4487 τῆς
2556 4415 2812 4479 ἁλώσεως
2854 4415 3054 4486 τρόπον
3102 4415 3428 4485 ἐπήνεγκεν,
3463 4411 3635 4478 οὕτως

2046 4507 2216 4561 είπὼν
2258 4509 2382 4570 τοὺς
2425 4508 2746 4576 Ἀσσυρίους
2785 4507 3138 4577 διαϐήσεσθαι
3182 4505 3290 4573 τῆς
3327 4508 3634 4575 Αίγύπτου

2045 4598 2205 4681 τοὺς
2217 4597 2542 4665 ποταμοὺς,
2569 4599 2667 4660 τάς
2695 4597 2984 4668 διώρυχας.
3003 4597 3159 4650 Οῦτω
3183 4598 3276 4650 καὶ
3307 4596 3406 4660 τὰς
3436 4596 3635 4666 λίμνας

2045 4689 2238 4755 εἰπὼν,
2279 4691 2362 4760 ἐφ’
2385 4685 2466 4754 οἷς
2505 4689 2767 4760 ἐφρόνουν
2797 4688 2872 4752 ώς
2901 4691 3178 4744 ἀνάλωτον
3205 4689 3394 4752 αὐτοῖς
3419 4689 3633 4742 ποιοῦσι

2044 4784 2142 4852 τὴν
2187 4783 2481 4848 Αἴγυπτον,
2508 4781 2585 4843 ώς
2616 4781 2795 4833 δοκεῖν
2830 4797 2944 4843 πως
2976 4780 3072 4833 καὶ
3118 4779 3303 4850 χώραν
3333 4774 3470 4833 εἶναι
3502 4779 3628 4832 τού-

2043 4884 2208 4935 τουςε
2243 4871 2674 4940 κατοικουμένην
2725 4870 3230 4941 ἁποξηραινομένης
3273 4870 3454 4940 πάσης
3499 4870 3630 4922 ὑδά-

2041 4981 2150 5017 των
2183 4964 2514 5026 συστάσεως.
2551 4963 2624 5015 Τὸ
2653 4962 2709 5015 δὲ
2740 4961 2857 5016 τῶν
2879 4963 3216 5032 Αἰγυπτίων
3247 4963 3417 5025 πάθος
3441 4963 3624 5030 φησ“.ν,

2042 5057 2183 5111 οὕτω
2238 5059 2370 5110 πᾶσι
2413 5057 2573 5126 δῆλον
2605 5057 2917 5126 γενήσεται,
2948 5055 3024 5119 ὼς
3052 5054 3305 5124 σημεῖον
3333 5055 3426 5122 ἀφ’
3462 5054 3629 5122 ὕψους

2045 5150 2294 5219 σύνθημα
2320 5149 2669 5219 στρατοπέδῳ
2697 5148 3002 5218 γινόμενον,
3035 5149 3129 5201 καὶ
3151 5147 3225 5210 ὡς
3251 5147 3624 5216 φθεγγομένη

2049 5239 2317 5308 σὼίπιγξ
2357 5238 2657 5304 άκουστόν;
2696 5231 2794 5290 Ὧν
2840 5238 2902 5307 δὴ
2951 5238 3251 5307 γινομένων
3305 5237 3459 5306 φησὶ,
3513 5235 3628 5301 τὴν

2046 5335 2228 5387 πόλιν
2269 5333 2446 5386 σώσω
2473 5330 2586 5400 τὴν
2613 5331 2894 5401 ἐμαυτοῦ,
2920 5330 2989 5383 τὰ
3017 5329 3158 5384 κατὰ
3197 5328 3494 5399 Ῥαψάκην,
3531 5327 3626 5380 καὶ

1656 5601 1885 5656 vanu-1
1921 5600 2318 5656 ΙᾸίΩΤΙΟΝΕὸ.

441 5679 462 5706 ε
497 5686 581 5737 λγ).
618 5673 844 5731 τούτων.
