4022 6210
306 292 445 357 illi

1355 302 1858 364 COMMENTARI
1866 304 1893 362 Ι
1934 304 2015 365 IN
2058 304 2341 366 ISAIAM.

3408 297 3551 360 2H2
3606 358 3609 363 .

289 420 391 466 τας
421 409 535 472 ρπε¹
561 402 806 471 χιλιά81;
849 404 1191 475 ἀπολομένας
1237 408 1434 478 δηλῶν.
1465 410 1623 464 Οὕτω
1655 410 1711 464 δέ
1741 428 1874 482 φησι

1979 409 2270 482 Rapsaren
2318 412 2403 469 his
2455 413 2638 470 verbis
2684 414 2751 479 ⁸⁸,
2795 423 2851 469 et
2883 412 3121 467 virorum
3164 420 3383 465 centum
3407 417 3561 463 octo-

287 498 356 549 τὲ
385 497 481 566 τῆς
510 497 786 567 σωτηρίας
810 497 961 551 ἔσται
990 500 1125 553 πᾶσι
1152 502 1449 573 περιφανῆ,
1486 502 1607 557 καθ’
1632 502 1669 557 ἃ
1691 502 1755 573 δὴ
1781 502 1874 556 καί⁵

287 583 414 654 φῶς
447 586 599 652 ἡλίου
631 587 1061 655 μεσημϐρινὸν,
1094 590 1188 643 καὶ
1230 594 1345 655 ,τοίς
1391 591 1763 647 κινδυνεύουσι
1805 590 1874 644 τὰ

288 677 386 746 τῆς
412 679 550 747 ἐμῆς
582 678 899 747 ἐπικουρίας
920 680 1014 733 καὶ
1046 680 1258 753 σκέπης
1273 683 1355 749 ὡς
1387 683 1613 752 νεφέλη
1647 683 1874 751 δρόσου

286 766 605 835 γενήσεται
639 768 755 835 πρὸ
783 770 892 823 τοῦ
918 771 1222 840 θερισμοῦ.
1249 774 1479 840 Δρόσου
1510 775 1620 844 γὰρ
1646 774 1696 825 οἰ
1726 772 1879 840 θερί-

288 856 489 924 ζοντες
518 859 730 913 δέονται
752 862 974 931 εύαφεῖς
996 863 1181 927 αὐτοῖς
1206 863 1575 935 προποιούσης
1603 865 1729 928 τοὺς
1754 863 1878 918 στά-

286 967 445 1020 χυας.
465 952 575 1004 Καὶ
604 953 728 1005 κατ’
753 952 916 1022 εὐχὰς
951 954 1137 1017 αὐτοῖς
1168 954 1206 1022 ri
1234 955 1455 1023 δρόσος
1484 956 1759 1026 δεομένοις
1779 956 1877 1023 ἐγ-

288 1043 521 1109 γίνεται,
543 1042 688 1095 καθὰ
721 1044 812 1096 καὶ
848 1046 964 1107 τοῖς
996 1043 1273 1109 Ἰουδαίοις
1303 1047 1337 1116 ἠ
1372 1047 1525 1119 παρὰ
1553 1046 1687 1100 Θεοῦ
1713 1062 1880 1116 σωτη-

293 1130 403 1199 ρία.
442 1131 847 1203 Μεταφορικῶς
884 1134 940 1187 δὲ
970 1134 1157 1188 λοιπὸν
1194 1136 1302 1188 ἀπὸ
1338 1136 1449 1190 τῶν
1487 1137 1879 1207 γεωργούντων

291 1219 355 1271 τὰ
395 1220 659 1289 μέλλοντα
694 1222 837 1293 πάθη
863 1225 1217 1296 παρίστησιν,
1249 1226 1281 1296 ἢ
1314 1229 1426 1289 τοῖς
1456 1227 1879 1298 πολιορκήσασιν

304 1308 657 1382 Ἰερουσαλὴμ
704 1312 1010 1384 Ἀσσυρίοις
1192 1317 1286 1370 καὶ
1333 1319 1445 1379 τοῖς
1478 1317 1876 1391 Αἰγυπτίοις

290 1402 462 1455 ὲπειδ⁹
488 1402 554 1456 ἂν
588 1403 695 1475 γὰρ
724 1407 778 1458 οἱ
794 1405 1055 1475 βότρυες
1090 1406 1513 1480 ἐξανθήρ-ωσιν
1554 1410 1652 1464 καί
1688 1410 1878 1479 ὄμμα·

289 1507 392 1556 κες
417 1494 720 1560 γένωνται,
750 1497 1138 1565 περικόπτουσι
1162 1496 1281 1551 τῶν
1304 1500 1624 1569 κλημάτων
1653 1501 1746 1554 καὶ
1771 1500 1879 1553 τῶν

283 1580 563 1648 βοτρύων
593 1583 661 1637 τὰ
696 1585 957 1654 περιττὰ,
1006 1586 1099 1640 καί
1126 1580 1237 1640 οἷον
1281 1588 1653 1658 ἐπιφυλλίδας,
1682 1590 1757 1654 ὡς
1804 1590 1901 1661 μὴ,

302 1673 628 1743 συμπνίγειν
664 1676 734 1729 τὰ
772 1677 1059 1749 κρείττονα
1099 1679 1192 1733 καὶ
1229 1681 1590 1752 χρηστότερα.

1977 506 2129 573 ginta
2151 505 2392 576 quinque
2426 505 2684 566 millium.
2705 505 2801 575 qui
2836 514 3022 574 postea
3056 504 3358 570 perierunt,
3390 514 3556 554 exer-

1976 595 2146 648 citum
2212 594 2550 665 signiﬁcans.
2591 596 2671 649 Ita
2735 604 2956 659 autem,
3018 594 3116 655 ait,
3153 607 3273 663 qua:
3329 590 3399 645 ad
3437 590 3558 660 ejus

1978 682 2213 738 salutem
2284 694 2576 754 spectant,
2628 685 2779 739 clara
2848 685 3106 737 euntibus
3159 690 3214 737 et
3268 680 3559 737 manifesta

1979 772 2325 842 apparebunt
2354 791 2370 838 ;
2407 782 2467 827 ut
2507 789 2633 828 cum
2668 773 2813 828 Solis
2843 772 3019 825 lumen
3051 772 3165 840 ipso
3209 769 3427 823 meridie
3474 770 3561 822 in-

1979 871 2218 917 tuemur.
2250 864 2342 918 llle
2369 863 2585 928 dcimle,
2621 864 2793 934 quiin
2826 864 3072 935 periculo
3101 871 3413 926 versantur,
3440 871 3561 916 tan-

1980 970 2140 1023 quam
2173 955 2311 1008 roris
2372 955 2536 1026 260
2582 957 2742 1008 nubes
2796 965 2919 1008 ante
2962 970 3182 1007 messem
3219 992 3234 1017 ,
3293 951 3560 1022 protectio

1981 1057 2124 1106 mea,
2159 1059 2453 1113 meumque
2482 1043 2745 1097 autilium
2780 1058 3061 1112 nunquam
3098 1040 3419 1096 defuturum
3451 1047 3557 1094 est.

1980 1131 2120 1188 Rere
2158 1135 2301 1188 enim
2338 1150 2594 1188 messores
2637 1133 2905 1204 indigent,
2940 1142 2998 1185 ttt
3036 1132 3369 1203 stipularum
3418 1130 3559 1184 male

1984 1223 2087 1277 lior
2113 1225 2343 1279 exsistat
2377 1226 2728 1294 complexus:
2756 1225 2849 1293 qui
2878 1239 2936 1279 se
2974 1223 3266 1292 egentibus
3319 1219 3411 1273 iiat
3447 1228 3559 1273 tum

1982 1330 2047 1370 ex
2075 1324 2200 1369 voto
2224 1316 2497 1386 contingit
2530 1314 2801 1369 maxime:
2838 1330 2947 1368 non
2976 1314 3138 1367 aliter
3165 1327 3331 1382 quam
3358 1309 3563 1365 Judmis

1983 1420 2014 1458 a
2037 1403 2269 1459 Domino
2291 1420 2415 1459 cum
2443 1405 2592 1462 salus
2637 1419 2900 1460 concessa
2926 1412 3031 1460 est.
3068 1403 3338 1471 Deinceps
3376 1408 3559 1455 autem

1984 1508 2201 1570 sumpta
2238 1501 2307 1555 ab
2332 1500 2589 1570 agricolis
2623 1500 2944 1570 metaphora
2972 1540 2987 1565 ,
3040 1514 3162 1569 qua:
3199 1497 3267 1553 ab
3317 1496 3561 1567 Assyriis

1983 1591 2288 1666 Jerusalem
2326 1591 2739 1656 obsidentibus,
2773 1592 2855 1647 vel
2891 1590 3167 1662 IEgyptiis
3192 1591 3356 1645 etiam
3389 1603 3559 1643 even-

1988 1691 2115 1737 tura
2146 1683 2258 1738 sint
2302 1682 2565 1738 declarat.
2644 1681 2836 1738 Solent
2886 1682 3032 1737 enim
3102 1682 3156 1734 in
3197 1682 3478 1734 sarmentis
3510 1688 3560 1733 et

294 1763 485 1826 botris,
518 1767 609 1836 qui
638 1767 773 1836 ﬂore
818 1766 1055 1835 deposito
1103 1768 1156 1823 in
1203 1769 1436 1838 fructum
1468 1770 1715 1825 acerbum
1761 1771 1872 1841 jam
1912 1781 2240 1838 evaserunt,
2300 1773 2574 1845 superﬂua
2645 1782 2698 1829 et
2751 1781 3011 1843 tanquam
3059 1772 3370 1827 tenuiorum
3404 1785 3560 1839 pam-

292 1860 548 1930 pinorum
583 1859 880 1925 luxuriem,
918 1875 987 1915 ne
1019 1860 1167 1932 quod
1188 1861 1386 1917 melius
1416 1872 1471 1917 et
1492 1864 1840 1932 prastantius
1869 1872 1954 1918 est
1977 1864 2277 1920 suil‘ocetur
2307 1907 2321 1931 ,
2358 1875 2641 1936 amputare
2681 1865 2951 1935 agricolm.

365 1953 553 2016 Οὕτως
584 1948 679 2007 οὖν
713 1954 806 2007 ἐπὶ
839 1954 940 2024 μὲν
973 1954 1085 2007 τῶν
1119 1954 1426 2026 Ἀσσυρίων
1457 1956 1550 2008 τὸν
1587 1956 1756 2011 πολὺν
1791 1958 1875 2011 κα]

2058 1959 2139 2012 Ad
2180 1959 2325 2013 hunc
2358 1958 2527 2028 igitur
2572 1957 2793 2012 modum
2829 1959 2921 2027 qui
2981 1957 3125 2011 inter
3161 1956 3412 2026 Assyrios
3454 1974 3559 2011 nu-

292 2046 486 2099 λεπτὸν
519 2046 695 2099 ἀνεῖλε
735 2045 863 2098 λαὸν
895 2047 925 2100 ὁ
957 2040 1218 2110 Θεός.Ὦν
1248 2046 1315 2100 τὰ
1347 2045 1617 2118 πτώματα
1644 2048 1823 2120 τρυφὴ
1850 2048 1868 2087 ί

292 2137 479 2206 γέγονε
529 2136 654 2203 τοῖς
698 2139 924 2206 θηρίοις
954 2140 1050 2192 καί
1091 2137 1403 2203 πετεινοῖς.
1422 2138 1479 2191 ’0
1507 2139 1564 2192 δὲ
1605 2126 1874 2209 μεγάλου

281 2230 553 2297 βότρυος
594 2228 751 2299 δίκην
785 2230 998 2299 ἐπέχων
1026 2231 1054 2283 ὁ
1087 2230 1344 2298 βασιλεὺς
1376 2232 1489 2293 τοίς
1519 2231 1774 2301 ὲπηκὸοις
1810 2233 1872 2285 ού

292 2317 835 2371 συναπόλιιιλεν.Ἐπί
859 2317 915 2371 δὲ
947 2316 1057 2370 τῶν
1085 2317 1399 2387 Αἰγυπτίων
1433 2319 1667 2387 νοήσεις,
1694 2318 1775 2371 ὅτι
1801 2316 1876 2388 μὴ

294 2411 473 2462 πᾶσαν
516 2407 695 2463 αὐτῶν
742 2408 840 2480 τὴν
875 2408 1061 2481 χώραν
1096 2402 1240 2461 εἷλον
1290 2409 1340 2461 οἰ
1385 2408 1707 2478 δυσμενείςο
1748 2406 1877 2462 ἀλλ’

290 2494 404 2553 oio-1
427 2503 641 2571 μικροῖς
658 2499 1030 2568 βοτρυδιοις,
1049 2501 1169 2563 ταῖς
1194 2499 1335 2553 κατὰ
1356 2499 1555 2563 τόπους
1577 2498 1876 2563 συνοικίαις

290 2589 326 2660 ἦ
359 2589 573 2659 κώμαις
614 2591 938 2658 ὲπαφιέντες
989 2589 1088 2661 τὴν
1140 2591 1436 2661 μάχαιραν,
1468 2591 1875 2662 συνεμέτρησαν

287 2683 418 2744 τοὺς
453 2682 661 2752 θυμοὺς
691 2681 784 2736 τοῦ
818 2680 1204 2753 φιλανθρώπου
1227 2680 1753 2745 Θεοῦ,παιδεύοντος
1776 2682 1874 2751 μὲν

291 2772 417 2834 τοὺς
441 2768 902 2842 προσκρούοντας,
939 2771 1039 2823 ούκ
1071 2770 1153 2833 εἰς
1196 2769 1345 2824 ἅπαν
1372 2770 1428 2823 δὲ
1462 2769 1875 2841 συγχωροῦντος

292 2864 416 2924 τοὺς
464 2862 890 2930 παιδευομένους
935 2859 1291 2916 ἀπόλλυσθαι.
1325 2860 1628 2932 Τοιγαροῦν
1678 2861 1875 2932 ἑφεξῆς

292 2955 418 3023 περὶ
467 2954 569 3023 τῆς
618 2953 798 3007 αὐτῶν
845 2954 1180 3025 ἐπιστροφῆς
1225 2952 1577 3024 διεξέρχεται.
1608 2953 1718 3025 Τὴν
1764 2954 1873 3025 γὰρ

289 3046 396 3097 τῶν
418 3043 650 3097 εἰδώλων
672 3043 930 3097 ἀσέϐειαν
960 3044 1348 3115 ἀρνησάμενοι,
1366 3042 1466 3115 τὴν
1492 3044 1572 3103 εἰς
1598 3042 1733 3095 Θεὸν
1764 3042 1873 3096 τῶν

291 3137 430 3189 ὅλων
479 3136 863 3207 προσδέξονται
910 3135 1128 3200 πίστιν,
1162 3134 1316 3204 δῶρα
1363 3133 1766 3205 προσφέροντες
1794 3136 1871 3199 εἰς

294 3229 472 3298 ὀσμὴν
522 3227 770 3292 εὐωδίας,
802 3226 1011 3290 ἐλπίδα,
1051 3226 1256 3292 πίστιν,
1293 3227 1532 3296 ἀγάπην.
1561 3224 1659 3278 Διὰ
1688 3225 1746 3278 δὲ
1776 3226 1873 3289 τὰς

288 3320 353 3371 ἐκ
384 3318 521 3371 Θεοῦ
565 3317 813 3381 παιδείας
843 3317 1232 3389 ἐπενεχθείσας
1277 3318 1482 3380 αὐτοῖς,
1507 3317 1661 3370 λαὸν
1710 3316 1871 3369 αὐτὸν

288 3408 729 3478 τεθλιμμένονε
774 3409 913 3480 πρὸς
956 3409 1164 3479 ἀμείνω
1211 3407 1379 3479 ζωὴν,
1411 3407 1568 3478 δίκην
1615 3407 1873 3477 μοσχείας

286 3500 602 3570 ὠφελούσης
630 3500 766 3571 πρὸς
793 3499 1265 3571 αὓξησιν.⁶Ὢσπερ
1290 3498 1400 3570 γὰρ
1444 3502 1507 3552 ὲκ
1542 3498 1750 3568 πλάνης
1793 3500 1869 3561 εἰς

288 3592 440 3656 θείας
468 3593 678 3655 ἐννοίας
711 3590 1187 3664 μετεφυτεύθησαν
1219 3592 1313 3645 καὶ
1358 3590 1762 3662 καρποφοροῦσι
1792 3591 1879 3643 διε

290 3684 694 3754 ηνεκῶς.”Οθεν
713 3684 909 3748 αὐτοὺς
931 3687 1026 3738 καὶ
1054 3682 1228 3755 μέγαν
1252 3682 1509 3753 ὀνομάζει
1532 3683 1659 3736 λαὸν
1683 3684 1739 3736 ὲν
1762 3684 1875 3746 τοῖς

291 3776 431 3831 κατὰ
458 3776 695 3849 Χριστὸν
730 3778 894 3831 πᾶσιν
939 3774 1290 3848 ἀκμάζοντας
1331 3774 1455 3828 ὅσον
1508 3775 1565 3827 ὲν
1608 3773 1786 3847 πλάνῃ
1816 3774 1876 3826 τὸ

290 3871 577 3941 πρότερον.
605 3864 680 3926 Οὖ
720 3870 830 3942 γὰρ
863 3868 1258 3940 ἐπερίσσευσεν
1303 3868 1336 3937 ἠ
1388 3866 1658 3938 ἁμαρτία,
1705 3868 1873 3937 ὑπερ.

285 3963 677 4035 επερίσσευσεν
723 3963 757 4032 ἠ
802 3963 984 4033 χάρις.
1014 3960 1119 4013 Τὸν
1149 3958 1207 4012 δὲ
1238 3959 1335 4028 τῆς
1361 3959 1742 4030 καρποφορίας
1777 3959 1875 4011 τό-

287 4066 411 4106 πον
438 4051 525 4107 διὰ
552 4052 654 4123 τῆς
693 4051 848 4105 Σιὼν
876 4050 975 4121 τὴν
1007 4048 1335 4118 Ἐκκλησίαν
1376 4047 1658 4111 ἐκάλεσεν,
1701 4047 1787 4100 διὰ
1817 4047 1877 4100 τὸ

1895 3285 1940 3346 C

1978 2047 2245 2101 merosinr
2280 2055 2333 2101 et
2373 2045 2589 2100 tenuior
2626 2055 2742 2098 erat
2778 2044 3034 2114 populus,
3098 2059 3129 2098 a
3165 2042 3394 2098 Domino
3422 2043 3561 2099 sub-

1976 2136 2123 2192 latus
2172 2144 2277 2203 est,
2345 2150 2649 2205 eorumque
2695 2135 2959 2190 cadavera
3015 2149 3142 2204 rege
3170 2143 3401 2204 excepto
3466 2134 3560 2205 qui

1979 2228 2160 2297 magni
2192 2227 2329 2280 botri
2359 2226 2541 2280 instar
2571 2225 2786 2281 cladem
2818 2226 3014 2289 evasit,
3053 2226 3182 2293 feris
3206 2234 3255 2279 et
3288 2224 3473 2279 avibus
3507 2227 3561 2278 itt

1976 2332 2162 2373 escam
2195 2318 2407 2373 relicta.
2444 2316 2633 2372 Possis
2673 2331 2803 2371 vero
2844 2316 2911 2370 ad
2965 2314 3256 2386 [Egyptios
3297 2315 3507 2370 referre
3539 2353 3558 2380 ,

1976 2408 2022 2464 si
2051 2423 2159 2462 non
2209 2410 2522 2466 universam
2556 2407 2798 2478 ipsorum
2831 2406 3107 2476 regionem
3151 2405 3336 2459 hostes
3374 2405 3560 2473 cepis-

1977 2516 2037 2557 se
2064 2542 2079 2566 ,
2118 2502 2216 2557 sed
2253 2502 2306 2555 in
2341 2500 2487 2556 mdes
2514 2500 2725 2569 aliquot
2756 2509 2811 2555 et
2835 2499 3009 2562 vicos,
3055 2496 3183 2550 dum
3246 2510 3306 2549 se
3350 2494 3416 2548 ad
3447 2495 3559 2548 cle-

1977 2594 2182 2648 mentis
2212 2600 2267 2648 et
2294 2590 2570 2647 mansueti
2598 2589 2693 2644 Dei
2724 2590 2778 2642 in
2815 2585 3097 2658 puniendo
3124 2586 3396 2641 rationem
3421 2592 3559 2640 tem-

1977 2688 2261 2753 perarent,
2294 2681 2388 2753 qui
2417 2682 2692 2751 castigare
2724 2680 2922 2751 magis,
2969 2694 3135 2749 quam
3205 2678 3389 2734 delere
3434 2676 3562 2733 fun-

1975 2775 2129 2829 ditus
2164 2774 2497 2836 consuevit,
2546 2783 2808 2843 tanquam
2867 2772 2920 2826 in
2980 2772 3274 2825 racemulos
3319 2768 3561 2841 gladium

1974 2864 2323 2920 convertisse
2381 2862 2747 2919 intellexeris.
2809 2861 2987 2932 Atque
3034 2861 3164 2915 hinc
3224 2860 3447 2929 quidem
3478 2867 3563 2914 est

1974 2957 2120 3028 quod
2165 2955 2232 3010 de
2269 2970 2462 3009 eorum
2507 2954 2895 3019 conversione,
2937 2952 2991 3005 in
3062 2952 3131 3006 iis
3194 2966 3318 3021 qua:
3371 2960 3562 3020 postea

1975 3055 2283 3117 sequuntur
2325 3046 2597 3116 disputari
2634 3045 2908 3099 videmus.
2966 3040 3153 3097 Fidem
3203 3041 3350 3097 cnim
3378 3082 3394 3106 ,
3438 3042 3513 3095 ait
3545 3082 3561 3103 .

1974 3139 2029 3192 in
2084 3138 2250 3193 Deum
2273 3138 2514 3193 universi
2548 3181 2562 3200 ,
2610 3136 2862 3205 abjurata
2918 3135 3184 3189 idolorum
3245 3134 3556 3203 impietate,

1974 3230 2227 3300 donisque
2265 3230 2317 3283 in
2362 3231 2651 3284 suavitatis
2691 3228 2920 3282 odorem
2954 3268 2968 3290 ,
3020 3242 3118 3296 spe
3153 3268 3169 3290 ,
3227 3225 3330 3280 [ide
3401 3236 3565 3296 atque

1974 3320 2265 3377 dilectione
2293 3320 2492 3375 oblatis
2521 3361 2536 3386 .
2569 3319 3055 3389 amplexabantur.
3090 3316 3351 3385 Populum
3382 3324 3563 3371 autem

1975 3413 2175 3483 ipsum,
2209 3421 2427 3482 propter
2447 3425 2658 3479 poenas,
2690 3424 2829 3476 quas
2859 3409 3187 3463 immittentc
3211 3408 3319 3462 Deo
3346 3422 3567 3476 perpes-

1974 3516 2069 3555 sus
2085 3510 2191 3564 est,
2224 3502 2474 3571 aﬂlictum
2494 3510 2672 3554 vocat.
2698 3498 2932 3553 Vocatct
2954 3498 3227 3561 avulsum,
3252 3509 3310 3553 ut
3334 3499 3475 3552 facto
3497 3498 3564 3551 ad

1977 3592 2146 3646 vitam
2182 3592 2628 3662 praestantiorem
2661 3591 2902 3644 transitu
2931 3629 2945 3654 ,
2979 3590 3087 3644 ista
3130 3599 3391 3660 tanquam
3425 3589 3568 3643 vivi-

1979 3683 2230 3737 radicum
2292 3684 2497 3737 usitata
2552 3680 2816 3751 agricolis
2869 3680 3272 3744 translatione,
3316 3679 3567 3735 nonnihil

1976 3773 2042 3828 ad
2120 3773 2525 3827 incrementum
2585 3770 2866 3841 profuisse
2931 3770 3210 3826 ostendat.
3246 3769 3330 3826 Ab
3380 3785 3568 3825 errore

1976 3866 2119 3921 enim
2152 3865 2206 3918 in
2246 3880 2429 3918 veram
2467 3862 2560 3917 Dei
2594 3863 2972 3933 cognitionem
3012 3862 3183 3916 veluti
3250 3862 3566 3932 transplan.

1979 3958 2074 4013 tati
2105 3997 2119 4019 ,
2164 3955 2380 4011 [ructus
2410 3956 2574 4010 edere
2610 3969 2892 4023 nunquam
2920 3954 3201 4007 desinunt.
3233 3954 3411 4024 Atque
3439 3954 3567 4007 hinc

1976 4057 2081 4111 est,
2118 4045 2262 4115 quod
2312 4060 2407 4099 eos
2469 4041 2727 4114 p0pulum
2769 4056 3025 4111 magnum
3054 4081 3069 4106 ,
3096 4038 3148 4093 id
3189 4048 3273 4093 est
3304 4081 3317 4104 ,
3352 4045 3564 4092 tantum

285 4146 496 4216 ταύτης
543 4145 677 4215 ὓψος
727 4143 852 4215 ὅρος
904 4142 1096 4196 εἰπών.
1132 4139 1297 4193 Οὐδὲν
1345 4139 1456 4211 γὰρ
1507 4138 1787 4210 χθαμαλὸν
1819 4141 1875 4193 ἐν

1978 4138 2091 4207 iam
2134 4135 2256 4190 lidei
2326 4137 2379 4189 in
2440 4132 2765 4198 Christum,
2809 4140 3076 4200 quantum
3160 4138 3321 4184 antea
3376 4144 3566 4185 errore

284 4236 462 4306 αὐτῇ,
501 4236 595 4289 καὶ
633 4233 783 4305 δηλοί
822 4230 1064 4301 τοῦνομα
1114 4232 1531 4301 σκοπευτήριον.
1578 4231 1648 4283 Τὸ
1703 4229 1782 4297 δὲ,
1809 4231 1875 4285 '0

1981 4235 2235 4301 potentes
2266 4236 2321 4281 ct
2353 4227 2615 4281 ﬂorentes
2646 4223 2909 4293 appellat.
2949 4220 3055 4277 Ubi
3083 4220 3230 4276 enim
3263 4220 3566 4274 abundavit

286 4328 437 4380 ἔστιν
467 4327 537 4380 ἐν
560 4325 725 4394 μέρει
758 4322 1029 4392 ποταμοῦ
1061 4320 1167 4388 τῆς
1210 4321 1403 4389 χώρας
1422 4321 1630 4387 αὐτοῦ,
1663 4322 1744 4375 ὃτι
1774 4338 1877 4393 περ

284 4421 321 4488 ὴ
370 4420 507 4489 πρὸς
556 4417 687 4470 Θεὸν
735 4416 844 4470 τῶν
876 4413 1191 4484 Αἰγυπτίων
1222 4414 1527 4486 ἐπιστροφὴ
1571 4416 1635 4468 ὲκ
1679 4415 1878 4488 μέρους

289 4513 574 4585 ἀρξαμένη
606 4513 706 4580 τῆς
746 4510 954 4581 χώρας,
990 4510 1076 4562 δια
1107 4508 1290 4579 πάσης
1316 4508 1603 4579 διέδραμεν
1637 4510 1875 4563 Ῥινοκοο

1981 4330 2288 4395 peccatum,
2340 4321 2413 4376 ibi
2455 4328 2509 4372 (ιι
2556 4317 2753 4389 gratia.
2811 4314 2923 4369 Nec
2971 4328 3100 4369 vero
3159 4311 3564 4367 oil‘erendorum

1980 4416 2260 4471 fructuum
2296 4414 2469 4469 locum
2501 4411 2743 4481 ignorari
2773 4409 2971 4473 voluit,
3007 4407 3109 4477 qui
3142 4404 3359 4469 Sionis,
3393 4404 3446 4459 id
3482 4411 3567 4459 est

1983 4507 2265 4570 Ecclesiae,
2301 4520 2465 4575 quam
2499 4503 2568 4557 ab
2608 4499 2902 4555 altitudine
2928 4506 3172 4551 montem
3223 4494 3514 4565 appellavit
3548 4536 3563 4560 ,

293 4600 527 4676 ρούριον,
555 4603 715 4673 τυχὸν
744 4603 778 4673 ἡ
815 4618 962 4665 τινος
1008 4600 1119 4653 τῶν
1148 4600 1333 4653 αὐτόθι
1365 4600 1572 4653 πόλεων
1598 4601 1875 4655 ἐπέκεινα

1982 4597 2318 4654 meminerit.
2351 4595 2508 4666 261
2543 4591 2688 4646 Nihil
2717 4591 2861 4645 enim
2896 4589 2951 4642 in
2986 4602 3049 4643 ea
3074 4587 3304 4651 humile,
3328 4586 3415 4640 vel
3447 4584 3564 4655 ipsa

288 4693 558 4762 κειμένων
607 4693 713 4747 τοῦ
765 4691 1058 4761 ποταμοῦ.
1094 4691 1252 4756 Ages:
1298 4691 1409 4763 γὰρ
1455 4693 1764 4763 προῖὼν,ὲν
1808 4696 1873 4765 τῇ

1981 4691 2225 4745 nominis
2260 4689 2494 4745 ratione.
2526 4699 2647 4754 quae
2668 4680 2955 4752 speculum
3000 4677 3268 4747 signiﬁcet
3302 4676 3565 4746 reperias.

1982 4782 2108 4837 ideo
2144 4790 2326 4835 autem
2355 4793 2478 4849 quze
2507 4786 2592 4831 est
2652 4776 2705 4829 in
2753 4783 2905 4843 parte
2952 4769 3099 4840 ﬂuvii
3165 4768 3395 4837 regionis
3454 4764 3571 4835 ejus

1980 4871 2185 4946 iadjecit
2214 4919 2228 4942 ,
2266 4885 2327 4929 ut
2374 4873 2754 4945 A‘ngptiorum
2786 4868 2851 4921 ad
2944 4864 3111 4919 Deum
3132 4860 3570 4918 conversionem,

1985 4979 2210 5041 sumpto
2243 4984 2271 5021 a
2307 4976 2459 5037 parte
2498 4965 2655 5018 initio
2686 5002 2701 5026 ,
2743 4959 3060 5014 universam
3121 4955 3397 5026 regionem
3448 4964 3572 5020 per-

289 5060 457 5130 λέμου
483 5060 695 5124 δεινοῖς,
727 5056 988 5119 ἐλπίζειν
1016 5058 1072 5112 δὲ
1127 5058 1200 5121 ὡς
1238 5056 1302 5127 δὴ
1347 5057 1575 5129 θέμενον
1616 5058 1710 5111 ἐπί
1759 5058 1875 5130 Θεῷ

1984 5039 2231 5118 currisse
2256 5099 2271 5125 ,
2307 5066 2362 5113 et
2392 5056 2459 5110 ad
2499 5056 2808 5108 Binocurns
2855 5065 3030 5118 usque
3055 5086 3071 5110 ,
3133 5045 3217 5099 vel
3267 5043 3430 5096 aliam
3474 5039 3572 5091 ali-

289 5129 388 5224 τὴν
422 5153 635 5207 ἑλπίδι
1853 5129 1856 5130 ν
1984 5170 2147 5226 quam
2179 5151 2367 5205 urbem
2389 5164 2511 5218 qua:
2540 5163 2706 5213 supra
2728 5144 2952 5213 [luvium
2984 5143 3075 5204 sit,
3132 5135 3445 5207 pervenisse
3477 5129 3573 5226 de-

296 5222 584 5299 monstret.
620 5243 771 5298 Dicet
803 5244 949 5298 enim
982 5254 1171 5315 postea
1231 5244 1345 5300 fore
1403 5245 1491 5301 die
1534 5247 1627 5302 illa
1695 5248 1869 5306 altare
1911 5222 2144 5305 Domino
2174 5247 2228 5301 in
2263 5243 2640 5316 Egyptiorum
2730 5239 2989 5309 regione,
3038 5240 3091 5285 ct
3152 5231 3458 5316 columnam
3523 5222 3577 5273 in

301 5339 497 5393 ﬁnibus
527 5337 704 5407 ipsius
732 5336 987 5391 Domino.
1036 5338 1105 5390 At
1150 5338 1294 5407 quod
1324 5340 1578 5407 populum
1624 5343 1871 5395 attritum
1912 5340 2146 5405 addidit,
2220 5337 2287 5391 ad
2351 5315 2474 5389 belli
2550 5332 2894 5386 calamitates
2952 5322 3159 5380 retulit.
3222 5315 3377 5386 Quod
3447 5315 3576 5369 item

297 5438 615 5497 sperantem,
652 5427 719 5482 ad
740 5444 917 5499 spem,
961 5443 1082 5498 qua:
1127 5431 1179 5483 in
1223 5428 1388 5484 Deum
1421 5439 1527 5486 est.

289 4784 475 4856 ἡμέρα
505 4784 686 4855 ἐκείνῃ
716 4783 867 4836 ἔσται
899 4783 1286 4853 θυσιαστήριον
1320 4782 1395 4853 τῷ
1420 4783 1609 4854 Κυρίῳ
1637 4786 1694 4836 ἐν
1723 4784 1875 4856 χώρᾳ

291 4876 606 4945 Αἰγυπτίων
626 4918 641 4943 ,
680 4877 771 4929 καὶ
808 4874 978 4944 στήλη
1009 4875 1147 4945 πρὸς
1175 4875 1235 4927 τὸ
1266 4876 1412 4944 ὄριον
1446 4875 1620 4944 αὐτῆς
1648 4876 1724 4946 τῷ
1760 4878 1876 4929 Κυ-

294 4966 414 5039 ρίῳ.
449 4966 878 5036 Πεπατημένον
923 4966 980 5018 δέ
1017 4984 1149 5036 φησι
1184 4966 1290 5019 τὸν
1318 4965 1472 5019 .iadr
1500 4969 1611 5029 τοῖς
1656 4967 1749 5019 τοῦ
1782 4986 1878 5020 πο-

366 5561 410 5594 η
434 5562 502 5617 1V
542 5560 675 5633 Reg.
718 5579 828 5626 nx,
862 5563 879 5615 l
914 5578 1065 5632 εειιιι·
1574 5629 1807 5685 "Amm
1873 5627 2276 5686 LECTlONES.

372 5726 390 5765 ί
424 5744 511 5796 γρ.
541 5733 735 5801 τροφή.
814 5732 837 5769 ε
860 5730 945 5783 ῖσ.
983 5730 1196 5795 ,ἰδία-τεν,
1233 5729 1386 5783 καί·λῖ
1414 5725 1537 5782 εἶτα
1565 5729 1658 5782 7.1".
1691 5728 2020 5799 τετιλμένον,
2047 5727 2121 5790 ὡς
2155 5723 2524 5798 μεταϐάσεως.
