4022 6210
1661 174 1707 201 εἴ
1779 180 2046 204 ’σαι-’.αι⁷’

1270 232 1357 245 νηη-

454 300 595 365 ειιε
1424 378 1436 389 ,

1057 412 1209 468 CAP.
1256 413 1397 471 XIX.

950 503 1156 562 VISIO
1197 507 1523 564 IECYI’TI.

530 593 693 663 262
724 591 892 649 Vens.
936 595 1017 647 l-
1050 597 1135 651 15.
1179 596 1314 651 Ecce
1378 599 1637 654 Dominus
1695 600 1836 655 sedet
1877 618 2034 671 super

458 685 645 740 nubem
677 685 833 739 levem
865 697 911 739 et
935 688 1099 741 veniet
1128 690 1181 741 in
1239 685 1527 760 ngyptum
1556 732 1571 755 ,
1601 702 1650 745 et
1694 692 2035 747 movebuntur

458 774 771 842 manufacta
802 775 1019 845 ίεΕφυριί
1051 795 1081 830 a
1112 778 1249 845 facte
1287 781 1402 848 ejus
1430 821 1443 840 .
1469 790 1517 833 et
1551 798 1642 834 cor
1668 799 1851 836 eorum
1879 801 2035 852 supe-

461 862 669 915 rabitur
705 864 757 915 in
782 865 855 917 eis
880 876 961 927 ;et
996 868 1372 919 excitabuntur
1396 867 1641 940 zEgyptii
1657 874 1709 924 in
1726 870 2029 940 nguptios,

462 966 511 1009 et
558 957 769 1009 bellabit
804 958 956 1011 homo
1015 959 1263 1013 adversus
1295 962 1517 1028 fratrem
1556 982 1732 1031 suum,
1785 976 1833 1020 et
1880 966 2035 1022 homo

460 1059 647 1102 eontra
678 1052 982 1114 proximum
1022 1069 1200 1117 suum,
1241 1055 1431 1110 civitas
1461 1058 1714 1114 adversus
1744 1063 2033 1128 civitatem,

426 1142 432 1212 ρ
462 1140 602 1209 regio
637 1140 886 1196 adversus
922 1145 1204 1212 regionem,
1237 1156 1346 1202 etc.

425 962 434 1139 ί

420 1197 432 1367 ἶ
534 1315 694 1385 263
737 1314 1149 1386 Superioribus,
1182 1337 1303 1390 quae
1332 1324 1470 1378 mari
1504 1326 1784 1396 ﬂuvioque
1810 1329 2034 1404 Egypti

464 1412 823 1461 coavenireut
876 1410 1047 1477 (unde
1100 1420 1155 1465 et
1207 1429 1420 1481 eorum,
1461 1419 1554 1486 qui
1604 1420 1881 1475 Christum
1934 1441 2032 1480 au-

464 1496 807 1560 nuutiarent,
862 1499 1003 1550 viam
1065 1500 1179 1555 fore
1236 1506 1554 1572 perfacilem
1593 1513 1813 1581 patuit),
1873 1515 2037 1569 allata

465 1589 617 1635 sunt.
660 1580 776 1635 Jam
813 1582 1088 1656 [Egyptiis
1126 1604 1247 1657 quae
1287 1591 1625 1649 faustissima
1659 1580 2034 1668 impendeant,

465 1669 589 1725 istis
632 1671 1101 1731 demonstrantur.
1144 1680 1330 1750 Neque
1366 1701 1493 1737 vero
1528 1686 1581 1740 in
1613 1692 2032 1757 praecedentium

463 1761 739 1817 visionum
796 1768 904 1819 ulla
956 1772 1126 1824 venire
1164 1773 1217 1825 in
1259 1775 1395 1829 nube
1447 1778 1550 1831 leni
1586 1780 1903 1849 Dominum,
1940 1788 2034 1841 sed
2065 1745 2112 1803 Β

463 1855 764 1920 peculiaria
805 1861 1051 1926 quaedam
1104 1863 1171 1916 de
1217 1865 1450 1935 singulis
1496 1869 1602 1924 dici
1645 1875 1909 1941 reperias.
1946 1876 2035 1932 ln-

463 1944 725 1998 scribitur
754 1955 935 2001 autem
976 1948 1200 2021 {Egypti
1239 1955 1387 2020 visio,
1421 1974 1528 2011 non
1571 1962 1838 2020 adversus
1869 1965 2033 2038 Egy-

463 2039 641 2101 ptum,
683 2042 742 2087 ut
790 2039 1103 2105 superiores
1154 2048 1468 2109 nonnullas.
1509 2054 1591 2106 vel
1637 2054 1783 2121 quod
1826 2059 2037 2126 perspi-

462 2124 670 2177 caciori
699 2136 899 2191 mente,
922 2147 1043 2199 quae
1063 2132 1345 2202 dicuntur,
1368 2140 1631 2197 intuitum
1656 2147 1726 2198 sit
1749 2124 2034 2218 (Egi/plus,

462 2215 549 2267 vel
580 2216 727 2284 quod
766 2218 999 2290 zEgypta
1041 2240 1163 2291 qua:
1207 2234 1544 2298 conducant,
1580 2215 2037 2305 prephetia'eon-

463 2307 655 2361 liueat.
696 2306 835 2373 Quid
884 2313 1031 2365 enim
1076 2331 1236 2383 quam
1279 2322 1427 2389 quod
1476 2326 1528 2378 iu
1560 2343 1622 2379 ea
1658 2333 2036 2400 peregrinatus

461 2404 547 2450 est
576 2396 860 2463 Dominus.
895 2413 948 2457 et
974 2419 1087 2460 suae
1118 2413 1436 2481 participem
1470 2396 1811 2487 cegnitiouis
1835 2423 2035 2491 elTecit,

461 2487 665 2543 habeat
692 2491 941 2548 beatius?
970 2497 1021 2550 in
1049 2498 1181 2553 nube
1211 2511 1423 2570 autem,
1452 2509 1550 2569 ait,
1578 2511 1628 2564 id
1657 2522 1761 2577 est,
1794 2531 1859 2570 eo
1889 2517 2035 2585 quod

462 2580 530 2633 de
577 2579 783 2650 Spiritu
834 2597 1055 2655 sancto,
1106 2603 1410 2665 sanctaque
1452 2599 1679 2668 Virgine
1713 2579 2033 2677 assumpsit,

462 2685 695 2737 corpore
730 2677 916 2731 veniet.
956 2677 1022 2732 Ut
1056 2685 1199 2736 enim
1232 2702 1357 2741 aere
1388 2698 1655 2761 terraeque
1684 2696 2036 2756 exhalatione

460 2758 671 2824 nubem,
709 2763 788 2816 sic
836 2765 1042 2832 Spiritu
1094 2783 1307 2838 sancto,
1353 2784 1680 2852 terrenaque
1724 2787 2034 2845 substantia

464 2847 676 2903 Domini
712 2868 915 2923 corpus
939 2870 1194 2917 constare
1223 2866 1500 2925 credimus
1531 2889 1544 2924 :
1574 2890 1686 2942 quo
1713 2891 1839 2931 cum
1872 2881 2036 2936 vehe-

461 2946 637 3002 retur,
670 2958 808 3012 puer
851 2946 904 2999 in
952 2946 1240 3020 (Egi/ptum
1284 2959 1440 3020 renit.
1493 2970 1551 3014 ut
1599 2979 1716 3018 eam
1770 2967 2032 3025 ineffabili

461 3032 699 3099 quadam
743 3039 960 3103 virtute,
997 3058 1094 3096 sua

462 3124 769 3179 cumularet
816 3127 1118 3186 bcneﬁciis.
1171 3135 1244 3188 Ea
1298 3141 1442 3193 enim
1501 3146 1740 3200 maxime
1793 3152 2035 3205 omnium

463 3224 663 3281 praeter
704 3225 936 3274 caeteros
974 3221 1217 3293 Egyptii
1256 3228 1501 3300 indigere
1550 3235 1896 3305 videbantur,
1939 3244 2035 3311 qui

464 3318 573 3359 tam
606 3307 768 3379 longe
800 3325 828 3363 a
870 3313 1137 3382 religione
1179 3332 1544 3386 recesserant.
1580 3337 1638 3380 ιιι
1680 3345 1744 3383 ne
1775 3346 1804 3384 a
1846 3333 2037 3389 bruto-

462 3412 582 3451 rum
627 3400 843 3467 quidem
880 3406 1200 3462 animalium
1235 3415 1386 3466 cultu
1417 3415 1797 3487 abstinerent;
1831 3424 1923 3492 qui
1952 3442 2038 3478 rc.

461 3502 582 3553 gem
611 3504 831 3555 rursus.
863 3511 1059 3565 magno
1083 3501 1353 3558 adversus
1385 3507 1786 3573 providentiam
1819 3516 2038 3571 univer-

460 3579 616 3649 sique
662 3584 1117 3651 gubernationem
1172 3591 1337 3658 fastu,
1386 3594 1557 3650 Deum
1606 3616 1634 3653 a
1684 3617 1744 3657 se
1793 3605 2035 3674 ignorari

461 3671 679 3737 publice
704 3676 1051 3744 profitentem
1094 3680 1405 3751 haberent;
1443 3687 1555 3756 qui,
1583 3671 1839 3761 denique
1864 3692 2036 3751 Israe-

464 3763 593 3818 litas
639 3760 823 3821 hostili
860 3782 1078 3838 semper
1121 3770 1433 3846 infestoque
1464 3779 1649 3836 animo
1685 3760 1923 3840 fuissent
1952 3788 2036 3841 in-

463 3853 679 3907 sectati.
712 3853 852 3911 Hinc
875 3866 959 3913 est
990 3859 1153 3931 igitur
1180 3867 1324 3935 quod
1354 3882 1476 3922 eum
1513 3874 1749 3929 maxime
1772 3876 2033 3947 ignoran-

460 3944 630 4009 tibus,
662 3947 877 4003 sublan
925 3954 1074 4006 omni
1129 3953 1399 4012 idolorum
1442 3962 1615 4028 cultu,
1656 3944 1817 4035 hujus
1852 3966 2035 4023 futura

462 4034 623 4105 longo
665 4049 792 4093 ante
836 4053 1086 4111 tempore
1135 4049 1375 4117 cognitio
1427 4034 1761 4122 praedicitur.
1803 4059 1956 4125 Quod
1990 4062 2037 4117 si

460 4126 515 4179 in
553 4127 688 4181 nube
732 4144 841 4184 non
897 4132 1213 4202 adjecisset,
1258 4140 1457 4197 virtute
1505 4146 1743 4214 quadam
1785 4153 2037 4220 corporis

459 4228 704 4287 experte,
736 4238 844 4291 qua
874 4227 1057 4280 omnia
1098 4228 1152 4282 in
1191 4233 1448 4289 omnibus
1482 4237 1756 4294 exsisteus
1788 4243 2038 4298 modera-

457 4316 570 4373 tur.
604 4311 657 4366 id
693 4313 875 4371 facere
904 4318 1173 4375 videatur.
1205 4321 1261 4375 lu
1295 4326 1499 4381 mundo
1529 4330 1674 4383 enim
1705 4341 1843 4397 erat,
1879 4351 2037 4391 mun-

456 4401 668 4473 dusque
700 4422 794 4475 per
831 4409 1008 4477 ipsum
1049 4414 1228 4469 factus
1255 4426 1340 4471 est
1364 4419 1433 4479 ".
1468 4436 1577 4488 qua
1628 4426 1846 4482 ratione
1881 4436 1935 4483 et
1977 4430 2032 4486 in

457 4491 691 4563 nggpto
721 4498 882 4552 etiam
931 4510 1058 4557 ante
1102 4502 1295 4571 fuisse,
1325 4509 1376 4562 in
1406 4524 1513 4579 qua
1548 4512 1732 4571 Mosen
1764 4528 1818 4573 et
1856 4522 2031 4578 Aaro-

458 4598 582 4637 nem
628 4587 928 4644 allocutum
978 4608 1104 4649 csse
1153 4607 1392 4665 constat,
1424 4618 1585 4661 nemo
1625 4611 1864 4681 negabit.
1904 4615 2033 4672 Erat

458 4683 724 4741 praeterea
769 4688 822 4732 et
864 4683 1130 4740 Dominus
1167 4702 1291 4742 cum
1331 4691 1572 4765 Joseplto
1611 4717 1623 4752 :
1661 4705 2033 4772 superfluum—

456 4778 565 4831 que
614 4768 861 4824 videatur
908 4774 972 4826 ad
1024 4776 1270 4849 singulas
1313 4785 1563 4854 regiones
1608 4768 1747 4861 cjus-
1772 4796 2029 4855 virtutem

455 4947 658 5016 ipsum,
692 4952 743 5006 in
772 4971 882 5024 quo
911 4960 1199 5017 nobiseum
1232 4977 1481 5025 versatus
1510 4981 1617 5037 est,
1648 4974 1769 5029 ideo
1797 4980 2025 5040 forsitan

1780 307 2133 370 PROCOPII
2167 310 2413 372 GAZJEI

2052 415 2106 475 A

2714 353 2719 359 .
3569 312 3716 382 21H.

2723 419 2973 475 ΚΕΦΔΛ.
3014 420 3109 478 ῙΘ¹.

2560 513 2829 565 ΟΡΑΣΙΣ
2879 515 3012 567 ΑΙΓ
3025 515 3210 569 ΥΠΤΟ
3222 517 3281 568 Υ.

2205 600 2374 655 αὀιέ.
2412 600 2559 655 Ἰδοὺ
2601 604 2820 671 Κύριος
2850 604 3099 673 κάθηται
3143 606 3241 661 ἐπὶ
3280 609 3543 678 νεφέλης
3572 614 3717 668 κού-

2134 710 2273 761 φης,
2302 693 2400 748 καὶ
2428 695 2557 761 ἥξει
2600 697 2687 760 εις
2718 696 3043 765 Αιγυπτον,
3078 699 3175 752 καί
3218 701 3608 767 σεισθήσεται
3642 707 3720 760 τὰ

2134 787 2513 853 χειροποίητα
2544 788 2843 855 Αἰγύπτου
2872 789 2989 841 ἀπὸ
3015 790 3340 858 ,προσώπου
3371 795 3557 849 αὑτοῦ
3575 836 3590 860 ,
3614 797 3717 850 καί

2135 875 2174 942 ἡ
2201 874 2415 941 καρδία
2451 876 2650 930 αὐτῶν
2686 880 3083 946 ήττηθήσεται
3109 882 3179 935 ἐν
3204 885 3428 951 αὐτοῖς.
3471 888 3575 940 Καὶ
3614 888 3719 940 ἐπ·-

2134 966 2558 1035 εγερθήσονται
2574 971 2876 1037 Αἰγύπτιοι
2898 973 2993 1025 ἐπ’
3013 976 3393 1043 Αἰγυπτίους,
3422 979 3516 1030 καὶ
3541 984 3721 1033 πολε-

2130 1056 2315 1126 μήσει
2344 1057 2655 1125 ἅνθρωπος
2685 1061 2790 1113 τὸν
2818 1061 3086 1133 ἀδελφὸν
3122 1065 3308 1119 αὐτοῦ
3330 1105 3344 1127 ,
3369 1066 3465 1119 καὶ
3491 1068 3717 1137 ἂνθρω-

2136 1165 2250 1216 πος
2293 1150 2399 1204 τὸν
2439 1153 2709 1219 πλησίον
2753 1155 2963 1218 αὑτοῦ,
3013 1157 3193 1221 πόλις
3226 1158 3323 1211 ἐπὶ
3368 1159 3569 1223 πόλιν,
3617 1161 3719 1215 καὶ

2135 1242 2319 1311 νομὸς
2348 1243 2680 1312 ἐπίνομον,
2717 1261 2771 1298 κ.
2808 1262 2858 1300 τ.
2889 1245 2940 1302 λ.

2208 1335 2700 1407 Συγγεγενημένηὺ
2741 1336 2805 1407 δὴ
2848 1340 2961 1401 τοῖς
3016 1340 3325 1409 εἰρημένοις
3359 1342 3556 1413 ἐρρέθη
3591 1343 3721 1412 περὶ

2138 1424 2415 1496 θαλάσσης
2447 1426 2853 1494 Αἰγύπτουκαὶ
2884 1430 3158 1499 ποταμοῦ.
3205 1432 3351 1501 Πλὴν
3399 1433 3512 1486 ἀλλ’
3536 1435 3724 1488 ἐκεῖνα

2140 1516 2238 1586 μὲν
2267 1517 2456 1587 ἐδήλου
2490 1520 2694 1589 ῥᾴστην
2723 1519 2839 1571 ὁδὸν
2869 1519 3090 1574 ἔσεσθαι
3140 1525 3251 1585 τοῖς
3293 1523 3721 1593 εὐαγγελιζομέ-

2137 1625 2248 1669 νοις
2277 1610 2507 1678 Χριστόν
2534 1627 2547 1640 ο
2582 1610 2650 1663 τὰ
2684 1610 2740 1663 δὲ
2788 1611 3034 1681 παρόντα
3092 1614 3435 1685 προεφώνειί
3482 1618 3595 1679 τοῖς
3626 1621 3721 1670 Ai-

2138 1699 2390 1767 γυπτίοις
2421 1700 2486 1754 τὰ
2514 1700 2798 1755 κάλλιστα.
2818 1703 2945 1757 Ἐπ’
2981 1704 3240 1773 οὐδεμιᾶς
3269 1706 3326 1758 δὲ
3355 1706 3462 1760 τῶν
3488 1709 3719 1778 εἰρημέ-

2138 1807 2245 1843 νων
2282 1791 2527 1861 ὁράσεων
2558 1792 2730 1860 ἥξειν
2754 1796 2782 1846 ὁ
2810 1794 3013 1864 Κύριος
3052 1796 3151 1849 ἐπὶ
3190 1799 3452 1866 νεφέλης
3485 1802 3723 1869 κούφης

2139 1878 2590 1951 ὲλέγετο.“Ετερα
2636 1883 2692 1935 δέ
2734 1900 2857 1936 τινα
2905 1885 3034 1956 περὶ
3068 1886 3247 1939 αὐτῶν
3281 1887 3584 1951 ἰδιάζοντα·
3619 1894 3716 1945 Αί-

2138 1971 2367 2039 γύπτου
2402 1970 2459 2023 δὲ
2503 1971 2733 2039 ὅρασις,
2764 1974 2879 2027 ἀλλ’
2901 1976 2961 2028 οὐ
2995 1976 3117 2031 κατ’
3139 1976 3439 2045 Αἰγύπτου,
3466 1981 3719 2051 καθάπερ

2137 2064 2230 2115 ἐπὶ
2253 2063 2363 2115 τῶν
2386 2063 2561 2117 ἄλλων
2585 2066 2999 2137 προγέγραπται
3022 2085 3035 2099 ⁶
3062 2068 3095 2139 ἢ
3123 2069 3198 2134 ὠς
3222 2070 3391 2139 αὐτῆς
3412 2074 3716 2140 Αἰγύπτου

2129 2156 2482 2222 μελλούσης
2502 2154 2649 2224 όρᾷν
2664 2156 2739 2228 νῷ
2756 2158 3046 2230 διορατικῷ
3068 2161 3136 2214 τὰ
3160 2161 3449 2230 λεγόμεναο
3474 2162 3507 2233 ἢ
3528 2163 3601 2225 ὡς
3617 2164 3714 2232 τῆς

2138 2248 2475 2316 προφητείας
2522 2248 2886 2319 περιεχούσης
2912 2253 3186 2319 Αίγύπτῳ
3230 2255 3298 2306 τά
3334 2254 3594 2308 κάλλιστα
3616 2272 3629 2284 ⁸
3662 2255 3717 2308 τί

2135 2336 2244 2405 γὰρ
2280 2336 2693 2408 μακαριώτερον
2739 2339 2832 2392 τοῦ
2884 2341 3224 2411 ἐπιδημῆσαι
3267 2342 3439 2414 ταύτῃ
3472 2343 3559 2395 τὸν
3604 2343 3718 2396 Κύ-

2138 2442 2273 2495 ριον,
2304 2426 2397 2479 καὶ
2422 2426 2677 2494 γνώσεως
2711 2429 3056 2497 μεταδιδόναι
3077 2431 3175 2500 τῆς
3202 2432 3432 2495 homo;
3468 2432 3639 2496 ’Ήξει
3656 2433 3719 2485 δέ

2136 2532 2298 2583 φασιν
2323 2516 2420 2568 ἐπὶ
2444 2516 2706 2585 νεφέλης
2732 2518 2985 2585 κούφης,
3014 2518 3078 2589 ῆι
3116 2511 3285 2591 οὗπερ
3317 2520 3571 2589 ἀνείληφε
3608 2520 3713 2573 σώ-

2138 2623 2307 2677 ματος
2333 2605 2393 2672 ἐξ
2426 2607 2581 2674 ἁγίου
2615 2607 2929 2679 Πνεύματος
2959 2612 3053 2663 καὶ
3092 2611 3190 2678 τῆς
3217 2611 3375 2676 ἁγίας
3412 2612 3711 2682 Παρθένου.

2146 2699 2234 2764 Ὠς
2262 2700 2369 2769 γὰρ
2399 2701 2436 2767 ή
2462 2700 2688 2769 νεφέλη
2728 2703 2829 2755 οὒκ
2874 2702 3096 2755 ἄλλοθεν
3131 2704 3243 2772 ἔχει
3277 2703 3551 2768 σύστασιν,
3588 2703 3620 2772 ῆ
3654 2701 3717 2773 ἐξ

2135 2790 2296 2861 ἀέρος
2342 2793 2436 2845 καὶ
2488 2792 2906 2863 ἀναθυμιάσεως
2948 2793 3047 2864 τῆς
3097 2793 3239 2862 γῆς·
3282 2793 3452 2856 οὕτως
3494 2793 3586 2846 ἐπὶ
3616 2796 3715 2847 τοῦ

2136 2883 2339 2952 Κυρίου
2388 2884 2449 2936 τὸ
2501 2884 2661 2954 σῶμα
2707 2884 2768 2948 ἐξ
2811 2885 2968 2952 ἁγίου
3003 2885 3318 2955 Πνεύματος
3364 2885 3571 2955 ὑπέστη
3618 2884 3718 2937 καὶ

2135 2973 2372 3041 γεώδους
2415 2968 2699 3045 οὐσίας.ᾮ
2745 2976 2809 3045 δὴ
2855 2975 2987 3039 Θεὸς
3024 2977 3393 3045 ἐποχούμενος
3440 2975 3582 3028 κατά
3614 2976 3718 3046 τὴν

1148 3046 1248 3099 ista
1301 3053 1739 3119 peregrinatione
1778 3062 2031 3116 maximis

2140 3066 2332 3133 νηπίαν
2382 3065 2598 3135 ἡλικίαν
2639 3063 2829 3135 ἦλθεν
2869 3070 2958 3134 εις
3003 3068 3307 3138 Αιγυπτον
3333 3068 3719 3138 ὠφελουμένην

2140 3157 2365 3227 ἀρρήτῳ
2390 3156 2617 3227 δυνάμει
2649 3158 2736 3210 διὰ
2763 3158 2861 3228 τῆς
2899 3159 2979 3221 είς
3007 3159 3178 3230 αὐτὴν
3203 3159 3496 3230 ἐπιδημίας
3523 3159 3593 3211 ea
3623 3159 3721 3228 μὲ-

2140 3265 2320 3316 γιστα.
2360 3248 2578 3317 Ταύτης
2634 3250 2742 3320 γὰρ
2801 3251 2853 3304 οί
2903 3251 3020 3304 κατ’
3059 3252 3366 3321 Αἴγυπτον
3423 3250 3722 3319 ἐξαιρέτοις

2140 3340 2350 3393 ἐδέοντο
2365 3340 2913 3410 δεισιδαιμονέστατοι
2931 3343 3212 3411 γεγονότες
3233 3342 3509 3407 ἁπάντων,
3528 3342 3602 3402 ὡς
3627 3343 3717 3395 καὶ

2143 3432 2303 3501 μέχρι
2334 3431 2431 3500 τῆς
2453 3430 2562 3483 τῶν
2582 3430 2788 3498 ἀλόγων
2813 3431 2964 3496 ζώων
2986 3434 3401 3488 ἐκπεπτωκέναι
3428 3431 3709 3504 λατρείαςο

2137 3520 2211 3582 ὡς
2240 3522 2332 3572 καὶ
2358 3524 2536 3593 γυμνῇ
2565 3521 2774 3593 κεφαλῇ
2805 3526 2896 3576 τὸν
2921 3524 3128 3578 τούτων
3166 3525 3388 3595 βασιλέα
3431 3524 3577 3596 βοᾷν,
3615 3523 3712 3576 οὐκ

2139 3608 2253 3665 οἶδα
2282 3613 2372 3665 τὸν
2399 3612 2625 3684 Κύριον.
2654 3613 2841 3676 Οὕτως
2859 3615 3154 3671 ἀδέσποτόν
3180 3634 3237 3669 τε
3260 3618 3353 3669 καί⁵
3376 3616 3717 3687 ἀπρονόητον

2138 3704 2372 3774 ἡγοῦντο
2399 3705 2458 3758 τὸ
2492 3706 2622 3759 πᾶν.
2654 3707 2959 3772 Διαπαντός
3008 3708 3064 3762 δὲ
3113 3710 3209 3763 καὶ
3250 3712 3363 3772 τοῖς
3403 3709 3461 3774 ἐξ
3500 3707 3721 3779 Ἰσραὴλ

2141 3795 2385 3866 ὑπῆρχον
2436 3797 2704 3865 πολέμιοι.
2735 3799 2826 3852 Διὸ
2872 3802 2982 3862 τοῖς
3012 3800 3297 3868 ἀγνοοῦσιν
3327 3800 3461 3868 ἄγαν
3493 3798 3656 3852 αὐτὸν
3682 3801 3717 3868 ἡ

2137 3888 2326 3942 τούτου
2361 3887 2783 3960 προθεσπίζεται
2814 3891 3038 3957 γνῶσις,
3069 3894 3248 3963 πάσης
3303 3892 3534 3946 εἰδώλων
3588 3894 3720 3946 ἀσε-

2140 3979 2293 4044 ϐείας
2322 3981 2695 4051 ἀνῃρημένης.
2734 3982 2797 4036 El
2822 3981 2879 4036 δὲ
2914 3982 2989 4053 μὴ
3020 3983 3102 4047 τὸ,
3131 3984 3229 4037 ἐπὶ
3260 3983 3518 4051 νεφέλης
3549 4000 3722 4054 προσ-

2139 4071 2338 4136 έκειτο,
2372 4071 2549 4137 ἔδοξεν
2574 4071 2641 4125 ἂν
2665 4072 2973 4143 ἀσωμάτων
2995 4079 3017 4113 ι
3040 4073 3292 4153 λέγεσθαι
3316 4074 3562 4143 δυνάμει,
3588 4072 3692 4126 καθ
3710 4073 3725 4093 '

2138 4161 2205 4232 ἢν
2236 4161 2413 4216 διέπει
2440 4163 2502 4217 τὸ
2532 4165 2662 4229 πᾶν,
2691 4165 2952 4235 ὑπάρχων
2982 4166 3040 4219 ὲν
3070 4166 3293 4220 suam.
3312 4166 3400 4218 Ἑν
3430 4165 3507 4234 τῷ
3531 4166 3727 4235 κόσμῳ

2140 4255 2251 4326 γὰρ
2274 4250 2364 4327 ἦν,
2394 4257 2532 4310 καὶὸ
2558 4258 2762 4328 κόσμος
2791 4257 2857 4311 δι’
2878 4256 3045 4310 αὑτοῦ
3075 4252 3388 4329 ὲγένετο.ᾯ
3416 4257 3605 4328 τρόπῳ
3626 4258 3726 4310 καὶ

2140 4348 2199 4401 ὲν
2243 4349 2520 4418 Αἰγύπτῳ
2560 4350 2823 4421 πρότερον
2852 4346 2941 4421 ἦν.
2978 4346 3144 4404 Εἶπεν
3178 4349 3287 4422 γὰρ
3330 4349 3534 4420 Κύριος
3584 4349 3726 4420 πρὸς

2140 4440 2343 4493 Μωσέα
2369 4440 2462 4493 καὶ
2496 4440 2706 4512 ’Δαρὼν
2749 4441 2806 4493 ὲν
2834 4443 2904 4512 γῇ
2934 4441 3256 4510 Αίγύπτου.
3292 4440 3400 4493 Καὶ
3448 4439 3609 4493 πάλιν
3648 4434 3724 4510 ἧν

2139 4528 2343 4599 Κύριος
2368 4530 2506 4602 μετά
2523 4532 2740 4603 Ἰωσήφ.
2763 4532 2872 4584 Καὶ⁵
2889 4531 3142 4600 περιττὸν
3161 4532 3403 4601 ὑπῆρχεν
3419 4530 3513 4582 ἐπὶ
3537 4530 3725 4600 πάσης

2138 4618 2321 4691 χώρας
2340 4606 2576 4691 ἁρμόσαι
2594 4622 2892 4690 δυνάμενον
2915 4620 2959 4676 ι.
2978 4621 3135 4675 Ἀλλά
3152 4621 3257 4693 γάρ
3274 4621 3372 4691 τὴν
3393 4620 3529 4690 μετά
3542 4619 3727 4688 σῶμα.

2139 4728 2230 4774 τος
2258 4712 2547 4784 ἐπιδημίαν
2568 4712 2854 4783 ἐδήλωσεν,
2884 4713 3041 4767 τοῦτο
3068 4714 3336 4783 νεφέλην
3360 4713 3548 4767 εἰπών.
3566 4713 3727 4782 Τάχα

2070 4834 2080 4845 -
2141 4803 2232 4854 καὶ
2251 4802 2338 4855 διὰ
2369 4803 2431 4855 τὸ
2457 4803 2772 4874 κινημάτων
2803 4803 3148 4873 ἀπηλλάχθαι
3170 4801 3571 4874 γεωδεστέρων,
3598 4804 3728 4855 ἑπι-

455 4861 902 4920 accommodare.
955 4866 1245 4927 Enimvero
1293 4879 1445 4931 nubis
1496 4884 1751 4949 nomine,
1828 4904 2028 4962 corpus
2071 4910 2077 4917 ‘

2138 4895 2338 4966 θυμίας
2365 4912 2423 4949 τε
2451 4895 2768 4965 σωματικὰς
2791 4894 3218 4966 ὑπερίπτασθαι,
3243 4895 3300 4957 ὃς
3320 4894 3591 4965 ἁμαρτίαν
3617 4895 3729 4948 οὐκ

2134 4988 2410 5058 ἐποίησεν,
2444 4987 2563 5040 οὐδὲ
2590 4987 2787 5058 εὑρέθη
2816 4989 2873 5040 ὲν
2902 4986 2982 5057 τῷ
3010 4987 3237 5061 στόματι
3264 4987 3429 5040 αὐτοῦ
3457 4986 3624 5048 δόλος.

453 5039 818 5112 signiﬁcavit,
877 5052 1020 5119 quod
1093 5059 1328 5113 terrenis
1399 5065 1640 5121 motibus
1728 5071 2022 5143 liberatuS,
2104 5039 2293 5152 264.
2361 5081 2756 5149 corporeisque
2834 5080 3381 5148 perturbationibus,
3452 5080 3545 5148 qui
3616 5090 3725 5132 nec

457 5148 739 5208 pccvatum
798 5144 968 5199 ullum
1030 5149 1368 5219 admisisset,
1408 5175 1506 5213 nec
1560 5161 1612 5215 in

524 5232 661 5288 Sunt
707 5243 888 5291 tamen
931 5241 1023 5308 qui
1059 5257 1153 5311 per
1193 5245 1351 5300 levem
1398 5254 1581 5305 nubent
1618 5274 2026 5320 sacrosanctam

453 5317 755 5391 Virginem,
790 5340 818 5379 a
867 5345 970 5394 qua
1020 5330 1072 5383 in
1123 5332 1419 5406 ngyptum
1464 5344 1610 5397 ulnis
1658 5359 1737 5401 est
1786 5351 2025 5420 dolatus,

557 5459 600 5488 ³⁷
633 5457 791 5513 Joau.
832 5478 869 5526 ι,
908 5463 994 5519 l0.
1075 5468 1088 5497 ¹
1127 5465 1225 5521 lsa.
1275 5487 1389 5536 L'll,
1432 5474 1500 5541 9;
1541 5477 1555 5529 Ι
1593 5478 1733 5535 Petr.
1774 5500 1833 5549 ιι,
1875 5487 1965 5545 ΞΞ.

1668 5180 1764 5219 ore
1823 5168 2034 5228 fraudis
2077 5176 2375 5247 quidquam
2409 5164 2757 5240 habuisset‘,
2792 5176 3045 5245 superior
3077 5191 3294 5246 semper
3322 5173 3502 5229 fuerit.

2209 5267 2423 5337 Ἕτεροι
2453 5267 2509 5320 δὲ
2543 5269 2778 5337 κούρην
2836 5269 3202 5338 ὑπειλήφασιν
3241 5268 3495 5340 εἰρῆσθαι
3545 5249 3723 5338 regas;

2134 5363 2254 5428 λην
2292 5361 2390 5432 τὴν
2420 5361 2582 5429 ἁγίαν
2613 5362 2907 5432 Παρθένον,
2941 5358 3007 5433 ἧς
3041 5364 3100 5415 ἐν
3144 5363 3411 5433 ἀγκάλαις
3441 5364 3519 5425 εἰς
3553 5362 3723 5431 Λίγυ-

1736 5576 1967 5632 ὶἈΙὶΙᾸΞ
2014 5580 2421 5637 LECTIONES.

522 5641 549 5680 ιι
586 5650 1160 5718 γρησυγγεγενημένα.
1250 5654 1261 5693 i

454 5710 635 5781 χώρας
668 5710 907 5783 ἁρμόσαι
931 5710 1160 5790 δύναμιν
1186 5722 1367 5775 αὐτοῦ.

1300 5654 1384 5731 ἴεν.
1420 5668 1753 5732 προσφωνεῖ.
1837 5668 1850 5718 i
1884 5688 1970 5738 rp.
1996 5673 2084 5740 ὲερ.
2167 5678 2189 5713 κ
2227 5691 2311 5744 no.
2355 5676 2651 5749 ἀσωμάτῳ.
2737 5677 2864 5733 ιῖσ.
2900 5696 2987 5749 ῃο.
3011 5674 3253 5747 ὑπῆρχεν
3285 5676 3350 5731 ἂν
3382 5678 3472 5731 ἐπὶ
3532 5678 3717 5747 ’έτης
