4022 6210
319 316 459 381 2H5

1457 314 1996 375 COMMENTARII
2028 313 2111 376 IN
2148 314 2436 376 ISAIAM.

325 444 457 482 πτον
485 422 808 495 ἐκομίζετοο
838 426 1004 495 ἤγουν
1035 425 1221 494 φασιν,
1253 425 1328 488 ὡς
1355 424 1449 479 ὲπὶ
1478 426 1669 496 θρόνου
1702 424 1907 497 ὑψηλοῦ

2034 424 2248 495 ntelligi
2294 424 2635 480 arbitrentur

3432 318 3574 384 2146

2683 442 2697 480 :
2754 428 2833 482 vel
2879 443 2985 499 qua
3040 428 3202 499 plane
3246 427 3464 482 ratione
3511 428 3579 481 ab
3656 490 3657 493 η

325 521 513 575 τοῦτον
544 513 683 572 εἶδεν
716 517 944 581 Ἡσαΐας
985 517 1092 571 ὑπὸ
1127 517 1410 589 δυνάμεων
1437 518 1597 572 θείων
1628 519 1903 590 ὑμνούμε-

2025 516 2149 570 ἷεειίει
2213 515 2520 571 caelestium
2580 516 2845 571 virtutum
2912 521 3134 589 hymnis
3187 519 3307 590 ipse
3366 520 3580 574 laudari

328 630 432 668 vov.
516 611 575 664 αὶ
606 609 837 664 παλαιὸν
864 608 1087 680 ἡμερῶν
1106 611 1133 662 ὁ
1162 612 1357 681 Δανιὴλ
1387 613 1477 663 ἐπὶ
1505 611 1694 681 θρόνου
1719 612 1811 666 xci.
1830 612 1906 674 ὡς

330 706 390 760 ὃν
422 613 764 777 ἐξαθρώπου]
799 704 937 774 μετὰ
983 703 1089 755 τῶν
1129 704 1368 773 νεφελῶν
1411 704 1727 774 ἐρχόμενον.
1745 704 1909 767 Ἱεζε-

2025 608 2161 662 visus
2198 617 2279 663 est
2314 609 2378 661 ἐ
2428 623 2536 677 quo
2585 618 2745 675 pacto
2796 609 2926 663 item
2957 610 3233 678 Antiquus
3270 608 3482 664 dierum
3529 610 3585 661 in

2025 695 2212 749 .ltrono
2254 703 2519 767 tanquam
2557 695 2731 752 Filius
2775 700 3012 753 hominis
3048 702 3104 753 in
3145 700 3384 755 nubibus
3414 716 3444 754 a
3483 698 3585 753 Da-

330 706 390 760 ὗν
422 703 764 776 [ἷνθρώπου]
799 704 937 774 μετὰ
983 703 1089 755 τῶν
1129 704 1368 773 νεφελῶν
1411 704 1727 774 ἐρχόμενον.
1745 704 1909 767 Ἱεζε-

328 797 454 868 κιήλ
502 813 560 848 τε
607 790 744 857 εἶδος
777 793 1065 866 ἀνθρώπου
1109 794 1169 859 ἐξ
1195 796 1459 866 ἠλέκτρου
1495 813 1552 848 τε
1587 797 1681 849 καὶ
1714 797 1905 865 πυρός.

327 887 510 958 Ἀπερ
538 886 777 958 ἕμιρασίν
795 904 916 940 τινα
946 887 1105 956 δόξης
1130 888 1465 958 θεοπρεποῦς
1491 890 1584 941 καὶ
1611 889 1908 960 μυστηρίου

327 974 419 1029 τοῦ
472 978 614 1028 κατὰ
650 977 886 1043 Χριστὸν
924 975 1319 1030 ὑπαινίττεται.
1352 977 1509 1031 Οὕτω
1541 979 1634 1031 καὶ
1672 978 1767 1031 νῦν
1797 977 1911 1047 τὴν

326 1066 596 1135 νεφέλην
622 1065 856 1136 ληπτέον
889 1066 975 1134 ἐφ’
1010 1065 1167 1119 ὑετοῦ
1197 1083 1256 1119 τε
1283 1067 1377 1121 καὶ
1403 1065 1625 1134 δρόσου
1667 1083 1909 1136 πνευμα-

324 1157 507 1226 τικῆς,
545 1156 710 1211 αὐτοῦ
738 1173 797 1210 τε
826 1152 921 1210 τοῦ
952 1159 1222 1227 σωτηρίου
1250 1158 1645 1230 βαπτίσματος.
1676 1160 1913 1229 Τοιγαρ-

327 1248 422 1301 οῦν
467 1249 595 1310 τοὺς
629 1247 689 1310 ἐξ
722 1248 937 1319 Ἰσραὴλ
970 1251 998 1301 ὁ
1033 1249 1245 1312 Παῦλος
1280 1249 1637 1319 βεϐαπτίσθαι
1666 1250 1828 1319 φησὶν
1855 1249 1913 1300 ἐν

328 1344 394 1413 τῇ
427 1341 646 1413 νεφέλῃ.
685 1342 776 1395 καὶ
815 1344 872 1395 ἐν
901 1345 967 1413 τῇ
999 1343 1265 1416 θαλάσσῃ.
1294 1344 1595 1414 Προηγείτο
1633 1342 1689 1396 δὲ
1735 1342 1914 1395 αὐτῶν

331 1436 388 1487 ἐν
436 1434 535 1505 μὲν
589 1433 793 1504 ἡμέρᾳ,
826 1435 1026 1503 νεφέλη
1048 1450 1061 1463 ·
1092 1436 1151 1485 ὲν
1189 1434 1244 1487 δὲ
1273 1437 1462 1498 νυκτὶ,
1492 1434 1684 1497 στύλος
1721 1435 1909 1504 πυρός.

334 1524 394 1576 Εἰ
423 1521 620 1593 χρῆνυ·
652 1518 745 1574 οὖν
792 1522 885 1574 ἐπὶ
920 1523 1239 1593 καθαιρέσει
1284 1523 1391 1576 τῶν
1439 1524 1751 1592 Αἰγυπτίων
1793 1521 1912 1575 θεο·

336 1612 562 1683 πρεπῶς
597 1611 745 1664 ἰόντα
768 1610 859 1663 τὸν
884 1611 1088 1682 Κύριον
1111 1614 1204 1666 ἐπὶ.
1234 1614 1467 1681 κούφης
1493 1612 1723 1684 ὁρᾶσθαι
1745 1610 1915 1681 regis»

332 1706 469 1769 λης,
500 1700 567 1754 δι’
598 1696 666 1771 ἦς
691 1696 760 1771 ἦν
791 1701 888 1755 καὶ
924 1701 1091 1771 μόνης
1122 1702 1223 1769 τῆς
1274 1701 1740 1773 εἰδωλολατρείας,
1783 1701 1916 1752 ἀπο-

334 1792 640 1862 σμήχεσθαι
670 1792 770 1855 τὰς
794 1791 1037 1862 κηλίδας.
1070 1794 1278 1862 Κούφη
1309 1794 1365 1846 δὲ
1395 1794 1662 1862 κούφους
1693 1792 1915 1863 ἐργάζε-
1942 1774 1989 1833 Β

330 1898 419 1937 ται
441 1884 500 1936 τὸ
526 1882 634 1936 τῶν
669 1883 1084 1954 ἁμαρτημάτων
1114 1880 1489 1954 ἀποθεμένους
1518 1885 1757 1955 φορτίον.
1776 1884 1839 1936 Ἠ
1858 1882 1915 1936 δὲ

334 1973 571 2040 κάθισις
619 1973 653 2046 ἢ
703 1975 1047 2038 ἀνάπαυσιν,
1076 1975 1243 2045 ἤγουν
1295 1973 1543 2039 ἐξουσίαν
1600 1974 1913 2028 αἰνίττεται.

345 2062 793 2117 Ἐπαναπαύεται
821 2063 930 2134 γὰρ
964 2063 1023 2115 ού
1056 2066 1254 2135 νομιγῇ
1289 2064 1518 2136 λατρεία
1540 2063 1774 2132 Χριστὸς
1794 2102 1809 2125 ,
1849 2065 1915 2135 τῇ

333 2156 387 2209 δὲ
414 2153 694 2208 τελειώσει
726 2157 794 2225 τῇ
820 2153 910 2207 διὰ
934 2153 1028 2206 τοῦ
1058 2153 1431 2223 βαπτίσματος
1453 2196 1467 2221 ,
1494 2154 1562 2209 δι’
1590 2150 1658 2227 ἧς
1689 2155 1784 2209 καὶ
1821 2154 1917 2225 βα·

334 2246 539 2301 σιλεύει
585 2246 698 2300 τῶν
740 2246 833 2299 ἐπὶ
876 2245 999 2316 γῆς.
1026 2246 1299 2317 Κατορθοῖ
1342 2246 1399 2299 δὲ
1443 2249 1555 2310 τοῖς
1602 2244 1919 2315 Αἰγυπτίοις

334 2339 488 2409 ἑπιδη
500 2336 636 2406 μῶν,
664 2338 768 2390 τὸυ
794 2337 1069 2406 σεισθῆναι
1095 2336 1300 2391 τούτων
1331 2338 1398 2390 τὰ
1431 2336 1647 2400 εἴδωλα,
1672 2339 1759 2392 ὅτε
1781 2336 1918 2391 Θεοῦ

339 2429 434 2498 μὲν
467 2427 787 2496 Ἐκκλησίαι
817 2426 935 2480 καθ’
959 2426 1088 2498 ὅλης
1120 2428 1397 2496 Αἰγύπτου
1427 2427 1770 2499 καθίδρυντο.
1790 2425 1920 2480 Ἐπ-

336 2521 560 2573 εσκόπει
602 2519 659 2571 δὲ
710 2518 908 2581 ταύτας
938 2518 1221 2588 ἐπιδημῶν
1251 2521 1279 2572 ὁ
1308 2518 1440 2581 Θεὸς
1475 2521 1615 2573 κατὰ
1657 2521 1717 2574 τὸ
1738 2562 1753 2586 ,
1785 2521 1918 2574 ὅπου

334 2613 426 2666 δύο
453 2612 485 2683 ἢ
512 2616 665 2683 τρεῖς
693 2613 1019 2683 συνηγμένοι
1047 2614 1183 2665 εἰσὶν
1216 2615 1295 2675 είς
1322 2613 1383 2666 τὸ
1415 2615 1547 2683 ἐμὸν
1572 2613 1765 2684 ὄνομα,
1804 2614 1921 2667 ἐκεῖ

337 2705 451 2773 είμι
493 2706 550 2756 ἐν
597 2704 748 2774 μέσῳ
798 2703 998 2758 αὐτῶν.
1029 2703 1295 2771 Καρδίαν
1326 2704 1382 2756 δὲ
1430 2704 1551 2758 τῶν
1584 2707 1921 2775 Αἰγυπτίων

320 2794 501 2865 ’φησὶν
556 2796 1038 2863 ἡττηθήσεσθαι,
1074 2796 1147 2865 μὴ
1195 2795 1615 2850 ἁντιὸαινόντων
1666 2798 1743 2869 τῷ
1791 2797 1921 2869 θείῳ

341 2886 677 2958 κηρύγματι,
706 2887 804 2959 τὴν
833 2887 888 2940 δὲ
920 2887 1093 2958 καλὴν
1118 2882 1290 2962 ἧτταν
1321 2889 1723 2961 ἡττησομένων.
1760 2890 1921 2954 Τινὲς

339 2978 392 3032 δὲ
444 2977 698 3046 καρδίαν
750 2979 913 3048 φασὶν
968 2981 1217 3051 εἰρῆσθαι
1272 2979 1381 3034 τῶν
1433 2981 1766 3051 ἀγαλμάτων
1797 2983 1922 3046 τοὺς

339 3070 620 3141 δαίμονας,
654 3069 748 3134 οὓς
794 3072 1263 3139 ἡττηθήσεσθαι,
1295 3072 1327 3144 ἦ
1359 3072 1500 3127 κατὰ
1544 3073 1670 3137 τοὺς
1702 3074 1923 3138 λοιποὺς
1946 3116 1992 3177 C

342 3164 639 3234 ἑρμηνέας,
670 3163 1039 3232 τακήσεσθαι
1077 3166 1273 3233 ἀφανεῖ
1303 3164 1395 3217 καὶ
1420 3167 1637 3236 ἀοράτῳ
1668 3165 1916 3235 δυνάμει.

341 3254 561 3308 Τούτων
588 3255 694 3326 γάρ
747 3257 780 3325 ἠ
829 3255 1026 3325 πλάνη,
1056 3256 1113 3321 ἐξ
1155 3250 1216 3308 οὗ
1261 3256 1549 3325 γεγόνασιν
1574 3258 1760 3321 αὐτοῖς
1797 3258 1918 3311 Ἐκ-

344 3346 581 3414 κλησίαι,
612 3346 735 3399 κατ’
765 3345 945 3415 ὀλίγον
970 3346 1276 3401 ἐσϐέννυτο.
1298 3347 1597 3419 Ἐπεδήμει
1622 3348 1676 3401 δὲ
1699 3348 1923 3412 ταύταις

341 3436 603 3508 ὀΚύριος
653 3438 848 3508 ἐνδόξῳ
880 3438 1113 3509 σώματι,
1148 3439 1246 3491 τδο
1297 3440 1363 3509 ἐκ
1414 3441 1625 3511 νεκρῶν
1683 3441 1924 3494 ἀναστά-

345 3545 500 3593 σεως,
527 3530 663 3599 ὅπερ
706 3528 773 3582 ἂν
805 3530 889 3600 εἴη
924 3529 1148 3600 νεφέλη
1194 3529 1390 3600 κούφη
1439 3531 1776 3602 μεταϐληθὲν
1824 3532 1926 3601 τῆς

348 3619 590 3692 φθαρτῆς
629 3622 723 3674 καὶ
768 3623 1002 3690 γεώδους
1039 3623 1249 3686 οὐσίας.

2010 695 2212 749 throno
2254 703 2519 767 tanquam
2557 695 2731 752 Filius
2775 700 3012 753 hominis
3048 702 3104 753 in
3145 700 3384 755 nubibus
3414 716 3444 754 a
3483 698 3587 753 Da-

2011 791 2153 845 niele
2195 790 2382 845 venire
2407 790 2465 854 ’ς
2500 804 2608 859 quo
2650 789 2889 859 denique
2932 791 3096 845 modo
3129 792 3362 845 humana
3404 790 3588 857 Specie

2011 883 2218 936 electro
2247 890 2302 935 et
2340 883 2460 948 igne
2498 890 2789 935 constante
2831 881 3102 936 Ezeeitieli
3143 898 3426 950 apparere.
3457 883 3590 947 Qua:

2013 971 2233 1049 quid'etn
2266 982 2323 1026 ut
2353 972 2552 1026 divinae
2566 976 2751 1043 gloriae
2776 974 3037 1027 etarcani
3073 974 3125 1025 itt
3147 972 3366 1028 Christo
3388 984 3590 1043 myste-

2015 1062 2082 1116 rii
2113 1063 2353 1133 speciem
2380 1061 2757 1117 demonstrant
2778 1105 2792 1128 ,
2820 1068 2899 1117 sic
2928 1073 2981 1117 et
3009 1064 3163 1116 nubis
3194 1079 3415 1129 nomen,
3472 1063 3591 1132 plu-

2018 1156 2137 1219 vite,
2158 1157 2394 1225 rarisque
2425 1156 2754 1225 spiritualis,
2781 1164 2835 1210 et
2864 1157 3127 1211 salutaris
3155 1158 3316 1209 etiant
3334 1155 3595 1226 baptismi

2015 1247 2471 1318 significationem
2518 1247 2701 1302 habet.
2741 1248 2982 1316 Indeque
3026 1260 3133 1313 est,
3175 1249 3322 1317 quod
3363 1249 3414 1301 in
3452 1248 3597 1302 nubo

2013 1347 2067 1392 et
2099 1338 2236 1390 mari
2272 1337 2575 1401 Israelitas,
2614 1354 2752 1408 quos
2781 1340 2867 1393 die
2896 1342 3016 1408 ipso
3059 1340 3257 1404 nubes,
3292 1351 3452 1393 nocte
3499 1354 3598 1393 au-

2019 1438 2124 1483 tem
2162 1429 2417 1482 columna
2448 1432 2592 1498 ignis
2614 1432 2883 1495 anteibat,
2904 1431 3070 1485 Paulo
3099 1440 3261 1494 teste,
3292 1430 3596 1499 baptizatos

2015 1534 2142 1573 esse
2180 1519 2412 1588 legimus
2439 1520 2481 1573 ⁸.
2521 1518 2813 1574 Dominum
2856 1521 3025 1590 igitur
3081 1523 3352 1590 oportuit,
3391 1521 3485 1588 qui
3528 1521 3598 1573 ad

2019 1612 2331 1683 purgandos
2364 1613 2654 1684 [Egyptios
2696 1617 2990 1670 observato
3041 1615 3346 1669 divinitatis
3394 1615 3600 1669 decoro

2017 1706 2494 1774 proficiscebatur,
2531 1707 2583 1760 in
2637 1708 2782 1761 nube
2819 1707 2944 1768 levi,
2980 1723 3088 1776 qua
3118 1708 3235 1761 sola
3275 1706 3601 1760 idololatriae

2017 1797 2275 1852 sordibus
2306 1798 2690 1863 ahluerentur,
2723 1813 3013 1868 apparere.
3041 1796 3228 1852 Levem
3262 1807 3443 1852 autem
3476 1798 3601 1852 idco

2018 1887 2185 1950 dicit,
2253 1900 2331 1955 ut,
2360 1888 2616 1957 deposito
2672 1898 3027 1958 peccatorum
3083 1903 3272 1952 onere,
3342 1888 3605 1956 agiliores

2019 1994 2122 2032 nos
2160 1978 2276 2031 tieri
2319 1978 2594 2047 intelligas
2627 1995 2640 2031 :
2677 1978 2820 2032 sicut
2864 1987 2918 2033 et
2957 1980 3186 2032 sessione
3232 1979 3350 2048 ipsa
3383 1976 3465 2030 vel
3512 1991 3601 2030 re-

2020 2072 2239 2142 quiem,
2304 2070 2385 2125 vel
2447 2080 2597 2126 certe
2658 2072 2958 2140 potentiam
3027 2069 3355 2141 significari.
3413 2067 3604 2138 Neque

2018 2167 2163 2221 enim
2214 2165 2270 2218 in
2317 2165 2454 2236 legis
2500 2166 2907 2228 observatimie,
2957 2165 3053 2219 sed
3110 2164 3164 2217 in
3213 2178 3301 2223 ea.
3337 2177 3459 2232 qua:
3508 2176 3606 2229 per

2019 2258 2355 2328 baptismum
2403 2268 2509 2324 est,
2549 2257 2911 2327 perfectione,
2954 2273 3063 2326 qua
3104 2256 3270 2311 etiam
3314 2261 3507 2323 regnat
3549 2255 3603 2306 in

2021 2351 2215 2413 terris,
2262 2350 2521 2404 Christus
2568 2349 2889 2418 requiescit.
2936 2346 3207 2415 Prospere
3255 2355 3437 2399 autem
3485 2345 3608 2397 ideo

2020 2440 2366 2508 feliciterque
2400 2436 2698 2510 ,Egyptiis
2753 2440 2842 2492 hic
2898 2438 3042 2491 cedit
3096 2438 3396 2499 adventus,
3459 2434 3603 2503 quod

2020 2543 2212 2584 eorum
2256 2530 2424 2589 idola,
2465 2543 2576 2597 quo
2622 2536 2871 2597 tempore
2906 2535 3017 2581 tota
3057 2527 3277 2596 regione
3315 2527 3602 2595 propagari

2022 2620 2299 2677 Ecclesias
2379 2622 2644 2691 contigit,
2711 2619 3048 2674 commoveri
3125 2630 3409 2673 necessum
3478 2617 3600 2669 fuit.

2022 2712 2239 2767 Obiisse
2276 2727 2407 2767 vero
2466 2711 2641 2780 ipsas,
2673 2717 2727 2766 et
2780 2712 2836 2765 in
2883 2712 2964 2767 eis
3012 2725 3137 2765 esse
3183 2708 3352 2763 Deum
3393 2708 3602 2762 versari

2022 2806 2245 2862 solitum
2290 2804 2418 2860 inde
2466 2805 2773 2869 credimus,
2813 2802 2961 2874 quod
3010 2804 3326 2870 ubicunque
3372 2801 3482 2855 duo
3520 2797 3604 2852 vel

2022 2908 2140 2954 tres
2184 2898 2306 2968 ejus
2346 2897 2568 2953 nomine
2611 2897 2937 2967 congregari
2986 2892 3464 2949 animadvertisset
3507 2906 3602 2946 eo-

2023 3005 2147 3045 rum
2197 2990 2251 3044 in
2302 2989 2482 3043 medio
2533 2987 2777 3042 futurum
2829 3003 2889 3041 se
2933 2985 3213 3056 pollicitus
3251 2985 3324 3037 sit
3353 2984 3397 3035 ⁸.
3430 2982 3603 3036 Crete.

2024 3098 2148 3138 rum
2196 3081 2347 3151 quod
2402 3091 2706 3148 superatura
2765 3078 2835 3132 iri
2892 3094 2982 3131 cor
3029 3076 3404 3147 Egyptiorum
3446 3074 3605 3140 dixit,

2029 3188 2140 3228 non
2174 3172 2378 3226 divinat
2408 3168 2786 3239 praedicationi
2824 3168 3218 3230 reluctaturos,
3250 3166 3344 3220 scd
3381 3165 3604 3234 pulchra

2028 3262 2133 3316 ista
2168 3262 2400 3331 utiliqtte
2444 3260 2657 3313 ratione
2701 3259 2753 3311 in
2800 3258 3079 3311 victoriam
3122 3272 3244 3311 sese
3285 3256 3607 3325 praebituros

2028 3352 2375 3421 signiﬁcavit.
2405 3348 2523 3404 Non
2553 3348 2778 3411 desunt,
2804 3349 2896 3418 qui
2924 3348 3097 3401 cordis
3130 3346 3347 3400 nomine
3378 3347 3605 3400 latentes

2030 3444 2085 3496 in
2131 3442 2444 3497 simulacris
2484 3441 2762 3496 daemonas
2806 3443 2965 3507 (quos
3006 3441 3088 3493 vel
3127 3438 3363 3505 superari
3401 3436 3604 3496 debere.

2030 3534 2136 3599 vel,
2176 3544 2234 3588 ut
2274 3535 2365 3588 alii
2408 3535 2867 3601 interpretantur,
2904 3532 3086 3600 ignota
3141 3533 3374 3602 quadam
3421 3538 3475 3583 et
3522 3528 3608 3581 in-

2031 3626 2234 3680 visibili
2270 3627 2471 3680 virtute
2503 3625 2618 3677 tabe
2645 3623 2939 3691 confectum
2976 3624 3043 3676 iri
3078 3623 3253 3686 aiunt)
3290 3622 3412 3676 ideo
3440 3619 3609 3689 signi-

3601 847 3633 864 ρ

350 3713 496 3767 ficari
533 3723 746 3785 putent,
782 3714 927 3786 quod
972 3731 1038 3769 ex
1082 3730 1190 3785 quo
1230 3723 1478 3785 tempore
1507 3715 1784 3771 Ecclesias
1826 3732 1921 3772 eos
1958 3715 2163 3773 habere
2195 3718 2447 3786 contigit,
2478 3717 2792 3771 eorutndem
2833 3714 3053 3769 fraudes
3118 3715 3388 3768 excidisse
3471 3727 3606 3781 pau-

354 3803 504 3860 latim
540 3807 843 3862 videamus.
885 3806 1046 3878 265
1085 3806 1165 3860 Ad
1200 3821 1296 3863 eas
1328 3823 1457 3863 vero
1487 3809 1781 3863 accedebat
1814 3807 2082 3865 Dominus
2120 3826 2223 3865 suo
2300 3811 2394 3864 illo
2443 3816 2569 3878 post
2646 3808 3103 3862 resurrectionem
3174 3804 3411 3874 glorioso
3481 3818 3608 3856 cor-

348 3912 478 3967 pore
544 3898 709 3970 (quod
752 3883 910 3955 nubes
958 3901 1106 3967 levis,
1178 3909 1402 3972 propter
1467 3903 1882 3973 corruptibilem
1952 3912 2337 3973 lerrenamque
2398 3901 2763 3957 substantiam
2832 3900 3173 3954 immutatam
3235 3897 3342 3951 diei
3405 3897 3607 3966 queat)

346 3989 492 4058 quod
527 4005 651 4045 cum
694 3991 805 4047 illis
842 4007 936 4061 per
966 3990 1261 4063 [Egyp'um
1307 3993 1658 4048 invisibiliter
1708 3993 2004 4061 ferebatur,
2039 3996 2242 4066 quibus
2275 3993 2729 4049 annuntiahatur.

431 4083 547 4153 Ἐφ’
576 4076 730 4153 ᾧπερ
762 4083 1004 4154 ἀοράτως
1028 4082 1322 4153 ὀχούμενος
1345 4083 1608 4155 ἐπεδήμει
1641 4086 1928 4154 συμπράτ-

348 4191 457 4229 των
484 4175 541 4227 tv
572 4174 830 4243 Αἰγύπτῳ
863 4177 974 4237 τοῖς
999 4175 1163 4227 αὐτὸν
1195 4175 1678 4243 καταγγέλλουσιν.
1698 4176 1814 4231 Κᾶν
1835 4178 1925 4231 ὅτε

348 4265 405 4320 δὲ
435 4268 567 4330 παῖς
595 4264 671 4319 ὢν
692 4266 1009 4334 Αἰγυπτίοις
1035 4266 1200 4337 ὲπεδή
1211 4284 1403 4338 μησεν,
1431 4267 1677 4338 εἴπωμεν
1703 4270 1927 4342 ἀρρήτῳ

351 4358 596 4425 δυνάμει,
630 4361 697 4429 τῇ
734 4357 969 4430 Χριστοῦ
1011 4360 1284 4431 παρουσίᾳ
1318 4360 1537 4431 νοητέον
1574 4361 1933 4432 ἠσθενηκέναι

351 4450 479 4514 τοὺς
525 4450 784 4521 δαίμονας
832 4450 1226 4522 καθῃρημένης
1269 4451 1448 4506 αὐτῶν
1496 4448 1595 4524 τῆς
1626 4453 1930 4523 δυνάμεως.

2105 4087 2215 4141 Nec
2260 4086 2403 4141 male
2444 4095 2703 4155 praeterea
2735 4099 2860 4138 cum
2890 4098 3023 4153 puer
3061 4083 3113 4136 in
3156 4082 3393 4151 Egypto
3426 4093 3611 4134 versa-

2036 4186 2125 4231 tus
2164 4184 2267 4239 est,
2305 4174 2567 4229 ineﬂabili
2608 4173 2847 4242 quadam
2890 4171 3179 4242 praesentia
3215 4168 3440 4224 virtutis
3481 4168 3602 4236 ejus

2032 4267 2311 4322 daemonas
2360 4266 2511 4336 ipsos
2560 4274 2747 4334 erepta
2784 4262 2887 4318 sibi
2926 4268 3190 4331 potestate
3227 4269 3499 4328 superatos
3528 4259 3613 4328 [u-

2031 4359 2170 4430 gisse
2213 4358 2497 4420 dicamus,
2544 4371 2654 4426 quo
2713 4365 2958 4423 tempore
3008 4353 3173 4407 etiam
3227 4351 3281 4406 in
3330 4349 3612 4422 Egyptias

2041 4454 2191 4524 ipsos
2238 4452 2590 4508 insurrecturi
2621 4460 2742 4504 sunt
2775 4448 3043 4520 .Egyptii.
3090 4446 3211 4515 Quo
3248 4447 3367 4503 loco
3394 4446 3613 4501 seditio-

356 4546 484 4601 Ὅτε
543 4549 636 4601 καὶ
681 4547 1229 4616 ἐπαναστήσονται,
1267 4547 1452 4616 φησὶν,
1482 4548 1788 4616 Αἰγύπτιοι
1832 4548 1924 4599 ἐπ

2043 4560 2159 4597 nem
2190 4546 2408 4613 quidem
2440 4545 2578 4597 inter
2607 4541 2888 4613 ﬂgyptios
2918 4540 3200 4594 Dominum
3227 4541 3608 4602 excitaturum,

356 4639 902 4705 Αίγυπτίους.Ἀντὶ
948 4637 1004 4691 δὲ
1033 4639 1127 4689 τοῦ
1160 4637 1712 4704 ἐπαναστήσονται,
1753 4639 1933 4706 ἡττή-

356 4738 486 4781 σωι³
543 4730 641 4798 μὲν
674 4729 907 4792 Ἀκύλας
954 4731 1314 4797 Αἰγυπτίους
1349 4731 1691 4798 Αἰγυπτίοις
1717 4744 1732 4760 °
1789 4744 1935 4797 συμ-

357 4818 517 4874 ϐαλῶ
554 4821 608 4873 δὲ
639 4822 931 4891 Σύμμαχος
964 4825 1219 4893 εἴρηκεν⁸
1248 4822 1391 4873 κατὰ
1440 4822 1518 4883 τὸ,
1561 4840 1578 4872 ι
1619 4822 1729 4873 Ούκ
1772 4816 1935 4891 ἦλθον

361 4911 539 4981 βαλεῖν
575 4914 794 4981 εἰρήνην
821 4911 912 4963 ἐπὶ
939 4911 1034 4980 τὴν
1062 4914 1186 4980 γῆν,
1208 4909 1343 4964 ἀλλὰ
1370 4911 1665 4980 μάχαιραν.
1702 4929 1718 4960 ι
1749 4911 1810 4962 Οἱ
1836 4911 1937 4980 μὲν

358 5002 466 5071 γάρ
498 5003 880 5072 προσέτρεχον,
931 5004 980 5055 οί
1023 5003 1080 5055 δὲ
1133 5004 1436 5054 ἀντέτεινον
1478 5001 1557 5070 τῷ
1596 5000 1935 5071 κηρύγματι,

358 5093 432 5157 ὡς
464 5093 738 5147 διεστάναι
771 5096 945 5147 πάντα
982 5093 1079 5164 μὲν
1102 5088 1293 5161 οἷκον,
1324 5094 1501 5145 πᾶσαν
1530 5091 1583 5144 δὲ
1608 5092 1820 5162 κώμην,
1841 5092 1935 5145 καὶ

361 5184 534 5248 πόλιν,
570 5184 668 5237 καὶ
694 5185 911 5253 χώραν.
941 5184 1173 5253 Νομοὺς
1206 5186 1314 5256 γὰρ
1349 5184 1575 5237 ἐκάλουν
1607 5186 1702 5246 τὰς
1728 5185 1932 5253 χώρας.

362 5278 468 5331 Καὶ
518 5276 690 5341 ἄλλως
742 5277 819 5337 δὲ,
851 5277 1118 5346 δαιμόνων
1164 5277 1349 5346 νόμος
1394 5276 1648 5348 λατρείας
1695 5276 1770 5345 τῷ
1797 5276 1940 5328 κατὰ

362 5369 597 5443 Χριστὸν
651 5369 1012 5423 ἀντετάσσετο
1072 5369 1208 5438 πρὸς
1277 5368 1439 5422 αὑτοῦ
1504 5367 1939 5443 καθαιρούμενος

2040 4638 2302 4705 Aquilas;
2335 4639 2388 4691 in
2413 4652 2525 4690 sese
2551 4645 2731 4690 autem
2762 4634 3169 4687 commissurum
3197 4632 3334 4686 dixit
3363 4631 3614 4703 Symma-

2041 4731 2214 4797 chus;
2249 4747 2358 4801 qua
2403 4733 2617 4784 ratione
2660 4719 2802 4783 idem
2848 4745 2929 4791 se,
2966 4745 3073 4783 non
3103 4738 3161 4783 ut
3190 4744 3397 4796 pacem,
3430 4729 3524 4783 sed
3560 4740 3618 4782 ιιι

2042 4821 2285 4891 gladium
2311 4822 2364 4874 in
2396 4831 2595 4875 terram
2628 4822 2828 4885 mittat,
2854 4821 3069 4873 venisse
3091 4820 3379 4889 profitetur
3406 4819 3446 4871 ⁸.
3478 4818 3612 4872 Cum

2042 4913 2186 4968 enim
2240 4913 2306 4967 ad
2362 4911 2638 4980 Evangelii
2697 4913 3188 4980 promulgationem
3248 4912 3617 4965 acclamarent

2044 5006 2159 5069 alii,
2200 5004 2294 5057 alii
2339 5015 2527 5057 contra
2578 5004 3009 5066 reluctarentur,
3044 5018 3110 5057 eo
3146 5010 3364 5054 ventum
3416 5008 3520 5065 cst,
3558 5010 3615 5052 ιιι

2041 5096 2227 5149 domus
2255 5096 2437 5150 omnis
2469 5095 2757 5163 omnisque
2787 5096 2964 5157 vicus,
3000 5095 3178 5149 omnis
3204 5095 3366 5148 etiam
3395 5092 3614 5154 civitas,

2043 5189 2224 5241 omnis
2273 5186 2508 5253 denique
2560 5185 2723 5254 regio,
2768 5187 2952 5254 νομός
2998 5184 3261 5239 vocabulo
3307 5183 3395 5236 hic
3444 5181 3615 5246 signi-

2040 5278 2235 5336 licata,
2293 5276 2651 5329 divideretur.
2706 5277 2825 5328 Alio
2883 5275 3081 5329 deinde
3139 5273 3616 5342 interpretationis

2039 5368 2222 5431 modo,
2263 5376 2316 5422 et
2358 5368 2474 5437 ipsa
2523 5366 2831 5421 dzemonttm
2884 5368 2968 5421 lex
3016 5367 3083 5421 dc
3135 5365 3383 5421 colendis
3432 5364 3618 5431 idolis,

433 5509 452 5539 ¹
489 5506 589 5561 lsa.
613 5506 850 5576 vr,l-5.‘
887 5505 1021 5561 Dan.
1073 5523 1164 5574 vn,
1201 5506 1281 5562 13.
1365 5509 1387 5539 ⁸
1419 5506 1434 5561 l
1466 5507 1593 5561 Cor.
1646 5524 1695 5567 ς.
1736 5507 1791 5560 9.
1869 5509 1890 5540 ³

2025 5506 2121 5560 lth.
2168 5523 2342 5574 xvttt,
2375 5507 2465 5562 ΞΟ.
2548 5508 2568 5539 ⁸
2594 5506 2785 5561 Matth.
2823 5523 2874 5569 ι,
2911 5506 3006 5561 ει.

1636 5615 1867 5672 Vitlile
1907 5616 2313 5676 LECTIONES.

422 5746 458 5768 ν·
494 5743 579 5803 τηρ.
613 5733 794 5805 ἐχρῆν·
871 5743 897 5771 η
924 5733 1129 5805 γρ.
1208 5736 1452 5804 ογρ-τῖι-

1531 5745 1556 5786 I'
1586 5754 1669 5806 γρ.
1698 5736 1993 5789 στασιάσω.
