4086 6242
455 239 595 340 2m

1801 257 2121 320 PROCOPI
2134 260 2164 319 Ι
2192 261 2429 322 GAZ/El

3594 260 3736 326 2158

453 385 641 439 Graec
685 383 866 450 νόμος
913 375 1205 448 appellata,
1238 386 1403 442 quam
1456 370 1723 440 dissipato
1767 369 2033 423 malarum

2142 371 2407 442 λυομένης
2457 372 2717 443 Αἰγύπτῳ
2746 381 2773 420 (ι
2823 369 2925 442 τῆς
2971 369 3066 424 ἐπὶ
3112 369 3266 441 κακῷ
3312 374 3653 441 συμφωνίας,
3709 375 3743 428 ὃ

453 474 799 530 voluntatum
841 481 1116 525 consensu
1156 466 1208 519 in
1257 463 1496 534 Egypto
1539 460 1823 531 abrogavit
1858 459 2043 513 Domi-

453 583 580 630 nus,
618 574 673 620 ut
697 561 988 627 excitandi,
1014 560 1069 614 in
1096 575 1150 613 se
1174 555 1640 624 committendique
1668 553 1850 607 verbis
1874 552 2042 621 signi-

454 659 661 728 ticavit)
697 656 1027 713 Christianae
1068 648 1433 722 repugnabat.
1484 646 1595 701 Hoc
1636 644 1781 699 enim
1820 642 2037 699 domum

451 759 558 811 est,
600 763 740 819 quos
783 747 922 802 duos
966 744 1021 797 in
1053 753 1187 807 tres,
1215 751 1266 796 et
1296 748 1409 793 tres
1440 739 1495 791 in
1530 738 1667 791 duos
1713 732 2041 788 dividendus

452 857 577 897 esse
618 840 869 910 legimus.
904 835 1031 890 ideo
1064 847 1196 902 ergo
1229 829 1610 900 /Egyptiorum
1646 827 1894 895 spiritum
1927 833 2041 876 tur-

454 934 634 985 butum
682 931 748 983 iri
796 927 963 998 (quod
1011 924 1291 993 rumpendi
1320 920 1540 990 quidem
1584 918 1752 973 verbo
1784 916 2039 987 Symma-

451 1024 624 1085 chus,
674 1018 950 1073 dividendi
1006 1024 1189 1070 autem
1251 1011 1598 1074 Theodotio,
1658 1008 1853 1078 Aquila
1908 1022 2040 1061 vero

451 1116 678 1169 laxandi
726 1109 1095 1179 extulerunt),
1135 1106 1431 1161 aﬁrmant.
1471 1103 1605 1171 Quae
1652 1110 1803 1157 certe
1830 1103 2037 1163 omnia,

451 1207 723 1277 dissipato
750 1202 1035 1275 religionis
1064 1199 1247 1269 impia:
1275 1198 1532 1262 consilio,
1560 1195 1615 1249 in
1648 1192 2034 1265 Egyptiornm

458 1298 755 1351 utilitatem
806 1295 985 1349 futura
1038 1299 1188 1357 sunt,
1225 1303 1335 1359 quo
1376 1296 1621 1356 tempore
1662 1286 1717 1339 in
1755 1284 2040 1354 angustias

448 1386 657 1442 redacti
706 1384 775 1439 ad
812 1384 1022 1437 nullum
1063 1396 1167 1434 non
1204 1394 1375 1449 genus
1417 1375 1771 1431 oraculorum
1815 1382 1868 1428 et
1902 1374 2041 1426 vati—

452 1479 749 1543 ciniorum,
787 1478 929 1532 sicut
988 1475 1123 1544 ipsis
1154 1473 1418 1527 usitatum
1451 1480 1589 1536 erat,
1623 1474 2034 1523 convertentur.

462 1568 623 1622 Vocat
656 1579 837 1622 autem
879 1566 945 1618 de
980 1574 1125 1618 terra
1171 1564 1466 1634 loquentes,
1494 1577 1592 1617 eos
1630 1562 1723 1631 qui
1760 1576 1857 1631 per
1887 1575 2037 1614 mor-

448 1671 575 1715 tuos
603 1660 1003 1722 vaticinantur;
1034 1665 1088 1711 et
1119 1656 1500 1726 ventriloquos,
1528 1655 1621 1725 qui
1646 1654 1713 1710 de
1741 1668 1843 1709 suo
1873 1652 2039 1708 corde

2141 462 2296 531 δηλοῖ
2327 462 2561 533 μάλιστα
2609 463 2698 524 τὸ,
2738 461 3053 516 στασιιὶσω
3094 461 3191 514 καί
3216 463 3531 531 συμϐαλῶ.
3564 464 3745 518 Τοῦτο

2142 555 2251 626 γάρ
2281 557 2395 608 ἐστι
2421 556 2500 619 τὸ,
2541 554 2754 608 ἔσονται
2789 553 3184 625 μεμερισμένοι
3209 553 3302 607 δύο
3330 555 3424 608 ἐπὶ
3454 558 3622 626 τρε,
3645 559 3746 610 καὶ

2142 649 2291 716 τρεῖς
2321 648 2415 701 ἐπὶ
2443 647 2615 701 δυσίν.
2651 648 2742 700 Διὸ
2793 648 2887 699 καὶ
2935 647 3374 716 ταραχθήσεται
3406 648 3466 700 τὸ
3496 648 3747 719 Πνεῦμα

2141 738 2263 791 τῶν
2312 741 2671 807 Αἰγυπτίων,
2700 741 2864 810 φησὶ,
2894 740 3037 793 κατὰ
3066 739 3366 810 Σύμμαχον
3393 739 3449 793 δὲ
3471 718 3746 810 ῥαγήσε-

2143 849 2275 894 ται,
2323 830 2726 900 σχισθήσεται
2775 831 2832 884 δὲ
2877 832 3022 885 κατὰ
3072 830 3427 887 Θεοδοτίωνα.
3477 832 3633 886 Κατὰ
3681 833 3747 887 δὲ

2156 922 2391 975 Ἀκύλαν
2418 921 3057 990 πλαδαρωθήσεται.Ἃ
3079 921 3143 993 δὴ
3167 923 3344 976 πάντα
3369 923 3462 976 ἐπὶ
3486 927 3742 996 προκοπῇ

2141 1014 2249 1067 τῶν
2296 1014 2612 1083 Αἰγυπτίων
2667 1017 2960 1086 γενήσεται
2987 1055 3002 1078 ,
3059 1014 3592 1084 διασκεδαννυμένης
3637 1014 3745 1083 τῆς

2141 1104 2537 1175 δεισιδαίμονος
2586 1106 2811 1160 ἐκείνων
2866 1105 3088 1177 βουλῆς,
3118 1106 3206 1160 ὅτε
3256 1105 3353 1158 καὶ
3398 1105 3746 1176 ἀποροῦντες

2140 1195 2281 1248 κατὰ
2310 1195 2371 1248 τὸ
2400 1195 2629 1266 σύνηθες
2666 1198 2850 1259 αύτοῖς
2878 1196 2972 1249 ἐπὶ
3004 1194 3291 1266 χρησμοὺς
3331 1195 3431 1248 καλ⁸
3474 1194 3745 1264 μαντείας

2140 1286 2435 1357 διαφόρους
2461 1289 2858 1360 τραπήσονται.
2878 1289 2974 1342 Ἐκ
2999 1287 3113 1358 τῆς
3137 1288 3194 1341 δὲ
3225 1287 3582 1357 φωνοῦντας
3605 1289 3745 1353 τοὺς

2140 1380 2530 1450 νεκρομάνσεις
2580 1381 2765 1450 φησίν.
2785 1380 3333 1450 Ἐγγαστριμύθους
3381 1379 3460 1443 δὲ,
3493 1380 3621 1442 τοὺς
3672 1381 3745 1433 ἐκ

2140 1472 2241 1541 τῆς
2270 1472 2448 1526 αὐτῶν
2472 1472 2781 1543 καρδίας,ἢ
2808 1473 3061 1543 δαίμονος
3086 1471 3182 1525 τοῦ
3213 1471 3552 1534 ἐνοικοῦντος
3582 1474 3745 1544 ἐρευ-

2140 1567 2428 1636 γομένους,
2460 1566 2650 1637 ὥσπερ
2697 1561 2792 1619 οὖν
2825 1566 2919 1619 καὶ
2949 1565 3216 1633 γνώστας,
3249 1566 3377 1629 τοὺς
3427 1565 3741 1635 σπλαγχνο-

2143 1660 2483 1722 σκοποῦντας
2524 1658 2807 1713 ἐκάλεσεν.
2835 1658 3090 1712 Μάλιστα
3117 1657 3174 1711 δὲ
3203 1656 3427 1721 ταύταις
3454 1656 3566 1712 τῶν
3605 1657 3745 1712 Ῥω-

450 1754 541 1809 vel
586 1750 953 1807 iulnabitantis
987 1750 1040 1803 in
1084 1764 1150 1803 eo
1183 1749 1265 1803 vel
1305 1748 1570 1802 daemonis
1603 1761 1766 1816 opera
1802 1746 2037 1815 loquun-

2152 1749 2329 1819 μαίων
2382 1749 2565 1812 αὐτοῖς
2622 1748 2885 1801 ἐπιόντων
2945 1748 3267 1819 ἐκέχρηντο.
3333 1747 3570 1811 Τούτους
3622 1746 3739 1818 γὰρ

449 1857 537 1900 tur
562 1864 575 1899 :
600 1845 792 1915 quales
822 1845 1096 1898 exsistunt
1120 1849 1173 1895 et
1209 1841 1365 1894 arioli
1396 1840 1520 1909 ipsi.
1548 1849 1602 1894 et
1633 1840 1727 1909 qui
1761 1854 1824 1895 ex
1860 1837 2036 1893 visce-

446 1955 568 1991 ι-ιιιιι
619 1935 961 2005 inspectione
1005 1933 1073 1987 de
1130 1933 1331 1987 futuris
1385 1932 1782 2000 pronuntiant,
1832 1929 2035 2005 quibus

446 2031 725 2095 omnibus,
773 2044 838 2083 eo
886 2028 1160 2098 praecipue
1211 2033 1458 2095 tempore
1498 2038 1623 2078 cum
1664 2025 1720 2079 in
1753 2002 2035 2077 Romano-

447 2139 569 2177 rum
596 2134 919 2192 putestatem
946 2127 1234 2183 venerunt,
1260 2118 1575 2175 utebantur.
1602 2119 1767 2190 266
1788 2119 2036 2188 Appellat

448 2216 598 2269 enim
636 2216 822 2280 duros,
852 2223 1110 2283 tauquam
1144 2211 1410 2264 invictum
1447 2210 1854 2281 infractnmque
1880 2210 2037 2266 clade

449 2302 695 2371 qualibet
737 2303 985 2355 animttm
1027 2299 1400 2369 possiderent.
1441 2297 1554 2354 Nec
1587 2315 1718 2355 vero
1751 2316 1861 2370 quo
1900 2309 2036 2354 tem-

449 2409 584 2463 pore
624 2393 767 2446 idoia
812 2393 1055 2460 peritura
1095 2392 1229 2453 sint,
1266 2392 1519 2456 reticuit,
1552 2406 1683 2445 "cum
1726 2390 2034 2461 Egyptiaei

449 2486 604 2556 regni
655 2486 939 2540 interitum
993 2485 1224 2540 notavit.
1275 2484 1396 2551 Quo
1436 2484 1585 2538 enim
1641 2483 1694 2537 in
1737 2482 2033 2554 Egyptum

450 2589 698 2649 tempore
745 2580 944 2634 salutis
996 2579 1242 2649 ingressa
1289 2588 1376 2634 est
1416 2578 1802 2648 promulgatio,
1842 2579 1910 2633 ab
1940 2594 2027 2633 co-

449 2671 573 2725 dem
620 2685 861 2740 quoque,
904 2671 950 2724 si
989 2685 1098 2724 non
1131 2671 1199 2724 ab
1238 2673 1359 2740 ipso
1391 2672 1578 2741 potius
1609 2671 1915 2726 Salvator-is
1941 2686 2038 2724 na-

452 2760 572 2823 tali,
605 2760 823 2816 Caesare
856 2761 1104 2832 Augusto
1144 2761 1471 2831 imperante,
1507 2760 1845 2831 regnicmpit
1877 2762 2038 2814 abro-

450 2855 618 2923 gatio.
651 2853 871 2911 Primus
906 2855 1054 2909 enim
1088 2855 1192 2910 istc
1231 2856 1497 2909 devictam
1526 2854 1821 2926 Egyptuni
1868 2855 2037 2924 impe-

449 2942 536 2998 rio
562 2941 813 2998 Romano
842 2943 1062 3013 adjecit,
1097 2958 1288 3014 quam,
1329 2944 1422 3012 qui
1466 2953 1657 3015 postea
1694 2945 1869 2999 secuti
1910 2955 2039 3000 sunt

450 3033 836 3104 imperatores,
872 3036 1057 3092 missis
1088 3036 1141 3090 in
1178 3037 1456 3105 regionem
1491 3037 1726 3091 ducibus
1758 3046 1812 3091 et
1837 3037 2034 3106 cepiis,

2143 1841 2454 1909 σκληροὺς
2483 1840 2559 1904 ὡς
2586 1842 2899 1911 ἀνικήτους,
2930 1840 3027 1893 καὶ
3062 1841 3198 1910 πρὸς
3226 1840 3407 1893 πᾶσαν
3439 1835 3610 1911 ἦτταν
3638 1840 3742 1892 ἁν-

2144 1933 2390 1995 ενδότους
2417 1933 2591 1986 καλεῖ.
2617 1931 2777 2002 Δηλοί
2804 1931 2862 1984 δὲ
2887 1930 2976 1985 διὰ
3001 1931 3208 1983 τούτων
3235 1931 3335 2001 τῆς
3361 1931 3472 1983 τῶν
3496 1929 3741 1984 εἰδώλων

2143 2026 2520 2096 καθαιρέσεως
2554 2024 2644 2079 τὸν
2677 2024 2889 2096 καιρὸν,
2927 2025 3026 2094 τῆς
3071 2022 3179 2076 τῶν
3223 2023 3540 2091 Αἰγυπτίων
3572 2022 3737 2093 βασι-

2141 2116 2293 2178 λείας
2338 2115 2765 2186 ὲκδαλλομὲνης.
2813 2112 3146 2183 Συνεισῆλθε
3190 2114 3298 2184 γὰρ
3354 2111 3432 2183 τῷ
3480 2113 3740 2184 σωτηρίῳ

2143 2208 2467 2279 κηρύγματι
2498 2208 2595 2261 καὶ
2627 2210 2660 2279 ἡ
2690 2206 2800 2260 τῶν
2846 2210 2903 2260 ὲν
2954 2206 3217 2277 Αἰγύπτῳ
3248 2204 3517 2275 βασιλέων
3543 2205 3738 2258 καθαί-

2148 2319 2296 2373 pact;
2319 2320 2333 2335 ·
2361 2300 2561 2373 μᾶλλον
2592 2301 2649 2354 δὲ
2682 2301 2777 2355 καὶ
2801 2303 2937 2371 αὐτῇ
2970 2302 3036 2371 τῇ
3065 2298 3159 2353 τοῦ
3193 2298 3449 2369 Σωτῆρος
3477 2298 3735 2366 γεννήσει

2144 2392 2236 2444 ἐπὶ
2265 2391 2578 2459 Αὐγούστου
2615 2389 3210 2462 Καίσαρος-γενομένη.
3248 2387 3483 2451 Δυνατδς
3516 2386 3621 2456 γὰρ
3658 2387 3736 2443 ὢν

2144 2476 2296 2545 οὗτος
2324 2482 2579 2552 βασιλεὺς
2606 2482 2705 2552 τὴν
2736 2483 3012 2549 Αίγυπτον
3046 2478 3262 2551 πρῶτος
3299 2481 3413 2542 τοῖς
3442 2478 3738 2548 Ῥωμαίοις

2145 2574 2400 2641 ὑπέταξε.
2431 2574 2569 2629 Μεθ’
2589 2574 2648 2627 ὃν
2677 2574 2874 2645 ὁμοίως
2902 2574 2954 2626 οἱ
2987 2572 3275 2643 Ῥωμαίων
3317 2570 3554 2634 ἅπαντες
3593 2587 3738 2640 κρα-

2143 2669 2287 2721 ταιοὶ
2313 2667 2550 2738 βασιλεῖς
2586 2665 3006 2720 κατεδουλοῦντο
3027 2665 3125 2736 τὴν
3151 2664 3446 2732 Αἴγυπτον,
3465 2679 3741 2731 στρατιω-

2143 2762 2331 2823 τικοὺς
2369 2761 2551 2824 αὐτοῖς
2580 2758 2959 2829 ἐκπέμποντες
2992 2758 3280 2830 ἄρχοντας.
3311 2751 3412 2808 Ὧν
3438 2755 3506 2808 τὸ
3532 2757 3737 2822 σκλη-

2135 2854 2253 2921 ρὸν
2282 2852 2519 2922 ἐδήλωσε
2566 2851 2790 2922 Δανιὴλ,
2824 2851 3050 2920 σιδηρᾶν
3077 2849 3259 2903 αὐτῶν
3306 2848 3405 2917 τὴν
3456 2844 3741 2917 βασιλείαν

2144 2944 2336 2999 εἰπών,
2369 2945 2478 2997 Καὶ
2513 2942 2701 3015 θηρίον
2728 2943 2851 3015 ἕχον
2879 2943 3096 3007 ὀδόντας
3123 2941 3396 3013 σιδηροῦς,
3418 2940 3513 2994 καὶ
3536 2939 3740 3011 ὄνυχας

2148 3035 2428 3106 σιδηροῦς.

451 3127 555 3182 sibi
598 3127 810 3182 servire
844 3134 1165 3197 eoegcrunt.
1201 3125 1314 3181 Nec
1351 3142 1481 3180 vero
1526 3127 1745 3181 illorum
1830 3128 2084 3181 duritiem
2121 3128 2265 3182 male
2314 3126 2667 3196 signiﬁcavit,
2703 3143 2825 3181 cum
2875 3125 3111 3180 ferreum
3159 3122 3449 3195 imperium
3518 3138 3735 3188 eorum,

450 3217 758 3287 ferreisque
808 3218 1087 3288 unguibus
1134 3227 1187 3273 et
1228 3216 1487 3273 dentibus
1537 3218 1820 3289 przeditam
1875 3218 2042 3274 {cram
2084 3221 2388 3275 nominavit
2416 3221 2459 3275 ⁷.
2810 3269 2819 3273 -

518 3306 788 3377 Sequitur
835 3307 1032 3363 deinde
1077 3325 1091 3361 :
1139 3306 1208 3360 Et
1267 3308 1449 3363 bibunt
1506 3326 1700 3381 aquam
1758 3310 2037 3383 Egyplii,

2215 3309 2310 3376 Οἷς
2342 3311 2663 3383 ἐπιφέρεται
2689 3329 2704 3345 ·
2738 3310 2848 3366 Καὶ
2881 3311 3118 3364 πίονται
3162 3309 3316 3377 ὕδωρ
3339 3311 3634 3378 Αἰγύπτιοι
3664 3313 3730 3363 τὸ

448 3397 587 3469 quod
612 3409 691 3454 est
712 3399 875 3469 juxta
898 3416 1046 3455 mare
1066 3417 1084 3454 :
1103 3416 1212 3470 quo
1242 3400 1363 3456 loco
1389 3402 1618 3472 Aquilas
1644 3421 1796 3477 aqua:
1824 3423 1857 3459 a
1899 3408 2036 3460 mari

452 3490 808 3545 absorbentur
841 3492 1236 3563 interpretatus
1280 3502 1398 3561 est,
1427 3493 1794 3567 Symmachus
1830 3510 2034 3563 autem,

451 3583 968 3639 exterminabuntur.
1027 3584 1381 3654 Signiﬁcatnr
1427 3603 1559 3643 vero
1603 3604 1698 3658 per
1738 3607 1884 3645 mare
1917 3592 2037 3661 ipsa

452 3673 836 3746 Egyptiorum
885 3676 1202 3742 multitudo,
1236 3693 1348 3747 quo
1392 3691 1556 3749 pacto
1599 3690 1788 3752 gentes
1836 3683 2037 3738 multas

454 3777 637 3830 antea,
670 3776 928 3837 tanquam
957 3782 1109 3821 mare
1137 3767 1396 3823 ﬂuctibus
1421 3769 1685 3840 agitatum
1720 3770 1878 3824 dixit.
1918 3772 2037 3836 Quo

452 3857 653 3912 deinde
709 3859 831 3912 loco
881 3858 947 3913 de
1000 3860 1188 3914 radice
1232 3859 1405 3916 Jessae
1461 3860 1743 3925 disseruit,
1779 3872 1833 3917 et
1886 3877 2037 3917 mare

452 3948 675 4021 Epypti
705 3950 985 4006 desertum
1018 3965 1077 4006 se
1103 3952 1448 4007 redditurum
1481 3952 1828 4009 minitantem
1858 3954 2038 4009 Domi-

454 4058 583 4097 num
646 4044 972 4098 introduxit.
1028 4043 1206 4114 Hujus
1249 4061 1472 4117 quoque
1518 4047 1934 4118 amplitudinem
1985 4058 2039 4104 et

436 4129 724 4187 ~Jeremias
771 4133 889 4203 ipse
934 4132 1170 4190 locustis
1222 4145 1274 4188 et
1328 4135 1493 4190 saltui
1545 4137 1912 4207 comparavit,
1948 4138 2037 4193 ubi

456 4223 533 4276 ait
558 4243 570 4277 :
603 4242 622 4275 ι
642 4222 917 4280 Succidite
941 4225 1141 4280 saltum
1164 4224 1457 4296 ejus,dicit
1477 4226 1904 4297 Dominus,quia
1929 4242 2036 4282 non

457 4314 869 4384 supputabitur,
923 4316 1054 4386 quia
1100 4316 1493 4387 multiplicabit
1538 4333 1701 4387 super
1744 4319 2036 4382 locustam,

452 4416 508 4461 et
553 4422 665 4460 non
711 4416 797 4461 est
842 4406 922 4462 eis
973 4423 1236 4464 numerus
1265 4409 1308 4462 ⁸.
1358 4427 1376 4459 ι
1428 4409 1511 4463 Ad
1551 4409 1696 4479 quod
1746 4411 2039 4463 desiturum

455 4498 674 4568 ﬂuvium
726 4498 894 4563 dixit,
944 4499 1012 4554 de
1062 4514 1234 4568 regno
1283 4509 1452 4566 certe,
1500 4515 1610 4554 non
1663 4500 1825 4553 aliter
1872 4515 2038 4570 quam

2140 3405 2296 3472 παρὰ
2319 3404 2661 3459 θάλασσαν.
2681 3402 2821 3456 Ἀνθ’
2850 3399 2911 3457 οὗ
2943 3419 3111 3473 φησιν
3143 3402 3397 3465 Ἀκύλας,
3418 3401 3729 3468 Ἁναποθήο

2138 3511 2309 3551 σεται
2338 3495 2528 3550 ὕδατα
2558 3496 2677 3550 ἀπὸ
2702 3494 3040 3561 θαλάσσης.
3058 3494 3117 3547 '0
3139 3494 3194 3547 δὲ
3222 3493 3733 3564 ΣύμμαχοςΩΛςρα·

2137 3586 2514 3657 νισθήσεται.
2548 3586 2837 3658 Τροπικῶς
2890 3586 2944 3638 δὲ
2975 3584 3290 3649 θάλασσα,
3323 3584 3386 3638 τὸ
3418 3584 3737 3655 ταραχῶδες

2140 3679 2342 3750 πλῆθος
2371 3678 2479 3731 τῶν
2511 3679 2829 3748 Αἰγυπτίων
2852 3687 2873 3715 τ
2905 3677 2985 3731 διὸ
3032 3677 3126 3731 καὶ
3159 3676 3421 3748 ἀνωτέρω
3464 3674 3531 3728 τὰ
3562 3673 3736 3727 πολλὰ

2140 3772 2270 3842 ἔθνη
2300 3771 2376 3835 ὡς
2406 3771 2685 3825 θάλασσαν
2717 3771 2820 3841 ἔφη
2850 3769 3247 3840 κυμαίνουσαν.
3275 3767 3385 3821 Καὶ
3417 3767 3473 3817 ὲν
3500 3759 3581 3829 οἷς
3604 3765 3737 3835 περὶ

2139 3864 2232 3918 τοῦ
2263 3866 2325 3917 ὲκ
2354 3862 2513 3935 ῥίζης
2541 3865 2737 3919 Ἰεσσαὶ
2761 3862 3142 3933 διελάμϐανεν,
3174 3860 3349 3930 ἔλεγε·
3386 3860 3480 3913 καὶ
3509 3857 3736 3930 ἐρημώ-

2147 3975 2229 4010 σει
2260 3955 2466 4026 Κύριος
2513 3955 2614 4023 τὴν
2665 3954 2943 4008 θάλασσαν
2993 3951 3293 4020 Αἰγύπτου.
3326 3949 3545 4020 Ταύτης
3576 3949 3634 4002 δὲ
3676 3948 3740 4002 τὸ

2146 4046 2347 4118 πλῆθος
2378 4047 2472 4099 καὶ
2508 4044 2779 4115 Ἱερεμίας
2826 4043 3048 4115 ἀκρίσιν
3092 4042 3363 4097 ἀπείκασε
3397 4042 3492 4094 καὶ
3518 4040 3736 4114 δρυμῷ,

2141 4139 2313 4207 λέγων
2333 4155 2345 4168 ·
2385 4156 2404 4191 ε
2429 4136 2729 4207 Ἐκκόψατε
2743 4135 2832 4190 τὸν
2865 4137 3067 4208 δρυμὸν
3106 4136 3297 4205 αύτῆς,
3323 4134 3473 4204 λέγει
3508 4134 3735 4206 Κύριος,

2143 4234 2225 4287 ὃτι
2255 4233 2313 4285 ού
2347 4233 2421 4303 μὴ
2449 4231 2704 4302 εἰκασθῇ,
2738 4229 2820 4283 ὅτι
2869 4229 3004 4283 πολὺ
3042 4226 3306 4299 πληθυνεῖ
3335 4226 3476 4296 ύπὲρ
3510 4225 3733 4295 ἀκρίδα,

2142 4322 2236 4378 καί
2268 4324 2367 4376 ούκ
2398 4323 2545 4376 ἔστιν
2585 4324 2769 4386 αὐτοῖς
2798 4320 3047 4393 ἀριθμός.
3079 4340 3097 4373 ι
3137 4319 3280 4374 Ἡδὲ
3306 4317 3412 4372 τοῦ
3462 4316 3737 4386 ποταμοῦ

2143 4417 2448 4486 ἔκλειψις,
2496 4417 2596 4486 τῆς
2647 4415 2926 4487 βασιλείας
2970 4414 3087 4468 ἐστὶ
3135 4413 3475 4485 σημαντικὴ,
3509 4411 3583 4474 ὡς
3630 4409 3736 4464 κᾶν

2143 4514 2255 4573 τοῖς
2286 4514 2414 4579 περὶ
2446 4509 2538 4562 τοῦ
2580 4511 2645 4563 ἐκ
2681 4507 2836 4580 ῥίζης
2869 4507 3107 4577 ἔφασκεν
3142 4504 3372 4570 Ἰεσσαὶ,
3404 4503 3499 4557 καὶ
3532 4502 3732 4556 ἐπιδα-

456 4598 614 4643 antea
666 4592 814 4655 (cum
862 4591 929 4645 de
974 4590 1163 4645 radice
1190 4589 1361 4646 Jessa:
1406 4607 1589 4646 sermo
1619 4593 1785 4661 esset)
1822 4593 1876 4646 in
1921 4593 2037 4660 eju

2142 4603 2226 4655 λετ
2249 4602 2451 4671 Κύριος
2481 4602 2581 4671 τὴν
2613 4608 2773 4673 χεῖρα
2804 4599 2969 4654 αὑτοῦ
3007 4599 3099 4652 ἐπὶ
3126 4600 3221 4651 τὸν
3252 4596 3519 4666 ποταμὸν,
3542 4595 3638 4647 καὶ
3664 4593 3732 4645 τὰ

455 4676 649 4733 ﬂuvios
702 4679 1079 4733 immissurum
1133 4695 1379 4744 manum,
1415 4689 1721 4750 ca-tcraque
1768 4681 1897 4744 alia,
1933 4680 2035 4735 lto-

2142 4695 2290 4765 ὲξῆς.
2323 4668 2434 4748 Καὶ
2465 4668 2784 4765 auia-gadet
2809 4692 3050 4763 εἴρηται,
3071 4691 3131 4744 Ὀ
3157 4688 3225 4743 δὲ
3248 4687 3513 4757 ποταμὸς
3536 4686 3734 4739 ἐκλεί-

458 4768 668 4821 niinum
704 4769 940 4833 monuit,
976 4771 1268 4825 intellexit.
1303 4772 1367 4824 Et
1394 4787 1518 4826 mox
1548 4775 1712 4827 etiam
1742 4774 2039 4829 desiturum

454 4862 697 4930 ﬂuvium,
751 4879 1058 4934 omnemque
1107 4880 1258 4933 aqum
1315 4867 1766 4935 congregationem
1826 4868 2037 4922 aridam

455 4954 698 5023 futuram
739 4953 962 5024 adjecit.
1016 4953 1170 5022 Quod
1219 4963 1400 5010 autem
1446 4971 1569 5010 cum
1601 4958 1837 5025 principe
1873 4958 2036 5027 ﬂuvio

452 5056 504 5101 ct
537 5050 713 5117 [ossae
749 5048 918 5102 etiam
968 5047 1270 5116 defecturas
1320 5048 1484 5115 dixit,
1533 5062 1658 5101 cum
1705 5063 1872 5118 regno
1919 5050 2039 5119 ipso

453 5148 510 5193 ct
539 5141 805 5211 principes
831 5139 998 5194 etiam
1042 5140 1324 5211 sigillatim
1371 5140 1648 5209 perituros
1687 5139 2035 5195 demonstra-

456 5234 557 5294 vit,
598 5236 745 5303 ipsas
796 5248 1017 5303 quoque
1063 5233 1332 5286 militares
1381 5232 1569 5299 cupias
1616 5235 2035 5303 congregationis

456 5324 678 5378 nomine
708 5324 1052 5395 signiﬁcans.
1091 5323 1280 5393 Neque
1307 5339 1438 5378 sane
1467 5324 1535 5378 ab
1565 5325 1685 5379 istis
1719 5325 2035 5395 discrepant

531 5501 552 5534 ’
578 5501 712 5555 Dan.
746 5519 782 5555 ιι
813 5514 866 5557 et
895 5521 989 5559 vn.
1067 5506 1087 5537 ⁸
1116 5504 1314 5561 Jereni.
1347 5522 1491 5572 xui,
1520 5505 1611 5561 25.

2139 4788 2262 4853 ψει,
2300 4786 2395 4837 καὶ
2440 4783 2883 4853 ξηρανθήσετσι
2918 4782 3087 4837 πᾶσα
3126 4779 3451 4851 συναγωγὴ
3492 4777 3733 4843 ὓδατος.

2147 4876 2302 4929 Μετὰ
2344 4877 2401 4930 δὲ
2443 4877 2533 4930 τὸν
2569 4877 2805 4945 πρῶτον
2829 4875 3120 4944 ποταμὸν,
3154 4873 3249 4928 καὶ
3289 4872 3512 4944 ἑτέρους
3537 4869 3735 4922 £525.18!-

2146 4971 2286 5036 ιιι-ειν
2319 4967 2454 5037 φησι
2503 4970 2595 5021 καὶ
2645 4971 2751 5035 τὰς
2795 4966 3107 5036 διώρυγας,
3141 4965 3280 5035 μετὰ
3309 4966 3407 5035 τῆς
3457 4961 3735 5034 βασιλείας

2148 5061 2241 5113 καὶ
2270 5060 2411 5124 τοὺς
2440 5058 2741 5127 ἄρχοντας
2788 5059 2912 5122 τοὺς
2963 5056 3107 5144 κατὰ
3152 5057 3317 5126 μέρος
3343 5054 3539 5123 δηλῶν.
3574 5055 3729 5106 Συν-

2145 5147 2374 5216 αγωγὰς
2403 5146 2460 5199 δὲ
2490 5149 2589 5211 τὰς
2623 5148 2923 5218 πολεμικὰς
2955 5142 3135 5201 αὐτῶν
3182 5146 3439 5215 δυνάμεις
3478 5142 3725 5197 ἐκάλεσε.

2147 5242 2254 5292 Καὶ
2295 5240 2555 5309 Ἱεζεκιὴλ
2588 5240 2641 5293 δὲ
2672 5241 2884 5312 συνῳδὰ
2926 5240 3137 5303 τούτοις
3188 5239 3356 5310 φησί’
3412 5236 3548 5291 Τάδε
3580 5235 3728 5302 λέγει

2144 5329 2366 5399 Κύριοςο
2405 5349 2423 5381 ι
2449 5330 2580 5383 ’1δοῦ
2614 5331 2724 5400 ἐγὼ
2750 5333 2843 5385 ἐπὶ
2876 5330 2936 5385 σὲ
2979 5331 3178 5404 Φαραὼ
3228 5330 3318 5384 τὸν
3368 5330 3602 5400 ἄρχοντα
3639 5326 3730 5378 τὸν

1774 5599 2004 5654 ΥΛΒΙτΕ
2038 5596 2449 5656 ιεοτωιιεε.

526 5698 553 5738 ς
579 5704 668 5758 ῃ».
704 5687 999 5755 Αἰγύπτου.
1085 5698 1104 5724 ι’
1138 5692 1227 5750 ἴον.
1252 5694 1310 5745 λ.
1340 5689 1577 5758 λέγεται.
