4022 6210
361 253 498 319 2149

1480 261 2013 322 COMMENTARII
2059 259 2139 320 IN
2182 259 2476 320 ISAIAM.

3475 265 3624 327 2150

367 373 561 440 μέγαν,
582 371 672 426 τὸν
701 373 1011 443 καθήμενον
1033 375 1092 426 ἐν
1116 375 1269 446 μέσῳ
1298 375 1404 429 τῶν
1436 375 1700 445 ποταμῶν
1725 373 1945 427 αὐτοῦ.»

2058 387 2180 442 qua:
2239 371 2292 426 in
2350 373 2466 427 lucc
2522 372 2683 426 verba
2743 373 2884 443 apud
2944 373 3284 428 Ezechielem
3344 374 3629 445 iegimus,

362 462 538 518 MsO'é
559 464 653 516 καί
670 481 802 534 φησι
827 481 838 494 '
867 485 884 516 ι
909 467 1442 537 Προσκολλήσωτους
1460 466 1646 536 ἰχθύας
1669 465 1761 519 τοῦ
1781 483 1947 520 ποτα-

363 552 464 622 μοῦ
497 553 632 623 πρὸς
665 556 945 625 πτέρυγάς
976 572 1090 610 σου,
1119 573 1136 606 ›
1168 556 1280 610 Καὶ
1307 555 1424 626 μεθ’
1447 556 1632 626 ’ἐτεραο
1671 574 1690 606 ι
1720 555 1829 608 Καὶ
1853 557 1946 608 ἐκ-

359 643 660 698 κενώσουσι
683 648 886 710 πάντες
912 649 1008 711 τὰς
1037 648 1314 718 μαχαίρας
1337 647 1516 700 αὐτῶν
1545 649 1623 710 εἰς
1651 648 1947 716 Αἴγυπτον,

358 739 450 790 καὶ
483 737 858 808 πλησθήσεται
904 742 936 810 ή
985 742 1056 812 γῆ
1087 740 1459 811 τραυματιῶν.
1493 740 1603 795 Καὶ
1633 739 1792 792 δώσω
1821 741 1946 802 τοὺς

357 832 640 899 ποταμοὺς
669 831 851 884 αὐτῶν
877 833 1140 904 ἐρήμους.
1177 853 1196 886 ι
1238 833 1348 887 Καὶ
1375 834 1541 886 πάλιν
1568 849 1580 861 ’
1620 852 1638 884 ι
1663 833 1946 902 Ἐκεράτι-

357 922 448 986 ζες
481 926 593 986 τοῖς
620 928 886 995 ποταμοῖς
921 943 1038 991 σου,
1072 927 1168 980 καὶ
1217 927 1550 989 κατεπάτεις
1593 926 1721 990 τοὺς
1774 942 1944 978 ποτα-

361 1029 496 1076 νιους
538 1031 653 1069 σου.
689 1034 708 1066 ι

428 1190 539 1243 Καὶ
583 1189 855 1262 Ἱερεμίας
887 1191 944 1245 δέ
976 1209 1132 1263 φησι·
1178 1211 1197 1244 ι
1227 1193 1323 1257 Τίς
1357 1187 1548 1259 οὗτος;
1593 1195 1667 1256 ὡς
1703 1192 1946 1263 ποταμὸς

279 1286 284 1289 ’
355 1282 711 1354 ἀναϐήσεται,
781 1285 876 1338 καὶ
933 1286 1010 1348 ὡς
1061 1288 1302 1356 ποταμοὶ
1358 1287 1717 1356 κυμαίνουσιν
1779 1285 1944 1356 ὕδωρ.

359 1375 563 1430 Ὕδατα
600 1377 884 1446 Αἰγύπτου
927 1379 1026 1451 [ὡς
1067 1378 1312 1448 ποταμὸς
1346 1373 1946 1448 ἀναϐήσεται].ιΔι’ὧν

355 1467 609 1540 δηλοῦται
641 1470 711 1524 τὰ
741 1471 920 1542 πλήθη
952 1471 1063 1523 τῶν
1094 1474 1225 1542 παρ’
1255 1473 1440 1536 αὐτοῖς
1473 1472 1942 1542 στρατευομένων,

357 1555 432 1615 ὧν
483 1563 666 1634 μέσων
723 1564 1109 1634 ἐγκαθήμενον
1157 1564 1250 1618 τὸν
1300 1564 1570 1634 δράκοντα
1603 1574 1624 1600 ³
1681 1564 1826 1628 εἰκὸς
1877 1560 1944 1635 ἦν

361 1655 753 1725 μεγαλαυχεῖν.
829 1655 1042 1726 ’ἰχθύας
1099 1655 1155 1708 δὲ
1208 1656 1333 1718 τοὺς
1386 1655 1785 1724 ὑποκειμένους
1832 1659 1944 1718 τοῖς

356 1747 498 1798 κατὰ
526 1746 689 1818 μέρος
721 1749 990 1817 νοήσομεν
1041 1747 1324 1817 ἄρχουσιν.
1376 1747 1692 1816 Ἐκεράτιζε
1735 1747 1792 1800 δέ
1831 1751 1944 1811 τοῖς

357 1842 450 1895 ὑπ’
484 1842 635 1913 αύτῷ
668 1844 1124 1914 στρατευομένοις
1169 1842 1263 1903 οὒς
1293 1843 1308 1878 ί
1343 1843 1438 1895 κα)⁵
1474 1844 1812 1896 καταπατεῖν
1846 1844 1942 1895 αύ-

357 1935 448 1988 τὸν
489 1936 594 2005 ἔφη
640 1936 979 2005 τυραννικῶς
1019 1933 1432 1988 δυναστεύοντα.
1489 1934 1780 2005 Τροπικῶς
1835 1932 1942 2003 γάρ

360 2045 524 2096 φασιν
558 2028 774 2100 ἀνάγκη
812 2027 983 2082 ταῦτα
1013 2031 1177 2092 νοεῖν,
1204 2029 1280 2091 ὡς
1317 2028 1411 2082 καὶ
1449 2027 1510 2080 τὸ
1561 2026 1796 2098 πρόσθεν
1843 2029 1944 2097 ρη-

359 2119 450 2172 θέν
505 2119 656 2184 ἐθνος
701 2121 1021 2174 ἀνέλπιστον
1064 2121 1163 2174 καὶ
1206 2119 1761 2189 καταπεπατημένον,
1795 2111 1855 2170 οὗ
1895 2118 1943 2171 οἰ

357 2209 596 2280 ποταμοὶ
636 2209 942 2281 διήρπασαν
976 2209 1074 2281 τήν
1105 2211 1228 2280 γῆν.
1266 2211 1329 2264 Εἰ
1359 2209 1458 2280 μὲν
1488 2204 1584 2261 οὖν
1617 2209 1708 2260 ἐπὶ
1736 2207 1945 2270 τούτοις

359 2304 450 2356 καὶ
473 2303 778 2375 ἀνθρώπων
813 2302 1122 2372 ἀφανισμὸν
1161 2301 1369 2370 ἐπῆγεν
1412 2303 1445 2372 ή
1488 2300 1816 2370 προφητεία,
1853 2302 1946 2352 οὐ·

357 2392 443 2447 δὲν
471 2393 722 2447 ἐλείπετο
758 2393 964 2464 ζητεῖν.
1011 2391 1330 2445 Ἀκόλουθον
1357 2393 1464 2459 γὰρ
1488 2387 1556 2461 ἦν
1588 2391 1682 2443 καὶ
1729 2391 1797 2444 τὰ
1829 2391 1952 2463 ζῶα

360 2483 496 2535 πᾶσι
535 2484 648 2545 τοῖς
687 2481 841 2535 ὕδασι
895 2481 1356 2535 συναπόλλυσθαι.
1412 2481 1526 2534 Νῦν
1569 2481 1626 2534 δὲ
1675 2481 1814 2551 μετὰ
1846 2480 1946 2551 τήν

357 2573 466 2625 τῶν
504 2572 741 2628 ὑδάτων
773 2573 1068 2639 ἀπώλειαν,
1101 2572 1479 2642 πολυπληθίας
1510 2573 1779 2644 ἐσομένης
1819 2573 1938 2626 κατ’

351 2664 659 2734 Αιγυπτον
687 2667 982 2736 μέμνηται,
1009 2667 1104 2718 καὶ
1133 2663 1207 2727 ὡς
1239 2663 1390 2716 ἔσται
1421 2663 1806 2734 θυσιαστήριον
1834 2665 1946 2716 Κυ-

365 2758 482 2829 ρίῳ,
523 2760 580 2810 ἐν
613 2750 657 2826 ᾧ
687 2758 869 2812 θύσειν
902 2758 1030 2821 τοὺς
1061 2755 1392 2825 Αἰγυπτίους
1423 2754 1628 2828 [unci].
1673 2757 1779 2808 Kal.
1827 2755 1946 2819 πῶς

362 2849 605 2918 ἐγίνοντο
632 2857 682 2911 υ,
704 2852 752 2903 εἰ
774 2849 834 2902 τὸ
853 2849 998 2920 ὕδωρ
1033 2849 1179 2903 ἅπαν
1206 2848 1453 2915 ἐξέλιπεν
1475 2865 1488 2914 ;
1521 2848 1643 2901 ὅθεν
1671 2848 1947 2918 τροπικῶς

359 2941 580 3012 νοητέον
612 2942 784 2995 ταῦτα
816 2941 1150 3012 σημαίνοντα
1179 2940 1288 2994 τῶν
1314 2939 1630 3009 Αἰγυπτίων
1657 2939 1756 3012 τήν
1787 2939 1944 3011 βασι-

2058 484 2075 516 ι
2114 463 2251 519 Ecce
2281 480 2380 534 ego
2419 476 2609 520 contra
2653 476 2704 521 te
2739 467 2970 530 Pharao,
3002 469 3254 538 princeps
3284 484 3499 539 magne,
3532 472 3630 538 qui

2051 555 2220 610 cubas
2243 557 2296 610 in
2326 556 2503 611 medio
2535 557 2823 612 ﬂuminum
2853 568 3071 612 tuorum
3095 561 3136 612 ’.
3175 578 3193 612 ι
3230 560 3390 630 267
3429 560 3633 614 Deinde

2051 649 2243 716 adjicit
2276 664 2290 701 :
2330 665 2349 698 ι
2396 649 2772 718 Agglutinabu
2808 651 2987 718 pisces
3019 649 3167 703 ﬂuvii
3213 653 3313 704 alis
3356 652 3467 706 tuis
3503 653 3568 705 ".
3605 671 3623 703 ›

2050 737 2292 792 Rursum
2355 749 2476 808 post
2527 741 2790 793 nonnulla
2842 756 2858 793 :
2915 757 2933 789 ι
2981 739 3049 794 Et
3105 741 3384 809 stringent
3439 757 3632 797 omnes

2049 831 2263 902 gladios
2319 847 2451 886 suos
2510 831 2565 883 in
2621 831 2960 900 Egyptum,
3017 837 3275 898 terraque
3334 832 3633 886 vulneratis

2051 923 2390 993 implebitur,
2436 931 2489 977 et
2537 924 2676 978 daho
2725 925 2923 978 lluvios
2963 938 3155 976 eorum
3191 921 3437 977 desertos
3467 925 3532 977 “.
3567 923 3634 976 Et

2049 1033 2273 1072 rursum
2310 1036 2321 1070 :
2364 1037 2382 1069 ι
2430 1017 2739 1072 lnsultabas
2775 1017 2958 1070 ﬂuviis
2993 1015 3126 1080 tuis,
3160 1014 3468 1085 ﬂuviosque
3505 1026 3632 1068 tuos

2047 1108 2418 1162 conculeabas
2451 1109 2514 1162 ".
2551 1128 2569 1160 ι
2804 1097 2807 1101 ’

2121 1199 2186 1252 Et
2236 1199 2378 1269 apud
2425 1198 2718 1254 Jcremiam
2750 1217 2764 1253 :
2803 1216 2820 1249 ι
2853 1185 2994 1264 Quis
3039 1197 3188 1252 iste?
3229 1207 3490 1266 tanquam
3529 1195 3633 1251 ﬂu-

2049 1291 2168 1346 vios
2199 1291 2480 1364 ascendet,
2513 1297 2567 1344 et
2599 1297 2858 1359 tanquam
2900 1289 3051 1343 ﬂuvii
3099 1288 3368 1342 inundant
3409 1302 3630 1359 aquam.

2047 1383 2216 1454 Aquae
2272 1383 2492 1454 A'jgypti
2543 1394 2806 1452 tanquam
2870 1381 3069 1437 ﬂuvius
3127 1383 3431 1438 ascendent
3482 1382 3546 1438 ".
3607 1403 3626 1433 ι

2048 1473 2260 1540 Quibus
2288 1486 2438 1528 certe
2481 1473 2662 1528 verbis
2699 1474 2970 1529 militares
3010 1475 3199 1543 copias
3235 1475 3450 1540 innuit;
3499 1489 3634 1544 qua-

2046 1583 2168 1622 rum
2199 1567 2253 1620 in
2288 1566 2467 1620 medio
2499 1581 2624 1620 cum
2661 1566 2920 1637 princeps
2957 1570 3195 1632 sederet,
3235 1568 3507 1622 extulisse
3546 1583 3628 1631 se,

2048 1667 2102 1714 et
2141 1659 2464 1728 superbisse
2491 1674 2590 1727 par
2620 1665 2725 1712 est.
2758 1657 2950 1713 Pisces
2990 1669 3174 1712 autem
3200 1674 3325 1712 cum
3358 1659 3626 1718 nominat.

2047 1752 2164 1807 suis
2210 1765 2464 1821 quosque
2495 1750 2732 1804 ducibus
2769 1751 3052 1820 subjectos
3094 1749 3298 1805 milites
3349 1750 3628 1819 intelligit,

2045 1843 2100 1896 in
2133 1857 2274 1912 quos
2307 1842 2382 1894 ita
2409 1841 2710 1896 insultasse
2745 1842 3045 1910 signiﬁcat,
3082 1853 3138 1895 ut
3169 1856 3263 1896 eos
3285 1856 3398 1910 prze
3418 1841 3628 1896 sazvitia

2045 1942 2101 1989 et
2126 1933 2456 1988 crudelitate
2493 1934 2728 2004 pedibus
2761 1934 3094 1988 conculcare
3124 1947 3234 1987 non
3264 1933 3625 1988 dubitaverit.

2046 2023 2282 2096 Tropice
2314 2041 2482 2096 porro
2508 2034 2563 2096 et
2596 2025 2722 2090 ista,
2757 2026 2902 2079 sicut
2931 2024 3064 2079 illud
3098 2025 3248 2094 prius
3275 2041 3288 2078 :
3319 2023 3468 2080 Gens
3499 2023 3628 2078 ἰηίί-

2046 2117 2188 2172 delis
2215 2127 2268 2170 et
2294 2116 2818 2185 conculcata,cujus
2847 2114 2998 2170 ﬂuvii
3033 2124 3235 2170 terram
3259 2115 3629 2186 diripuerunt,

2044 2210 2276 2279 intelligi
2299 2210 2512 2264 volunt.
2540 2206 2596 2262 Si
2630 2210 2754 2264 istis
2786 2223 2918 2278 ergo
2941 2215 2996 2262 et
3029 2206 3315 2261 hominum
3345 2207 3627 2260 interitum

2047 2304 2330 2374 prophetia
2357 2303 2670 2374 adiecisset,
2699 2303 2835 2358 nihil
2861 2301 3124 2372 amplius,
3147 2304 3291 2369 quod
3317 2299 3633 2370 postulares

2049 2393 2390 2462 reliquisset.
2427 2393 2779 2462 Sequebatur
2815 2391 2988 2455 enim,
3017 2401 3076 2442 ut
3106 2403 3232 2441 cum
3265 2388 3423 2456 aquis
3457 2386 3636 2440 omni-

2048 2485 2150 2539 bus
2181 2493 2235 2538 et
2275 2483 2535 2537 animalia
2569 2483 2730 2537 etiam
2758 2483 2876 2551 ipsa
2915 2480 3080 2536 simul
3115 2479 3428 2534 interirent.
3475 2475 3632 2532 Nunc

2046 2591 2176 2630 vero
2235 2583 2360 2645 post
2407 2591 2667 2646 aquarum
2736 2575 3053 2636 interitum,
3097 2586 3308 2642 magna:
3357 2571 3521 2625 etiam
3577 2571 3633 2623 in

2045 2667 2280 2739 ngypto
2319 2667 2517 2726 futura
2558 2665 2946 2730 multitudinis,
2978 2665 3087 2719 imo
3113 2663 3303 2717 altaris
3348 2663 3536 2727 etiam,
3577 2661 3636 2716 in

2045 2777 2155 2832 quo
2208 2760 2443 2816 Domino
2475 2774 2633 2815 sacra
2690 2760 2890 2813 facturi
2943 2759 3076 2824 sint,
3115 2759 3386 2812 meminit.
3431 2757 3632 2811 Verum

2046 2853 2140 2922 qui
2167 2852 2281 2920 ﬂat,
2318 2853 2364 2908 si
2399 2866 2543 2922 aqua
2577 2853 2762 2906 omnis
2794 2849 3062 2906 deﬁciat?
3090 2849 3228 2903 Hinc
3259 2863 3392 2918 ergo
3423 2848 3634 2919 Egyp-

2045 2944 2246 2997 tiorum
2273 2943 2569 3014 imperium
2607 2951 2662 2997 et
2693 2941 2874 2997 bellici
2901 2941 3182 2996 exercitus
3203 2939 3628 3010 amplitudinem

361 3032 513 3088 λείαν
551 3035 645 3088 καὶ
679 3035 749 3087 τὰ
781 3034 962 3105 πλήθη
1001 3034 1102 3104 τῆς
1139 3033 1379 3104 μαχίμου
1420 3033 1730 3104 δυνάμεως.
1761 3032 1945 3086 Ἀλλοι

2051 3035 2262 3104 tropice
2306 3036 2410 3089 ista
2463 3034 2622 3089 nobis
2655 3035 2886 3088 innuere
2925 3033 3280 3087 arbitramur.
3316 3031 3421 3086 Alii
3475 3035 3638 3100 plane

361 3126 416 3180 δὲ
483 3126 662 3196 ῥητῶς
712 3127 780 3179 τὰ
849 3125 1230 3198 προειρημένα
1291 3123 1542 3189 νοοῦντές
1609 3140 1813 3194 φασιν,
1871 3123 1946 3189 ὡς

363 3217 778 3282 Οὑασπασιανὸς
833 3217 932 3287 τήν
970 3217 1225 3271 Ἰουδαίαν
1281 3215 1418 3270 ἐλὼν
1466 3218 1589 3271 κατ’
1632 3216 1946 3284 Αἰγυπτίων

361 3310 710 3381 ἐστράτευσε.
763 3309 873 3361 Καὶ
909 3307 1041 3370 Θεὸς
1086 3308 1235 3379 αὐτῷ
1296 3309 1437 3362 κατὰ
1478 3308 1655 3362 πάντα
1688 3309 1943 3378 ποιήσας,

360 3405 568 3461 πᾶσαν
593 3401 1222 3472 ὑδάτων-’.συναγωγὴν
1249 3401 1648 3470 ἁπεξήρανεν,
1681 3402 1756 3465 ὡς
1805 3401 1949 3456 ὑδά-

361 3515 478 3550 των
505 3495 702 3567 ἐνδείᾳ,
754 3498 866 3558 τοῖς
902 3495 1030 3566 παρ’
1080 3494 1329 3563 αἰγιαλὸν
1361 3494 1670 3564 ὀρύγμασιν
1714 3494 1946 3564 πότιμον

364 3589 479 3652 πῶς
511 3589 654 3658 ὕδωρ
688 3587 1021 3656 Αἰγυπτίους
1055 3586 1264 3658 ζητεῖν,
1306 3586 1373 3638 δι’
1405 3579 1481 3638 ῶν
1519 3584 1581 3636 τὸ
1609 3587 1708 3654 τῆς
1740 3583 1944 3637 θαλάσ-

365 3700 461 3752 σης
513 3681 867 3752 διηθούμενον
925 3679 1070 3750 ’ύδωρ
1117 3675 1489 3747 ποτιμώτερον
1536 3675 1765 3745 γίνεται.
1808 3676 1944 3729 Τότε

363 3774 527 3842 φασὶν
558 3776 636 3839 είς
659 3775 934 3842 Αἴγυπτον
959 3772 1134 3826 ἐλθεῖν
1164 3771 1262 3823 καὶ
1291 3771 1420 3832 τοὺς
1451 3769 1514 3822 τὸ
1544 3769 1813 3840 σωτηρίον
1841 3770 1944 3840 κή-

362 3883 550 3937 ρυγμα
576 3865 1014 3934 διαγγέλλοντας.
1042 3864 1163 3916 Τῶν
1196 3862 1251 3916 δὲ
1282 3862 1382 3932 τὴν
1417 3863 1694 3930 Αἴγυπτον
1734 3861 1945 3914 οἰκούν-

359 3976 466 4012 των
504 3961 553 4012 οἰ
583 3957 682 4028 μέν
720 3957 785 4010 τὰ
817 3957 995 4019 πεδία,
1025 3957 1074 4008 οἰ
1105 3953 1162 4007 δὲ
1196 3953 1265 4008 τὰ
1299 3953 1397 4023 ἐλη
1434 3952 1834 4024 κεκλήρωνται,
1865 3954 1944 4006 οῖ-

360 4067 466 4120 περ
494 4050 626 4103 ἐλιοι
677 4050 770 4102 καὶ
803 4047 1046 4120 βούκολοι
1079 4047 1167 4100 διὰ
1209 4043 1414 4116 πλῆθος
1453 4044 1561 4097 τῶν
1600 4045 1731 4114 παρ’
1761 4045 1946 4108 αὐτοῖς

358 4142 660 4213 γινομένων
705 4141 844 4211 βοῶν
890 4137 1263 4210 ὀνομάζονται.
1321 4138 1576 4210 Χρῶνται
1621 4137 1677 4190 δὲ
1713 4139 1774 4190 ού
1814 4138 1944 4208 σίτῳ

360 4234 455 4288 καὶ
485 4233 613 4304 οἴνῳ
644 4235 850 4288 τούτων
879 4231 1236 4304 ἀποροῦντες,
1271 4231 1475 4300 ἰχθύσι
1499 4230 1556 4283 δέ
1587 4230 1684 4284 καὶ
1712 4229 1943 4300 γάλακτι

360 4327 456 4378 καὶ
487 4324 649 4394 ζύψῳ
698 4335 726 4365 ν
767 4327 858 4378 καὶ
902 4327 1009 4386 τοῖς
1045 4323 1105 4387 ἐξ
1154 4322 1290 4375 ἐλῶν
1338 4322 1565 4385 ἁπαλοῖς
1591 4321 1942 4392 τεμνομένοις

359 4411 406 4463 οἳ
439 4413 530 4464 καὶ
559 4388 638 4465 *τὸ
686 4411 863 4466 ,ιινόν
889 4409 1263 4480 ἐργαζόμενοι
1310 4409 1376 4462 τὸ
1415 4388 1698 4480 σχιστόκ.
1732 4388 1832 4463 ’Ὧν
1857 4411 1942 4463 έν-
1970 4388 2026 4448 D

359 4501 494 4569 δεια,
528 4504 684 4574 φησὶ,
707 4503 922 4556 πάντων
945 4502 1334 4556 ἐκλελοιπότων
1354 4503 1461 4556 τῶν
1492 4502 1700 4556 ὑδάτων
1725 4503 1919 4573 γενήσε
1935 4532 1950 4542 -

361 4609 469 4646 ται.

430 4775 493 4826 Oi
523 4772 579 4826 δὲ
604 4773 703 4844 τὴν
737 4771 960 4844 πρώτην
989 4772 1348 4834 ἐκδεδωκότες
1378 4771 1657 4842 ἐξήγησιν,
1691 4772 1784 4824 καὶ
1814 4771 1939 4824 τοῦ-

360 4882 450 4919 τον
485 4865 644 4929 αὖθις
697 4863 1062 4936 ἀλληγοροῦσι
1112 4864 1202 4918 τὸν
1251 4864 1474 4935 τρόπον.
1506 4863 1635 4915 Νόει
1677 4863 1948 4932 ποταμὸν

362 4957 610 5025 λέγοντες
633 4957 728 5010 καὶ
771 4957 872 5029 τήν
907 4956 1075 5010 πάλαι
1100 4957 1231 5026 παρ’
1279 4956 1600 5024 Αἰγυπτίοις
1628 4956 1946 5025 φιλοσοφίαν

361 5050 742 5120 ἀκμάζουσαν.
774 5051 1002 5120 Εἴρηται
1059 5049 1188 5122 γὰρ,
1236 5049 1332 5104 καὶ
1384 5048 1678 5117 ἐπαιδεύθη
1734 5049 1940 5118 Μωσῆς

363 5147 512 5216 πάσῃ
581 5144 742 5217 σοφίᾳ
766 5143 1101 5212 Αἰγυπτίων,
1150 5137 1219 5213 ἦς
1265 5141 1424 5210 λόγος
1457 5141 1608 5212 ἔρρει
1646 5140 1831 5205 πολύς.
1867 5136 1942 5197 OB

365 5238 507 5308 μέρη
542 5238 638 5290 καὶ
665 5236 916 5306 ποταμοί
948 5236 1043 5288 καὶ
1087 5233 1378 5304 διώρυχες
1402 5234 1510 5286 τῶν
1554 5233 1678 5287 καθ’
1712 5233 1941 5286 ἕκαστον

363 5331 494 5400 παρ’
527 5331 710 5394 αὐτοῖς
740 5330 1082 5400 μαθημάτων
1113 5328 1162 5380 οἰ
1184 5327 1354 5394 λόγοι,
1381 5327 1441 5391 ἐξ
1469 5320 1544 5381 ὧν
1574 5325 1802 5395 ἐφύοντο
1839 5328 1938 5380 οὐκ

2051 3126 2117 3179 ad
2149 3125 2477 3196 Vespasiani
2512 3135 2760 3196 tempora
2803 3124 2996 3179 referri
3032 3123 3397 3188 arbitrantur,
3429 3123 3637 3192 quibus

2051 3217 2221 3272 armis
2273 3217 2570 3287 [Egyptum
2623 3216 2967 3285 occupavit:
3026 3215 3114 3268 cui
3159 3214 3380 3283 quidem
3412 3215 3486 3268 ita
3540 3228 3638 3284 per

2049 3309 2232 3362 omnia
2268 3308 2402 3363 favit
2450 3307 2732 3371 Dominus,
2767 3315 2828 3360 ut
2866 3307 3009 3360 omni
3041 3306 3344 3359 dessiccata
3374 3320 3636 3374 aquarum

2049 3401 2486 3470 congregatione,
2551 3407 2779 3468 propter
2825 3412 3014 3452 earum
3082 3397 3393 3466 penuriam,
3457 3396 3640 3452 fossas

2049 3491 2172 3562 ipso
2206 3493 2258 3545 in
2293 3492 2502 3557 littore,
2547 3491 2598 3544 in
2634 3505 2774 3560 quas
2816 3491 3046 3543 marinae
3080 3495 3316 3558 receptae
3343 3503 3498 3543 mora
3531 3489 3638 3542 ali-

2048 3600 2153 3654 qua
2192 3584 2342 3653 potui
2370 3582 2616 3652 aptiores
2649 3584 2975 3645 evaderent,
3003 3579 3296 3651 Egyptios
3329 3582 3634 3645 couticcrc,

2049 3676 2234 3743 itaque
2257 3689 2461 3743 aquam
2493 3687 2742 3743 qua’rere
2772 3687 3002 3727 necesse
3035 3669 3236 3736 fuerit;
3258 3686 3432 3740 eoque
3455 3670 3636 3724 maxi-

2048 3783 2135 3821 me
2185 3775 2433 3836 temporc
2487 3765 2752 3819 salutaris
2811 3763 2990 3817 nuntii
3036 3777 3318 3833 praecones
3351 3765 3402 3816 in
3431 3762 3638 3832 [Egyp-

2047 3864 2160 3908 tum
2196 3865 2537 3921 penetrasse.
2583 3852 2720 3918 Quia
2754 3867 2886 3906 vero
2919 3867 3136 3915 eorum,
3173 3852 3266 3918 qui
3295 3852 3348 3905 in
3394 3850 3638 3921 .Egypto

2047 3948 2272 4018 degunt,
2300 3961 2460 4017 agros
2510 3944 2732 4015 quidem
2777 3945 2895 4009 alii,
2932 3944 3021 3996 alii
3057 3951 3239 3997 autem
3287 3941 3518 4011 paludes
3551 3943 3638 3996 in-

2047 4044 2256 4106 colunt,
2289 4043 2359 4096 ob
2383 4041 2437 4094 id
2473 4042 2745 4111 palustres
2781 4040 2943 4100 alios,
2977 4041 3116 4094 alios
3141 4049 3325 4093 autem
3352 4047 3636 4093 armenta-

2047 4136 2183 4196 rios,
2215 4151 2242 4185 a
2287 4133 2475 4198 boum,
2511 4131 2714 4200 quibus
2747 4130 3058 4196 abundant,
3108 4129 3288 4198 copia,
3333 4129 3633 4183 nominari.

2047 4225 2235 4296 Neque
2262 4241 2392 4281 vero
2457 4239 2596 4295 pane
2653 4231 2708 4278 et
2763 4225 2911 4285 vino,
2971 4222 3066 4290 qui
3107 4221 3215 4276 illis
3257 4229 3502 4284 careant,
3537 4223 3634 4277 sed

2047 4321 2303 4388 piscibus,
2373 4318 2642 4386 lacteque,
2689 4324 2744 4368 et
2789 4315 2950 4384 agt/io
2978 4353 2992 4378 ,
3037 4314 3363 4383 exterisque
3415 4313 3635 4369 tenellis

2055 4411 2178 4464 aliis
2216 4409 2645 4479 quibuscunque
2683 4414 2942 4476 possunt,
2969 4421 3065 4473 per
3094 4406 3323 4476 paludes
3361 4406 3413 4459 in
3447 4406 3636 4496 cibun:

2059 4503 2303 4566 refectis,
2355 4502 2529 4566 vesci,
2576 4501 2849 4568 liliumque
2896 4499 3066 4567 ﬁssile
3095 4501 3302 4566 operari
3345 4515 3362 4548 :
3397 4513 3629 4567 quorum

2056 4596 2330 4656 omnium,
2361 4593 2751 4647 deficientibus
2788 4591 2954 4660 268
2988 4591 3166 4660 aquis,
3197 4605 3468 4645 summam
3518 4591 3634 4645 fore

2050 4690 2338 4759 penuriam
2369 4687 2670 4757 signiticet.

2123 4777 2322 4830 Verum
2363 4777 2454 4845 qui
2482 4775 2716 4844 primam
2760 4774 3073 4828 attulerunt
3100 4773 3550 4842 explicationem,
3583 4785 3633 4826 et

2051 4869 2216 4922 istum
2247 4883 2439 4922 rursus
2459 4866 2733 4937 allegoriae
2759 4871 3338 4934 sensumproponunt.
3364 4862 3629 4934 Intellige,

2050 4962 2229 5020 aiunt,
2281 4958 2432 5026 ﬂuvii
2486 4958 2736 5022 nomine,
2793 4964 3032 5012 veterem
3091 4957 3262 5021 illam,
3309 4971 3432 5024 qua:
3485 4957 3628 5022 apud

2052 5049 2340 5119 Aigyptios
2357 5048 2488 5102 olim
2507 5047 2704 5117 viguit,
2725 5047 3148 5117 philosophandi
3183 5047 3472 5100 rationem.
3490 5045 3627 5100 Nam

2048 5153 2103 5198 et
2145 5142 2330 5196 Mosen
2390 5142 2574 5210 ipsum
2616 5141 2872 5195 universa
2903 5141 3286 5211 Egyptiorum
3334 5137 3625 5207 sapientia,

2053 5235 2195 5286 fama
2231 5233 2372 5302 apud
2414 5246 2611 5295 omnes
2645 5233 2875 5298 celebri,
2911 5233 3246 5290 instructum
3279 5230 3453 5286 fuisse
3493 5229 3629 5300 legi-

2049 5343 2192 5387 mus.
2233 5328 2390 5394 cujus
2433 5333 2618 5395 partes
2652 5325 2939 5394 ﬂuviorum
2985 5334 3034 5378 et
3066 5323 3333 5394 fossarum
3380 5323 3625 5396 appella~

432 5477 453 5504 ’
490 5471 690 5527 Ezech.
718 5485 873 5537 xxix,
906 5472 961 5525 5.
1041 5470 1086 5502 ¹⁶
1117 5469 1249 5524 ibid.
1277 5468 1331 5524 4.
1409 5470 1450 5500 “
1479 5468 1616 5524 ibid.
1657 5468 1748 5522 ll).
1830 5469 1870 5500 "
1901 5468 1946 5521 Β

2051 5468 2106 5522 h.
2138 5484 2309 5530 nun,
2331 5467 2384 5521 2.
2412 5473 2455 5506 η
2477 5464 2677 5524 Jerem.
2703 5481 2844 5535 τινι,
2868 5465 2916 5534 '7,
2951 5463 3000 5518 8.

1643 5581 1876 5636 ἾΑΒΙᾹΞ
1917 5580 2312 5635 ιΕϐτιοδΕς.

441 5727 462 5754 ³
491 5731 582 5784 γρ.
619 5713 876 5785 ἄρχοντα.
958 5714 974 5747 ι
1012 5709 1218 5779 γρ.ὼς.
1299 5721 1324 5747 υ
1367 5726 1459 5776 γρ.
1497 5705 1727 5774 γένοιτο.

1805 5715 1829 5740 ν
1868 5721 1955 5774 γρ,
1991 5699 2154 5773 ζύθῳ.
