4086 6242
458 317 599 385 2155
1337 306 1341 312 ’
1770 313 2056 378 PROCOP

2164 317 2397 378 GAZ/EI
2466 265 2475 270 ’
3583 311 3733 377 ειδδ

460 433 666 498 lebaut,
692 439 962 505 erantque
1003 431 1280 509 Egyptiis
1310 433 1548 491 maxime
1576 432 1783 500 infesti,
1810 450 1960 512 eum,
1990 435 2045 491 in

2164 432 2295 495 δῦτοι
2325 438 2424 509 μὲν
2448 440 2563 502 τοῖς
2585 436 3006 507 άπδἎντιόχου,
3038 434 3394 507 Πτολεμαίοις
3422 434 3480 488 δέ
3509 437 3737 490 ἐκείνοι·

458 525 837 587 Romanorum
882 534 1208 596 potestatem
1259 527 1507 582 nondum
1540 526 1778 591 redacti,
1809 528 2051 598 propriis

2164 530 2311 601 μέσοι
2348 530 2407 584 δέ
2462 529 2616 593 δντες
2662 512 2911 584 Ἰουδαῖοι
2945 529 3038 582 ὑπ’
3083 526 3410 598 ἀμφοτέρων
3439 526 3545 581 ἀνά
3577 526 3746 599 μέρος

460 615 704 688 regibus,
756 616 813 671 hi
867 616 1086 688 quidem
1132 618 1390 673 Antiochi
1448 619 1900 683 successoribus,
1970 618 2050 673 illi

2164 622 2456 677 ἐϐάλλοντο.
2491 620 2728 693 Χριστὸς
2795 621 2852 675 δέ
2904 620 3384 694 παραγενόμενος,
3440 620 3478 691 ἡ
3525 617 3747 675 πάντων

458 717 640 765 autem
665 702 979 765 Ptolemaeis
1012 717 1324 765 uterentur.
1352 709 1602 778 Quorum
1638 709 1806 767 medii
1841 710 2048 783 Egyp-

2164 718 2369 790 ;ἰρήνη,
2400 717 2463 769 οὒ
2494 714 2658 786 μόνον
2710 717 2780 768 τά
2818 713 3039 784 ἐπίγεια
3074 715 3189 777 τοῖς
3222 710 3569 783 ἐπουρανίοις
3621 727 3748 765 συν-

458 801 520 856 tii
553 816 681 856 cum
736 800 1019 856 interdum
1054 801 1124 856 ab
1164 803 1418 873 utrisque
1443 802 1885 874 impeterentur;
1928 805 2050 873 ipso

2164 807 2287 877 ἦψεν
2319 822 2333 838 ⁸
2393 806 2532 861 ἀλλὰ
2567 805 2661 860 καὶ
2699 804 2769 858 τά
2815 804 2946 876 ἔθνη
2983 802 3125 875 πρὸς
3183 802 3412 873 ἄλληλα..
3441 796 3605 857 Καθὰ
3651 800 3749 855 καὶ

457 892 660 949 Christi
688 892 954 961 adventu,
990 902 1255 965 tanquam
1285 895 1569 951 communi
1611 895 1764 968 pacis
1803 896 2044 959 vinculo,

2164 893 2328 949 ταῦτα
2350 892 2423 948 τὰ
2449 893 2581 963 τρία
2610 891 2894 964 δυσμενῶς
2925 890 3272 962 διακείμενα,
3300 891 3398 945 καὶ⁵
3429 892 3560 963 μιᾶς
3586 888 3751 960 ἠξίωο

460 1000 567 1040 non
616 992 835 1042 terrena
880 986 1047 1042 modo
1090 988 1435 1055 cmlestibus,
1475 987 1574 1044 sed
1620 990 1757 1060 ipsa:
1810 989 1956 1046 inter
1995 1005 2056 1045 se

2164 1003 2250 1039 σεν
2285 984 2557 1053 εὐλογίας,
2585 982 2662 1048 ὼς
2693 982 2891 1054 μηκέτι
2924 982 3016 1037 τὸν
3060 981 3283 1054 Ἰσραὴλ
3315 980 3751 1053 κατεπαίρεσθαι

464 1087 664 1165 gentes
712 1080 878 1137 etiam
920 1081 998 1136 ita
1045 1082 1250 1148 coiere,
1292 1092 1348 1137 ut
1392 1092 1497 1139 tres
1534 1084 1655 1140 ista:
1691 1099 1813 1156 quae
1865 1096 2056 1139 mutua

2164 1080 2283 1134 λαὸν
2339 1076 2476 1133 θεοῦ
2506 1076 2917 1149 χρηματίζοντα
2960 1075 3054 1130 καὶ
3106 1075 3268 1148 μόνον
3314 1073 3750 1165 εὐλογημένοι

371 1218 376 1222 .
460 1171 603 1229 inter
634 1186 696 1227 se
747 1171 876 1227 odia
914 1187 1140 1244 semper
1166 1185 1559 1242 exercuerant,
1594 1192 1703 1231 una
1737 1176 1851 1248 jam
1890 1176 2056 1232 bene-

460 1263 706 1343 dictione
736 1262 920 1334 dignae
941 1265 1267 1331 credantur,
1292 1280 1394 1321 nec
1430 1265 1601 1322 Israel
1635 1268 1895 1338 amplius,
1932 1275 2053 1322 tau-

460 1367 626 1421 quam
655 1350 749 1423 Dei
782 1351 1043 1422 populus,
1081 1353 1350 1423 solusque
1391 1353 1722 1421 benedictus,
1763 1354 2050 1412 eﬂeratur.

462 1442 541 1498 Ita
570 1444 718 1498 enim
758 1444 1022 1515 pietatem
1049 1445 1289 1515 amplexi
1310 1456 1441 1501 sunt
1464 1462 1681 1513 omnes,
1716 1454 1777 1502 ut
1807 1457 2050 1503 mutuam

466 1525 609 1621 inter
642 1554 702 1594 se
735 1539 1065 1594 charitatem
1101 1539 1289 1594 colant
1322 1548 1377 1597 ct
1412 1542 1713 1598 retineant.
1738 1541 2055 1598 Confractis

2158 1172 2366 1235 Πάντες
2390 1171 2500 1240 γάρ
2535 1168 2824 1223 εὐσέϐειαν
2851 1167 3233 1239 ἐδιδάχθησαν,
3288 1164 3385 1221 καὶ
3417 1174 3442 1202 ι
3479 1157 3581 1235 τῆς
3613 1162 3753 1236 πρὸς

2158 1264 2425 1337 ἀλλήλους
2484 1261 2712 1333 ἀγάπης
2758 1259 3105 1332 ἀντέχεσθαι.
3159 1259 3273 1322 Τάς
3327 1256 3438 1328 γάρ
3473 1256 3755 1328 μαχαίρας

2160 1359 2241 1420 εἰς
2274 1368 2302 1397 ι
2354 1355 2577 1421 ζιδύνας
2624 1352 3028 1427 συγκόψαντες.
3092 1348 3301 1415 ταύτας
3344 1348 3436 1403 ἐπ’
3488 1345 3756 1419 ἀλλήλους

2160 1449 2261 1502 οὐκ
2284 1445 2532 1519 αἴρουσιν
2558 1444 2664 1499 ὑπὸ
2694 1443 2862 1513 ζυγὸν
2881 1444 2978 1498 ἕνα
3006 1441 3316 1512 γεγονότες,
3360 1436 3759 1512 πνευματικῶς

2167 1538 2267 1611 μέν
2297 1535 2456 1602 Θεοῦ,
2496 1533 2833 1611 σωματικῶς
2870 1533 2931 1587 δέ
2973 1531 3288 1604 Ῥωμαίων.

462 1632 612 1703 enim
639 1631 842 1700 gladiis
889 1639 945 1687 et
976 1631 1209 1696 lanceis,
1236 1647 1361 1688 cum
1401 1634 1453 1689 in
1479 1635 1676 1707 jugum
1719 1651 1919 1700 unum,
1954 1634 2327 1706 spiritualiter
2392 1629 2618 1702 quidem
2673 1628 2792 1694 Dei,
2835 1626 3216 1682 Romanorum
3299 1634 3482 1681 autem
3554 1636 3758 1695 corpoo

406 1766 407 1769 η
464 1722 677 1787 raliter,
717 1721 994 1787 venerint,
1070 1736 1226 1776 arma
1278 1722 1333 1777 in
1388 1740 1512 1781 sese
1556 1740 1908 1797 nequaquam
1965 1727 2208 1796 rapiunt.

535 1812 688 1881 Quod
717 1812 919 1869 deinde
944 1814 1184 1886 Assyriis
1214 1817 1410 1870 servire
1429 1815 1712 1888 Egyptios
1738 1817 1941 1888 inquit,
1966 1817 2050 1872 vel

2227 1812 2609 1869 Δουλεύουσι
2640 1809 2709 1864 δὲ
2743 1808 2868 1876 τοῖς
2899 1806 3242 1877 Ἀσσυρίοις
3297 1807 3608 1878 Αἰγύπτιοι
3650 1808 3757 1879 τὴν

463 1907 756 1965 eharitatis
782 1907 1107 1964 servitutem
1139 1908 1434 1973 intellexit,
1460 1909 1567 1973 vel,
1591 1907 1738 1981 quod
1762 1911 2049 1965 nonnullis

466 2001 665 2070 placet,
702 1999 757 2055 id
798 2000 921 2056 ideo
954 2001 1116 2070 dixit,
1150 2008 1211 2056 ut
1256 2001 1488 2081 missum
1537 2001 1791 2058 Romano
1832 2002 2052 2059 nomine

465 2084 727 2167 Syrorum
778 2094 828 2147 in
876 2092 1176 2165 Egyptum
1226 2094 1559 2160 exercitum,
1603 2093 1857 2167 Syroque
1911 2095 2053 2151 duce

465 2187 652 2256 aliquo
684 2186 741 2240 in
776 2186 1102 2240 servitutem
1159 2184 1417 2240 redactos
1453 2200 1576 2240 esse
1632 2184 1927 2257 Aﬁgyptios
1976 2186 2053 2241 si-

465 2278 706 2347 guiﬂcct.
733 2273 835 2343 Qui
864 2285 947 2330 est
981 2290 1115 2346 ergo
1148 2275 1450 2330 benedictus
1484 2277 1535 2329 in
1550 2275 1807 2347 .Egypto,
1834 2286 1883 2330 et
1920 2278 2055 2331 inter

466 2367 720 2438 Assyrios
749 2365 973 2436 populus
1005 2382 1101 2436 per
1134 2365 1532 2432 Ecclesiarum,
1573 2369 1765 2437 qutein
1801 2369 1882 2423 eis
1906 2379 2053 2430 sunt,

468 2458 833 2539 frequentiam
861 2466 1111 2529 apparet.
1160 2456 1318 2530 Viget
1349 2468 1531 2514 autem
1567 2461 1656 2529 qui
1687 2473 1753 2513 ex
1784 2457 2057 2515 Israelest

464 2553 538 2617 ab
579 2554 700 2622 ipso
722 2550 1137 2622 praedicationis
1175 2559 1446 2623 tempore.
1480 2550 1605 2606 Fuit
1652 2554 1799 2609 enim
1845 2551 1968 2609 ﬁdei
2001 2553 2054 2607 in

468 2628 751 2697 Christum
785 2642 1062 2711 primitiae,
1093 2658 1123 2696 a
1152 2642 1358 2713 quibus
1388 2654 1436 2698 et
1464 2644 1836 2714 evangelista},
1861 2653 1916 2701 et
1944 2644 2056 2701 dis-

469 2734 661 2802 cipuli,
683 2742 737 2787 et
764 2734 1003 2804 apostoli
1034 2735 1144 2787 etia
1170 2752 1199 2784 ιι
1231 2742 1675 2804 prmuauaruut;
1711 2733 1855 2792 unde
1897 2736 2059 2790 trium

472 2823 707 2894 gentium
733 2838 911 2877 omnes
940 2823 995 2879 in
1025 2830 1171 2877 terra
1198 2822 1456 2878 benedicti
1487 2834 1631 2878 sunt.
1669 2824 1939 2881 Cmterum
1960 2840 2059 2896 pro

472 2932 538 2968 eo
567 2914 719 2984 quod
741 2916 797 2968 in
830 2914 1068 2985 Assyriis
1104 2913 1364 2986 legimus,
1390 2917 1443 2968 iu
1475 2917 1648 2970 Assur
1680 2917 1775 2972 alii
1805 2924 2059 2973 transtu-

468 3005 697 3070 lerunt:
728 3022 798 3061 ne
827 3003 1051 3062 Judmos
1076 3008 1401 3078 quisquam,
1426 3010 1520 3078 qui
1554 3006 1611 3063 in
1643 3007 1804 3080 Syria
1830 3008 2058 3080 degunt,

469 3098 565 3153 sed
597 3095 879 3169 zEgyptios
910 3099 1078 3154 simul
1099 3098 1452 3169 Assyriosque
1485 3098 1788 3170 signiﬁcari
1818 3107 2057 3170 putaret.

2159 1906 2263 1977 τῆς
2299 1906 2523 1976 ἀγάπης
2584 1900 2851 1959 δουλείαν.
2889 1902 2982 1966 Ἦ,
3019 1898 3094 1964 ῶς
3152 1897 3286 1975 φασί
3331 1914 3498 1963 τινες,
3553 1897 3644 1952 διὰ
3688 1899 3763 1953 τὰ

2170 1998 2457 2069 Ῥωμαϊκὰ
2501 1996 2709 2064 Σύρων
2746 1994 2817 2048 ἐν
2844 1993 3126 2062 Αίγύπτφ
3163 1989 3523 2061 στρατόπεδα,
3551 1990 3762 2062 Σύρους

2157 2092 2216 2145 τέ
2270 2107 2427 2152 τινας
2483 2089 2721 2162 ἀρχικῆς
2751 2086 3003 2152 ἐξουσίας
3054 2083 3284 2155 δυνάμει
3325 2082 3766 2154 καταδουλουμέ-

2159 2202 2283 2249 νους
2315 2182 2535 2246 αὐτούς.
2581 2181 2640 2236 Ὀ
2670 2179 2774 2252 μέν
2802 2174 2897 2234 οὖν
2930 2177 3342 2247 εὐλογημένος
3375 2174 3445 2229 ὲν
3480 2174 3762 2245 Αἰγύπτῳ

2160 2277 2259 2333 καί
2288 2277 2358 2332 ἐν
2390 2274 2734 2343 Ἀσσυρίοις
2769 2270 2943 2337 λαός,
2987 2268 3080 2323 διὰ
3124 2269 3225 2340 τῆς
3269 2267 3380 2321 τῶν
3418 2264 3761 2338 Ἐκκλησιῶν

2160 2371 2357 2442 όρᾶται
2391 2366 2790 2439 πολυπληθίας,
2823 2368 2852 2420 ό
2881 2363 2937 2418 δέ
2966 2364 3031 2417 ἐκ
3057 2362 3167 2416 τοῦ
3196 2359 3450 2430 Ἰσραὴλ
3494 2356 3636 2413 κατὰ
3666 2357 3759 2410 τὸν

2161 2462 2256 2519 τοῦ
2292 2461 2648 2534 κηρύγματος
2673 2459 2895 2530 ήκμασε
2936 2455 3152 2528 χρόνον.
3199 2452 3456 2525 Ἀπαρχὴ
3498 2452 3609 2525 γὰρ
3653 2451 3760 2522 τῆς

2164 2554 2245 2618 είς
2278 2551 2515 2625 Χριστὸν
2549 2550 2818 2621 ἐγένοντο
2838 2548 3095 2611 πίστεως,
3136 2545 3195 2612 ἐξ
3243 2537 3319 2599 ὧν
3350 2543 3757 2614 εὐαγγελισταὶ,

2165 2645 2261 2699 καὶ
2322 2641 2587 2715 μαθηταὶ,
2623 2641 2720 2694 καὶ
2771 2638 3066 2695 ἀπόστολοι
3098 2654 3114 2670 ⁶
3165 2636 3247 2691 διὸ
3285 2636 3486 2700 πάντες
3536 2637 3584 2689 oi
3635 2635 3761 2689 τῶν

2166 2734 2346 2805 τριῶν
2375 2732 2569 2789 ἐθνῶν
2605 2733 2703 2788 ἐπὶ
2740 2729 2853 2800 γῆς
2912 2729 3296 2799 εὐλότηνται.
3358 2725 3504 2781 Ἀντί
3541 2726 3599 2780 δέ
3633 2725 3756 2792 τοῦ,

2168 2826 2267 2881 καὶ
2326 2827 2394 2878 ἐν
2421 2824 2782 2892 Ἀσσυρίοις,
2834 2822 2932 2874 καὶ
2960 2819 3219 2888 Ἀσσοὺρ
3253 2818 3522 2883 ἐξέδωκαν
3559 2818 3609 2871 οί
3640 2817 3760 2873 λοι·

2169 2918 2282 2981 ποῖ,
2324 2916 2397 2978 ὡς
2433 2917 2499 2971 ἂν
2551 2916 2625 2985 μή
2659 2929 2746 2977 τις
2774 2914 2901 2975 τοὺς
2945 2913 3004 2965 ἐν
3037 2911 3302 2980 Αἰγύπτῳ
3331 2910 3428 2963 xal
3463 2909 3634 2982 Συρίᾳ
3665 2926 3759 2962 vo-

2172 3009 2380 3080 μίσειεν
2418 3006 2726 3071 Ἰουδαίους,
2761 3003 2877 3060 ἀλλ’
2914 3004 3112 3068 αὐτοὺς
3132 3001 3497 3071 Αιγυπτίους
3536 3000 3634 3055 καὶ
3658 3000 3761 3057 αὑ-

2168 3101 2296 3165 τοὺς
2320 3101 2410 3155 Ἀσ
2424 3098 2704 3169 συρίους.
2742 3096 2816 3151 Τὸ
2842 3095 2899 3150 δέ
2933 3093 3270 3166 θαυμαστὸν,
3310 3092 3392 3146 ὅτι
3424 3092 3455 3146 ό
3484 3091 3762 3165 πρωτότο-

471 3188 567 3246 Est
597 3204 731 3245 vero
759 3190 1001 3245 maxime
1040 3188 1267 3256 mirum,
1293 3203 1398 3243 cur
1427 3188 1519 3258 qui
1550 3188 1785 3243 liliorum
1812 3189 2056 3245 omnium

2164 3211 2255 3258 κος
2286 3193 2344 3246 ἐν
2373 3191 2585 3254 τέκνοις
2630 3190 2829 3258 τρίτος
2878 3187 3217 3259 ὠνόμασται.
3253 3185 3601 3256 Παροινήσας
3647 3183 3761 3253 γάρ

469 3289 555 3337 est
582 3288 713 3336 natu
743 3280 1019 3337 maximus
1044 3280 1232 3335 tertius
1266 3280 1610 3337 nominetur.
1642 3279 1749 3336 Sed
1773 3294 1839 3336 ex
1865 3296 1979 3351 quo
2005 3281 2056 3337 in

2170 3285 2250 3351 είς
2282 3281 2539 3353 Χριστὸν,
2595 3281 2828 3334 κατόπιν
2876 3277 3116 3333 τέθειται
3144 3275 3251 3331 τῶν
3309 3275 3505 3331 ἐθνῶν.
3542 3274 3661 3330 Ὄτ’
3690 3275 3759 3329 ἂν

470 3367 752 3428 Christum
793 3372 1233 3428 contumeliosus
1280 3372 1511 3437 exsutit,
1538 3373 1649 3441 jam
1684 3372 1812 3428 inde
1840 3372 1897 3427 in
1933 3387 2056 3443 gen-

2170 3372 2279 3445 γάρ
2304 3373 2364 3427 τὸ
2412 3370 2690 3443 πλήρωμα
2721 3368 2830 3423 τῶν
2885 3368 3055 3423 ἐθνῶν
3093 3366 3332 3441 εἰσέλθῃ,
3377 3367 3501 3422 τότε
3526 3366 3621 3424 καὶ
3648 3369 3758 3431 πᾶς

473 3464 611 3518 tium
641 3466 797 3534 terga
827 3461 1097 3533 reiectum
1120 3476 1247 3518 esse
1268 3460 1756 3533 deprehendimus.
1777 3461 1897 3527 Quo
1917 3462 2056 3515 enim

2182 3465 2401 3537 Ἰσραὴλ
2431 3463 2759 3536 σωθήσεται.
2783 3461 2917 3533 Γῆν
2941 3460 3000 3518 δέ
3033 3461 3150 3532 τὴν
3176 3461 3599 3533 εὐλογημένην
3652 3463 3760 3514 ὑπο

473 3567 722 3627 tempore
750 3552 1002 3625 gentium
1040 3553 1339 3610 intraverit
1373 3552 1680 3625 plenitudo,
1709 3560 1861 3610 totus
1876 3554 2056 3623 etipse

2170 3556 2379 3629 Κυρίου
2430 3557 2646 3626 νοήσεις
2689 3552 2788 3625 τὴν
2830 3553 3180 3626 Ἐκκλησίαν,
3234 3553 3330 3608 καὶ
3373 3552 3613 3623 μάλιστα
3657 3553 3758 3620 τὴν

473 3655 588 3701 tum
626 3644 846 3701 demum
873 3643 1189 3701 salvabitur
1219 3643 1398 3700 Israel
1424 3644 1496 3698 “.
1540 3641 1747 3699 Deinde
1773 3658 1872 3714 per
1910 3641 2064 3697 bene-

470 3737 672 3793 dictum
703 3752 733 3793 a
774 3736 1013 3794 Domino
1041 3746 1243 3792 terram
1265 3736 1572 3794 Ecclesium
1601 3752 1711 3792 non
1732 3736 1894 3809 2'73
1921 3736 2063 3791 male

473 3830 661 3901 (modo
691 3830 842 3885 illam
868 3830 926 3886 in
952 3831 1097 3887 caelo
1127 3830 1355 3886 mitibus
1386 3829 1723 3887 destinatam
1756 3830 1829 3897 ’⁷,
1865 3830 2063 3887 coales-

474 3930 588 3978 tem
634 3922 897 3978 nimirum
925 3920 1262 3990 Jerusalem,
1296 3929 1648 3993 montemque
1688 3930 1945 3978 sanctum
1980 3921 2064 3976 in-

471 4011 717 4085 telligas)
764 4010 1334 4084 signillcari‘dixeris.
1389 4011 1578 4068 Potest
1612 4020 1668 4067 et
1716 4009 1940 4067 Israetis
1971 4026 2064 4067 no-

477 4104 625 4158 mine
662 4102 881 4173 piorum
939 4113 1377 4173 sanctorumque
1406 4102 1587 4174 gentis
1630 4100 1871 4158 Iudaicae
1891 4102 2063 4158 homi-

2170 3645 2515 3722 ἐπουράνιον,
2569 3645 2636 3718 ἢν
2683 3645 2733 3698 οἱ
2788 3645 2985 3716 πραεῖς
3041 3644 3571 3715 κληρονομήσουσιν,
3619 3643 3757 3696 ὅπου

2173 3736 2271 3792 καὶ¹
2305 3735 2671 3809 Ἰερουσαλὴμ
2701 3734 3047 3807 ἐπουράνιος,
3098 3733 3195 3788 καὶ
3219 3733 3345 3806 ὅρος
3376 3732 3514 3787 Σιών
3537 3747 3551 3761 ·
3585 3735 3761 3787 νοοῖτο

2172 3831 2219 3883 δ’
2247 3827 2316 3883 ἂν
2357 3828 2602 3897 Ἰσραὴλ
2634 3827 2728 3881 καὶ
2762 3827 2791 3880 ό
2838 3825 3105 3898 Θεοφιλὴς
3138 3825 3248 3879 τῶν
3287 3824 3460 3895 ἁγίων
3501 3822 3660 3895 χορὸς
3693 3824 3759 3876 ἐκ

2170 3921 2267 3976 τοῦ
2326 3921 2436 3975 τῶν
2507 3919 2773 3976 Ἰουδαίων
2841 3918 3028 3982 ἔθνους
3097 3916 3605 3991 προεξεληλυθότων
3661 3915 3759 3970 τοῦ

2175 4009 2293 4082 βίου
2320 4027 2334 4041 ·
2363 4010 2552 4081 διόπερ
2598 4009 2833 4082 εἴρηται,
2866 4007 2968 4063 καί
3030 4009 3070 4076 ἡ
3112 4006 3479 4076 κληρονομία
3498 4022 3619 4076 μου
3658 4007 3758 4061 ἰσ-

2164 4102 2350 4173 ραήλ.
2407 4102 2707 4174 Σχοίνισμα
2762 4101 2872 4174 γὰρ
2912 4100 3281 4173 κληρονομίας
3311 4098 3476 4155 αὑτοῦ
3517 4097 3755 4171 Ἰσραὴλ,

475 4206 634 4259 nam,
667 4193 763 4264 qui
794 4193 909 4248 vita
956 4190 1205 4248 defuncti
1236 4197 1388 4258 sunt,
1421 4191 1632 4247 chorus
1672 4190 1930 4261 intelligi.
1969 4189 2056 4247 Est

2172 4196 2320 4252 καθά
2348 4196 2412 4268 δὴ
2442 4195 2592 4265 λέγει
2642 4195 2871 4266 Μωσῆς.
2918 4193 2978 4248 '0
3023 4193 3082 4248 δέ
3124 4193 3412 4266 προφήτης
3439 4191 3757 4263 θαυμάζων,

476 4284 622 4338 enim
653 4301 672 4337 ι
725 4281 993 4353 funiculus
1038 4281 1371 4336 hereditatis
1413 4279 1530 4350 ejus
1572 4279 1768 4347 Israel,
1810 4298 1828 4333 ι
1885 4280 2056 4351 inquit

2171 4289 2221 4342 εί
2243 4287 2293 4341 oi
2322 4287 2430 4341 τῶν
2459 4285 2637 4341 ἄλλων
2661 4285 3055 4356 δεισιδαίμονες
3088 4284 3291 4356 μᾶλλον
3331 4283 3625 4353 Αἰγύπτιοι
3664 4284 3759 4336 τὸν

476 4373 659 4432 Moses
698 4375 767 4430 ”.
802 4374 1072 4430 Caeterum
1100 4373 1332 4428 miratus
1355 4372 1619 4444 propheta
1648 4371 1793 4445 quod
1817 4374 2056 4428 omnium

2172 4379 2280 4433 τῶν
2309 4378 2522 4451 ἐχθρῶν
2570 4379 2704 4434 θεὸν
2745 4376 3020 4432 Ἰουδαίων
3054 4377 3400 4449 τιμήσουσιν,
3435 4375 3762 4448 ἐμφατικὼο

477 4466 715 4520 maxime
735 4464 1103 4537 superstitiosi
1122 4462 1389 4535 Egyptii,
1411 4463 1758 4530 Iudaeorum,
1779 4479 1921 4534 quos
1942 4465 2056 4521 ode-

2171 4492 2308 4533 τατα
2340 4475 2484 4545 λίαν,
2515 4475 2756 4548 συνεχῶς
2778 4474 2989 4541 τοῦτον,
3047 4475 3084 4529 ἃ.
3111 4473 3170 4530 τὸ
3207 4474 3239 4516 δ
3286 4473 3396 4529 τῶν
3441 4475 3762 4544 Δίγυπτίων

478 4566 633 4623 runt,
667 4554 839 4611 Deum
896 4555 1303 4625 amplectantur
1325 4560 1381 4609 et
1425 4554 1632 4621 colant,
1682 4555 2056 4628 significanter

2165 4568 2300 4641 φησί
2329 4585 2343 4600 ο
2401 4541 2533 4623 ποτὲ
2579 4541 2680 4634 μέν
2704 4585 2718 4601 ·
2754 4566 3042 4623 Ἔσονται
3083 4566 3394 4639 Αἰγύπτιοι
3432 4541 3764 4636 ὀμνύοντες

479 4642 637 4697 valde
670 4642 777 4696 ista
810 4642 879 4697 de
916 4640 1186 4714 [Egyptiis
1224 4642 1491 4698 continue
1520 4642 1729 4713 adjecit
1765 4660 1779 4698 :
1812 4642 1881 4699 Et
1913 4657 2056 4700 erunt

2164 4640 2247 4727 τῷ
2307 4659 2553 4732 ὀνόματι
2609 4661 2831 4731 Κυρίου
2882 4657 3125 4715 Σαϐαὼθ
3144 4675 3158 4690 ο
3208 4658 3338 4713 ποτέ
3393 4658 3484 4712 δέ’
3550 4658 3764 4709 Ἔσται

480 4733 715 4805 Αἶοῃριὶἰ
747 4733 1002 4804 jurant‘es
1039 4733 1242 4788 nomini
1276 4733 1493 4789 Domini
1521 4732 1781 4790 Sabaoth.
1813 4735 2018 4793 Deinde
2052 4757 2056 4791 :

2167 4751 2606 4821 θυσιαστήριον
2630 4749 2710 4818 τῷ
2748 4753 2945 4822 Κυρίῳ
2971 4751 3041 4807 ἐν
3071 4750 3230 4822 χώρᾳ
3254 4751 3612 4821 Αἰγυπτίων.
3646 4748 3765 4802 Klsl

482 4822 603 4877 Erit
631 4823 804 4878 altare
830 4823 1060 4879 Domino
1083 4824 1141 4879 in
1172 4824 1385 4896 regione
1414 4822 1811 4897 IEgyptiorum.
1844 4826 1910 4882 Et
1941 4842 2056 4884 rur-

2169 4843 2355 4899 πάλιν·
2391 4844 2608 4901 Ἔσται
2631 4847 2720 4912 εις
2745 4844 3001 4913 σημεῖον
3047 4847 3136 4911 εις
3183 4842 3294 4898 τόν
3326 4841 3513 4897 αἰῶνα
3540 4841 3764 4909 Κύριος

480 4932 576 4972 sus
608 4930 628 4971 :
670 4915 789 4971 Erit
819 4919 875 4971 in
906 4918 1117 4988 signum
1149 4919 1203 4973 in
1227 4924 1538 4989 perpetuum
1566 4918 1826 4980 Dominus
1854 4921 1907 4976 in
1929 4931 2056 4978 terrt

2171 4935 2243 4989 ἐν
2269 4934 2430 5007 χώρᾳ
2460 4936 2787 5007 Αἰγύπτου.
2843 4937 2955 4991 Kal
3014 4931 3193 5000 αὖθις·
3250 4936 3458 4991 Ἔσται
3487 4932 3763 5005 γνωστὸς

478 5007 722 5082 λΕῃῃριὶ.
755 5008 999 5081 Itemque
1031 5030 1044 5067 :
1076 5009 1196 5065 Erit
1221 5022 1377 5066 notus
1407 5011 1666 5069 Dominus
1699 5015 1838 5069 inter
1861 5016 2056 5088 IEgyp-

2168 5028 2384 5098 Κύριος
2430 5027 2556 5095 τοῖς
2601 5027 2970 5097 Αἰγυπτίοις.
2998 5028 3113 5083 Kal
3163 5028 3349 5084 πάλινο
3407 5025 3763 5082 Γνώσονται

481 5101 607 5155 tios.
677 5100 926 5172 Denique
1004 5113 1348 5174 cognoscent
1424 5101 1672 5177 Egyptii
1740 5106 2056 5164 Dominum.

2167 5123 2223 5174 οί
2265 5120 2575 5190 Αἰγύπτιοι
2604 5120 2715 5176 τὸν
2764 5122 3009 5190 Κύριον.
3066 5122 3179 5177 Kal
3231 5124 3456 5191 Συρίαν
3511 5119 3609 5182 δὲ,
3668 5118 3750 5179 ὡς

389 5227 425 5239 -.
479 5191 700 5263 Syriam
732 5200 994 5264 praeterea
1027 5196 1281 5268 emphasi
1311 5195 1397 5253 vel
1426 5196 1558 5254 Inde
1579 5200 1923 5269 complexum
1947 5216 2056 5258 esst

2168 5211 2366 5277 ἔοικεν,
2401 5211 2459 5265 ἐν
2488 5210 2726 5283 ἐμφάσει
2757 5212 3090 5283 παρέλαϐεν,
3130 5215 3187 5268 ἐν
3324 5229 3459 5284 φασι
3502 5211 3766 5283 γνησίους

479 5284 655 5340 videri
690 5293 910 5356 putant,
944 5288 1094 5359 quod
1140 5289 1197 5345 in
1225 5303 1288 5345 ea
1332 5288 1452 5346 veri
1500 5289 1847 5355 adoratores,
1886 5300 1940 5348 et
1975 5295 2056 5367 qui

2170 5304 2576 5376 προσκυνητὰς,
2615 5307 2711 5359 καί⁹
2736 5305 2997 5380 ἀδελφὴν,
3031 5315 3126 5364 καί
3158 5284 3375 5378 γείτονα
3420 5305 3522 5377 τῆς
3585 5304 3765 5372 Atyn-

481 5377 789 5433 fraternum
848 5381 1209 5455 vicinumque
1251 5381 1639 5455 Egyptiorum
1665 5384 1910 5442 studium
1941 5403 2056 5444 am-

2174 5396 2346 5450 πτίων
2372 5395 2788 5470 ἐπιτηδεύοντας
2822 5386 3076 5473 άσκήσιν.

482 5469 819 5543 plectantur,
844 5488 955 5530 non
985 5474 1229 5531 defuturi
1254 5477 1396 5531 sint.

552 5586 597 5617 "
638 5585 796 5644 Rom.
839 5605 912 5653 χι,
940 5588 1033 5652 23,
1066 5590 1156 5644 26.
1237 5592 1279 5624 ’⁷
1314 5589 1512 5646 Matth.
1550 5608 1603 5659 ν,
1637 5593 1692 5648 ι.
1768 5600 1814 5634 ²⁸
1854 5597 2013 5653 Deut.
2048 5612 2056 5651 1

3479 5602 3482 5606 λ
3679 5572 3779 5618 “.fzﬁ

2164 5612 2228 5665 'I’
2258 5597 2314 5654 9o
3590 5646 3613 5655 ,ι
3680 5620 3712 5671 "‘7‘

625 5747 637 5763 ,
1030 5749 1043 5763 ,
1144 5759 1155 5763 _
1405 5757 1430 5763 _
1647 5758 1660 5763 _
1802 5690 2036 5749 VARIAS

2164 5692 2481 5750 CTIONES.
3186 5700 3277 5721 ..μμ
3304 5702 3309 5709 ν
3343 5700 3372 5709 ..

552 5756 575 5783 ι
606 5749 697 5807 ὡς.
773 5764 899 5820 uno,
940 5749 1060 5807 καί.
1142 5759 1169 5799 la
1211 5773 1301 5830 πρ.
1333 5757 1506 5813 ταῦτα
1531 5758 1677 5831 περί.
