4022 6210
378 372 514 439 2161

1551 377 2085 440 COMMENTARII
2121 377 2204 439 IN
2245 377 2533 467 ISAIAM.

3507 371 3646 434 2162

378 488 520 557 οὓτω
554 487 917 546 διελεύσονται
938 488 1052 561 τὴν
1071 490 1296 563 ἔρημον
1327 492 1784 558 καθιππεύοντες,
1811 496 1954 549 ὠσα-

2062 496 2202 552 sisse
2236 494 2458 550 dixerit.
2500 492 2703 549 Volunt
2745 502 2932 549 autem
2977 506 3338 565 personarum
3389 492 3646 548 varietate

376 585 459 637 νεὶ
479 583 575 636 καὶ
598 584 818 654 ἀνέμων
841 586 1094 654 καταιγὶς
1126 587 1196 639 δι’
1219 584 1446 656 ἐρήμου
1461 584 1709 653 διέλθοι,
1731 588 1829 657 τὴν
1855 587 1949 641 κό-

376 692 463 729 νιν
490 675 821 742 ὲξανιστᾶσα
851 678 944 732 καὶ
975 677 1282 748 συγχέουσά
1312 695 1431 741 πως
1448 677 1509 731 τδ
1537 679 1666 732 πᾶν.

2060 596 2385 658 praesentem
2442 585 2700 656 distingui
2753 583 3084 650 orationem,
3142 584 3374 655 ejusque
3438 581 3644 653 princi-

2061 677 2209 748 pium
2236 692 2264 730 a
2302 672 2577 745 Babylone
2608 672 2741 743 peti.
2775 688 2897 744 qua
2935 673 3138 728 auditis
3168 674 3277 729 sibi
3319 675 3612 744 impendcn

376 767 527 821 tibus
571 767 753 836 malis,
802 786 863 824 ea
919 770 1038 840 ipsa
1083 773 1333 837 transire,
1376 781 1637 843 tanquam
1691 773 1949 845 spiritum
1988 789 2083 840 per
2108 773 2398 835 desertum,
2431 776 2678 840 exoptat.
2724 768 2806 823 Ad
2878 783 3111 838 quorum
3155 770 3303 822 enim
3375 767 3634 823 auditqu

373 858 769 929 perterremut',
832 877 894 916 ea
944 876 1068 915 cum
1121 864 1357 934 experiri
1383 866 1701 937 contigerit,
1735 866 1868 938 qttid
1905 865 2180 920 facturum
2212 862 2695 934 putamus?Absit
2722 862 2910 932 igitur,
2939 869 2998 916 ut
3054 861 3198 929 quod
3240 860 3381 916 fama
3462 860 3643 930 jacta-

381 955 500 1015 tur,
532 949 983 1022 reexperiamur.
1008 950 1195 1007 Placet
1239 968 1372 1008 vero
1410 956 1694 1011 nonnullis
1750 955 2097 1026 prOphctam,
2140 953 2233 1008 ubi
2292 968 2357 1010 ea
2435 952 2645 1008 audivit
2720 966 2753 1005 a
2801 951 2945 1017 Deo,
2980 967 3104 1021 quae
3149 966 3243 1021 per
3300 951 3484 1010 Medos
3527 948 3634 1023 ipsi

371 1050 563 1097 essent
588 1050 876 1108 eventura,
909 1059 1019 1112 quo
1067 1059 1219 1099 more
1262 1054 1554 1101 ventorum
1597 1046 1839 1116 procella
1870 1046 2110 1103 excitato
2140 1044 2518 1115 perdesertum
2550 1045 2774 1113 pulvere
2837 1042 3117 1115 rebusque
3177 1042 3294 1099 fere
3352 1043 3633 1115 permistis

370 1136 629 1190 omnibus
677 1136 1011 1204 pertransit;
1058 1135 1141 1190 sic
1185 1143 1240 1191 et
1272 1136 1537 1191 desertum
1587 1154 1954 1208 percussuros
1988 1153 2116 1196 esse
2137 1139 2350 1208 equites
2380 1137 2714 1208 significare.

446 1223 796 1296 ’Ἄνηγτέλη
831 1224 899 1279 δέ
914 1232 1133 1295 {togata
1159 1228 1316 1281 τοῦτό
1347 1247 1529 1297 φησιν,
1560 1231 1790 1302 ἐπείπερ
1816 1230 1956 1300 ὁμοῦ

369 1322 436 1391 τῇ
468 1319 566 1391 θέᾳ
590 1318 685 1372 καὶ
705 1317 814 1371 τῶν
839 1320 1184 1388 πραγμάτων
1215 1321 1314 1390 τὴν
1362 1319 1589 1374 ἔκϐασιν
1620 1322 1953 1377 ὲδιδάσκετο.

368 1405 505 1464 Εἶτά
544 1422 727 1477 φησιν’
784 1408 846 1462 '0
899 1408 1125 1463 ἀθετῶν
1149 1409 1363 1464 ἀθετεῖ.
1396 1410 1826 1482 Ἀνεπίπληκτον
1851 1413 1961 1484 γὰρ

372 1502 486 1556 τῶν
513 1501 776 1554 ἐπιόντων
808 1500 869 1554 τὸ
926 1500 1128 1570 Θράσος
1185 1502 1352 1573 μηδὲν
1403 1504 1541 1574 μήτε
1584 1504 1787 1575 μέτρου
1820 1506 1961 1576 μήτε

372 1589 595 1658 φειδοῦς
633 1588 1006 1661 λογιζόμενον.
1034 1589 1259 1659 Ἔλεγεν
1294 1592 1351 1646 δὲ
1381 1592 1476 1646 καὶ
1503 1594 1561 1647 ὲν
1575 1594 1643 1664 τῇ
1668 1592 1816 1647 κατά
1849 1593 1960 1646 Βα-

368 1681 607 1743 ϐυλῶνος
635 1681 829 1753 δράσει
858 1697 873 1712 ·
915 1681 1045 1734 Ἰδοὺ
1076 1681 1187 1750 ἐγὼ
1217 1681 1407 1751 ἐπάγω
1423 1673 1553 1753 ύμῖν
1580 1684 1705 1748 τοὺς
1722 1684 1961 1754 Μήδους,

367 1773 417 1827 οἳ
443 1774 502 1826 ού
531 1770 839 1841 λογίζονται
864 1770 1152 1843 ἀργύριον,
1172 1772 1295 1825 οὐδὲ
1316 1758 1543 1843 χρυσίου
1574 1773 1761 1844 χρείαν
1793 1772 1948 1843 ἔχου-

370 1883 444 1918 σι.
478 1863 800 1935 Τοξεύματα
829 1864 1128 1918 νεανίσκων
1160 1865 1562 1937 συντρίψουσιν.
1585 1865 1699 1936 Τῆς
1738 1867 1945 1919 τούτων

365 1952 461 2012 οὖν
493 1956 833 2026 καταιγίδος
870 1956 957 2010 ἐπ’
985 1957 1081 2027 ἐμὲ
1099 1957 1404 2029 χωρούσης,
1442 1958 1495 2011 τί
1520 1960 1729 2030 πράξω,
1762 1958 1952 2028 φησὶν,

375 2048 414 2114 ἡ
462 2045 773 2112 Βαϐυλὼν,
804 2045 919 2100 ἀλλ’
966 2047 999 2119 ἢ
1034 2047 1307 2113 στενάξω
1347 2050 1507 2120 μόνον
1545 2049 1787 2120 ἐμαυτὴν
1839 2066 1942 2102 πα-

359 2137 812 2207 ραμυθουμένη,
848 2140 881 2210 ἡ
925 2140 1054 2210 πρὶν
1081 2140 1450 2211 ὑπερήφανος,
1480 2141 1575 2194 καὶ
1624 2143 1739 2205 τοῖς
1771 2140 1952 2205 ἄλλοις

364 2233 643 2302 ξπάγουσα
662 2235 1032 2304 στεναγμούς;
1062 2235 1134 2290 Ἡ
1144 2236 1252 2308 γάρ
1280 2236 1466 2305 ὀσφύς
1480 2254 1623 2306 μου,
1646 2238 1829 2310 φησὶν,
1848 2235 1952 2290 ὑπὸ

362 2327 466 2391 τῆς
493 2325 750 2393 ἀγγελίας
778 2325 1095 2381 ἐκλέλυται
1124 2329 1407 2396 γυναικὸς
1438 2329 1757 2399 τικτούσης
1773 2329 1947 2400 δίκην,

366 2419 397 2482 ἡ
436 2417 703 2486 πρότερον
742 2417 1046 2488 ἐσφιγμένῃ
1082 2433 1140 2470 τε
1188 2419 1284 2471 καὶ
1310 2419 1555 2490 νεανική.
1597 2418 1753 2483 Τινὲς
1794 2417 1851 2472 δὲ
1874 2418 1950 2482 ὡς

364 2506 477 2560 ἀπὸ
502 2507 793 2577 προσώπου
824 2508 918 2560 τοῦ
943 2508 1206 2577 βασιλέως
1230 2508 1541 2581 Ἀσσυρίων
1565 2511 1815 2582 εἱρῖσοαί
1846 2527 1949 2581 φα-

369 2615 475 2659 σιν,
508 2598 753 2652 Ἀπτου.
795 2599 859 2653 '0
887 2599 1116 2654 ἀθετῶν
1147 2600 1361 2655 ἀθετεῖ.
1390 2600 1511 2654 Εἴτε
1544 2601 1600 2655 δὲ
1637 2596 1810 2665 οὗτος,
1836 2602 1946 2655 εἴτε

366 2687 645 2753 ῐὴϐυλὼν,
675 2690 960 2758 Ἦδίκησα
985 2690 1052 2743 τὸ
1079 2690 1159 2760 μὴ
1176 2691 1452 2755 βλέπειν,
1482 2693 1666 2761 φησὶν,
1689 2694 1744 2744 ὲν
1758 2691 1939 2761 ἐξομοι

366 2781 647 2851 λογήσεως
691 2782 899 2854 τρόπῳ.
938 2784 1052 2836 Ούκ
1078 2784 1377 2853 ἠνειχόμην
1425 2784 1533 2854 γὰρ
1570 2786 1946 2854 παραινέσεως

369 2872 605 2941 σπουδὴν
638 2872 936 2942 ποιουμένη
958 2873 1157 2941 μηδὲν
1169 2872 1427 2937 βλέπειν
1455 2874 1611 2942 ὀρθὸν
1627 2874 1794 2943 ἤγουν
1823 2891 1944 2927 ποι-

366 2961 614 3027 ούμενος.
633 2961 770 3014 Νυνὶ
789 2962 1433 3033 γυναικοπρεπὲςὰφίησι
1462 2964 1715 3034 δάκρυον,
1749 2965 1940 3035 ἦγουνο

2133 1231 2471 1285 Annuntiata
2500 1238 2680 1286 autem
2706 1230 2809 1286 sibi
2837 1246 2963 1287 esse
2986 1230 3112 1285 ideo
3128 1228 3283 1294 dicit,
3305 1229 3451 1300 quod
3473 1230 3639 1288 simul

2061 1339 2186 1379 cum
2247 1323 2463 1379 visione
2519 1331 2575 1377 et
2625 1338 2811 1379 rerum
2871 1330 3130 1379 eventum
3185 1322 3304 1392 ipse
3361 1320 3639 1382 didicerit.

2063 1414 2269 1471 Deinde
2312 1414 2522 1483 adjicit,
2573 1426 2807 1470 evertens
2850 1416 3076 1480 evertit;
3109 1420 3172 1469 ut
3210 1413 3640 1483 imperterritam

2038 1519 2254 1559 eorum
2321 1504 2415 1574 qui
2490 1504 2780 1567 invadunt,
2845 1503 3187 1560 ferocitatem
3262 1502 3642 1565 demonstret;

2061 1597 2265 1667 quibus
2292 1610 2393 1652 nec
2421 1610 2649 1666 parcere
2668 1596 2950 1666 cuiquam,
2989 1609 3093 1650 nec
3137 1609 3301 1665 agere
3336 1592 3637 1664 quidquam

2067 1685 2343 1741 moderate
2390 1686 2622 1757 placeat.
2666 1684 2891 1742 Dicebat
2937 1699 3071 1741 vero
3132 1693 3190 1740 et
3244 1684 3300 1738 in
3344 1683 3639 1755 Babylonis

2058 1775 2267 1831 visione
2308 1776 2412 1830 hoc
2448 1775 2610 1830 modo
2636 1792 2651 1829 :
2676 1776 2817 1832 Ecce
2855 1790 2957 1846 ego
2988 1774 3176 1831 Medos
3204 1774 3259 1828 in
3284 1788 3383 1829 vos
3412 1773 3638 1837 induco,

1981 1846 2029 1905 Β
2063 1866 2155 1935 qui
2186 1875 2472 1934 argentum
2518 1881 2628 1920 non
2664 1874 2880 1929 curant,
2912 1880 3012 1921 nec
3053 1880 3193 1921 auro
3238 1879 3379 1935 Opus
3411 1864 3636 1919 habent.

2061 1958 2240 2013 Arcus
2267 1955 2532 2027 juvenum
2556 1966 2866 2011 conterent.
2893 1953 3099 2010 Horum
3124 1956 3293 2026 igitur
3322 1956 3377 2010 in
3397 1970 3506 2022 me,
3537 1956 3637 2021 ait,

2062 2051 2307 2106 irruente
2336 2058 2660 2118 tempestate,
2692 2049 2825 2120 quid
2846 2049 2994 2105 aliud
3009 2063 3112 2119 ego
3139 2048 3385 2121 Babylon
3416 2047 3637 2111 faciam.

2062 2156 2225 2212 quam
2244 2141 2388 2195 luem
2406 2140 2661 2196 miserias
2678 2154 2827 2196 meas
2841 2138 3176 2205 consolabor,
3188 2155 3312 2211 qua:
3322 2139 3466 2197 elata
3485 2141 3639 2211 prius

2058 2245 2113 2291 et
2133 2235 2378 2291 fastuosa
2398 2236 2635 2305 gemitus
2652 2248 2878 2291 causam
2894 2234 3016 2289 aliis
3041 2232 3430 2304 suggerebam?
3447 2231 3640 2286 Lumbi

2058 2327 2204 2382 enim
2257 2328 2378 2387 mei.
2422 2325 2619 2395 inquit,
2657 2325 2762 2380 hoc
2805 2324 3022 2391 nuntio,
3072 2334 3329 2393 tanquam
3378 2324 3638 2390 parientis

2059 2418 2294 2471 mulieris
2329 2416 2495 2471 firma:
2535 2417 2689 2485 prius
2715 2422 2769 2470 et
2790 2415 2986 2469 robore
3027 2414 3360 2483 praestantis,
3383 2412 3636 2468 dissoluti

2055 2522 2209 2568 sunt.
2243 2511 2383 2566 Sunt
2416 2526 2545 2566 vero
2593 2509 2869 2574 nonnulli,
2917 2509 3011 2579 qui
3057 2518 3319 2577 tanquam
3353 2518 3637 2576 assumpta

2056 2603 2205 2673 regis
2236 2601 2453 2673 Assyrii
2484 2614 2742 2672 persona,
2765 2599 2931 2654 verba
2966 2599 3070 2655 ista
3097 2596 3450 2665 apprehende.
3493 2614 3641 2652 ever-

2055 2704 2170 2748 tens
2234 2702 2457 2758 euertat,
2514 2691 2688 2746 velint
2752 2689 3010 2760 intelligi.
3062 2690 3335 2745 Caeterum
3396 2689 3516 2744 sive
3567 2689 3634 2741 ad

2055 2799 2260 2853 regem,
2310 2784 2427 2838 sive
2464 2782 2532 2838 ad
2575 2781 2911 2853 Babylonem
2971 2779 3204 2845 referas,
3260 2779 3636 2836 confessionis

2055 2876 2216 2931 modo
2254 2882 2537 2945 usurpata.
2583 2882 2849 2944 tanquam
2904 2888 2985 2939 se,
3032 2888 3096 2927 ne
3148 2872 3385 2936 videant,
3439 2872 3637 2941 injuste

2052 2967 2238 3034 fecisse
2274 2965 2571 3032 fateantur,
2598 2965 2783 3021 dicere
2812 2964 3019 3021 valeas.
3043 2964 3223 3020 Ambo
3253 2966 3402 3022 enim
3426 2963 3640 3020 adhor-

368 3055 646 3126 Δυσήκοος
695 3053 916 3123 γέγονα,
954 3056 1054 3108 οὐκ
1082 3054 1320 3121 ἀξιώσας
1377 3054 1595 3125 βλέπειν
1626 3055 1708 3118 τίς
1731 3056 1759 3107 ὁ
1786 3056 1945 3124 φύσει

2058 3058 2259 3113 latione
2292 3057 2556 3127 neglecta,
2583 3065 2638 3111 et
2665 3070 2732 3113 eo
2760 3055 2910 3126 quod
2945 3064 3158 3112 rectum
3196 3066 3369 3122 esset,
3415 3053 3640 3111 videndo

366 3147 524 3212 Θεός.
553 3148 827 3202 Ἤκουσα
849 3149 956 3217 γὰρ
972 3147 1071 3219 τὴν
1106 3149 1377 3201 Ἰουδαίων
1403 3148 1657 3218 λατρείαν
1688 3150 1950 3221 ἐπιστρα-

2059 3166 2251 3219 parum
2304 3149 2527 3203 fuerunt
2598 3147 2853 3203 solliciti.
2924 3146 3115 3218 Itaque
3174 3146 3423 3218 profusis
3489 3160 3643 3202 nunc

366 3238 569 3302 τεύσας
596 3241 777 3302 αὐτοῖς
807 3241 907 3309 τήν
939 3258 998 3293 τε
1043 3238 1196 3293 πόλιν
1228 3241 1508 3310 πορθήσας
1542 3242 1635 3293 καὶ
1687 3241 1779 3294 τὸν
1808 3241 1955 3296 ναόν.

382 3329 550 3384 Ἀλλά
568 3331 663 3384 καὶ
695 3330 1042 3401 Ἰωνᾶμήμῖν
1069 3327 1201 3403 ἦλθε
1227 3329 1510 3405 κηρύττων
1532 3332 1843 3404 μετάνοιαν,
1864 3336 1960 3391 καὶ

375 3422 719 3494 μετανοήσας
758 3422 926 3475 πάλιν
962 3421 1219 3493 ἠδίκησα.
1728 3446 1731 3449 ·

2068 3240 2324 3296 muliebri
2370 3255 2522 3295 more
2575 3239 2859 3311 lacrymis,
2895 3254 2928 3295 a
2971 3239 3211 3296 videndo
3278 3239 3643 3295 abhorruisse

2066 3346 2147 3394 se,
2179 3346 2279 3386 nec
2303 3330 2438 3401 quid
2464 3330 2607 3386 Deus
2638 3338 2835 3385 natura
2868 3329 3184 3394 exsisteret,
3213 3329 3416 3385 intueri
3445 3329 3643 3398 digna-

2065 3432 2151 3475 tos
2185 3436 2306 3478 esse
2350 3422 2704 3476 lamentatur.
2757 3419 3008 3491 Audisse,
3045 3436 3173 3476 eum
3211 3424 3277 3478 de
3323 3419 3639 3476 Iudaeorum

375 3511 656 3583 religione,
703 3528 829 3567 cum
877 3512 1014 3567 urbe
1067 3524 1374 3583 expugnata
1426 3515 1629 3584 templo
1673 3514 1776 3584 ipsi
1834 3529 1944 3569 non
1985 3520 2368 3581 pepuceruut.
2411 3514 2525 3567 lmo
2552 3520 2758 3567 etcum
2789 3509 2944 3567 June
3006 3511 3191 3568 verbis
3257 3511 3328 3566 ad
3367 3511 3675 3581 pmniteno'

372 3606 505 3658 tiam
555 3603 721 3673 279
776 3602 958 3667 tracti,
1014 3602 1080 3655 ad
1140 3603 1476 3674 impietatem
1528 3604 1713 3660 statim
1772 3603 2070 3658 redierunt.

447 3698 590 3768 Πρὸς
619 3698 677 3751 τὸ
703 3699 973 3770 χρήσιμον
1025 3699 1082 3752 δὲ
1116 3698 1223 3752 τῶν
1266 3699 1572 3753 ἀκουόντων
1612 3699 1766 3768 φίλον
1843 3700 1960 3752 ἐστὶ

379 3792 818 3860 προσωποποιεῖν
846 3792 911 3861 τῇ
945 3790 1158 3861 Γραφῇ.
1204 3789 1320 3857 Ἐφ’
1358 3785 1439 3853 οἷς
1470 3807 1632 3860 φησιν
1652 3807 1666 3819 ⁶
1695 3789 1961 3858 Ἑτοιμά-

378 3898 525 3934 σατε
558 3880 863 3949 τράπεζαν.
889 3879 1060 3935 Τοῦτό
1100 3897 1266 3951 φησιν
1295 3883 1322 3933 ὁ
1346 3883 1631 3952 προφήτης
1664 3881 1811 3950 σαφῆ
1855 3881 1958 3951 τῆς

377 3975 464 4026 ἐπ’
513 3974 694 4036 αὐτοῖς
736 3974 905 4044 όργῆς
951 3973 1049 4044 τὴν
1084 3973 1265 4028 αἰτίαν
1319 3972 1509 4037 ποιῶν,
1544 3972 1638 4027 τοῦ
1669 3974 1957 4046 Βαλτάσαρ

376 4064 439 4115 τὸ
465 4063 677 4115 δεῖπνον
726 4063 788 4116 τό
836 4065 989 4131 παρὰ
1050 4063 1250 4133 Δανιὴλ
1297 4062 1691 4134 αἰνιττόμενος,
1720 4064 1811 4118 ὅτε
1844 4066 1957 4126 τοῖς

380 4152 635 4206 σκεύεσιν
681 4154 1103 4225 ἐμπαροινήσας
1153 4156 1266 4217 τοῖς
1323 4155 1509 4224 ἱεροῖς,
1551 4155 1645 4207 καὶ
1678 4153 1756 4226 μὴ
1798 4156 1961 4223 γνοὺς

377 4244 463 4297 ὅτι
504 4243 641 4297 Θεοῦ
670 4244 896 4314 δυνάμει
952 4244 1051 4315 τὴν
1117 4245 1376 4300 Ἰουδαίαν
1427 4247 1774 4317 κεχείρωται,
1826 4249 1960 4301 ἀνα-

381 4335 494 4398 θεὶς
519 4336 575 4389 δὲ
604 4335 703 4408 τὴν
724 4337 905 4389 αἰτίαν
952 4339 1063 4402 τοῖς
1098 4336 1297 4393 ἑαυτοῦ
1363 4337 1527 4403 θεοῖς,
1579 4338 1678 4410 τὴν
1741 4339 1961 4410 γραφὴν

381 4419 521 4476 εἶδεν
551 4427 606 4477 ἐν
634 4424 713 4495 τῷ
734 4427 898 4497 τοίχῳ
958 4427 1331 4497 σημαίνουσαν
1367 4425 1516 4497 αὐτῷ
1545 4427 1643 4498 τὴν
1675 4428 1773 4500 τῆς
1797 4427 1955 4498 βασι-

2130 3696 2223 3749 ιείδι
2262 3710 2392 3750 vero
2445 3695 2766 3765 Scriptum,
2811 3696 2881 3749 ad
2941 3709 3136 3751 eorum
3176 3695 3495 3763 utilitatem,
3543 3697 3637 3765 qui

2058 3787 2307 3852 asuliunt,
2344 3789 2542 3841 usitata
2575 3801 2937 3855 personarum
2972 3785 3140 3842 fictio.
3177 3785 3441 3858 Sequitur
3472 3790 3634 3846 dein-

2057 3894 2205 3947 ceps,
2231 3889 2421 3946 parate
2455 3892 2715 3942 mensam;
2761 3878 2910 3946 quod
2940 3878 3018 3931 ait
3041 3879 3326 3947 propheta,
3353 3890 3413 3934 ut
3440 3880 3641 3936 divina

2058 3967 2110 4019 in
2162 3984 2259 4023 eos
2311 3968 2404 4022 ira:
2446 3982 2666 4022 causam
2721 3967 3004 4031 ostendat,
3071 3968 3482 4038 Baltasar-isque
3543 3985 3638 4037 per

2061 4058 2331 4113 llanielem
2363 4057 2623 4111 traditum
2652 4058 2965 4111 convivium
3000 4058 3217 4119 innuat,
3251 4058 3305 4111 in
3336 4075 3446 4128 quo
3500 4074 3639 4112 con-

2059 4150 2347 4204 tumeliose
2376 4156 2568 4203 sancta
2599 4163 2855 4202 vasorum
2886 4149 3232 4216 supellectile
3266 4165 3361 4203 rex
3405 4150 3635 4211 abusus.

2060 4256 2183 4294 cum
2226 4255 2335 4295 non
2394 4239 2636 4303 Domini,
2693 4238 2789 4293 sed
2857 4239 3092 4293 deorum
3146 4253 3374 4292 suorum
3436 4237 3640 4293 virtute

2058 4331 2247 4384 Jurlma
2286 4347 2345 4385 se
2379 4332 2608 4400 potitum
2651 4329 2923 4393 crederet,
2948 4330 3282 4398 scripturam
3322 4330 3376 4384 itt
3407 4331 3636 4399 pariete,

2061 4439 2181 4492 qua:
2214 4422 2362 4492 regni
2398 4429 2610 4474 notaret
2641 4421 2947 4479 interitum,
3001 4420 3410 4489 contemplatus
3453 4429 3539 4476 est
3566 4422 3635 4475 ³⁹.

380 4517 530 4580 λείας
555 4518 894 4590 καθαίρεσιν.
977 4521 1066 4575 Ἐν
1101 4521 1224 4592 ἤθει
1253 4522 1435 4574 τοίνυν
1473 4523 1658 4586 αὐτοῖς
1686 4524 1901 4594 τρυφᾷν
1928 4524 1954 4573 ό

2065 4515 2137 4568 De
2178 4528 2328 4573 more
2364 4511 2549 4581 itaque
2579 4526 2676 4566 eos
2711 4512 2842 4563 luxu
2873 4510 3124 4569 diffluere
3145 4510 3309 4580 jubet
3341 4512 3628 4580 propheta.

381 4610 669 4679 προφήτης
702 4608 1161 4680 παρακελεύεται·
1183 4609 1278 4662 καὶ
1302 4608 1354 4660 τί
1391 4608 1451 4660 τὸ
1484 4609 1621 4677 μετὰ
1648 4608 1836 4674 toﬁ-co;
1868 4609 1963 4661 πό-

379 4698 535 4768 λεμοι
566 4700 663 4770 τὴν
698 4701 1009 4771 πανήγυριν
1039 4699 1396 4764 διαδέξονται,
1419 4701 1495 4763 ὼς
1527 4698 1727 4771 μικροῦ
1762 4699 1873 4752 δεῖν
1902 4700 1963 4763 ἐξ

379 4788 549 4842 αὐτοῦ
607 4790 835 4860 δραμεῖν
881 4790 975 4843 τοῦ
1010 4789 1177 4843 ποτοῦ
1210 4790 1345 4862 πρὸς
1401 4790 1563 4844 ὅπλα.
1594 4791 1749 4853 Τινὲς
1790 4790 1846 4844 δὲ
1880 4793 1962 4855 τὸ,

378 4880 738 4951 ἑτοιμάσατε
759 4879 1069 4951 τράπεζαν,
1093 4882 1154 4935 τὸ
1170 4884 1510 4951 προφητικὸν
1534 4881 1756 4951 πνεῦμα
1783 4881 1962 4950 λέγειν

382 4976 518 5042 φασὶ
535 4976 669 5046 πρὸς
684 4976 811 5039 τοὺς
829 4974 1118 5047 μέλλοντας
1138 4975 1277 5027 ἑλεῖν
1292 4974 1607 5037 Βαϐυλῶνα,
1622 4971 1956 5044 Ἐλαμίτας,

381 5061 481 5114 καὶ
515 5060 782 5127 Μήδους,
812 5062 906 5115 καὶ
937 5063 1063 5126 τοὺς
1093 5062 1353 5133 πρέσϐεις
1379 5061 1652 5132 Περσῶν,
1689 5063 1959 5135 διεγεῖρον

381 5154 584 5214 αὐτοὺς
618 5151 758 5223 πρὸς
794 5152 887 5207 τὸν
913 5154 1149 5223 πόλεμον
1170 5154 1262 5207 καὶ
1298 5153 1395 5225 τὴν
1429 5154 1516 5208 ἐπ’
1552 5154 1738 5218 ἁδείας
1767 5154 1842 5218 ὼς
1869 5156 1962 5209 ἐπὶ

381 5241 510 5313 νίκῃ
545 5240 815 5312 μελλούσῃ
845 5246 1082 5313 τρυφήν.
1124 5242 1183 5295 '0
1217 5243 1273 5296 δὲ
1308 5244 1368 5296 τὸ
1412 5242 1631 5313 πνεῦμα
1669 5246 1960 5317 προφήτης

379 5331 545 5402 ἔχων·
556 5330 742 5386 Ταῦτα
751 5332 916 5402 λέγω,
933 5350 1008 5402 φη
1016 5333 1481 5404 σὶν,Ἐπειδήπερ
1498 5353 1529 5389 ο
1539 5336 1687 5400 ὔτως
1700 5332 1830 5390 εἷπε
1846 5338 1958 5391 Κύ-

375 5443 509 5494 ριος
542 5426 693 5493 πρός
738 5442 836 5496 με⁸
876 5423 1140 5491 Βαδίσας
1169 5424 1408 5492 στῆσον
1442 5428 1676 5494 σεαυτῷ
1699 5432 1955 5485 σκοπόν·

386 5514 484 5569 καὶ
519 5512 551 5569 ὃ
582 5514 691 5568 ἐὰν
718 5514 818 5582 ἴδῃ
842 5514 1275 5585 ἁπαγγειλιῖτω,
1292 5515 1320 5567 ό
1345 5517 1543 5581 σκοπὸς
1571 5518 1831 5588 δηλονότι.
1848 5519 1960 5574 Καὶ

385 5603 545 5663 εἷσεν
570 5610 871 5676 ἀναϐάτας
891 5609 1091 5676 ἱππεῖς
1110 5608 1241 5665 δύο.
1293 5609 1352 5665 Ὀ
1379 5610 1431 5663 δὲ
1454 5610 1746 5683 Σύμμαχος
1801 5613 1959 5684 ἅρμα

494 5784 540 5817 ⁸⁹
578 5783 716 5840 Dan.
752 5800 807 5848 ν,
837 5784 871 5838 ‘2
903 5800 1051 5856 seqq-

2066 4603 2264 4658 Verutn
2314 4602 2445 4673 quid
2493 4603 2723 4672 postea?
2767 4601 2916 4657 Bella
2959 4603 3118 4657 ludos
3191 4602 3476 4674 festosque
3519 4602 3641 4658 dies

2061 4692 2208 4748 brevi
2252 4690 2390 4746 adeo
2424 4691 2856 4762 subsequentur,
2887 4700 2948 4746 ιιι
2997 4705 3194 4760 parum
3244 4693 3393 4746 absit
3422 4696 3574 4761 'quin
3603 4708 3636 4746 a

2062 4786 2276 4855 poculis
2322 4784 2389 4837 ad
2441 4799 2593 4839 arma
2641 4800 2976 4840 concursum
3006 4800 3130 4841 esse
3175 4785 3457 4840 credatur.
3497 4785 3639 4840 Sunt

2064 4887 2351 4946 praeterea,
2400 4874 2496 4947 qui
2552 4886 2741 4943 parate
2791 4891 3048 4940 mensam,
3100 4877 3266 4931 verba
3325 4876 3635 4947 prophetici

2058 4969 2289 5040 spiritus
2315 4968 2383 5023 ad
2420 4969 2710 5030 Elamitas,
2749 4968 2953 5032 Medos,
2982 4967 3374 5040 Persarumque
3403 4969 3636 5039 legatos,

2057 5061 2151 5131 qui
2187 5061 2518 5132 Babylonem
2554 5059 2803 5116 invasuri
2835 5070 2985 5125 sunt,
3034 5071 3092 5116 et
3144 5062 3235 5116 hic
3284 5061 3351 5117 ad
3407 5062 3636 5128 bellum,

2058 5162 2376 5223 certamque
2402 5151 2601 5208 futurae
2631 5152 2877 5208 victoriae
2900 5169 3080 5223 spem,
3115 5167 3224 5209 non
3256 5169 3421 5211 secus
3469 5164 3636 5224 atque

2060 5245 2128 5299 ad
2153 5246 2440 5315 epularum
2466 5243 2739 5298 luxuriem
2774 5245 3106 5309 invitantur,
3137 5259 3261 5301 esse
3289 5244 3634 5302 existiment.

2066 5337 2137 5392 At
2168 5351 2269 5407 ego
2299 5335 2587 5405 propheta,
2622 5336 2715 5404 qui
2765 5336 3020 5405 spiritum
3063 5336 3260 5400 habeo.
3310 5336 3425 5392 lucc
3482 5341 3635 5400 uico.

2067 5427 2145 5481 ait
2179 5444 2192 5480 :
2230 5426 2492 5493 Quoniam
2532 5426 2609 5480 sic
2641 5426 2777 5478 dixit
2806 5424 3066 5481 Dominus
3100 5425 3169 5481 ad
3196 5443 3277 5483 me
3307 5447 3321 5484 :
3353 5427 3637 5499 Proiectus

2066 5521 2160 5575 tibi
2192 5522 2451 5577 constitue
2479 5521 2885 5589 speculatorem,
2925 5520 3143 5589 etquod
3190 5518 3402 5589 viderit,
3444 5539 3636 5577 rerum-

2067 5613 2180 5680 tiet,
2210 5613 2529 5683 speculator
2577 5611 2810 5667 scilicet.
2858 5609 2926 5667 Et
2974 5611 3103 5669 vidit
3149 5630 3380 5671 sessores
3438 5619 3634 5687 equites
