4022 6210
417 233 554 296 21ϋῖ

1761 241 2110 303 PROCOPII
2146 245 2388 304 GAZJEI

3547 247 3711 313 2168

411 365 544 418 eeps
579 357 909 420 sequuntur,
952 357 1217 422 tanquam
1253 355 1485 412 alterius
1514 358 1628 412 sint
1654 359 1991 430 argumenti.

2099 358 2488 426 ἐπιλαϐόμενος
2517 360 2668 427 λέγει
2701 358 2928 430 ληφθεὶς
2965 357 3070 411 ὑπὸ
3097 357 3191 412 τοῦ
3219 358 3382 427 ἁγίου
3435 359 3714 430 Πνεύμα-

413 439 730 510 aggreditur
780 441 1046 510 propheta
1106 442 1298 499 divino
1389 446 1599 517 Spiritu
1653 463 1996 520 correptus:

413 520 630 586 undeet
668 533 1058 600 assumptionis
1107 535 1334 591 nomine
1363 539 1674 594 orationem
1707 557 1864 595 suam
1903 556 2001 609 ap-

412 620 658 690 pellavit,
725 636 852 690 qme
906 638 1019 678 non
1083 623 1151 678 de
1179 625 1440 682 [dammis
1501 639 1740 690 tantum.
1787 630 1882 686 scd
1932 631 2000 685 de

412 711 672 766 omnibus
696 711 915 768 Arabia:
947 713 1169 779 incolis,
1207 717 1464 788 bellaque
1497 723 1764 776 adversus
1819 721 1999 776 Israe-

412 803 516 856 lem
540 804 858 873 gerentibus
883 805 1150 874 loquitur,
1184 825 1324 878 quos
1356 812 1533 880 posita
1587 813 1754 866 animi
1791 811 1997 867 feroci-

413 899 524 944 tate
591 890 660 945 ad
733 894 1168 962 impendentium
1214 898 1596 953 calamitatum
1655 900 1995 970 agnitionem

411 980 1148 1050 233deducereconatur.
1200 987 1547 1044 lrruentilms
1617 991 1764 1045 enim
1801 993 1854 1045 iu
1899 1007 1998 1047 eos

414 1070 691 1135 hostibus,
719 1072 982 1127 admonet
1018 1075 1163 1129 bello
1188 1077 1469 1146 perituros
1495 1095 1621 1134 esse
1651 1082 1996 1150 permultos;

413 1174 621 1230 paucos
672 1171 854 1219 autem
918 1180 1185 1221 evasuros
1241 1187 1254 1222 :
1305 1170 1506 1238 quibus
1572 1171 1700 1241 fuga
1755 1183 1996 1243 metuque

411 1253 718 1322 disputatis,
741 1265 790 1310 et
823 1257 1212 1322 laborantibus,
1268 1262 1369 1324 ἡ»θὶ
1436 1261 1727 1330 prodibant
1791 1265 2000 1318 obviam

414 1339 764 1408 Tltemanitw,
823 1343 1073 1416 cibisque
1129 1346 1540 1415 perhumaniter
1595 1350 1815 1415 oblatis,
1857 1351 2000 1408 fante

412 1447 706 1507 pereuntes
761 1440 816 1495 in
874 1441 1113 1498 desertis
1160 1451 1216 1507 et
1249 1445 1504 1514 saltibus,
1543 1445 1859 1520 ubicunque
1888 1462 1996 1511 nox

410 1545 509 1585 eos
545 1535 852 1604 occuparit,
883 1536 1238 1592 recreabunt.

481 1623 650 1676 Addit.
685 1639 814 1679 vero
844 1634 898 1680 et
925 1637 1138 1682 certum
1171 1628 1427 1686 interitus
1446 1638 1683 1698 tempus,
1736 1648 1862 1690 cum
1896 1648 1995 1689 eo-

2104 449 2332 510 ro;.Atb
2361 451 2451 502 καὶ
2501 449 2711 516 λῆμμα
2760 448 2848 500 τὸν
2897 447 3055 514 λόγον
3099 446 3275 510 καλεῖ,
3301 447 3362 500 ού
3394 447 3520 517 περὶ
3572 445 3716 502 τῶν

2114 539 2458 608 Ἰδουμαίων
2509 541 2739 608 λέγοντα
2796 539 2977 608 μόνον,
3008 536 3147 591 ἀλλὰ
3193 538 3289 590 καὶ
3319 535 3450 607 περὶ
3471 538 3715 591 πάντων

2101 631 2213 683 τῶν
2262 631 2376 698 τὴν
2439 631 2721 700 ’Λρασίαν
2773 629 3070 684 οἰκούντων
3095 670 3110 694 ,
3160 628 3258 682 καὶ
3307 627 3714 696 πολεμούντων

2113 724 2355 794 Ἰσραήλ.
2413 723 2520 781 Οὓς
2585 723 2835 794 βούλεται
2892 721 3285 792 παυσαμένους
3328 719 3422 774 τοῦ
3454 720 3713 790 θράσους

2101 816 2400 880 ἐπιγνῶναι
2448 814 2650 885 μᾶλλον
2699 814 2799 875 τὰς
2855 809 3066 866 ἑαυτῶν
3099 810 3408 883 συμφοράς.
3439 810 3568 864 Τῶν
3590 809 3711 880 γὰρ

2102 905 2378 976 πολεμίων
2425 907 2691 959 ἐπιόντων
2742 904 2927 967 αὐτοῖς
2975 901 3360 957 ἀποτελεῖσθαι
3425 901 3526 973 μὲν
3569 901 3712 964 τοὺς

2102 997 2345 1060 πλείους.
2395 997 2601 1060 ὀλίγοις
2621 997 2676 1050 δὲ
2717 992 2837 1053 οὖσι
2898 995 3027 1062 τοῖς
3086 996 3382 1065 φεύγουσι
3426 996 3606 1064 φόϐῳ
3640 1006 3708 1048 τε

2099 1089 2458 1158 λελυμένοις
2496 1089 2595 1143 καί
2628 1091 2812 1161 κόπῳ,
2837 1085 3233 1156 προαπαντᾷν
3263 1085 3407 1152 τοὺς
3445 1084 3571 1140 ἀπὸ
3593 1087 3709 1138 Θε-

2095 1182 2220 1252 μὰν
2273 1181 2674 1252 φιλανθρώπως
2734 1179 3072 1239 ἐπιδιδόντας
3125 1179 3332 1250 τροφὴν
3390 1175 3711 1234 ἀποθανεῖν

2101 1270 2523 1332 κινδυνεύουσιν,
2589 1269 2829 1340 ἔνθαπερ
2876 1268 3089 1339 τύχοιεν
3145 1267 3444 1337 φεύγοντες
3466 1267 3529 1320 ὲν
3568 1267 3711 1337 ἐρη-

2104 1362 2255 1431 μίαις
2275 1379 2336 1414 τε
2361 1361 2453 1416 καὶ
2483 1360 2711 1435 δρυμοῖς
2735 1357 3148 1428 καταλαϐούσης
3179 1359 3444 1429 ἑσπέρας.

2180 1508 2210 1563 it

2172 1625 2278 1679 Τὸν
2330 1625 2386 1678 δὲ
2437 1625 2627 1696 χρόνον
2676 1624 2778 1693 τῆς
2822 1623 3101 1688 ἀπωλείας
3135 1626 3504 1698 οπροστίθησι,
3571 1631 3707 1701 μετ’

411 1726 533 1764 rum
593 1730 767 1778 more,
829 1717 924 1786 qui
979 1727 1137 1787 pacta
1197 1722 1451 1775 mercede
1510 1723 1736 1778 servitio
1763 1723 1989 1789 addicti,

2101 1715 2346 1772 ἐνιαυτὸν
2371 1715 2543 1771 εἰπὼν
2569 1717 2814 1789 ἀκριϐῶς
2835 1716 3242 1788 ἀριθμούμενον
3281 1718 3358 1782 ῶς
3383 1722 3709 1792 ὲπιμισθωφ

411 1804 572 1859 anxie
600 1805 796 1861 diebus
832 1807 1070 1877 singulis
1101 1811 1500 1879 computando,
1544 1815 1810 1882 temporis
1830 1816 1990 1870 linem

411 1904 760 1965 exspectant,
788 1913 992 1952 annum
1014 1915 1073 1954 se
1088 1899 1222 1954 dicit
1253 1917 1564 1956 numerare.
1587 1902 1680 1958 Est
1709 1905 1994 1960 veroAra-

412 1989 513 2042 |.i:e
529 1989 726 2043 civitas
746 1989 941 2053 Cedar,
977 2006 1144 2060 quam
1180 2007 1306 2056 eum
1341 1993 1464 2049 aliis
1520 2009 1742 2064 quoque
1772 1996 1989 2064 peritu-

411 2093 556 2146 ram,
575 2087 630 2134 et
661 2095 727 2134 ex
762 2081 1038 2136 universis
1065 2082 1376 2138 incolumes
1407 2098 1680 2138 evasuros
1705 2101 1828 2141 esse
1853 2100 1990 2156 pau-

409 2185 503 2224 cos
558 2171 856 2242 signiﬁcat.
923 2173 1194 2243 Reperias
1225 2183 1407 2230 autem
1453 2185 1503 2232 ct
1535 2177 1867 2246 peculiarem
1921 2177 1990 2234 de

407 2263 601 2328 Cedar,
626 2264 806 2333 deque
838 2263 1110 2329 Idumam,
1169 2273 1226 2320 et
1263 2275 1449 2322 monte
1483 2266 1624 2330 Seir,
1655 2269 1798 2338 apud
1846 2268 1987 2324 Eze-

405 2353 635 2408 chielem
658 2354 976 2423 preplietam
999 2355 1067 2410 t".
1085 2356 1232 2422 Quin
1263 2366 1318 2412 et
1334 2356 1602 2413 Jeremias
1629 2360 1747 2428 ipse
1765 2359 1988 2430 sapien-

406 2448 540 2498 tiam
573 2444 871 2514 quamdam
907 2445 1276 2502 ldumaaorum
1333 2449 1494 2504 nobis
1521 2448 1810 2512 describit,
1859 2464 1987 2504 cum

405 2537 524 2590 ait:
561 2553 582 2588 ι
620 2534 737 2591 Non
770 2537 876 2592 erit
901 2538 1145 2608 amplius
1177 2539 1445 2611 sapientia
1489 2543 1543 2594 in
1591 2539 1989 2595 Tbeman.Pe.-

405 2628 498 2682 riit
554 2627 870 2698 sapientum
929 2630 1254 2687 consilium.
1326 2629 1534 2686 Deiecit
1583 2632 1856 2701 sapientia
1895 2647 1991 2686 eo-

403 2735 525 2774 rum
552 2718 616 2774 “.
644 2738 664 2772 ι
705 2721 812 2776 Sed
842 2729 897 2776 et
924 2721 1106 2790 qualis
1132 2737 1324 2777 eorum
1357 2721 1580 2776 futurus
1606 2724 1678 2778 sit
1701 2725 1883 2778 exitus
1913 2723 1987 2780 ita

403 2808 694 2880 subiungit
726 2826 740 2889 ι
767 2827 788 2862 ι
819 2809 951 2866 Dedi
985 2818 1036 2866 te
1065 2811 1121 2866 in
1150 2813 1410 2882 gentibus
1467 2811 1630 2866 facile
1681 2826 1988 2881 aspernan-

403 2901 533 2956 dum
561 2900 628 2955 “.
676 2920 698 2954 ι
754 2903 822 2958 Et
878 2919 1073 2959 rursus
1116 2921 1130 2956 :
1181 2924 1200 2956 ι
1257 2903 1374 2958 Erit
1413 2904 1646 2959 ldumaa
1698 2906 1753 2959 in
1804 2905 1990 2960 desere-

404 3007 518 3049 tum
539 2996 610 3059 ν,
655 3015 674 3049 ι
714 3005 1026 3066 οωιονοαυε
1049 3012 1173 3066 quae
1233 3007 1560 3063 sequuntur.
1612 2995 1733 3052 Non
1765 2997 1984 3060 desunt,

2100 1807 2194 1862 τοῦ
2227 1809 2664 1878 καραδοκοῦντος
2722 1807 3159 1878 ὲλευθερωθῆναι
3211 1808 3558 1878 μισθώσεως,
3599 1815 3706 1866 καὶ

2101 1899 2221 1952 καθ’
2237 1899 2476 1968 ἡμέραν,
2501 1897 2577 1961 ὡς
2604 1899 2800 1962 εἰπεῖν,
2839 1898 3201 1969 ἁριθμοῦντος
3221 1899 3316 1954 τὸν
3339 1901 3556 1971 χρόνον.
3591 1903 3706 1956 Πό-

2098 1990 2180 2053 λις
2207 1991 2263 2044 δὲ
2291 1990 2389 2060 τῆς
2416 1990 2675 2061 Ἀραϐίας
2693 1991 2917 2058 Κηδὰρ,
2945 1991 3014 2060 ἣν
3051 1990 3193 2061 μετὰ
3217 1991 3327 2044 τῶν
3342 1991 3522 2047 ἄλλων
3552 1995 3702 2048 ἀποφ

2097 2081 2304 2137 λεῖσθαί
2355 2100 2541 2154 φησιν,
2563 2083 2639 2146 ὡς
2682 2083 2896 2152 ὀλίγους
2948 2084 3014 2136 ἐκ
3063 2083 3281 2137 πάντων
3314 2085 3697 2156 σωθήοέσθαιρ

2098 2176 2277 2245 εὕροις
2301 2176 2344 2229 δ’
2369 2175 2435 2230 ἂν
2466 2176 2562 2230 καὶ
2617 2176 2748 2245 παρ’
2789 2176 3053 2244 Ἰεζεκιὴλ
3111 2175 3424 2242 ἰδιάζουσαν
3466 2195 3700 2251 προφης-

2096 2269 2248 2322 τείαν
2276 2270 2406 2341 περὶ
2431 2269 2633 2337 Κηδὰρ
2663 2270 2758 2324 καὶ
2774 2268 3112 2338 Ἰδουμαίας
3158 2271 3251 2323 καὶ
3294 2269 3456 2341 ὅρους
3486 2273 3695 2340 Σηείρ.

2110 2361 2170 2415 '0
2199 2361 2258 2414 δὲ
2299 2363 2565 2432 Ἱερεμίας
2607 2363 2700 2415 καὶ
2750 2360 2942 2431 σοφίαν
2992 2361 3162 2416 οὖσαν
3218 2379 3341 2416 τινα
3400 2363 3558 2434 παρὰ
3575 2364 3698 2426 τοίς

2110 2454 2426 2524 Ἰδουμαίοις
2457 2455 2787 2526 παρίστησιν
2825 2455 3002 2523 λέγων
3019 2473 3031 2486 ·
3067 2473 3085 2506 ι
3111 2453 3226 2509 Οὐκ
3250 2456 3395 2510 ἔστιν
3417 2456 3498 2509 ἔτι
3522 2455 3696 2526 σοφία

2096 2545 2155 2596 ὲν
2201 2544 2406 2614 Θεμάν.
2450 2543 2728 2597 Ἀπώλετο
2757 2546 2791 2614 ἡ
2824 2544 2986 2615 βουλὴ
3019 2547 3086 2598 ἐκ
3129 2546 3389 2600 συνετῶν.
3422 2548 3629 2618 ᾮχετο
3658 2549 3692 2618 ἠ

2098 2636 2259 2704 σοφία
2313 2636 2514 2690 αὐτῶν.
2536 2655 2554 2686 ι
2583 2637 2656 2689 Τὸ
2683 2636 2740 2689 δὲ
2777 2637 2928 2698 τέλος
2955 2637 3138 2699 αὐτοῖς
3168 2632 3281 2689 οἷον
3309 2638 3484 2702 ἔσται,
3533 2655 3693 2706 παρ-

2099 2729 2276 2797 ίστησι
2304 2745 2318 2760 ο
2365 2747 2384 2778 ι
2411 2729 2632 2782 Δέδωκα
2670 2746 2731 2781 σε
2761 2731 2818 2782 ὲν
2841 2733 2954 2792 τοῖς
3011 2727 3222 2782 ἔθνεσιν
3273 2729 3696 2800 εὐκαταφρόνη-

2095 2840 2206 2876 τον.
2239 2841 2256 2873 ι
2279 2823 2388 2875 Καὶ
2411 2822 2573 2876 πάλιν
2596 2839 2609 2852 ·
2649 2841 2668 2874 ι
2695 2823 2892 2875 Ἔσται
2921 2824 2953 2888 ἡ
2996 2820 3274 2892 Ἰδουμαία
3306 2824 3385 2886 εἰς
3407 2823 3637 2888 ἄϐατον,
3663 2841 3684 2874 ο

2095 2913 2192 2967 καὶ
2216 2912 2283 2966 τὰ
2318 2915 2411 2966 ἐπὶ
2457 2914 2692 2976 τούτοις.
2741 2914 2900 2976 Τινὲς
2928 2913 2984 2966 δὲ
3013 2915 3290 2984 λέγουσιν,
3341 2914 3420 2976 ὡς
3457 2914 3598 2986 πρὸς
3621 2915 3690 2984 τῇ

2096 3007 2265 3058 πάλαι
2292 3004 2414 3058 καθ’
2431 3005 2791 3076 Ἰερουσαλὴμ
2820 3005 3092 3076 ὠμότητι,
3128 3005 3210 3059 ἐτι
3245 3006 3341 3058 καὶ
3366 3005 3495 3059 τάδε
3523 3021 3690 3076 προσ-

403 3089 495 3157 qui
519 3089 852 3153 crudelitati,
885 3104 1052 3158 quam
1083 3090 1216 3142 olim
1266 3088 1650 3158 Hierosolyma
1699 3102 1859 3158 passa
1882 3096 1989 3149 cst,

2098 3097 2321 3168 ἑθηκαν.
2363 3066 2628 3168 Ἀλούσης
2649 3066 2763 3169 γὰρ
2801 3066 3186 3170 Ἰερουσαλὴμ,
3232 3100 3328 3151 καὶ
3355 3099 3540 3168 πάσης
3569 3066 3692 3165 ’τῆς

402 3188 460 3232 et
497 3178 597 3233 ista
633 3185 826 3245 putent
859 3177 1048 3246 adjici.
1079 3176 1400 3248 Expugnata
1436 3179 1582 3233 enim
1621 3192 1717 3246 per
1732 3176 1992 3247 Assyrios

407 3270 811 3340 Hierosolyma,
867 3277 1096 3339 totaque
1139 3269 1277 3325 adeo
1327 3269 1531 3325 Judane
1567 3271 1810 3340 regione,
1861 3284 1988 3324 cum

406 3365 560 3420 l'erro
589 3363 922 3418 cecidissent
944 3363 1060 3427 alii,
1095 3365 1187 3418 alii
1219 3375 1402 3418 autem
1433 3367 1489 3418 in
1520 3379 1717 3418 manus
1744 3363 1988 3418 hostium

406 3458 712 3522 venissent,
767 3458 861 3524 qui
913 3458 1115 3513 servati
1175 3457 1386 3512 cladem
1419 3458 1510 3511 vix
1559 3465 1873 3520 evaserunt,
1934 3456 1990 3515 in

407 3549 700 3605 ldunneam
757 3551 994 3605 vicinam
1020 3560 1074 3605 et
1108 3562 1400 3620 cognatam
1465 3567 1588 3606 sese
1617 3549 1987 3620 recipiebant.

410 3643 515 3696 Sed
576 3651 788 3696 tantum
834 3644 1010 3703 abest.
1067 3652 1125 3696 ut
1182 3643 1254 3698 ibi
1312 3649 1691 3710 servarentur,
1739 3650 1800 3698 ut
1831 3642 1902 3697 ab
1925 3658 1990 3696 ea

411 3735 585 3789 multo
634 3750 799 3804 quam
841 3735 910 3790 ab
948 3735 1108 3790 nosse
1141 3736 1340 3791 saevius
1387 3735 1799 3806 exciperentur.
1876 3732 1989 3790 lsta

409 3829 493 3882 vel
523 3829 715 3883 Midiae
745 3843 880 3884 voce
901 3828 1161 3883 omnibus
1185 3828 1474 3898 patebunt.
1519 3844 1645 3883 cum
1678 3829 1755 3882 ait
1791 3846 1804 3882 :
1865 3847 1884 3877 ι
1925 3827 1988 3881 ln

408 3923 501 3974 illa
534 3921 624 3976 die
655 3923 882 3992 perdam
911 3923 1191 3990 sapientes
1237 3936 1304 3974 ex
1339 3920 1614 3986 Idumam;
1679 3939 1698 3972 ι
1749 3936 1988 3990 quorum

410 4021 535 4083 post
567 4015 828 4068 nonnulla
864 4021 918 4067 et
953 4029 1118 4067 causa
1154 4012 1394 4078 additur,
1428 4012 1512 4066 his
1543 4013 1728 4067 verbis
1759 4029 1773 4064 :
1813 4033 1832 4064 ι
1858 4011 1992 4066 Pro-

409 4107 985 4176 pterinlcrnecionem
1018 4115 1073 4159 et
1124 4106 1460 4175 impietatem
1514 4121 1623 4174 qua
1661 4106 1712 4158 in
1763 4104 1990 4159 fratrem

409 4212 569 4250 suum
591 4194 765 4250 Iacob
796 4195 882 4250 usi
916 4204 1046 4250 sunt
1076 4196 1146 4248 ⁵⁸.
1214 4213 1234 4247 ι
1302 4196 1369 4250 Et
1425 4195 1592 4264 paulo
1655 4204 1781 4265 post
1813 4212 1872 4248 ιι
1925 4194 1991 4248 Et

407 4289 575 4343 alieni
636 4287 874 4358 ingressi
910 4295 1039 4342 sunt
1069 4295 1258 4357 portas
1319 4285 1464 4356 ejus,
1494 4285 1626 4340 etin
1677 4284 1988 4340 Jerusalem

2109 3187 2368 3252 Ἰουδαίας
2394 3189 2487 3240 ὑπ’
2527 3189 2854 3260 Ἀσσυρίων,
2901 3191 2998 3244 καὶ
3025 3191 3135 3244 τῶν
3169 3191 3271 3262 μὲν
3295 3189 3688 3262 ἀνῃρημένων,

2092 3281 2203 3333 τῶν
2230 3280 2286 3333 δὲ
2319 3282 2888 3352 ἀνδραποδιζομένων,
2911 3284 2961 3336 οἱ
2990 3284 3148 3354 μόλις
3175 3284 3459 3346 σωθέντες,
3495 3282 3574 3345 ὡς
3613 3283 3692 3343 είς

2091 3373 2292 3445 ὅμορον
2317 3373 2417 3441 τὴν
2433 3373 2742 3444 Ἰδουμαίαν
2772 3375 2866 3428 καὶ
2891 3375 3177 3444 συγγενῶν
3208 3369 3375 3428 οὖσαν
3401 3375 3682 3442 κατέφευ-

2093 3482 2211 3534 γον.
2237 3466 2300 3518 Ol
2330 3465 2389 3518 δὲ
2440 3464 2577 3536 προς
2603 3464 2678 3534 τῷ
2710 3465 2785 3536 μὴ
2815 3463 3031 3531 σώζειν,
3076 3465 3298 3536 χείρους
3350 3464 3440 3517 ἐπ’
3497 3465 3689 3525 αὐτοῖς

2089 3556 2201 3610 τῶν
2251 3555 2526 3628 πολεμίων
2575 3556 2842 3623 ἐγένοντο.
2893 3557 3044 3628 Δῆλα
3072 3558 3130 3611 δὲ
3155 3557 3330 3611 ταῦτα
3379 3557 3689 3627 πεποίηκεν

2105 3648 2315 3702 Ἀϐδιοῦ
2334 3648 2508 3718 λέγων
2527 3665 2542 3678 υ
2577 3667 2596 3699 ι
2620 3648 2710 3702 Ἒν
2730 3649 2915 3721 ἐκείνῃ
2949 3652 3015 3720 τῇ
3045 3651 3232 3720 ἡμέρᾳ
3261 3647 3452 3703 ἀπολῶ
3483 3649 3688 3717 σοφοὺς

2092 3743 2156 3796 ὲκ
2189 3742 2291 3812 τῆς
2325 3741 2650 3811 Ἰδουμαίας.
2693 3760 2711 3793 ι
2765 3741 2876 3793 Καὶ
2942 3741 3062 3810 μεθ’
3096 3741 3262 3810 ἕτερα
3293 3740 3445 3794 δεινὰ
3477 3740 3577 3812 τὴν
3606 3743 3690 3793 αἰ-

2091 3834 2212 3888 τίαν
2261 3832 2570 3903 προσέθηκε
2621 3832 2831 3900 λέγων9
2871 3850 2889 3882 ι
2918 3831 3016 3884 Διὰ
3070 3829 3172 3902 τὴν
3207 3831 3421 3901 σφαγὴν
3449 3831 3545 3884 καὶ
3581 3831 3687 3898 τὴν

2093 3923 2348 3976 ἀσέϐειαν
2378 3922 2476 3991 τὴν
2501 3922 2579 3984 είς
2611 3921 2705 3974 τὸν
2733 3921 2962 3990 ἀδελφόν
2993 3939 3087 3974 σου
3121 3921 3338 3975 Ἰακώϐ.
3367 3941 3387 3972 ι
3420 3921 3531 3974 Καὶ
3563 3920 3687 3990 μετ’

2092 4015 2248 4082 ὀλίγα
2270 4030 2285 4056 9
2317 4032 2335 4065 ς
2367 4015 2475 4066 Καὶ
2513 4011 2791 4081 ἀλλότριοι
2842 4011 3098 4080 εἰσῆλθον
3133 4016 3214 4075 εἰς
3261 4011 3436 4074 πύλας
3486 4009 3682 4064 αὐτοῦ.

2093 4105 2204 4156 Καὶ
2236 4104 2328 4155 ἐπὶ
2358 4101 2714 4172 Ἰερουσαλὴμ
2757 4101 2953 4154 ἕὸαλον
2992 4101 3248 4173 κλήρους.
3281 4102 3390 4155 Καὶ
3421 4102 3484 4154 σὺ
3508 4097 3577 4170 ἧς
3605 4102 3686 4165 ὡς

2093 4194 2173 4259 είς
2212 4196 2272 4261 ἐξ
2303 4197 2502 4250 αὐτῶν.
2527 4215 2545 4248 ι
2581 4197 2644 4250 Οἱ
2700 4197 2880 4250 τοίνυν
2924 4195 3204 4267 ’Δσσύριοι
3255 4195 3354 4266 τὴν
3417 4196 3685 4251 Ἰουδαίαν

2094 4288 2280 4358 φασὶν,
2342 4288 2559 4351 ἑλόντες
2617 4288 2758 4359 πρός
2787 4305 2847 4341 τε
2885 4287 2954 4340 τὰ
2994 4288 3132 4340 οἴκοι
3181 4286 3504 4358 χωροῦντες,
3553 4283 3681 4339 ὁδοῦ

409 4382 684 4434 miserunt
730 4387 939 4443 sortes,
987 4386 1042 4434 et
1104 4387 1160 4431 tu
1193 4392 1319 4433 eras
1380 4386 1646 4448 tanquam
1719 4393 1863 4431 unus
1918 4391 1986 4431 ex

2098 4381 2374 4449 πάρεργον
2426 4378 2708 4432 ἐποιοῦντο
2733 4379 2832 4448 τῆς
2867 4378 3173 4448 Ἰδουμαίας
3208 4377 3306 4448 τὴν
3332 4378 3553 4449 δῄωσιν,
3580 4377 3681 4431 καὶ

409 4473 491 4526 cis
521 4473 589 4524 ".
623 4491 641 4524 ι
666 4473 833 4526 Aiunt
857 4487 1010 4540 ergo,
1045 4469 1253 4533 Judzca,
1307 4477 1490 4539 capta,
1528 4470 1810 4540 Assyrios,
1867 4483 1991 4524 cum

2099 4474 2308 4536 πάντας
2363 4471 2561 4536 αὐτοὺς
2601 4470 2988 4543 ἐχειρώσαντο.
3026 4471 3169 4542 Πρὸς
3205 4471 3299 4532 οὓς
3341 4470 3681 4540 Ἰδουμαίους

411 4565 642 4631 patriam
693 4571 1024 4630 repeterent,
1086 4561 1381 4618 ldumaeam
1442 4561 1623 4616 obiter
1667 4560 1989 4631 diripuisse,

411 4655 632 4723 sibique
654 4655 984 4720 subjecisse.
1020 4655 1292 4708 iduu‘imos
1323 4668 1488 4722 porro
1537 4655 1591 4705 in
1643 4653 1758 4708 [nec
1827 4654 1992 4710 verba

410 4745 937 4816 alloquiturAbdias
971 4763 1030 4806 ει
1065 4744 1360 4812 Quomodo
1388 4743 1591 4807 fecisti,
1657 4744 1738 4800 sic
1783 4744 1891 4799 erit
1938 4751 1993 4800 et

408 4839 532 4904 tibi,
568 4839 858 4893 retributio
883 4848 976 4892 tua
1008 4839 1067 4896 in
1093 4845 1258 4906 caput
1286 4845 1443 4890 tuum
1499 4835 1836 4889 redundabit
1860 4837 1928 4891 ⁵⁸.
1964 4853 1982 4888 ι

410 4930 542 4986 lude
568 4939 649 4985 est
680 4931 867 5001 igitur.
901 4929 1046 4999 quod
1082 4927 1405 4999 prophetam
1469 4926 1572 4981 hoc
1610 4927 1754 4987 loco.
1805 4928 1874 4981 ad
1938 4943 1993 4981 se

409 5037 608 5080 vocare
638 5021 805 5094 284
837 5021 958 5077 Seir
987 5022 1130 5076 Deus
1163 5021 1414 5088 imperat.
1481 5029 1745 5088 tauquam
1779 5017 1845 5072 ad
1900 5017 1993 5073 fu-

409 5133 534 5186 gam
575 5127 795 5188 paratos
818 5114 1042 5185 jamjam
1069 5112 1366 5184 signiticet,
1397 5127 1447 5167 et
1485 5112 1541 5166 in
1593 5111 1840 5192 dudmam
1900 5109 1991 5166 fu-

411 5209 626 5275 gientes
651 5208 720 5264 ad
743 5222 935 5281 preces
958 5204 1258 5274 confugere
1296 5204 1487 5273 iubeat
1505 5244 1520 5266 ,
1561 5210 1622 5256 ut
1650 5203 1795 5258 sicut
1827 5211 1989 5258 antea

411 5283 579 5352 'victis
613 5299 1020 5354 contumeliose
1043 5296 1403 5356 insultarunt,
1423 5302 1478 5349 et
1505 5294 1608 5365 ipsi
1626 5294 1739 5362 jam
1769 5295 1839 5350 ab
1868 5294 1976 5350 As-

413 5389 584 5457 syriis
606 5391 854 5459 superati
889 5391 1196 5456 rideantur.
1232 5386 1340 5453 Eos
1374 5387 1564 5454 igitur,
1595 5383 1794 5442 aﬂectu
1851 5402 1992 5456 quo-

413 5477 542 5546 dam
597 5480 1025 5548 exprobratione
1075 5495 1232 5544 usus,
1277 5479 1483 5534 frustra
1534 5478 1744 5533 circum
1800 5492 1990 5533 muros

486 5590 768 5664 *g’gEzech.
810 5607 984 5657 xxvu,
1019 5598 1113 5662 εκ
1139 5593 1618 5664 xxv,l2,8_“.lcr.
1657 5583 1802 5654 πιιί,
1825 5590 1876 5645 7.
1954 5589 1998 5624 δ’
2030 5591 2163 5648 ibid.
2199 5592 2282 5645 l5.

414 5663 464 5710 1⁸
490 5661 620 5730 il.
653 5660 734 5717 15.

2094 4567 2259 4637 φησὶν
2304 4564 2554 4628 Ἀὁδίαςο
2594 4584 2612 4615 ι
2648 4567 2745 4618 Ὃν
2777 4564 2978 4633 τρόπον
3006 4562 3291 4632 ἐποίησας,
3328 4560 3502 4624 οὓτως
3521 4560 3680 4614 ἔσται

2095 4673 2198 4709 σοι’
2217 4655 2277 4709 τὸ
2304 4655 2658 4726 ἀνταπόδομά
2675 4672 2769 4708 σου
2802 4655 3298 4724 ἀνταποδοθήσεται
3316 4655 3399 4717 είς
3427 4651 3680 4722 κεφαλήν

2093 4765 2208 4802 σου.
2239 4767 2256 4799 ι
2289 4749 2379 4800 Διὸ
2401 4748 2516 4812 νῦν,
2547 4749 2680 4820 φησι
2701 4748 2780 4818 τῷ
2806 4748 3057 4818 προφήτῃ
3097 4746 3254 4810 Θεός·
3290 4746 3446 4812 Πρός
3457 4761 3536 4813 με
3565 4745 3676 4798 κὰ-

2089 4841 2183 4891 λει
2237 4837 2432 4906 Σηεὶρ,
2462 4838 2537 4900 ὼς
2581 4838 2884 4908 μελλόντων
2912 4838 3037 4890 ὅσον
3091 4835 3245 4888 οὔπω
3295 4833 3678 4905 τραπήσεσθαι

2091 4928 2230 4998 πρὸς
2269 4931 2472 4999 φυγήν.
2503 4929 2662 4984 Τοῦτ’
2691 4929 2861 4994 ἔστιν,
2900 4928 3220 4981 Ἦκέτωσαν
3248 4927 3341 4979 καὶ
3361 4926 3514 4978 αὐτοὶ
3543 4925 3674 4995 φεύ-

2088 5039 2276 5090 γοντες
2333 5023 2413 5085 εἰς
2442 5025 2539 5093 τὴν
2580 5021 2866 5088 Ἰουδαίαν,
2899 5020 2966 5074 ἵν’
2999 5021 3077 5082 ὡς
3103 5017 3453 5082 ἐπετώθαζον
3499 5020 3672 5090 ἡττη-

2092 5114 2276 5182 μένοις
2307 5155 2322 5179 ,
2376 5113 2472 5168 καὶ
2518 5113 2672 5167 αὐτοὶ
2719 5113 3154 5182 γελασθήσονται
3201 5112 3314 5164 τῶν
3367 5110 3670 5182 ’Δσσυρίων

2086 5203 2283 5272 ἥττους
2309 5203 2612 5273 γενόμενοι.
2647 5203 2793 5274 Πρὸς
2827 5201 2924 5263 οὓς
2952 5204 3011 5254 ἐν
3032 5201 3155 5272 ἤθει
3185 5201 3293 5255 τινί
3328 5218 3496 5273 φησιν
3523 5201 3667 5254 ὀνει-

2088 5292 2270 5357 δίζων,
2288 5293 2364 5356 ὡς
2395 5294 2654 5365 ’Δνόνητα
2675 5294 2928 5364 μοχθεῖτε
2944 5293 3162 5365 περὶτὰ
3183 5293 3358 5364 τείχη.
3385 5291 3663 5361 διαφυγεῖν

2095 5383 2222 5446 τοὺς
2267 5382 2520 5445 ἐπιόντας
2552 5383 2884 5450 ἐλπίζοντες,
2912 5387 3007 5438 καὶ
3031 5385 3106 5455 μὴ
3135 5383 3236 5455 τὴν
3273 5383 3424 5437 θείαν
3443 5399 3665 5453 συμμα-

2097 5475 2221 5546 χίαν
2252 5475 2582 5547 αἰτούμενοι.
2609 5477 2673 5530 Οἳ
2703 5476 2767 5548 δὴ
2791 5477 2884 5530 καί
2919 5494 3073 5546 φασι·
3095 5474 3399 5530 timidam»
3423 5477 3491 5529 τὸ
3519 5472 3667 5542 πρωί

2397 5593 2444 5625 ³⁸
2475 5592 2607 5647 ibid.
2648 5593 2730 5646 l7.
2838 5595 2882 5626 "
2938 5592 3104 5659 Al)d.,
3140 5592 3225 5647 10.
3338 5592 3385 5625 ³⁸
3416 5591 3548 5646 ibid.
3581 5590 3660 5644 ll.
