  <div class='ocr_page' id='page_1' title='image "/cluster/home/n/w/nwhite01/storage/ocr_20150623/87:2/hvd.32044073502205/323.png"; bbox 0 0 4022 6210; ppageno 0'>
   <div class='ocr_carea' id='block_1_1' title="bbox 419 234 554 298">
    <p class='ocr_par' dir='ltr' id='par_1_1' title="bbox 419 234 554 298">
     <span class='ocr_line' id='line_1_1' title="bbox 419 234 554 298; baseline 0.007 -1"><span class='ocrx_word' id='word_1_1' title='bbox 419 234 554 298; x_wconf 79' lang='grc'><strong>2171</strong></span> 
     </span>
    </p>
   </div>
   <div class='ocr_carea' id='block_1_2' title="bbox 1705 239 2357 301">
    <p class='ocr_par' dir='ltr' id='par_1_2' title="bbox 1705 239 2357 301">
     <span class='ocr_line' id='line_1_2' title="bbox 1705 239 2357 301; baseline 0.002 -2"><span class='ocrx_word' id='word_1_2' title='bbox 1705 239 2054 301; x_wconf 77' lang='lat' dir='ltr'><strong>PROCOPII</strong></span> <span class='ocrx_word' id='word_1_3' title='bbox 2112 240 2357 300; x_wconf 70' lang='grc' dir='ltr'><strong>ῧΑΖιἘί</strong></span> 
     </span>
    </p>
   </div>
   <div class='ocr_carea' id='block_1_3' title="bbox 3619 232 3771 296">
    <p class='ocr_par' dir='ltr' id='par_1_3' title="bbox 3619 232 3771 296">
     <span class='ocr_line' id='line_1_3' title="bbox 3619 232 3771 296; baseline 0.007 -1"><span class='ocrx_word' id='word_1_4' title='bbox 3619 232 3771 296; x_wconf 72' lang='grc'><strong>2172</strong></span> 
     </span>
    </p>
   </div>
   <div class='ocr_carea' id='block_1_4' title="bbox 433 340 2020 422">
    <p class='ocr_par' dir='ltr' id='par_1_4' title="bbox 433 346 1996 422">
     <span class='ocr_line' id='line_1_4' title="bbox 433 346 1996 422; baseline 0.003 -20"><span class='ocrx_word' id='word_1_5' title='bbox 433 346 638 402; x_wconf 70' lang='lat' dir='ltr'><strong>Vallem</strong></span> <span class='ocrx_word' id='word_1_6' title='bbox 660 354 842 404; x_wconf 80' lang='lat' dir='ltr'><strong>autem</strong></span> <span class='ocrx_word' id='word_1_7' title='bbox 869 348 993 406; x_wconf 88' lang='lat' dir='ltr'><strong>ideo</strong></span> <span class='ocrx_word' id='word_1_8' title='bbox 1021 349 1392 422; x_wconf 81' lang='lat' dir='ltr'><strong>Hierosolyma</strong></span> <span class='ocrx_word' id='word_1_9' title='bbox 1447 350 1716 418; x_wconf 87' lang='lat' dir='ltr'><strong>nominat,</strong></span> <span class='ocrx_word' id='word_1_10' title='bbox 1739 352 1885 422; x_wconf 85' lang='lat' dir='ltr'><strong>quod</strong></span> <span class='ocrx_word' id='word_1_11' title='bbox 1930 352 1996 406; x_wconf 88' lang='lat' dir='ltr'><strong>ad</strong></span> 
     </span>
    </p>
   </div>
   <div class='ocr_carea' id='block_1_5' title="bbox 2124 340 3775 422">
    <p class='ocr_par' dir='ltr' id='par_1_5' title="bbox 2124 340 3775 422">
     <span class='ocr_line' id='line_1_5' title="bbox 2124 340 3775 422; baseline 0.001 -21"><span class='ocrx_word' id='word_1_12' title='bbox 2124 352 2158 403; x_wconf 68' lang='lat' dir='ltr'><strong>is</strong></span> <span class='ocrx_word' id='word_1_13' title='bbox 2210 351 2354 418; x_wconf 81' lang='grc' dir='ltr'>τοὺς</span> <span class='ocrx_word' id='word_1_14' title='bbox 2412 350 2710 422; x_wconf 77' lang='grc' dir='ltr'>ἄρχοντας</span> <span class='ocrx_word' id='word_1_15' title='bbox 2765 340 3128 421; x_wconf 67' lang='grc' dir='ltr'><strong>πεφευγέναι</strong></span> <span class='ocrx_word' id='word_1_16' title='bbox 3175 347 3410 421; x_wconf 78' lang='grc' dir='ltr'>φησιν’</span> <span class='ocrx_word' id='word_1_17' title='bbox 3473 349 3775 408; x_wconf 74' lang='grc' dir='ltr'><strong>ἐπιόντων</strong></span> 
     </span>
    </p>
   </div>
   <div class='ocr_carea' id='block_1_6' title="bbox 426 439 1999 510">
    <p class='ocr_par' dir='ltr' id='par_1_6' title="bbox 426 439 1999 510">
     <span class='ocr_line' id='line_1_6' title="bbox 426 439 1999 510; baseline 0.002 -16"><span class='ocrx_word' id='word_1_18' title='bbox 426 439 608 496; x_wconf 69' lang='lat' dir='ltr'><strong>Sinni:</strong></span> <span class='ocrx_word' id='word_1_19' title='bbox 641 441 855 499; x_wconf 81' lang='lat' dir='ltr'><strong>radices</strong></span> <span class='ocrx_word' id='word_1_20' title='bbox 877 442 982 498; x_wconf 88' lang='lat' dir='ltr'><strong>sita</strong></span> <span class='ocrx_word' id='word_1_21' title='bbox 1009 442 1140 497; x_wconf 83' lang='lat' dir='ltr'><strong>sint.</strong></span> <span class='ocrx_word' id='word_1_22' title='bbox 1174 441 1426 498; x_wconf 81' lang='lat' dir='ltr'><strong>Civitatis</strong></span> <span class='ocrx_word' id='word_1_23' title='bbox 1477 441 1678 496; x_wconf 84' lang='lat' dir='ltr'><strong>deinde</strong></span> <span class='ocrx_word' id='word_1_24' title='bbox 1736 443 1999 510; x_wconf 72' lang='lat' dir='ltr'><strong>principes</strong></span> 
     </span>
    </p>
   </div>
   <div class='ocr_carea' id='block_1_7' title="bbox 427 533 2002 606">
    <p class='ocr_par' dir='ltr' id='par_1_7' title="bbox 427 533 2002 606">
     <span class='ocr_line' id='line_1_7' title="bbox 427 533 2002 606; baseline 0.001 -18"><span class='ocrx_word' id='word_1_25' title='bbox 427 536 499 588; x_wconf 91' lang='lat' dir='ltr'><strong>ob</strong></span> <span class='ocrx_word' id='word_1_26' title='bbox 530 535 583 588; x_wconf 86' lang='lat' dir='ltr'><strong>id</strong></span> <span class='ocrx_word' id='word_1_27' title='bbox 615 534 814 606; x_wconf 73' lang='lat' dir='ltr'><strong>fugisse</strong></span> <span class='ocrx_word' id='word_1_28' title='bbox 846 535 1004 601; x_wconf 89' lang='lat' dir='ltr'><strong>dicit,</strong></span> <span class='ocrx_word' id='word_1_29' title='bbox 1040 534 1185 605; x_wconf 91' lang='lat' dir='ltr'><strong>quod</strong></span> <span class='ocrx_word' id='word_1_30' title='bbox 1215 533 1557 590; x_wconf 70' lang='lat' dir='ltr'><strong>irruentibus</strong></span> <span class='ocrx_word' id='word_1_31' title='bbox 1617 535 1800 588; x_wconf 87' lang='lat' dir='ltr'><strong>statim</strong></span> <span class='ocrx_word' id='word_1_32' title='bbox 1827 537 2002 590; x_wconf 53' lang='lat' dir='ltr'><strong>liostiv</strong></span> 
     </span>
    </p>
   </div>
   <div class='ocr_carea' id='block_1_8' title="bbox 429 623 2001 695">
    <p class='ocr_par' dir='ltr' id='par_1_8' title="bbox 429 623 2001 695">
     <span class='ocr_line' id='line_1_8' title="bbox 429 623 2001 695; baseline -0.001 -16"><span class='ocrx_word' id='word_1_33' title='bbox 429 627 554 692; x_wconf 71' lang='lat' dir='ltr'><strong>bus,</strong></span> <span class='ocrx_word' id='word_1_34' title='bbox 590 642 715 681; x_wconf 89' lang='lat' dir='ltr'><strong>cum</strong></span> <span class='ocrx_word' id='word_1_35' title='bbox 754 628 974 681; x_wconf 80' lang='lat' dir='ltr'><strong>linmani</strong></span> <span class='ocrx_word' id='word_1_36' title='bbox 999 623 1191 680; x_wconf 78' lang='lat' dir='ltr'><strong>auxilii</strong></span> <span class='ocrx_word' id='word_1_37' title='bbox 1217 640 1368 695; x_wconf 86' lang='lat' dir='ltr'><strong>spem</strong></span> <span class='ocrx_word' id='word_1_38' title='bbox 1413 639 1631 680; x_wconf 87' lang='lat' dir='ltr'><strong>omnem</strong></span> <span class='ocrx_word' id='word_1_39' title='bbox 1665 626 2001 687; x_wconf 84' lang='lat' dir='ltr'><strong>amisissent,</strong></span> 
     </span>
    </p>
   </div>
   <div class='ocr_carea' id='block_1_9' title="bbox 429 716 2005 789">
    <p class='ocr_par' dir='ltr' id='par_1_9' title="bbox 429 716 2005 789">
     <span class='ocr_line' id='line_1_9' title="bbox 429 716 2005 789; baseline -0.002 -19"><span class='ocrx_word' id='word_1_40' title='bbox 429 718 596 773; x_wconf 81' lang='lat' dir='ltr'><strong>veluti</strong></span> <span class='ocrx_word' id='word_1_41' title='bbox 621 719 712 789; x_wconf 89' lang='lat' dir='ltr'><strong>qui</strong></span> <span class='ocrx_word' id='word_1_42' title='bbox 741 720 809 775; x_wconf 90' lang='lat' dir='ltr'><strong>de</strong></span> <span class='ocrx_word' id='word_1_43' title='bbox 837 720 959 774; x_wconf 84' lang='lat' dir='ltr'><strong>navi</strong></span> <span class='ocrx_word' id='word_1_44' title='bbox 984 724 1248 789; x_wconf 86' lang='lat' dir='ltr'><strong>pereunte</strong></span> <span class='ocrx_word' id='word_1_45' title='bbox 1271 718 1326 771; x_wconf 93' lang='lat' dir='ltr'><strong>in</strong></span> <span class='ocrx_word' id='word_1_46' title='bbox 1351 717 1485 770; x_wconf 90' lang='lat' dir='ltr'><strong>mari</strong></span> <span class='ocrx_word' id='word_1_47' title='bbox 1531 716 1819 776; x_wconf 80' lang='lat' dir='ltr'><strong>exsiliunt.</strong></span> <span class='ocrx_word' id='word_1_48' title='bbox 1877 716 2005 770; x_wconf 80' lang='lat' dir='ltr'><strong>civi-</strong></span> 
     </span>
    </p>
   </div>
   <div class='ocr_carea' id='block_1_10' title="bbox 432 809 2007 882">
    <p class='ocr_par' dir='ltr' id='par_1_10' title="bbox 432 809 2007 882">
     <span class='ocr_line' id='line_1_10' title="bbox 432 809 2007 882; baseline -0.002 -18"><span class='ocrx_word' id='word_1_49' title='bbox 432 813 562 867; x_wconf 82' lang='lat' dir='ltr'><strong>tatis</strong></span> <span class='ocrx_word' id='word_1_50' title='bbox 596 813 869 882; x_wconf 88' lang='lat' dir='ltr'><strong>primores</strong></span> <span class='ocrx_word' id='word_1_51' title='bbox 891 811 1027 866; x_wconf 86' lang='lat' dir='ltr'><strong>urbe</strong></span> <span class='ocrx_word' id='word_1_52' title='bbox 1055 810 1332 868; x_wconf 80' lang='lat' dir='ltr'><strong>exierunt,</strong></span> <span class='ocrx_word' id='word_1_53' title='bbox 1365 809 1572 878; x_wconf 84' lang='lat' dir='ltr'><strong>Adjicit</strong></span> <span class='ocrx_word' id='word_1_54' title='bbox 1607 817 1870 878; x_wconf 73' lang='lat' dir='ltr'><strong>praeterea</strong></span> <span class='ocrx_word' id='word_1_55' title='bbox 1893 809 2007 862; x_wconf 71' lang='lat' dir='ltr'><strong>ain-</strong></span> 
     </span>
    </p>
   </div>
   <div class='ocr_carea' id='block_1_11' title="bbox 431 898 2005 972">
    <p class='ocr_par' dir='ltr' id='par_1_11' title="bbox 431 898 2005 972">
     <span class='ocr_line' id='line_1_11' title="bbox 431 898 2005 972; baseline -0.003 -16"><span class='ocrx_word' id='word_1_56' title='bbox 431 914 544 956; x_wconf 76' lang='lat' dir='ltr'><strong>etos</strong></span> <span class='ocrx_word' id='word_1_57' title='bbox 602 902 767 971; x_wconf 74' lang='lat' dir='ltr'><strong>fuisse</strong></span> <span class='ocrx_word' id='word_1_58' title='bbox 803 902 896 972; x_wconf 80' lang='lat' dir='ltr'><strong>qui</strong></span> <span class='ocrx_word' id='word_1_59' title='bbox 956 901 1099 971; x_wconf 79' lang='lat' dir='ltr'><strong>capti</strong></span> <span class='ocrx_word' id='word_1_60' title='bbox 1147 908 1343 955; x_wconf 76' lang='lat' dir='ltr'><strong>essent.</strong></span> <span class='ocrx_word' id='word_1_61' title='bbox 1399 899 1547 969; x_wconf 74' lang='lat' dir='ltr'><strong>Rege</strong></span> <span class='ocrx_word' id='word_1_62' title='bbox 1578 899 1724 954; x_wconf 90' lang='lat' dir='ltr'><strong>enim</strong></span> <span class='ocrx_word' id='word_1_63' title='bbox 1779 898 2005 954; x_wconf 80' lang='lat' dir='ltr'><strong>Sedecia</strong></span> 
     </span>
    </p>
   </div>
   <div class='ocr_carea' id='block_1_12' title="bbox 433 991 2004 1063">
    <p class='ocr_par' dir='ltr' id='par_1_12' title="bbox 433 991 2004 1063">
     <span class='ocr_line' id='line_1_12' title="bbox 433 991 2004 1063; baseline -0.003 -14"><span class='ocrx_word' id='word_1_64' title='bbox 433 995 595 1063; x_wconf 75' lang='grc'><strong>287</strong></span> <span class='ocrx_word' id='word_1_65' title='bbox 615 1009 739 1048; x_wconf 89' lang='lat' dir='ltr'><strong>cum</strong></span> <span class='ocrx_word' id='word_1_66' title='bbox 761 993 949 1049; x_wconf 87' lang='lat' dir='ltr'><strong>liberis</strong></span> <span class='ocrx_word' id='word_1_67' title='bbox 971 1002 1134 1062; x_wconf 86' lang='lat' dir='ltr'><strong>capto</strong></span> <span class='ocrx_word' id='word_1_68' title='bbox 1157 1031 1172 1057; x_wconf 89' lang='lat'><strong>,</strong></span> <span class='ocrx_word' id='word_1_69' title='bbox 1202 992 1368 1047; x_wconf 91' lang='lat' dir='ltr'><strong>bosce</strong></span> <span class='ocrx_word' id='word_1_70' title='bbox 1389 992 1608 1062; x_wconf 87' lang='lat' dir='ltr'><strong>quidem</strong></span> <span class='ocrx_word' id='word_1_71' title='bbox 1634 991 2004 1056; x_wconf 87' lang='lat' dir='ltr'><strong>trucidarunt,</strong></span> 
     </span>
    </p>
   </div>
   <div class='ocr_carea' id='block_1_13' title="bbox 433 1081 2006 1153">
    <p class='ocr_par' dir='ltr' id='par_1_13' title="bbox 433 1081 2006 1153">
     <span class='ocr_line' id='line_1_13' title="bbox 433 1081 2006 1153; baseline -0.001 -17"><span class='ocrx_word' id='word_1_72' title='bbox 433 1093 643 1153; x_wconf 85' lang='lat' dir='ltr'><strong>patrem</strong></span> <span class='ocrx_word' id='word_1_73' title='bbox 695 1093 876 1136; x_wconf 88' lang='lat' dir='ltr'><strong>autem</strong></span> <span class='ocrx_word' id='word_1_74' title='bbox 909 1081 1124 1138; x_wconf 73' lang='lat' dir='ltr'><strong>effossis</strong></span> <span class='ocrx_word' id='word_1_75' title='bbox 1165 1081 1341 1136; x_wconf 89' lang='lat' dir='ltr'><strong>oculis</strong></span> <span class='ocrx_word' id='word_1_76' title='bbox 1400 1096 1585 1136; x_wconf 87' lang='lat' dir='ltr'><strong>secum</strong></span> <span class='ocrx_word' id='word_1_77' title='bbox 1639 1081 2006 1146; x_wconf 77' lang='lat' dir='ltr'><strong>abduxerunt,</strong></span> 
     </span>
    </p>
   </div>
   <div class='ocr_carea' id='block_1_14' title="bbox 437 1155 2006 1243">
    <p class='ocr_par' dir='ltr' id='par_1_14' title="bbox 437 1155 2006 1243">
     <span class='ocr_line' id='line_1_14' title="bbox 437 1155 2006 1243; baseline 0.003 -19"><span class='ocrx_word' id='word_1_78' title='bbox 437 1175 529 1243; x_wconf 84' lang='lat' dir='ltr'><strong>qui</strong></span> <span class='ocrx_word' id='word_1_79' title='bbox 559 1155 768 1228; x_wconf 51' lang='lat' dir='ltr'><strong>viribus</strong></span> <span class='ocrx_word' id='word_1_80' title='bbox 793 1174 920 1228; x_wconf 90' lang='lat' dir='ltr'><strong>olim</strong></span> <span class='ocrx_word' id='word_1_81' title='bbox 945 1174 1187 1228; x_wconf 84' lang='lat' dir='ltr'><strong>conlisus</strong></span> <span class='ocrx_word' id='word_1_82' title='bbox 1220 1172 1404 1227; x_wconf 78' lang='lat' dir='ltr'><strong>fuerat</strong></span> <span class='ocrx_word' id='word_1_83' title='bbox 1430 1173 1477 1204; x_wconf 83' lang='lat'>“</span> <span class='ocrx_word' id='word_1_84' title='bbox 1503 1212 1518 1236; x_wconf 90' lang='lat'><strong>,</strong></span> <span class='ocrx_word' id='word_1_85' title='bbox 1549 1188 1728 1242; x_wconf 83' lang='lat' dir='ltr'><strong>neque</strong></span> <span class='ocrx_word' id='word_1_86' title='bbox 1753 1173 1965 1229; x_wconf 79' lang='lat' dir='ltr'><strong>dixerat</strong></span> <span class='ocrx_word' id='word_1_87' title='bbox 1991 1192 2006 1229; x_wconf 88' lang='lat'>:</span> 
     </span>
    </p>
   </div>
   <div class='ocr_carea' id='block_1_15' title="bbox 443 1263 2010 1336">
    <p class='ocr_par' dir='ltr' id='par_1_15' title="bbox 443 1263 2010 1336">
     <span class='ocr_line' id='line_1_15' title="bbox 443 1263 2010 1336; baseline 0.003 -21"><span class='ocrx_word' id='word_1_88' title='bbox 443 1285 461 1315; x_wconf 72' lang='grc' dir='ltr'><strong>ι</strong></span> <span class='ocrx_word' id='word_1_89' title='bbox 509 1263 624 1320; x_wconf 80' lang='lat' dir='ltr'><strong>Non</strong></span> <span class='ocrx_word' id='word_1_90' title='bbox 676 1266 740 1318; x_wconf 90' lang='lat' dir='ltr'><strong>in.</strong></span> <span class='ocrx_word' id='word_1_91' title='bbox 771 1280 902 1318; x_wconf 83' lang='lat' dir='ltr'><strong>arcu</strong></span> <span class='ocrx_word' id='word_1_92' title='bbox 953 1279 1074 1320; x_wconf 90' lang='lat' dir='ltr'><strong>meo</strong></span> <span class='ocrx_word' id='word_1_93' title='bbox 1105 1265 1380 1336; x_wconf 86' lang='lat' dir='ltr'><strong>sperabo,</strong></span> <span class='ocrx_word' id='word_1_94' title='bbox 1440 1278 1542 1319; x_wconf 88' lang='lat' dir='ltr'><strong>nec</strong></span> <span class='ocrx_word' id='word_1_95' title='bbox 1598 1265 1815 1336; x_wconf 69' lang='lat' dir='ltr'><strong>gladius</strong></span> <span class='ocrx_word' id='word_1_96' title='bbox 1855 1281 2010 1322; x_wconf 87' lang='lat' dir='ltr'><strong>meus</strong></span> 
     </span>
    </p>
   </div>
   <div class='ocr_carea' id='block_1_16' title="bbox 439 1356 2008 1424">
    <p class='ocr_par' dir='ltr' id='par_1_16' title="bbox 439 1356 2008 1424">
     <span class='ocr_line' id='line_1_16' title="bbox 439 1356 2008 1424; baseline 0 -12"><span class='ocrx_word' id='word_1_97' title='bbox 439 1357 678 1412; x_wconf 59' lang='lat' dir='ltr'><strong>servabit</strong></span> <span class='ocrx_word' id='word_1_98' title='bbox 727 1373 816 1414; x_wconf 88' lang='lat' dir='ltr'><strong>me</strong></span> <span class='ocrx_word' id='word_1_99' title='bbox 836 1360 911 1424; x_wconf 86' lang='grc'><strong>⁶¹;</strong></span> <span class='ocrx_word' id='word_1_100' title='bbox 961 1377 980 1410; x_wconf 72' lang='grc' dir='ltr'><strong>ι</strong></span> <span class='ocrx_word' id='word_1_101' title='bbox 1037 1366 1096 1412; x_wconf 85' lang='grc' dir='ltr'><strong>ιιι</strong></span> <span class='ocrx_word' id='word_1_102' title='bbox 1128 1366 1181 1413; x_wconf 93' lang='lat' dir='ltr'><strong>et</strong></span> <span class='ocrx_word' id='word_1_103' title='bbox 1222 1358 1326 1414; x_wconf 90' lang='lat' dir='ltr'><strong>ista</strong></span> <span class='ocrx_word' id='word_1_104' title='bbox 1382 1358 1642 1413; x_wconf 87' lang='lat' dir='ltr'><strong>tandem:</strong></span> <span class='ocrx_word' id='word_1_105' title='bbox 1697 1376 1716 1409; x_wconf 75' lang='grc' dir='ltr'><strong>ι</strong></span> <span class='ocrx_word' id='word_1_106' title='bbox 1771 1356 2008 1413; x_wconf 83' lang='lat' dir='ltr'><strong>Salvasti</strong></span> 
     </span>
    </p>
   </div>
   <div class='ocr_carea' id='block_1_17' title="bbox 443 1449 2010 1521">
    <p class='ocr_par' dir='ltr' id='par_1_17' title="bbox 443 1449 2010 1521">
     <span class='ocr_line' id='line_1_17' title="bbox 443 1449 2010 1521; baseline 0.002 -19"><span class='ocrx_word' id='word_1_107' title='bbox 443 1465 541 1502; x_wconf 90' lang='lat' dir='ltr'><strong>nos</strong></span> <span class='ocrx_word' id='word_1_108' title='bbox 574 1449 640 1504; x_wconf 88' lang='lat' dir='ltr'><strong>de</strong></span> <span class='ocrx_word' id='word_1_109' title='bbox 664 1449 1030 1521; x_wconf 73' lang='lat' dir='ltr'><strong>aliiigentibus</strong></span> <span class='ocrx_word' id='word_1_110' title='bbox 1073 1466 1193 1517; x_wconf 89' lang='lat' dir='ltr'><strong>nos,</strong></span> <span class='ocrx_word' id='word_1_111' title='bbox 1233 1459 1286 1506; x_wconf 84' lang='lat' dir='ltr'><strong>et</strong></span> <span class='ocrx_word' id='word_1_112' title='bbox 1317 1451 1564 1506; x_wconf 88' lang='lat' dir='ltr'><strong>odientes</strong></span> <span class='ocrx_word' id='word_1_113' title='bbox 1611 1465 1710 1505; x_wconf 92' lang='lat' dir='ltr'><strong>nos</strong></span> <span class='ocrx_word' id='word_1_114' title='bbox 1758 1449 2010 1505; x_wconf 80' lang='lat' dir='ltr'><strong>confudi-</strong></span> 
     </span>
    </p>
   </div>
   <div class='ocr_carea' id='block_1_18' title="bbox 443 1539 1224 1610">
    <p class='ocr_par' dir='ltr' id='par_1_18' title="bbox 443 1539 1224 1610">
     <span class='ocr_line' id='line_1_18' title="bbox 443 1539 1224 1610; baseline 0.008 -18"><span class='ocrx_word' id='word_1_115' title='bbox 443 1540 511 1592; x_wconf 88' lang='lat' dir='ltr'><strong>sti</strong></span> <span class='ocrx_word' id='word_1_116' title='bbox 540 1539 619 1603; x_wconf 71' lang='grc' dir='ltr'><strong>υ,</strong></span> <span class='ocrx_word' id='word_1_117' title='bbox 657 1557 677 1590; x_wconf 72' lang='grc' dir='ltr'><strong>ι</strong></span> <span class='ocrx_word' id='word_1_118' title='bbox 718 1551 905 1609; x_wconf 83' lang='lat' dir='ltr'><strong>posset</strong></span> <span class='ocrx_word' id='word_1_119' title='bbox 939 1557 1224 1610; x_wconf 85' lang='lat' dir='ltr'><strong>usurpare.</strong></span> 
     </span>
    </p>
   </div>
   <div class='ocr_carea' id='block_1_19' title="bbox 511 1631 2012 1710">
    <p class='ocr_par' dir='ltr' id='par_1_19' title="bbox 511 1631 2012 1710">
     <span class='ocr_line' id='line_1_19' title="bbox 511 1631 2012 1710; baseline 0.003 -28"><span class='ocrx_word' id='word_1_120' title='bbox 511 1631 689 1700; x_wconf 79' lang='lat' dir='ltr'><strong>Atque</strong></span> <span class='ocrx_word' id='word_1_121' title='bbox 737 1631 866 1686; x_wconf 86' lang='lat' dir='ltr'><strong>hinc</strong></span> <span class='ocrx_word' id='word_1_122' title='bbox 921 1639 1006 1687; x_wconf 88' lang='lat' dir='ltr'><strong>est</strong></span> <span class='ocrx_word' id='word_1_123' title='bbox 1052 1631 1200 1702; x_wconf 87' lang='lat' dir='ltr'><strong>quod</strong></span> <span class='ocrx_word' id='word_1_124' title='bbox 1249 1632 1609 1710; x_wconf 55' lang='lat' dir='ltr'><strong>insola&#39;biliter</strong></span> <span class='ocrx_word' id='word_1_125' title='bbox 1663 1632 1846 1703; x_wconf 80' lang='lat' dir='ltr'><strong>gentis</strong></span> <span class='ocrx_word' id='word_1_126' title='bbox 1896 1646 2012 1686; x_wconf 67' lang='lat' dir='ltr'><strong>sua:</strong></span> 
     </span>
    </p>
   </div>
   <div class='ocr_carea' id='block_1_20' title="bbox 443 1721 2008 1796">
    <p class='ocr_par' dir='ltr' id='par_1_20' title="bbox 443 1721 2008 1796">
     <span class='ocr_line' id='line_1_20' title="bbox 443 1721 2008 1796; baseline 0.001 -21"><span class='ocrx_word' id='word_1_127' title='bbox 443 1721 812 1777; x_wconf 79' lang='lat' dir='ltr'><strong>calamitatem</strong></span> <span class='ocrx_word' id='word_1_128' title='bbox 843 1721 1042 1777; x_wconf 83' lang='lat' dir='ltr'><strong>deﬁere</strong></span> <span class='ocrx_word' id='word_1_129' title='bbox 1069 1739 1128 1778; x_wconf 90' lang='lat' dir='ltr'><strong>se</strong></span> <span class='ocrx_word' id='word_1_130' title='bbox 1155 1724 1415 1793; x_wconf 82' lang='lat' dir='ltr'><strong>propheta</strong></span> <span class='ocrx_word' id='word_1_131' title='bbox 1449 1724 1719 1796; x_wconf 73' lang='lat' dir='ltr'><strong>signiﬁcat</strong></span> <span class='ocrx_word' id='word_1_132' title='bbox 1744 1743 1757 1778; x_wconf 91' lang='lat'><strong>:</strong></span> <span class='ocrx_word' id='word_1_133' title='bbox 1789 1723 2008 1777; x_wconf 82' lang='lat' dir='ltr'><strong>Manum</strong></span> 
     </span>
    </p>
   </div>
   <div class='ocr_carea' id='block_1_21' title="bbox 443 1813 2012 1885">
    <p class='ocr_par' dir='ltr' id='par_1_21' title="bbox 443 1813 2012 1885">
     <span class='ocr_line' id='line_1_21' title="bbox 443 1813 2012 1885; baseline 0.003 -20"><span class='ocrx_word' id='word_1_134' title='bbox 443 1815 582 1866; x_wconf 82' lang='lat' dir='ltr'><strong>enim</strong></span> <span class='ocrx_word' id='word_1_135' title='bbox 622 1813 883 1868; x_wconf 64' lang='lat' dir='ltr'><strong>excelsam</strong></span> <span class='ocrx_word' id='word_1_136' title='bbox 924 1817 1041 1885; x_wconf 81' lang='lat' dir='ltr'><strong>quis</strong></span> <span class='ocrx_word' id='word_1_137' title='bbox 1097 1817 1332 1870; x_wconf 76' lang='lat' dir='ltr'><strong>avertet?</strong></span> <span class='ocrx_word' id='word_1_138' title='bbox 1370 1815 1430 1871; x_wconf 89' lang='lat' dir='ltr'><strong>Si</strong></span> <span class='ocrx_word' id='word_1_139' title='bbox 1483 1832 1705 1884; x_wconf 79' lang='lat' dir='ltr'><strong>namque</strong></span> <span class='ocrx_word' id='word_1_140' title='bbox 1762 1821 2012 1871; x_wconf 76' lang='lat' dir='ltr'><strong>adversus</strong></span> 
     </span>
    </p>
   </div>
   <div class='ocr_carea' id='block_1_22' title="bbox 445 1909 2012 1978">
    <p class='ocr_par' dir='ltr' id='par_1_22' title="bbox 445 1909 2012 1978">
     <span class='ocr_line' id='line_1_22' title="bbox 445 1909 2012 1978; baseline 0.003 -18"><span class='ocrx_word' id='word_1_141' title='bbox 445 1909 705 1962; x_wconf 79' lang='lat' dir='ltr'><strong>hominem</strong></span> <span class='ocrx_word' id='word_1_142' title='bbox 738 1909 1011 1972; x_wconf 75' lang='lat' dir='ltr'><strong>clauserit,</strong></span> <span class='ocrx_word' id='word_1_143' title='bbox 1051 1911 1170 1971; x_wconf 79' lang='lat' dir='ltr'><strong>quis</strong></span> <span class='ocrx_word' id='word_1_144' title='bbox 1199 1911 1441 1978; x_wconf 72' lang='lat' dir='ltr'><strong>aperiet?</strong></span> <span class='ocrx_word' id='word_1_145' title='bbox 1479 1909 1687 1965; x_wconf 86' lang='lat' dir='ltr'><strong>Deinde</strong></span> <span class='ocrx_word' id='word_1_146' title='bbox 1734 1909 1879 1978; x_wconf 90' lang='lat' dir='ltr'><strong>quod</strong></span> <span class='ocrx_word' id='word_1_147' title='bbox 1924 1925 2012 1965; x_wconf 79' lang='lat' dir='ltr'><strong>se-</strong></span> 
     </span>
    </p>
   </div>
   <div class='ocr_carea' id='block_1_23' title="bbox 445 1995 2013 2066">
    <p class='ocr_par' dir='ltr' id='par_1_23' title="bbox 445 1995 2013 2066">
     <span class='ocr_line' id='line_1_23' title="bbox 445 1995 2013 2066; baseline 0 -16"><span class='ocrx_word' id='word_1_148' title='bbox 445 2000 634 2065; x_wconf 82' lang='lat' dir='ltr'><strong>quitur</strong></span> <span class='ocrx_word' id='word_1_149' title='bbox 665 2015 680 2052; x_wconf 89' lang='lat'><strong>:</strong></span> <span class='ocrx_word' id='word_1_150' title='bbox 712 1995 910 2052; x_wconf 86' lang='lat' dir='ltr'><strong>Errant</strong></span> <span class='ocrx_word' id='word_1_151' title='bbox 945 2000 998 2050; x_wconf 88' lang='lat' dir='ltr'><strong>in</strong></span> <span class='ocrx_word' id='word_1_152' title='bbox 1029 1996 1328 2060; x_wconf 82' lang='lat' dir='ltr'><strong>montibus;</strong></span> <span class='ocrx_word' id='word_1_153' title='bbox 1357 1998 1439 2052; x_wconf 84' lang='lat' dir='ltr'><strong>vel</strong></span> <span class='ocrx_word' id='word_1_154' title='bbox 1471 1996 1741 2066; x_wconf 76' lang='lat' dir='ltr'><strong>fugientes</strong></span> <span class='ocrx_word' id='word_1_155' title='bbox 1767 1996 2013 2059; x_wconf 81' lang='lat' dir='ltr'><strong>inducit;</strong></span> 
     </span>
    </p>
   </div>
   <div class='ocr_carea' id='block_1_24' title="bbox 446 2088 2016 2158">
    <p class='ocr_par' dir='ltr' id='par_1_24' title="bbox 446 2088 2016 2158">
     <span class='ocr_line' id='line_1_24' title="bbox 446 2088 2016 2158; baseline 0.001 -17"><span class='ocrx_word' id='word_1_156' title='bbox 446 2091 527 2142; x_wconf 71' lang='lat' dir='ltr'><strong>Vol</strong></span> <span class='ocrx_word' id='word_1_157' title='bbox 581 2099 750 2155; x_wconf 86' lang='lat' dir='ltr'><strong>certe,</strong></span> <span class='ocrx_word' id='word_1_158' title='bbox 812 2089 959 2158; x_wconf 88' lang='lat' dir='ltr'><strong>quod</strong></span> <span class='ocrx_word' id='word_1_159' title='bbox 1009 2088 1074 2140; x_wconf 90' lang='lat' dir='ltr'><strong>ad</strong></span> <span class='ocrx_word' id='word_1_160' title='bbox 1120 2103 1377 2156; x_wconf 85' lang='lat' dir='ltr'><strong>proceras</strong></span> <span class='ocrx_word' id='word_1_161' title='bbox 1409 2096 1463 2142; x_wconf 90' lang='lat' dir='ltr'><strong>et</strong></span> <span class='ocrx_word' id='word_1_162' title='bbox 1519 2103 1720 2158; x_wconf 88' lang='lat' dir='ltr'><strong>opacas</strong></span> <span class='ocrx_word' id='word_1_163' title='bbox 1790 2088 2016 2142; x_wconf 86' lang='lat' dir='ltr'><strong>arbores</strong></span> 
     </span>
    </p>
   </div>
   <div class='ocr_carea' id='block_1_25' title="bbox 449 2180 2018 2247">
    <p class='ocr_par' dir='ltr' id='par_1_25' title="bbox 449 2180 2018 2247">
     <span class='ocr_line' id='line_1_25' title="bbox 449 2180 2018 2247; baseline 0.001 -13"><span class='ocrx_word' id='word_1_164' title='bbox 449 2181 632 2237; x_wconf 76' lang='lat' dir='ltr'><strong>facere</strong></span> <span class='ocrx_word' id='word_1_165' title='bbox 662 2190 1089 2247; x_wconf 83' lang='lat' dir='ltr'><strong>consueverant,</strong></span> <span class='ocrx_word' id='word_1_166' title='bbox 1122 2181 1358 2236; x_wconf 77' lang='lat' dir='ltr'><strong>excelsis</strong></span> <span class='ocrx_word' id='word_1_167' title='bbox 1390 2181 1529 2236; x_wconf 88' lang='lat' dir='ltr'><strong>locis</strong></span> <span class='ocrx_word' id='word_1_168' title='bbox 1572 2191 1626 2236; x_wconf 91' lang='lat' dir='ltr'><strong>et</strong></span> <span class='ocrx_word' id='word_1_169' title='bbox 1654 2180 1820 2237; x_wconf 83' lang='lat' dir='ltr'><strong>editis</strong></span> <span class='ocrx_word' id='word_1_170' title='bbox 1851 2181 2018 2236; x_wconf 87' lang='lat' dir='ltr'><strong>l&#39;alsos</strong></span> 
     </span>
    </p>
   </div>
   <div class='ocr_carea' id='block_1_26' title="bbox 448 2271 2018 2340">
    <p class='ocr_par' dir='ltr' id='par_1_26' title="bbox 448 2271 2018 2340">
     <span class='ocr_line' id='line_1_26' title="bbox 448 2271 2018 2340; baseline 0.002 -17"><span class='ocrx_word' id='word_1_171' title='bbox 448 2274 582 2326; x_wconf 82' lang='lat' dir='ltr'><strong>deos</strong></span> <span class='ocrx_word' id='word_1_172' title='bbox 641 2272 899 2328; x_wconf 84' lang='lat' dir='ltr'><strong>adorasse</strong></span> <span class='ocrx_word' id='word_1_173' title='bbox 971 2271 1264 2340; x_wconf 80' lang='lat' dir='ltr'><strong>signiﬁcat.</strong></span> <span class='ocrx_word' id='word_1_174' title='bbox 1340 2272 1793 2340; x_wconf 79' lang='lat' dir='ltr'><strong>Quandoquidem</strong></span> <span class='ocrx_word' id='word_1_175' title='bbox 1870 2271 2018 2327; x_wconf 85' lang='lat' dir='ltr'><strong>enim</strong></span> 
     </span>
    </p>
   </div>
   <div class='ocr_carea' id='block_1_27' title="bbox 452 2363 2022 2434">
    <p class='ocr_par' dir='ltr' id='par_1_27' title="bbox 452 2363 2022 2434">
     <span class='ocr_line' id='line_1_27' title="bbox 452 2363 2022 2434; baseline 0.003 -19"><span class='ocrx_word' id='word_1_176' title='bbox 452 2363 615 2417; x_wconf 82' lang='lat' dir='ltr'><strong>Deum</strong></span> <span class='ocrx_word' id='word_1_177' title='bbox 639 2365 962 2420; x_wconf 66' lang='lat' dir='ltr'><strong>exercituum</strong></span> <span class='ocrx_word' id='word_1_178' title='bbox 993 2365 1101 2419; x_wconf 77' lang='lat' dir='ltr'><strong>illis</strong></span> <span class='ocrx_word' id='word_1_179' title='bbox 1147 2365 1424 2418; x_wconf 86' lang='lat' dir='ltr'><strong>interitum</strong></span> <span class='ocrx_word' id='word_1_180' title='bbox 1474 2365 1651 2419; x_wconf 86' lang='lat' dir='ltr'><strong>moliri</strong></span> <span class='ocrx_word' id='word_1_181' title='bbox 1680 2364 1841 2432; x_wconf 81' lang='lat' dir='ltr'><strong>dixit,</strong></span> <span class='ocrx_word' id='word_1_182' title='bbox 1899 2365 2022 2434; x_wconf 84' lang='lat' dir='ltr'><strong>ejus</strong></span> 
     </span>
    </p>
   </div>
   <div class='ocr_carea' id='block_1_28' title="bbox 451 2452 2024 2514">
    <p class='ocr_par' dir='ltr' id='par_1_28' title="bbox 451 2452 2024 2514">
     <span class='ocr_line' id='line_1_28' title="bbox 451 2452 2024 2514; baseline 0.001 -9"><span class='ocrx_word' id='word_1_183' title='bbox 451 2456 525 2505; x_wconf 84' lang='lat' dir='ltr'><strong>rei</strong></span> <span class='ocrx_word' id='word_1_184' title='bbox 560 2468 780 2509; x_wconf 86' lang='lat' dir='ltr'><strong>causam</strong></span> <span class='ocrx_word' id='word_1_185' title='bbox 835 2454 1022 2514; x_wconf 85' lang='lat' dir='ltr'><strong>etiam,</strong></span> <span class='ocrx_word' id='word_1_186' title='bbox 1056 2469 1124 2507; x_wconf 90' lang='lat' dir='ltr'><strong>ne</strong></span> <span class='ocrx_word' id='word_1_187' title='bbox 1164 2462 1370 2508; x_wconf 85' lang='lat' dir='ltr'><strong>temere</strong></span> <span class='ocrx_word' id='word_1_188' title='bbox 1416 2452 1470 2506; x_wconf 96' lang='lat' dir='ltr'><strong>id</strong></span> <span class='ocrx_word' id='word_1_189' title='bbox 1527 2454 1725 2508; x_wconf 80' lang='lat' dir='ltr'><strong>fecisse</strong></span> <span class='ocrx_word' id='word_1_190' title='bbox 1768 2453 2024 2508; x_wconf 82' lang='lat' dir='ltr'><strong>videatur</strong></span> 
     </span>
    </p>
   </div>
   <div class='ocr_carea' id='block_1_29' title="bbox 452 2540 2025 2614">
    <p class='ocr_par' dir='ltr' id='par_1_29' title="bbox 452 2540 2025 2614">
     <span class='ocr_line' id='line_1_29' title="bbox 452 2540 2025 2614; baseline 0.001 -18"><span class='ocrx_word' id='word_1_191' title='bbox 452 2545 648 2598; x_wconf 89' lang='lat' dir='ltr'><strong>merito</strong></span> <span class='ocrx_word' id='word_1_192' title='bbox 701 2543 929 2597; x_wconf 88' lang='lat' dir='ltr'><strong>addidit.</strong></span> <span class='ocrx_word' id='word_1_193' title='bbox 992 2542 1184 2612; x_wconf 80' lang='lat' dir='ltr'><strong>Itaque</strong></span> <span class='ocrx_word' id='word_1_194' title='bbox 1232 2542 1372 2610; x_wconf 89' lang='lat' dir='ltr'><strong>apud</strong></span> <span class='ocrx_word' id='word_1_195' title='bbox 1424 2540 1718 2597; x_wconf 74' lang='lat' dir='ltr'><strong>Jeremiam</strong></span> <span class='ocrx_word' id='word_1_196' title='bbox 1769 2545 1850 2599; x_wconf 91' lang='lat' dir='ltr'><strong>sic</strong></span> <span class='ocrx_word' id='word_1_197' title='bbox 1891 2545 2025 2614; x_wconf 78' lang='lat' dir='ltr'><strong>legi-</strong></span> 
     </span>
    </p>
   </div>
   <div class='ocr_carea' id='block_1_30' title="bbox 453 2629 2028 2701">
    <p class='ocr_par' dir='ltr' id='par_1_30' title="bbox 453 2629 2028 2701">
     <span class='ocr_line' id='line_1_30' title="bbox 453 2629 2028 2701; baseline 0.001 -16"><span class='ocrx_word' id='word_1_198' title='bbox 453 2649 578 2688; x_wconf 80' lang='lat' dir='ltr'><strong>inus</strong></span> <span class='ocrx_word' id='word_1_199' title='bbox 611 2651 626 2694; x_wconf 87' lang='lat'><strong>:</strong></span> <span class='ocrx_word' id='word_1_200' title='bbox 661 2651 680 2684; x_wconf 78' lang='grc' dir='ltr'><strong>ι</strong></span> <span class='ocrx_word' id='word_1_201' title='bbox 721 2632 886 2688; x_wconf 82' lang='lat' dir='ltr'><strong>Vides</strong></span> <span class='ocrx_word' id='word_1_202' title='bbox 918 2648 1038 2701; x_wconf 65' lang='lat' dir='ltr'><strong>qum</strong></span> <span class='ocrx_word' id='word_1_203' title='bbox 1069 2631 1198 2686; x_wconf 77' lang='lat' dir='ltr'><strong>fecit</strong></span> <span class='ocrx_word' id='word_1_204' title='bbox 1227 2631 1360 2685; x_wconf 85' lang='lat' dir='ltr'><strong>mihi</strong></span> <span class='ocrx_word' id='word_1_205' title='bbox 1409 2631 1606 2686; x_wconf 86' lang='lat' dir='ltr'><strong>domus</strong></span> <span class='ocrx_word' id='word_1_206' title='bbox 1645 2629 1851 2687; x_wconf 83' lang='lat' dir='ltr'><strong>Israel?</strong></span> <span class='ocrx_word' id='word_1_207' title='bbox 1879 2633 2028 2688; x_wconf 83' lang='lat' dir='ltr'><strong>Abiit</strong></span> 
     </span>
    </p>
   </div>
   <div class='ocr_carea' id='block_1_31' title="bbox 454 2721 2025 2785">
    <p class='ocr_par' dir='ltr' id='par_1_31' title="bbox 454 2721 2025 2785">
     <span class='ocr_line' id='line_1_31' title="bbox 454 2721 2025 2785; baseline -0.001 -8"><span class='ocrx_word' id='word_1_208' title='bbox 454 2727 507 2777; x_wconf 92' lang='lat' dir='ltr'><strong>in</strong></span> <span class='ocrx_word' id='word_1_209' title='bbox 539 2737 756 2778; x_wconf 87' lang='lat' dir='ltr'><strong>omnem</strong></span> <span class='ocrx_word' id='word_1_210' title='bbox 787 2731 1028 2776; x_wconf 88' lang='lat' dir='ltr'><strong>montem</strong></span> <span class='ocrx_word' id='word_1_211' title='bbox 1061 2721 1368 2785; x_wconf 75' lang='lat' dir='ltr'><strong>excelsum,</strong></span> <span class='ocrx_word' id='word_1_212' title='bbox 1399 2731 1454 2776; x_wconf 89' lang='lat' dir='ltr'><strong>et</strong></span> <span class='ocrx_word' id='word_1_213' title='bbox 1495 2723 1548 2777; x_wconf 92' lang='lat' dir='ltr'><strong>iu</strong></span> <span class='ocrx_word' id='word_1_214' title='bbox 1579 2737 1798 2778; x_wconf 86' lang='lat' dir='ltr'><strong>omnem</strong></span> <span class='ocrx_word' id='word_1_215' title='bbox 1831 2724 2025 2778; x_wconf 88' lang='lat' dir='ltr'><strong>collem</strong></span> 
     </span>
    </p>
   </div>
   <div class='ocr_carea' id='block_1_32' title="bbox 453 2813 2028 2882">
    <p class='ocr_par' dir='ltr' id='par_1_32' title="bbox 453 2813 2028 2882">
     <span class='ocr_line' id='line_1_32' title="bbox 453 2813 2028 2882; baseline 0 -12"><span class='ocrx_word' id='word_1_216' title='bbox 453 2825 505 2870; x_wconf 72' lang='lat' dir='ltr'><strong>ct</strong></span> <span class='ocrx_word' id='word_1_217' title='bbox 541 2816 594 2872; x_wconf 91' lang='lat' dir='ltr'><strong>in</strong></span> <span class='ocrx_word' id='word_1_218' title='bbox 624 2831 842 2871; x_wconf 90' lang='lat' dir='ltr'><strong>omnem</strong></span> <span class='ocrx_word' id='word_1_219' title='bbox 877 2815 1081 2880; x_wconf 89' lang='lat' dir='ltr'><strong>lucum,</strong></span> <span class='ocrx_word' id='word_1_220' title='bbox 1115 2813 1304 2882; x_wconf 86' lang='lat' dir='ltr'><strong>ibique</strong></span> <span class='ocrx_word' id='word_1_221' title='bbox 1354 2813 1622 2869; x_wconf 80' lang='lat' dir='ltr'><strong>fornicata</strong></span> <span class='ocrx_word' id='word_1_222' title='bbox 1670 2826 1754 2870; x_wconf 87' lang='lat' dir='ltr'><strong>est</strong></span> <span class='ocrx_word' id='word_1_223' title='bbox 1796 2817 1863 2872; x_wconf 82' lang='lat'><strong>“.</strong></span> <span class='ocrx_word' id='word_1_224' title='bbox 1905 2833 1924 2867; x_wconf 76' lang='grc' dir='ltr'><strong>ι</strong></span> <span class='ocrx_word' id='word_1_225' title='bbox 1961 2814 2028 2870; x_wconf 81' lang='lat' dir='ltr'><strong>Et</strong></span> 
     </span>
    </p>
   </div>
   <div class='ocr_carea' id='block_1_33' title="bbox 448 2901 2024 2972">
    <p class='ocr_par' dir='ltr' id='par_1_33' title="bbox 448 2901 2024 2972">
     <span class='ocr_line' id='line_1_33' title="bbox 448 2901 2024 2972; baseline 0.001 -19"><span class='ocrx_word' id='word_1_226' title='bbox 448 2921 574 2970; x_wconf 64' lang='lat' dir='ltr'><strong>quae</strong></span> <span class='ocrx_word' id='word_1_227' title='bbox 613 2918 741 2956; x_wconf 80' lang='lat' dir='ltr'><strong>mox</strong></span> <span class='ocrx_word' id='word_1_228' title='bbox 765 2902 836 2956; x_wconf 91' lang='lat' dir='ltr'><strong>ita</strong></span> <span class='ocrx_word' id='word_1_229' title='bbox 864 2909 1174 2972; x_wconf 88' lang='lat' dir='ltr'><strong>sequuntur</strong></span> <span class='ocrx_word' id='word_1_230' title='bbox 1203 2919 1217 2956; x_wconf 90' lang='lat'><strong>:</strong></span> <span class='ocrx_word' id='word_1_231' title='bbox 1260 2919 1280 2953; x_wconf 74' lang='grc' dir='ltr'><strong>ι</strong></span> <span class='ocrx_word' id='word_1_232' title='bbox 1324 2901 1495 2971; x_wconf 78' lang='lat' dir='ltr'><strong>Ligno</strong></span> <span class='ocrx_word' id='word_1_233' title='bbox 1521 2902 1825 2958; x_wconf 76' lang='lat' dir='ltr'><strong>dixerunt:</strong></span> <span class='ocrx_word' id='word_1_234' title='bbox 1861 2901 2024 2957; x_wconf 83' lang='lat' dir='ltr'><strong>Pater</strong></span> 
     </span>
    </p>
   </div>
   <div class='ocr_carea' id='block_1_34' title="bbox 2105 441 3773 515">
    <p class='ocr_par' dir='ltr' id='par_1_34' title="bbox 2105 441 3773 515">
     <span class='ocr_line' id='line_1_34' title="bbox 2105 441 3773 515; baseline 0.001 -22"><span class='ocrx_word' id='word_1_235' title='bbox 2105 441 2214 511; x_wconf 67' lang='grc' dir='ltr'><strong>γὰρ</strong></span> <span class='ocrx_word' id='word_1_236' title='bbox 2247 442 2350 515; x_wconf 74' lang='grc' dir='ltr'>ἥδη</span> <span class='ocrx_word' id='word_1_237' title='bbox 2400 441 2510 496; x_wconf 83' lang='grc' dir='ltr'><strong>τῶν</strong></span> <span class='ocrx_word' id='word_1_238' title='bbox 2542 443 2820 512; x_wconf 83' lang='grc' dir='ltr'>πολεμίων</span> <span class='ocrx_word' id='word_1_239' title='bbox 2860 445 3040 495; x_wconf 84' lang='grc' dir='ltr'>πᾶσαν</span> <span class='ocrx_word' id='word_1_240' title='bbox 3074 441 3362 512; x_wconf 82' lang='grc' dir='ltr'>βοήθειαν</span> <span class='ocrx_word' id='word_1_241' title='bbox 3394 441 3773 510; x_wconf 80' lang='grc' dir='ltr'><strong>ἀπογνόντες</strong></span> 
     </span>
    </p>
   </div>
   <div class='ocr_carea' id='block_1_35' title="bbox 2098 530 3776 604">
    <p class='ocr_par' dir='ltr' id='par_1_35' title="bbox 2098 530 3776 604">
     <span class='ocr_line' id='line_1_35' title="bbox 2098 530 3776 604; baseline 0.001 -22"><span class='ocrx_word' id='word_1_242' title='bbox 2098 531 2472 604; x_wconf 76' lang='grc' dir='ltr'><strong>ἀνθρωπίνην,</strong></span> <span class='ocrx_word' id='word_1_243' title='bbox 2522 532 2846 602; x_wconf 78' lang='grc' dir='ltr'><strong>ἀπέδρασαν</strong></span> <span class='ocrx_word' id='word_1_244' title='bbox 2870 532 2921 585; x_wconf 75' lang='grc' dir='ltr'>οἱ</span> <span class='ocrx_word' id='word_1_245' title='bbox 2945 530 3154 603; x_wconf 78' lang='grc' dir='ltr'>πρῶτοι</span> <span class='ocrx_word' id='word_1_246' title='bbox 3205 531 3335 602; x_wconf 83' lang='grc' dir='ltr'>τῆς</span> <span class='ocrx_word' id='word_1_247' title='bbox 3399 532 3668 596; x_wconf 79' lang='grc' dir='ltr'>πόλεως,</span> <span class='ocrx_word' id='word_1_248' title='bbox 3693 533 3776 597; x_wconf 81' lang='grc' dir='ltr'><strong>ὡς</strong></span> 
     </span>
    </p>
   </div>
   <div class='ocr_carea' id='block_1_36' title="bbox 2104 621 3768 695">
    <p class='ocr_par' dir='ltr' id='par_1_36' title="bbox 2104 621 3768 695">
     <span class='ocr_line' id='line_1_36' title="bbox 2104 621 3768 695; baseline 0 -19"><span class='ocrx_word' id='word_1_249' title='bbox 2104 624 2167 694; x_wconf 83' lang='grc' dir='ltr'>δὴ</span> <span class='ocrx_word' id='word_1_250' title='bbox 2181 626 2306 694; x_wconf 76' lang='grc' dir='ltr'>νηὸς</span> <span class='ocrx_word' id='word_1_251' title='bbox 2324 623 2732 695; x_wconf 80' lang='grc' dir='ltr'><strong>βαπτιζομένης</strong></span> <span class='ocrx_word' id='word_1_252' title='bbox 2750 623 3226 694; x_wconf 85' lang='grc' dir='ltr'>ἀποπηδήσαντες.</span> <span class='ocrx_word' id='word_1_253' title='bbox 3277 621 3459 687; x_wconf 83' lang='grc' dir='ltr'>Τοὺς</span> <span class='ocrx_word' id='word_1_254' title='bbox 3475 621 3540 674; x_wconf 77' lang='grc' dir='ltr'>δὲ</span> <span class='ocrx_word' id='word_1_255' title='bbox 3569 621 3768 676; x_wconf 72' lang='grc' dir='ltr'><em>ἁλόν-</em></span> 
     </span>
    </p>
   </div>
   <div class='ocr_carea' id='block_1_37' title="bbox 2107 713 3771 786">
    <p class='ocr_par' dir='ltr' id='par_1_37' title="bbox 2107 713 3771 786">
     <span class='ocr_line' id='line_1_37' title="bbox 2107 713 3771 786; baseline -0.001 -18"><span class='ocrx_word' id='word_1_256' title='bbox 2107 734 2214 780; x_wconf 79' lang='grc' dir='ltr'><strong>τας</strong></span> <span class='ocrx_word' id='word_1_257' title='bbox 2234 715 2516 770; x_wconf 78' lang='grc' dir='ltr'><strong>δεδέσθαι</strong></span> <span class='ocrx_word' id='word_1_258' title='bbox 2548 715 2684 785; x_wconf 85' lang='grc' dir='ltr'>φησί</span> <span class='ocrx_word' id='word_1_259' title='bbox 2706 731 2720 747; x_wconf 74' lang='grc' dir='ltr'><strong>ο</strong></span> <span class='ocrx_word' id='word_1_260' title='bbox 2743 715 2847 768; x_wconf 83' lang='grc' dir='ltr'><strong>Τὸν</strong></span> <span class='ocrx_word' id='word_1_261' title='bbox 2875 713 2986 786; x_wconf 82' lang='grc' dir='ltr'>γὰρ</span> <span class='ocrx_word' id='word_1_262' title='bbox 3003 715 3276 768; x_wconf 76' lang='grc' dir='ltr'><strong>Σεδεκίαν</strong></span> <span class='ocrx_word' id='word_1_263' title='bbox 3305 713 3451 783; x_wconf 75' lang='grc' dir='ltr'><strong>ἃμα</strong></span> <span class='ocrx_word' id='word_1_264' title='bbox 3475 715 3608 775; x_wconf 83' lang='grc' dir='ltr'>τοῖς</span> <span class='ocrx_word' id='word_1_265' title='bbox 3631 729 3771 767; x_wconf 86' lang='grc' dir='ltr'>παι-</span> 
     </span>
    </p>
   </div>
   <div class='ocr_carea' id='block_1_38' title="bbox 2110 803 3762 875">
    <p class='ocr_par' dir='ltr' id='par_1_38' title="bbox 2110 803 3762 875">
     <span class='ocr_line' id='line_1_38' title="bbox 2110 803 3762 875; baseline -0.001 -18"><span class='ocrx_word' id='word_1_266' title='bbox 2110 806 2160 857; x_wconf 83' lang='grc' dir='ltr'>σὶ</span> <span class='ocrx_word' id='word_1_267' title='bbox 2192 805 2546 868; x_wconf 74' lang='grc' dir='ltr'>συλλαϐόντες</span> <span class='ocrx_word' id='word_1_268' title='bbox 2578 807 2628 857; x_wconf 82' lang='lat' dir='ltr'><strong>oi</strong></span> <span class='ocrx_word' id='word_1_269' title='bbox 2648 803 2999 871; x_wconf 74' lang='grc' dir='ltr'>Βαϐυλώνιοι,</span> <span class='ocrx_word' id='word_1_270' title='bbox 3059 805 3186 868; x_wconf 73' lang='grc' dir='ltr'>τοὺς</span> <span class='ocrx_word' id='word_1_271' title='bbox 3215 805 3340 875; x_wconf 85' lang='grc' dir='ltr'>μὲν</span> <span class='ocrx_word' id='word_1_272' title='bbox 3365 804 3762 874; x_wconf 80' lang='grc' dir='ltr'>ἀπέσφαξαν,</span> 
     </span>
    </p>
   </div>
   <div class='ocr_carea' id='block_1_39' title="bbox 2105 894 3767 966">
    <p class='ocr_par' dir='ltr' id='par_1_39' title="bbox 2105 894 3767 966">
     <span class='ocr_line' id='line_1_39' title="bbox 2105 894 3767 966; baseline -0.002 -17"><span class='ocrx_word' id='word_1_273' title='bbox 2105 897 2197 949; x_wconf 80' lang='grc' dir='ltr'>τὸν</span> <span class='ocrx_word' id='word_1_274' title='bbox 2228 896 2285 949; x_wconf 78' lang='grc' dir='ltr'>δὲ</span> <span class='ocrx_word' id='word_1_275' title='bbox 2309 896 2418 950; x_wconf 87' lang='grc' dir='ltr'>τῶν</span> <span class='ocrx_word' id='word_1_276' title='bbox 2439 897 2700 966; x_wconf 80' lang='grc' dir='ltr'><strong>ὀμμάτων</strong></span> <span class='ocrx_word' id='word_1_277' title='bbox 2725 895 3063 965; x_wconf 62' lang='grc' dir='ltr'>ἐκκόψαντες</span> <span class='ocrx_word' id='word_1_278' title='bbox 3091 894 3496 964; x_wconf 79' lang='grc' dir='ltr'>ἁπεκόμισαν</span> <span class='ocrx_word' id='word_1_279' title='bbox 3557 897 3632 965; x_wconf 80' lang='grc' dir='ltr'>τῇ</span> <span class='ocrx_word' id='word_1_280' title='bbox 3669 895 3767 948; x_wconf 76' lang='grc' dir='ltr'>δυ-</span> 
     </span>
    </p>
   </div>
   <div class='ocr_carea' id='block_1_40' title="bbox 2109 988 3766 1062">
    <p class='ocr_par' dir='ltr' id='par_1_40' title="bbox 2109 988 3766 1062">
     <span class='ocr_line' id='line_1_40' title="bbox 2109 988 3766 1062; baseline -0.002 -19"><span class='ocrx_word' id='word_1_281' title='bbox 2109 991 2270 1061; x_wconf 81' lang='grc' dir='ltr'>νάμει</span> <span class='ocrx_word' id='word_1_282' title='bbox 2300 990 2468 1044; x_wconf 74' lang='grc' dir='ltr'>πάλαι</span> <span class='ocrx_word' id='word_1_283' title='bbox 2493 991 2869 1062; x_wconf 74' lang='grc' dir='ltr'>θαρρήσαντα,</span> <span class='ocrx_word' id='word_1_284' title='bbox 2926 988 3022 1043; x_wconf 74' lang='grc' dir='ltr'>καὶ</span> <span class='ocrx_word' id='word_1_285' title='bbox 3053 989 3351 1060; x_wconf 81' lang='grc' dir='ltr'>μηδαμῶς</span> <span class='ocrx_word' id='word_1_286' title='bbox 3387 989 3596 1042; x_wconf 70' lang='grc' dir='ltr'>εἰπεῖν</span> <span class='ocrx_word' id='word_1_287' title='bbox 3631 989 3766 1041; x_wconf 61' lang='grc' dir='ltr'>ἀνα.</span> 
     </span>
    </p>
   </div>
   <div class='ocr_carea' id='block_1_41' title="bbox 2111 1079 3765 1152">
    <p class='ocr_par' dir='ltr' id='par_1_41' title="bbox 2111 1079 3765 1152">
     <span class='ocr_line' id='line_1_41' title="bbox 2111 1079 3765 1152; baseline -0.002 -16"><span class='ocrx_word' id='word_1_288' title='bbox 2111 1083 2392 1152; x_wconf 84' lang='grc' dir='ltr'>σχόμενον,</span> <span class='ocrx_word' id='word_1_289' title='bbox 2424 1099 2443 1133; x_wconf 81' lang='grc' dir='ltr'><strong>ι</strong></span> <span class='ocrx_word' id='word_1_290' title='bbox 2475 1082 2589 1136; x_wconf 81' lang='grc' dir='ltr'><strong>Οὐκ</strong></span> <span class='ocrx_word' id='word_1_291' title='bbox 2618 1083 2712 1136; x_wconf 75' lang='grc' dir='ltr'><strong>ἐπὶ</strong></span> <span class='ocrx_word' id='word_1_292' title='bbox 2739 1082 2817 1152; x_wconf 82' lang='grc' dir='ltr'>τῷ</span> <span class='ocrx_word' id='word_1_293' title='bbox 2836 1081 2977 1152; x_wconf 78' lang='grc' dir='ltr'>τόξῳ</span> <span class='ocrx_word' id='word_1_294' title='bbox 3009 1099 3110 1152; x_wconf 83' lang='grc' dir='ltr'><strong>μου</strong></span> <span class='ocrx_word' id='word_1_295' title='bbox 3139 1079 3360 1146; x_wconf 78' lang='grc' dir='ltr'>ὲλπιῶ,</span> <span class='ocrx_word' id='word_1_296' title='bbox 3424 1080 3539 1136; x_wconf 77' lang='grc' dir='ltr'>καὶ</span> <span class='ocrx_word' id='word_1_297' title='bbox 3565 1081 3603 1151; x_wconf 80' lang='grc' dir='ltr'><strong>ἡ</strong></span> <span class='ocrx_word' id='word_1_298' title='bbox 3629 1081 3765 1150; x_wconf 78' lang='grc' dir='ltr'>ῥομ-</span> 
     </span>
    </p>
   </div>
   <div class='ocr_carea' id='block_1_42' title="bbox 2112 1173 3761 1246">
    <p class='ocr_par' dir='ltr' id='par_1_42' title="bbox 2112 1173 3761 1246">
     <span class='ocr_line' id='line_1_42' title="bbox 2112 1173 3761 1246; baseline -0.002 -18"><span class='ocrx_word' id='word_1_299' title='bbox 2112 1175 2247 1244; x_wconf 88' lang='grc' dir='ltr'>φαία</span> <span class='ocrx_word' id='word_1_300' title='bbox 2271 1192 2374 1246; x_wconf 82' lang='grc' dir='ltr'><strong>μου</strong></span> <span class='ocrx_word' id='word_1_301' title='bbox 2399 1175 2462 1230; x_wconf 83' lang='grc' dir='ltr'>οὐ</span> <span class='ocrx_word' id='word_1_302' title='bbox 2494 1174 2658 1229; x_wconf 82' lang='grc' dir='ltr'>σώσει</span> <span class='ocrx_word' id='word_1_303' title='bbox 2685 1192 2752 1246; x_wconf 82' lang='grc' dir='ltr'><strong>με</strong></span> <span class='ocrx_word' id='word_1_304' title='bbox 2773 1192 2787 1208; x_wconf 79' lang='grc'><strong>’</strong></span> <span class='ocrx_word' id='word_1_305' title='bbox 2818 1194 2838 1229; x_wconf 73' lang='grc' dir='ltr'><strong>ι</strong></span> <span class='ocrx_word' id='word_1_306' title='bbox 2871 1175 2958 1230; x_wconf 79' lang='grc' dir='ltr'><strong>ἵνα</strong></span> <span class='ocrx_word' id='word_1_307' title='bbox 2981 1175 3078 1230; x_wconf 80' lang='grc' dir='ltr'>καὶ</span> <span class='ocrx_word' id='word_1_308' title='bbox 3105 1173 3336 1240; x_wconf 78' lang='grc' dir='ltr'>λέξειεν</span> <span class='ocrx_word' id='word_1_309' title='bbox 3369 1189 3389 1203; x_wconf 90' lang='grc'><strong>·</strong></span> <span class='ocrx_word' id='word_1_310' title='bbox 3423 1192 3447 1226; x_wconf 71' lang='grc' dir='ltr'><strong>ε</strong></span> <span class='ocrx_word' id='word_1_311' title='bbox 3485 1173 3761 1236; x_wconf 86' lang='grc' dir='ltr'>Ἐσωσας</span> 
     </span>
    </p>
   </div>
   <div class='ocr_carea' id='block_1_43' title="bbox 2110 1263 3762 1338">
    <p class='ocr_par' dir='ltr' id='par_1_43' title="bbox 2110 1263 3762 1338">
     <span class='ocr_line' id='line_1_43' title="bbox 2110 1263 3762 1338; baseline -0.001 -20"><span class='ocrx_word' id='word_1_312' title='bbox 2110 1266 2220 1334; x_wconf 77' lang='grc' dir='ltr'><strong>γὰρ</strong></span> <span class='ocrx_word' id='word_1_313' title='bbox 2246 1267 2396 1337; x_wconf 78' lang='grc' dir='ltr'>ἡμᾶς</span> <span class='ocrx_word' id='word_1_314' title='bbox 2417 1267 2482 1320; x_wconf 68' lang='grc' dir='ltr'>ἑκ</span> <span class='ocrx_word' id='word_1_315' title='bbox 2512 1265 2623 1319; x_wconf 82' lang='grc' dir='ltr'><strong>τῶν</strong></span> <span class='ocrx_word' id='word_1_316' title='bbox 2653 1265 2944 1322; x_wconf 74' lang='grc' dir='ltr'>θλιϐόντων</span> <span class='ocrx_word' id='word_1_317' title='bbox 2966 1269 3138 1338; x_wconf 79' lang='grc' dir='ltr'>ἡμᾶς,</span> <span class='ocrx_word' id='word_1_318' title='bbox 3181 1267 3290 1321; x_wconf 75' lang='grc' dir='ltr'>καὶ</span> <span class='ocrx_word' id='word_1_319' title='bbox 3324 1266 3480 1330; x_wconf 79' lang='grc' dir='ltr'>τοὺς</span> <span class='ocrx_word' id='word_1_320' title='bbox 3520 1263 3762 1336; x_wconf 79' lang='grc' dir='ltr'>μισοῦνο</span> 
     </span>
    </p>
   </div>
   <div class='ocr_carea' id='block_1_44' title="bbox 2111 1355 2786 1426">
    <p class='ocr_par' dir='ltr' id='par_1_44' title="bbox 2111 1355 2786 1426">
     <span class='ocr_line' id='line_1_44' title="bbox 2111 1355 2786 1426; baseline -0.001 -17"><span class='ocrx_word' id='word_1_321' title='bbox 2111 1373 2212 1415; x_wconf 83' lang='grc' dir='ltr'><strong>τας</strong></span> <span class='ocrx_word' id='word_1_322' title='bbox 2241 1356 2385 1426; x_wconf 75' lang='grc' dir='ltr'>ἡμᾶς</span> <span class='ocrx_word' id='word_1_323' title='bbox 2415 1355 2786 1426; x_wconf 71' lang='grc' dir='ltr'><strong>κατῄσχυνας.</strong></span> 
     </span>
    </p>
   </div>
   <div class='ocr_carea' id='block_1_45' title="bbox 2185 1614 3755 1688">
    <p class='ocr_par' dir='ltr' id='par_1_45' title="bbox 2185 1614 3755 1688">
     <span class='ocr_line' id='line_1_45' title="bbox 2185 1614 3755 1688; baseline -0.002 -17"><span class='ocrx_word' id='word_1_324' title='bbox 2185 1618 2424 1688; x_wconf 73' lang='grc' dir='ltr'>Δι’ἆπερ</span> <span class='ocrx_word' id='word_1_325' title='bbox 2474 1614 2865 1688; x_wconf 79' lang='grc' dir='ltr'>ἀπαράκλητον</span> <span class='ocrx_word' id='word_1_326' title='bbox 2916 1614 3062 1685; x_wconf 72' lang='grc' dir='ltr'>ἔχειν</span> <span class='ocrx_word' id='word_1_327' title='bbox 3121 1615 3339 1680; x_wconf 86' lang='grc' dir='ltr'>πένθος</span> <span class='ocrx_word' id='word_1_328' title='bbox 3373 1615 3410 1668; x_wconf 78' lang='grc'>6</span> <span class='ocrx_word' id='word_1_329' title='bbox 3439 1617 3755 1687; x_wconf 76' lang='grc' dir='ltr'>προφήτης</span> 
     </span>
    </p>
   </div>
   <div class='ocr_carea' id='block_1_46' title="bbox 2046 1687 3753 1784">
    <p class='ocr_par' dir='ltr' id='par_1_46' title="bbox 2046 1687 3753 1784">
     <span class='ocr_line' id='line_1_46' title="bbox 2046 1687 3753 1784; baseline -0.002 -19"><span class='ocrx_word' id='word_1_330' title='bbox 2046 1687 2086 1739; x_wconf 70' lang='grc' dir='ltr'><strong><em>Β</em></strong></span> <span class='ocrx_word' id='word_1_331' title='bbox 2115 1716 2248 1784; x_wconf 52' lang='grc' dir='ltr'>φησὶ</span> <span class='ocrx_word' id='word_1_332' title='bbox 2272 1713 2332 1766; x_wconf 72' lang='grc' dir='ltr'><strong>τὸ</strong></span> <span class='ocrx_word' id='word_1_333' title='bbox 2382 1687 2538 1780; x_wconf 81' lang='grc' dir='ltr'>γένος</span> <span class='ocrx_word' id='word_1_334' title='bbox 2591 1708 3013 1778; x_wconf 85' lang='grc' dir='ltr'>ὀλοφυρόμενος.</span> <span class='ocrx_word' id='word_1_335' title='bbox 3054 1706 3175 1774; x_wconf 78' lang='grc' dir='ltr'><strong>Τὴν</strong></span> <span class='ocrx_word' id='word_1_336' title='bbox 3223 1709 3354 1777; x_wconf 75' lang='grc' dir='ltr'>γὰρ</span> <span class='ocrx_word' id='word_1_337' title='bbox 3411 1708 3606 1777; x_wconf 79' lang='grc' dir='ltr'>χεῖρα</span> <span class='ocrx_word' id='word_1_338' title='bbox 3633 1706 3753 1775; x_wconf 77' lang='grc' dir='ltr'><strong>τὴν</strong></span> 
     </span>
    </p>
   </div>
   <div class='ocr_carea' id='block_1_47' title="bbox 2114 1799 3751 1874">
    <p class='ocr_par' dir='ltr' id='par_1_47' title="bbox 2114 1799 3751 1874">
     <span class='ocr_line' id='line_1_47' title="bbox 2114 1799 3751 1874; baseline -0.004 -14"><span class='ocrx_word' id='word_1_339' title='bbox 2114 1805 2368 1874; x_wconf 66' lang='grc' dir='ltr'><strong>ὑψηλὴν</strong></span> <span class='ocrx_word' id='word_1_340' title='bbox 2399 1805 2491 1868; x_wconf 82' lang='grc' dir='ltr'><strong>τίς</strong></span> <span class='ocrx_word' id='word_1_341' title='bbox 2507 1799 2872 1867; x_wconf 68' lang='grc' dir='ltr'>ἀποστρέψει</span> <span class='ocrx_word' id='word_1_342' title='bbox 2905 1815 2923 1863; x_wconf 86' lang='grc'><em>;</em></span> <span class='ocrx_word' id='word_1_343' title='bbox 2965 1799 3100 1852; x_wconf 82' lang='grc' dir='ltr'><strong>Ἐὰν</strong></span> <span class='ocrx_word' id='word_1_344' title='bbox 3125 1799 3236 1868; x_wconf 77' lang='grc' dir='ltr'>γὰρ</span> <span class='ocrx_word' id='word_1_345' title='bbox 3293 1802 3544 1868; x_wconf 72' lang='grc' dir='ltr'>κλείσῃ</span> <span class='ocrx_word' id='word_1_346' title='bbox 3599 1801 3751 1854; x_wconf 76' lang='grc' dir='ltr'>κατὰ</span> 
     </span>
    </p>
   </div>
   <div class='ocr_carea' id='block_1_48' title="bbox 2114 1889 3753 1968">
    <p class='ocr_par' dir='ltr' id='par_1_48' title="bbox 2114 1889 3753 1968">
     <span class='ocr_line' id='line_1_48' title="bbox 2114 1889 3753 1968; baseline -0.004 -14"><span class='ocrx_word' id='word_1_347' title='bbox 2114 1898 2431 1968; x_wconf 78' lang='grc' dir='ltr'>ἀνθρώπου</span> <span class='ocrx_word' id='word_1_348' title='bbox 2447 1896 2540 1963; x_wconf 83' lang='grc' dir='ltr'><strong>τίς</strong></span> <span class='ocrx_word' id='word_1_349' title='bbox 2559 1893 2824 1959; x_wconf 80' lang='grc' dir='ltr'>ἀνοίξει;</span> <span class='ocrx_word' id='word_1_350' title='bbox 2857 1889 2991 1946; x_wconf 72' lang='grc' dir='ltr'>Εἶτά</span> <span class='ocrx_word' id='word_1_351' title='bbox 3022 1905 3177 1963; x_wconf 84' lang='grc' dir='ltr'>φησι·</span> <span class='ocrx_word' id='word_1_352' title='bbox 3202 1892 3606 1947; x_wconf 74' lang='grc' dir='ltr'>Πλανῶνται</span> <span class='ocrx_word' id='word_1_353' title='bbox 3635 1893 3753 1948; x_wconf 70' lang='grc' dir='ltr'><strong>ἀνὰ</strong></span> 
     </span>
    </p>
   </div>
   <div class='ocr_carea' id='block_1_49' title="bbox 2116 1985 3749 2061">
    <p class='ocr_par' dir='ltr' id='par_1_49' title="bbox 2116 1985 3749 2061">
     <span class='ocr_line' id='line_1_49' title="bbox 2116 1985 3749 2061; baseline -0.004 -15"><span class='ocrx_word' id='word_1_354' title='bbox 2116 1993 2188 2047; x_wconf 83' lang='grc' dir='ltr'>τὰ</span> <span class='ocrx_word' id='word_1_355' title='bbox 2202 1992 2332 2060; x_wconf 78' lang='grc' dir='ltr'>ὄρη,</span> <span class='ocrx_word' id='word_1_356' title='bbox 2356 1991 2390 2061; x_wconf 74' lang='grc' dir='ltr'>ἦ</span> <span class='ocrx_word' id='word_1_357' title='bbox 2415 1989 2728 2060; x_wconf 85' lang='grc' dir='ltr'>φεύγοντες,</span> <span class='ocrx_word' id='word_1_358' title='bbox 2755 1988 2832 2052; x_wconf 85' lang='grc' dir='ltr'><strong>ὡς</strong></span> <span class='ocrx_word' id='word_1_359' title='bbox 2857 1987 3140 2058; x_wconf 76' lang='grc' dir='ltr'>ἐλέγομεν,</span> <span class='ocrx_word' id='word_1_360' title='bbox 3171 1988 3205 2058; x_wconf 77' lang='grc' dir='ltr'>ἢ</span> <span class='ocrx_word' id='word_1_361' title='bbox 3233 1988 3302 2041; x_wconf 82' lang='grc' dir='ltr'>ἑν</span> <span class='ocrx_word' id='word_1_362' title='bbox 3339 1985 3594 2058; x_wconf 78' lang='grc' dir='ltr'>ὑψηλοῖς</span> <span class='ocrx_word' id='word_1_363' title='bbox 3620 1986 3749 2050; x_wconf 75' lang='grc' dir='ltr'>τοὺς</span> 
     </span>
    </p>
   </div>
   <div class='ocr_carea' id='block_1_50' title="bbox 2115 2074 3750 2154">
    <p class='ocr_par' dir='ltr' id='par_1_50' title="bbox 2115 2074 3750 2154">
     <span class='ocr_line' id='line_1_50' title="bbox 2115 2074 3750 2154; baseline -0.005 -17"><span class='ocrx_word' id='word_1_364' title='bbox 2115 2082 2502 2154; x_wconf 74' lang='grc' dir='ltr'>ψευδωνύμους</span> <span class='ocrx_word' id='word_1_365' title='bbox 2531 2079 2689 2144; x_wconf 74' lang='grc' dir='ltr'>θεοὺς</span> <span class='ocrx_word' id='word_1_366' title='bbox 2714 2079 3073 2142; x_wconf 80' lang='grc' dir='ltr'><strong>ἱκετεύοντες·</strong></span> <span class='ocrx_word' id='word_1_367' title='bbox 3100 2079 3243 2150; x_wconf 81' lang='grc' dir='ltr'>ὅπερ</span> <span class='ocrx_word' id='word_1_368' title='bbox 3273 2074 3356 2149; x_wconf 76' lang='grc' dir='ltr'>ἦν</span> <span class='ocrx_word' id='word_1_369' title='bbox 3391 2078 3531 2142; x_wconf 78' lang='grc' dir='ltr'>εθος</span> <span class='ocrx_word' id='word_1_370' title='bbox 3562 2077 3750 2140; x_wconf 78' lang='grc' dir='ltr'>αὐτοῖς</span> 
     </span>
    </p>
   </div>
   <div class='ocr_carea' id='block_1_51' title="bbox 2120 2167 3746 2246">
    <p class='ocr_par' dir='ltr' id='par_1_51' title="bbox 2120 2167 3746 2246">
     <span class='ocr_line' id='line_1_51' title="bbox 2120 2167 3746 2246; baseline -0.005 -16"><span class='ocrx_word' id='word_1_371' title='bbox 2120 2172 2485 2246; x_wconf 78' lang='grc' dir='ltr'>παρὰδένδρα</span> <span class='ocrx_word' id='word_1_372' title='bbox 2519 2171 2729 2242; x_wconf 80' lang='grc' dir='ltr'>μεγάλα</span> <span class='ocrx_word' id='word_1_373' title='bbox 2771 2172 2969 2224; x_wconf 78' lang='grc' dir='ltr'>ποιεῖν.</span> <span class='ocrx_word' id='word_1_374' title='bbox 3037 2170 3193 2223; x_wconf 76' lang='grc' dir='ltr'>Ἐπεὶ</span> <span class='ocrx_word' id='word_1_375' title='bbox 3251 2169 3381 2240; x_wconf 78' lang='grc' dir='ltr'><strong>γὰρ</strong></span> <span class='ocrx_word' id='word_1_376' title='bbox 3445 2169 3562 2240; x_wconf 75' lang='grc' dir='ltr'>ἔφη</span> <span class='ocrx_word' id='word_1_377' title='bbox 3634 2167 3746 2236; x_wconf 74' lang='grc' dir='ltr'><strong>τὴν</strong></span> 
     </span>
    </p>
   </div>
   <div class='ocr_carea' id='block_1_52' title="bbox 2117 2257 3745 2330">
    <p class='ocr_par' dir='ltr' id='par_1_52' title="bbox 2117 2257 3745 2330">
     <span class='ocr_line' id='line_1_52' title="bbox 2117 2257 3745 2330; baseline -0.006 -11"><span class='ocrx_word' id='word_1_378' title='bbox 2117 2262 2421 2319; x_wconf 74' lang='grc' dir='ltr'>ἀπώλειαν</span> <span class='ocrx_word' id='word_1_379' title='bbox 2446 2260 2608 2330; x_wconf 69' lang='grc' dir='ltr'>παρὰ</span> <span class='ocrx_word' id='word_1_380' title='bbox 2631 2261 2852 2330; x_wconf 82' lang='grc' dir='ltr'>Κυρίου</span> <span class='ocrx_word' id='word_1_381' title='bbox 2894 2259 3137 2317; x_wconf 78' lang='grc' dir='ltr'>Σαϐαὼθ</span> <span class='ocrx_word' id='word_1_382' title='bbox 3189 2257 3617 2329; x_wconf 74' lang='grc' dir='ltr'>ἐπιφέρεσθαι,</span> <span class='ocrx_word' id='word_1_383' title='bbox 3652 2257 3745 2310; x_wconf 76' lang='grc' dir='ltr'>καὶ</span> 
     </span>
    </p>
   </div>
   <div class='ocr_carea' id='block_1_53' title="bbox 2117 2349 3734 2428">
    <p class='ocr_par' dir='ltr' id='par_1_53' title="bbox 2117 2349 3734 2428">
     <span class='ocr_line' id='line_1_53' title="bbox 2117 2349 3734 2428; baseline -0.007 -17"><span class='ocrx_word' id='word_1_384' title='bbox 2117 2355 2217 2428; x_wconf 81' lang='grc' dir='ltr'>τὴν</span> <span class='ocrx_word' id='word_1_385' title='bbox 2271 2355 2451 2411; x_wconf 77' lang='grc' dir='ltr'>αἰτίαν</span> <span class='ocrx_word' id='word_1_386' title='bbox 2493 2354 2716 2418; x_wconf 76' lang='grc' dir='ltr'>εἰκότως</span> <span class='ocrx_word' id='word_1_387' title='bbox 2751 2354 3076 2423; x_wconf 78' lang='grc' dir='ltr'>ἐπήνεγκεν,</span> <span class='ocrx_word' id='word_1_388' title='bbox 3100 2351 3176 2414; x_wconf 84' lang='grc' dir='ltr'><strong>ὡς</strong></span> <span class='ocrx_word' id='word_1_389' title='bbox 3195 2350 3269 2404; x_wconf 74' lang='grc' dir='ltr'>ἂν</span> <span class='ocrx_word' id='word_1_390' title='bbox 3307 2351 3448 2420; x_wconf 77' lang='grc' dir='ltr'>εικῆ</span> <span class='ocrx_word' id='word_1_391' title='bbox 3480 2349 3624 2412; x_wconf 77' lang='grc' dir='ltr'>Θεὸς</span> <span class='ocrx_word' id='word_1_392' title='bbox 3657 2350 3734 2416; x_wconf 65' lang='grc' dir='ltr'>μὴ</span> 
     </span>
    </p>
   </div>
   <div class='ocr_carea' id='block_1_54' title="bbox 2118 2434 3740 2519">
    <p class='ocr_par' dir='ltr' id='par_1_54' title="bbox 2118 2434 3740 2519">
     <span class='ocr_line' id='line_1_54' title="bbox 2118 2434 3740 2519; baseline -0.009 -16"><span class='ocrx_word' id='word_1_393' title='bbox 2118 2450 2481 2519; x_wconf 80' lang='grc' dir='ltr'>τιμωρεῖσθαι</span> <span class='ocrx_word' id='word_1_394' title='bbox 2513 2442 2808 2515; x_wconf 76' lang='grc' dir='ltr'>νομίζοιτο.</span> <span class='ocrx_word' id='word_1_395' title='bbox 2848 2444 2941 2498; x_wconf 85' lang='grc' dir='ltr'><strong>Διό</strong></span> <span class='ocrx_word' id='word_1_396' title='bbox 2967 2460 3131 2512; x_wconf 86' lang='grc' dir='ltr'>φησιν</span> <span class='ocrx_word' id='word_1_397' title='bbox 3167 2441 3494 2511; x_wconf 86' lang='grc' dir='ltr'>Ἱερεμίας·</span> <span class='ocrx_word' id='word_1_398' title='bbox 3537 2459 3557 2492; x_wconf 68' lang='grc' dir='ltr'>ς</span> <span class='ocrx_word' id='word_1_399' title='bbox 3584 2434 3740 2500; x_wconf 72' lang='grc' dir='ltr'>Εἶδες</span> 
     </span>
    </p>
   </div>
   <div class='ocr_carea' id='block_1_55' title="bbox 2121 2532 3733 2609">
    <p class='ocr_par' dir='ltr' id='par_1_55' title="bbox 2121 2532 3733 2609">
     <span class='ocr_line' id='line_1_55' title="bbox 2121 2532 3733 2609; baseline -0.007 -15"><span class='ocrx_word' id='word_1_400' title='bbox 2121 2539 2158 2594; x_wconf 77' lang='grc' dir='ltr'>ἃ.</span> <span class='ocrx_word' id='word_1_401' title='bbox 2178 2538 2435 2609; x_wconf 73' lang='grc' dir='ltr'>ἐποίησέν</span> <span class='ocrx_word' id='word_1_402' title='bbox 2487 2555 2579 2608; x_wconf 84' lang='grc' dir='ltr'><strong>μοι</strong></span> <span class='ocrx_word' id='word_1_403' title='bbox 2606 2539 2639 2607; x_wconf 74' lang='grc' dir='ltr'>ἡ</span> <span class='ocrx_word' id='word_1_404' title='bbox 2668 2536 2920 2591; x_wconf 85' lang='grc' dir='ltr'>κατοικία</span> <span class='ocrx_word' id='word_1_405' title='bbox 2983 2535 3074 2587; x_wconf 79' lang='grc' dir='ltr'>τοῦ</span> <span class='ocrx_word' id='word_1_406' title='bbox 3116 2535 3356 2604; x_wconf 71' lang='grc' dir='ltr'>Ἰσραήλ</span> <span class='ocrx_word' id='word_1_407' title='bbox 3385 2551 3401 2599; x_wconf 90' lang='grc'><strong>;</strong></span> <span class='ocrx_word' id='word_1_408' title='bbox 3425 2532 3733 2602; x_wconf 77' lang='grc' dir='ltr'>Ἐπορεύθη</span> 
     </span>
    </p>
   </div>
   <div class='ocr_carea' id='block_1_56' title="bbox 2123 2621 3734 2698">
    <p class='ocr_par' dir='ltr' id='par_1_56' title="bbox 2123 2621 3734 2698">
     <span class='ocr_line' id='line_1_56' title="bbox 2123 2621 3734 2698; baseline -0.004 -17"><span class='ocrx_word' id='word_1_409' title='bbox 2123 2630 2216 2681; x_wconf 78' lang='grc' dir='ltr'><strong>ἐπὶ</strong></span> <span class='ocrx_word' id='word_1_410' title='bbox 2271 2631 2380 2681; x_wconf 84' lang='grc' dir='ltr'><strong>πᾶν</strong></span> <span class='ocrx_word' id='word_1_411' title='bbox 2397 2628 2522 2698; x_wconf 78' lang='grc' dir='ltr'>ὅρος</span> <span class='ocrx_word' id='word_1_412' title='bbox 2550 2626 2772 2696; x_wconf 77' lang='grc' dir='ltr'>ὑψηλὸν,</span> <span class='ocrx_word' id='word_1_413' title='bbox 2803 2627 2896 2680; x_wconf 79' lang='grc' dir='ltr'>καὶ</span> <span class='ocrx_word' id='word_1_414' title='bbox 2931 2625 3019 2676; x_wconf 72' lang='grc' dir='ltr'><strong>ἐπὶ</strong></span> <span class='ocrx_word' id='word_1_415' title='bbox 3050 2623 3228 2677; x_wconf 82' lang='grc' dir='ltr'>πάντα</span> <span class='ocrx_word' id='word_1_416' title='bbox 3257 2621 3472 2693; x_wconf 76' lang='grc' dir='ltr'>βουνὸν</span> <span class='ocrx_word' id='word_1_417' title='bbox 3503 2622 3734 2691; x_wconf 65' lang='grc' dir='ltr'>ὑψηλὸν,</span> 
     </span>
    </p>
   </div>
   <div class='ocr_carea' id='block_1_57' title="bbox 2126 2715 3732 2788">
    <p class='ocr_par' dir='ltr' id='par_1_57' title="bbox 2126 2715 3732 2788">
     <span class='ocr_line' id='line_1_57' title="bbox 2126 2715 3732 2788; baseline -0.003 -16"><span class='ocrx_word' id='word_1_418' title='bbox 2126 2719 2220 2772; x_wconf 77' lang='grc' dir='ltr'>καὶ</span> <span class='ocrx_word' id='word_1_419' title='bbox 2256 2721 2348 2769; x_wconf 74' lang='grc' dir='ltr'><strong>ἐπὶ</strong></span> <span class='ocrx_word' id='word_1_420' title='bbox 2403 2716 2600 2778; x_wconf 85' lang='grc' dir='ltr'>παντὸς</span> <span class='ocrx_word' id='word_1_421' title='bbox 2662 2715 2818 2779; x_wconf 78' lang='grc' dir='ltr'>ξύλου</span> <span class='ocrx_word' id='word_1_422' title='bbox 2873 2716 3167 2779; x_wconf 81' lang='grc' dir='ltr'>ἁλσώδους,</span> <span class='ocrx_word' id='word_1_423' title='bbox 3222 2719 3335 2771; x_wconf 82' lang='grc' dir='ltr'>καὶ</span> <span class='ocrx_word' id='word_1_424' title='bbox 3394 2718 3732 2788; x_wconf 74' lang='grc' dir='ltr'>ἐπόρνευσεν</span> 
     </span>
    </p>
   </div>
   <div class='ocr_carea' id='block_1_58' title="bbox 2125 2803 3730 2882">
    <p class='ocr_par' dir='ltr' id='par_1_58' title="bbox 2125 2803 3730 2882">
     <span class='ocr_line' id='line_1_58' title="bbox 2125 2803 3730 2882; baseline -0.009 -18"><span class='ocrx_word' id='word_1_425' title='bbox 2125 2811 2258 2875; x_wconf 77' lang='grc' dir='ltr'>ἐκεῖ,</span> <span class='ocrx_word' id='word_1_426' title='bbox 2285 2826 2304 2860; x_wconf 75' lang='grc' dir='ltr'><strong>ι</strong></span> <span class='ocrx_word' id='word_1_427' title='bbox 2342 2803 2484 2862; x_wconf 83' lang='grc' dir='ltr'>κατὰ</span> <span class='ocrx_word' id='word_1_428' title='bbox 2507 2808 2569 2861; x_wconf 82' lang='grc' dir='ltr'>τὸ</span> <span class='ocrx_word' id='word_1_429' title='bbox 2590 2810 2878 2878; x_wconf 73' lang='grc' dir='ltr'>εἰρημένον</span> <span class='ocrx_word' id='word_1_430' title='bbox 2899 2825 2914 2840; x_wconf 90' lang='grc'><strong>·</strong></span> <span class='ocrx_word' id='word_1_431' title='bbox 2957 2829 2976 2861; x_wconf 79' lang='grc' dir='ltr'><strong>ι</strong></span> <span class='ocrx_word' id='word_1_432' title='bbox 2995 2810 3086 2880; x_wconf 86' lang='grc' dir='ltr'>Τῷ</span> <span class='ocrx_word' id='word_1_433' title='bbox 3122 2810 3270 2882; x_wconf 80' lang='grc' dir='ltr'>ξύλῳ</span> <span class='ocrx_word' id='word_1_434' title='bbox 3308 2807 3508 2866; x_wconf 72' lang='grc' dir='ltr'>εἶπαν·</span> <span class='ocrx_word' id='word_1_435' title='bbox 3543 2809 3730 2879; x_wconf 65' lang='grc' dir='ltr'><strong>Πατήρ</strong></span> 
     </span>
    </p>
   </div>
   <div class='ocr_carea' id='block_1_59' title="bbox 2130 2897 3728 2976">
    <p class='ocr_par' dir='ltr' id='par_1_59' title="bbox 2130 2897 3728 2976">
     <span class='ocr_line' id='line_1_59' title="bbox 2130 2897 3728 2976; baseline 0 -20"><span class='ocrx_word' id='word_1_436' title='bbox 2130 2919 2232 2972; x_wconf 89' lang='grc' dir='ltr'><strong>μου</strong></span> <span class='ocrx_word' id='word_1_437' title='bbox 2258 2897 2309 2955; x_wconf 79' lang='lat' dir='ltr'><strong>ei</strong></span> <span class='ocrx_word' id='word_1_438' title='bbox 2327 2902 2414 2956; x_wconf 89' lang='grc' dir='ltr'><strong>σύ.</strong></span> <span class='ocrx_word' id='word_1_439' title='bbox 2439 2903 2549 2955; x_wconf 77' lang='grc' dir='ltr'><strong>Καὶ</strong></span> <span class='ocrx_word' id='word_1_440' title='bbox 2569 2901 2646 2972; x_wconf 82' lang='grc' dir='ltr'>τῷ</span> <span class='ocrx_word' id='word_1_441' title='bbox 2672 2900 2825 2971; x_wconf 84' lang='grc' dir='ltr'>λίθῳ·</span> <span class='ocrx_word' id='word_1_442' title='bbox 2858 2901 2930 2954; x_wconf 88' lang='grc' dir='ltr'>Σύ</span> <span class='ocrx_word' id='word_1_443' title='bbox 2947 2919 3014 2970; x_wconf 91' lang='grc' dir='ltr'><strong>με</strong></span> <span class='ocrx_word' id='word_1_444' title='bbox 3037 2902 3384 2976; x_wconf 74' lang='grc' dir='ltr'>ἐγέννησας.</span> <span class='ocrx_word' id='word_1_445' title='bbox 3411 2922 3432 2956; x_wconf 75' lang='grc' dir='ltr'><strong>ι</strong></span> <span class='ocrx_word' id='word_1_446' title='bbox 3472 2905 3586 2957; x_wconf 81' lang='grc' dir='ltr'><strong>Καὶ</strong></span> <span class='ocrx_word' id='word_1_447' title='bbox 3611 2902 3728 2956; x_wconf 67' lang='grc' dir='ltr'>οὐδὲ</span> 
     </span>
    </p>
   </div>
   <div class='ocr_carea' id='block_1_60' title="bbox 451 2991 2020 3066">
    <p class='ocr_par' dir='ltr' id='par_1_60' title="bbox 451 2991 2020 3064">
     <span class='ocr_line' id='line_1_60' title="bbox 451 2991 2020 3064; baseline 0 -17"><span class='ocrx_word' id='word_1_448' title='bbox 451 3010 610 3048; x_wconf 79' lang='lat' dir='ltr'><strong>incus</strong></span> <span class='ocrx_word' id='word_1_449' title='bbox 639 3009 731 3060; x_wconf 90' lang='lat' dir='ltr'><strong>es;</strong></span> <span class='ocrx_word' id='word_1_450' title='bbox 767 2994 966 3049; x_wconf 90' lang='lat' dir='ltr'><strong>deinde</strong></span> <span class='ocrx_word' id='word_1_451' title='bbox 993 2994 1163 3064; x_wconf 87' lang='lat' dir='ltr'><strong>lapidi</strong></span> <span class='ocrx_word' id='word_1_452' title='bbox 1200 3012 1212 3048; x_wconf 90' lang='lat'><strong>:</strong></span> <span class='ocrx_word' id='word_1_453' title='bbox 1248 2993 1329 3047; x_wconf 82' lang='lat' dir='ltr'><strong>Me</strong></span> <span class='ocrx_word' id='word_1_454' title='bbox 1357 2995 1472 3062; x_wconf 75' lang='lat' dir='ltr'><strong>ipse</strong></span> <span class='ocrx_word' id='word_1_455' title='bbox 1499 2994 1736 3063; x_wconf 73' lang='lat' dir='ltr'><strong>genuisti</strong></span> <span class='ocrx_word' id='word_1_456' title='bbox 1763 2993 1827 3048; x_wconf 74' lang='lat'><strong>“.</strong></span> <span class='ocrx_word' id='word_1_457' title='bbox 1859 3010 1877 3045; x_wconf 75' lang='grc' dir='ltr'><strong>ι</strong></span> <span class='ocrx_word' id='word_1_458' title='bbox 1915 2991 2020 3047; x_wconf 84' lang='lat' dir='ltr'><strong>Nec</strong></span> 
     </span>
    </p>
   </div>
   <div class='ocr_carea' id='block_1_61' title="bbox 2124 2991 3729 3066">
    <p class='ocr_par' dir='ltr' id='par_1_61' title="bbox 2130 2991 3729 3064">
     <span class='ocr_line' id='line_1_61' title="bbox 2130 2991 3729 3064; baseline 0.002 -22"><span class='ocrx_word' id='word_1_459' title='bbox 2130 2991 2323 3059; x_wconf 82' lang='grc' dir='ltr'>ὀλίγοι,</span> <span class='ocrx_word' id='word_1_460' title='bbox 2349 2991 2502 3058; x_wconf 70' lang='grc' dir='ltr'>φησὶ,</span> <span class='ocrx_word' id='word_1_461' title='bbox 2529 2991 2687 3044; x_wconf 79' lang='grc' dir='ltr'>τοῦτο</span> <span class='ocrx_word' id='word_1_462' title='bbox 2712 2992 3064 3058; x_wconf 79' lang='grc' dir='ltr'>πεπόνθασιν,</span> <span class='ocrx_word' id='word_1_463' title='bbox 3087 2994 3203 3047; x_wconf 80' lang='grc' dir='ltr'>ἀλλ’</span> <span class='ocrx_word' id='word_1_464' title='bbox 3219 2995 3357 3048; x_wconf 65' lang='grc' dir='ltr'><strong>ἀπὸ</strong></span> <span class='ocrx_word' id='word_1_465' title='bbox 3369 2995 3602 3064; x_wconf 81' lang='grc' dir='ltr'>μικροῦ</span> <span class='ocrx_word' id='word_1_466' title='bbox 3623 2994 3729 3058; x_wconf 82' lang='grc' dir='ltr'>ἕως</span> 
     </span>
    </p>
   </div>
   <div class='ocr_carea' id='block_1_62' title="bbox 451 3083 2023 3153">
    <p class='ocr_par' dir='ltr' id='par_1_62' title="bbox 451 3083 2023 3153">
     <span class='ocr_line' id='line_1_62' title="bbox 451 3083 2023 3153; baseline 0.003 -20"><span class='ocrx_word' id='word_1_467' title='bbox 451 3097 582 3135; x_wconf 76' lang='lat' dir='ltr'><strong>vero</strong></span> <span class='ocrx_word' id='word_1_468' title='bbox 610 3091 716 3148; x_wconf 90' lang='lat' dir='ltr'><strong>est,</strong></span> <span class='ocrx_word' id='word_1_469' title='bbox 751 3084 898 3151; x_wconf 91' lang='lat' dir='ltr'><strong>quod</strong></span> <span class='ocrx_word' id='word_1_470' title='bbox 924 3098 954 3136; x_wconf 92' lang='lat' dir='ltr'><strong>a</strong></span> <span class='ocrx_word' id='word_1_471' title='bbox 989 3085 1179 3152; x_wconf 89' lang='lat' dir='ltr'><strong>paucis</strong></span> <span class='ocrx_word' id='word_1_472' title='bbox 1211 3083 1356 3137; x_wconf 89' lang='lat' dir='ltr'><strong>istud</strong></span> <span class='ocrx_word' id='word_1_473' title='bbox 1397 3083 1597 3136; x_wconf 76' lang='lat' dir='ltr'><strong>lactinn</strong></span> <span class='ocrx_word' id='word_1_474' title='bbox 1643 3084 1813 3138; x_wconf 82' lang='lat' dir='ltr'><strong>fuisse</strong></span> <span class='ocrx_word' id='word_1_475' title='bbox 1845 3092 2023 3153; x_wconf 87' lang='lat' dir='ltr'><strong>putes,</strong></span> 
     </span>
    </p>
   </div>
   <div class='ocr_carea' id='block_1_63' title="bbox 457 3166 2031 3244">
    <p class='ocr_par' dir='ltr' id='par_1_63' title="bbox 457 3166 2031 3244">
     <span class='ocr_line' id='line_1_63' title="bbox 457 3166 2031 3244; baseline 0.009 -30"><span class='ocrx_word' id='word_1_476' title='bbox 457 3179 584 3218; x_wconf 75' lang='lat' dir='ltr'><strong>cum</strong></span> <span class='ocrx_word' id='word_1_477' title='bbox 613 3181 646 3217; x_wconf 92' lang='lat' dir='ltr'><strong>a</strong></span> <span class='ocrx_word' id='word_1_478' title='bbox 677 3166 856 3232; x_wconf 80' lang='lat' dir='ltr'><strong>parvis</strong></span> <span class='ocrx_word' id='word_1_479' title='bbox 881 3167 949 3219; x_wconf 85' lang='lat' dir='ltr'><strong>ad</strong></span> <span class='ocrx_word' id='word_1_480' title='bbox 975 3184 1192 3236; x_wconf 81' lang='lat' dir='ltr'><strong>magnos</strong></span> <span class='ocrx_word' id='word_1_481' title='bbox 1231 3169 1370 3222; x_wconf 87' lang='lat' dir='ltr'><strong>idem</strong></span> <span class='ocrx_word' id='word_1_482' title='bbox 1409 3184 1598 3224; x_wconf 89' lang='lat' dir='ltr'><strong>omnes</strong></span> <span class='ocrx_word' id='word_1_483' title='bbox 1637 3171 1834 3228; x_wconf 79' lang='lat' dir='ltr'><strong>fecisse</strong></span> <span class='ocrx_word' id='word_1_484' title='bbox 1856 3174 2031 3244; x_wconf 75' lang='lat' dir='ltr'><strong>signi-</strong></span> 
     </span>
    </p>
   </div>
   <div class='ocr_carea' id='block_1_64' title="bbox 460 3254 2030 3324">
    <p class='ocr_par' dir='ltr' id='par_1_64' title="bbox 460 3254 2030 3324">
     <span class='ocr_line' id='line_1_64' title="bbox 460 3254 2030 3324; baseline 0.008 -18"><span class='ocrx_word' id='word_1_485' title='bbox 460 3254 606 3307; x_wconf 84' lang='lat' dir='ltr'><strong>licet.</strong></span> <span class='ocrx_word' id='word_1_486' title='bbox 644 3255 773 3310; x_wconf 88' lang='lat' dir='ltr'><strong>lude</strong></span> <span class='ocrx_word' id='word_1_487' title='bbox 819 3256 961 3324; x_wconf 88' lang='lat' dir='ltr'><strong>apud</strong></span> <span class='ocrx_word' id='word_1_488' title='bbox 1013 3255 1304 3312; x_wconf 81' lang='lat' dir='ltr'><strong>Jeretniam</strong></span> <span class='ocrx_word' id='word_1_489' title='bbox 1366 3258 1534 3312; x_wconf 79' lang='lat' dir='ltr'><strong>Deum</strong></span> <span class='ocrx_word' id='word_1_490' title='bbox 1600 3261 1654 3315; x_wconf 91' lang='lat' dir='ltr'><strong>in</strong></span> <span class='ocrx_word' id='word_1_491' title='bbox 1703 3261 1816 3316; x_wconf 63' lang='lat' dir='ltr'><strong>haec</strong></span> <span class='ocrx_word' id='word_1_492' title='bbox 1865 3263 2030 3318; x_wconf 81' lang='lat' dir='ltr'><strong>verba</strong></span> 
     </span>
    </p>
   </div>
   <div class='ocr_carea' id='block_1_65' title="bbox 458 3342 2028 3422">
    <p class='ocr_par' dir='ltr' id='par_1_65' title="bbox 458 3342 2028 3422">
     <span class='ocr_line' id='line_1_65' title="bbox 458 3342 2028 3422; baseline 0.008 -28"><span class='ocrx_word' id='word_1_493' title='bbox 458 3342 770 3411; x_wconf 85' lang='lat' dir='ltr'><strong>loquentem</strong></span> <span class='ocrx_word' id='word_1_494' title='bbox 807 3346 996 3400; x_wconf 85' lang='lat' dir='ltr'><strong>audias</strong></span> <span class='ocrx_word' id='word_1_495' title='bbox 1030 3364 1042 3400; x_wconf 90' lang='lat'><strong>:</strong></span> <span class='ocrx_word' id='word_1_496' title='bbox 1079 3365 1096 3398; x_wconf 80' lang='grc' dir='ltr'><strong>ι</strong></span> <span class='ocrx_word' id='word_1_497' title='bbox 1134 3347 1197 3400; x_wconf 82' lang='lat' dir='ltr'><strong>Et</strong></span> <span class='ocrx_word' id='word_1_498' title='bbox 1224 3359 1279 3402; x_wconf 93' lang='lat' dir='ltr'><strong>tu</strong></span> <span class='ocrx_word' id='word_1_499' title='bbox 1310 3364 1377 3403; x_wconf 91' lang='lat' dir='ltr'><strong>ne</strong></span> <span class='ocrx_word' id='word_1_500' title='bbox 1402 3365 1497 3402; x_wconf 87' lang='lat' dir='ltr'><strong>ora</strong></span> <span class='ocrx_word' id='word_1_501' title='bbox 1528 3366 1624 3419; x_wconf 88' lang='lat' dir='ltr'><strong>pro</strong></span> <span class='ocrx_word' id='word_1_502' title='bbox 1658 3353 1857 3422; x_wconf 90' lang='lat' dir='ltr'><strong>populo</strong></span> <span class='ocrx_word' id='word_1_503' title='bbox 1901 3353 2028 3417; x_wconf 82' lang='lat' dir='ltr'><strong>isto,</strong></span> 
     </span>
    </p>
   </div>
   <div class='ocr_carea' id='block_1_66' title="bbox 458 3433 2029 3504">
    <p class='ocr_par' dir='ltr' id='par_1_66' title="bbox 458 3433 2029 3504">
     <span class='ocr_line' id='line_1_66' title="bbox 458 3433 2029 3504; baseline 0.008 -21"><span class='ocrx_word' id='word_1_504' title='bbox 458 3433 720 3500; x_wconf 90' lang='lat' dir='ltr'><strong>quoniam</strong></span> <span class='ocrx_word' id='word_1_505' title='bbox 769 3449 878 3488; x_wconf 91' lang='lat' dir='ltr'><strong>non</strong></span> <span class='ocrx_word' id='word_1_506' title='bbox 931 3436 1296 3491; x_wconf 73' lang='lat' dir='ltr'><strong>eXauditnrus</strong></span> <span class='ocrx_word' id='word_1_507' title='bbox 1329 3452 1470 3492; x_wconf 87' lang='lat' dir='ltr'><strong>sum.</strong></span> <span class='ocrx_word' id='word_1_508' title='bbox 1532 3441 1725 3504; x_wconf 78' lang='lat' dir='ltr'><strong>Qualia</strong></span> <span class='ocrx_word' id='word_1_509' title='bbox 1774 3443 1918 3496; x_wconf 85' lang='lat' dir='ltr'><strong>enim</strong></span> <span class='ocrx_word' id='word_1_510' title='bbox 1964 3458 2029 3498; x_wconf 89' lang='lat' dir='ltr'><strong>ea</strong></span> 
     </span>
    </p>
   </div>
   <div class='ocr_carea' id='block_1_67' title="bbox 457 3523 2026 3598">
    <p class='ocr_par' dir='ltr' id='par_1_67' title="bbox 457 3523 2026 3598">
     <span class='ocr_line' id='line_1_67' title="bbox 457 3523 2026 3598; baseline 0.007 -25"><span class='ocrx_word' id='word_1_511' title='bbox 457 3528 608 3586; x_wconf 87' lang='lat' dir='ltr'><strong>sunt,</strong></span> <span class='ocrx_word' id='word_1_512' title='bbox 640 3537 762 3590; x_wconf 70' lang='lat' dir='ltr'><strong>qua:</strong></span> <span class='ocrx_word' id='word_1_513' title='bbox 799 3523 1040 3592; x_wconf 88' lang='lat' dir='ltr'><strong>ipsorum</strong></span> <span class='ocrx_word' id='word_1_514' title='bbox 1092 3525 1186 3578; x_wconf 88' lang='lat' dir='ltr'><strong>ﬁlii</strong></span> <span class='ocrx_word' id='word_1_515' title='bbox 1226 3523 1470 3579; x_wconf 82' lang='lat' dir='ltr'><strong>faciunt?</strong></span> <span class='ocrx_word' id='word_1_516' title='bbox 1517 3526 1687 3597; x_wconf 81' lang='lat' dir='ltr'><strong>Ligna</strong></span> <span class='ocrx_word' id='word_1_517' title='bbox 1737 3531 2026 3598; x_wconf 75' lang='lat' dir='ltr'><strong>colligunt,</strong></span> 
     </span>
    </p>
   </div>
   <div class='ocr_carea' id='block_1_68' title="bbox 461 3615 2030 3690">
    <p class='ocr_par' dir='ltr' id='par_1_68' title="bbox 461 3615 2030 3690">
     <span class='ocr_line' id='line_1_68' title="bbox 461 3615 2030 3690; baseline 0.008 -26"><span class='ocrx_word' id='word_1_518' title='bbox 461 3621 516 3665; x_wconf 84' lang='lat' dir='ltr'><strong>ct</strong></span> <span class='ocrx_word' id='word_1_519' title='bbox 554 3623 738 3682; x_wconf 87' lang='lat' dir='ltr'><strong>patres</strong></span> <span class='ocrx_word' id='word_1_520' title='bbox 791 3615 972 3684; x_wconf 78' lang='lat' dir='ltr'><strong>ignem</strong></span> <span class='ocrx_word' id='word_1_521' title='bbox 1026 3617 1354 3671; x_wconf 87' lang='lat' dir='ltr'><strong>accendunt.</strong></span> <span class='ocrx_word' id='word_1_522' title='bbox 1411 3616 1620 3674; x_wconf 79' lang='lat' dir='ltr'><strong>Uxores</strong></span> <span class='ocrx_word' id='word_1_523' title='bbox 1671 3620 1835 3674; x_wconf 84' lang='lat' dir='ltr'><strong>etiam</strong></span> <span class='ocrx_word' id='word_1_524' title='bbox 1897 3621 2030 3690; x_wconf 83' lang='lat' dir='ltr'><strong>ipsae</strong></span> 
     </span>
    </p>
   </div>
   <div class='ocr_carea' id='block_1_69' title="bbox 458 3702 2030 3775">
    <p class='ocr_par' dir='ltr' id='par_1_69' title="bbox 458 3702 2030 3775">
     <span class='ocr_line' id='line_1_69' title="bbox 458 3702 2030 3775; baseline 0.006 -20"><span class='ocrx_word' id='word_1_525' title='bbox 458 3702 691 3757; x_wconf 80' lang='lat' dir='ltr'><strong>farinam</strong></span> <span class='ocrx_word' id='word_1_526' title='bbox 746 3705 1026 3773; x_wconf 82' lang='lat' dir='ltr'><strong>subigunt,</strong></span> <span class='ocrx_word' id='word_1_527' title='bbox 1068 3720 1176 3775; x_wconf 89' lang='lat' dir='ltr'><strong>qua</strong></span> <span class='ocrx_word' id='word_1_528' title='bbox 1231 3706 1511 3774; x_wconf 88' lang='lat' dir='ltr'><strong>placentas</strong></span> <span class='ocrx_word' id='word_1_529' title='bbox 1561 3707 1772 3764; x_wconf 81' lang='lat' dir='ltr'><strong>caelesti</strong></span> <span class='ocrx_word' id='word_1_530' title='bbox 1821 3709 2030 3765; x_wconf 70' lang='lat' dir='ltr'><strong>militia:</strong></span> 
     </span>
    </p>
   </div>
   <div class='ocr_carea' id='block_1_70' title="bbox 456 3797 2030 3868">
    <p class='ocr_par' dir='ltr' id='par_1_70' title="bbox 456 3797 2030 3868">
     <span class='ocr_line' id='line_1_70' title="bbox 456 3797 2030 3868; baseline 0.004 -19"><span class='ocrx_word' id='word_1_531' title='bbox 456 3797 752 3850; x_wconf 84' lang='lat' dir='ltr'><strong>conﬁciant</strong></span> <span class='ocrx_word' id='word_1_532' title='bbox 779 3798 846 3850; x_wconf 77' lang='lat'><strong>“.</strong></span> <span class='ocrx_word' id='word_1_533' title='bbox 885 3817 901 3848; x_wconf 80' lang='grc' dir='ltr'><strong>ι</strong></span> <span class='ocrx_word' id='word_1_534' title='bbox 943 3797 1062 3852; x_wconf 83' lang='lat' dir='ltr'><strong>Non</strong></span> <span class='ocrx_word' id='word_1_535' title='bbox 1113 3797 1388 3852; x_wconf 85' lang='lat' dir='ltr'><strong>immerito</strong></span> <span class='ocrx_word' id='word_1_536' title='bbox 1433 3798 1600 3868; x_wconf 79' lang='lat' dir='ltr'><strong>igitur</strong></span> <span class='ocrx_word' id='word_1_537' title='bbox 1647 3801 2030 3868; x_wconf 77' lang='lat' dir='ltr'><strong>expanduntur</strong></span> 
     </span>
    </p>
   </div>
   <div class='ocr_carea' id='block_1_71' title="bbox 458 3889 2029 3964">
    <p class='ocr_par' dir='ltr' id='par_1_71' title="bbox 458 3889 2029 3964">
     <span class='ocr_line' id='line_1_71' title="bbox 458 3889 2029 3964; baseline 0.006 -23"><span class='ocrx_word' id='word_1_538' title='bbox 458 3890 592 3942; x_wconf 87' lang='lat' dir='ltr'><strong>retia</strong></span> <span class='ocrx_word' id='word_1_539' title='bbox 653 3890 988 3944; x_wconf 78' lang='lat' dir='ltr'><strong>volucribus.</strong></span> <span class='ocrx_word' id='word_1_540' title='bbox 1042 3889 1250 3945; x_wconf 87' lang='lat' dir='ltr'><strong>Bellum</strong></span> <span class='ocrx_word' id='word_1_541' title='bbox 1322 3900 1505 3946; x_wconf 86' lang='lat' dir='ltr'><strong>autem</strong></span> <span class='ocrx_word' id='word_1_542' title='bbox 1581 3891 1840 3964; x_wconf 89' lang='lat' dir='ltr'><strong>deinceps</strong></span> <span class='ocrx_word' id='word_1_543' title='bbox 1902 3903 2029 3950; x_wconf 87' lang='lat' dir='ltr'><strong>ante</strong></span> 
     </span>
    </p>
   </div>
   <div class='ocr_carea' id='block_1_72' title="bbox 453 3980 2031 4052">
    <p class='ocr_par' dir='ltr' id='par_1_72' title="bbox 453 3980 2031 4052">
     <span class='ocr_line' id='line_1_72' title="bbox 453 3980 2031 4052; baseline 0.001 -18"><span class='ocrx_word' id='word_1_544' title='bbox 453 3980 646 4035; x_wconf 84' lang='lat' dir='ltr'><strong>oculos</strong></span> <span class='ocrx_word' id='word_1_545' title='bbox 680 3980 924 4050; x_wconf 89' lang='lat' dir='ltr'><strong>subjicit,</strong></span> <span class='ocrx_word' id='word_1_546' title='bbox 987 3989 1047 4035; x_wconf 91' lang='lat' dir='ltr'><strong>ut</strong></span> <span class='ocrx_word' id='word_1_547' title='bbox 1079 3994 1298 4052; x_wconf 81' lang='lat' dir='ltr'><strong>prepter</strong></span> <span class='ocrx_word' id='word_1_548' title='bbox 1331 3981 1594 4037; x_wconf 83' lang='lat' dir='ltr'><strong>Elamitas</strong></span> <span class='ocrx_word' id='word_1_549' title='bbox 1621 3983 1674 4037; x_wconf 90' lang='lat' dir='ltr'><strong>in</strong></span> <span class='ocrx_word' id='word_1_550' title='bbox 1725 3985 1857 4038; x_wconf 85' lang='lat' dir='ltr'><strong>urbe</strong></span> <span class='ocrx_word' id='word_1_551' title='bbox 1884 3985 2031 4041; x_wconf 76' lang='lat' dir='ltr'><strong>exsi-</strong></span> 
     </span>
    </p>
   </div>
   <div class='ocr_carea' id='block_1_73' title="bbox 454 4074 2030 4146">
    <p class='ocr_par' dir='ltr' id='par_1_73' title="bbox 454 4074 2030 4146">
     <span class='ocr_line' id='line_1_73' title="bbox 454 4074 2030 4146; baseline 0.003 -20"><span class='ocrx_word' id='word_1_552' title='bbox 454 4080 666 4128; x_wconf 87' lang='lat' dir='ltr'><strong>stcntes</strong></span> <span class='ocrx_word' id='word_1_553' title='bbox 697 4075 874 4128; x_wconf 86' lang='lat' dir='ltr'><strong>territi</strong></span> <span class='ocrx_word' id='word_1_554' title='bbox 907 4074 1262 4142; x_wconf 88' lang='lat' dir='ltr'><strong>resipiscant,</strong></span> <span class='ocrx_word' id='word_1_555' title='bbox 1292 4076 1564 4146; x_wconf 89' lang='lat' dir='ltr'><strong>uniusque</strong></span> <span class='ocrx_word' id='word_1_556' title='bbox 1603 4077 1780 4144; x_wconf 76' lang='lat' dir='ltr'><strong>gentis</strong></span> <span class='ocrx_word' id='word_1_557' title='bbox 1813 4077 2030 4132; x_wconf 86' lang='lat' dir='ltr'><strong>nomine</strong></span> 
     </span>
    </p>
   </div>
   <div class='ocr_carea' id='block_1_74' title="bbox 456 4161 2026 4236">
    <p class='ocr_par' dir='ltr' id='par_1_74' title="bbox 456 4161 2026 4236">
     <span class='ocr_line' id='line_1_74' title="bbox 456 4161 2026 4236; baseline 0.003 -20"><span class='ocrx_word' id='word_1_558' title='bbox 456 4161 641 4218; x_wconf 80' lang='lat' dir='ltr'><strong>hostes</strong></span> <span class='ocrx_word' id='word_1_559' title='bbox 672 4180 886 4228; x_wconf 87' lang='lat' dir='ltr'><strong>omnes,</strong></span> <span class='ocrx_word' id='word_1_560' title='bbox 917 4174 970 4219; x_wconf 89' lang='lat' dir='ltr'><strong>et</strong></span> <span class='ocrx_word' id='word_1_561' title='bbox 995 4180 1246 4236; x_wconf 82' lang='lat' dir='ltr'><strong>magnam</strong></span> <span class='ocrx_word' id='word_1_562' title='bbox 1279 4181 1468 4220; x_wconf 89' lang='lat' dir='ltr'><strong>eorum</strong></span> <span class='ocrx_word' id='word_1_563' title='bbox 1493 4167 1706 4235; x_wconf 89' lang='lat' dir='ltr'><strong>copiam</strong></span> <span class='ocrx_word' id='word_1_564' title='bbox 1736 4166 2026 4235; x_wconf 77' lang='lat' dir='ltr'><strong>signiﬁcat.</strong></span> 
     </span>
    </p>
   </div>
   <div class='ocr_carea' id='block_1_75' title="bbox 465 4251 2026 4326">
    <p class='ocr_par' dir='ltr' id='par_1_75' title="bbox 465 4251 2026 4326">
     <span class='ocr_line' id='line_1_75' title="bbox 465 4251 2026 4326; baseline 0.003 -20"><span class='ocrx_word' id='word_1_565' title='bbox 465 4251 642 4309; x_wconf 68' lang='lat' dir='ltr'><strong>Valle:</strong></span> <span class='ocrx_word' id='word_1_566' title='bbox 674 4265 802 4321; x_wconf 73' lang='lat' dir='ltr'><strong>tum,</strong></span> <span class='ocrx_word' id='word_1_567' title='bbox 834 4252 1045 4326; x_wconf 82' lang='lat' dir='ltr'><strong>adjicit,</strong></span> <span class='ocrx_word' id='word_1_568' title='bbox 1079 4257 1323 4312; x_wconf 73' lang='lat' dir='ltr'><strong>curribus</strong></span> <span class='ocrx_word' id='word_1_569' title='bbox 1357 4257 1731 4325; x_wconf 78' lang='lat' dir='ltr'><strong>implebantur,</strong></span> <span class='ocrx_word' id='word_1_570' title='bbox 1752 4267 1806 4313; x_wconf 87' lang='lat' dir='ltr'><strong>et</strong></span> <span class='ocrx_word' id='word_1_571' title='bbox 1838 4258 1932 4326; x_wconf 91' lang='lat' dir='ltr'><strong>qui</strong></span> <span class='ocrx_word' id='word_1_572' title='bbox 1961 4258 2026 4311; x_wconf 86' lang='lat' dir='ltr'><strong>ad</strong></span> 
     </span>
    </p>
   </div>
   <div class='ocr_carea' id='block_1_76' title="bbox 2125 3081 3725 3158">
    <p class='ocr_par' dir='ltr' id='par_1_76' title="bbox 2125 3081 3725 3158">
     <span class='ocr_line' id='line_1_76' title="bbox 2125 3081 3725 3158; baseline 0 -24"><span class='ocrx_word' id='word_1_573' title='bbox 2125 3081 2414 3152; x_wconf 71' lang='grc' dir='ltr'>μεγάλου.</span> <span class='ocrx_word' id='word_1_574' title='bbox 2439 3081 2601 3135; x_wconf 85' lang='grc' dir='ltr'>Ὅθεν</span> <span class='ocrx_word' id='word_1_575' title='bbox 2625 3084 2759 3152; x_wconf 76' lang='grc' dir='ltr'>φησὶ</span> <span class='ocrx_word' id='word_1_576' title='bbox 2788 3085 2923 3152; x_wconf 77' lang='grc' dir='ltr'>πρὸς</span> <span class='ocrx_word' id='word_1_577' title='bbox 2955 3085 3353 3158; x_wconf 75' lang='grc' dir='ltr'>τὸνἹερεμίαν</span> <span class='ocrx_word' id='word_1_578' title='bbox 3379 3087 3545 3150; x_wconf 76' lang='grc' dir='ltr'>Θεόςο</span> <span class='ocrx_word' id='word_1_579' title='bbox 3581 3105 3598 3135; x_wconf 80' lang='grc' dir='ltr'><strong>ι</strong></span> <span class='ocrx_word' id='word_1_580' title='bbox 3622 3084 3725 3138; x_wconf 81' lang='grc' dir='ltr'>Καὶ</span> 
     </span>
    </p>
   </div>
   <div class='ocr_carea' id='block_1_77' title="bbox 2133 3172 3724 3243">
    <p class='ocr_par' dir='ltr' id='par_1_77' title="bbox 2133 3172 3724 3243">
     <span class='ocr_line' id='line_1_77' title="bbox 2133 3172 3724 3243; baseline 0.001 -17"><span class='ocrx_word' id='word_1_581' title='bbox 2133 3175 2196 3226; x_wconf 83' lang='grc' dir='ltr'>σὺ</span> <span class='ocrx_word' id='word_1_582' title='bbox 2234 3175 2309 3243; x_wconf 85' lang='grc' dir='ltr'>μὴ</span> <span class='ocrx_word' id='word_1_583' title='bbox 2334 3172 2636 3242; x_wconf 83' lang='grc' dir='ltr'>προσεύχου</span> <span class='ocrx_word' id='word_1_584' title='bbox 2663 3175 2790 3243; x_wconf 79' lang='grc' dir='ltr'>περὶ</span> <span class='ocrx_word' id='word_1_585' title='bbox 2817 3175 2912 3227; x_wconf 78' lang='grc' dir='ltr'>τοῦ</span> <span class='ocrx_word' id='word_1_586' title='bbox 2946 3175 3078 3230; x_wconf 80' lang='grc' dir='ltr'>λαοῦ</span> <span class='ocrx_word' id='word_1_587' title='bbox 3109 3177 3343 3243; x_wconf 81' lang='grc' dir='ltr'>τούτου,</span> <span class='ocrx_word' id='word_1_588' title='bbox 3367 3180 3457 3232; x_wconf 86' lang='grc' dir='ltr'>ὅτι</span> <span class='ocrx_word' id='word_1_589' title='bbox 3491 3178 3592 3232; x_wconf 81' lang='grc' dir='ltr'>οὐκ</span> <span class='ocrx_word' id='word_1_590' title='bbox 3619 3176 3724 3228; x_wconf 78' lang='lat' dir='ltr'><strong>sic-</strong></span> 
     </span>
    </p>
   </div>
   <div class='ocr_carea' id='block_1_78' title="bbox 2130 3258 3720 3336">
    <p class='ocr_par' dir='ltr' id='par_1_78' title="bbox 2130 3258 3720 3336">
     <span class='ocr_line' id='line_1_78' title="bbox 2130 3258 3720 3336; baseline 0 -18"><span class='ocrx_word' id='word_1_591' title='bbox 2130 3266 2454 3334; x_wconf 72' lang='grc' dir='ltr'>ακούσομαι.</span> <span class='ocrx_word' id='word_1_592' title='bbox 2489 3258 2593 3318; x_wconf 74' lang='grc' dir='ltr'>Οἷα</span> <span class='ocrx_word' id='word_1_593' title='bbox 2619 3264 2729 3334; x_wconf 85' lang='grc' dir='ltr'><strong>γὰρ</strong></span> <span class='ocrx_word' id='word_1_594' title='bbox 2755 3265 3022 3333; x_wconf 78' lang='grc' dir='ltr'>ποιοῦσιν,</span> <span class='ocrx_word' id='word_1_595' title='bbox 3057 3269 3244 3336; x_wconf 71' lang='grc' dir='ltr'>φησὶν,</span> <span class='ocrx_word' id='word_1_596' title='bbox 3273 3271 3341 3324; x_wconf 75' lang='grc' dir='ltr'>οἱ</span> <span class='ocrx_word' id='word_1_597' title='bbox 3373 3270 3487 3322; x_wconf 67' lang='grc' dir='ltr'>υἱοὶ</span> <span class='ocrx_word' id='word_1_598' title='bbox 3515 3266 3720 3331; x_wconf 57' lang='lat' dir='ltr'><strong>abstini;</strong></span> 
     </span>
    </p>
   </div>
   <div class='ocr_carea' id='block_1_79' title="bbox 2133 3354 3714 3427">
    <p class='ocr_par' dir='ltr' id='par_1_79' title="bbox 2133 3354 3714 3427">
     <span class='ocr_line' id='line_1_79' title="bbox 2133 3354 3714 3427; baseline 0.001 -21"><span class='ocrx_word' id='word_1_599' title='bbox 2133 3354 2446 3422; x_wconf 75' lang='grc' dir='ltr'>συλλέγουσι</span> <span class='ocrx_word' id='word_1_600' title='bbox 2473 3354 2626 3418; x_wconf 81' lang='grc' dir='ltr'>ξύλα,</span> <span class='ocrx_word' id='word_1_601' title='bbox 2656 3355 2750 3407; x_wconf 73' lang='grc' dir='ltr'>καὶ</span> <span class='ocrx_word' id='word_1_602' title='bbox 2779 3358 2827 3408; x_wconf 76' lang='grc' dir='ltr'>οἱ</span> <span class='ocrx_word' id='word_1_603' title='bbox 2859 3357 3096 3427; x_wconf 80' lang='grc' dir='ltr'>πατέρες</span> <span class='ocrx_word' id='word_1_604' title='bbox 3124 3359 3320 3411; x_wconf 75' lang='grc' dir='ltr'>αὐτῶν</span> <span class='ocrx_word' id='word_1_605' title='bbox 3348 3360 3572 3412; x_wconf 85' lang='grc' dir='ltr'>καίουσι</span> <span class='ocrx_word' id='word_1_606' title='bbox 3599 3355 3714 3426; x_wconf 84' lang='grc' dir='ltr'>πῦρ,</span> 
     </span>
    </p>
   </div>
   <div class='ocr_carea' id='block_1_80' title="bbox 2131 3434 3710 3518">
    <p class='ocr_par' dir='ltr' id='par_1_80' title="bbox 2131 3434 3710 3518">
     <span class='ocr_line' id='line_1_80' title="bbox 2131 3434 3710 3518; baseline -0.001 -20"><span class='ocrx_word' id='word_1_607' title='bbox 2131 3447 2225 3501; x_wconf 71' lang='grc' dir='ltr'>καὶ</span> <span class='ocrx_word' id='word_1_608' title='bbox 2255 3447 2310 3497; x_wconf 78' lang='lat' dir='ltr'><strong>al</strong></span> <span class='ocrx_word' id='word_1_609' title='bbox 2331 3447 2583 3513; x_wconf 81' lang='grc' dir='ltr'>γυναῖκες</span> <span class='ocrx_word' id='word_1_610' title='bbox 2603 3434 2782 3501; x_wconf 77' lang='grc' dir='ltr'>αύτῶν</span> <span class='ocrx_word' id='word_1_611' title='bbox 2829 3447 3076 3518; x_wconf 73' lang='grc' dir='ltr'>τρίϐουσι</span> <span class='ocrx_word' id='word_1_612' title='bbox 3103 3449 3234 3511; x_wconf 83' lang='grc' dir='ltr'>στᾶς</span> <span class='ocrx_word' id='word_1_613' title='bbox 3262 3447 3280 3486; x_wconf 74' lang='grc' dir='ltr'><strong>ί</strong></span> <span class='ocrx_word' id='word_1_614' title='bbox 3330 3450 3431 3502; x_wconf 80' lang='grc' dir='ltr'>τοῦ</span> <span class='ocrx_word' id='word_1_615' title='bbox 3497 3447 3710 3516; x_wconf 76' lang='grc' dir='ltr'>ποιῆσαι</span> 
     </span>
    </p>
   </div>
   <div class='ocr_carea' id='block_1_81' title="bbox 2130 3537 3709 3610">
    <p class='ocr_par' dir='ltr' id='par_1_81' title="bbox 2130 3537 3709 3610">
     <span class='ocr_line' id='line_1_81' title="bbox 2130 3537 3709 3610; baseline -0.001 -19"><span class='ocrx_word' id='word_1_616' title='bbox 2130 3537 2384 3608; x_wconf 82' lang='grc' dir='ltr'>χαυῶνας</span> <span class='ocrx_word' id='word_1_617' title='bbox 2431 3541 2499 3610; x_wconf 73' lang='grc' dir='ltr'>τῇ</span> <span class='ocrx_word' id='word_1_618' title='bbox 2567 3540 2797 3608; x_wconf 81' lang='grc' dir='ltr'>στρατιᾷ</span> <span class='ocrx_word' id='word_1_619' title='bbox 2852 3538 2947 3591; x_wconf 79' lang='grc' dir='ltr'><strong>τοῦ</strong></span> <span class='ocrx_word' id='word_1_620' title='bbox 3009 3538 3266 3609; x_wconf 80' lang='grc' dir='ltr'>ούρανοῦ.</span> <span class='ocrx_word' id='word_1_621' title='bbox 3331 3560 3350 3592; x_wconf 77' lang='grc' dir='ltr'><strong>ι</strong></span> <span class='ocrx_word' id='word_1_622' title='bbox 3420 3541 3540 3593; x_wconf 86' lang='grc' dir='ltr'><strong>Οὐκ</strong></span> <span class='ocrx_word' id='word_1_623' title='bbox 3599 3537 3709 3604; x_wconf 82' lang='grc' dir='ltr'>εἰκῆ</span> 
     </span>
    </p>
   </div>
   <div class='ocr_carea' id='block_1_82' title="bbox 2130 3625 3712 3699">
    <p class='ocr_par' dir='ltr' id='par_1_82' title="bbox 2130 3625 3712 3699">
     <span class='ocr_line' id='line_1_82' title="bbox 2130 3625 3712 3699; baseline -0.001 -18"><span class='ocrx_word' id='word_1_624' title='bbox 2130 3631 2239 3699; x_wconf 79' lang='grc' dir='ltr'><strong>γὰρ</strong></span> <span class='ocrx_word' id='word_1_625' title='bbox 2268 3625 2362 3682; x_wconf 84' lang='grc' dir='ltr'>οὖν</span> <span class='ocrx_word' id='word_1_626' title='bbox 2415 3627 2714 3682; x_wconf 70' lang='grc' dir='ltr'>ἰκτείνεται</span> <span class='ocrx_word' id='word_1_627' title='bbox 2765 3628 2958 3682; x_wconf 80' lang='grc' dir='ltr'>δίκτυα</span> <span class='ocrx_word' id='word_1_628' title='bbox 3006 3632 3333 3699; x_wconf 81' lang='grc' dir='ltr'>πτερωτοῖς.</span> <span class='ocrx_word' id='word_1_629' title='bbox 3370 3627 3712 3684; x_wconf 79' lang='grc' dir='ltr'>Διατυποῖδὲ</span> 
     </span>
    </p>
   </div>
   <div class='ocr_carea' id='block_1_83' title="bbox 2128 3718 3707 3792">
    <p class='ocr_par' dir='ltr' id='par_1_83' title="bbox 2128 3718 3707 3792">
     <span class='ocr_line' id='line_1_83' title="bbox 2128 3718 3707 3792; baseline -0.002 -20"><span class='ocrx_word' id='word_1_630' title='bbox 2128 3719 2314 3773; x_wconf 78' lang='grc' dir='ltr'>λοιπὸν</span> <span class='ocrx_word' id='word_1_631' title='bbox 2360 3718 2606 3773; x_wconf 75' lang='grc' dir='ltr'>ἐντεῦθεν</span> <span class='ocrx_word' id='word_1_632' title='bbox 2653 3722 2731 3782; x_wconf 86' lang='grc' dir='ltr'><strong>είς</strong></span> <span class='ocrx_word' id='word_1_633' title='bbox 2757 3719 2879 3790; x_wconf 66' lang='grc' dir='ltr'>ὄψιν</span> <span class='ocrx_word' id='word_1_634' title='bbox 2931 3721 3080 3788; x_wconf 85' lang='grc' dir='ltr'>ἄγων</span> <span class='ocrx_word' id='word_1_635' title='bbox 3108 3719 3199 3772; x_wconf 76' lang='grc' dir='ltr'>τὸν</span> <span class='ocrx_word' id='word_1_636' title='bbox 3232 3723 3482 3792; x_wconf 71' lang='grc' dir='ltr'>πόλεμον</span> <span class='ocrx_word' id='word_1_637' title='bbox 3522 3719 3576 3773; x_wconf 80' lang='grc' dir='ltr'><strong>εί</strong></span> <span class='ocrx_word' id='word_1_638' title='bbox 3602 3733 3707 3778; x_wconf 79' lang='grc' dir='ltr'><strong>πως</strong></span> 
     </span>
    </p>
   </div>
   <div class='ocr_carea' id='block_1_84' title="bbox 2130 3807 3708 3881">
    <p class='ocr_par' dir='ltr' id='par_1_84' title="bbox 2130 3807 3708 3881">
     <span class='ocr_line' id='line_1_84' title="bbox 2130 3807 3708 3881; baseline -0.001 -18"><span class='ocrx_word' id='word_1_639' title='bbox 2130 3811 2516 3880; x_wconf 76' lang='grc' dir='ltr'>ἐπιστραφεῖεν</span> <span class='ocrx_word' id='word_1_640' title='bbox 2537 3809 2862 3879; x_wconf 84' lang='grc' dir='ltr'>φοϐούμενοι</span> <span class='ocrx_word' id='word_1_641' title='bbox 2889 3811 2990 3881; x_wconf 82' lang='grc' dir='ltr'>τῆς</span> <span class='ocrx_word' id='word_1_642' title='bbox 3010 3811 3219 3876; x_wconf 82' lang='grc' dir='ltr'>πόλεως</span> <span class='ocrx_word' id='word_1_643' title='bbox 3243 3813 3553 3881; x_wconf 83' lang='grc' dir='ltr'>γεγονότας</span> <span class='ocrx_word' id='word_1_644' title='bbox 3574 3807 3708 3872; x_wconf 84' lang='grc' dir='ltr'>τοὺς</span> 
     </span>
    </p>
   </div>
   <div class='ocr_carea' id='block_1_85' title="bbox 2130 3899 3705 3970">
    <p class='ocr_par' dir='ltr' id='par_1_85' title="bbox 2130 3899 3705 3970">
     <span class='ocr_line' id='line_1_85' title="bbox 2130 3899 3705 3970; baseline -0.004 -14"><span class='ocrx_word' id='word_1_645' title='bbox 2130 3899 2474 3970; x_wconf 80' lang='grc' dir='ltr'>Ἐλαμίτας,</span> <span class='ocrx_word' id='word_1_646' title='bbox 2505 3899 2758 3964; x_wconf 72' lang='grc' dir='ltr'>δεικνὺςς</span> <span class='ocrx_word' id='word_1_647' title='bbox 2799 3900 2860 3965; x_wconf 67' lang='lat' dir='ltr'><strong>eg</strong></span> <span class='ocrx_word' id='word_1_648' title='bbox 2897 3901 3013 3964; x_wconf 79' lang='grc' dir='ltr'>ἑνὸς</span> <span class='ocrx_word' id='word_1_649' title='bbox 3047 3903 3232 3966; x_wconf 77' lang='grc' dir='ltr'>ἔθνους</span> <span class='ocrx_word' id='word_1_650' title='bbox 3266 3907 3398 3968; x_wconf 78' lang='grc' dir='ltr'>τοὺς</span> <span class='ocrx_word' id='word_1_651' title='bbox 3425 3900 3705 3967; x_wconf 84' lang='grc' dir='ltr'>πολεμίους</span> 
     </span>
    </p>
   </div>
   <div class='ocr_carea' id='block_1_86' title="bbox 2131 3991 3702 4065">
    <p class='ocr_par' dir='ltr' id='par_1_86' title="bbox 2131 3991 3702 4065">
     <span class='ocr_line' id='line_1_86' title="bbox 2131 3991 3702 4065; baseline -0.001 -20"><span class='ocrx_word' id='word_1_652' title='bbox 2131 3992 2328 4062; x_wconf 85' lang='grc' dir='ltr'>δηλῶν,</span> <span class='ocrx_word' id='word_1_653' title='bbox 2357 3993 2453 4046; x_wconf 79' lang='grc' dir='ltr'>καὶ</span> <span class='ocrx_word' id='word_1_654' title='bbox 2477 3991 2537 4045; x_wconf 77' lang='grc' dir='ltr'>τὸ</span> <span class='ocrx_word' id='word_1_655' title='bbox 2564 3991 2769 4061; x_wconf 82' lang='grc' dir='ltr'>πλῆθος</span> <span class='ocrx_word' id='word_1_656' title='bbox 2799 3994 3095 4063; x_wconf 76' lang='grc' dir='ltr'>παριστὰς.</span> <span class='ocrx_word' id='word_1_657' title='bbox 3121 3998 3186 4054; x_wconf 74' lang='lat' dir='ltr'><strong>Al</strong></span> <span class='ocrx_word' id='word_1_658' title='bbox 3220 3994 3538 4065; x_wconf 66' lang='grc' dir='ltr'>φάραγγές</span> <span class='ocrx_word' id='word_1_659' title='bbox 3575 4007 3702 4051; x_wconf 87' lang='grc' dir='ltr'>σου,</span> 
     </span>
    </p>
   </div>
   <div class='ocr_carea' id='block_1_87' title="bbox 2132 4080 3700 4159">
    <p class='ocr_par' dir='ltr' id='par_1_87' title="bbox 2132 4080 3700 4159">
     <span class='ocr_line' id='line_1_87' title="bbox 2132 4080 3700 4159; baseline -0.003 -21"><span class='ocrx_word' id='word_1_660' title='bbox 2132 4088 2318 4154; x_wconf 78' lang='grc' dir='ltr'>φησὶν,</span> <span class='ocrx_word' id='word_1_661' title='bbox 2348 4083 2623 4154; x_wconf 77' lang='grc' dir='ltr'>ἁρμάτων</span> <span class='ocrx_word' id='word_1_662' title='bbox 2656 4084 3141 4152; x_wconf 71' lang='grc' dir='ltr'>πλησθήσονται,</span> <span class='ocrx_word' id='word_1_663' title='bbox 3175 4089 3268 4141; x_wconf 74' lang='grc' dir='ltr'>καὶ</span> <span class='ocrx_word' id='word_1_664' title='bbox 3303 4089 3438 4159; x_wconf 78' lang='grc' dir='ltr'>περὶ</span> <span class='ocrx_word' id='word_1_665' title='bbox 3467 4088 3569 4148; x_wconf 79' lang='grc' dir='ltr'>τὰς</span> <span class='ocrx_word' id='word_1_666' title='bbox 3599 4080 3700 4133; x_wconf 75' lang='grc' dir='ltr'>πύ-</span> 
     </span>
    </p>
   </div>
   <div class='ocr_carea' id='block_1_88' title="bbox 2129 4176 3699 4249">
    <p class='ocr_par' dir='ltr' id='par_1_88' title="bbox 2129 4176 3699 4249">
     <span class='ocr_line' id='line_1_88' title="bbox 2129 4176 3699 4249; baseline 0.001 -19"><span class='ocrx_word' id='word_1_667' title='bbox 2129 4181 2245 4242; x_wconf 70' lang='grc' dir='ltr'><strong>λας</strong></span> <span class='ocrx_word' id='word_1_668' title='bbox 2283 4178 2780 4249; x_wconf 83' lang='grc' dir='ltr'>στενοχωρούμενοι</span> <span class='ocrx_word' id='word_1_669' title='bbox 2845 4179 2954 4232; x_wconf 88' lang='grc' dir='ltr'>τῶν</span> <span class='ocrx_word' id='word_1_670' title='bbox 2988 4179 3170 4233; x_wconf 74' lang='grc' dir='ltr'>ἵππων</span> <span class='ocrx_word' id='word_1_671' title='bbox 3219 4181 3373 4234; x_wconf 77' lang='grc' dir='ltr'>ἔνδον</span> <span class='ocrx_word' id='word_1_672' title='bbox 3404 4176 3699 4233; x_wconf 74' lang='grc' dir='ltr'>ἀποϐάντες</span> 
     </span>
    </p>
   </div>
   <div class='ocr_carea' id='block_1_89' title="bbox 2131 4268 3699 4341">
    <p class='ocr_par' dir='ltr' id='par_1_89' title="bbox 2131 4268 3699 4341">
     <span class='ocr_line' id='line_1_89' title="bbox 2131 4268 3699 4341; baseline 0.001 -19"><span class='ocrx_word' id='word_1_673' title='bbox 2131 4268 2239 4334; x_wconf 85' lang='grc' dir='ltr'>τὰς</span> <span class='ocrx_word' id='word_1_674' title='bbox 2285 4269 2477 4333; x_wconf 76' lang='grc' dir='ltr'>οἰκίας</span> <span class='ocrx_word' id='word_1_675' title='bbox 2514 4269 2992 4340; x_wconf 82' lang='grc' dir='ltr'>διερευνήσονται.</span> <span class='ocrx_word' id='word_1_676' title='bbox 3053 4272 3148 4324; x_wconf 72' lang='grc' dir='ltr'>καὶ</span> <span class='ocrx_word' id='word_1_677' title='bbox 3207 4274 3338 4337; x_wconf 78' lang='grc' dir='ltr'>τοὺς</span> <span class='ocrx_word' id='word_1_678' title='bbox 3398 4268 3699 4341; x_wconf 73' lang='grc' dir='ltr'>βασιλικοὺς</span> 
     </span>
    </p>
   </div>
   <div class='ocr_carea' id='block_1_90' title="bbox 453 4333 2020 4432">
    <p class='ocr_par' dir='ltr' id='par_1_90' title="bbox 453 4342 2020 4414">
     <span class='ocr_line' id='line_1_90' title="bbox 453 4342 2020 4414; baseline 0.003 -18"><span class='ocrx_word' id='word_1_679' title='bbox 453 4353 635 4410; x_wconf 81' lang='lat' dir='ltr'><strong>portas</strong></span> <span class='ocrx_word' id='word_1_680' title='bbox 674 4342 907 4398; x_wconf 76' lang='lat' dir='ltr'><strong>conferti</strong></span> <span class='ocrx_word' id='word_1_681' title='bbox 939 4344 1235 4414; x_wconf 88' lang='lat' dir='ltr'><strong>stipatique</strong></span> <span class='ocrx_word' id='word_1_682' title='bbox 1265 4344 1504 4410; x_wconf 82' lang='lat' dir='ltr'><strong>fuerant,</strong></span> <span class='ocrx_word' id='word_1_683' title='bbox 1539 4348 1696 4414; x_wconf 88' lang='lat' dir='ltr'><strong>equis</strong></span> <span class='ocrx_word' id='word_1_684' title='bbox 1734 4346 1847 4414; x_wconf 86' lang='lat' dir='ltr'><strong>jam</strong></span> <span class='ocrx_word' id='word_1_685' title='bbox 1891 4347 2020 4400; x_wconf 88' lang='lat' dir='ltr'><strong>desi-</strong></span> 
     </span>
    </p>
   </div>
   <div class='ocr_carea' id='block_1_91' title="bbox 2124 4333 3699 4432">
    <p class='ocr_par' dir='ltr' id='par_1_91' title="bbox 2131 4333 3699 4432">
     <span class='ocr_line' id='line_1_91' title="bbox 2131 4333 3699 4432; baseline -0.003 -19"><span class='ocrx_word' id='word_1_686' title='bbox 2131 4333 2612 4427; x_wconf 62' lang='grc' dir='ltr'>ἀνακαλύψ-ουσί</span> <span class='ocrx_word' id='word_1_687' title='bbox 2628 4333 2801 4432; x_wconf 78' lang='grc' dir='ltr'>θησαν</span> <span class='ocrx_word' id='word_1_688' title='bbox 2810 4361 2956 4432; x_wconf 87' lang='grc' dir='ltr'>ρούς.</span> <span class='ocrx_word' id='word_1_689' title='bbox 2972 4360 3141 4414; x_wconf 81' lang='grc' dir='ltr'>Τοῦτο</span> <span class='ocrx_word' id='word_1_690' title='bbox 3156 4362 3264 4432; x_wconf 80' lang='grc' dir='ltr'><strong>γὰρ</strong></span> <span class='ocrx_word' id='word_1_691' title='bbox 3281 4333 3374 4415; x_wconf 73' lang='grc' dir='ltr'><strong>διὰ</strong></span> <span class='ocrx_word' id='word_1_692' title='bbox 3397 4333 3510 4427; x_wconf 69' lang='grc' dir='ltr'>τῆς</span> <span class='ocrx_word' id='word_1_693' title='bbox 3526 4358 3699 4423; x_wconf 78' lang='grc' dir='ltr'>ἄκρας</span> 
     </span>
    </p>
   </div>
   <div class='ocr_carea' id='block_1_92' title="bbox 457 4432 2029 4504">
    <p class='ocr_par' dir='ltr' id='par_1_92' title="bbox 457 4432 2029 4504">
     <span class='ocr_line' id='line_1_92' title="bbox 457 4432 2029 4504; baseline 0.004 -19"><span class='ocrx_word' id='word_1_694' title='bbox 457 4432 654 4488; x_wconf 78' lang='lat' dir='ltr'><strong>Iieules</strong></span> <span class='ocrx_word' id='word_1_695' title='bbox 690 4433 823 4488; x_wconf 88' lang='lat' dir='ltr'><strong>urbe</strong></span> <span class='ocrx_word' id='word_1_696' title='bbox 877 4435 1051 4488; x_wconf 82' lang='lat' dir='ltr'><strong>media</strong></span> <span class='ocrx_word' id='word_1_697' title='bbox 1103 4435 1288 4488; x_wconf 76' lang='lat' dir='ltr'><strong>domos</strong></span> <span class='ocrx_word' id='word_1_698' title='bbox 1339 4437 1856 4504; x_wconf 82' lang='lat' dir='ltr'><strong>perscrutabttutur,</strong></span> <span class='ocrx_word' id='word_1_699' title='bbox 1910 4439 2029 4492; x_wconf 85' lang='lat' dir='ltr'><strong>tlte-</strong></span> 
     </span>
    </p>
   </div>
   <div class='ocr_carea' id='block_1_93' title="bbox 457 4527 2030 4598">
    <p class='ocr_par' dir='ltr' id='par_1_93' title="bbox 457 4527 2030 4598">
     <span class='ocr_line' id='line_1_93' title="bbox 457 4527 2030 4598; baseline 0.004 -21"><span class='ocrx_word' id='word_1_700' title='bbox 457 4538 757 4594; x_wconf 75' lang='lat' dir='ltr'><strong>Saurosque</strong></span> <span class='ocrx_word' id='word_1_701' title='bbox 808 4527 986 4597; x_wconf 70' lang='lat' dir='ltr'><strong>rngios</strong></span> <span class='ocrx_word' id='word_1_702' title='bbox 1033 4537 1304 4595; x_wconf 85' lang='lat' dir='ltr'><strong>retegent:</strong></span> <span class='ocrx_word' id='word_1_703' title='bbox 1366 4528 1468 4584; x_wconf 81' lang='lat' dir='ltr'><strong>lioc</strong></span> <span class='ocrx_word' id='word_1_704' title='bbox 1516 4528 1664 4582; x_wconf 89' lang='lat' dir='ltr'><strong>cnim</strong></span> <span class='ocrx_word' id='word_1_705' title='bbox 1723 4529 1898 4597; x_wconf 90' lang='lat' dir='ltr'><strong>ipsum</strong></span> <span class='ocrx_word' id='word_1_706' title='bbox 1938 4545 2030 4598; x_wconf 82' lang='lat' dir='ltr'><strong>per</strong></span> 
     </span>
    </p>
   </div>
   <div class='ocr_carea' id='block_1_94' title="bbox 460 4614 2029 4689">
    <p class='ocr_par' dir='ltr' id='par_1_94' title="bbox 460 4614 2029 4689">
     <span class='ocr_line' id='line_1_94' title="bbox 460 4614 2029 4689; baseline 0.006 -22"><span class='ocrx_word' id='word_1_707' title='bbox 460 4614 676 4668; x_wconf 81' lang='lat' dir='ltr'><strong>Davidis</strong></span> <span class='ocrx_word' id='word_1_708' title='bbox 720 4633 894 4682; x_wconf 80' lang='lat' dir='ltr'><strong>arces,</strong></span> <span class='ocrx_word' id='word_1_709' title='bbox 927 4633 956 4670; x_wconf 91' lang='lat' dir='ltr'><strong>a</strong></span> <span class='ocrx_word' id='word_1_710' title='bbox 999 4635 1107 4686; x_wconf 81' lang='lat' dir='ltr'><strong>quo</strong></span> <span class='ocrx_word' id='word_1_711' title='bbox 1140 4619 1312 4685; x_wconf 88' lang='lat' dir='ltr'><strong>stirps</strong></span> <span class='ocrx_word' id='word_1_712' title='bbox 1343 4618 1460 4688; x_wconf 88' lang='lat' dir='ltr'><strong>ipsa</strong></span> <span class='ocrx_word' id='word_1_713' title='bbox 1501 4635 1689 4689; x_wconf 73' lang='lat' dir='ltr'><strong>regum</strong></span> <span class='ocrx_word' id='word_1_714' title='bbox 1720 4628 1825 4687; x_wconf 88' lang='lat' dir='ltr'><strong>est,</strong></span> <span class='ocrx_word' id='word_1_715' title='bbox 1864 4620 2029 4676; x_wconf 83' lang='lat' dir='ltr'><strong>intel-</strong></span> 
     </span>
    </p>
   </div>
   <div class='ocr_carea' id='block_1_95' title="bbox 457 4702 2021 4773">
    <p class='ocr_par' dir='ltr' id='par_1_95' title="bbox 457 4702 2021 4773">
     <span class='ocr_line' id='line_1_95' title="bbox 457 4702 2021 4773; baseline 0.005 -17"><span class='ocrx_word' id='word_1_716' title='bbox 457 4702 629 4772; x_wconf 63' lang='lat' dir='ltr'><strong>ligare</strong></span> <span class='ocrx_word' id='word_1_717' title='bbox 661 4705 898 4759; x_wconf 84' lang='lat' dir='ltr'><strong>videtur.</strong></span> <span class='ocrx_word' id='word_1_718' title='bbox 934 4705 1024 4760; x_wconf 90' lang='lat' dir='ltr'><strong>Sic</strong></span> <span class='ocrx_word' id='word_1_719' title='bbox 1047 4714 1101 4760; x_wconf 87' lang='lat' dir='ltr'><strong>et</strong></span> <span class='ocrx_word' id='word_1_720' title='bbox 1131 4707 1432 4762; x_wconf 82' lang='lat' dir='ltr'><strong>invisibiles</strong></span> <span class='ocrx_word' id='word_1_721' title='bbox 1466 4708 1678 4773; x_wconf 83' lang='lat' dir='ltr'><strong>hostes,</strong></span> <span class='ocrx_word' id='word_1_722' title='bbox 1711 4725 1835 4764; x_wconf 89' lang='lat' dir='ltr'><strong>cum</strong></span> <span class='ocrx_word' id='word_1_723' title='bbox 1869 4726 1896 4762; x_wconf 86' lang='lat' dir='ltr'><strong>a</strong></span> <span class='ocrx_word' id='word_1_724' title='bbox 1927 4726 2021 4764; x_wconf 87' lang='lat' dir='ltr'><strong>no-</strong></span> 
     </span>
    </p>
   </div>
   <div class='ocr_carea' id='block_1_96' title="bbox 455 4793 2022 4868">
    <p class='ocr_par' dir='ltr' id='par_1_96' title="bbox 455 4793 2022 4868">
     <span class='ocr_line' id='line_1_96' title="bbox 455 4793 2022 4868; baseline 0.003 -20"><span class='ocrx_word' id='word_1_725' title='bbox 455 4794 590 4848; x_wconf 78' lang='lat' dir='ltr'><strong>8tris</strong></span> <span class='ocrx_word' id='word_1_726' title='bbox 629 4793 1024 4862; x_wconf 86' lang='lat' dir='ltr'><strong>cupiditatibus</strong></span> <span class='ocrx_word' id='word_1_727' title='bbox 1067 4796 1240 4864; x_wconf 89' lang='lat' dir='ltr'><strong>adjuti</strong></span> <span class='ocrx_word' id='word_1_728' title='bbox 1275 4797 1326 4849; x_wconf 91' lang='lat' dir='ltr'><strong>in</strong></span> <span class='ocrx_word' id='word_1_729' title='bbox 1383 4809 1594 4852; x_wconf 61' lang='lat' dir='ltr'><strong>mentas</strong></span> <span class='ocrx_word' id='word_1_730' title='bbox 1642 4811 2022 4868; x_wconf 86' lang='lat' dir='ltr'><strong>penetrarunt,</strong></span> 
     </span>
    </p>
   </div>
   <div class='ocr_carea' id='block_1_97' title="bbox 457 4883 2028 4960">
    <p class='ocr_par' dir='ltr' id='par_1_97' title="bbox 457 4883 2028 4960">
     <span class='ocr_line' id='line_1_97' title="bbox 457 4883 2028 4960; baseline 0.005 -24"><span class='ocrx_word' id='word_1_731' title='bbox 457 4883 769 4950; x_wconf 73' lang='lat' dir='ltr'><strong>spirituales</strong></span> <span class='ocrx_word' id='word_1_732' title='bbox 799 4899 931 4953; x_wconf 80' lang='lat' dir='ltr'><strong>Opes</strong></span> <span class='ocrx_word' id='word_1_733' title='bbox 963 4885 1249 4956; x_wconf 86' lang='lat' dir='ltr'><strong>diripiunt.</strong></span> <span class='ocrx_word' id='word_1_734' title='bbox 1309 4886 1464 4942; x_wconf 84' lang='lat' dir='ltr'><strong>Unde</strong></span> <span class='ocrx_word' id='word_1_735' title='bbox 1494 4889 1662 4960; x_wconf 72' lang='lat'><strong>288</strong></span> <span class='ocrx_word' id='word_1_736' title='bbox 1705 4899 1792 4944; x_wconf 89' lang='lat' dir='ltr'><strong>est</strong></span> <span class='ocrx_word' id='word_1_737' title='bbox 1848 4891 1978 4946; x_wconf 89' lang='lat' dir='ltr'><strong>illud</strong></span> <span class='ocrx_word' id='word_1_738' title='bbox 2013 4907 2028 4944; x_wconf 88' lang='lat'><strong>:</strong></span> 
     </span>
    </p>
   </div>
   <div class='ocr_carea' id='block_1_98' title="bbox 462 4973 2028 5048">
    <p class='ocr_par' dir='ltr' id='par_1_98' title="bbox 462 4973 2028 5048">
     <span class='ocr_line' id='line_1_98' title="bbox 462 4973 2028 5048; baseline 0.008 -23"><span class='ocrx_word' id='word_1_739' title='bbox 462 4992 482 5025; x_wconf 79' lang='grc' dir='ltr'><strong>ι</strong></span> <span class='ocrx_word' id='word_1_740' title='bbox 519 4973 573 5028; x_wconf 91' lang='lat' dir='ltr'><strong>Si</strong></span> <span class='ocrx_word' id='word_1_741' title='bbox 609 4975 866 5030; x_wconf 80' lang='lat' dir='ltr'><strong>ascendat</strong></span> <span class='ocrx_word' id='word_1_742' title='bbox 921 4977 973 5030; x_wconf 90' lang='lat' dir='ltr'><strong>in</strong></span> <span class='ocrx_word' id='word_1_743' title='bbox 1048 4985 1101 5034; x_wconf 91' lang='lat' dir='ltr'><strong>te</strong></span> <span class='ocrx_word' id='word_1_744' title='bbox 1153 4978 1380 5048; x_wconf 90' lang='lat' dir='ltr'><strong>spiritus</strong></span> <span class='ocrx_word' id='word_1_745' title='bbox 1439 4979 1800 5046; x_wconf 86' lang='lat' dir='ltr'><strong>dominantis,</strong></span> <span class='ocrx_word' id='word_1_746' title='bbox 1852 4983 2028 5038; x_wconf 87' lang='lat' dir='ltr'><strong>locum</strong></span> 
     </span>
    </p>
   </div>
   <div class='ocr_carea' id='block_1_99' title="bbox 457 5059 2032 5140">
    <p class='ocr_par' dir='ltr' id='par_1_99' title="bbox 457 5059 2032 5140">
     <span class='ocr_line' id='line_1_99' title="bbox 457 5059 2032 5140; baseline 0.007 -21"><span class='ocrx_word' id='word_1_747' title='bbox 457 5075 608 5121; x_wconf 90' lang='lat' dir='ltr'><strong>tuum</strong></span> <span class='ocrx_word' id='word_1_748' title='bbox 643 5083 713 5122; x_wconf 91' lang='lat' dir='ltr'><strong>ne</strong></span> <span class='ocrx_word' id='word_1_749' title='bbox 743 5059 1056 5138; x_wconf 85' lang='lat' dir='ltr'><strong>dimiseris;</strong></span> <span class='ocrx_word' id='word_1_750' title='bbox 1093 5072 1349 5140; x_wconf 90' lang='lat' dir='ltr'><strong>quoniam</strong></span> <span class='ocrx_word' id='word_1_751' title='bbox 1381 5073 1591 5128; x_wconf 84' lang='lat' dir='ltr'><strong>curatio</strong></span> <span class='ocrx_word' id='word_1_752' title='bbox 1612 5088 1834 5130; x_wconf 87' lang='lat' dir='ltr'><strong>cessare</strong></span> <span class='ocrx_word' id='word_1_753' title='bbox 1867 5075 2032 5130; x_wconf 75' lang='lat' dir='ltr'><strong>iaciat</strong></span> 
     </span>
    </p>
   </div>
   <div class='ocr_carea' id='block_1_100' title="bbox 455 5161 2028 5236">
    <p class='ocr_par' dir='ltr' id='par_1_100' title="bbox 455 5161 2028 5236">
     <span class='ocr_line' id='line_1_100' title="bbox 455 5161 2028 5236; baseline 0.006 -23"><span class='ocrx_word' id='word_1_754' title='bbox 455 5170 676 5231; x_wconf 85' lang='lat' dir='ltr'><strong>peccata</strong></span> <span class='ocrx_word' id='word_1_755' title='bbox 711 5161 776 5218; x_wconf 85' lang='lat'><strong>“.</strong></span> <span class='ocrx_word' id='word_1_756' title='bbox 817 5180 835 5214; x_wconf 75' lang='grc' dir='ltr'><strong>ι</strong></span> <span class='ocrx_word' id='word_1_757' title='bbox 874 5161 1007 5216; x_wconf 85' lang='lat' dir='ltr'><strong>Cum</strong></span> <span class='ocrx_word' id='word_1_758' title='bbox 1057 5163 1202 5218; x_wconf 91' lang='lat' dir='ltr'><strong>enim</strong></span> <span class='ocrx_word' id='word_1_759' title='bbox 1254 5163 1457 5220; x_wconf 77' lang='lat' dir='ltr'><strong>fuerint</strong></span> <span class='ocrx_word' id='word_1_760' title='bbox 1497 5166 1770 5236; x_wconf 79' lang='lat' dir='ltr'><strong>ejusmodi</strong></span> <span class='ocrx_word' id='word_1_761' title='bbox 1806 5178 2028 5224; x_wconf 81' lang='lat' dir='ltr'><strong>resecta:</strong></span> 
     </span>
    </p>
   </div>
   <div class='ocr_carea' id='block_1_101' title="bbox 455 5244 1786 5322">
    <p class='ocr_par' dir='ltr' id='par_1_101' title="bbox 455 5244 1786 5322">
     <span class='ocr_line' id='line_1_101' title="bbox 455 5244 1786 5322; baseline 0.006 -18"><span class='ocrx_word' id='word_1_762' title='bbox 455 5253 802 5322; x_wconf 86' lang='lat' dir='ltr'><strong>cupiditates,</strong></span> <span class='ocrx_word' id='word_1_763' title='bbox 833 5264 1088 5310; x_wconf 84' lang='lat' dir='ltr'><strong>arescant</strong></span> <span class='ocrx_word' id='word_1_764' title='bbox 1122 5271 1346 5312; x_wconf 88' lang='lat' dir='ltr'><strong>necesse</strong></span> <span class='ocrx_word' id='word_1_765' title='bbox 1379 5266 1484 5312; x_wconf 88' lang='lat' dir='ltr'><strong>est.</strong></span> <span class='ocrx_word' id='word_1_766' title='bbox 1780 5244 1786 5252; x_wconf 73' lang='grc'><em>’</em></span> 
     </span>
    </p>
   </div>
   <div class='ocr_carea' id='block_1_102' title="bbox 461 5365 2040 5459">
    <p class='ocr_par' dir='ltr' id='par_1_102' title="bbox 461 5365 2040 5459">
     <span class='ocr_line' id='line_1_102' title="bbox 461 5365 2040 5459; baseline 0.007 -43"><span class='ocrx_word' id='word_1_767' title='bbox 461 5429 506 5459; x_wconf 46' lang='lat' dir='ltr'>ﬁ</span> <span class='ocrx_word' id='word_1_768' title='bbox 529 5366 572 5459; x_wconf 64' lang='grc'><strong>⁸1⁸</strong></span> <span class='ocrx_word' id='word_1_769' title='bbox 603 5365 668 5420; x_wconf 82' lang='grc' dir='ltr'><strong>ιν</strong></span> <span class='ocrx_word' id='word_1_770' title='bbox 703 5367 832 5435; x_wconf 77' lang='lat' dir='ltr'><strong>Reg.</strong></span> <span class='ocrx_word' id='word_1_771' title='bbox 861 5387 998 5459; x_wconf 43' lang='lat' dir='ltr'><strong>(Liv,</strong></span> <span class='ocrx_word' id='word_1_772' title='bbox 1031 5371 1289 5459; x_wconf 51' lang='lat' dir='ltr'><strong>(iuseum;</strong></span> <span class='ocrx_word' id='word_1_773' title='bbox 1357 5371 1558 5459; x_wconf 42' lang='lat' dir='ltr'><strong>Jeren-t’:</strong></span> <span class='ocrx_word' id='word_1_774' title='bbox 1595 5375 1857 5459; x_wconf 30' lang='lat' dir='ltr'><strong>_x.‘xx‘t‘x:‘5</strong></span> <span class='ocrx_word' id='word_1_775' title='bbox 1883 5391 2040 5459; x_wconf 71' lang='lat' dir='ltr'><strong>seqq.</strong></span> 
     </span>
    </p>
   </div>
   <div class='ocr_carea' id='block_1_103' title="bbox 487 5430 948 5494">
    <p class='ocr_par' dir='ltr' id='par_1_103' title="bbox 487 5430 948 5494">
     <span class='ocr_line' id='line_1_103' title="bbox 487 5430 948 5494; baseline 0.022 -10"><span class='ocrx_word' id='word_1_776' title='bbox 487 5431 506 5462; x_wconf 68' lang='grc'><strong>⁸</strong></span> <span class='ocrx_word' id='word_1_777' title='bbox 535 5430 734 5487; x_wconf 81' lang='lat' dir='ltr'><strong>Jcretu.</strong></span> <span class='ocrx_word' id='word_1_778' title='bbox 771 5430 831 5490; x_wconf 67' lang='lat' dir='ltr'><strong>.‘i.</strong></span> <span class='ocrx_word' id='word_1_779' title='bbox 861 5440 948 5494; x_wconf 69' lang='lat'><strong>27.</strong></span> 
     </span>
    </p>
   </div>
   <div class='ocr_carea' id='block_1_104' title="bbox 2127 4443 3694 4524">
    <p class='ocr_par' dir='ltr' id='par_1_104' title="bbox 2127 4443 3694 4524">
     <span class='ocr_line' id='line_1_104' title="bbox 2127 4443 3694 4524; baseline -0.001 -21"><span class='ocrx_word' id='word_1_780' title='bbox 2127 4449 2385 4519; x_wconf 81' lang='grc' dir='ltr'>δηλοῦται</span> <span class='ocrx_word' id='word_1_781' title='bbox 2415 4451 2612 4505; x_wconf 80' lang='grc' dir='ltr'>Δαϐίδ.</span> <span class='ocrx_word' id='word_1_782' title='bbox 2651 4453 2740 4518; x_wconf 78' lang='grc' dir='ltr'>Ἐξ</span> <span class='ocrx_word' id='word_1_783' title='bbox 2773 4453 2938 4507; x_wconf 78' lang='grc' dir='ltr'>αὑτοῦ</span> <span class='ocrx_word' id='word_1_784' title='bbox 2956 4453 3064 4524; x_wconf 80' lang='grc' dir='ltr'>γὰρ</span> <span class='ocrx_word' id='word_1_785' title='bbox 3093 4456 3141 4506; x_wconf 92' lang='grc' dir='ltr'>οἱ</span> <span class='ocrx_word' id='word_1_786' title='bbox 3161 4454 3565 4524; x_wconf 72' lang='grc' dir='ltr'>βασιλεύοντες.</span> <span class='ocrx_word' id='word_1_787' title='bbox 3595 4443 3694 4499; x_wconf 81' lang='grc' dir='ltr'><strong>Οὕ-</strong></span> 
     </span>
    </p>
   </div>
   <div class='ocr_carea' id='block_1_105' title="bbox 2126 4533 3694 4612">
    <p class='ocr_par' dir='ltr' id='par_1_105' title="bbox 2126 4533 3694 4612">
     <span class='ocr_line' id='line_1_105' title="bbox 2126 4533 3694 4612; baseline -0.003 -19"><span class='ocrx_word' id='word_1_788' title='bbox 2126 4557 2204 4594; x_wconf 89' lang='grc' dir='ltr'><strong>τω</strong></span> <span class='ocrx_word' id='word_1_789' title='bbox 2232 4541 2328 4594; x_wconf 74' lang='grc' dir='ltr'>καὶ</span> <span class='ocrx_word' id='word_1_790' title='bbox 2359 4543 2539 4609; x_wconf 72' lang='grc' dir='ltr'>νοητοὶ</span> <span class='ocrx_word' id='word_1_791' title='bbox 2560 4541 2647 4595; x_wconf 74' lang='grc' dir='ltr'><strong>διὰ</strong></span> <span class='ocrx_word' id='word_1_792' title='bbox 2691 4542 2801 4594; x_wconf 80' lang='grc' dir='ltr'><strong>τῶν</strong></span> <span class='ocrx_word' id='word_1_793' title='bbox 2831 4541 3019 4596; x_wconf 85' lang='grc' dir='ltr'>παθῶν</span> <span class='ocrx_word' id='word_1_794' title='bbox 3070 4544 3102 4610; x_wconf 79' lang='grc' dir='ltr'>ἡ</span> <span class='ocrx_word' id='word_1_795' title='bbox 3113 4541 3228 4612; x_wconf 84' lang='grc' dir='ltr'><strong>μῶν</strong></span> <span class='ocrx_word' id='word_1_796' title='bbox 3277 4533 3694 4608; x_wconf 79' lang='grc' dir='ltr'>ἐπικρατοῦντες</span> 
     </span>
    </p>
   </div>
   <div class='ocr_carea' id='block_1_106' title="bbox 2129 4619 3694 4704">
    <p class='ocr_par' dir='ltr' id='par_1_106' title="bbox 2129 4619 3694 4704">
     <span class='ocr_line' id='line_1_106' title="bbox 2129 4619 3694 4704; baseline -0.01 -19"><span class='ocrx_word' id='word_1_797' title='bbox 2129 4633 2377 4703; x_wconf 81' lang='grc' dir='ltr'>πολέμιοι</span> <span class='ocrx_word' id='word_1_798' title='bbox 2407 4634 2498 4687; x_wconf 77' lang='grc' dir='ltr'>τὸν</span> <span class='ocrx_word' id='word_1_799' title='bbox 2549 4633 2916 4703; x_wconf 82' lang='grc' dir='ltr'>πνευματικὸν</span> <span class='ocrx_word' id='word_1_800' title='bbox 2945 4635 2978 4702; x_wconf 79' lang='grc' dir='ltr'>ἡ</span> <span class='ocrx_word' id='word_1_801' title='bbox 2989 4632 3105 4702; x_wconf 88' lang='grc' dir='ltr'><strong>μῶν</strong></span> <span class='ocrx_word' id='word_1_802' title='bbox 3129 4632 3514 4704; x_wconf 80' lang='grc' dir='ltr'>ἁφαρπὰζουσι</span> <span class='ocrx_word' id='word_1_803' title='bbox 3543 4619 3694 4676; x_wconf 83' lang='grc' dir='ltr'>πλοῦ-</span> 
     </span>
    </p>
   </div>
   <div class='ocr_carea' id='block_1_107' title="bbox 2127 4715 3692 4794">
    <p class='ocr_par' dir='ltr' id='par_1_107' title="bbox 2127 4715 3692 4794">
     <span class='ocr_line' id='line_1_107' title="bbox 2127 4715 3692 4794; baseline -0.007 -18"><span class='ocrx_word' id='word_1_804' title='bbox 2127 4741 2218 4776; x_wconf 88' lang='grc' dir='ltr'><strong>τον</strong></span> <span class='ocrx_word' id='word_1_805' title='bbox 2249 4725 2340 4776; x_wconf 86' lang='grc' dir='ltr'>τὸν</span> <span class='ocrx_word' id='word_1_806' title='bbox 2364 4724 2489 4778; x_wconf 85' lang='grc' dir='ltr'>νοῦν</span> <span class='ocrx_word' id='word_1_807' title='bbox 2517 4725 2848 4786; x_wconf 84' lang='grc' dir='ltr'>είσδύνοντες</span> <span class='ocrx_word' id='word_1_808' title='bbox 2866 4725 2893 4764; x_wconf 76' lang='grc' dir='ltr'>Ιι</span> <span class='ocrx_word' id='word_1_809' title='bbox 2923 4725 3015 4776; x_wconf 73' lang='grc' dir='ltr'>τὸν</span> <span class='ocrx_word' id='word_1_810' title='bbox 3039 4723 3328 4794; x_wconf 77' lang='grc' dir='ltr'>ἡμέτερον.</span> <span class='ocrx_word' id='word_1_811' title='bbox 3365 4719 3527 4774; x_wconf 81' lang='grc' dir='ltr'>Ὅθεν</span> <span class='ocrx_word' id='word_1_812' title='bbox 3549 4715 3692 4782; x_wconf 80' lang='grc' dir='ltr'>είρη·</span> 
     </span>
    </p>
   </div>
   <div class='ocr_carea' id='block_1_108' title="bbox 2127 4799 3687 4884">
    <p class='ocr_par' dir='ltr' id='par_1_108' title="bbox 2127 4799 3687 4884">
     <span class='ocr_line' id='line_1_108' title="bbox 2127 4799 3687 4884; baseline -0.004 -19"><span class='ocrx_word' id='word_1_813' title='bbox 2127 4831 2239 4866; x_wconf 78' lang='grc' dir='ltr'>ται·</span> <span class='ocrx_word' id='word_1_814' title='bbox 2273 4834 2291 4864; x_wconf 74' lang='grc' dir='ltr'><strong>ι</strong></span> <span class='ocrx_word' id='word_1_815' title='bbox 2325 4814 2450 4869; x_wconf 85' lang='grc' dir='ltr'><strong>Ἐὰν</strong></span> <span class='ocrx_word' id='word_1_816' title='bbox 2477 4815 2693 4884; x_wconf 78' lang='grc' dir='ltr'>πνεῦμα</span> <span class='ocrx_word' id='word_1_817' title='bbox 2719 4814 2815 4867; x_wconf 82' lang='grc' dir='ltr'><strong>τοῦ</strong></span> <span class='ocrx_word' id='word_1_818' title='bbox 2841 4813 3261 4880; x_wconf 78' lang='grc' dir='ltr'>ὲξουσιὰζοντος·</span> <span class='ocrx_word' id='word_1_819' title='bbox 3285 4810 3460 4878; x_wconf 74' lang='grc' dir='ltr'>ἀναδῇ</span> <span class='ocrx_word' id='word_1_820' title='bbox 3491 4803 3581 4858; x_wconf 76' lang='grc' dir='ltr'><strong>ἐπὶ</strong></span> <span class='ocrx_word' id='word_1_821' title='bbox 3614 4799 3687 4858; x_wconf 73' lang='grc' dir='ltr'>σὲ.</span> 
     </span>
    </p>
   </div>
   <div class='ocr_carea' id='block_1_109' title="bbox 2129 4897 3686 4978">
    <p class='ocr_par' dir='ltr' id='par_1_109' title="bbox 2129 4897 3686 4978">
     <span class='ocr_line' id='line_1_109' title="bbox 2129 4897 3686 4978; baseline -0.006 -21"><span class='ocrx_word' id='word_1_822' title='bbox 2129 4908 2219 4958; x_wconf 72' lang='grc' dir='ltr'>τὸν</span> <span class='ocrx_word' id='word_1_823' title='bbox 2243 4907 2407 4961; x_wconf 78' lang='grc' dir='ltr'>τόπον</span> <span class='ocrx_word' id='word_1_824' title='bbox 2432 4925 2528 4960; x_wconf 88' lang='grc' dir='ltr'><strong>σου</strong></span> <span class='ocrx_word' id='word_1_825' title='bbox 2562 4908 2636 4978; x_wconf 86' lang='grc' dir='ltr'>μὴ</span> <span class='ocrx_word' id='word_1_826' title='bbox 2665 4909 2831 4978; x_wconf 80' lang='grc' dir='ltr'>ἀφῇς,</span> <span class='ocrx_word' id='word_1_827' title='bbox 2864 4908 2948 4961; x_wconf 80' lang='grc' dir='ltr'>ὅτι</span> <span class='ocrx_word' id='word_1_828' title='bbox 2995 4906 3131 4975; x_wconf 77' lang='grc' dir='ltr'>ἴαμα</span> <span class='ocrx_word' id='word_1_829' title='bbox 3155 4902 3496 4959; x_wconf 83' lang='grc' dir='ltr'>καταπαύσει</span> <span class='ocrx_word' id='word_1_830' title='bbox 3514 4897 3686 4965; x_wconf 77' lang='grc' dir='ltr'>ἁμαρ·</span> 
     </span>
    </p>
   </div>
   <div class='ocr_carea' id='block_1_110' title="bbox 2128 4982 3685 5073">
    <p class='ocr_par' dir='ltr' id='par_1_110' title="bbox 2128 4982 3685 5073">
     <span class='ocr_line' id='line_1_110' title="bbox 2128 4982 3685 5073; baseline 0.003 -22"><span class='ocrx_word' id='word_1_831' title='bbox 2128 4999 2269 5060; x_wconf 83' lang='grc' dir='ltr'>τίας.</span> <span class='ocrx_word' id='word_1_832' title='bbox 2297 5019 2316 5052; x_wconf 77' lang='grc' dir='ltr'><strong>ι</strong></span> <span class='ocrx_word' id='word_1_833' title='bbox 2363 5001 2801 5073; x_wconf 82' lang='grc' dir='ltr'>Ἀνακοπτόμενα</span> <span class='ocrx_word' id='word_1_834' title='bbox 2830 5001 2940 5073; x_wconf 82' lang='grc' dir='ltr'><strong>γὰρ</strong></span> <span class='ocrx_word' id='word_1_835' title='bbox 2969 4999 3040 5055; x_wconf 78' lang='grc' dir='ltr'><strong>τὰ</strong></span> <span class='ocrx_word' id='word_1_836' title='bbox 3061 4999 3290 5054; x_wconf 81' lang='grc' dir='ltr'>τοιαῦτα</span> <span class='ocrx_word' id='word_1_837' title='bbox 3315 4996 3460 5065; x_wconf 79' lang='grc' dir='ltr'>πάθη</span> <span class='ocrx_word' id='word_1_838' title='bbox 3493 4982 3685 5061; x_wconf 57' lang='lat' dir='ltr'><strong>uapul-</strong></span> 
     </span>
    </p>
   </div>
   <div class='ocr_carea' id='block_1_111' title="bbox 2128 5111 2295 5147">
    <p class='ocr_par' dir='ltr' id='par_1_111' title="bbox 2128 5111 2295 5147">
     <span class='ocr_line' id='line_1_111' title="bbox 2128 5111 2295 5147; baseline -0.03 -1"><span class='ocrx_word' id='word_1_839' title='bbox 2128 5111 2295 5147; x_wconf 68' lang='grc' dir='ltr'>νεῖαι.</span> 
     </span>
    </p>
   </div>
   <div class='ocr_carea' id='block_1_112' title="bbox 2156 5355 3665 5444">
    <p class='ocr_par' dir='ltr' id='par_1_112' title="bbox 2156 5355 3665 5444">
     <span class='ocr_line' id='line_1_112' title="bbox 2156 5355 3665 5444; baseline -0.007 -14"><span class='ocrx_word' id='word_1_840' title='bbox 2156 5379 2196 5408; x_wconf 80' lang='grc'><strong>⁶¹</strong></span> <span class='ocrx_word' id='word_1_841' title='bbox 2233 5377 2379 5432; x_wconf 85' lang='lat' dir='ltr'><strong>Psal.</strong></span> <span class='ocrx_word' id='word_1_842' title='bbox 2412 5393 2565 5444; x_wconf 72' lang='lat' dir='ltr'><strong>XLtlI,</strong></span> <span class='ocrx_word' id='word_1_843' title='bbox 2603 5379 2651 5432; x_wconf 86' lang='grc'><strong>7.</strong></span> <span class='ocrx_word' id='word_1_844' title='bbox 2775 5379 2818 5409; x_wconf 84' lang='grc'><strong>⁶¹</strong></span> <span class='ocrx_word' id='word_1_845' title='bbox 2845 5378 2978 5436; x_wconf 88' lang='lat' dir='ltr'><strong>ibid.</strong></span> <span class='ocrx_word' id='word_1_846' title='bbox 3011 5379 3067 5434; x_wconf 85' lang='lat'><strong>8.</strong></span> <span class='ocrx_word' id='word_1_847' title='bbox 3182 5378 3228 5411; x_wconf 83' lang='lat'><strong>&quot;</strong></span> <span class='ocrx_word' id='word_1_848' title='bbox 3276 5373 3476 5434; x_wconf 57' lang='grc' dir='ltr'>πεπτω.</span> <span class='ocrx_word' id='word_1_849' title='bbox 3501 5379 3577 5430; x_wconf 84' lang='lat' dir='ltr'><strong>ut,</strong></span> <span class='ocrx_word' id='word_1_850' title='bbox 3620 5355 3665 5412; x_wconf 68' lang='grc' dir='ltr'>θ’</span> 
     </span>
    </p>
   </div>
   <div class='ocr_carea' id='block_1_113' title="bbox 1051 5439 2148 5512">
    <p class='ocr_par' dir='ltr' id='par_1_113' title="bbox 1051 5439 2148 5512">
     <span class='ocr_line' id='line_1_113' title="bbox 1051 5439 2148 5512; baseline 0.007 -19"><span class='ocrx_word' id='word_1_851' title='bbox 1051 5441 1096 5472; x_wconf 71' lang='grc'>⁸⁸</span> <span class='ocrx_word' id='word_1_852' title='bbox 1124 5439 1324 5497; x_wconf 77' lang='lat' dir='ltr'><strong>Jerem.</strong></span> <span class='ocrx_word' id='word_1_853' title='bbox 1373 5459 1469 5507; x_wconf 82' lang='lat' dir='ltr'><strong>vn,</strong></span> <span class='ocrx_word' id='word_1_854' title='bbox 1505 5444 1742 5508; x_wconf 77' lang='lat' dir='ltr'><strong>l6,l8.“</strong></span> <span class='ocrx_word' id='word_1_855' title='bbox 1775 5439 2048 5512; x_wconf 40' lang='lat' dir='ltr'><strong>Ecclcfit,</strong></span> <span class='ocrx_word' id='word_1_856' title='bbox 2095 5448 2148 5501; x_wconf 71' lang='grc'>4.</span> 
     </span>
    </p>
   </div>
   <div class='ocr_carea' id='block_1_114' title="bbox 1725 5538 2402 5600">
    <p class='ocr_par' dir='ltr' id='par_1_114' title="bbox 1725 5538 2402 5600">
     <span class='ocr_line' id='line_1_114' title="bbox 1725 5538 2402 5600; baseline 0.012 -9"><span class='ocrx_word' id='word_1_857' title='bbox 1725 5538 1961 5595; x_wconf 66' lang='lat' dir='ltr'><strong>VARUS</strong></span> <span class='ocrx_word' id='word_1_858' title='bbox 2003 5541 2402 5600; x_wconf 78' lang='lat' dir='ltr'><strong>LECTIONES.</strong></span> 
     </span>
    </p>
   </div>
   <div class='ocr_carea' id='block_1_115' title="bbox 540 5618 1901 5698">
    <p class='ocr_par' dir='ltr' id='par_1_115' title="bbox 540 5618 1901 5698">
     <span class='ocr_line' id='line_1_115' title="bbox 540 5618 1901 5698; baseline 0.01 -26"><span class='ocrx_word' id='word_1_859' title='bbox 540 5618 560 5658; x_wconf 73' lang='grc' dir='ltr'><strong>ί</strong></span> <span class='ocrx_word' id='word_1_860' title='bbox 597 5621 766 5686; x_wconf 83' lang='grc' dir='ltr'>σταῖς.</span> <span class='ocrx_word' id='word_1_861' title='bbox 843 5631 867 5668; x_wconf 78' lang='lat'><strong><em>8</em></strong></span> <span class='ocrx_word' id='word_1_862' title='bbox 891 5622 993 5690; x_wconf 65' lang='grc' dir='ltr'>ἀφ.</span> <span class='ocrx_word' id='word_1_863' title='bbox 1024 5625 1088 5678; x_wconf 75' lang='grc' dir='ltr'>τὸ</span> <span class='ocrx_word' id='word_1_864' title='bbox 1118 5627 1350 5690; x_wconf 80' lang='grc' dir='ltr'>δεικνύς.</span> <span class='ocrx_word' id='word_1_865' title='bbox 1430 5630 1453 5668; x_wconf 67' lang='grc' dir='ltr'>δ</span> <span class='ocrx_word' id='word_1_866' title='bbox 1490 5647 1576 5698; x_wconf 81' lang='grc' dir='ltr'><strong>γρ.</strong></span> <span class='ocrx_word' id='word_1_867' title='bbox 1608 5631 1901 5696; x_wconf 79' lang='grc' dir='ltr'>εἱσδύντες.</span> 
     </span>
    </p>
   </div>
  </div>
