4022 6210
282 257 432 322 2173

1407 255 1944 320 COMMENTARII
1985 255 2064 316 IN
2106 256 2393 318 ISAIAM.

3403 255 3544 320 2174

357 370 468 425 Kal
501 369 735 437 ιδοσαν,
765 372 950 440 φησὶν,
979 373 1066 426 ὅτι
1091 375 1338 440 πλείους
1357 374 1535 428 εἰσίν.
1563 373 1709 444 Πρὸς
1737 371 1861 434 τοὺς

2043 369 2108 423 Et
2143 370 2406 436 viderunt,
2434 373 2528 438 ait,
2564 374 2703 444 quod
2734 375 2910 443 plures
2940 383 3096 438 sunt;
3131 389 3254 444 qua:
3284 373 3444 427 verba
3482 371 3548 422 ad

282 461 568 532 οἰομένους
593 461 674 516 ὄτι
705 462 801 516 nat
828 463 978 533 μόνοι
1007 463 1115 517 τῶν
1150 466 1425 536 πολεμίων
1459 464 1865 538 ἐπικρατήσω-

287 569 394 607 σιψ
427 552 502 623 μὴ
533 553 642 625 γὰρ
674 554 740 607 ἂν
766 554 856 609 διὰ
912 555 1182 627 τοσαύτης
1237 556 1363 612 ὁδοῦ
1419 557 1553 610 πολύ
1577 574 1630 608 τι
1664 555 1868 624 πλῆθος

286 645 563 714 πολεμίων
594 645 788 700 ἐλθεῖν.
817 648 1044 717 Ἥγδυν,
1078 650 1263 719 ἐπειδὴ
1305 651 1364 703 τὸ
1408 651 1553 704 κατὰ
1584 648 1683 719 τὴν
1717 648 1867 701 πόλιν

285 739 434 810 ὕδωρ
473 741 548 811 μὴ
569 740 890 812 νομίσαντες
923 740 1181 810 ἀρκέσειν
1203 743 1387 806 αὐτοῖς
1409 740 1430 780 ί
1457 743 1539 806 ὡς
1557 741 1635 808 δὴ
1670 740 1870 794 πλείο-

285 843 393 881 σιν
419 828 760 900 ὑπάρχουσιν
799 832 1072 898 Ἰουδαῖοι,
1102 834 1469 905 ἐστοχάσαντο
1493 831 1583 885 δὲὶ
1651 831 1760 898 τὰς
1789 830 1870 884 ol-

283 921 424 987 κιίις
491 923 634 977 κατὰ
691 923 988 996 Σύμμαχον
1040 926 1480 996 ἀριθμήσαντες
1515 926 1584 990 ,ι
1644 923 1710 978 τὸ
1761 923 1871 992 τῆς

274 1013 541 1081 ἀρχαίας
570 1017 987 1086 κολυμϐήθρας
1002 1017 1159 1087 ὕδωρ
1180 1020 1268 1084 εἰς
1291 1020 1405 1086 τὴν
1429 1019 1607 1072 ,πόλιν
1630 1030 1873 1084 μετοχε-

287 1105 639 1170 τεύσαντες,
697 1106 815 1179 Θεῷ
880 1108 978 1180 μὲν
1020 1109 1082 1164 οὐ
1137 1111 1444 1180 προσεῖχον,
1497 1105 1871 1178 ἀνθρωπίναις

285 1196 346 1249 δὲ
385 1201 758 1266 παρασκευαῖς
801 1198 1184 1254 ἐπεποίθεσαν.
1204 1199 1291 1263 Ὠς
1319 1201 1378 1253 ἐν
1399 1199 1522 1270 ἧθει
1547 1199 1655 1269 γὰρ
1689 1198 1872 1256 αὐτοῖς

259 1289 566 1354 ’ὀνειδίζων
593 1291 780 1360 φησιν,
838 1291 1004 1363 ὁτιδὴ
1028 1293 1166 1363 πρὸς
1194 1293 1254 1346 τὸ
1287 1291 1492 1359 πλῆθος
1543 1290 1773 1353 ἑαυτῶν,
1805 1288 1873 1342 τὸ

283 1381 450 1450 ,ὕδωρ
500 1383 981 1453 συνεμετρήσαντο
1025 1383 1161 1454 πρὸς
1188 1383 1288 1454 τὴν
1349 1383 1671 1454 πολιορκίαν
1700 1376 1873 1441 οὕτως

289 1476 550 1545 ἀρκέσειν
572 1474 830 1544 οἰόμενοι,
863 1475 964 1528 κᾶν
987 1477 1066 1540 εἰς
1089 1477 1279 1547 χρόνον
1299 1475 1613 1539 ἑκτείνοιτο,
1644 1475 1740 1527 καὶ
1770 1473 1875 1538 τὰς

279 1566 490 1632 ,οικίας
505 1565 867 1631 καταλύοντες
884 1567 1262 1640 ἀσφαλέστερα
1279 1567 1350 1622 τὰ
1363 1569 1527 1638 τείχη
1547 1565 1877 1621 κατεσκευά-

297 1657 482 1721 ζοντο·
513 1657 629 1711 δέον
659 1660 740 1723 εἰς
773 1657 908 1712 Θεὸν
945 1660 1078 1731 ὁρᾷν
1107 1660 1202 1713 καὶ
1234 1658 1332 1731 τὴν
1361 1659 1516 1713 πόλιν
1547 1658 1873 1728 ποιήσαντα,

1971 478 2066 516 eos
2101 462 2435 531 referuntur,
2471 467 2564 535 qui
2601 482 2658 520 se
2705 468 2851 522 solos
2887 466 3134 522 hostibus
3177 479 3301 520 esse
3345 462 3548 533 politu-

1974 571 2065 609 ros
2103 557 2400 612 credebant
2425 601 2440 624 ,
2480 573 2602 613 cum
2653 567 2760 612 tam
2799 558 2963 628 longo
3017 558 3212 612 itinere
3241 564 3422 610 tantas
3454 554 3552 606 bo-

1976 649 2142 702 stium
2203 650 2395 720 copias
2448 650 2714 705 accedere
2747 664 2909 719 posse
2965 665 3072 703 non
3128 647 3547 702 arbitrarentur.

1979 738 2071 791 Vel
2097 738 2219 794 ideo
2265 739 2381 794 haec
2413 739 2563 801 dicit,
2591 740 2736 809 quod
2760 754 2886 793 cum
2933 752 3131 808 aquam
3164 736 3216 789 in
3249 738 3383 789 urbe
3407 746 3552 788 eaSt-

1977 840 2208 886 stcutem
2244 832 2468 887 minime
2497 831 2601 887 sibi
2651 830 2822 885 Judaei
2856 828 2970 900 (qui
3011 827 3434 888 numerosiores,
3471 839 3554 878 es-

1977 921 2114 994 sent)
2146 921 2390 978 sulIicere
2421 939 2583 994 posse
2616 923 2983 992 conjitei’ent,
3006 918 3316 973 Numeratis
3357 930 3552 970 secun-

1979 1014 2105 1067 dum
2144 1013 2555 1085 Symmachum,
2592 1013 2869 1075 Domitius,
2901 1011 3118 1080 piscinae
3141 1009 3327 1062 veteris
3361 1021 3555 1075 aquam

1977 1107 2033 1159 in
2094 1107 2274 1161 urbem
2303 1105 2564 1172 derivare,
2602 1107 2855 1159 humana:
2898 1101 3084 1172 potius
3151 1114 3314 1170 quam
3358 1096 3556 1151 divina:

1979 1197 2066 1267 cpi
2102 1197 2460 1262 conﬁdentes,
2488 1197 2607 1250 ausi
2637 1206 2787 1250 sunt.
2822 1193 3109 1262 Tanquam
3144 1191 3288 1243 enim
3318 1190 3556 1258 graviter

1982 1290 2161 1344 ferens
2190 1306 2384 1360 aquam
2430 1304 2537 1342 non
2575 1288 2640 1342 ad
2681 1302 2837 1341 suam
2874 1287 3022 1354 ipsos
3057 1291 3267 1337 tantum
3303 1280 3554 1340 multitu-

1980 1379 2164 1436 dinem
2193 1392 2689 1443 eommcnsurasse,
2729 1391 2838 1446 quo
2888 1383 3078 1446 posset
3131 1371 3199 1426 ad
3251 1369 3558 1424 obsidionis

1982 1471 2245 1540 longioris
2289 1479 2504 1539 tempus
2536 1469 2675 1524 satis
2705 1482 2865 1534 esse;
2897 1465 2989 1521 sed
3017 1463 3218 1518 dirutis
3251 1460 3419 1514 etiam
3459 1455 3561 1508 do-

1983 1563 2154 1616 mibus
2195 1577 2373 1616 muros
2413 1559 2565 1614 urbis
2615 1558 2920 1612 munivisse
2961 1553 3298 1624 exprobrat;
3339 1563 3463 1604 eum
3503 1545 3557 1598 in
3662 1584 3667 1590 .

1979 1655 2154 1709 Deum
2185 1669 2355 1708 unum
2390 1654 2592 1721 potius,
2633 1649 2787 1706 urbis
2821 1656 2990 1718 atque
3036 1658 3318 1700 murorum
3367 1638 3560 1696 condi-

288 1750 580 1820 ,καὶτεῖχος
602 1750 776 1823 ταύτῃ
801 1730 1108 1822 γενόμενον.
1143 1730 1320 1822 rem
1355 1750 1486 1821 γὰρ,
1520 1748 1677 1820 φησι,
1696 1747 1879 1817 κύκλῳ

1997 1762 2155 1802 .orem
2203 1745 2406 1800 intueri
2450 1743 2748 1800 decuisset.
2807 1761 2825 1794 ι
2865 1740 3077 1794 Montes
3126 1735 3294 1798 enim,
3353 1734 3454 1796 ait,
3502 1732 3559 1784 iu

287 1840 488 1911 αὐτῆς,
542 1840 636 1893 καὶ
688 1842 893 1912 Κύριος
915 1840 1103 1911 κύκλῳ
1151 1839 1246 1894 τοῦ
1277 1839 1410 1893 λαοῦ
1441 1838 1627 1893 αὑτοῦ.
1659 1857 1677 1890 ι
1710 1837 1883 1891 Τοῦτο

293 1931 392 1985 καὶ
413 1931 500 1986 διὰ
533 1934 812 2003 προφήτου
837 1932 1023 2003 φωνῆς
1055 1931 1479 2004 ἐπαγγέλλεται·
1524 1950 1543 1983 ι
1585 1929 1728 1999 Ἐγὼ
1759 1928 1880 1982 ἔσο-

299 2041 401 2092 μαι
430 2024 594 2094 αὐτῇ.
623 2023 774 2092 λέγει
805 2023 1032 2094 Κύριος,
1058 2025 1237 2093 τεῖχος
1265 2022 1437 2093 πυρὸς
1461 2020 1747 2086 κυκλόθεν,
1789 2017 1884 2072 καὶ

297 2119 381 2180 εἰς
399 2117 554 2182 δόξαν
587 2115 783 2186 ἔσομαι
819 2118 879 2172 ἐν
911 2117 1065 2189 μέσῳ
1117 2115 1312 2186 αὐτῆς.
1349 2133 1367 2166 ι
1411 2108 1546 2167 Εἷτά
1595 2129 1783 2182 φησιν,
1808 2110 1883 2174 ὡς

292 2207 560 2262 κινδύνων
593 2209 778 2272 αὐτοῖς
799 2208 863 2261 ἐκ
892 2206 1028 2260 Θεοῦ
1064 2203 1332 2260 τοσούτων
1355 2201 1744 2272 ἐπικειμένων,
1768 2199 1882 2253 δέον

290 2298 463 2352 αύτὸν
495 2296 877 2368 εὐμενίζεσθαι
903 2297 1052 2367 πάσῃ
1092 2293 1318 2367 σπουδῇ⁶
1355 2296 1404 2347 οἱ
1441 2294 1498 2346 δὲ
1526 2290 1544 2330 1
1580 2291 1718 2361 πρὸς
1743 2291 1882 2344 ἁπό-

293 2407 502 2457 γνωσιν
529 2390 773 2452 ἐλθόντες
799 2385 1204 2458 ὲπανηγύριζον
1231 2385 1376 2441 κατὰ
1402 2386 1482 2438 τόο
1521 2403 1539 2436 ι
1562 2384 1733 2438 Ὅταν
1756 2380 1887 2453 ἕλοῃ

289 2482 502 2552 ἀσεϐὴς
542 2485 620 2544 εἰς
667 2480 872 2550 πλῆθος
907 2480 1116 2544 κακῶν,
1148 2479 1502 2548 καταφρονεῖ.
1531 2495 1548 2528 ι
1583 2472 1886 2552 Τοιγαροῦν

295 2574 636 2628 πεπόνθασιν
683 2576 762 2636 εἰς
810 2573 962 2636 τέλος
997 2573 1143 2642 ἅπερ
1171 2571 1281 2624 ἔδει
1313 2571 1448 2640 πρὸς
1478 2569 1659 2636 ὀλίγον
1690 2566 1888 2628 αὐτοὺς

295 2670 496 2723 παθεῖν
524 2666 616 2720 τὸν
645 2667 778 2720 Θεὸν
813 2666 1159 2727 ἱκετεύοντας
1193 2661 1332 2733 μετὰ
1357 2659 1606 2731 δακρύων
1632 2657 1728 2711 καὶ
1760 2656 1888 2708 πένο

297 2764 448 2828 Doug,
494 2762 587 2815 καὶ
625 2761 694 2814 τὰ
721 2759 816 2814 τοῦ
877 2756 1040 2812 Δαϐὶδ
1095 2755 1528 2826 ἀνακράζονταςο
1587 2751 1737 2805 ι’Ἱδε
1792 2749 1890 2818 τὴν

1983 1839 2216 1894 circuitu
2277 1837 2438 1906 ejus,
2500 1842 2556 1890 et
2617 1833 2882 1887 Dominus
2943 1832 2998 1884 in
3066 1827 3304 1883 circuitu
3375 1821 3562 1894 populi

1985 1934 2069 1988 sui
2104 1933 2169 1986 ⁸⁷.
2205 1950 2224 1985 ι
2256 1931 2409 1997 Quod
2445 1930 2524 1984 vel
2559 1926 2840 1998 propheta:
2865 1939 3004 1980 voce
3034 1919 3296 1992 patuerit,
3325 1917 3422 1989 qui
3447 1916 3560 1970 ait:

1993 2043 2009 2074 ι
2048 2023 2162 2094 Ego
2187 2023 2261 2088 ei,
2295 2023 2431 2076 dicit
2464 2020 2756 2085 Dominus,
2801 2033 2898 2072 ero
2934 2030 3127 2070 murus
3161 2011 3305 2082 ignis
3347 2010 3405 2064 in
3452 2007 3564 2061 cir-

1987 2117 2136 2171 cuitu
2191 2122 2246 2168 ct
2301 2112 2355 2167 in
2407 2111 2638 2184 gloriam
2681 2111 2737 2164 in
2791 2107 2974 2164 medio
3021 2105 3143 2175 ejus
3193 2103 3261 2156 ⁸⁸.
3328 2119 3346 2153 ι
3403 2097 3568 2154 Addit

1987 2205 2182 2262 deinde
2213 2206 2384 2260 tantis
2421 2204 2478 2258 in
2508 2217 2605 2258 eos
2650 2200 3036 2273 ingruentibus
3069 2212 3098 2250 a
3133 2195 3243 2250 Deo
3284 2190 3564 2263 periculis,

1987 2314 2114 2354 cum
2146 2297 2300 2352 omni
2351 2311 2487 2350 cura
2522 2293 2774 2351 eumdem
2816 2293 3033 2360 placare
3067 2287 3410 2348 debuissent,
3447 2289 3568 2334 tan-

1989 2403 2152 2458 quam
2181 2387 2469 2456 desperata
2501 2384 2679 2438 salute
2715 2382 2845 2435 luxu
2875 2376 3187 2434 dim‘ucntes
3232 2389 3354 2428 esse
3382 2369 3566 2424 feriari

1991 2481 2204 2543 solitos,
2245 2477 2401 2546 juxta
2430 2474 2563 2530 illud
2596 2492 2609 2527 :
2647 2493 2666 2526 ι
2714 2472 2853 2527 Cum
2894 2468 3043 2523 venit
3072 2466 3273 2535 impius
3310 2463 3368 2517 in
3399 2461 3572 2514 malo-

1993 2585 2114 2625 rum
2142 2565 2571 2630 multitudinem,
2615 2562 2926 2618 contemnit
2961 2559 3028 2614 ⁸³.
3067 2576 3088 2610 ι
3147 2553 3335 2624 Itaque
3384 2565 3573 2607 sense-

1992 2669 2124 2716 runt
2156 2659 2401 2724 tandem,
2438 2671 2561 2727 quas
2616 2655 2764 2725 ipsos
2816 2651 3010 2707 merito
3065 2663 3170 2703 non
3219 2647 3293 2701 ita
3339 2643 3572 2698 multmn

1993 2763 2182 2825 postea
2224 2752 2338 2821 pati
2385 2751 2594 2813 decuit,
2645 2761 2769 2801 cum
2803 2743 2972 2797 Deum
3007 2740 3286 2812 supplices
3317 2752 3424 2790 non
3456 2734 3576 2789 sine

296 2873 370 2907 τα
383 2853 635 2907 πείνωσίν
669 2869 795 2922 μου,
815 2851 914 2904 καὶ
941 2850 1032 2903 τὸν
1056 2849 1227 2902 κόπον
1264 2865 1388 2917 μου,
1423 2845 1518 2898 καὶ
1542 2844 1678 2910 ἄφες
1711 2841 1888 2902 πάσας

1997 2845 2254 2916 lacrymis
2302 2857 2436 2898 voce
2487 2839 2705 2896 Davidis
2754 2840 2827 2892 ita
2882 2837 3293 2890 inclamarcnt:
3357 2847 3374 2879 ι
3446 2825 3578 2878 Vide

299 2944 401 3007 τὰς
428 2917 702 3015 ἁμαρτίας
757 2959 882 3011 μου.
913 2959 931 2992 ι
989 2938 1114 3002 Τοῖς
1147 2939 1254 3010 γὰρ
1293 2934 1469 2989 ταῦτα
1495 2932 1713 2987 ποιοῦσι
1745 2929 1888 2985 καθὰ

1999 2936 2356 2991 humilitatem
2400 2946 2600 2996 meam,
2649 2938 2704 2985 et
2758 2929 3000 2983 laborem
3037 2938 3243 2986 meum,
3277 2927 3332 2974 et
3361 2917 3578 2971 dimitte

299 3011 599 3106 Μιχαίας-ω
627 3033 794 3106 φησί’
833 3053 851 3086 ι
894 3032 1176 3101 Ἐλεήμιιιν
1236 3029 1330 3083 καὶ
1391 3028 1694 3098 οἰκτίρμων
1750 3023 1888 3086 ἐστὶ,

1997 3030 2182 3085 omnia
2215 3035 2435 3098 peccata
2494 3039 2613 3078 mea
2665 3024 2733 3076 ⁷⁰.
2772 3041 2790 3073 ι
2829 3020 2925 3075 Est
2977 3018 3124 3072 enim
3157 3016 3212 3070 in
3265 3029 3385 3076 eos,
3423 3011 3578 3065 Joele

301 3101 806 3200 μακρόουμος-καὶ
868 3126 1157 3187 πολυέλεος
1205 3124 1300 3176 καὶ
1354 3119 1630 3191 μετανοῶν
1667 3117 1758 3170 ἐπὶ
1791 3132 1888 3170 κα-

1997 3127 2247 3184 auctore,
2273 3117 2367 3186 qui
2405 3117 2510 3172 ista
2541 3114 2748 3169 faciunt
2785 3130 2803 3163 ι
2848 3109 3118 3181 benignus
3141 3114 3197 3160 et
3242 3101 3580 3162 misericors,

301 3191 500 3285 κίαιςι
535 3191 683 3274 ιιίτέι
735 3219 971 3282 τούτοις.
1016 3217 1128 3286 Τὴν
1189 3214 1560 3286 προκειμένην
1625 3211 1683 3264 δὲ
1736 3208 1888 3281 ῥῆσιν

2001 3213 2214 3283 patiens
2246 3219 2300 3266 et
2341 3209 2524 3263 multa:
2568 3203 2968 3268 miserationis,
3004 3199 3210 3270 quique
3257 3191 3584 3266 poenitentia

303 3313 453 3366 οὕτω
497 3313 645 3378 τινὲς
695 3311 1060 3382 ἐξηγήσαντο,
1099 3308 1175 3372 ὡς
1241 3308 1318 3378 μὴ
1359 3301 1888 3378 προσωπολήπτηςέ

1998 3320 2163 3375 super
2193 3302 2338 3357 malo
2369 3301 2604 3356 ducatur
2632 3299 2676 3330 “
2699 3336 2715 3360 ,
2762 3316 2780 3348 ι
2815 3303 3125 3362 cteteraque
3175 3303 3299 3359 qua:
3345 3300 3587 3354 sequun-

305 3409 514 3480 Κύριος
547 3377 638 3461 τὸν
666 3377 918 3477 aspici};
951 3403 1092 3457 Σιὼν
1107 3377 1266 3471 λόγον
1295 3377 1353 3456 έν
1395 3377 1586 3470 μέσοις
1618 3399 1732 3460 τοῖς
1757 3393 1888 3450 κατὰ

2001 3405 2110 3452 tur.
2166 3393 2356 3464 Neque
2389 3408 2521 3449 vero
2559 3393 2784 3457 desunt,
2841 3387 2940 3458 qui
2992 3383 3275 3456 proposita
3311 3379 3480 3434 verba
3511 3377 3588 3428 ita

303 3467 417 3555 τῶύ
463 3467 775 3570 ἀλλοφύλων
832 3467 1077 3568 ἐλέγχοις
1135 3467 1419 3567 ἐνέθηκεν,
1462 3493 1538 3554 ὡς
1565 3489 1888 3558 ἀλλοφύλοις

2001 3489 2302 3558 explicent,
2345 3494 2405 3540 ut
2447 3483 2768 3546 Dominum,
2820 3479 2949 3550 quia
2985 3487 3347 3548 personarum
3391 3467 3590 3524 discri-

310 3596 421 3658 τοῖς
437 3591 715 3655 Ἰουδαίοις
743 3590 1112 3661 χρησάμενος,
1146 3587 1284 3658 πρὸς
1315 3585 1409 3648 οὓς
1436 3600 1569 3653 φησι
1598 3582 1667 3635 δι’
1693 3579 1895 3650 Ἀμώς·

319 3704 338 3736 ι
363 3686 473 3755 Ούχ
498 3683 574 3748 ὡς
601 3681 990 3736 υἱολΑἰθιόπων
1019 3681 1048 3733 ὑ
1058 3681 1178 3750 μεϊς
1205 3677 1328 3730 ἐστέ
1353 3693 1465 3746 μοι,
1490 3673 1641 3741 λέγει
1675 3671 1900 3740 Κύριος,

311 3777 375 3830 οὐ
395 3776 487 3830 τδν
518 3773 739 3846 Ἰσραὴλ
770 3775 1046 3846 ἀνήγαγον
1076 3773 1140 3826 ὲκ
1161 3771 1265 3839 γῆς
1293 3767 1605 3836 Αἰγύπτου,
1653 3765 1750 3817 καὶ
1776 3764 1903 3825 τοὺς

314 3866 647 3938 ἀλλοφύλους
671 3867 736 3918 ὲκ
763 3862 1191 3927 Καππαδοκίας,
1253 3860 1351 3913 καὶ
1405 3859 1536 3920 τοὺς
1592 3856 1802 3925 Σύρους
1843 3853 1906 3904 ὲκ

316 3957 709 4031 βόθρου;ἰδοὺ
743 3957 793 4010 οἱ
827 3955 1103 4026 ὀφθαλμοὶ
1159 3951 1370 4023 Κυρίου
1422 3949 1514 4002 ἐπὶ
1569 3946 1751 4007 πάσας
1809 3942 1907 4006 τὰς

318 4051 594 4122 βασιλείας
616 4051 714 4122 τῆς
761 4051 884 4122 γῆς.
912 4068 930 4102 ι
967 4047 1128 4102 Ὅθεν
1160 4044 1255 4098 νῦν
1287 4044 1387 4114 τὴν
1423 4039 1662 4109 παντελῆ
1694 4036 1906 4090 τούτων

315 4142 592 4214 ἀποϐολὴν
643 4140 922 4212 παριστῶν
945 4180 960 4203 ,
998 4140 1110 4201 τοῖς
1141 4134 1463 4205 ἀλλοφύλοις
1488 4131 1684 4194 αὐτοὺς
1711 4131 1909 4198 ἐγκατ-

317 4234 524 4298 έλεξεν.
556 4236 623 4287 Ὀ
651 4233 747 4288 καὶ⁸
776 4230 1033 4304 δηλοῦται
1053 4229 1142 4283 διὰ
1173 4228 1284 4296 τῆς
1332 4225 1656 4296 φάραγγος.
1693 4221 1768 4274 0'5
1803 4218 1910 4290 γὰρ

320 4325 508 4388 ἁπλῶς
539 4319 660 4377 εἶπε
690 4323 863 4389 Σιὼν,
899 4321 1036 4376 ἀλλὰ
1088 4319 1366 4390 φάραγγα
1391 4357 1404 4383 ,
1438 4315 1538 4385 τὴν
1585 4312 1794 4372 πτῶσιν
1812 4310 1909 4382 δη-

2005 3581 2151 3634 mine
2195 3594 2305 3632 non
2337 3576 2590 3637 ducatur,
2623 3571 2940 3640 Judzeisque
2974 3567 3178 3639 pariter
3204 3571 3369 3633 atque
3395 3569 3580 3615 exter-

2006 3673 2092 3727 nis
2121 3677 2328 3733 utatur,
2368 3680 2682 3722 sermonem
2729 3663 2799 3718 de
2834 3661 3002 3716 Sione
3049 3656 3242 3713 mediis
3290 3656 3590 3710 alienarum

2007 3763 2250 3832 gentium
2300 3755 2829 3829 reprehensionibus
2901 3751 3206 3808 inseruisse
3257 3747 3480 3801 velint:
3543 3741 3593 3796 ei

2008 3858 2112 3912 hoc
2162 3853 2384 3908 nomine
2443 3850 2610 3906 etiam
2664 3849 2716 3902 in
2771 3861 2868 3902 eos
2907 3846 3022 3899 lucc
3089 3845 3256 3897 Amas
3315 3837 3596 3910 propheta:

2009 3949 2174 4004 verba
2205 3945 2474 4001 exsistere
2503 3963 2515 3998 :
2539 3939 2707 4010 289
2738 3958 2755 3990 ι
2795 3935 3056 4007 Nunquid
3083 3942 3346 4003 tanquam
3372 3928 3594 3985 Ethio—

2012 4055 2139 4108 pum
2196 4036 2292 4090 lilii
2345 4034 2481 4089 estis
2517 4030 2692 4085 mihi?
2727 4029 2804 4082 ait
2856 4026 3143 4080 Dominus.
3191 4019 3447 4090 Nunquid
3497 4031 3598 4087 ego

2013 4129 2274 4187 lsraelem
2310 4123 2472 4180 eduxi
2527 4121 2596 4177 de
2645 4130 2793 4176 terra
2846 4116 3094 4188 Egypti,
3152 4121 3208 4170 et
3263 4110 3598 4180 alienigenas

2013 4231 2206 4294 gentes
2252 4231 2283 4271 e
2317 4210 2694 4284 Cappadocia,
2751 4207 3032 4280 Syrosque
3083 4204 3153 4259 de
3210 4200 3405 4256 fovea?
3461 4199 3601 4252 Ecce

2014 4289 2163 4369 oculi
2211 4306 2426 4363 Domini
2484 4305 2538 4360 in
2600 4301 2786 4358 omnia
2848 4313 3016 4369 regna
3069 4307 3231 4351 terrae
3272 4295 3340 4348 τ’.
3381 4311 3399 4343 ι
3448 4289 3602 4346 Unde

320 4419 432 4472 λὼν
479 4419 579 4487 τὴν
608 4417 668 4483 ἐξ
697 4416 866 4487 ὕψους
893 4413 987 4468 τοῦ
1035 4410 1325 4474 θεοσεϐοῦς
1383 4406 1782 4478 πολιτεύματος
1817 4406 1888 4456 κα

2019 4417 2186 4469 nunc,
2220 4415 2329 4472 quo
2360 4399 2524 4468 plane
2571 4395 2802 4464 rejectos
2847 4405 2972 4447 esse
3005 4389 3229 4450 doceat,
3279 4388 3425 4440 inter
3470 4382 3604 4436 alie—

323 4513 382 4564 ὲν
401 4509 614 4564 κοιλάσι
636 4511 730 4563 καὶ
751 4507 908 4580 βάθει
933 4505 1032 4575 τῆς
1061 4503 1260 4567 κακίας
1291 4501 1583 4571 κειμένους
1611 4497 1810 4561 αὐτοὺς
1832 4497 1914 4548 αἰ-

324 4603 662 4676 νιττόμενος.

2019 4497 2250 4567 nigeuas
2281 4496 2550 4547 recenset.
2588 4485 2744 4553 Quod
2789 4493 2848 4540 ut
2880 4481 3054 4552 magis
3094 4480 3258 4536 etiam
3312 4475 3603 4546 signiﬁcet,

2024 4589 2178 4644 vallis
2227 4597 2426 4640 nomen
2457 4579 2689 4634 addidit.
2738 4575 2928 4646 Neque
2957 4574 3102 4629 enim
3135 4572 3264 4627 Sion
3299 4568 3437 4624 dixit
3471 4567 3606 4622 sim-

327 4699 572 4771 pliciter.
608 4695 707 4752 sed
737 4695 930 4749 vallem
957 4690 1232 4760 adjunxit,
1276 4697 1334 4744 ut
1364 4687 1456 4760 pio
1483 4687 1578 4742 illo
1612 4695 1666 4741 et
1695 4683 1915 4741 excelso
1956 4683 2080 4737 vita:
2123 4696 2343 4752 genere,
2371 4695 2481 4749 quo
2514 4675 2808 4730 utebantur
2855 4681 3038 4737 antea,
3073 4663 3370 4728 excidisse,
3436 4669 3491 4716 et
3553 4661 3610 4716 in

329 4791 624 4864 profundis
655 4789 769 4858 jam
809 4787 1067 4840 vitiorum
1111 4782 1347 4838 vallibus
1375 4781 1559 4851 jacere
1595 4778 1812 4833 doceat.

403 4885 557 4939 Σιὼν
610 4883 709 4954 μὲν
752 4881 860 4951 γὰρ
902 4879 1026 4948 ὅρος
1079 4877 1229 4930 ἐστὶν
1258 4873 1508 4948 [ὑψηλὸν]
1535 4875 1621 4941 ἐφ’
1651 4864 1712 4926 οὗ
1735 4873 1764 4925 ὁ
1784 4870 1919 4934 νεὼς

2097 4867 2192 4922 Est
2229 4865 2376 4922 enim
2411 4862 2539 4918 Sion
2570 4875 2730 4915 mons
2781 4856 3048 4928 peraltus,
3093 4851 3149 4906 in
3200 4863 3310 4920 quo
3357 4851 3614 4902 constru-

332 4976 428 5030 τού
456 4975 591 5028 Θεοῦ
610 4933 964 5045 ἷξικοδόμζλτοὶ
994 4933 1085 5023 ius
1118 4933 1284 5041 φησιν
1305 4933 1392 5020 ’,ι’
1411 4933 1530 5022 Ἐπ’
1567 4933 1690 5036 ϐρος
1718 4965 1888 5036 ὑψηλδ

2026 4973 2176 5015 ctum
2217 4955 2428 5012 Domini
2479 4951 2744 5022 templum
2779 4948 2983 5012 fuerat,
3024 4941 3170 4999 unde
3199 4940 3402 5012 legitur
3435 4954 3449 4990 :
3489 4954 3506 4986 ι
3557 4933 3613 4988 Ιιι

333 5068 568 5136 ἀνάϐηθι
592 5069 620 5121 ὁ
649 5063 1140 5134 εὐαγγελιζόμενος
1174 5061 1334 5114 Σιὼν.
1366 5080 1383 5110 ι
1425 5057 1556 5112 Καί·
1591 5076 1608 5109 ι
1639 5056 1919 5128 Προσελη-

2031 5060 2272 5107 montem
2294 5047 2574 5103 excelsum
2599 5040 2862 5106 ascende,
2882 5039 2976 5110 qui
2997 5039 3344 5109 evangelizas
3357 5035 3489 5089 Sion
3510 5030 3576 5082 ".
3592 5048 3610 5080 ι

336 5162 536 5216 λύῦατε
567 5160 705 5215 Σιὼν
731 5161 849 5230 ὄρει
874 5158 966 5211 καὶ
998 5157 1151 5210 πόλει
1183 5155 1320 5208 Θεοῦ
1347 5149 1888 5222 ζῶντοςΊερουσαλὴχ

2031 5139 2241 5196 Deinde
2276 5157 2289 5193 :
2335 5157 2354 5190 ι
2392 5136 2648 5191 Accedite
2673 5134 2740 5188 ad
2771 5143 3010 5187 montem
3052 5130 3206 5193 Sion,
3233 5136 3288 5183 et
3320 5126 3386 5179 ad
3424 5123 3614 5178 urbem

336 5253 665 5326 ἐπουρανίῳ.
697 5274 714 5306 ι
773 5252 1074 5323 Σημαίνειν
1131 5250 1188 5303 δὲ
1231 5247 1326 5302 καὶ
1383 5245 1478 5298 τὸν
1554 5240 1912 5311 εύιγγελικὸν

343 5347 560 5416 ἐλέγετο
591 5346 770 5417 λόγον.
803 5346 864 5397 Οἱ
883 5343 942 5398 δὲ
960 5340 1162 5412 ταύτης
1190 5340 1288 5409 τῆς
1318 5336 1533 5400 ἐλπίδος
1562 5331 1919 5388 ἐκπεπτωκό-

2037 5234 2126 5290 Dei
2158 5229 2418 5293 viventis,
2450 5227 2731 5283 caelestem
2754 5223 3059 5280 Jerusalem
3081 5221 3148 5273 “.
3188 5239 3206 5271 ι
3239 5217 3458 5271 Dicatur
3489 5227 3618 5266 vero

2033 5337 2087 5385 et
2115 5323 2495 5396 evangelicum
2544 5318 2770 5376 verbum
2817 5317 3070 5378 innuere,
3103 5327 3133 5366 a
3162 5309 3321 5381 cujus
3374 5306 3477 5360 [ide
3523 5304 3618 5374 qui

417 5464 462 5493 "
493 5461 638 5515 Psal.
669 5477 849 5522 cxtlv,
885 5460 939 5513 2.
1017 5457 1062 5490 "
1089 5455 1254 5512 Zach.
1287 5471 1346 5516 ιι,
1382 5453 1438 5508 5.
1516 5453 1560 5484 ⁶⁹
1589 5451 1748 5506 Prov.
1786 5465 1940 5510 xvm.
1971 5447 2024 5502 3.
2103 5443 2146 5475 τ’
2179 5440 2325 5499 Psal.
2381 5453 2532 5501 xxiv,
2580 5434 2662 5488 l8.
2693 5434 2736 5464 "
2765 5431 2877 5488 Jocl
2909 5446 2970 5493 ιι,
3001 5429 3088 5481 l3.
3167 5428 3211 5458 "
3242 5426 3408 5478 Amos
3441 5439 3520 5487 ιχ,
3557 5420 3615 5486 7,

352 5534 404 5588 8.
482 5534 528 5565 ’³³
559 5532 660 5588 lsa.
711 5548 798 5595 ιι,
841 5530 895 5584 9.
976 5530 1020 5561 ⁷³
1069 5529 1237 5584 llcbr.
1290 5542 1387 5590 xu,
1425 5524 1515 5577 9.9..

1624 5609 1862 5667 VARW.
1891 5602 2295 5664 LECTIONES.

430 5719 450 5759 ί
493 5733 582 5787 γρ.
610 5717 791 5780 αὐτοῖς
825 5715 860 5786 ἢ
886 5715 1116 5778 ἑαυτοῖς.
1211 5712 1223 5762 i
1265 5712 1368 5784 ἄρ.
1401 5710 1761 5782 ἐστοχάσαντο
1794 5705 1869 5761 δέ.

1982 5703 2010 5745 κ
2039 5701 2200 5758 λείπ.
2227 5697 2340 5753 καί.

2446 5694 2463 5736 t
2503 5712 2592 5766 γρ.
2629 5692 2750 5766 μέν.
2830 5695 2867 5720 ³³
2896 5683 3180 5756 γρ.Ἱωή’λ.
3267 5692 3293 5722 ιι
3319 5685 3378 5738 λ.
3401 5682 3493 5735 καὶ
3522 5679 3612 5736 τά.
