4022 6210
3588 143 3616 160 ο

477 260 619 329 2175
1604 280 1607 283 ν
1806 256 2162 335 phocam
2210 271 2455 332 GAZ/EI
3595 261 3785 326 2176

475 379 840 446 dellexerunt,
878 381 935 436 in
965 381 1083 452 ipsa
1107 381 1263 448 valle,
1317 399 1439 455 quae
1484 383 1634 442 Sioni
1677 386 1896 458 adiacet
1929 403 2051 459 pro-

2158 387 2334 451 τεςὲν
2361 385 2620 455 φάραγγι
2642 381 2754 451 τῆς
2779 380 2934 437 Σιὼν
2962 379 3363 454 παρακείμενοι
3389 379 3778 431 πεπτώκασι.

479 474 636 529 Strati
686 483 838 529 sunt.
878 471 1081 529 Virtuti
1130 477 1277 531 enim
1331 478 1562 533 cuilibet
1593 481 1802 534 malitia
1836 495 2051 551 semper

2160 479 2317 550 Πάσῃ
2346 478 2453 547 γὰρ
2488 477 2658 548 ἀρετῇ
2686 473 2857 529 κακία
2891 474 3245 547 παράκειται,
3275 474 3355 537 είς
3377 471 3445 544 ἢν
3473 471 3776 525 ἐκπίπτει

477 564 713 631 adjacet,
767 564 820 619 in
873 567 1149 637 istamque
1186 567 1475 623 delabatur
1519 584 1750 627 necesse
1799 580 1904 632 est.
1962 572 2053 640 qui

478 653 570 706 illa
604 653 846 708 excidit:
885 656 1076 725 quales
1114 657 1412 722 exsistunt,
1457 657 1608 728 quia
1649 658 1754 716 [ide
1789 648 2055 718 in'iucre-

478 744 792 809 ilulitatem,
818 745 939 816 ipso
961 747 1223 801 nimirum
1251 746 1529 820 Evangelii
1564 748 1788 822 fastigio
1815 751 2058 806 cmlesti-

476 851 584 906 que
640 834 803 891 Sioue
856 836 1138 895 deturbati
1174 839 1319 895 inter
1369 848 1559 909 gentes
1617 851 1835 899 exteras
1881 840 2053 899 τιυάιοί

475 938 869 997 numerantur;
899 933 993 999 qui
1025 940 1208 987 tamen
1241 933 1295 987 in
1337 941 1448 987 tam
1488 933 1693 989 infelici
1724 951 1904 990 rerum
1929 950 2054 991 suc-

470 1036 638 1076 cessu
676 1022 748 1075 ita
781 1031 985 1077 temere
1011 1025 1410 1093 intumescunt,
1453 1033 1513 1079 ut
1559 1042 1588 1080 a
1641 1027 1909 1096 propheta
1955 1042 2054 1080 au-

473 1111 630 1166 diant
659 1129 674 1166 :
726 1110 870 1178 Quid
900 1113 1106 1182 factum
1136 1125 1215 1169 est
1265 1116 1382 1179 tibi,
1417 1118 1546 1186 quia
1580 1115 1899 1170 ascendistis
1929 1133 2056 1169 om—

427 1220 431 1226 λ
471 1219 564 1258 nes
591 1204 646 1258 in
678 1214 814 1258 tecta
855 1205 1105 1260 vana?et
1148 1207 1414 1262 adversus
1450 1208 1733 1263 Christum
1767 1227 1780 1262 :
1822 1227 1840 1260 ι
1876 1207 2051 1269 Tolle,

470 1294 623 1361 tolle,
664 1296 929 1366 crucique
972 1295 1172 1368 aliigito
1200 1295 1248 1331 ⁷⁵
1277 1342 1292 1364 ,
1333 1319 1351 1351 ι
1388 1299 1651 1362 clamare,
1699 1299 1878 1371 iisque
1909 1300 2056 1353 voci-

469 1385 576 1439 bus
605 1392 775 1438 tutam
822 1385 1016 1440 urbem
1069 1387 1281 1454 replere
1330 1403 1442 1442 non
1490 1387 1771 1444 desiistis.
1827 1389 2051 1452 Dcimle,

471 1475 698 1541 quando
743 1484 1027 1544 peccatum
1063 1477 1129 1529 ad
1161 1483 1393 1532 mortem
1453 1477 1585 1531 illud
1621 1486 1727 1544 est,
1782 1493 1891 1548 quo
1932 1493 2054 1548 quae

470 1565 739 1633 peccavit,
776 1563 957 1617 anima
992 1564 1183 1618 interit
1213 1565 1293 1629 ⁷⁸,
1347 1565 1613 1621 vulnerati
1664 1567 1763 1629 tui,
1798 1581 1900 1620 non
1934 1564 2052 1620 vul-

471 1655 645 1709 nerati
674 1654 837 1722 ferro,
877 1657 975 1709 ait.
1022 1655 1238 1712 Rursus
1268 1657 1412 1727 quod
1440 1659 1706 1728 principes
1745 1674 1922 1711 onmes
1964 1659 2053 1725 [u-

470 1747 611 1814 gisse
661 1745 835 1808 dixit,
887 1743 1200 1798 deturbatos
1251 1760 1366 1800 esse
1426 1745 1792 1817 Symmachus
1834 1745 2048 1815 posuit,
2083 1739 2125 1795 Β

471 1833 783 1892 Theodotio
827 1844 1155 1901 commotos,
1188 1837 1335 1891 unde
1371 1838 1593 1907 regibus
1618 1837 1729 1906 jam
1769 1844 1823 1891 et
1848 1837 2057 1906 princi-

471 1926 654 1997 pibus,
687 1926 1153 1999 pontiﬁcibusque
1181 1940 1236 1983 et
1287 1930 1596 1997 prophetis,
1632 1937 1687 1981 et
1733 1927 2050 1993 Pharisaeis,

469 2030 524 2074 et
552 2019 877 2076 Sadducteis
903 2021 1066 2075 etiam
1108 2035 1300 2076 carere
1348 2022 1552 2074 innuit.
1586 2019 1689 2086 Qui
1724 2035 1854 2075 vero
1886 2023 2049 2074 etiam

472 2128 617 2167 nunc
645 2114 952 2167 an’marum
988 2120 1362 2183 expugn‘atore
1389 2112 1537 2182 capti
1579 2123 1731 2173 sunt,
1763 2113 1961 2168 misere
1986 2127 2052 2166 ac

469 2205 687 2259 duriter
719 2206 772 2259 in
809 2206 1050 2259 vinculis
1085 2205 1426 2261 detinentur.
1482 2206 1552 2259 At
1589 2219 1780 2259 eorum
1829 2219 2050 2276 gravem

465 2295 604 2351 adeo
628 2311 817 2353 casum
858 2296 1096 2353 intuitus
1125 2297 1415 2367 propheta,
1447 2298 1598 2351 luctu
1627 2298 1692 2351 ad
1720 2296 2052 2351 calamitatis

469 2388 693 2443 ntodnm
749 2398 1076 2458 temperato,
1115 2389 1297 2460 gentis
1335 2389 1542 2444 instare
1604 2403 1715 2444 non
1762 2388 2048 2459 repudium

469 2489 707 2543 tantum.
741 2484 836 2540 sed
887 2483 1041 2539 urbis
1085 2484 1252 2537 etiam
1289 2482 1777 2555 expugnationem,
1809 2482 2051 2552 trepida—

467 2571 698 2637 tionem,
730 2573 931 2627 civium
961 2574 1295 2628 errationem
1338 2583 1392 2628 et
1429 2574 1839 2629 derelictionem
1874 2573 2050 2642 signi-

470 2663 674 2718 ﬁcavit.
729 2664 894 2737 290
946 2663 1156 2720 Deinde
1185 2664 1331 2736 quod
1378 2664 1641 2720 Elantitas
1671 2665 1937 2728 nominat,
1988 2680 2054 2718 eo

467 2753 522 2808 id
549 2752 705 2820 facit,
737 2762 799 2810 ut
839 2755 1150 2813 invisibiles
1192 2756 1536 2828 hostilesque
1568 2765 1891 2829 potestates,
1924 2756 2050 2826 qui-

467 2845 572 2900 bus
614 2863 642 2899 a
677 2846 789 2904 Deo
836 2847 1023 2902 traditi
1055 2857 1209 2913 sunt,
1261 2849 1531 2919 designet,
1565 2848 1662 2918 qui
1709 2856 1764 2904 et
1807 2849 2054 2904 nominis

2156 587 2242 633 τις
2265 569 2481 641 ἐκείνης
2508 564 2852 639 διαμαρτὼν,
2875 564 2951 630 ὼς
2967 566 2996 619 ὁ
3014 566 3093 629 είς
3120 562 3458 618 meum:
3476 559 3777 621 πίστεως.

2156 657 2251 722 Εἰς
2298 658 2366 729 ἢν
2395 658 2444 711 oi
2469 658 2531 710 ὲκ
2560 646 2864 727 περιτομῆς
2917 652 3334 724 κατηνέχθησαν
3365 652 3424 718 ἐξ
3455 649 3629 720 ὕψους
3658 648 3779 701 εὐ-

2155 747 2448 818 αγγελικοῦ
2501 750 2596 802 καὶ
2646 748 2748 818 τῆς
2776 746 3101 817 ἐπουρανίου
3133 744 3303 800 Σιών.
3333 742 3534 813 Διόπερ
3562 742 3624 794 ὲν
3662 737 3783 791 ἀλ-

2155 838 2406 909 λοφύλοις
2436 838 2763 909 ἐτάχθησαν,
2792 837 2927 891 ἀλλά
2954 836 3049 890 καὶ
3078 834 3225 889 οὕτω
3267 830 3774 903 δυσπραγοῦντες,

2156 930 2282 1000 εἰκῆ
2313 927 2646 998 φυσιώμενοι
2685 927 2836 999 παρά
2864 928 2962 998 τῆς
2992 925 3332 997 προφητείας
3359 922 3651 984 ἀκούουσι,
3695 922 3774 974 Τί

2153 1018 2395 1088 ἐγένετό
2414 1032 2533 1082 σοι,
2553 1016 2643 1071 ὅτι
2671 1016 2924 1084 ἁνέϐητε
2967 1012 3192 1079 πάντες
3221 1014 3310 1079 εις
3358 1010 3598 1078 δώματα
3625 1006 3776 1079 μά-

2154 1128 2320 1175 tma;
2347 1110 2444 1164 καὶ
2482 1108 2626 1164 κατά
2657 1107 2899 1180 Χριστοῦ
2926 1106 3009 1171 τὸ,
3049 1127 3067 1158 ι
3092 1100 3248 1176 Αἶρε,
3278 1099 3425 1176 αἶρε,
3455 1104 3547 1157 καὶ
3573 1101 3774 1156 σταύ-

2158 1193 2309 1275 ρου,ι
2333 1204 2670 1274 βοησάντων,
2690 1204 2879 1273 φησὶν,
2902 1201 3208 1272 ἐνεπλήσθη
3228 1202 3261 1272 ἡ
3286 1200 3440 1263 πόλις
3467 1198 3770 1269 βοώντων.

2157 1296 2265 1349 Καὶ
2293 1296 2415 1349 ἐπεὶ
2443 1295 2590 1349 ἔστιν
2620 1294 2865 1368 ἁμαρτία
2894 1294 3030 1364 πρὸς
3056 1293 3308 1354 θάνατον,
3340 1291 3463 1346 καθ’
3496 1292 3566 1360 ἢν
3593 1290 3773 1360 ψυχή

2153 1389 2542 1459 ἁμαρτάνουσα
2589 1388 2728 1459 αύτὴ
2757 1388 3131 1450 ἀποθανεῖται,
3152 1388 3212 1440 αἱ
3230 1386 3579 1454 τραυματίαι
3598 1400 3768 1447 σον.

2154 1480 2341 1550 φησιν.
2372 1480 2445 1535 οὐ
2487 1480 2837 1551 τραυματίαι
2864 1479 3185 1548 μαχαίρας.
3215 1477 3325 1530 Καὶ
3353 1474 3599 1543 πάντες.
3632 1493 3769 1544 φη·

2156 1572 2262 1635 σἰν,
2286 1574 2342 1625 οἱ
2370 1571 2659 1642 ἄρχοντές
2707 1586 2825 1625 σου
2885 1570 3285 1639 πεφεύγασιν.
3320 1567 3483 1624 Κατά
3505 1568 3561 1623 δὲ
3590 1567 3679 1621 Σύ
3688 1585 3771 1638 μ-

2160 1681 2330 1734 μαχον
2350 1661 2879 1729 ἀνεστατώθησαν,
2911 1661 3057 1715 κατὰ
3071 1660 3128 1714 δὲ
3158 1659 3490 1714 Θεοδοτίωνα
3507 1676 3774 1729 μετεκι-

2153 1756 2454 1823 νήθησαν.
2488 1754 2651 1809 Ὅθεν
2697 1754 2799 1807 οὐκ
2844 1751 2925 1806 ἔτι
2957 1751 3086 1822 παρ’
3121 1750 3305 1815 αὐτοῖς
3333 1792 3347 1817 ,
3376 1751 3440 1803 οὐ
3475 1749 3768 1819 βασιλεῖς,

2154 1849 2254 1919 οὐχ
2310 1847 2627 1918 ἡγούμενοι,
2684 1846 2785 1900 ούκ
2830 1846 3130 1916 ἀρχιερεῖς,
3161 1844 3223 1898 ού
3252 1843 3555 1913 προφῆται,
3626 1841 3771 1896 ἀλλ’

2154 1939 2277 1992 οὐδὲ
2327 1940 2612 2000 Φαρισαῖοι
2667 1937 2763 1991 καὶ
2807 1935 3183 1989 Σαδδουκαῖοι.
3228 1936 3292 1987 Οἱ
3322 1934 3378 1987 δὲ
3423 1935 3593 1988 εἰσέτι
3653 1932 3774 1987 νῦν

2155 2031 2376 2094 ἁλόντες
2436 2029 2542 2082 ὑπὸ
2580 2026 2675 2081 τοῦ
2710 2027 2821 2081 τῶν
2861 2025 3051 2097 ψυχῶν
3112 2023 3475 2097 πολιορκητοῦ
3524 2023 3769 2095 πικρῶς

2154 2122 2553 2177 καταδέδενται.
2578 2121 2691 2192 Τὴν
2715 2120 2773 2174 δὲ
2794 2119 3062 2191 τοσαύτην
3099 2117 3280 2171 αὐτῶν
3321 2115 3529 2169 πτῶσιν
3555 2116 3585 2169 ὀ
3607 2132 3766 2187 προ-

2161 2214 2338 2282 φήτης
2375 2211 2517 2275 ἰῖὼν,
2570 2209 2973 2281 συμμετρεῖτῷ
3002 2208 3166 2261 πάθει
3212 2207 3303 2260 τὸν
3354 2206 3576 2276 Θρῆνον,
3642 2206 3762 2278 τὴν

2157 2304 2253 2358 τοῦ
2279 2304 2472 2372 γένους
2502 2303 2796 2373 ἀποϐολὴν,
2821 2303 2914 2355 καὶ
2946 2299 3047 2371 τὴν
3071 2299 3272 2353 ἅλωσιν
3295 2297 3625 2369 προϐλέπων
3644 2299 3761 2367 τῆς

2161 2392 2386 2459 πόλεως,
2422 2392 2522 2453 τάς
2544 2410 2603 2445 τε
2616 2391 2882 2465 ταραχὰς,
2915 2391 3011 2444 καὶ
3039 2390 3139 2460 τὴν
3173 2389 3461 2460 πλάνησιν,
3484 2388 3550 2459 ἣν
3574 2387 3760 2441 ἐπλα-

2158 2483 2481 2556 νήθησανι*
2505 2482 3051 2553 ἐγκαταλειφθέντες.
3088 2476 3223 2535 Εἶτα
3254 2483 3381 2544 τοὺς
3414 2480 3755 2549 Ἐλαμὶτας

2159 2572 2352 2636 εἰπὼν,
2409 2574 2637 2642 ἀφανεῖς
2690 2572 2953 2643 δυνάμεις
3016 2569 3168 2641 δηλοῖ
3194 2570 3290 2624 καὶ
3317 2567 3631 2641 πολεμίους,
3663 2562 3759 2630 οἷς

2162 2666 2266 2720 ὑπὸ
2294 2666 2852 2738 Θεοῦιπαρεδόθησαν,
2882 2664 2931 2718 οἳ
2963 2663 3059 2718 καὶ
3081 2662 3527 2735 παραϐλέποντες
3563 2661 3760 2732 ἑρμη-

2160 2756 2425 2821 νεύονται,
2452 2757 2562 2809 τῶν
2615 2753 3005 2825 ἀπολλυμένων
3050 2752 3401 2825 παρορῶντες
3429 2751 3527 2821 τήν
3557 2767 3758 2822 σωτη-

2169 2850 2315 2923 ρίαν,
2354 2849 2661 2919 φειδόμενοι
2699 2847 2949 2919 μηδενός.

467 2939 803 3008 proprietate
884 2939 1009 2997 ideo
1091 2951 1502 3013 contemptores
1555 2950 1777 3005 sonant,
1856 2940 2002 3012 quod
2082 2944 2434 3013 pereuntium
2493 2941 2726 3017 salutem
2791 2938 3070 3011 aspernati
3130 2936 3393 3009 cuiquam
3451 2950 3562 2990 non
3609 2948 3754 3005 par-

468 3035 619 3082 cant.

542 3117 638 3171 Illi
685 3129 883 3181 autem,
924 3121 1022 3182 ait,
1083 3119 1449 3188 ingrediantur
1497 3131 1676 3188 portas
1717 3135 1891 3176 suas:
1932 3136 2041 3176 non

2220 3118 2397 3178 Οὗτοι
2429 3119 2517 3186 δὲ,
2543 3116 3203 3191 φησὶν,εὶσελεύσονταί
3232 3131 3349 3170 σου
3376 3114 3486 3182 τὰς
3513 3115 3748 3183 πύλας.

467 3223 617 3263 nunc
647 3210 887 3277 quidem,
920 3210 1013 3263 sed
1038 3211 1091 3262 in
1121 3210 1206 3264 die
1242 3210 1363 3271 illa.
1420 3210 1473 3263 id
1522 3220 1607 3265 est
1658 3221 1909 3280 tempore
1953 3227 2051 3282 per

467 3299 811 3369 prophetiam
849 3298 1170 3369 designato;
1200 3310 1249 3354 et
1294 3309 1523 3370 relegant
1565 3301 1877 3356 abscondita
1910 3305 2051 3358 arcis

466 3388 664 3455 David,
693 3390 846 3461 regni
878 3390 1136 3446 nimirum
1169 3392 1442 3464 symbola,
1475 3403 1531 3449 et
1560 3409 1683 3464 qua:
1706 3394 1760 3448 in
1794 3404 2052 3451 sanctua-

465 3482 552 3537 rio
588 3483 709 3552 ipso
756 3482 1062 3545 recondita,
1120 3499 1339 3541 summo
1374 3492 1587 3540 tantum
1634 3488 1911 3543 sacerdoti
1965 3488 2053 3542 in-

466 3573 668 3628 tuenda
720 3574 1185 3631 recoudebantur.
1219 3575 1489 3632 Caeterum
1539 3593 1638 3649 pro
1674 3593 1741 3631 eo
1772 3578 1948 3649 quod,
1980 3578 2050 3634 Et

466 3664 710 3719 riderunt
742 3666 882 3737 quod
907 3667 1083 3734 plures
1120 3677 1267 3732 sunt,
1301 3667 1569 3725 habemus
1607 3689 1621 3724 :
1655 3668 1724 3724 Et
1751 3672 1907 3725 verba
1953 3673 2049 3726 do-

468 3769 587 3809 mus
633 3755 807 3809 David
855 3756 1371 3830 videbitis,quoniam
1432 3760 1651 3832 impleta
1692 3771 1838 3829 sunt,
1878 3764 2045 3819 inter-

468 3856 719 3913 pretatur
744 3846 1135 3917 Symmachus.
1171 3850 1301 3905 Erat
1343 3868 1472 3907 vero
1512 3855 1630 3923 ipsa
1662 3856 1885 3923 piscina:
1914 3865 2046 3913 cete-

464 3939 542 3992 ris
564 3941 617 3992 in
638 3939 764 3995 urbe
802 3943 1109 3997 exsistentis
1133 3959 1275 4014 aqua
1309 3946 1438 3999 nihil
1468 3946 1642 4010 aliud,
1674 3962 1839 4016 quam
1886 3947 2043 4002 Seri-

465 4039 641 4097 ptum:
667 4032 868 4087 veteris
911 4042 965 4088 et
997 4032 1267 4091 divinitus
1311 4036 1595 4107 iuspiratae
1627 4051 1835 4104 sermo,
1882 4054 2043 4108 quem

463 4122 720 4188 aversati,
776 4124 1012 4179 alienam
1067 4142 1263 4197 aquam
1325 4131 1731 4199 quzesivcrunt,
1784 4130 2044 4186 docentes

463 4209 816 4283 disciplinas,
854 4216 1118 4271 mandata
1151 4218 1462 4286 hominum,
1490 4229 1544 4275 et
1583 4230 1895 4279 evertentes
1924 4239 2046 4277 ver-

460 4301 591 4358 bum
623 4302 834 4359 Domini
869 4318 1093 4377 propter
1123 4308 1476 4365 traditionem
1513 4325 1667 4367 suam
1698 4312 1744 4345 "
1775 4331 1790 4369 :
1833 4313 1902 4369 de
1923 4316 2045 4386 qui-

461 4395 569 4452 bus
617 4398 692 4451 ita
747 4407 835 4454 est
882 4398 1028 4469 apud
1082 4398 1421 4456 Jeremiam:
1478 4421 1499 4455 ι
1563 4403 1645 4460 Me
1699 4407 2046 4477 reliquerunt

2153 3208 2270 3262 ἀλλ’
2303 3207 2424 3278 οὐχὶ
2466 3205 2583 3273 νῦν,
2626 3206 2745 3261 ἀλλ’
2778 3206 2849 3261 ἐν
2884 3205 2961 3276 τῇ
2993 3206 3182 3276 ἡμέρᾳ
3235 3205 3458 3272 ἐκείνῃ,
3499 3204 3579 3274 τῷ
3602 3222 3749 3274 προε-

2153 3300 2510 3371 φητευομένῳ
2553 3298 2754 3371 καιρῷ,
2789 3298 3268 3368 ἀποκαλύψουσί
3290 3313 3355 3350 τε
3385 3295 3459 3350 τὰ
3503 3295 3751 3365 κρυπτά

2152 3393 2264 3461 τῆς
2294 3392 2484 3460 ἄκρας
2509 3391 2689 3448 Δαὸὶδ
2708 3392 2811 3462 τῆς
2844 3390 3125 3462 βασιλείας
3150 3389 3219 3444 τά
3254 3388 3523 3460 σύμϐολα,
3554 3388 3651 3443 καὶ
3673 3388 3748 3441 τά

2151 3484 2211 3534 ἐν
2247 3481 2327 3552 τῷ
2364 3481 2668 3550 ἀγιάσματι
2731 3480 2969 3549 κείμενα
3026 3478 3095 3534 τὰ
3152 3479 3302 3551 μόνῳ
3359 3478 3439 3549 τῷ
3492 3478 3751 3548 ἀρχιερεῖ

2152 3574 2341 3629 θεατὰ.
2375 3573 2522 3626 Ἀντὶ
2549 3572 2607 3627 δὲ
2629 3572 2747 3639 τοῦ,
2775 3572 2879 3627 Καὶ
2910 3572 3163 3628 εῑδοσαν
3188 3573 3277 3626 ὅτι
3316 3571 3567 3636 πλείους
3596 3571 3747 3635 εισι,

2150 3667 2447 3739 Σύμμαχος
2470 3667 2575 3738 ἔφη
2602 3683 2618 3699 ·
2646 3666 2760 3721 Καὶ
2786 3665 2860 3719 τὰ
2885 3665 3128 3735 ῥήματα
3179 3665 3352 3719 οἴκου
3389 3662 3569 3717 Δαόὶδ
3601 3663 3750 3730 διά-ε-

2149 3764 2280 3823 σοε,
2317 3758 2405 3813 ὅτι
2433 3758 2804 3826 ἐπληθύνθη.
2838 3757 3024 3826 Ὕδωρ
3045 3756 3101 3810 δὲ
3139 3751 3207 3826 ἦν
3229 3754 3492 3821 παλαιᾶς
3514 3758 3747 3823 κολυμ-

2150 3854 2369 3922 ϐήθρας
2398 3854 2469 3908 ἐν
2499 3851 2576 3922 τῇ
2631 3853 2826 3914 πόλει,
2882 3848 2995 3919 τῆς
3049 3848 3317 3915 παλαιᾶς
3370 3845 3742 3900 Θεοπνεύστου

2148 3945 2375 4015 Γραφῆς
2396 3945 2424 3998 ό
2450 3945 2630 4013 λόγος,
2664 3942 2726 3997 ὃν
2755 3940 3227 4021 ἀποστραφέντες,
3262 3940 3543 4009 ἀλλότριον
3580 3936 3743 4005 ὕδωρ

2147 4038 2361 4099 ἑαυτοῖς
2404 4035 2739 4107 ἐπενόησαν,
2764 4033 3112 4096 διδάσκοντες
3149 4030 3503 4094 διδασκαλίας
3550 4027 3743 4082 ὲντάλ-

2149 4145 2295 4198 ματα
2346 4127 2670 4199 ἀνθρώπων,
2733 4124 3127 4198 ἀκυρώσαντὲς
3174 4140 3232 4177 τε
3279 4123 3371 4176 τὸν
3424 4120 3585 4188 λόγον
3643 4118 3738 4174 τοῦ

2146 4218 2283 4273 Θεοῦ
2305 4219 2405 4291 τὴν
2432 4219 2734 4291 παράδοσιν
2763 4218 2966 4272 αὐτῶν.
3006 4217 3140 4283 Περὶ
3177 4208 3251 4270 ὧν
3279 4214 3415 4287 πρὸς
3444 4214 3538 4267 τὸν
3575 4213 3738 4284 Ἱερε-

2151 4311 2281 4380 μίαν
2304 4311 2468 4381 φησίν
2484 4328 2499 4343 ’
2525 4331 2543 4362 ι
2581 4311 2712 4381 Ἐμὲ
2728 4309 3087 4378 ἐγκατέλιπον
3107 4307 3291 4379 πηγὴν
3307 4307 3499 4370 ὓδατος
3517 4306 3734 4372 ζῶντος,

2150 4404 2245 4458 καὶ
2284 4402 2501 4475 ὤρυξαν
2526 4405 2740 4465 ἑαυτοῖς
2779 4402 3019 4464 λάκκους
3065 4399 3619 4469 συντετριμμένους.»
3664 4399 3740 4451 Th

462 4484 667 4565 fontem
701 4503 857 4558 aquze
914 4491 1175 4551 viventis.
1228 4503 1282 4548 et
1331 4494 1591 4551 foderunt
1643 4498 1751 4553 sibi
1803 4501 2042 4556 rimosas

2153 4496 2206 4550 δὲ
2238 4495 2386 4561 ξένον
2408 4494 2563 4565 ὕδωρ
2584 4493 2808 4563 μεταξὺ
2840 4492 2960 4546 τῶν
2998 4492 3111 4546 δύο
3132 4491 3381 4562 τειχέων
3405 4490 3737 4561 ἐπενόησαν.

460 4577 734 4635 cisternas
767 4579 837 4635 ".
882 4599 901 4632 ι
938 4580 1062 4638 Ideo
1092 4593 1274 4641 autem
1312 4588 1658 4658 peregrinam
1686 4607 1880 4661 aquam
1907 4593 2045 4647 inter

460 4681 643 4722 muros
674 4669 743 4723 ab
772 4670 855 4725 eis
883 4673 1167 4741 quaesitam
1227 4675 1523 4746 signiﬁcat,
1566 4690 1625 4733 ut
1657 4680 1785 4736 vita:
1838 4692 2045 4738 nostra:

460 4771 588 4812 cum
623 4756 737 4814 Deo
768 4761 1040 4818 rationem
1085 4773 1346 4836 tanquam
1378 4768 1545 4823 "curis
1587 4770 1816 4838 duobus,
1857 4771 2044 4829 Veteri

460 4846 674 4905 scilicet
702 4857 757 4904 et
794 4848 946 4907 Novo
984 4851 1340 4911 Testamento
1369 4856 1534 4912 inniti
1564 4858 1768 4916 debere
1802 4860 1999 4918 doceat
2024 4880 2041 4931 ;

459 4954 697 5011 quorum
734 4944 985 5001 neutrius
1045 4953 1180 5023 sunt
1235 4948 1537 5021 participes
1594 4951 1879 5007 seniorum
1933 4954 2043 5010 illa!

459 5031 810 5100 traditiones,
865 5050 1104 5106 quarum
1168 5038 1392 5096 nomine
1446 5052 1706 5099 auctores
1747 5043 1849 5115 ipsi
1898 5042 2044 5115 apud

458 5137 557 5178 eos
590 5120 943 5196 superbiant.
976 5125 1187 5185 Deinde
1215 5130 1366 5185 aliud
1409 5133 1577 5187 etiam
1615 5134 1758 5201 ausi,
1811 5136 2046 5191 civitatis

462 5218 650 5277 domos
702 5222 761 5276 in
820 5224 965 5278 muri
1029 5224 1116 5280 sui
1162 5227 1639 5283 constructionem
1705 5236 2046 5284 everterunt.

467 5308 773 5385 Usurpatas
799 5318 945 5374 enim
990 5318 1292 5391 Scriptum:
1330 5330 1534 5376 sancta:
1565 5336 1733 5378 voces
1766 5323 2049 5393 excogita-

535 5468 584 5502 ⁷⁸
619 5470 780 5528 Joau.
815 5490 933 5541 χιι,
999 5477 1086 5533 t5.
1191 5480 1238 5513 ⁷⁸
1274 5478 1291 5534 l
1324 5477 1491 5537 Joan.
1525 5496 1578 5551 ν,
1613 5479 1704 5550 16,
1740 5480 1829 5536 17.

2149 4591 2264 4644 Δύο
2293 4589 2349 4641 δὲ
2373 4590 2540 4656 τείχη
2571 4581 2671 4658 τῆς
2704 4587 2844 4640 κατά
2902 4587 3035 4639 Θεὸν
3086 4585 3497 4655 πολιτείαςῆτε
3524 4581 3743 4638 Παλαιά

2148 4687 2246 4735 καὶ
2269 4680 2448 4751 Καινὴ
2477 4679 2746 4751 Διαθήκη,
2775 4673 2850 4735 ὧν
2884 4678 3174 4748 οὐδετέρας
3196 4678 3253 4731 αἱ
3283 4677 3393 4730 τῶν
3428 4675 3741 4748 πρεσϐυτέ-

2150 4786 2262 4845 ρων
2329 4771 2619 4843 μετέχουσι
2664 4771 2997 4843 παραδόσεις
3053 4770 3139 4837 ὲφ⁹
3180 4769 3248 4833 ἃς
3308 4770 3357 4821 οἱ
3399 4767 3742 4839 δευτερωταὶ

2147 4862 2433 4933 λεγόμενοι
2465 4860 2599 4932 παρ’
2660 4861 2895 4924 ἐκείνοις
2926 4859 3366 4927 ἀλαζονεύονται,
3398 4860 3494 4912 καὶ
3522 4858 3657 4912 ἄλλο
3680 4859 3742 4913 δέ

2147 4970 2202 5006 τι
2232 4953 2630 5025 τολμήσαντες,
2659 4951 2771 5021 τῆς
2798 4953 3031 5017 πόλεως
3057 4950 3203 5017 τοὺς
3229 4950 3458 5016 οἴκους,
3493 4951 3572 5013 είς
3591 4950 3741 5019 οίκο-

2152 5041 2321 5113 δομὴν
2343 5040 2439 5094 τοῦ
2471 5040 2601 5095 ἰδίου
2636 5042 2876 5109 τείχους
2901 5040 3228 5094 κατέλυσαν.
3265 5038 3479 5115 Τάἰγάρ
3512 5039 3739 5110 ῥήματα

2147 5136 2248 5203 τῆς
2265 5134 2416 5197 Θείας
2438 5132 2665 5203 Γραφῆς
2690 5132 3191 5203 ἀπολαμϐάνοντες,
3216 5132 3315 5196 τὰς
3333 5132 3543 5193 οἰκείας
3579 5131 3740 5198 μυθο-

2149 5226 2339 5295 λογίας
2388 5226 2842 5299 περιτειχίζουσι,
2882 5225 2959 5296 μὴ
3010 5225 3453 5296 προσεσχηκότες
3503 5222 3628 5293 Θεῷ
3654 5220 3740 5293 τῷ

2159 5320 2482 5390 πεποιηκότι
2510 5318 2611 5389 τὴν
2650 5318 2889 5373 παλαιὰν
2916 5318 3027 5371 τῶν
3061 5316 3438 5371 θεοπνεύστων
3473 5313 3737 5388 Γραφῶν,

1926 5482 1972 5515 "
2023 5480 2220 5537 Matth.
2262 5498 2354 5545 xv,
2389 5481 2444 5536 6.
2476 5482 2524 5514 ’⁸
2561 5480 2766 5539 Jerem.
2808 5498 2872 5549 ιι,
2918 5483 3002 5539 l3.

1734 5603 1971 5661 VARUS
2012 5601 2313 5662 LECTION
2321 5603 2421 5660 ES.

570 5681 616 5723 ι’
648 5703 735 5755 π).
767 5686 1225 5759 πλανηθήσονται.
