4022 6210
487 329 627 396 2179

1778 324 2132 388 PROCOPII
2170 322 2411 386 GAZEI

3600 318 3782 384 2180

484 438 991 514 auferaturglorio?
1024 446 1146 496 cum
1173 440 1314 497 male
1334 439 1722 497 administrato
1741 438 2059 510 pontiﬁcatu

2169 434 2276 506 Τὴν
2305 433 2414 504 γὰρ
2439 431 2537 503 τῆς
2579 427 2991 504 ἀρχιερωσύνης
3020 417 3255 496 ἀναξίως
3286 428 3551 502 μετῆλθες
3597 431 3780 484 olm-

480 535 651 609 judex
679 534 900 604 iniquus
928 533 1215 613 evaseris?
1245 533 1314 587 At
1348 533 1587 589 amicum
1622 540 1776 586 tuum
1806 530 2058 595 Eliocint,

484 644 646 701 quem
677 626 786 683 sibi
822 640 1033 681 servum
1074 641 1199 682 esse
1248 626 1418 681 voluit
1468 623 1757 688 Dominus,
1802 622 1858 677 in
1907 633 2064 678 tuum

488 720 627 776 idem
668 718 878 779 locum,
931 715 1078 786 quod
1111 715 1390 785 subjectos
1417 714 1652 768 ﬁliorum
1695 714 1816 767 loco
1852 712 2068 769 habitu-

487 825 585 866 rus
615 809 708 875 sit,
746 809 940 865 subire
967 806 1151 863 faciet.
1181 806 1299 863 Erit
1323 805 1467 862 enim
1493 821 1600 860 ιιοι.
1646 804 1844 875 ingrati
1874 804 2066 869 animi,

487 908 580 953 aut
629 898 978 968 arrogantis;
1025 898 1121 953 sed
1170 896 1245 951 ita
1292 895 1516 951 humani
1571 903 1627 951 et
1679 895 1965 957 moderati,
2008 904 2066 948 ut

489 989 712 1045 Doridis
767 988 1198 1045 mansuetissimi
1258 986 1486 1058 gloriam
1535 985 1708 1057 possit
1755 986 2064 1056 adsequare.

490 1081 781 1153 Imperobit
811 1094 978 1151 porro
1001 1086 1110 1133 tam
1141 1093 1335 1149 magna
1360 1092 1484 1132 cum
1514 1084 1806 1148 potestate,
1843 1086 1903 1131 ut
1937 1093 2067 1130 con-

491 1175 834 1239 tradicenteut
860 1171 1058 1226 habeat
1083 1170 1382 1225 neminem.
1417 1167 1650 1225 Habebit
1678 1177 1733 1223 et
1755 1169 2066 1237 potentiam;

489 1266 543 1319 id
577 1273 681 1326 est.
725 1264 962 1333 papulas
994 1261 1100 1317 sibi
1149 1260 1427 1331 subjectos
1454 1274 1709 1315 coercere
1737 1266 1793 1314 et
1829 1259 2067 1313 retineto

490 1354 713 1424 poterit.
774 1351 890 1407 Erit
952 1351 1190 1424 denique
1246 1350 1477 1404 ﬁrmiter
1526 1348 1593 1404 ad
1647 1364 1809 1405 suum
1864 1365 2067 1406 munus

491 1446 802 1500 obeundum
836 1443 1135 1499 stabilitas.
1165 1441 1305 1496 Nihil
1331 1442 1476 1496 enim
1516 1440 1682 1503 aliud,
1711 1455 1834 1494 cutn
1867 1448 1980 1495 tuto
2014 1443 2067 1494 in

488 1536 605 1592 loco
627 1536 1009 1590 collocaturum
1034 1550 1094 1590 se
1122 1535 1280 1592 dixit.
1307 1548 1471 1602 quam
1499 1532 1782 1586 immotum
1815 1546 1874 1587 se
1896 1531 2068 1602 impe-

498 1632 642 1685 rium
672 1637 727 1683 et
756 1628 950 1684 stabile
974 1624 1298 1682 effecturum
1332 1624 1686 1694 signiﬁcavit.
1722 1622 1894 1678 Erunt
1924 1638 2061 1693 prer-

490 1731 637 1779 ti-rea
686 1733 900 1781 omnes,
951 1716 1046 1787 qui
1100 1717 1169 1769 ab
1221 1714 1343 1784 ejus
1397 1728 1531 1768 cura
1592 1721 1645 1768 et
1694 1712 2065 1769 sollicitudine

492 1807 751 1880 pendent,
772 1815 1033 1878 tanquam
1060 1805 1203 1860 bono
1224 1804 1584 1860 conﬁdentes.
1599 1802 1757 1859 Unde
1772 1802 1968 1860 discim
1978 1820 2063 1868 us,

490 1901 697 1971 adepto
730 1914 833 1955 nos
860 1899 914 1952 in
945 1898 1084 1951 alios
1107 1895 1413 1962 dominatu,
1444 1909 1543 1950 nec
1574 1893 1753 1949 inﬂari
1791 1902 2065 1966 oportere,

494 2007 595 2046 nec
627 1991 798 2045 divini
818 1989 1011 2059 judicii
1035 1988 1310 2043 oblivisci.
1343 1986 1509 2044 Recte
1532 1996 1715 2043 autem
1742 1990 1810 2045 ad
1833 2005 1921 2053 ea,
1946 2005 2069 2061 quae

488 2082 561 2137 de
596 2081 782 2136 Sionis
816 2078 955 2134 valle
988 2078 1133 2135 dicta
1162 2086 1315 2143 sunt,
1367 2086 1421 2132 et
1461 2078 1566 2133 ista
1594 2094 1813 2149 quoque
1854 2078 2069 2134 addun-

495 2182 584 2226 tur
641 2171 842 2241 quibus
889 2169 958 2226 ad
990 2168 1288 2226 Dominicac
1322 2169 1596 2238 passionis
1626 2178 1843 2238 tempus
1885 2169 2070 2226 relatis

494 2264 586 2334 qui
618 2273 756 2329 tum,
789 2261 956 2318 veluti
992 2261 1222 2317 Somnos
1275 2262 1400 2328 iste,
1438 2277 1546 2317 non
1577 2261 1800 2331 superbi
1828 2261 1990 2317 modo
2016 2271 2071 2317 et

494 2363 850 2428 arrogantes,
882 2353 976 2410 sed
1018 2355 1193 2418 avari,
1235 2369 1302 2409 ex
1354 2352 1603 2409 Mosaicre
1635 2353 1771 2425 legis
1817 2352 2071 2410 instituto

493 2443 787 2500 sacerdotii
831 2457 1057 2499 munere
1107 2441 1878 2513 fungebanturcorporaliter,
1923 2442 2072 2498 exci-

496 2535 735 2599 derunt;
769 2534 838 2589 de
877 2535 1076 2604 quibus
1103 2543 1261 2589 antea
1303 2532 1520 2588 locutus
1561 2532 1825 2603 propheta
1850 2532 1921 2597 ⁸⁸,
1946 2547 2070 2588 cum

501 2627 670 2682 multa
717 2625 822 2680 alia
863 2625 1243 2695 exprobraret,
1274 2625 1496 2681 eosdem
1543 2634 1877 2696 conquestus
1905 2632 1991 2681 est
2019 2633 2075 2680 et

494 2718 638 2773 dona
675 2731 883 2780 amare.
914 2722 969 2771 et
993 2716 1361 2785 orphauorum
1394 2717 1793 2787 viduarumque
1816 2718 1942 2787 jura
1979 2734 2075 2788 pa-

495 2808 901 2879 trociniumque
957 2808 1266 2879 negligere,
1330 2809 1639 2865 homicidas
1683 2809 1961 2881 denique,
2019 2820 2075 2865 ut

498 2902 711 2959 Domini
748 2916 937 2958 necem
972 2908 1206 2964 notaret,
1232 2901 1498 2957 exsistere
1532 2919 1547 2958 :
1576 2918 1716 2973 quos
1740 2910 1794 2958 et
1824 2903 2077 2958 Salvator

494 2997 660 3051 etiam
710 3002 1028 3050 exsecratus
1060 3002 1178 3062 est;
1206 3008 1330 3049 cum
1363 3009 1485 3064 qua:
1511 3002 1641 3050 sunt
1669 2994 1724 3050 in
1773 2994 1891 3067 lege
1938 3009 2077 3066 gra—

2175 527 2394 596 νομίαν,
2434 524 2630 595 κριτὴς
2656 522 2951 592 γενόμενος
2977 520 3183 587 ἄδικος.
3205 522 3379 578 rem
3409 522 3500 577 σὺν
3526 523 3780 592 ἑταῖρον

2169 616 2471 685 Ἐλιακείμ
2517 615 2748 670 δοῦλον
2776 613 2971 669 ἑαυτοῦ
2999 612 3302 685 δοκιμάσας
3327 611 3655 678 εἶναιθεδς,
3683 614 3781 676 είς

2165 712 2267 782 τὴν
2299 712 2399 781 σὴν
2439 710 2604 763 αὑτὸν
2633 709 3040 780 καταστήσεται
3074 706 3263 779 χώραν
3293 708 3407 771 τοῖς
3429 704 3538 761 ύπδ
3580 708 3782 777 χεῖρα

2174 803 2387 874 πατρὸς
2416 800 2679 871 ἑφέξοντα
2707 799 2884 865 τάξιν.
2919 799 3113 854 Ἔσται
3138 799 3247 870 γὰρ
3275 799 3378 853 οὐκ
3398 796 3678 868 αὐθάδης,
3704 796 3779 848 οὐ

2170 895 2460 965 βάσκανος.
2492 893 2672 963 “pio;
2721 891 2779 944 δέ
2823 909 2908 956 τις
2955 889 3055 955 ὣν,
3094 888 3210 956 τὴν
3260 889 3453 952 δόξαν
3481 882 3596 952 ἔξει
3661 884 3781 939 τοῦ

2170 985 2479 1058 πραοτάτου
2505 985 2701 1039 Δαϐίδ.
2737 983 2932 1051 Ἀρεει
2962 983 3022 1036 δὲ
3064 983 3204 1052 μετὰ
3244 978 3444 1049 πολλῆς
3473 979 3777 1047 ἔξουσίας,

2167 1080 2242 1140 ὡς
2281 1076 2357 1147 μὴ
2395 1075 2539 1141 ἕξειν
2588 1077 2695 1129 τὸν
2732 1072 3148 1144 ἁντιλέγιοντα.
3197 1070 3309 1126 Kal
3348 1071 3571 1139 κράτος
3616 1070 3777 1138 ἕξει.

2168 1169 2327 1223 Τοῦτ’
2359 1169 2473 1222 εστι
2502 1168 2564 1222 τὸ
2599 1167 2861 1222 δύνασθαι
2886 1167 3108 1236 κρατεῖν
3129 1164 3243 1218 τῶν
3267 1164 3371 1219 ύπδ
3397 1166 3554 1235 χεῖρα
3579 1163 3775 1218 λαιῶν.

2167 1262 2277 1316 Καὶ
2306 1261 2460 1315 ἔσται
2496 1259 2729 1331 βεϐαίων
2760 1266 2785 1295 °
2822 1259 3110 1329 ἱδρυμένος
3157 1257 3252 1311 ἐπὶ
3297 1255 3397 1327 τὴν
3429 1254 3599 1310 αὐτοῦ
3648 1254 3779 1308 λει-

2166 1354 2448 1426 τουργίαν.
2485 1350 2656 1406 Τοῦτο
2705 1350 2814 1421 γὰρ
2866 1349 3019 1419 δηλοί
3069 1346 3171 1414 τὸν
3195 1346 3291 1401 Ἑν
3342 1348 3510 1412 τόπῳ
3552 1345 3781 1409 πιστῷ

2166 1443 2416 1499 ἑστάναι
2449 1441 2565 1509 τὴν
2614 1441 2811 1510 ἀρχὴν
2858 1439 3202 1495 ἀσάλευτον
3252 1438 3493 1508 ἔχοντα.
3525 1438 3651 1509 Τῆς
3711 1436 3779 1490 δὲ

2166 1535 2357 1590 τούτου
2390 1534 2716 1607 κηδεμονίας
2753 1530 3053 1603 ἠρτημένοι
3085 1530 3285 1593 πάντες
3328 1531 3662 1600 γενήσονται
3690 1529 3778 1591 ὡς

2169 1629 2257 1681 ἐπ’
2285 1627 2477 1698 ἀγαθῷ
2530 1625 2875 1688 πεποιθότες.
2903 1623 3005 1679 Διὰ
3041 1624 3097 1677 δὲ
3139 1624 3348 1677 τούτων
3398 1623 3778 1695 μανθάνομεν

2172 1721 2246 1792 μὴ
2277 1719 2604 1792 χαυνοῦσθαι
2663 1718 2975 1789 δυναστείᾳ,
3007 1716 3143 1788 μηδὲ
3187 1717 3285 1786 τῆς
3314 1714 3551 1787 κρίσεως
3572 1715 3776 1783 ἀμνη-

2122 1805 2138 1836 ⁵
2174 1816 2353 1884 μονεῖν
2377 1811 2470 1866 τοῦ
2494 1809 2648 1865 Θεοῦ.
2668 1811 2905 1872 Εἰκότως
2924 1807 2981 1862 δὲ
3012 1808 3282 1878 συνῆπται
3295 1805 3469 1862 ταῦτα
3485 1807 3605 1869 τοῖς
3628 1807 3776 1876 περὶ

2171 1907 2455 1978 φάραγγος
2485 1902 2624 1957 Σιὼν
2649 1902 2744 1957 τοῦ
2774 1901 3046 1972 σωτηρίου
3077 1900 3282 1964 πάθους
3313 1899 3405 1953 ἐπὶ
3433 1898 3528 1952 τὴν
3557 1898 3776 1970 καιρὸν

2169 1997 2505 2067 ἀναγόμενα,
2545 1992 2670 2049 καθ’
2720 1994 2781 2047 ὃν
2806 1993 2856 2046 οἱ
2886 1992 3031 2047 κατὰ
3080 1992 3325 2061 Σομνὰν
3363 1989 3630 2053 ἀλαζόνες
3667 1989 3774 2043 καὶ

2171 2087 2592 2157 φιλοχρήματοι,
2634 2082 2778 2138 κατὰ
2814 2083 2907 2136 τδν
2950 2080 3195 2144 Μωσέως
3239 2079 3404 2150 νόμον
3444 2078 3775 2149 ίερατεύον-

2169 2194 2259 2241 τες
2310 2174 2661 2245 σωματικῶς,
2718 2170 3166 2227 ὲκπεπτώκασιν.
3216 2168 3352 2238 Περὶ
3399 2160 3476 2222 ὧν
3529 2168 3589 2222 ὲν
3644 2168 3772 2230 τοῖς

2171 2268 2479 2340 ἔμπροσθεν
2507 2267 2696 2336 ἔλεγεν
2721 2268 2751 2320 ὁ
2781 2262 3070 2335 προφήτης
3109 2259 3228 2331 μετ’
3261 2260 3438 2315 ἄλλων
3470 2259 3622 2312 ὅσων
3668 2257 3771 2312 καὶ

2168 2362 2251 2428 τὸ,
2295 2359 2640 2429 Ἀγαπῶντες
2658 2356 2828 2429 δῶρα,
2858 2356 2953 2410 καὶ
2978 2354 3059 2420 τὸ,
3086 2354 3342 2424 ὀρφανοῖς
3362 2350 3425 2404 ού
3446 2350 3766 2422 κρίνοντες.

2173 2456 2266 2510 καὶ
2298 2453 2480 2525 κρίσιν
2509 2452 2685 2524 χήρας
2722 2449 2784 2504 οὐ
2816 2446 3198 2520 προσέχοντες.
3227 2444 3338 2498 Καὶ
3381 2441 3657 2513 (paveo-rit;
3681 2442 3765 2505 δὲ.

2171 2547 2247 2609 ὼς
2274 2543 2677 2614 κυριοκτόνους,
2720 2540 3002 2595 ἐκάλεσεν.
3039 2532 3135 2600 Οἷς
3180 2535 3276 2590 καὶ
3308 2534 3612 2600 ταλανίζων
3643 2533 3769 2588 ελε-

2172 2655 2266 2706 γεν
2289 2638 2318 2690 ὀ
2343 2635 2556 2706 Σωτήρο
2594 2653 2613 2686 ι
2636 2633 2747 2687 Καὶ
2776 2633 3026 2704 ἀφήκατε
3054 2630 3122 2684 τὰ
3143 2628 3421 2700 βαρύτερα
3436 2626 3531 2681 τοῦ
3559 2626 3764 2696 νόμου,

2172 2730 2272 2801 τὴν
2285 2727 2487 2797 κρίσιν,
2517 2724 2613 2779 ul
2637 2724 2699 2779 τὸ
2711 2723 2881 2787 ἕλεος,
2904 2726 3000 2776 καὶ
3022 2722 3122 2792 τήν
3152 2720 3402 2801 πίστιν.)
3430 2716 3766 2789 Προετύπου

2173 2795 2239 2874 δὲ.
2264 2795 2485 2883 τούτους
2513 2820 2542 2871 ὁ
2573 2816 2828 2886 Σομνὰς.
2845 2816 2905 2868 '0
2925 2815 2982 2868 δὲ
3000 2795 3491 2882 Ἐλιακείιθθεοῧ
3519 2810 3768 2864 ἀνάστα-

2177 2930 2261 2977 σις
2299 2911 2762 2982 ἑρμηνευόμενος,
2812 2905 3080 2977 σύμϐολον
3120 2904 3222 2973 τῆς
3253 2904 3381 2967 νέας
3425 2902 3520 2956 καὶ
3557 2901 3766 2973 καινῆς

2179 3002 2477 3075 ἱερωσύνης
2505 3001 2748 3069 ἐγένετο,
2778 2999 2845 3070 ῆν
2871 2998 2904 3068 ἡ
2933 2996 3025 3051 τοῦ
3051 2996 3302 3067 Σωτῆρος
3327 2993 3486 3065 inqu
3511 2992 3762 3048 ἀνάστα-

501 3089 651 3141 viora
672 3128 687 3153 ,
718 3085 1012 3155 judicium,
1038 3085 1493 3153 misericordiam,
1522 3094 1579 3141 et
1610 3086 1768 3141 lidem
1803 3087 2070 3158 negligere

2180 3112 2263 3158 σις
2290 3096 2347 3147 ἐν
2376 3095 2441 3163 τῇ
2471 3090 2666 3145 ἑαυτοῦ
2712 3088 3011 3159 Ἐκκλησία
3037 3087 3160 3141 καθ’
3192 3087 3335 3156 ὅλης,
3353 3083 3455 3155 τῆς
3491 3082 3761 3153 Olmpi-

497 3179 707 3234 diceret
731 3177 801 3232 ⁸³.
844 3176 978 3232 Erat
1000 3191 1131 3231 vero
1164 3177 1394 3231 istorum
1425 3178 1480 3231 in
1515 3176 1715 3232 Somno
1748 3187 1910 3249 typus
1931 3192 2068 3248 pra:-

498 3268 722 3333 tuissus;
752 3266 808 3322 in
828 3265 1040 3320 Eliocin
1069 3274 1249 3320 autem
1283 3266 1464 3335 (cujus
1497 3267 1860 3336 appellatione
1880 3280 2067 3321 resur-

497 3359 668 3414 rectio
703 3354 1065 3429 signiﬁcatur)
1107 3355 1398 3412 sacerdotii
1422 3358 1656 3412 recentis
1698 3358 2070 3424 adumbratio,

498 3448 645 3519 quod
669 3463 700 3503 a
725 3448 1028 3503 Salvatoris
1044 3446 1470 3513 resurrectione,
1495 3455 1607 3504 tota
1624 3463 1720 3519 per
1734 3448 1920 3504 orbem
1942 3448 2069 3503 uni-

500 3555 721 3596 versum
743 3537 987 3594 Ecclesia
1017 3548 1262 3594 creatum
1283 3546 1388 3595 est.
1407 3535 1478 3593 Ut
1494 3539 1638 3594 enim
1662 3538 1829 3611 295
1854 3538 2073 3596 Somne:

499 3630 772 3687 successit
792 3627 1056 3697 Eliocim;
1080 3631 1161 3685 sic
1176 3630 1231 3685 in
1247 3630 1464 3686 illorum
1494 3632 1675 3685 locum
1693 3631 1863 3686 subiit
1884 3630 2071 3686 Chris-

499 3733 612 3788 tus,
663 3737 914 3779 summus
960 3720 1204 3793 pontifex
1241 3721 1562 3793 appellatus.
1599 3739 1620 3774 ι
1654 3719 1773 3776 Νοιι
1819 3721 1998 3788 enim,
2046 3740 2065 3772 ι

510 3822 735 3891 auctore
774 3812 1073 3883 Apostolo,
1109 3827 1130 3864 t
1178 3810 1284 3867 sibi
1334 3810 1625 3881 quisquam
1679 3808 1849 3863 sumit
1897 3807 2073 3862 hono-

507 3922 651 3969 rem;
702 3903 799 3959 sed
839 3905 934 3974 qui
969 3910 1196 3959 vocatus
1230 3911 1316 3960 est
1342 3917 1373 3956 a
1421 3900 1548 3957 Deo.
1599 3897 2126 3967 Quemadmodum»

500 3997 753 4051 tibristus
800 4009 908 4049 non
946 3995 1189 4065 seipsum
1237 3992 1583 4058 clariﬁcavit,
1619 4002 1677 4046 ut
1707 3990 1947 4062 pontifex
1980 3988 2075 4045 ﬁe-

500 4095 622 4153 ret;
650 4085 744 4142 sed
769 4086 863 4155 qui
900 4087 1120 4142 locutus
1154 4092 1237 4141 est
1273 4085 1340 4139 ad
1384 4100 1511 4140 eum
1550 4101 1564 4137 :
1596 4081 1677 4137 Tu
1707 4098 1767 4139 es
1813 4081 2075 4151 sacerdos

501 4179 555 4233 in
585 4185 852 4233 a-ternutn
883 4176 1187 4234 secundum
1222 4176 1478 4232 ordinem
1510 4172 1911 4229 Melchisedech
1940 4171 2007 4226 “.
2048 4189 2070 4225 ι

505 4268 713 4325 Dicitur
756 4278 939 4324 autem
989 4278 1045 4325 et
1092 4267 1309 4323 Doridis
1342 4266 1593 4337 gloriam,
1646 4264 1698 4320 id
1752 4272 1858 4328 est,
1910 4260 2073 4334 impe-

502 4364 645 4419 rium
692 4370 748 4418 et
792 4377 1019 4433 regnum
1067 4362 1121 4417 in
1176 4360 1429 4417 lsraelem
1478 4359 1796 4429 adepturus.
1834 4376 1853 4410 ι
1889 4355 2077 4426 Neque

2173 3205 2272 3258 νης
2304 3184 2691 3250 συνεστήσατο.
2733 3180 3013 3249 Κέκληται
3048 3178 3156 3248 γὰρ
3179 3177 3416 3248 Χριστὸς
3450 3176 3568 3230 ἀντ’
3600 3174 3751 3230 ἐκεί-

2172 3296 2278 3334 νων
2306 3275 2620 3348 ἀρχιερεὺς,
2644 3274 2720 3336 ὡς
2736 3271 3040 3340 Ἐλιακείμ
3064 3271 3186 3325 ἀντὶ
3213 3267 3434 3339 Σομνά.
3453 3269 3612 3322 Κατά
3636 3267 3756 3338 γὰρ

2171 3372 2264 3424 τὸν
2303 3365 2647 3430 Ἀπόστολον,
2676 3381 2695 3415 ι
2726 3363 2839 3433 Ούχ
2858 3361 3039 3433 ἑαυτῴ
3066 3378 3148 3423 τις
3170 3359 3408 3429 ἁρπάζει
3434 3357 3535 3428 τὴν
3559 3358 3755 3430 τιμὴν,

2171 3460 2306 3518 ἀλλὰ
2335 3456 2665 3526 καλούμενος
2687 3453 2793 3507 ὑπὸ
2819 3451 2914 3506 τοῦ
2940 3450 3095 3506 Θεοῦ.
3122 3449 3319 3514 Καθὼς
3345 3450 3374 3501 δ
3397 3449 3631 3520 Χριστὸς
3650 3447 3751 3518 οὐχ

2174 3551 2365 3607 ἑαυτὸν
2401 3547 2655 3614 ἐδόξασεν
2687 3547 2769 3610 είς
2815 3544 2877 3598 τὸ
2907 3541 3203 3614 γενηθῆναι
3236 3539 3523 3613 ἀρχιερέα,
3562 3539 3687 3592 ἀλλ’
3726 3539 3752 3590 ό

2171 3643 2409 3714 λαλήσας
2434 3640 2568 3711 πρὸς
2592 3637 2777 3700 αὐτὸν,
2803 3654 2822 3687 ι
2849 3636 2922 3687 Σὺ
2939 3629 2991 3687 εί
3019 3634 3197 3703 ἱερεὺς
3219 3634 3298 3695 εἰς
3322 3630 3592 3685 τὸναίῶνα
3610 3628 3757 3684 κατὰ

2171 3736 2270 3806 τὴν
2306 3735 2459 3800 τάξιν
2500 3727 2858 3799 Μελχισεδέκ.
2889 3744 2909 3779 ι
2940 3724 3142 3781 Δαδεϊν
3170 3724 3229 3777 δὲ
3266 3723 3484 3792 λέγεται
3516 3722 3610 3775 καὶ
3639 3720 3757 3789 τὴν

2176 3827 2369 3892 Δόξαν
2411 3823 2518 3879 τοῦ
2552 3820 2750 3885 Δαϐὶδ,
2801 3817 2945 3873 τοῦτ’
2989 3816 3105 3870 ἐστι
3150 3815 3249 3886 τήν
3294 3815 3386 3868 ἐπὶ
3435 3813 3528 3868 τὸν
3560 3813 3755 3884 νοητὸν

2186 3917 2401 3990 Ἰσραὴλ
2441 3914 2619 3987 ἀρχήν
2659 3930 2718 3966 τε
2746 3912 2840 3965 καὶ
2870 3908 3175 3982 βασιλείαν
3214 3925 3233 3959 ι
3271 3908 3346 3961 Οὐ
3394 3904 3504 3976 γὰρ
3551 3905 3756 3968 πάντες

2174 4010 2359 4082 φησιν,
2388 4008 2438 4062 οἱ
2466 4005 2528 4071 ἐξ
2566 3993 2965 4074 Ἰσραὴλ,οὗτοι
2985 4000 3082 4054 καὶ
3108 3997 3351 4070 Ἰσραὴλ,
3382 4016 3402 4050 ι
3439 3998 3534 4051 καὶ
3564 3996 3634 4049 τὰ
3660 3997 3754 4049 ἐπὶ

2144 4100 2401 4164 -τούτοις,
2441 4098 2713 4169 ’Δρχιερεῖ
2747 4093 2804 4147 δὲ
2839 4092 3083 4162 γεγονότι
3120 4088 3341 4160 Χριστῷ
3389 4089 3503 4142 οὐκ
3558 4087 3751 4148 ἔσται.

2174 4191 2360 4263 φησὶν,
2397 4193 2431 4245 ὁ
2466 4189 2815 4255 ἀντιλέγων.
2849 4202 2868 4236 ι
2907 4182 2981 4238 ού
3012 4182 3120 4253 γὰρ
3158 4180 3430 4249 ὠφελήσει
3468 4178 3664 4249 ἐχθρὸς
3696 4180 3751 4230 ἐν

2176 4280 2345 4353 αύτῷ,
2368 4280 2465 4335 καὶ
2490 4279 2603 4343 υίὸς
2635 4278 2835 4347 ἄνομος
2858 4275 2919 4328 οὐ
2950 4272 3249 4342 προσθήσει
3270 4271 3364 4324 τοῦ
3387 4272 3637 4324 κακῶσαι
3657 4269 3750 4322 αύ-

2175 4374 2292 4429 τόν.
2325 4392 2343 4425 ι
2374 4371 2486 4426 Καὶ
2520 4370 2695 4433 ἄλλως
2721 4367 2801 4432 δὲ,
2848 4367 2896 4419 εί
2948 4366 3043 4418 καὶ
3082 4362 3298 4433 Ἰσραὴλ
3322 4363 3596 4426 ἀντεῖπεν,
3613 4361 3682 4415 τὰ
3710 4359 3751 4415 δ’

501 4456 648 4511 enim
690 4469 904 4515 omnes,
956 4453 1055 4518 ait,
1107 4452 1201 4523 qui
1242 4468 1308 4508 ex
1354 4451 1522 4506 Israel
1549 4461 1620 4506 .et
1664 4450 1766 4520 ipsi
1817 4458 1947 4504 sunt
1992 4448 2070 4502 ls-

2184 4462 2276 4518 οὗν
2320 4461 2446 4532 ἔθνη
2499 4458 2791 4527 ὑπέκοψεν.
2844 4456 2935 4508 Διὸ
2986 4455 3114 4524 περὶ
3170 4454 3268 4523 μὲν
3317 4451 3526 4505 ἐκείνου
3584 4451 3750 4521 φησί·
3848 4464 3854 4470 ί

505 4546 715 4611 racl“;
748 4564 773 4597 ι
807 4553 862 4599 et
883 4558 1007 4613 quae
1040 4553 1231 4612 postea
1273 4549 1603 4613 sequuntur.
1637 4539 1862 4595 Christo
1890 4547 2070 4597 autem

2184 4578 2202 4610 ι
2250 4555 2435 4610 Ῥῦσαί
2480 4570 2545 4624 με
2577 4552 2639 4616 ἐξ
2679 4548 2987 4616 ἀντιλογίας
3017 4545 3168 4600 λαοῦ.
3214 4563 3233 4597 ι
3264 4545 3395 4615 Περὶ
3423 4542 3481 4598 δὲ
3512 4542 3751 4597 τούτων·

506 4635 768 4706 pontiﬁci,
809 4635 981 4698 addit,
1039 4632 1164 4688 Non
1193 4633 1316 4696 erit,
1349 4633 1441 4705 qui
1489 4632 1842 4687 contradicat.
1892 4649 1914 4685 ι
1963 4631 2070 4687 Non

2183 4669 2200 4696 ι
2234 4644 2610 4715 Καταστήσεις
2660 4658 2729 4712 με
2764 4641 2844 4703 εἰς
2870 4638 3114 4708 κεφαλὴν
3152 4635 3346 4690 ἐθνῶν.
3385 4633 3529 4696 Aab;
3567 4632 3629 4686 δν
3659 4632 3756 4685 οὐκ

504 4747 650 4801 enim
680 4744 931 4815 proﬁciet
964 4744 1221 4801 inimicus
1244 4747 1299 4800 in
1328 4745 1470 4816 ipso,
1511 4758 1612 4800 nec
1642 4743 1788 4800 ﬁlius
1816 4744 2070 4814 iniquita-

2178 4738 2376 4806 ἔγνων,
2392 4732 2705 4789 ἐδούλευσίν
2752 4748 2865 4800 μοι.
2906 4731 3001 4792 Εἰς
3049 4727 3220 4797 ἀκοὴν
3267 4725 3429 4780 ὠτίου
3475 4723 3755 4796 ὑπήκουσέ

507 4837 579 4893 tis
612 4813 848 4909 apponet
892 4850 1095 4893 nocere
1130 4835 1189 4893 ei
1222 4836 1291 4893 ⁸⁸.
1336 4813 1368 4889 ι⁷
1390 4835 1542 4891 Alias
1570 4841 1776 4897 autem,
1821 4834 1869 4889 si
1916 4813 2070 4889 etiam

2182 4845 2305 4899 μουο
2342 4846 2361 4878 ι
2393 4826 2489 4879 καὶ
2514 4824 2642 4892 περὶ
2666 4822 2889 4877 ἐκείνων
2910 4815 3088 4889 αὖθις,
3116 4836 3136 4871 ι
3166 4816 3287 4871 Υἱοὶ
3308 4815 3575 4887 ἀλλότριοι
3599 4813 3757 4884 ἐψεύ-

506 4903 848 4986 contradicat
874 4926 1064 4994 Israel,
1097 4927 1234 5000 ipsae
1255 4928 1450 5000 jugum
1496 4924 1683 4982 subire
1729 4936 1919 4997 gentes
1967 4938 2070 4979 nun

2181 4916 2343 4971 σαντό
2371 4930 2480 4985 μοι.
2523 4931 2541 4963 ι
2578 4910 2719 4965 Καίο
2760 4928 2778 4963 ι
2817 4908 2940 4962 Ὅτι
2971 4905 3393 4977 ὲπαλαιώθησαν
3418 4905 3512 4957 καὶ
3543 4903 3754 4973 ὲχώλσμ

507 5015 860 5071 recusabant.
926 4995 1164 5087 Ideoque
1212 4995 1283 5073 de
1329 4995 1438 5072 illo
1491 5013 1715 5086 quidem
1741 4995 2003 5086 legimus
2061 5030 2070 5068 :

2177 5025 2274 5063 ναν
2307 5005 2414 5060 ἀπὸ
2449 5003 2557 5057 τῶν
2600 5000 2807 5073 τρίϐων
2861 4998 3062 5054 αὐτῶν.
3098 5017 3117 5051 ι
3151 4996 3570 5052 Πεπαλαίωνται
3619 4995 3753 5064 γὰρ,

509 5105 703 5164 Libera
734 5122 818 5163 me
848 5120 879 5161 a
907 5105 1344 5164 contradictione
1375 5106 1564 5178 populi
1592 5105 1660 5161 ε’.
1699 5123 1719 5157 ι
1763 5103 1842 5161 De
1871 5104 1958 5161 bis
1991 5119 2070 5160 au-

2179 5100 2272 5155 xal
2310 5097 2476 5166 ἐγγὺς
2507 5088 3149 5164 γεγόνασιν-ἀφανισμοῦ
3191 5087 3572 5159 κεκλασμένην
3616 5087 3757 5147 τέως

507 5209 617 5257 tem
654 5218 669 5254 :
705 5222 724 5254 ι
765 5201 1084 5257 Constitues
1115 5216 1201 5257 me
1229 5200 1285 5257 in
1328 5176 1494 5272 caput
1527 5199 1789 5271 gentium.
1836 5197 2070 5270 Populus

2180 5188 2578 5262 περιεσχήκασι
2606 5185 2705 5255 τὴν
2729 5183 2970 5238 διάνοιαν
2994 5182 3103 5234 ulol
3140 5179 3429 5250 γεγονότες
3460 5176 3751 5246 ἀλλότριοι.

507 5308 668 5358 quem
701 5308 810 5349 non
844 5293 1076 5364 cognovi
1106 5292 1337 5350 servivit
1376 5292 1545 5358 mihi,
1587 5292 1642 5346 in
1700 5290 1893 5346 auditu
1929 5288 2070 5344 auris

2185 5282 2360 5337 Πάλαι
2384 5279 2492 5350 γὰρ
2512 5276 2587 5330 ὣν
2608 5274 2950 5346 πρωτότοκος
2982 5272 3220 5343 Ἰσραὴλ,
3245 5272 3334 5326 ὅτε
3356 5266 3755 5339 κατεψεύσαντο

506 5356 752 5439 obedivit
799 5356 944 5438 mihi
987 5382 1055 5438 ⁸⁸.
1110 5401 1130 5435 ι
1184 5380 1262 5440 De
1294 5383 1404 5438 illis
1449 5356 1670 5439 rursum
1723 5390 1854 5438 sunt
1902 5380 2007 5436 ista
2063 5395 2070 5433 :

2187 5373 2279 5427 τοῦ
2307 5367 2567 5443 Χριστοῦ,
2611 5365 2900 5436 γεγόνασιν
2930 5364 3223 5435 ἀλλότριοι,
3264 5359 3540 5423 ἀπωλείας
3570 5356 3757 5410 λοιπὸν

509 5559 554 5594 ,τ
577 5489 625 5607 3
652 5491 841 5586 163:],
877 5493 937 5546 it
971 5510 1126 5595 seqq.
1174 5494 1247 5578 ff
1284 5494 1475 5550 Matth.
1510 5510 1666 5560 um,
1699 5495 1792 5551 23.
1888 5494 1935 5526 “
1972 5491 2070 5549 Hel

623 5561 723 5607 sal.
753 5577 883 5607 um-
922 5562 1010 5607 ιι-
1111 5563 1133 5595 ³
1176 5564 1304 5607 nimie
1340 5565 1423 5607 AS,

2169 5506 2226 5552 ν.
2280 5486 2398 5550 4-6,
2496 5482 2543 5515 ⁸⁵
2585 5480 2740 5536 Rom.
2798 5496 2874 5546 ιι,
2925 5478 2978 5535 6.
3077 5476 3298 5533 ⁸⁸Ρωὶ.
3358 5469 3752 5539 Luxvut,25.

623 5561 723 5615 sal.
751 5577 884 5629 xvn,
922 5562 1010 5616 44.
1050 5561 1065 5564 ’
1087 5561 1133 5595 ⁸⁸
1174 5564 1305 5620 ibid.
1340 5565 1427 5620 45.

2496 5482 2543 5515 ⁸⁵
2585 5480 2740 5536 Rom.
2798 5496 2874 5546 ιι,
2925 5478 2978 5535 6.

1786 5651 2019 5709 VARUE
2053 5644 2454 5708 LECTIONES.

582 5758 707 5814 ⁸γξρ.
739 5739 969 5812 βεϐαίως
