4022 6210
356 348 492 413 2181
1527 353 2066 417 COMMENTARII
2104 357 2184 417 IN
2222 347 2512 420 ISAIAM'.
3495 364 3642 428 2182

352 469 520 522 τέκνα
543 467 639 521 καὶ
666 468 896 542 γεέννης
925 470 1275 541 καλούμενον
1307 468 1423 524 ἀνθ’
1446 463 1523 525 ὧν
1542 469 1679 542 ἡμῖν
1705 471 1914 537 ἁνέδειξ

2053 491 2071 524 ι
2111 472 2232 528 Filii
2255 476 2417 529 alieni
2439 476 2656 531 mentiti
2677 483 2809 532 sunt
2835 477 2998 532 mihi:
3025 485 3080 532 et
3108 479 3571 544 inveteraverunt,
3591 489 3646 536 et

349 559 464 614 tor
483 559 809 633 Ἐλιακείμ.
830 566 928 629 Ὃς
949 565 1043 620 καί
1071 580 1259 635 φησιν.
1297 582 1318 617 ι
1359 562 1491 618 Ἀπὸ
1518 563 1621 634 τῆς
1659 564 1915 620 ταλαιπωι

2038 565 2489 621 claudicaverunt
2508 581 2538 620 a
2557 567 2771 623 semitis
2791 567 3007 624 suis".¢
3025 568 3644 638 Inveteraveruntenim,

355 651 480 720 ρίας
503 649 615 704 τῶν
639 654 877 724 πτωχῶν
910 654 1129 711 καὶτοῦ
1180 652 1490 725 στεναγμοῦ
1529 653 1639 708 τῶν
1687 655 1915 726 πενήτωι

2040 672 2142 712 nec
2155 658 2224 714 ab
2235 657 2430 714 exsilio
2447 659 2606 730 longe
2621 659 2938 722 abl‘uerunt,
2954 661 3047 730 qui
3072 661 3386 728 praefractas
3406 670 3536 717 tunc.
3555 678 3647 732 ge-

350 741 450 796 νῦν
465 742 876 816 ἀναστήσομαι,
901 745 1287 817 λέγειΚύριος.
1303 764 1322 798 ι
1345 746 1435 800 Ἐν
1459 745 1516 799 δὲ
1532 747 1598 818 τῇ
1617 746 1915 818 Ἐκκλησία

2042 757 2226 804 rentes
2250 749 2468 806 animos
2494 751 2550 804 in
2591 750 2733 806 ﬁlios
2757 761 3051 807 evaserunt
3077 753 3306 808 alienos.
3330 751 3469 808 Olim
3495 755 3642 808 enim

351 830 433 897 τῷ
461 833 612 901 οικφ
647 834 755 890 τοῦ
782 836 1010 904 πατρὸς
1039 838 1227 903 αὑτοῦ,
1257 835 1379 904 πᾶς
1402 837 1597 904 ἔσται,
1631 839 1817 909 φησιν,
1844 839 1915 891 ἐπ

2043 838 2437 908 primogenitus
2452 841 2671 909 quidem
2695 841 2861 896 Israel
2887 842 3188 896 exsistebat
3210 843 3258 874 θ’
3287 859 3302 896 :
3325 843 3422 898 sed
3442 858 3507 897 ex
3536 858 3647 913 quo

346 925 514 992 αὐτῷ
541 927 842 995 πεποιθὼς
870 929 1080 998 ἔνδοξός
1109 947 1172 984 τε
1195 930 1288 984 καὶ
1321 930 1538 1003 μικρὸς,
1572 931 1712 986 κατὰ
1739 931 1912 1002 κόσμο

2050 933 2105 986 in
2126 929 2404 986 Christum
2427 931 2641 986 mentiti
2662 939 2812 995 sunt,
2827 933 2990 986 alieni
3013 933 3197 986 statim
3215 933 3646 1002 perditionisque

347 1017 520 1087 φημί.
568 1019 1060 1093 Προσωπολήπτης
1103 1020 1216 1093 γὰρ
1266 1021 1369 1076 οὐκ
1413 1022 1562 1076 ἐστιν
1589 1023 1620 1075 ὁ
1661 1021 1772 1074 τῶν
1807 1021 1914 1076 at...

2050 1031 2104 1077 et
2129 1023 2394 1094 gehennae
2422 1022 2554 1078 facti
2581 1024 2962 1094 nominatique
2988 1037 3118 1079 sunt
3149 1043 3162 1079 :
3188 1039 3420 1093 quorum
3465 1025 3519 1079 in
3569 1027 3645 1078 ln-

343 1114 502 1179 Θεός.
555 1115 792 1190 Νοήσεις
835 1119 894 1175 δὲ
932 1120 1094 1176 τοῦτο
1152 1121 1248 1176 καὶ
1296 1118 1440 1176 κατὰ
1493 1116 1690 1191 μέτρον
1731 1113 1915 1186 ἡλικία

2052 1127 2180 1167 cum
2226 1112 2388 1168 nebis
2429 1128 2555 1168 eum
2583 1113 2837 1185 designat
2873 1113 3138 1179 Eliacim,
3182 1115 3277 1184 qui
3326 1114 3490 1168 etiam
3520 1114 3592 1166 ait
3627 1130 3644 1167 ι

359 1210 769 1279 πνευματικῆς.

2059 1221 2078 1256 ι
2111 1201 2342 1272 Propter
2375 1203 2597 1274 inopum
2628 1206 2929 1270 miseriam,
2961 1219 3014 1262 et
3043 1206 3304 1275 gemitum
3333 1219 3634 1275 pauperum

355 1313 503 1354 nunc
557 1318 848 1374 exsurgant
891 1346 906 1370 ,
975 1305 1115 1360 dixit
1176 1305 1441 1360 Dominus
1505 1305 1574 1360 ".
1638 1320 1658 1354 ι
1721 1299 1960 1364 Deinde,
2027 1298 2175 1368 quod
2230 1298 2286 1354 in
2339 1299 2605 1365 Ecclesra,
2683 1316 2847 1371 quam
2903 1310 3138 1368 paternae
3186 1299 3375 1354 domus
3424 1300 3644 1356 nomino

350 1393 650 1460 intellexit,
720 1394 913 1451 Omnes
969 1399 1024 1452 in
1096 1415 1216 1453 eum
1272 1395 1590 1466 conﬁdentes
1641 1394 1760 1450 fore
1811 1393 1970 1459 dixit,
2010 1395 2218 1449 clarum
2257 1393 2466 1448 scilicet
2503 1402 2558 1449 et
2591 1395 2921 1458 obscurum;
2973 1395 3172 1450 usitata
3250 1394 3382 1448 illud
3467 1393 3641 1448 ltomi-

349 1499 481 1538 num
515 1485 813 1555 mundique
869 1489 1082 1542 ratione
1135 1487 1395 1557 usurpari
1445 1485 1772 1542 crediderim
1809 1503 1822 1540 :
1855 1500 1980 1539 cum
2049 1499 2406 1554 personarqu
2473 1493 2728 1554 acceptor
2753 1502 2861 1539 non
2899 1486 2969 1540 sit
2999 1488 3376 1540 universorum
3411 1484 3638 1541 Deus“.

347 1575 675 1645 Quanquam
712 1585 765 1631 ct
819 1577 954 1632 illud
999 1578 1164 1631 etiam
1197 1594 1260 1633 ex
1313 1577 1619 1649 spiritualis
1657 1577 1836 1632 aetatis
1877 1573 2092 1630 ratione
2131 1582 2186 1628 et
2217 1575 2702 1630 mensuradicmm
2733 1590 2856 1630 esse
2885 1588 3046 1644 qucat
3069 1575 3317 1646 intelligi.

939 1672 1194 1726 ΚΕΦΑΛ.
1237 1673 1363 1728 KI".

817 1765 898 1818 ἸῸ
934 1767 1175 1820 ΟΡΑΜΑ
1225 1765 1460 1820 ΤΥΡΟΥ.

418 1875 454 1911 α
475 1863 600 1928 -ιη’.
621 1853 984 1922 Ὀλολύζετε,
1011 1855 1196 1910 πλοῖα
1225 1856 1634 1926 Καρχηδόνος,
1683 1854 1774 1910 δτι
1823 1854 1938 1909 ἀπ-

2667 1669 2818 1724 CAI“.
2848 1669 3041 1723 XXIII.

2635 1760 2840 1816 VISIO
2878 1760 3070 1816 TYRI.

2115 1851 2278 1921 295
2299 1850 2462 1907 Vens.
2488 1854 2637 1906 1-18.
2663 1852 2904 1919 Ululate,
2933 1869 3090 1907 naves
3116 1852 3480 1923 Carthaginis,
3506 1853 3632 1924 quia

342 1948 553 2010 ὠλετο,
588 1947 691 2001 καί
729 1949 846 2001 οὐκ
883 1947 976 2001 ἔτι
1025 1948 1328 2017 ἔρχονται.
1362 1949 1464 2002 Ἐκ
1486 1946 1600 2017 τῆς
1657 1947 1915 2002 Κιτιαιωι

2041 1945 2331 2011 perierunt,
2371 1960 2534 2013 neque
2572 1947 2802 2014 amplius
2841 1947 3078 2001 veniunt.
3125 1945 3203 1998 De
3247 1956 3390 1999 terra
3428 1945 3631 2001 Citien-

341 2037 517 2110 ἦκται
548 2038 950 2108 αἰχμάλωτος*
972 2040 1092 2093 τίνι
1126 2039 1315 2109 ὅμοιοι
1349 2039 1676 2108 γεγόνασιν
1698 2040 1754 2092 οι
1776 2037 1932 2091 ἐνοι-

338 2130 594 2196 κοῦντες
641 2131 712 2183 ἐν
767 2129 845 2198 τῇ
893 2130 1068 2198 νήσῳ
1111 2129 1433 2200 μετάϐολοι
1469 2131 1771 2198 Φοινίκης,
1805 2129 1930 2184 δια-

337 2221 640 2289 περῶγτες
660 2219 774 2288 τὴν
798 2221 1126 2276 θάλασσαν
1143 2223 1213 2275 ἐν
1242 2221 1414 2277 ὕδατι
1435 2221 1646 2286 πολλῷ
1659 2237 1677 2285 ;
1692 2221 1931 2291 Σπέρμα

332 2314 706 2383 μεταϐάλωσι,
723 2313 800 2379 ὡς
824 2315 1054 2383 ἀμητοῦ
1072 2316 1524 2388 εἰσφερομένου,
1538 2319 1593 2370 οι
1607 2317 1927 2386 μετάϐολοι

336 2406 460 2460 τῶν
499 2405 712 2461 ἐθνῶν.
744 2425 797 2462 κ.
826 2425 880 2461 τ.
912 2412 962 2460 λ.

410 2501 485 2554 Οὐ
517 2501 648 2573 περὶ
676 2501 1021 2573 πραγμάτων
1063 2501 1223 2572 μόνον
1261 2501 1362 2573 ήδη
1405 2500 1682 2556 λαϐόντων
1715 2499 1810 2571 τὴν
1837 2499 1926 2554 εκ-

333 2590 501 2644 6ασιν
536 2595 637 2662 τῆς
689 2591 776 2645 ἐπ’
826 2593 1015 2655 αὐτοῖς
1061 2591 1450 2664 προρρήσεως,
1489 2593 1547 2645 αἱ
1598 2591 1926 2661 προφητεῖαι

333 2696 535 2748 φασιν·
572 2681 718 2735 οὕτω
753 2682 860 2751 γὰρ
902 2681 969 2737 ἂν
1003 2681 1182 2746 ἔδοξεν
1213 2682 1365 2738 οὐδὲν
1397 2677 1539 2736 εἶναι
1585 2683 1760 2735 ταῦτα
1791 2681 1924 2752 πρὸς

335 2771 506 2840 ἡμᾶς,
545 2773 593 2824 εί
625 2774 729 2836 καὶ·
748 2772 817 2825 τὰ
841 2771 1078 2842 μάλιστα
1109 2771 1197 2826 διὰ
1223 2771 1431 2826 τούτων
1458 2771 1690 2842 ἀψευδὲς
1715 2769 1927 2840 θαυμά-

333 2862 452 2926 ζειν
483 2864 654 2936 ἐχρῆν
687 2854 780 2918 τὸν
811 2865 964 2918 Θεὸν.
996 2865 1135 2918 Νυνὶ
1166 2863 1224 2918 δὲ
1261 2865 1322 2917 οὐ
1367 2863 1796 2934 προθεσπίζουσι
1826 2865 1922 2934 μό-

331 2972 426 3007 νον
448 2955 544 3008 ἑπὶ
571 2958 685 3020 τοῖς
715 2955 953 3021 ἔθνεσιν,
981 2955 1118 3010 ἀλλά
1143 2958 1240 3010 καὶ
1258 2954 1383 3008 καθ’
1405 2955 1645 3024 ἑκάστην
1667 2955 1864 3020 διάζων
1894 2963 1924 3005 P

329 3046 559 3120 φέρεται
590 3047 795 3119 τρόπος
818 3047 1105 3120 θεοσεϐείᾳ
1131 3047 1427 3119 προσήκων
1446 3065 1460 3080 ο
1489 3046 1566 3111 ὡς
1595 3049 1654 3100 ἐν
1682 3047 1760 3118 τῷ
1784 3065 1909 3118 προ·

325 3135 512 3206 λέγειν
565 3139 664 3208 τὴν
706 3137 1030 3202 Βαϐυλῶνος
1069 3138 1415 3209 καθαίρεσιν,
1460 3140 1592 3210 περὶ
1628 3138 1924 3210 καθολικῆς

326 3229 424 3283 τοῦ
459 3229 597 3284 Θεοῦ
639 3229 933 3286 διείλεκται
983 3231 1241 3304 κρίσεως.
1287 3232 1344 3286 '0
1393 3233 1526 3302 περὶ
1558 3232 1837 3301 Αἰγύπτου
1865 3233 1922 3286 δὲ

325 3323 486 3391 λόγος
536 3323 929 3395 θυσιαστήριον
969 3323 1189 3378 ἔσεσθαι
1233 3322 1370 3378 Θεοῦ
1416 3325 1538 3378 κατ’
1577 3327 1748 3397 αὑτήν
1779 3343 1911 3396 φησι

326 3414 601 3469 θεοσεϐὦν
627 3431 688 3468 τε
724 3416 926 3484 πλῆθος
956 3415 1185 3488 ἀνδρῶν.
1235 3415 1294 3471 '0
1317 3416 1373 3470 δὲ
1401 3415 1530 3488 περὶ
1553 3417 1750 3481 Μωὰδ,
1789 3418 1915 3470 Ἐκ-

324 3505 558 3578 κλησίαν
590 3523 652 3562 τε
675 3508 771 3561 καὶ
807 3507 997 3579 θρόνον
1030 3509 1088 3562 ἐν
1118 3508 1256 3580 αὐτῇ
1299 3507 1558 3577 γενέσθαι
1587 3507 1748 3571 Θεοῦ,
1778 3524 1918 3562 παυ-

329 3598 575 3669 σαμένης
602 3600 680 3663 ὡς
722 3603 780 3653 ὲν
818 3600 1091 3674 Αίγύπτῳ
1133 3601 1238 3654 κάν
1291 3600 1466 3673 ταύτῃ
1498 3601 1600 3671 τῆς
1634 3600 1911 3654 εἰδωλολα-

325 3689 532 3761 τρείας.
575 3691 632 3746 Ὀ
670 3691 726 3746 δὲ
769 3694 897 3762 περὶ
943 3691 1261 3760 Δαμασκοῦ,
1310 3692 1649 3763 ἐπιστροφὴν
1694 3691 1916 3745 ἔσεσθαί

323 3798 458 3852 φησι
483 3784 594 3836 τῶν
623 3783 792 3838 πάλαι
822 3785 912 3837 τὸν
943 3784 1077 3838 Θεὸν
1100 3782 1464 3853 ἀγνοούντων.
1503 3782 1561 3835 ’0
1579 3783 1635 3836 δὲ
1661 3781 1758 3837 νῦν
1784 3785 1916 3854 περὶ

323 3874 539 3943 Τύρου,
569 3876 706 3947 πρὸς
731 3878 842 3940 τοῖς
868 3876 1038 3946 αὐτῆς
1069 3874 1323 3939 πάθεσιν,
1345 3875 1663 3946 προσφορὰς
1691 3876 1748 3927 ἐν
1775 3875 1911 3946 αὐτῇ

323 3968 686 4038 προαγορεύει
715 3969 906 4039 Κυρίῳ
948 3968 1291 4040 γενήσεσθαι.
1320 3969 1511 4032 Εἴποις
1536 3969 1581 4023 δ’
1608 3969 1675 4023 ἂν
1703 3970 1798 4024 καὶ
1821 3969 1913 4023 ἄλ-

319 4056 448 4120 λως,
488 4057 755 4126 ὠφελείας
801 4057 968 4112 ἕνεκα
994 4059 1103 4114 τῶν
1130 4061 1191 4124 ἐξ
1225 4059 1462 4132 Ἰσραὴλ,
1493 4059 1594 4124 τὰς
1627 4062 1756 4133 περὶ
1802 4060 1910 4114 τῶν

322 4147 492 4202 ἐθνῶν
526 4148 889 4221 προλέγεσθαι
918 4152 1275 4222 προφητείας,
1306 4153 1382 4216 ὼς
1415 4153 1482 4208 ἂν
1511 4155 1710 4221 γνοῖεν,
1746 4153 1823 4217 ὡς
1846 4152 1909 4205 οὐ

322 4239 503 4309 μόνων
528 4239 708 4296 αὐτῶν
733 4241 868 4306 Θεός
889 4243 1035 4297 ἐστιν
1058 4245 1086 4298 ὀ
1106 4243 1258 4310 Θεὸς,
1288 4244 1405 4298 ἀλλ’
1433 4247 1516 4299 ὅτι
1546 4246 1640 4299 καὶ
1667 4245 1754 4300 διὰ
1780 4246 1910 4300 πάν-

318 4347 426 4382 των
455 4333 486 4401 ἠ
517 4335 707 4385 τούτου
736 4333 1015 4405 διέρχεται
1051 4335 1299 4406 πρόνοια,
1337 4337 1529 4401 ποινὰς
1557 4338 1643 4392 ἀεὶ
1683 4338 1784 4402 τὰς
1813 4340 1905 4393 ἐπὶ

316 4424 439 4485 ταῖς
472 4424 750 4489 ἀσεϐείαις
777 4427 871 4480 καὶ
901 4428 1015 4491 τοῖς
1053 4427 1266 4482 ἔθνεσιν
1304 4429 1556 4501 παροῦσα
1585 4441 1612 4480 ιι
1642 4433 1757 4494 τοῖς
1791 4431 1904 4484 λοι-

315 4516 440 4576 ποῖς
460 4531 474 4545 ·
507 4515 581 4579 ὡς
608 4517 704 4570 καὶ
732 4517 827 4570 νῦν
864 4519 1113 4587 Ίίφὶοις,
1143 4521 1224 4572 ὅτι
1263 4521 1357 4574 καὶ
1383 4521 1461 4592 τῷ
1494 4523 1588 4575 τοῦ
1629 4522 1764 4575 Θεοῦ
1790 4522 1905 4595 λαῷ

314 4603 544 4657 παθόντι
595 4608 781 4672 κακῶς
822 4607 1189 4676 ὲπετὼθαξον,
1224 4610 1324 4681 οὐχ
1378 4612 1454 4675 ὡς
1506 4611 1576 4666 δι’
1625 4613 1904 4686 ἁμαρτίας

2033 2034 2170 2086 sium
2201 2033 2335 2086 renit
2370 2036 2626 2105 captivus.
2662 2037 2757 2091 Cui
2790 2038 2988 2091 similes
3033 2038 3164 2107 facti
3203 2048 3325 2093 sunt
3377 2041 3468 2110 qui
3527 2040 3626 2092 ha-

2032 2124 2282 2178 bitantia
2316 2127 2500 2180 insula
2531 2129 2882 2197 negotiatores
2917 2129 3208 2186 PIuenicia:
3229 2171 3244 2196 ,
3292 2141 3628 2187 transeuntes

2033 2235 2182 2272 mare
2219 2219 2274 2272 in
2331 2218 2498 2290 296
2549 2236 2692 2290 aqua
2733 2220 2943 2275 multa?
3000 2223 3187 2277 Semen
3237 2226 3628 2295 negotiatorum

2029 2312 2183 2380 quasi
2209 2313 2395 2366 messis
2437 2321 2804 2380 comportant,
2838 2316 3189 2384 negotiatores
3219 2317 3473 2385 gentium.
3505 2325 3616 2370 etc.

2098 2482 2214 2537 Non
2261 2486 2329 2540 de
2364 2487 2538 2562 rebus
2587 2496 2820 2550 tantum,
2873 2504 2994 2558 quae
3018 2505 3130 2544 sua:
3163 2492 3348 2545 statim
3385 2493 3619 2562 praedic-

2027 2574 2195 2630 tionis
2239 2587 2492 2632 eventum
2547 2579 2875 2643 sortiuntur,
2925 2579 3226 2650 prophetiae
3280 2581 3604 2652 loquuntur.

2027 2663 2104 2719 Ita
2157 2667 2304 2722 enim
2356 2667 2492 2722 nihil
2537 2669 2605 2724 ad
2653 2683 2758 2724 nos
2811 2667 2933 2725 ista
2980 2671 3255 2739 pertinere
3304 2671 3617 2738 videantur,

2025 2770 2258 2824 quarum
2308 2757 2641 2814 certitudine
2697 2769 2880 2814 tamen
2928 2759 2983 2814 in
3039 2760 3136 2816 Dei
3186 2762 3618 2819 admirationem

2029 2847 2147 2918 rapi
2177 2861 2288 2904 non
2321 2848 2503 2906 decet.
2539 2849 2698 2906 Nunc
2748 2859 2956 2920 autem,
2996 2867 3121 2922 quae
3154 2853 3412 2924 gentibus
3451 2869 3619 2910 even-

2039 2947 2163 2994 tura
2197 2940 2311 2996 sint
2334 2955 2442 2996 non
2473 2942 2851 3012 praedicuntur
2872 2943 3058 3010 modo,
3078 2946 3172 3000 sed
3203 2943 3614 3015 singulisetiam

2030 3030 2346 3100 peculiaris,
2368 3031 2668 3102 pietatique
2695 3033 3010 3088 conducens
3041 3032 3238 3089 modus
3272 3032 3612 3104 adjungitur.

2041 3122 2114 3179 Ut
2153 3137 2280 3178 cum
2312 3123 2368 3177 in
2407 3122 2703 3195 Babylonis
2735 3125 2956 3180 interitu
2993 3124 3336 3195 praedicendo
3369 3140 3617 3182 versare-

2024 3223 2134 3281 tur,
2157 3215 2325 3270 etiam
2351 3214 2420 3270 de
2442 3216 2704 3272 universo
2731 3224 2787 3272 et
2817 3231 3036 3273 summo
3066 3215 3162 3271 Dei
3180 3216 3396 3287 judicio
3419 3217 3614 3288 dispu-

2026 3302 2181 3357 tavit.
2202 3302 2338 3358 Cum
2367 3319 2560 3362 rursus
2587 3304 2656 3361 de
2691 3305 2928 3378 Aﬂgypto
2964 3306 3188 3363 locutus
3217 3313 3326 3373 est,
3354 3317 3410 3364 et
3439 3309 3615 3366 altare

2024 3396 2190 3450 etiam
2224 3397 2279 3451 in
2312 3398 2431 3468 ipsa
2466 3397 2740 3463 futurum,
2771 3401 2990 3471 piisque
3027 3400 3342 3456 hominibus
3372 3401 3615 3458 abunda-

2024 3496 2200 3540 tnram
2249 3488 2483 3544 addidit.
2538 3488 2676 3545 Cum
2714 3492 2843 3546 item
2889 3491 2958 3546 de
2994 3490 3250 3548 Moabitis
3296 3493 3477 3562 dixit,
3523 3509 3613 3550 su-

2029 3577 2181 3631 blato
2237 3579 2542 3636 inde'sicut
2571 3583 2641 3637 ab
2667 3581 2934 3653 1E3ypt0,
2990 3582 3260 3638 idolorum
3291 3587 3465 3651 cultu,
3493 3584 3611 3640 fore

2019 3669 2073 3722 in
2107 3686 2171 3725 ea
2203 3669 2294 3726 Dei
2347 3670 2647 3728 Ecclesiam
2695 3675 3070 3745 thronutnque
3113 3676 3426 3730 allirmavit.
3467 3675 3604 3730 Cum

2019 3759 2254 3829 denique
2282 3763 2350 3816 de
2396 3765 2662 3819 Damasco
2692 3765 2987 3831 disseruit,
3023 3767 3264 3821 futuram
3296 3768 3362 3822 ad
3411 3767 3604 3833 Deum,

2016 3852 2110 3920 qui
2149 3853 2277 3904 olim
2341 3853 2519 3923 ipsum
2575 3856 2915 3921 nesciebant,
2968 3859 3384 3915 conversionem
3436 3861 3602 3931 297

2014 3941 2366 4012 signiﬁcavit.
2399 3945 2466 3995 At
2495 3943 2640 4012 quod
2672 3961 2819 4000 nunc
2839 3945 2908 4001 de
2939 3949 3073 4016 Tyro
3121 3949 3339 4012 scribit,
3377 3958 3605 4019 practer-

2013 4049 2176 4104 quam
2198 4034 2344 4104 quod
2371 4035 2721 4091 imminentes
2749 4045 2904 4092 notat
2925 4039 3291 4106 calamitates,
3323 4042 3376 4094 in
3411 4041 3601 4096 eadem

2010 4127 2175 4181 etiam
2205 4125 2435 4181 Domino
2470 4126 2687 4182 futuras
2727 4129 2936 4184 bostias
2961 4130 3232 4201 praedicit.
3267 4131 3430 4187 Dicas
3464 4149 3601 4188 vero

2010 4225 2066 4272 et
2113 4219 2272 4273 aliter
2317 4219 2373 4273 in
2414 4219 2785 4276 lsraelitarum
2821 4223 3116 4278 utilitatem
3150 4225 3338 4278 futura
3369 4223 3438 4278 de
3465 4240 3600 4295 gen-

2012 4311 2162 4366 tibus
2192 4311 2486 4366 ostendere
2524 4313 2864 4382 propbetias,
2895 4329 3010 4384 quo
3050 4313 3219 4368 Deum
3249 4316 3598 4371 meminerint

2009 4424 2118 4464 non
2142 4424 2302 4463 suum
2332 4418 2545 4464 tantum
2570 4410 2880 4477 exsistere;
2913 4412 3008 4467 sed
3033 4411 3278 4482 ejusdem
3303 4413 3440 4467 obiri
3472 4429 3599 4484 pro-

2009 4503 2248 4558 videntia
2300 4502 2528 4571 onmia,
2584 4519 2913 4575 semperque
2964 4519 3156 4575 ptenas
3207 4504 3510 4575 impietatis
3564 4521 3596 4560 a

2008 4594 2238 4666 reliquis
2263 4595 2431 4651 etiam
2488 4595 2746 4664 gentibus
2789 4611 3123 4668 reposcere;
3173 4597 3320 4652 sicut
3367 4611 3515 4652 nunc
3563 4613 3595 4653 a

315 4694 604 4762 παθοῦσιν,
631 4698 748 4752 ἀλλ’
771 4700 846 4763 ὡς
877 4699 970 4754 τοῦ
1007 4700 1274 4777 σώζοντος
1296 4702 1496 4767 αὐτοὺς
1529 4702 1891 4774 ἠσθενηκότος
1929 4695 1971 4752 D
2006 4689 2211 4760 Τυνίίευ
2239 4689 2336 4760 qui
2363 4689 2416 4743 ίη
2448 4687 2543 4745 θεῖ
2580 4689 2876 4759 Ρ⁰Ρ¹¹¹υ¹¹³ν
2906 4701 3015 4743 ηοη
3050 4698 3309 4760 tanquam
3355 4703 3458 4744 8¹¹⁰
3484 4703 3598 4745 5°C“

312 4786 469 4842 Θεοῦ.
501 4791 593 4844 Διὸ
636 4793 734 4845 σὺν
778 4792 1136 4865 Ἰερουσαλὴμ
1174 4795 1443 4867 παθούσῃ,
1480 4797 1680 4861 πάντες
1718 4801 1766 4852 οἱ
1798 4799 1898 4853 κύ-

313 4879 429 4951 κλῳ
468 4884 804 4938 πεπόνθασιν
829 4885 1031 4940 ἐθνικοὶ
1064 4887 1162 4956 τὴν
1195 4886 1364 4959 αὐτὴν
1397 4889 1897 4962 Τυρίοις-,ἐσχηκό-

311 4989 404 5036 τες
434 4975 774 5044 προαίρεσιν,
805 4977 1096 5032 ἀνάστατοι
1129 4979 1328 5043 πάντες
1353 4980 1444 5032 ὑπ’
1487 4980 1785 5052 Ἀσσυρίων
1813 4999 1897 5051 γε·

311 5061 546 5133 νόμενοι.

380 5325 518 5389 Τοὺς
569 5331 1086 5397 συνεπαναστάντας
1127 5333 1186 5386 δὲ
1223 5332 1302 5405 τῷ
1334 5334 1451 5406 ἰδίῳ
1498 5335 1631 5406 λαῷ,
1665 5337 1788 5391 καθ’
1833 5337 1893 5390 ὃν

320 5415 566 5486 ἡλίσκετο
593 5419 802 5491 χρόνον,
833 5423 1234 5496 ἀπαριθμείται
1265 5425 1433 5481 Δαϐὶδ
1486 5426 1661 5493 οὔτως
1696 5428 1886 5482 εἰπών·
1927 5451 1930 5454 ⁴

2004 4781 2117 4837 lere
2149 4781 2517 4847 laborantem,
2564 4781 2660 4837 sed
2711 4779 2804 4836 Dei
2843 4781 3186 4852 impotentia,
3237 4794 3269 4834 a
3298 4794 3407 4851 quo
3453 4781 3598 4836 salu-

2003 4881 2111 4930 tem
2144 4882 2556 4944 exspectarent.
2587 4873 2986 4930 contumeliose
3036 4873 3404 4930 insultabant.
3439 4872 3593 4928 Unde

2001 4967 2211 5023 factum
2243 4977 2348 5032 est,
2381 4976 2442 5022 ut
2468 4967 2686 5022 amictis
2711 4965 3217 5038 Hierosolymorum
3244 4966 3410 5022 rebus
3435 4972 3593 5034 quot-

1997 5067 2133 5129 quot
2168 5061 2363 5116 vicinaa
2407 5060 2617 5114 circum
2660 5067 2874 5127 gentes,
2911 5057 3106 5114 eodem
3145 5058 3196 5112 in
3239 5071 3359 5112 eam
3399 5055 3588 5108 animo

2001 5166 2126 5207 cum
2156 5151 2341 5223 Tyriis
2377 5150 2618 5218 fuerant,
2675 5156 2746 5204 ab
2784 5150 3028 5220 Assyriis
3080 5157 3136 5205 et
3186 5150 3316 5218 ipsae
3369 5161 3587 5216 quolne

2000 5258 2192 5299 omnes
2213 5244 2404 5299 delete
2428 5244 2560 5300 sint.

2074 5332 2276 5389 Verum
2315 5335 2544 5405 quinam
2576 5335 2711 5399 sint,
2742 5335 2833 5404 qui
2864 5337 2918 5388 in
2949 5330 3278 5403 peculiarem
3321 5327 3584 5398 populum

2005 5426 2344 5498 captivitatis
2376 5435 2622 5500 tempore
2663 5428 2949 5499 insurgere
2979 5424 3100 5481 ausi
3141 5431 3292 5492 sunt,
3322 5419 3584 5478 Davidetn

404 5598 448 5630 "
487 5597 637 5653 Psal.
670 5615 805 5665 xvu,
856 5601 946 5656 46.
1037 5603 1086 5636 "
1120 5603 1295 5661 Exod.
1346 5621 1422 5674 tv,
1469 5607 1560 5661 22.
1651 5608 1690 5642 ’ί
1728 5607 1968 5674 Psal.n,
1995 5608 2048 5664 6.
2126 5609 2172 5642 θ’
2206 5610 2422 5666 Coloss.
2455 5623 2544 5675 In,
2571 5609 2666 5667 25.

1603 5698 1838 5756 VARIE
1878 5701 2285 5760 LECTIODES.

397 5787 427 5830 P
454 5798 543 5850 γρ.
589 5781 829 5848 ίδιάζων.
891 5793 919 5835 ιι
945 5802 1037 5856 γρ.
1076 5786 1457 5860 παρασχοῦσα.
