4022 6210
467 328 610 394 2183

1782 318 2071 384 PROCOP
2079 318 2135 382 [Ι
2169 309 2414 382 GAZ/EI

3605 305 3744 384 218i

469 442 852 492 numerantem
894 431 1204 488 autﬁanrus.
1247 449 1266 482 ι
1301 431 1466 495 Deus,
1491 429 1692 500 inquit,
1740 431 1868 500 quis
1901 430 2055 484 simi-

2172 431 2233 482 '0
2259 429 2415 494 Θεὸς,
2454 428 2536 492 τίς
2570 424 2968 496 ὁμοιωθήσεταί
3011 441 3131 492 σοις
3172 424 3254 496 μὴ
3315 424 3576 498 σιγήσῃς,
3612 431 3745 500 μηδι

469 529 541 586 lis
569 527 704 583 tibi?
734 543 804 583 ne
834 535 1043 592 taceas,
1063 541 1242 596 neque
1269 524 1665 595 eompescaris,
1700 522 1865 578 Deus.
1897 523 2050 588 Quod

467 621 617 675 niam
647 633 774 674 ecce
813 617 1030 672 inimici
1062 618 1143 672 tui
1173 623 1522 678 sonuerunt;
1558 621 1616 670 et
1653 614 1749 684 qui
1810 613 2050 670 oderunt

467 721 523 766 te
560 711 877 764 extulerunt
906 719 1100 780 caput.
1131 708 1310 780 Super
1348 708 1613 778 populum
1650 716 1808 761 tuum
1863 713 2052 760 astute

465 803 917 872 excogitaverunt
943 802 1260 866 consilium,
1288 810 1342 854 et
1370 800 1826 853 consultaverunt
1855 797 2052 851 adver-

467 911 566 950 sns
596 903 821 949 sanctos
879 902 1028 950 tuos.
1071 889 1617 950 Dixeruntzi'enite;
1670 888 2057 959 disperdamus

466 1002 564 1042 eos
596 988 664 1041 de
695 995 878 1056 gente,
916 994 971 1041 et
1003 1002 1116 1040 non
1154 995 1491 1042 memoretur
1521 998 1724 1038 nomen
1761 983 1929 1038 Israel
1966 982 2050 1034 ul-

469 1090 573 1132 tra.
603 1077 875 1144 Quoniam
908 1079 1366 1148 conspiraverunt
1391 1075 1744 1139 unanimiter,
1769 1074 1931 1128 simul
1957 1074 2055 1127 add

469 1183 663 1222 versus
699 1178 750 1221 le
781 1167 959 1221 foedus
995 1167 1237 1222 inierunt
1261 1165 1612 1221 tabernacula
1644 1164 2012 1218 ldumzeorum
2035 1201 2050 1226 ,

465 1269 519 1314 et
543 1259 856 1320 lsmaelitat,
874 1257 1056 1321 Moab,
1083 1267 1137 1312 et
1158 1259 1423 1328 Agareni,
1447 1257 1638 1322 Gebal,
1657 1257 1975 1318 etAmtnon,
1998 1264 2055 1308 et

467 1353 714 1417 Amalec,
736 1359 789 1406 et
807 1351 1142 1421 alienigenae,
1158 1366 1282 1406 cum
1318 1350 1694 1404 habitantibus
1722 1345 1928 1418 Tyrum
1945 1348 2046 1402 ³⁵³.»

471 1447 563 1499 Ait
611 1459 744 1498 vero
787 1455 838 1498 et
870 1444 1158 1512 cujusdam
1204 1444 1595 1512 prophetarum
1655 1457 1789 1496 voce
1847 1443 1992 1497 Deus
2039 1461 2050 1494 :

476 1557 495 1588 ι
532 1537 675 1602 Quid
711 1538 841 1590 milii
877 1537 1184 1597 vobiscum,
1217 1534 1359 1606 Tyre
1415 1544 1469 1590 et
1505 1535 1676 1590 Sidon
1709 1577 1725 1601 ,
1778 1546 1834 1591 et
1871 1537 2054 1590 amitis

467 1625 693 1680 Gulilzea
728 1624 1212 1695 alienigenarum?
1275 1640 1460 1678 annon
1498 1626 1921 1680 retributionem
1955 1641 2052 1679 vos

468 1715 777 1769 retribuitis
813 1715 942 1767 milii
980 1725 1075 1768 aut
1110 1727 1348 1783 accepta:
1389 1732 1418 1767 a
1455 1731 1540 1769 nte
1577 1716 1793 1783 injuria:
1843 1731 2053 1770 memo-

470 1822 561 1860 res
590 1807 760 1860 estis?
800 1806 1015 1860 Acerbe
1039 1845 1054 1866 ,
1084 1813 1142 1858 et
1175 1805 1286 1858 cito
1318 1807 1552 1874 gratiam
1591 1806 1750 1860 istam
1790 1808 1842 1860 in
1871 1808 2053 1876 capita

471 1905 656 1951 vestra
689 1896 996 1950 redundare
1039 1895 1236 1949 faciam
1293 1896 1391 1963 qui
1423 1912 1617 1950 aurum
1658 1906 2067 1967 argentumque

471 2006 652 2044 meum
687 1989 902 2050 tollere,
955 1987 1046 2056 qui
1107 1987 1463 2041 lectissimam
1519 1989 2061 2057 pulcberrimamque

469 2080 871 2150 supellectilem
898 2079 953 2131 in
981 2078 1210 2131 delubra
1252 2086 1435 2132 vestra
1466 2078 1722 2145 deferre;
1748 2077 2061 2148 Judzeaaque

469 2185 526 2226 et
585 2171 1086 2241 Hierosolymorum
1145 2170 1378 2235 incolas,
1439 2177 1498 2223 ut
1553 2173 1670 2226 suis
1724 2173 2059 2240 pellerentur

472 2265 701 2327 finibus,
732 2263 974 2334 gentimn
1034 2263 1159 2316 filiis
1189 2267 1420 2318 vendere
1445 2279 1550 2318 non
1600 2264 1904 2320 dubitastis
1928 2266 1994 2296 ’δ’
2034 2285 2054 2318 ι

471 2358 614 2412 Sunt
657 2364 712 2410 et
766 2356 873 2409 ista
910 2355 1074 2408 etiam
1114 2353 1208 2408 Dei
1248 2354 1390 2423 apud
1455 2353 1790 2410 Ezeeliiclem
1844 2357 2006 2411 verba
2041 2375 2054 2410 :

482 2465 502 2496 ι
543 2444 642 2498 Fili
689 2444 930 2500 hominis
959 2484 974 2507 ,
1028 2440 1536 2498 Nabuchodonosor
1597 2459 1693 2499 rex
1768 2444 2060 2516 Babylonis

473 2538 778 2590 exercitum
808 2551 969 2589 suum
1003 2535 1256 2604 improbo
1286 2535 1352 2588 ad
1383 2533 1589 2605 Tyrum
1610 2571 1626 2597 ,
1658 2542 1919 2604 tanquam
1940 2551 2060 2590 ser-

476 2645 577 2683 vos
599 2668 614 2690 .
689 2629 877 2682 labore
908 2627 1130 2698 defungi
1171 2628 1321 2682 fecit.
1352 2625 1570 2680 Nullum
1600 2644 1708 2682 non
1741 2629 1868 2683 inde
1893 2631 2057 2684 crini-

479 2715 582 2768 bus
605 2713 932 2767 exhaustura
969 2723 1134 2783 caput
1166 2753 1182 2778 ,
1227 2715 1409 2771 nullus
1432 2732 1540 2772 non
1581 2719 1814 2772 detritus
1867 2719 2059 2773 lmine-

479 2822 575 2860 rus
609 2846 623 2867 ,
657 2822 758 2859 nec
789 2806 840 2859 ei
875 2815 1086 2870 t:unen,
1127 2818 1222 2862 aut
1250 2809 1374 2878 ejus
1429 2811 1723 2877 exercitui,
1759 2810 1928 2882 298
1961 2828 2059 2881 pro

474 2898 615 2950 dura
639 2897 778 2951 adeo
808 2897 874 2950 ad
911 2899 1114 2969 Tyrum
1141 2899 1374 2956 tolerata
1411 2903 1683 2959 servitute
1720 2918 1932 2958 merces
1956 2920 2056 2956 ex-

476 2989 638 3043 stitit.
669 2987 751 3042 Ob
785 2988 839 3043 id
888 2990 1012 3044 dedi
1058 2991 1107 3044 ei
1145 3001 1349 3046 terram
1403 2993 1626 3065 Egypti
1656 2996 1722 3048 ".
1761 3014 1780 3046 ι
1818 2994 2059 3065 Contigit

2153 521 2568 592 καταπραῢνῃς,
2598 521 2628 573 ὁ
2669 518 2803 580 Θεός
2825 536 2840 550 ο
2888 519 2972 572 ὅτι
2996 518 3106 572 ἰδοὺ
3163 519 3216 570 οἰ
3268 516 3464 588 ἐχθροί
3497 535 3592 572 σου
3614 520 3750 591 {jan

2153 631 2277 680 σαν,
2327 614 2425 668 καὶ
2449 613 2500 664 oi
2556 610 2842 680 μισοῦντές
2885 626 2944 662 σε
2977 604 3119 680 ἦραν
3149 609 3408 680 κεφαλήν
3437 625 3452 639 ο
3506 610 3602 664 ἐπὶ
3659 612 3751 666 τὸν

2151 703 2282 756 λαόν
2309 718 2407 756 σου
2438 699 3062 769 κατεπανουργεύσαντο
3083 697 3340 768 γνώμην,
3379 697 3481 752 καὶ
3500 698 3747 754 ἐδουλεύ-

2155 811 2316 848 σαντο
2373 792 2513 846 κατὰ
2566 791 2675 844 τῶν
2737 791 2902 844 ὁσίων
2943 808 3067 849 σου.
3135 786 3340 842 Εἶπανο
3409 789 3578 844 Δεῦτε
3658 792 3748 846 καὶ

2153 881 2627 952 έξολοθρεύσωμεν
2665 881 2864 944 αὐτοὺς
2895 883 2956 947 ἐξ
3000 881 3207 945 ἔθνους,
3247 882 3353 934 καὶ
3405 882 3472 934 ού
3503 880 3581 950 μὴ
3617 899 3749 952 μνη·-

2156 976 2256 1047 σθῇ
2281 977 2341 1028 τὸ
2361 975 2543 1044 ἰΒνομιιν
2573 972 2791 1044 Ἰσραὴλ
2832 971 2915 1024 ὃτι
2962 973 3370 1027 ἐϐουλεύσαντο
3432 973 3494 1024 ὲν
3535 973 3748 1046 ὁμονοίᾳ

2154 1067 2246 1120 ἐπὶ
2273 1066 2341 1118 τὸ
2359 1066 2493 1118 αὐτὸ
2519 1107 2534 1127 ,
2567 1063 2711 1117 κατὰ
2744 1061 2838 1116 σοῦ
2867 1061 3136 1133 διαθήκην
3163 1065 3536 1118 διέθεντο.Τὰ
3552 1063 3749 1134 σκηνώ-

2159 1174 2307 1226 ματα
2336 1156 2446 1208 τῶν
2497 1154 2835 1224 Ἰδουμαίων,
2896 1154 2991 1206 καὶ
3047 1156 3097 1206 οἰ
3137 1155 3522 1226 Ἰσμαηλῖται,
3580 1154 3747 1208 Μωέιδ

2156 1253 2251 1301 καὶ
2297 1248 2609 1317 ’Δγαρη·ιοὶ,
2645 1247 2840 1310 Γεὸὰλ,
2876 1247 2971 1299 καὶ
3034 1244 3284 1316 ’Δμμὼν,
3352 1248 3452 1299 καὶ
3485 1246 3745 1316 ’Λμαλῂκ,

2154 1341 2440 1408 ἀλλόφυλοι
2473 1341 2613 1410 μετὰ
2639 1340 2750 1392 τῶν
2767 1339 3168 1393 κατοικούντων
3220 1339 3428 1410 Τύρον.
3486 1339 3648 1406 Λέ-γει
3693 1339 3745 1392 δὲ

2156 1435 2254 1488 καὶ
2281 1433 2351 1484 δι’
2383 1433 2501 1496 ἐνὸς
2529 1432 2638 1485 τῶν
2670 1433 2968 1502 προφητῶν
3001 1433 3030 1484 ὁ
3074 1432 3207 1496 Θεός
3240 1449 3256 1462 ο
3293 1451 3320 1484 τ’
3370 1433 3485 1485 Καὶ
3511 1432 3565 1484 τί
3594 1433 3743 1500 ὑμεῖς

2155 1529 2301 1596 ἐμοὶ,
2318 1525 2493 1596 Τύρος
2516 1527 2608 1578 καὶ
2623 1523 2813 1588 Σιδὼν,
2832 1526 2928 1577 καὶ
2953 1527 3100 1578 πᾶσα
3119 1523 3740 1592 Γαλιλαίαὰλλοφύλωνς

2159 1619 2234 1689 μὴ
2290 1617 2643 1686 ἀνταπόδομα
2700 1619 2858 1686 bitat;
2913 1617 3303 1670 ἀνταποδξδοτέ
3403 1633 3516 1685 μοι,
3556 1616 3588 1684 ἢ
3625 1632 3743 1684 μνη·

2162 1713 2440 1763 σικαιιεῖτε
2470 1710 2628 1780 ὑμεῖς
2654 1708 2741 1761 ἐπ’
2775 1708 2933 1778 ἐμοί;
2986 1709 3183 1774 Ὀξέως
3211 1710 3318 1762 καὶ
3348 1708 3565 1776 ταχέως
3622 1709 3741 1760 ἀντ-

2167 1804 2442 1858 αποδώσω·
2469 1804 2531 1857 τὸ
2593 1805 2945 1874 ἀνταπόδομα
2975 1803 3125 1872 ὑμῶν
3159 1805 3240 1866 εἰς
3275 1802 3529 1872 κεφαλὰς
3577 1802 3736 1871 ὑμῶν,

2163 1895 2282 1948 ἀνθ’
2304 1889 2380 1948 ὧν
2408 1894 2468 1948 τὸ
2492 1894 2760 1964 ἀργύριόν
2791 1911 2893 1965 μου
2917 1897 3010 1947 καὶ
3033 1895 3095 1946 τὸ
3125 1895 3353 1965 χρυσίον
3370 1911 3477 1964 μου
3507 1892 3736 1955 ἐλάϐετε,

2162 1989 2260 2040 καὶ
2297 1988 2364 2041 τὰ
2390 1987 2655 2040 ἐπίλεκτὰ
2710 2004 2836 2058 μου,
2860 1987 2956 2040 καὶ
2983 1988 3052 2040 τὰ
3078 1987 3222 2040 καλὰ
3253 1985 3617 2057 εἰσηνέγκατε
3663 1989 3736 2048 εἰς

2161 2079 2290 2143 τοὺς
2337 2082 2501 2142 ναοὺς
2523 2079 2698 2150 ὑμῶν,
2740 2080 2989 2142 καὶτοὺς
3045 2080 3196 2143 υἱοὺς
3238 2079 3442 2142 Ἰούδα,
3474 2077 3568 2130 καὶ
3622 2077 3736 2137 τοὺς

2161 2173 2313 2238 υἱοὺς
2357 2172 2716 2244 Ἰερουσαλὴμ
2745 2172 3013 2226 ἀπέδοσθε
3056 2175 3168 2232 τοῖς
3202 2173 3346 2234 υἰοίς
3393 2171 3505 2223 τῶν
3557 2168 3732 2236 Ἐλλή-

2162 2284 2292 2331 νων,
2322 2267 2471 2329 ὅπως
2493 2266 2734 2336 ὲξώσητε
2763 2266 2961 2330 αὐτοὺς
2993 2268 3058 2318 ἐκ
3095 2265 3206 2318 τῶν
3247 2265 3419 2334 ὁρίων
3451 2262 3665 2329 αὐτῶν.
3712 2278 3730 2309 ι

2161 2358 2300 2427 Φησὶ
2333 2356 2389 2409 δὲ
2420 2357 2516 2411 καὶ
2548 2357 2685 2428 πρὸς
2711 2356 3189 2428 ἾεζεκιὴλὸΘεός.
3235 2376 3253 2407 ι
3288 2355 3387 2408 Υίὲ
3419 2353 3696 2425 ἀνθρώπου
3715 2392 3735 2418 ,

2161 2446 2656 2518 Ναϐουχοδονόσωρ
2717 2445 2974 2516 βασιλεὺς
3036 2445 3363 2510 Βαϐυλῶνος
3415 2441 3732 2499 κατεδουλώ-

2163 2555 2294 2591 σατο
2315 2538 2412 2608 τὴν
2438 2538 2669 2608 δύναμιν
2731 2537 2898 2591 αὑτοῦ
2920 2537 3136 2608 δουλείᾳ
3176 2537 3396 2608 μεγάλῃ
3432 2537 3525 2589 ἐπὶ
3548 2535 3725 2606 Τύρον.

2162 2630 2321 2684 Πᾶσα
2377 2629 2589 2699 κεφαλὴ
2630 2629 2980 2700 φαλάκρωμα
3030 2630 3124 2683 καὶ
3185 2631 3296 2690 πᾶς
3333 2623 3485 2699 ὦμος
3541 2624 3728 2698 μαδὼν.

2161 2723 2256 2776 καὶ
2279 2721 2472 2792 μισθὸς
2495 2723 2596 2775 οὐκ
2615 2722 2848 2792 ἐγενήθη
2873 2722 3042 2792 αὐτῷ,
3071 2722 3166 2774 καί⁵
3189 2725 3260 2793 τῇ
3288 2721 3520 2790 δυνάμει
3553 2717 3724 2778 αὐτοῦ.

2161 2814 2284 2866 ἀντὶ
2306 2815 2405 2884 τῆς
2432 2813 2677 2876 δουλείας
2703 2815 2804 2881 τῆς
2856 2815 3102 2883 σκληρᾶς
3151 2808 3219 2885 ἦς
3282 2813 3594 2867 ἐδούλευσεν
3641 2809 3725 2861 ἐπὶ

2163 2901 2358 2972 Τύρον.
2403 2903 2549 2955 Ἀντὶ
2577 2903 2767 2956 τούτου
2794 2903 3001 2957 δέδωκα
3055 2903 3207 2973 αὐτῷ
3235 2904 3344 2973 γῆν
3388 2902 3674 2970 Αἰγύπτου.
3701 2917 3718 2949 ι

2163 2994 2292 3048 Ὅτε
2317 2995 2496 3047 τοίνυν
2519 2994 2559 3060 ἠ
2597 2995 2778 3064 Τύρος
2806 2994 2902 3065 τὴν
2925 2996 3099 3065 ἄκραν
3134 2996 3436 3066 ὑπέμεινεν
3489 2990 3719 3062 ἐρημίαν,

479 3081 671 3149 igitur,
701 3095 825 3134 cum
864 3097 1069 3137 meram
1101 3085 1454 3140 solitudinem
1511 3095 1790 3154 pateretur
1832 3085 2009 3156 Tyrus
2040 3125 2054 3148 .

2163 3082 2447 3136 συνέϐαινε
2480 3084 2608 3146 τοὺς
2640 3085 2935 3153 οἰκήτορας
3001 3085 3201 3156 μηκέτι
3256 3088 3325 3156 τῇ
3370 3082 3585 3152 συνήθει
3609 3095 3720 3132 ναυ-

471 3181 528 3227 et
553 3173 704 3242 ipsos
728 3173 895 3228 etiam
929 3173 1083 3228 urbis
1113 3175 1342 3239 incolas,
1374 3175 1817 3245 navigationibus
1849 3191 2048 3232 assueo

475 3275 564 3320 tos
607 3279 637 3318 a
688 3273 996 3319 mercatura
1051 3265 1352 3321 abstinere.
1416 3267 1658 3337 Indeque
1726 3277 1854 3331 est,
1906 3267 2054 3337 quod

475 3356 821 3426 Carthaginis
869 3373 1027 3411 nares
1082 3355 1238 3424 jubet
1288 3357 1517 3411 ululare.
1580 3356 1676 3412 Est
1738 3359 1886 3411 enim
1937 3359 2053 3428 ipsa

473 3451 673 3504 Africa:
707 3450 982 3522 Carthago
1015 3452 1303 3523 Tyriorum
1349 3452 1570 3507 colonia
1606 3493 1621 3516 ,
1676 3469 1798 3522 qua:
1838 3451 1905 3506 ad
1959 3466 2056 3508 eos

483 3538 718 3593 florente
750 3541 903 3594 urbis
937 3551 1108 3604 statu.
1141 3558 1353 3598 merces
1394 3557 1524 3597 suas
1558 3541 1861 3598 deferebat.

545 3627 701 3694 Quos
733 3641 915 3684 autem
949 3633 1207 3688 Citienses
1237 3633 1390 3697 dicit,
1424 3633 1654 3689 Clietiim
1681 3637 2052 3704 interpretan-

476 3727 568 3772 tur
600 3721 794 3792 reliqui
829 3759 844 3784 ,
895 3725 1251 3794 Cyprumque
1293 3725 1560 3789 insulam,
1625 3728 1678 3780 in
1725 3743 1830 3797 qua
1856 3726 2056 3780 Citium

476 3812 700 3867 nomine
723 3814 983 3882 oppidum
1014 3854 1029 3876 ,
1065 3832 1158 3884 per
1219 3818 1364 3886 quod
1391 3817 1530 3889 Tyro
1589 3819 1884 3874 redeuntes
1953 3820 2058 3873 iter

477 3902 683 3966 facere,
719 3906 901 3974 aliqua
952 3906 1208 3969 fortasse,
1252 3911 1462 3976 quaead
1500 3919 1864 3962 men-aturam
1895 3925 2058 3979 spec-

475 4004 659 4049 tarent
678 3997 809 4049 inibi
833 4001 1076 4050 curaturi
1099 4037 1114 4060 .
1155 4001 1451 4065 significari
1480 4009 1689 4070 putant.
1719 4000 1905 4070 Tyrios
1925 4016 2057 4070 ergo

476 4091 831 4140 mercaturam
861 4090 1096 4157 amplius
1131 4106 1238 4143 non
1279 4091 1521 4146 facturos
1557 4092 1816 4154 allirmat,
1849 4095 1940 4162 qui
1982 4093 2055 4146 ita

475 4175 531 4232 in
566 4182 890 4234 servitutem
925 4181 1034 4234 acti
1065 4182 1356 4249 perierint,
1399 4192 1458 4236 ut
1518 4183 1702 4236 nullos
1738 4181 1852 4251 pati
1901 4182 2058 4235 simi-

474 4267 546 4322 lia
575 4271 892 4342 contigerit.
931 4271 1041 4326 Pro
1061 4287 1130 4326 eo
1157 4286 1342 4327 autem
1374 4273 1542 4343 quod,
1579 4274 1665 4327 cui
1693 4274 1898 4328 similes
1925 4274 2056 4343 facti

2157 3178 2345 3237 τικοῑις
2372 3175 2534 3236 ὄντας
2553 3176 2824 3247 ὲμπορείᾳ
2842 3175 3164 3248 κεχρῆσθαι.
3183 3177 3280 3230 Διό
3298 3191 3482 3247 φησιν’
3512 3170 3720 3226 ‘01on-

2161 3265 2312 3330 ζετε,
2345 3265 2528 3319 πλοῖα
2557 3266 2964 3336 Καρχηδόνος.
3001 3269 3262 3322 ’Δποικοι
3292 3268 3405 3338 γὰρ
3443 3265 3652 3333 Τυρίων
3670 3262 3718 3312 οἱ

2158 3357 2548 3426 Καρχηδόνιοι
2565 3357 2665 3428 τὴν
2689 3357 2785 3410 νῦν
2813 3358 3091 3421 οἰκοῦντες
3113 3363 3212 3428 τῆς
3233 3359 3507 3430 Ἀφρικῆς
3539 3355 3714 3409 καλου-

2161 3448 2330 3519 μένην
2363 3450 2776 3520 Καρταγένναν,
2804 3452 2963 3522 οἵπερ
2993 3453 3074 3515 εἰς
3107 3452 3290 3524 Τύρον
3319 3451 3401 3504 ἔτι
3431 3447 3715 3518 σωζομένην

2155 3539 2256 3603 τὰς
2287 3541 2589 3610 ἐμπορείας
2619 3541 2901 3612 ἐκόμιζον.

2231 3631 2304 3684 Τὸ
2356 3632 2414 3685 δὲ
2482 3633 2778 3697 Κιτιαίων,
2840 3635 3074 3704 Χετιείμ
3133 3635 3408 3698 ἐξέδωκαν
3455 3636 3502 3686 οἰ
3556 3627 3709 3683 tonsi.

2159 3723 2392 3790 Λέγεται
2419 3723 2474 3776 δὲ
2498 3724 2722 3794 Κύπρος
2750 3724 2891 3779 οὕτω
2923 3725 3234 3793 δηλοῦσθαι,
3266 3729 3363 3794 καὶ
3385 3727 3578 3781 Κίτιον
3591 3715 3710 3773 εἶναι

2160 3813 2314 3876 πόλις
2338 3816 2396 3866 ἐν
2425 3815 2584 3885 αὐτῇ,
2610 3791 2679 3868 δι’
2721 3811 2902 3887 ἧσπερ
2949 3791 3143 3870 ἔπλεον
3195 3821 3244 3872 οἰ
3273 3791 3409 3873 .ἁπὺ
3430 3817 3526 3884 τῆς
3547 3816 3707 3878 Τύρου

2158 3905 2583 3975 ναυτιλλόμενοι,
2611 3907 2750 3977 τάχα
2773 3925 2824 3960 τι
2861 3909 2956 3962 καὶ
2989 3911 3097 3962 τῶν
3121 3912 3255 3978 πρὸς
3327 3905 3618 3980 ὲμπορείαν
3657 3901 3706 3950 ἐν

2158 3994 2332 4064 ταύτῃ
2364 3995 2752 4066 διατιθέμενοι.
2781 3999 2978 4052 Οὐκέτι
3008 4000 3188 4054 τοίνυν
3223 4002 3472 4069 ἔμποροι
3509 3997 3704 4062 Τύριοι.

2161 4085 2314 4154 φησί.
2400 4087 2704 4142 ’Δπώλοντο
2768 4093 2899 4160 γὰρ,
2985 4093 3081 4146 καὶ
3161 4093 3300 4164 προς
3359 4084 3704 4162 αἰχμαλωσίαν

2157 4177 2511 4247 ἀπήχθησαν,
2539 4178 2613 4242 ὡς
2636 4181 2871 4249 μηδένας
2920 4183 3112 4237 παθεῖν
3160 4186 3540 4256 παραπλήσια.
3577 4174 3701 4230 uva

2158 4267 2216 4320 δὲ
2233 4267 2352 4332 τοῦ,
2381 4270 2499 4324 τίνι
2529 4271 2718 4339 ὅμοιοι
2751 4276 3098 4343 γεγόνασιν;
3121 4279 3150 4330 ὁ
3190 4279 3290 4348 μὲν
3329 4275 3571 4333 Ἀκύλας,
3593 4282 3701 4322 σιω·

475 4370 622 4424 sunt,
652 4363 906 4431 queritur
932 4405 947 4429 ,
977 4364 1166 4419 Tacete
1200 4366 1419 4434 quidem
1438 4365 1691 4435 Aquilas,
1729 4365 1895 4421 Silete
1924 4381 2055 4420 vero

2161 4362 2416 4432 πήσατε·
2464 4364 2492 4415 ὁ
2523 4363 2580 4415 δὲ
2609 4363 2926 4436 Σύμμαχος.
2969 4367 3264 4437 σιτήσατε
3315 4363 3701 4423 κατοικοῦντες

474 4454 563 4521 qui
602 4454 856 4509 habitatis
904 4455 1180 4522 insulam,
1222 4457 1585 4528 Symmachus
1635 4459 2054 4528 interpretatur.

477 4544 649 4598 Antea
691 4548 837 4600 enim
870 4545 1199 4602 ferocientes
1222 4564 1346 4603 cum
1378 4549 1565 4602 verbis
1593 4556 1881 4603 uterentur
1910 4564 2063 4604 arro-

477 4636 760 4703 gantibus,
801 4651 951 4690 nunc
986 4637 1236 4706 abjectos
1266 4646 1322 4693 et
1351 4638 1646 4707 depressos
1697 4651 1873 4695 tacere
1906 4639 2063 4710 jubet

476 4726 682 4778 oratio.
719 4726 882 4780 Tales
941 4729 1276 4782 exstiterunt
1329 4728 1611 4784 Phanicite
1663 4732 2062 4802 negotiatores,

474 4816 570 4886 qui
599 4817 898 4873 cumulatis
927 4819 1147 4873 abunde
1175 4819 1394 4889 opibus,
1437 4831 1662 4892 propter
1715 4823 2048 4892 negotiatio-

474 4911 584 4975 nis,
630 4911 681 4966 id
713 4920 840 4977 est,
876 4926 1067 4966 eorum
1108 4913 1488 4968 celebritatem
1535 4925 1588 4970 et
1637 4913 2005 4985 frequentiam
2040 4954 2056 4977 ,

471 5004 571 5074 qui
613 5003 742 5058 illuc
780 5001 1022 5072 undique
1070 5012 1398 5058 mercaturae
1431 5019 1599 5060 causa
1653 5004 2056 5059 conveniebant

475 5097 636 5152 messi
671 5105 1086 5166 comparantur.
1119 5097 1189 5148 At
1219 5095 1304 5150 Itis
1328 5096 1439 5165 jam
1473 5097 1720 5166 privatos
1747 5095 2055 5152 commodis

475 5207 600 5246 cum
637 5193 815 5247 vicina
844 5189 1041 5244 Sidone
1071 5188 1090 5259 (
1118 5189 1283 5258 cujus
1337 5189 1536 5259 Tyrum
1567 5189 1841 5244 coloniam
1872 5189 2051 5244 exsis-

477 5293 594 5336 tere
629 5284 834 5351 aiunt)
874 5294 1034 5352 Quam
1087 5282 1162 5335 ita
1201 5298 1325 5336 cum
1377 5291 1550 5336 matre
1591 5290 1813 5352 propter
1843 5279 2057 5334 mariti-

477 5388 622 5426 mam
656 5376 955 5441 potentiam
990 5375 1172 5431 επιειϊί
1202 5385 1257 5432 et
1282 5375 1567 5445 superbire
1595 5374 1844 5444 contigit,
1869 5374 2056 5442 lugere

475 5462 680 5517 debere
706 5465 1002 5530 significat.
1039 5466 1147 5523 Nec
1179 5483 1312 5522 vero
1335 5468 1560 5530 desunt,
1592 5465 1686 5532 qui
1723 5465 1887 5518 verba
1921 5465 2048 5528 ista,

477 5552 762 5620 Erubesce,
789 5556 956 5610 Sidon
984 5597 999 5620 ,
1033 5558 1163 5626 Tyri
1197 5573 1320 5612 esse
1375 5557 1621 5612 Sidonem
1681 5556 2011 5624 alloqueutis
2035 5594 2050 5618 ,

2160 4453 2273 4522 τὴν
2284 4453 2501 4520 νῆσον,
2517 4456 2822 4526 εἰρήκασιν.
2840 4450 3161 4548 Λόγοιξλγὰρ
3181 4459 3515 4524 ἁλαζονικοῖς
3531 4449 3700 4521 ἐχρῶν-

2158 4545 2222 4598 τό
2253 4563 2382 4598 ποτε
2439 4548 2860 4618 φρυαττόμενοι.
2905 4545 3073 4604 una}
3116 4550 3354 4618 σιωπᾷν
3377 4547 3561 4606 αὐτοὺς
3613 4556 3698 4592 ἰα’

2160 4634 2524 4698 πεινωθέντας
2571 4639 2600 4688 ὁ
2656 4635 2812 4704 λόγος
2863 4637 3332 4709 παρακελεύεται.
3383 4637 3444 4689 Οἱ
3491 4623 3694 4686 αύτοίδὲ

2155 4720 2298 4795 ἦσάν
2349 4743 2482 4779 ποτε
2541 4727 2823 4794 Φοινίκης
2881 4729 3218 4798 μετάϐολοι,
3281 4726 3504 4783 πλοῦτον
3550 4719 3696 4772 πολὺν

2159 4815 2514 4886 σωρεύοντες,
2574 4817 2649 4879 ὡς
2711 4818 2916 4888 ἀμητῷ
2972 4813 3604 4890 παραϐάλλεσθαιαύτῶν
3643 4806 3695 4857 τὸ

2160 4909 2365 4981 πλῆθος
2388 4914 2487 4982 τῆς
2521 4906 2923 4982 πραγματείας,
2981 4915 3149 4985 ἤγουν
3187 4916 3250 4967 τὸ
3299 4911 3490 4980 πλῆθος
3539 4898 3693 4957 αὐτῶν

2157 5003 2264 5058 τῶν
2292 5008 2359 5077 τῇ
2387 5005 2658 5076 ὲμπορείᾳ
2677 5006 2998 5076 χρωμένων.
3045 5007 3167 5060 Τῶν
3196 5009 3252 5060 δὲ
3285 5002 3492 5074 ἀγαθῶν
3511 4994 3692 5050 τούτων

2156 5095 2567 5167 ἐστερημένους
2597 5097 2797 5159 αὐτοὺς
2826 5100 3132 5166 αἰσχύνην
3158 5099 3321 5169 φησὶν
3352 5085 3689 5161 καταχέασθαι

2150 5189 2260 5241 δεῖν
2290 5187 2431 5258 μετὰ
2457 5187 2555 5256 τῆς
2591 5188 2917 5256 ἐγγειτόνων
2942 5190 3210 5256 Σιδόνος,
3244 5186 3309 5260 ἧς
3333 5203 3470 5248 τινες
3497 5183 3690 5236 ἀποικι-

2155 5277 2348 5348 σθῆναι
2370 5277 2486 5344 τὴν
2516 5279 2702 5346 Τύρον
2725 5281 2908 5349 φασὶν,
2938 5280 3012 5343 ὡς
3040 5281 3132 5334 ἐπὶ
3165 5278 3392 5350 θυγατρὶ
3423 5291 3478 5328 τε
3504 5261 3686 5341 μεγάλα

2164 5372 2384 5439 φρονεῖν
2417 5370 2688 5441 τοσαύτην
2720 5372 2919 5444 ἐχούσῃ
2955 5373 3098 5427 κατὰ
3153 5375 3412 5428 Θάλατταν
3465 5364 3686 5444 δύναμιν·

2160 5460 2317 5524 Ἰπινὲς
2342 5460 2400 5512 δὲ
2421 5461 2496 5524 ὼς
2535 5462 2642 5514 ἀπὸ
2675 5462 2787 5530 τῆς
2817 5443 3004 5533 Τύρου
3053 5466 3192 5539 πρὸς
3232 5467 3345 5534 τὴν
3400 5456 3596 5516 Σιδόνα
3633 5443 3686 5494 τὸ

2156 5551 2544 5620 Αἰσχύνθητι,
2597 5554 2806 5623 Σιδὼν,
2831 5558 3043 5630 ἔφασαν
3067 5541 3337 5630 λέγεσθαι.
3367 5559 3470 5612 Καὶ
3497 5557 3549 5604 σι
3593 5542 3687 5611 γάρ

550 5737 1042 5802 "f’sal.t.xsxu,
1111 5735 1267 5794 1-8.
1345 5738 1390 5770 ’⁸
1462 5736 1578 5790 Joel
1651 5753 1748 5803 ιιι,
1819 5735 1951 5792 5-6.
2034 5739 2052 5770 '

2158 5739 2329 5793 Ilecb.
2381 5757 2526 5804 uix,
2574 5742 2655 5809 lS,
2699 5743 2779 5797 l9.
