4022 6210
305 282 442 349 2135

1492 278 1919 343 ΤΣΟΜΜΕΝΤᾹ
1931 279 2042 341 R11
2096 281 2176 344 IN
2221 281 2502 342 ISAIAM.

3421 276 3564 339 c2186

305 401 339 469 ἡ
370 395 507 466 ὀργὴ
539 395 929 464 καταλήψεται.
957 397 1100 465 Πρὸς
1157 395 1328 466 αὑτὴν
1375 393 1468 448 οὖν
1522 396 1574 447 oi
1613 393 1874 464 νησιῶται

2009 411 2236 466 unquam
2267 395 2342 448 ira
2376 404 2593 461 quoque
2628 390 2799 459 ipsam
2827 389 3080 442 invasura
3110 388 3202 452 sit,
3251 387 3566 443 voluerunt.

305 485 551 557 (τούτους
566 486 673 556 γὰρ
691 482 809 538 εἷπε
827 485 1189 556 θάλασσαν),
1211 486 1445 554 ἁλούσης
1470 486 1656 552 Τύρου
1679 484 1842 552 φασίν
1865 498 1878 511 °

319 575 590 628 Ἀπὸλωλέ
620 593 714 628 σου
749 577 808 628 τὺ
843 575 1127 645 φρύαγμα.
1177 576 1322 647 Αὐτὴ
1347 578 1404 630 δὲ
1443 579 1479 644 ἡ
1520 577 1698 643 Τύρος
1751 569 1885 626 οὖσα

302 667 417 736 τῆς
463 665 783 732 θαλάσσης
819 667 1031 733 ἰσχὺς,
1059 670 1159 736 τὴν
1193 668 1394 736 ἑαυτῆς
1449 658 1684 736 ἐρημίαν
1703 665 1888 717 ἰδοῦσα

304 759 473 830 φησίν
501 773 514 787 ·
562 759 649 810 Ἐν
682 759 781 826 ἴσῳ
810 758 1011 826 γέγονα.
1063 760 1185 820 ταῖς
1247 756 1322 828 μὴ
1387 755 1679 817 τεκούσαις
1726 755 1884 815 ὅλως,

301 846 456 917 μηδὲ
525 847 650 915 μὴν
739 844 1190 913 ἁνιιθρεψάσαις
1258 845 1295 910 ἢ
1363 845 1726 908 νεανίσκους
1751 881 1766 906 ,
1847 841 1886 909 ἣ

304 938 663 1006 παρθένους.
686 937 840 999 Τινὲς
882 936 937 987 δὲ
986 937 1427 1000 προτωποποιίαν
1443 935 1650 1002 ἔφασαν
1699 949 1887 1003 μονον-

304 1030 430 1097 ουχὶ
484 1030 576 1081 καὶ
643 1027 744 1094 τῆς
815 1025 1132 1092 θαλάσσης
1189 1026 1357 1088 αὑτῆς
1403 1027 1586 1095 φωνην
1637 1023 1890 1092 ἀφιείσης

308 1122 406 1173 καὶ
450 1119 753 1191 θρηνούσης
812 1119 1031 1182 αὑτοὺς,
1079 1117 1166 1170 διὰ
1223 1117 1282 1168 τὸ
1335 1117 1532 1186 μηκέτι
1599 1116 1743 1185 ἔχειν
1798 1105 1914 1172 οὓς

312 1213 567 1283 θρέψειεν
621 1210 988 1274 νεανίσκους
1062 1209 1158 1261 καὶ
1247 1207 1616 1276 παρθένους,
1681 1207 1762 1258 ὅτι
1831 1203 1893 1255 τὸ

311 1305 544 1357 παλαιὸν
597 1302 786 1370 ὥσπερ
846 1301 1124 1368 θαλάσσης
1175 1299 1329 1361 ὄντες
1400 1299 1743 1368 γεννήματα,
1801 1295 1892 1346 ὑπ’

311 1397 486 1465 αὑτῆς
531 1395 852 1464 ἐστρέφοντο
886 1403 931 1430 ι’·
983 1392 1080 1445 νῦν
1106 1393 1162 1445 δὲ
1201 1391 1547 1453 ἀπολωλότας
1602 1389 1799 1450 αὑτοὺς
1858 1387 1891 1455 ἡ

315 1490 560 1542 θάλασσα
607 1487 700 1539 καὶ
752 1484 1018 1554 ὴτιύτης
1071 1485 1224 1554 ίσχὺς
1265 1484 1462 1545 αὑτοὺς
1508 1479 1888 1535 ἁποκλαίεται.

330 1578 546 1646 Ἀγονιᾷ
567 1576 623 1628 δὲ
653 1576 746 1628 καὶ
778 1575 1107 1644 Ᾱῖγυπτος,
1137 1575 1212 1644 μὴ
1243 1574 1389 1644 πάθῃ
1419 1572 1485 1624 τὰ
1515 1569 1890 1640 παραπλήσια.

392 1667 532 1738 Πρὸς
555 1667 612 1720 δὲ
649 1667 896 1734 Τυρίους
917 1666 1008 1717 τὸν
1035 1665 1193 1732 λόγον
1225 1664 1546 1734 μεταφέρων
1576 1663 1761 1730 φησὶν,
1818 1659 1894 1722 ὼς

1995 487 2073 541 Ad
2105 501 2224 542 eam
2262 487 2428 555 igitur
2458 481 2753 544 insulares,
2786 495 2924 549 quos
2956 481 3120 534 maris
3148 479 3368 533 nomine
3401 482 3569 534 Ῑηῐυι-

1993 580 2124 634 lexit
2153 597 2166 644 ;
2203 577 2342 647 Tyro
2370 576 2486 645 jam
2535 583 2718 643 capto,
2752 572 3042 634 accedunt,
3101 579 3155 627 et
3213 573 3416 628 fastum
3447 576 3570 644 ejus

1995 668 2422 738 superbiamque
2447 674 2664 719 moveut
2691 663 3030 717 concidisse:
3061 677 3184 716 cum
3222 666 3409 733 Tyrus,
3451 682 3569 719 ma-

1995 759 2070 812 ris
2101 757 2264 810 robur
2328 756 2571 825 alioquin
2631 768 2786 806 suam
2844 753 2958 820 ipsa
3018 755 3330 808 vastitatem
3371 755 3566 809 intuitu

1999 861 2104 900 non
2133 845 2361 899 meliore
2405 843 2722 896 conditione
2759 857 2885 895 esse
2927 855 2986 896 se
3017 879 3034 901 ,
3091 857 3252 910 quam
3294 858 3414 912 qua),
3449 860 3573 898 om-

1997 939 2131 990 nino
2169 953 2260 989 nec
2287 936 2600 1003 pepererint,
2630 950 2731 988 nec
2756 934 2973 1001 juvenes
3023 943 3114 987 aut
3158 936 3384 1002 virgines
3439 939 3572 990 edu-

1997 1029 2193 1090 xerint,
2230 1026 2487 1080 fateatur.
2519 1024 2777 1079 Nonnulli
2839 1033 3022 1079 tamen
3093 1041 3340 1095 personze
3400 1027 3576 1082 ﬁctio-

2000 1136 2122 1174 nem
2151 1129 2390 1188 etquam
2423 1121 2589 1172 maris
2634 1119 2785 1186 ipsos
2825 1118 3064 1188 lugentis
3094 1155 3110 1184 ,
3165 1118 3314 1188 quod
3365 1120 3575 1189 juveni-

2001 1211 2097 1264 bus
2127 1219 2177 1264 et
2205 1211 2494 1280 virginibus
2538 1209 2704 1278 299
2750 1209 3037 1272 destituta,
3070 1224 3209 1278 quos
3240 1209 3367 1262 olim
3427 1211 3574 1264 velut.

2000 1320 2031 1359 a
2092 1319 2151 1358 se
2209 1312 2530 1374 procreatos
2583 1303 2831 1357 enutrire
2881 1301 3138 1364 solebat,
3188 1316 3334 1355 nunc
3391 1312 3576 1357 autem

2002 1395 2326 1466 proﬂigatos
2355 1396 2471 1465 ipsa
2509 1395 2716 1449 viribus
2773 1395 3042 1448 exhausta
3085 1393 3438 1457 lamentatur,
3476 1410 3576 1448 vo-

2001 1504 2119 1543 cem
2144 1503 2267 1544 esse
2305 1490 2518 1544 volunt.
2548 1487 2767 1542 Timore
2806 1502 3003 1556 magno
3035 1486 3234 1540 deinde
3266 1487 3384 1556 ipsa
3411 1486 3577 1541 etiam

2003 1577 2292 1651 lEgypttts,
2319 1593 2389 1635 ne
2410 1578 2608 1634 similia
2646 1577 2884 1647 patiatur
2904 1617 2920 1641 ,
2960 1578 3196 1646 angitur.

2071 1669 2338 1726 Cancrum
2371 1669 2636 1724 translato
2665 1668 2735 1722 ad
2781 1667 2971 1738 Tyrios
3006 1683 3282 1731 sermone,
3309 1681 3405 1723 eos
3439 1668 3579 1722 inte-

317 1757 461 1812 οὕτω
521 1757 725 1810 τούτων
782 1757 1112 1827 γενομένων,
1165 1758 1278 1809 ὅσοι
1355 1757 1549 1824 φυγεῖν
1601 1752 1756 1822 ὑμῶν
1805 1751 1898 1805 τὸν

2009 1763 2126 1827 tim,
2157 1763 2285 1816 dum
2335 1760 2440 1815 ista
2464 1760 2544 1816 sic
2572 1759 2682 1828 geri
2742 1759 3071 1830 contigerit,
3120 1766 3393 1828 quotquot
3426 1760 3580 1813 inco-

318 1848 537 1918 δλεθρον
572 1847 882 1918 ἐδυνήθητε,
911 1847 1048 1916 πρὸς
1078 1847 1203 1909 τοὺς
1241 1847 1502 1908 ἀποίκους
1533 1846 1614 1906 είς
1670 1845 1897 1913 Καρχη-

317 1943 474 2005 δόνας
515 1942 642 2003 τοὺς
700 1941 1020 2010 ὑμετέρους,
1083 1931 1410 1993 είδυνατδν
1469 1939 1619 2008 ὑμῖν,
1651 1936 1897 1998 ἐλθόντες

319 2032 576 2103 ὀδύρεσθε
616 2033 715 2103 τὴν
744 2032 976 2102 πατρίδα
1019 2031 1128 2084 τῶν
1153 2030 1472 2102 συμφορῶν.
1503 2030 1614 2098 υὺχ
1648 2029 1894 2098 ἐτέρους,

319 2125 456 2177 ἀλλὰ
491 2123 589 2194 τὴν
613 2122 820 2175 ἑαυτῶν
851 2121 1234 2194 ὑπερηφανίαν
1258 2123 1352 2175 καὶ
1405 2121 1559 2192 ὓϐριν
1603 2117 1900 2174 καταιτιώ-

324 2231 499 2285 μενοι,
520 2215 586 2268 δι’
615 2216 682 2287 ἢν
705 2214 798 2267 τοῦ
841 2213 1057 2284 Ἰσραὴλ
1115 2214 1213 2267 καὶ
1264 2213 1358 2266 τοῦ
1396 2213 1533 2266 Θεοῦ
1593 2211 1899 2282 κατεπῄρε-

325 2306 445 2362 aee.
501 2306 804 2375 Λογίσασθε
861 2307 1038 2360 τοίνυν
1060 2306 1153 2358 τδν
1235 2307 1603 2373 ἐπενέγκοντα
1649 2303 1782 2356 Θεὸν
1830 2303 1896 2372 τῇ

323 2396 488 2468 Τύρῳ
514 2398 614 2459 τὰς
647 2396 932 2466 συμφορὰς
985 2397 1062 2466 μὴ
1103 2394 1443 2465 εἱμαρμένης
1471 2394 1707 2465 ἀνάγκη,
1773 2390 1897 2463 μηδ’

318 2487 460 2558 ὀργῇ
514 2504 658 2550 τινος
721 2487 832 2539 τῶν
882 2485 1255 2556 ψευδωνύμων
1316 2486 1454 2540 θεῶν
1490 2485 1662 2538 ταῦτα
1704 2485 1900 2538 παθεῖν

319 2578 684 2648 ἡγησάμενοι.
751 2576 952 2648 Κύριος
1019 2576 1129 2648 γὰρ
1180 2576 1410 2630 Σαϐαὼθ
1453 2578 1481 2629 ὀ
1533 2577 1688 2647 παρὰ
1717 2575 1902 2646 μόνοις

339 2671 612 2740 Ἑϐραίοις
645 2669 1066 2738 θεολογούμενος
1089 2669 1260 2722 ταῦτα
1297 2669 1620 2739 πεποίηκεν,
1650 2669 1710 2721 οὑ
1734 2668 1902 2738 μόνης

333 2762 520 2831 Τύρου
557 2763 829 2814 ταπεινῶν
850 2763 949 2830 τὴν
977 2760 1380 2832 ὑπερηφανίαν,
1421 2763 1517 2813 καὶ
1548 2759 1730 2830 ὓϐριν,
1765 2759 1902 2812 ἀλλὰ

327 2854 556 2908 καὶτῶν
606 2853 807 2906 λοιπῶν
855 2853 1029 2905 ἀθέων
1057 2851 1251 2918 ἐθνῶν,
1285 2851 1408 2904 καθ’
1455 2845 1529 2905 ὧν
1558 2851 1659 2922 ἤδη
1693 2849 1904 2918 φθάσας

328 2948 591 3018 ἐξήνεγκε
614 2946 711 3015 τὴν
758 2944 1033 3014 ἀπόφασιν
1063 2945 1120 2996 ἐν
1147 2947 1269 3008 ταῖς
1325 2943 1730 3014 προλαὸούσαις
1770 2941 1904 3012 ὁρά-

328 3039 625 3102 σεσι.Θεδς
669 3039 776 3108 γάρ
805 3039 951 3090 ἐστιν
997 3037 1372 3108 ὑπερηφάνοις
1417 3035 1897 3106 ἀντιτασσόμενος,
1927 3080 1972 3140 c

325 3134 602 3195 ταπεινοῖς
622 3131 679 3184 δὲ
707 3131 866 3201 χάριν
895 3130 1089 3194 διδούς.
1138 3130 1388 3184 Χαλεπὸν
1437 3129 1542 3200 ἄρα
1593 3129 1654 3182 τὸ
1703 3143 1901 3199 μαστι-

327 3224 618 3294 γουμένοις
651 3222 1005 3294 ἐπεμϐαίνειν
1039 3222 1238 3290 ἁγίοις,
1288 3222 1322 3293 ἢ
1377 3221 1478 3292 τὴν
1510 3223 1598 3275 ἀεὶ
1621 3219 1900 3285 σώζουσαν

327 3317 526 3378 αὑτοὺς
553 3317 762 3368 ἀτονεῖν
793 3313 1000 3368 οἴεσθαι
1026 3316 1208 3384 χεῖρα,
1246 3314 1342 3366 καὶ
1375 3313 1450 3383 μὴ
1472 3314 1614 3367 νοεῖν
1676 3309 1898 3381 μᾶλλον,

327 3408 404 3471 ὡς
435 3406 572 3460 Θεοῦ
621 3406 882 3470 πολλάκις
913 3406 1159 3476 ἐφιέντος
1202 3405 1572 3476 πειράζονται.
1625 3404 1749 3466 Τοῖς
1793 3402 1903 3471 γὰρ

329 3498 668 3573 παρανόμοις
723 3498 964 3551 λεκτέον⁹
1008 3515 1027 3548 ι
1090 3496 1182 3567 Μὴ
1227 3497 1564 3566 παρανομεῖν
1601 3509 1616 3523 °
1649 3494 1746 3548 καὶ
1789 3495 1904 3555 τοῖς

333 3581 707 3661 ἁμαρτάνουσι
727 3603 740 3617 ·
769 3587 859 3658 Μὴ
891 3587 1085 3658 ὑψοῦτε
1119 3596 1142 3624 ³
1193 3587 1382 3656 κέρας,
1419 3585 1553 3656 μηδὲ
1581 3583 1794 3639 ἀδικίαν
1822 3585 1905 3646 εἰς
1940 3599 1957 3613 “

336 3682 395 3735 τὺ
420 3680 554 3750 ὑψος
578 3680 778 3734 λαλεῖν.
815 3698 834 3731 ι
873 3680 970 3734 Διὰ
997 3679 1156 3732 τοῦτο
1184 3680 1290 3750 γὰρ
1333 3677 1508 3750 Τύρος
1531 3679 1595 3730 ἐκ
1618 3676 1777 3745 δόξης
1824 3676 1906 3736 είς

332 3774 560 3844 ἀτιμίαν
594 3772 987 3844 μετεκομίσθη.
1023 3770 1122 3838 Μὴ
1166 3767 1261 3824 οὑν
1313 3772 1586 3838 eam/pou,
1623 3769 1780 3840 φησὶ,
1827 3770 1906 3835 τῴ

335 3790 560 3844 ατιιιιαν
594 3790 791 3842 μετεκο
843 3790 987 3841 ισυη.
1023 3790 1122 3838 tuo
1166 3790 1261 3824 ουν
1313 3790 1586 3838 επαιρου,
1623 3790 1780 3840 φησι,
1827 3790 1906 3835 τῳ

335 3865 552 3934 πλούτῳ
574 3866 640 3916 ἐκ
674 3790 990 3928 θαέττης,
1034 3860 1434 3916 ταπεινωθεῖσα
1502 3862 1561 3915 δὲ
1613 3863 1908 3930 πρόσκεισο

333 3955 600 4025 γεωργίᾳ.
633 3953 716 4006 Τὰ
742 3956 850 4023 γὰρ
883 3956 948 4006 ἐκ
974 3951 1271 4018 θαλάττης
1301 3951 1579 4006 πέπαυται
1620 3951 1804 4022 κέρδη.
1837 3946 1912 4003 δι’

332 4046 478 4116 ἆπερ
509 4042 652 4116 ἦσθα
709 4043 917 4114 σοϐαρὰ
949 4045 1044 4097 καὶ
1070 4043 1316 4113 νεανικὴ,
1353 4043 1480 4106 τοὺς
1538 4043 1725 4113 κύκλῳ
1753 4043 1908 4114 βασιι-

330 4138 445 4201 λεῖς
479 4136 872 4208 παροξύνουσα,
898 4136 993 4189 καὶ
1027 4138 1093 4206 ἢν
1110 4135 1313 4206 ἠδίκεις
1340 4136 1528 4189 Σιδόνα
1546 4137 1646 4206 τὴν
1670 4137 1908 4205 γείτονα.

331 4229 448 4294 Τῆς
478 4227 532 4279 δὲ
558 4226 764 4278 τούτων
796 4226 1010 4290 ἀδικίας
1040 4228 1075 4296 ἡ
1105 4226 1214 4279 τῶν
1250 4226 1438 4280 κακῶν
1485 4226 1654 4297 πεῖρα
1676 4243 1735 4280 σε
1768 4227 1910 4281 παύ-

331 4335 499 4374 σειεν.
539 4319 708 4374 Ἔνθα
761 4319 805 4372 δ’
835 4320 901 4373 ἂν
951 4319 1239 4387 ἀπέλθῃς,
1270 4320 1369 4390 οὑχ
1405 4318 1549 4383 ἕξεις
1591 4321 1913 4390 καταφυγὴν

2002 1857 2174 1909 lumes
2202 1854 2442 1923 emtgere
2477 1852 2718 1912 dabitur.
2759 1853 2826 1905 ad
2870 1865 3024 1906 suam
3059 1866 3118 1906 se
3144 1891 3160 1916 ,
3215 1851 3261 1904 si
3313 1851 3527 1919 possint
3561 1888 3576 1910 ,

2001 1944 2524 2015 Carthaginensium
2564 1941 2838 1999 coloniam
2872 1942 3140 2012 recipere,
3175 1953 3232 1997 et
3261 1941 3335 1995 ibi
3387 1941 3578 2010 patriae

1999 2039 2279 2094 interitum
2315 2037 2520 2106 lugere,
2558 2050 2736 2104 neque
2773 2035 2937 2089 aliam
2994 2036 3106 2103 jam
3141 2073 3156 2099 ,
3210 2049 3374 2104 quam
3419 2049 3576 2086 suam

1999 2132 2151 2200 ipsos
2189 2130 2245 2184 in
2281 2129 2445 2184 Deum
2485 2135 2540 2183 et
2585 2127 2843 2183 lsraelem
2909 2127 3225 2195 superbiam
3292 2133 3581 2180 contume-

2001 2223 2239 2292 liamque
2279 2221 2536 2275 incusare
2573 2219 2874 2280 admonet,
2921 2218 3253 2286 tandemque
3294 2217 3582 2270 advertere

2001 2314 2346 2370 calamitates
2377 2313 2512 2366 istas
2544 2312 2616 2364 ‘in
2651 2309 2953 2382 Tyriorum
2994 2309 3175 2377 capita
3207 2323 3318 2361 non
3359 2306 3454 2360 fati
3489 2321 3585 2359 ne-

2001 2407 2259 2463 cessitate
2285 2444 2299 2467 ,
2331 2405 2412 2460 vel
2445 2405 2524 2457 ira
2560 2404 2683 2457 falsi
2724 2402 2992 2466 numinis,
3025 2401 3120 2455 sed
3155 2400 3304 2468 justa
3333 2397 3423 2452 Dei
3459 2400 3584 2450 vin-

2001 2497 2146 2552 dicta
2181 2496 2512 2552 redundare.
2552 2495 2662 2549 lsta
2692 2494 2836 2548 enim
2873 2493 2942 2546 ab
2977 2493 3319 2547 exercituum
3353 2488 3583 2542 Domino

2003 2589 2165 2656 cujus
2221 2587 2482 2641 divinitas
2546 2587 2688 2655 apud
2727 2585 2876 2639 solos
2924 2583 3145 2639 Judazos
3199 2583 3421 2654 cognita
3477 2580 3586 2635 fuit

2002 2688 2218 2748 patrata
2244 2693 2390 2742 esse,
2420 2692 2528 2732 non
2561 2685 2622 2730 ut
2684 2675 2814 2746 Tyri
2867 2677 3036 2731 unius
3098 2675 3355 2744 superbia
3391 2673 3474 2728 vel
3526 2682 3587 2726 ut

2004 2771 2340 2840 reliquarum
2376 2770 2544 2825 etiam
2583 2768 2872 2838 impiarum
2905 2768 3176 2838 gentium,
3210 2767 3263 2820 in
3297 2781 3437 2836 quas
3484 2781 3583 2821 su-

2005 2860 2313 2932 perioribus
2359 2860 2473 2930 jam
2527 2857 2837 2913 visionibus
2927 2858 3037 2910 lata
3122 2856 3223 2909 luit
3273 2855 3586 2919 sententia,

2006 2953 2183 3009 fastus
2213 2952 2565 3016 retundatur;
2600 2965 2724 3004 cum
2777 2949 2947 3004 Deum
2997 2948 3250 3017 superbis
3309 2947 3586 3006 resistere,

2006 3046 2307 3103 humilibus
2361 3051 2543 3100 autem
2603 3044 2835 3114 gratiam
2905 3041 3094 3111 largiri
3151 3047 3358 3095 certum
3393 3038 3466 3094 sit
3517 3039 3588 3091 ’°.

2008 3140 2184 3196 Grave
2219 3138 2390 3209 igitur
2428 3147 2482 3192 et
2533 3136 2907 3206 periculosum
2977 3132 3187 3188 sanctis
3245 3131 3378 3201 ipsis
3409 3169 3424 3194 ,
3463 3145 3589 3184 cum

2009 3231 2373 3302 ﬂagellantur,
2404 3231 2695 3298 insurgere
2718 3225 2801 3281 vel
2825 3240 2948 3296 qua:
2993 3224 3143 3295 ipsos
3187 3235 3402 3290 semper
3449 3219 3592 3274 tueri

2029 3321 2356 3385 consuevit,
2407 3334 2629 3374 manum
2703 3316 2996 3387 defatigari
3064 3323 3121 3370 et
3171 3312 3591 3368 imbecilliorem

2013 3415 2126 3469 ﬁeri
2161 3421 2355 3485 putare
2389 3453 2404 3478 ,
2434 3427 2546 3467 non
2588 3418 2769 3466 autem
2799 3410 2980 3478 potius
3012 3423 3042 3461 a
3080 3404 3192 3460 Deo
3225 3396 3467 3475 persaepe
3493 3402 3594 3455 ad-

2012 3521 2170 3560 versa
2199 3504 2533 3559 innnittente
2579 3501 2781 3556 tentari
2812 3500 3057 3555 credere.
3090 3499 3231 3550 Sunt
3281 3497 3426 3550 enim
3488 3492 3596 3546 ini-

2011 3598 2136 3666 quis
2183 3597 2287 3650 ista
2354 3594 2767 3665 respondentia:
2817 3611 2836 3645 ι
2895 3590 3071 3645 Nolite
3127 3590 3313 3658 inique
3377 3601 3590 3656 agere:

2011 3695 2068 3741 et
2096 3687 2550 3754 delinquentibus
2581 3702 2594 3739 :
2624 3683 2806 3738 Nolite
2836 3682 3090 3736 attollere
3147 3695 3319 3734 cornu
3340 3721 3355 3744 ,
3409 3691 3594 3748 neque

2013 3778 2223 3848 injusta
2273 3777 2329 3830 in
2365 3777 2536 3832 altum
2605 3775 2752 3844 loqui
2784 3774 2874 3824 ’τε
2921 3791 2940 3823 ι
3006 3787 3130 3824 cum
3179 3786 3244 3824 ea
3303 3771 3372 3824 de
3427 3783 3596 3823 causa

2015 3870 2142 3942 Tyri
2175 3870 2456 3941 splendor,
2490 3870 2544 3922 in
2579 3867 2820 3922 dedecus
2858 3874 2912 3920 et
2959 3863 3318 3934 ignominiam
3363 3875 3594 3914 conver-

2017 3977 2114 4018 sus
2141 3963 2235 4016 sit.
2283 3958 2406 4015 Noli
2438 3959 2608 4031 igitur
2631 3959 2708 4012 ait
2735 3997 2752 4023 ,
2784 3957 2952 4010 maris
2989 3955 3186 4023 opibus
3239 3951 3422 4005 attolli
3449 3991 3464 4016 ,
3501 3950 3595 4004 sed

2016 4053 2256 4108 demissa
2289 4051 2639 4120 agriculturae
2668 4047 2991 4102 incumbito.
3013 4044 3248 4098 Cessant
3279 4044 3423 4120 enim
3447 4043 3599 4094 lucra

2017 4157 2141 4212 quae
2177 4156 2243 4196 ex
2287 4141 2426 4193 mari
2465 4146 2625 4193 antea
2661 4138 2893 4192 collecta
2929 4135 3252 4190 insolentem
3288 4140 3340 4187 te
3366 4114 3502 4186 adeo
3545 4142 3601 4184 et

2019 4235 2315 4305 superbam
2355 4232 2656 4286 reddebant
2683 4272 2697 4295 ,
2721 4238 2777 4283 ut
2829 4244 2987 4298 reges
3014 4225 3256 4296 undique
3293 4239 3598 4296 provocare

2020 4335 2073 4380 et
2100 4325 2294 4380 vicina:
2323 4323 2513 4378 Sidoni
2559 4317 2819 4390 iniuriam
2868 4320 3073 4387 inferre
3128 4335 3235 4372 non
3291 4305 3598 4371 dubitares.
3638 4329 3640 4331 ‘

331 4412 754 4476 ὰγαπαύσεως,
792 4410 925 4464 Θεοῦ
981 4427 1041 4463 σε
1065 4410 1342 4480 πανταχοῦ
1402 4415 1594 4474 κακοῖς
1646 4413 1902 4482 περιόςίιλ⁴

2020 4415 2209 4486 Neque
2231 4430 2363 4469 vero
2390 4429 2614 4484 quoquo
2671 4412 2886 4475 abieris,
2927 4412 3117 4479 quietis
3171 4417 3255 4463 est
3283 4407 3591 4478 perfugium

333 4509 540 4568 λοντος,
559 4505 652 4556 καὶ
678 4503 786 4554 τῶν
819 4503 928 4556 σῶν
963 4503 1268 4573 συμμάχων
1299 4505 1647 4557 Χαναναίων
1673 4505 1905 4573 ἠρημω-

327 4593 551 4666 μένων.
571 4595 920 4665 Ἀρνήσονται
947 4595 1002 4649 δέ
1033 4611 1092 4648 σε
1127 4597 1224 4648 καὶ
1260 4597 1446 4650 Κίτιοι
1476 4597 1728 4666 συνήθεις
1741 4597 1910 4650 πάλαι

331 4685 714 4753 τυγχάνοντες.

409 4866 529 4917 Κᾶν
560 4867 639 4928 εἰς
667 4837 1004 4939 Χαλδαίους
1037 4868 1450 4938 αὑτομολήσεις,
1478 4868 1645 4940 ἦγουν
1664 4868 1910 4940 ἀπέλθῃς

2015 4516 2070 4563 et
2105 4515 2324 4578 portum
2361 4505 2612 4559 habitura
2649 4503 2756 4558 Deo
2782 4515 2834 4557 te
2863 4504 3023 4558 malis
3046 4501 3291 4570 undique
3315 4509 3598 4569 premente

2016 4600 2409 4666 sociorumque
2438 4595 2866 4650 Chanameorum
2897 4596 3118 4666 regione
3167 4595 3473 4649 devastata.
3521 4590 3599 4646 Te

2019 4692 2150 4745 Citii
2199 4690 2326 4760 ipsi,
2386 4689 2502 4743 noti
2567 4689 2770 4743 dudum
2826 4699 2881 4743 et
2936 4688 3276 4751 familiares,
3333 4702 3602 4756 pernega-

2019 4785 2176 4840 bunt.

2089 4875 2244 4942 Quod
2292 4875 2337 4929 si
2370 4874 2434 4929 ad
2468 4873 2746 4929 Chaldteos
2782 4872 3118 4942 transfugias
3143 4912 3158 4938 ,
3213 4873 3268 4926 in
3305 4871 3597 4940 captivita-

336 4957 702 5025 αἰχμάλωτος,
747 4959 815 5011 τὰ
871 4961 935 5012 ἐκ
997 4959 1222 5029 Περσῶν
1267 4959 1363 5012 καὶ
1417 4961 1615 5026 Μήδων
1659 4961 1902 5030 εὑρήσεις

2010 4980 2120 5024 tem
2158 4967 2413 5021 videlicet
2447 4968 2674 5030 abieris,
2715 4980 2742 5017 a
2774 4964 2962 5020 Persis
2993 4966 3098 5028 ibi,
3124 4975 3178 5019 et
3203 4965 3373 5019 Medis
3412 4965 3595 5017 illatas

336 5049 504 5112 κακὰ,
521 5047 744 5116 ἔρημόν
770 5067 826 5102 τε
865 5049 964 5120 τὴν
998 5049 1315 5113 Βαϐυλῶνα,
1351 5051 1420 5104 δι’
1447 5051 1590 5121 ἆπερ
1623 5050 1914 5119 ἠλαζονεύ-

339 5153 490 5192 σατο.
530 5139 808 5192 Πέπτωκε
831 5140 939 5210 γὰρ
963 5140 1133 5208 αὑτῆς
1159 5143 1190 5194 ὀ
1212 5140 1434 5209 τοῖχος.
1461 5140 1620 5192 Οὕτω
1658 5140 1714 5193 δὲ
1761 5139 1915 5193 καλεί

334 5229 402 5281 τὸ
430 5228 624 5298 τεῖχος
659 5231 691 5302 ἦ
729 5233 746 5268 ⁸
783 5234 880 5302 τὴν
904 5232 1133 5299 δύναμιν
1160 5233 1329 5300 αὑτῆς
1351 5234 1449 5302 τὴν
1509 5233 1816 5304 βασιλικὴν,
1845 5233 1919 5286 δι’

333 5319 402 5394 ἧς
429 5321 690 5396 ὠχύρωτο
717 5327 1000 5396 πρότερον.
1021 5311 1114 5378 Διό
1146 5341 1204 5377 σε
1240 5325 1573 5395 θρηνήσουσι
1603 5323 1908 5392 Καρχηδό-

403 5456 452 5492 ⁹⁶
485 5457 504 5510 l
533 5455 676 5513 Petr.
740 5475 794 5525 ν,
858 5460 911 5513 5.
988 5460 1034 5493 ³⁷
1080 5457 1223 5514 Psal.
1267 5461 1534 5532 Lntv,5,
1585 5461 1639 5519 6.

2011 5061 2198 5114 clades
2231 5099 2246 5126 ,
2280 5059 2626 5126 deletamque
2677 5068 2730 5112 et
2788 5067 3058 5112 vastatam
3115 5066 3335 5126 prapter
3388 5055 3625 5124 fastum.

2014 5149 2369 5220 Babyloniam
2402 5156 2709 5217 repertura.
2745 5146 2946 5203 Cecidit
2983 5149 3128 5202 enim
3168 5147 3332 5216 300
3408 5159 3593 5197 murus

2011 5236 2170 5304 ejus;
2214 5250 2324 5304 quo
2365 5243 2690 5304 potestatem
2728 5237 2934 5306 regiam
2962 5276 2977 5299 ,
3011 5251 3117 5305 qua
3187 5237 3425 5301 primum
3471 5249 3596 5286 mu-

2015 5328 2307 5393 niebatur,
2357 5327 2670 5398 signiﬁcare
2709 5328 2945 5384 videtur.
2987 5327 3122 5382 Hinc
3165 5334 3274 5392 est,
3308 5327 3407 5394 ait,
3448 5326 3597 5398 quod

1603 5571 1837 5630 VARIIE
1881 5568 2285 5628 LECTIONES.

393 5694 421 5731 '
449 5709 540 5762 γρ.
564 5692 876 5764 ἐτρέφοντο.
941 5703 962 5731 ³
986 5710 1051 5759 γρ
1105 5689 1360 5759 ὑψοῦσθε.

584 5783 857 5843 ΡΑτιιοι..
895 5784 1013 5844 (in.
1067 5782 1426 5843 LXXXVII.

1439 5693 1458 5726 ί
1493 5691 1595 5760 ἄερ.
1624 5691 1684 5744 τὸ
1710 5693 1887 5760 τεῖχος
1917 5689 1974 5758 ἦ.

3185 5787 3258 5848 69
