4022 6210
463 282 605 347 2187
1797 289 2151 351 PROCOPII
2180 291 2421 357 GAZEI
3573 286 3739 349 2188

465 407 523 452 te
551 395 1020 470 Carthaginienses
1056 413 1152 469 spe
1188 398 1388 456 salutis
1439 401 1667 456 omnino
1719 401 2074 464 destitutam‘

2171 424 2262 463 ἰοι
2284 414 2464 467 πᾶσαν
2479 414 2822 469 ἀπολέσασαν
2848 412 3127 484 σωτηρίας
3151 409 3363 472 ἐλπίῗα,
3425 408 3525 478 τὴν
3551 407 3743 461 πάλαι

469 492 757 561 lugebunt,
790 493 844 547 in
885 507 993 563 qua
1028 508 1143 548 sua:
1185 493 1461 565 quondam
1498 494 1806 561 prresidiam
1875 494 2048 551 fuisse

2171 502 2357 557 τούτων
2415 501 2583 559 οὖσαν
2610 506 2907 574 ὀχύρωμα.
2941 502 3290 572 Παιδιυθήσῃ
3333 500 3393 553 δέ
3422 497 3746 552 τοσοῦτον

464 583 798 638 colioeatum
857 584 1313 640 recordabuntur.
1375 587 1577 641 Tamdiu
1647 595 1828 643 autem
1879 590 2048 643 casti-

2171 596 2393 665 ίρόνον,
2427 598 2552 650 ὅσον
2576 598 2609 669 ὴ
2635 597 2713 668 τῷ
2742 596 2862 666 Θεῷ
2887 595 3043 658 πόλις
3075 593 3435 661 ἀνακειμένη,
3476 588 3601 643 καθ’
3662 583 3748 659 ἧς

470 676 689 745 gaberis
726 715 742 741 ,
798 676 1044 745 quaudiu
1097 678 1230 733 urbs
1254 678 1370 748 ipsa
1429 676 1536 733 Deo
1575 691 1916 736 consecrata.
1988 680 2047 735 In

2171 686 2459 756 ιπαρθεῖσα
2485 687 2585 759 τὴν
2635 687 2756 756 ῐσην
2806 687 2962 758 δίκην
2994 685 3252 746 ἐκτίσεις.
3297 683 3556 735 Κάκεῖνοι
3615 678 3752 749 γὰρ

472 782 634 835 quam
665 768 793 835 quia
819 768 1191 833 insurrexisti,
1212 771 1450 840 aequales
1466 786 1592 826 cum
1619 787 1682 827 ea
1701 788 1891 844 poenas
1911 788 2049 843 quo-

2171 775 2598 846 i660pnxoatdr
2673 779 2731 829 ἐν
2784 776 3134 845 αἰχμαλωσίᾳ
3194 770 3523 842 παρέτειναν
3567 769 3746 833 ἔτος.

471 875 579 929 que
606 860 810 914 luitura
836 877 917 916 es.
953 859 1171 931 .lugum'
1205 863 1349 917 enim
1382 865 1664 920 servitutis
1691 874 1745 921 et
1799 869 1915 936 ipsa
1952 883 2049 920 an-

2171 867 2493 935 Ὰνθρώπου
2547 867 2605 920 δέ
2631 865 2778 933 ζ’ωῆς
2813 867 3055 934 χρόνος,
3076 864 3203 931 ἐτη,
3237 861 3501 916 καὶκατὰ
3536 858 3745 922 Δαϐὶδ,

473 968 569 1006 nos
597 954 929 1023 septuaginta
959 969 1121 1023 passa
1157 963 1262 1010 est.
1310 953 1575 1010 Humane
1627 965 1885 1025 praeterea
1930 959 2052 1014 vitae

2171 956 2299 1012 εστιν
2343 958 2774 1026 ἐϐδομήκοντα.
2824 958 2984 1025 Λέγει
3042 955 3171 1026 γάρ’
3222 973 3241 1005 ι
3281 955 3347 1007 Αἰ
3372 954 3577 1024 ἡμέραι
3623 950 3751 1003 τῶν

483 1053 688 1112 tempus
719 1052 943 1099 auctore
979 1045 1200 1111 Davide,
1220 1047 1562 1118 septuaginta
1581 1064 1842 1103 annorum
1873 1051 2051 1119 spatio

2171 1051 2290 1103 ιτῶν
2315 1052 2474 1120 ἡμῶν
2509 1051 2565 1102 ἐν
2599 1049 2784 1111 αὐτοῖς
2838 1048 3210 1118 ἐόδομήκοντα
3249 1045 3366 1115 ἔτη.
3412 1064 3431 1098 ι
3465 1043 3650 1098 Tanti:
3688 1041 3752 1099 δὲ

467 1134 845 1190 concluditur.
885 1134 1025 1191 Dicit
1050 1137 1234 1191 enim:
1267 1155 1286 1188 ι
1325 1138 1448 1194 Dies
1495 1153 1763 1195 annorum
1804 1155 2049 1195 meorum

2171 1143 2313 1196 τοῦτο
2343 1143 2439 1197 καὶ
2458 1143 2789 1207 ,βασιλείας
2817 1141 3036 1210 χρόνος
3079 1137 3398 1202 πολυετοῦς.
3434 1137 3524 1189 Ἐν
3574 1131 3662 1199 οἷς
3687 1135 3752 1188 δέ

474 1228 530 1281 in
568 1227 705 1297 ipsis
736 1226 868 1280 anni
901 1230 1250 1299 septuaginta
1283 1230 1408 1283 ⁸⁸..)
1441 1229 1593 1285 Idem
1639 1246 1772 1287 vero
1814 1240 1867 1287 ct
1902 1232 2052 1302 regni

2171 1231 2373 1299 ίρόνος
2400 1232 2642 1302 manu;
2674 1231 2751 1302 μὴ
2781 1229 3086 1299 πληροῦται
3118 1228 3271 1299 παρὰ
3295 1226 3455 1289 Θεοῦ,
3504 1225 3580 1296 μὴ
3640 1242 3753 1278 σαο

470 1316 783 1387 longissimi
820 1326 1022 1386 tempus
1050 1329 1156 1374 est.
1204 1319 1360 1385 Quod
1400 1320 1443 1375 si
1494 1320 1547 1374 in
1583 1322 1910 1390 quibusdam
1953 1324 2051 1377 de-

2171 1326 2370 1397 ιευθῇς.
2404 1327 2478 1379 Ού
2512 1326 2618 1396 γὰρ
2656 1325 2942 1379 ὑπόκειται
2968 1324 3101 1387 Θεὸς
3137 1325 3248 1385 τοῖς
3264 1323 3362 1391 τῆς
3392 1319 3754 1392 προαγορεύ-

473 1410 667 1465 ﬁnitur
688 1424 719 1465 a
753 1409 885 1475 Deo,
918 1426 1025 1464 non
1056 1418 1241 1465 tamen
1267 1412 1598 1482 adimpletur
1633 1429 1917 1468 numerus.
1942 1413 2053 1471 Nec

2171 1434 2297 1480 τεως
2368 1417 2538 1470 αὑτοῦ
2581 1418 2750 1488 ὅροις.
2794 1416 3026 1485 Ἀγαθδς
3076 1416 3185 1485 γὰρ
3234 1413 3330 1479 ὢν,
3402 1414 3498 1467 καὶ
3545 1413 3755 1483 χρόνον

479 1512 533 1555 te
567 1500 642 1556 ob
668 1501 719 1556 id
742 1500 1077 1555 commoveri
1104 1515 1320 1571 aequum
1366 1511 1483 1557 est:
1548 1519 1674 1558 cum
1741 1503 1886 1560 Deus
1940 1520 2054 1560 suae

2171 1507 2349 1578 Βρίζει,
2397 1508 2491 1560 καὶ
2520 1506 2737 1560 ἀπειλεῖ
2756 1504 2825 1558 τὰ
2846 1504 3015 1567 δεινὰ,
3031 1504 3130 1575 οὐχ
3145 1504 3221 1567 ὼς
3254 1506 3473 1566 πάντως
3495 1502 3752 1566 ἐπάξων,

479 1607 589 1648 non
620 1592 901 1663 sulvjaceat
945 1591 1314 1661 praedictionis
1345 1595 1615 1650 terminis.
1675 1594 1861 1651 Bonus
1907 1597 2052 1652 enim

2171 1595 2271 1650 nx
2303 1594 2381 1659 ὡς
2414 1595 2746 1666 ἐπιπρέψαι
2784 1593 3105 1664 βουλόμενος
3138 1608 3153 1626 ·
3186 1594 3325 1662 ὅπερ
3357 1593 3473 1645 ἐστὶ
3502 1592 3599 1645 καὶ
3635 1591 3756 1644 ἀπὸ

478 1701 605 1740 eum
639 1686 752 1751 sit,
792 1694 847 1740 et
882 1695 1126 1757 tempora
1156 1685 1379 1750 deﬁnit.
1434 1696 1490 1742 et
1526 1689 1712 1745 clades
1768 1688 2056 1743 minitatur

2171 1686 2267 1739 τῶν
2337 1686 2603 1756 ἐξήκοντα
2660 1687 2798 1739 ἐτῶν
2834 1686 2944 1741 τῶν
2966 1686 3033 1739 δι’
3069 1685 3298 1739 Ἡσαΐου
3332 1684 3454 1737 κατ’
3492 1682 3757 1753 Ἐφραῒμ

480 1793 589 1833 non
615 1788 876 1849 tauquam
911 1778 1166 1834 illaturus
1200 1762 1389 1833 revera
1426 1793 1441 1844 ;
1490 1780 1587 1835 sed
1634 1788 1695 1835 ut
1755 1782 1954 1839 timore
1987 1782 2056 1837 ad

2171 1774 2483 1845 ipteOémv
2518 1774 2729 1846 μαθεῖν.
2771 1773 3082 1843 Συνεστάλη
3135 1775 3245 1845 γὰρ
3296 1776 3378 1837 si;
3417 1774 3753 1843 τριάκοντα.

474 1874 607 1927 vita:
649 1870 1029 1942 paenitentiam
1057 1870 1265 1941 adigat.
1298 1869 1457 1937 Quod
1484 1886 1551 1926 ex
1608 1871 1830 1927 decreto
1881 1887 2057 1928 anno-

2171 1869 2271 1922 Kal.
2304 1868 2503 1938 Δανιὴλ
2533 1868 2591 1921 δὲ
2612 1868 2722 1920 τῶν
2745 1869 2802 1921 ἐν
2847 1868 3198 1940 αἰχμαλωσίᾳ
3222 1870 3321 1938 τὴν
3348 1869 3548 1922 κακίαν
3574 1867 3756 1932 αὐξα-

482 1979 605 2018 rum
645 1962 995 2035 septuaginta
1020 1962 1287 2018 adversus
1318 1961 1581 2031 Ephraim
1644 1977 1877 2020 numero
1911 1965 2058 2035 apud

2171 1961 2567 2032 νομένηνδρῶν,
2583 1960 2753 2014 δεῖται
2765 1959 2901 2013 Θεοῦ
2922 1959 3001 2030 μὴ
3017 1961 3332 2030 προσθεῖναι
3347 1963 3458 2023 τοῖς
3472 1961 3756 2031 ὀρισθεῖσι

482 2054 677 2108 Isaiam
711 2054 1059 2122 perspicuum
1090 2051 1275 2117 luerit,
1305 2052 1503 2123 quiest
1530 2053 1597 2107 ad
1620 2055 1843 2124 triginta
1874 2068 2058 2126 postea

2171 2052 2284 2107 κατ’
2329 2053 2509 2107 αὐτῶν
2553 2052 2749 2106 ἐτεσιν.
2799 2052 2857 2105 '0
2903 2051 3039 2115 Θεὸς
3095 2051 3271 2123 γὰρῆ
3336 2051 3757 2121 μετανοούντων

481 2153 798 2200 revocatus.
835 2144 1041 2200 Deinde
1098 2153 1154 2198 et
1194 2143 1381 2199 Daniel
1441 2146 1605 2215 ipse,
1668 2160 1795 2199 cum
1853 2149 2058 2218 captivi

2171 2144 2443 2215 ὓποτέμνῃ
2463 2149 2492 2179 ¹¹
2513 2144 2604 2197 τὸν
2648 2143 2794 2214 ὅρον,
2828 2141 2862 2213 ἢ
2891 2144 3014 2205 ταῖς
3066 2142 3342 2205 ἀσεϐείαις
3369 2141 3758 2214 ἐπιμενόντων

482 2240 669 2310 populi
698 2238 964 2294 malitiam
985 2238 1173 2309 augeri
1199 2238 1531 2301 intueretur,
1560 2236 1855 2293 Dominum
1888 2256 1958 2295 ne
1990 2240 2061 2295 ad

2171 2237 2541 2308 προστίθησιν.
2565 2233 2870 2306 Τοιγαροῦν
2898 2235 3008 2299 τοῖς
3034 2234 3127 2287 ἐπὶ
3155 2234 3280 2288 Νῶε
3308 2234 3399 2287 τὸν
3418 2234 3525 2287 τῶν
3547 2234 3758 2287 ἐκατδν

482 2329 770 2384 detinitum
798 2328 855 2384 in
892 2343 991 2386 eos
1042 2343 1312 2384 annorum
1349 2343 1640 2383 numerum
1688 2329 1894 2400 aliquid
1931 2331 2064 2402 adji-

2171 2327 2368 2379 εἴκοσιν
2399 2324 2537 2377 ἐτῶν
2563 2321 2762 2391 ὥρισεν
2787 2320 3039 2392 ἀριθμὸν,
3058 2319 3106 2375 ’ἃ
3138 2319 3533 2392 φιλανθρώπως
3555 2321 3760 2374 ἐπέτε·

480 2427 658 2485 ceret,
691 2420 1022 2490 deprecatus
1057 2428 1142 2474 est
1170 2418 1236 2471 ”.
1267 2416 1414 2474 Deus
1442 2417 1587 2472 enim
1616 2434 1716 2487 pro
1732 2422 1858 2474 vitae
1884 2422 2063 2491 poeni-

2171 2435 2289 2489 μεν,
2344 2415 2509 2470 ἱστῶν
2534 2416 2720 2480 αὐτοῖς
2777 2415 2844 2469 τὰ
2894 2414 3059 2480 κακὰ,
3115 2415 3211 2467 καὶ
3257 2414 3511 2475 κωλύσας
3576 2412 3759 2484 μείζω

483 2512 654 2566 tentia
707 2511 791 2565 vel
846 2511 1272 2580 pervicacitate,
1320 2509 1559 2566 decretis
1599 2512 1942 2581 temporibus
1979 2513 2065 2568 vel

2171 2510 2446 2581 γινόμενα.
2505 2508 2824 2571 Νινευτταις
2882 2506 2940 2560 δὲ
2992 2507 3323 2578 μεταγνοῦσι
3376 2506 3479 2577 τῆς
3511 2506 3757 2573 ἀπειλῆς

484 2602 677 2672 adjicit
713 2602 801 2657 vel
832 2602 1047 2656 adimit.
1078 2602 1268 2672 Itaque
1305 2601 1418 2656 Noe
1464 2610 1626 2657 aetate
1654 2643 1670 2669 ,
1707 2616 1831 2658 cum
1883 2604 2063 2659 homi-

2171 2604 2259 2656 τὸν
2281 2602 2474 2673 χρόνον
2503 2600 2739 2664 διέλυσε,
2775 2599 3033 2670 καθάπερ
3068 2599 3251 2671 ἰατρὸς
3281 2600 3383 2654 κᾶν
3420 2616 3470 2652 τι
3504 2599 3758 2671 προείπῃ

483 2709 619 2749 unm
647 2695 816 2748 vitam
841 2701 1064 2748 centum
1097 2701 1150 2747 et
1214 2693 1405 2763 viginti
1461 2707 1733 2749 annorqu
1789 2693 1907 2749 fore
1953 2702 2067 2749 sta-

2171 2695 2296 2764 περὶ
2317 2692 2568 2755 καύσεως
2594 2690 2628 2763 ἢ
2674 2690 2853 2760 τομῆς
2898 2690 3098 2759 μηκέτι
3129 2690 3287 2745 τοῦτο
3339 2689 3481 2761 δρῶν
3504 2689 3758 2760 μεταϐα-

482 2785 688 2840 tuisset
720 2784 758 2850 ⁸,
801 2799 899 2854 pro
922 2797 1024 2838 sua
1067 2782 1120 2837 in
1170 2798 1267 2838 eos
1307 2785 1691 2840 benevolentia
1752 2785 2063 2841 breviorem

2171 2785 2350 2849 λόντος
2404 2784 2495 2836 ἐπὶ
2535 2784 2596 2836 τὸ
2647 2786 2897 2856 κρεῖττον
2922 2782 3017 2837 τοῦ
3060 2781 3333 2853 σώματος.
3368 2777 3505 2835 Εἶτά
3526 2798 3702 2853 φησιν
3729 2782 3760 2835 δ

486 2889 674 2948 postea
703 2890 828 2931 esse
870 2876 1074 2940 voluit,
1102 2884 1159 2929 ut
1185 2876 1533 2933 calamitates
1560 2878 1878 2947 ingruentes
1912 2892 2073 2933 aver-

2171 2880 2480 2948 προφήτης,
2508 2877 2583 2941 ὼς
2600 2876 2689 2929 Ἑν
2725 2876 2937 2938 τούτοις
2962 2875 3089 2942 τοῖς
3125 2875 3329 2930 ἐτεσιν
3348 2867 3511 2944 ᾆσμα
3539 2877 3756 2946 γενήσῃ

484 2976 630 3022 teret
686 2976 1102 3037 praesentesque
1161 2967 1427 3035 temporis
1482 2982 1775 3037 progressu
1832 2967 2068 3037 majores

2171 2970 2425 3038 καθάπερ
2446 2985 2530 3031 τις
2568 2968 2705 3037 γυνὴ
2735 2969 2833 3039 τῆς
2865 2968 3002 3031 ἰδίας
3063 2967 3375 3021 ἐκπεσοῦσα
3401 2967 3590 3036 τιμῆς.
3616 2967 3756 3019 Τότε

489 3060 604 3114 θυι-ἱ
646 3059 988 3130 prohiberet.
1024 3057 1070 3114 Α
1113 3055 1374 3115 Ninivitis
1406 3068 1588 3115 autem
1633 3075 1760 3115 cum
1792 3062 2068 3129 paeniten-

2171 3061 2449 3129 περίελθε
2486 3057 2821 3128 ῥεμϐομένη
2878 3059 3043 3113 τόπον
3089 3060 3156 3111 ἐκ
3196 3059 3364 3113 τόπου
3390 3060 3468 3121 είς
3494 3048 3564 3111 τὰ
3586 3058 3756 3113 λοιπὰ

484 3153 623 3205 tiam
672 3154 955 3220 egissent,
995 3168 1105 3205 non
1161 3153 1267 3206 alia
1327 3154 1545 3208 ratione
1604 3153 1856 3208 decretas
1916 3163 2067 3208 certo

2171 3151 2273 3205 τῶν
2296 3149 2465 3202 ἐθνῶν
2490 3144 2920 3219 ἐκπορνεύουσα,
2946 3150 3021 3212 ὡς
3053 3149 3120 3205 ἂν
3164 3149 3567 3217 ἐπιλησθεῖσα
3590 3149 3756 3218 παρὰ

486 3242 706 3296 dierum
739 3239 920 3309 spatio
955 3239 1137 3293 minas
1166 3243 1401 3296 removit
1438 3242 1484 3305 ⁸,
1529 3256 1696 3311 quam
1725 3244 1869 3297 solet
1899 3241 2065 3297 medi-

2171 3241 2343 3297 Θεοῦ.
2376 3240 2439 3294 ΕΞ
2468 3238 2525 3293 δέ
2558 3239 2782 3295 δύνασαι
2827 3242 3103 3298 λαϐοῦσα
3143 3242 3245 3313 τὴν
3292 3243 3526 3315 σεαυτῆς
3587 3244 3754 3299 κιθά-

489 3346 591 3386 cus
652 3345 683 3383 a
724 3330 1030 3402 signiﬁcata
1071 3338 1201 3384 ante
1258 3331 1343 3385 vel
1412 3332 1659 3386 seetioue
1711 3329 1800 3387 vel
1856 3330 2072 3385 ustione

2171 3351 2301 3404 par,
2352 3332 2549 3404 μηκέτι
2596 3332 2895 3404 πορνικῶς,
2950 3333 3071 3405 μετ’
3124 3334 3436 3406 ἐπιστήμης
3476 3335 3534 3388 δὲ
3587 3335 3755 3406 κροῦ-

491 3423 795 3486 abstinere,
831 3414 954 3477 eum
1019 3422 1161 3477 facta
1188 3430 1276 3477 est
1304 3423 1556 3493 corporis
1586 3422 1640 3478 in
1670 3423 1867 3479 melius
1894 3431 2074 3476 muta-

468 3521 594 3569 ιιι».
630 3514 761 3569 istis
789 3513 988 3568 deinde
1017 3516 1199 3579 anuis,
1236 3515 1313 3569 ait
1348 3518 1643 3585 propheta,
1671 3514 1769 3571 lies
1804 3516 2073 3569 canticum

491 3621 605 3661 non
639 3606 800 3660 aliter
827 3620 991 3675 quam
1030 3621 1153 3673 quae
1182 3608 1408 3677 proprio
1447 3608 1660 3662 honore
1690 3607 1898 3662 excidit
1948 3622 2076 3660 mu-

493 3695 748 3751 liercula.
790 3695 948 3750 Tunc
978 3695 1229 3766 reliquas
1262 3705 1457 3767 gentes
1488 3697 1717 3751 mutatis
1736 3696 1968 3752 subinde
1993 3697 2076 3750 lo-

490 3790 594 3852 cis,
629 3796 889 3858 tauquam
918 3802 948 3841 a
980 3786 1091 3842 Deo
1145 3787 1393 3842 oblivioni
1419 3788 1620 3842 tradita
1652 3796 1873 3859 propter
1918 3786 2077 3843 adul-

488 3878 693 3933 terium
731 3877 1007 3933 excideris
1035 3916 1051 3942 ,
1094 3893 1228 3949 vaga
1265 3878 1453 3933 circui.
1481 3879 1595 3934 lmo
1642 3879 1689 3933 si
1725 3887 1881 3949 potes
1915 3915 1930 3942 ,
1986 3893 2079 3931 as-

485 3975 700 4034 sumpta
728 3966 888 4038 301
929 3966 1140 4020 cithara
1166 4006 1181 4031 ,
1219 3982 1333 4023 non
1388 3967 1701 4023 meretricio
1759 3982 1911 4023 more
1948 3980 2068 4021 am-

2173 3443 2263 3480 σον
2298 3424 2360 3479 τὸ
2383 3424 2614 3494 ὄργανον
2642 3424 2730 3477 διὰ
2762 3424 3031 3478 πλείστων
3087 3426 3263 3496 εὐχῶν
3308 3426 3399 3479 τὸν
3442 3426 3579 3479 θεὸν
3640 3428 3751 3480 ίκεο

2171 3516 2424 3571 τεύουσα.
2449 3514 2607 3568 Οὕτω
2630 3516 2739 3586 γάρ
2767 3532 2862 3568 σου
2889 3516 3262 3588 μνησθήσεται
3298 3515 3548 3584 κιθάρας
3594 3517 3748 3585 δίκην

2171 3610 2290 3669 τοῖς
2312 3606 2501 3675 μέλεσι
2534 3607 2631 3660 καὶ
2674 3608 2789 3670 τοῖς
2819 3608 3201 3678 αὀσθητηρίοις
3252 3608 3613 3678 χρησαμένης
3660 3606 3750 3661 τοῦ

2177 3695 2452 3765 σώματος,
2504 3696 2686 3760 καλῶς
2713 3697 2887 3751 ταῦτα
2909 3698 2998 3751 διὰ
3028 3700 3128 3769 τῆς
3149 3697 3509 3771 σωφροσύνης
3541 3698 3750 3769 ἀρμότ-
3826 3738 3831 3741 ι

2174 3803 2342 3841 τουσα
2380 3795 2432 3839 ν.
2487 3786 2617 3849 Θεὸς
2677 3786 2787 3858 γὰρ
2858 3787 3073 3851 τούτοις
3130 3779 3453 3859 ἀρέσκεται,
3503 3789 3602 3842 καὶ
3659 3788 3750 3842 σού

2173 3876 2470 3947 μνησθείς
2487 3875 2979 3944 ἀποκαταστήσει
3006 3876 3196 3931 πάλιν
3233 3878 3331 3932 ἐπὶ
3372 3879 3443 3931 τὰ
3474 3879 3749 3946 πρότερα,

2172 3964 2269 4019 τοῦ
2296 3964 2417 4018 καθ’
2435 3964 2493 4016 ὃν
2521 3963 2847 4034 ἐπαιδεύθης
2906 3965 3103 4035 χρόνου
3146 3967 3609 4039 πεπληρωμένου.

488 4060 657 4130 ptius,
689 4060 787 4115 sed
817 4059 957 4115 scite
986 4070 1041 4115 et
1084 4059 1257 4129 perite
1288 4097 1305 4123 ,
1342 4060 1529 4115 multis
1583 4058 1652 4113 ad
1704 4057 1871 4114 Deum
1909 4058 2047 4114 fusis
2087 4058 2341 4126 precibus
2369 4096 2385 4122 ,
2417 4070 2683 4127 organum
2748 4056 2983 4126 pulsato.
3052 4056 3125 4111 lta
3171 4059 3316 4113 enim
3358 4059 3435 4113 tui
3494 4058 3749 4115 recorda-

491 4153 664 4217 bitur,
738 4152 791 4208 si
843 4153 1094 4222 corporis
1138 4152 1403 4209 membris
1451 4152 1836 4224 sentiendith
1880 4151 2103 4222 organis

2180 4158 2443 4222 tauquam
2474 4149 2682 4203 cithara
2732 4149 3109 4218 temperantiae
3171 4153 3285 4222 lege
3347 4155 3483 4210 bene
3519 4170 3751 4211 cunror—

486 4243 654 4299 dibus
678 4256 777 4298 usa
809 4240 1023 4310 fueris;
1075 4242 1282 4300 talibus
1330 4244 1478 4300 enim
1535 4244 1678 4301 Deus
1712 4243 2057 4299 delectatur:
2099 4239 2289 4310 tuique
2323 4254 2522 4293 memor
2548 4249 2672 4309 post
2695 4240 2882 4309 elapsa
2946 4240 3165 4294 tandem
3216 4244 3586 4313 correptionis
3643 4255 3746 4300 tua:

454 4360 457 4365 ί
491 4350 763 4409 tempora,
794 4338 851 4392 iu
875 4338 1164 4407 pristinum
1193 4347 1244 4391 te
1271 4337 1536 4392 restituet.
1620 4366 1625 4372 ~

565 4430 675 4486 Sed
707 4446 818 4486 non
848 4431 1072 4493 desunt,
1103 4430 1197 4500 qui
1221 4445 1311 4495 eo,
1336 4430 1487 4500 quod
1510 4439 1772 4500 tanquam
1791 4431 2071 4487 canticum

2246 4426 2325 4479 Τὰ
2352 4425 2410 4479 δέ
2428 4424 2505 4488 ὡς
2525 4425 2656 4495 περὶ
2679 4432 2708 4462 ³
2736 4425 2965 4493 πόρνης
3010 4424 3155 4478 οὕτω
3192 4423 3338 4487 τινὲς
3376 4423 3746 4496 ἐξηγήσαντο,

491 4524 753 4581 adulteria
779 4522 945 4589 dixit,
970 4522 1318 4578 meretricem
1345 4521 1521 4577 forma
1547 4523 1677 4578 olim
1717 4533 2069 4594 praestantem

493 4616 665 4670 velint
686 4613 1011 4684 signiﬁcari,
1036 4628 1179 4684 quae,
1196 4614 1322 4684 quia
1350 4613 1615 4684 decerpto
1636 4615 1810 4670 aetatis
1840 4613 1974 4670 ﬂore
2001 4616 2072 4671 ab

494 4704 847 4759 amatoribus
869 4703 1147 4759 deseritur
1175 4744 1190 4769 ,
1216 4705 1544 4774 excogitatis
1570 4720 1666 4760 eos
1694 4705 1988 4761 cantilenis
2015 4714 2071 4762 et

490 4796 716 4863 rit/terte
747 4812 885 4852 sono
914 4796 983 4851 ad
1014 4796 1215 4851 veteris
1248 4797 1451 4852 amoris
1476 4797 1920 4852 recordationem
1952 4812 2069 4868 per-

495 4903 642 4956 saepe
654 4895 894 4942 revocat.
924 4887 1120 4953 Qualia
1142 4902 1266 4942 cum
1294 4886 1581 4942 admiserit
1605 4886 1927 4958 Tyrus,'vix
1951 4886 2070 4956 ejus

494 4981 643 5035 inter
698 4979 962 5036 mortales
999 4978 1320 5034 memoriam
1352 4976 1472 5034 [ore
1504 4980 1797 5049 signiﬁcat.
1837 4977 1943 5036 Ubi
1969 4995 2071 5035 au-

494 5080 609 5125 tem
645 5070 1016 5140 correptionis
1064 5068 1186 5140 ejus
1243 5077 1489 5141 tempora
1545 5069 1902 5134 elﬁuxeriut,
1952 5070 2072 5125 [ore

493 5175 690 5216 rursus
723 5160 953 5216 eturbis
984 5159 1232 5216 universi
1272 5158 1636 5231 Emporium;
1685 5175 1752 5216 eo
1804 5161 2069 5216 nimirum

495 5254 744 5325 tetnpore
761 5268 890 5310 cum
922 5260 1176 5309 resecata
1205 5260 1451 5307 veterum
1482 5253 1753 5307 malorum
1784 5254 2070 5314 memoria,

493 5360 604 5405 non
631 5346 918 5403 dminouiis
943 5346 1184 5417 amplius
1225 5345 1621 5415 negotiationis
1651 5345 1946 5415 primitias,
1973 5345 2073 5400 sed

2170 4518 2430 4581 πολλάκις
2459 4516 2709 4580 είπόντες
2737 4516 2930 4588 ἐταίρα
2955 4533 3041 4581 τις
3081 4518 3139 4570 ἐν
3183 4515 3305 4588 ὥρᾳ
3328 4518 3597 4591 γενομένη
3635 4519 3746 4573 διαο

2168 4612 2408 4682 πρεπὴς,
2438 4609 2807 4679 παυσαμένων
2834 4609 3167 4680 αὐτῆςμετὰ
3192 4610 3293 4677 τὴν
3310 4607 3462 4681 ὥραν
3480 4610 3590 4664 τῶν
3624 4613 3749 4684 ἐρι-

2171 4703 2335 4765 στῶν,
2358 4701 2501 4773 ᾠδὰς
2530 4701 2643 4755 ἔσθ’
2668 4701 2759 4755 ὅτε
2804 4704 2896 4755 καὶ
2926 4701 3177 4769 κιθάραν
3213 4704 3422 4756 ἐπινοεῖ
3460 4703 3557 4756 τοῦ
3585 4706 3750 4759 πάλαι

2169 4795 2335 4849 πόθου
2383 4795 2603 4859 τούτους
2646 4795 3154 4865 ὑπομιμνήσκουσα.
3205 4793 3444 4849 Τοιαῦτα
3493 4797 3752 4867 ποιούσης

2170 4885 2270 4957 τῆς
2294 4888 2492 4958 Τύρου,
2528 4888 2683 4957 μόλις
2710 4887 2879 4957 αὐτῆς
2912 4886 3068 4956 μνεία
3096 4887 3155 4938 ἐν
3186 4884 3495 4956 ἀνθρώποις
3522 4891 3752 4960 γενήσε-

2168 4991 2281 5030 ται.
2315 4975 2431 5030 ’⁸οτ’
2459 4976 2526 5029 ἂν
2555 4975 2611 5028 δέ
2636 4992 2733 5029 σου
2773 4974 3019 5047 παρὲλῡῃ
3044 4974 3144 5042 τῆς
3177 4974 3431 5040 παιδείας
3473 4977 3502 5030 ὁ
3537 4978 3749 5049 χρόνος,

2168 5068 2459 5138 ἐμπόριον
2511 5064 2669 5133 αὖθις
2724 5072 2905 5139 πάσης
2955 5069 3163 5141 γενήσῃ
3213 5068 3309 5140 τῆς
3347 5069 3472 5139 γῆς,
3506 5071 3597 5124 ὅτε
3645 5068 3749 5123 τῶν

2170 5159 2301 5229 πρὶν
2337 5161 2661 5231 μεμνημένη
2706 5159 2911 5223 κακῶν,
2944 5159 3129 5213 οὐκέτι
3168 5158 3500 5231 δαιμονίοις,
3554 5159 3673 5232 Θεῷ
3697 5160 3750 5212 δὲ

2170 5251 2374 5321 μᾶλλον
2401 5254 2714 5323 προσοίσεις
2745 5253 2846 5323 τῆς
2893 5254 3160 5324 ἐμπορίας
3203 5253 3303 5316 τὰς
3348 5253 3625 5325 ἀπαρχὰς,
3660 5253 3752 5306 val.

2171 5345 2433 5415 πρόσοδον
2463 5346 2496 5416 ή
2526 5344 2621 5398 τοῦ
2646 5343 2782 5397 Θεοῦ
2814 5360 2874 5396 σε
2907 5344 3191 5415 ποιήσεται
3215 5343 3391 5410 πόλις.
3424 5339 3640 5416 Ὠσπερ
3660 5336 3754 5398 οὖν

564 5482 612 5519 ’⁸
667 5486 1049 5554 Ρεειιδαχκικ,
1090 5489 1177 5543 l0.
1249 5488 1295 5519 ”
1319 5487 1455 5542 Dan.
1494 5504 1547 5542 Ix
1581 5529 1596 5554 ,
1647 5486 1681 5540 ι
1722 5501 1880 5557 seqq.
1959 5488 1976 5518 ί
2036 5484 2074 5540 G

2171 5527 2173 5537 π
2220 5502 2299 5550 vt,
2354 5488 2411 5543 ὅ.
2478 5490 2500 5522 ‘
2533 5487 2704 5556 Jonat,
2738 5503 2819 5555 ιιι,
2859 5489 2883 5544 1
2919 5503 3074 5561 seqq.

1768 5595 2002 5652 VARI/5".
2041 5590 2448 5655 LECTIONES.

565 5722 594 5752 “
623 5729 712 5783 γρ.
750 5711 1067 5784 ύποτέμνει.
1144 5713 1275 5771 ντσ.
1318 5712 1671 5783 ἁρμόττουσι.
1751 5722 1775 5751 ι
1808 5730 1896 5783 γρ.
1932 5706 2109 5783 ᾆσμα.
