4022 6210
356 282 512 346 τιρο

1523 277 2059 339 COMMENTARII
2097 278 2182 339 IN
2228 278 2515 339 ISAIAM.

3509 277 3571 338 ἓξ
3584 278 3649 334 ξεί)

378 402 469 455 καὶ
498 400 591 452 ἐπὶ
622 396 716 452 τοῦ
740 397 959 469 Χιιρὰμ
998 397 1283 467 ἱστόρησεν
1329 397 1362 465 ὴ
1406 395 1619 465 Γραφή.
1661 394 1740 463 Τῇ
1772 392 1826 446 δὲ
1871 390 1960 444 διὰ

2083 394 2175 449 )eo
2210 393 2396 462 potius
2425 397 2800 459 cunsecrabit,
2832 405 3214 467 quaestumque
3250 402 3368 450 eam
3393 410 3517 447 esse
3558 395 3648 447 Dei

374 492 681 561 κρείττονος
712 491 976 560 μουσικῆς
1006 488 1267 558 μετανοίᾳ
1290 486 1497 557 πρέπον
1523 485 1590 538 ἂν
1615 486 1702 555 εἴη
1727 483 1828 554 τὴν
1858 484 1952 536 ἐπὶ

377 580 615 649 Χριστοῦ
654 580 933 634 πολιτείαν
971 580 1132 633 νοεῖν.
1188 577 1266 630 Δι’
1299 578 1437 646 ὅπερ
1470 576 1728 640 ’Δκύλας,
1759 577 1854 630 καὶ
1893 575 1955 629 τὸ

386 673 698 743 Ἐϐραῖκδν,
751 673 881 727 ἄνευ
925 671 1034 725 τῶν
1069 671 1289 741 ἄρθρων
1312 671 1404 723 καὶ
1446 667 1541 722 τοῦ
1574 666 1763 733 πᾶσα,
1797 668 1955 736 φασὶ,

374 763 472 817 καί
499 762 672 816 ἔσται
700 763 988 830 ἐμπόριον
1012 758 1224 827 αὐτῆς,
1254 759 1351 814 καί
1373 758 1652 830 μίσθωμα
1677 759 1961 828 ἡγιασμέ-

374 869 489 906 νον
506 851 587 917 τῷ
616 855 832 921 Κυρίῳ.
856 854 930 905 Οὐ
958 852 1066 924 γὰρ
1098 854 1205 906 πᾶν
1239 852 1301 905 τὸ
1327 852 1589 922 ἐμπόριον
1628 851 1819 921 αὐτῆς,
1841 851 1963 904 οὐδὲ

373 944 436 996 τὸ
464 943 723 1014 μίσθωμα
747 930 875 1005 πᾶν,
916 946 976 998 ὲν
1001 944 1266 1015 ἀπαρχῶν
1302 944 1359 997 δὲ
1408 944 1549 1015 λόγῳ
1589 944 1755 1015 μέρος
1805 945 1965 1011 ἁγια-

378 1032 661 1104 σθὴσεται.
711 1033 884 1087 Τοῦτο
914 1036 1006 1089 καὶ
1048 1035 1146 1089 νῦν
1185 1036 1244 1088 ὲν
1288 1034 1641 1104 Ἑκκλησίαις
1679 1035 1817 1089 Θεοῦ
1845 1039 1968 1099 ταῖς

379 1127 500 1177 ἐκεῖ
526 1124 843 1193 γινομέναις
875 1125 1027 1179 ἐστιν
1071 1127 1347 1198 ὁσημέραι
1380 1127 1702 1181 θεάσασθαι.
1748 1127 1878 1193 Τοῖς
1909 1126 1969 1179 δὲ

380 1215 775 1270 κατοικοῦσιν
816 1217 1022 1271 ἔναντι
1065 1218 1285 1284 Κυρίου
1328 1216 1715 1286 προσάγεται,
1765 1215 1970 1287 δηλαδὴ

378 1309 491 1368 τοῖς
531 1304 817 1375 προέδροις
844 1305 939 1358 τοῦ
971 1304 1385 1376 θυσιαστηρίου,
1411 1306 1509 1359 τοῦ
1548 1305 1754 1377 Κυρίου
1783 1305 1972 1360 διατά-

384 1397 573 1460 ξαντος
620 1398 735 1458 τοῖς
783 1395 844 1448 τὸ
893 1396 1230 1464 Εὐαγγέλιον
1279 1398 1744 1466 καταγγέλλουσιν
1790 1399 1855 1451 ὲκ
1878 1397 1972 1451 τοῦ

383 1485 719 1555 Εὑαγγελίου
766 1485 888 1556 ζῇν.
926 1487 1034 1539 Καὶ
1083 1488 1135 1539 οἱ
1187 1487 1266 1559 τῷ
1299 1487 1677 1561 θυσιαστηρίῳ
1723 1490 1781 1543 δὲ
1830 1507 1978 1560 παρ-

2060 487 2259 541 civitas
2332 488 2715 552 existimabit;
2779 490 2925 543 sicut
2973 490 3027 543 in
3071 491 3297 543 Hiramo
3350 487 3652 558 contigisse

2066 575 2356 647 Scriptura
2395 585 2631 633 testatur
2657 580 2698 633 ³.
2726 578 2844 633 Non
2878 579 3043 633 fuerit
3075 586 3258 634 autem
3291 593 3354 635 ea
3384 580 3655 648 poeniten-

2064 670 2137 722 tia
2177 669 2488 740 indignum,
2531 686 2655 741 quae
2678 671 2890 727 musica
2924 672 3318 741 prmstautiorc
3351 671 3651 732 excitatur,

2067 759 2439 817 Christianam
2485 764 2612 817 vita:
2660 764 2933 817 rationem
2992 763 3322 830 intelligere.
3371 764 3557 831 Itaque
3600 771 3655 816 et

2068 854 2300 922 Aquilas
2326 854 2461 923 ipse,
2488 863 2542 910 et
2570 854 2843 909 llebraica
2875 854 3065 917 lectio,
3090 854 3242 907 nulla
3265 854 3653 917 articulorum,

2069 945 2338 1014 verbique
2371 948 2554 1000 omnis
2602 946 2742 999 facta
2790 948 3085 1001 mentione.
3120 945 3192 999 Et
3224 947 3324 1000 erit
3364 949 3658 1012 emporium

2069 1035 2272 1099 eius,et
2304 1052 2497 1090 merces
2519 1045 2705 1089 sancta
2733 1035 2979 1098 Domino,
3005 1037 3282 1091 dixerunt.
3308 1036 3493 1105 Neque
3510 1040 3656 1092 enim

2072 1134 2247 1181 totum
2280 1128 2403 1197 ejus
2431 1130 2766 1198 emporium,
2794 1143 2970 1197 neque
2994 1144 3208 1183 merces
3233 1139 3366 1193 tota,
3406 1131 3499 1182 sed
3534 1144 3659 1199 pars

2075 1219 2447 1288 primitiarum
2493 1220 2714 1276 nomine
2734 1220 3153 1274 consecrabitur
3186 1237 3199 1273 :
3234 1220 3379 1292 quod
3407 1220 3487 1274 vel
3516 1237 3662 1274 nunc
3717 1255 3720 1258 ~

2077 1310 2132 1364 in
2169 1308 2263 1363 Dei
2313 1310 2602 1379 Ecclesiis,
2635 1328 2757 1382 quae
2803 1312 2881 1369 ibi
2915 1313 3215 1379 habentur,
3249 1313 3497 1383 quotidie
3534 1315 3663 1367 licet

2079 1403 2303 1457 intueri.
2338 1403 2692 1459 Adducuntur
2731 1414 2914 1460 autem
2953 1406 3044 1466 iis,
3066 1407 3158 1476 qui
3203 1418 3386 1460 coram
3431 1407 3662 1463 Domino

2078 1498 2364 1563 habitant;
2390 1499 2445 1553 id
2473 1507 2556 1555 est
2588 1501 2750 1555 altari
2791 1500 3103 1572 praefectis;
3143 1517 3269 1555 cum
3320 1502 3537 1558 Domini
3564 1506 3664 1558 de-

388 1577 700 1649 εδρεύοντες
726 1578 804 1648 τῷ
835 1576 1206 1652 θυσιαστηρίῳ
1247 1581 1703 1651 συμμερίζονται.
1755 1582 1980 1646 Τούτοις

2083 1599 2233 1645 creto
2258 1600 2528 1646 statutum
2578 1594 2673 1658 sit,
2721 1595 2899 1664 utqui
2936 1594 3289 1663 Evangelium
3331 1596 3555 1662 docent,
3595 1598 3665 1652 de

388 1671 672 1738 ἐπάγεται·
703 1669 877 1723 Πᾶσα
902 1670 940 1737 ή
961 1670 1215 1739 ἐμπορία
1238 1670 1429 1739 αὐτῆς
1458 1672 1672 1742 φαγεῖν
1700 1673 1803 1728 καί
1823 1674 1980 1728 πιεῖν

2083 1680 2382 1754 Evangelio
2421 1684 2611 1738 vivant
2646 1693 2738 1737 :et
2761 1687 2851 1754 qui
2886 1686 3047 1738 altari
3081 1686 3424 1748 deserviunt,
3470 1688 3664 1743 altaris

387 1761 489 1812 καὶ
536 1758 963 1827 ἐμπλησθῆναι
1039 1764 1128 1827 εὶς
1191 1763 1512 1831 συμϐολὴν
1576 1765 1978 1832 μνημόσυνον

2086 1772 2219 1827 ﬂant
2249 1775 2547 1844 participes
2583 1775 2626 1829 ⁸.
2672 1774 2935 1847 Sequitur
2969 1777 3270 1846 deinceps:
3308 1776 3495 1832 Omnis
3546 1780 3662 1849 ejus

387 1849 594 1903 ἔναντι
647 1850 892 1915 Κυρίου.
958 1849 1024 1902 ‘0
1071 1850 1135 1921 δὴ
1186 1853 1372 1920 σαφῶς
1416 1853 1650 1920 ἐξέδωκε
1682 1855 1978 1926 Σύμμαχος

387 1937 592 1993 εἰπών·
655 1938 785 2006 Τοῖς
831 1939 941 2008 γὰρ
994 1942 1387 1996 κατοικοῦσιν
1438 1941 1700 1997 ἐνώπιον
1750 1946 1977 2014 Κυρίου

388 2031 562 2085 ἔσται
607 2032 644 2098 tl
697 2033 949 2102 ἐμπορία
981 2035 1174 2102 αὐτῆς
1223 2034 1439 2103 φαγεῖν
1465 2039 1553 2111 είς
1584 2037 1975 2107 πλησμονὴν,

388 2126 492 2178 καί
520 2127 1055 2203 περιϐαλέσθαιείις
1082 2126 1150 2180 τὸ
1192 2127 1554 2183 παλαιῶσαι.
1617 2129 1678 2183 Ὀ
1709 2131 1765 2182 δὲ
1814 2131 1979 2183 Ἀκό-

389 2216 527 2277 λας·
576 2216 696 2282 Τοῖς
728 2216 1084 2286 καθημένοις
1146 2220 1234 2284 εἰς
1282 2218 1351 2272 τὸ
1378 2223 1708 2286 πρόσωπον
1753 2220 1979 2287 Κυρίου

391 2310 567 2365 ἔσται
621 2310 910 2381 ἐμπόριον
956 2311 1147 2379 αὐτῆς
1184 2312 1291 2367 τοῦ
1328 2313 1545 2383 φαγεῖν
1587 2318 1675 2382 είς
1707 2319 1983 2387 πλησμοο

392 2401 533 2471 νὴν,
559 2406 647 2469 είς
700 2404 961 2466 ἕσθησιν
1002 2405 1373 2474 μετάρσεως.
1437 2405 1499 2459 ’0
1543 2406 1599 2458 δὲ
1652 2407 1977 2461 Θεοδοτίων·

393 2495 506 2549 Καὶ
533 2494 957 2563 περιϐαλέσθαι
992 2499 1081 2562 είς
1106 2485 1474 2553 παλαίωσιν.
1511 2499 1573 2551 Οἱ
1604 2499 1662 2552 δὲ
1712 2499 1982 2571 Ἑϐδομή-

395 2603 561 2639 κοντα
581 2604 594 2617 ·
616 2586 727 2640 Kal
748 2587 882 2657 περὶ
906 2587 1025 2641 τῶν
1050 2590 1515 2658 προσφερόντων
1545 2588 1765 2646 αὐτῶν.
1800 2591 1886 2655 Ὦς
1923 2592 1982 2644 ὲν

395 2679 710 2750 εὐκτηρίοις
747 2681 1132 2751 ἑστιωμένων,
1168 2682 1282 2734 ἀλλ’
1328 2682 1388 2734 οὐ
1440 2681 1693 2752 καθάπερ
1729 2683 1786 2735 ἐν
1831 2682 1983 2736 εἰδω-

396 2770 563 2836 λείοις
590 2772 649 2824 τὸ
675 2770 938 2845 πρότερον
965 2773 1085 2836 ταῖς
1115 2772 1376 2843 εὐωχίαις
1406 2772 1833 2844 ὲπανηγύριζον.

998 3082 1251 3138 ΚΕΦΑΛ.
1289 3083 1413 3137 KA'.

471 3184 658 3246 σι’-κγ’.
700 3177 847 3232 Ἰδοὺ
889 3178 1105 3246 Κύριος
1148 3174 1521 3245 καταφθείρει
1561 3172 1678 3241 τὴν
1709 3170 2051 3257 οικουμέ-ο

2075 1868 2382 1935 negotiatio,
2413 1878 2470 1920 ut
2510 1866 2775 1930 comedat,
2802 1881 2847 1922 et
2884 1870 3051 1932 bibat,
3088 1878 3138 1923 et
3168 1871 3445 1939 expleatur
3473 1874 3543 1926 ad
3572 1890 3665 1927 sa-

2077 1959 2351 2013 turitatem
2384 1960 2437 2013 in
2478 1963 2859 2015 monimentum
2903 1961 3148 2030 Domino,
3173 1966 3318 2033 quod
3349 1974 3539 2034 aperte
3561 1982 3664 2020 ex-

2078 2051 2202 2105 tulit
2248 2050 2614 2123 Symmachus
2654 2053 2741 2110 his
2778 2055 2967 2110 verbis
3002 2071 3018 2107 ι
3055 2054 3156 2110 His
3177 2057 3268 2125 qui
3298 2058 3543 2110 habitant
3574 2074 3665 2112 eo-

2078 2157 2195 2195 ram
2221 2140 2470 2207 Domino,
2499 2144 2598 2197 erit
2629 2143 2745 2212 ejus
2777 2143 3091 2215 negotiatio,
3114 2154 3172 2199 ut
3204 2145 3366 2216 302
3397 2147 3468 2199 ad
3498 2149 3665 2203 satie-

2081 2241 2246 2286 tatem
2304 2232 2605 2298 comedent,
2662 2243 2712 2287 et
2754 2236 3052 2289 vestiantur
3095 2246 3154 2289 ut
3203 2247 3553 2293 veterascant.
3586 2240 3665 2295 Ita

2080 2335 2263 2378 autem
2320 2326 2546 2395 Aquilas
2578 2344 2592 2379 :
2630 2324 2729 2381 His
2760 2327 2851 2397 qui
2881 2329 2935 2379 in
2973 2327 3191 2381 Domini
3227 2328 3421 2396 faciem
3458 2330 3663 2395 sedem,

2078 2416 2178 2469 erit
2201 2419 2492 2484 emporium
2518 2419 2655 2488 ejus,
2689 2430 2745 2472 ut
2796 2419 2866 2472 ad
2895 2422 3235 2474 saturitatem
3277 2423 3579 2484 comedunt,
3616 2433 3666 2477 et

2079 2509 2385 2562 mutatoriis
2416 2511 2732 2564 vestiantur.
2769 2509 3222 2566 Theodoliovero
3255 2530 3268 2566 :
3298 2522 3355 2564 ut
3392 2513 3666 2568 amiciun-

2081 2606 2168 2649 tur
2191 2596 2264 2649 ad
2295 2606 2629 2651 vetustatem.
2663 2599 2995 2669 lntcrpretes
3035 2612 3215 2654 autem
3263 2600 3661 2673 Septuaginta;

2078 2699 2128 2744 et
2157 2688 2220 2742 de
2254 2690 2323 2743 iis
2352 2689 2508 2759 ipsis,
2531 2691 2623 2760 qui
2654 2691 2885 2760 a/ferunt
2920 2708 2933 2745 :
2970 2701 3232 2762 tanquam
3259 2690 3326 2747 de
3358 2692 3451 2747 his
3472 2694 3670 2749 intelli-

2081 2790 2234 2853 gant,
2268 2784 2364 2853 qui
2396 2784 2450 2837 in
2475 2782 2613 2838 locis
2643 2785 2884 2839 orationi
2917 2787 3281 2847 consecratis,
3312 2787 3461 2843 velut
3484 2788 3664 2856 epulis

2081 2885 2204 2931 sese
2245 2876 2620 2940 oblectabant,
2655 2892 2837 2947 neque
2858 2876 2995 2947 jam,
3029 2888 3086 2933 ut
3121 2880 3278 2948 prius
3328 2879 3384 2932 in
3417 2879 3664 2936 delubris

2084 2967 2358 3022 idolorum
2382 2982 2580 3040 magna
2610 2968 2937 3024 celebritate
2961 2970 3215 3024 convivia
3250 2970 3554 3042 agitabant.

2668 3059 2821 3117 CAP.
2874 3059 3068 3116 XXIV.

2154 3153 2321 3212 Vens.
2355 3154 2509 3209 1-25.
2560 3152 2693 3225 Ecce
2738 3153 2995 3207 Dominus
3021 3165 3318 3222 corrumpet
3371 3156 3570 3219 orbem,
3615 3167 3664 3211 et

397 3289 535 3338 νην,
576 3244 672 3335 καί
720 3244 1010 3339 ἐρημώσει
1059 3267 1275 3335 αὐτὴν,
1336 3266 1438 3320 καὶ
1495 3265 1879 3330 ἀνακαλύψει
1913 3262 1979 3315 τὸ

2084 3247 2318 3299 vastabit
2361 3261 2502 3305 eum,
2541 3256 2587 3298 et
2616 3244 2867 3300 reuelabit
2897 3247 3089 3316 facient
3126 3248 3264 3317 ejus,
3312 3258 3362 3302 et
3401 3249 3667 3320 disperget

398 3367 724 3432 πρόσωπον
745 3360 957 3429 αὐτῆς,
979 3360 1074 3414 καί
1100 3357 1416 3433 διασπερεῖ
1430 3355 1572 3421 τοὺς
1595 3352 1984 3419 ἐνοικοῦντας

399 3455 470 3506 ὲν
494 3452 669 3520 αὐτῇ.
704 3452 812 3506 Kal
834 3452 1006 3506 ἔσται
1036 3453 1069 3503 ό
1089 3451 1259 3513 λαὸς,
1275 3449 1354 3514 ὡς
1380 3447 1574 3516 ἱερεύς
1591 3462 1605 3477 ο
1628 3444 1728 3498 καί
1760 3447 1793 3499 ό
1816 3443 1980 3508 παῖς,

399 3543 478 3607 ὡς
509 3546 541 3596 ὁ
561 3543 763 3607 κύριος
781 3559 795 3571 ·
825 3542 922 3594 καὶ
954 3543 993 3609 ἡ
1028 3539 1376 3607 θεράπαινα,
1403 3539 1538 3606 ὠςή
1568 3536 1748 3605 κυρία
1770 3553 1785 3571 ·
1812 3536 1984 3590 ἔσται

402 3637 434 3687 ὁ
460 3631 781 3701 ἀγοράζων,
814 3632 894 3698 ὡς
935 3634 966 3685 ό
997 3630 1236 3692 πωλῶν,
1268 3648 1323 3682 κ.
1354 3646 1405 3682 τ.
1434 3628 1486 3681 λ.

471 3724 553 3778 Τά
581 3724 916 3796 καταμέρος,
976 3723 1162 3791 φασὶν,
1208 3723 1475 3793 εἰρημένα
1527 3721 1658 3792 περὶ
1710 3720 1984 3793 διαφόρων

401 3816 593 3879 ἐθνῶν,
621 3815 713 3869 νῦν
748 3816 823 3877 ὼς
850 3817 907 3867 ὲν
934 3812 1214 3881 κεφαλαίῳ
1254 3812 1568 3882 περιλαϐὼν
1595 3854 1611 3876 ,
1651 3814 1984 3881 οἱκουμενι-

402 3907 522 3974 κὴν
555 3908 809 3977 ὀνομάζει
840 3908 1069 3975 φθορὰν
1094 3906 1195 3977 τὴν
1221 3905 1361 3958 κατά
1394 3904 1606 3957 πολλῶν
1627 3904 1798 3958 ἐθνῶν
1827 3922 1981 3973 γενο-

404 3999 595 4067 μένην.
637 3997 1030 4064 Ἄνακαλύψει
1064 3995 1120 4048 δὲ
1149 3994 1358 4063 ταύτης
1390 3994 1456 4047 τὸ
1478 3996 1808 4063 πρόσωπον
1830 3994 1985 4060 δίκας

401 4089 765 4160 εἰσπράττων,
802 4090 894 4141 καὶ
941 4088 1041 4157 τὴν
1082 4085 1451 4145 λανθάνουσαν
1485 4086 1651 4139 πάλαι
1695 4086 1987 4157 διελέγχων

404 4180 658 4233 ἀσέϐειαν
680 4180 970 4246 πρόσωπον
990 4174 1159 4231 οὖσαν
1199 4178 1298 4252 τῆς
1327 4176 1560 4230 ἑκάστου
1589 4176 1796 4231 τούτων
1818 4177 1983 4249 ζωῆς.

402 4271 537 4324 θεοῦ
564 4272 671 4342 γὰρ
698 4272 838 4342 όργὴ
880 4270 977 4342 τὴν
1008 4268 1116 4322 τῶν
1148 4268 1467 4338 πασχόντων
1518 4268 1676 4333 ἀξίαν
1714 4268 1985 4340 παρίστη-

405 4382 510 4426 σιν,
544 4363 666 4417 καθ’
691 4363 758 4434 ἣν
780 4363 1137 4433 ὑπερέχοντες
1176 4381 1235 4417 τε
1261 4364 1355 4417 καὶ
1382 4363 1632 4415 ταπεινοὶ
1674 4362 1875 4423 πάντες
1901 4362 1985 4428 γί-

404 4473 585 4509 νονται
626 4456 1019 4525 παραπλήσιοι.
1076 4456 1188 4523 Τὴν
1231 4456 1339 4528 γὰρ
1373 4454 1530 4519 ἀξίαν
1580 4453 1688 4507 τῶν
1744 4440 1988 4521 λογάδων

2082 3336 2409 3391 habitatores
2436 3339 2572 3408 ejus.
2603 3336 2669 3391 Et
2689 3338 2791 3391 erit
2812 3340 3058 3407 populus,
3090 3350 3344 3411 tanquam
3391 3343 3664 3411 sacerdos,

2081 3439 2131 3482 et
2181 3445 2364 3484 servus
2411 3438 2667 3499 tanquam
2703 3428 2988 3493 dominus,
3025 3441 3075 3484 et
3121 3432 3352 3502 famula,
3407 3446 3664 3506 tanquam

2099 3522 2338 3576 domina.
2380 3519 2447 3575 Et
2477 3523 2568 3592 qui
2588 3524 2735 3588 emit,
2767 3532 3019 3593 tanquam
3054 3526 3145 3594 qui
3172 3526 3367 3593 vendit,
3396 3536 3502 3582 etc.

2154 3703 2318 3776 305
2368 3705 2503 3770 Qua:
2535 3705 2817 3776 sigillatim
2857 3704 2926 3760 de
2974 3706 3166 3763 multis
3212 3707 3473 3779 gentibus
3518 3708 3664 3764 dicta

2085 3804 2237 3858 sunt,
2275 3811 2339 3851 ea
2361 3812 2511 3851 nunc
2535 3798 2706 3851 veluti
2738 3798 3067 3868 compendio
3092 3800 3507 3871 complectitur,
3533 3803 3665 3857 dum

2085 3900 2185 3955 per
2229 3885 2374 3940 orbis
2428 3887 2824 3956 corruptionem
2877 3889 3130 3943 nationes
3179 3896 3379 3945 multas
3420 3893 3669 3949 universi

2086 3977 2319 4055 nomine
2337 3978 2770 4048 comprehensas
2794 3982 3095 4051 signiﬁcat.
3121 3981 3280 4046 Quod
3316 3992 3500 4039 autem
3546 3986 3669 4055 ejus

2087 4086 2147 4126 se
2169 4054 2361 4141 faciem
2403 4073 2757 4129 revelaturum
2789 4076 2947 4141 dicit,
2997 4091 3191 4147 pinnas
3224 4088 3572 4143 exacturum,
3612 4089 3670 4135 ct

2089 4164 2447 4234 impietatem,
2491 4181 2613 4235 quae
2640 4168 2769 4221 olim
2804 4162 2908 4224 sub
2948 4170 3221 4239 cujusque
3262 4171 3395 4226 vita:
3430 4187 3670 4240 persona

2090 4256 2317 4319 latebat,
2360 4256 2713 4327 proditurum
2771 4265 2827 4314 et
2863 4260 3290 4329 redarguturum
3334 4277 3394 4316 se
3440 4263 3672 4317 demon-

2091 4357 2255 4401 strat.
2287 4347 2383 4402 Dei
2429 4347 2619 4404 furore
2655 4349 2925 4419 siquidem
2960 4350 3179 4406 illorum
3223 4352 3404 4421 nobis,
3443 4353 3537 4422 qui
3574 4368 3672 4423 pa-

2092 4442 2306 4493 tiuntur
2327 4439 2581 4496 meritum
2604 4441 2936 4507 ostenditur,
2956 4457 3064 4513 quo
3089 4457 3306 4507 omnes,
3330 4444 3446 4498 sive
3465 4443 3673 4500 excelsi

402 4546 702 4617 διακρίνειν
724 4546 824 4599 οὐκ
852 4543 961 4600 οἶδε
1004 4546 1281 4616 πολέμιος.
1327 4547 1439 4616 Τῆς
1488 4545 1546 4598 δὲ
1581 4545 1746 4599 πάλαι
1776 4546 1980 4611 τάξεως

2094 4533 2206 4592 illi.
2261 4533 2376 4587 sive
2429 4532 2665 4588 humiles
2708 4535 3072 4599 exstiterint,
3120 4535 3330 4591 similes
3376 4536 3670 4594 habentur.

404 4639 778 4709 ἀπεργάζεται
804 4638 1086 4708 σύγχυσιν,
1134 4640 1230 4692 καὶ
1260 4638 1361 4698 τὰς
1407 4638 1642 4701 ἁλούσας
1675 4638 1860 4701 πόλεις
1888 4638 1982 4691 καὶ

403 4730 588 4801 χώρας
616 4730 1027 4800 καταλαμϐάνει
1058 4733 1331 4803 κατήφεια
1359 4731 1446 4785 διά
1473 4732 1572 4801 τῆς
1621 4730 1980 4802 ἐρημώσεως,

405 4819 472 4890 ἣν
499 4818 565 4890 δὴ
596 4819 688 4870 καὶ
708 4818 929 4883 πένθος
956 4819 1235 4875 ἐκάλεσεν.
1264 4820 1385 4872 Τῶν
1419 4818 1641 4889 ὑψηλῶν
1673 4819 1730 4873 δὲ
1765 4820 1860 4873 καὶ
1890 4837 1984 4872 πε-

409 4898 815 4980 ριφανεστέρων
839 4908 1180 4963 καθάπτεται
1211 4909 1372 4962 πλέον
1401 4910 1435 4980 ἡ
1471 4910 1747 4980 συμφορὰ,
1775 4908 1866 4962 διὰ
1884 4908 1984 4979 τὴν

407 5002 500 5067 ἀφ’
530 4998 604 5054 ὧν
631 5001 1006 5072 ἐστερήθησαν
1030 5002 1167 5070 πρὸς
1195 5001 1455 5055 τάναντία
1476 5002 1803 5072 μεταϐολήν.
1824 5003 1983 5055 Ἀνο-

403 5092 596 5162 μῆσαι
621 5092 678 5146 δέ
707 5110 839 5163 φησι
868 5093 981 5160 τὴν
1010 5091 1146 5163 γῆν,
1187 5092 1334 5147 τοῦτ’
1377 5092 1491 5146 ἔστι
1515 5094 1640 5157 τοὺς
1670 5093 1988 5147 κατοικοῦν-
2012 5168 2015 5173 ⁵

407 5203 526 5247 τας,
549 5185 625 5248 ὡς
645 5171 739 5240 καὶ
762 5185 913 5250 πόλις
934 5187 1130 5257 ἄνομος
1153 5185 1390 5254 λέγεται.
1424 5186 1468 5238 Τ
1470 5186 1498 5237 δ
1524 5187 1632 5256 γὰρ
1657 5185 1865 5240 δίκαιον
1891 5186 1989 5257 τῆς

407 5277 677 5349 τιμωρίας
733 5279 968 5342 δεικνὺς,
1020 5280 1362 5350 προσεπάγει
1409 5278 1642 5342 τούτοις,
1684 5277 1834 5332 διότι
1880 5280 1988 5331 m-

406 5365 615 5439 νόμον⁸
648 5367 1018 5435 παρέϐησαν,
1070 5368 1608 5439 συμπεριλαμϐάνων
1654 5370 1767 5430 τοῖς
1810 5368 1988 5421 ἔθνεσι

407 5455 532 5517 τοὺς
559 5435 677 5526 ἅμα
715 5456 987 5520 παθόντας
1028 5435 1211 5519 αὐτοῖς
1255 5435 1543 5520 Ἶουδαίους
1563 5500 1576 5519 .
1598 5458 1705 5511 Καὶ
1737 5459 1994 5525 παρέϐη-

414 5559 558 5605 σαν.
592 5540 789 5613 λέγων·
825 5545 1122 5614 διαθήκην
1177 5546 1435 5600 αἰώνιον.
1490 5547 1715 5600 Πάντων
1777 5548 1833 5600 δὲ
1882 5548 1993 5600 τῶν

482 5719 505 5751 ⁸
546 5718 585 5771 ll
617 5716 748 5788 Reg.
797 5736 849 5785 v,
894 5719 994 5786 li;
1038 5717 1058 5771 l
1093 5717 1272 5777 Paral.
1316 5736 1425 5785 xxv,
1463 5720 1510 5775 Ι.

2085 4626 2428 4680 Esimiorum
2471 4627 2617 4679 enim
2657 4634 2712 4680 et
2746 4636 3066 4697 rnaguatum
3099 4630 3368 4683 rationem
3392 4645 3503 4683 non
3533 4632 3673 4683 solet

2086 4716 2264 4771 hostis
2292 4716 2495 4771 habere
2533 4735 2550 4773 :
2580 4717 2677 4772 sed
2704 4718 2972 4773 usitatum
3001 4720 3130 4773 olim
3155 4721 3407 4775 ordinem
3437 4722 3676 4777 contnuo

2084 4804 2237 4861 dere.
2270 4806 2449 4863 Urbes
2494 4806 2708 4873 adluec,
2739 4815 2792 4862 et
2828 4810 3085 4878 regiones
3126 4816 3317 4875 etiam,
3342 4826 3469 4865 cum
3500 4821 3675 4881 expu-

2084 4907 2345 4967 gnantur,
2369 4899 2627 4953 vastitate
2670 4899 2900 4953 multum
2934 4900 3356 4970 deprimuntur;
3409 4903 3555 4972 quod
3588 4904 3675 4957 tu-

2086 4993 2244 5063 gendi
2284 4992 2452 5046 verbo
2482 4991 2855 5062 signiﬁcatur.
2902 4993 3013 5049 Sed
3055 4997 3305 5050 excelsos
3342 5005 3397 5049 et
3428 4996 3672 5049 illustres

2088 5086 2315 5155 gravius
2343 5085 2468 5139 ideo
2495 5085 2665 5139 allicit
2688 5086 3000 5148 calamitas,
3030 5088 3175 5157 quod
3195 5103 3386 5142 eorum
3418 5093 3523 5148 est,
3546 5089 3675 5155 qui-

2090 5177 2191 5230 bus
2257 5176 2453 5246 privati
2500 5186 2652 5239 suut,
2692 5178 2747 5231 in
2807 5181 3086 5233 Contraria
3139 5179 3391 5234 mutatio.
3448 5181 3674 5245 Deinde.

2089 5268 2236 5339 quod
2293 5278 2490 5323 (errant
2522 5270 2685 5334 impie
2723 5272 2893 5341 egisse
2920 5271 3080 5333 dixit,
3112 5274 3232 5343 ejus
3262 5273 3477 5328 incolas
3509 5275 3678 5345 signi-

2090 5361 2271 5415 ticavit
2303 5360 2494 5416 eadem
2518 5361 2680 5433 plane
2719 5363 2954 5425 ratione,
2984 5379 3048 5418 ac
3089 5358 3157 5417 si'
3182 5364 3250 5420 de
3278 5364 3413 5421 urbe
3448 5367 3679 5438 loquen-

2106 5464 2207 5516 tes,
2237 5453 2462 5524 impiam
2484 5453 2843 5524 appellemus.
2880 5453 2951 5510 Ut
2986 5456 3134 5513 enim
3166 5457 3375 5528 justam
3409 5476 3531 5517 esse
3558 5461 3680 5514 vin-

2092 5544 2298 5600 dictam
2337 5546 2638 5617 judicaret,
2670 5545 2836 5618 legem
2866 5548 3105 5619 primum
3147 5564 3262 5605 esse
3294 5555 3677 5622 pra'varicutos

1595 5724 1616 5752 ⁸
1650 5720 1665 5774 Ι
1700 5722 1825 5776 Cor.
1866 5737 1940 5788 ιι,
1986 5722 2077 5789 Η,
2118 5722 2202 5778 15.
