4022 6210
461 334 466 339 .
501 269 636 335 9.191

1792 273 2139 339 PROCOPII
2201 275 2447 336 ΟΑΖᾸΞΙ

3616 281 3746 347 2ιὶῗὲ

502 384 660 438 dixit.
714 384 942 442 Deinde.
999 396 1055 440 ut
1102 402 1228 441 cum
1274 388 1531 458 gentibus
1573 388 1809 445 alnictos
1851 406 2059 460 quoque

2181 393 2439 456 ἁλόντων,
2501 392 2695 462 ὀλίγοι
2745 394 2844 463 μὲν
2881 395 2939 448 ὲν
2972 396 3090 455 ταῖς
3139 394 3348 465 χώραις
3397 398 3748 466 ὑπολειφθή-

498 475 717 533 Judreos
756 479 1265 548 comprehenderet,
1295 483 1677 548 sempiternum
1709 481 1870 552 305
1910 491 2072 537 testu-

501 578 735 623 mentnm
770 580 1134 640 transgressos
1156 586 1281 627 esse
1310 571 1510 640 adjecit
1546 572 1786 641 :quibus
1819 573 1994 641 captis
2022 579 2075 625 ct

498 663 771 731 superatis
791 663 1069 729 omnibus,
1092 665 1249 730 pauci
1271 664 1326 716 in
1351 664 1670 734 regionibus
1685 664 2063 733 relinquentur.

496 754 674 821 Agcnt
700 769 827 807 vero
856 753 1022 807 vitam
1053 763 1108 807 et
1132 753 1208 807 illi
1243 754 1296 807 in
1314 754 1683 817 mendicitate,
1707 754 1929 822 quando
1947 768 2072 805 cum

497 845 825 912 poenitentia
871 860 1012 913 opus
1063 855 1232 906 esset,
1288 860 1394 898 non
1453 860 1617 900 secus
1670 856 1837 913 atque
1878 830 2074 906 Judaei,

494 934 867 1007 voluptatibus
896 934 1261 1004 indulgentes:
1286 933 1556 989 «Edamus
1578 946 1630 989 et
1652 934 1926 995 bibamus,
1951 949 2076 986 cras

491 1025 637 1078 enim
672 1026 941 1078 morimur
972 1028 1015 1089 ⁸,
1059 1044 1076 1076 ι
1120 1026 1402 1081 dixerunt.
1439 1025 1513 1080 De
1546 1026 1634 1081 his
1677 1034 1731 1079 et
1761 1024 1887 1081 aliis
1924 1025 2071 1079 hunc

496 1112 548 1165 in
583 1113 805 1168 modum
844 1114 1090 1182 loquitur
1128 1114 1390 1185 propheta
1434 1131 1449 1168 :
1490 1135 1508 1167 ι
1542 1115 1647 1181 Qui
1688 1114 1967 1170 dormiunt
2012 1113 2066 1165 in

494 1205 653 1259 lectis
728 1205 1026 1268 eburneis,
1075 1206 1283 1275 quique
1331 1206 1630 1261 lasciviunt
1670 1207 1714 1259 ⁸.
1783 1208 1827 1257 ι’
1867 1204 2069 1259 Deinde

491 1296 681 1365 paucis
727 1298 1082 1365 interiectis:
1121 1316 1140 1350 ι
1187 1298 1254 1351 Ει
1307 1298 1446 1353 nihil
1502 1300 1855 1370 patiebantur
1899 1314 2069 1368 super

489 1388 823 1444 contritione
851 1387 1083 1459 Joseph.
1131 1407 1149 1440 ι
1190 1388 1320 1443 Inde
1364 1397 1451 1444 est
1481 1390 1671 1456 igitur,
1699 1388 1846 1458 quod
1891 1389 2067 1442 luctu-

2174 499 2412 537 σονται·
2452 486 2603 553 μετὰ
2644 485 2937 552 πτωχείας
2982 485 3039 538 δὲ
3092 483 3522 554 βιωτεύσουσιν,
3573 491 3750 560 ἐπειδὴ

2176 575 2509 641 μετανοῆσαι
2543 574 2684 637 δέον,
2714 590 3073 645 προσεκειντο
3115 579 3233 639 ταῖς
3259 578 3503 646 τρυφαῖς
3526 614 3543 638 ,
3575 576 3752 649 ὥσπερ

2182 663 2463 725 Ἰουδαῖοι,
2506 682 2523 714 ι
2558 666 2823 733 Φάγωμεν
2848 665 2942 718 καὶ
2978 664 3525 734 πίωμεν,λὲγοντες,
3573 666 3753 738 αὔριον

2172 754 2281 823 γὰρ
2306 753 2749 824 ἀποθνήσκομεν.
2787 775 2807 808 ι
2842 757 2977 828 Περὶ
3006 750 3080 809 ὧν
3106 757 3295 827 ἕτερος
3329 759 3624 828 προφήτης
3656 777 3752 830 φη-

2172 845 2256 897 σίν
2277 860 2294 877 ι
2334 864 2351 893 ι
2411 846 2474 897 Οἱ
2509 845 2862 911 καθεύδοντες
2909 850 3001 901 ὲετὶ
3038 848 3232 902 κλινῶν
3258 848 3633 917 ἐλεφαντίνων
3666 851 3751 903 καὶ

2176 936 2730 1001 κατασπαταλῶντες.
2772 957 2790 990 ι
2838 940 2947 992 Καὶ
3001 939 3119 1009 μετ’
3151 939 3353 1008 ὀλίγα’
3415 957 3435 991 ι
3500 941 3609 992 Καὶ
3660 940 3750 993 οὐκ

2175 1025 2412 1096 ἔπασχον
2437 1028 2593 1081 οὐδὲν
2628 1031 2720 1083 ἐπὶ
2758 1031 2823 1101 τῇ
2860 1031 3124 1101 συντριϐῇ
3164 1031 3394 1101 Ἰωσήφ.
3425 1049 3448 1083 ι
3480 1032 3580 1084 Διά
3603 1032 3751 1085 τοῦτό

2176 1133 2307 1185 φησι
2335 1116 2664 1182 πενθήσειν
2683 1120 2793 1173 τὸν
2818 1117 2987 1173 οἶνον
3010 1137 3025 1152 ’
3055 1120 3199 1173 τοῦτ’
3236 1120 3414 1184 ἔστιν,
3444 1121 3498 1172 οἱ
3530 1125 3750 1192 τρυφαῖς

2173 1209 2270 1262 καὶ
2294 1208 2435 1282 μέθῃ
2468 1210 2858 1281 προσκείμενοι
2886 1212 2983 1282 τὴν
3009 1211 3305 1283 περίεργον
3333 1211 3640 1266 ἀπόλαυσιν
3662 1212 3747 1265 τοῦ

2173 1298 2428 1361 πλούτου.
2480 1301 2574 1355 καὶ
2623 1303 2722 1370 τὴν
2751 1301 3004 1356 ἐντεῦθεν
3052 1302 3369 1365 δεικνύντες
3415 1303 3747 1369 ἀλαζονείαν,

2172 1390 2555 1459 πενθήσουσιν.

490 1498 608 1537 rum
662 1484 876 1546 vinum,
919 1484 1112 1552 adjicit
1152 1502 1166 1536 :
1216 1499 1312 1539 eos
1359 1483 1666 1548 nimirum,
1722 1487 1817 1554 qui
1873 1483 2091 1540 deliciis
2124 1484 2852 1556 ebrietatiquedcditianxia
2881 1498 2936 1543 et
2965 1489 3182 1544 curiosa
3243 1488 3567 1544 divitiarum
3624 1492 3748 1545 frui-

488 1583 641 1636 tione
678 1579 1048 1647 delectantur,
1090 1594 1358 1647 suamque
1393 1579 1520 1635 inde
1561 1579 1801 1650 produnt
1847 1581 2208 1637 temeritatem
2247 1590 2302 1636 et
2330 1584 2664 1652 superbiam.

561 1671 901 1741 Exprimitur
957 1670 1218 1741 deinceps
1266 1670 1537 1725 victorum
1582 1671 1884 1725 crudelitas
1911 1709 1927 1734 ,
1975 1668 2068 1739 qui
2104 1675 2145 1729 Β

480 1778 678 1818 omnes
722 1761 789 1815 ad
840 1777 1008 1815 unum
1056 1759 1139 1815 vel
1182 1760 1418 1813 alterum
1458 1759 1525 1814 ad
1571 1761 1921 1821 servitutem,
1974 1767 2069 1812 aut

480 1867 703 1912 necem.
735 1867 846 1906 non
882 1851 1045 1905 aliter
1081 1858 1547 1921 perscrutantur,
1588 1864 1753 1919 quam
1787 1851 1879 1919 qui
1916 1849 2066 1903 oleas

484 1944 775 2013 colligunt,
808 1942 938 1996 dum
973 1940 1227 1995 excussis
1257 1939 1315 1993 in
1341 1948 1546 1994 terram
1586 1940 1736 1996 aliis.
1771 1955 1800 1993 a
1837 1938 2066 2008 reliquis

483 2036 641 2106 prius
689 2048 796 2087 non
837 2032 1143 2095 abstinent,
1189 2045 1354 2100 quam
1412 2030 1563 2084 nulla
1603 2030 1843 2100 amplius
1888 2043 2067 2083 rema-

484 2135 672 2188 nente,
708 2130 766 2178 ut
797 2124 976 2178 solent
1014 2121 1108 2191 qui
1143 2122 1548 2176 racemationem
1602 2119 1920 2181 absolvunt,
1969 2133 2064 2172 ex-

483 2213 805 2271 sultabundi
841 2228 1014 2268 vocem
1040 2212 1311 2267 emittant.
1349 2211 1430 2266 Ita
1461 2210 1609 2265 enim
1648 2209 1969 2281 plerumqpe
1994 2207 2063 2262 ab

485 2309 575 2370 iis,
605 2305 698 2375 qui
741 2318 875 2360 uvas
917 2302 1209 2373 colligunt.
1247 2301 1367 2357 ﬁeri
1396 2299 1707 2356 consuevit.
1739 2298 1845 2353 Sed
1878 2313 1974 2354 eos
2004 2298 2060 2351 in

485 2402 664 2455 minas
691 2399 851 2465 istas,
890 2397 984 2467 qui
1017 2398 1276 2467 pietatem
1304 2395 1520 2457 colunt,
1544 2394 1832 2448 incurrere
1863 2407 2062 2459 nequa-

483 2508 648 2561 quam
694 2489 905 2562 patitur
955 2487 1246 2543 Dominus.
1294 2485 1409 2542 Etsi
1445 2485 1592 2541 enim
1640 2483 1841 2554 impios
1868 2481 2059 2537 eadem

484 2584 776 2636 invasuros
800 2594 925 2635 esse
961 2579 1183 2640 asserit,
1225 2592 1333 2632 non
1359 2577 1542 2647 justos
1575 2583 1753 2630 tamen
1794 2587 1918 2627 cum
1960 2572 2062 2626 im-

484 2671 591 2739 piis
638 2669 966 2740 perditurus
999 2676 1086 2724 est
1133 2666 1422 2731 Dominus,
1472 2666 1615 2737 quod
1655 2672 1710 2719 et
1756 2662 2060 2720 Ezechielis

484 2778 617 2818 voce
662 2762 958 2817 didicimus
1014 2775 1140 2815 cum
1189 2761 1310 2813 ait:
1356 2778 1375 2811 ι
1416 2757 1519 2814 Fili
1546 2758 1827 2819 hominis,
1855 2755 2056 2825 inquit,

479 2857 720 2911 terra-in
762 2869 882 2926 .qua
924 2869 1026 2923 ego
1067 2850 1335 2922 judicium
1365 2851 1587 2915 induco,
1623 2849 1910 2922 sanguinis
1950 2856 2055 2902 est.

482 2946 640 3013 Quod
683 2947 729 3001 si
767 2945 823 3000 in
855 2943 1037 3000 medio
1068 2958 1260 2999 eorum
1293 2942 1499 2998 fuerint
1523 2942 1641 2998 Noe
1665 2953 1719 2998 et
1760 2941 1968 3006 Daniel,
2001 2948 2056 2994 et

2257 1668 2416 1741 Ἑξῆς
2448 1671 2504 1725 δὲ
2540 1671 2648 1724 τῶν
2675 1672 2903 1727 ἑλόντων
2925 1674 3124 1737 αὐτοὺς
3155 1673 3439 1744 πολεμίων
3458 1673 3748 1744 παραδηλοῖ

2170 1761 2268 1835 τὴν
2306 1763 2587 1833 ὠμότητα,
2654 1767 2747 1820 καὶ
2799 1766 2960 1835 μέχρι
3009 1766 3171 1834 μόνον
3200 1766 3324 1828 ένδς
3356 1766 3390 1835 ἢ
3415 1765 3584 1828 δυεῖν,
3630 1766 3746 1826 τοὺς

2166 1856 2248 1919 si;
2276 1854 2510 1926 σφαγὴν,
2543 1856 2576 1925 ἢ
2611 1858 2738 1920 τοὺς
2772 1856 3153 1928 αἰχμαλώτους
3203 1844 3740 1927 ισομένουςδιερευ-

2167 1945 2402 2011 νώντων,
2434 1948 2641 2000 ὡσανεὶ
2663 1949 2973 2019 τρυγῶντες
3002 1949 3189 2002 ἐλαίαν
3222 1949 3551 2018 ἐτύγχανον,
3581 1949 3629 2001 oi
3658 1948 3743 2000 καὶ

2165 2036 2274 2091 τῶν
2303 2038 2403 2108 μὲν
2434 2039 2736 2109 κειμένων,
2781 2039 2889 2093 τῶν
2915 2040 2972 2092 δὲ
3010 2039 3351 2109 ληφθέντων,
3402 2039 3499 2094 καὶ
3528 2036 3740 2109 μηδενὸς

2163 2127 2244 2180 ἔτι
2286 2127 2633 2197 λειπομένου,
2684 2129 3037 2195 βοήσουσιν
3084 2130 3456 2195 ἀλαλάζοντες
3483 2171 3499 2196 ,
3552 2129 3741 2182 ὡσανεὶ

2164 2218 2498 2288 τρυγῶντες
2515 2220 2846 2276 ἐπαύσαντο.
2873 2221 3044 2276 Τοῦτο
3074 2222 3180 2293 γὰρ
3211 2221 3327 2276 ἔσθ’
3350 2223 3442 2275 ὅτε
3473 2220 3623 2290 φίλον
3637 2223 3738 2283 τοῖς

2161 2311 2409 2382 τρυγῶσι
2436 2311 2794 2383 καθέστηκεν.
2828 2313 2955 2367 Ἐπὶ
3000 2313 3058 2367 δὲ
3105 2316 3229 2377 ταῖς
3266 2313 3529 2377 ἀπειλαῖς
3564 2313 3660 2366 οὐκ
3683 2312 3741 2382 ἐᾷ

2160 2404 2289 2466 τοὺς
2324 2402 2680 2469 εὐσεόοὖντας
2730 2408 3090 2461 καταπεσεῖν.
3139 2406 3203 2459 Ei
3258 2408 3379 2478 γάρ
3415 2407 3510 2460 καὶ
3554 2403 3734 2464 ταῦτα.

2162 2496 2321 2566 φησι,
2367 2496 2495 2560 τοὺς
2551 2496 2809 2569 ἀνόμους.
2836 2497 3136 2562 ἐκδέξεται,
3167 2498 3315 2570 πλὴν
3367 2499 3470 2553 οὐκ
3495 2497 3735 2552 ἀπολέσει

2159 2588 2368 2658 Κύριος
2393 2590 2532 2659 μετὰ
2554 2589 2664 2644 τῶν
2702 2589 3047 2645 ἀσεϐούντων
3068 2591 3160 2646 τὸν
3187 2591 3427 2646 δίκαιον.
3459 2594 3524 2645 '0
3553 2592 3642 2643 καὶ
3673 2585 3733 2642 δι’

2177 2677 2438 2751 ἰεζεκιήλ
2467 2698 2633 2752 φησιν
2670 2683 2699 2735 6
2735 2682 2868 2747 Θεός
2887 2697 2903 2713 ⁶
2935 2699 2957 2734 ι
2991 2683 3084 2737 Υἱὲ
3109 2682 3432 2753 ἀνθρώπου,
3459 2682 3644 2751 λέγων,
3668 2679 3733 2748 γῆ

2160 2775 2245 2842 ἐφ’
2271 2774 2339 2846 ἢν
2392 2775 2581 2844 ἐπάγω
2621 2778 2821 2847 κρῖμα,
2872 2776 3125 2847 αἵματος.
3158 2776 3277 2831 Κᾶν
3338 2771 3475 2831 ῶσιν
3507 2778 3565 2830 ἐν
3593 2773 3729 2843 μέσῳ

2160 2867 2342 2920 αὐτῶν
2382 2867 2529 2927 Νῶε,
2584 2868 2679 2920 καὶ
2729 2868 2947 2938 Δανιὴλ,
2973 2868 3069 2921 καὶ
3113 2868 3254 2932 Ἰὼϐ,
3287 2863 3444 2924 οὗτοι
3469 2868 3525 2920 ὲν
3572 2868 3632 2933 τῇ
3657 2863 3729 2917 δι·-

2161 2956 2421 3027 καιοσύνῃ
2446 2956 2625 3009 αὐτῶν
2661 2958 2998 3029 σωθήσονται
3020 2975 3033 2989 ·
3064 2959 3096 3028 ἡ
3122 2958 3180 3012 δὲ
3213 2960 3282 3028 γῆ
3337 2958 3491 3011 ἔσται
3525 2958 3602 3019 εις
3620 2954 3727 3006 ὄλε-

479 3012 605 3103 λοι),
643 3037 720 3091 illi
744 3036 964 3106 quidem
999 3050 1098 3106 pro
1132 3050 1231 3090 sua
1252 3034 1509 3104 aquitate
1535 3034 1932 3096 servabuntur;
1957 3030 2051 3086 scd

2161 3049 2306 3119 θρον,
2350 3067 2369 3099 ι
2396 3012 2516 3101 kat
2545 3012 2806 3120 άλλαχοῧ⁸
2830 3049 2979 3125 πρὸς
3009 3012 3135 3113 sub;
3192 3012 3503 3119 ἑλομένους
3547 3012 3605 3111 ἒξ
3647 3045 3729 3100 άν-

478 3139 628 3183 terra
671 3128 776 3183 erit
813 3127 868 3181 in
897 3128 1179 3181 interitum
1208 3128 1250 3182 ".
1296 3146 1315 3180 ι
1356 3126 1505 3182 Idem
1534 3126 1699 3180 etiam
1746 3123 1949 3178 alicubi
1985 3122 2052 3175 ad

484 3222 632 3273 siros
659 3233 752 3273 sex
788 3220 878 3287 qui
910 3220 1308 3287 sequebantur,
1347 3219 1507 3287 eique
1530 3215 1662 3270 adeo
1687 3214 1778 3284 qui
1813 3212 2053 3267 securim

475 3308 734 3381 gestabat
770 3326 784 3363 :
826 3326 845 3358 ι
883 3308 1148 3371 Scinditc,
1179 3307 1381 3377 inquit,
1420 3321 1522 3360 nec
1544 3304 1751 3375 parcite
1771 3303 1813 3356 '.
1841 3321 1859 3353 ι
1891 3301 2053 3355 Dein—

477 3429 552 3484 de
585 3427 709 3481 aliis
732 3421 1073 3493 interiectis:
1110 3438 1127 3472 ι
1166 3419 1246 3475 Ad
1278 3433 1468 3474 omnes
1505 3427 1688 3473 autem
1728 3431 1893 3488 super
1914 3429 2055 3484 quos

482 3522 702 3591 signum
747 3526 855 3583 est,
890 3531 967 3570 ne
1013 3509 1292 3568 accedatis
1319 3513 1363 3566 ’.
1405 3529 1423 3564 ι
1476 3510 1745 3565 Caeterum
1797 3525 1891 3578 per
1920 3506 2052 3573 Noe,

481 3614 590 3669 ﬁde
629 3612 888 3683 probatos
929 3618 983 3662 et
1023 3617 1208 3677 gratos
1247 3603 1546 3671 intellexit;
1598 3617 1694 3671 per
1748 3599 2051 3661 Danielem,

478 3705 782 3774 prudentes
829 3709 883 3754 et
916 3698 1293 3767 perspicaces;
1330 3702 1387 3748 ut
1429 3710 1524 3750 eos
1566 3709 1657 3763 per
1696 3692 1918 3758 .lobum,
1957 3692 2051 3762 qui

479 3803 708 3850 manent
741 3791 979 3847 infracto
1030 3790 1299 3842 adversus
1331 3786 1513 3839 omnia
1561 3784 1781 3839 animo:
1806 3783 1925 3853 qui,
1960 3782 2051 3836 ubi

483 3897 714 3942 mortem
749 3882 1060 3953 eﬂ‘ngerint,
1087 3895 1209 3932 etim
1240 3885 1369 3932 tunc
1408 3876 1727 3938 laudabunt,
1747 3892 1776 3929 a
1799 3890 1904 3944 quo
1923 3882 2053 3929 sunt

480 3981 715 4032 salutem
754 3970 1068 4026 consecuti.
1121 3965 1444 4022 Turbabitur
1501 3975 1709 4028 autem,
1769 3964 1866 4024 ait,
1911 3978 2051 4033 aqua

476 4070 682 4130 maris;
726 4067 842 4135 ipsa
890 4061 1145 4117 nimirum
1182 4058 1429 4130 gentium
1483 4054 1824 4110 multitudo:
1883 4064 1941 4109 ut
1984 4070 2051 4109 ex

482 4159 686 4213 Davide
712 4168 910 4225 inagno
937 4152 1188 4220 colligas,
1228 4149 1317 4204 ubi
1352 4164 1367 4201 :
1412 4165 1432 4198 ι
1464 4145 1576 4200 Hoc
1609 4161 1757 4200 mare
1788 4160 2048 4217 magnum

471 4257 534 4303 et
559 4247 862 4318 spatiosum
883 4241 947 4306 ³ο,
973 4262 993 4297 ι
1022 4247 1331 4307 caateraque
1357 4235 1521 4308 306
1539 4236 1627 4289 illa
1666 4250 1788 4304 quae
1808 4250 2051 4304 sequun-

2155 3141 2308 3211 δρας,
2339 3141 2416 3212 τῷ
2449 3142 2541 3197 τὸν
2574 3142 2784 3197 πέλυκα
2828 3143 3049 3213 φέροντι
3071 3159 3084 3172 ’
3139 3162 3158 3196 ι
3192 3142 3448 3197 Κόπτετε
3476 3182 3490 3203 ,
3541 3141 3629 3193 καὶ
3662 3136 3725 3206 μὴ

2157 3233 2426 3302 φείδεσθε.
2468 3252 2486 3284 ι
2539 3236 2648 3290 Καὶ
2683 3218 2804 3305 μεθ’
2837 3236 3033 3306 ἕτεραο
3074 3255 3091 3289 t
3146 3236 3271 3291 Ἐπὶ
3301 3235 3370 3289 δὲ
3396 3236 3619 3295 πάντας,
3650 3230 3724 3299 ἐφ’

2155 3324 2248 3388 οὓς
2276 3326 2473 3380 ἔστιτὸ
2496 3330 2741 3396 σημεῖον,
2775 3328 2850 3400 μὴ
2880 3329 3159 3399 ὲγγίσητε.
3201 3347 3219 3379 ι
3253 3330 3431 3398 Δηλοῖ
3448 3327 3504 3379 δὲ
3534 3324 3617 3379 διὰ
3638 3322 3722 3393 μὲν

2155 3415 2277 3470 Νῶε
2303 3417 2430 3481 τοὺς
2465 3417 2898 3487 εὐαρεστοῦντας
2930 3419 3078 3489 αὑτῷ
3101 3420 3187 3473 διὰ
3221 3419 3467 3482 πίστεως
3486 3435 3497 3447 ·
3525 3416 3645 3478 τοὺς
3674 3411 3721 3464 δὲ

2157 3508 2358 3577 σοφούς
2382 3526 2439 3562 τε
2468 3509 2563 3563 καὶ
2587 3510 2927 3581 διορατικοὺς
2964 3511 3051 3564 διὰ
3072 3511 3166 3565 τοῦ
3196 3513 3327 3563 Δανι
3340 3511 3425 3581 ἡλ.
3450 3509 3546 3562 Διὰ
3569 3507 3621 3559 δὲ
3644 3502 3720 3556 τοῦ

2168 3601 2312 3667 Ἰὼϐ,
2347 3602 2473 3664 τοὺς
2529 3602 2935 3672 καρτεροῦντας
2964 3605 3020 3656 ὲν
3052 3602 3245 3656 ἅπασι.
3278 3599 3649 3669 Διαφυγόντες
3672 3593 3720 3646 δὲ

2153 3692 2246 3747 τὸν
2266 3691 2486 3763 ὄλεθρον
2519 3692 2607 3746 τὸν
2639 3692 2918 3747 σεσωκότα
2937 3693 3250 3757 δοξασουσι.
3304 3692 3388 3746 Τὸ
3417 3688 3473 3745 δὲ
3516 3688 3611 3753 τῆς
3640 3689 3724 3738 θαι

2152 3783 2376 3850 λάττης
2398 3783 2574 3851 ὕδωρ,
2626 3785 2782 3854 φησὶ,
2816 3784 3276 3852 ταραχθήσεται,
3306 3784 3378 3838 τὸ
3407 3780 3605 3852 πλῆθος
3627 3774 3721 3829 τῶν

2154 3874 2324 3927 ἐθνῶν
2352 3878 2721 3945 αἰνιττόμενος
2742 3892 2756 3907 ·
2786 3875 2861 3940 ὡς
2889 3877 2985 3930 καὶ
3013 3877 3178 3930 Δαϐὶδ
3207 3878 3236 3930 6
3279 3877 3483 3947 μέγαςο
3516 3893 3533 3925 ι
3568 3867 3718 3937 Αὕτη.

2152 3966 2353 4035 λέγων,
2408 3970 2441 4038 ἡ
2493 3968 2738 4022 θάλασσα
2792 3970 2825 4039 ἡ
2887 3969 3100 4038 μεγάλη
3161 3970 3257 4022 καὶ
3303 3969 3649 4042 εὐρύχωρος,
3697 3977 3713 4010 ³

2153 4058 2248 4110 καὶ
2275 4057 2340 4109 τὰ
2363 4056 2509 4126 ἑξῆς.
2546 4058 2619 4110 Οὐ
2650 4057 2758 4129 γάρ
2789 4058 2986 4130 ἰχθύων
3016 4057 3189 4112 ἐθέλει
3228 4058 3415 4125 λέγειν
3445 4050 3714 4124 διαφορᾶς⁶

2152 4147 2266 4201 ἀλλ’
2318 4148 2439 4202 οὐδὲ
2503 4147 2771 4219 δράκοντα
2838 4152 2952 4214 τοίς
3011 4148 3198 4203 ὕδασιν
3262 4150 3648 4220 ἐννηχόμενον.
3678 4130 3716 4205 ᾧ

2152 4239 2283 4292 Θεὸν
2309 4239 2599 4309 ἐμπαίζειν
2628 4239 2787 4310 φησί.
2822 4243 2982 4312 Δηλοϊ
3010 4241 3067 4294 δὲ
3099 4240 3301 4310 μᾶλλον
3351 4241 3463 4294 τῶν
3489 4236 3579 4290 τοῦ
3610 4232 3710 4302 βίον

472 4350 591 4402 tur,
629 4336 889 4407 reperias.
916 4331 1105 4401 Neque
1133 4328 1278 4385 enim
1309 4327 1544 4398 piscium
1567 4324 1928 4393 differentias,
1954 4342 2050 4381 ne-

2161 4328 2496 4399 πραγμάτων
2519 4329 2609 4384 τὸν
2640 4331 2822 4397 σάλον,
2850 4332 2921 4386 δι’
2957 4323 3032 4385 ὧν
3058 4332 3087 4384 6
3113 4331 3302 4403 νοητὸς
3321 4330 3538 4402 δράκων
3568 4336 3714 4397 μετα·

478 4446 585 4497 que
629 4429 924 4482 draconem
963 4422 1115 4478 illum
1158 4420 1318 4490 aquis
1354 4418 1720 4483 innatantem,
1755 4417 1845 4471 cui
1873 4415 2045 4472 Deum

2154 4421 2316 4491 φοιτᾷ
2341 4421 2435 4474 καὶ
2472 4424 2659 4492 χωρεῖ.

479 4524 708 4580 illudere
738 4520 892 4581 dicit,
939 4517 1035 4574 sed
1082 4530 1266 4571 rerum
1298 4518 1351 4567 in
1394 4512 1506 4566 vita
1541 4517 1895 4581 tempestates
1922 4510 2498 4582 perturbationesque,
2574 4528 2806 4583 quarum
2874 4512 2927 4568 in
2978 4512 3183 4580 medio,
3251 4524 3439 4569 mente
3506 4518 3712 4570 concch

474 4626 568 4671 tus
596 4608 765 4667 draéo
801 4616 1050 4679 vagatur,
1082 4605 1392 4661 describere
1420 4602 1614 4658 voluit.

550 4702 738 4756 Possis
770 4698 969 4754 deinde
1006 4712 1101 4768 per
1144 4697 1374 4761 insulas,
1413 4701 1511 4747 aut
1552 4692 1723 4748 urbes
1748 4692 1919 4763 ipsas,
1959 4701 2051 4747 aut

475 4791 953 4866 perturbationun
1002 4769 1259 4842 victrices
1298 4784 1533 4848 animas,
1573 4784 1626 4837 in
1658 4783 1862 4851 quibus
1904 4785 2048 4837 inest

426 4932 431 4935 _
474 4886 650 4959 gloria
696 4880 934 4947 Domini,
972 4890 1234 4948 tanquam
1276 4876 1345 4930 ad
1394 4874 1680 4930 Christum
1738 4889 2046 4929 sermonem

427 5032 438 5048 ,
476 4977 765 5051 prophetia
791 4968 1451 5040 transierat,intelligere.
1485 4967 1565 5023 Ex
1589 4983 1698 5037 quo
1731 4967 1874 5021 enim
1898 4976 2046 5021 terra

424 5119 437 5127 .
479 5068 641 5125 idolis
674 5075 730 5120 et
764 5063 925 5118 malis
966 5062 1196 5117 liberata
1229 5066 1338 5124 est,
1369 5057 1571 5128 quibus
1597 5055 1950 5122 abundabat;
1980 5072 2043 5111 ex

477 5175 586 5229 quo
616 5170 838 5212 rursum
877 5153 1043 5206 variis
1068 5160 1198 5206 sunt
1215 5149 1473 5203 mortales
1503 5145 1740 5231 repressi
1760 5146 2047 5200 calamita-

422 5297 434 5317 ,
476 5253 628 5307 tibus
663 5250 731 5304 iis
750 5249 870 5318 ipsa
899 5245 1011 5316 jam
1044 5242 1250 5299 Christi
1279 5240 1585 5296 Salvatoris
1610 5236 2046 5308 gloriarefulsit,

2224 4690 2419 4759 Λέγοις
2459 4688 2513 4742 δή
2543 4688 2608 4743 ἂν
2636 4690 2729 4743 καὶ
2771 4687 3007 4756 νήσους
3044 4689 3142 4753 τὰς
3182 4688 3386 4753 πόλεις,
3436 4681 3590 4757 ἧτάς
3622 4676 3711 4747 τῆς

2154 4782 2335 4852 ἅλμης
2369 4781 2478 4834 τῶν
2507 4780 2692 4834 παθῶν
2723 4779 3166 4851 ὑπερανεχούσας
3197 4779 3498 4851 ἀνθρώπων
3531 4768 3709 4844 ψυχᾶς,

2153 4875 2209 4925 ὲν
2239 4870 2326 4937 αἷς
2353 4876 2468 4926 ἐστι
2495 4871 2645 4936 δόξα
2674 4873 2919 4940 Κυρίου,
2959 4874 3060 4943 τῆς
3091 4872 3427 4942 προφητείας
3466 4865 3554 4919 ἐπὶ
3587 4861 3711 4929 Χριο

2151 4966 2278 5019 στὸν
2309 4965 2411 5036 ἢδη
2469 4964 2812 5037 μεταγούσης
2863 4966 2953 5018 τδν
2990 4963 3169 5031 λόγον.
3227 4963 3341 5033 Τῆς
3369 4961 3475 5032 γὰρ
3514 4955 3610 5026 γῆς
3652 4950 3708 5000 ἐκ

2150 5058 2258 5113 τῶν
2286 5057 2521 5112 εἰδώλων
2552 5057 2648 5111 καὶ
2677 5057 2865 5111 κακῶν
2909 5055 3298 5126 ἐρημωθείσης
3330 5055 3437 5107 τῶν
3461 5054 3517 5103 ὲν
3560 5042 3703 5108 αὖτῇν

2147 5152 2241 5204 καὶ
2267 5150 2549 5220 διαφόροις
2598 5151 2913 5219 συμφοραῖς
2942 5148 3051 5202 τῶν
3093 5146 3392 5219 ἀνθρώπων
3438 5134 3706 5195 πεπαιδευο

2151 5244 2351 5312 μένων,
2382 5243 2415 5312 ἡ
2461 5239 2701 5312 Χριστοῦ
2750 5238 2848 5291 τοῦ
2882 5239 3133 5308 Σωτῆρος
3162 5237 3313 5301 δόξα
3366 5237 3475 5293 τοῖς
3505 5227 3590 5281 ἐπὶ
3609 5221 3705 5312 γῆς

479 5343 572 5411 qui
605 5341 675 5393 ab
709 5311 986 5394 idolorum
1019 5337 1168 5391 cultu
1198 5334 1401 5389 servati
1438 5332 1678 5398 fuerant,
1710 5347 1849 5401 quos
1878 5331 2046 5385 divini

2161 5334 2482 5388 ἱνατέταλκε
2502 5311 2615 5395 τοῖς
2642 5334 2707 5385 ὲκ
2735 5332 2834 5402 τῆς
2868 5330 3315 5403 εἰδωλολατρείας
3343 5311 3699 5411 καταλξιείξθεθ
3792 5328 3801 5337 ³

481 5430 831 5501 baptismatis
854 5429 1058 5483 auxilio
1086 5426 1255 5481 fretos
1287 5425 1595 5478 futurorum
1626 5422 1894 5476 bonorum
1922 5438 2051 5490 spes

477 5521 572 5578 illa
615 5529 851 5582 recreat,
881 5535 985 5587 qua
1009 5534 1134 5572 cum
1162 5516 1385 5571 Christo
1409 5514 1560 5583 apud
1591 5511 1809 5567 Patrem
1840 5514 1895 5567 in
1927 5513 2045 5579 glo-

548 5707 706 5769 ωδε.
751 5720 885 5770 nu,
933 5703 1014 5757 ιε.
1092 5702 1300 5756 ‘Amos
1331 5717 1401 5766 vn,
1445 5701 1494 5755 4.

2150 5441 2256 5484 σιν,
2282 5417 2376 5487 οὓς
2403 5423 2491 5477 διὰ
2516 5422 2611 5475 τοῦ
2634 5421 2780 5475 θείου
2823 5421 3203 5492 βαπτίσματος
3225 5420 3282 5473 αἱ
3309 5414 3432 5486 περὶ
3462 5404 3702 5497 stitit-di“:

2149 5511 2257 5565 θῶν
2287 5506 2721 5581 τῶνμελλόντων
2752 5509 2969 5573 ἐλπίδες
2989 5508 3375 5580 εὐφραίνουσιν
3399 5549 3417 5572 ,
3438 5502 3516 5555 ὅτι
3541 5493 3603 5561 δὴ
3632 5493 3704 5554 τῷ

1607 5701 1625 5728 ⁷
1659 5701 1822 5755 Elei".
1883 5716 1989 5765 xiv,
2029 5701 2046 5753 l

2161 5699 2212 5753 6.
2290 5700 2309 5730 ⁸
2352 5695 2549 5753 Ezecb.
2586 5713 2662 5763 ix,
2701 5696 2756 5754 5.
2835 5698 2856 5729 ⁹
2890 5696 3026 5753 ibid.
3078 5697 3132 5751 6.
3213 5696 3257 5728 ιο
3302 5687 3463 5751 Ρεςιι.
3496 5666 3704 5742 ειη,ὶᾶ
