4022 6210
347 414 483 481 2163

1504 427 2023 489 COMMENTARII
2067 426 2147 489 IN
2183 427 2465 489 ISAJAM.

3451 421 3591 487 2194

340 526 562 601 Χριστῷ
605 529 921 585 συνέσονται
968 531 1122 605 δόξῃ
1157 533 1478 604 τυγχάνοντι
1532 539 1627 591 τοῦ
1685 538 1906 609 Πατρός.

2022 539 2107 590 ria
2156 538 2460 592 exsistente
2492 537 2718 608 petituri
2748 547 2897 592 sunt.
2932 535 3087 592 Tunc
3116 545 3176 593 et
3216 539 3332 608 ipsa
3371 548 3590 592 contur—

338 620 473 675 Τότε
504 623 600 675 καὶ
646 621 726 686 ea,
747 621 903 692 ὕδωρ
936 624 1047 691 τῆς
1080 625 1378 694 θαλάττης
1414 628 1780 695 ταράττεται,
1806 629 1913 681 τῶν

336 712 653 766 ἀποστόλων
686 715 967 786 πανταχοῦ
996 715 1093 770 τοῦ
1133 715 1250 786 βίου
1302 720 1679 789 κηρυττόντων
1734 721 1917 774 καινό-

337 821 494 876 τερα,
524 808 618 859 καὶ
646 809 1059 875 ταραττόντων
1107 808 1186 880 τῷ
1232 808 1367 881 ξένῳ
1412 813 1511 881 τῆς
1560 813 1731 882 ἀκοῆς
1786 814 1915 874 τοὺς

336 893 659 958 ἀκούοντας.
703 898 760 951 Ὀ
792 896 850 950 δὲ
870 897 1004 961 Θεὸς
1032 900 1089 952 ἐν
1117 902 1236 962 ταῖς
1268 899 1454 967 ἁγίαις
1490 900 1772 967 ἐδοξάζετο
1803 902 1915 972 νή-

333 1004 472 1053 σοις
509 988 605 1042 τοῦ
634 989 792 1057 λόγου
823 990 921 1053 τὰς
973 991 1298 1061 Ἐκκλησίας
1331 991 1689 1061 δηλώσαντος.
1732 988 1901 1048 Abeat

333 1080 446 1151 γὰρ
476 1079 584 1134 τῶν
605 1081 701 1134 τοῦ
729 1080 844 1151 βίου
879 1082 1138 1151 κυμάτων
1158 1082 1545 1155 διανεστήκασι
1566 1086 1656 1139 διὰ
1678 1086 1913 1159 Χριστοῦ

334 1171 567 1225 νικῶσαι
602 1174 733 1235 τοὺς
768 1172 1072 1239 θλίϐοντας.
1117 1174 1450 1229 Θάλασσαν
1479 1177 1587 1248 γὰρ
1626 1177 1795 1232 εἰπὼν
1846 1180 1915 1232 τὰ

331 1260 484 1329 ἔθνη,
522 1263 760 1328 νήσους
790 1261 995 1325 ταύτας
1018 1263 1244 1326 εἰκότως
1268 1264 1545 1319 ἐκάλεσεν.
1579 1268 1643 1319 υἰ
1684 1265 1741 1319 δὲ
1781 1265 1913 1320 ταῦ-

332 1370 432 1416 τας
457 1352 735 1417 οἰκοῦντες
772 1353 890 1423 ἅμα
913 1356 980 1424 τῇ
1013 1354 1164 1424 δόξῃ
1191 1357 1439 1423 Κυρίου,
1474 1357 1610 1427 φασὶ
1638 1358 1775 1429 πρὸς
1820 1360 1914 1413 τὸν

335 1434 486 1499 Θεὸν
523 1443 772 1513 Ἰσραήλ
793 1460 807 1475 ⁶
831 1446 929 1499 Ἐκ
949 1444 1069 1499 τῶν
1087 1448 1395 1516 πτερύγιον
1412 1447 1523 1517 τῆς
1563 1448 1673 1518 γῆς
1703 1450 1916 1519 τέρατα

331 1535 700 1603 ἠκούσαμεν,
768 1536 1190 1598 πεπιστευκότες
1229 1536 1307 1600 ὡς
1357 1536 1473 1591 ἐστι
1538 1539 1664 1605 τοῖς
1737 1543 1914 1597 εὐσε-

336 1624 550 1679 ϐοῦσιν
578 1625 787 1692 ἐλπίς·
827 1625 1124 1696 πτέρυγας
1166 1626 1456 1693 καλοῦντες
1498 1629 1599 1700 τῆς
1636 1632 1759 1701 γῆς,
1789 1635 1915 1698 τοὺς

332 1720 445 1781 τοῖς
493 1719 656 1781 θείοις
693 1718 874 1787 λόγοις
906 1718 1104 1782 αὐτοὺς
1126 1719 1457 1785 ἀποστόλους
1486 1721 1912 1794 άναπτερώσαν-

324 1825 449 1871 τας,
478 1808 553 1871 ὡς
581 1810 801 1877 ἀφεῖναι
823 1807 920 1879 τὴν
942 1811 1066 1880 γῆν,
1100 1809 1196 1863 καὶ
1248 1814 1467 1880 φρονεῖν
1495 1813 1815 1884 ἐπουράνια,
1850 1814 1912 1867 τὸ

329 1873 838 1969 πολίτευμανλοιπὺν
861 1873 1164 1970 έσγηκότας
1211 1873 1272 1955 ὲν
1294 1873 1547 1974 οὐρανῷ.
1593 1873 1674 1959 Ἰδά
1702 1905 1757 1959 δὲ
1786 1873 1910 1960 τούο
1939 1873 1986 1932 Β

329 2006 440 2042 των
471 1991 604 2059 φασὶ
633 1989 760 2054 ξένα
788 1989 1070 2060 δεξάμενοι
1092 1991 1359 2062 δόγματα,
1388 1994 1566 2047 ἑλπίδι
1590 1998 1657 2067 τῇ
1699 1996 1790 2051 διὰ
1818 1998 1912 2051 πι-

331 2098 502 2145 στεως
548 2084 674 2152 περὶ
727 2082 835 2136 τῶν
891 2083 1191 2155 μελλόντων
1239 2085 1461 2153 ἀγαθῶν
1520 2087 1909 2160 βεϐαιούμεθα.

330 2171 467 2234 Τοὺς
496 2172 554 2225 δὲ
598 2173 673 2243 μὴ
727 2173 1050 2243 δεξαμένους
1084 2176 1175 2230 τὸν
1219 2177 1318 2247 τῆς
1349 2179 1588 2243 πίστεως
1624 2165 1909 2252 ὀδύρονται

325 2261 535 2334 νόμον.
569 2265 768 2335 μᾶλλον
788 2267 950 2320 δὲκαὶ
970 2266 1065 2319 τὸν
1083 2266 1170 2319 διὰ
1186 2269 1448 2331 Μωσέως.
1468 2271 1604 2342 Περὶ
1624 2273 1787 2327 αὑτοῦ
1802 2274 1910 2346 γὰρ

328 2356 581 2421 κακεῖνος
618 2356 844 2428 ἔγραψε,
865 2357 1102 2429 δηλονότι
1126 2359 1384 2431 Χριστοῦ.
1416 2361 1596 2416 Καὶεί
1625 2365 1909 2420 ἐπίστευον

280 2476 285 2480 -
327 2451 539 2513 Μωσεῖ,
585 2449 868 2504 ἐπίστευον
926 2451 992 2506 ἂν
1054 2453 1148 2507 καὶ
1180 2455 1422 2525 Χριστῷ.
1476 2456 1810 2514 Νουθετοῦσι
1850 2461 1907 2515 δὲ

326 2541 454 2604 τοὺς
492 2542 854 2606 ἀπιστοῦντας
874 2546 923 2597 οἰ
949 2544 1048 2615 τὴν
1071 2546 1256 2600 πίστιν
1289 2546 1575 2620 δεξάμενοι
1604 2551 1696 2604 τὸν
1722 2554 1785 2606 ὲκ
1806 2554 1906 2619 τῆς

325 2630 601 2696 κολάσεως
638 2633 822 2697 αὐτοῖς
870 2635 1324 2700 ἑπανατείνοντες
1378 2639 1563 2707 φόϐον,
1617 2643 1728 2694 πᾶν
1767 2636 1907 2707 εἶδος

324 2723 513 2787 αὐτοῖς
542 2724 729 2778 κακῶν
751 2726 1155 2798 ἀπειλούμενοι.
1195 2728 1367 2783 Τοῦτο
1395 2728 1503 2801 γὰρ
1534 2731 1571 2784 ὃ
1612 2748 1671 2786 τε
1698 2734 1903 2801 φόϐος,

328 2812 429 2869 καὶ
466 2816 499 2867 ό
520 2813 807 2882 βόθυνος,
838 2815 935 2869 καὶ
967 2817 1166 2886 παγίς.
1218 2817 1336 2871 Κᾶν
1368 2818 1479 2889 γὰρ
1511 2819 1570 2872 ἓν
1602 2837 1682 2884 τις
1713 2820 1903 2891 διαφύ-

328 2921 423 2976 γῃ,
470 2909 600 2967 τοῖς·
637 2907 841 2978 ἑτέροις
892 2908 1182 2963 ἁλώσεται.
1215 2909 1397 2963 Ταῦτα
1417 2910 1475 2964 δὲ
1501 2913 1642 2980 μετὰ
1689 2913 1779 2966 τὸν
1802 2913 1898 2968 τοῦ

326 2998 579 3069 Σωτῆρος
631 2999 861 3069 σταυρὸν
889 3000 1103 3073 μυρίοις
1132 2999 1350 3065 ἁλόντες
1403 3004 1592 3067 κακοῖς
1654 3002 1896 3060 Ἰουδαῖοι

323 3089 682 3143 πεπόνθασιν.
705 3090 814 3144 Καὶ
847 3090 949 3158 τὴν
994 3088 1202 3144 τούτων
1229 3091 1410 3145 αἰτίαν
1456 3093 1678 3162 ἐπάγων
1708 3096 1894 3163 φησὶν,

323 3183 409 3236 ὅτι
434 3181 673 3250 θυρίδες
713 3182 783 3237 ἐκ
834 3181 941 3237 τοῦ
968 3181 1231 3252 οὐρανοῦ
1287 3182 1703 3275 ἀνεῴχθησαν.
1742 3186 1896 3240 Τοῦτ’
1925 3222 1970 3286 C

326 3273 495 3335 ἐστιν.
520 3275 791 3347 ἐπισκοπῇ
834 3274 933 3346 τὴν
954 3277 1062 3346 γῆν
1089 3275 1434 3346 ἑπεσκέψατο
1481 3273 1688 3348 Κύριος
1709 3293 1723 3307 ·
1767 3276 1901 3331 Θεοῦ

324 3367 438 3439 γὰρ
458 3366 929 3434 ἁνεξικακοῦντος,
960 3367 1036 3431 ὡς
1061 3367 1198 3438 μηδὲ
1230 3367 1406 3422 δοκεῖν
1431 3370 1655 3442 ὲτορᾷν,
1690 3369 1903 3423 κεκλεῖ-

327 3459 457 3514 σθαι
494 3461 855 3529 λέγεταίπως
885 3461 915 3514 ὀ
946 3460 1196 3535 οὐρανὸς,
1242 3462 1497 3527 ὼςτοὺς
1544 3462 1904 3536 ἁμαρτωλοὺς

328 3551 418 3605 ἔπ’
454 3551 635 3616 ἀδείας
666 3556 1023 3626 παρανομεῖν.
1066 3552 1404 3620 Ἐπεξίοντος
1422 3554 1480 3608 δὲ
1509 3556 1623 3618 τοῖς
1645 3554 1902 3625 ἁμαρτήσ-

338 3660 489 3714 μασι,
506 3645 761 3713 θορύϐου
788 3644 966 3697 πάντα
999 3644 1098 3698 καὶ
1125 3642 1305 3710 δέους
1341 3642 1654 3712 ἀνάμεστα,
1699 3643 1795 3696 καὶ
1826 3641 1902 3705 ὡς

330 3737 399 3789 ὲκ
417 3735 605 3806 μέθης
637 3736 773 3807 πρὸς
821 3738 931 3790 πᾶν
975 3731 1116 3799 εἶδος
1160 3733 1439 3806 ἄνθρωποι
1488 3734 1901 3806 διαρῤίπτονται

328 3828 517 3883 κακῶν
544 3828 620 3892 ὡς
662 3825 1157 3897 όπωροφυλάκιον
1214 3826 1588 3895 σαλευόμενοι.
1645 3824 1901 3896 Φορητῶν

330 3920 432 3988 μὲν
457 3920 566 3991 γὰρ
589 3921 618 3973 ό
638 3919 769 3984 Θεὸς
790 3918 1207 3989 ἁμαρτημάτων
1226 3918 1500 3989 ἀνέχεται.
1532 3917 1904 3986 Κατισχυού-

326 4024 446 4076 ant;
471 4010 528 4063 δὲ
557 4010 656 4080 τῆς
686 4011 960 4081 ἁμαρτίας
980 4010 1197 4074 κολάζει
1222 4009 1349 4072 τοὺς
1379 4008 1710 4080 δράσαντας.

398 4102 665 4171 Δαμπρὸν
692 4101 748 4155 δὲ
772 4101 1105 4171 κατόρθωμα
1137 4101 1236 4171 τῆς
1283 4100 1752 4171 ὲνανθρωπήσεως
1806 4098 1899 4153 τοῦ

324 4192 664 4260 Μονογενοῦς
685 4193 745 4246 τδ
772 4193 1223 4262 διασκεδασθῆναι
1254 4191 1360 4244 τῶν
1380 4193 1446 4263 τῇ
1476 4191 1652 4244 κτίσει
1672 4191 1900 4262 λατρευ-

326 4285 537 4339 σάντων
569 4285 720 4354 παρὰ
747 4284 839 4338 τὸν
866 4285 1128 4338 κτίσαντα
1157 4284 1258 4353 τὴν
1284 4282 1561 4345 ἀσέϐειαν,
1609 4276 1754 4354 ⁴ᾗπερ
1802 4282 1898 4336 καὶ

338 4376 580 4429 Ἰουδαῖοι
617 4374 1133 4447 περιπεπτώκασιν.
1174 4393 1194 4427 ι
1230 4368 1329 4429 Ὧν
1358 4375 1415 4427 αἰ
1452 4377 1732 4442 γυναῖκες,
1758 4376 1897 4428 κατὰ

324 4465 417 4518 τὸν
457 4465 724 4535 Ἱερεμίαν
745 4506 762 4531 ,
794 4465 1042 4536 τρίϐουσι
1075 4467 1228 4528 σταῖς
1271 4463 1366 4517 τοῦ
1399 4465 1620 4534 ποιῆσαι
1649 4466 1897 4535 χαυῶνας

2019 629 2231 683 labitur
2263 631 2428 684 maris
2464 646 2626 701 aqua,
2652 644 2765 699 quo
2798 637 3043 699 tempore
3076 628 3333 684 nimirum
3366 639 3591 700 aposto-

2016 726 2098 782 los
2127 726 2251 780 vitae
2286 726 2562 781 recentius
2593 725 2909 780 institutum
2949 723 3172 787 docere,
3215 739 3465 794 novaque
3497 740 3593 779 au-

2015 819 2225 874 ditione
2276 819 2491 873 turbare
2541 818 2822 875 auditores
2871 818 3181 887 contigerit.
3230 818 3298 872 At
3339 817 3485 886 quod
3536 819 3591 871 in

2016 912 2225 965 sanctis
2277 911 2470 968 insulis
2525 909 2693 965 Deum
2747 910 2961 965 laudari
3011 909 3174 973 dixit,
3209 907 3279 963 de
3320 910 3488 964 verbo
3535 911 3589 963 in

2016 1004 2283 1061 Ecclesiis
2324 1017 2623 1061 resonante
2670 1006 2962 1070 intellexit,
3006 1019 3128 1074 qua:
3170 1006 3446 1075 superatis
3497 1021 3594 1074 per

2015 1094 2296 1150 Christum
2325 1096 2693 1167 allligeutibus
2720 1097 2845 1150 vitae
2868 1095 3032 1150 undis
3060 1106 3427 1150 emerserunt.
3453 1096 3590 1149 Cum

2015 1185 2163 1239 enim
2215 1195 2405 1255 gentes
2454 1203 2604 1241 mare
2653 1186 2906 1251 dixisset,
2964 1185 3242 1241 Ecclesias
3288 1186 3592 1241 insularum

2018 1290 2152 1331 voce
2178 1292 2288 1332 non
2318 1278 2591 1332 immerito
2622 1278 2954 1347 designavit.
2973 1276 3318 1332 Dicuntvero
3340 1278 3406 1331 ad
3425 1278 3589 1331 Deum

2018 1365 2218 1431 Israel,
2251 1370 2344 1437 qui
2375 1371 2511 1424 istas
2540 1384 2666 1423 cum
2696 1369 2871 1439 gloria
2903 1368 3117 1423 Domini
3150 1369 3482 1430 inhabitant,
3511 1369 3587 1423 Ab

2018 1455 2121 1510 alis
2156 1465 2314 1512 terra:
2355 1467 2600 1525 portenta
2630 1457 2935 1513 audivimus
2965 1460 3212 1529 persuasi
3243 1474 3389 1528 spem
3410 1460 3590 1527 justo:

2016 1546 2261 1613 habere;
2291 1548 2513 1602 Alarum
2545 1558 2706 1605 terrae
2737 1550 2981 1613 nomine,
3021 1550 3307 1619 apostolos
3328 1552 3481 1620 ipsos
3514 1551 3592 1605 si-

2014 1638 2359 1709 gniﬁcantes,
2391 1640 2595 1696 divinis
2619 1642 2881 1707 oraculis,
2924 1649 3182 1710 tanquam
3219 1642 3343 1705 alis,
3375 1642 3590 1698 instru-

2014 1740 2154 1795 ctos,
2179 1729 2383 1801 quibus
2426 1732 2618 1787 relicta
2658 1743 2802 1787 terra
2850 1741 2906 1785 et
2933 1732 3181 1787 coelestia
3210 1746 3423 1801 sapere,
3452 1739 3506 1785 et
3534 1732 3590 1787 in

2015 1822 2214 1876 calum
2244 1821 2505 1893 deinceps
2533 1823 2599 1877 ad
2618 1823 2744 1877 vita;
2772 1821 3088 1878 felicitatem
3121 1819 3322 1891 queant
3344 1824 3584 1883 evolare.

2015 1909 2220 1966 Horum
2276 1923 2479 1976 autem,
2514 1912 2692 1979 aiunt,
2731 1928 2870 1967 nova
2920 1922 2974 1968 et
3015 1913 3277 1968 inusitata
3329 1913 3588 1983 degtnata

2015 2001 2251 2071 amplexi
2286 2017 2385 2072 spe
2415 2018 2512 2072 per
2543 2001 2704 2057 ﬁdem
2740 2001 3051 2058 futurorum
3078 2003 3350 2059 honorum
3380 2003 3587 2059 contir-

2014 2108 2251 2149 mamur.
2298 2094 2368 2147 At
2406 2109 2502 2148 eos
2533 2095 2930 2161 lamentantur,
2980 2095 3076 2164 qui
3113 2110 3212 2150 nec
3244 2096 3369 2151 ﬁdei
3402 2097 3587 2166 legem,

2012 2196 2114 2236 nec
2137 2181 2499 2237 Mosis‘etiam
2534 2182 2900 2248 admiserunt,
2923 2199 3085 2253 quem
3111 2183 3180 2238 de
3211 2183 3433 2239 Christo
3456 2185 3590 2239 scri-

2011 2274 2190 2343 psisse
2215 2281 2434 2329 constat
2464 2275 2539 2339 “;
2573 2274 2774 2343 cuique
2804 2274 2850 2329 si
2879 2274 3269 2339 credidissent,
3293 2274 3588 2331 ctChriste

2009 2362 2172 2417 etiam
2214 2378 2494 2432 nunquam
2549 2370 2973 2434 repugnassent.
3015 2362 3206 2418 Solent
3237 2380 3369 2421 vero
3400 2365 3585 2422 titleles

2007 2463 2062 2510 et
2108 2454 2298 2525 probi,
2342 2469 2467 2510 cum
2528 2455 2843 2526 pertinaces
2892 2454 3280 2520 adhortantur,
3330 2455 3586 2511 vindicta:

2008 2557 2213 2601 metum
2243 2546 2473 2612 eisdem,
2502 2555 2765 2615 tanquam
2796 2546 3011 2603 nullum
3040 2563 3149 2602 non
3171 2548 3393 2615 ingruat
3413 2549 3585 2603 malo-

2006 2651 2128 2692 rum
2156 2651 2349 2707 genus,
2391 2638 2660 2692 incutere.
2696 2635 2753 2690 Id
2797 2636 2951 2692 enim
2992 2645 3048 2691 et
3086 2647 3279 2701 metus,
3313 2645 3363 2690 et
3393 2636 3581 2706 fovete.

2004 2737 2054 2782 et
2083 2727 2259 2797 laquei
2296 2727 2615 2783 nominibus
2642 2727 2798 2782 innui
2832 2727 3075 2783 arbitror
3106 2746 3121 2782 ε
3154 2745 3388 2798 quorum
3415 2745 3582 2785 unum

2003 2821 2048 2876 si
2076 2820 2202 2889 quis
2229 2818 2475 2890 etlugiat,
2515 2819 2570 2874 in
2601 2820 2707 2873 alia
2739 2819 3169 2891 incurrat307
3203 2836 3430 2877 necesse
3455 2830 3578 2878 est:

2004 2912 2184 2981 qualia
2226 2921 2352 2981 post
2384 2910 2692 2967 Salvatoris
2719 2925 2940 2967 crucem
2971 2914 3120 2967 mille
3151 2913 3332 2970 modis
3361 2912 3583 2968 Judaeos

2003 3003 2240 3074 experiri
2272 3004 2522 3074 contigit.
2562 3000 2674 3059 Nec
2700 3017 2892 3059 eorum
2915 3017 3139 3058 causam
3180 3003 3422 3067 reticuit,
3455 3018 3589 3059 cum

2003 3096 2120 3151 caeli
2146 3096 2340 3163 ianuas
2370 3096 2627 3165 patuisse,
2660 3094 2713 3148 id
2734 3104 2842 3160 est,
2871 3104 3077 3150 terram
3105 3095 3585 3152 animadversione

2003 3200 2035 3241 a
2086 3185 2318 3242 Domino
2359 3187 2638 3243 visitatam
2690 3200 2817 3241 esse
2869 3184 3094 3254 adjecit.
3144 3184 3281 3240 Cum
3326 3187 3473 3241 enim
3507 3187 3587 3241 ita

2004 3277 2212 3334 scelera
2263 3279 2492 3348 patitur,
2545 3287 2606 3333 ut
2663 3294 2775 3333 non
2826 3279 3032 3333 intueri
3097 3278 3385 3346 videatur,
3449 3287 3587 3335 tunc

2003 3371 2182 3427 claudi
2212 3372 2412 3426 ctelum
2439 3368 2849 3440 quodammodo
2882 3369 3134 3434 dicitur;
3180 3377 3436 3438 tanquam
3460 3368 3585 3423 nul-

2003 3465 2056 3520 lo
2100 3472 2248 3520 metu
2299 3464 2445 3534 leges
2484 3462 2765 3518 violentur
2811 3476 2841 3515 a
2885 3460 3293 3532 peccatoribus.
3336 3462 3406 3515 At
3456 3477 3591 3516 cum

2003 3554 2214 3610 scelera
2255 3552 2568 3618 ulciscitur,
2606 3559 2725 3606 tum
2765 3550 2983 3606 demum
3018 3551 3323 3607 turbatione
3351 3561 3405 3608 et
3442 3562 3593 3606 metu

2002 3645 2346 3715 complentur
2366 3644 2585 3708 omnia;
2607 3650 2661 3697 et
2677 3651 2938 3711 tanquam
2969 3640 3034 3694 ab
3050 3641 3305 3696 ebrietate
3326 3641 3394 3695 ad
3419 3658 3585 3696 omne

2003 3733 2272 3791 malorum
2287 3746 2461 3802 genus
2484 3730 2737 3785 homines
2752 3729 3130 3799 disjiciuttlur,
3151 3731 3288 3784 velut
3312 3730 3579 3802 tugurium

2000 3824 2188 3894 agitati
2236 3830 2292 3878 et
2330 3822 2613 3878 concussi.
2648 3820 2719 3876 Ut
2756 3822 2902 3877 enim
2948 3831 3196 3891 peccatu,
3228 3838 3351 3876 cum
3398 3824 3579 3877 adhuc

1999 3913 2129 3971 ferri
2162 3923 2415 3984 possunt,
2446 3912 2646 3968 tolerat
2684 3912 2974 3975 Dominus,
3035 3914 3116 3967 sic
3143 3927 3334 3967 eorum
3365 3927 3575 3981 pinnas,

1999 4021 2126 4063 cum
2155 4006 2249 4061 illa
2277 4006 2688 4077 ingravescunt,
2721 4004 2936 4073 infligit.

2067 4099 2179 4154 Nec
2226 4110 2356 4153 vero
2402 4096 2744 4160 obscurum,
2804 4095 3004 4149 divina:
3049 4094 3452 4151 incarnationis
3492 4097 3575 4150 fu-

1998 4200 2147 4245 cutm
2170 4197 2277 4252 est,
2301 4186 2444 4255 quod
2470 4199 2659 4240 eorum
2680 4186 2770 4239 ille
2793 4185 3149 4253 impietatem.
3178 4188 3273 4257 qui
3305 4196 3576 4242 creaturae

1997 4279 2203 4349 potius,
2242 4292 2406 4348 quam
2439 4276 2689 4332 Creatori
2723 4276 3047 4331 seriiebant
3088 4278 3154 4341 η,
3196 4279 3251 4333 in
3280 4294 3442 4349 quam
3473 4276 3566 4333 Ju-

1996 4372 2099 4427 daei
2124 4373 2288 4428 etiam
2328 4371 2575 4441 prolapsi
2605 4379 2755 4433 sunt,
2786 4369 3100 4441 dissipavit.
3133 4390 3151 4422 ι
3203 4370 3403 4425 Eorum
3437 4387 3576 4425 usu-

1995 4476 2106 4523 res,
2144 4459 2336 4533 inquit
2363 4457 2658 4523 Jeremias,
2702 4459 2939 4513 farinam
2974 4461 3259 4530 subigunt,
3314 4471 3372 4515 ut
3406 4463 3571 4533 lignis

322 4559 391 4628 τῇ
426 4559 658 4628 στρατιᾷ
697 4557 791 4611 τοῦ
825 4557 1055 4628 οὐρανοῦ
1087 4557 1196 4610 τῶν
1244 4556 1377 4609 υἰῶν
1423 4556 1788 4627 συλλεγόντων
1828 4558 1896 4612 τὰ

2006 4570 2098 4626 per
2121 4554 2265 4611 ﬁlios
2300 4554 2570 4622 collectis,
2593 4556 2829 4625 igneque
2860 4570 2956 4624 per
2973 4564 3159 4625 patres
3191 4571 3447 4622 accenso,
3467 4572 3576 4612 cae.

322 4648 479 4714 ξύλα.
512 4653 608 4704 καὶ
638 4650 748 4705 τῶν
778 4652 1033 4723 Πατέρων
1061 4650 1330 4703 καιόντων
1354 4651 1416 4703 τὸ
1439 4650 1570 4721 πῦρ.
1604 4669 1622 4702 ι
1663 4652 1773 4704 Καὶ
1800 4651 1895 4704 ἄλ·-

321 4740 412 4801 λος
439 4741 497 4794 δὲ
526 4742 812 4812 προφήτης
859 4741 1055 4813 φησίν·
1109 4760 1129 4793 ι
1184 4739 1495 4794 Ἀνελάὸετε
1542 4742 1644 4810 τὴν
1690 4742 1897 4813 σκηνὴν

319 4833 419 4886 τοῦ
447 4833 648 4904 Μολδχ,
683 4834 777 4888 καὶ
800 4836 861 4888 τὸ
890 4835 1089 4904 ἄστρον
1115 4832 1212 4886 τοῦ
1235 4832 1370 4885 Θεοῦ
1394 4831 1550 4900 ὑμῶν
1584 4832 1837 4901 Ῥαιφάν.
1870 4851 1889 4885 ι

332 4924 527 4979 Ἦοῦν
557 4924 770 4989 τούτοις
808 4922 1145 4993 ἐπαγομένη
1184 4924 1315 4992 χεὶρ
1345 4922 1743 4993 διασκεδασμὸν
1788 4922 1898 4977 τῶν

318 5015 494 5070 ταῦτα
520 5018 610 5071 καὶ
641 5019 708 5070 τὰ
745 5017 970 5070 τοιαῦτα
997 5015 1446 5086 προσκυνούντων
1477 5015 1648 5086 δηλοῖ.
1701 5016 1894 5080 Εἰποις

318 5110 367 5162 δ’
395 5109 461 5162 ἂν
489 5113 583 5163 καὶ
621 5112 854 5178 κόσμον
875 5107 1156 5177 οὐρανοῦ,
1179 5107 1386 5160 καὶτὸν
1419 5108 1544 5177 περὶ
1565 5100 1626 5159 οὗ
1655 5107 1891 5177 εἴρηται·

325 5218 347 5253 ι
393 5202 515 5263 Πῶς
543 5202 798 5265 ἐξέπεσεν
833 5203 897 5255 ὲκ
924 5201 1016 5255 τοῦ
1062 5201 1291 5271 οὐρανοῦ
1325 5202 1353 5253 ό
1395 5199 1719 5269 ὲωσφόροςό
1749 5198 1894 5266 πρωϊ

323 5291 648 5357 ἀνατέλλων,
686 5308 705 5342 ι
745 5294 840 5344 καὶ
868 5291 1151 5357 ,ϐασιλεῖς
1201 5290 1314 5359 τῆς
1342 5289 1475 5360 γῆς,
1519 5290 1646 5353 τοὺς
1693 5305 1895 5359 κοσμο-

324 5383 598 5454 κράτορας
654 5382 751 5436 τοῦ
800 5383 995 5446 αἰῶνος
1056 5382 1268 5435 τούτου.
1328 5380 1755 5435 Βεὸασιλεύκασι
1785 5379 1894 5450 γὰρ

280 5534 287 5539 ,
324 5469 432 5539 τῆς
457 5472 592 5542 γῆς,
631 5473 794 5536 ἰδίους
825 5474 884 5524 ἐν
903 5474 1042 5544 αὐτῇ
1085 5473 1466 5544 προσκυνητὰς
1493 5474 1891 5541 ἀποφήναντες,

321 5561 417 5629 οὓς
438 5565 502 5633 δὴ
541 5563 898 5635 κατέπεμψεν
934 5565 963 5616 ό
997 5564 1233 5632 Χριστὸς
1273 5565 1353 5625 εἰς
1397 5564 1458 5614 τὸ
1485 5565 1582 5632 τῆς
1621 5561 1893 5624 κολάσεως

322 5656 721 5727 δεσμωτήριον,
748 5655 799 5709 οἳ
833 5657 927 5709 καὶ
960 5654 1322 5726 παρεκάλουν,
1368 5654 1455 5707 ἵνα
1495 5653 1571 5722 μὴ
1614 5652 1893 5724 προστάξῃ

405 5835 448 5866 ³⁸
475 5833 636 5891 Joau.
672 5850 725 5900 v,
753 5834 841 5890 46.
916 5835 1138 5891 "Rom.
1174 5835 1320 5901 ωδ.
1396 5835 1654 5889 ".lcretn.
1695 5850 1788 5898 vn,
1828 5831 1914 5885 18.

1992 4646 2171 4702 lorum
2197 4648 2404 4703 militiae
2436 4647 2718 4717 placentas
2746 4648 2943 4703 faciam
2975 4647 3040 4703 ¹³.
3081 4666 3101 4700 ι
3136 4651 3199 4702 Et
3229 4649 3373 4704 alius
3404 4651 3570 4704 etiam

1996 4741 2262 4810 propheta
2312 4758 2386 4795 τι
2435 4739 2725 4795 Extulistis
2776 4741 3202 4795 tabernaculum
3255 4741 3468 4797 Moloch
3516 4754 3571 4798 et

2000 4831 2158 4887 sidus
2184 4830 2278 4886 Dei
2303 4834 2470 4887 vestri
2498 4831 2747 4900 liaiphan
2781 4832 2842 4883 “.
2881 4851 2901 4884 ι
2933 4832 3135 4887 Eorum
3162 4849 3317 4904 ergo,
3349 4837 3443 4906 qui
3468 4836 3574 4890 ista

1995 4932 2050 4979 et
2082 4925 2283 4978 similia
2317 4924 2572 4988 adorant,
2611 4925 3062 4994 dissipationem,
3093 4928 3147 4979 in
3185 4927 3321 4983 istos
3353 4927 3572 4981 inducta

1994 5033 2183 5070 manas
2219 5016 2512 5086 signiﬁcat.
2548 5014 2739 5072 Possis
2778 5033 2909 5071 vero
2936 5028 2991 5073 et
3020 5017 3139 5071 τιοίὲ
3172 5030 3568 5087 ornamentum,

1994 5126 2118 5166 cum
2153 5111 2354 5180 ipsum,
2396 5108 2466 5164 de
2506 5124 2617 5176 quo
2663 5111 2867 5164 dictum
2920 5112 3154 5180 legimus
3189 5133 3202 5168 :
3237 5112 3398 5191 ..ραι
3429 5113 3568 5166 ueto

1994 5202 2199 5257 decidit
2248 5198 2445 5254 lucifer
2490 5214 2652 5256 mane
2689 5203 2944 5257 exoriens
2985 5203 3049 5267 ⁸⁵,
3103 5221 3121 5254 ι
3169 5204 3492 5272 intelligere,
3515 5215 3568 5257 et

1996 5308 2143 5362 reges
2198 5300 2396 5351 terra’,
2447 5288 2752 5345 tntmdanas
2788 5291 2951 5358 hujus
2998 5292 3190 5364 saeculi
3238 5300 3564 5361 potestates.

2002 5381 2177 5435 Terra:
2206 5380 2348 5432 enim
2370 5389 2424 5433 et
2467 5379 2575 5432 illm
2604 5380 2958 5447 imperarunt,
2993 5397 3234 5450 suosque
3260 5381 3313 5436 in
3343 5397 3406 5438 ea
3438 5382 3572 5438 ado-

2001 5483 2210 5524 ratores
2258 5470 2566 5523 habuerunt
2596 5485 2611 5531 ;
2655 5472 2748 5523 sed
2780 5472 2831 5522 in
2862 5471 3090 5525 ultionis
3130 5474 3353 5528 tandem
3384 5490 3571 5528 carce-

1998 5576 2113 5613 rem
2148 5575 2244 5628 per
2265 5558 2543 5613 Christum
2570 5556 2826 5622 detrusaé,
2864 5559 3114 5612 eumdem
3145 5570 3385 5628 prcontte
3418 5576 3568 5626 sunt,

1999 5667 2068 5705 ne
2110 5666 2168 5706 se
2216 5651 2271 5705 iu
2320 5649 2578 5720 abyssum
2619 5648 2838 5719 juberet
2878 5648 3219 5707 descendere
3271 5654 3338 5708 ¹⁶.
3382 5655 3573 5722 Neque

1996 5832 2039 5861 “
2067 5831 2232 5886 Aluos
2264 5846 2314 5895 ι’,
2343 5830 2453 5883 εδ.
2501 5828 2543 5859 ’³
2574 5828 2677 5882 lsa.
2713 5845 2822 5894 xiv,
2859 5829 2939 5884 l2.
3012 5829 3056 5861 ¹⁸
3095 5828 3283 5884 Matth.
3328 5844 3444 5895 vili,
3473 5827 3559 5884 τι.
