4022 6210
250 1784 281 1805 ι

335 340 476 406 9.197
580 336 583 337 ⁷

1427 347 1957 412 COMMENTARII
2023 342 2107 408 IN
2142 346 2427 409 ISAIAM.

3443 343 3588 407 2H8

330 453 661 528 οἰκουμένης
690 455 891 527 χωοία,
916 456 1255 529 ἐρημοῦσθαι
1275 461 1338 515 τδ
1363 464 1464 534 τῆς
1485 465 1587 534 γῆς
1614 464 1904 518 ἀκόλουθον

2008 450 2328 532 potiuntur,
2380 457 2791 530 praetermissis.
2834 459 2904 516 lis
2948 467 3166 525 autem,
3209 458 3304 531 qui
3341 458 3395 513 in
3437 467 3588 512 terra

325 538 399 614 ἦν
425 544 766 617 οἰκητήριον,
798 547 908 600 τῶν
936 549 1294 604 ἐνοικούντων
1330 550 1505 607 ἄλλων
1545 553 1736 607 ἄλλοσε
1784 553 1904 606 δια-

331 636 650 707 σπαρέντων
677 640 757 701 εἱς
779 639 945 708 ἕτερα
964 639 1058 692 τοῦ
1094 640 1304 712 κόσμου
1332 643 1538 713 χωρία,
1571 645 1711 697 κατὰ
1744 643 1904 711 λόγον

324 725 440 776 τῶν
471 726 701 780 ἑκάστου
735 727 1008 796 πράξεων.
1040 730 1236 784 Πολλαὶ
1268 732 1380 802 γὰρ
1429 734 1593 800 μοναὶ
1641 733 1793 804 παρὰ
1827 733 1905 803 τῷ

328 812 528 883 Πατρὶ,
575 815 713 884 πρός
769 833 828 869 τε
861 817 960 888 τὴν
1010 820 1266 875 ἁπάντων
1311 821 1600 894 ὑποδοχὴν,
1656 825 1751 878 καὶ
1793 825 1905 877 τῶν

328 901 552 958 πώποτε
587 909 895 976 γενομένων
942 912 971 963 ὁ
1017 913 1220 982 κόσμος
1258 914 1438 984 ἀρκεῖ,
1466 917 1758 970 σκοτεινῶν
1806 917 1905 987 μὲν

327 996 548 1065 χωρίων
597 998 1008 1070 ὑποδεχομένων
1027 1003 1154 1067 τοὺς
1184 1005 1424 1072 ἀσεϐεῖς,
1461 1005 1601 1060 κατὰ
1638 1008 1699 1060 τό
1722 1023 1737 1038 ·
1773 1007 1904 1061 Εἰσ-

325 1084 648 1142 ελεύσονται
668 1091 749 1153 εὶς
768 1090 836 1142 τὰ
856 1091 1148 1148 κατώτατα
1173 1095 1272 1164 τῆς
1292 1096 1416 1165 γῆς,
1435 1096 1905 1169 παραδοθήσονται

323 1175 410 1238 είς
429 1178 615 1248 χεῖρας
638 1179 930 1247 ῥομφαίας.
953 1183 1187 1252 Μερίὸες
1209 1187 1512 1242 ἀλωπέκων
1531 1187 1771 1252 ἔσονται,
1796 1189 1905 1242 τῶν

321 1261 385 1317 δὲ
437 1266 680 1319 εὐσεϐῶν
710 1271 1186 1341 άρπαγησομένων
1211 1276 1271 1327 έν
1313 1276 1587 1344 νεφέλαις,
1619 1279 1704 1343 είς
1726 1279 1904 1332 ἁπάν-

283 1370 518 1476 Ξῖᾶῗῖῗὲῗ..
538 1356 985 1476 ἷῗῗ.¹ξὶ³.ίῗξῖ³.ἶ¹..ῗίς
1018 1361 1181 1431 “9"
1231 1364 1327 1418 καὶ
1370 1364 1516 1420 ⁰δτ¹³³
1544 1368 1778 1423 πάντ⁰τ⁸
1806 1369 1906 1424 σὺν

286 1443 300 1547 ξ
323 1443 519 1516 Κυρίῳ
546 1447 945 1516 γενησομένων.

288 1583 302 1649 Ξ
402 1618 734 1686 Πρόσωπον
776 1622 832 1676 δὲ
861 1621 972 1703 τῆς
1011 1622 1126 1695 γῆς
1166 1626 1265 1698 τὴν
1325 1629 1648 1697 ἐπιφάνειαν
1696 1630 1902 1703 ταύτης

2007 559 2159 615 sunt,
2189 550 2476 621 judicatis,
2503 549 2628 605 etin
2659 550 2794 604 alias
2820 551 2971 605 orbis
2993 552 3245 620 regiones
3277 550 3584 614 translatis,

2008 641 2185 715 ipsqm
2234 642 2401 696 etiam
2446 650 2606 696 terrm
2648 639 2989 695 domicilium
3038 641 3317 696 desertum
3363 656 3586 696 manere

2006 748 2236 788 necesse
2264 739 2371 797 est,
2421 731 2644 800 quando
2682 732 2775 800 qui
2814 730 2951 784 illud
2993 730 3308 785 incolebant
3339 721 3395 785 in
3443 732 3587 787 alias.

2006 834 2170 893 atque
2209 824 2347 877 alias
2376 824 2677 893 regiones,
2727 836 2828 891 pro
2875 820 3142 890 cujusque
3192 820 3463 877 factorum
3494 840 3583 878 ra-

2005 915 2174 980 tione,
2214 914 2459 984 dispergi
2489 915 2743 983 contigit.
2790 913 2971 969 Multae
3004 913 3149 968 enim
3184 913 3329 983 apud
3364 914 3583 970 Patrem

2006 1005 2318 1061 mansiones
2346 1006 2393 1038 “
2430 1024 2444 1061 :
2481 1013 2536 1061 et
2568 1007 2635 1060 ad
2671 1020 2888 1067 omnes,
2918 1013 3188 1074 quotquot
3214 1021 3455 1075 unquam
3481 1023 3579 1063 ex-

2007 1098 2292 1161 stiterunt,
2319 1098 2695 1166 excipiendos,
2733 1097 2972 1151 mundus
2996 1097 3117 1166 ipse
3145 1097 3287 1154 satis
3318 1105 3402 1153 est
3430 1116 3445 1153 :
3480 1114 3580 1169 pa-

2008 1190 2141 1245 ratis
2170 1190 2389 1259 quidem
2419 1189 2487 1244 ad
2510 1190 2808 1259 impiorum
2841 1188 3003 1243 sedes
3050 1189 3315 1253 tenebris,
3346 1204 3485 1259 quos
3523 1193 3579 1245 in
3682 1215 3693 1227 -

2005 1280 2222 1336 intimas
2260 1287 2422 1336 terra:
2448 1288 2635 1350 partes
2670 1278 2941 1342 abituros,
2978 1279 3146 1348 inque
3188 1294 3388 1334 manus
3416 1279 3605 1348 gladii.

2007 1371 2238 1427 traditos
2264 1371 2509 1440 vulpium
2538 1379 2724 1439 partes
2757 1368 2876 1424 fere
2906 1369 3175 1441 scriptum
3208 1377 3294 1423 est
3313 1369 3378 1423 "’.
3405 1367 3580 1426 Justis

2005 1470 2187 1517 autem
2225 1463 2278 1539 in
2315 1464 2491 1517 nubes
2524 1461 2845 1531 assumptis.
2878 1471 2939 1514 ut
2977 1460 3033 1514 in
3075 1475 3185 1515 aere
3221 1458 3462 1515 Domino
3484 1475 3581 1515 oc-

2004 1562 2291 1610 currentes
2320 1568 2445 1608 cum
2478 1552 2671 1607 eodem
2704 1558 2970 1622 perpetuo
2999 1550 3202 1622 degant
3226 1550 3293 1603 ’⁸.

2074 1646 2231 1714 Quod
2262 1646 2462 1702 deinde
2495 1655 2651 1701 terrae
2688 1644 2877 1714 faciem
2909 1643 3069 1709 dixit,
3103 1640 3350 1710 ejusdem
3386 1660 3619 1717 super-<9

329 1709 613 1767 ἐκάλεσεν.
662 1702 1171 1772 Ἀνακαλύπτεται
1213 1720 1272 1773 δὲ
1299 1720 1408 1774 τῶν
1455 1724 1512 1774 ὲν
1564 1724 1701 1794 αὐτῇ
1731 1702 1896 1778 κεκα-

2006 1738 2182 1794 ﬁciem
2216 1736 2549 1808 designavit,
2588 1750 2711 1806 qua:
2759 1744 2871 1788 tum
2920 1732 3142 1789 revelari
3176 1734 3410 1797 dicetur,
3452 1750 3581 1789 cum

324 1798 620 1897 2.099sva
653 1803 1007 1875 ἀναγομένων
1032 1808 1114 1870 τίς
1143 1807 1259 1877 φῶς
1294 1811 1434 1863 κατὰ
1469 1812 1567 1883 τὴν
1596 1814 1660 1866 ὲκ
1689 1815 1902 1884 νεκρῶν

2006 1831 2190 1886 cuncti
2219 1830 2275 1885 in
2299 1829 2478 1885 lucem
2505 1825 2931 1883 resurrectionis
2951 1834 3197 1896 tempore
3222 1817 3575 1897 prodeuntes.

325 1891 644 1960 ἀναϐίωσιν,
674 1894 797 1965 μεθ’
839 1896 907 1966 ἢν
932 1897 1173 1963 ἅπαντες
1212 1901 1291 1971 τῷ
1330 1902 1426 1955 τοῦ
1454 1904 1693 1975 Χριστοῦ
1726 1923 1905 1976 παρα-

331 1983 623 2055 στήσονται
653 1985 883 2056 βήματι,
911 1988 1126 2054 δικαίας
1146 1991 1326 2063 ψήφου
1353 1996 1714 2065 τυγχάνοντες
1735 2000 1904 2070 χωρὶς

327 2075 791 2146 προσωποληψίας
817 2079 927 2138 τῶν
958 2082 1015 2133 έν
1062 2082 1371 2155 ἀξιώμασιν
1404 2088 1438 2158 ἢ
1464 2088 1680 2161 πλούτῳ
1704 2090 1903 2161 διαφα-

325 2166 456 2220 νῶν.
489 2165 564 2221 Τὸ
588 2168 696 2241 γάρ
720 2170 835 2225 ἴσον
857 2171 1013 2228 ἔσται
1061 2179 1197 2231 πᾶσι
1225 2182 1562 2251 κρινομένων
1590 2184 1768 2252 μόνων
1796 2186 1903 2240 τῶν

323 2256 601 2326 λογισμῶν
626 2277 685 2313 τε
710 2262 804 2314 καὶ
828 2262 1102 2331 πράξεων.
1149 2268 1260 2322 Καὶ
1301 2269 1420 2323 ’1ὼὸ
1450 2271 1509 2326 δέ
1554 2290 1717 2343 φησι·
1756 2293 1775 2326 ι
1799 2277 1905 2330 Μι-

326 2350 459 2422 x96;
480 2351 576 2405 atat
602 2352 775 2423 μέγας
813 2354 930 2408 ἐκεῖ
956 2358 1094 2421 ἐστι,
1129 2359 1224 2412 καὶ
1262 2360 1520 2432 θεράπων
1549 2364 1611 2418 οὐ
1649 2365 1904 2430 δεδοικὼς

325 2442 421 2495 τὸν
444 2442 649 2512 Κύριον
677 2444 863 2502 αὑτοῦ.
895 2466 915 2499 ι
937 2448 1070 2516 Γῆν
1095 2451 1152 2504 δὲ
1183 2451 1605 2521 φθαρήσεσθαι
1625 2472 1756 2526 φησι
1775 2460 1904 2521 τοὺς

326 2533 391 2586 τὸ
417 2535 620 2602 γεῶδες
660 2536 881 2606 ἔχοντας
917 2542 1194 2612 φρόνημα,
1230 2546 1373 2599 κατὰ
1406 2548 1468 2599 τό
1488 2564 1503 2579 ·
1542 2566 1562 2598 σ
1586 2548 1663 2619 Γῆ
1704 2545 1774 2616 εἴ,
1808 2552 1904 2606 καὶ

328 2625 412 2688 εἰς
439 2624 548 2695 γῆν
578 2626 873 2700 ἀπελεύσῃ.
903 2648 922 2682 ι
955 2633 1067 2685 Καὶ
1099 2634 1186 2685 τό·
1230 2653 1249 2686 ι
1272 2635 1331 2688 '0
1363 2636 1578 2707 πρῶτος
1616 2638 1905 2709 ἄνθρωπος

328 2715 395 2770 ἔκ
420 2716 523 2786 γῆς
554 2720 803 2787 χοῖκὸς,δ
834 2721 1085 2794 δεύτερος
1121 2725 1182 2790 ἐξ
1209 2726 1438 2797 οὐρανοῦ
1465 2732 1850 2800 πνευματικὸς,
1878 2751 1898 2784 ι

331 2810 427 2860 καὶ
456 2808 524 2861 τά
564 2809 724 2880 έξῆςο
773 2813 893 2883 μεθ’
922 2814 959 2868 ἆ
988 2832 1153 2885 φησν
1194 2834 1213 2868 t
1245 2817 1392 2888 Σὰρε
1434 2821 1532 2874 καὶ
1569 2816 1711 2890 αἷμα
1743 2822 1903 2894 βασι-

329 2895 481 2952 λείαν
506 2898 641 2953 Θεοῦ
670 2900 1071 2974 κληρονομῆσαι
1089 2905 1151 2959 οὐ
1173 2906 1487 2964 δύνανται.»
1512 2911 1648 2964 οιδι
1673 2913 1903 2969 τοιοῦτοι

324 2990 394 3059 τῇ
425 2989 633 3043 ἑαυτῶν
678 2992 867 3063 φθορᾷ
905 2996 1335 3065 φθαρήσονται.
1382 3000 1599 3072 Σειραῖς
1654 3003 1763 3075 γὰρ
1794 3007 1903 3062 τῶν

2000 1920 2227 1976 Christo
2261 1920 2316 1974 in
2348 1918 2614 1974 tribunali
2659 1918 2909 1982 sedente,
2951 1916 3099 1970 nulla
3132 1915 3217 1970 vel
3248 1915 3576 1987 dignitatum

2000 2013 2090 2067 vel
2120 2012 2436 2068 divitiarum
2475 2010 2656 2064 habita
2694 2011 2929 2072 ratione,
2967 2007 3175 2078 justam
3206 2005 3328 2076 ejus
3357 2014 3578 2063 senten-

2002 2102 2134 2156 tiam
2179 2099 2421 2155 audituri
2463 2109 2590 2156 sunt
2622 2100 2688 2152 ’⁸.
2742 2096 2856 2152 Erit
2896 2101 3041 2152 cnim
3087 2097 3275 2152 eadem
3320 2098 3577 2152 omnibus

2002 2192 2272 2258 coruditio,
2303 2192 2440 2247 solis
2484 2191 2651 2246 animi
2695 2199 2750 2246 et
2796 2190 3049 2258 corporis
3093 2189 3148 2243 in
3178 2189 3369 2255 judicii
3412 2190 3580 2243 ratio-

2004 2299 2129 2337 nem
2169 2282 2517 2337 venientibus
2565 2279 2902 2335 actionibus.
2946 2279 3023 2332 De
3070 2293 3128 2332 re
3167 2280 3271 2332 ista
3310 2277 3391 2330 sic
3433 2276 3576 2345 apud

2002 2373 2200 2428 Jobum
2222 2374 2490 2444 legimus:
2520 2391 2540 2425 ι
2563 2371 2796 2441 Magnus
2817 2379 2872 2425 et
2896 2382 3101 2439 parvus
3132 2366 3204 2422 ibi
3228 2373 3447 2431 sunt,et
3470 2382 3577 2420 ser-

2002 2480 2107 2519 vus
2132 2478 2242 2519 non
2262 2464 2463 2520 timens
2491 2460 2776 2516 dominum
2796 2476 2958 2516 suum
2975 2459 3041 2511 ³⁰.
3068 2476 3087 2510 ι
3104 2459 3191 2511 At
3212 2457 3354 2525 quod
3380 2466 3575 2510 terram

2004 2563 2310 2623 corruptam
2354 2554 2423 2608 iri
2470 2552 2634 2616 dixit,
2663 2567 2762 2608 eos
2803 2551 2894 2622 qui
2944 2561 3163 2605 terrena
3205 2548 3448 2618 sapiunt,
3481 2546 3575 2601 de-

2004 2645 2272 2717 signavit;
2311 2645 2469 2713 juxta
2499 2643 2633 2698 illud
2663 2661 2677 2696 :
2710 2660 2730 2695 ι
2761 2642 2929 2697 Terra
2961 2654 3042 2707 es,
3079 2646 3135 2695 et
3168 2639 3223 2693 in
3254 2646 3458 2692 terram
3493 2653 3575 2690 re-

2003 2738 2234 2793 verteris
2266 2737 2333 2792 ⁸¹.
2380 2755 2400 2789 t
2464 2734 2670 2791 Deinde
2711 2753 2725 2789 :
2774 2752 2794 2787 ι
2825 2732 3045 2788 Primus
3094 2730 3260 2786 homo
3310 2729 3379 2785 de
3433 2737 3573 2783 terra

2006 2834 2292 2892 terrenus,
2345 2826 2626 2885 secundus
2678 2833 2864 2880 autem
2922 2822 2991 2878 de
3042 2822 3185 2876 coelo
3234 2818 3579 2885 ctelestis",»

2005 2926 2333 2990 ceteraque,
2359 2934 2483 2989 quae
2511 2925 2838 2988 sequuntur.
2869 2913 3083 2982 Quibus
3113 2912 3304 2981 adjicit
3330 2929 3345 2966 :
3384 2909 3576 2963 rCaro

2004 3017 2061 3066 et
2089 3010 2317 3080 sanguis
2342 3024 2575 3079 regnum
2610 3007 2703 3064 Dei
2737 3007 3018 3079 possidere
3049 3019 3158 3059 non
3192 3010 3425 3074 possunt
3449 3002 3513 3056 ³⁸.
3551 3021 3571 3053 ι

327 3077 528 3171 ἑαυτοῦ
561 3081 972 3171 ἁμαρτημάτων
1001 3086 1226 3152 ἕκαστος
1262 3089 1570 3159 σφίγγεται.
1615 3094 1704 3158 Ὠς
1730 3098 1841 3168 γὰρ
1869 3099 1902 3168 ή

2008 3100 2113 3167 Qui
2169 3077 2335 3171 igitur
2385 3077 2661 3170 ejusmodi
2740 3077 2891 3158 sunt,
2932 3109 3032 3151 sua
3087 3093 3189 3164 ipsi
3243 3093 3576 3160 corruptione

326 3168 487 3236 σὰρξ
515 3170 606 3240 ὑφ’
630 3165 799 3243 οὗπερ
845 3174 905 3240 ἐξ
931 3177 1101 3248 αὐτῆς
1152 3180 1325 3251 ἀνῆψε
1359 3183 1600 3253 πυρετοῦ
1637 3165 1902 3258 διαφθει-ζ

320 3277 523 3328 parat,
575 3262 748 3327 οὕτως
793 3267 843 3319 οἱ
879 3267 1310 3338 θησαυρίσαντες
1355 3275 1567 3341 ἑαυτοῖς
1621 3278 1790 3351 ὀργὴν
1840 3283 1902 3335 ἐν

328 3350 512 3424 ήμέρᾳ
558 3353 732 3425 ὀργῆς
778 3356 1158 3428 διεφθορότες
1196 3363 1296 3428 τὰς
1324 3365 1525 3437 ψυχάς,
1581 3372 1648 3441 τῇ
1694 3350 1904 3427 ἑαυτῶν

328 3441 723 3515 παραδοθέντες
753 3448 944 3518 φθορᾷ
972 3450 1422 3526 κολασθήσονται,
1456 3458 1615 3531 δίκην
1640 3462 1905 3533 εἰσπρατ-

328 3537 572 3605 τομένων
632 3540 729 3593 καὶ⁵
780 3540 1062 3614 δυνάμεων
1114 3562 1312 3612 τινων,
1375 3549 1433 3603 αἶ
1483 3549 1695 3621 δημίων
1746 3553 1904 3623 λόγον

335 3627 638 3697 ἐπέχουσιν,
669 3630 719 3683 οἳ
752 3634 1064 3703 προνομήν
1092 3653 1226 3691 τινα
1254 3639 1615 3706 ποιήσονται
1656 3643 1907 3713 διαρπά-

334 3714 531 3786 (masc
560 3721 739 3775 αὐτῶν
783 3724 881 3790 τὰς
912 3725 1111 3798 ψυχάς,
1140 3728 1229 3783 ὅτε
1266 3732 1358 3784 καὶ
1398 3735 1818 3802 πενθήσουσιν
1854 3740 1904 3792 ol

332 3810 561 3877 πένθους
591 3812 718 3882 ἀξια
740 3818 1067 3886 πράξαντες.
1104 3822 1214 3893 Τὴν
1241 3823 1539 3895 εἰρημένην
1567 3826 1624 3879 δὲ
1652 3828 1906 3882 πενθοῦ-

330 3918 454 3955 σαν
477 3904 573 3957 καὶ
601 3908 942 3975 φθαρεῖσαν
968 3911 1211 3982 ἐδήλωσε
1240 3912 1368 3983 γῆν,
1398 3913 1570 3967 εἰπὼν
1602 3916 1654 3969 ei
1673 3918 1906 3985 ὑψηλοί

331 3990 443 4060 τῆς
480 3994 627 4062 τῆςο
653 3996 876 4063 τούτους
904 4002 1013 4071 γὰρ
1044 4000 1176 4065 Θεὸς
1209 4003 1420 4072 μέτεισι
1451 4005 1688 4075 μάλιστα
1711 4007 1903 4079 (61:69-

328 4082 558 4148 ntpdvou;
590 4085 699 4158 γὰρ
732 4087 1165 4163 ἀντιτάσσεται)ο
1200 4093 1250 4146 οἳ
1303 4093 1399 4146 καὶ
1430 4093 1779 4165 άνομοῦντες,
1805 4095 1906 4168 τὴν

328 4174 435 4245 γῆν
466 4177 790 4247 ἐπλήρωσαν
823 4182 1069 4252 αἱμάτων
1099 4184 1195 4237 καὶ
1225 4184 1413 4255 φόνου.

417 4268 489 4323 Ἠ
525 4266 603 4338 τῆ
631 4270 762 4341 γὰρ,
814 4276 980 4344 φησὶν
1033 4276 1063 4328 6
1106 4275 1426 4347 Σύμμαχος,
1450 4278 1903 4349 ἐφονοκτονήθη

331 4358 455 4413 ὑπὸ
515 4359 635 4415 τῶν
683 4367 1119 4421 κατοικούντων
1167 4368 1380 4433 αὑτήν.
1442 4371 1557 4424 Καὶ
1612 4369 1712 4441 τῆς
1772 4371 1905 4441 φθο-

336 4451 436 4520 ρᾶς
489 4450 589 4523 τὴν
641 4454 822 4508 αἰτίαν
875 4455 1201 4527 ἐπήνεγκεν,
1246 4458 1336 4512 ὅτι
1392 4458 1749 4530 παρέϐησαν
1794 4462 1905 4517 τὸν

332 4540 539 4611 νόμον.
569 4544 675 4597 Τὸν
707 4546 937 4613 φυσικὸν
988 4547 1098 4620 γάρ
1134 4550 1228 4604 τὸν
1276 4550 1502 4606 δοθέντα
1535 4553 1671 4606 πᾶσι
1717 4556 1911 4623 νόμον

332 4632 686 4702 παρέϐησαν
728 4635 1012 4705 ἅπαντες,
1043 4641 1133 4693 τδν
1179 4642 1525 4712 ἐγγραφέντα
1557 4646 1678 4708 ταῖς
1727 4646 1910 4700 αὐτῶν

331 4724 616 4791 διανοίαις,
643 4726 789 4782 καθά
824 4747 986 4800 φησιν
1017 4734 1046 4786 ὁ
1090 4733 1322 4796 Παῦλος·
1349 4735 1500 4787 ι”Οτ’
1526 4733 1594 4788 ἂν
1643 4736 1748 4807 γὰρ
1779 4738 1906 4808 ἔθνη

329 4815 399 4868 τά
431 4815 507 4887 μὴ
555 4819 719 4888 νόμον
769 4819 960 4890 ἔχοντα
1006 4821 1166 4891 φύσει
1204 4823 1272 4875 τά
1312 4815 1410 4877 τοῦ
1450 4824 1619 4895 νόμον
1658 4825 1908 4892 ποιῶσιν,

330 4898 478 4959 οὗτοι
527 4908 690 4967 νόμον
724 4910 800 4981 μὴ
836 4910 1091 4982 ἔχοντες,
1145 4915 1361 4977 ἑαυτοῖς
1420 4916 1561 4968 είσιν
1600 4915 1784 4986 νόμος.
1811 4916 1905 4969 Οἴ-

333 5011 475 5058 τινες
507 4997 875 5054 ἐνδείκνυνται
907 5002 969 5054 τὸ
998 5000 1158 5073 ἔργον
1189 5003 1284 5056 τοῦ
1325 5004 1493 5075 νόμον
1551 5008 1795 5075 γραπτὸν
1851 5008 1908 5060 ἐν

328 5087 451 5149 ταῖς
480 5088 731 5158 καρδίαις
765 5091 962 5145 αὐτῶν.
997 5112 1017 5146 s
1050 5093 1224 5147 Τοῦτο
1250 5094 1306 5148 δὲ
1342 5096 1437 5150 καὶ
1469 5095 1560 5149 διὰ
1593 5097 1691 5163 τῆς
1724 5096 1907 5151 Ἰωάνα

330 5194 423 5230 νου
451 5178 705 5248 δηλοῦται
738 5183 922 5252 φωνῆς
944 5184 1234 5255 εἰρημένον
1277 5187 1407 5257 περὶ
1448 5184 1544 5240 τοῦ
1583 5186 1910 5257 μονογενοῦς

334 5269 466 5324 Υίοῦ
494 5270 590 5325 τοῦ
620 5273 777 5339 Θεοῦ,
802 5275 885 5328 ὅτι
907 5271 976 5347 ἦν
999 5276 1061 5330 τὸ
1092 5277 1208 5346 φῶς
1235 5278 1295 5330 τὸ
1320 5277 1573 5347 ἀληθινὸν
1591 5319 1605 5344 ,
1627 5278 1657 5331 ὃ
1681 5279 1907 5347 φωτίζει

334 5362 513 5416 πάντα
539 5362 827 5436 ἄνθρωπον
876 5367 1169 5438 ἐρχόμενον
1218 5371 1299 5432 είς
1329 5370 1423 5423 τὸν
1465 5370 1689 5440 κόσμον.
1730 5372 1905 5425 Τοῦτο

302 5450 388 5504 ’δὲ
419 5454 514 5507 καὶ
542 5456 685 5510 κατὰ
706 5456 800 5510 τὸν
836 5457 938 5528 τῆς
972 5458 1266 5530 ἐπιδημίας
1292 5459 1484 5529 γέγονε
1512 5460 1723 5530 χρόνον,
1753 5460 1896 5515 κατὰ

1928 4420 1983 4480 D

2004 3202 2431 3260 corrumpantur,
2464 3205 2589 3245 cum
2621 3187 2740 3244 suis
2770 3199 3046 3257 quemque
3075 3193 3422 3255 peccatorum
3451 3182 3577 3236 viu-

2004 3285 2149 3340 culis
2183 3283 2488 3354 constringi
2520 3290 2733 3338 certum
2765 3282 2856 3337 sit.
2889 3277 2962 3335 Ut
2993 3278 3138 3334 enim
3171 3292 3295 3332 caro
3332 3292 3363 3330 a
3404 3273 3578 3336 febre.

2004 3390 2170 3446 quam
2229 3390 2298 3430 ex
2363 3390 2423 3430 se
2471 3372 2722 3429 accendit
2767 3370 3164 3438 corrumpitur,
3217 3368 3297 3423 sic
3334 3364 3429 3436 qui
3469 3363 3576 3420 sibi

2006 3465 2143 3521 iram
2174 3466 2230 3521 in
2259 3465 2355 3521 illo
2381 3465 2478 3520 ira:
2508 3463 2598 3518 die
2634 3462 3009 3524 cumularunt,
3053 3458 3184 3530 quia
3221 3457 3436 3511 animas
3465 3453 3571 3510 sibi

2005 3566 2374 3642 corruperunt,
2403 3564 2457 3611 et
2487 3570 2603 3612 sua
2634 3555 2735 3626 ipsi
2777 3552 3107 3623 corruptiont'
3148 3547 3337 3604 traditi
3383 3560 3577 3618 ptenas

2006 3648 2077 3702 iis
2095 3640 2464 3716 potestatibus
2485 3645 2721 3709 dabunt,
2742 3659 2863 3714 quae
2885 3650 3143 3697 tortorum
3165 3640 3363 3701 instar,
3385 3654 3581 3693 eorum

2005 3740 2222 3796 animas
2267 3739 2538 3804 diripiant,
2567 3752 2694 3793 cum
2732 3746 2788 3791 et
2831 3737 2935 3807 ipsi
2981 3733 3247 3805 lugebant,
3287 3733 3376 3802 qui
3428 3733 3581 3786 luctu

2005 3828 2171 3900 digna
2205 3837 2512 3899 patrarunt.
2542 3828 2698 3895 Quod
2737 3837 2920 3883 autem
2958 3824 3123 3897 διο
3156 3834 3308 3879 terra:
3347 3824 3585 3879 excelsos

2005 3919 2237 3987 addidit,
2281 3935 2404 3976 eam
2447 3935 2612 3991 quam
2647 3920 2823 3990 lugere
2851 3926 2903 3972 et
2937 3930 3241 3986 corruptam
3271 3930 3395 3970 esse
3431 3916 3578 3970 dixi-

2004 4025 2152 4076 mus,
2191 4019 2397 4066 terram
2432 4009 2784 4081 signiﬁcavit.
2815 4006 2929 4062 Hos
2970 4007 3114 4061 enim
3162 4003 3437 4075 praecipue
3469 4004 3577 4057 Do-

2007 4100 2189 4156 minus
2241 4100 2496 4171 superbis
2546 4099 2809 4156 resistere
2861 4092 3131 4162 solitus“,
3153 4094 3243 4166 qui
3265 4092 3478 4150 scelere
3524 4103 3581 4149 et

2005 4192 2278 4263 sanguine
2313 4201 2517 4247 terram
2554 4191 2930 4262 repleverunt,
2966 4186 3252 4245 adoritur.

2080 4287 2246 4343 Terra
2275 4286 2443 4349 enim.
2473 4285 2553 4341 ait
2578 4283 2962 4355 Symmachus,
2987 4296 3022 4334 a
3054 4279 3164 4333 suis
3189 4276 3577 4333 habitatoribus

2007 4378 2148 4432 aede
2190 4377 2554 4431 contaminata
2590 4382 2695 4431 est.
2729 4370 2903 4443 Cujus
2943 4384 3047 4426 nec
3075 4382 3299 4423 causam
3331 4368 3575 4425 reticuit.

2006 4484 2132 4524 cum
2175 4468 2336 4538 legem
2357 4480 2471 4520 esse
2515 4473 2875 4530 transgressos
2927 4457 3160 4513 addidit.
3202 4454 3390 4526 Legem
3431 4458 3576 4510 enim

2006 4567 2220 4613 natura:
2240 4555 2503 4612 omnibus
2533 4554 2817 4619 traditam,
2841 4558 2896 4606 et
2924 4550 3198 4605 mentibus
3222 4550 3379 4619 ipsis,
3411 4546 3583 4601 Paulo

2005 4657 2167 4713 teste,
2216 4648 2562 4717 inscriptam,
2618 4659 2778 4700 nemo
2827 4650 2934 4708 est,
2989 4643 3081 4711 qui
3139 4659 3242 4698 non
3289 4643 3360 4695 sit
3406 4651 3585 4701 trans-

2004 4754 2235 4810 gressus.
2268 4758 2287 4791 t
2311 4739 2449 4794 Cum
2474 4737 2624 4793 enim
2646 4744 2860 4807 gentes.
2878 4752 3001 4804 quae
3024 4736 3197 4805 legem
3225 4750 3332 4789 non
3355 4719 3581 4798 habent,

2011 4839 2203 4882 natura
2231 4829 2394 4892 duce.
2418 4842 2542 4898 qua
2563 4827 2702 4898 legis
2724 4834 2877 4890 sunt,
2900 4825 3138 4893 faciant;
3170 4827 3285 4896 lege
3307 4836 3581 4887 carentes,

2004 4918 2091 4973 lex
2125 4919 2257 4989 ipsae
2288 4920 2394 4975 sibi
2425 4927 2579 4981 sunt,
2610 4933 2735 4973 cum
2765 4918 2901 4988 legis
2932 4933 3073 4987 opus
3104 4918 3226 4972 suis
3256 4917 3578 4985 inscriptum

2004 5009 2266 5065 cordibus
2314 5007 2609 5063 ostendant
2652 5007 2720 5060 ³⁸.
2757 5025 2777 5060 ι
2838 5005 2896 5060 id
2947 5022 3079 5062 vero
3136 5007 3303 5062 etiam
3352 5004 3579 5058 Joannis

2005 5100 2329 5154 testimonio
2385 5099 2647 5168 patuerit,
2685 5100 2780 5167 qui
2836 5098 2905 5153 de
2960 5096 3244 5167 unigenito
3299 5095 3388 5148 Dei
3442 5070 3621 5145 Filia.

2007 5188 2259 5256 loquens,
2287 5201 2475 5242 verum
2506 5186 2690 5240 lumen
2720 5186 3015 5251 exsistere,
3042 5198 3375 5252 omnemque
3406 5181 3577 5235 homi-

2012 5294 2137 5333 nem
2169 5279 2223 5331 in
2256 5278 2404 5332 hunc
2439 5277 2701 5330 mundum
2734 5276 3091 5345 prodeuntem
3127 5272 3405 5327 illustrare
3433 5288 3581 5328 asse-

2010 5379 2095 5424 rat
2122 5370 2188 5424 “.
2236 5388 2255 5421 ι
2295 5368 2450 5436 Quod
2498 5370 2622 5440 ipso
2661 5370 2829 5424 etiam
2878 5365 3284 5421 incarnationis
3334 5372 3579 5435 tempore

2004 5462 2209 5520 factum
2262 5471 2371 5525 est,
2412 5439 2569 5531 juxta
2623 5461 2759 5519 illud
2798 5480 2811 5516 ε
2847 5479 2869 5514 ε
2907 5460 2967 5515 ln
3014 5459 3214 5515 diebus
3260 5460 3394 5524 illis,
3440 5439 3574 5514 diu

386 5628 434 5713 ’ξ
465 5636 828 5713 ξοαιιαινρ.
903 5643 948 5675 ’⁷
982 5642 1275 5710 Psal.t.ut,
1316 5645 1403 5699 ll.
1478 5644 1524 5677 "
1548 5644 1565 5699 l
1590 5644 1785 5702 Thess.
1817 5663 1891 5709 tv,
1929 5646 2012 5702 l6.
2089 5650 2136 5681 ’³
2165 5646 2325 5701 Rom.
2359 5661 2470 5713 xiv,
2500 5646 2587 5703 10.
2662 5648 2708 5681 ³⁹
2742 5644 2844 5702 Job
2879 5664 2958 5711 tu,
2987 5647 3073 5703 l9.
3108 5614 3111 5617 γ
3151 5646 3345 5705 “Gen.
3373 5666 3453 5713 tn,
3494 5650 3573 5705 l9.

331 5706 375 5739 ³²
406 5704 423 5760 I
454 5710 581 5764 Cur.
612 5694 702 5775 xv,
735 5694 825 5766 ιτς
901 5713 946 5746 ³³
978 5694 1275 5769 (naso?
1304 5694 1495 5769 “iac.
1528 5694 1904 5782 .;-,‘é;'i"ti..;£.

2006 5694 2023 5782 ζ
2054 5719 2105 5773 5.
2167 5694 2958 5790 “Tiburni,11,15."toan"
2984 5694 3115 5782 ,τι
3215 5694 3345 5705 ’”’”’
