4022 6210
436 338 572 403 2201
1493 344 1700 405 COMM
1716 342 2013 406 ENTABIT

2114 345 2157 402 Ν
2188 344 2473 404 ISAIAM.
3088 395 3103 407 .
3556 343 3700 407 2⁵202

436 457 526 508 τὸν
554 454 675 522 τῆς
698 455 906 519 ἐλαίας
937 454 1268 524 τρυγῶντες
1299 456 1533 523 καρπὸν,
1572 456 1866 524 καλάμοις
1891 454 2008 509 διαο

2115 469 2280 508 seusu
2328 451 2624 520 expressit,
2666 451 2757 520 qui
2808 463 3061 522 tanquam
3106 454 3305 508 raeemi
3365 454 3412 509 si
3465 458 3702 523 conjecta

433 544 745 615 κρούοντες,
774 548 867 600 καὶ
908 548 1071 617 μέχρι
1105 547 1253 616 μιᾶς,
1285 545 1443 598 εἵπου
1482 550 1632 617 φωνῇ
1663 558 1712 611 ο,
1739 546 2013 601 καταϐάλ-

2117 545 2278 615 fucril
2332 544 2627 608 vindemia,
2676 545 2834 598 dixit.
2886 544 3112 609 Deinde,
3165 547 3313 599 velut
3354 560 3384 599 a
3430 546 3702 615 principio

431 632 614 687 λουσιν
679 638 824 690 οὕτω
851 637 959 689 τῶν
988 636 1202 689 ἀσεϐῶν
1225 636 1422 699 οὐδεὶς,
1450 636 1802 704 διαφεύξεται
1825 636 2013 707 ὥσπερ

2116 634 2224 688 alio
2259 649 2432 689 uocem
2468 632 2543 686 illi
2581 647 2735 685 suam
2773 632 3049 697 extollant,
3084 636 3268 689 statim
3302 635 3557 704 ailjuusit
3583 653 3597 688 τ
3622 634 3700 688 ita
3806 636 3809 637 ⁷

432 726 529 779 καὶ
561 726 656 779 ἐπὶ
686 725 804 779 τῶν
833 728 1113 795 βοτρύων
1139 727 1454 791 ἐπανίοντές
1478 746 1647 792 τινες,
1684 730 1779 783 καὶ
1804 730 1932 792 τοὺς
1958 728 2013 782 τὸ

2115 726 2286 789 enim,
2323 740 2491 779 sensu
2543 723 2609 778 ad
2663 724 2846 793 priora
2900 726 3093 795 relato,
3133 726 3390 791 reddidit,
3428 727 3591 796 312
3644 735 3703 780 ut

433 818 650 890 πρῶτον
673 820 936 883 λαθόντας
970 819 1343 887 συλλέγουσιν.
1369 823 1480 874 Καὶ
1504 821 1663 875 τοῦτο
1689 823 2013 893 παρίστησιν

2118 836 2223 890 qua
2255 818 2468 872 ratione
2497 818 2591 886 qui
2620 817 2762 870 oleas
2793 812 3070 887 colligunt,
3094 819 3313 871 easdem
3350 818 3701 871 urundi..ibus

430 912 462 963 ὁ
501 912 695 982 Σωτὴρ
733 916 797 983 τῇ
838 914 967 982 περὶ
1001 912 1101 981 τῆς
1150 914 1396 984 σαγήνης
1440 915 1723 986 παραϐολῇ
1753 915 1863 970 τῶν
1914 931 2012 967 σα-

2123 911 2462 967 decutientes
2522 924 2589 962 ne
2646 908 2819 963 solam
2871 909 3126 977 quidem,
3180 909 3357 963 sicubi
3415 920 3700 979 appareat,

432 1006 591 1075 πρῶν
625 1006 728 1072 ἔξω
787 1006 1154 1078 βαλλομένων.
1219 1007 1357 1060 Ἀλλ’
1411 1010 1610 1062 ἐκεῖνοι
1673 1010 1776 1080 μὲν
1842 1008 2013 1063 ταῦτα

2121 1013 2333 1056 restare
2362 1003 2678 1071 patiuntur,
2722 1001 2798 1054 ita
2837 1014 2934 1053 nec
2972 998 3262 1068 impiorum
3310 999 3543 1067 aliquem
3579 1014 3703 1053 eva-

431 1095 735 1153 πείσονται.

2121 1109 2313 1149 surum
2358 1093 2691 1162 signiﬁcaret
2743 1108 2756 1147 :
2806 1091 2951 1161 quod
3006 1091 3058 1145 in
3109 1091 3334 1144 racemis
3375 1091 3540 1144 etiam
3587 1091 3698 1144 ﬁeri

429 1189 707 1253 videmus,
737 1190 864 1244 dum
895 1193 990 1260 qui
1022 1194 1197 1262 prima
1242 1196 1359 1251 vice
1391 1198 1709 1268 colligentes
1757 1198 2028 1265 fugerant,
2063 1188 2234 1244 altera
2274 1189 2684 1255 decerpuutur;
2728 1185 2874 1254 quod
2908 1184 3026 1253 ipsa
3060 1184 3224 1238 etiam
3259 1200 3473 1256 sageme
3504 1185 3702 1240 simili-

429 1282 642 1347 tudine,
665 1285 794 1338 dum
832 1287 978 1341 foras
1020 1290 1113 1357 qui
1162 1292 1287 1343 mali
1328 1304 1459 1354 sunt
1501 1294 1683 1362 pisces
1743 1293 2065 1359 ejiciuntur,
2099 1284 2322 1339 edocuit
2354 1282 2609 1337 Salvator
2635 1280 2702 1335 “.
3085 1273 3091 1279 ’

503 1368 663 1426 Οὗτοι
683 1374 742 1426 δὲ
778 1375 1071 1444 ἐπαροῦσι
1119 1379 1331 1447 φωνὴν
1380 1382 1599 1447 αὐτῶν,
1647 1382 1808 1452 δῆλον
1858 1383 1933 1446 ὡς
1964 1382 2013 1435 oi

2188 1375 2292 1429 Ista
2317 1390 2447 1444 ergo
2467 1375 2543 1428 illi
2579 1374 2876 1444 patientur,
2898 1388 3073 1425 uocem
3101 1386 3233 1426 vero
3264 1372 3341 1427 illi
3361 1390 3515 1427 suam
3547 1375 3702 1429 attol-

428 1466 527 1520 τοῦ
560 1466 867 1539 κρείττονος
899 1469 1201 1538 τάγματος.
1252 1471 1419 1525 ὐθεν
1447 1475 1746 1542 ἐπήγαγεν·
1800 1476 2006 1542 Ἀγαλ-

2115 1465 2241 1533 lent,
2278 1473 2538 1535 tanquam
2576 1465 2836 1518 nimirum
2887 1462 3152 1518 felicioris
3201 1467 3474 1519 exsistant
3525 1467 3704 1534 agmi-

429 1558 747 1614 JldO'ortat
779 1559 851 1612 ἐν
881 1558 962 1624 τῷ
999 1560 1446 1631 ἐνδοξασθῆναι
1477 1565 1720 1632 Κύριον.
1772 1565 1931 1619 Κατὰ
1957 1564 2013 1618 δὲ

2114 1557 2226 1611 nis.
2264 1558 2443 1626 Atque
2493 1555 2623 1609 hine
2666 1564 2753 1609 est
2797 1552 2944 1623 quod
2989 1554 3041 1606 in
3090 1550 3443 1622 gloriﬁcantia
3474 1555 3700 1611 Dommo

369 1688 392 1725 -ὶ
431 1637 980 1721 τοὺςἚὸδομήῖιοντα
998 1669 1014 1683 ο
1046 1655 1111 1706 Ol
1132 1653 1372 1720 ἀσεϐεῖς
1395 1658 1695 1725 τρυγητὸν
1721 1659 2013 1722 παθόντες

2114 1646 2475 1701 exsultaturos
2509 1647 2729 1714 adjecit.
2775 1643 2932 1711 Quod
2972 1645 3018 1699 si
3055 1643 3415 1720 Septuaginta
3452 1647 3700 1701 vir0rum

428 1744 714 1811 ἔσχατον,
731 1742 934 1811 φωνὰς
958 1742 1370 1812 ἀποδώσουσι,
1398 1746 1632 1815 βοῶντες
1661 1749 1722 1801 ὲν
1746 1747 1825 1818 τῷ
1852 1748 2015 1803 κολά-

2119 1739 2637 1808 interpretationem
2674 1751 2980 1807 sequimur,
3017 1735 3216 1805 impios
3258 1736 3568 1806 signiﬁcare
3603 1753 3704 1809 pu-

377 1830 385 1873 ῖ
429 1832 621 1896 {suam
648 1847 663 1863 ο
690 1835 739 1886 οἱ
772 1831 829 1885 δὲ
862 1832 1061 1900 ἀγαθοὶ
1096 1835 1564 1905 εὐφρανθήσονται
1603 1836 1724 1906 ἅμα
1757 1836 1832 1905 τῇ
1859 1836 2011 1905 δόξῃ

2126 1835 2350 1888 tandum
2382 1841 2489 1898 est,
2525 1835 2616 1903 qui
2649 1834 2778 1887 dum
2813 1830 3131 1885 vindemiam
3171 1841 3462 1886 extremam
3491 1836 3698 1901 patiere»

428 1928 672 1996 Κυρίου,
702 1927 791 1980 ὅτε
809 1929 840 1980 ό
878 1927 1081 2008 Κύριος
1110 1926 1388 1982 ἐλεύσεται
1426 1930 1485 1981 ὲν
1511 1932 1578 2000 τῇ
1602 1929 1731 2000 δόξῃ
1764 1929 1864 1983 τοῦ
1906 1932 2018 1984 Ha.-

426 2018 558 2087 τρὸς
588 2016 778 2079 αὐτοῦ,
810 2014 949 2085 μετὰ
978 2015 1263 2087 δυνάμεως
1302 2016 1395 2069 καὶ
1416 2016 1576 2084 δόξης
1616 2015 1839 2085 πολλῆς.
1871 2016 2018 2070 ’Δντὶ

427 2106 487 2160 δὲ
538 2106 657 2171 τοῦ,
712 2105 1158 2176 Ταραχθήσεται
1208 2107 1276 2161 τὸ
1322 2106 1480 2175 ὕδωρ
1511 2109 1621 2175 τῆς
1673 2105 2014 2175 θαλάσσης,

432 2198 717 2266 ἰιχησαν
737 2198 927 2251 ὕδατα
967 2196 1308 2265 θαλάσσης,
1330 2197 1520 2250 Θεοδοτ
1532 2197 1626 2253 law
1653 2199 2012 2269 ἑρμήνευστν,

427 2290 608 2359 δηλῶν
643 2291 704 2343 τὸ
738 2290 969 2359 μέγεθος
992 2290 1090 2357 τῆς
1118 2289 1250 2360 βοῆς
1282 2290 1392 2343 τῶν
1416 2289 1750 2354 δοξαζόντων
1785 2290 2011 2360 Κύριον.

312 2436 331 2449 ,
427 2381 681 2450 Νήσους
710 2380 768 2433 δὲ
795 2380 893 2444 τὰς
937 2380 1271 2450 Ἑκκλησίας
1300 2379 1438 2450 φησὶ
1463 2380 1562 2443 τὰς
1596 2381 1654 2434 ὲν
1674 2380 1753 2449 τῷ
1784 2380 2013 2450 παρόντι

430 2472 556 2544 βίῳ,
586 2472 684 2525 καὶ
709 2471 815 2543 πρὸ
841 2472 943 2542 τῆς
973 2472 1212 2541 κρίσεως
1238 2473 1298 2526 ἐν
1334 2472 1486 2542 μέσῳ
1515 2473 1627 2526 τῶν
1662 2472 1928 2537 ἀπίστων,
1955 2473 2014 2525 ὲν

433 2566 586 2636 μέσῳ
621 2564 942 2631 θαλάσσης
965 2563 1164 2634 ἁπειλη
1175 2563 1413 2633 μμένας,
1440 2563 1528 2634 ἐφ’
1556 2561 1625 2626 ἃς
1652 2565 1692 2631 ἠ
1726 2562 1833 2617 τοῦ
1864 2562 2012 2618 Θεοῦ

427 2653 653 2723 λάμψει
680 2654 828 2719 δόξα
857 2654 999 2708 κατὰ
1034 2654 1126 2708 τὸν
1155 2655 1330 2709 αἰῶνα
1360 2654 1452 2707 τὸν
1480 2654 1766 2723 μέλλοντα.
1805 2653 2012 2724 Διόπερ

428 2749 458 2801 ὁ
488 2746 645 2809 λόγος
696 2746 786 2799 τὸν
814 2745 975 2800 τοῦτο
1001 2748 1301 2816 ποιήσοντα
1350 2745 1485 2799 Θεὸν
1530 2746 1764 2816 ἀνυμνεῖ
1800 2744 1973 2814 λέγων
1992 2762 2007 2777 ο

432 2839 604 2906 Κύριε
630 2838 664 2892 ὁ
703 2838 847 2904 Θεὸς
861 2837 1123 2906 Ἰσραὴλ,
1138 2835 1258 2892 ἀπὸ
1282 2834 1403 2891 τῶν
1425 2837 1736 2905 πτερύγιον
1758 2834 1869 2904 τῆς
1897 2834 2011 2906 τῆς

426 2927 644 2995 τέρατα
680 2929 1053 2998 ἠκούσαμεν.
1092 2928 1237 2982 ’Δντὶ
1265 2927 1323 2982 δὲ
1350 2926 1444 2981 τοῦ
1468 2927 1704 2995 τέρατα,
1730 2926 2011 2996 ψαλμοὺς

426 3020 718 3075 Θεοδοτιων
752 3020 1066 3091 ἐρμηνεύει,
1094 3020 1187 3074 καὶ
1226 3019 1544 3091 Σύμμαχος.
1589 3018 1648 3073 '0
1674 3018 1732 3072 δὲ
1749 3018 2006 3085 Ἀκύλας,

423 3111 749 3181 μελῳδίας.
779 3113 841 3165 Ol
868 3111 979 3183 γὰρ
999 3112 1098 3182 τῆς
1134 3112 1354 3182 μερίδος
1376 3111 1474 3165 τοῦ
1505 3109 1642 3164 Θεοῦ
1676 3110 1776 3181 τὴν
1799 3110 2010 3165 δικαίαν

2123 1936 2230 1992 tur,
2261 1942 2452 1996 magno
2495 1927 2634 1979 inter
2672 1940 2853 1994 poenas
2884 1923 3113 1978 clamore
3144 1924 3499 1980 vociferaturi
3532 1936 3699 1993 sunt;

2121 2020 2250 2074 boni
2282 2029 2466 2072 autem
2499 2034 2617 2071 cum
2647 2016 2821 2087 gloria
2856 2015 3068 2070 Domini
3098 2018 3451 2081 exsultaturi,
3484 2032 3609 2072 eum
3643 2017 3699 2070 lu

2117 2109 2299 2166 Putris
2348 2112 2433 2166 sui
2479 2109 2675 2180 gloria,
2714 2108 2886 2163 multa
2937 2123 3062 2162 cum
3116 2118 3389 2179 potestate
3433 2118 3699 2163 venturus

2116 2194 2203 2258 es’t
2233 2203 2502 2256 Dominus
2530 2202 2600 2257 ⁸⁵.
2629 2199 2830 2255 Verum
2881 2216 2990 2269 quo
3042 2203 3163 2255 loco
3216 2202 3517 2254 lm-bahitur
3561 2217 3699 2269 aqua

2117 2295 2282 2347 maris
2318 2291 2567 2361 legimus,
2601 2307 2769 2360 aquas
2812 2291 2978 2344 maris
3020 2292 3250 2344 sonitum
3289 2289 3521 2344 edidisse
3557 2291 3699 2356 apud

2114 2384 2555 2440 'l'heodotionem
2611 2382 2880 2450 reperias,
2916 2388 2974 2433 ut
3017 2396 3230 2444 eorum,
3265 2383 3356 2450 qui
3410 2380 3699 2434 hominum

2113 2476 2428 2545 gloriﬁcent
2458 2474 2611 2527 vocis
2638 2472 3072 2542 magnitudinem
3104 2472 3458 2542 exprimeret.
3492 2471 3701 2526 Deinde

2112 2566 2414 2620 insularum
2447 2566 2673 2620 nomine
2704 2564 2980 2621 Ecclesiae
3030 2564 3309 2635 intelligit,
3343 2580 3465 2635 qum
3498 2563 3557 2617 in
3591 2565 3697 2617 vita

2113 2656 2236 2719 hac,
2270 2665 2325 2712 et
2354 2666 2482 2711 ante
2503 2656 2697 2723 judicii
2730 2665 2966 2726 tempus,
3006 2657 3150 2711 inter
3182 2656 3401 2727 impios,
3435 2664 3696 2724 tanquam

2112 2748 2291 2803 medio
2326 2750 2381 2803 in
2418 2749 2559 2802 mari
2590 2748 2816 2809 relictae,
2853 2747 2949 2803 Dei
2976 2747 3151 2820 gloria
3178 2749 3231 2802 in
3264 2747 3454 2802 futuro
3480 2747 3573 2801 illo
3607 2762 3700 2800 sm-

2110 2840 2238 2895 culo
2267 2838 2608 2895 illustrandw
2637 2847 2778 2892 stmt.
2821 2839 3002 2909 Atque
3034 2839 3164 2893 hinc
3192 2845 3296 2902 est,
3322 2837 3467 2907 quod
3506 2836 3695 2898 Demn,

2111 2931 2207 3000 qui
2263 2932 2390 2997 ista,
2429 2930 2680 2986 facturus
2728 2931 2822 2995 sit,
2859 2931 3108 2985 oratione
3151 2929 3398 2999 sequenti
3446 2928 3516 2981 ita
3559 2943 3696 2997 prte-

2110 3024 2259 3078 dicat
2296 3042 2310 3078 :
2350 3022 2571 3077 Domine
2604 3021 2747 3076 Deus
2783 3020 2977 3085 Israel,
3037 3020 3103 3074 ab
3137 3020 3240 3074 alis
3273 3031 3427 3073 terra:
3456 3028 3697 3085 portenta

2113 3116 2439 3170 audiuimus.
2491 3113 2607 3171 Nisi
2652 3114 2823 3185 quod,
2855 3129 2954 3185 pro
2982 3128 3092 3181 quo
3126 3122 3372 3183 portenta
3412 3112 3697 3172 habemus,

428 3203 597 3258 αὐτοῦ
637 3204 821 3275 κρίσιν
866 3203 1377 3274 ἁποθαυμάζοντες,
1424 3203 1846 3272 εὐφραινόμενοι
1889 3202 2010 3273 ἅμα

2114 3209 2346 3278 psalmos
2388 3208 2695 3264 TheodOtio
2736 3215 2793 3263 et
2827 3206 3215 3279 Symmachus,
3253 3204 3481 3275 Aquilas
3515 3210 3697 3256 autem

429 3293 506 3365 τῇ
529 3295 678 3362 δόξῃ
711 3294 934 3365 Κυρίου
968 3295 1199 3364 ὕμνους
1228 3294 1378 3365 αὐτῷ
1405 3295 1499 3348 καὶ
1529 3294 1886 3364 ψαλμῳῦἰας
1917 3296 2011 3349 εὑ-

430 3387 821 3459 χαριστηρίους
870 3386 1166 3455 ἀνάγουσιν
1198 3386 1540 3457 πανταχόθεν
1573 3386 1730 3450 ὄντες
1757 3387 1859 3457 τῆς
1884 3387 2009 3457 γῆς.

436 3479 505 3534 ’0
540 3479 604 3551 δὴ
640 3481 735 3534 καὶ
756 3480 785 3531 ὁ
818 3480 1107 3551 προφήτης
1136 3478 1474 3549 ἐθαύμασεν,
1503 3479 1696 3550 ὑμνεῖν
1723 3480 1891 3541 αὑτὰς
1920 3478 2013 3533 τὸν

431 3571 563 3625 Θεὸν
600 3570 869 3641 ἠξιῶσθαι
919 3571 1128 3643 μαθών.
1174 3574 1239 3626 '0
1270 3572 1334 3642 δὴ
1362 3571 1457 3624 καλ⁵
1479 3568 1807 3638 τερατῶδες
1835 3571 2011 3625 ἐδόκει

430 3653 736 3728 reticeo;
775 3662 1206 3735 Ἐδδομήκοντα,
1257 3663 1307 3716 εἰ
1344 3664 1443 3733 τὴν
1488 3662 1754 3734 πατρῴαν
1801 3663 2012 3733 πλάνην

432 3758 695 3819 ἐάσαντες
728 3756 820 3810 τὸν
849 3757 955 3811 τῶν
982 3755 1282 3826 προφητῶν
1316 3754 1575 3824 ὑμνοῦσι
1614 3755 1766 3808 Θεὸν
1802 3757 1881 3816 εις
1911 3754 2009 3807 πέ-

436 3863 537 3917 ρας
575 3846 761 3909 αὐτοῖς
811 3845 913 3915 τῆς
943 3844 1161 3901 ἐλπίδος
1209 3844 1471 3914 ἑκϐἁσης.
1518 3843 1642 3897 Ἐπὶ
1671 3844 1782 3913 γὰρ
1822 3845 1888 3913 τῇ
1917 3840 2011 3897 τοῦ

431 3937 568 3992 Θεοῦ
618 3937 993 4009 δικαιοκρισίᾳ
1024 3937 1264 4007 ἐπῆκται
1295 3937 1380 4000 τὸ,
1409 3935 1584 4002 ἐλπὶς
1621 3935 1701 4001 τῷ
1753 3934 2011 3999 εὐσεϐεῖ.

433 4029 538 4083 κᾶν
590 4030 889 4100 ἀλλόφυλος
1021 4028 1290 4102 δηλονότι,
1341 4029 1447 4082 κᾶν
1488 4027 1515 4068 ιι
1587 4027 1872 4100 ἀλλότριος
1920 4026 2013 4083 τοῦ

435 4122 756 4192 σπέρματος
794 4121 1069 4193 Ἀδραάμ.

2109 3300 2370 3355 meladias
2398 3298 2779 3355 reddiderunt.
2807 3298 2911 3364 Qui
2937 3298 3083 3353 enim
3116 3296 3208 3351 Dei
3242 3304 3424 3367 partes
3453 3310 3700 3363 sequun-

2108 3398 2220 3454 tur,
2245 3389 2460 3459 justum
2500 3390 2677 3460 ipsius
2703 3389 2972 3459 judicium
3006 3388 3286 3450 admirati,
3319 3379 3515 3441 lzeto'et
3540 3384 3702 3438 hilari

2108 3483 2293 3536 animo
2326 3498 2444 3536 cum
2475 3481 2690 3536 Domini
2715 3481 2887 3552 gloria
2912 3479 3090 3535 ubivis
3121 3487 3394 3533 terrarqu
3418 3476 3703 3531 exsisten-

2109 3581 2193 3626 tes
2222 3572 2445 3643 hymnos
2506 3574 2683 3628 eidem
2715 3583 2768 3627 et
2797 3575 3035 3641 psalmos
3077 3572 3277 3642 ingrati
3318 3570 3486 3624 animi
3526 3569 3702 3639 signi-

2114 3662 2420 3719 ficationem
2465 3664 2745 3719 oll‘eruut:
2780 3679 2903 3733 qua!
2946 3678 3036 3719 res
3064 3663 3346 3733 proiibetze
3385 3663 3576 3726 etiam,
3608 3660 3701 3729 qui

2110 3756 2304 3824 dignos
2335 3771 2431 3810 eos
2456 3756 2643 3810 haberi
2693 3756 2845 3821 vidit,
2879 3770 2907 3808 a
2947 3756 3148 3823 quibus
3190 3756 3503 3809 laudaretur
3531 3754 3700 3817 Dens,

2111 3863 2220 3902 non
2246 3857 2455 3903 tantum
2477 3849 2831 3903 admirationi
2859 3849 2989 3914 fuit;
3018 3850 3113 3904 sed
3137 3848 3378 3917 prodigio
3403 3847 3623 3907 similis,
3646 3854 3704 3899 ut

2114 3935 2471 4010 Septuaginta
2505 3941 2681 4010 placet
2707 3940 3121 4009 interpretibus,
3158 3940 3319 4010 313
3348 3939 3494 4007 quod
3526 3938 3700 4004 majo-

2111 4045 2234 4083 rum
2267 4044 2492 4083 suorum
2522 4040 2711 4085 errore
2746 4031 3019 4101 deposito,
3051 4031 3262 4100 fideque
3294 4033 3359 4083 ad
3388 4015 3701 4083 extremum

2116 4137 2289 4189 usque
2336 4122 2621 4191 perducta,
2657 4125 3046 4192 prophetarum
3097 4121 3262 4175 Deum
3310 4122 3555 4175 laudibus
3585 4120 3699 4188 alii-

433 4227 628 4273 cereut.
656 4215 845 4286 Neque
874 4218 1021 4271 enim
1052 4215 1158 4270 alia
1186 4216 1254 4271 de
1278 4231 1444 4272 causa
1473 4232 1590 4287 spes
1612 4215 1760 4286 iusto
1784 4214 2007 4287 adjecit,
2049 4213 2170 4269 sive
2216 4215 2545 4286 alienigena,
2582 4217 2697 4271 sive
2744 4216 2813 4270 ab
2856 4217 2978 4287 ipso
3025 4216 3260 4272 Abrahae
3330 4215 3538 4270 semine
3605 4229 3703 4268 rx-

433 4315 612 4377 sistat,
660 4329 822 4382 quam
862 4322 924 4367 ut
961 4313 1169 4382 justam
1219 4312 1309 4367 Dei
1351 4314 1405 4367 in
1444 4311 1748 4382 judicaudo
1786 4312 2118 4368 sententiam
2152 4322 2276 4364 esse
2295 4310 2731 4366 demonstraret.

427 4428 443 4439 ι
518 4405 635 4475 Ἐφ’
665 4401 769 4469 οἷς,
799 4404 941 4459 κατὰ
972 4405 1289 4476 Σύμμαχον,
1325 4406 1562 4475 εἷρηταν
1597 4407 1708 4461 Καὶ
1739 4402 1911 4459 εἶπεν
1943 4403 2010 4457 τό

2194 4400 2459 4474 Sequitur
2487 4404 2748 4472 deinceps
2770 4419 2834 4459 ex
2866 4404 3319 4475 interpretatione
3344 4403 3659 4477 Symmachi
3684 4422 3698 4460 τ

427 4497 769 4569 μυστήριόν
811 4516 929 4568 μου
967 4499 1127 4567 ἐμοί·
1181 4500 1249 4553 τὸ
1297 4498 1639 4566 μυστήριόν
1690 4514 1809 4567 μου
1860 4495 2013 4565 ἐμοί.

434 4587 559 4641 Τῶν
585 4586 696 4659 γὰρ
726 4588 1024 4658 προφητῶν
1057 4588 1147 4640 ἐπὶ
1196 4586 1275 4657 τῷ
1321 4586 1613 4658 παραδόξῳ
1645 4588 1738 4640 τὸν
1764 4585 1901 4639 Θεὸν
1933 4586 2019 4639 80-

434 4678 738 4743 ξασάντων,
767 4679 1264 4749 μνημονευσάντων
1287 4678 1343 4733 δὲ
1363 4683 1457 4733 καὶ
1487 4678 1594 4748 τῆς
1622 4680 1873 4746 ἐλπίδος
1898 4678 2019 4734 τῶν

433 4769 727 4835 εὐσεϐῶν,
780 4770 855 4841 μὴ
901 4772 1203 4841 εἰρηκότων
1258 4772 1317 4825 δὲ
1364 4774 1489 4826 τινα
1532 4775 1627 4825 καὶ
1668 4778 1796 4827 ποῖα
1848 4770 1919 4845 ἦν
1948 4776 2018 4829 τὰ

436 4859 794 4929 ἐλπιζόμενα,
833 4859 1145 4914 ποθούντων
1194 4861 1251 4914 δὲ
1306 4861 1499 4932 μαθεῖν
1549 4863 1585 4914 ἂ
1633 4863 1935 4932 ἡτοίμασεν
1985 4865 2015 4917 ό

435 4951 569 5013 Θεὸς
619 4954 736 5013 τοῖς
786 4950 1077 5018 ἀγαπῶσιν
1110 4954 1296 5016 αὑτὸν,
1349 4955 1559 5024 σιωπᾷν
1600 4956 1798 5017 αὐτοὺς
1823 4956 1851 5008 ό
1883 4956 2017 5020 Θεὸς

438 5043 877 5113 παρακελεύεται
908 5043 1110 5112 λέγων·
1147 5044 1218 5098 Τὸ
1250 5046 1593 5114 μυστήριόν
1620 5064 1739 5115 μου
1768 5047 1927 5117 ἐμοί·
1949 5048 2016 5101 τὸ

432 5133 775 5203 μυστήριόν
834 5152 954 5204 μου
1010 5136 1161 5203 ἐμοί.
1229 5137 1303 5190 Οὐ
1349 5139 1458 5204 γὰρ
1500 5136 1627 5199 νῦν,
1678 5140 1863 5208 φησὶν,
1926 5140 2018 5192 ὲκο

440 5227 655 5293 φαίνειν
680 5228 889 5298 καιρὸς,
915 5247 934 5278 ι
965 5227 999 5281 ἃ
1022 5228 1300 5298 ὀφθαλμὸς
1324 5229 1425 5281 οὐκ
1459 5225 1623 5294 εἶδεν,
1656 5232 1750 5282 καὶ
1781 5225 1876 5291 οὖς
1917 5231 2018 5283 οὐκ

441 5315 700 5385 ἥκουσεν,
731 5322 826 5370 καὶ
869 5319 962 5370 ἐπὶ
1014 5317 1244 5388 καρδίαν
1272 5320 1566 5389 ἀνθρώπου
1611 5322 1711 5373 οὐκ
1766 5320 1955 5392 ἀνέϐη,
1983 5322 2019 5374 ἃ

441 5405 741 5475 ἡτοίμασεν
760 5408 790 5460 ὁ
809 5406 944 5468 Θεὸς
971 5408 1084 5471 τοῖς
1118 5408 1412 5475 ἀγαπῶσιν
1442 5410 1625 5463 αὐτόν.
1654 5428 1673 5462 ι
1713 5409 1771 5461 ὐ
1798 5409 1853 5461 δὲ
1885 5425 2021 5480 προ-

2120 4496 2188 4552 Et
2226 4496 2363 4550 dixit
2385 4512 2402 4550 :
2427 4494 2743 4564 Mysterium
2782 4510 2952 4547 meum
2985 4496 3155 4549 mihi:
3190 4495 3497 4565 mysterium
3530 4510 3702 4548 meum

2115 4588 2268 4666 mihi.
2303 4588 2439 4642 Cum
2472 4588 2619 4641 enim
2662 4588 2940 4655 prophetae
2973 4588 3243 4641 miraculo
3273 4587 3497 4641 adducti
3535 4587 3701 4642 [tcum

2114 4684 2426 4742 laudarent,
2455 4680 2828 4750 justorumque
2879 4679 2990 4748 spei
3038 4680 3374 4733 mentionem
3421 4679 3700 4744 lacerent;

2112 4788 2295 4843 neque
2343 4779 2524 4825 tamen
2572 4785 2714 4838 quae.
2756 4779 2811 4824 et
2858 4770 3041 4839 qualia
3084 4779 3294 4836 essent,
3335 4787 3456 4840 quae
3515 4786 3702 4840 spera-

2112 4878 2325 4930 rentur,
2354 4864 2655 4932 eﬂ'errent;
2688 4865 2780 4920 sed
2813 4880 2878 4918 ea
2909 4867 3074 4927 scire,
3104 4881 3224 4936 quae
3257 4881 3316 4921 se
3348 4867 3704 4936 diligentibus

2114 4961 2444 5031 prmparavit
2505 4958 2683 5023 Deus,
2738 4958 3094 5025 ex'ontarent;
3155 4973 3250 5012 eos
3304 4960 3486 5013 verbis
3544 4958 3702 5021 istis,

2120 5050 2435 5122 Mysterium
2491 5066 2662 5104 meum
2722 5049 2907 5104 mihi:
2966 5051 3276 5120 mysterium
3323 5066 3491 5101 meum
3552 5047 3702 5109 mihi.

2117 5152 2301 5196 tacere
2332 5139 2486 5207 jubet
2527 5139 2814 5195 Dominus.
2846 5139 3099 5195 Nondum
3148 5141 3319 5203 enim,
3354 5143 3429 5193 ait
3459 5154 3473 5192 :
3515 5160 3533 5192 ι
3573 5140 3705 5206 Qum

2122 5246 2221 5285 nec
2268 5230 2407 5282 vidit
2465 5231 2684 5290 oculus.
2733 5246 2831 5284 nec
2883 5231 3035 5284 aut-is
3083 5230 3316 5293 audivit,
3367 5244 3465 5283 nec
3509 5230 3561 5281 in
3610 5245 3704 5282 cor

2122 5322 2363 5375 hominis
2397 5321 2667 5383 ascendit,
2699 5338 2822 5392 qua!
2863 5323 3192 5392 praeparavit
3239 5322 3382 5376 Deus
3422 5319 3703 5392 diligenti-

2120 5413 2224 5468 hns
2258 5426 2318 5467 se
2337 5409 2406 5476 “,
2441 5430 2459 5461 ι
2491 5412 2752 5480 prodendi
2779 5421 2996 5483 tempus
3017 5421 3120 5468 cst.
3156 5408 3224 5467 Ut
3252 5422 3437 5469 autem
3485 5421 3707 5485 propter

515 5561 565 5597 ⁸⁴⁵
595 5562 787 5618 Matth.
819 5565 1033 5632 suun,
1055 5562 1532 5632 48.“Matth.xxv,
1561 5565 1652 5621 3|.
1730 5566 1776 5601 “
1806 5569 1912 5625 lsn.
1949 5583 2093 5633 utv,
2134 5569 2168 5623 4
2191 5583 2206 5632 ;
2233 5569 2250 5624 Ι
2280 5568 2411 5626 Cor.
2450 5586 2510 5638 tt,
2541 5567 2596 5627 9.

1177 5662 1181 5669 ’
1717 5689 1954 5745 verum
1982 5689 2396 5749 LECTIONES.

518 5787 543 5817 ε
576 5742 663 5849 γρ.
699 5780 859 5849 φανῇ.
934 5774 961 5818 δ
990 5778 1077 5832 ἷσ.
1111 5778 1239 5833 ἀπό.
