  <div class='ocr_page' id='page_1' title='image "/cluster/home/n/w/nwhite01/storage/ocr_20150623/87:2/hvd.32044073502205/339.png"; bbox 0 0 4022 6210; ppageno 0'>
   <div class='ocr_carea' id='block_1_1' title="bbox 357 291 501 355">
    <p class='ocr_par' dir='ltr' id='par_1_1' title="bbox 357 291 501 355">
     <span class='ocr_line' id='line_1_1' title="bbox 357 291 501 355; baseline -0.021 1"><span class='ocrx_word' id='word_1_1' title='bbox 357 291 501 355; x_wconf 73' lang='lat'><strong>2203</strong></span> 
     </span>
    </p>
   </div>
   <div class='ocr_carea' id='block_1_2' title="bbox 358 494 1940 577">
    <p class='ocr_par' dir='ltr' id='par_1_2' title="bbox 358 494 1940 577">
     <span class='ocr_line' id='line_1_2' title="bbox 358 494 1940 577; baseline 0.009 -32"><span class='ocrx_word' id='word_1_2' title='bbox 358 494 578 549; x_wconf 77' lang='grc' dir='ltr'><em>ἑλπίδι.</em></span> <span class='ocrx_word' id='word_1_3' title='bbox 638 495 823 561; x_wconf 77' lang='grc' dir='ltr'><strong>Οὕτως</strong></span> <span class='ocrx_word' id='word_1_4' title='bbox 881 502 948 552; x_wconf 79' lang='grc' dir='ltr'><strong>ὲκ</strong></span> <span class='ocrx_word' id='word_1_5' title='bbox 1015 501 1431 573; x_wconf 75' lang='grc' dir='ltr'><strong>φιλανθρωπίας</strong></span> <span class='ocrx_word' id='word_1_6' title='bbox 1485 505 1614 568; x_wconf 83' lang='grc' dir='ltr'><em>τοὺς</em></span> <span class='ocrx_word' id='word_1_7' title='bbox 1667 508 1940 577; x_wconf 76' lang='grc' dir='ltr'><em>πονηροὺς</em></span> 
     </span>
    </p>
   </div>
   <div class='ocr_carea' id='block_1_3' title="bbox 359 586 1938 661">
    <p class='ocr_par' dir='ltr' id='par_1_3' title="bbox 359 586 1938 661">
     <span class='ocr_line' id='line_1_3' title="bbox 359 586 1938 661; baseline 0.01 -24"><span class='ocrx_word' id='word_1_8' title='bbox 359 586 715 641; x_wconf 81' lang='grc' dir='ltr'><em>ἁποκλαίεται</em></span> <span class='ocrx_word' id='word_1_9' title='bbox 743 588 919 657; x_wconf 83' lang='grc' dir='ltr'><strong>λέγων</strong></span> <span class='ocrx_word' id='word_1_10' title='bbox 942 608 955 621; x_wconf 65' lang='grc' dir='ltr'><strong>θ</strong></span> <span class='ocrx_word' id='word_1_11' title='bbox 989 593 1133 646; x_wconf 73' lang='grc' dir='ltr'><strong>Οὐαὶ</strong></span> <span class='ocrx_word' id='word_1_12' title='bbox 1169 595 1293 661; x_wconf 83' lang='grc' dir='ltr'><em>τοῖς</em></span> <span class='ocrx_word' id='word_1_13' title='bbox 1316 595 1659 651; x_wconf 79' lang='grc' dir='ltr'><strong>ἀθετοῦσιν.</strong></span> <span class='ocrx_word' id='word_1_14' title='bbox 1704 598 1846 651; x_wconf 82' lang='grc' dir='ltr'><strong>’Δνθ⁹</strong></span> <span class='ocrx_word' id='word_1_15' title='bbox 1878 594 1938 653; x_wconf 76' lang='grc' dir='ltr'><em>οὗ</em></span> 
     </span>
    </p>
   </div>
   <div class='ocr_carea' id='block_1_4' title="bbox 372 675 1940 757">
    <p class='ocr_par' dir='ltr' id='par_1_4' title="bbox 372 675 1940 757">
     <span class='ocr_line' id='line_1_4' title="bbox 372 675 1940 757; baseline 0.011 -31"><span class='ocrx_word' id='word_1_16' title='bbox 372 675 606 741; x_wconf 83' lang='grc' dir='ltr'><strong>Ἀκύλας</strong></span> <span class='ocrx_word' id='word_1_17' title='bbox 642 678 745 745; x_wconf 82' lang='grc' dir='ltr'><strong>μὲν</strong></span> <span class='ocrx_word' id='word_1_18' title='bbox 802 682 907 750; x_wconf 79' lang='grc' dir='ltr'><strong>ἔφη</strong></span> <span class='ocrx_word' id='word_1_19' title='bbox 932 696 947 712; x_wconf 87' lang='grc'><strong>·</strong></span> <span class='ocrx_word' id='word_1_20' title='bbox 982 684 1049 736; x_wconf 84' lang='grc' dir='ltr'><em>Ὢ</em></span> <span class='ocrx_word' id='word_1_21' title='bbox 1069 684 1221 752; x_wconf 82' lang='grc' dir='ltr'><em>εἷμοι</em></span> <span class='ocrx_word' id='word_1_22' title='bbox 1250 697 1274 726; x_wconf 75' lang='grc' dir='ltr'><strong><em>ο</em></strong></span> <span class='ocrx_word' id='word_1_23' title='bbox 1320 687 1678 753; x_wconf 75' lang='grc' dir='ltr'><strong>ἀθετοῦντες</strong></span> <span class='ocrx_word' id='word_1_24' title='bbox 1724 689 1940 757; x_wconf 72' lang='grc' dir='ltr'><strong>ἠθέτη-</strong></span> 
     </span>
    </p>
   </div>
   <div class='ocr_carea' id='block_1_5' title="bbox 359 771 1939 847">
    <p class='ocr_par' dir='ltr' id='par_1_5' title="bbox 359 771 1939 847">
     <span class='ocr_line' id='line_1_5' title="bbox 359 771 1939 847; baseline 0.009 -25"><span class='ocrx_word' id='word_1_25' title='bbox 359 783 501 822; x_wconf 84' lang='grc' dir='ltr'><em>σαν.</em></span> <span class='ocrx_word' id='word_1_26' title='bbox 538 771 594 822; x_wconf 87' lang='lat'><strong>&#39;0</strong></span> <span class='ocrx_word' id='word_1_27' title='bbox 623 771 679 824; x_wconf 75' lang='grc' dir='ltr'><em>δὲ</em></span> <span class='ocrx_word' id='word_1_28' title='bbox 712 772 1030 843; x_wconf 75' lang='grc' dir='ltr'><strong>Σύμμαχοςο</strong></span> <span class='ocrx_word' id='word_1_29' title='bbox 1070 777 1220 831; x_wconf 77' lang='grc' dir='ltr'><em>Οὐαί</em></span> <span class='ocrx_word' id='word_1_30' title='bbox 1257 795 1360 847; x_wconf 81' lang='grc' dir='ltr'><strong>μοι</strong></span> <span class='ocrx_word' id='word_1_31' title='bbox 1399 778 1757 847; x_wconf 80' lang='grc' dir='ltr'><strong>ἀθετοῦντες</strong></span> <span class='ocrx_word' id='word_1_32' title='bbox 1804 782 1939 846; x_wconf 76' lang='grc' dir='ltr'><strong>ἠθέ-</strong></span> 
     </span>
    </p>
   </div>
   <div class='ocr_carea' id='block_1_6' title="bbox 359 865 1939 944">
    <p class='ocr_par' dir='ltr' id='par_1_6' title="bbox 359 865 1939 944">
     <span class='ocr_line' id='line_1_6' title="bbox 359 865 1939 944; baseline 0.009 -31"><span class='ocrx_word' id='word_1_33' title='bbox 359 877 588 926; x_wconf 81' lang='grc' dir='ltr'><em>τηνται·</em></span> <span class='ocrx_word' id='word_1_34' title='bbox 614 865 867 930; x_wconf 79' lang='grc' dir='ltr'><em>Θυρίόας</em></span> <span class='ocrx_word' id='word_1_35' title='bbox 896 867 952 920; x_wconf 78' lang='grc' dir='ltr'><em>δὲ</em></span> <span class='ocrx_word' id='word_1_36' title='bbox 978 870 1241 936; x_wconf 78' lang='grc' dir='ltr'><em>οὐρανοῦ</em></span> <span class='ocrx_word' id='word_1_37' title='bbox 1262 871 1403 925; x_wconf 83' lang='grc' dir='ltr'><strong>κατά</strong></span> <span class='ocrx_word' id='word_1_38' title='bbox 1429 873 1529 940; x_wconf 83' lang='grc' dir='ltr'><em>τὴν</em></span> <span class='ocrx_word' id='word_1_39' title='bbox 1560 873 1939 944; x_wconf 75' lang='grc' dir='ltr'><em>προλαϐοῦσαν</em></span> 
     </span>
    </p>
   </div>
   <div class='ocr_carea' id='block_1_7' title="bbox 362 953 1939 1035">
    <p class='ocr_par' dir='ltr' id='par_1_7' title="bbox 362 953 1939 1035">
     <span class='ocr_line' id='line_1_7' title="bbox 362 953 1939 1035; baseline 0.011 -31"><span class='ocrx_word' id='word_1_40' title='bbox 362 953 579 1022; x_wconf 77' lang='grc' dir='ltr'><strong>νοήσεις</strong></span> <span class='ocrx_word' id='word_1_41' title='bbox 601 955 884 1026; x_wconf 79' lang='grc' dir='ltr'><em>ἐξήγησιν.</em></span> <span class='ocrx_word' id='word_1_42' title='bbox 923 960 1263 1027; x_wconf 81' lang='grc' dir='ltr'><em>Ἐπεξιόντος</em></span> <span class='ocrx_word' id='word_1_43' title='bbox 1284 964 1393 1032; x_wconf 79' lang='grc' dir='ltr'><strong>γὰρ</strong></span> <span class='ocrx_word' id='word_1_44' title='bbox 1419 967 1534 1027; x_wconf 83' lang='grc' dir='ltr'><em>τοῖς</em></span> <span class='ocrx_word' id='word_1_45' title='bbox 1563 965 1939 1035; x_wconf 82' lang='grc' dir='ltr'><strong>ἁμαρτάνουσι</strong></span> 
     </span>
    </p>
   </div>
   <div class='ocr_carea' id='block_1_8' title="bbox 360 1041 1940 1121">
    <p class='ocr_par' dir='ltr' id='par_1_8' title="bbox 360 1041 1940 1121">
     <span class='ocr_line' id='line_1_8' title="bbox 360 1041 1940 1121; baseline 0.011 -27"><span class='ocrx_word' id='word_1_46' title='bbox 360 1041 455 1095; x_wconf 85' lang='grc' dir='ltr'><em>τοῦ</em></span> <span class='ocrx_word' id='word_1_47' title='bbox 485 1043 645 1109; x_wconf 85' lang='grc' dir='ltr'><strong>Θεοῦ,</strong></span> <span class='ocrx_word' id='word_1_48' title='bbox 679 1050 740 1099; x_wconf 84' lang='grc' dir='ltr'><em>αἱ</em></span> <span class='ocrx_word' id='word_1_49' title='bbox 772 1048 878 1102; x_wconf 85' lang='grc' dir='ltr'><em>τοῦ</em></span> <span class='ocrx_word' id='word_1_50' title='bbox 906 1051 1167 1117; x_wconf 83' lang='grc' dir='ltr'><em>οὐρανοῦ</em></span> <span class='ocrx_word' id='word_1_51' title='bbox 1214 1054 1453 1121; x_wconf 80' lang='grc' dir='ltr'><em>θυρίδες</em></span> <span class='ocrx_word' id='word_1_52' title='bbox 1490 1055 1940 1113; x_wconf 73' lang='grc' dir='ltr'><em>ἀναπετάννυν-</em></span> 
     </span>
    </p>
   </div>
   <div class='ocr_carea' id='block_1_9' title="bbox 328 1135 1939 1217">
    <p class='ocr_par' dir='ltr' id='par_1_9' title="bbox 328 1135 1939 1217">
     <span class='ocr_line' id='line_1_9' title="bbox 328 1135 1939 1217; baseline 0.011 -30"><span class='ocrx_word' id='word_1_53' title='bbox 328 1176 341 1187; x_wconf 93' lang='grc'><strong>.</strong></span> <span class='ocrx_word' id='word_1_54' title='bbox 362 1150 477 1197; x_wconf 89' lang='grc' dir='ltr'><em>ται,</em></span> <span class='ocrx_word' id='word_1_55' title='bbox 507 1135 607 1204; x_wconf 81' lang='grc' dir='ltr'><em>τῆς</em></span> <span class='ocrx_word' id='word_1_56' title='bbox 634 1139 718 1201; x_wconf 72' lang='grc' dir='ltr'><strong>εὶς</strong></span> <span class='ocrx_word' id='word_1_57' title='bbox 756 1139 955 1204; x_wconf 73' lang='grc' dir='ltr'><em>αὐτοὺς</em></span> <span class='ocrx_word' id='word_1_58' title='bbox 1001 1144 1312 1215; x_wconf 78' lang='grc' dir='ltr'><em>ἐπισκοπῆς</em></span> <span class='ocrx_word' id='word_1_59' title='bbox 1340 1150 1654 1217; x_wconf 80' lang='grc' dir='ltr'><strong>γινομένης.</strong></span> <span class='ocrx_word' id='word_1_60' title='bbox 1686 1149 1852 1213; x_wconf 76' lang='grc' dir='ltr'><strong>Εἰκὸς</strong></span> <span class='ocrx_word' id='word_1_61' title='bbox 1881 1150 1939 1204; x_wconf 74' lang='grc' dir='ltr'><em>δὲ</em></span> 
     </span>
    </p>
   </div>
   <div class='ocr_carea' id='block_1_10' title="bbox 362 1224 1939 1314">
    <p class='ocr_par' dir='ltr' id='par_1_10' title="bbox 362 1224 1939 1314">
     <span class='ocr_line' id='line_1_10' title="bbox 362 1224 1939 1314; baseline 0.013 -37"><span class='ocrx_word' id='word_1_62' title='bbox 362 1224 535 1290; x_wconf 77' lang='grc' dir='ltr'><em>οὕτως</em></span> <span class='ocrx_word' id='word_1_63' title='bbox 574 1229 830 1299; x_wconf 70' lang='grc' dir='ltr'><em>εἰρῆσθαι</em></span> <span class='ocrx_word' id='word_1_64' title='bbox 870 1234 1000 1304; x_wconf 79' lang='grc' dir='ltr'><em>περὶ</em></span> <span class='ocrx_word' id='word_1_65' title='bbox 1035 1228 1108 1287; x_wconf 83' lang='grc' dir='ltr'><em>ὧν</em></span> <span class='ocrx_word' id='word_1_66' title='bbox 1142 1254 1312 1307; x_wconf 76' lang='grc' dir='ltr'><em>φησιν</em></span> <span class='ocrx_word' id='word_1_67' title='bbox 1341 1240 1370 1290; x_wconf 86' lang='grc' dir='ltr'>ὁ</span> <span class='ocrx_word' id='word_1_68' title='bbox 1421 1241 1621 1293; x_wconf 78' lang='grc' dir='ltr'><strong>Δαϐίδ·</strong></span> <span class='ocrx_word' id='word_1_69' title='bbox 1677 1262 1695 1294; x_wconf 75' lang='grc' dir='ltr'><strong>ι</strong></span> <span class='ocrx_word' id='word_1_70' title='bbox 1734 1245 1939 1314; x_wconf 68' lang='lat' dir='ltr'><strong>&quot;Aput:</strong></span> 
     </span>
    </p>
   </div>
   <div class='ocr_carea' id='block_1_11' title="bbox 363 1315 1942 1414">
    <p class='ocr_par' dir='ltr' id='par_1_11' title="bbox 363 1315 1942 1414">
     <span class='ocr_line' id='line_1_11' title="bbox 363 1315 1942 1414; baseline 0.011 -47"><span class='ocrx_word' id='word_1_71' title='bbox 363 1315 556 1381; x_wconf 80' lang='grc' dir='ltr'><strong>πύλας,</strong></span> <span class='ocrx_word' id='word_1_72' title='bbox 594 1320 656 1414; x_wconf 11' lang='lat' dir='ltr'><strong>oi,</strong></span> <span class='ocrx_word' id='word_1_73' title='bbox 684 1320 964 1414; x_wconf 51' lang='grc' dir='ltr'><em>ἄρξοντες,</em></span> <span class='ocrx_word' id='word_1_74' title='bbox 993 1325 1170 1394; x_wconf 81' lang='grc' dir='ltr'><em>ὑμῶν.</em></span> <span class='ocrx_word' id='word_1_75' title='bbox 1215 1344 1234 1377; x_wconf 79' lang='grc' dir='ltr'><strong>ι</strong></span> <span class='ocrx_word' id='word_1_76' title='bbox 1270 1328 1404 1380; x_wconf 86' lang='grc' dir='ltr'><strong>Τότε</strong></span> <span class='ocrx_word' id='word_1_77' title='bbox 1438 1329 1536 1399; x_wconf 83' lang='grc' dir='ltr'><strong>μὲν</strong></span> <span class='ocrx_word' id='word_1_78' title='bbox 1575 1328 1669 1384; x_wconf 83' lang='grc' dir='ltr'><strong>οὖν</strong></span> <span class='ocrx_word' id='word_1_79' title='bbox 1718 1333 1942 1404; x_wconf 82' lang='grc' dir='ltr'><em>ἀνοιγή-</em></span> 
     </span>
    </p>
   </div>
   <div class='ocr_carea' id='block_1_12' title="bbox 364 1413 1942 1490">
    <p class='ocr_par' dir='ltr' id='par_1_12' title="bbox 364 1413 1942 1490">
     <span class='ocr_line' id='line_1_12' title="bbox 364 1413 1942 1490; baseline 0.013 -32"><span class='ocrx_word' id='word_1_80' title='bbox 364 1423 552 1461; x_wconf 86' lang='grc' dir='ltr'><em>σονται</em></span> <span class='ocrx_word' id='word_1_81' title='bbox 583 1413 755 1465; x_wconf 72' lang='grc' dir='ltr'><em>πᾶσαι</em></span> <span class='ocrx_word' id='word_1_82' title='bbox 786 1413 885 1467; x_wconf 75' lang='grc' dir='ltr'><strong>ἐπὶ</strong></span> <span class='ocrx_word' id='word_1_83' title='bbox 911 1415 1012 1485; x_wconf 79' lang='grc' dir='ltr'><em>τῆς</em></span> <span class='ocrx_word' id='word_1_84' title='bbox 1068 1417 1162 1470; x_wconf 87' lang='grc' dir='ltr'><em>τοῦ</em></span> <span class='ocrx_word' id='word_1_85' title='bbox 1212 1419 1421 1488; x_wconf 74' lang='grc' dir='ltr'><em>Κυρίου</em></span> <span class='ocrx_word' id='word_1_86' title='bbox 1458 1420 1759 1490; x_wconf 84' lang='grc' dir='ltr'><em>βασιλείας,</em></span> <span class='ocrx_word' id='word_1_87' title='bbox 1791 1424 1942 1488; x_wconf 81' lang='grc' dir='ltr'><em>ὅπως</em></span> 
     </span>
    </p>
   </div>
   <div class='ocr_carea' id='block_1_13' title="bbox 362 1496 1942 1582">
    <p class='ocr_par' dir='ltr' id='par_1_13' title="bbox 362 1496 1942 1582">
     <span class='ocr_line' id='line_1_13' title="bbox 362 1496 1942 1582; baseline 0.012 -33"><span class='ocrx_word' id='word_1_88' title='bbox 362 1496 429 1551; x_wconf 84' lang='grc' dir='ltr'><em>δι’</em></span> <span class='ocrx_word' id='word_1_89' title='bbox 460 1499 640 1553; x_wconf 82' lang='grc' dir='ltr'><em>αὐτῶν</em></span> <span class='ocrx_word' id='word_1_90' title='bbox 682 1504 1040 1576; x_wconf 76' lang='grc' dir='ltr'><em>εἰσέρχωνται</em></span> <span class='ocrx_word' id='word_1_91' title='bbox 1085 1510 1134 1561; x_wconf 83' lang='grc' dir='ltr'><strong>οἱ</strong></span> <span class='ocrx_word' id='word_1_92' title='bbox 1188 1509 1623 1582; x_wconf 67' lang='grc' dir='ltr'><em>βασιλευόμενσι.</em></span> <span class='ocrx_word' id='word_1_93' title='bbox 1678 1514 1832 1569; x_wconf 74' lang='grc' dir='ltr'><em>Νυνὶ</em></span> <span class='ocrx_word' id='word_1_94' title='bbox 1884 1515 1942 1568; x_wconf 76' lang='grc' dir='ltr'><em>δὲ</em></span> 
     </span>
    </p>
   </div>
   <div class='ocr_carea' id='block_1_14' title="bbox 362 1593 1939 1677">
    <p class='ocr_par' dir='ltr' id='par_1_14' title="bbox 362 1593 1939 1677">
     <span class='ocr_line' id='line_1_14' title="bbox 362 1593 1939 1677; baseline 0.012 -33"><span class='ocrx_word' id='word_1_95' title='bbox 362 1593 765 1664; x_wconf 71' lang='grc' dir='ltr'>ἀνοιγομένων</span> <span class='ocrx_word' id='word_1_96' title='bbox 788 1599 840 1651; x_wconf 84' lang='grc' dir='ltr'><strong>τι</strong></span> <span class='ocrx_word' id='word_1_97' title='bbox 868 1601 1077 1668; x_wconf 82' lang='grc' dir='ltr'><em>γίνεται</em></span> <span class='ocrx_word' id='word_1_98' title='bbox 1099 1620 1114 1668; x_wconf 92' lang='lat'><strong>;</strong></span> <span class='ocrx_word' id='word_1_99' title='bbox 1134 1605 1729 1677; x_wconf 79' lang='grc' dir='ltr'><em>Σεισθήσεται,φησὶ,</em></span> <span class='ocrx_word' id='word_1_100' title='bbox 1752 1608 1825 1662; x_wconf 85' lang='grc' dir='ltr'><em>τὰ</em></span> <span class='ocrx_word' id='word_1_101' title='bbox 1841 1612 1939 1663; x_wconf 79' lang='grc' dir='ltr'><strong>θεο</strong></span> 
     </span>
    </p>
   </div>
   <div class='ocr_carea' id='block_1_15' title="bbox 355 1681 1937 1762">
    <p class='ocr_par' dir='ltr' id='par_1_15' title="bbox 355 1681 1937 1762">
     <span class='ocr_line' id='line_1_15' title="bbox 355 1681 1937 1762; baseline 0.008 -29"><span class='ocrx_word' id='word_1_102' title='bbox 355 1681 536 1749; x_wconf 74' lang='grc' dir='ltr'><em>μέλια</em></span> <span class='ocrx_word' id='word_1_103' title='bbox 578 1682 687 1753; x_wconf 84' lang='grc' dir='ltr'><em>τῆς</em></span> <span class='ocrx_word' id='word_1_104' title='bbox 717 1684 852 1756; x_wconf 75' lang='grc' dir='ltr'><em>γῆς,</em></span> <span class='ocrx_word' id='word_1_105' title='bbox 886 1690 983 1743; x_wconf 81' lang='grc' dir='ltr'><strong>καὶ</strong></span> <span class='ocrx_word' id='word_1_106' title='bbox 1026 1692 1464 1760; x_wconf 72' lang='grc' dir='ltr'><em>ταραχθήσεται</em></span> <span class='ocrx_word' id='word_1_107' title='bbox 1502 1695 1539 1761; x_wconf 78' lang='grc' dir='ltr'><strong><em>ἠ</em></strong></span> <span class='ocrx_word' id='word_1_108' title='bbox 1573 1693 1680 1762; x_wconf 74' lang='grc' dir='ltr'><strong>γῆ·</strong></span> <span class='ocrx_word' id='word_1_109' title='bbox 1707 1695 1834 1759; x_wconf 75' lang='grc' dir='ltr'><em>τοὺς</em></span> <span class='ocrx_word' id='word_1_110' title='bbox 1856 1696 1937 1749; x_wconf 82' lang='lat' dir='ltr'><strong>ol—</strong></span> 
     </span>
    </p>
   </div>
   <div class='ocr_carea' id='block_1_16' title="bbox 363 1772 2012 1855">
    <p class='ocr_par' dir='ltr' id='par_1_16' title="bbox 363 1772 2012 1855">
     <span class='ocr_line' id='line_1_16' title="bbox 363 1772 2012 1855; baseline 0.01 -32"><span class='ocrx_word' id='word_1_111' title='bbox 363 1772 642 1842; x_wconf 86' lang='grc' dir='ltr'><em>κήσαντας</em></span> <span class='ocrx_word' id='word_1_112' title='bbox 667 1777 871 1847; x_wconf 70' lang='grc' dir='ltr'><em>ταύτην</em></span> <span class='ocrx_word' id='word_1_113' title='bbox 907 1779 1104 1850; x_wconf 79' lang='grc' dir='ltr'><em>δηλῶν,</em></span> <span class='ocrx_word' id='word_1_114' title='bbox 1147 1780 1225 1844; x_wconf 86' lang='grc' dir='ltr'><strong>ὡς</strong></span> <span class='ocrx_word' id='word_1_115' title='bbox 1254 1782 1362 1835; x_wconf 78' lang='grc' dir='ltr'><em>ἀπὸ</em></span> <span class='ocrx_word' id='word_1_116' title='bbox 1396 1784 1584 1837; x_wconf 82' lang='grc' dir='ltr'>κακῶν</span> <span class='ocrx_word' id='word_1_117' title='bbox 1629 1785 1804 1855; x_wconf 80' lang='grc' dir='ltr'><strong>μέθης</strong></span> <span class='ocrx_word' id='word_1_118' title='bbox 1839 1802 1939 1839; x_wconf 86' lang='grc' dir='ltr'><strong>σα-</strong></span> <span class='ocrx_word' id='word_1_119' title='bbox 1970 1773 2012 1826; x_wconf 75' lang='grc' dir='ltr'>Β</span> 
     </span>
    </p>
   </div>
   <div class='ocr_carea' id='block_1_17' title="bbox 361 1863 1935 1949">
    <p class='ocr_par' dir='ltr' id='par_1_17' title="bbox 361 1863 1935 1949">
     <span class='ocr_line' id='line_1_17' title="bbox 361 1863 1935 1949; baseline 0.011 -33"><span class='ocrx_word' id='word_1_120' title='bbox 361 1863 704 1935; x_wconf 82' lang='grc' dir='ltr'><em>λευομένους.</em></span> <span class='ocrx_word' id='word_1_121' title='bbox 725 1868 788 1921; x_wconf 87' lang='grc' dir='ltr'><strong>Ἦ</strong></span> <span class='ocrx_word' id='word_1_122' title='bbox 809 1870 866 1922; x_wconf 80' lang='grc' dir='ltr'><em>δὲ</em></span> <span class='ocrx_word' id='word_1_123' title='bbox 892 1873 1134 1940; x_wconf 82' lang='grc' dir='ltr'><strong>τοιαύτη</strong></span> <span class='ocrx_word' id='word_1_124' title='bbox 1152 1871 1228 1943; x_wconf 78' lang='grc' dir='ltr'><strong>τῆ</strong></span> <span class='ocrx_word' id='word_1_125' title='bbox 1249 1874 1358 1928; x_wconf 85' lang='grc' dir='ltr'><em>τῶν</em></span> <span class='ocrx_word' id='word_1_126' title='bbox 1378 1876 1591 1929; x_wconf 82' lang='grc' dir='ltr'><em>ἀσεϐῶν</em></span> <span class='ocrx_word' id='word_1_127' title='bbox 1610 1872 1747 1930; x_wconf 82' lang='grc' dir='ltr'><em>οὖσα</em></span> <span class='ocrx_word' id='word_1_128' title='bbox 1766 1878 1935 1949; x_wconf 77' lang='grc' dir='ltr'>ψυχὴ.</span> 
     </span>
    </p>
   </div>
   <div class='ocr_carea' id='block_1_18' title="bbox 361 1958 1939 2035">
    <p class='ocr_par' dir='ltr' id='par_1_18' title="bbox 361 1958 1939 2035">
     <span class='ocr_line' id='line_1_18' title="bbox 361 1958 1939 2035; baseline 0.011 -25"><span class='ocrx_word' id='word_1_129' title='bbox 361 1958 442 2024; x_wconf 84' lang='grc' dir='ltr'><strong>ὡς</strong></span> <span class='ocrx_word' id='word_1_130' title='bbox 490 1962 985 2035; x_wconf 57' lang='grc' dir='ltr'><em>ὀπωρορυλὰκιον</em></span> <span class='ocrx_word' id='word_1_131' title='bbox 1021 1966 1194 2022; x_wconf 82' lang='grc' dir='ltr'><em>ἔσται.</em></span> <span class='ocrx_word' id='word_1_132' title='bbox 1233 1968 1405 2022; x_wconf 88' lang='grc' dir='ltr'><em>Τοῦτο</em></span> <span class='ocrx_word' id='word_1_133' title='bbox 1449 1969 1506 2022; x_wconf 85' lang='grc' dir='ltr'><em>δὲ</em></span> <span class='ocrx_word' id='word_1_134' title='bbox 1558 1972 1652 2024; x_wconf 71' lang='grc' dir='ltr'><strong>κα)⁵</strong></span> <span class='ocrx_word' id='word_1_135' title='bbox 1698 1972 1786 2026; x_wconf 83' lang='grc' dir='ltr'><em>διὰ</em></span> <span class='ocrx_word' id='word_1_136' title='bbox 1829 1974 1939 2027; x_wconf 82' lang='grc' dir='ltr'><em>τῶν</em></span> 
     </span>
    </p>
   </div>
   <div class='ocr_carea' id='block_1_19' title="bbox 362 2052 1939 2130">
    <p class='ocr_par' dir='ltr' id='par_1_19' title="bbox 362 2052 1939 2130">
     <span class='ocr_line' id='line_1_19' title="bbox 362 2052 1939 2130; baseline 0.01 -26"><span class='ocrx_word' id='word_1_137' title='bbox 362 2052 673 2124; x_wconf 78' lang='grc' dir='ltr'><em>ἔμπροσθεν</em></span> <span class='ocrx_word' id='word_1_138' title='bbox 694 2057 928 2127; x_wconf 73' lang='grc' dir='ltr'><strong>ἐρημίαν</strong></span> <span class='ocrx_word' id='word_1_139' title='bbox 953 2058 1163 2128; x_wconf 79' lang='grc' dir='ltr'><strong>ἐδήλου,</strong></span> <span class='ocrx_word' id='word_1_140' title='bbox 1191 2062 1250 2113; x_wconf 85' lang='grc' dir='ltr'><em>ὲν</em></span> <span class='ocrx_word' id='word_1_141' title='bbox 1267 2054 1349 2124; x_wconf 75' lang='grc' dir='ltr'><strong>οἷς</strong></span> <span class='ocrx_word' id='word_1_142' title='bbox 1375 2062 1593 2128; x_wconf 78' lang='grc' dir='ltr'><strong>ἐλέγετο</strong></span> <span class='ocrx_word' id='word_1_143' title='bbox 1619 2083 1632 2094; x_wconf 96' lang='grc'><strong>·</strong></span> <span class='ocrx_word' id='word_1_144' title='bbox 1658 2084 1677 2115; x_wconf 79' lang='grc' dir='ltr'><strong>ι</strong></span> <span class='ocrx_word' id='word_1_145' title='bbox 1705 2064 1843 2118; x_wconf 87' lang='grc' dir='ltr'><em>Σιὼν</em></span> <span class='ocrx_word' id='word_1_146' title='bbox 1863 2066 1939 2130; x_wconf 80' lang='grc' dir='ltr'><strong>ὡς</strong></span> 
     </span>
    </p>
   </div>
   <div class='ocr_carea' id='block_1_20' title="bbox 362 2139 1936 2225">
    <p class='ocr_par' dir='ltr' id='par_1_20' title="bbox 362 2139 1936 2225">
     <span class='ocr_line' id='line_1_20' title="bbox 362 2139 1936 2225; baseline 0.01 -33"><span class='ocrx_word' id='word_1_147' title='bbox 362 2141 529 2210; x_wconf 78' lang='grc' dir='ltr'><em>ἀγρὸς</em></span> <span class='ocrx_word' id='word_1_148' title='bbox 560 2139 1042 2214; x_wconf 84' lang='grc' dir='ltr'><em>ἀροτριαθήσεται,</em></span> <span class='ocrx_word' id='word_1_149' title='bbox 1078 2148 1172 2201; x_wconf 78' lang='grc' dir='ltr'><em>καὶ</em></span> <span class='ocrx_word' id='word_1_150' title='bbox 1224 2149 1586 2223; x_wconf 78' lang='grc' dir='ltr'><em>Ἰερουσαλὴμ</em></span> <span class='ocrx_word' id='word_1_151' title='bbox 1617 2154 1692 2216; x_wconf 84' lang='grc' dir='ltr'><strong>ὡς</strong></span> <span class='ocrx_word' id='word_1_152' title='bbox 1721 2156 1936 2225; x_wconf 77' lang='grc' dir='ltr'><em>ὀπωρο-</em></span> 
     </span>
    </p>
   </div>
   <div class='ocr_carea' id='block_1_21' title="bbox 362 2230 874 2298">
    <p class='ocr_par' dir='ltr' id='par_1_21' title="bbox 362 2230 874 2298">
     <span class='ocr_line' id='line_1_21' title="bbox 362 2230 874 2298; baseline 0.008 -17"><span class='ocrx_word' id='word_1_153' title='bbox 362 2230 625 2298; x_wconf 81' lang='grc' dir='ltr'><em>φυλάκιον</em></span> <span class='ocrx_word' id='word_1_154' title='bbox 663 2232 839 2287; x_wconf 76' lang='grc' dir='ltr'><em>ἔσται.</em></span> <span class='ocrx_word' id='word_1_155' title='bbox 856 2254 874 2285; x_wconf 74' lang='grc' dir='ltr'><strong>ι</strong></span> 
     </span>
    </p>
   </div>
   <div class='ocr_carea' id='block_1_22' title="bbox 431 2322 1939 2408">
    <p class='ocr_par' dir='ltr' id='par_1_22' title="bbox 431 2322 1939 2408">
     <span class='ocr_line' id='line_1_22' title="bbox 431 2322 1939 2408; baseline 0.011 -34"><span class='ocrx_word' id='word_1_156' title='bbox 431 2322 620 2377; x_wconf 85' lang='grc' dir='ltr'><em>Ταῦτα</em></span> <span class='ocrx_word' id='word_1_157' title='bbox 646 2323 705 2376; x_wconf 80' lang='grc' dir='ltr'><em>δὲ</em></span> <span class='ocrx_word' id='word_1_158' title='bbox 750 2325 965 2394; x_wconf 84' lang='grc' dir='ltr'><em>γέγονε,</em></span> <span class='ocrx_word' id='word_1_159' title='bbox 1006 2331 1119 2392; x_wconf 75' lang='grc' dir='ltr'><em>τοῖς</em></span> <span class='ocrx_word' id='word_1_160' title='bbox 1164 2331 1374 2386; x_wconf 73' lang='grc' dir='ltr'><em>οἰκοῦσι</em></span> <span class='ocrx_word' id='word_1_161' title='bbox 1408 2334 1508 2405; x_wconf 80' lang='grc' dir='ltr'><em>τὴν</em></span> <span class='ocrx_word' id='word_1_162' title='bbox 1531 2336 1653 2405; x_wconf 78' lang='grc' dir='ltr'><em>γῆν,</em></span> <span class='ocrx_word' id='word_1_163' title='bbox 1705 2337 1939 2408; x_wconf 76' lang='grc' dir='ltr'><em>ἐπείπερ</em></span> 
     </span>
    </p>
   </div>
   <div class='ocr_carea' id='block_1_23' title="bbox 361 2415 1938 2494">
    <p class='ocr_par' dir='ltr' id='par_1_23' title="bbox 361 2415 1938 2494">
     <span class='ocr_line' id='line_1_23' title="bbox 361 2415 1938 2494; baseline 0.01 -28"><span class='ocrx_word' id='word_1_164' title='bbox 361 2415 740 2484; x_wconf 77' lang='grc' dir='ltr'><strong>κατίσχυσεν</strong></span> <span class='ocrx_word' id='word_1_165' title='bbox 774 2418 868 2470; x_wconf 76' lang='grc' dir='ltr'><strong>ἐπ’</strong></span> <span class='ocrx_word' id='word_1_166' title='bbox 907 2420 1133 2487; x_wconf 84' lang='grc' dir='ltr'><em>αὐτοὺς</em></span> <span class='ocrx_word' id='word_1_167' title='bbox 1188 2423 1228 2490; x_wconf 76' lang='grc' dir='ltr'>ἡ</span> <span class='ocrx_word' id='word_1_168' title='bbox 1280 2425 1532 2494; x_wconf 73' lang='grc' dir='ltr'><em>ἀνομία,</em></span> <span class='ocrx_word' id='word_1_169' title='bbox 1568 2428 1650 2481; x_wconf 85' lang='grc' dir='ltr'><em>διὸ</em></span> <span class='ocrx_word' id='word_1_170' title='bbox 1677 2428 1771 2483; x_wconf 74' lang='grc' dir='ltr'><strong>ἐπὶ</strong></span> <span class='ocrx_word' id='word_1_171' title='bbox 1797 2428 1938 2482; x_wconf 82' lang='grc' dir='ltr'><em>τέλει</em></span> 
     </span>
    </p>
   </div>
   <div class='ocr_carea' id='block_1_24' title="bbox 361 2502 1939 2592">
    <p class='ocr_par' dir='ltr' id='par_1_24' title="bbox 361 2502 1939 2592">
     <span class='ocr_line' id='line_1_24' title="bbox 361 2502 1939 2592; baseline 0.012 -37"><span class='ocrx_word' id='word_1_172' title='bbox 361 2502 454 2557; x_wconf 85' lang='grc' dir='ltr'><em>τοῦ</em></span> <span class='ocrx_word' id='word_1_173' title='bbox 484 2502 646 2574; x_wconf 82' lang='grc' dir='ltr'>λόγου</span> <span class='ocrx_word' id='word_1_174' title='bbox 677 2509 828 2576; x_wconf 73' lang='grc' dir='ltr'><em>φησι.</em></span> <span class='ocrx_word' id='word_1_175' title='bbox 851 2510 959 2563; x_wconf 69' lang='grc' dir='ltr'><strong>Καὶ</strong></span> <span class='ocrx_word' id='word_1_176' title='bbox 1008 2512 1298 2579; x_wconf 79' lang='grc' dir='ltr'><strong>πεσεῖται,</strong></span> <span class='ocrx_word' id='word_1_177' title='bbox 1357 2516 1453 2569; x_wconf 76' lang='grc' dir='ltr'><strong>καὶ</strong></span> <span class='ocrx_word' id='word_1_178' title='bbox 1479 2517 1541 2571; x_wconf 79' lang='grc' dir='ltr'><strong>οὐ</strong></span> <span class='ocrx_word' id='word_1_179' title='bbox 1599 2519 1673 2589; x_wconf 83' lang='grc' dir='ltr'><strong>μὴ</strong></span> <span class='ocrx_word' id='word_1_180' title='bbox 1714 2519 1939 2592; x_wconf 81' lang='grc' dir='ltr'><em>δύνηται</em></span> 
     </span>
    </p>
   </div>
   <div class='ocr_carea' id='block_1_25' title="bbox 360 2594 1938 2683">
    <p class='ocr_par' dir='ltr' id='par_1_25' title="bbox 360 2594 1938 2683">
     <span class='ocr_line' id='line_1_25' title="bbox 360 2594 1938 2683; baseline 0.011 -36"><span class='ocrx_word' id='word_1_181' title='bbox 360 2594 722 2664; x_wconf 77' lang='grc' dir='ltr'><em>ἀναστῆναι.</em></span> <span class='ocrx_word' id='word_1_182' title='bbox 760 2599 942 2667; x_wconf 57' lang='lat' dir='ltr'><strong>&quot;Anci</strong></span> <span class='ocrx_word' id='word_1_183' title='bbox 983 2602 1083 2672; x_wconf 76' lang='grc' dir='ltr'><strong>μὲν</strong></span> <span class='ocrx_word' id='word_1_184' title='bbox 1112 2605 1221 2676; x_wconf 84' lang='grc' dir='ltr'><strong>γὰρ</strong></span> <span class='ocrx_word' id='word_1_185' title='bbox 1255 2606 1503 2663; x_wconf 78' lang='grc' dir='ltr'><em>πεσοῦσα</em></span> <span class='ocrx_word' id='word_1_186' title='bbox 1529 2609 1674 2663; x_wconf 80' lang='grc' dir='ltr'><em>κατὰ</em></span> <span class='ocrx_word' id='word_1_187' title='bbox 1714 2612 1818 2683; x_wconf 78' lang='grc' dir='ltr'><em>τὴν</em></span> <span class='ocrx_word' id='word_1_188' title='bbox 1843 2610 1938 2665; x_wconf 84' lang='grc' dir='ltr'><em>τοῦ</em></span> 
     </span>
    </p>
   </div>
   <div class='ocr_carea' id='block_1_26' title="bbox 362 2684 1935 2774">
    <p class='ocr_par' dir='ltr' id='par_1_26' title="bbox 362 2684 1935 2774">
     <span class='ocr_line' id='line_1_26' title="bbox 362 2684 1935 2774; baseline 0.013 -37"><span class='ocrx_word' id='word_1_189' title='bbox 362 2684 559 2757; x_wconf 81' lang='grc' dir='ltr'><strong>θνητοῦ</strong></span> <span class='ocrx_word' id='word_1_190' title='bbox 614 2688 731 2759; x_wconf 84' lang='grc' dir='ltr'><em>βίου</em></span> <span class='ocrx_word' id='word_1_191' title='bbox 769 2691 1027 2764; x_wconf 79' lang='grc' dir='ltr'><em>τελευτὴν</em></span> <span class='ocrx_word' id='word_1_192' title='bbox 1060 2696 1098 2763; x_wconf 81' lang='grc' dir='ltr'><strong><em>ἠ</em></strong></span> <span class='ocrx_word' id='word_1_193' title='bbox 1134 2695 1234 2765; x_wconf 74' lang='grc' dir='ltr'><em>γῆ,</em></span> <span class='ocrx_word' id='word_1_194' title='bbox 1277 2698 1415 2770; x_wconf 80' lang='grc' dir='ltr'><em>σὰρξ</em></span> <span class='ocrx_word' id='word_1_195' title='bbox 1459 2695 1595 2753; x_wconf 81' lang='grc' dir='ltr'><em>οὖσα</em></span> <span class='ocrx_word' id='word_1_196' title='bbox 1630 2699 1863 2773; x_wconf 78' lang='grc' dir='ltr'><strong>γεώδης,</strong></span> <span class='ocrx_word' id='word_1_197' title='bbox 1900 2703 1935 2774; x_wconf 83' lang='grc' dir='ltr'>ἦ</span> 
     </span>
    </p>
   </div>
   <div class='ocr_carea' id='block_1_27' title="bbox 362 2776 1936 2861">
    <p class='ocr_par' dir='ltr' id='par_1_27' title="bbox 362 2776 1936 2861">
     <span class='ocr_line' id='line_1_27' title="bbox 362 2776 1936 2861; baseline 0.011 -32"><span class='ocrx_word' id='word_1_198' title='bbox 362 2776 744 2848; x_wconf 80' lang='grc' dir='ltr'><strong>φιλοσώματος</strong></span> <span class='ocrx_word' id='word_1_199' title='bbox 766 2782 936 2854; x_wconf 75' lang='grc' dir='ltr'><strong>ψυχὴ,</strong></span> <span class='ocrx_word' id='word_1_200' title='bbox 973 2784 1006 2853; x_wconf 76' lang='grc' dir='ltr'>ἢ</span> <span class='ocrx_word' id='word_1_201' title='bbox 1040 2787 1089 2838; x_wconf 77' lang='grc' dir='ltr'><em>οἱ</em></span> <span class='ocrx_word' id='word_1_202' title='bbox 1140 2787 1310 2842; x_wconf 80' lang='grc' dir='ltr'><em>πάλαι</em></span> <span class='ocrx_word' id='word_1_203' title='bbox 1357 2790 1458 2856; x_wconf 81' lang='grc' dir='ltr'><strong>τὴν</strong></span> <span class='ocrx_word' id='word_1_204' title='bbox 1493 2791 1596 2861; x_wconf 84' lang='grc' dir='ltr'><strong>γῆν</strong></span> <span class='ocrx_word' id='word_1_205' title='bbox 1634 2792 1936 2860; x_wconf 77' lang='grc' dir='ltr'><em>οἰκοῦντες,</em></span> 
     </span>
    </p>
   </div>
   <div class='ocr_carea' id='block_1_28' title="bbox 359 2872 1939 2953">
    <p class='ocr_par' dir='ltr' id='par_1_28' title="bbox 359 2872 1939 2953">
     <span class='ocr_line' id='line_1_28' title="bbox 359 2872 1939 2953; baseline 0.009 -30"><span class='ocrx_word' id='word_1_206' title='bbox 359 2873 460 2940; x_wconf 78' lang='grc' dir='ltr'><em>τῆς</em></span> <span class='ocrx_word' id='word_1_207' title='bbox 511 2872 808 2944; x_wconf 86' lang='grc' dir='ltr'><em>καθολικῆς</em></span> <span class='ocrx_word' id='word_1_208' title='bbox 857 2877 1212 2941; x_wconf 78' lang='grc' dir='ltr'><strong>ἀναστάσεως</strong></span> <span class='ocrx_word' id='word_1_209' title='bbox 1251 2879 1553 2947; x_wconf 81' lang='grc' dir='ltr'><strong>τεύξονται,</strong></span> <span class='ocrx_word' id='word_1_210' title='bbox 1588 2884 1939 2953; x_wconf 80' lang='grc' dir='ltr'><em>παραστῆναι</em></span> 
     </span>
    </p>
   </div>
   <div class='ocr_carea' id='block_1_29' title="bbox 361 2962 1938 3043">
    <p class='ocr_par' dir='ltr' id='par_1_29' title="bbox 361 2962 1938 3043">
     <span class='ocr_line' id='line_1_29' title="bbox 361 2962 1938 3043; baseline 0.008 -28"><span class='ocrx_word' id='word_1_211' title='bbox 361 2962 442 3032; x_wconf 79' lang='grc' dir='ltr'><em>τῷ</em></span> <span class='ocrx_word' id='word_1_212' title='bbox 482 2963 745 3036; x_wconf 78' lang='grc' dir='ltr'><em>δικαστῇ,</em></span> <span class='ocrx_word' id='word_1_213' title='bbox 798 2968 893 3020; x_wconf 57' lang='grc' dir='ltr'><strong>καὶ⁵</strong></span> <span class='ocrx_word' id='word_1_214' title='bbox 953 2967 1059 3022; x_wconf 83' lang='grc' dir='ltr'><em>τῶν</em></span> <span class='ocrx_word' id='word_1_215' title='bbox 1112 2972 1249 3039; x_wconf 76' lang='grc' dir='ltr'><em>πρὸς</em></span> <span class='ocrx_word' id='word_1_216' title='bbox 1289 2970 1446 3036; x_wconf 78' lang='grc' dir='ltr'><em>ἀξίαν</em></span> <span class='ocrx_word' id='word_1_217' title='bbox 1491 2976 1700 3043; x_wconf 82' lang='grc' dir='ltr'><em>τυχεῖν.</em></span> <span class='ocrx_word' id='word_1_218' title='bbox 1741 2973 1938 3028; x_wconf 81' lang='grc' dir='ltr'><em>Ἐπειὸ’</em></span> 
     </span>
    </p>
   </div>
   <div class='ocr_carea' id='block_1_30' title="bbox 1693 302 2317 366">
    <p class='ocr_par' dir='ltr' id='par_1_30' title="bbox 1693 302 2317 366">
     <span class='ocr_line' id='line_1_30' title="bbox 1693 302 2317 366; baseline 0.003 -3"><span class='ocrx_word' id='word_1_219' title='bbox 1693 302 2039 366; x_wconf 76' lang='lat' dir='ltr'><strong>PROCOPU</strong></span> <span class='ocrx_word' id='word_1_220' title='bbox 2070 306 2317 365; x_wconf 74' lang='lat' dir='ltr'><strong>GAZ/EI</strong></span> 
     </span>
    </p>
   </div>
   <div class='ocr_carea' id='block_1_31' title="bbox 358 403 1945 486">
    <p class='ocr_par' dir='ltr' id='par_1_31' title="bbox 358 403 1935 485">
     <span class='ocr_line' id='line_1_31' title="bbox 358 403 1935 485; baseline 0.01 -32"><span class='ocrx_word' id='word_1_221' title='bbox 358 404 557 473; x_wconf 79' lang='grc' dir='ltr'><em>φήτης,</em></span> <span class='ocrx_word' id='word_1_222' title='bbox 589 403 664 469; x_wconf 86' lang='grc' dir='ltr'><strong>ὡς</strong></span> <span class='ocrx_word' id='word_1_223' title='bbox 706 405 925 471; x_wconf 77' lang='grc' dir='ltr'><em>ὲδὸξασε</em></span> <span class='ocrx_word' id='word_1_224' title='bbox 960 409 1053 462; x_wconf 72' lang='grc' dir='ltr'><strong>τὸν</strong></span> <span class='ocrx_word' id='word_1_225' title='bbox 1108 410 1244 464; x_wconf 80' lang='grc' dir='ltr'><em>Θεὸν</em></span> <span class='ocrx_word' id='word_1_226' title='bbox 1283 413 1376 466; x_wconf 72' lang='grc' dir='ltr'><strong>ἐπὶ</strong></span> <span class='ocrx_word' id='word_1_227' title='bbox 1407 412 1481 481; x_wconf 75' lang='grc' dir='ltr'><em>τῇ</em></span> <span class='ocrx_word' id='word_1_228' title='bbox 1530 413 1649 468; x_wconf 83' lang='grc' dir='ltr'><em>τῶν</em></span> <span class='ocrx_word' id='word_1_229' title='bbox 1698 414 1935 485; x_wconf 79' lang='grc' dir='ltr'><strong>ἀγαθῶν</strong></span> 
     </span>
    </p>
   </div>
   <div class='ocr_carea' id='block_1_32' title="bbox 2048 403 3725 486">
    <p class='ocr_par' dir='ltr' id='par_1_32' title="bbox 2048 409 3725 486">
     <span class='ocr_line' id='line_1_32' title="bbox 2048 409 3725 486; baseline -0.005 -15"><span class='ocrx_word' id='word_1_230' title='bbox 2048 418 2299 471; x_wconf 79' lang='lat' dir='ltr'><strong>iustorum</strong></span> <span class='ocrx_word' id='word_1_231' title='bbox 2328 433 2467 486; x_wconf 76' lang='lat' dir='ltr'><strong>spem</strong></span> <span class='ocrx_word' id='word_1_232' title='bbox 2500 416 2669 471; x_wconf 82' lang='lat' dir='ltr'><strong>Deum</strong></span> <span class='ocrx_word' id='word_1_233' title='bbox 2704 415 2946 471; x_wconf 79' lang='lat' dir='ltr'><strong>laudavit</strong></span> <span class='ocrx_word' id='word_1_234' title='bbox 2979 415 3274 486; x_wconf 75' lang='lat' dir='ltr'><strong>pruplxeta</strong></span> <span class='ocrx_word' id='word_1_235' title='bbox 3313 430 3329 466; x_wconf 91' lang='lat'><strong>:</strong></span> <span class='ocrx_word' id='word_1_236' title='bbox 3374 412 3466 465; x_wconf 88' lang='lat' dir='ltr'><strong>ita</strong></span> <span class='ocrx_word' id='word_1_237' title='bbox 3502 409 3725 463; x_wconf 44' lang='lat' dir='ltr'><strong>burna.</strong></span> 
     </span>
    </p>
   </div>
   <div class='ocr_carea' id='block_1_33' title="bbox 2041 499 3740 576">
    <p class='ocr_par' dir='ltr' id='par_1_33' title="bbox 2041 499 3740 576">
     <span class='ocr_line' id='line_1_33' title="bbox 2041 499 3740 576; baseline -0.004 -16"><span class='ocrx_word' id='word_1_238' title='bbox 2041 507 2207 561; x_wconf 86' lang='lat' dir='ltr'><strong>nitate</strong></span> <span class='ocrx_word' id='word_1_239' title='bbox 2247 508 2516 562; x_wconf 87' lang='lat' dir='ltr'><strong>adductus</strong></span> <span class='ocrx_word' id='word_1_240' title='bbox 2549 506 2721 561; x_wconf 85' lang='lat' dir='ltr'><strong>malos</strong></span> <span class='ocrx_word' id='word_1_241' title='bbox 2763 506 2930 576; x_wconf 83' lang='lat' dir='ltr'><strong>luget,</strong></span> <span class='ocrx_word' id='word_1_242' title='bbox 2969 507 3096 559; x_wconf 85' lang='lat' dir='ltr'><strong>dum</strong></span> <span class='ocrx_word' id='word_1_243' title='bbox 3129 519 3229 559; x_wconf 76' lang='lat' dir='ltr'><strong>va:</strong></span> <span class='ocrx_word' id='word_1_244' title='bbox 3273 499 3740 574; x_wconf 65' lang='lat' dir='ltr'><strong>praevaricato-</strong></span> 
     </span>
    </p>
   </div>
   <div class='ocr_carea' id='block_1_34' title="bbox 2040 594 3729 667">
    <p class='ocr_par' dir='ltr' id='par_1_34' title="bbox 2040 594 3729 667">
     <span class='ocr_line' id='line_1_34' title="bbox 2040 594 3729 667; baseline -0.004 -18"><span class='ocrx_word' id='word_1_245' title='bbox 2040 596 2206 659; x_wconf 81' lang='lat' dir='ltr'><strong>ribus,</strong></span> <span class='ocrx_word' id='word_1_246' title='bbox 2237 596 2335 661; x_wconf 92' lang='lat' dir='ltr'><strong>ait,</strong></span> <span class='ocrx_word' id='word_1_247' title='bbox 2370 612 2470 667; x_wconf 89' lang='lat' dir='ltr'><strong>pro</strong></span> <span class='ocrx_word' id='word_1_248' title='bbox 2496 610 2628 666; x_wconf 90' lang='lat' dir='ltr'><strong>quo,</strong></span> <span class='ocrx_word' id='word_1_249' title='bbox 2666 611 2742 649; x_wconf 76' lang='lat' dir='ltr'><strong>va:</strong></span> <span class='ocrx_word' id='word_1_250' title='bbox 2772 594 2931 657; x_wconf 82' lang='lat' dir='ltr'><strong>mihi,</strong></span> <span class='ocrx_word' id='word_1_251' title='bbox 2967 596 3446 663; x_wconf 76' lang='lat' dir='ltr'><strong>prwvaricames</strong></span> <span class='ocrx_word' id='word_1_252' title='bbox 3490 602 3729 660; x_wconf 69' lang='lat' dir='ltr'><strong>praeva-</strong></span> 
     </span>
    </p>
   </div>
   <div class='ocr_carea' id='block_1_35' title="bbox 2041 684 3722 755">
    <p class='ocr_par' dir='ltr' id='par_1_35' title="bbox 2041 684 3722 755">
     <span class='ocr_line' id='line_1_35' title="bbox 2041 684 3722 755; baseline -0.003 -18"><span class='ocrx_word' id='word_1_253' title='bbox 2041 687 2198 739; x_wconf 79' lang='lat' dir='ltr'><strong>ricau&#39;</strong></span> <span class='ocrx_word' id='word_1_254' title='bbox 2225 698 2368 751; x_wconf 84' lang='lat' dir='ltr'><strong>sum,</strong></span> <span class='ocrx_word' id='word_1_255' title='bbox 2395 685 2623 755; x_wconf 82' lang='lat' dir='ltr'><strong>Aquilas</strong></span> <span class='ocrx_word' id='word_1_256' title='bbox 2662 692 2711 739; x_wconf 83' lang='lat' dir='ltr'><strong>et</strong></span> <span class='ocrx_word' id='word_1_257' title='bbox 2751 684 3113 753; x_wconf 82' lang='lat' dir='ltr'><strong>Symmachus</strong></span> <span class='ocrx_word' id='word_1_258' title='bbox 3164 684 3722 750; x_wconf 76' lang='lat' dir='ltr'><strong>interpretantur.</strong></span> 
     </span>
    </p>
   </div>
   <div class='ocr_carea' id='block_1_36' title="bbox 2041 773 3721 847">
    <p class='ocr_par' dir='ltr' id='par_1_36' title="bbox 2041 773 3721 847">
     <span class='ocr_line' id='line_1_36' title="bbox 2041 773 3721 847; baseline -0.002 -16"><span class='ocrx_word' id='word_1_259' title='bbox 2041 778 2243 832; x_wconf 82' lang='lat' dir='ltr'><strong>Deinde</strong></span> <span class='ocrx_word' id='word_1_260' title='bbox 2274 777 2417 847; x_wconf 86' lang='lat' dir='ltr'><strong>quod</strong></span> <span class='ocrx_word' id='word_1_261' title='bbox 2455 777 2520 830; x_wconf 85' lang='lat' dir='ltr'><strong>ad</strong></span> <span class='ocrx_word' id='word_1_262' title='bbox 2543 777 2746 846; x_wconf 85' lang='lat' dir='ltr'><strong>januas</strong></span> <span class='ocrx_word' id='word_1_263' title='bbox 2781 778 2897 831; x_wconf 77' lang='lat' dir='ltr'><strong>caeli</strong></span> <span class='ocrx_word' id='word_1_264' title='bbox 2928 778 3144 841; x_wconf 79' lang='lat' dir='ltr'><strong>attinet,</strong></span> <span class='ocrx_word' id='word_1_265' title='bbox 3182 774 3253 830; x_wconf 90' lang='lat' dir='ltr'><strong>id</strong></span> <span class='ocrx_word' id='word_1_266' title='bbox 3296 773 3382 829; x_wconf 84' lang='lat' dir='ltr'><strong>ad</strong></span> <span class='ocrx_word' id='word_1_267' title='bbox 3422 773 3721 843; x_wconf 82' lang='lat' dir='ltr'><strong>superius</strong></span> 
     </span>
    </p>
   </div>
   <div class='ocr_carea' id='block_1_37' title="bbox 2039 863 3721 938">
    <p class='ocr_par' dir='ltr' id='par_1_37' title="bbox 2039 863 3721 938">
     <span class='ocr_line' id='line_1_37' title="bbox 2039 863 3721 938; baseline -0.003 -17"><span class='ocrx_word' id='word_1_268' title='bbox 2039 869 2332 938; x_wconf 80' lang='lat' dir='ltr'><strong>assignata:</strong></span> <span class='ocrx_word' id='word_1_269' title='bbox 2396 868 2782 937; x_wconf 75' lang='lat' dir='ltr'><strong>explicationis</strong></span> <span class='ocrx_word' id='word_1_270' title='bbox 2844 884 3070 925; x_wconf 84' lang='lat' dir='ltr'><strong>sensum</strong></span> <span class='ocrx_word' id='word_1_271' title='bbox 3138 864 3491 921; x_wconf 82' lang='lat' dir='ltr'><strong>rctuleris.</strong></span> <span class='ocrx_word' id='word_1_272' title='bbox 3566 863 3721 917; x_wconf 81' lang='lat' dir='ltr'><strong>Cum</strong></span> 
     </span>
    </p>
   </div>
   <div class='ocr_carea' id='block_1_38' title="bbox 3586 954 3717 1010">
    <p class='ocr_par' dir='ltr' id='par_1_38' title="bbox 3586 954 3717 1010">
     <span class='ocr_line' id='line_1_38' title="bbox 3586 954 3717 1010; baseline -0.008 0"><span class='ocrx_word' id='word_1_273' title='bbox 3586 954 3717 1010; x_wconf 69' lang='lat' dir='ltr'><strong>celi</strong></span> 
     </span>
    </p>
   </div>
   <div class='ocr_carea' id='block_1_39' title="bbox 2030 1050 3719 1127">
    <p class='ocr_par' dir='ltr' id='par_1_39' title="bbox 2030 1050 3719 1127">
     <span class='ocr_line' id='line_1_39' title="bbox 2030 1050 3719 1127; baseline -0.007 -16"><span class='ocrx_word' id='word_1_274' title='bbox 2030 1056 2239 1127; x_wconf 76' lang='lat' dir='ltr'><strong>jariurr,</strong></span> <span class='ocrx_word' id='word_1_275' title='bbox 2289 1064 2351 1110; x_wconf 93' lang='lat' dir='ltr'><strong>ut</strong></span> <span class='ocrx_word' id='word_1_276' title='bbox 2400 1056 2454 1110; x_wconf 91' lang='lat' dir='ltr'><strong>iu</strong></span> <span class='ocrx_word' id='word_1_277' title='bbox 2502 1069 2597 1110; x_wconf 90' lang='lat' dir='ltr'><strong>eos</strong></span> <span class='ocrx_word' id='word_1_278' title='bbox 2646 1055 2739 1107; x_wconf 81' lang='lat' dir='ltr'><strong>tiat</strong></span> <span class='ocrx_word' id='word_1_279' title='bbox 2794 1050 3255 1117; x_wconf 75' lang='lat' dir='ltr'><strong>animadversio,</strong></span> <span class='ocrx_word' id='word_1_280' title='bbox 3324 1050 3719 1118; x_wconf 77' lang='lat' dir='ltr'><strong>aperiuntur.</strong></span> 
     </span>
    </p>
   </div>
   <div class='ocr_carea' id='block_1_40' title="bbox 2041 1141 3715 1212">
    <p class='ocr_par' dir='ltr' id='par_1_40' title="bbox 2041 1141 3715 1212">
     <span class='ocr_line' id='line_1_40' title="bbox 2041 1141 3715 1212; baseline -0.005 -10"><span class='ocrx_word' id='word_1_281' title='bbox 2041 1148 2281 1202; x_wconf 81' lang='lat' dir='ltr'><strong>Possunt</strong></span> <span class='ocrx_word' id='word_1_282' title='bbox 2338 1156 2394 1202; x_wconf 89' lang='lat' dir='ltr'><strong>et</strong></span> <span class='ocrx_word' id='word_1_283' title='bbox 2447 1147 2551 1200; x_wconf 71' lang='lat' dir='ltr'><strong>illa:</strong></span> <span class='ocrx_word' id='word_1_284' title='bbox 2605 1144 2862 1206; x_wconf 82' lang='lat' dir='ltr'><strong>fortasse,</strong></span> <span class='ocrx_word' id='word_1_285' title='bbox 2908 1142 2976 1197; x_wconf 89' lang='lat' dir='ltr'><strong>de</strong></span> <span class='ocrx_word' id='word_1_286' title='bbox 3020 1143 3236 1212; x_wconf 83' lang='lat' dir='ltr'><strong>quibus</strong></span> <span class='ocrx_word' id='word_1_287' title='bbox 3294 1141 3566 1196; x_wconf 83' lang='lat' dir='ltr'><strong>locutus</strong></span> <span class='ocrx_word' id='word_1_288' title='bbox 3623 1147 3715 1195; x_wconf 80' lang='lat' dir='ltr'><strong>est</strong></span> 
     </span>
    </p>
   </div>
   <div class='ocr_carea' id='block_1_41' title="bbox 2036 1230 3710 1309">
    <p class='ocr_par' dir='ltr' id='par_1_41' title="bbox 2036 1230 3710 1309">
     <span class='ocr_line' id='line_1_41' title="bbox 2036 1230 3710 1309; baseline -0.004 -19"><span class='ocrx_word' id='word_1_289' title='bbox 2036 1236 2418 1303; x_wconf 76' lang='lat' dir='ltr'><strong>David,cumf¢</strong></span> <span class='ocrx_word' id='word_1_290' title='bbox 2452 1238 2698 1293; x_wconf 82' lang='lat' dir='ltr'><strong>Attollite</strong></span> <span class='ocrx_word' id='word_1_291' title='bbox 2716 1244 2926 1309; x_wconf 87' lang='lat' dir='ltr'><strong>portas,</strong></span> <span class='ocrx_word' id='word_1_292' title='bbox 2949 1235 3274 1305; x_wconf 84' lang='lat' dir='ltr'><strong>principes,</strong></span> <span class='ocrx_word' id='word_1_293' title='bbox 3313 1242 3576 1288; x_wconf 83' lang='lat' dir='ltr'><strong>vestras</strong></span> <span class='ocrx_word' id='word_1_294' title='bbox 3598 1230 3650 1263; x_wconf 72' lang='lat'><strong>”</strong></span> <span class='ocrx_word' id='word_1_295' title='bbox 3690 1250 3710 1283; x_wconf 73' lang='grc' dir='ltr'><strong>ι</strong></span> 
     </span>
    </p>
   </div>
   <div class='ocr_carea' id='block_1_42' title="bbox 2041 1319 3707 1398">
    <p class='ocr_par' dir='ltr' id='par_1_42' title="bbox 2041 1319 3707 1398">
     <span class='ocr_line' id='line_1_42' title="bbox 2041 1319 3707 1398; baseline -0.007 -12"><span class='ocrx_word' id='word_1_296' title='bbox 2041 1330 2204 1393; x_wconf 77' lang='lat' dir='ltr'><strong>dixit,</strong></span> <span class='ocrx_word' id='word_1_297' title='bbox 2238 1328 2495 1398; x_wconf 79' lang='lat' dir='ltr'><strong>intelligi.</strong></span> <span class='ocrx_word' id='word_1_298' title='bbox 2532 1319 2847 1396; x_wconf 54' lang='lat' dir='ltr'><strong>Tum&#39;ergo</strong></span> <span class='ocrx_word' id='word_1_299' title='bbox 2888 1340 3082 1380; x_wconf 89' lang='lat' dir='ltr'><strong>onmes</strong></span> <span class='ocrx_word' id='word_1_300' title='bbox 3126 1326 3532 1394; x_wconf 81' lang='lat' dir='ltr'><strong>aperientur,</strong></span> <span class='ocrx_word' id='word_1_301' title='bbox 3570 1337 3707 1376; x_wconf 90' lang='lat' dir='ltr'><strong>cum</strong></span> 
     </span>
    </p>
   </div>
   <div class='ocr_carea' id='block_1_43' title="bbox 2042 1410 3711 1488">
    <p class='ocr_par' dir='ltr' id='par_1_43' title="bbox 2042 1410 3711 1488">
     <span class='ocr_line' id='line_1_43' title="bbox 2042 1410 3711 1488; baseline -0.009 -10"><span class='ocrx_word' id='word_1_302' title='bbox 2042 1420 2257 1477; x_wconf 88' lang='lat' dir='ltr'><strong>Domini</strong></span> <span class='ocrx_word' id='word_1_303' title='bbox 2321 1434 2545 1488; x_wconf 83' lang='lat' dir='ltr'><strong>regnum</strong></span> <span class='ocrx_word' id='word_1_304' title='bbox 2603 1417 2921 1479; x_wconf 77' lang='lat' dir='ltr'><strong>advenerit,</strong></span> <span class='ocrx_word' id='word_1_305' title='bbox 2982 1423 3043 1469; x_wconf 90' lang='lat' dir='ltr'><strong>ut</strong></span> <span class='ocrx_word' id='word_1_306' title='bbox 3107 1429 3209 1485; x_wconf 89' lang='lat' dir='ltr'><strong>per</strong></span> <span class='ocrx_word' id='word_1_307' title='bbox 3286 1428 3407 1469; x_wconf 84' lang='lat' dir='ltr'><strong>eas</strong></span> <span class='ocrx_word' id='word_1_308' title='bbox 3474 1410 3711 1467; x_wconf 81' lang='lat' dir='ltr'><strong>subditi</strong></span> 
     </span>
    </p>
   </div>
   <div class='ocr_carea' id='block_1_44' title="bbox 2043 1492 3704 1583">
    <p class='ocr_par' dir='ltr' id='par_1_44' title="bbox 2043 1492 3704 1583">
     <span class='ocr_line' id='line_1_44' title="bbox 2043 1492 3704 1583; baseline -0.006 -16"><span class='ocrx_word' id='word_1_309' title='bbox 2043 1512 2217 1583; x_wconf 81' lang='lat' dir='ltr'><strong>ipsius</strong></span> <span class='ocrx_word' id='word_1_310' title='bbox 2249 1510 2648 1582; x_wconf 79' lang='lat' dir='ltr'><strong>ingrediantur.</strong></span> <span class='ocrx_word' id='word_1_311' title='bbox 2703 1504 2811 1562; x_wconf 84' lang='lat' dir='ltr'><strong>Sed</strong></span> <span class='ocrx_word' id='word_1_312' title='bbox 2843 1506 2974 1577; x_wconf 90' lang='lat' dir='ltr'><strong>quid</strong></span> <span class='ocrx_word' id='word_1_313' title='bbox 2996 1506 3115 1573; x_wconf 83' lang='lat' dir='ltr'><strong>jam</strong></span> <span class='ocrx_word' id='word_1_314' title='bbox 3144 1492 3385 1575; x_wconf 71' lang='lat' dir='ltr'><strong>apertis</strong></span> <span class='ocrx_word' id='word_1_315' title='bbox 3423 1507 3704 1559; x_wconf 75' lang='lat' dir='ltr'><strong>futurum</strong></span> 
     </span>
    </p>
   </div>
   <div class='ocr_carea' id='block_1_45' title="bbox 2041 1598 3706 1668">
    <p class='ocr_par' dir='ltr' id='par_1_45' title="bbox 2041 1598 3706 1668">
     <span class='ocr_line' id='line_1_45' title="bbox 2041 1598 3706 1668; baseline -0.007 -8"><span class='ocrx_word' id='word_1_316' title='bbox 2041 1604 2170 1660; x_wconf 86' lang='lat' dir='ltr'><strong>est?</strong></span> <span class='ocrx_word' id='word_1_317' title='bbox 2210 1602 2596 1657; x_wconf 73' lang='lat' dir='ltr'><strong>Cancutientur</strong></span> <span class='ocrx_word' id='word_1_318' title='bbox 2627 1600 2920 1665; x_wconf 45' lang='grc' dir='ltr'><strong>οἰκίαι-τω</strong></span> <span class='ocrx_word' id='word_1_319' title='bbox 2967 1598 3347 1668; x_wconf 77' lang='lat' dir='ltr'><strong>fundamenta</strong></span> <span class='ocrx_word' id='word_1_320' title='bbox 3388 1607 3451 1651; x_wconf 84' lang='lat' dir='ltr'><strong>ct</strong></span> <span class='ocrx_word' id='word_1_321' title='bbox 3499 1598 3706 1650; x_wconf 75' lang='lat' dir='ltr'><strong>turba-</strong></span> 
     </span>
    </p>
   </div>
   <div class='ocr_carea' id='block_1_46' title="bbox 2044 1686 3702 1761">
    <p class='ocr_par' dir='ltr' id='par_1_46' title="bbox 2044 1686 3702 1761">
     <span class='ocr_line' id='line_1_46' title="bbox 2044 1686 3702 1761; baseline -0.005 -12"><span class='ocrx_word' id='word_1_322' title='bbox 2044 1696 2188 1749; x_wconf 83' lang='lat' dir='ltr'><strong>bitur</strong></span> <span class='ocrx_word' id='word_1_323' title='bbox 2226 1704 2402 1759; x_wconf 81' lang='lat' dir='ltr'><strong>terra,</strong></span> <span class='ocrx_word' id='word_1_324' title='bbox 2444 1704 2505 1748; x_wconf 89' lang='lat' dir='ltr'><strong>ut</strong></span> <span class='ocrx_word' id='word_1_325' title='bbox 2553 1694 2630 1747; x_wconf 90' lang='lat' dir='ltr'><strong>ita</strong></span> <span class='ocrx_word' id='word_1_326' title='bbox 2673 1692 2792 1761; x_wconf 88' lang='lat' dir='ltr'><strong>ejus</strong></span> <span class='ocrx_word' id='word_1_327' title='bbox 2832 1690 3041 1745; x_wconf 83' lang='lat' dir='ltr'><strong>incolas</strong></span> <span class='ocrx_word' id='word_1_328' title='bbox 3079 1699 3373 1757; x_wconf 87' lang='lat' dir='ltr'><strong>tanquam</strong></span> <span class='ocrx_word' id='word_1_329' title='bbox 3417 1702 3454 1741; x_wconf 84' lang='lat' dir='ltr'><strong>a</strong></span> <span class='ocrx_word' id='word_1_330' title='bbox 3508 1686 3702 1740; x_wconf 83' lang='lat' dir='ltr'><strong>malo-</strong></span> 
     </span>
    </p>
   </div>
   <div class='ocr_carea' id='block_1_47' title="bbox 2042 1781 3698 1857">
    <p class='ocr_par' dir='ltr' id='par_1_47' title="bbox 2042 1781 3698 1857">
     <span class='ocr_line' id='line_1_47' title="bbox 2042 1781 3698 1857; baseline -0.007 -13"><span class='ocrx_word' id='word_1_331' title='bbox 2042 1804 2162 1844; x_wconf 82' lang='lat' dir='ltr'><strong>rum</strong></span> <span class='ocrx_word' id='word_1_332' title='bbox 2196 1788 2459 1843; x_wconf 83' lang='lat' dir='ltr'><strong>ebrietate</strong></span> <span class='ocrx_word' id='word_1_333' title='bbox 2493 1787 2757 1857; x_wconf 87' lang='lat' dir='ltr'><strong>agitatum</strong></span> <span class='ocrx_word' id='word_1_334' title='bbox 2810 1784 2875 1837; x_wconf 90' lang='lat' dir='ltr'><strong>iri</strong></span> <span class='ocrx_word' id='word_1_335' title='bbox 2913 1782 3132 1837; x_wconf 86' lang='lat' dir='ltr'><strong>doceat.</strong></span> <span class='ocrx_word' id='word_1_336' title='bbox 3174 1781 3313 1836; x_wconf 82' lang='lat' dir='ltr'><strong>Erit</strong></span> <span class='ocrx_word' id='word_1_337' title='bbox 3351 1793 3508 1835; x_wconf 78' lang='lat' dir='ltr'><strong>vero</strong></span> <span class='ocrx_word' id='word_1_338' title='bbox 3542 1789 3698 1834; x_wconf 82' lang='lat' dir='ltr'><strong>terra</strong></span> 
     </span>
    </p>
   </div>
   <div class='ocr_carea' id='block_1_48' title="bbox 2042 1867 3694 1949">
    <p class='ocr_par' dir='ltr' id='par_1_48' title="bbox 2042 1867 3694 1949">
     <span class='ocr_line' id='line_1_48' title="bbox 2042 1867 3694 1949; baseline -0.007 -16"><span class='ocrx_word' id='word_1_339' title='bbox 2042 1879 2148 1933; x_wconf 79' lang='lat' dir='ltr'><strong>ista</strong></span> <span class='ocrx_word' id='word_1_340' title='bbox 2178 1877 2361 1949; x_wconf 89' lang='lat' dir='ltr'><strong>(cujus</strong></span> <span class='ocrx_word' id='word_1_341' title='bbox 2398 1876 2623 1931; x_wconf 89' lang='lat' dir='ltr'><strong>nomine</strong></span> <span class='ocrx_word' id='word_1_342' title='bbox 2656 1872 2948 1941; x_wconf 89' lang='lat' dir='ltr'><strong>impiorum</strong></span> <span class='ocrx_word' id='word_1_343' title='bbox 2981 1872 3178 1925; x_wconf 79' lang='lat' dir='ltr'><strong>anima:</strong></span> <span class='ocrx_word' id='word_1_344' title='bbox 3218 1867 3694 1939; x_wconf 82' lang='lat' dir='ltr'><strong>intelliguntur)</strong></span> 
     </span>
    </p>
   </div>
   <div class='ocr_carea' id='block_1_49' title="bbox 2043 1962 3687 2040">
    <p class='ocr_par' dir='ltr' id='par_1_49' title="bbox 2043 1962 3687 2040">
     <span class='ocr_line' id='line_1_49' title="bbox 2043 1962 3687 2040; baseline -0.007 -16"><span class='ocrx_word' id='word_1_345' title='bbox 2043 1982 2296 2040; x_wconf 86' lang='lat' dir='ltr'><strong>tanquam</strong></span> <span class='ocrx_word' id='word_1_346' title='bbox 2339 1968 2630 2039; x_wconf 79' lang='lat' dir='ltr'><strong>tugurium.</strong></span> <span class='ocrx_word' id='word_1_347' title='bbox 2664 1970 2798 2032; x_wconf 63' lang='lat' dir='ltr'><strong>Quae</strong></span> <span class='ocrx_word' id='word_1_348' title='bbox 2834 1979 2943 2029; x_wconf 91' lang='lat' dir='ltr'><strong>res,</strong></span> <span class='ocrx_word' id='word_1_349' title='bbox 2975 1963 3066 2017; x_wconf 85' lang='lat' dir='ltr'><strong>illa</strong></span> <span class='ocrx_word' id='word_1_350' title='bbox 3095 1962 3271 2017; x_wconf 88' lang='lat' dir='ltr'><strong>etiam</strong></span> <span class='ocrx_word' id='word_1_351' title='bbox 3309 1962 3687 2027; x_wconf 80' lang='lat' dir='ltr'><strong>vastatione,</strong></span> 
     </span>
    </p>
   </div>
   <div class='ocr_carea' id='block_1_50' title="bbox 2040 2050 3686 2132">
    <p class='ocr_par' dir='ltr' id='par_1_50' title="bbox 2040 2050 3686 2132">
     <span class='ocr_line' id='line_1_50' title="bbox 2040 2050 3686 2132; baseline -0.01 -15"><span class='ocrx_word' id='word_1_352' title='bbox 2040 2076 2164 2132; x_wconf 67' lang='lat' dir='ltr'><strong>qum</strong></span> <span class='ocrx_word' id='word_1_353' title='bbox 2191 2061 2448 2131; x_wconf 85' lang='lat' dir='ltr'><strong>superius</strong></span> <span class='ocrx_word' id='word_1_354' title='bbox 2481 2067 2671 2112; x_wconf 88' lang='lat' dir='ltr'><strong>notata</strong></span> <span class='ocrx_word' id='word_1_355' title='bbox 2704 2067 2809 2121; x_wconf 88' lang='lat' dir='ltr'><strong>est,</strong></span> <span class='ocrx_word' id='word_1_356' title='bbox 2835 2057 2971 2110; x_wconf 84' lang='lat' dir='ltr'><strong>satis</strong></span> <span class='ocrx_word' id='word_1_357' title='bbox 2999 2052 3196 2123; x_wconf 88' lang='lat' dir='ltr'><strong>patuit,</strong></span> <span class='ocrx_word' id='word_1_358' title='bbox 3225 2067 3375 2107; x_wconf 88' lang='lat' dir='ltr'><strong>cum</strong></span> <span class='ocrx_word' id='word_1_359' title='bbox 3408 2050 3686 2112; x_wconf 85' lang='lat' dir='ltr'><strong>Sionem,</strong></span> 
     </span>
    </p>
   </div>
   <div class='ocr_carea' id='block_1_51' title="bbox 2042 2141 3680 2225">
    <p class='ocr_par' dir='ltr' id='par_1_51' title="bbox 2042 2141 3680 2225">
     <span class='ocr_line' id='line_1_51' title="bbox 2042 2141 3680 2225; baseline -0.009 -14"><span class='ocrx_word' id='word_1_360' title='bbox 2042 2165 2304 2225; x_wconf 84' lang='lat' dir='ltr'><strong>tanquam</strong></span> <span class='ocrx_word' id='word_1_361' title='bbox 2362 2158 2551 2221; x_wconf 76' lang='lat' dir='ltr'><strong>agrum</strong></span> <span class='ocrx_word' id='word_1_362' title='bbox 2607 2159 2820 2204; x_wconf 89' lang='lat' dir='ltr'><strong>aratum</strong></span> <span class='ocrx_word' id='word_1_363' title='bbox 2871 2141 3037 2218; x_wconf 62' lang='grc'><strong>314</strong></span> <span class='ocrx_word' id='word_1_364' title='bbox 3073 2146 3162 2208; x_wconf 85' lang='lat' dir='ltr'><strong>iri,</strong></span> <span class='ocrx_word' id='word_1_365' title='bbox 3197 2154 3263 2200; x_wconf 90' lang='lat' dir='ltr'><strong>et</strong></span> <span class='ocrx_word' id='word_1_366' title='bbox 3313 2142 3680 2209; x_wconf 79' lang='lat' dir='ltr'><strong>Jerusalem,</strong></span> 
     </span>
    </p>
   </div>
   <div class='ocr_carea' id='block_1_52' title="bbox 2038 959 3518 1026">
    <p class='ocr_par' dir='ltr' id='par_1_52' title="bbox 2038 959 3518 1026">
     <span class='ocr_line' id='line_1_52' title="bbox 2038 959 3518 1026; baseline -0.006 -7"><span class='ocrx_word' id='word_1_367' title='bbox 2038 966 2184 1020; x_wconf 90' lang='lat' dir='ltr'><strong>enim</strong></span> <span class='ocrx_word' id='word_1_368' title='bbox 2246 965 2544 1021; x_wconf 84' lang='lat' dir='ltr'><strong>sceleratos</strong></span> <span class='ocrx_word' id='word_1_369' title='bbox 2604 961 2895 1017; x_wconf 86' lang='lat' dir='ltr'><strong>ulciscitur</strong></span> <span class='ocrx_word' id='word_1_370' title='bbox 2953 959 3283 1026; x_wconf 86' lang='lat' dir='ltr'><strong>Dominus,</strong></span> <span class='ocrx_word' id='word_1_371' title='bbox 3353 965 3518 1012; x_wconf 79' lang='lat' dir='ltr'><strong>tunc</strong></span> 
     </span>
    </p>
   </div>
   <div class='ocr_carea' id='block_1_53' title="bbox 2041 2237 3244 2317">
    <p class='ocr_par' dir='ltr' id='par_1_53' title="bbox 2041 2237 3244 2317">
     <span class='ocr_line' id='line_1_53' title="bbox 2041 2237 3244 2317; baseline -0.008 -16"><span class='ocrx_word' id='word_1_372' title='bbox 2041 2259 2301 2317; x_wconf 87' lang='lat' dir='ltr'><strong>tanquam</strong></span> <span class='ocrx_word' id='word_1_373' title='bbox 2338 2243 2619 2312; x_wconf 85' lang='lat' dir='ltr'><strong>tugurium</strong></span> <span class='ocrx_word' id='word_1_374' title='bbox 2656 2240 2895 2295; x_wconf 75' lang='lat' dir='ltr'><strong>futuram</strong></span> <span class='ocrx_word' id='word_1_375' title='bbox 2932 2238 3139 2292; x_wconf 91' lang='lat' dir='ltr'><strong>monuit</strong></span> <span class='ocrx_word' id='word_1_376' title='bbox 3171 2237 3244 2291; x_wconf 71' lang='grc'><strong>⁸⁸.</strong></span> 
     </span>
    </p>
   </div>
   <div class='ocr_carea' id='block_1_54' title="bbox 2111 2322 3671 2405">
    <p class='ocr_par' dir='ltr' id='par_1_54' title="bbox 2111 2322 3671 2405">
     <span class='ocr_line' id='line_1_54' title="bbox 2111 2322 3671 2405; baseline -0.008 -16"><span class='ocrx_word' id='word_1_377' title='bbox 2111 2335 2293 2405; x_wconf 83' lang='lat' dir='ltr'><strong>Atque</strong></span> <span class='ocrx_word' id='word_1_378' title='bbox 2339 2332 2456 2386; x_wconf 67' lang='lat' dir='ltr'><strong>haec</strong></span> <span class='ocrx_word' id='word_1_379' title='bbox 2503 2328 2725 2399; x_wconf 86' lang='lat' dir='ltr'><strong>quidem</strong></span> <span class='ocrx_word' id='word_1_380' title='bbox 2772 2327 2981 2382; x_wconf 87' lang='lat' dir='ltr'><strong>idcirco</strong></span> <span class='ocrx_word' id='word_1_381' title='bbox 3024 2335 3187 2381; x_wconf 73' lang='lat' dir='ltr'><strong>terra:</strong></span> <span class='ocrx_word' id='word_1_382' title='bbox 3220 2325 3483 2390; x_wconf 88' lang='lat' dir='ltr'><strong>incolis,</strong></span> <span class='ocrx_word' id='word_1_383' title='bbox 3516 2322 3671 2392; x_wconf 77' lang='lat' dir='ltr'><strong>quod</strong></span> 
     </span>
    </p>
   </div>
   <div class='ocr_carea' id='block_1_55' title="bbox 2040 2417 3677 2495">
    <p class='ocr_par' dir='ltr' id='par_1_55' title="bbox 2040 2417 3677 2495">
     <span class='ocr_line' id='line_1_55' title="bbox 2040 2417 3677 2495; baseline -0.009 -13"><span class='ocrx_word' id='word_1_384' title='bbox 2040 2430 2097 2482; x_wconf 80' lang='lat' dir='ltr'><strong>in</strong></span> <span class='ocrx_word' id='word_1_385' title='bbox 2126 2443 2214 2482; x_wconf 86' lang='lat' dir='ltr'><strong>eos</strong></span> <span class='ocrx_word' id='word_1_386' title='bbox 2245 2423 2527 2495; x_wconf 77' lang='lat' dir='ltr'><strong>prmualuit</strong></span> <span class='ocrx_word' id='word_1_387' title='bbox 2558 2422 2833 2491; x_wconf 74' lang='lat' dir='ltr'><strong>iniquitas,</strong></span> <span class='ocrx_word' id='word_1_388' title='bbox 2873 2419 3241 2474; x_wconf 85' lang='lat' dir='ltr'><strong>acciderunt:</strong></span> <span class='ocrx_word' id='word_1_389' title='bbox 3279 2417 3547 2487; x_wconf 84' lang='lat' dir='ltr'><strong>ideoque</strong></span> <span class='ocrx_word' id='word_1_390' title='bbox 3573 2430 3677 2469; x_wconf 57' lang='lat' dir='ltr'><strong>ex-</strong></span> 
     </span>
    </p>
   </div>
   <div class='ocr_carea' id='block_1_56' title="bbox 2042 2513 3669 2580">
    <p class='ocr_par' dir='ltr' id='par_1_56' title="bbox 2042 2513 3669 2580">
     <span class='ocr_line' id='line_1_56' title="bbox 2042 2513 3669 2580; baseline -0.009 -4"><span class='ocrx_word' id='word_1_391' title='bbox 2042 2532 2213 2577; x_wconf 87' lang='lat' dir='ltr'><strong>trema</strong></span> <span class='ocrx_word' id='word_1_392' title='bbox 2240 2518 2458 2575; x_wconf 86' lang='lat' dir='ltr'><strong>tandem</strong></span> <span class='ocrx_word' id='word_1_393' title='bbox 2486 2515 2738 2572; x_wconf 88' lang='lat' dir='ltr'><strong>oratione</strong></span> <span class='ocrx_word' id='word_1_394' title='bbox 2763 2515 2836 2569; x_wconf 89' lang='lat' dir='ltr'><strong>ita</strong></span> <span class='ocrx_word' id='word_1_395' title='bbox 2861 2513 3226 2577; x_wconf 78' lang='lat' dir='ltr'><strong>ruituram,ut</strong></span> <span class='ocrx_word' id='word_1_396' title='bbox 3260 2529 3352 2568; x_wconf 85' lang='lat' dir='ltr'><strong>res</strong></span> <span class='ocrx_word' id='word_1_397' title='bbox 3381 2524 3669 2580; x_wconf 75' lang='lat' dir='ltr'><strong>resurgere</strong></span> 
     </span>
    </p>
   </div>
   <div class='ocr_carea' id='block_1_57' title="bbox 2040 2600 3668 2679">
    <p class='ocr_par' dir='ltr' id='par_1_57' title="bbox 2040 2600 3668 2679">
     <span class='ocr_line' id='line_1_57' title="bbox 2040 2600 3668 2679; baseline -0.009 -13"><span class='ocrx_word' id='word_1_398' title='bbox 2040 2625 2153 2666; x_wconf 85' lang='lat' dir='ltr'><strong>non</strong></span> <span class='ocrx_word' id='word_1_399' title='bbox 2195 2618 2381 2679; x_wconf 88' lang='lat' dir='ltr'><strong>queat,</strong></span> <span class='ocrx_word' id='word_1_400' title='bbox 2416 2605 2637 2676; x_wconf 84' lang='lat' dir='ltr'><strong>adjecit.</strong></span> <span class='ocrx_word' id='word_1_401' title='bbox 2696 2602 2878 2657; x_wconf 87' lang='lat' dir='ltr'><strong>Semel</strong></span> <span class='ocrx_word' id='word_1_402' title='bbox 2924 2603 3071 2656; x_wconf 88' lang='lat' dir='ltr'><strong>enim</strong></span> <span class='ocrx_word' id='word_1_403' title='bbox 3121 2603 3243 2672; x_wconf 88' lang='lat' dir='ltr'><strong>ipso</strong></span> <span class='ocrx_word' id='word_1_404' title='bbox 3306 2601 3449 2655; x_wconf 80' lang='lat' dir='ltr'><strong>vitae</strong></span> <span class='ocrx_word' id='word_1_405' title='bbox 3497 2600 3668 2667; x_wconf 80' lang='lat' dir='ltr'><strong>hujus</strong></span> 
     </span>
    </p>
   </div>
   <div class='ocr_carea' id='block_1_58' title="bbox 2040 2690 3660 2765">
    <p class='ocr_par' dir='ltr' id='par_1_58' title="bbox 2040 2690 3660 2765">
     <span class='ocr_line' id='line_1_58' title="bbox 2040 2690 3660 2765; baseline -0.01 -6"><span class='ocrx_word' id='word_1_406' title='bbox 2040 2712 2311 2765; x_wconf 79' lang='lat' dir='ltr'><strong>extremo,</strong></span> <span class='ocrx_word' id='word_1_407' title='bbox 2358 2714 2484 2755; x_wconf 91' lang='lat' dir='ltr'><strong>cum</strong></span> <span class='ocrx_word' id='word_1_408' title='bbox 2543 2709 2709 2758; x_wconf 85' lang='lat' dir='ltr'><strong>terra,</strong></span> <span class='ocrx_word' id='word_1_409' title='bbox 2756 2708 2887 2750; x_wconf 88' lang='lat' dir='ltr'><strong>caro</strong></span> <span class='ocrx_word' id='word_1_410' title='bbox 2937 2693 3192 2748; x_wconf 81' lang='lat' dir='ltr'><strong>videlicet</strong></span> <span class='ocrx_word' id='word_1_411' title='bbox 3252 2700 3458 2748; x_wconf 84' lang='lat' dir='ltr'><strong>terrea</strong></span> <span class='ocrx_word' id='word_1_412' title='bbox 3508 2690 3660 2745; x_wconf 78' lang='lat' dir='ltr'><strong>exsi-</strong></span> 
     </span>
    </p>
   </div>
   <div class='ocr_carea' id='block_1_59' title="bbox 2042 2769 3661 2862">
    <p class='ocr_par' dir='ltr' id='par_1_59' title="bbox 2042 2769 3661 2862">
     <span class='ocr_line' id='line_1_59' title="bbox 2042 2769 3661 2862; baseline -0.011 -10"><span class='ocrx_word' id='word_1_413' title='bbox 2042 2804 2216 2859; x_wconf 88' lang='lat' dir='ltr'><strong>stens,</strong></span> <span class='ocrx_word' id='word_1_414' title='bbox 2244 2800 2337 2848; x_wconf 88' lang='lat' dir='ltr'><strong>aut</strong></span> <span class='ocrx_word' id='word_1_415' title='bbox 2368 2806 2597 2862; x_wconf 87' lang='lat' dir='ltr'><strong>corpore</strong></span> <span class='ocrx_word' id='word_1_416' title='bbox 2627 2789 2897 2844; x_wconf 85' lang='lat' dir='ltr'><strong>oblectata</strong></span> <span class='ocrx_word' id='word_1_417' title='bbox 2933 2787 3138 2847; x_wconf 88' lang='lat' dir='ltr'><strong>anima.</strong></span> <span class='ocrx_word' id='word_1_418' title='bbox 3169 2794 3271 2839; x_wconf 84' lang='lat' dir='ltr'><strong>aut</strong></span> <span class='ocrx_word' id='word_1_419' title='bbox 3304 2785 3409 2854; x_wconf 90' lang='lat' dir='ltr'><strong>qui</strong></span> <span class='ocrx_word' id='word_1_420' title='bbox 3447 2769 3661 2837; x_wconf 72' lang='lat' dir='ltr'><strong>terram</strong></span> 
     </span>
    </p>
   </div>
   <div class='ocr_carea' id='block_1_60' title="bbox 2041 2875 3654 2943">
    <p class='ocr_par' dir='ltr' id='par_1_60' title="bbox 2041 2875 3654 2943">
     <span class='ocr_line' id='line_1_60' title="bbox 2041 2875 3654 2943; baseline -0.011 -4"><span class='ocrx_word' id='word_1_421' title='bbox 2041 2886 2172 2940; x_wconf 90' lang='lat' dir='ltr'><strong>olim</strong></span> <span class='ocrx_word' id='word_1_422' title='bbox 2237 2881 2580 2943; x_wconf 79' lang='lat' dir='ltr'><strong>habitabant,</strong></span> <span class='ocrx_word' id='word_1_423' title='bbox 2631 2876 2952 2941; x_wconf 81' lang='lat' dir='ltr'><strong>ceciderint,</strong></span> <span class='ocrx_word' id='word_1_424' title='bbox 3007 2875 3398 2928; x_wconf 80' lang='lat' dir='ltr'><strong>universalem</strong></span> <span class='ocrx_word' id='word_1_425' title='bbox 3457 2882 3654 2926; x_wconf 81' lang='lat' dir='ltr'><strong>resur—</strong></span> 
     </span>
    </p>
   </div>
   <div class='ocr_carea' id='block_1_61' title="bbox 2043 2956 3705 3034">
    <p class='ocr_par' dir='ltr' id='par_1_61' title="bbox 2043 2956 3705 3034">
     <span class='ocr_line' id='line_1_61' title="bbox 2043 2956 3705 3034; baseline -0.01 -4"><span class='ocrx_word' id='word_1_426' title='bbox 2043 2975 2343 3030; x_wconf 85' lang='lat' dir='ltr'><strong>rectionem</strong></span> <span class='ocrx_word' id='word_1_427' title='bbox 2392 2969 2636 3025; x_wconf 86' lang='lat' dir='ltr'><strong>habituri</strong></span> <span class='ocrx_word' id='word_1_428' title='bbox 2676 2980 2829 3032; x_wconf 85' lang='lat' dir='ltr'><strong>sunt,</strong></span> <span class='ocrx_word' id='word_1_429' title='bbox 2867 2974 2927 3020; x_wconf 92' lang='lat' dir='ltr'><strong>ut</strong></span> <span class='ocrx_word' id='word_1_430' title='bbox 2960 2964 3134 3034; x_wconf 89' lang='lat' dir='ltr'><strong>judici</strong></span> <span class='ocrx_word' id='word_1_431' title='bbox 3172 2966 3495 3027; x_wconf 77' lang='lat' dir='ltr'><strong>sistantur,</strong></span> <span class='ocrx_word' id='word_1_432' title='bbox 3529 2960 3654 3030; x_wconf 84' lang='lat' dir='ltr'><strong>jus-</strong></span> <span class='ocrx_word' id='word_1_433' title='bbox 3700 2956 3705 2961; x_wconf 73' lang='grc'>’</span> 
     </span>
    </p>
   </div>
   <div class='ocr_carea' id='block_1_62' title="bbox 365 3042 1945 3158">
    <p class='ocr_par' dir='ltr' id='par_1_62' title="bbox 365 3042 1937 3158">
     <span class='ocr_line' id='line_1_62' title="bbox 365 3042 1937 3158; baseline 0.012 -59"><span class='ocrx_word' id='word_1_434' title='bbox 365 3046 432 3100; x_wconf 85' lang='grc' dir='ltr'><strong>ἂν</strong></span> <span class='ocrx_word' id='word_1_435' title='bbox 484 3050 546 3158; x_wconf 56' lang='grc' dir='ltr'><strong>δε</strong></span> <span class='ocrx_word' id='word_1_436' title='bbox 579 3053 907 3158; x_wconf 46' lang='grc' dir='ltr'><em>κριθέντες,</em></span> <span class='ocrx_word' id='word_1_437' title='bbox 967 3056 1067 3125; x_wconf 81' lang='grc' dir='ltr'><em>τῆς</em></span> <span class='ocrx_word' id='word_1_438' title='bbox 1127 3058 1337 3128; x_wconf 82' lang='grc' dir='ltr'><strong>ἀγαθῆς</strong></span> <span class='ocrx_word' id='word_1_439' title='bbox 1381 3042 1599 3133; x_wconf 60' lang='grc' dir='ltr'><em>ὶλπίδος</em></span> <span class='ocrx_word' id='word_1_440' title='bbox 1657 3064 1937 3118; x_wconf 80' lang='grc' dir='ltr'><em>ὲκπέσωσι</em></span> 
     </span>
    </p>
   </div>
   <div class='ocr_carea' id='block_1_63' title="bbox 2048 3042 3652 3158">
    <p class='ocr_par' dir='ltr' id='par_1_63' title="bbox 2048 3042 3652 3135">
     <span class='ocr_line' id='line_1_63' title="bbox 2048 3042 3652 3135; baseline -0.009 -16"><span class='ocrx_word' id='word_1_441' title='bbox 2048 3075 2268 3135; x_wconf 86' lang='lat' dir='ltr'><strong>tamque</strong></span> <span class='ocrx_word' id='word_1_442' title='bbox 2299 3063 2479 3117; x_wconf 79' lang='lat' dir='ltr'><strong>ferant</strong></span> <span class='ocrx_word' id='word_1_443' title='bbox 2518 3076 2618 3131; x_wconf 88' lang='lat' dir='ltr'><strong>pro</strong></span> <span class='ocrx_word' id='word_1_444' title='bbox 2660 3059 2979 3114; x_wconf 87' lang='lat' dir='ltr'><strong>meritorum</strong></span> <span class='ocrx_word' id='word_1_445' title='bbox 3025 3056 3245 3111; x_wconf 85' lang='lat' dir='ltr'><strong>ratione</strong></span> <span class='ocrx_word' id='word_1_446' title='bbox 3307 3042 3652 3110; x_wconf 81' lang='lat' dir='ltr'><strong>mercedem.</strong></span> 
     </span>
    </p>
   </div>
   <div class='ocr_carea' id='block_1_64' title="bbox 362 3141 1945 3224">
    <p class='ocr_par' dir='ltr' id='par_1_64' title="bbox 362 3141 1941 3217">
     <span class='ocr_line' id='line_1_64' title="bbox 362 3141 1941 3217; baseline 0.01 -26"><span class='ocrx_word' id='word_1_447' title='bbox 362 3141 760 3209; x_wconf 83' lang='grc' dir='ltr'><strong>παραδοθέντες</strong></span> <span class='ocrx_word' id='word_1_448' title='bbox 795 3145 1102 3211; x_wconf 79' lang='grc' dir='ltr'><em>κολάσεσιν,</em></span> <span class='ocrx_word' id='word_1_449' title='bbox 1145 3149 1472 3213; x_wconf 77' lang='grc' dir='ltr'><em>ἐκπεσόντες</em></span> <span class='ocrx_word' id='word_1_450' title='bbox 1504 3152 1627 3204; x_wconf 85' lang='grc' dir='ltr'><em>τότε</em></span> <span class='ocrx_word' id='word_1_451' title='bbox 1655 3152 1814 3217; x_wconf 84' lang='grc' dir='ltr'><em>Θεοῦ,</em></span> <span class='ocrx_word' id='word_1_452' title='bbox 1839 3155 1941 3208; x_wconf 83' lang='grc' dir='ltr'><strong>οὐκ</strong></span> 
     </span>
    </p>
   </div>
   <div class='ocr_carea' id='block_1_65' title="bbox 2048 3141 3655 3224">
    <p class='ocr_par' dir='ltr' id='par_1_65' title="bbox 2048 3149 3655 3224">
     <span class='ocr_line' id='line_1_65' title="bbox 2048 3149 3655 3224; baseline -0.007 -11"><span class='ocrx_word' id='word_1_453' title='bbox 2048 3157 2251 3213; x_wconf 82' lang='lat' dir='ltr'><strong>Verum</strong></span> <span class='ocrx_word' id='word_1_454' title='bbox 2297 3157 2390 3212; x_wconf 87' lang='lat' dir='ltr'><strong>ubi</strong></span> <span class='ocrx_word' id='word_1_455' title='bbox 2440 3154 2683 3211; x_wconf 86' lang='lat' dir='ltr'><strong>damnati</strong></span> <span class='ocrx_word' id='word_1_456' title='bbox 2737 3154 2928 3220; x_wconf 84' lang='lat' dir='ltr'><strong>setnel,</strong></span> <span class='ocrx_word' id='word_1_457' title='bbox 2973 3152 3263 3224; x_wconf 57' lang='lat' dir='ltr'><strong>pugnisque</strong></span> <span class='ocrx_word' id='word_1_458' title='bbox 3313 3149 3517 3204; x_wconf 89' lang='lat' dir='ltr'><strong>traditi</strong></span> <span class='ocrx_word' id='word_1_459' title='bbox 3559 3163 3655 3218; x_wconf 86' lang='lat' dir='ltr'><strong>spe</strong></span> 
     </span>
    </p>
   </div>
   <div class='ocr_carea' id='block_1_66' title="bbox 362 3231 1944 3314">
    <p class='ocr_par' dir='ltr' id='par_1_66' title="bbox 362 3231 1944 3314">
     <span class='ocr_line' id='line_1_66' title="bbox 362 3231 1944 3314; baseline 0.009 -31"><span class='ocrx_word' id='word_1_460' title='bbox 362 3231 444 3284; x_wconf 71' lang='grc' dir='ltr'><em>ἔτι</em></span> <span class='ocrx_word' id='word_1_461' title='bbox 492 3231 677 3285; x_wconf 72' lang='grc' dir='ltr'><em>λοιπὸν</em></span> <span class='ocrx_word' id='word_1_462' title='bbox 749 3235 1089 3301; x_wconf 73' lang='grc' dir='ltr'><em>ἀναστῆναι</em></span> <span class='ocrx_word' id='word_1_463' title='bbox 1137 3238 1478 3308; x_wconf 81' lang='grc' dir='ltr'><em>δυνήσονται.</em></span> <span class='ocrx_word' id='word_1_464' title='bbox 1543 3242 1679 3312; x_wconf 73' lang='grc' dir='ltr'><em>Περὶ</em></span> <span class='ocrx_word' id='word_1_465' title='bbox 1734 3243 1793 3296; x_wconf 82' lang='grc' dir='ltr'><em>δὲ</em></span> <span class='ocrx_word' id='word_1_466' title='bbox 1844 3244 1944 3314; x_wconf 84' lang='grc' dir='ltr'><em>τῆς</em></span> 
     </span>
    </p>
   </div>
   <div class='ocr_carea' id='block_1_67' title="bbox 364 3321 1945 3406">
    <p class='ocr_par' dir='ltr' id='par_1_67' title="bbox 364 3321 1945 3406">
     <span class='ocr_line' id='line_1_67' title="bbox 364 3321 1945 3406; baseline 0.009 -31"><span class='ocrx_word' id='word_1_467' title='bbox 364 3321 478 3393; x_wconf 75' lang='grc' dir='ltr'><strong>γῆς</strong></span> <span class='ocrx_word' id='word_1_468' title='bbox 547 3325 838 3396; x_wconf 79' lang='grc' dir='ltr'><strong>αὐτάρκως</strong></span> <span class='ocrx_word' id='word_1_469' title='bbox 888 3326 1101 3391; x_wconf 76' lang='grc' dir='ltr'><em>εἰπὼν,</em></span> <span class='ocrx_word' id='word_1_470' title='bbox 1162 3329 1305 3384; x_wconf 88' lang='grc' dir='ltr'><em>τοῦτ’</em></span> <span class='ocrx_word' id='word_1_471' title='bbox 1368 3331 1486 3384; x_wconf 76' lang='grc' dir='ltr'><em>ἔστι</em></span> <span class='ocrx_word' id='word_1_472' title='bbox 1563 3332 1674 3387; x_wconf 85' lang='grc' dir='ltr'><em>τῶν</em></span> <span class='ocrx_word' id='word_1_473' title='bbox 1727 3336 1945 3406; x_wconf 76' lang='grc' dir='ltr'><strong>οἰκητό-</strong></span> 
     </span>
    </p>
   </div>
   <div class='ocr_carea' id='block_1_68' title="bbox 370 3414 1947 3492">
    <p class='ocr_par' dir='ltr' id='par_1_68' title="bbox 370 3414 1947 3492">
     <span class='ocr_line' id='line_1_68' title="bbox 370 3414 1947 3492; baseline 0.009 -26"><span class='ocrx_word' id='word_1_474' title='bbox 370 3432 477 3484; x_wconf 83' lang='grc' dir='ltr'><em>ρων</em></span> <span class='ocrx_word' id='word_1_475' title='bbox 508 3415 607 3482; x_wconf 73' lang='grc' dir='ltr'><em>τῆς</em></span> <span class='ocrx_word' id='word_1_476' title='bbox 644 3414 780 3485; x_wconf 75' lang='grc' dir='ltr'><em>γῆς,</em></span> <span class='ocrx_word' id='word_1_477' title='bbox 828 3418 920 3471; x_wconf 80' lang='grc' dir='ltr'><strong>ἐπὶ</strong></span> <span class='ocrx_word' id='word_1_478' title='bbox 947 3419 1056 3472; x_wconf 87' lang='grc' dir='ltr'><em>τὸν</em></span> <span class='ocrx_word' id='word_1_479' title='bbox 1092 3421 1354 3489; x_wconf 78' lang='grc' dir='ltr'><em>οὐρανὸν</em></span> <span class='ocrx_word' id='word_1_480' title='bbox 1383 3424 1702 3492; x_wconf 78' lang='grc' dir='ltr'><em>μεταϐαίνει</em></span> <span class='ocrx_word' id='word_1_481' title='bbox 1735 3427 1830 3480; x_wconf 77' lang='grc' dir='ltr'><strong>καὶ</strong></span> <span class='ocrx_word' id='word_1_482' title='bbox 1872 3427 1947 3481; x_wconf 84' lang='grc' dir='ltr'><em>τὰ</em></span> 
     </span>
    </p>
   </div>
   <div class='ocr_carea' id='block_1_69' title="bbox 365 3503 1946 3583">
    <p class='ocr_par' dir='ltr' id='par_1_69' title="bbox 365 3503 1946 3583">
     <span class='ocr_line' id='line_1_69' title="bbox 365 3503 1946 3583; baseline 0.009 -29"><span class='ocrx_word' id='word_1_483' title='bbox 365 3503 633 3569; x_wconf 74' lang='grc' dir='ltr'><em>οὐράνια,</em></span> <span class='ocrx_word' id='word_1_484' title='bbox 665 3503 867 3573; x_wconf 74' lang='grc' dir='ltr'><strong>λέγων’</strong></span> <span class='ocrx_word' id='word_1_485' title='bbox 897 3504 982 3574; x_wconf 77' lang='grc' dir='ltr'><strong>Τῇ</strong></span> <span class='ocrx_word' id='word_1_486' title='bbox 1011 3508 1200 3577; x_wconf 80' lang='grc' dir='ltr'><strong>ὴμὲρᾳ</strong></span> <span class='ocrx_word' id='word_1_487' title='bbox 1229 3511 1453 3581; x_wconf 77' lang='grc' dir='ltr'><em>ἐκείνῃ,</em></span> <span class='ocrx_word' id='word_1_488' title='bbox 1479 3513 1557 3582; x_wconf 84' lang='grc' dir='ltr'><em>τῷ</em></span> <span class='ocrx_word' id='word_1_489' title='bbox 1579 3513 1680 3581; x_wconf 79' lang='grc' dir='ltr'><em>τῆς</em></span> <span class='ocrx_word' id='word_1_490' title='bbox 1707 3514 1946 3583; x_wconf 79' lang='grc' dir='ltr'><em>κρίσεως</em></span> 
     </span>
    </p>
   </div>
   <div class='ocr_carea' id='block_1_70' title="bbox 365 3589 1945 3673">
    <p class='ocr_par' dir='ltr' id='par_1_70' title="bbox 365 3589 1945 3673">
     <span class='ocr_line' id='line_1_70' title="bbox 365 3589 1945 3673; baseline 0.011 -32"><span class='ocrx_word' id='word_1_491' title='bbox 365 3589 612 3660; x_wconf 84' lang='grc' dir='ltr'><em>δηλονότι</em></span> <span class='ocrx_word' id='word_1_492' title='bbox 646 3594 843 3666; x_wconf 82' lang='grc' dir='ltr'><em>καιρῷ,</em></span> <span class='ocrx_word' id='word_1_493' title='bbox 865 3596 1073 3662; x_wconf 77' lang='grc' dir='ltr'><em>ἐπάξει</em></span> <span class='ocrx_word' id='word_1_494' title='bbox 1098 3601 1130 3653; x_wconf 87' lang='grc' dir='ltr'><strong><em>ό</em></strong></span> <span class='ocrx_word' id='word_1_495' title='bbox 1153 3601 1297 3667; x_wconf 83' lang='grc' dir='ltr'><em>Θεὸς</em></span> <span class='ocrx_word' id='word_1_496' title='bbox 1320 3601 1417 3655; x_wconf 72' lang='grc' dir='ltr'><strong>ἐπὶ</strong></span> <span class='ocrx_word' id='word_1_497' title='bbox 1452 3602 1561 3656; x_wconf 74' lang='grc' dir='ltr'><em>τὸν</em></span> <span class='ocrx_word' id='word_1_498' title='bbox 1581 3607 1815 3673; x_wconf 79' lang='grc' dir='ltr'><em>κόσμον</em></span> <span class='ocrx_word' id='word_1_499' title='bbox 1837 3605 1945 3659; x_wconf 87' lang='grc' dir='ltr'><em>τοῦ</em></span> 
     </span>
    </p>
   </div>
   <div class='ocr_carea' id='block_1_71' title="bbox 343 3683 1944 3766">
    <p class='ocr_par' dir='ltr' id='par_1_71' title="bbox 343 3683 1944 3766">
     <span class='ocr_line' id='line_1_71' title="bbox 343 3683 1944 3766; baseline 0.01 -32"><span class='ocrx_word' id='word_1_500' title='bbox 343 3683 628 3766; x_wconf 74' lang='grc' dir='ltr'><em>οὐρανοῦ</em></span> <span class='ocrx_word' id='word_1_501' title='bbox 651 3685 768 3754; x_wconf 75' lang='grc' dir='ltr'><em>τὴν</em></span> <span class='ocrx_word' id='word_1_502' title='bbox 796 3686 986 3757; x_wconf 82' lang='grc' dir='ltr'><em>χεῖρα,</em></span> <span class='ocrx_word' id='word_1_503' title='bbox 1008 3689 1106 3762; x_wconf 82' lang='grc' dir='ltr'><strong>τὴν</strong></span> <span class='ocrx_word' id='word_1_504' title='bbox 1131 3693 1442 3746; x_wconf 81' lang='grc' dir='ltr'><em>συντέλειαν</em></span> <span class='ocrx_word' id='word_1_505' title='bbox 1470 3693 1648 3764; x_wconf 75' lang='grc' dir='ltr'><em>δηλῶν</em></span> <span class='ocrx_word' id='word_1_506' title='bbox 1678 3694 1773 3748; x_wconf 87' lang='grc' dir='ltr'><em>τοῦ</em></span> <span class='ocrx_word' id='word_1_507' title='bbox 1809 3713 1944 3750; x_wconf 87' lang='grc' dir='ltr'><em>παν-</em></span> 
     </span>
    </p>
   </div>
   <div class='ocr_carea' id='block_1_72' title="bbox 366 3774 1948 3857">
    <p class='ocr_par' dir='ltr' id='par_1_72' title="bbox 366 3774 1948 3857">
     <span class='ocr_line' id='line_1_72' title="bbox 366 3774 1948 3857; baseline 0.011 -33"><span class='ocrx_word' id='word_1_508' title='bbox 366 3774 479 3839; x_wconf 80' lang='grc' dir='ltr'><em>τὸς,</em></span> <span class='ocrx_word' id='word_1_509' title='bbox 515 3775 639 3829; x_wconf 87' lang='grc' dir='ltr'><em>καθ’</em></span> <span class='ocrx_word' id='word_1_510' title='bbox 671 3776 739 3849; x_wconf 75' lang='grc' dir='ltr'><strong>ῆν</strong></span> <span class='ocrx_word' id='word_1_511' title='bbox 791 3780 1017 3852; x_wconf 74' lang='grc' dir='ltr'><em>οὐρανὸς</em></span> <span class='ocrx_word' id='word_1_512' title='bbox 1065 3784 1160 3837; x_wconf 79' lang='grc' dir='ltr'><strong>καὶ</strong></span> <span class='ocrx_word' id='word_1_513' title='bbox 1215 3782 1285 3855; x_wconf 83' lang='grc' dir='ltr'><strong>γῆ</strong></span> <span class='ocrx_word' id='word_1_514' title='bbox 1334 3784 1754 3857; x_wconf 84' lang='grc' dir='ltr'><em>παρελεύσεται,</em></span> <span class='ocrx_word' id='word_1_515' title='bbox 1810 3785 1887 3851; x_wconf 85' lang='grc' dir='ltr'><strong>ὡς</strong></span> <span class='ocrx_word' id='word_1_516' title='bbox 1918 3790 1948 3841; x_wconf 82' lang='grc' dir='ltr'><strong>ὁ</strong></span> 
     </span>
    </p>
   </div>
   <div class='ocr_carea' id='block_1_73' title="bbox 367 3864 1947 3950">
    <p class='ocr_par' dir='ltr' id='par_1_73' title="bbox 367 3864 1947 3950">
     <span class='ocr_line' id='line_1_73' title="bbox 367 3864 1947 3950; baseline 0.011 -34"><span class='ocrx_word' id='word_1_517' title='bbox 367 3864 559 3939; x_wconf 82' lang='grc' dir='ltr'><em>Σωτήρ</em></span> <span class='ocrx_word' id='word_1_518' title='bbox 590 3884 724 3937; x_wconf 79' lang='grc' dir='ltr'><em>φησι</em></span> <span class='ocrx_word' id='word_1_519' title='bbox 747 3884 762 3899; x_wconf 73' lang='grc' dir='ltr'>ο</span> <span class='ocrx_word' id='word_1_520' title='bbox 795 3871 890 3924; x_wconf 80' lang='grc' dir='ltr'><em>καὶ</em></span> <span class='ocrx_word' id='word_1_521' title='bbox 915 3889 934 3923; x_wconf 78' lang='grc' dir='ltr'><strong>ι</strong></span> <span class='ocrx_word' id='word_1_522' title='bbox 980 3870 1038 3925; x_wconf 83' lang='grc' dir='ltr'>Ὀ</span> <span class='ocrx_word' id='word_1_523' title='bbox 1077 3873 1231 3945; x_wconf 84' lang='grc' dir='ltr'><em>ἥλιος</em></span> <span class='ocrx_word' id='word_1_524' title='bbox 1282 3875 1734 3948; x_wconf 86' lang='grc' dir='ltr'><em>σκοτισθήσεται,</em></span> <span class='ocrx_word' id='word_1_525' title='bbox 1782 3880 1879 3932; x_wconf 73' lang='grc' dir='ltr'><strong>καὶ</strong></span> <span class='ocrx_word' id='word_1_526' title='bbox 1912 3880 1947 3950; x_wconf 75' lang='grc' dir='ltr'><strong>ἡ</strong></span> 
     </span>
    </p>
   </div>
   <div class='ocr_carea' id='block_1_74' title="bbox 371 3955 1948 4042">
    <p class='ocr_par' dir='ltr' id='par_1_74' title="bbox 371 3955 1948 4042">
     <span class='ocr_line' id='line_1_74' title="bbox 371 3955 1948 4042; baseline 0.012 -36"><span class='ocrx_word' id='word_1_527' title='bbox 371 3955 571 4031; x_wconf 83' lang='grc' dir='ltr'><em>σελήνη</em></span> <span class='ocrx_word' id='word_1_528' title='bbox 604 3960 665 4011; x_wconf 77' lang='grc' dir='ltr'><strong>οὐ</strong></span> <span class='ocrx_word' id='word_1_529' title='bbox 703 3959 866 4015; x_wconf 82' lang='grc' dir='ltr'><em>δώσει</em></span> <span class='ocrx_word' id='word_1_530' title='bbox 900 3963 961 4016; x_wconf 78' lang='grc' dir='ltr'><em>τὸ</em></span> <span class='ocrx_word' id='word_1_531' title='bbox 1010 3965 1211 4035; x_wconf 84' lang='grc' dir='ltr'><strong>φέγγος</strong></span> <span class='ocrx_word' id='word_1_532' title='bbox 1244 3967 1438 4038; x_wconf 82' lang='grc' dir='ltr'><em>αὐτῆς,</em></span> <span class='ocrx_word' id='word_1_533' title='bbox 1464 3969 1570 4023; x_wconf 81' lang='grc' dir='ltr'><em>καὶ</em></span> <span class='ocrx_word' id='word_1_534' title='bbox 1605 3971 1653 4022; x_wconf 81' lang='grc' dir='ltr'><strong>οἱ</strong></span> <span class='ocrx_word' id='word_1_535' title='bbox 1715 3971 1948 4042; x_wconf 81' lang='grc' dir='ltr'><em>ἀστέρες</em></span> 
     </span>
    </p>
   </div>
   <div class='ocr_carea' id='block_1_75' title="bbox 366 4048 1950 4134">
    <p class='ocr_par' dir='ltr' id='par_1_75' title="bbox 366 4048 1950 4134">
     <span class='ocr_line' id='line_1_75' title="bbox 366 4048 1950 4134; baseline 0.013 -34"><span class='ocrx_word' id='word_1_536' title='bbox 366 4048 462 4101; x_wconf 83' lang='grc' dir='ltr'><em>τοῦ</em></span> <span class='ocrx_word' id='word_1_537' title='bbox 495 4052 725 4122; x_wconf 69' lang='grc' dir='ltr'><em>οὐρανοῦ</em></span> <span class='ocrx_word' id='word_1_538' title='bbox 746 4054 1058 4120; x_wconf 84' lang='grc' dir='ltr'><em>πεσοῦνται.</em></span> <span class='ocrx_word' id='word_1_539' title='bbox 1073 4078 1092 4111; x_wconf 77' lang='grc' dir='ltr'><strong>ι</strong></span> <span class='ocrx_word' id='word_1_540' title='bbox 1125 4059 1219 4112; x_wconf 77' lang='grc' dir='ltr'><strong>καὶ</strong></span> <span class='ocrx_word' id='word_1_541' title='bbox 1239 4060 1306 4114; x_wconf 67' lang='grc' dir='ltr'><em>τὰ</em></span> <span class='ocrx_word' id='word_1_542' title='bbox 1332 4061 1426 4114; x_wconf 78' lang='grc' dir='ltr'><strong>ἐπὶ</strong></span> <span class='ocrx_word' id='word_1_543' title='bbox 1448 4061 1683 4125; x_wconf 81' lang='grc' dir='ltr'><em>τούτοις.</em></span> <span class='ocrx_word' id='word_1_544' title='bbox 1705 4063 1950 4134; x_wconf 83' lang='grc' dir='ltr'><em>Κόσμον</em></span> 
     </span>
    </p>
   </div>
   <div class='ocr_carea' id='block_1_76' title="bbox 363 4138 1952 4219">
    <p class='ocr_par' dir='ltr' id='par_1_76' title="bbox 363 4138 1952 4219">
     <span class='ocr_line' id='line_1_76' title="bbox 363 4138 1952 4219; baseline 0.01 -28"><span class='ocrx_word' id='word_1_545' title='bbox 363 4138 428 4192; x_wconf 79' lang='grc' dir='ltr'><em>δὲ</em></span> <span class='ocrx_word' id='word_1_546' title='bbox 460 4142 742 4209; x_wconf 79' lang='grc' dir='ltr'><em>οὐρανοῦ,</em></span> <span class='ocrx_word' id='word_1_547' title='bbox 780 4146 909 4210; x_wconf 78' lang='grc' dir='ltr'><em>τοὺς</em></span> <span class='ocrx_word' id='word_1_548' title='bbox 943 4150 1240 4219; x_wconf 83' lang='grc' dir='ltr'><em>φωστῆρας</em></span> <span class='ocrx_word' id='word_1_549' title='bbox 1269 4151 1411 4203; x_wconf 80' lang='grc' dir='ltr'><em>κατὰ</em></span> <span class='ocrx_word' id='word_1_550' title='bbox 1438 4152 1528 4205; x_wconf 82' lang='grc' dir='ltr'><strong>τὸν</strong></span> <span class='ocrx_word' id='word_1_551' title='bbox 1552 4154 1757 4207; x_wconf 83' lang='grc' dir='ltr'><strong>Μωσέα</strong></span> <span class='ocrx_word' id='word_1_552' title='bbox 1793 4154 1952 4207; x_wconf 79' lang='grc' dir='ltr'><em>καλεί</em></span> 
     </span>
    </p>
   </div>
   <div class='ocr_carea' id='block_1_77' title="bbox 368 4229 1947 4314">
    <p class='ocr_par' dir='ltr' id='par_1_77' title="bbox 368 4229 1947 4314">
     <span class='ocr_line' id='line_1_77' title="bbox 368 4229 1947 4314; baseline 0.01 -33"><span class='ocrx_word' id='word_1_553' title='bbox 368 4229 630 4299; x_wconf 73' lang='grc' dir='ltr'><em>λέγοντα·</em></span> <span class='ocrx_word' id='word_1_554' title='bbox 669 4236 908 4306; x_wconf 79' lang='grc' dir='ltr'><em>«Ἕπεχε</em></span> <span class='ocrx_word' id='word_1_555' title='bbox 957 4239 1030 4307; x_wconf 85' lang='grc' dir='ltr'><strong>μὴ</strong></span> <span class='ocrx_word' id='word_1_556' title='bbox 1080 4240 1387 4309; x_wconf 75' lang='grc' dir='ltr'><em>ἀναϐλέψας</em></span> <span class='ocrx_word' id='word_1_557' title='bbox 1421 4244 1502 4306; x_wconf 70' lang='grc' dir='ltr'><em>εἰς</em></span> <span class='ocrx_word' id='word_1_558' title='bbox 1556 4242 1648 4296; x_wconf 81' lang='grc' dir='ltr'><em>τὸν</em></span> <span class='ocrx_word' id='word_1_559' title='bbox 1699 4244 1947 4314; x_wconf 82' lang='grc' dir='ltr'><em>οὐρανὸν,</em></span> 
     </span>
    </p>
   </div>
   <div class='ocr_carea' id='block_1_78' title="bbox 368 4322 1946 4402">
    <p class='ocr_par' dir='ltr' id='par_1_78' title="bbox 368 4322 1946 4402">
     <span class='ocr_line' id='line_1_78' title="bbox 368 4322 1946 4402; baseline 0.01 -28"><span class='ocrx_word' id='word_1_560' title='bbox 368 4323 467 4374; x_wconf 64' lang='grc' dir='ltr'><strong>καὶ</strong></span> <span class='ocrx_word' id='word_1_561' title='bbox 504 4322 628 4377; x_wconf 75' lang='grc' dir='ltr'><em>ἰδὼν</em></span> <span class='ocrx_word' id='word_1_562' title='bbox 653 4326 743 4378; x_wconf 74' lang='grc' dir='ltr'><em>τὸν</em></span> <span class='ocrx_word' id='word_1_563' title='bbox 763 4329 936 4397; x_wconf 76' lang='grc' dir='ltr'><em>ἥλιον,</em></span> <span class='ocrx_word' id='word_1_564' title='bbox 972 4330 1066 4381; x_wconf 74' lang='grc' dir='ltr'><strong>καὶ</strong></span> <span class='ocrx_word' id='word_1_565' title='bbox 1095 4331 1192 4402; x_wconf 82' lang='grc' dir='ltr'><em>τὴν</em></span> <span class='ocrx_word' id='word_1_566' title='bbox 1226 4333 1478 4402; x_wconf 78' lang='grc' dir='ltr'><em>σελήνην,</em></span> <span class='ocrx_word' id='word_1_567' title='bbox 1507 4335 1603 4387; x_wconf 75' lang='grc' dir='ltr'><em>καὶ</em></span> <span class='ocrx_word' id='word_1_568' title='bbox 1627 4335 1755 4398; x_wconf 87' lang='grc' dir='ltr'><em>τοὺς</em></span> <span class='ocrx_word' id='word_1_569' title='bbox 1784 4335 1946 4389; x_wconf 78' lang='grc' dir='ltr'><em>ἀστέο·</em></span> 
     </span>
    </p>
   </div>
   <div class='ocr_carea' id='block_1_79' title="bbox 374 4416 1945 4501">
    <p class='ocr_par' dir='ltr' id='par_1_79' title="bbox 374 4416 1941 4496">
     <span class='ocr_line' id='line_1_79' title="bbox 374 4416 1941 4496; baseline 0.01 -31"><span class='ocrx_word' id='word_1_570' title='bbox 374 4428 497 4482; x_wconf 84' lang='grc' dir='ltr'><em>ρας,</em></span> <span class='ocrx_word' id='word_1_571' title='bbox 528 4416 621 4467; x_wconf 73' lang='grc' dir='ltr'><strong>καὶ</strong></span> <span class='ocrx_word' id='word_1_572' title='bbox 652 4416 830 4471; x_wconf 81' lang='grc' dir='ltr'><em>πάντα</em></span> <span class='ocrx_word' id='word_1_573' title='bbox 856 4419 948 4471; x_wconf 71' lang='grc' dir='ltr'><strong>τὸν</strong></span> <span class='ocrx_word' id='word_1_574' title='bbox 982 4422 1187 4490; x_wconf 81' lang='grc' dir='ltr'><em>κόσμον</em></span> <span class='ocrx_word' id='word_1_575' title='bbox 1220 4422 1314 4475; x_wconf 82' lang='grc' dir='ltr'><em>τοῦ</em></span> <span class='ocrx_word' id='word_1_576' title='bbox 1347 4423 1602 4493; x_wconf 75' lang='grc' dir='ltr'><em>οὐρανοῦ,</em></span> <span class='ocrx_word' id='word_1_577' title='bbox 1647 4424 1941 4496; x_wconf 75' lang='grc' dir='ltr'><em>πλανηθεὶς</em></span> 
     </span>
    </p>
   </div>
   <div class='ocr_carea' id='block_1_80' title="bbox 2048 4416 3683 4501">
    <p class='ocr_par' dir='ltr' id='par_1_80' title="bbox 2053 4421 3683 4495">
     <span class='ocr_line' id='line_1_80' title="bbox 2053 4421 3683 4495; baseline -0.01 -11"><span class='ocrx_word' id='word_1_578' title='bbox 2053 4429 2251 4484; x_wconf 77' lang='grc' dir='ltr'><em>ειειιιιιι</em></span> <span class='ocrx_word' id='word_1_579' title='bbox 2300 4425 2631 4495; x_wconf 84' lang='lat' dir='ltr'><strong>suspiciens,</strong></span> <span class='ocrx_word' id='word_1_580' title='bbox 2670 4433 2725 4479; x_wconf 88' lang='lat' dir='ltr'><strong>et</strong></span> <span class='ocrx_word' id='word_1_581' title='bbox 2771 4424 2964 4479; x_wconf 88' lang='lat' dir='ltr'><strong>videns</strong></span> <span class='ocrx_word' id='word_1_582' title='bbox 3003 4423 3198 4488; x_wconf 88' lang='lat' dir='ltr'><strong>solem,</strong></span> <span class='ocrx_word' id='word_1_583' title='bbox 3234 4430 3291 4478; x_wconf 87' lang='lat' dir='ltr'><strong>et</strong></span> <span class='ocrx_word' id='word_1_584' title='bbox 3330 4424 3538 4480; x_wconf 85' lang='lat' dir='ltr'><strong>lunam,</strong></span> <span class='ocrx_word' id='word_1_585' title='bbox 3576 4421 3683 4488; x_wconf 33' lang='lat' dir='ltr'><strong>et;</strong></span> 
     </span>
    </p>
   </div>
   <div class='ocr_carea' id='block_1_81' title="bbox 372 4509 1948 4588">
    <p class='ocr_par' dir='ltr' id='par_1_81' title="bbox 372 4509 1948 4588">
     <span class='ocr_line' id='line_1_81' title="bbox 372 4509 1948 4588; baseline 0.014 -34"><span class='ocrx_word' id='word_1_586' title='bbox 372 4509 773 4577; x_wconf 79' lang='grc' dir='ltr'><em>προσκυνήσεις</em></span> <span class='ocrx_word' id='word_1_587' title='bbox 801 4510 1005 4574; x_wconf 77' lang='grc' dir='ltr'><em>αὐτοῖς.</em></span> <span class='ocrx_word' id='word_1_588' title='bbox 1035 4530 1054 4563; x_wconf 76' lang='grc' dir='ltr'><strong>ι</strong></span> <span class='ocrx_word' id='word_1_589' title='bbox 1103 4512 1284 4566; x_wconf 86' lang='grc' dir='ltr'><em>Ταῦτα</em></span> <span class='ocrx_word' id='word_1_590' title='bbox 1310 4514 1418 4586; x_wconf 80' lang='grc' dir='ltr'><strong>γὰρ</strong></span> <span class='ocrx_word' id='word_1_591' title='bbox 1458 4517 1553 4568; x_wconf 78' lang='grc' dir='ltr'><strong>καὶ</strong></span> <span class='ocrx_word' id='word_1_592' title='bbox 1581 4517 1610 4570; x_wconf 85' lang='grc' dir='ltr'><strong>ὁ</strong></span> <span class='ocrx_word' id='word_1_593' title='bbox 1660 4520 1948 4588; x_wconf 67' lang='grc' dir='ltr'><em>προφήτης</em></span> 
     </span>
    </p>
   </div>
   <div class='ocr_carea' id='block_1_82' title="bbox 372 4592 1951 4673">
    <p class='ocr_par' dir='ltr' id='par_1_82' title="bbox 372 4592 1951 4673">
     <span class='ocr_line' id='line_1_82' title="bbox 372 4592 1951 4673; baseline 0.01 -28"><span class='ocrx_word' id='word_1_594' title='bbox 372 4592 552 4662; x_wconf 78' lang='grc' dir='ltr'><em>δηλῶν</em></span> <span class='ocrx_word' id='word_1_595' title='bbox 600 4598 869 4667; x_wconf 70' lang='grc' dir='ltr'><em>ἐπιφέρει·</em></span> <span class='ocrx_word' id='word_1_596' title='bbox 924 4602 1031 4654; x_wconf 79' lang='grc' dir='ltr'><strong>Καὶ</strong></span> <span class='ocrx_word' id='word_1_597' title='bbox 1082 4604 1409 4667; x_wconf 64' lang='grc' dir='ltr'><em>ταλιιίσεται</em></span> <span class='ocrx_word' id='word_1_598' title='bbox 1450 4606 1490 4673; x_wconf 79' lang='grc' dir='ltr'><em>ἠ</em></span> <span class='ocrx_word' id='word_1_599' title='bbox 1534 4607 1810 4673; x_wconf 73' lang='grc' dir='ltr'><em>πλίνθος,</em></span> <span class='ocrx_word' id='word_1_600' title='bbox 1853 4608 1951 4662; x_wconf 73' lang='grc' dir='ltr'><em>καὶ</em></span> 
     </span>
    </p>
   </div>
   <div class='ocr_carea' id='block_1_83' title="bbox 376 4682 1947 4767">
    <p class='ocr_par' dir='ltr' id='par_1_83' title="bbox 376 4682 1947 4767">
     <span class='ocr_line' id='line_1_83' title="bbox 376 4682 1947 4767; baseline 0.011 -34"><span class='ocrx_word' id='word_1_601' title='bbox 376 4682 642 4736; x_wconf 77' lang='grc' dir='ltr'><em>πεσεῖται</em></span> <span class='ocrx_word' id='word_1_602' title='bbox 670 4685 737 4738; x_wconf 83' lang='grc' dir='ltr'><em>τὸ</em></span> <span class='ocrx_word' id='word_1_603' title='bbox 788 4690 1005 4758; x_wconf 82' lang='grc' dir='ltr'><em>τεῖχος.</em></span> <span class='ocrx_word' id='word_1_604' title='bbox 1046 4692 1189 4746; x_wconf 82' lang='grc' dir='ltr'><strong>Ἀνθ’</strong></span> <span class='ocrx_word' id='word_1_605' title='bbox 1220 4687 1282 4748; x_wconf 75' lang='grc' dir='ltr'>οὗ</span> <span class='ocrx_word' id='word_1_606' title='bbox 1320 4694 1617 4766; x_wconf 71' lang='grc' dir='ltr'><strong>Σύμμαχος</strong></span> <span class='ocrx_word' id='word_1_607' title='bbox 1650 4713 1807 4767; x_wconf 78' lang='grc' dir='ltr'><em>φησι’</em></span> <span class='ocrx_word' id='word_1_608' title='bbox 1839 4698 1947 4753; x_wconf 77' lang='grc' dir='ltr'><em>Καὶ</em></span> 
     </span>
    </p>
   </div>
   <div class='ocr_carea' id='block_1_84' title="bbox 376 4772 1954 4856">
    <p class='ocr_par' dir='ltr' id='par_1_84' title="bbox 376 4772 1954 4856">
     <span class='ocr_line' id='line_1_84' title="bbox 376 4772 1954 4856; baseline 0.013 -32"><span class='ocrx_word' id='word_1_609' title='bbox 376 4772 814 4841; x_wconf 80' lang='grc' dir='ltr'><em>ἐντραπήσεται</em></span> <span class='ocrx_word' id='word_1_610' title='bbox 870 4782 908 4848; x_wconf 74' lang='grc' dir='ltr'><em>ἡ</em></span> <span class='ocrx_word' id='word_1_611' title='bbox 959 4783 1218 4852; x_wconf 76' lang='grc' dir='ltr'><em>σελήνη,</em></span> <span class='ocrx_word' id='word_1_612' title='bbox 1260 4786 1357 4839; x_wconf 77' lang='grc' dir='ltr'><em>καὶ</em></span> <span class='ocrx_word' id='word_1_613' title='bbox 1405 4788 1877 4856; x_wconf 73' lang='grc' dir='ltr'><em>αἰσχυνθήσεται</em></span> <span class='ocrx_word' id='word_1_614' title='bbox 1922 4793 1954 4844; x_wconf 83' lang='grc' dir='ltr'>ό</span> 
     </span>
    </p>
   </div>
   <div class='ocr_carea' id='block_1_85' title="bbox 377 4863 1954 4950">
    <p class='ocr_par' dir='ltr' id='par_1_85' title="bbox 377 4863 1954 4950">
     <span class='ocr_line' id='line_1_85' title="bbox 377 4863 1954 4950; baseline 0.01 -32"><span class='ocrx_word' id='word_1_615' title='bbox 377 4863 570 4935; x_wconf 75' lang='grc' dir='ltr'><em>ἥλιος,</em></span> <span class='ocrx_word' id='word_1_616' title='bbox 592 4869 685 4920; x_wconf 74' lang='grc' dir='ltr'><strong>καὶ</strong></span> <span class='ocrx_word' id='word_1_617' title='bbox 717 4871 766 4922; x_wconf 84' lang='grc' dir='ltr'><strong>οἱ</strong></span> <span class='ocrx_word' id='word_1_618' title='bbox 790 4871 968 4925; x_wconf 70' lang='grc' dir='ltr'><em>λοιποὶ</em></span> <span class='ocrx_word' id='word_1_619' title='bbox 996 4873 1052 4926; x_wconf 81' lang='grc' dir='ltr'><em>δὲ</em></span> <span class='ocrx_word' id='word_1_620' title='bbox 1080 4876 1148 4928; x_wconf 72' lang='grc' dir='ltr'><em>τὰ</em></span> <span class='ocrx_word' id='word_1_621' title='bbox 1180 4877 1363 4946; x_wconf 82' lang='grc' dir='ltr'><em>ὃμοια.</em></span> <span class='ocrx_word' id='word_1_622' title='bbox 1396 4877 1575 4948; x_wconf 65' lang='lat' dir='ltr'><strong>&quot;Amp</strong></span> <span class='ocrx_word' id='word_1_623' title='bbox 1595 4880 1644 4931; x_wconf 81' lang='lat' dir='ltr'><strong>oi</strong></span> <span class='ocrx_word' id='word_1_624' title='bbox 1684 4878 1954 4950; x_wconf 78' lang='grc' dir='ltr'><strong>Ἐϐδομή-</strong></span> 
     </span>
    </p>
   </div>
   <div class='ocr_carea' id='block_1_86' title="bbox 376 4961 1954 5041">
    <p class='ocr_par' dir='ltr' id='par_1_86' title="bbox 376 4961 1954 5041">
     <span class='ocr_line' id='line_1_86' title="bbox 376 4961 1954 5041; baseline 0.007 -28"><span class='ocrx_word' id='word_1_625' title='bbox 376 4973 540 5013; x_wconf 86' lang='grc' dir='ltr'><em>κοντα</em></span> <span class='ocrx_word' id='word_1_626' title='bbox 571 4961 975 5033; x_wconf 64' lang='grc' dir='ltr'><em>συνεκάλυψαν,</em></span> <span class='ocrx_word' id='word_1_627' title='bbox 1000 4966 1075 5029; x_wconf 83' lang='grc' dir='ltr'><strong>ὡς</strong></span> <span class='ocrx_word' id='word_1_628' title='bbox 1095 4968 1354 5036; x_wconf 73' lang='grc' dir='ltr'><em>Ἕλὶησιν</em></span> <span class='ocrx_word' id='word_1_629' title='bbox 1373 4968 1669 5034; x_wconf 76' lang='grc' dir='ltr'><em>ἐκδιδόντες</em></span> <span class='ocrx_word' id='word_1_630' title='bbox 1695 4971 1792 5040; x_wconf 79' lang='grc' dir='ltr'><em>τὴν</em></span> <span class='ocrx_word' id='word_1_631' title='bbox 1813 4988 1954 5041; x_wconf 85' lang='grc' dir='ltr'><em>γρα-</em></span> 
     </span>
    </p>
   </div>
   <div class='ocr_carea' id='block_1_87' title="bbox 375 5043 1956 5132">
    <p class='ocr_par' dir='ltr' id='par_1_87' title="bbox 375 5043 1956 5132">
     <span class='ocr_line' id='line_1_87' title="bbox 375 5043 1956 5132; baseline 0.002 -27"><span class='ocrx_word' id='word_1_632' title='bbox 375 5050 483 5122; x_wconf 76' lang='grc' dir='ltr'><strong>φὴν</strong></span> <span class='ocrx_word' id='word_1_633' title='bbox 509 5051 595 5107; x_wconf 75' lang='grc' dir='ltr'><em>διὰ</em></span> <span class='ocrx_word' id='word_1_634' title='bbox 627 5053 687 5107; x_wconf 79' lang='grc' dir='ltr'><em>τὸ</em></span> <span class='ocrx_word' id='word_1_635' title='bbox 721 5055 1067 5128; x_wconf 79' lang='grc' dir='ltr'><em>ἁπεμφαῖνον</em></span> <span class='ocrx_word' id='word_1_636' title='bbox 1096 5062 1193 5131; x_wconf 80' lang='grc' dir='ltr'><strong>τῆς</strong></span> <span class='ocrx_word' id='word_1_637' title='bbox 1240 5060 1458 5127; x_wconf 78' lang='grc' dir='ltr'><em>λέξεως,</em></span> <span class='ocrx_word' id='word_1_638' title='bbox 1512 5063 1633 5130; x_wconf 76' lang='grc' dir='ltr'><strong>Τὴν</strong></span> <span class='ocrx_word' id='word_1_639' title='bbox 1659 5043 1956 5132; x_wconf 60' lang='grc' dir='ltr'><em>οὖν’χεῇπι</em></span> 
     </span>
    </p>
   </div>
   <div class='ocr_carea' id='block_1_88' title="bbox 376 5145 1953 5226">
    <p class='ocr_par' dir='ltr' id='par_1_88' title="bbox 376 5145 1953 5226">
     <span class='ocr_line' id='line_1_88' title="bbox 376 5145 1953 5226; baseline 0.01 -33"><span class='ocrx_word' id='word_1_640' title='bbox 376 5145 609 5212; x_wconf 83' lang='grc' dir='ltr'><em>τούτοις</em></span> <span class='ocrx_word' id='word_1_641' title='bbox 662 5147 928 5217; x_wconf 67' lang='grc' dir='ltr'><em>ἐπιφέρει</em></span> <span class='ocrx_word' id='word_1_642' title='bbox 991 5150 1135 5217; x_wconf 77' lang='grc' dir='ltr'><em>Θεὸς</em></span> <span class='ocrx_word' id='word_1_643' title='bbox 1186 5153 1496 5207; x_wconf 77' lang='grc' dir='ltr'><em>συντέλειαν</em></span> <span class='ocrx_word' id='word_1_644' title='bbox 1563 5153 1953 5226; x_wconf 76' lang='grc' dir='ltr'><strong>ἐργαζόμενος.</strong></span> 
     </span>
    </p>
   </div>
   <div class='ocr_carea' id='block_1_89' title="bbox 380 5235 1956 5315">
    <p class='ocr_par' dir='ltr' id='par_1_89' title="bbox 380 5235 1956 5315">
     <span class='ocr_line' id='line_1_89' title="bbox 380 5235 1956 5315; baseline -0.003 -13"><span class='ocrx_word' id='word_1_645' title='bbox 380 5235 678 5305; x_wconf 70' lang='grc' dir='ltr'><strong>βασιλέας</strong></span> <span class='ocrx_word' id='word_1_646' title='bbox 703 5242 760 5293; x_wconf 74' lang='grc' dir='ltr'><strong>δὲ</strong></span> <span class='ocrx_word' id='word_1_647' title='bbox 790 5241 901 5313; x_wconf 75' lang='grc' dir='ltr'><strong>γῆς</strong></span> <span class='ocrx_word' id='word_1_648' title='bbox 946 5245 1486 5315; x_wconf 73' lang='grc' dir='ltr'><em>συγκλειομένους,</em></span> <span class='ocrx_word' id='word_1_649' title='bbox 1514 5247 1624 5301; x_wconf 86' lang='grc' dir='ltr'><em>νόει</em></span> <span class='ocrx_word' id='word_1_650' title='bbox 1638 5246 1732 5301; x_wconf 87' lang='grc' dir='ltr'><em>τοῦ</em></span> <span class='ocrx_word' id='word_1_651' title='bbox 1761 5245 1956 5309; x_wconf 73' lang='grc' dir='ltr'><em>αἰῶνος</em></span> 
     </span>
    </p>
   </div>
   <div class='ocr_carea' id='block_1_90' title="bbox 374 5324 1957 5411">
    <p class='ocr_par' dir='ltr' id='par_1_90' title="bbox 374 5324 1957 5411">
     <span class='ocr_line' id='line_1_90' title="bbox 374 5324 1957 5411; baseline 0.009 -33"><span class='ocrx_word' id='word_1_652' title='bbox 374 5324 569 5378; x_wconf 66' lang='grc' dir='ltr'><em>τούτου</em></span> <span class='ocrx_word' id='word_1_653' title='bbox 588 5331 713 5394; x_wconf 77' lang='grc' dir='ltr'><em>τοὺς</em></span> <span class='ocrx_word' id='word_1_654' title='bbox 731 5333 1018 5405; x_wconf 79' lang='grc' dir='ltr'><em>ἄρχοντας.</em></span> <span class='ocrx_word' id='word_1_655' title='bbox 1061 5337 1147 5402; x_wconf 84' lang='grc' dir='ltr'><strong>Ὠς</strong></span> <span class='ocrx_word' id='word_1_656' title='bbox 1185 5340 1281 5391; x_wconf 84' lang='grc' dir='ltr'><em>καὶ</em></span> <span class='ocrx_word' id='word_1_657' title='bbox 1325 5338 1568 5411; x_wconf 79' lang='grc' dir='ltr'><em>Γαϐριήλ</em></span> <span class='ocrx_word' id='word_1_658' title='bbox 1590 5355 1757 5411; x_wconf 80' lang='grc' dir='ltr'><em>φησιν</em></span> <span class='ocrx_word' id='word_1_659' title='bbox 1790 5340 1848 5391; x_wconf 80' lang='grc' dir='ltr'><strong>ὲν</strong></span> <span class='ocrx_word' id='word_1_660' title='bbox 1877 5337 1957 5409; x_wconf 80' lang='grc' dir='ltr'><em>τῷ</em></span> 
     </span>
    </p>
   </div>
   <div class='ocr_carea' id='block_1_91' title="bbox 2045 3240 3655 3311">
    <p class='ocr_par' dir='ltr' id='par_1_91' title="bbox 2045 3240 3655 3311">
     <span class='ocr_line' id='line_1_91' title="bbox 2045 3240 3655 3311; baseline -0.007 -10"><span class='ocrx_word' id='word_1_661' title='bbox 2045 3247 2190 3301; x_wconf 85' lang='lat' dir='ltr'><strong>bona</strong></span> <span class='ocrx_word' id='word_1_662' title='bbox 2244 3244 2585 3311; x_wconf 79' lang='lat' dir='ltr'><strong>exciderint;</strong></span> <span class='ocrx_word' id='word_1_663' title='bbox 2625 3251 2742 3296; x_wconf 90' lang='lat' dir='ltr'><strong>tum</strong></span> <span class='ocrx_word' id='word_1_664' title='bbox 2782 3241 3005 3296; x_wconf 90' lang='lat' dir='ltr'><strong>demum</strong></span> <span class='ocrx_word' id='word_1_665' title='bbox 3047 3241 3157 3296; x_wconf 88' lang='lat' dir='ltr'><strong>Deo</strong></span> <span class='ocrx_word' id='word_1_666' title='bbox 3207 3240 3429 3310; x_wconf 78' lang='lat' dir='ltr'><strong>privati</strong></span> <span class='ocrx_word' id='word_1_667' title='bbox 3476 3252 3655 3291; x_wconf 46' lang='lat' dir='ltr'><strong>resur‘</strong></span> 
     </span>
    </p>
   </div>
   <div class='ocr_carea' id='block_1_92' title="bbox 2044 3330 3651 3406">
    <p class='ocr_par' dir='ltr' id='par_1_92' title="bbox 2044 3330 3651 3406">
     <span class='ocr_line' id='line_1_92' title="bbox 2044 3330 3651 3406; baseline -0.007 -15"><span class='ocrx_word' id='word_1_668' title='bbox 2044 3351 2166 3406; x_wconf 83' lang='lat' dir='ltr'><strong>gere</strong></span> <span class='ocrx_word' id='word_1_669' title='bbox 2219 3335 2483 3404; x_wconf 87' lang='lat' dir='ltr'><strong>deinceps</strong></span> <span class='ocrx_word' id='word_1_670' title='bbox 2544 3332 2783 3401; x_wconf 85' lang='lat' dir='ltr'><strong>amplius</strong></span> <span class='ocrx_word' id='word_1_671' title='bbox 2842 3347 2951 3386; x_wconf 82' lang='lat' dir='ltr'><strong>non</strong></span> <span class='ocrx_word' id='word_1_672' title='bbox 3014 3330 3309 3385; x_wconf 80' lang='lat' dir='ltr'><strong>valebunt.</strong></span> <span class='ocrx_word' id='word_1_673' title='bbox 3370 3330 3651 3384; x_wconf 65' lang='lat' dir='ltr'><strong>Caeterum</strong></span> 
     </span>
    </p>
   </div>
   <div class='ocr_carea' id='block_1_93' title="bbox 2048 3417 3653 3497">
    <p class='ocr_par' dir='ltr' id='par_1_93' title="bbox 2048 3417 3653 3497">
     <span class='ocr_line' id='line_1_93' title="bbox 2048 3417 3653 3497; baseline -0.007 -14"><span class='ocrx_word' id='word_1_674' title='bbox 2048 3438 2402 3497; x_wconf 84' lang='lat' dir='ltr'><strong>posteaquam</strong></span> <span class='ocrx_word' id='word_1_675' title='bbox 2443 3427 2512 3481; x_wconf 88' lang='lat' dir='ltr'><strong>de</strong></span> <span class='ocrx_word' id='word_1_676' title='bbox 2547 3437 2712 3491; x_wconf 83' lang='lat' dir='ltr'><strong>terra,</strong></span> <span class='ocrx_word' id='word_1_677' title='bbox 2749 3423 2801 3478; x_wconf 90' lang='lat' dir='ltr'><strong>id</strong></span> <span class='ocrx_word' id='word_1_678' title='bbox 2837 3430 2923 3478; x_wconf 91' lang='lat' dir='ltr'><strong>est</strong></span> <span class='ocrx_word' id='word_1_679' title='bbox 2968 3422 3037 3478; x_wconf 87' lang='lat' dir='ltr'><strong>de</strong></span> <span class='ocrx_word' id='word_1_680' title='bbox 3072 3432 3227 3477; x_wconf 74' lang='lat' dir='ltr'><strong>term</strong></span> <span class='ocrx_word' id='word_1_681' title='bbox 3271 3421 3516 3485; x_wconf 86' lang='lat' dir='ltr'><strong>incolis,</strong></span> <span class='ocrx_word' id='word_1_682' title='bbox 3558 3417 3653 3472; x_wconf 82' lang='lat' dir='ltr'><strong>ab—</strong></span> 
     </span>
    </p>
   </div>
   <div class='ocr_carea' id='block_1_94' title="bbox 2048 3508 3643 3591">
    <p class='ocr_par' dir='ltr' id='par_1_94' title="bbox 2048 3508 3643 3591">
     <span class='ocr_line' id='line_1_94' title="bbox 2048 3508 3643 3591; baseline -0.008 -20"><span class='ocrx_word' id='word_1_683' title='bbox 2048 3516 2195 3572; x_wconf 89' lang='lat' dir='ltr'><strong>unde</strong></span> <span class='ocrx_word' id='word_1_684' title='bbox 2224 3517 2361 3571; x_wconf 78' lang='lat' dir='ltr'><strong>dixit</strong></span> <span class='ocrx_word' id='word_1_685' title='bbox 2394 3535 2410 3570; x_wconf 89' lang='lat'><strong>:</strong></span> <span class='ocrx_word' id='word_1_686' title='bbox 2448 3515 2514 3569; x_wconf 86' lang='lat' dir='ltr'><strong>In</strong></span> <span class='ocrx_word' id='word_1_687' title='bbox 2558 3515 2748 3569; x_wconf 73' lang='lat' dir='ltr'><strong>emtum</strong></span> <span class='ocrx_word' id='word_1_688' title='bbox 2795 3514 2932 3583; x_wconf 84' lang='lat' dir='ltr'><strong>jam,</strong></span> <span class='ocrx_word' id='word_1_689' title='bbox 2968 3522 3136 3583; x_wconf 86' lang='lat' dir='ltr'><strong>atque</strong></span> <span class='ocrx_word' id='word_1_690' title='bbox 3185 3513 3336 3567; x_wconf 84' lang='lat' dir='ltr'><strong>adeo</strong></span> <span class='ocrx_word' id='word_1_691' title='bbox 3388 3508 3643 3591; x_wconf 67' lang='grc' dir='ltr'><em>εαζεειὶιι,</em></span> 
     </span>
    </p>
   </div>
   <div class='ocr_carea' id='block_1_95' title="bbox 2050 3599 3645 3676">
    <p class='ocr_par' dir='ltr' id='par_1_95' title="bbox 2050 3599 3645 3676">
     <span class='ocr_line' id='line_1_95' title="bbox 2050 3599 3645 3676; baseline -0.007 -12"><span class='ocrx_word' id='word_1_692' title='bbox 2050 3611 2135 3664; x_wconf 91' lang='lat' dir='ltr'><strong>his</strong></span> <span class='ocrx_word' id='word_1_693' title='bbox 2165 3610 2349 3665; x_wconf 83' lang='lat' dir='ltr'><strong>verbis</strong></span> <span class='ocrx_word' id='word_1_694' title='bbox 2384 3608 2668 3672; x_wconf 87' lang='lat' dir='ltr'><strong>ascendit;</strong></span> <span class='ocrx_word' id='word_1_695' title='bbox 2708 3607 2794 3661; x_wconf 80' lang='lat' dir='ltr'><strong>die</strong></span> <span class='ocrx_word' id='word_1_696' title='bbox 2818 3606 2939 3670; x_wconf 83' lang='lat' dir='ltr'><strong>illa,</strong></span> <span class='ocrx_word' id='word_1_697' title='bbox 2973 3609 3094 3676; x_wconf 89' lang='lat' dir='ltr'><strong>ipso</strong></span> <span class='ocrx_word' id='word_1_698' title='bbox 3137 3605 3417 3660; x_wconf 84' lang='lat' dir='ltr'><strong>nimirum</strong></span> <span class='ocrx_word' id='word_1_699' title='bbox 3450 3599 3645 3673; x_wconf 78' lang='lat' dir='ltr'><strong>judicii</strong></span> 
     </span>
    </p>
   </div>
   <div class='ocr_carea' id='block_1_96' title="bbox 2050 3694 3644 3771">
    <p class='ocr_par' dir='ltr' id='par_1_96' title="bbox 2050 3694 3644 3771">
     <span class='ocr_line' id='line_1_96' title="bbox 2050 3694 3644 3771; baseline -0.008 -15"><span class='ocrx_word' id='word_1_700' title='bbox 2050 3711 2316 3771; x_wconf 84' lang='lat' dir='ltr'><strong>tempore,</strong></span> <span class='ocrx_word' id='word_1_701' title='bbox 2364 3701 2573 3754; x_wconf 80' lang='lat' dir='ltr'><strong>inducet</strong></span> <span class='ocrx_word' id='word_1_702' title='bbox 2608 3698 2750 3754; x_wconf 86' lang='lat' dir='ltr'><strong>Deus</strong></span> <span class='ocrx_word' id='word_1_703' title='bbox 2786 3714 3004 3754; x_wconf 87' lang='lat' dir='ltr'><strong>manum</strong></span> <span class='ocrx_word' id='word_1_704' title='bbox 3036 3698 3089 3751; x_wconf 78' lang='lat' dir='ltr'><strong>in</strong></span> <span class='ocrx_word' id='word_1_705' title='bbox 3124 3706 3384 3751; x_wconf 82' lang='lat' dir='ltr'><strong>ornatum</strong></span> <span class='ocrx_word' id='word_1_706' title='bbox 3416 3694 3556 3758; x_wconf 72' lang='lat' dir='ltr'><strong>mli,</strong></span> <span class='ocrx_word' id='word_1_707' title='bbox 3587 3697 3644 3746; x_wconf 90' lang='lat' dir='ltr'><strong>ut</strong></span> 
     </span>
    </p>
   </div>
   <div class='ocr_carea' id='block_1_97' title="bbox 2052 3787 3638 3859">
    <p class='ocr_par' dir='ltr' id='par_1_97' title="bbox 2052 3787 3638 3859">
     <span class='ocr_line' id='line_1_97' title="bbox 2052 3787 3638 3859; baseline -0.008 -13"><span class='ocrx_word' id='word_1_708' title='bbox 2052 3791 2292 3846; x_wconf 64' lang='lat' dir='ltr'><strong>universi</strong></span> <span class='ocrx_word' id='word_1_709' title='bbox 2343 3790 2876 3846; x_wconf 85' lang='lat' dir='ltr'><strong>consummationem</strong></span> <span class='ocrx_word' id='word_1_710' title='bbox 2932 3804 3043 3859; x_wconf 84' lang='lat' dir='ltr'><strong>qua</strong></span> <span class='ocrx_word' id='word_1_711' title='bbox 3100 3787 3308 3844; x_wconf 71' lang='lat' dir='ltr'><strong>cmlum</strong></span> <span class='ocrx_word' id='word_1_712' title='bbox 3373 3794 3432 3843; x_wconf 89' lang='lat' dir='ltr'><strong>et</strong></span> <span class='ocrx_word' id='word_1_713' title='bbox 3495 3794 3638 3839; x_wconf 89' lang='lat' dir='ltr'><strong>terra</strong></span> 
     </span>
    </p>
   </div>
   <div class='ocr_carea' id='block_1_98' title="bbox 2051 3873 3637 3945">
    <p class='ocr_par' dir='ltr' id='par_1_98' title="bbox 2051 3873 3637 3945">
     <span class='ocr_line' id='line_1_98' title="bbox 2051 3873 3637 3945; baseline -0.008 -11"><span class='ocrx_word' id='word_1_714' title='bbox 2051 3880 2358 3935; x_wconf 85' lang='lat' dir='ltr'><strong>transitura</strong></span> <span class='ocrx_word' id='word_1_715' title='bbox 2404 3886 2569 3945; x_wconf 89' lang='lat' dir='ltr'><strong>sunt,</strong></span> <span class='ocrx_word' id='word_1_716' title='bbox 2631 3877 2904 3932; x_wconf 88' lang='lat' dir='ltr'><strong>iudicaret</strong></span> <span class='ocrx_word' id='word_1_717' title='bbox 2939 3875 3009 3930; x_wconf 70' lang='grc' dir='ltr'><strong>δ’.</strong></span> <span class='ocrx_word' id='word_1_718' title='bbox 3064 3873 3542 3942; x_wconf 83' lang='lat' dir='ltr'><strong>Quemadmodum</strong></span> <span class='ocrx_word' id='word_1_719' title='bbox 3586 3878 3637 3924; x_wconf 89' lang='lat' dir='ltr'><strong>et</strong></span> 
     </span>
    </p>
   </div>
   <div class='ocr_carea' id='block_1_99' title="bbox 2053 3961 3634 4033">
    <p class='ocr_par' dir='ltr' id='par_1_99' title="bbox 2053 3961 3634 4033">
     <span class='ocr_line' id='line_1_99' title="bbox 2053 3961 3634 4033; baseline -0.001 -6"><span class='ocrx_word' id='word_1_720' title='bbox 2053 3971 2308 4027; x_wconf 84' lang='lat' dir='ltr'><strong>Salvator</strong></span> <span class='ocrx_word' id='word_1_721' title='bbox 2348 3971 2563 4027; x_wconf 88' lang='lat' dir='ltr'><strong>monuit</strong></span> <span class='ocrx_word' id='word_1_722' title='bbox 2592 3969 2667 4033; x_wconf 78' lang='grc'><strong>⁸⁸,</strong></span> <span class='ocrx_word' id='word_1_723' title='bbox 2699 3970 2790 4025; x_wconf 85' lang='lat' dir='ltr'><strong>ubi</strong></span> <span class='ocrx_word' id='word_1_724' title='bbox 2828 3969 3016 4025; x_wconf 79' lang='lat' dir='ltr'><strong>solem</strong></span> <span class='ocrx_word' id='word_1_725' title='bbox 3065 3967 3501 4022; x_wconf 83' lang='lat' dir='ltr'><strong>obtenebratum</strong></span> <span class='ocrx_word' id='word_1_726' title='bbox 3548 3961 3634 4025; x_wconf 66' lang='lat' dir='ltr'><strong>iri.</strong></span> 
     </span>
    </p>
   </div>
   <div class='ocr_carea' id='block_1_100' title="bbox 2051 4057 3632 4134">
    <p class='ocr_par' dir='ltr' id='par_1_100' title="bbox 2051 4057 3632 4134">
     <span class='ocr_line' id='line_1_100' title="bbox 2051 4057 3632 4134; baseline -0.008 -15"><span class='ocrx_word' id='word_1_727' title='bbox 2051 4079 2234 4134; x_wconf 89' lang='lat' dir='ltr'><strong>neque</strong></span> <span class='ocrx_word' id='word_1_728' title='bbox 2283 4063 2470 4117; x_wconf 91' lang='lat' dir='ltr'><strong>lunam</strong></span> <span class='ocrx_word' id='word_1_729' title='bbox 2516 4062 2700 4116; x_wconf 88' lang='lat' dir='ltr'><strong>lumen</strong></span> <span class='ocrx_word' id='word_1_730' title='bbox 2740 4076 2900 4116; x_wconf 87' lang='lat' dir='ltr'><strong>suum</strong></span> <span class='ocrx_word' id='word_1_731' title='bbox 2946 4059 3228 4126; x_wconf 87' lang='lat' dir='ltr'><strong>daturam,</strong></span> <span class='ocrx_word' id='word_1_732' title='bbox 3261 4060 3459 4114; x_wconf 84' lang='lat' dir='ltr'><strong>stellas</strong></span> <span class='ocrx_word' id='word_1_733' title='bbox 3503 4057 3632 4111; x_wconf 80' lang='lat' dir='ltr'><strong>istas</strong></span> 
     </span>
    </p>
   </div>
   <div class='ocr_carea' id='block_1_101' title="bbox 2051 4151 3633 4222">
    <p class='ocr_par' dir='ltr' id='par_1_101' title="bbox 2051 4151 3633 4222">
     <span class='ocr_line' id='line_1_101' title="bbox 2051 4151 3633 4222; baseline -0.008 -9"><span class='ocrx_word' id='word_1_734' title='bbox 2051 4155 2250 4213; x_wconf 89' lang='lat' dir='ltr'><strong>deinde</strong></span> <span class='ocrx_word' id='word_1_735' title='bbox 2296 4154 2366 4209; x_wconf 88' lang='lat' dir='ltr'><strong>de</strong></span> <span class='ocrx_word' id='word_1_736' title='bbox 2412 4152 2553 4209; x_wconf 70' lang='lat' dir='ltr'><strong>coelo</strong></span> <span class='ocrx_word' id='word_1_737' title='bbox 2600 4167 2857 4222; x_wconf 66' lang='lat' dir='ltr'><strong>casuras,</strong></span> <span class='ocrx_word' id='word_1_738' title='bbox 2889 4162 3197 4222; x_wconf 61' lang='lat' dir='ltr'><strong>ceteraque</strong></span> <span class='ocrx_word' id='word_1_739' title='bbox 3242 4151 3337 4205; x_wconf 87' lang='lat' dir='ltr'><strong>illa</strong></span> <span class='ocrx_word' id='word_1_740' title='bbox 3387 4163 3513 4218; x_wconf 72' lang='lat' dir='ltr'><strong>qua:</strong></span> <span class='ocrx_word' id='word_1_741' title='bbox 3546 4159 3633 4201; x_wconf 79' lang='lat' dir='ltr'><strong>se-</strong></span> 
     </span>
    </p>
   </div>
   <div class='ocr_carea' id='block_1_102' title="bbox 2051 4243 3630 4318">
    <p class='ocr_par' dir='ltr' id='par_1_102' title="bbox 2051 4243 3630 4318">
     <span class='ocr_line' id='line_1_102' title="bbox 2051 4243 3630 4318; baseline -0.008 -17"><span class='ocrx_word' id='word_1_742' title='bbox 2051 4258 2318 4318; x_wconf 87' lang='lat' dir='ltr'><strong>quuntur,</strong></span> <span class='ocrx_word' id='word_1_743' title='bbox 2358 4244 2712 4315; x_wconf 79' lang='lat' dir='ltr'><strong>signiﬁcavit.</strong></span> <span class='ocrx_word' id='word_1_744' title='bbox 2769 4243 2902 4299; x_wconf 70' lang='lat' dir='ltr'><strong>Cati</strong></span> <span class='ocrx_word' id='word_1_745' title='bbox 2959 4250 3145 4298; x_wconf 88' lang='lat' dir='ltr'><strong>autem</strong></span> <span class='ocrx_word' id='word_1_746' title='bbox 3193 4251 3468 4304; x_wconf 81' lang='lat' dir='ltr'><strong>ornatum,</strong></span> <span class='ocrx_word' id='word_1_747' title='bbox 3509 4249 3630 4291; x_wconf 88' lang='lat' dir='ltr'><strong>cum</strong></span> 
     </span>
    </p>
   </div>
   <div class='ocr_carea' id='block_1_103' title="bbox 2053 4330 3630 4399">
    <p class='ocr_par' dir='ltr' id='par_1_103' title="bbox 2053 4330 3630 4399">
     <span class='ocr_line' id='line_1_103' title="bbox 2053 4330 3630 4399; baseline -0.01 -6"><span class='ocrx_word' id='word_1_748' title='bbox 2053 4337 2205 4393; x_wconf 76' lang='lat' dir='ltr'><strong>Mose</strong></span> <span class='ocrx_word' id='word_1_749' title='bbox 2238 4335 2533 4391; x_wconf 89' lang='lat' dir='ltr'><strong>luminaria</strong></span> <span class='ocrx_word' id='word_1_750' title='bbox 2572 4333 2898 4398; x_wconf 83' lang='lat' dir='ltr'><strong>nominavit,</strong></span> <span class='ocrx_word' id='word_1_751' title='bbox 2927 4333 3044 4398; x_wconf 90' lang='lat' dir='ltr'><strong>ubi,</strong></span> <span class='ocrx_word' id='word_1_752' title='bbox 3079 4349 3099 4385; x_wconf 80' lang='grc' dir='ltr'><strong>ι</strong></span> <span class='ocrx_word' id='word_1_753' title='bbox 3137 4333 3302 4397; x_wconf 83' lang='lat' dir='ltr'><strong>Cave,</strong></span> <span class='ocrx_word' id='word_1_754' title='bbox 3336 4330 3539 4399; x_wconf 88' lang='lat' dir='ltr'><strong>inquit,</strong></span> <span class='ocrx_word' id='word_1_755' title='bbox 3568 4338 3630 4378; x_wconf 90' lang='lat' dir='ltr'><strong>ne</strong></span> 
     </span>
    </p>
   </div>
   <div class='ocr_carea' id='block_1_104' title="bbox 2049 4512 3626 4584">
    <p class='ocr_par' dir='ltr' id='par_1_104' title="bbox 2049 4512 3626 4584">
     <span class='ocr_line' id='line_1_104' title="bbox 2049 4512 3626 4584; baseline -0.011 -7"><span class='ocrx_word' id='word_1_756' title='bbox 2049 4520 2259 4584; x_wconf 83' lang='lat' dir='ltr'><strong>stellas,</strong></span> <span class='ocrx_word' id='word_1_757' title='bbox 2310 4527 2364 4573; x_wconf 87' lang='lat' dir='ltr'><strong>et</strong></span> <span class='ocrx_word' id='word_1_758' title='bbox 2416 4525 2673 4572; x_wconf 89' lang='lat' dir='ltr'><strong>ornatum</strong></span> <span class='ocrx_word' id='word_1_759' title='bbox 2730 4515 2856 4571; x_wconf 61' lang='lat' dir='ltr'><strong>caeli</strong></span> <span class='ocrx_word' id='word_1_760' title='bbox 2910 4529 3153 4579; x_wconf 89' lang='lat' dir='ltr'><strong>omnem,</strong></span> <span class='ocrx_word' id='word_1_761' title='bbox 3202 4512 3523 4584; x_wconf 86' lang='lat' dir='ltr'><strong>decipiaris,</strong></span> <span class='ocrx_word' id='word_1_762' title='bbox 3573 4513 3626 4559; x_wconf 91' lang='lat' dir='ltr'><strong>et</strong></span> 
     </span>
    </p>
   </div>
   <div class='ocr_carea' id='block_1_105' title="bbox 2050 4597 3621 4677">
    <p class='ocr_par' dir='ltr' id='par_1_105' title="bbox 2050 4597 3621 4677">
     <span class='ocr_line' id='line_1_105' title="bbox 2050 4597 3621 4677; baseline -0.01 -12"><span class='ocrx_word' id='word_1_763' title='bbox 2050 4609 2249 4665; x_wconf 82' lang='lat' dir='ltr'><strong>adores</strong></span> <span class='ocrx_word' id='word_1_764' title='bbox 2281 4624 2346 4664; x_wconf 90' lang='lat' dir='ltr'><strong>ea</strong></span> <span class='ocrx_word' id='word_1_765' title='bbox 2376 4609 2444 4663; x_wconf 77' lang='lat'><strong>&quot;.</strong></span> <span class='ocrx_word' id='word_1_766' title='bbox 2482 4627 2501 4660; x_wconf 80' lang='grc' dir='ltr'><strong>ι</strong></span> <span class='ocrx_word' id='word_1_767' title='bbox 2541 4606 2664 4663; x_wconf 69' lang='lat' dir='ltr'><strong>Haec</strong></span> <span class='ocrx_word' id='word_1_768' title='bbox 2697 4608 2844 4662; x_wconf 86' lang='lat' dir='ltr'><strong>enim</strong></span> <span class='ocrx_word' id='word_1_769' title='bbox 2888 4617 2942 4663; x_wconf 89' lang='lat' dir='ltr'><strong>et</strong></span> <span class='ocrx_word' id='word_1_770' title='bbox 2977 4609 3096 4677; x_wconf 87' lang='lat' dir='ltr'><strong>ipse</strong></span> <span class='ocrx_word' id='word_1_771' title='bbox 3128 4606 3392 4677; x_wconf 85' lang='lat' dir='ltr'><strong>propheta</strong></span> <span class='ocrx_word' id='word_1_772' title='bbox 3423 4597 3621 4671; x_wconf 82' lang='lat' dir='ltr'><strong>signiti-</strong></span> 
     </span>
    </p>
   </div>
   <div class='ocr_carea' id='block_1_106' title="bbox 2050 4695 3618 4767">
    <p class='ocr_par' dir='ltr' id='par_1_106' title="bbox 2050 4695 3618 4767">
     <span class='ocr_line' id='line_1_106' title="bbox 2050 4695 3618 4767; baseline -0.003 -12"><span class='ocrx_word' id='word_1_773' title='bbox 2050 4708 2162 4765; x_wconf 87' lang='lat' dir='ltr'><strong>cat,</strong></span> <span class='ocrx_word' id='word_1_774' title='bbox 2184 4713 2310 4753; x_wconf 87' lang='lat' dir='ltr'><strong>cqu</strong></span> <span class='ocrx_word' id='word_1_775' title='bbox 2341 4697 2533 4767; x_wconf 85' lang='lat' dir='ltr'><strong>adjicit</strong></span> <span class='ocrx_word' id='word_1_776' title='bbox 2560 4715 2574 4751; x_wconf 90' lang='lat'><strong>:</strong></span> <span class='ocrx_word' id='word_1_777' title='bbox 2606 4695 2676 4749; x_wconf 86' lang='lat' dir='ltr'><strong>Et</strong></span> <span class='ocrx_word' id='word_1_778' title='bbox 2705 4695 2929 4751; x_wconf 75' lang='lat' dir='ltr'><strong>tabescet</strong></span> <span class='ocrx_word' id='word_1_779' title='bbox 2964 4696 3122 4758; x_wconf 85' lang='lat' dir='ltr'><strong>later,</strong></span> <span class='ocrx_word' id='word_1_780' title='bbox 3154 4706 3201 4750; x_wconf 82' lang='lat' dir='ltr'><strong>et</strong></span> <span class='ocrx_word' id='word_1_781' title='bbox 3221 4695 3376 4749; x_wconf 81' lang='lat' dir='ltr'><strong>cadet</strong></span> <span class='ocrx_word' id='word_1_782' title='bbox 3407 4700 3618 4751; x_wconf 66' lang='lat' dir='ltr'><strong>murus;</strong></span> 
     </span>
    </p>
   </div>
   <div class='ocr_carea' id='block_1_107' title="bbox 2051 4775 3615 4859">
    <p class='ocr_par' dir='ltr' id='par_1_107' title="bbox 2051 4775 3615 4859">
     <span class='ocr_line' id='line_1_107' title="bbox 2051 4775 3615 4859; baseline -0.008 -17"><span class='ocrx_word' id='word_1_783' title='bbox 2051 4803 2287 4859; x_wconf 84' lang='lat' dir='ltr'><strong>quorum</strong></span> <span class='ocrx_word' id='word_1_784' title='bbox 2323 4787 2468 4853; x_wconf 83' lang='lat' dir='ltr'><strong>luco,</strong></span> <span class='ocrx_word' id='word_1_785' title='bbox 2496 4794 2548 4842; x_wconf 84' lang='lat' dir='ltr'><strong>et</strong></span> <span class='ocrx_word' id='word_1_786' title='bbox 2574 4785 2842 4841; x_wconf 77' lang='lat' dir='ltr'><strong>erubescet</strong></span> <span class='ocrx_word' id='word_1_787' title='bbox 2882 4785 3031 4850; x_wconf 86' lang='lat' dir='ltr'><strong>luna,</strong></span> <span class='ocrx_word' id='word_1_788' title='bbox 3060 4794 3109 4839; x_wconf 88' lang='lat' dir='ltr'><strong>et</strong></span> <span class='ocrx_word' id='word_1_789' title='bbox 3142 4785 3495 4856; x_wconf 72' lang='lat' dir='ltr'><strong>confundetur</strong></span> <span class='ocrx_word' id='word_1_790' title='bbox 3517 4775 3615 4839; x_wconf 86' lang='lat' dir='ltr'><strong>sol,</strong></span> 
     </span>
    </p>
   </div>
   <div class='ocr_carea' id='block_1_108' title="bbox 2053 4870 3615 4948">
    <p class='ocr_par' dir='ltr' id='par_1_108' title="bbox 2053 4870 3615 4948">
     <span class='ocr_line' id='line_1_108' title="bbox 2053 4870 3615 4948; baseline -0.01 -15"><span class='ocrx_word' id='word_1_791' title='bbox 2053 4892 2163 4933; x_wconf 91' lang='lat' dir='ltr'><strong>non</strong></span> <span class='ocrx_word' id='word_1_792' title='bbox 2195 4876 2563 4948; x_wconf 83' lang='lat' dir='ltr'><strong>Symmachus</strong></span> <span class='ocrx_word' id='word_1_793' title='bbox 2592 4884 2829 4938; x_wconf 89' lang='lat' dir='ltr'><strong>tantum,</strong></span> <span class='ocrx_word' id='word_1_794' title='bbox 2863 4874 2958 4929; x_wconf 85' lang='lat' dir='ltr'><strong>sed</strong></span> <span class='ocrx_word' id='word_1_795' title='bbox 3005 4873 3205 4942; x_wconf 89' lang='lat' dir='ltr'><strong>reliqui</strong></span> <span class='ocrx_word' id='word_1_796' title='bbox 3249 4873 3410 4928; x_wconf 88' lang='lat' dir='ltr'><strong>etiam</strong></span> <span class='ocrx_word' id='word_1_797' title='bbox 3453 4870 3615 4922; x_wconf 79' lang='lat' dir='ltr'><strong>inter-</strong></span> 
     </span>
    </p>
   </div>
   <div class='ocr_carea' id='block_1_109' title="bbox 2053 4953 3613 5039">
    <p class='ocr_par' dir='ltr' id='par_1_109' title="bbox 2053 4953 3613 5039">
     <span class='ocr_line' id='line_1_109' title="bbox 2053 4953 3613 5039; baseline -0.012 -16"><span class='ocrx_word' id='word_1_798' title='bbox 2053 4976 2236 5039; x_wconf 85' lang='lat' dir='ltr'><strong>pretes</strong></span> <span class='ocrx_word' id='word_1_799' title='bbox 2264 4966 2653 5030; x_wconf 83' lang='lat' dir='ltr'><strong>reddiderunt;</strong></span> <span class='ocrx_word' id='word_1_800' title='bbox 2684 4980 2807 5034; x_wconf 73' lang='lat' dir='ltr'><strong>qua:</strong></span> <span class='ocrx_word' id='word_1_801' title='bbox 2830 4965 3209 5035; x_wconf 82' lang='lat' dir='ltr'><strong>Septuaginta,</strong></span> <span class='ocrx_word' id='word_1_802' title='bbox 3230 4978 3356 5018; x_wconf 91' lang='lat' dir='ltr'><strong>cum</strong></span> <span class='ocrx_word' id='word_1_803' title='bbox 3384 4953 3613 5032; x_wconf 77' lang='lat' dir='ltr'><strong>profanis</strong></span> 
     </span>
    </p>
   </div>
   <div class='ocr_carea' id='block_1_110' title="bbox 2052 5053 3611 5127">
    <p class='ocr_par' dir='ltr' id='par_1_110' title="bbox 2052 5053 3611 5127">
     <span class='ocr_line' id='line_1_110' title="bbox 2052 5053 3611 5127; baseline -0.013 -14"><span class='ocrx_word' id='word_1_804' title='bbox 2052 5058 2383 5127; x_wconf 86' lang='lat' dir='ltr'><strong>scripturam</strong></span> <span class='ocrx_word' id='word_1_805' title='bbox 2405 5064 2597 5126; x_wconf 87' lang='lat' dir='ltr'><strong>aperto</strong></span> <span class='ocrx_word' id='word_1_806' title='bbox 2619 5069 2874 5111; x_wconf 77' lang='lat' dir='ltr'><strong>sermone</strong></span> <span class='ocrx_word' id='word_1_807' title='bbox 2901 5055 3036 5109; x_wconf 84' lang='lat' dir='ltr'><strong>tradi</strong></span> <span class='ocrx_word' id='word_1_808' title='bbox 3064 5054 3295 5117; x_wconf 87' lang='lat' dir='ltr'><strong>nollent,</strong></span> <span class='ocrx_word' id='word_1_809' title='bbox 3313 5053 3486 5106; x_wconf 87' lang='lat' dir='ltr'><strong>celare</strong></span> <span class='ocrx_word' id='word_1_810' title='bbox 3508 5058 3611 5098; x_wconf 82' lang='lat' dir='ltr'><strong>ma-</strong></span> 
     </span>
    </p>
   </div>
   <div class='ocr_carea' id='block_1_111' title="bbox 2054 5140 3608 5217">
    <p class='ocr_par' dir='ltr' id='par_1_111' title="bbox 2054 5140 3608 5217">
     <span class='ocr_line' id='line_1_111' title="bbox 2054 5140 3608 5217; baseline -0.005 -14"><span class='ocrx_word' id='word_1_811' title='bbox 2054 5151 2294 5204; x_wconf 85' lang='lat' dir='ltr'><strong>luerunt.</strong></span> <span class='ocrx_word' id='word_1_812' title='bbox 2329 5147 2386 5202; x_wconf 91' lang='lat' dir='ltr'><strong>In</strong></span> <span class='ocrx_word' id='word_1_813' title='bbox 2413 5162 2509 5203; x_wconf 89' lang='lat' dir='ltr'><strong>eos</strong></span> <span class='ocrx_word' id='word_1_814' title='bbox 2536 5161 2669 5217; x_wconf 86' lang='lat' dir='ltr'><strong>ergo</strong></span> <span class='ocrx_word' id='word_1_815' title='bbox 2700 5154 2832 5200; x_wconf 89' lang='lat' dir='ltr'><strong>tunc</strong></span> <span class='ocrx_word' id='word_1_816' title='bbox 2858 5162 3073 5200; x_wconf 86' lang='lat' dir='ltr'><strong>manum</strong></span> <span class='ocrx_word' id='word_1_817' title='bbox 3102 5144 3313 5199; x_wconf 81' lang='lat' dir='ltr'><strong>inducet</strong></span> <span class='ocrx_word' id='word_1_818' title='bbox 3350 5140 3608 5197; x_wconf 56' lang='lat' dir='ltr'><strong>Dominus,</strong></span> 
     </span>
    </p>
   </div>
   <div class='ocr_carea' id='block_1_112' title="bbox 2052 5236 3606 5307">
    <p class='ocr_par' dir='ltr' id='par_1_112' title="bbox 2052 5236 3606 5307">
     <span class='ocr_line' id='line_1_112' title="bbox 2052 5236 3606 5307; baseline -0.01 -11"><span class='ocrx_word' id='word_1_819' title='bbox 2052 5256 2178 5296; x_wconf 91' lang='lat' dir='ltr'><strong>cum</strong></span> <span class='ocrx_word' id='word_1_820' title='bbox 2207 5239 2738 5296; x_wconf 85' lang='lat' dir='ltr'><strong>consummationem</strong></span> <span class='ocrx_word' id='word_1_821' title='bbox 2766 5237 3107 5307; x_wconf 87' lang='lat' dir='ltr'><strong>operabitur.</strong></span> <span class='ocrx_word' id='word_1_822' title='bbox 3135 5236 3313 5291; x_wconf 77' lang='lat' dir='ltr'><strong>Terra:</strong></span> <span class='ocrx_word' id='word_1_823' title='bbox 3339 5242 3509 5291; x_wconf 75' lang='lat' dir='ltr'><strong>autem</strong></span> <span class='ocrx_word' id='word_1_824' title='bbox 3534 5239 3606 5278; x_wconf 73' lang='lat' dir='ltr'><strong>re-</strong></span> 
     </span>
    </p>
   </div>
   <div class='ocr_carea' id='block_1_113' title="bbox 2053 5325 3607 5406">
    <p class='ocr_par' dir='ltr' id='par_1_113' title="bbox 2053 5325 3607 5406">
     <span class='ocr_line' id='line_1_113' title="bbox 2053 5325 3607 5406; baseline -0.01 -17"><span class='ocrx_word' id='word_1_825' title='bbox 2053 5351 2141 5406; x_wconf 84' lang='lat' dir='ltr'><strong>ges</strong></span> <span class='ocrx_word' id='word_1_826' title='bbox 2179 5338 2457 5388; x_wconf 79' lang='lat' dir='ltr'><strong>conclusos</strong></span> <span class='ocrx_word' id='word_1_827' title='bbox 2483 5329 2648 5400; x_wconf 89' lang='lat' dir='ltr'><strong>hujus</strong></span> <span class='ocrx_word' id='word_1_828' title='bbox 2683 5328 2867 5384; x_wconf 60' lang='lat' dir='ltr'><strong>saeculi</strong></span> <span class='ocrx_word' id='word_1_829' title='bbox 2897 5326 3174 5398; x_wconf 84' lang='lat' dir='ltr'><strong>principes</strong></span> <span class='ocrx_word' id='word_1_830' title='bbox 3202 5326 3442 5396; x_wconf 86' lang='lat' dir='ltr'><strong>intellige</strong></span> <span class='ocrx_word' id='word_1_831' title='bbox 3463 5334 3478 5351; x_wconf 83' lang='lat'><strong><em>°</em></strong></span> <span class='ocrx_word' id='word_1_832' title='bbox 3507 5325 3607 5387; x_wconf 77' lang='lat' dir='ltr'><strong>quo</strong></span> 
     </span>
    </p>
   </div>
   <div class='ocr_carea' id='block_1_114' title="bbox 451 5457 3275 5540">
    <p class='ocr_par' dir='ltr' id='par_1_114' title="bbox 451 5457 3275 5540">
     <span class='ocr_line' id='line_1_114' title="bbox 451 5457 3275 5540; baseline 0 -26"><span class='ocrx_word' id='word_1_833' title='bbox 451 5459 495 5491; x_wconf 77' lang='lat'><strong>&quot;</strong></span> <span class='ocrx_word' id='word_1_834' title='bbox 526 5457 671 5516; x_wconf 81' lang='lat' dir='ltr'><strong>Psal.</strong></span> <span class='ocrx_word' id='word_1_835' title='bbox 704 5481 861 5532; x_wconf 75' lang='lat' dir='ltr'><strong>uin,</strong></span> <span class='ocrx_word' id='word_1_836' title='bbox 895 5469 946 5524; x_wconf 85' lang='lat'><strong>7.</strong></span> <span class='ocrx_word' id='word_1_837' title='bbox 1022 5472 1069 5505; x_wconf 76' lang='lat'>“</span> <span class='ocrx_word' id='word_1_838' title='bbox 1098 5472 1261 5530; x_wconf 81' lang='lat' dir='ltr'><strong>Mich.</strong></span> <span class='ocrx_word' id='word_1_839' title='bbox 1289 5490 1375 5540; x_wconf 89' lang='grc' dir='ltr'><em>ιιι,</em></span> <span class='ocrx_word' id='word_1_840' title='bbox 1404 5474 1489 5528; x_wconf 65' lang='grc'><strong>12.</strong></span> <span class='ocrx_word' id='word_1_841' title='bbox 1564 5473 1611 5507; x_wconf 66' lang='grc' dir='ltr'><em>δ’</em></span> <span class='ocrx_word' id='word_1_842' title='bbox 1640 5472 1775 5527; x_wconf 82' lang='lat' dir='ltr'><strong>Luc.</strong></span> <span class='ocrx_word' id='word_1_843' title='bbox 1809 5488 1925 5539; x_wconf 75' lang='lat' dir='ltr'><strong>xu,</strong></span> <span class='ocrx_word' id='word_1_844' title='bbox 1954 5471 2047 5531; x_wconf 77' lang='lat'><strong>35.</strong></span> <span class='ocrx_word' id='word_1_845' title='bbox 2120 5470 2170 5505; x_wconf 82' lang='lat'>&quot;</span> <span class='ocrx_word' id='word_1_846' title='bbox 2202 5468 2398 5525; x_wconf 77' lang='lat' dir='ltr'><strong>Matth.</strong></span> <span class='ocrx_word' id='word_1_847' title='bbox 2441 5482 2591 5532; x_wconf 73' lang='lat' dir='ltr'><strong>xxiv,</strong></span> <span class='ocrx_word' id='word_1_848' title='bbox 2624 5464 2715 5521; x_wconf 75' lang='lat'><strong>29.</strong></span> <span class='ocrx_word' id='word_1_849' title='bbox 2791 5464 2838 5498; x_wconf 77' lang='lat'><strong>&quot;</strong></span> <span class='ocrx_word' id='word_1_850' title='bbox 2874 5461 3034 5520; x_wconf 86' lang='lat' dir='ltr'><strong>Deut.</strong></span> <span class='ocrx_word' id='word_1_851' title='bbox 3070 5476 3146 5529; x_wconf 78' lang='lat' dir='ltr'><strong>tv,</strong></span> <span class='ocrx_word' id='word_1_852' title='bbox 3186 5460 3275 5518; x_wconf 72' lang='grc'><strong>19.</strong></span> 
     </span>
    </p>
   </div>
   <div class='ocr_carea' id='block_1_115' title="bbox 1647 5579 2315 5670">
    <p class='ocr_par' dir='ltr' id='par_1_115' title="bbox 1647 5579 2315 5670">
     <span class='ocr_line' id='line_1_115' title="bbox 1647 5579 2315 5670; baseline -0.004 -2"><span class='ocrx_word' id='word_1_853' title='bbox 1647 5612 1885 5670; x_wconf 64' lang='lat' dir='ltr'><strong>nam</strong></span> <span class='ocrx_word' id='word_1_854' title='bbox 1907 5579 2315 5669; x_wconf 67' lang='lat' dir='ltr'><strong>moriones.</strong></span> 
     </span>
    </p>
   </div>
   <div class='ocr_carea' id='block_1_116' title="bbox 455 5652 899 5771">
    <p class='ocr_par' dir='ltr' id='par_1_116' title="bbox 455 5652 899 5771">
     <span class='ocr_line' id='line_1_116' title="bbox 455 5652 899 5771; baseline -0.005 -17"><span class='ocrx_word' id='word_1_855' title='bbox 455 5712 481 5743; x_wconf 82' lang='grc' dir='ltr'><strong><em>ο</em></strong></span> <span class='ocrx_word' id='word_1_856' title='bbox 512 5700 597 5756; x_wconf 79' lang='grc' dir='ltr'><strong>ισ.</strong></span> <span class='ocrx_word' id='word_1_857' title='bbox 632 5652 753 5755; x_wconf 72' lang='grc' dir='ltr'><em>οὐαί</em></span> <span class='ocrx_word' id='word_1_858' title='bbox 786 5716 899 5771; x_wconf 83' lang='grc' dir='ltr'><em>μοι.</em></span> 
     </span>
    </p>
   </div>
   <div class='ocr_carea' id='block_1_117' title="bbox 3563 290 3731 358">
    <p class='ocr_par' dir='ltr' id='par_1_117' title="bbox 3563 290 3731 358">
     <span class='ocr_line' id='line_1_117' title="bbox 3563 290 3731 358; baseline 0 0"><span class='ocrx_word' id='word_1_859' title='bbox 3563 290 3731 358; x_wconf 71' lang='grc' dir='ltr'><strong>22θ4</strong></span> 
     </span>
    </p>
   </div>
   <div class='ocr_carea' id='block_1_118' title="bbox 3789 3591 3797 3623">
    <p class='ocr_par' dir='ltr' id='par_1_118' title="bbox 3789 3591 3797 3623">
     <span class='ocr_line' id='line_1_118' title="bbox 3789 3591 3797 3623; baseline 0 0"><span class='ocrx_word' id='word_1_860' title='bbox 3789 3591 3797 3623; x_wconf 84' lang='lat' dir='ltr'><strong>l</strong></span> 
     </span>
    </p>
   </div>
  </div>
