4022 6210
305 296 442 358 2207

1631 274 1977 354 ΡιιοοοΡΠ
2018 293 2257 354 οΑΖΑει

3501 292 3675 355 22³108

310 424 431 478 μυι-
460 408 577 461 inec
596 406 882 474 antiquum
912 408 1229 466 consilium.
1268 408 1376 464 Sed
1404 427 1578 464 verum
1607 411 1876 466 exsistere

1994 428 2079 473 »ας
2133 409 2449 478 ἐκϐήσεται,
2483 407 2651 461 ὲπειδ’
2709 405 2775 461 ἂν
2806 406 2874 480 θῇ
2907 410 3115 475 πάντας
3168 408 3339 473 τοὺς
3390 409 3673 480 ἐχθροὺς

303 502 429 553 ideo
482 500 743 570 potuerit.
790 499 935 567 quod
989 511 1116 554 ante
1167 515 1474 567 vesperam,
1523 503 1613 555 ubi
1646 510 1878 555 cunctos

304 592 492 645 hostes
523 590 642 644 suis
677 591 907 660 pedibus
937 572 1237 660 subjeeerit
1266 591 1334 655 ⁸⁸,
1373 593 1462 646 ubi
1500 610 1658 648 omne
1704 593 1873 661 impe-

306 695 470 744 rium,
517 694 733 735 onmem
784 688 1136 749 potestatem,
1202 695 1395 736 omnes
1431 684 1620 750 copias
1657 696 1877 737 cessare

304 774 517 837 fecerit,
555 772 872 840 proditurus
900 783 1007 827 est.

378 862 515 915 Tum
557 864 778 916 demum
831 864 1007 926 enim,
1040 864 1190 916 omni
1227 877 1455 932 prorsus
1495 862 1751 932 nequitia:
1784 878 1880 933 ge-

1984 498 2152 551 αύτοῢ
2202 499 2307 551 ὑπὸ
2355 501 2480 561 τοὺς
2517 498 2679 559 πόδας
2733 499 2936 552 αὑτοῦ·
2978 500 3056 554 ὅτ’
3109 501 3199 555 ἃν
3261 500 3672 573 καταργήσῃ

1979 594 2161 644 πᾶσαν
2193 589 2366 660 ἀρχὴν
2403 590 2498 643 καὶ
2526 590 2776 655 ἐξουσίαν
2802 590 2895 644 καὶ
2916 590 3182 662 δύναμιν.

2047 857 2184 910 Τότε
2229 856 2337 927 γὰρ
2381 858 2560 925 πάσης
2594 858 2791 922 κακίας
2843 860 2907 912 ὲκ
2939 858 3114 913 ποδῶν
3146 857 3516 931 ἀρθείσης,
3556 862 3671 911 καὶ

307 969 458 1015 nere,
494 954 795 1020 ultimoque
842 955 1022 1015 haste,
1067 962 1244 1007 morte
1296 954 1565 1017 videlicet,
1620 970 1650 1009 e
1700 956 1879 1008 medio

1994 944 2072 998 πού
2106 945 2340 1014 ἐσχάτου
2397 945 2592 1015 ἐχθροῦ
2648 946 2743 999 τοῦ
2776 946 3010 1001 θανάτου
3037 945 3597 1017 κωαργηθέντος,
3631 949 3664 1000 ὁ

305 1044 565 1105 sublatis,
597 1044 778 1097 omnia
819 1043 961 1097 Deus
988 1044 1080 1096 lict
1120 1046 1171 1096 in
1201 1044 1459 1100 omnibus
1489 1046 1554 1108 ⁸⁸,
1600 1043 1876 1098 Salvator-

308 1148 415 1201 que
449 1144 656 1196 noster,
709 1134 835 1186 novi
890 1136 1075 1187 saeculi
1116 1130 1340 1203 regnum
1382 1135 1775 1189 administrans
1825 1135 1880 1188 in

309 1234 603 1293 conspectu
645 1226 945 1287 seniorum,
978 1228 1071 1294 qui
1104 1242 1229 1279 eum
1265 1242 1330 1280 eo
1386 1228 1441 1282 in
1485 1229 1593 1281 vita
1659 1238 1883 1282 sancto-

311 1333 433 1371 rum
487 1318 767 1387 regnaturi
823 1326 973 1382 sunt,
1022 1320 1437 1391 gloriﬁcabitur.
1501 1320 1711 1375 Horum
1757 1335 1886 1376 vero
1932 1362 1935 1367 ς

309 1409 575 1462 bonorum
636 1420 896 1461 eventum
927 1410 1056 1478 quia
1107 1427 1272 1479 quam
1325 1412 1619 1467 celerrime
1676 1412 1886 1467 intueri

309 1499 482 1568 cupit,
511 1501 628 1568 ﬁat,
666 1499 905 1565 Domine,
945 1500 1293 1571 deprecatur.
1331 1504 1603 1558 Nimirum
1634 1504 1765 1575 quia
1815 1503 1885 1560 de

309 1588 401 1655 iis,
440 1605 563 1660 quae
595 1591 839 1645 nondum
866 1602 1185 1656 evenerant,
1214 1592 1391 1661 fecisti
1433 1594 1658 1648 verbum
1712 1608 1882 1648 usur-

312 1691 493 1749 parat,
531 1690 590 1735 ut
639 1680 756 1736 fore
806 1696 997 1737 revera
1037 1682 1285 1745 doceret,
1342 1685 1505 1739 etiam
1546 1686 1592 1739 si
1636 1684 1881 1739 nondum

309 1769 452 1825 facta
478 1780 682 1835 essent,
715 1773 834 1840 ﬁat,
877 1772 1118 1836 Domine,
1150 1774 1369 1842 adjecit.
1411 1773 1673 1828 Prceatur
1701 1783 1881 1829 autem

311 1878 502 1917 eorum
528 1866 769 1926 nomine,
795 1865 888 1933 qui
916 1865 1259 1920 beatitudine
1284 1867 1439 1936 potiti
1466 1874 1628 1930 sunt;
1657 1867 1726 1923 de
1752 1868 1881 1921 reli-

314 1958 477 2025 quis,
514 1956 608 2025 qui
648 1958 699 2009 in
733 1958 949 2010 mortali
1000 1959 1105 2009 vita
1152 1967 1279 2010 ante
1325 1958 1740 2026 praeterierunt,
1788 1974 1887 2027 po-

313 2045 472 2098 suisti
501 2047 737 2097 civitates
772 2046 828 2096 in
861 2036 1121 2097 tumulum
1143 2044 1448 2113 adjicit-ns;
1483 2057 1539 2101 ut
1568 2063 1692 2101 eum
1722 2048 1886 2101 etiam

319 2136 440 2190 ideo
492 2136 758 2198 laudaret,
817 2137 964 2204 quod
1018 2138 1214 2205 impias
1262 2137 1549 2192 atbeorum
1607 2139 1885 2193 hominum

314 2225 571 2280 civitates
620 2227 909 2291 everterit;
972 2227 1111 2280 mala
1159 2241 1351 2282 eorum
1403 2244 1571 2297 opera
1629 2228 1884 2295 fortasse,

316 2317 573 2387 ipsasque
622 2319 972 2372 adversarius
1021 2326 1323 2387 potestates
1371 2319 1579 2372 urbium
1642 2313 1887 2390 appella-

319 2411 465 2463 tione
488 2409 826 2479 signiﬁcans,
855 2426 993 2480 quas
1025 2426 1233 2462 murum
1263 2422 1311 2463 et
1351 2413 1530 2465 urbem
1560 2427 1702 2480 srepe
1724 2427 1886 2466 voea-

314 2501 394 2552 vit
423 2511 640 2568 prepter
671 2500 877 2566 robur;
915 2516 1016 2553 nec
1048 2498 1252 2552 dudum
1297 2502 1454 2564 adeo,
1480 2517 1604 2554 cum
1669 2505 1741 2554 ita
1793 2517 1887 2557 eos

316 2589 596 2644 Christum
625 2589 968 2659 deiecturum
1027 2591 1190 2658 dixit,
1233 2599 1292 2645 ut
1332 2609 1441 2645 non
1498 2594 1879 2647 excitarentur

315 2676 537 2732 iterum.
570 2676 814 2742 Quorum
847 2679 1070 2747 quidem
1103 2682 1195 2748 qui
1231 2695 1444 2743 manus,
1480 2680 1535 2733 id
1562 2693 1646 2736 est
1691 2681 1888 2751 impios

318 2768 573 2822 homines
602 2768 913 2838 ell‘ugerint,
955 2770 1051 2823 tibi
1099 2770 1446 2826 benedieeut.‘
1503 2772 1608 2836 vel,
1672 2781 1731 2826 ut
1793 2772 1885 2827 alii

317 2861 768 2928 interpretantur,
806 2870 853 2914 te
873 2860 1267 2930 gloriﬁcabunt.
1318 2861 1554 2931 Populus
1594 2863 1685 2917 ille
1729 2862 1891 2917 nimi-

316 2966 463 3016 rum,
500 2953 591 3021 qui
619 2954 904 3021 superiore
946 2953 1149 3008 saacuio
1205 2963 1591 3024 paupertatem,
1649 2963 1745 3008 tuo
1792 2969 1888 3008 no-

319 3045 467 3098 tuine
499 3060 721 3113 passus,
750 3045 892 3099 idem
925 3044 994 3098 ab
1038 3045 1224 3115 impiis
1283 3045 1734 3114 persecutoribus
1779 3044 1887 3099 iiii-

1983 1036 2081 1104 μὲν
2109 1034 2241 1098 Θεὸς
2285 1035 2435 1087 ἔσται
2492 1035 2672 1089 πάντα
2710 1038 2768 1089 ἐν
2798 1038 2964 1092 πᾶσιν
2985 1053 2999 1067 ·
3030 1040 3059 1091 ό
3089 1037 3144 1090 δὲ
3184 1037 3435 1107 Σωτὴρ
3472 1036 3663 1105 ἡμῶν

1980 1127 2074 1179 τοῦ
2104 1127 2225 1180 νέου
2275 1125 2573 1196 βασιλεύων
2601 1126 2795 1190 αἰῶνος
2830 1129 3060 1181 ἐνώπιον
3097 1129 3224 1181 τῶν
3286 1126 3659 1197 πρεσϐυτέ-

1988 1235 2095 1288 ρων
2126 1214 2593 1283 δοξασθήσεται,
2648 1218 3153 1287 συμϐασιλευόντων
3209 1221 3288 1272 ὲν
3326 1216 3471 1287 ζωῇ
3529 1218 3659 1269 τῶν

1984 1309 2155 1376 ἁγίων
2182 1307 2347 1377 αύτῷ.
2384 1309 2457 1361 Τὸ
2487 1308 2543 1361 δὲ
2589 1309 2695 1362 τῶν
2727 1309 2947 1376 ἀγαθῶν
2976 1310 3130 1372 τέλος
3173 1309 3341 1361 ἰδεῖν
3461 1308 3657 1377 τάχος

1986 1391 2291 1461 ἐπιθυμῶν,
2315 1395 2626 1465 ἐπεύχεται·
2647 1395 2915 1457 Γένοιτο.
2939 1398 3403 1466 Κύριε.“Ηγουν
3427 1398 3650 1467 ἐπειδὴ

1987 1488 2117 1558 περὶ
2166 1489 2274 1541 τῶν
2318 1491 2484 1559 μήπω
2528 1491 2829 1558 γεγονότων
2880 1492 2976 1557 τὸ,
3008 1492 3373 1559 ἐποίησας,
3440 1492 3643 1559 ἔλεγε,

1982 1580 2197 1644 δεικνὺς
2233 1582 2309 1643 ὡς
2344 1583 2494 1635 ἔσται
2531 1583 2769 1647 πάντως,
2800 1583 2853 1635 εἰ
2896 1582 2992 1636 καὶ
3031 1583 3107 1654 μὴ
3141 1585 3400 1652 γέγονε,
3442 1601 3645 1655 προσ-
3694 1581 3702 1605 ί

1985 1670 2149 1741 έθηκε
2183 1672 2264 1724 τό·
2287 1672 2556 1733 Γένοιτο.
2582 1675 2781 1741 Κύριε.
2820 1673 2958 1727 Ἀλλ’
2983 1675 3295 1745 ἐπεύχεται
3337 1676 3459 1745 μὲν
3493 1676 3642 1745 περὶ

1984 1762 2095 1816 τῶν
2120 1764 2459 1834 τευξομὲνων
2489 1765 2920 1837 μακαριότητος.
2965 1767 3100 1837 Περὶ
3141 1767 3197 1820 δὲ
3238 1767 3378 1819 τῶν
3418 1769 3490 1818 ὲν
3545 1767 3638 1836 τῷ

1917 1829 1960 1884 Β
1986 1852 2165 1923 θνητῷ
2204 1829 2303 1924 βίω
2332 1855 2440 1924 πρὸ
2467 1829 2922 1926 παρελτιλυθότων
2950 1829 3197 1925 ἐπιλέγει
3230 1859 3344 1919 τὸ,
3373 1829 3636 1925 ἔθηκας·

1988 1945 2045 1997 ὲν
2068 1944 2144 2013 τῷ
2169 1944 2346 2014 θνητῷ
2374 1948 2399 1986 ⁸
2428 1947 2637 2012 πόλεις
2667 1949 2756 2013 εἰς
2787 1946 2975 2016 κῶμα,
3004 1946 3254 2013 δοξάζων
3295 1949 3492 2002 αὑτὸν
3524 1952 3629 2002 καὶ

1987 2035 2073 2104 ἐφ’
2099 2031 2179 2089 οἷς
2208 2036 2306 2098 τὰς
2334 2036 2549 2115 ἀσεϐεῖς
2577 2037 2686 2090 τῶν
2716 2039 2891 2092 ἀθέων
2930 2039 3207 2105 πολιτείας
3249 2041 3624 2101 κατέλυσεν,

1988 2128 2158 2197 ἀσεῧῆ
2195 2146 2254 2180 τε
2304 2129 2508 2181 τούτων
2554 2131 2963 2200 οἰκοδομήματα
3008 2135 3148 2203 τάχα
3189 2137 3460 2199 πόλεις,
3515 2136 3622 2188 καὶ

1988 2221 2087 2280 τὰς
2139 2222 2522 2292 ἀντικειμένας
2573 2223 2831 2292 δυνάμεις
2877 2223 3075 2292 δηλῶν.
3155 2228 3267 2289 "A;
3345 2227 3451 2280 διὰ
3508 2229 3621 2293 τὴν

1993 2313 2167 2382 ἰσχὺν,
2200 2312 2398 2380 τεῖχος
2440 2314 2538 2366 καί
2588 2315 2772 2367 πόλιν
2812 2314 2993 2369 καλεῖν
3025 2315 3168 2379 ἔθος,
3215 2316 3307 2379 ὡς
3369 2317 3613 2385 ἐλέγετο

1990 2404 2277 2474 πρότερον,
2306 2403 2369 2467 ἃς
2406 2403 2651 2457 καθελὼν
2705 2407 2734 2459 ό
2770 2406 3005 2476 Χριστὸς
3044 2394 3369 2476 ἀναστῆναι
3431 2409 3613 2462 πάλιν

1988 2494 2049 2546 ού
2079 2494 2510 2564 συγχωρήσειεν.
2546 2495 2675 2561 Οἴγε
2710 2496 2817 2565 μὴν
2857 2495 3037 2549 αὐτῶν
3062 2497 3451 2568 διαφυγόντες
3502 2500 3607 2564 τὰς

1990 2587 2197 2656 χεῖρας,
2236 2587 2405 2657 ἤγουν
2431 2588 2495 2639 ὲκ
2530 2587 2640 2639 τῶν
2688 2588 3035 2644 ἀσεϐούντων
3062 2590 3397 2659 ἀνθρώπων
3427 2593 3482 2644 οἱ
3518 2608 3608 2644 σε·

1992 2676 2278 2745 σωσμένοι,
2324 2676 2780 2746 εὐλογήσουσίν
2822 2693 2915 2742 σε,
2968 2679 3008 2747 ἢ
3042 2678 3404 2744 δοξὰσουσι
3453 2681 3601 2734 κατὰ

1988 2769 2113 2830 τοὺς
2143 2767 2382 2832 λοιπούς.
2412 2769 2531 2822 Εἰσὶ
2556 2769 2615 2822 δὲ
2660 2763 2806 2823 οὗτοι
2833 2772 2984 2836 λαὸς
3014 2773 3047 2826 ό
3078 2769 3175 2826 διὰ
3198 2771 3286 2825 σὲ
3316 2772 3599 2839 πτωχεύ-

1989 2873 2106 2924 σας
2135 2858 2274 2911 κατὰ
2300 2859 2388 2911 τὸν
2423 2860 2686 2930 πρότερον
2710 2860 2902 2928 αῑῶνα,
2937 2863 3031 2916 καὶ
3053 2862 3113 2916 δν
3136 2864 3185 2916 οἱ
3211 2862 3468 2917 διῶκται
3495 2862 3597 2931 τῆς

1991 2948 2303 3014 θεοσεϐείας
2332 2951 2619 3022 ἡδίκησαν.
2662 2953 2872 3019 Ἦγουν
2905 2955 2956 3007 oi.
2997 2954 3166 3010 πάλαι
3208 2957 3442 3026 πτωχοὶ
3490 2956 3598 3009 πά-

1991 3057 2091 3111 σης
2126 3042 2348 3109 ἀρετῆς,
2383 3044 2489 3096 τῶν
2523 3046 2673 3115 παρά
2705 3044 2799 3097 σοῦ
2831 3045 3205 3114 χαρισμάτων,
3233 3041 3323 3101 ὧν
3362 3046 3591 3118 Ἰσραὴλ

317 3136 584 3203 quitatem
609 3135 895 3189 sustinuit.
928 3134 1034 3199 Illi,
1070 3135 1320 3203 inquam,
1357 3134 1449 3204 qui
1476 3136 1628 3188 omni
1655 3149 1883 3203 prorsus

1994 3130 2156 3197 μόνος
2185 3130 2458 3184 ἀπέλαυεν
2479 3147 2493 3161 ·
2527 3131 2725 3203 γυμνοί
2754 3149 2812 3186 τε
2849 3132 2952 3204 τῆς
2989 3132 3191 3188 ἄνωθεν
3233 3135 3466 3205 σκέπης
3493 3151 3590 3201 γε·

316 3239 384 3281 ex
413 3233 466 3280 te
503 3226 634 3277 olim
665 3232 926 3279 manante
960 3224 1166 3278 virtute
1212 3231 1269 3278 et
1312 3225 1499 3287 donis,
1562 3240 1685 3294 quae
1735 3225 1890 3280 solus

1994 3220 2225 3291 νόμενοι.
2252 3221 2469 3275 Τούτων
2491 3222 2598 3293 γὰρ
2626 3223 2655 3263 ιι
2681 3224 2898 3278 πάντων
2928 3225 3009 3289 είς
3040 3227 3266 3280 τούναντ
3277 3227 3367 3281 ίον
3397 3227 3590 3289 αὐτοῖς

319 3314 656 3386 percipiebat
684 3312 873 3376 Israel,
907 3313 1171 3381 omnique
1227 3310 1365 3365 adeo
1418 3312 1709 3365 desursum
1768 3328 1891 3382 pru-

1995 3313 2398 3383 μεταστάντων,
2440 3315 2831 3385 χαριστηρίους
2870 3317 3099 3381 εἰκότως
3132 3318 3278 3389 ᾠδὰς
3326 3319 3584 3388 ἀναπέμ-

320 3406 561 3461 teetione
595 3404 843 3458 destituti
874 3412 928 3458 et
962 3400 1161 3472 privati
1208 3401 1524 3471 jacuerunt.
1583 3399 1795 3471 Quibus
1831 3402 1886 3456 in

318 3496 661 3553 contrarium
713 3495 824 3565 jam
879 3493 1200 3549 cedentibus
1261 3493 1539 3559 omnibus,
1588 3493 1787 3548 merito
1835 3493 1888 3547 in

319 3590 458 3661 grati
480 3589 647 3643 animi
670 3587 1122 3658 signiﬁcationem
1145 3585 1395 3641 carmina
1423 3595 1477 3641 et
1495 3584 1683 3641 laudes
1704 3587 1894 3642 edunt.

321 3683 458 3736 Cum
486 3681 634 3735 enim
670 3681 868 3744 tristes,
901 3688 957 3757 et
1006 3678 1252 3750 languidi
1308 3679 1510 3746 animo,
1571 3693 1894 3750 summaque

320 3778 565 3831 omnium
616 3777 860 3845 penuria,
896 3789 1018 3845 quae
1050 3774 1118 3828 ad
1172 3774 1298 3829 vita:
1341 3760 1570 3829 delicias
1618 3783 1889 3843 spectant,

322 3865 465 3919 inter
488 3864 785 3919 sceleratos
822 3862 1007 3931 agitati
1037 3862 1375 3925 laborarent,
1418 3868 1478 3915 tu
1503 3869 1554 3914 te
1585 3860 1751 3932 318
1785 3863 1888 3929 eis,

321 3954 577 4018 Domine,
651 3954 1025 4007 auxiliatorem
1074 3961 1526 4022 protectoremque
1588 3949 1892 4021 praebuisti.

322 4044 438 4099 lino
465 4060 574 4115 quo
610 4048 854 4114 tempore
886 4044 1077 4121 ita'siti
1110 4044 1522 4111 premebantur,
1576 4050 1635 4096 ut
1668 4042 1891 4098 Davidis

324 4135 460 4190 illud
497 4154 511 4191 :
553 4155 571 4187 ι
612 4133 795 4189 Sitivit
827 4136 1010 4189 anima
1053 4148 1175 4188 mea
1218 4133 1286 4188 ad
1336 4132 1503 4207 Deum
1561 4132 1766 4189 fontem
1821 4136 1901 4187 vi-

1992 3422 2207 3460 πουσιν.
2237 3407 2346 3459 Καὶ
2373 3408 2463 3460 ὅτε
2498 3406 2608 3478 γὰρ
2632 3402 2771 3478 ἦσαν
2806 3409 3074 3464 ταπεινοί
3099 3411 3194 3465 καὶ
3242 3412 3309 3464 ἐν
3344 3409 3581 3480 ἀθυμίᾳ,

1992 3500 2206 3571 τρυφῆς
2229 3516 2289 3553 τε
2316 3498 2497 3571 πάσης
2526 3500 2706 3571 ἐνδείᾳ
2729 3501 2836 3555 τῶν
2870 3501 3090 3570 φαύλων
3131 3503 3191 3555 ὲν
3225 3502 3392 3573 μέσῳ
3427 3518 3583 3573 στρε-

1996 3590 2242 3661 φόμενοι,
2280 3594 2345 3647 σὺ
2374 3594 2578 3649 τούτων
2607 3589 2773 3666 ἦσθα,
2815 3594 3081 3661 Δέσποτα,
3105 3594 3343 3664 ,βοηθός
3372 3611 3439 3649 τε
3483 3592 3584 3647 καί

1994 3685 2215 3751 σκέπη.
2259 3684 2420 3738 Ἀλλὰ
2462 3687 2556 3739 καὶ
2610 3688 2732 3740 κατ’
2764 3688 2942 3740 ἐκεῖνο
2983 3686 3180 3756 διψῶσι
3235 3684 3464 3757 καιροῦ,
3502 3684 3577 3747 ὡς

1994 3776 2190 3844 λέγειν·
2239 3795 2257 3828 ι
2282 3777 2567 3847 Ἐδίψησὲν
2599 3795 2682 3832 σοι
2711 3778 2915 3849 ἡψυχὴ
2962 3795 3064 3848 μου
3121 3778 3259 3850 πρὸς
3317 3780 3414 3833 τὸν
3444 3777 3576 3831 Θεὸν

1993 3869 2084 3922 τὺν
2114 3868 2336 3938 ίσχυρδν
2361 3868 2451 3921 τὸν
2484 3867 2683 3932 ζῶντα,
2725 3887 2744 3919 ι
2784 3871 2849 3922 σὺ
2890 3867 3054 3921 πάλιν
3085 3863 3230 3939 ἦσθα
3263 3870 3442 3939 πηγὴ,
3479 3882 3571 3918 1:0-

1993 3956 2158 4019 τίξων
2189 3958 2388 4021 αὐτοὺς
2411 3958 2638 4029 ὲπιρῤοῇ
2672 3960 2739 4028 τῇ
2766 3956 2874 4011 τοῦ
2904 3960 3270 4027 πνεύματος,
3306 3958 3422 4028 τῆς
3456 3958 3571 4013 ὀλι-

1995 4048 2295 4116 rod/vllae
2319 4048 2516 4111 αὐτοὺς
2547 4048 2950 4119 ἀνακτώμενος,
2978 4052 3240 4122 ἐνισχύων
3274 4053 3474 4115 αὐτοὺς
3501 4052 3566 4120 τῇ

2005 4135 2100 4189 τοῦ
2134 4137 2457 4208 μονογενοῦς
2493 4155 2587 4190 σου
2617 4138 2793 4208 Λόγου
2825 4141 3074 4214 δυνάμει.

322 4244 451 4284 vum
483 4228 552 4291 ⁸ο,
594 4245 615 4280 ι
643 4237 863 4297 possent
888 4241 1194 4295 usurpare;
1229 4234 1286 4280 tu
1319 4241 1415 4281 eos
1446 4235 1709 4296 tauquam
1759 4228 1885 4282 foris
1922 4226 2145 4299 aliquis,
2177 4233 2396 4299 spiritus
2435 4232 2577 4287 unda
2620 4232 2931 4303 adaquasti,
3007 4246 3063 4292 et
3120 4236 3563 4306 pusillanimitate

324 4320 568 4390 dejectos
600 4318 863 4389 unigeniti
900 4316 1062 4373 Verbi
1098 4319 1294 4372 virtute
1323 4318 1607 4373 recreasti.

398 4414 479 4468 Ae
509 4426 579 4465 ne
603 4410 671 4466 de
703 4423 764 4464 se
795 4409 900 4462 ista
938 4409 1192 4475 usurpari
1221 4416 1480 4477 putarent
1508 4409 1711 4471 Judzei,
1763 4422 1893 4478 gra-
1928 4416 1972 4473 ο

322 4507 480 4569 tiam,
515 4519 637 4574 qua:
660 4503 712 4557 in
735 4514 964 4557 caeteras
1018 4509 1193 4571 gentes
1231 4500 1434 4556 diffusa
1459 4511 1567 4564 est,
1600 4503 1687 4557 bis
1714 4502 1901 4557 verbis

324 4598 516 4667 adjicit
543 4614 557 4650 :
590 4594 658 4648 Et
694 4596 856 4663 faciet
888 4593 1141 4647 Dominus
1170 4591 1408 4646 Sabaoth
1438 4594 1679 4646 omnibus
1721 4593 1893 4664 genti-

328 4690 422 4743 bus
445 4704 602 4757 super
629 4696 854 4739 montem
878 4686 1059 4738 istum.
1089 4682 1355 4738 Caeterum
1386 4683 1513 4752 quid
1539 4684 1719 4753 faciet,
1752 4700 1900 4737 com~

329 4779 650 4845 putationem
673 4777 894 4845 quidem
922 4774 1116 4842 reliqui
1148 4775 1514 4842 interpretes;
1542 4775 1897 4845 Septuaginta

328 4881 543 4935 autem,
585 4868 858 4923 Bibituros
900 4867 1176 4934 lwtitiam,
1217 4864 1479 4919 bibitur-as
1513 4866 1712 4928 vinum,
1764 4866 1899 4933 adji-

328 4965 503 5020 ciunt.
523 4961 711 5030 Neque
731 4974 862 5015 vero
888 4957 1176 5012 Dominum
1206 4958 1309 5027 ipsi
1339 4966 1550 5010 tannnn
1582 4954 1895 5010 Judaeorum

330 5056 554 5129 populo,
581 5054 674 5111 sed
704 5052 945 5124 gentibus
975 5052 1141 5105 etiam
1175 5049 1437 5112 omnibus,
1476 5063 1581 5102 non
1634 5050 1688 5103 in
1732 5049 1900 5103 valli-

331 5148 457 5209 bus,
491 5163 598 5202 non
631 5148 683 5201 in
712 5145 945 5214 campis,
989 5156 1096 5195 non
1130 5141 1184 5194 in
1227 5144 1416 5194 multis
1447 5139 1734 5203 montibus,
1792 5155 1900 5195 non

332 5239 388 5292 in
420 5239 527 5292 alio
549 5239 746 5307 quovis
765 5235 1028 5304 denique,
1054 5232 1149 5287 sed
1182 5233 1235 5285 in
1261 5246 1370 5285 uno
1402 5233 1514 5295 illo,
1536 5248 1696 5301 quem
1723 5235 1903 5290 verbis

334 5327 501 5392 istis,
540 5344 697 5396 super
749 5338 976 5381 montem
1030 5324 1187 5387 hunc,
1246 5322 1556 5391 designavit
1609 5326 1900 5378 convivium

332 5433 458 5473 esse
490 5430 808 5487 paraturum
843 5415 1195 5487 signiﬁcavit.
1241 5411 1440 5466 Verum
1466 5429 1628 5482 quem
1669 5415 1884 5470 tandem

451 5533 498 5565 ⁵⁸
529 5530 690 5585 llebr.
725 5547 777 5595 si,
810 5530 877 5583 l3
951 5517 1040 5571 ⁸³1
1109 5521 1235 5576 ίῖοτο
1318 5535 1405 5585 ιν»

2083 4411 2170 4473 Ὠς
2204 4410 2271 4463 ἂν
2302 4410 2359 4463 δὲ
2400 4410 2475 4482 μὴ
2502 4411 2631 4482 περὶ
2659 4413 2839 4468 αὐτῶν
2873 4414 3127 4485 εἰρῆσθαι
3168 4416 3344 4471 ταῦτα
3383 4416 3561 4478 παῖδες

2010 4500 2281 4554 Ἰουδαίων
2304 4501 2589 4571 νομίσωσι,
2608 4502 2706 4572 τὴν
2735 4504 2814 4566 είς
2844 4505 3022 4558 πάντα
3045 4506 3118 4559 τὰ
3141 4505 3289 4573 ἔθνη
3318 4508 3562 4577 χυθεῖσαν

1994 4594 2157 4665 χάριν
2190 4596 2509 4665 παρίστησι’
2544 4596 2652 4650 Καὶ
2680 4596 2921 4661 ποιήσει
2942 4636 2958 4657 .
2989 4597 3188 4664 λέγων,
3217 4601 3432 4669 Κύριος
3458 4601 3555 4651 Σα-

1997 4685 2155 4739 ϐαὼθ
2185 4686 2336 4739 πᾶσι
2363 4687 2487 4752 τοῖς
2517 4686 2765 4740 ἔθνεσιν
2784 4686 2883 4739 ἐπὶ
2912 4685 2979 4739 τὸ
3009 4685 3144 4754 ὄρος
3185 4690 3383 4743 τοῦτο.
3412 4687 3472 4740 Τί
3505 4686 3558 4740 δὲ

1995 4774 2237 4844 ποιήσει
2256 4793 2273 4835 ;
2293 4776 2448 4830 Κατὰ
2479 4776 2575 4846 μὲν
2599 4777 2722 4840 τοὺς
2755 4776 2973 4841 λοιπούς
2997 4778 3359 4848 ὲρμηνευτᾶις.
3386 4779 3562 4832 ποτὸν

1998 4868 2126 4938 ἑξῆς
2161 4870 2409 4937 εἴρηται·
2438 4869 2578 4922 κατὰ.
2625 4869 2681 4921 δὲ
2707 4869 2833 4931 τοὺς
2878 4869 3301 4941 Ἐϐδομήκοντα,
3336 4873 3557 4924 πίον-ται

1999 4958 2414 5025 εὐφροσύνην,
2433 4960 2669 5011 «(arras
2697 4954 2888 5013 οἶνον.
2918 4960 3031 5013 Οὐκ
3054 4961 3161 5028 ἄρα
3187 4961 3265 5030 τῷ
3305 4958 3559 5015 Ἰουδαίων

2000 5047 2115 5118 λαῴ
2140 5048 2204 5100 τὸ
2227 5050 2595 5117 συμπόσιον,
2625 5048 2779 5105 πᾶσι
2823 5050 2881 5102 δὲ
2908 5050 3035 5116 τοῖς
3062 5050 3267 5106 ἔθνεσι
3301 5053 3440 5122 λέγει
3467 5064 3558 5103 πα·

2008 5141 2370 5210 ρασκευάσειν
2413 5140 2502 5191 τὸν
2539 5139 2761 5210 Κύριον.
2830 5142 2945 5193 Ούκ
2991 5143 3050 5194 ἐν
3104 5143 3405 5212 φάραγξιν,
3457 5139 3555 5194 οὐδ’

2003 5233 2062 5283 ἐν
2106 5230 2333 5293 πεδίοις,
2365 5230 2473 5284 οὐδ’
2514 5233 2572 5283 ὲν
2625 5230 2839 5293 πολλοῖς
2870 5232 3074 5301 δρεσιν,
3110 5234 3220 5285 οὐδ’
3267 5235 3341 5297 ὼς
3386 5233 3554 5299 ἔτυχεν

2005 5324 2096 5378 ἐπί
2131 5340 2274 5385 τινος
2303 5322 2500 5388 ὅμους.
2534 5321 2648 5375 ἀλλ’
2679 5321 2766 5374 ἐπ’
2802 5325 3009 5376 ἐκεῖνο-
3033 5326 3159 5394 περὶ
3199 5320 3368 5395 οὗπερ
3403 5324 3553 5392 ἔφηις

1994 5414 2298 5477 δεικτικῶς,
2334 5413 2431 5468 ἐπὶ
2462 5413 2528 5468 τὸ
2569 5412 2706 5482 ὅρος
2733 5412 2927 5468 τοῦτο.
2977 5415 3172 5478 Ποῖον,
3193 5415 3228 5487 ἢ
3253 5416 3314 5469 τὸ
3340 5411 3551 5486 δηλωθὶν

1488 5518 1581 5575 28.
1633 5529 1679 5560 ⁸ο
1714 5528 1857 5583 Psal.
1890 5546 2000 5591 xu,
2029 5529 2082 5581 5.

1594 5617 1830 5673 ΥΑΙΗᾹΞ
1864 5617 2155 5673 ικςσιιολ
2166 5617 2267 5673 ES.

412 5697 438 5738 8
462 5694 568 5763 dy.
602 5694 660 5746 ἐν
687 5689 765 5761 τῷ
786 5686 981 5759 θνητῷ.
1036 5682 1086 5753 κδ
1113 5684 1197 5738 ἷσ.
1223 5679 1334 5747 οὖν,
1359 5684 1414 5749 ἢ,
1438 5684 1514 5739 δέ.
