4022 6210
393 271 531 334 2209

388 386 443 438 ἐν
506 382 584 453 τῷ
654 383 991 447 Βασιλεύσει,
1017 384 1221 456 Κύριος
1274 388 1333 438 ἐν
1396 387 1513 457 δρει
1581 387 1749 450 Σιὼνς

383 476 496 536 τοῖς
553 473 731 527 ἔθνεσι
791 475 852 527 τὸ
902 476 1225 546 συμπόσιον,
1273 478 1368 530 καὶ
1412 478 1473 532 τὸ
1522 478 1621 549 τῆς
1659 474 1966 541 ἀθανασίας

382 566 579 628 ποτὸν,
644 567 776 637 περὶ
816 560 877 618 οὗ
942 584 1105 636 φησιν
1154 570 1184 621 6
1252 568 1464 634 Παῦλος
1492 585 1505 598 ·
1564 589 1583 621 ι
1626 568 1967 640 Προσεληλύ-

382 659 513 712 θατε
570 657 706 712 Σιὼν
755 659 872 730 δρει
925 661 1021 713 καὶ
1082 660 1233 715 πόλει
1269 661 1404 715 Θεοῦ
1463 661 1663 726 ζῶντος
1695 662 1966 733 Ἰερουσα-

383 749 496 818 λὴμ
527 749 856 821 ἐπουρανίῳ.
890 769 909 803 ι
944 751 1035 805 Ἑν
1078 745 1162 814 οἷς
1206 753 1255 804 οί
1306 752 1414 807 ἀπὸ
1450 751 1571 805 τῶν
1619 752 1811 807 ἐθνῶν
1844 768 1969 805 κατ-

383 840 703 912 αξιούμενοι
740 841 850 894 τῶν
891 841 1255 910 ἐπαγγελιῶν,
1297 844 1536 897 “(arma
1558 844 1967 912 εὐφροσύνην,

382 932 486 986 καί
523 934 760 986 alarm:
787 934 897 1001 τῆς
925 933 1184 1005 ἀληθινῆς
1214 931 1384 989 οἶνον
1425 935 1695 1005 ἀμπέλου.
1744 936 1880 1005 Περὶ
1908 928 1970 988 οὗ

383 1025 415 1077 6
439 1026 629 1095 Σωτὴρ
658 1024 875 1094 ἐλεγεψ
918 1026 994 1078 Ub
1030 1026 1104 1096 μὴ
1131 1026 1242 1079 πίω
1269 1027 1421 1087 αὐτὸ,
1461 1027 1564 1088 ἓως
1607 1026 1674 1080 ἂν
1700 1026 1812 1101 πίω
1840 1024 1972 1078 αὐτο

386 1114 576 1168 καινὸν
608 1115 727 1184 μεθ’
757 1114 915 1182 ὑμῶν
936 1118 993 1168 ἐν
1012 1117 1079 1183 τῇ
1106 1115 1357 1187 βασιλείᾳ
1377 1115 1487 1168 τῶν
1510 1115 1778 1185 οὐρανῶν.
1810 1112 1974 1167 Ἀλλά

387 1207 482 1258 καὶ
525 1205 840 1274 χρίσονται
884 1205 1111 1274 μῦρον.
1157 1206 1342 1260 οὐκέτι
1390 1209 1482 1259 τὸν
1529 1206 1827 1278 ἀρραϐῶνα
1876 1205 1970 1258 τοῦ

389 1299 697 1369 πνεύματος
717 1299 1032 1369 ληψόμενοι,
1050 1298 1167 1353 ἀλλ’
1180 1298 1345 1353 αὑτοῦ
1362 1300 1458 1354 τοῦ
1481 1299 1846 1372 πληρώματος
1871 1298 1975 1368 τῆς

387 1389 646 1460 θεότητος
678 1390 998 1459 μεθέξοντες
1024 1390 1118 1444 τοῦ
1147 1389 1280 1444 Υἱοῦ
1312 1390 1407 1444 τοῦ
1441 1392 1598 1444 Θεοῦ.
1637 1391 1750 1444 Οὐκ
1787 1392 1852 1445 ἐκ
1886 1392 1976 1460 μέ-

393 1497 523 1552 ρους
552 1480 632 1534 ετι
658 1481 1044 1549 γινώσκοντες,
1064 1484 1159 1537 καὶ
1181 1484 1246 1537 ἐκ
1279 1485 1479 1554 μέρους
1509 1482 1973 1555 προφητεύοντες,

389 1572 508 1626 ἀλλ’
546 1575 611 1627 ἐκ
654 1573 748 1627 τοῦ
780 1573 991 1628 τελείου
1048 1575 1265 1646 μέτοχοι
1289 1576 1575 1645 γενόμενοι
1603 1576 1700 1630 τοῦ
1734 1574 1975 1646 Χριστοῦ

392 1664 467 1725 ὡς
518 1667 614 1716 καὶ
676 1664 872 1727 αὐτοὺς
930 1665 1316 1738 ἀποφανθῆναι
1372 1668 1664 1736 χριστοὺς,
1721 1664 1857 1719 Θεοῦ
1915 1682 1976 1717 τε

1494 275 1862 337 COMMENT
1876 276 2041 336 ARII
2071 277 2151 336 IN
2191 276 2480 337 ISAIAM.

3501 275 3640 339 2210

1828 388 1976 440 Ἐκεῖ
2004 400 2047 454 Α
2082 397 2280 456 [ιι-ιιείει·
2308 386 2345 441 S
2371 404 2529 441 unum
2572 386 2738 441 alium
2771 405 2784 442 :
2822 394 2874 441 in
2914 404 3021 457 quo
3062 399 3415 457 regnaturum
3456 388 3636 446 Domio

2073 489 2199 527 unm
2235 473 2516 527 asseruit?
2547 474 2621 526 lhi
2670 476 2927 544 gentibus
2975 477 3315 539 convivium,
3368 487 3640 548 potusqoe

2070 561 2162 619 ille
2198 564 2548 627 immortalis,
2582 564 2651 618 de
2684 581 2794 634 quo
2847 566 3074 635 loquens
3110 569 3404 637 Apostolus
3430 610 3444 623 .
3480 588 3499 620 ι
3534 573 3641 625 Αε-

2070 656 2269 724 cedite,
2311 656 2508 725 inquit,
2536 656 2600 709 atl
2635 663 2875 711 montem
2909 657 3062 722 Sion,
3103 667 3158 713 et
3190 661 3379 714 urbem
3428 659 3518 714 Dei
3564 663 3636 713 vi-

2069 748 2273 811 ventis,
2309 748 2592 801 cmlestem
2625 745 2930 802 Jerusalem
2961 748 3026 813 ⁸⁸,
3064 767 3082 800 ι
3123 749 3265 804 inter
3292 765 3415 817 eos,
3449 753 3542 821 qui
3572 751 3639 806 de

2070 838 2300 908 gentium
2343 852 2574 889 numero
2604 838 2751 907 digni
2787 838 3248 906 promissionihus
3281 840 3448 894 habiti
3484 852 3638 901 sunt,

2075 931 2254 986 bibent
2280 940 2329 985 et
2367 933 2471 1002 ipsi
2510 934 2778 995 lmtitiam,
2826 932 2999 986 bibent
3026 942 3075 987 et
3107 949 3246 987 verae
3286 935 3409 990 vitis
3462 937 3638 989 vinum

2073 1024 2229 1087 illud,
2261 1025 2409 1094 quod
2452 1041 2509 1080 se
2539 1041 2648 1078 non
2680 1026 2834 1095 prius
2860 1024 3184 1088 bihitnrum,
3217 1025 3393 1079 donec
3439 1041 3639 1081 novum

2074 1130 2198 1169 cum
2230 1116 2500 1184 apostolis
2527 1116 2581 1168 in
2616 1131 2782 1185 regno
2807 1117 3074 1171 cmlorum
3100 1124 3361 1178 sumeret,
3387 1115 3641 1171 Christus

2074 1206 2364 1259 allirrnavit
2390 1206 2455 1262 “.
2491 1205 2774 1277 Unguento
2816 1221 2947 1260 vero
2976 1216 3030 1261 et
3067 1207 3171 1276 ipsi
3209 1216 3486 1276 augentur,
3536 1224 3642 1263 non

2070 1300 2184 1369 jam
2225 1300 2455 1370 spiritus
2490 1301 2816 1353 arrabonem
2857 1300 3161 1368 accepturi,
3198 1308 3291 1354 sed
3326 1303 3648 1354 cunmlatiso

2075 1391 2227 1446 simae
2255 1390 2377 1459 ejus
2407 1389 2737 1452 divinitatis,
2789 1405 2911 1458 qua:
2939 1397 3023 1443 est
3068 1390 3120 1442 in
3157 1389 3248 1443 Dei
3285 1388 3443 1452 Filio,
3474 1391 3651 1458 parti-

2076 1482 2229 1551 cipes
2264 1481 2461 1545 futuri;
2495 1494 2603 1534 non
2631 1495 2697 1533 ex
2732 1488 2888 1549 parte
2919 1478 3096 1533 adhuc
3138 1491 3555 1547 cognoscentes.
3590 1486 3646 1532 et

2075 1585 2140 1627 ex
2182 1581 2338 1642 parte
2371 1572 2768 1640 prophetantes
2800 1570 2878 1637 “;
2910 1568 3004 1624 sed
3047 1569 3100 1622 in
3150 1579 3323 1622 totum
3365 1570 3440 1621 ita
3484 1569 3647 1623 Chri-

2079 1671 2167 1717 sto
2199 1662 2450 1730 pntitnri,
2484 1667 2542 1713 nt
2569 1669 2623 1715 et
2652 1660 2852 1715 ιοῇιὶειί
2891 1660 2991 1724 illi,
3021 1675 3076 1714 et
3114 1660 3208 1714 ﬁiii
3244 1659 3361 1724 Dei,
3387 1662 3653 1717 lneredes-

392 1756 566 1818 υἱοὺς,
608 1755 704 1808 καὶ
749 1754 1124 1826 κληρονόμους
1152 1756 1316 1822 Θεοῦ,
1358 1757 1454 1811 καὶ
1497 1756 1972 1826 συγκληρονόμους

2079 1768 2202 1825 que,
2235 1763 2397 1822 atque
2422 1752 2587 1807 etiam
2626 1752 2828 1807 Christi
2863 1752 3175 1807 colueredes
3210 1753 3548 1822 appellentur
3572 1753 3642 1809 “.

392 1846 651 1917 Χριστοῦ.
686 1846 847 1902 Κατά
876 1848 935 1902 δὲ
961 1848 1087 1911 τοὺς
1122 1842 1252 1920 περὶ
1275 1849 1374 1919 τῆς
1398 1848 1695 1919 ἐπιδημίας
1720 1848 1975 1919 εἰρῆσθαι

392 1935 673 2004 λέγοντας,
697 1936 835 2004 ὄρος
866 1937 965 2006 μὲν
995 1938 1029 2007 ή
1062 1936 1361 2007 Ἐκκλησία
1388 1933 1523 1991 οὖσα
1554 1939 1972 2006 σκοπευτήριον,

392 2026 488 2079 καὶ
518 2025 710 2095 ὅρασις
757 2026 1005 2096 εἰρήνης,
1035 2026 1124 2079 διά
1186 2026 1249 2079 τὺ
1307 2026 1415 2079 τῶν
1444 2027 1732 2097 δογμάτων
1773 2026 1974 2097 ὑψηλὸν

392 2117 621 2170 καὶτῶν
661 2115 850 2185 ψυχῶν
881 2116 942 2169 τὸ
989 2116 1295 2188 ἀτάραχον·
1326 2114 1491 2178 οἶνος
1532 2117 1592 2172 δὲ
1625 2117 1719 2171 καὶ
1754 2115 1971 2186 μῦρον,

395 2205 585 2275 σαφῶς
613 2205 676 2258 τὸ
723 2205 986 2274 μυστικὸν
1029 2205 1389 2276 χρίσμα,·καὶ
1416 2206 1479 2259 τὺ
1533 2207 1799 2276 σωτήριον
1832 2201 1973 2275 αἷμα

272 2365 285 2375 κ
393 2296 762 2370 παρέστησεν.
801 2298 1008 2369 Γράφει
1051 2297 1161 2369 γὰρ
1186 2299 1283 2352 καὶ
1327 2300 1356 2351 ὁ
1393 2298 1661 2369 μακάριος
1696 2297 1969 2368 Ἰωάννης

400 2406 420 2438 ι
450 2388 561 2440 Καὶ
590 2389 750 2457 ὑμεῖς
790 2387 999 2458 χρίσμα
1039 2388 1191 2459 ἔχετε
1240 2388 1349 2442 ἀπὸ
1380 2388 1475 2441 τοῦ
1516 2388 1692 2456 ἁγίου.
1730 2408 1748 2440 ι
1785 2380 1975 2459 Τούτιῤ

393 2480 507 2551 γὰρ
537 2480 590 2532 οἱ
628 2479 1016 2550 βαπτιζόμενοι
1051 2480 1324 2551 χρίονται,
1360 2480 1633 2550 σύμϐολον
1670 2480 1765 2534 τοῦ
1810 2497 1977 2550 μετα-

394 2572 584 2641 λαχεῐν
610 2571 706 2626 τοῦ
737 2570 884 2626 θείου
938 2572 1256 2642 ιινεύματος
1280 2573 1342 2626 τὸ
1383 2573 1593 2643 χρίσμα
1635 2572 1971 2643 ποιούμενοι.

409 2660 550 2714 Ἀλλ’
577 2661 699 2714 ἐπεὶ
742 2659 947 2713 τούτων
970 2661 1187 2725 ἀνάξιος
1219 2661 1436 2733 Ἰσραήλ
1455 2677 1470 2693 ο
1496 2662 1764 2731 Παράδος
1793 2662 1971 2729 αὐτὰ,

396 2751 559 2819 φησὶ,
586 2751 705 2815 τοῖς
745 2752 1010 2817 ἔθνεσιν,
1060 2750 1250 2822 ὥσπερ
1277 2769 1364 2815 τις
1405 2754 1878 2824 παρακαταθήκην
1918 2758 1977 2808 ἐν

400 2841 688 2910 μυστηρίῳ
751 2838 1111 2917 παραδίδωσι.
1159 2839 1252 2892 Διὸ
1279 2870 1282 2874 λ
1314 2840 1409 2892 καὶ
1465 2840 1782 2911 θαυμαστὰ
1807 2879 1822 2906 ,
1882 2840 1980 2894 καὶ

390 2932 641 2999 ,βουλὴν
670 2932 935 3000 ἀρχαίαν
968 2931 1154 3001 ἔλεγεν
1177 2932 1207 2983 ό
1247 2933 1537 3004 προφήτης
1570 2934 1730 2988 αύτά.

471 3091 546 3144 Ού
571 3091 680 3161 γὰρ
709 3089 897 3159 ὥσπερ
918 3092 944 3142 ό
962 3089 1131 3143 πάλαι
1157 3089 1319 3159 νόμος
1350 3089 1419 3142 δι’
1440 3091 1692 3160 ἀγγέλων
1720 3092 1974 3161 λαληθεὶς
2004 3057 2050 3120 c

401 3182 556 3251 ἐδόθη
590 3184 735 3252 μόνῳ
764 3181 841 3251 τῷ
871 3181 1113 3253 Ἰσραὴλ,
1151 3181 1289 3235 ἀλλὰ
1317 3182 1550 3252 Χριστὸς
1579 3184 1689 3237 τῶν
1730 3185 1901 3238 ἐθνῶν
1940 3187 1974 3255 ή

404 3273 717 3342 προσδοκία·
741 3272 883 3324 κατὰ
898 3271 979 3324 τό·
1016 3290 1036 3323 ι
1069 3272 1177 3324 Καὶ
1197 3271 1281 3325 ἐπ’
1312 3273 1461 3342 αύτῷ
1477 3272 1607 3344 ἔθνη
1623 3273 1918 3328 ἐλπιοῦσιν.
1949 3291 1971 3326 ι

403 3364 544 3417 Τδδὲ
563 3364 717 3427 αὐτὸ,
743 3365 932 3434 φησὶν,
950 3359 1080 3434 ἦθος
1094 3363 1124 3415 6
1149 3364 1435 3435 προφήτης
1454 3363 1720 3435 ἐφύλαξεν
1739 3381 1752 3396 ·
1772 3364 1846 3427 ὡς
1869 3366 1979 3433 γὰρ

404 3454 895 3527 παραμυθούμενος
938 3456 1063 3519 τοὺς
1107 3455 1167 3520 ἐξ
1200 3455 1449 3526 Ἰσραὴλ,
1496 3458 1591 3510 καὶ
1639 3456 1751 3509 τῶν
1802 3456 1980 3511 ἀλλων

405 3547 574 3602 ἐθνῶν
599 3547 751 3615 ἐλεγε
777 3546 877 3617 τὴν
912 3545 1187 3601 ἀπώλειαν
1215 3546 1621 3616 διικνουμένων,
1650 3545 1736 3599 διὰ
1764 3546 1980 3600 πάντων

404 3637 498 3692 τοῦ
530 3638 665 3691 Θεοῦ
695 3637 954 3691 δεικνύων
998 3636 1095 3708 τὴν
1141 3639 1417 3708 πρόνοιαν.
1437 3637 1764 3709 Ὠλιγώρουν
1794 3636 1902 3708 γὰρ
1931 3638 1980 3691 ot

406 3730 466 3796 ἐξ
493 3729 725 3799 Ἰσραὴλ,
754 3730 1027 3798 συνεχέσιν
1059 3730 1300 3798 ἐλέγχοις
1327 3729 1420 3782 καὶ
1441 3727 1717 3791 παιδείαις
1745 3727 1983 3797 ὁρῶντες

405 3824 588 3885 αὐτοῖς
633 3821 983 3892 ἐπικείμενον
1009 3821 1100 3874 τὸν
1128 3822 1283 3884 Θεὸν,
1310 3822 1372 3874 ού
1401 3820 1811 3890 φιλανθρωπίας
1844 3820 1980 3875 Θεοῦ

404 3912 579 3967 ταῦτα
631 3911 912 3975 δοκοῦντες
942 3914 1237 3984 τεκμήρια,
1270 3911 1371 3982 τῆς
1418 3911 1475 3965 δὲ
1526 3910 1661 3974 ίδίας
1706 3910 1982 3974 ἀπωλείας

407 4000 677 4072 ἐνθήκηνί
720 4005 778 4055 ἐν
814 3993 1107 4075 ἐλευθερίᾳ
1136 4003 1341 4072 διάγειν
1371 4001 1441 4055 τὰ
1470 4001 1597 4073 ἐθνη
1644 4001 1980 4073 νομίζοντες,

405 4087 484 4149 ὡς
510 4087 576 4140 ἂν
602 4088 679 4158 μὴ
703 4087 831 4141 ὄντα
855 4089 958 4142 ὑπὸ
981 4089 1133 4144 Θεόν.
1160 4091 1312 4161 Μηδὲ
1335 4091 1443 4160 γὰρ
1466 4090 1622 4161 δίκην
1666 4090 1864 4153 αὐτοὺς
1887 4090 1986 4159 ἐφ’

408 4172 490 4243 οἷς
524 4178 911 4249 ἐπλημμέλουν
945 4180 1392 4250 εἰσπράττεσθαι.
1451 4178 1610 4233 υῦτω
1642 4180 1739 4234 καὶ
1769 4178 1865 4234 νῦν
1895 4178 1984 4233 διὰ

405 4277 518 4328 τῶν
568 4272 949 4342 χρηστοτὲρων
984 4272 1081 4339 τὴν
1109 4273 1191 4336 εἰς
1220 4272 1470 4334 ἅπαντας
1507 4271 1838 4343 κηδεμονίαν
1865 4270 1987 4343 ἐδή-

2073 1844 2296 1908 Verum,
2323 1845 2369 1900 si
2402 1858 2498 1899 eos
2528 1842 2805 1909 audimus,
2842 1844 2935 1913 qui
2968 1843 3035 1896 ad
3060 1844 3495 1898 incarnationem
3546 1844 3652 1898 ista

2071 1936 2346 2001 referunt;
2384 1949 2478 2005 per
2507 1945 2734 1989 montem
2764 1935 3007 2005 quidem,
3044 1935 3346 1990 Ecclesiam
3385 1934 3646 2005 designa-

2075 2027 2186 2092 vit,
2223 2040 2345 2097 qua:
2382 2036 2441 2081 et
2486 2028 2731 2096 specula,
2767 2037 2815 2082 et
2865 2027 3019 2097 pacis
3071 2028 3227 2092 visio,
3274 2037 3498 2097 propter
3553 2028 3656 2082 do-

2072 2126 2311 2190 gmatum
2372 2119 2751 2187 altitudinem,
2791 2120 3206 2191 animarumque
3272 2121 3506 2189 quietem
3561 2136 3657 2175 vo-

2073 2220 2231 2266 catur
2280 2226 2295 2265 :
2355 2209 2450 2280 per
2501 2211 2677 2265 vinum
2733 2218 2914 2267 autem
2964 2220 3019 2266 et
3075 2221 3391 2281 unguentum
3421 2250 3436 2275 ,
3468 2213 3659 2283 mysti-

2073 2316 2193 2355 cam
2225 2302 2560 2364 unctionem,
2589 2310 2643 2356 et
2669 2302 2962 2357 salutarem
3006 2302 3346 2371 sanguinem.
3378 2303 3467 2357 Sic
3505 2304 3650 2357 enim

2075 2391 2217 2461 apud
2250 2390 2515 2447 Joannem
2543 2392 2707 2446 etiam
2741 2393 2974 2462 legimus
3010 2409 3023 2447 :
3064 2410 3082 2444 ι
3122 2392 3184 2446 Et
3213 2408 3309 2447 vos
3337 2395 3653 2446 unctionem

2077 2480 2297 2536 habetis
2354 2494 2384 2534 a
2429 2489 2625 2535 sancto
2660 2482 2725 2535 ".
2784 2499 2806 2533 ι
2857 2480 2963 2534 Ista
3013 2483 3156 2536 enim
3209 2484 3299 2552 qui
3342 2484 3655 2554 tinguntur,

2079 2570 2384 2634 liniuntur;
2438 2578 2702 2639 tanquam
2751 2571 3060 2641 symbolum
3110 2572 3278 2624 divini
3329 2574 3557 2641 spiritus
3599 2572 3655 2627 in

2077 2674 2135 2712 se
2167 2656 2325 2712 επιῖεί
2352 2659 2666 2712 unctionem
2697 2656 2925 2715 faciant.
2967 2658 3180 2725 Quibus
3215 2659 3496 2731 indignum
3530 2675 3656 2715 cum

2079 2765 2137 2804 se
2166 2749 2482 2818 pnestitcrit
2508 2747 2701 2813 Israel,
2748 2763 2857 2803 non
2912 2750 3072 2803 aliter
3125 2766 3286 2819 quam
3323 2752 3415 2820 qui
3466 2751 3660 2806 arcani

2077 2838 2282 2910 aliquid
2322 2839 2548 2894 alterius
2582 2839 2705 2894 fidei
2739 2841 3053 2906 committit,
3086 2841 3293 2896 tradere
3326 2843 3432 2896 ista
3487 2845 3657 2912 genti-

2078 2932 2173 2985 bus
2203 2931 2468 3001 prmeipit.
2494 2931 2674 3000 Atque
2699 2930 2817 2985 lucc
2850 2932 3069 3001 quidem
3101 2942 3253 2998 sunt,
3278 2948 3399 3003 qua:
3428 2934 3663 2986 admira-

2082 3020 2235 3081 bilia,
2272 3035 2394 3093 quae
2424 3019 2705 3073 comitium
2734 3021 3034 3089 antiquum.
3062 3022 3325 3093 propheta
3348 3023 3660 3092 appellavit.

2148 3112 2314 3184 319
2345 3110 2531 3181 Neque
2564 3111 2734 3175 enim,
2760 3120 2819 3165 ut
2855 3120 3012 3168 vetus
3047 3113 3139 3167 illa
3175 3114 3493 3185 angelorum
3531 3129 3666 3169 voce

2078 3203 2422 3273 promulgata
2480 3201 2589 3264 lex,
2640 3201 2742 3256 soli
2796 3203 3105 3258 Israelitico
3136 3206 3336 3275 popqu
3369 3205 3495 3260 data
3543 3214 3666 3274 est;

2080 3292 2174 3345 sed
2201 3298 2285 3346 est
2311 3288 2569 3345 Christus
2601 3290 2719 3360 ipse
2743 3292 2989 3361 gentium
3016 3293 3359 3363 exspectatio
3384 3311 3399 3360 ;
3425 3294 3479 3348 in
3505 3309 3667 3363 quem

2076 3368 2364 3453 Scriptura
2394 3388 2535 3437 teste
2568 3381 2635 3445 “,
2674 3392 2805 3437 sunt
2843 3397 3036 3438 omnes
3082 3392 3272 3453 gentes
3338 3396 3665 3454 speraturae.

2080 3475 2224 3531 Idem
2265 3483 2474 3542 autem,
2516 3474 2693 3538 aiunt,
2729 3475 3006 3545 ingenium
3059 3476 3425 3547 eumdemque
3459 3492 3666 3532 morem

2068 3565 2346 3643 propheta
2377 3563 2623 3620 retinuit.
2657 3564 2730 3621 Ut
2757 3565 2904 3619 enim
2945 3580 3069 3619 cum
3098 3565 3669 3647 lsraelitasconsola-

2081 3663 2254 3718 retur,
2285 3655 2520 3709 aliarum
2547 3653 2715 3708 etiam
2753 3655 2998 3724 gentium
3024 3654 3310 3711 interitum
3344 3657 3566 3729 attigit;
3611 3666 3672 3710 nt

2080 3745 2178 3799 Dei
2234 3743 2291 3798 in
2347 3744 2609 3799 omnibus
2660 3744 3058 3814 providentiam
3092 3745 3432 3801 ostenderet.
3470 3745 3673 3802 Gentes

2080 3833 2228 3889 enim
2263 3832 2544 3896 Israelita,
2578 3832 2633 3885 in
2660 3846 2801 3902 quas
2830 3831 3000 3887 Deum
3029 3833 3207 3903 plagis
3236 3844 3290 3889 et
3320 3834 3673 3889 animadver-

2083 3922 2335 3979 sionibus
2376 3922 2642 3976 continue
2689 3921 3014 3976 incumbere
3062 3924 3382 3985 cernebant,
3422 3925 3669 3994 neglige-

2083 4017 2248 4083 bant;
2274 4029 2376 4071 nec
2402 4014 2605 4068 divinae
2637 4015 2742 4068 ista
2776 4013 3143 4068 humanitatis
3164 4028 3289 4070 esse
3319 4024 3669 4085 argumenta,

2084 4105 2181 4162 sed
2215 4120 2332 4163 suta
2370 4104 2446 4159 ita
2490 4100 2734 4159 libertati
2766 4103 3029 4173 relinqui,
3065 4103 3215 4173 quod
3269 4102 3360 4159 Dei
3390 4119 3526 4159 cura
3560 4120 3668 4158 non

2083 4203 2427 4268 regerentur,
2463 4208 2569 4251 nec
2617 4209 2715 4250 eos
2764 4195 3062 4265 attingeret
3093 4196 3363 4249 scelerum
3399 4195 3666 4260 vindicta,

2085 4288 2520 4343 arbitrabantur.
2555 4284 2649 4340 Sic
2674 4285 2790 4356 jam
2826 4300 2923 4355 per
2964 4285 3213 4351 meliora,
3247 4299 3437 4340 curam
3492 4299 3552 4340 se
3600 4285 3669 4341 de

406 4359 602 4415 λωσεν.
639 4362 713 4414 Οὐ
743 4360 850 4433 γὰρ
874 4365 983 4425 τοῖς
1011 4362 1188 4416 ἐθνεσι
1218 4362 1390 4417 ταῦτα
1430 4362 1764 4434 περινοστῶν
1793 4363 1822 4416 6
1848 4379 1978 4433 προ-

2086 4379 2345 4434 omnibus
2374 4376 2581 4433 habere
2601 4376 2895 4446 signiﬁcat.
2923 4373 3111 4445 Neque
3138 4374 3285 4430 enim
3315 4373 3385 4430 de
3415 4376 3672 4446 gentibus

409 4452 588 4522 φήτης
614 4453 954 4523 ἀπήγγελλεν
980 4468 994 4485 ·
1031 4453 1168 4509 ἀλλά
1186 4456 1312 4518 τοὺς
1336 4454 1618 4520 Ἰουδαίους
1645 4453 1896 4508 ἐπαίδευε
1914 4454 1984 4508 τὰ

313 4529 337 4541 ’
414 4544 552 4611 μετά
603 4545 890 4608 πλείστους
936 4545 1275 4616 γενησόμενα
1322 4547 1581 4618 χρόνους,
1626 4545 1988 4615 πιστούμενος

409 4637 549 4689 αύτά
576 4636 664 4689 διὰ
686 4636 803 4689 τῶν
816 4636 940 4690 ὅσον
968 4636 1028 4691 οῦ
1039 4656 1121 4690 πω
1139 4639 1520 4709 γενησομένων
1539 4638 1633 4692 ὑπ’
1664 4638 1985 4708 Ἀσσυρίων.

411 4725 535 4788 Πῶς
582 4727 640 4779 δὲ
684 4727 933 4793 τεύξεται
984 4730 1192 4781 τούτων
1243 4729 1312 4782 τὰ
1354 4728 1415 4794 ἐξ
1462 4729 1636 4801 ἀρχῆς
1665 4728 1986 4795 ἀσεϐοῦντα,

413 4818 746 4888 παρίστησιν
771 4820 899 4889 ἔθνη
927 4820 1016 4875 διὰ
1046 4819 1284 4891 Χριστοῦ
1317 4821 1555 4890 φυγόντα
1582 4821 1680 4890 τῆς
1713 4818 1988 4872 εἰδωλολα-

412 4912 603 4983 τρείας
647 4912 755 4966 τόν
784 4915 1077 4994 θάνατον,
1112 4914 1195 4983 ἐφ’
1220 4905 1264 4982 ᾧ
1298 4914 1364 4967 ἂν
1391 4916 1534 4968 αύτά
1573 4930 1655 4977 τις
1690 4915 1985 4984 ἐδάκρυσεν

297 5026 316 5037 ο
413 5002 611 5066 ὖνειδος
636 5003 825 5073 ἔχοντα
856 5004 954 5076 τὴν
984 5001 1373 5059 ἀσέϐειαν.Ἦν
1410 5005 1467 5059 δὲ
1493 5004 1557 5059 τὸ
1591 5004 1856 5072 δάκρυον
1879 5003 1987 5056 τῶν

409 5093 500 5147 διά
519 5093 931 5165 φιλανθρωπίαν
946 5096 1045 5166 τὴν
1066 5096 1173 5149 τῶν
1196 5096 1468 5150 τοσούτων
1488 5095 1677 5166 ψυχῶν
1699 5094 1989 5149 ἀποκλαιο-

415 5184 592 5259 μένων
639 5185 918 5240 ἀπώλειαν
967 5187 1070 5240 ὑπὸ
1096 5187 1191 5240 τοῦ
1221 5187 1469 5242 διαϐόλου
1498 5188 1893 5259 γεγενημένην,
1928 5186 1986 5250 ὃς

2082 4469 2188 4524 ista
2217 4467 2395 4522 obiter
2442 4474 2705 4538 evagatus
2748 4465 3013 4534 propheta
3048 4466 3274 4532 retulit;
3308 4464 3427 4530 sed,
3471 4475 3531 4519 ut
3574 4480 3671 4537 per

2081 4576 2167 4624 ea,
2204 4574 2327 4630 quae
2353 4559 2423 4614 ab
2454 4558 2696 4629 Assyriis
2724 4556 2953 4628 jamjam
2982 4559 3275 4623 instarent,
3311 4558 3381 4613 de
3415 4558 3520 4620 his,
3549 4572 3672 4627 qua)

2083 4650 2249 4720 longo
2292 4660 2485 4720 postea
2516 4657 2767 4719 tempore
2794 4646 2978 4703 futura
3024 4656 3234 4710 essent,
3264 4647 3470 4704 Judagis
3506 4649 3666 4703 iidem

2084 4741 2309 4796 iaceret.
2340 4739 2610 4794 Caeterum
2630 4739 2975 4794 demonstrat
3001 4752 3112 4809 qua
3145 4741 3357 4792 ratinne
3378 4746 3568 4810 gentes
3601 4740 3671 4792 ab

2087 4830 2245 4885 initio
2298 4830 2563 4899 impietati
2606 4832 2679 4883 ita
2718 4830 2935 4896 deditae,
2964 4841 3024 4883 ιιι
3069 4829 3342 4899 ejusmodi
3372 4831 3671 4901 opprobrio

2085 4925 2308 4972 notatas
2340 4918 2542 4971 merito
2571 4916 2700 4985 quis
2732 4916 2989 4988 lacrymis
3018 4912 3411 4986 prosequatur,
3449 4918 3548 4970 ista
3579 4930 3673 4983 per

2086 5006 2371 5061 Christum
2398 5005 2724 5060 idololatriae
2746 5015 2916 5059 morte
2936 5006 3176 5060 devitata
3208 5008 3483 5075 adeptum:
3512 5015 3667 5078 sunt.

2087 5095 2344 5163 lntelligit
2406 5103 2588 5148 autem
2659 5109 2758 5150 eos
2819 5095 3182 5166 lacrymarum
3253 5095 3508 5156 nomine,
3576 5096 3670 5165 qui

2086 5184 2574 5241 commiseratione
2604 5184 2891 5249 commoti,
2935 5195 3011 5239 tot
3044 5187 3352 5240 animarum
3386 5185 3668 5239 interitum

472 5340 710 5417 “ﬂch
735 5359 828 5406 ιιι,
856 5341 946 5397 22.
1003 5345 1068 5417 A°_‘
1104 5343 1297 5401 Matth.
1327 5363 1475 5410 xm,
1506 5347 1599 5415 29.
1675 5347 1772 5417 ἰιι
1812 5347 1938 5403 cur.
1972 5365 1978 5401 ε

2079 5387 2089 5409 ,
2160 5344 2218 5400 9.
2294 5343 2339 5376 ⁸⁸
2370 5344 2531 5399 Rom.
2564 5356 2682 5408 vui,
2720 5343 2805 5399 Π.
2890 5345 2935 5376 ⁸⁵
2970 5343 2987 5398 Ι
3017 5336 3177 5398 Joan.
3211 5359 3273 5405 ιι.
3299 5341 3393 5402 20.
3475 5343 3520 5378 σθ
3560 5343 3668 5400 Isa.

412 5427 493 5474 ιι.
523 5412 622 5479 ίθς
676 5410 834 5466 Rom.
874 5429 963 5478 xv,
996 5414 1086 5470 12.

1684 5526 1921 5590 verum
1961 5492 2367 5587 LECTIONES.

491 5621 509 5665 ι
539 5635 631 5688 γρ.
652 5619 858 5676 ἕνεκεν.
