4022 6210
404 268 544 349 2213

1552 289 2094 355 COMMENTARII
2129 289 2214 351 IN
2250 288 2539 350 ISAIAM.

3517 286 3658 353 22M

403 392 730 463 προσώπου
780 395 890 451 τοῦ
930 382 1359 463 ἐξουσιαστοῦ,
1400 398 1466 452 τό
1506 400 1834 468 πρόσωπον
1874 401 1982 468 τῆς

2094 399 2389 468 usurpavit.
2441 397 2547 452 Sed
2604 397 3040 467 praetereundum
3097 412 3204 452 non
3239 405 3345 464 est,
3394 413 3493 469 pro
3520 401 3661 469 facie

402 489 650 554 σκοτίας
674 486 972 559 Σύμμαχός
992 506 1051 542 τε
1080 490 1175 543 καὶ
1197 490 1492 544 Θεοδοτίων
1523 493 1815 558 ἐξέδωκαν,
1839 494 1981 547 οὕτω

397 579 688 649 δηλοῦντες
735 579 799 633 τὸ
842 581 1086 649 ἀφεγγές
1126 598 1186 635 τε
1233 584 1328 636 καὶ
1378 583 1600 649 σκότους
1636 584 1842 656 πλῆρες
1887 585 1981 639 τοῦ

402 668 633 721 θανάτου
679 669 898 739 χωρίον.
925 671 1059 723 Τότε
1091 671 1293 735 τοίνυν,
1326 673 1530 744 ὅτεπερ
1562 676 1611 727 oi
1663 673 1810 742 ἅγιοι
1841 691 1982 744 συμ-

368 809 375 816 .
402 759 768 814 ϐασιλεύσουσι
798 761 875 831 τῷ
900 763 1145 833 Χριστῷ,
1185 766 1213 817 ό
1251 765 1461 828 πάντας
1495 768 1847 819 καταπίνων
1875 784 1982 819 κα-

399 851 806 932 ταποθήσεται
837 852 1111 919 θάνατος.
1140 855 1212 908 Τὸ
1241 855 1296 909 δὲ
1330 858 1506 910 αἴτιον
1535 860 1567 929 ὴ
1602 858 1801 928 χρίσις,
1832 859 1900 911 δι’
1919 860 1985 929 ἢν

399 942 503 995 οὐκ
556 944 637 995 ἐτι
688 942 905 1016 Θανάτῳ
949 945 1542 1019 δουλεύσουσιν.Ἀπερ
1571 950 1924 1021 ὠφελημένος
1962 952 1992 1004 ό

401 1033 545 1095 θεῖος
586 1034 909 1099 Ἀπόστολος
933 1036 1162 1105 ἔφασκε·
1188 1060 1207 1091 ι
1245 1043 1338 1094 Δετ
1359 1041 1468 1112 γὰρ
1488 1043 1550 1094 τὸ
1577 1042 1814 1112 φθαρτὸν
1831 1040 1989 1094 τοῦτο

400 1123 727 1179 ἐνδύσασθαι
750 1126 1085 1199 ἀφθαρσίαν,
1118 1151 1137 1182 ι
1164 1133 1260 1185 καὶ
1294 1132 1361 1184 τὰ
1403 1132 1493 1185 ἐπ’
1516 1133 1857 1195 αὑτοῖς.’¹οτε
1894 1130 1989 1184 καὶ

401 1214 527 1273 πᾶν
566 1216 796 1285 ὄνειδος
827 1221 1588 1290 ἀφαιρεθήσεταιπονειδος
1615 1224 1724 1294 γὰρ
1763 1219 1835 1294 ἦν
1876 1225 1991 1286 τοῖς

2078 492 2472 554 dominatoris;
2529 491 2859 544 tenebrarum
2913 490 3105 558 faciem
3158 488 3545 561 Symmachum
3605 500 3660 547 et

2078 582 2508 639 Theodotioncm
2556 580 2880 646 reddidisse,
2934 590 2993 634 ιιι
3038 582 3271 651 caligine
3311 587 3366 635 et
3419 582 3662 638 tenebris

2080 675 2273 729 mortis
2320 674 2501 728 locum
2565 673 2828 726 docerent
2886 673 3188 727 abundare.
3246 671 3365 737 Quo
3414 683 3663 742 tempore

2079 765 2269 835 igitur,
2296 780 2421 819 cum
2450 765 2673 819 Christo
2704 767 2984 836 regnaturi
3016 765 3191 821 sancti
3227 774 3376 829 sunt,
3422 778 3535 819 tum
3568 767 3661 821 de-

2083 873 2230 910 mum
2260 874 2382 927 quae
2412 873 2604 912 omnes
2646 866 2772 911 ante
2809 858 3021 911 solebat
3054 857 3350 917 absorbere.
3394 873 3536 912 mors
3566 857 3664 910 ab-

2082 947 2399 1003 sorbebitur.
2432 948 2610 1017 Atque
2643 948 2805 1017 hujus
2830 948 3046 1017 quidem
3087 948 3167 1001 rei
3199 961 3415 1001 causam
3466 948 3655 1000 unctio

2081 1039 2194 1101 illa,
2223 1054 2316 1107 per
2339 1055 2503 1107 quam
2538 1039 2696 1092 morti
2724 1055 2828 1093 non
2862 1038 3101 1093 servient
3131 1037 3391 1105 amplius,
3418 1039 3655 1106 praebue-

2082 1132 2183 1195 rit;
2219 1146 2323 1200 qua
2354 1141 2547 1186 auctus
2579 1132 2898 1202 Apostolus.
2930 1129 3286 1198 corruptibile
3323 1130 3424 1182 hoc
3473 1129 3655 1184 incor-

2084 1223 2421 1291 ruptionem,
2450 1226 2511 1277 et
2542 1224 2774 1278 mortale
2808 1223 2911 1276 hoc
2945 1222 3410 1276 immortalitatem
3438 1221 3661 1276 indutu-

401 1310 524 1361 κατ’
548 1309 731 1363 εἰκόνα
759 1309 896 1364 Θεοῦ
928 1316 1319 1385 πεποιημένοις
1353 1316 1682 1389 ἀνθρώποις,
1738 1317 1797 1369 τὸ
1824 1316 1993 1368 ἐκπε-

404 1403 516 1453 σεῖν
552 1401 652 1470 τῆς
688 1403 907 1456 αἰωνίου
948 1404 1112 1475 ζωῆς.

2083 1328 2225 1375 rum,
2259 1325 2564 1384 casteraque
2614 1314 2705 1368 illa
2736 1330 2861 1385 qua:
2905 1321 3230 1383 sequuntur,
3280 1310 3566 1366 allirmavit
3593 1313 3665 1366 ".

2083 1401 2221 1457 Tum
2279 1404 2498 1457 demum
2559 1404 2723 1459 etiam
2778 1404 3113 1472 opprobrium
3162 1419 3314 1457 omne
3370 1402 3665 1471 auferetur.

404 1491 532 1548 Erat
559 1495 704 1549 enim
748 1511 859 1549 non
903 1496 1017 1552 leve
1046 1499 1360 1557 hominibus
1390 1501 1748 1573 opprobrium,
1777 1499 1868 1569 qui
1905 1499 1973 1552 ad
2014 1497 2106 1551 Dei
2162 1497 2456 1568 imaginem
2535 1499 2661 1552 facti
2713 1507 2924 1563 essent,
2970 1498 3081 1552 vita
3136 1503 3468 1571 sempiterna
3520 1496 3670 1553 exci-

406 1585 570 1640 disse.

475 1679 636 1750 θ’-ιβ’.
657 1684 762 1735 Kal
782 1684 990 1754 ἐροῦσι
1018 1688 1093 1758 τῇ
1117 1689 1309 1757 ἡμέρᾳ
1340 1687 1542 1755 ἐκείνῃ
1562 1705 1575 1718 ο
1606 1685 1765 1741 Ἰδοὺ
1794 1688 1826 1739 d
1849 1682 1993 1747 Θεὸς

2163 1675 2325 1746 322
2357 1674 2523 1729 Vens.
2557 1675 2708 1730 9-12.
2754 1674 2823 1729 Et
2862 1675 3037 1729 dicent
3069 1676 3167 1729 illa
3198 1676 3283 1731 die
3314 1691 3332 1729 :
3366 1676 3500 1731 Ecce
3532 1678 3669 1733 Deus

406 1768 595 1839 ἡμῶν,
631 1773 728 1842 ἐφ’
753 1774 826 1828 ὃν
853 1777 1201 1849 ἠλπίζομεν.
1237 1779 1346 1833 Kal
1373 1776 1810 1847 ἡγαλλιὼμεθα.
1840 1774 1985 1830 ἀνά-

2094 1778 2288 1832 nmter,
2330 1767 2383 1820 in
2416 1783 2567 1835 quem
2603 1783 2901 1836 speramus,
2934 1780 2981 1820 et
3011 1769 3244 1822 satvabit
3283 1785 3399 1823 nos.
3429 1768 3539 1823 Iste
3570 1769 3672 1825 Do-

406 1877 641 1918 παυσιν
679 1865 859 1921 δώσει
885 1873 917 1922 ό
942 1871 1085 1934 Θεὸς
1112 1862 1232 1923 bal
1250 1869 1316 1923 τὸ
1345 1869 1482 1937 ὄρος
1514 1868 1712 1921 τοῦτο.
1749 1867 1855 1922 Kal
1888 1883 1991 1920 κα-

2094 1861 2287 1917 minus.
2324 1860 2675 1912 sustinuimus
2709 1876 2828 1912 eum
2873 1869 2922 1912 et
2977 1858 3380 1921 exsultabimus,
3432 1868 3482 1913 et
3524 1861 3674 1915 [tcta-

305 1959 313 1964 ‘
404 1956 893 2023 ταπατηθήσεται
915 1961 962 2027 ἡ.
984 1962 1299 2027 Μωαϐῖτις.
1330 1961 1403 2015 ὃν
1435 1962 1658 2030 τρόπον
1690 1960 1990 2015 πατοῦσιν

2094 1955 2264 2008 bimur
2311 1954 2364 2006 iu
2414 1954 2589 2007 salute
2623 1962 2829 2006 nostra.
2866 1952 3112 2021 Requiem
3153 1954 3300 2027 dabit
3339 1954 3475 2009 Deus
3517 1971 3674 2021 super

405 2046 609 2102 ἅλωνα
637 2049 709 2103 ἐν
732 2050 1009 2122 ἀμάξαις,
1043 2072 1097 2109 κ.
1125 2072 1176 2108 τ.
1207 2054 1257 2110 λ.

477 2227 899 2292 Καταποθέντος
940 2231 1036 2285 τοῦ
1088 2232 1323 2287 θανάτου
1371 2235 1514 2289 κατὰ
1545 2236 1637 2287 τὸν
1662 2237 1855 2306 καιρὸν
1888 2240 1986 2307 τῆς

407 2316 796 2386 ἀναστάσεως,
827 2321 877 2373 οί
925 2321 1021 2374 τοῦ
1072 2324 1191 2377 νέου
1234 2324 1429 2388 αἰῶνος
1479 2326 1585 2378 υἱοὶ
1634 2327 1985 2397 χαριστήριον

404 2406 629 2479 ᾁσουσιν
654 2409 796 2481 ᾠδὴν
816 2413 907 2465 τὸν
934 2414 1143 2467 ἑαυτῶν
1171 2416 1401 2486 Σωτῆρα
1426 2416 1692 2485 θεώμενοι
1713 2416 1981 2484 λέγοντεςο

419 2497 577 2552 Ἰδοὺ
604 2502 638 2553 ὀ
662 2501 807 2568 Θεὸς
832 2502 1003 2572 ἡμῶν
1032 2504 1125 2573 ἐφ’
1152 2499 1202 2572 ᾧ
1226 2504 1571 2575 ἠλπίζομεν,
1601 2507 1695 2560 τὸν
1737 2506 1866 2577 πρὶν
1891 2506 1981 2559 ἑλ-

409 2590 672 2645 πισθέντα
704 2594 799 2648 νῦν
841 2596 1076 2666 ὁρῶντες
1102 2597 1363 2669 ἡδόμεθα,
1405 2602 1475 2652 τὰ
1507 2600 1730 2653 ὲπιόντα
1763 2598 1983 2670 λυπηρὰ

406 2683 476 2736 δι’
505 2683 667 2738 αὑτὸν
696 2690 1316 2759 καρτερήσαντες.τΑνθ’
1340 2684 1416 2744 ὧν
1465 2693 1523 2745 ὲν
1559 2691 1640 2761 τῷ
1680 2692 1781 2761 τῆς
1824 2692 1982 2761 βασι-

408 2774 558 2840 λείας
586 2776 727 2845 ὄρει,
755 2780 863 2833 τῶν
889 2770 1314 2852 ἐπηγγελμένων
1343 2782 1567 2851 ἀγαθῶν
1589 2782 1978 2837 ἀπολαύσουσι.

424 2868 488 2921 Ἦ
515 2869 571 2923 δὲ
600 2872 911 2938 Μωαϐῖτις,
948 2874 1092 2928 κατὰ
1123 2874 1179 2928 δὲ
1204 2876 1305 2946 τὴν
1344 2873 1606 2946 Ἑϐραῖδα
1647 2875 1845 2936 Μωὰὸ,
1881 2873 1980 2943 τῆς

360 3013 369 3022 ,
411 2958 667 3024 ἀσεϐείας
710 2961 897 3029 ὑφέξει
945 2966 1043 3033 τὴν
1066 2965 1241 3036 δίκην.
1263 2965 1408 3018 ’Δντὶ
1427 2963 1491 3017 δὲ
1526 2964 1621 3018 τοῦ
1640 2963 1980 3031 αλοηθήσε-

2088 2056 2317 2100 montem
2347 2044 2507 2099 hunc.
2550 2044 2619 2099 Et
2651 2046 3053 2099 conculcabitur
3089 2044 3368 2112 Moabitis,
3410 2047 3672 2118 quomodo

2090 2139 2300 2192 calcant
2328 2153 2507 2190 aream
2538 2138 2818 2206 plaustris,
2851 2150 2956 2196 etc.

2154 2250 2427 2321 Absorpta
2457 2262 2653 2319 morte,
2684 2253 2804 2325 ipso
2831 2257 3258 2313 resurrectionis
3288 2268 3554 2327 tempore,
3573 2258 3670 2326 qui

2084 2341 2272 2395 saaculi
2318 2345 2557 2399 recentis
2589 2345 2683 2399 lilii
2715 2348 3009 2407 exsistent.
3043 2348 3384 2402 Salvatorem
3424 2357 3674 2404 contem-

2085 2435 2242 2504 plati,
2275 2436 2453 2491 eidem
2483 2438 2538 2492 in
2571 2442 2783 2509 accepti
2813 2440 3065 2496 beneﬁcu
3101 2441 3419 2494 memoriam
3447 2454 3673 2497 carmen

2086 2525 2173 2581 his
2197 2527 2383 2580 verbis
2417 2527 2793 2584 decantabunt
2820 2548 2834 2584 :
2865 2529 2997 2584 Ecce
3026 2529 3165 2584 Deus
3205 2541 3408 2593 noster,
3441 2531 3493 2585 in
3520 2546 3674 2599 quem

2082 2615 2451 2682 sperabamus,
2476 2635 2635 2686 quem
2662 2618 2768 2673 [ide
2788 2629 2969 2681 antea,
3007 2637 3153 2676 nunc
3186 2622 3320 2690 ipsis
3354 2622 3529 2677 oculis
3566 2622 3671 2676 laeti

2083 2706 2404 2771 aspicimus,
2421 2710 2515 2777 qui
2538 2708 2752 2764 labores
2768 2721 2823 2764 et
2845 2711 3123 2765 molestias
3141 2728 3237 2781 per
3254 2726 3375 2766 eum
3401 2712 3677 2782 superavi-

2083 2810 2226 2849 mus.
2247 2796 2492 2861 Quorum
2512 2801 2630 2854 vice
2656 2802 2943 2869 promissis
2962 2802 3183 2856 bonisin
3206 2803 3356 2874 regni
3378 2814 3548 2857 monte
3576 2820 3680 2873 po-

2082 2885 2310 2941 tientur.
2333 2889 2400 2942 At
2423 2889 2539 2959 ipsa
2552 2888 2829 2957 Moabitis,
2848 2894 2931 2947 vel
2956 2892 3186 2970 Moab,si
3209 2893 3556 2950 Hebraeorum
3578 2894 3668 2948 lit-

2084 2984 2256 3031 teram
2313 2980 2639 3049 sequimur,
2692 2981 2987 3050 impietatis
3043 2999 3230 3052 pmnas
3272 3000 3382 3038 non
3428 2984 3670 3054 emtgiet.

412 3066 527 3112 ται,
562 3050 855 3123 Σύμμαχος
905 3055 1168 3139 ἐξέδωκεν
1218 3057 1585 3127 ἁλοήσομεν.
1632 3056 1789 3119 Τίνες
1832 3055 1889 3109 δὲ
1941 3055 1989 3107 οἱ

2094 3068 2293 3124 Verum
2334 3045 2445 3139 quo
2485 3071 2604 3127 loco
2632 3045 2977 3127 triturabitur
3011 3045 3274 3129 habemus
3302 3045 3675 3130 triturabiinus

414 3143 703 3210 ἁλοῶντες,
737 3146 867 3215 ἑξῆς
895 3135 1149 3218 ἐπιφέρει
1187 3148 1391 3218 λέγων’
1441 3149 1551 3203 Kal
1599 3147 1990 3217 πατήσουσιν

414 3234 603 3288 αὐτὸν
631 3236 813 3303 πόδες
839 3238 1072 3306 πραέων
1098 3240 1199 3294 καί
1234 3240 1530 3295 ταπεινῶν
1560 3239 1825 3309 βήματα.
1861 3238 1991 3292 Νόει

416 3323 473 3376 δὲ
501 3324 700 3388 Μωάσ,
730 3326 824 3379 τὸν
871 3328 1022 3397 παρὰ
1067 3329 1397 3395 Μωαϐίταις
1423 3326 1737 3399 τιμώμενον
1763 3326 1993 3395 δαίμονα

418 3417 560 3470 κατὰ
587 3402 723 3471 Θεοῦ
755 3416 856 3489 μὲν
880 3420 1188 3488 ἐπαρθέντα
1206 3461 1221 3485 ,
1258 3421 1625 3491 συντρίψαντα
1654 3419 1711 3473 δὲ
1734 3418 1863 3480 τοὺς
1893 3417 1994 3485 ὑφ’

422 3510 619 3574 ἑαυτῷ,
650 3512 745 3564 καὶ
772 3512 937 3565 αὑτὸν
964 3512 1021 3565 δὲ
1051 3513 1143 3566 τὸν
1176 3510 1394 3583 Ἰσραὴλ
1436 3512 1514 3582 τῷ
1555 3509 1883 3579 Βεελφεγὼρ
1909 3526 1997 3561 τε·

422 3599 679 3670 λεσθῆναι
720 3602 1052 3672 ποιήσαντα⁹
1080 3605 1173 3655 καὶ
1197 3602 1256 3656 ὲν
1280 3602 1407 3672 τῇδε
1456 3601 1586 3671 περὶ
1614 3599 1788 3654 Μωὰϐ
1811 3598 1996 3665 ἔλεγεν

423 3692 631 3762 ὁράσει,
660 3693 744 3747 ὅτι
774 3693 915 3764 ἤρθη
949 3695 981 3763 ἡ
1012 3694 1300 3764 συμμαχία
1329 3710 1422 3747 σου
1445 3735 1460 3760 ,
1486 3693 1580 3746 καὶ
1611 3694 1638 3743 ὁ
1661 3692 1845 3762 ἄρχων
1888 3691 1997 3741 ἁπ-

423 3783 593 3837 ώλετο
611 3785 989 3839 όκαταπατῶν
1023 3786 1117 3838 ἐπὶ
1145 3785 1244 3854 τῆς
1270 3785 1543 3857 γῆς.Περὶ
1571 3778 1632 3838 οὗ
1664 3784 1756 3837 καὶ
1779 3784 1808 3835 ὁ
1836 3781 1999 3853 Ἰερε-

430 3876 558 3944 μίας
594 3876 763 3946 φησί’
810 3894 829 3927 ι
856 3877 968 3930 Kal
996 3876 1338 3941 ἐξελεύσεται
1368 3875 1575 3947 Χαμὼς
1609 3877 1666 3928 ὲν
1695 3872 1943 3943 ἀποικίᾳ.
1974 3889 1993 3922 ι

429 3968 540 4020 Kal
567 3966 730 4021 πάλιν
747 3982 762 3996 ·
802 3984 821 4018 ι
854 3968 963 4021 Kal
989 3965 1524 4037 καταισχυνθήσεται
1556 3963 1729 4019 Μωάσ
1753 3964 1863 4015 ἀπὸ
1889 3964 2002 4015 Χα-

432 4059 568 4127 μώς.
614 4077 633 4110 ι
687 4053 813 4123 Οἷος
867 4058 923 4113 δὲ
964 4054 1056 4129 ἦν,
1084 4059 1234 4129 δηλοῖ
1279 4058 1487 4127 λέγων·
1518 4076 1536 4110 ι
1577 4057 1775 4127 Ἐγγὺς
1821 4058 2002 4129 ἡμέρα

2089 3160 2280 3229 agendi
2314 3161 2716 3230 significatione
2746 3163 2985 3218 reddidit
3013 3162 3398 3235 Symmachus.
3418 3162 3527 3220 Nec
3549 3163 3678 3233 qui-

2091 3267 2214 3305 nam
2239 3257 2593 3308 trituratorcs
2612 3251 2783 3309 futuri
2798 3265 2983 3308 essent
3002 3253 3391 3314 dissimulavit,
3411 3267 3536 3307 cum
3558 3268 3679 3307 eum

2091 3349 2490 3395 mansuetorum
2520 3334 2765 3413 pedibus,
2799 3342 3185 3416 humiliumque
3228 3342 3459 3413 vestigiis
3498 3342 3678 3395 calca-

2092 3443 2203 3487 tum
2248 3435 2409 3505 323
2466 3436 2537 3489 iri
2570 3434 2801 3489 addidit.
2840 3434 3119 3505 lntelligas
3156 3445 3337 3489 autem
3375 3434 3532 3488 Moab
3575 3449 3680 3487 noo

2097 3528 2241 3582 tuine
2268 3529 2475 3581 cultum
2510 3525 2654 3596 apud
2687 3524 2983 3589 Moabitas,
3012 3533 3066 3579 et
3095 3525 3149 3578 in
3179 3523 3351 3580 Deum
3393 3540 3513 3580 sese
3551 3524 3681 3579 elle-

2096 3627 2307 3672 rentem
2371 3616 2701 3678 daunonem,
2750 3615 2844 3685 qui
2882 3615 2985 3668 sibi
3026 3614 3278 3669 subditos
3332 3614 3677 3684 opprimebat

2095 3716 2150 3761 et
2180 3707 2440 3777 p0pulum
2472 3707 2831 3761 Israeliticum
2862 3705 3214 3774 Beelpltegori
3266 3705 3474 3760 initiari
3516 3721 3685 3775 coge-

2097 3799 2191 3853 bat
2214 3798 2280 3851 ⁷⁸.
2334 3796 2629 3867 Superiora
2682 3806 2948 3867 pra-terea
2992 3796 3045 3849 in
3092 3796 3442 3851 Moabitidem
3474 3798 3685 3852 visione

2098 3892 2218 3957 eius
2241 3890 2547 3953 .auxilium,
2581 3897 2636 3943 et
2677 3888 3001 3959 principem.
3033 3888 3127 3956 qui
3162 3888 3214 3940 in
3248 3895 3392 3941 terra
3430 3886 3683 3943 calcabas

2100 3983 2334 4055 periisse
2392 3980 2700 4035 aﬂirmavit.
2758 3979 2831 4032 De
2868 3979 3058 4032 eodem
3111 3974 3378 4032 Jeremias
3432 3974 3549 4047 ipse
3599 3978 3680 4033 sic

2104 4077 2347 4146 loquitur
2382 4093 2395 4129 :
2433 4092 2453 4125 ι
2496 4074 2557 4127 Ει
2586 4071 2754 4132 abibit
2785 4070 3023 4124 Chamos
3058 4068 3111 4122 in
3145 4068 3513 4135 captivitatem
3544 4067 3611 4122 ".
3653 4085 3673 4118 ι

431 4150 624 4214 Μωὰδ,
674 4154 771 4205 καὶ
808 4154 1044 4223 πονηρία
1101 4151 1265 4206 αὐτοῦ
1314 4154 1507 4224 ταχεῖα
1560 4152 1789 4222 σφόδρα.
1819 4169 1838 4202 ι
1894 4150 1994 4205 Kal

2105 4168 2382 4239 Itemque:
2409 4186 2428 4219 ι
2454 4165 2518 4220 Ει
2545 4164 2783 4237 pudeliet
2807 4163 2964 4216 Moab
2995 4177 3023 4214 a
3054 4160 3291 4215 Chamos
3325 4158 3392 4212 ⁷⁸.
3433 4178 3452 4211 ι
3486 4158 3679 4223 Qualis

432 4241 627 4295 πάλιν·
665 4242 861 4296 «Ἴδετε
909 4245 1028 4306 πῶς
1068 4243 1357 4313 συνετρίση
1391 4242 1665 4315 βακτηρία
1696 4242 1947 4312 εὐκλεής.
1979 4260 1994 4295 ι

2106 4271 2285 4318 autem
2333 4268 2483 4316 esset
2513 4258 2711 4330 aperit,
2760 4271 2883 4311 cum
2928 4255 3006 4309 ait
3038 4270 3053 4306 :
3091 4271 3111 4305 ι
3149 4253 3324 4308 Instat
3352 4253 3472 4308 dics
3499 4252 3679 4319 Moab,

428 4334 542 4389 Kal
574 4335 735 4389 πάλιν
759 4351 774 4366 ·
816 4355 835 4389 ι
865 4336 1159 4406 Κατεὰχθη
1196 4335 1366 4406 κέρας
1398 4334 1605 4399 Μωὰϐ,
1634 4337 1725 4389 καὶ
1766 4335 1831 4388 τὸ
1880 4334 1994 4387 επί-

2105 4365 2159 4410 et
2198 4354 2403 4407 malitia
2436 4351 2557 4421 ejus
2601 4349 2747 4404 celer
2784 4345 2941 4401 valde
2972 4347 3040 4399 ⁷⁸.
3083 4363 3103 4397 ι
3140 4342 3207 4397 Ει
3243 4343 3435 4397 iterum
3470 4360 3485 4397 :
3528 4359 3547 4393 ι
3585 4342 3679 4395 Vi-

431 4442 614 4497 χειρον
640 4426 807 4480 αὑτοῦ
842 4428 1152 4499 συνετρίϐη,
1181 4429 1317 4499 φησι⁵
1334 4427 1557 4497 Κύριος.
1582 4428 1792 4500 Δήσατε
1817 4427 2002 4491 αὐτὸν,

430 4519 512 4571 ὅτι
535 4520 627 4572 iul
645 4519 855 4589 Κύριον
880 4519 1235 4592 ἐμεγάλυνεν.
1261 4539 1282 4573 ι
1310 4521 1420 4575 Καὶ
1444 4522 1636 4577 πάλιν·
1672 4538 1692 4572 ε
1720 4522 1831 4575 Kal
1852 4520 2007 4573 ἔσται

431 4611 508 4672 είς
535 4609 752 4679 γέλωτα
794 4612 889 4664 καὶ
928 4611 1113 4674 αὐτὸς,
1141 4611 1330 4684 ἐπειδὴ
1364 4614 1441 4676 είς
1474 4609 1800 4681 γελοιασμδν
1826 4604 1896 4682 ἦν
1924 4628 2009 4666 σοι

443 4701 681 4777 Ἰσραήλ.
709 4721 729 4756 ε
771 4703 884 4758 Kal
910 4704 1035 4774 ἑξῆς
1052 4721 1068 4736 ο
1100 4706 1399 4769 «Ἤκουσα,
1418 4706 1604 4775 φησὶν,
1626 4705 1785 4777 ὓϐριν
1808 4705 2007 4769 Μωὰὃ,

433 4790 659 4863 ὕϐρισεν
706 4794 909 4866 σφόδρα
943 4795 1006 4848 τὸ
1038 4795 1175 4866 ὕψος
1214 4796 1310 4850 καὶ
1355 4797 1722 4867 ὑπερηφανία.
1751 4815 1771 4849 ι
1791 4796 2010 4867 Ἐπειδὴ

433 4880 525 4937 οὖν
559 4885 789 4956 φοδερὸς
821 4886 1093 4951 Ἰουδαίοις
1120 4887 1408 4957 νενόμιστο
1430 4930 1444 4955 ,
1479 4889 1809 4961 παρίστησιν
1840 4888 2006 4942 αὑτοῦ

433 4976 532 5045 τὴν
584 4978 643 5029 ιν
688 4979 768 5047 τῷ
819 4978 1486 5050 μέλ).οντι,κρίσιν.Ἀντὶ
1519 4981 1576 5034 δὲ
1617 4980 1712 5034 τοῦ
1737 5021 1752 5047 ,
1784 4983 1893 5036 Kal
1942 4980 2010 5035 τὸ

433 5067 594 5137 ὕψος
621 5066 734 5137 τῆς
760 5069 1111 5140 καταφυγῆς
1152 5070 1259 5126 τοῦ
1300 5073 1472 5127 οἷκου
1494 5087 1612 5128 σου
1636 5073 2008 5138 ταπεινώσει,

435 5158 755 5230 Σύμμαχος,
775 5161 884 5215 Kal
908 5162 976 5215 τὸ
998 5162 1274 5231 ὀχύρωμα
1296 5163 1405 5218 τοῦ
1441 5163 1643 5233 ὕψους
1663 5164 1781 5218 τῶν
1798 5163 2012 5233 τειχῶν

434 5267 555 5306 σου
583 5252 782 5321 rediret,
804 5253 957 5324 φησί.
1005 5255 1203 5323 Τεῖχος
1238 5254 1295 5308 δὲ
1326 5256 1418 5308 καὶ
1459 5257 1736 5326 ὀχύρωμα
1765 5259 1821 5311 al
1846 5259 2012 5311 δυνὰ-

441 5358 565 5412 μεις
589 5338 731 5412 ἦσαν
763 5344 950 5408 αὑτοῦ,
977 5338 1068 5407 αἷς
1100 5346 1391 5414 ὠχύρωτο.
1419 5347 1653 5417 Νοήσεις
1678 5346 1735 5402 δὲ
1768 5347 1836 5400 δι’
1864 5347 2004 5411 ἑνὸς,

433 5428 528 5487 οἷα
554 5434 832 5488 πείσονται
862 5436 954 5488 καὶ
976 5435 1025 5487 oi
1055 5436 1125 5488 τὰ
1151 5436 1312 5490 λοιπά
1338 5437 1448 5490 τῶν
1476 5438 1647 5492 ἐθνῶν
1687 5439 2007 5511 ἀπατήσαν-

505 5610 616 5685 ff‘lr
648 5612 776 5685 Cor.
803 5632 895 5679 xv,
945 5616 1045 5670 55.
1167 5617 1217 5648 ’⁸
1252 5617 1395 5674 Psal.
1426 5637 1511 5685 ev,
1539 5623 1632 5678 28.

444 5673 486 5704 ἰ
510 5682 643 5737 ibid.
678 5684 771 5754 εει,
802 5673 892 5742 26;
965 5687 1011 5719 ε·
1043 5686 1173 5742 una.
1209 5673 1313 5743 επ.
1360 5673 1409 5724 ιίι
1432 5673 1691 5748 initiae.

1737 5626 1783 5658 "’
1813 5623 2017 5680 Jerem.
2053 5640 2243 5689 sum,
2281 5625 2332 5680 7.

2103 4453 2226 4509 dcte
2258 4444 2537 4516 quomodo
2562 4439 2881 4496 confractus
2903 4446 2987 4491 est
3015 4436 3242 4490 baculus
3275 4433 3434 4489 fortis
3460 4432 3527 4487 ⁸⁸.
3568 4449 3587 4485 ι
3614 4430 3678 4486 Et

2104 4552 2322 4595 rursum
2376 4552 2443 4588 τι
2495 4532 2782 4586 Resectum
2827 4534 2912 4582 est
2954 4541 3125 4579 cornu
3184 4523 3360 4587 Moab,
3406 4530 3459 4578 et
3514 4524 3679 4577 robur

2105 4630 2226 4701 ejus
2253 4624 2661 4688 conculcatum,
2686 4622 2762 4674 al't
2782 4620 3065 4674 Dominus.
3101 4616 3288 4687 Ligate
3317 4616 3517 4686 ipsum,
3543 4630 3682 4686 quo-

2103 4721 2251 4776 niam
2306 4717 2360 4771 in
2399 4714 2687 4769 Dominum
2721 4709 3009 4781 magniﬁce
3038 4725 3098 4765 se
3126 4707 3323 4777 extulit
3364 4707 3435 4760 ⁸⁸.
3482 4726 3501 4760 ι
3537 4706 3682 4763 Pra-

2104 4822 2295 4870 terea:
2330 4830 2349 4864 ι
2394 4810 2459 4864 Et
2478 4809 2584 4865 erit
2606 4808 2663 4862 in
2697 4806 2871 4863 risum
2908 4805 3073 4860 etiam
3106 4804 3243 4873 ipse,
3273 4802 3404 4873 quia
3451 4802 3505 4856 in
3538 4800 3683 4856 deri-

2108 4919 2229 4960 sum
2266 4902 2363 4957 tibi
2392 4900 2517 4966 fuit,
2545 4914 2581 4954 o
2610 4895 2779 4953 Israel
2802 4897 2872 4950 ³¹.
2910 4914 2930 4947 ε
2968 4894 3206 4964 Denique
3237 4911 3252 4947 :
3283 4909 3302 4944 ι
3333 4890 3552 4954 Audivi,
3581 4889 3678 4952 ait,

2108 4992 2423 5064 superbiam
2461 4987 2637 5045 Moab.
2688 4987 2927 5056 Iniurius
2976 4986 3078 5040 fuit
3126 4984 3299 5046 valde,
3330 4996 3592 5051 arrogans
3626 4988 3679 5032 et

2109 5084 2392 5139 fastuosus
2422 5080 2490 5133 ⁸³.
2552 5098 2571 5131 ι
2617 5077 2886 5145 Quoniam
2927 5093 3056 5147 ergo
3108 5074 3310 5129 Judaeis
3357 5069 3681 5125 metuendus

2108 5173 2428 5233 videbatur,
2466 5168 2708 5224 futurum
2740 5168 3001 5236 deinceps
3046 5166 3166 5235 ejus
3196 5163 3465 5234 judicium
3508 5175 3679 5229 appo-

2107 5280 2241 5319 nere
2279 5262 2456 5317 lihuit.
2511 5261 2779 5316 Caeterum
2815 5273 2925 5327 quo
2962 5242 3097 5311 l'oco
3125 5266 3173 5309 et
3221 5252 3550 5306 altitudinem
3594 5267 3679 5303 re-

2111 5356 2247 5426 [ugii
2292 5353 2480 5407 domus
2522 5363 2627 5407 tute
2658 5350 2980 5415 humiliubit,
3032 5349 3294 5403 habemus
3341 5363 3356 5400 :
3405 5343 3471 5398 Et
3510 5344 3686 5398 muni-

2113 5458 2347 5501 mentum
2362 5446 2665 5501 altitudinis
2680 5460 2953 5500 murorum
2975 5454 3185 5499 tuorum
3200 5440 3473 5498 concidere
3498 5440 3683 5509 faciet,

2441 5624 2488 5658 τ·
2527 5625 2661 5681 una.
2711 5624 2800 5680 ts.
2902 5627 2951 5660 η
2994 5625 3126 5681 una.
3165 5624 3250 5681 to.
3326 5625 3375 5659 ιο
3416 5626 3547 5682 una.
3585 5624 3677 5677 ιι.
