4022 6210
458 226 597 290 Ξέἶδ

1790 233 2153 297 PROCOPII
2191 237 2438 299 GAZEI

3605 242 3741 308 22l6

457 344 857 408 interpretatus
910 346 995 394 est
1028 337 1422 411 Symmachus.
1475 341 1645 398 Erant
1679 360 1810 399 vero
1860 360 2026 398 mura.

2152 363 2244 411 τες
2281 347 2555 420 δαίμονες.
2597 348 2770 404 Τοῦτο
2805 350 2917 424 γὰρ
2954 350 3089 424 ἡμῖν
3124 352 3153 406 ό
3189 352 3494 425 προφήτης
3530 354 3742 410 κατέλι-

453 435 503 478 et
556 427 935 482 munimentum
989 428 1136 484 vires
1189 431 1355 500 ejus,
1419 435 1621 504 quibus
1686 434 2045 490 muniebatur.

2154 451 2275 491 πεν.

448 516 643 573 Diseas
680 536 846 588 porro
893 520 965 575 ab
1013 537 1146 582 uno,
1183 526 1365 593 qualia
1408 527 1690 583 daemones
1722 529 1824 598 ipsi
1857 528 2048 590 etiam,
2088 527 2178 596 qui
2211 528 2453 600 reliquas
2482 542 2670 602 gentes
2702 533 2756 588 in
2789 531 3036 590 fraudem
3093 534 3477 600 deduxerunt,
3522 540 3740 612 passuri

454 617 600 663 sunt.
641 607 696 662 |d
729 610 877 663 enim
910 611 1279 682 colligendum
1319 618 1479 672 nobis
1504 617 1741 687 relinqui
1772 616 2035 687 propheta
2075 615 2271 672 voluit.

1028 706 1182 760 CAP.
1218 708 1409 767 XXVI.

521 795 686 850 Vens.
720 797 832 850 1-8.
876 796 974 852 Die
1023 799 1120 854 illa
1159 804 1451 858 cantabunt
1492 808 1761 861 canticum
1797 807 1943 861 istud
1994 807 2046 859 in

2711 716 2964 771 ΚΕΦΑΛ.
3008 718 3153 785 κςο.

2218 812 2375 876 (ι’-η’.
2423 804 2502 873 Τῇ
2524 806 2712 876 ἡμέρᾳ
2734 807 2938 876 ἐκείνῃ
2975 807 3228 875 ᾆσον-ται
3263 807 3335 862 τὸ
3366 802 3538 877 ᾆσμα
3572 810 3738 867 τοῦτο

346 950 353 953 Α
451 900 600 942 ιρι-να
626 883 659 937 ,1
669 883 857 950 αάανεε,
893 888 1127 944 dicentes
1162 909 1175 945 ε
1226 892 1358 947 Ecce
1392 896 1579 950 ciuitas
1613 898 1844 960 munita,
1875 908 1924 951 et
1957 914 2026 950 sa-

2142 896 2240 950 ἐπὶ
2296 899 2409 966 γῆς
2456 896 2566 965 τῆς
2619 898 2936 965 Ἰουδαίας,
2994 899 3305 970 λέγοντες-⁸
3377 902 3539 956 Ἰδοὺ
3567 890 3739 969 πόλις

452 975 630 1030 (utare
681 992 922 1032 nostrum
983 992 1141 1049 ponet
1203 1001 1453 1053 murum,
1507 998 1557 1042 et
1605 990 2046 1053 circummurale;

445 1067 649 1134 aperite
677 1080 885 1136 portas.
914 1069 1261 1143 lngrediatur
1296 1080 1524 1146 populus
1557 1082 1861 1136 custodiens
1877 1082 2045 1152 justi-

445 1160 599 1225 tiam,
631 1170 740 1216 etc.

510 1255 583 1306 At
611 1253 722 1310 illis
752 1254 955 1312 deletis
980 1260 1236 1331 regnabit
1270 1261 1323 1317 in
1357 1278 1494 1319 suos
1520 1258 1881 1333 Christus,‘in
1918 1280 2037 1322 cte-

2143 986 2356 1057 ὀχυρὰ,
2391 990 2491 1043 καί
2515 990 2815 1057 σωτήριον
2860 990 3029 1060 ἡμῶν
3067 993 3241 1056 θήσει
3279 992 3353 1045 τὸ
3384 996 3608 1062 τεῖχος,
3643 995 3733 1050 καί

2140 1081 2499 1149 περιτειχος.
2519 1081 2817 1145 Ἀνοίξατε
2844 1084 3064 1148 πύλας,
3090 1083 3423 1137 εἰσελθέτω
3452 1086 3606 1151 λαὸς
3625 1103 3704 1155 59v
3720 1116 3735 1127 ι

2139 1171 2395 1227 λάσσων
2423 1171 2841 1240 δικαιοσύνην,
2880 1192 2934 1227 κ.
2968 1191 3020 1228 τ.
3052 1174 3100 1230 λ.

2207 1263 2363 1319 Μετὰ
2397 1263 2454 1317 δὲ
2486 1263 2587 1335 τὴν
2612 1264 2820 1318 τούτων
2846 1266 3121 1320 ἀπώλειαν
3142 1265 3389 1337 Χριστοῦ
3423 1251 3748 1336 βασιλεύον-ξ

443 1341 565 1396 lesti
620 1346 711 1397 illa
743 1343 1075 1412 Jerusalem,
1111 1366 1274 1420 quam
1315 1351 1518 1410 Iudaea:
1552 1356 1776 1411 nomine
1823 1358 2026 1412 vocavit

2136 1373 2226 1419 τος
2253 1356 2280 1396 k
2330 1355 2438 1409 τῶν
2487 1358 2576 1425 ὑφ’
2604 1357 2754 1427 αὐτῷ
2784 1358 2925 1412 κατὰ
2957 1359 3058 1428 τὴν
3096 1360 3433 1430 ἐπουράνιον
3469 1360 3745 1431 Ἱερουσιιι-Γ

443 1432 597 1488 urbis
628 1436 1045 1504 amplitudinem
1071 1441 1335 1498 innuens.
1375 1446 1626 1515 Appellat
1658 1463 1788 1502 vero
1823 1457 1878 1503 et
1905 1449 2036 1503 civi-

443 1531 603 1576 tatem
641 1522 739 1578 Dei
769 1537 1087 1584 sauctorum
1124 1533 1176 1586 in
1210 1549 1275 1588 ea
1303 1536 1622 1607 degentium
1657 1539 1780 1594 vitae
1810 1539 2033 1594 institu-

440 1622 579 1679 tum,
604 1630 847 1685 congrue
878 1618 944 1672 ad
978 1623 1257 1691 regionem
1281 1634 1520 1684 terrena:
1544 1629 1691 1686 illius
1718 1629 2021 1688 Jerusalem

440 1707 744 1775 respiciens
775 1725 788 1761 :
826 1713 1019 1780 partim
1042 1714 1284 1784 quidem,
1312 1727 1370 1771 ut
1392 1736 1575 1776 rerum
1593 1723 1875 1778 veritatem
1896 1727 2024 1779 sub-

439 1797 681 1865 iudicet;
717 1802 915 1870 partim
949 1804 1115 1859 etiam
1159 1817 1217 1860 ut
1261 1807 1483 1868 Iudaeos
1522 1814 1864 1879 consolatus,
1898 1830 2025 1870 eos-

436 1886 561 1941 dem
612 1880 779 1944 etiam
832 1893 898 1947 ad
953 1898 1369 1966 prepositorum
1420 1918 1573 1973 spem
1612 1914 1892 1974 provocet,
1928 1909 2022 1975 qui

436 1981 723 2049 promissis
762 1984 922 2052 potiti
954 1989 1234 2043 canticum
1291 1993 1517 2050 caeleste
1548 1997 1874 2052 cantabunt.
1926 2000 2025 2055 Est

434 2077 617 2124 autem
669 2083 938 2127 canticum
984 2076 1303 2148 hujusmodi
1349 2101 1364 2137 :
1414 2082 1553 2140 Ecce
1598 2088 1785 2142 civitas
1819 2091 2025 2145 munita

432 2160 672 2218 salutare
698 2174 963 2219 nostrum.
997 2167 1187 2240 Neque
1207 2174 1355 2227 enim
1400 2179 1611 2232 munita
1641 2179 1873 2236 inferior
1917 2183 2024 2237 ista

432 2251 487 2305 in
528 2253 712 2319 terris,
741 2255 790 2308 vi
826 2266 987 2326 capta
1035 2264 1239 2333 saepius
1269 2273 1322 2319 et
1345 2280 1687 2339 expugnata;
1734 2274 1828 2328 sed
1862 2273 2026 2347 324

431 2346 689 2414 superior
723 2347 837 2413 illa,
890 2358 947 2403 et.
996 2355 1203 2409 munita
1236 2367 1310 2432 et
1352 2358 1593 2414 salutare
1642 2361 1809 2432 (quod
1863 2346 2023 2421 Iesus

430 2434 701 2491 vocabulo
750 2440 895 2508 apud
947 2430 1793 2523 Hebraeososigniﬁcaturldiei
1837 2466 2020 2524 queat.

432 2524 525 2578 Est
560 2528 706 2581 enim
733 2530 852 2601 ipse
873 2531 1161 2591 beatorum
1194 2539 1476 2609 Salvator,
1495 2544 1702 2611 civitas,
1730 2562 1936 2611 murus,
1972 2558 2025 2603 et

426 2618 867 2677 circummurale.
898 2622 1071 2695 Cujus
1093 2638 1373 2695 portarunt
1396 2636 1840 2705 appellationem,
1869 2655 2026 2695 mau-

428 2710 643 2766 siouem
663 2712 867 2768 ibidem
897 2718 1288 2775 exsistentium
1316 2723 1505 2781 aditus
1528 2742 1630 2782 nos
1661 2728 1819 2785 decet
1857 2731 2023 2786 intel-

428 2802 625 2872 ligere;
649 2806 793 2875 quod
821 2823 928 2862 non
947 2805 1172 2874 Judaeis,
1199 2829 1307 2869 non
1335 2813 1545 2884 lsraeli,
1573 2820 1657 2874 vel
1680 2821 2023 2890 quibuslibet

427 2893 553 2949 aliis
577 2896 926 2966 simpliciter,
960 2899 1057 2955 sed
1101 2901 1169 2956 iis
1206 2911 1442 2971 tantum,
1479 2910 1895 2980 quijustitiam,
1931 2918 2023 2986 qui

2133 1448 2268 1519 λὴμ,
2297 1449 2364 1519 ἣν
2399 1448 2656 1504 Ἰουδαίαν
2684 1437 2845 1504 καλεῖ
2886 1451 2945 1504 τὸ
2989 1451 3192 1514 πλάτος
3235 1453 3468 1523 ἐκείνης
3517 1427 3747 1522 μηνύωνί

2137 1539 2240 1609 τῆς
2269 1539 2477 1603 πόλεως
2500 1558 2515 1573 ’
2565 1541 2625 1593 τὸ
2671 1542 2728 1595 δὲ
2771 1544 2833 1596 ὲν
2873 1545 3011 1616 αὐτῇ
3040 1544 3151 1596 τῶν
3182 1546 3365 1613 ἁγίων
3399 1545 3724 1617 πολίτευμα,

2133 1635 2316 1686 πόλιν
2339 1631 2507 1696 Θεοῦ,
2540 1633 2847 1697 ἀκολούθως
2869 1639 2933 1705 τῇ
2965 1636 3117 1708 χώρᾳ
3138 1638 3238 1707 τῆς
3262 1638 3362 1691 ἐπὶ
3392 1638 3504 1708 γῆς
3538 1639 3728 1707 Ἰερου-

2138 1722 2343 1795 σαλὴμ,
2363 1725 2481 1795 ἅμα
2512 1725 2611 1795 μὲν
2635 1724 2920 1796 ύποδηλῶν
2936 1728 3037 1797 τὴν
3061 1727 3346 1797 ἀλήθειαν,
3380 1729 3505 1798 ἅμα
3526 1730 3585 1782 δὲ
3608 1730 3727 1792 τοὺς

2140 1815 2427 1877 Ἰουδαίους
2464 1816 2963 1888 παραμυθούμενος
3003 1818 3144 1891 [καὶ]
3176 1821 3257 1884 εἰς
3286 1819 3393 1890 τὴν
3436 1820 3552 1872 τῶν
3594 1837 3723 1892 προ·

2127 1906 2400 1974 κειμένων
2431 1907 2623 1961 ἐλπίδα
2661 1909 3014 1980 προτρέπων,
3041 1911 3091 1964 οἳ
3123 1912 3387 1981 τυχόντες
3416 1911 3528 1965 τῶν
3555 1913 3722 1979 ἐπαγ»-

2126 1996 2324 2064 γελιῶν
2362 1998 2585 2069 ᾄσουσιν
2618 1995 2772 2071 ᾆσμα
2821 2001 2883 2054 τὸ
2926 2002 3273 2072 ἐπουράνιον.
3314 2003 3392 2056 Τὸ
3422 2002 3484 2057 δὲ

2131 2090 2296 2145 Ἰδοὺ
2323 2091 2498 2157 πόλις
2522 2093 2712 2162 ὀχυρά
2731 2092 2797 2147 τὸ
2826 2093 3124 2162 σωτήριον
3139 2093 3332 2163 ἡμῶν.
3352 2096 3418 2148 'll
3439 2095 3592 2149 κάτω
3617 2094 3718 2166 γὰρ

2126 2181 2222 2237 ἐπὶ
2250 2183 2353 2251 γῆς
2378 2184 2479 2237 ούκ
2504 2184 2693 2253 ὀχυρὰ
2727 2185 2991 2249 πολλάκις
3020 2187 3250 2241 ἁλοῦσα.
3268 2186 3334 2240 Ἦ
3366 2187 3426 2242 δὲ
3457 2187 3600 2252 ἄνω,
3631 2187 3718 2240 καὶ

2126 2274 2336 2343 ὀχιφὰ,
2364 2275 2458 2327 καὶ
2488 2274 2808 2345 σωτήριον,
2827 2277 2963 2348 ὅπερ
2992 2278 3238 2345 Ἰησοῦς
3257 2280 3291 2344 ἡ
3313 2278 3429 2331 τῶν
3455 2266 3718 2350 Ἑϐραίων

2126 2366 2232 2437 ἔφη
2266 2368 2443 2439 φωνή.
2471 2368 2640 2433 Δύτδς
2665 2370 2774 2441 γὰρ
2801 2369 2912 2423 τῶν
2945 2370 3238 2441 μακαρίων
3272 2371 3493 2441 Σωτὴρ,
3519 2373 3711 2436 πόλις.

2125 2461 2322 2531 τεῖχός
2361 2478 2444 2528 τε,
2490 2462 2587 2516 καὶ
2629 2463 2988 2532 aspiraque.
3020 2462 3240 2532 Ταύτης
3272 2463 3335 2519 δὲ
3369 2464 3591 2527 πύλας,
3623 2462 3714 2524 τὰς

2122 2552 2419 2624 διαφόρους
2466 2554 2573 2607 τῶν
2616 2555 2807 2609 αὐτόθι
2841 2555 3021 2626 μονῶν
3055 2555 3295 2620 εἰσόδους
3334 2557 3624 2627 νοήσομεν.
3652 2553 3712 2615 ἃς

2124 2644 2411 2715 ἀνοιγῆναι
2441 2662 2606 2716 φησιν
2638 2647 2738 2700 οὐκ
2773 2646 3071 2711 Ἰουδαίοις,
3100 2647 3134 2718 ἢ
3166 2646 3246 2717 τῷ
3278 2646 3527 2720 Ἰσραὴλ,
3551 2647 3583 2717 ἢ
3610 2647 3714 2708 τοῖς

2125 2738 2379 2808 τυχοῦσιν
2429 2737 2640 2804 ἁπλῶς,
2675 2738 2859 2809 μόνοις
2903 2737 2960 2793 δὲ
3008 2741 3122 2802 τοῖς
3163 2737 3590 2805 δικαιοσύνην,
3624 2737 3711 2791 καὶ

2125 2828 2441 2895 ἀλήθειαν,
2469 2829 2564 2883 καὶ
2609 2829 2864 2898 ειρήνην
2903 2829 3302 2900 φυλάττουσι.
3342 2830 3488 2903 Περί
3511 2823 3586 2892 ὧν
3610 2830 3710 2891 πᾶς

2128 2922 2244 2994 ὲρεῖ
2269 2921 2555 2992 θεοφιλήςο
2595 2922 2910 2987 ι’ᾼνοίξατέ
2963 2940 3054 2992 μοι
3108 2923 3286 2989 πύλας
3342 2922 3705 2993 δικαιοσύνης·

426 2988 721 3051 ueritatem,
752 2996 806 3042 et
843 3005 1027 3060 pacem
1074 2993 1284 3061 colunt,
1320 2988 1526 3077 aperiri
1557 2999 1735 3070 jubet.
1780 3002 1855 3060 De
1891 3008 2016 3077 qui-

2136 2988 2387 3067 είσελθὼν
2444 2988 2504 3066 ὲν
2551 3013 2744 3077 αὐταῖς
2791 2988 3386 3087 ὲξομολογήσομαιτῷ
3439 2988 3649 3087 Κυρῖῳ.⁷
3685 3031 3702 3064 ο

430 3080 532 3134 bus
577 3081 832 3149 quisquis
866 3083 958 3137 Dei
989 3097 1178 3141 amore
1211 3089 1555 3155 accenditur,
1592 3091 1729 3147 illud
1775 3110 2015 3167 usurpa-

429 3169 508 3222 bit
561 3188 573 3222 :
615 3188 634 3220 ι
682 3170 905 3238 Aperite
941 3182 1133 3242 portas
1175 3174 1434 3245 justitiae;
1480 3183 1767 3252 ingressus
1821 3186 1877 3241 in
1929 3205 2022 3244 eas

425 3259 729 3314 conﬁtebor
762 3258 992 3315 Domino
1018 3260 1082 3300 “-
1123 3285 1143 3318 ι
1175 3266 1305 3321 Ideo
1335 3280 1519 3323 autem
1561 3272 1644 3328 eis
1680 3276 2016 3344 aperiuntur,

423 3352 550 3421 quia
578 3352 633 3405 in
663 3360 711 3405 te
735 3363 1081 3421 speraverant
1118 3372 1284 3427 usque
1316 3360 1371 3413 in
1405 3363 1808 3431 sempiternum,
1836 3370 1929 3438 qui
1962 3378 2018 3426 et

423 3442 725 3498 habitantes
762 3446 815 3498 in
840 3446 1085 3525 excelsis,
1137 3457 1191 3504 et
1234 3451 1489 3508 civitates
1518 3468 1709 3510 eorum
1740 3459 1821 3513 vel
1857 3460 2020 3517 abso-

425 3535 538 3588 luta
572 3537 819 3592 mortalis
852 3536 973 3591 vitze
1005 3543 1513 3607 consummatione,
1549 3545 1633 3599 vel
1683 3546 1853 3619 impio
1881 3551 2020 3606 civi-

423 3633 599 3680 tatum
630 3642 823 3682 eorum
854 3638 1003 3683 statu
1034 3631 1239 3698 deleto,
1275 3634 1597 3693 sustuleris.

490 3715 844 3773 Conveniunt
876 3736 1004 3776 vero
1034 3721 1138 3775 ista
1163 3737 1286 3777 eum
1313 3727 1616 3795 praedictis,
1653 3727 1743 3785 tibi
1774 3732 2014 3791 munitas

2138 3105 2497 3173 Ὰνοίιχυνται
2534 3103 2592 3157 δὲ
2626 3105 2845 3168 αὐτοῖς,
2890 3106 3191 3177 ἐπειδήπερ
3241 3105 3349 3159 ἐπὶ
3395 3106 3497 3161 σοί
3537 3103 3705 3173 ἤλπισ-

2123 3211 2246 3248 σαν
2271 3194 2381 3261 ἕως
2411 3193 2517 3248 τοῦ
2539 3193 2776 3262 αἰῶνος,
2800 3195 2858 3259 ὃς
2880 3196 3128 3260 καθεῖλες
3150 3196 3293 3264 τοὺς
3326 3196 3705 3259 ἐνοικοῦντας

2120 3285 2192 3338 ἐν
2217 3285 2478 3355 ὑψηλοῖς
2509 3287 2602 3341 καὶ
2631 3286 2732 3352 τὰς
2776 3288 2963 3352 πόλεις
2991 3288 3204 3352 αύτῶνξ
3226 3289 3486 3353 καθεῖλες
3511 3286 3554 3353 ι,
3589 3304 3703 3340 συν-

2121 3377 2335 3431 τέλειαν
2357 3378 2451 3432 τοῦ
2479 3378 2676 3450 θνητοῦ
2707 3381 3078 3451 ποιησάμενος
3125 3380 3265 3452 βίου,
3296 3381 3335 3455 ἢ
3366 3381 3469 3445 τὰς
3497 3378 3703 3439 ἁσεσεῖς

2120 3470 2301 3525 αὐτῶν
2342 3470 2619 3536 πολιτείας
2652 3472 2924 3543 ἡφάνισας
2941 3484 3004 3527 ω.

2191 3730 2412 3802 Συνῳδὰ
2444 3730 2617 3786 ταῦτα
2647 3734 2759 3796 τοῖς
2784 3710 3117 3804 εἰρημένοις,
3147 3733 3231 3787 ὅτι
3274 3733 3482 3805 ἔθηκας
3521 3731 3691 3794 πόλεις

418 3812 671 3868 civitates
718 3814 773 3867 iu
814 3814 1085 3868 ttuuulum
1133 3814 1205 3868 ita
1244 3824 1295 3870 te
1344 3820 1654 3887 positurum
1686 3822 1911 3892 dixisti,
1954 3836 2015 3881 ut

2136 3826 2196 3889 ιίς
2221 3823 2406 3898 χῶμα,
2438 3825 2625 3889 πόλεις
2642 3826 2870 3895 ὀχυρὰς,
2895 3824 2990 3878 τοῦ
3023 3827 3215 3878 πεσεῖν
3243 3827 3428 3880 αὐτῶν
3450 3827 3519 3881 τὰ
3542 3825 3692 3895 θεμέ-

419 3918 450 3958 a
496 3903 871 3960 fundamentis
924 3913 1195 3960 eruantur
1227 3907 1299 3963 ⁸⁸.
1357 3908 1428 3962 At
1480 3918 1602 3965 tuos
1653 3912 1805 3969 viros
1854 3931 2003 3969 man-

2136 3933 2231 3971 .ta'
2263 3918 2392 3978 τοὺς
2419 3917 2476 3970 δὲ
2505 3917 2633 3983 σοὺς
2664 3916 2875 3985 πραεῖς
2898 3917 3123 3987 ἄνδρας,
3151 3915 3244 3980 οὓς
3279 3918 3419 3989 ἔφης
3448 3918 3688 3989 κληρονο-

416 4004 617 4058 suetos,
664 3993 875 4064 (quales
912 4004 1115 4050 terram
1153 4012 1518 4066 possessuros
1554 3999 1862 4075 allirmasti)
1908 4005 2009 4059 hu-

2136 4007 2286 4077 ιῆσαι
2306 4009 2405 4078 τὴν
2428 4007 2550 4079 γῆν,
2581 4007 2900 4074 ταπεινοὺς
2929 4007 3089 4070 ὂντας
3115 4007 3387 4079 πρότερον
3405 4050 3421 4075 ,
3450 4008 3585 4064 κατὰ
3605 4007 3684 4060 τὸν

418 4086 569 4141 miles
621 4088 797 4157 prius,
854 4088 978 4158 ipso
1026 4088 1163 4158 justi
1195 4089 1394 4159 judieii
1440 4099 1685 4162 tempore
1717 4096 2006 4163 exaitabis,

2136 4097 2211 4165 τῆς
2246 4097 2642 4168 δικαιοκρισίας
2674 4117 2770 4154 σου
2796 4102 2986 4171 καιρὸν
3014 4100 3350 4178 ἀνύψῖκνας
3369 4150 3383 4174 ,
3407 4116 3682 4170 κατακρα-

413 4179 666 4249 elataque
697 4179 851 4248 prius
884 4182 1250 4250 superborum
1278 4183 1459 4252 capita
1485 4182 1655 4240 facies
1673 4189 2004 4255 conculcare,

2136 4190 2236 4244 ἐῖν
2262 4192 2460 4254 αὐτοὺς
2488 4192 2599 4245 τῶν
2634 4193 2801 4247 πάλαι
2831 4197 3067 4267 ποιήσας
3090 4200 3462 4271 ὑπερηφάνων
3486 4195 3580 4258 τὰς
3599 4209 3682 4246 κε-

415 4273 541 4325 etfm
570 4271 781 4333 piorum
810 4273 977 4325 etiam
1030 4272 1137 4336 via,
1175 4274 1328 4328 nullo
1372 4277 1672 4345 superstite
1698 4279 1791 4347 qui
1831 4278 2006 4350 impe-

2136 4281 2303 4346 ›αλὰ;,
2337 4284 2428 4337 ὅτε
2456 4284 2548 4337 καὶ
2578 4285 2612 4354 ἡ
2639 4285 2745 4338 τῶν
2785 4288 3024 4343 ἀσεϐῶν
3042 4298 3071 4326 ιι
3110 4290 3252 4356 ὁδὸς
3278 4289 3497 4353 εὐθεῖα,
3534 4283 3680 4355 μηδε-

394 4360 547 4427 ~diat,
582 4370 727 4414 recta
761 4360 948 4430 futura
979 4372 1080 4417 est.
1117 4360 1229 4417 Nec
1272 4372 1355 4419 est
1400 4365 1522 4434 ejus
1555 4367 1633 4421 rei
1668 4368 1797 4434 alia,
1839 4386 2001 4440 quam

2136 4375 2201 4439 ire
2228 4377 2412 4440 αὐτοῖς
2439 4376 2504 4431 ὲκ
2538 4378 2716 4433 ποδῶν
2750 4379 2830 4434 ἔτι
2861 4366 3231 4448 καθεστῶτος.
3268 4379 3439 4455 οὗπερ
3460 4375 3673 4442 αἴτιονή

409 4453 547 4524 iusti
597 4454 694 4510 Dei
734 4456 932 4525 judicii
987 4471 1156 4511 causa
1194 4457 1596 4528 investiganda.
1652 4460 1789 4515 Suut
1821 4475 2002 4519 autem

2136 4466 2196 4520 οὗ
2248 4468 2397 4522 Θεοῦ
2432 4469 2851 4539 δικαιοκρισία.
2888 4473 2996 4543 Τὴν
3028 4475 3086 4528 δὲ
3132 4453 3503 4546 προκειμένην
3531 4466 3674 4541 ῥῆσίν

414 4550 506 4618 qui
557 4551 835 4619 praemissa
886 4550 1052 4604 verba
1097 4549 1164 4603 de
1212 4549 1517 4607 Salvatoris
1549 4553 1787 4608 advequ
1841 4556 2003 4610 intel-

2137 4570 2244 4616 ινες
2276 4554 2370 4606 ἐπὶ
2411 4554 2509 4624 τῆς
2551 4556 2643 4609 τοῦ
2680 4559 2931 4629 Σωτῆρος
2962 4563 3259 4633 ἐπιδημίας
3284 4562 3552 4629 ἐξέλαϐον.
3581 4556 3672 4608 Τὸν

414 4640 505 4710 ligi
538 4641 851 4694 voluerunt.
881 4641 1014 4694 Eum
1047 4642 1194 4695 enim
1228 4643 1322 4711 qui
1354 4658 1555 4697 arcana
1606 4645 1700 4699 illa
1730 4647 2000 4717 symbola,

2136 4644 2211 4715 ap
2239 4646 2307 4698 τὰ
2339 4646 2584 4717 σύμϐολα
2618 4651 3043 4719 παραδεδωκότα
3069 4656 3138 4709 τὰ
3167 4658 3407 4727 μυστικὰ
3426 4698 3439 4720 .
3466 4653 3587 4722 περὶ
3604 4644 3671 4702 ὧν

413 4730 482 4785 de
513 4730 716 4800 quibus
751 4729 971 4784 locutus
1001 4741 1107 4797 est,
1149 4732 1494 4799 tradidisset,
1544 4735 1710 4790 Deum
1756 4753 1881 4793 vere
1935 4740 2003 4793 ab

2136 4736 2309 4805 λεγεν,
2343 4739 2476 4793 Θεὸν
2509 4740 2642 4795 ὄντα
2674 4743 2981 4813 γνώσεσθαι
3022 4750 3149 4813 τοὺς
3193 4750 3371 4805 ταῦτα
3403 4747 3667 4807 λαϐόντας.

414 4822 631 4887 iisdem,
661 4821 753 4891 qui
783 4821 874 4875 illa
909 4822 1143 4891 amplexi
1175 4831 1364 4895 essent
1420 4828 1674 4894 quamvis
1731 4827 1785 4881 in
1836 4843 2003 4883 carne

2136 4829 2149 4879 ί
2174 4827 2266 4880 καὶ
2293 4829 2522 4898 γέγονεν
2554 4833 2611 4885 ὲν
2644 4835 2828 4904 σαρκί.
2850 4836 2953 4889 Τὸν
2982 4838 3036 4891 δὲ
3064 4838 3222 4909 λόγον
3243 4842 3532 4913 ἁρμόττειν
3550 4832 3670 4904 φασὶ

411 4924 579 4977 esset,
612 4913 892 4984 cognitum
925 4913 1018 4968 iri.
1054 4911 1379 4969 Sermonem
1412 4931 1542 4970 vero
1572 4915 1760 4973 lsraeli
1807 4920 1999 4975 volunt

2136 4920 2207 4982 οἷς
2240 4920 2301 4984 ἐξ
2333 4921 2574 4990 Ἰσραὴλ,
2605 4925 2654 4977 οἳ
2702 4927 2798 4979 καὶ
2849 4930 3196 4995 προσεδόκων
3251 4911 3434 4996 αύτὸν,
3468 4932 3529 4983 ὲκ
3571 4923 3673 4979 τῶν

412 5001 731 5065 convenire,
764 5016 791 5053 a
824 5014 937 5069 quo
958 5000 1128 5072 (velut
1154 5018 1184 5056 e
1213 4999 1519 5087 Scripturis
1549 5005 1837 5075 didicerat)
1863 5023 1995 5062 ven-

2141 5015 2329 5083 ραφῶν
2352 5015 2428 5080 ὡς
2475 5018 2597 5086 ἥξει
2634 5019 2899 5089 μαθόντες
2919 5039 2933 5053 ·
2965 5023 3042 5086 ὡς
3087 5026 3323 5097 ἐδήλωσε
3353 5014 3568 5093 Συμεών
3589 5030 3663 5079 τεν

412 5101 569 5147 turus
608 5094 1060 5162 ex5pectabatur;
1107 5093 1270 5165 idque
1303 5095 1592 5166 Symeouis
1620 5109 1675 5153 et
1709 5098 1989 5157 Zachariae

2136 5104 2189 5156 al.
2212 5106 2510 5178 Ζαχαρίας,
2537 5108 2612 5172 ὼς
2638 5109 2879 5182 εἴρηται,
2907 5093 3259 5190 τυχόντεςνῆς
3285 5112 3431 5189 εἶχον
3448 5109 3660 5184 ἐλπίδος,

409 5184 677 5253 exemplo,
711 5185 853 5239 sicut
881 5183 993 5253 jam
1025 5184 1232 5238 dictum
1282 5195 1387 5253 est,
1439 5188 1532 5257 qui
1571 5205 1669 5244 sua
1703 5206 1801 5259 spe
1832 5193 1985 5260 petiti

2140 5197 2155 5248 i
2189 5196 2246 5250 δὲ
2279 5198 2512 5252 τοιοῦτοι
2546 5183 3048 5273 προσομολογοῦσιν
3077 5207 3176 5261 ἐπί
3215 5183 3289 5263 τὸ
3504 5199 3658 5256 τοῦτο

410 5281 560 5337 sunt,
591 5277 767 5344 palam
801 5276 937 5331 lleri.
980 5276 1142 5332 Tales
1172 5277 1264 5348 qui
1298 5279 1596 5344 exsistunt,
1628 5282 1796 5335 monti
1837 5284 1985 5349 huic,

2136 5288 2318 5344 ὠσειν
2344 5290 2725 5347 ἀναπαύσει-ιν
2748 5298 2854 5350 τὸν
2877 5299 3045 5366 Θεὸν,
3072 5298 3314 5370 δηλονότι
3332 5300 3427 5372 τὴν
3455 5288 3663 5358 Ἐκκληο

471 5410 520 5446 ⁸³
559 5410 703 5467 Psal.
736 5426 903 5486 cxvu,
942 5415 1031 5469 i9.
1104 5417 1151 5449 ‘"
1193 5417 1297 5474 lsa.
1332 5420 1514 5483 "v.2
1552 5435 1711 5491 seqq.

1661 5530 1897 5586 VARUE
1927 5528 2332 5586 LECTIONES.

485 5639 515 5685 ι
537 5658 631 5714 πο.
651 5643 884 5714 Χριστὸς
916 5644 1244 5715 βασιλεύσει.
1328 5645 1349 5688 ι
1375 5648 1477 5716 ἀφ.
1504 5649 1769 5715 καθεῖλες.
1848 5659 1887 5688 αι
1933 5666 2023 5719 πο.
2059 5647 2353 5722 ἀφανίσας.
2430 5659 2457 5689 ³³
2488 5670 2577 5725 γρ.
2598 5654 2861 5714 εὐσεϐῶν.
