4022 6210
212 1100 219 1104 ι
327 1069 549 1142 ραδόσει
578 1071 676 1141 τῆς
702 1067 1138 1141 είδωλολατρείας
1166 1070 1462 1125 κατάλυσιν
1485 1110 1501 1136 ,
1531 1073 1646 1133 τοῖς
1669 1073 1777 1124 τῶν
1806 1086 1901 1122 πι-

324 315 468 381 2217
1464 311 1888 380 COMMENTAT

1994 319 1998 373 ζ
2036 311 2111 375 IN
2168 310 2444 375 lSAIAM.
3446 309 3589 373 2118

330 434 475 496 σίαν,
509 436 604 487 καὶ
628 430 862 502 Χριστὸς
890 432 999 503 γὰρ
1024 432 1153 487 ἐϐόα
1177 449 1190 462 ·
1230 452 1248 485 ι
1276 435 1439 488 Δεῦτε
1472 437 1609 506 πρός
1634 452 1700 505 με
1733 435 1781 486 οι
1808 451 1888 487 κο

2008 432 2057 485 id
2089 439 2171 486 est
2201 431 2484 492 Ecclesiae,
2520 430 2745 499 requiem
2780 426 3029 481 daturum
3064 426 3588 498 Deumprolitentur.

326 522 561 585 πιῶντες
593 522 687 574 καὶ
714 522 1162 592 πεφορτισμένοι.
1190 523 1344 592 κάγὼ
1371 526 1673 579 ἀναπαύσω
1700 526 1888 595 ὑμᾶς.ι

2009 523 2286 578 Christum
2319 520 2463 575 enim
2521 522 2593 572 ita
2640 521 2967 574 inclamasse
3014 518 3243 588 legimus
3292 537 3307 573 :
3360 538 3379 570 ι
3416 518 3592 572 Acce-

323 612 405 666 Δι⁹
426 611 595 666 αὐτοῦ
621 610 730 682 γὰρ
772 611 1091 682 ἀπεθέμεθα
1124 613 1185 666 τὸ
1213 617 1311 686 τῆς
1356 616 1629 687 ἁμαρτίας
1660 617 1888 685 φορτῖον1

2010 614 2122 667 dite
2153 614 2218 667 ad
2254 628 2360 678 me,
2399 613 2490 682 qni
2526 612 2787 666 laboratis
2824 618 2877 664 et
2924 611 3136 664 onerati
3169 610 3324 673 estis,
3379 616 3434 664 et
3489 625 3591 679 ego

325 703 422 759 καὶ
448 701 543 756 τοῦ
578 701 750 773 φόϐου
795 703 906 757 τῶν
934 704 1029 757 ἐπὶ
1059 704 1236 777 ταύτῃ
1263 706 1557 761 κολάσεων.
1584 704 1888 775 Πρωτὲθειι

2010 703 2254 759 reﬁciam
2291 717 2389 757 vos
2416 703 2482 755 ⁸⁸.
2539 720 2557 752 ι
2609 701 2713 755 Per
2750 715 2874 755 eum
2902 700 3180 771 siquidem
3239 708 3586 770 peccatorum

323 812 415 849 ται
441 794 500 848 δὲ
530 795 626 848 καὶ
656 792 724 848 τὰ
751 794 809 848 ὲν
833 793 1045 848 ἐλπίσιν
1074 796 1277 864 ἀγαθά.
1300 797 1615 870 Γέγραπται
1642 798 1751 869 γὰρ
1775 797 1904 868 περὶ

323 885 437 940 τῶν
485 885 680 954 ἁγίων,
711 885 794 939 ὅτι
849 884 1155 960 εὐφροσύνη
1201 884 1419 951 αίώνιος
1467 889 1605 960 ὑπὲρ
1661 888 1903 959 κεφαλῆς

325 977 529 1033 αὐτῶν.
559 973 693 1031 Εἶτα
717 976 955 1031 δείκνυσι
992 975 1091 1048 τὴν
1130 978 1224 1031 ἐπὶ
1254 980 1321 1051 τῇ
1349 978 1764 1050 τῶνμυστικῶν
1795 996 1903 1032 πα-

2010 806 2179 851 onere
2234 808 2339 850 non
2400 792 2562 849 levati
2614 793 2799 856 modo,
2848 792 2943 847 sed
2991 792 3172 846 debita
3216 793 3379 864 etiam
3428 806 3587 863 pmna

2010 888 2227 942 liberati
2254 902 2465 941 smnus.
2500 884 2764 953 Adjunxit
2805 882 2967 954 325
3009 897 3139 937 vero
3188 892 3244 937 et
3277 882 3585 937 futurorum

2009 978 2279 1033 bonorum
2326 992 2500 1045 spem.
2552 975 2829 1028 Scribitur
2871 974 3017 1027 enim
3066 973 3132 1027 de
3180 972 3409 1037 sanctis,
3459 974 3589 1041 quia

2014 1086 2034 1120 ι
2069 1068 2258 1123 laetitia
2299 1067 2631 1137 sempiterna
2661 1080 2828 1135 super
2857 1073 3019 1133 caput
3068 1078 3255 1118 eorum
3287 1063 3353 1118 ⁸⁷.
3396 1080 3415 1114 ι
3447 1060 3589 1115 lnsi-

2010 1165 2145 1211 nnat
2193 1156 2389 1211 deinde
2436 1170 2763 1210 arcanarum
2843 1169 3026 1209 rerum
3082 1152 3374 1207 traditione
3420 1151 3591 1205 idolo-

2009 1248 2186 1304 latriae
2239 1249 2563 1313 interitum,
2624 1247 2874 1317 subjecto
2942 1246 3283 1302 credentium
3354 1246 3587 1317 pedibus

2009 1340 2214 1395 Satana
2249 1356 2345 1410 per
2373 1354 2496 1394 cum
2532 1340 2625 1411 qui
2655 1347 2942 1411 serpentes
2987 1349 3040 1393 et
3075 1339 3395 1408 scorpiones
3430 1339 3584 1409 pedi-

2008 1431 2109 1486 bus
2139 1432 2355 1485 calcare
2382 1431 2451 1496 '3,
2500 1446 2831 1501 omnemque
2858 1430 3031 1486 bustis
3078 1428 3377 1499 potentiam
3419 1445 3585 1500 supe-

2008 1534 2131 1575 rarc
2157 1521 2307 1576 facit.
2326 1521 2530 1577 Deinde
2559 1520 2725 1576 unius
2747 1520 3055 1575 idololatra
3086 1519 3329 1592 regionis
3363 1523 3584 1577 nomine

2006 1620 2238 1668 cunctas
2265 1612 2559 1683 signiﬁcat.
2594 1611 2675 1666 Ad
2704 1612 2841 1676 haec,
2864 1611 3009 1682 quod
3034 1610 3359 1666 idololatria:
3392 1620 3586 1667 aucto-

326 1703 629 1775 ἄνθρωπον.
649 1705 795 1758 Ἀντὶ
826 1705 923 1759 δὲο
949 1706 1052 1776 τῆς
1098 1704 1378 1774 ἐνεργείας
1409 1705 1525 1775 τὴν
1564 1705 1731 1774 χεῖρα
1760 1724 1888 1779 παρ·

2006 1719 2119 1759 rem
2175 1720 2364 1758 manus
2421 1719 2549 1758 suas
2612 1704 2957 1758 remissurum
2998 1702 3152 1768 dicit,
3209 1702 3277 1757 de
3330 1701 3581 1772 adempta

324 1797 536 1868 είληφε,
561 1799 630 1851 δι’
650 1792 719 1870 ἦς
751 1797 1018 1863 ὑπέταξεν
1058 1797 1236 1868 ἑαυτῷ
1268 1798 1396 1861 τοὺς
1424 1798 1511 1852 ἐπ’
1538 1798 1719 1868 ἔργοις
1755 1800 1888 1868 ἁγα-

2003 1802 2294 1864 potestate,
2352 1811 2458 1865 qua
2520 1795 2796 1849 hominem
2859 1792 3237 1864 deprimebat,
3306 1792 3579 1864 intelligit.

327 1162 626 1216 στευόντων
651 1160 807 1214 ποσὶν
840 1160 1287 1232 ὁπενηνεγμὲνου
1318 1163 1409 1216 τοῦ
1441 1163 1675 1225 Σατανᾶ,
1702 1162 1789 1216 διὰ
1808 1161 1901 1216 τὸν

324 1251 486 1304 δόντα
517 1253 709 1304 πατεῖν
742 1250 924 1313 αὐτοῖς
951 1250 1136 1305 ἐπάνω
1157 1252 1333 1321 ὄφεων
1366 1253 1461 1305 καὶ
1487 1253 1780 1323 σκορπίων,
1805 1256 1901 1306 καὶ

324 1343 420 1396 ἐπὶ
454 1343 634 1396 πᾶσαν
660 1342 760 1411 τὴν
793 1341 1025 1412 δύναμιν
1049 1341 1143 1396 τοῦ
1174 1343 1390 1415 ἐχθροῦ.
1425 1344 1523 1397 Διὰ
1559 1344 1688 1413 μιᾶς
1713 1344 1769 1397 δὲ
1797 1342 1902 1413 χὼο

327 1450 429 1505 ρας
465 1431 956 1513 είᾷωλολατρούσης
978 1471 992 1496 ,
1024 1433 1202 1497 πάσας
1229 1433 1516 1505 ἐδήλωσεν.
1555 1436 1666 1501 Τὰς
1692 1434 1750 1488 δὲ
1779 1434 1900 1504 χεῖ-

321 1540 437 1594 ρας
462 1524 697 1591 ἀνήσει,
733 1523 923 1595 φησιν,
954 1526 982 1578 6
1012 1524 1113 1596 τῆς
1155 1524 1599 1596 είδωλολατρείας
1652 1526 1896 1598 εὑρετὴς,

328 1613 661 1684 ἐκλυομένης
688 1613 854 1667 αὐτοῦ
878 1615 976 1686 τῆς
994 1615 1295 1685 δυνάμεως,
1322 1615 1390 1669 δι’
1411 1610 1478 1687 ἦς
1506 1616 1787 1669 ἑταπείνου
1809 1617 1900 1671 τὸν

322 1886 439 1951 θοῖς
467 1886 822 1957 ἐκτισμένους
849 1886 955 1939 ὑπὸ
977 1885 1134 1939 Θεοῦ.
1166 1886 1310 1957 Πρὸς
1337 1887 1507 1958 αὐτὴν
1538 1887 1593 1941 δὲ
1623 1887 1716 1941 τὸν
1740 1888 1898 1957 λόγον

324 1976 673 2048 ἀποστρέψας
713 1975 811 2047 τὴν
855 1973 1170 2039 Μωαϐῖτιν,
1196 1974 1355 2043 ὕψος
1396 1974 1747 2044 καταφυγῆς
1790 1974 1897 2029 τοῦ

324 2069 529 2137 τοίχου
561 2066 627 2120 τὸ
663 2065 1131 2134 ταπεινούμενον
1160 2064 1320 2117 αὐτόν
1350 2081 1482 2135 φησι
1516 2064 1606 2118 τὸν
1630 2065 1729 2135 τῆς
1755 2065 1896 2118 ἁπά-

321 2174 420 2225 της
458 2157 552 2211 καὶ
588 2156 689 2227 τῆς
725 2154 1163 2228 εἰδωλολατρείας
1205 2156 1608 2228 προεστηκότα.
1655 2198 1667 2210 .
1715 2198 1726 2210 .
1772 2198 1784 2209 .

389 2326 541 2382 θ-ιε’.
590 2327 968 2396 Ἦλπίσαμεν
996 2325 1097 2380 ἐπὶ
1121 2325 1203 2392 τῷ
1231 2326 1477 2396 ὀνόματί
1509 2342 1645 2387 σου,
1672 2328 1769 2380 καὶ
1796 2328 1894 2381 ἐπὶ

318 2418 392 2487 τῇ
421 2419 597 2488 μνείᾳ
617 2412 657 2490 ᾖ
682 2419 961 2487 ἐπεθύμει
983 2417 1022 2485 ἠ
1052 2416 1222 2487 ψυχή
1249 2435 1388 2487 μου.
1406 2420 1508 2472 Ἐκ
1543 2418 1763 2485 νυκτὸς
1796 2420 1893 2488 ὀρ-

318 2508 494 2578 θρίζει
529 2509 596 2563 τὸ
620 2507 855 2578 πνεῦμά
877 2525 998 2577 μου
1033 2507 1184 2576 πρὸς
1215 2508 1310 2574 σὲ,
1333 2511 1366 2563 ό
1393 2509 1558 2575 Θεὸς.
1585 2509 1736 2563 διότι
1767 2508 1894 2577 φῶς

317 2605 391 2657 τὰ
420 2602 846 2674 προστάγματα
885 2620 1003 2658 σου
1044 2604 1144 2656 ἐπὶ
1184 2602 1291 2672 τῆς
1322 2603 1456 2673 γῆς.
1494 2606 1895 2671 Δικαιοσύνην

310 2694 549 2764 μάθετε,
575 2698 630 2749 οι
650 2695 1023 2760 ἐνοικοῦντες
1049 2693 1147 2748 ἐπὶ
1169 2693 1278 2764 τῆς
1292 2694 1426 2765 γῆς.
1455 2695 1754 2751 Πέπαυται
1783 2696 1894 2767 γὰρ

318 2787 351 2837 ὀ
375 2783 629 2850 ἀσεϐὴς,
658 2801 712 2838 κ..
742 2801 794 2839 τ.
828 2783 854 2834 λ
875 2821 890 2836 .

446 2908 464 2925 .
506 2909 523 2925 .
561 2873 642 2935 είς
666 2872 765 2942 τὴν
794 2873 1051 2925 ἐπιοῦσαν
1082 2873 1534 2945 ἡμέρανίὪστεερ
1559 2875 1616 2928 δὲ
1639 2877 1696 2929 ὲν
1733 2876 1892 2930 παντὶ¹

317 2964 526 3034 ῥήματι
568 2962 703 3017 Θεοῦ
748 2962 1009 3034 τρέφεται
1039 2964 1078 3031 ἠ
1119 2963 1314 3032 ψυχὴ,
1345 2964 1487 3018 οὕτω
1516 2966 1611 3020 καὶ
1643 2967 1702 3019 ὲν
1728 2968 1892 3021 παντὶ

313 3052 693 3123 προστάγματι
719 3052 1141 3118 καταυγὰζεται.
1167 3052 1375 3123 Σπουδὴ
1408 3052 1586 3106 τοίνυν
1612 3054 1751 3107 ἔστω
1778 3053 1893 3123 τὴν

313 3141 710 3209 δικαιοσύνην
746 3140 974 3210 μαθεῖν.
1003 3142 1259 3196 Διδακτδν
1292 3142 1402 3213 γὰρ
1429 3143 1492 3196 ού
1531 3144 1787 3212 φυσικὸν,
1818 3144 1893 3209 ὡς

2000 1885 2223 1939 Manum
2271 1887 2415 1941 enim
2447 1902 2544 1956 pro
2575 1886 2625 1940 vi
2660 1885 2749 1940 illa
2781 1885 2999 1955 agendi,
3033 1898 3142 1955 qua
3189 1884 3296 1939 sibi
3328 1884 3581 1939 homines

2000 1977 2069 2031 ad
2098 1977 2240 2033 bona
2287 1992 2450 2047 opera
2486 1987 2704 2034 creatos
2740 1978 3074 2048 snbjngavit,
3105 1977 3412 2048 usurpavit.
3440 1976 3583 2033 Con:

2000 2084 2161 2124 verso
2208 2068 2406 2125 deinde
2452 2069 2520 2125 ad
2565 2068 2911 2124 Moabitidem
2957 2084 3246 2134 sermone,
3300 2083 3397 2140 per
3440 2069 3578 2139 deje—

1998 2171 2142 2215 ctam
2193 2161 2533 2216 altitudinem
2587 2163 2727 2215 muri
2783 2162 2994 2233 refugii,
3048 2162 3229 2233 ipsum
3266 2162 3477 2218 fraudis
3524 2170 3578 2216 ιι

2002 2253 2325 2309 idololatria:
2365 2254 2651 2323 prmsidem
2678 2254 3022 2309 deturbatum
3050 2254 3117 2309 iri
3143 2255 3436 2326 signiﬁcat.
3466 2292 3480 2311 .
3508 2295 3526 2311 .
3560 2293 3574 2306 .

2072 2343 2235 2400 Vens.
2272 2344 2424 2400 945.
2462 2344 2800 2412 Speravimus
2830 2346 2884 2398 in
2915 2346 3123 2400 nomine
3164 2356 3275 2410 tuo,
3302 2355 3353 2400 et
3379 2347 3432 2399 in
3464 2363 3574 2401 me-

2000 2435 2169 2487 moria
2188 2450 2345 2504 quam
2365 2433 2690 2488 desideravit
2726 2435 2908 2487 animo
2940 2451 3075 2489 mea.
3115 2435 3188 2490 De
3214 2445 3362 2489 nocte
3391 2436 3574 2506 vigilat

1998 2526 2217 2592 spiritus
2262 2540 2409 2578 meus
2443 2524 2512 2578 ad
2564 2535 2631 2588 te,
2670 2523 2831 2590 Deus,
2860 2526 2987 2594 quia
3038 2526 3131 2579 lux
3168 2526 3381 2595 judicia
3410 2525 3574 2596 326

2000 2628 2091 2671 tua
2113 2633 2270 2687 super
2294 2615 2802 2671 terramJustitiam
2823 2617 3032 2687 discite,
3059 2620 3150 2689 qui
3178 2619 3434 2675 habitatis
3469 2630 3574 2673 ter—

2000 2724 2141 2775 ram.
2172 2706 2411 2760 Cessavit
2436 2708 2576 2761 enim
2604 2706 2817 2773 impius,
2847 2716 2950 2762 etc.

2071 2926 2083 2937 .
2128 2924 2141 2939 .
2180 2929 2194 2942 .
2241 2924 2253 2937 .
2299 2912 2311 2938 ε
2352 2885 2409 2940 ln
2465 2886 2609 2941 diem
2671 2887 2994 2943 crastinum.
3053 2887 3124 2944 Ut
3181 2896 3364 2945 autem
3416 2890 3568 2946 omni

1997 2977 2162 3032 verbo
2209 2977 2299 3032 Dei
2355 2979 2599 3032 nutritur
2632 2980 2848 3045 anima,
2889 2979 2970 3035 sic
3018 2981 3265 3051 quolibet
3297 2992 3569 3053 praecepto

1998 3069 2329 3124 illustratur.
2378 3067 2658 3124 Justitiam
2685 3084 2816 3141 ergo
2860 3069 3059 3124 discere
3104 3086 3237 3127 cura
3275 3075 3375 3141 sit;
3406 3089 3568 3145 quam

1998 3159 2309 3228 disciplina,
2361 3174 2467 3214 non
2524 3167 2721 3214 natura
2788 3160 3043 3230 largitur,
3083 3171 3142 3217 ut
3191 3163 3461 3232 auditum,
3512 3175 3573 3220 ut

313 3231 374 3283 τὸ
404 3232 536 3303 ὁρᾷν
567 3248 624 3285 τε
652 3232 745 3284 καὶ
770 3231 991 3285 ἀκούειν
1013 3266 1029 3296 ,
1081 3234 1437 3302 μυσταγωγὸς
1469 3235 1525 3287 δὲ
1558 3236 1698 3305 πρὸς
1738 3236 1888 3290 τοῦτο

1997 3250 2196 3304 visum.
2228 3249 2331 3305 Sed
2360 3258 2446 3306 est
2474 3248 2638 3321 hujus
2667 3249 2978 3320 disciplinae
3007 3260 3213 3323 mystes
3244 3266 3299 3312 et
3325 3231 3573 3310 initiator

311 3323 567 3392 Χριστὸς,
595 3322 679 3392 ἐφ’
699 3318 759 3377 οῦ
786 3323 1006 3391 λέγεται
1028 3323 1112 3376 τό’
1139 3324 1393 3379 Ἔσονται
1425 3324 1626 3389 πάντες
1652 3325 1895 3380 διδακτοὶ

312 3411 469 3467 Θεοῦ.
500 3412 673 3466 Τοῦτο
699 3413 755 3466 δὲ
780 3414 872 3467 καὶ
900 3412 995 3468 νῦν
1018 3416 1130 3478 τοῖς
1160 3415 1226 3467 ὲκ
1263 3415 1368 3468 τῶν
1397 3416 1567 3472 ἐθνῶν
1601 3435 1893 3474 πεπιστευ-

312 3506 463 3558 κόσιν
504 3507 533 3558 6
567 3507 853 3577 προφήτης
898 3506 1353 3576 παρακελεύεται,
1385 3509 1524 3579 ὅπερ
1573 3509 1717 3564 ἔοικε
1768 3511 1848 3582 τῷ
1872 3529 1885 3541 ·

321 3613 340 3646 ι
362 3595 654 3649 Ἀκούσατε
680 3595 874 3663 ταῦτα,
902 3597 1078 3651 πάντα
1095 3597 1163 3651 τὰ
1178 3596 1329 3668 ἔθνη·
1361 3600 1712 3666 ἐνωτίσασθε,
1745 3602 1885 3655 πάν-

315 3703 404 3750 τες
444 3688 494 3740 οἱ
543 3686 925 3752 κατοικοῦντες
971 3689 1070 3759 τὴν
1119 3688 1469 3761 οξκουμένην.
1497 3691 1608 3744 Καὶ
1636 3692 1731 3745 νῦν
1776 3692 1885 3766 γὰρ

311 3780 340 3831 6
376 3779 664 3850 προφήτης
694 3780 901 3844 πάντας
927 3779 1083 3833 καλεῖ
1107 3779 1241 3853 πρὸς
1279 3780 1380 3852 τὴν
1407 3781 1772 3855 εὐαγγελικὴν
1799 3785 1886 3839 ὄι-

309 3870 645 3938 καιοσύνην
679 3872 803 3934 τοὺς
831 3871 934 3925 ἀνὰ
976 3872 1157 3924 πᾶσαν
1194 3871 1480 3937 οἰκοῦντας
1529 3874 1627 3945 τὴν
1667 3876 1792 3947 γῆν,
1824 3877 1885 3930 οὐ

307 3959 433 4019 τοὺς
459 3958 519 4024 ἐξ
552 3959 767 4031 Ἰσραὴλ
792 3960 985 4031 μόνους
1004 4001 1019 4025 ,
1051 3961 1128 4027 ὡς
1154 3961 1249 4016 τοῦ
1281 3959 1523 4030 Μωσέως
1546 3966 1576 4019 6
1600 3967 1759 4037 νόμος
1781 3985 1794 3999 °
1825 3969 1886 4023 τὸ

306 4048 364 4102 δὲ
392 4049 637 4104 ἀπειθεῖν
673 4052 771 4105 οὐκ
808 4052 1062 4124 ἀζήμιον.
1108 4053 1413 4110 Πέπαυτιιι
1448 4057 1556 4128 γὰρ
1595 4062 1629 4114 ό
1656 4059 1885 4129 ἀσεϐὴς

306 4140 588 4210 οἰχόμενος
628 4143 766 4213 πρὸς
806 4142 1098 4209 ἅπιὲιλειαν,
1142 4146 1252 4208 πᾶς
1286 4145 1345 4209 ὃς
1381 4146 1448 4200 ἂν
1470 4147 1558 4217 μὴ
1586 4148 1749 4220 μάθῃ
1793 4150 1882 4204 δι-

306 4230 662 4298 καιοσύνην,
694 4230 844 4299 μηδὲ
874 4231 1100 4302 ποιήσῃ
1158 4234 1475 4302 ἀλήθειαν,
1500 4237 1599 4309 τὴν
1627 4239 1687 4293 ἐν
1723 4239 1883 4294 πνεύ-

309 4335 441 4388 ματι
486 4320 581 4373 καὶ
619 4320 846 4393 ἀληθείᾳ
869 4323 1109 4394 δηλονότι
1136 4324 1393 4397 λατρείαν
1418 4346 1477 4383 τε
1512 4334 1606 4384 καὶ
1636 4332 1878 4402 προσκύε-

1994 3336 2266 3405 Christus,
2324 3340 2378 3395 in
2432 3356 2592 3411 quem
2648 3341 2780 3395 illttd
2828 3350 2935 3408 est,
2985 3344 3131 3412 quod
3178 3359 3428 3400 omnesa
3460 3344 3571 3403 Deo

1993 3429 2268 3503 docendos
2303 3444 2428 3485 esse
2479 3429 2745 3484 scribitur
2775 3430 2842 3484 ".
2889 3430 3043 3486 Istud
3096 3447 3229 3487 vero
3262 3433 3371 3490 illis
3402 3435 3568 3489 etiam

1992 3536 2141 3576 nunc
2182 3519 2436 3591 praecipit
2467 3521 2758 3590 propheta,
2806 3523 2898 3592 qui
2947 3522 3016 3577 de
3065 3525 3307 3593 gentium
3339 3542 3569 3581 numero

1992 3611 2150 3665 ﬁdem
2178 3611 2410 3680 amplexi
2435 3622 2602 3666 sunt:
2641 3613 2951 3682 cujusmodi
2985 3622 3071 3669 est
3101 3616 3232 3670 illud
3260 3634 3276 3671 :
3313 3635 3333 3668 ι
3369 3616 3509 3673 Audi
3538 3634 3569 3673 e

1990 3700 2130 3763 hac,
2160 3716 2351 3757 omnes
2385 3713 2605 3772 gentes;
2636 3706 2927 3771 attendite,
2961 3721 3153 3763 omnes
3175 3708 3273 3779 qui
3304 3709 3566 3765 habitatis

1988 3801 2193 3847 terram
2227 3794 2293 3846 ’°.
2347 3792 2588 3869 Nam‘et
2642 3797 2746 3850 isto
2807 3798 2927 3850 loco
2979 3800 3243 3867 propheta
3295 3800 3568 3857 universin

1988 3891 2147 3939 terrae
2168 3885 2397 3950 incolas,
2418 3902 2526 3940 non
2549 3886 2772 3941 Iudaeos
2799 3897 3034 3954 tantum,
3064 3898 3123 3943 ut
3141 3889 3308 3947 Mosis
3331 3893 3424 3948 illa
3455 3894 3564 3959 lex,

1987 3976 2055 4030 ad
2083 3977 2454 4047 evangelicam
2482 3978 2753 4046 justitiam
2803 3979 3033 4046 invitat;
3084 3995 3115 4034 a
3162 3996 3270 4051 qna
3321 3985 3414 4052 qui
3464 3987 3564 4036 ah-

1987 4069 2326 4133 horrnerint,
2385 4069 2609 4137 impune
2666 4085 2774 4123 non
2836 4071 3102 4125 tulerunt.
3138 4071 3374 4127 Cessavit
3422 4076 3562 4129 enim

1984 4159 2178 4227 impius
2207 4159 2422 4214 delatus
2463 4160 2528 4213 ad
2580 4160 2896 4227 interitum;
2935 4161 3116 4217 omnis
3165 4162 3423 4219 nimirum
3465 4167 3561 4235 qui

1977 4252 2254 4322 justitiam
2278 4239 2612 4317 nou‘discit,
2660 4269 2822 4323 neque
2869 4255 3139 4308 veritatem
3171 4255 3319 4323 fecit,
3360 4257 3413 4312 id
3452 4270 3558 4325 est,

1983 4344 2077 4413 qui
2110 4343 2349 4413 positum
2382 4343 2435 4397 in
2466 4344 2662 4414 spiritu
2694 4355 2746 4399 et
2770 4347 3000 4401 veritate
3040 4349 3248 4402 cultum
3278 4349 3561 4406 adoratio-

304 4409 682 4510 rqotvl’xxta‘v
709 4411 817 4482 γὰρ
850 4407 996 4484 εἶχεν
1028 4416 1056 4468 6
1084 4415 1248 4486 νόμος
1271 4417 1380 4472 τῶν
1409 4420 1713 4499 μελλόντων
1736 4424 1877 4493 ἀγα-

1994 4447 2220 4503 nemque
2256 4447 2365 4487 non
2411 4435 2687 4489 observat.
2742 4432 3001 4488 Umbram
3042 4436 3189 4489 enim
3245 4436 3556 4494 futurorum

306 4494 441 4593 θῶν.
466 4498 702 4593 Χριστὸς
733 4500 791 4553 δὲ
825 4502 984 4571 μόνος
1002 4502 1275 4575 ἀλήθεια,
1300 4508 1359 4573 ὃς
1387 4511 1480 4565 καὶ
1499 4496 1724 4581 γέγονεν
1746 4516 1878 4586 ἡμῖν

1994 4494 2255 4580 bonorum
2287 4525 2372 4581 lex
2396 4526 2586 4591 habuit
2615 4526 2681 4579 ³⁸.
2703 4526 2808 4581 Sed
2839 4525 3092 4583 Christus
3113 4544 3256 4585 unus
3280 4533 3469 4586 veritas
3486 4506 3584 4593 ’κ’

306 4589 458 4660 παρὰ
482 4591 581 4666 τοῦ
615 4592 855 4664 Πατέρος
882 4593 1257 4668 δικαιοσύνη.
1288 4601 1385 4654 καὶ
1425 4601 1462 4656 ἃ
1493 4603 1576 4657 δεῖ
1596 4614 1627 4655 ιι
1658 4623 1874 4678 παραγ-

301 4679 482 4747 γέλλει
516 4681 873 4748 δικαιοσύνη
894 4686 954 4739 τέ
987 4688 1103 4742 ἔστι
1133 4690 1225 4744 καὶ
1250 4691 1522 4760 ἀλήθεια.
1542 4696 1781 4766 Αῑρεται
1808 4698 1879 4753 δὲ

301 4774 336 4826 ό
363 4771 610 4841 ἀσεϐὴς,
632 4775 732 4830 ἵνα
758 4777 851 4847 μὴ
872 4777 970 4848 ιδῃ
993 4779 1107 4849 τὴν
1126 4781 1313 4847 δόξαν
1330 4786 1714 4861 Κυρίου.Φησὶ
1742 4791 1873 4861 γάρ·

308 4879 326 4912 ι
350 4862 476 4916 Ἐὰν
505 4864 584 4934 μὴ
618 4870 943 4940 πιστεύσητε
987 4871 1070 4926 ὅτι
1116 4873 1226 4941 ἐγώ
1252 4875 1389 4945 εἰμι,
1424 4878 1482 4931 ὲν
1526 4883 1647 4942 ταῖς
1692 4882 1874 4955 ἁμαρ·

297 4955 441 5019 τίαις
472 4956 626 5027 ὑμῶν
657 4959 1038 5026 ἀποθανεῖσθε,
1064 4983 1082 5017 ι
1111 4965 1221 5019 Καὶ
1249 4966 1413 5021 πάλιν
1432 4985 1446 4998 ·
1477 4989 1495 5022 ι
1518 4970 1576 5024 '0
1597 4975 1872 5029 πιστεύων

296 5048 379 5109 είς
398 5047 489 5102 τὸν
518 5049 670 5114 Υἱδν,
698 5052 758 5105 οὐ
784 5055 1049 5124 κρίνεταιο
1080 5058 1109 5110 6
1136 5057 1193 5112 δὲ
1220 5057 1294 5130 μή
1321 5062 1612 5129 πιστεύων,
1641 5066 1742 5137 ἤδη
1771 5066 1866 5121 κέ-ζ

297 5157 504 5209 κριται.
534 5159 554 5193 ι
600 5142 695 5214 Μὴ
727 5145 900 5200 συνὼν
925 5148 1034 5219 γὰρ
1064 5150 1300 5220 Χριστῷ,
1342 5153 1459 5217 πῶς
1502 5155 1712 5224 ὄψεται
1756 5158 1870 5228 τὴν

293 5230 484 5296 δόξαν
511 5233 676 5288 αὐτοῦ
697 5251 713 5300 ;
736 5236 1108 5307 Ἀαμόἀνεται
1139 5239 1197 5293 δὲ
1235 5241 1384 5296 τοῦτο
1413 5246 1507 5298 καὶ
1536 5248 1616 5312 εἰς
1641 5250 1733 5303 τὸν
1760 5253 1869 5307 διά·

368 5414 415 5495 ’ξ
447 5414 633 5470 Matth.
675 5430 759 5495 si,
780 5416 902 5495 28._
945 5415 1002 5495 "_
1029 5417 1134 5473 lsa.
1163 5435 1274 5485 m,
1306 5425 1367 5495 Ἰ.
1432 5423 1477 5456 ⁸⁸
1509 5424 1638 5481 Luc.
1673 5444 1726 5493 ι,
1762 5431 1846 5483 l9.

1996 5428 2155 5486 Joan.
2175 5447 2247 5495 vr,
2280 5431 2348 5484 ιδ

1497 5497 1542 5527 ’⁵
1579 5496 1738 5553 Joan.
1770 5517 1854 5566 ιιι,
1891 5502 1970 5557 l8.

297 5482 342 5514 "
379 5484 513 5540 Joan
580 5502 692 5553 XIV,
726 5485 779 5541 6.
854 5487 903 5519 ”
974 5486 1133 5543 Joan.
1164 5482 1278 5557 νιιι,
1308 5494 1399 5547 24.

1983 4617 2124 4673 idem
2152 4618 2308 4674 nobis
2339 4632 2371 4672 a
2403 4617 2566 4675 Patre
2582 4619 2804 4688 justitia
2834 4621 3072 4686 exsistit,
3103 4630 3158 4678 ct
3186 4639 3306 4693 quite
3337 4620 3586 4679 annun-'

1982 4708 2103 4772 tiat,
2125 4707 2345 4778 justitia
2370 4718 2501 4763 sunt
2531 4716 2586 4763 et
2618 4709 2832 4764 veritas.
2864 4709 3098 4764 Tollitur
3132 4722 3313 4768 autem
3338 4715 3553 4783 impius.

1981 4814 2046 4853 ne
2067 4799 2240 4854 videat
2267 4799 2496 4868 gloriam
2521 4798 2637 4853 Dei.
2671 4800 2759 4853 Ait
2780 4802 2923 4855 enim
2953 4821 2967 4856 :
3004 4820 3023 4853 ι
3054 4800 3168 4858 Nisi
3209 4804 3556 4860 credideritis

1976 4889 2120 4959 quod
2150 4904 2250 4958 ego
2278 4904 2423 4951 sum,
2466 4891 2521 4943 in
2556 4891 2795 4959 peccatis
2840 4894 3041 4948 vestris
3078 4896 3388 4950 moriemini
3424 4896 3489 4950 “.
3533 4917 3550 4946 ι

1978 4980 2178 5035 Deinde
2215 4998 2228 5035 :
2267 4979 2412 5046 «Qui
2442 4982 2616 5036 credit
2643 4982 2697 5035 in
2729 4979 2948 5047 Filium,
2982 4999 3088 5039 non
3120 4985 3430 5053 indicatur;
3459 4991 3552 5056 qui

1973 5082 2156 5127 autem
2188 5087 2296 5126 non
2328 5072 2523 5134 credit,
2554 5072 2665 5141 jam
2700 5073 2983 5142 judicatus
3006 5084 3090 5131 est
3114 5076 3182 5130 ".
3218 5095 3236 5128 ι
3274 5076 3374 5142 Qui
3407 5078 3551 5130 enim

1984 5162 2184 5219 Christi
2209 5161 2458 5232 gloriam,
2485 5164 2575 5231 qui
2610 5177 2735 5217 cum
2761 5164 2982 5220 Christo
3012 5181 3121 5220 non
3156 5166 3340 5230 fuerit,
3381 5165 3555 5219 videre

1975 5254 2191 5324 possit?
2241 5253 2427 5309 Potest
2474 5267 2603 5307 vero
2643 5264 2696 5308 et
2743 5254 2913 5319 istud,
2948 5258 3001 5310 in
3034 5255 3310 5311 diabolum
3358 5269 3554 5311 veciir-

2474 5429 2520 5460 θ’
2559 5427 2702 5483 Psal.
2738 5446 2928 5497 aut",
2960 5433 3015 5486 2.
3111 5431 3154 5464 ⁹¹
3189 5432 3363 5494 llebr.
3410 5452 3470 5510 ι,
3496 5435 3546 5492 1.

1558 5615 1643 5671 VA
1656 5615 1794 5672 [ilsz
1834 5616 2237 5676 LECTIONES.

371 5702 395 5731 ⁸
424 5712 512 5766 γρ.
542 5697 670 5767 γάρ.
745 5705 774 5746 ι’
798 5714 884 5766 γρ.
912 5697 1001 5767 δή.

629 5786 901 5847 ΡΑτιιοι..
949 5791 1065 5849 Gn.
1114 5788 1474 5850 LXXXVII.
