4022 6210
461 242 598 303 2210
1754 242 2112 303 PROCOPII
2157 242 2402 303 ϐΑΖίΕΙ
3639 241 3784 306 2220

398 423 403 429 l
453 351 907 424 ilusque'Jutlaeos
943 354 1222 425 usurpari.
1254 353 1390 408 Cum
1421 352 1584 424 327
1605 352 1753 408 enim
1787 354 1856 410 iis
1891 353 1986 411 Dei

2203 354 2315 420 λον,
2350 353 2446 408 καὶ
2486 355 2613 419 τοὺς
2655 353 2978 425 ἀγνώμονας
3021 355 3358 417 Ἰουδαίους.
3381 353 3788 418 Ἄπειλοῦντος

400 433 404 504 ί
432 448 760 514 minitetur,
802 447 894 518 qui
913 447 1187 517 justitiam
1216 461 1322 501 non
1350 445 1673 513 didicerunt,
1708 461 1772 500 ea
1802 446 1988 518 propht

2199 448 2252 518 ip
2291 447 2383 500 τοῦ
2427 446 2564 501 Θεοῦ
2612 449 2727 510 τοῖς
2762 447 2847 516 μὴ
2894 446 3292 517 μανθάνουσι
3330 445 3787 514 δικαιοσύνην,

447 542 700 604 umqum
744 533 814 589 ab
865 533 1250 590 incredulitate
1285 530 1601 588 Iudaeorum
1645 535 1890 605 proiecta
1930 542 2035 602 est,

2201 558 2226 602 ς
2253 538 2568 610 ἀνάμνησιν
2597 541 2626 592 ό
2651 540 2937 609 προφήτης
2975 534 3108 608 ἦλθε
3151 537 3265 608 τῆς
3313 537 3424 590 ’τοῦ
3463 536 3700 608 Ἰσραὴλ
3731 535 3787 603 ἐξ

453 626 512 681 in
558 623 1001 700 recordationem
1057 625 1206 682 subit
1255 625 1551 696 ignoratio.
1611 625 1703 682 Dei
1761 627 2037 698 siquidem

2201 629 2426 692 τειθείας
2448 628 2691 697 ἀγνοίας.
2710 629 2766 683 '0
2787 629 2884 698 μὲν
2901 628 3008 696 γὰρ
3035 626 3128 685 τοῦ
3152 627 3307 681 Θεοῦ
3336 627 3484 690 Υἱὸς
3498 627 3789 696 βραχίων

455 715 662 782 Filius,
713 714 893 770 Patris
935 713 1231 780 brachium,
1264 729 1374 786 quo
1399 720 1598 770 cuncta
1649 714 1837 772 eliecta
1887 724 2035 782 sunt,

2199 721 2436 790 γόμενος
2461 719 2553 773 τοῦ
2580 719 2842 790 Πατέρος,
2867 718 2934 773 δι’
2957 712 3019 772 οὗ
3043 719 3111 773 τὰ
3144 702 3631 786 πάντίγέγονε,
3656 735 3787 790 σαρ-

454 808 758 878 appellatus
785 808 854 870 ³⁸,
891 805 1122 875 ideoque
1162 807 1483 861 incarnatus
1535 814 1594 861 ut
1627 815 1788 863 terra:
1829 807 2038 866 incolas

2192 813 2344 876 ωθεὶς
2381 812 2466 868 ἵνα
2493 809 2763 884 δικαιώσῃ
2800 811 2925 874 τοὺς
2963 811 3055 870 ἐπὶ
3081 811 3182 880 τῆς
3203 810 3336 880 γῆς
3373 811 3476 864 διὰ
3511 811 3780 875 πίστεως.

424 917 550 971 .per
579 900 737 955 ﬁdem
765 898 1120 969 justilicaret,
1145 913 1207 955 ea
1232 915 1356 970 qua:
1389 907 1644 954 naturam
1681 909 1735 955 et
1767 901 2012 962 rationem

2197 908 2213 957 ι
2244 904 2383 974 ὑπὲρ
2421 906 2583 972 φύσιν
2616 912 2711 958 καὶ
2741 902 2899 970 λόγον
2926 902 3250 974 εἰργάζετο,
3293 901 3674 968 διὰτούτων,
3710 903 3785 968 ὡς

451 993 805 1055 exsuperant,
840 984 908 1038 ad
945 985 1252 1040 divinitatis
1287 1002 1399 1042 suae
1431 987 1812 1057 probationem
1847 1005 2039 1060 opera-

2193 997 2279 1060 εὸς
2305 997 2386 1067 εἴη
2406 1037 2421 1062 ,
2449 997 2683 1061 δεικνύς.
2718 997 2916 1067 Διόπερ
2951 996 3225 1069 ἔφασκενο
3277 1016 3299 1049 σ
3339 995 3411 1049 El
3440 996 3511 1050 ού
3537 997 3687 1051 ποιῶ
3716 999 3781 1050 τὰ

451 1078 633 1132 batur.
688 1077 928 1147 Indeque
976 1088 1063 1134 est
1113 1079 1261 1149 quod
1311 1080 1497 1136 aiebat
1540 1100 1554 1135 :
1608 1099 1626 1131 ι
1668 1080 1724 1136 Si
1757 1097 1868 1137 non
1899 1082 2039 1140 facio

2194 1105 2286 1157 ιγα
2331 1088 2425 1142 τοῦ
2464 1088 2704 1159 Πατέρος
2738 1107 2863 1159 μου,
2901 1089 2977 1159 μὴ
3026 1089 3335 1144 πιστεύετέ
3393 1105 3524 1158 μοι.
3561 1107 3582 1139 ι
3623 1091 3688 1142 ΟΞ
3729 1089 3782 1142 δὲ

448 1184 618 1238 opera
644 1168 822 1223 Patris
869 1169 998 1235 mei,
1029 1170 1198 1225 nolite
1249 1169 1382 1224 mihi
1414 1171 1640 1228 credere
1665 1174 1733 1226 ".
1794 1191 1812 1226 ι
1867 1173 2036 1230 Cat-te-

2189 1179 2378 1248 οῶντες
2430 1179 2522 1234 καὶ
2563 1179 2976 1249 διδασκόμενοι,
3005 1179 3140 1250 πρὸς
3183 1179 3270 1248 τῷ
3329 1178 3418 1250 μὴ
3469 1178 3777 1247 πιστεύειν,

427 1278 571 1315 ΤιΙΙΙὶ
633 1268 996 1331 ρνεειοιηυειιιι
1057 1263 1244 1332 quod,
1302 1265 1399 1333 qui
1450 1263 1708 1320 videbant
1771 1273 1826 1320 et
1879 1265 2015 1322 doce

2189 1272 2516 1343 αμαρείτην,
2535 1272 2631 1325 καὶ
2653 1271 3013 1341 δαιμονῶντα,
3029 1273 3124 1326 καὶ
3144 1272 3430 1342 μέθυσον,
3453 1273 3563 1326 καὶ
3587 1272 3776 1324 τέκτο-

453 1355 689 1418 bzmtur,
755 1368 858 1408 non
923 1354 1254 1421 credebant,
1325 1352 1728 1410 Samaritanum
1789 1357 1865 1421 ’7,
1936 1357 2041 1411 dae-

2187 1381 2240 1426 ος
2264 1362 2495 1417 ἐκάλουν
2528 1363 2663 1417 υἱόν.
2701 1363 3030 1432 Σωζομένων
3057 1363 3113 1416 δὲ
3144 1363 3259 1415 τῶν
3297 1361 3514 1422 ἐθνῶν,
3549 1361 3775 1432 πονηρῷ

451 1444 807 1506 tuuniacum,
873 1445 1235 1500 temulentum
1298 1445 1384 1511 ’⁸,
1453 1444 1702 1516 fabrique
1770 1446 1941 1502 lilium
1997 1447 2039 1480 ³⁸

2190 1455 2433 1525 αιόμενοι
2462 1454 2630 1526 ζήλῳ,
2663 1455 3062 1523 πυρίκαυστοι
3085 1453 3362 1522 γενέσθαι
3409 1453 3629 1523 μᾶλλον
3655 1451 3778 1523 ἠθε-

448 1537 850 1594 contumeliose
892 1540 1185 1595 vocabant.
1225 1541 1340 1596 lmo
1385 1549 1440 1596 et
1475 1543 1713 1598 servatis
1763 1543 2036 1617 gentibus.

2184 1561 2262 1609 ον,
2287 1546 2320 1616 ἢ
2352 1544 2526 1599 ταῦτα
2559 1545 2778 1616 βλέπειν
2806 1548 3109 1617 σωζόμενα.
3141 1544 3329 1598 Τοῦτο
3365 1544 3428 1598 δὲ
3456 1545 3559 1598 καὶ
3589 1544 3686 1597 ἐπὶ
3709 1547 3769 1614 τῇ

448 1646 574 1687 cum
596 1631 716 1687 zelo
747 1631 1042 1702 ﬂagrarent
1076 1631 1350 1702 improbo,
1394 1633 1512 1703 igne
1552 1633 1738 1703 potius
1781 1605 2036 1704 consumi:

2186 1605 2259 1691 οὖν
2299 1605 2570 1707 ὲωτῆρος
2609 1638 2862 1706 γεννήσει
2896 1605 3248 1691 ’πεπονθέναι
3291 1637 3482 1706 φησὶν
3509 1605 3774 1697 ἀὐτοὺςύ

448 1735 615 1792 quam
666 1721 724 1776 in
761 1721 983 1777 easdem
1016 1730 1269 1777 servalas
1306 1721 1509 1777 intueri
1545 1723 1842 1779 malebant.
1879 1721 2034 1790 Quod

1933 1724 2034 1779 uod
2065 1729 2114 1788 B
2141 1729 2452 1800 προφήτης,
2491 1730 2573 1783 ὅτι
2611 1728 2825 1784 παιδίον
2864 1728 3127 1799 ἐγεννήθη
3169 1730 3314 1799 ἡμῖν
3359 1727 3521 1790 Υἱός.

451 1813 506 1866 in
537 1812 658 1883 ipso
677 1811 981 1868 Salvatoris
1008 1819 1134 1866 ortu
1157 1826 1353 1882 passos
1375 1827 1522 1878 esse,
1549 1814 1676 1884 quia
1710 1829 1846 1884 puer
1877 1823 2039 1872 natus

431 1913 595 1962 esset
627 1906 786 1962 nobis
817 1904 1010 1970 Filius,
1042 1905 1313 1974 prepheta
1344 1905 1674 1977 signiﬁcavit
1711 1909 1754 1962 ¹.

519 1997 645 2052 inde
676 2004 763 2053 est
793 1997 978 2068 igitur,
1012 1997 1180 2066 quod,
1214 2011 1484 2053 conversa
1525 1997 1595 2053 ad
1640 1997 1859 2056 Patrem
1904 2015 2036 2056 ora-

2222 1993 2311 2047 Διὸ
2359 1994 2497 2065 πρὸς
2537 1994 2628 2048 τὸν
2661 1993 2880 2064 Πατέρα
2936 1995 3100 2064 φησὶν
3120 1997 3149 2048 ό
3182 1996 3532 2066 προφήτης·
3561 1996 3759 2061 Κύριε,

446 2092 618 2150 tione.
674 2090 927 2145 eumdem
981 2090 1060 2144 sic
1112 2089 1453 2159 alloquitur:
1494 2089 1744 2159 Domine,
1772 2093 2034 2148 excelsum

2173 2084 2384 2154 ιψ-ηλός
2421 2100 2538 2139 σου
2561 2087 2594 2138 ὁ
2628 2084 2920 2154 βραχίων,
2957 2085 3057 2140 καί
3079 2088 3191 2154 οὐχ
3221 2085 3524 2155 ᾔδεισαν.
3577 2084 3674 2148 Ὠς
3700 2083 3761 2156 δὴ

448 2179 723 2234 brachium
759 2189 930 2246 tuum,
966 2187 1016 2234 et
1047 2179 1369 2244 nesciebant,
1413 2181 1543 2250 quia
1586 2181 1851 2237 nimirum
1913 2193 2036 2240 tan-

2165 2171 2332 2226 ιοινοῦ
2363 2191 2506 2236 τινος
2540 2173 2920 2243 ὑπερορῶντες
2950 2173 3271 2246 ἀνθρώπου,
3305 2174 3406 2228 διὰ
3433 2174 3550 2228 τῶν
3571 2175 3753 2244 ἔργων

449 2287 611 2342 quam
668 2271 945 2342 vulgarem
1002 2269 1238 2340 aliquem
1316 2270 1594 2325 hominem
1655 2271 2034 2344 despicerent,

2169 2263 2310 2318 ιῦτδν
2368 2263 2757 2333 ἐπιγινώσκειν
2814 2263 3145 2334 ὀφείλοντες.
3179 2266 3426 2330 Γνόντες
3479 2265 3541 2318 δὲ
3593 2262 3757 2319 αὑτοῦ

447 2377 610 2430 quem
641 2360 711 2415 ab
740 2359 1004 2430 operibus
1055 2374 1390 2431 cognoscere
1432 2359 1757 2418 debuerant.
1813 2363 1884 2419 At
1921 2364 2035 2434 jam

2167 2355 2245 2426 ξῆν
2276 2356 2339 2409 ἐκ
2361 2354 2570 2426 νεκρῶν
2597 2355 2923 2423 ἀναϐίωσιν,
2945 2358 3515 2426 αἱσχυνθήσονται,
3549 2358 3640 2412 ὅτε
3663 2357 3755 2410 καὶ

446 2452 778 2516 erubescant,
833 2451 1044 2521 adjicit,
1107 2451 1228 2521 ejus
1281 2466 1311 2504 a
1348 2459 1523 2507 morte
1575 2455 2034 2511 resurrectionem

2166 2447 2387 2520 ίργύρια
2412 2448 2573 2502 ἱκανὰ
2606 2449 2719 2512 τοῖς
2743 2447 3107 2520 στρατιώταις
3134 2447 3381 2516 ἔδωκαν,
3435 2448 3518 2510 ὡς
3565 2448 3636 2502 ἂν
3680 2447 3754 2517 μὴ

449 2544 664 2610 intuiti;
693 2558 804 2614 quo
854 2552 1098 2614 tempore
1145 2543 1376 2612 pecunia
1409 2544 1678 2602 militibus
1726 2555 2037 2612 numerata,

2165 2540 2318 2592 πᾶσιν
2364 2537 2634 2592 ἔκπυστον
2681 2539 2929 2610 γένηται.
2961 2540 3516 2609 Λεσχυνθήσονται
3563 2539 3624 2592 δὲ
3663 2539 3753 2592 καὶ

450 2650 517 2689 ne
545 2635 613 2689 ad
644 2649 838 2689 omnes
869 2635 946 2688 rei
984 2633 1128 2687 fama
1157 2635 1496 2705 .perveniret,
1531 2636 1800 2707 impedire
1831 2638 2037 2695 frustra

2169 2631 2222 2682 ἱτ’
2263 2629 2330 2683 ἂν
2353 2628 2536 2683 ἴδωσιν
2567 2630 2732 2684 αὑτὸν
2761 2631 3056 2702 ἐρχόμενον
3078 2634 3136 2685 ἐν
3174 2634 3239 2702 τῇ
3284 2631 3426 2703 δόξῃ
3452 2630 3552 2684 τοῦ
3587 2630 3757 2684 Πατέ-

448 2727 630 2781 conati
673 2733 823 2782 sunt.
858 2724 1178 2780 Erubescent
1227 2741 1446 2781 rursum
1487 2727 1573 2782 vel
1621 2737 1735 2783 tum
1769 2731 2034 2796 maxime,

2164 2739 2264 2785 ιος,
2294 2723 2380 2776 ὅτε
2411 2724 2500 2775 καὶ
2516 2722 2608 2775 τοῦ
2642 2721 2929 2792 νυμφῶνος
2955 2723 3304 2776 ἐκκλείονται
3365 2725 3416 2776 oi
3488 2722 3580 2775 διὰ
3629 2721 3752 2782 τοὺς

437 2832 575 2872 cum
604 2817 658 2872 in
700 2815 881 2872 Patris
907 2815 1082 2888 gloria
1117 2816 1425 2872 venientem
1458 2817 1830 2875 intuebuntur
1857 2837 1870 2886 ;
1909 2835 2025 2874 cum

2164 2814 2390 2885 τατέρας
2415 2817 2790 2884 τετιμημένοι.
2826 2812 3014 2866 Αὐτῶν
3033 2813 3141 2884 γὰρ
3170 2815 3224 2866 αἱ
3251 2813 3629 2881 ἐπαγγελίαι,
3660 2811 3752 2864 καὶ¹

453 2909 651 2980 Sponsi
701 2909 992 2974 thalamo,
1043 2909 1162 2963 solo
1213 2917 1430 2978 patrum
1493 2910 1717 2967 nomine
1775 2916 2034 2982 (quorum

2158 2908 2178 2977 ί]
2217 2905 2528 2976 νομοθεσία,
2562 2905 2710 2975 καὶὴ
2742 2905 3000 2975 διαθήκη,
3041 2904 3136 2958 νῦν
3158 2904 3214 2958 δέ
3240 2905 3347 2958 καὶ
3379 2907 3510 2958 τότε
3536 2907 3603 2957 τὰ
3624 2902 3746 2971 ἔθνη

449 3009 608 3056 erant
640 2999 1055 3070 promissiones,
1101 3009 1154 3053 et
1187 2999 1480 3070 legislatio,
1509 3010 1564 3056 et
1600 3003 2032 3074 testamentum),

2155 2997 2489 3064 ἰὴλώσουσι
2573 2997 2706 3066 πυρὶ
2787 2996 2864 3067 τῷ
2930 2995 3134 3066 αἰωνίῳ
3205 2995 3743 3066 παραπεμπόμενοι.

451 3090 918 3146 commendabiles
950 3091 1334 3146 excludantur.
1379 3090 1536 3146 Nunc
1566 3102 1774 3160 autem,
1821 3102 1875 3148 et
1905 3101 2035 3148 tunc

2152 3090 2357 3142 «Αὐτοὶ
2421 3087 2549 3158 γὰρ,
2596 3087 2749 3158 φησὶ,
2803 3085 3203 3158 παρεζήλωσάν
3238 3105 3316 3158 με
3341 3089 3439 3140 ἐπ’
3496 3086 3557 3140 ού
3607 3083 3737 3153 Θεῷ.

452 3185 618 3239 etiam
666 3190 856 3254 gentes
917 3183 1338 3248 remittebantur,
1407 3197 1533 3238 cum
1594 3183 1707 3254 igni
1770 3193 2036 3254 perpetuo

2156 3182 2296 3249 (ἁγὼ
2328 3180 2710 3251 παραζηλώσω
2737 3181 2935 3243 αὐτοὺς
2985 3179 3078 3232 ἐπὶ
3103 3179 3202 3232 οὐκ
3218 3179 3396 3234 ἔθνει.
3431 3198 3450 3231 ι
3497 3178 3666 3246 Ὑπὲρ
3691 3175 3744 3229 δὲ

451 3275 760 3331 tradentur.
794 3293 812 3326 ι
856 3274 962 3345 Ipsi
995 3275 1167 3338 enim,
1207 3273 1486 3340 scribitur,
1523 3275 1609 3352 ad,
1631 3276 2035 3332 aemulationem

2153 3273 2344 3326 τούτων
2376 3275 2519 3327 αἰτεῖ
2544 3272 2636 3326 τὸν
2658 3273 2790 3326 Θεὸν
2821 3274 2848 3324 ὁ
2908 3272 3194 3344 προφήτης
3233 3273 3344 3343 τὴν
3415 3272 3559 3343 πρὸς
3587 3267 3741 3324 αὑτὸν

455 3383 542 3423 me
575 3375 1015 3437 provocat-erunt
1065 3368 1119 3420 in
1161 3380 1228 3420 eo
1269 3365 1417 3436 quod
1449 3381 1559 3422 non
1587 3375 1708 3422 erat
1744 3366 1910 3436 Deus,
1941 3368 2036 3425 sed

2153 3363 2387 3433 εἰρήνην
2419 3363 2630 3428 τούτοις
2653 3363 3025 3435 δωρήσασθαι.
3042 3363 3198 3417 Οὕτω
3229 3363 3350 3434 γὰρ
3378 3363 3573 3434 πλήρη
3601 3359 3741 3430 παρά

454 3473 550 3514 eos
574 3459 692 3530 ipse
720 3458 774 3512 in
801 3471 910 3512 non
953 3464 1112 3528 gente
1150 3456 1458 3525 provocabo
1492 3459 1533 3512 ³.
1589 3476 1607 3508 ι
1648 3455 1896 3514 Postulat
1937 3472 2036 3512 au-

2149 3458 2234 3511 σοῦ
2270 3459 2367 3530 τὴν
2419 3458 2578 3528 χάριν
2608 3456 2914 3527 ληψόμεθα,
2950 3455 3187 3511 τοσαῦτα
3215 3457 3309 3510 διὰ
3339 3457 3474 3520 τοὺς
3499 3455 3737 3524 πατέρας

456 3559 566 3605 tem
621 3550 886 3621 propheta
938 3563 969 3602 a
1027 3547 1158 3613 Deo,
1212 3556 1270 3604 ut
1305 3549 1389 3605 eis
1446 3548 1564 3619 ipse
1611 3564 1798 3605 secum
1854 3566 2036 3618 pacem

2151 3551 2514 3620 τετιμημένοι.
2539 3550 2648 3603 Καὶ
2669 3549 2796 3620 περὶ
2823 3548 3015 3603 ἐαυτοῦ
3039 3549 3096 3602 δὲ
3120 3548 3278 3602 τοῦτο
3299 3549 3463 3619 λέγοι
3485 3548 3552 3602 ἂν
3577 3547 3604 3599 ό
3621 3559 3739 3616 προ.

457 3644 745 3713 largiatur.
778 3640 853 3695 lta
881 3641 1027 3712 enim
1060 3641 1392 3696 cumulatam
1441 3649 1498 3697 et
1551 3640 1851 3712 perlectam
1901 3657 1933 3696 a
1983 3651 2040 3698 te

2146 3644 2316 3714 φήτης
2342 3644 2646 3715 ὁμολογῶν,
2669 3643 2745 3706 ὡς
2768 3642 2969 3705 πολλὰς
2990 3641 3143 3712 παρὰ
3167 3641 3260 3694 σοῦ
3292 3643 3492 3696 λαϐὼν
3521 3639 3734 3709 εὐεργε-

461 3734 714 3806 gratiam,
745 3732 943 3804 inquit,
979 3731 1265 3797 inibimus,
1302 3732 1396 3802 qui
1421 3736 1590 3788 tantis
1615 3749 1648 3788 a
1676 3741 1728 3788 te
1753 3732 2035 3789 beneﬁciis

2145 3735 2280 3800 σίας,
2312 3734 2517 3805 ταύτην
2547 3736 2812 3806 μεγίστην
2859 3734 3178 3805 ὁμολογήσω
3206 3733 3304 3805 τὴν
3346 3733 3485 3806 πρὸς
3537 3730 3597 3784 σὲ
3646 3723 3733 3781 τοῦ

452 3842 557 3896 per
590 3832 773 3897 patres
801 3824 978 3882 σπευιὶ
1019 3840 1232 3882 sumus.
1266 3823 1456 3881 Potest
1484 3833 1539 3881 et
1572 3824 1720 3881 istud
1759 3824 1829 3880 ad
1859 3841 1918 3881 se
1945 3841 2036 3881 re-

2142 3827 2326 3891 ἐθνους
2363 3826 2632 3896 εἰρήνην.
2687 3827 2850 3881 Κατὰ
2894 3827 2990 3879 τόδ
3028 3846 3046 3879 ι
3082 3826 3492 3889 Δικαιωθέντες
3539 3822 3629 3877 οὖν
3673 3820 3730 3872 ἐκ

458 3918 654 3975 tulisse
685 3919 950 3989 propheta
991 3918 1184 3986 videri,
1215 3919 1372 3988 quasi
1428 3918 1570 3974 inter
1609 3918 1780 3974 multa
1832 3918 1928 3974 Dei
1980 3919 2034 3976 in

2139 3919 2376 3982 πίστεως
2406 3919 2631 3990 εἰρήνην
2661 3918 2860 3990 ἔχομεν
2885 3919 3024 3990 πρὸς
3056 3920 3148 3973 τὸν
3195 3919 3328 3973 Θεὸν
3388 3918 3478 3972 διὰ
3504 3912 3595 3970 τοῦ
3624 3913 3725 3964 Κυ-

457 4025 520 4066 se
557 4009 842 4074 beneﬁcia,
873 4015 929 4064 et
982 4008 1126 4064 istud
1172 4023 1392 4078 quoque
1431 4009 1828 4078 permaximum
1869 4008 2036 4078 proli-

2139 4011 2256 4082 ρίου
2304 4010 2462 4083 ἡμῶν
2513 4012 2606 4066 καὶ
2632 4011 2888 4084 Σωτῆρος
2917 4011 3123 4078 Ἰησοῦ
3161 4013 3451 4080 Χριστοῦ.
3497 4030 3515 4062 ι
3569 3999 3640 4061 Ub
3669 4001 3727 4070 δὴ

459 4109 658 4167 teatur,
696 4102 743 4158 si
777 4101 926 4171 genti
973 4100 1106 4156 .sive
1153 4115 1335 4166 pacem
1381 4099 1452 4154 ab
1499 4101 1690 4154 eodem
1739 4099 2033 4169 impetret;

2138 4102 2438 4169 γεγονότος,
2466 4103 2661 4170 κτῆσις
2688 4101 2927 4172 ἐσόμεθα
2953 4103 3048 4155 καὶ
3069 4102 3270 4174 κλῆρος
3323 4101 3494 4167 Θεοῦ,
3521 4095 3723 4154 οὐδέιά

453 4195 612 4260 juxta
657 4191 787 4247 illud
827 4208 840 4246 :
884 4209 902 4242 ι
953 4188 1244 4246 Juslilicati
1287 4189 1461 4261 328
1487 4189 1655 4259 igitur
1687 4204 1755 4246 ex
1799 4188 1906 4245 ﬁde
1938 4204 2037 4258 pa-

2137 4190 2332 4246 ᾶλλον
2374 4191 2615 4261 ειδότες,
2667 4193 2744 4264 τῷ
2793 4194 2870 4265 σῷ
2924 4195 3075 4266 νόμῳ
3130 4196 3451 4267 πειθόμενοι
3504 4195 3717 4261 λέγοντι·

454 4299 572 4340 cem
611 4285 876 4338 habemus
915 4282 1059 4353 apud
1105 4281 1297 4348 Deum,
1341 4296 1440 4352 per
1488 4280 1782 4337 Dominum
1811 4290 1865 4338 et
1915 4279 2037 4336 Sal-

2145 4300 2164 4334 ι
2192 4283 2396 4356 Κύριον
2425 4285 2667 4340 τὸνθεόν
2699 4303 2794 4340 σου
2826 4287 3244 4358 προσκυνήσεις,
3275 4289 3374 4341 καὶ
3407 4285 3554 4356 αύτῷ
3585 4281 3716 4354 μόνῳ

377 4425 387 4450 ι
457 4385 698 4432 vatorem
721 4375 904 4431 Jecum
939 4373 1212 4431 Christum
1233 4375 1273 4428 ³.
1317 4392 1334 4425 ι
1369 4374 1528 4440 Quod
1553 4381 1702 4430 certe
1725 4389 1850 4430 cum
1885 4389 1965 4429 act

2137 4375 2516 4447 λατρεύσεις.»
2543 4379 2708 4448 Λέγοι
2735 4379 2780 4432 δ’
2805 4380 2871 4434 ἂν
2891 4379 3140 4449 εἰρήνην
3165 4380 3260 4434 καὶ
3281 4381 3378 4435 τὸν
3409 4379 3536 4451 περὶ
3556 4371 3614 4431 οὗ
3634 4371 3715 4426 λέ-

380 4457 404 4492 λ
454 4467 617 4532 derit,
657 4467 714 4521 in
749 4467 840 4521 Dei
875 4473 1081 4521 sortem
1114 4472 1169 4521 et
1213 4466 1618 4534 possessionem
1649 4465 1968 4522 transibimu

1891 4480 2036 4535 mus,
2063 4455 2118 4516 Β
2145 4465 2352 4533 λεκται,
2382 4484 2400 4518 ι
2434 4467 2608 4531 Αὐτὸς
2631 4467 2742 4538 γάρ
2766 4469 2917 4522 ἐστιν
2949 4469 2984 4538 ἡ
3017 4469 3211 4540 εἰρήνη
3235 4468 3416 4541 ἡμῶν.
3460 4489 3476 4521 ι

454 4555 660 4609 nullum
707 4557 875 4610 alium
925 4562 1287 4626 agnoscentes,
1322 4553 1419 4611 sed
1475 4554 1676 4611 divinae
1723 4554 1851 4627 legi,
1904 4571 2025 4627 qua:
2062 4555 2355 4613 Dominum
2391 4557 2560 4613 Deum
2592 4558 2844 4625 adorare,
2875 4557 3037 4630 eique
3087 4559 3189 4615 soli
3257 4563 3469 4616 servire
3538 4547 3692 4626 ρι’ωεί

456 4646 534 4715 pit
581 4646 635 4710 ⁸,
687 4647 1028 4704 obedientes.
1066 4647 1261 4702 Pacem
1304 4661 1501 4704 rursus
1533 4655 1589 4703 et
1651 4661 1776 4704 eum
1849 4647 2102 4718 fortasse,
2145 4649 2214 4706 de
2238 4665 2350 4721 quo
2387 4669 2400 4706 :
2439 4669 2458 4703 ι
2498 4650 2621 4722 Ipse
2653 4649 2802 4706 enim
2838 4657 2921 4706 est
2948 4665 3054 4721 pax
3090 4658 3282 4708 nostra
3311 4653 3364 4720 ⁵,
3410 4671 3428 4705 ι
3473 4648 3710 4718 legimus:

455 4737 768 4810 appellavit.

523 4828 754 4894 Deinde,
793 4827 939 4898 quod
973 4830 1153 4884 omnia
1201 4830 1482 4886 reddidisti
1523 4831 1684 4897 dixit,
1716 4831 1786 4889 de
1833 4846 2032 4902 pecca-

2211 4829 2284 4884 Τδ
2311 4829 2388 4895 δὲ,
2422 4828 2620 4882 πάντα
2641 4827 2750 4898 γὰρ
2778 4826 3089 4894 ἀπέδωκας
3118 4825 3282 4896 ἡμῖν,
3313 4827 3446 4897 φασί
3469 4839 3601 4886 τινες
3621 4820 3707 4888 δη·

455 4932 636 4980 torum
688 4921 889 4992 pcenis.
942 4937 1081 4994 quas
1128 4923 1291 4995 digne
1347 4925 1716 4996 pertulerunt,
1781 4925 2035 4981 nonnulli

2141 4919 2269 4975 λοῦν
2292 4921 2392 4990 τὴν
2420 4921 2541 4974 κατ’
2563 4919 2720 4986 ἀξίαν
2747 4918 2858 4972 τῶν
2898 4919 3319 4990 ἁμαρτημάτων
3346 4917 3499 4988 δίκην
3535 4908 3705 4969 αὐτοῖς

453 5015 784 5085 intelligunt.
813 5013 926 5070 lllis
955 5015 1126 5080 enim,
1158 5017 1334 5082 aiunt,
1368 5017 1567 5074 merito
1594 5016 1755 5074 nobis
1787 5015 2032 5084 inﬂictis,

2142 5010 2496 5083 ἐπαχθεῖσαν.
2543 5007 2798 5062 Ἐκείνων
2828 5007 2940 5080 γὰρ
2985 5008 3209 5072 δικαίως
3236 5017 3266 5058 ιι
3299 5008 3430 5078 ἡμῖν
3455 4996 3702 5070 ἐπαχθέν·

452 5123 577 5163 eum
608 5114 665 5160 tu
692 5106 853 5163 nobis
883 5106 1035 5174 dato,
1061 5109 1154 5178 qui
1185 5109 1340 5165 solus
1367 5109 1494 5164 odio
1523 5117 1617 5165 tuo
1641 5109 1875 5166 liberare
1901 5123 2028 5179 pos-

2135 5123 2266 5172 των,
2294 5103 2382 5167 δὺς
2409 5103 2500 5156 τὸν
2534 5103 2694 5172 μόνον
2729 5099 3042 5166 ἀπαλλάξαι
3087 5101 3188 5171 τῆς
3239 5101 3377 5172 πρὸς
3424 5097 3481 5150 σὲ
3520 5094 3701 5179 δυσμε-

453 5203 548 5258 sit.
599 5197 839 5258 Ratione
889 5201 1163 5273 siquidem
1221 5201 1450 5258 dominii
1498 5205 1678 5258 omnia
1733 5211 1827 5258 tua
1883 5177 2033 5258 sunt.

2145 5197 2294 5260 νείας
2321 5194 2638 5266 δυνάμενον.
2668 5191 2834 5264 Λόγῳ
2866 5193 2964 5266 μὲν
2984 5202 3007 5231 ³·
3029 5191 3343 5256 δεσποτείας
3359 5190 3583 5248 ἅπαντα
3601 5177 3691 5234 σά.

522 5382 575 5417 ⁸⁸
612 5380 745 5438 Luc.
782 5399 820 5448 ι,
852 5381 940 5438 51.
973 5382 1021 5415 ⁸⁸
1037 5378 1198 5436 Joan.
1221 5395 1274 5442 Χ,
1296 5381 1384 5435 57.
1419 5380 1463 5412 ’⁷
1487 5378 1647 5434 Joan.
1680 5398 1776 5444 vn,
1801 5378 2110 5447 ‘20;Joan.‘

2107 5393 2225 5444 vru,
2257 5376 2462 5448 {8,52.
2513 5376 2560 5409 ⁸⁸
2596 5374 2786 5448 Matth.
2821 5390 2899 5448 xi,
2928 5373 3031 5440 l9;
3067 5374 3202 5448 Duc.
3225 5371 3426 5448 $53!.
3475 5359 3687 5448 "mf?

454 5467 532 5519 Vl,
558 5452 614 5506 5.
658 5423 980 5526 Ὕίἑόῗῖὶ,
1006 5423 1101 5504 6.ν
1140 5452 1160 5482 ²
1183 5423 1342 5508 Deut.
1379 5464 1553 5517 χχχιι,
1593 5451 1684 5504 21.
1717 5423 1782 5483 ’.ί
1814 5425 1971 5505 Βοίιι.
2004 5466 2036 5504 v

2101 5423 2247 5501 ι’;··ἰ
2267 5423 2557 5516 stam,
2595 5423 3041 5518 ῑξῑιίείῖῑςςῑνε
3067 5423 3206 5532 ῖοῒζ
3233 5423 3489 5528 ῘίῘὲῥιῐέεο
3517 5449 3572 5500 ιιν
3610 5423 3689 5482 ¹⁴·

1761 5565 1996 5624 VARIAS
2033 5561 2438 5622 LECTIONES.

523 5663 552 5704 ς
582 5656 640 5708 λ.
681 5654 769 5711 ισ.
799 5653 953 5723 φασί.
1034 5663 1055 5689 τ
1084 5655 1144 5706 .1.
1179 5654 1264 5707 ἷσ.
1297 5655 1425 5726 γάρ.
