4022 6210
331 373 467 439 2221

1437 368 1972 431 COMMENTARII
2022 367 2103 446 IN
2142 367 2426 429 ISAIAM.

3444 371 3590 435 2222

329 491 543 543 Γένοιτο
568 487 625 541 δὲ
659 486 748 540 διά
781 484 1023 557 Χριστοῦ
1054 486 1151 539 οιαὶ
1194 485 1572 557 λυτρωθέντας
1619 488 1765 558 ἡμᾶς
1817 489 1909 557 τῆς

2019 481 2237 538 Utinam
2274 499 2403 538 vero
2434 490 2489 535 ct
2526 498 2625 535 uos
2658 497 2751 552 per
2785 482 3066 537 Christum
3106 497 3135 537 a
3176 485 3383 553 peccati
3423 500 3589 539 morte

326 583 386 635 έν
419 579 716 650 ἁμαρτίαις
758 575 1125 647 νεκρώσεως,
1149 576 1429 631 οἱκείωσιν
1463 577 1614 645 ἔχειν
1641 578 1744 646 τήν
1789 575 1910 647 σὴν,

323 673 415 725 ὅτε
459 658 558 724 καὶ
579 668 739 724 τΐνων
775 667 1123 740 έρρύσθημεν
1157 668 1379 731 εἰδότες,
1420 666 1618 722 ἄλλον
1667 670 1779 722 οὐκ
1823 667 1914 722 ἔτι

323 762 693 834 γνωσόμεθα.
717 759 781 831 Ol
806 760 863 813 δὲ
887 762 909 790 ³
931 761 999 831 τῇ
1029 759 1286 832 στερήσει
1306 759 1405 829 τῆς
1424 756 1667 827 ζωτικῆς
1681 758 1914 812 δικαιω·

323 854 524 921 σύνης
572 850 956 922 ἐμμείναντες,
998 851 1094 905 καὶ
1140 851 1536 919 νεκρωθέντες
1589 848 1787 904 διὰτάί
1835 848 1912 922 τῷ

272 1008 277 1011 _
322 944 465 1011 Θεῷ,
484 944 738 1015 μένουσιν
747 942 943 1009 οὓτως,
960 942 1060 997 οὐκ
1076 940 1290 1014 ἔχοντες
1304 942 1493 1008 ιασιν,
1511 941 1699 1014 μηδενὶ
1713 939 1819 994 τῶν
1835 941 1909 994 ld-

323 1034 452 1089 σθαι
476 1033 790 1105 δυναμένων
813 1031 1203 1104 πνευματικῶν
1220 1029 1557 1086 διδασκάλων
1577 1031 1909 1102 πειθόμενοι.

324 1127 420 1180 Διὸ
452 1125 777 1197 φειδόμενος
814 1123 1018 1189 αὐτῶν,
1043 1121 1378 1178 ἀπολέσθαι
1428 1123 1783 1191 πεποίηκας,
1837 1120 1912 1193 μὴ

321 1215 571 1289 παριδὼν
594 1218 633 1253 η’
672 1216 733 1269 ὲν
780 1215 951 1286 κακίᾳ
1016 1215 1208 1287 χρόνον
1237 1212 1499 1285 ὲπιζῆσαι
1551 1213 1910 1285 μακρότερον,

320 1309 398 1374 ὡς
434 1308 502 1363 ἂν
527 1307 617 1381 μὴ·
638 1306 857 1380 χείρους
884 1300 1018 1362 ὦσιν
1049 1309 1107 1360 ὲν
1129 1308 1243 1369 τοῖς
1268 1308 1368 1377 τῆς
1392 1305 1670 1380 ἁμαρτίας
1714 1304 1910 1375 γεννή-

323 1417 515 1472 μασιν,
554 1399 631 1464 ὡς
678 1400 772 1453 ἐπὶ
803 1399 900 1453 τοῦ
948 1396 1336 1470 κατακλυσμοῦ
1385 1397 1456 1452 τὰ
1504 1403 1588 1468 ρκ’
1618 1396 1911 1467 συνέτεμεν

252 1537 261 1542 .
322 1492 442 1564 ἔτη,
469 1492 562 1546 καὶ
582 1490 650 1544 τά
674 1498 726 1544 o'
757 1490 824 1545 τὰ
850 1490 938 1544 διά
963 1488 1058 1544 τοῦ
1096 1489 1361 1561 παρόντος
1391 1486 1660 1559 εἰρημένα
1696 1488 1912 1558 προφήο

322 1600 441 1649 του,
481 1580 787 1655 συμφώνως
816 1577 901 1647 οἷς
946 1583 975 1636 ὁ
1028 1580 1113 1644 νζ¹
1149 1581 1298 1650 λέγει
1348 1578 1585 1652 ψαλμόςο
1627 1597 1646 1631 ι
1681 1578 1911 1650 ’Δνδρες

256 1679 263 1683 ⁷
325 1676 574 1746 αἱμάτων
589 1672 683 1727 καὶ
708 1672 872 1726 δόλιοι
891 1672 954 1725 ού
986 1671 1062 1744 μή
1092 1669 1456 1743 ήμισεύσουσι
1486 1668 1844 1741 τάςήμέρας.
1884 1685 1903 1719 ι

322 1769 435 1822 Καὶ
455 1764 618 1821 πάλιν
640 1782 657 1798 ο
693 1784 712 1818 ι
756 1762 850 1835 Μὴ
869 1764 1155 1836 ἀναγάγῃς
1185 1780 1251 1834 με
1286 1764 1359 1816 ἐν’
1383 1761 1572 1833 ἡμίσει
1606 1759 1850 1833 ἡμερῶν.
1882 1778 1902 1812 ι

2022 576 2285 646 redempti
2333 575 2613 630 consortio
2662 583 2756 628 tuo
2803 576 3094 643 potiantur,
3126 576 3435 645 quietiam,
3471 594 3593 646 qm-

2021 669 2254 723 busnatn
2283 667 2496 722 liberali
2549 681 2741 721 sumus
2788 666 3011 721 minime
3058 667 3392 737 ignorantes,
3423 670 3590 721 alium

2021 758 2255 829 amplius
2285 774 2390 812 non
2438 774 2620 812 sumus
2658 758 2910 828 agnituri.
2963 756 3065 823 Qui
3114 758 3258 812 enim
3308 762 3361 814 in
3408 760 3591 830 priva-

2002 851 2168 927 .tione
2194 850 2373 904 vitalis
2396 850 2627 922 justitiaz
2673 851 3059 914 immorantur,
3106 850 3321 921 Deoque
3372 861 3592 923 propter

2019 946 2243 1013 peccata
2271 944 2470 996 mortui
2495 952 2640 1007 sunt,
2676 944 2753 996 ita
2777 943 2857 997 illi
2889 942 3012 997 ideo
3043 952 3264 999 manent
3298 944 3587 1014 deplorati,

2020 1033 2165 1101 quod
2198 1033 2367 1089 nullis
2398 1033 2775 1104 spiritualibus
2833 1035 3075 1101 medicis,
3122 1034 3325 1104 quibus
3360 1035 3591 1089 sanandi

2020 1122 2260 1180 facultas
2312 1124 2526 1191 fuerat,
2586 1125 3026 1193 obtemperantes
3077 1114 3199 1181 esse
3254 1126 3589 1180 voluerunt:

2019 1217 2255 1289 indeque
2282 1226 2387 1282 est,
2411 1218 2557 1288 quod
2582 1230 2816 1287 parcens
2846 1217 2949 1281 eis,
2972 1217 3140 1285 perire
3170 1217 3347 1288 fecisti
3386 1217 3589 1283 intulit,

2019 1308 2113 1379 qui
2142 1317 2354 1380 tempus
2399 1308 2468 1362 ad
2521 1308 2750 1364 sceleris
2802 1308 3284 1379 ampliﬁcationem
3317 1324 3424 1363 non
3460 1325 3592 1378 pro-

2019 1401 2250 1466 duxisti,
2274 1416 2341 1455 ne
2358 1402 2405 1457 ei
2435 1411 2489 1457 et
2518 1402 2621 1471 ipsi
2645 1399 2950 1456 deteriores
2980 1400 3329 1456 cumolandis
3354 1402 3594 1472 peccatis

2019 1493 2317 1550 evaderent
2353 1512 2365 1548 :
2403 1502 2459 1547 ut
2513 1508 2639 1550 cum
2693 1494 2748 1547 in
2779 1492 2986 1548 diluvio
3024 1493 3128 1547 120
3157 1510 3352 1557 annos,
3384 1504 3438 1548 et
3471 1494 3594 1549 illos

2019 1585 2219 1641 deinde
2267 1584 2355 1651 70,
2417 1584 2578 1654 cujus
2638 1592 2829 1640 noster
2865 1583 2951 1638 hic
2987 1585 3251 1654 propheta
3309 1583 3591 1643 ruetuinit,

2018 1675 2507 1749 contraxit;juxta
2533 1674 2675 1745 quod
2708 1674 2918 1745 psalmo
2962 1689 3106 1739 Lvu,
3153 1674 3206 1728 in
3260 1674 3374 1729 haec
3428 1677 3595 1732 verba

2020 1767 2257 1835 legitur:
2295 1783 2314 1818 ι
2353 1764 2464 1820 Viri
2512 1765 2841 1837 sanguiuum
2883 1774 2937 1820 et
2966 1766 3163 1830 dolosi,
3200 1780 3309 1821 non
3340 1766 3594 1822 dimidia-

321 1858 482 1923 Τινὲς
505 1859 564 1912 δέ
600 1874 733 1941 φασι
761 1852 1025 1911 δύνασθαι
1062 1857 1205 1910 νοεῖν
1232 1852 1486 1923 νεκροὺς
1516 1852 1613 1906 καὶ
1641 1850 1733 1915 οὓς
1759 1852 1909 1922 ήγει-

2019 1860 2149 1914 bunt
2173 1854 2290 1913 dies
2319 1872 2452 1916 suos
2480 1858 2522 1911 ⁸.
2584 1877 2603 1911 ι
2639 1859 2705 1914 Et
2738 1874 2957 1914 rursum
2988 1876 3001 1912 :
3054 1875 3074 1908 ι
3112 1855 3192 1914 Ne
3246 1873 3471 1915 revoces
3508 1876 3594 1915 me

322 1969 415 2022 ρεν
444 1953 474 2005 ό
503 1946 762 2020 Χριστὸς,
823 1948 898 2013 ὼς
933 1947 1029 2001 τὸν
1058 1946 1309 2018 Λάζαρον
1334 1962 1347 1975 °
1374 1944 1466 2008 οὓς
1488 1944 1589 1998 οὐκ
1613 1941 1679 1998 ἂν
1721 1943 1908 2015 ἕτερος

319 2043 664 2109 ἀνέστησεν
693 2039 911 2108 ἱατρός.
945 2038 1125 2105 Ὅπερ
1184 2037 1292 2093 ἔδει
1323 2035 1630 2090 σκοποῦντα
1690 2033 1779 2087 τὸν
1805 2032 1909 2086 Ἰσ-

325 2131 482 2204 ραὴλ,
502 2131 637 2185 Θεὸν
660 2129 996 2201 ὁμολογῆσαι
1021 2127 1285 2199 Χριστόν.
1299 2125 1471 2181 Τοῦτο
1485 2124 1541 2178 δὲ
1558 2123 1635 2196 μὴ
1650 2124 1904 2194 ποιήσας,

319 2224 613 2281 ἀπώλετο.
633 2222 778 2294 Πλὴν
795 2222 896 2277 οὐκ
907 2221 1096 2293 ἄρδην.
1119 2220 1398 2276 Σέσωσται
1410 2216 1592 2287 γὰρτὸ
1608 2215 1907 2287 κατάλειμ-

322 2312 551 2386 μα.Πᾶν
578 2313 636 2366 δὲ
669 2313 858 2382 ἄρσεν
895 2309 1077 2365 αὐτῶν
1102 2309 1243 2373 ἐστι,
1273 2307 1336 2361 τὸ
1373 2309 1675 2378 ήγούμενον
1695 2305 1903 2376 τάγμα.

320 2407 395 2461 Τὸ
414 2407 522 2479 γὰρ
537 2405 720 2475 appar
733 2405 948 2476 ήγείται
962 2401 1056 2456 τοῦ
1080 2401 1307 2475 θήλεως.
1329 2401 1512 2463 Ετποις
1523 2398 1567 2452 δ’
1585 2398 1649 2452 ἂν
1671 2398 1766 2453 καὶ
1780 2398 1906 2462 τοὺς

319 2499 379 2553 ὲν
408 2498 625 2552 συνέσει
640 2500 707 2568 τῇ
724 2495 819 2551 τοῦ
836 2496 1003 2568 νόμου
1014 2495 1299 2556 νεανικοὺς
1313 2495 1454 2548 κατὰ
1474 2491 1538 2545 τὸ
1567 2488 1905 2561 προφητικὸν

318 2592 381 2646 τό
397 2609 411 2622 ·
445 2589 796 2662 Πορεύσομαι
824 2588 961 2660 πρὸς
985 2588 1116 2651 τοὺς
1155 2587 1377 2657 ἁδροὺς,
1402 2585 1498 2639 καὶ
1524 2583 1743 2655 λαλήσω
1769 2584 1904 2655 πρὸς

324 2681 547 2744 αὐτούς.
592 2679 705 2735 Καὶ
779 2679 888 2734 ἰδοὺ
943 2675 1292 2748 ὁμοθυμαδὸν
1336 2673 1667 2744 συνέτριψαν
1717 2673 1902 2741 ζυγὸν,

318 2772 613 2844 διέρρηξαν
641 2770 897 2841 δεσμούς.
942 2767 1202 2823 Τοιοῦτον
1234 2766 1331 2820 καὶ
1381 2764 1442 2819 τό
1471 2782 1485 2799 ο
1528 2784 1547 2818 ι
1580 2764 1717 2818 Οὐαὶ
1746 2764 1899 2835 ὑμῖν,

322 2863 677 2935 Γμμματείς
707 2860 804 2916 καὶ
861 2861 1147 2931 Φαρισαῖοι
1200 2856 1501 2929 ὑποκριταί
1529 2870 1543 2886 ο
1577 2875 1596 2908 ι
1649 2849 1730 2919 οἷς
1759 2855 1905 2907 αἰτεῖ

322 2952 732 3024 προστεθῆναι
795 2951 978 3008 κακά.
1011 2950 1087 3007 Ού
1119 2949 1281 3023 μόνον
1307 2948 1422 3021 γάρ
1448 2947 1552 3019 τῆς
1580 2946 1717 3021 πρὸς
1769 2946 1903 2999 Θεὸν

321 3047 579 3113 ἐξέπεσον
609 3046 960 3115 οἰκειότητος,
993 3042 1061 3097 δι’
1092 3035 1167 3097 ὧν
1190 3043 1270 3105 είς
1309 3039 1473 3096 αὐτὸν
1505 3038 1896 3111 ὲπαρῴνησαν,

2015 1948 2071 2003 in
2118 1947 2351 2004 dimidio
2403 1948 2614 2003 dierum
2662 1963 2902 2002 nieorum
2935 1949 2977 2004 ⁷.
3027 1968 3047 2001 ι
3084 1950 3252 2003 Aiunt
3292 1964 3421 2004 vero
3450 1964 3593 2003 uou-

2015 2040 2145 2096 nulli
2167 2054 2272 2097 eos
2302 2040 2470 2097 etiam
2501 2039 2589 2094 hic
2618 2054 2782 2110 posse
2824 2049 3060 2105 mortuos
3102 2041 3355 2112 intelligi,
3387 2042 3502 2111 qui.
3536 2051 3594 2096 ut

2012 2130 2280 2195 Lazarus,
2314 2139 2561 2188 essenta
2589 2129 2810 2186 Christo
2852 2132 2905 2186 in
2941 2132 3106 2186 vitam
3145 2135 3417 2199 revocati;
3451 2148 3592 2203 quos

2012 2224 2140 2293 quia
2205 2222 2393 2278 nullus
2437 2223 2701 2277 suscitare
2753 2224 2984 2279 medicus
3048 2225 3356 2295 potuisset,
3422 2225 3488 2279 ad
3538 2225 3593 2279 id

2014 2313 2267 2371 lsraelem
2294 2314 2599 2377 advertere,
2625 2326 2679 2371 et
2705 2316 2985 2370 Christum
3020 2316 3270 2370 conllteri
3298 2317 3554 2372 debuisse
3573 2354 3590 2379 ,

2012 2406 2159 2475 quod
2182 2422 2306 2463 cum
2335 2406 2517 2463 facere
2540 2406 2830 2470 noluisset,
2852 2407 3041 2477 paucis
3067 2407 3312 2476 exceptis
3339 2409 3594 2478 (servatae

2011 2496 2158 2553 enim
2207 2497 2454 2567 reliquias
2486 2496 2756 2567 aliquael')
2816 2497 2993 2568 ipsmn
3055 2498 3294 2565 periisse.
3360 2496 3594 2552 Hasculi

2010 2588 2454 2659 porro'nomine,
2483 2587 2763 2659 principes
2803 2597 2859 2643 et
2903 2587 3075 2644 duces
3124 2588 3247 2646 ideo
3294 2589 3589 2651 intellexit,

2009 2678 2154 2751 quod
2195 2678 2413 2734 femina:
2444 2677 2639 2734 debeat
2664 2679 2934 2733 masculus
2962 2664 3195 2736 anteire.
3223 2680 3383 2737 Dicas
3410 2689 3461 2736 et
3495 2682 3593 2736 hos

2010 2771 2200 2835 etiam,
2236 2769 2334 2840 qui
2367 2770 2625 2838 consilio,
2656 2779 2714 2827 et
2745 2771 2881 2843 legis
2913 2773 3290 2843 intelligentia,
3329 2785 3591 2846 tauquam

2004 2858 2236 2928 juvenes
2266 2858 2465 2915 robore
2505 2860 2794 2929 pollerent,
2824 2860 2985 2928 juxta
3029 2861 3410 2931 propheticum
3458 2865 3593 2918 illud

2008 2948 2309 3020 signiﬁcari
2349 2949 2564 3021 :329
2614 2948 2818 3005 Vadam
2869 2951 2936 3005 ad
2991 2951 3282 3022 primores,
3317 2962 3373 3009 et
3404 2954 3589 3010 dicam

2007 3040 2089 3096 eis
2119 3058 2135 3095 :
2172 3041 2242 3096 Et
2277 3054 2407 3097 ecce
2442 3041 2779 3098 unanimiter
2808 3042 3190 3099 contriveruut
3214 3043 3429 3114 jugum,
3459 3062 3594 3101 ceu-

317 3136 459 3190 ἀλλὰ
504 3136 600 3189 καὶ
642 3137 763 3198 ταῖς
809 3136 875 3187 ἐκ
906 3132 1018 3187 τῶν
1068 3130 1350 3202 πολεμίων
1398 3129 1682 3184 ἀπώλοντο
1739 3144 1884 3199 συμ-

2019 3129 2286 3202 [regerunt
2308 3131 2527 3187 vincula
2549 3133 2592 3185 ’.
2628 3149 2648 3182 ι
2679 3130 2812 3187 Tale
2834 3140 2995 3189 estet
3023 3133 3155 3188 illud
3193 3151 3206 3186 :
3237 3153 3255 3186 ι
3290 3135 3380 3188 νὲΕ
3409 3138 3618 3208 vobis,»
3648 3199 3655 3208 _

324 3227 541 3297 φοραῖς.
588 3223 728 3288 Τοὺς
780 3223 837 3276 δὲ
863 3222 1120 3292 ᾶῤῥενας
1151 3219 1434 3291 ῥηθέντας,
1484 3218 1578 3273 καὶ
1604 3216 1900 3283 ἐνδόξους

2019 3221 2219 3278 Scriba:
2245 3233 2300 3278 et
2352 3221 2619 3279 Pharisaei
2667 3224 2710 3255 ¹⁸
2738 3261 2753 3286 ,
2793 3240 2813 3274 ι
2846 3231 2956 3279 etc.
3022 3223 3225 3281 Deinde
3269 3227 3417 3282 mala
3465 3206 3619 3282 addi.

323 3318 603 3380 ἐκάλεσεν,
625 3316 700 3380 ὡς
713 3315 821 3369 τῶν
844 3314 1048 3368 λοιπῶν
1071 3313 1465 3384 ὑπερέχοντας,
1488 3309 1678 3381 ὥσπερ
1706 3303 1798 3362 οῦν
1810 3308 1905 3362 καὶ

2019 3310 2290 3382 postulat:
2319 3327 2427 3367 non
2458 3311 2634 3368 solum
2660 3311 2807 3367 enim
2840 3311 2932 3367 Dei
2953 3312 3347 3384 lauuiliaritate,
3374 3332 3597 3389 prOpter

323 3409 500 3473 κακὰ,
518 3408 587 3462 τά
609 3407 910 3462 κακωτικά.
930 3407 1016 3470 Ὣς
1032 3405 1113 3473 τὸ,
1146 3424 1165 3457 ι
1195 3404 1253 3458 '0
1275 3404 1476 3469 κτίζων
1493 3403 1658 3458 κακά.
1673 3402 1813 3456 »Καὶ
1826 3400 1904 3464 τὸ,

2019 3404 2405 3461 Contumeliam
2442 3419 2607 3474 quam
2650 3404 2756 3474 ipsi
2790 3404 3115 3473 intulerunt,
3138 3408 3596 3476 exciderunt,sed

329 3522 349 3556 ι
380 3504 494 3556 οὐκ
511 3500 817 3557 ἐστι’κακία
836 3503 896 3554 ὲν
932 3501 1106 3565 πόλει,
1132 3499 1200 3570 ἢν
1222 3498 1426 3570 Κύριος
1445 3498 1548 3550 οὐκ
1571 3496 1851 3565 ἐποίησεν.
1883 3514 1901 3547 ι

2019 3496 2184 3552 rariis
2213 3496 2378 3550 etiam
2428 3496 2670 3553 hostium
2716 3496 2937 3565 injuriis
2973 3500 3213 3568 graviter
3251 3499 3436 3555 aﬁlicti
3469 3504 3597 3572 per;

327 3599 527 3656 ierunt.
582 3597 854 3654 ﬂosculos
897 3610 1143 3662 rursum,
1199 3594 1350 3666 quod
1399 3593 1655 3662 superius
1699 3590 1857 3655 dixit,
1898 3590 2121 3648 eosdem
2195 3607 2319 3650 esse
2381 3593 2666 3663 gloriosos,
2715 3599 2974 3663 tanquam
3033 3595 3263 3666 reliquis
3344 3596 3594 3669 superio-

328 3711 416 3752 res
448 3714 464 3751 :
494 3704 552 3750 ut
583 3694 939 3762 mala-etiam,
973 3707 1098 3763 qua:
1127 3688 1396 3746 inferendi
1431 3687 1561 3758 mali
1617 3686 1935 3742 facultatem
1977 3687 2238 3754 habeant,
2311 3689 2546 3758 appellat
2578 3706 2591 3754 ;
2621 3687 2782 3755 cujus
2821 3689 3036 3757 generis
3084 3698 3179 3743 est
3210 3691 3384 3746 illud:
3432 3712 3452 3743 ‹
3491 3695 3594 3761 Qui

324 3789 530 3845 creavit
572 3786 717 3842 mala
766 3787 832 3840 υ.
871 3804 891 3838 ι
923 3785 992 3840 Et
1031 3783 1165 3839 illud
1204 3800 1218 3837 :
1255 3799 1274 3835 ι
1314 3781 1435 3836 Νοιι
1470 3787 1555 3837 est
1601 3781 1806 3835 malum
1848 3779 1904 3833 in
1945 3778 2188 3843 civitate,
2214 3780 2360 3850 quod
2390 3795 2500 3835 non
2544 3779 2735 3837 fecerit
2772 3780 3039 3839 Dominus
3076 3784 3142 3838 ¹².
3180 3803 3198 3835 ι

389 3878 568 3948 ις-ιθ’.
605 3878 803 3947 Κύριε,
822 3876 891 3931 ἐν
908 3876 1110 3945 θλίψει
1133 3870 1524 3945 ἐμνήσθημεν
1539 3888 1677 3927 σου·
1696 3870 1769 3925 ἐν
1783 3870 1911 3926 θλί-

325 3978 429 4044 ψει
447 3969 632 4042 μικρᾷ
655 3971 693 4039 ὴ
710 3968 954 4023 παιδεία
986 3983 1102 4022 σου
1127 3964 1293 4036 ἡμῖν.
1314 3964 1422 4019 Kal
1444 3963 1590 4019 ὡσεί
1607 3962 1912 4017 ὠδίνουσα

325 4044 537 4135 ἐγγίζει
554 4061 661 4116 τοῦ
677 4058 898 4123 τεκεῖν,
933 4056 1151 4112 καὶέπὶ
1178 4054 1254 4125 τῇ
1282 4053 1446 4110 ὠδῖνι
1462 4051 1910 4122 αὐτῆςέκέκρα-

329 4158 458 4224 ξεν,
483 4154 672 4220 οὕτως
709 4149 1073 4222 ἐγενήθημεν
1094 4148 1175 4215 τῷ
1212 4143 1496 4219 ἀγαπητῷ
1520 4163 1662 4210 σου,
1692 4161 1747 4199 κ.
1776 4161 1826 4197 τ.
1856 4144 1907 4197 λ.

414 4246 631 4302 Ὠσανεὶ
660 4242 942 4315 παροῦσαν
966 4244 1067 4313 τὴν
1094 4240 1328 4296 καθόλου
1351 4237 1532 4311 κρίσιν
1558 4239 1587 4291 ὁ
1616 4237 1909 4308 προφήτης

330 4342 497 4416 ἐρῶν.
533 4341 628 4395 καὶ
674 4337 755 4409 τῷ
783 4336 878 4391 τοῦ
910 4335 1048 4390 Θεοῦ
1083 4332 1496 4406 παριστάμενος
1531 4330 1757 4402 βήματι,
1784 4327 1916 4382 ποτὲ

334 4435 433 4505 μὲν
470 4431 898 4503 έξομολογεῖται,
920 4428 1052 4482 ποτὲ
1092 4426 1151 4480 δὲ
1207 4422 1468 4488 ἱκετεύει,
1500 4422 1632 4476 ποτὲ
1667 4422 1723 4476 δὲ
1752 4422 1916 4492 εὐχα-

333 4526 526 4597 ριστεῖ.
561 4522 673 4577 Καὶ
707 4520 840 4574 ποτὲ
898 4518 1004 4591 μὲν
1046 4515 1343 4586 καταλέγει
1375 4514 1474 4579 τὰς
1522 4516 1588 4568 ὲκ
1631 4512 1770 4567 Θεοῦ
1803 4514 1916 4576 τοῖς

330 4616 558 4685 ἀγαθοῖς
592 4611 846 4685 ἀμοιϐὰς,
878 4611 1015 4666 ποτέ
1038 4609 1095 4662 δὲ
1115 4608 1215 4672 τὰς
1241 4607 1379 4685 κατέ
1398 4604 1579 4661 αὐτῶν
1625 4603 1916 4672 καταλέγει

2089 3871 2257 3931 Vens.
2278 3872 2463 3928 16-19.
2490 3871 2732 3938 Domine,
2754 3872 2807 3927 in
2832 3874 3109 3945 aﬂlittione
3126 3878 3392 3934 recordati
3415 3895 3598 3936 sumus

2016 3970 2135 4023 tui:
2179 3971 2235 4023 in
2267 3967 2614 4023 tribulatione
2657 3984 2837 4038 parva
2876 3968 3125 4023 doctrina
3177 3980 3270 4025 tua
3320 3975 3495 4028 nobis.
3526 3975 3598 4029 Et

2014 4060 2154 4114 sicut
2189 4062 2501 4130 parturiens
2536 4062 2924 4131 appropinquat
2958 4061 3027 4115 ad
3064 4072 3300 4130 partum,
3335 4072 3385 4117 et
3407 4065 3461 4117 in
3495 4067 3595 4118 do-

2018 4151 2130 4206 lore
2166 4167 2263 4207 suo
2297 4153 2519 4219 clamat,
2563 4154 2642 4207 sic
2690 4152 2824 4222 facti
2870 4166 3054 4209 summ
3077 4146 3301 4210 idilerto
3342 4167 3453 4222 tuo,
3486 4160 3591 4212 etc.

2087 4243 2208 4299 Non
2248 4244 2407 4300 aliter
2431 4258 2598 4315 quam
2649 4246 2694 4300 si
2751 4254 2992 4315 praesens
3027 4244 3298 4315 judicium
3347 4250 3596 4305 omnium

2014 4337 2294 4394 intueatur
2336 4339 2625 4409 propheta,
2659 4347 2877 4410 stetque
2917 4346 3048 4395 ante
3077 4340 3255 4410 ipsum
3290 4338 3382 4397 Dei
3421 4343 3597 4396 tribu-

2014 4428 2126 4497 nal,
2156 4428 2452 4499 aliquando
2477 4428 3102 4500 quidem‘conl‘essione,
3141 4433 3436 4503 aliquando
3462 4450 3596 4490 vero

2017 4519 2295 4589 precibus,
2320 4521 2618 4594 aliquando
2636 4521 2809 4577 etiam
2832 4523 3130 4593 gratiarum
3154 4526 3374 4582 actione
3400 4527 3595 4583 utitur.

2017 4612 2129 4666 lino
2157 4626 2288 4668 vero
2321 4613 2653 4685 quandoque
2683 4615 2881 4670 collata
2914 4616 2969 4670 in
3001 4615 3177 4672 bonos
3217 4632 3247 4671 a
3293 4618 3401 4674 Deo
3426 4619 3596 4675 bene-

330 4706 845 4779 ctpwpla;,-ndvm
899 4700 1198 4757 παιδεύων
1260 4700 1411 4771 ήμᾶς
1461 4696 1605 4768 ἅπερ
1648 4696 1811 4760 αὐτὸς
1849 4697 1909 4750 ὲκ

2020 4702 2165 4770 ﬁcia,
2198 4704 2529 4776 quandoque
2575 4706 2743 4762 etiam
2776 4708 3046 4763 malorum
3086 4720 3278 4779 ptenas
3310 4721 3596 4773 recenset;

332 4803 425 4856 τοῦ
457 4802 777 4872 Πνεύματος
810 4798 1178 4870 ἐπαιδεύετο.
1233 4797 1401 4868 Φησὶν
1430 4792 1522 4850 οῦν
1563 4794 1637 4859 ὡς
1666 4794 1756 4848 ὅτε
1791 4811 1915 4848 και-

335 4899 425 4967 ρὸς
446 4897 533 4969 ἦν,
564 4898 664 4968 τὴν
699 4897 892 4967 στενὴν
935 4896 1030 4949 καὶ
1061 4893 1432 4965 τεθλιμμένην
1481 4891 1622 4961 ὑπὲρ
1666 4889 1777 4945 τῶν
1815 4887 1917 4958 τῆς

332 4992 616 5054 εὐσεϐείας
659 4989 886 5059 ἀγώνων
925 4986 1233 5052 ὁδεύοντες,
1286 4984 1391 5039 ὑπὸ
1422 4983 1520 5053 τῆς
1572 4983 1670 5052 σῆς
1728 4981 1917 5035 ἐδυνα-

335 5084 588 5156 μούμεθα
632 5083 900 5154 μνήμης,
924 5081 1001 5147 ὣς
1020 5099 1082 5135 τε
1114 5079 1318 5149 λέγειν,
1355 5078 1690 5148 θλιϐόμενοι,
1711 5075 1825 5130 ἀλλ’
1849 5074 1909 5128 ού

336 5171 851 5248 στενοχωρούμενοι.
879 5174 1234 5245 Διωκόμενοι,
1261 5171 1376 5226 ἀλλ’
1397 5170 1498 5224 ούκ
1519 5167 1912 5238 ἐγκαταλειπό-

338 5284 509 5339 μενοι.
535 5264 1034 5337 Καταϐαλλόμενοι,
1056 5263 1170 5319 ἀλλ’
1188 5265 1290 5318 οὐκ
1312 5259 1697 5333 ἀπολλύμενοι.
1715 5257 1914 5314 Ἐπαί-

337 5356 514 5412 δευεν
557 5356 666 5431 γὰρ
713 5356 861 5428 ἡμᾶς
912 5354 951 5423 ἡ
1004 5353 1230 5423 θλίψις,
1261 5352 1469 5416 εἰδότας
1501 5351 1584 5405 ὅτι
1628 5350 1686 5404 ὃν
1725 5348 1917 5419 ἀγαπᾷ

408 5530 431 5563 ⁸
461 5530 607 5585 Psal.
642 5543 751 5595 uv,
793 5528 885 5584 2L

350 5592 391 5625 “
421 5599 519 5656 lsa.
558 5617 681 5669 ην,
721 5592 776 5655 7.
852 5601 896 5632 “
934 5597 1102 5655 Amos
1143 5612 1251 5664 ιιι,
1280 5596 1335 5653 6.

993 5529 1013 5561 ⁷
1046 5526 1191 5583 Psal.
1245 5541 1299 5580 et
1325 5568 1340 5592 ,
1373 5526 1466 5583 25.
1496 5527 1517 5558 ⁸
1550 5525 1658 5581 lsa.
1708 5540 1765 5592 ι,
1819 5524 1927 5594 22;
1958 5524 2118 5580 Rom.
2156 5538 2231 5589 ιι,
2267 5523 2359 5579 27.

2020 4803 2080 4849 ut
2123 4809 2227 4852 nos
2260 4795 2371 4851 illis
2401 4796 2682 4863 omnibus,
2732 4797 2877 4854 sicut
2907 4798 3058 4867 prius
3093 4814 3124 4853 a
3146 4798 3362 4869 Spiritu
3420 4800 3616 4855 fuerat

2017 4886 2252 4952 edoctus,
2285 4888 2517 4944 erudiat.
2547 4886 2849 4959 330'Sic
2894 4889 3063 4960 igitur
3102 4892 3389 4960 loquentes
3435 4892 3601 4945 indu-

2017 4980 2093 5033 cit
2120 4995 2136 5033 :
2166 4978 2301 5035 Cum
2341 4995 2464 5035 sese
2492 4980 2812 5035 obtulerunt
2843 4990 3112 5050 tempora,
3144 4982 3284 5035 viam
3309 4990 3615 5051 angustant

2018 5079 2073 5126 et
2115 5071 2298 5126 tritam
2341 5066 2439 5141 pro
2473 5071 2754 5143 religionis
2795 5072 3195 5129 certaminibus
3248 5074 3600 5126 ambulante;

2020 5170 2234 5217 tantum
2268 5163 2345 5217 tui
2373 5163 2741 5217 recordatione
2784 5164 3084 5234 potuimus,
3129 5173 3201 5218 ut'
3236 5162 3599 5217 nosatllictcs

2021 5254 2240 5324 quidem
2273 5253 2468 5320 fuisse,
2499 5253 2593 5310 sed
2640 5268 2750 5309 non
2802 5262 3134 5326 oppressos;
3187 5253 3599 5325 persecutiones

2021 5360 2239 5416 passos,
2275 5346 2370 5403 sed
2399 5361 2508 5402 non
2558 5344 2889 5410 derelictos;
2935 5346 3200 5417 dejecto's,
3232 5345 3348 5402 sed”
3372 5360 3478 5399 nou
3517 5346 3602 5399 iu-

2458 5527 2480 5559 ’
2507 5523 2712 5583 Jerent.
2752 5540 2806 5591 ν,
2845 5524 2899 5582 5.
3004 5524 3047 5558 ⁸⁸
3076 5510 3271 5583 Matth;
3301 5538 3435 5580 χχιιι
3460 5562 3475 5592 ,
3507 5520 3593 5578 l3.

1605 5708 1844 5765 VARIE
1878 5708 2284 5770 LECTIONES.

410 5819 433 5851 ³
461 5810 548 5869 ἷσ.
570 5810 701 5885 γάρ.
782 5809 802 5850 ί
828 5827 919 5880 rp.
957 5810 1351 5883 apaprijpazct.‘
1431 5819 1457 5847 ιι
1491 5806 1801 5879 παραδούς,
