4022 6210
402 240 423 250 ’
477 283 646 349 3223

1784 285 2147 346 PROCOPII
2187 284 2427 347 ΕΑΖιΕῙ

3664 289 3809 351 2224

476 401 801 464 "teremptos
827 392 1011 448 dicere
1040 391 1350 447 valeamus.
1382 390 1490 446 Nos
1510 392 1653 446 enim
1684 392 1800 464 ipsa
1818 395 2065 450 erudieba

2192 398 2395 468 Κύριος
2458 398 2720 451 παιδεύει.
2754 397 2842 468 Τῷ
2879 414 2987 469 γαρ
3039 396 3113 467 σῷ
3150 397 3323 468 πόθῳ
3382 398 3547 451 πᾶσα
3593 400 3811 468 θλίψις

505 485 756 557 afﬂictio;
786 483 878 554 qui
911 498 1034 538 eum
1077 498 1107 537 a
1135 482 1365 538 Domino
1396 485 1586 550 amari,
1617 499 1779 554 quem
1823 486 2076 558 castigat,

500 592 610 633 tton
628 577 1006 647 ignoraremus
1033 576 1095 629 “.
1111 575 1248 631 Cum
1274 585 1368 630 tuo
1398 576 1666 646 siquidem
1688 577 1743 631 in
1769 593 1868 633 nos
1893 593 2080 634 amore

501 669 701 724 collata
731 669 939 738 quaevis
968 668 1184 739 aﬂiictio
1218 682 1385 737 parva
1422 668 1585 724 nobis
1623 668 1936 736 videbatur,
1983 670 2075 739 qui

498 778 608 820 non
638 763 937 834 condignas
959 762 1123 832 hujus
1149 761 1335 816 saeculi
1370 762 1655 832 passiones
1697 761 1762 816 ad
1792 769 2074 817 venturam

499 854 750 927 gloriam,
778 869 899 925 quae
930 853 1262 910 revelabitur
1298 853 1355 908 in
1386 854 1548 910 nobis
1580 852 1622 886 “
1644 891 1662 918 ,
1695 868 1817 908 esse
1846 860 2075 924 putare-

501 960 644 1001 mus.
698 943 837 1000 Hinc
890 953 976 1000 est
1014 945 1202 1016 igitur,
1257 943 1403 1015 quod
1458 944 1607 1000 omni
1654 945 1889 999 tolerata
1944 944 2079 1015 afﬂi-

498 1036 688 1101 ctione,
722 1034 1058 1105 praegnanti,
1110 1033 1447 1104 jamjamque
1484 1032 1807 1102 parturienti
1852 1030 2075 1086 mulieri

499 1126 708 1181 similes
731 1124 910 1181 effecti
947 1140 1173 1192 sumus;
1209 1124 1302 1196 qui
1355 1124 1607 1179 dilectum
1650 1132 1823 1189 tuum,
1880 1122 1938 1176 id
1989 1128 2076 1177 est

483 1217 840 1289 atnigenitum
874 1214 1136 1283 Verbum,
1166 1222 1219 1272 et
1247 1217 1555 1271 immissum
1596 1215 1755 1270 nobis
1791 1212 2075 1284 religionis

501 1318 605 1363 tua:
633 1309 869 1362 timorem
908 1308 1059 1362 intus
1106 1307 1428 1372 retinentes,
1472 1305 1685 1361 fortiter
1724 1304 1853 1359 olim
1902 1303 2074 1359 susti-

482 1401 742 1462 nuimus,
791 1399 951 1454 veriti
1010 1398 1245 1462 scilicet,
1298 1414 1367 1453 ne
1416 1403 1730 1467 utrumque,
1774 1396 1920 1465 quod
1970 1394 2073 1465 ipsi

483 1504 952 1561 oconceperamus,
993 1490 1048 1544 in
1107 1488 1265 1545 nobis
1317 1489 1673 1545 abortiretur.
1732 1486 1854 1542 Non
1905 1486 2075 1557 igitur

499 1597 598 1651 spe
623 1581 952 1646 excidimus,
985 1581 1078 1651 qui
1107 1581 1266 1637 ﬁnem
1305 1581 1616 1645 amborum,
1647 1577 1873 1634 salutem
1916 1578 2075 1648 spiri-

490 1680 585 1726 rtus
632 1672 830 1739 nostri,
868 1672 1191 1728 habeamus.
1229 1671 1306 1725 Ex
1341 1686 1450 1740 quo
1490 1669 1636 1726 enim
1674 1670 1831 1725 illum
1863 1669 2069 1739 peperi-

2176 490 2357 559 μικρά
2384 508 2467 553 τις
2489 491 2622 560 ἡμῖν
2658 491 2939 560 ἐνομίζετο
2955 489 3375 559 λογιζομένοις,
3398 487 3481 551 ὡς
3509 490 3643 542 Οὐκ
3666 490 3811 554 ἄξια

2179 581 2251 635 τὰ
2268 581 2590 652 παθήματα
2614 581 2717 635 τοῦ
2740 581 2858 635 νῦν
2872 580 3083 648 καιροῦ
3104 581 3264 649 πρὸς
3287 570 3423 647 τὴν
3433 578 3810 649 μέλλουσαν

2178 668 2365 733 δόξαν
2378 669 2913 724 ἀποκαλύπτεσθαι
2932 671 3020 736 εὶς
3040 666 3226 739 ἡμᾶς.
3243 669 3353 722 Διὸ
3373 669 3576 722 πᾶσαν
3600 670 3811 738 ὑπομέ-

2178 778 2359 825 νοντες
2387 762 2618 829 θλίψιν,
2651 763 2918 831 ἐῴκειμεν
2955 761 3191 832 κυούσῃ
3227 759 3508 827 γυναικὶ,
3546 758 3652 812 καὶ
3685 761 3807 813 ὅσον

2177 849 2330 905 οὔπω
2366 850 2637 924 μελλούσῃ
2662 854 2860 907 τεκεῖν.
2896 852 3005 904 Καὶ
3024 851 3114 905 τὸν
3142 851 3262 922 γὰρ
3304 850 3660 920 ἀγαπητόν
3694 866 3805 904 σου

2177 942 2273 996 καὶ
2305 941 2569 1013 μονογενῆ
2596 942 2768 1010 Λόγον
2804 941 3020 1013 ἔχοντες
3052 942 3224 1008 ἔνδον,
3263 941 3376 996 καὶ
3405 940 3510 994 τὸν
3544 942 3686 1010 ήμῖν
3714 957 3805 994 κα·

2176 1033 2528 1104 τασπαρέντα
2566 1035 2754 1102 φόϐον
2779 1033 2879 1103 τῆς
2921 1033 3022 1102 σῆς
3056 1032 3366 1095 εὐσεϐείας
3400 1028 3593 1085 πάλαι
3643 1032 3803 1101 ἐκαρ-

2177 1123 2445 1195 τεροῦμεν
2498 1124 2783 1192 γενναίως,
2843 1124 3073 1189 δεδιότες
3141 1123 3537 1196 ὲξαμϐλῶναι
3601 1122 3699 1175 τὸν
3752 1124 3804 1173 ἑν

2177 1213 2307 1282 ήμῖν
2342 1213 2626 1282 ἀγαπητόν
2666 1230 2759 1265 σου
2797 1213 3120 1284 κυούμενον,
3156 1214 3257 1266 καὶ
3306 1211 3417 1265 τὸν
3474 1209 3657 1279 φόϐον
3712 1210 3800 1263 τὸν
3886 1259 3891 1285 1

2177 1304 2291 1358 σόν.
2318 1303 2620 1373 Τοιγαροῦν
2664 1305 2764 1358 οὐκ
2813 1305 3126 1377 ὲσφάλημεν
3177 1304 3288 1374 τῆς
3339 1301 3582 1364 ἐλπίδος
3611 1341 3627 1365 ,
3657 1300 3804 1363 τέλος
3885 1308 3889 1335 τ

2175 1396 2376 1464 ἀμφοῖν
2426 1394 2523 1466 τὴν
2555 1396 2855 1464 σωτηρίαν
2872 1396 2978 1450 τοῦ
3001 1395 3360 1465 πνεύματος
3389 1392 3497 1446 τοῦ
3527 1392 3799 1464 ήμετέροο
3883 1392 3890 1407 ’
3966 1422 3967 1483 l

2176 1483 2531 1554 κτησάμενοι.
2585 1483 2757 1538 Τοῦτο
2784 1486 2892 1558 γὰρ
2945 1483 3513 1554 ἁπογεννήσαντες
3564 1480 3800 1551 φανερὸν

2174 1575 2301 1642 τοῖς
2328 1575 2427 1630 ἐπὶ
2458 1576 2562 1647 γῆς
2596 1577 3034 1647 κατεστήσαμεν,
3066 1575 3143 1639 ὡς
3196 1574 3270 1629 ἂν
3331 1570 3654 1644 ζηλοῦντες
3704 1571 3794 1639 γέ-

2174 1681 2350 1720 νοιντο
2365 1664 2756 1736 παραπλήσιοι.
2782 1666 2878 1737 Μή
2911 1664 3165 1729 λαϐόντες
3184 1665 3302 1736 γὰρ
3334 1663 3548 1718 τοῦτον
3577 1662 3798 1731 τὸνςρόο

500 1779 639 1829 mus,
662 1779 750 1818 eos
773 1763 867 1833 qui
896 1772 1184 1819 versantur
1213 1763 1266 1816 in
1296 1771 1437 1816 terra
1461 1761 1507 1816 si
1534 1760 1778 1816 mmulari
1798 1760 2073 1825 studeant,

2185 1758 2312 1821 σον,
2331 1756 2487 1827 μηδὲ
2509 1757 2782 1823 τεκόντες
2806 1757 2872 1810 τὸ
2902 1755 3137 1828 πνεῦμα
3160 1755 3278 1824 τῆς
3296 1755 3644 1823 σωτηρὶας,
3670 1753 3791 1821 ἄγο-

488 1854 662 1910 ’1101)ῙΒ
692 1870 801 1910 non
839 1854 956 1911 fore
998 1853 1303 1909 dissimiles
1356 1859 1543 1923 aperte
1593 1851 1904 1915 docuimus,
1958 1865 2080 1904 nam

502 1947 593 2016 qui
627 1947 867 2000 timerent
897 1945 1043 1999 hunc
1075 1961 1178 1998 non
1228 1944 1545 2012 acceperint,
1605 1957 1786 2012 neque
1829 1942 2080 2011 spiritum

492 2035 695 2091 salutis
719 2035 1031 2104 pepererint,
1066 2031 1162 2088 sed
1208 2033 1328 2087 sine
1376 2031 1508 2085 fectu
1545 2037 1601 2086 et
1636 2029 1818 2084 fructu
1850 2045 2075 2084 reman-

494 2128 710 2192 serint;
747 2142 844 2197 spe
875 2126 987 2191 illa,
1019 2139 1141 2194 quae
1182 2139 1211 2177 a
1245 2132 1299 2177 te
1328 2130 1432 2188 est,
1462 2121 1742 2186 excident,
1776 2120 1866 2191 qui
1898 2130 2077 2174 autem

496 2228 628 2273 tuas
678 2224 861 2287 partes
916 2215 1115 2282 secuti,
1167 2214 1423 2284 quamvis
1480 2212 1547 2266 ad
1615 2221 1848 2266 mortem
1904 2224 2078 2280 usque

504 2313 689 2362 contra
716 2312 1004 2376 peccatum
1045 2302 1440 2369 {decertarintj
1478 2317 1541 2356 ea
1575 2309 1754 2356 tamen
1776 2316 2075 2369 nunquam,

501 2413 624 2469 quae
650 2413 681 2451 a
701 2406 753 2452 te
783 2406 889 2462 est,
911 2396 1020 2450 vita
1037 2395 1426 2467 privabantur.
1449 2391 1735 2464 Resurgent
1763 2390 1904 2445 enim
1932 2407 2074 2444 mor-

502 2492 613 2544 tui:
628 2488 734 2556 vel,
754 2487 1052 2544 secundum
1073 2486 1302 2557 Aquilae,
1321 2484 1656 2557 Symmachi,
1674 2491 1728 2538 et
1746 2480 2076 2537 Theodotio-

503 2580 590 2637 nis
641 2579 1165 2650 interpretationem,
1212 2578 1376 2630 vivent
1420 2575 1615 2628 mortui
1654 2574 1752 2628 tui.
1794 2571 1900 2628 Sed
1930 2572 2072 2627 enim

479 2678 835 2725 mortuorum
873 2669 995 2740 ejus
1034 2668 1275 2733 nomine,
1308 2680 1575 2737 quosnam
1615 2673 1810 2735 praeter
1853 2671 2075 2720 sanctos

479 2762 680 2832 ipsius
714 2760 1008 2832 intelligas,
1060 2760 1153 2830 qui
1189 2767 1320 2815 sunt
1373 2773 1402 2811 a
1460 2755 1790 2827 supradictis
1844 2754 2075 2809 mortuis

490 2852 591 2907 alii
616 2852 642 2906 τ
665 2851 767 2920 Qui
803 2853 949 2906 enim
980 2852 1177 2906 mortui
1225 2859 1374 2916 sunt,
1400 2850 1565 2905 vitam
1596 2849 1797 2903 habere
1840 2862 1945 2901 non
1982 2863 2073 2901 va-

497 2943 672 3008 ieaut,
706 2944 753 2998 si
793 2949 971 2998 morte
1018 2942 1181 3013 digna
1239 2939 1609 2995 admiserint:
1657 2948 1841 2994 contra
1892 2947 2071 2993 autem

501 3033 703 3089 mortui
753 3031 987 3099 Domini,
1041 3033 1135 3101 qui
1182 3031 1367 3087 omnia
1414 3037 1638 3101 propter
1692 3031 1868 3100 ipsum
1926 3030 2071 3100 passi

2182 1863 2262 1900 νοι
2299 1847 2356 1901 δὲ
2375 1848 2470 1901 καὶ
2487 1848 2729 1919 ἄκαρποι
2762 1848 3066 1918 μείναντες,
3093 1846 3316 1910 ἐλπίδος
3376 1845 3791 1900 ἐκπεσοῦνται

2181 1942 2282 2011 τῆς
2314 1939 2466 2008 παρὰ
2505 1939 2623 1993 σοῦ.
2658 1940 2722 1992 Οἱ
2750 1940 2808 1993 δὲ
2834 1939 2934 2009 τῆς
2977 1937 3077 2009 σῆς
3123 1938 3282 2001 ὅντες
3324 1936 3584 2008 μερίδος,
3619 1935 3669 1988 ει
3703 1934 3787 1987 καὶ

2184 2033 2345 2101 μέχρι
2381 2031 2615 2085 θανάτου
2663 2031 2799 2101 πρὸς
2841 2030 2943 2102 τὴν
2977 2030 3262 2101 ἁμαρτίαν
3328 2027 3784 2094 διαγωνίσαιντο,

2179 2121 2280 2191 τῆς
2314 2121 2468 2192 παρὰ
2517 2123 2608 2175 σοὶ
2650 2121 2795 2191 ζωῆς
2822 2122 2922 2174 οὑκ
2955 2120 3382 2176 ἀποπεσοῦνταὶ
3420 2136 3585 2172 ποτε.
3632 2118 3781 2172 Ἁνα-

2178 2212 2510 2283 στήσονται
2538 2213 2645 2284 γὰρ
2667 2215 2722 2267 οἱ
2752 2214 2953 2282 νεκροί
2977 2228 2990 2241 ·
3018 2212 3052 2284 ἢ
3082 2211 3223 2266 κατὰ
3237 2212 3346 2265 τὸν
3374 2210 3648 2272 Ἀκύλαν,
3692 2206 3781 2272 ζή-

2177 2319 2390 2359 σονται
2441 2308 2496 2359 οἱ
2531 2304 2847 2370 τεθνεῶτές
2872 2323 3012 2360 σου.
3042 2306 3114 2359 Ἦ
3144 2305 3293 2358 κατά
3332 2303 3648 2375 Σύμμαχον
3695 2300 3778 2354 καὶ

2175 2395 2526 2462 Θεοδοτίωνα,
2564 2394 2842 2464 ζήσονται
2904 2400 2958 2451 οι
3017 2396 3218 2464 νεκροί
3265 2411 3427 2450 σου.
3474 2392 3691 2464 Νεκροὶ
3725 2392 3777 2443 δὲ

2175 2488 2341 2543 αὐτοῦ
2368 2488 2513 2550 τίνες
2548 2488 2613 2544 ἂν
2652 2484 2784 2555 εἷεν,
2812 2490 2845 2561 ἢ
2885 2491 2934 2543 οἱ
2960 2488 3107 2558 ἅγιοι
3136 2488 3318 2545 αὑτοῦ
3352 2487 3647 2561 μάρτυρες
3670 2485 3778 2538 ἕτε-

2176 2596 2259 2650 ροι
2291 2579 2442 2643 ὄντες
2471 2580 2622 2649 παρὰ
2645 2582 2770 2644 τοὺς
2799 2580 2909 2634 ἄνω
2927 2580 3214 2651 λεχθέντας
3234 2580 3546 2649 νεκρούς;
3584 2576 3647 2631 Οῑ
3674 2575 3727 2629 δὲ
3746 2582 3771 2611 '

2173 2670 2372 2738 νεκροὶ
2411 2670 2558 2740 ζωὴν
2604 2672 2666 2724 οὐ
2727 2674 2800 2742 μὴ
2854 2673 3056 2739 ἴδωσιν,
3102 2673 3177 2736 ὡς
3210 2670 3620 2743 ἡμαρτηκότες
3646 2668 3770 2738 πρὸς

2175 2762 2419 2818 θάνατον.
2445 2764 2655 2833 Νεκροὶ
2676 2764 2731 2818 δὲ
2745 2765 2967 2835 Κυρίου,
2995 2766 3043 2819 οἱ
3059 2764 3233 2819 πάντα
3254 2765 3336 2819 δι’
3355 2764 3526 2819 αὐτὸν
3555 2759 3769 2829 ὑπομεί-

2174 2869 2361 2915 ναντες
2390 2854 2540 2923 (περὶ
2577 2846 2651 2911 ὧν
2670 2852 2731 2906 οὐ
2762 2853 3164 2920 τεθνηκότων,
3195 2853 3323 2907 ἀλλ’
3354 2852 3435 2916 ὡς
3465 2848 3768 2920 κοιμηθέν-

2175 2959 2290 2997 των
2312 2942 2579 3007 ἐξέδωκαν
2612 2945 2661 2997 οἱ
2689 2943 2886 3015 λοιποὶ)
2927 2945 3065 2999 κατὰ
3105 2944 3206 3015 μὲν
3248 2946 3320 2999 τὸ
3369 2945 3609 3016 πρῶτον,
3646 2939 3764 3004 ἐξυι

2176 3036 2468 3111 πνίσεσθε
2496 3049 2523 3077 ι
2548 3035 2597 3089 οἱ
2627 3038 2684 3089 ὲν
2720 3038 2832 3100 τοῖς
2863 3036 3151 3107 μνημείοις
3175 3054 3188 3067 ·
3220 3037 3377 3091 κατὰ
3417 3036 3477 3089 δὲ
3506 3035 3569 3088 τὸ
3595 3030 3764 3087 δεύτε-

505 3133 668 3191 suut;
689 3124 757 3179 de
776 3124 984 3194 quibus
1002 3138 1114 3178 non
1145 3130 1403 3193 tanquam
1428 3123 1672 3185 mortuis,
1706 3121 1798 3176 sed
1819 3131 2073 3192 tanquam

2183 3145 2296 3199 ρον,
2338 3110 2858 3197 Ἀγαλλιάσονται,
2899 3128 3321 3199 ἥαῑνέοόυσιίν⁵
3343 3127 3488 3181 κατὰ.
3507 3126 3597 3180 τὸν
3624 3121 3761 3177 Ἀκύ-

504 3232 535 3271 a
608 3213 997 3271 dormientibus
1081 3213 1421 3283 reliquorum
1506 3220 1592 3266 est
1658 3210 2077 3279 interpretatio;

500 3306 686 3376 priore
737 3304 957 3374 quidem
998 3302 1236 3367 ratione,
1286 3301 1653 3370 asperge/ient,
1707 3299 1799 3368 qui
1854 3309 1982 3353 sunt
2024 3301 2076 3353 in

500 3394 903 3459 monumentis;
927 3391 1084 3463 331
1118 3391 1288 3448 altera
1308 3405 1435 3446 vero
1455 3389 1819 3452 exsultabant,
1846 3397 1937 3442 aut
1960 3391 2078 3442 lau-

499 3485 726 3550 dabunt,
752 3482 1053 3541 secundum
1082 3482 1333 3553 Aquilam
1368 3499 1383 3536 :
1411 3489 1504 3536 aut
1518 3480 1847 3550 jubilabunt,
1875 3494 2076 3535 secun-

498 3576 628 3634 dum
646 3574 1104 3632 Tlteodotionem.
1126 3573 1391 3629 Dormitie
1414 3573 1559 3630 enim
1589 3580 1907 3628 sanctorum
1926 3588 2066 3626 mors

499 3668 825 3739 appellatur.
868 3668 936 3721 At
987 3665 1153 3721 fuerit
1184 3665 1265 3722 eis
1295 3664 1720 3721 resurrectionis
1756 3679 1925 3721 causa
1981 3680 2067 3719 ros

497 3757 590 3813 ille
628 3766 780 3823 tuus,
810 3757 862 3812 id
898 3763 983 3813 est
1023 3771 1054 3811 a
1087 3766 1139 3813 te
1182 3755 1412 3813 elfusum
1442 3757 1677 3813 Verbum
1709 3756 1843 3812 illud
1880 3757 2069 3827 unige-

497 3850 695 3916 nitum,
733 3847 878 3919 quod
904 3847 1152 3909 visviiicas
1183 3856 1368 3920 guttas
1399 3844 1528 3904 su‘as
1551 3848 1606 3902 in
1640 3848 1896 3918 proprios
1927 3863 2071 3901 mor-

499 3949 618 3995 tuos
649 3939 948 4005 instillans,
981 3937 1170 3995 eadem
1206 3954 1370 4010 opera
1400 3948 1455 3994 et
1485 3954 1699 4004 eorum,
1726 3954 1848 4010 qua:
1877 3939 2073 3994 huma-

496 4032 646 4088 nitus
673 4031 1035 4097 admiserunt,
1085 4030 1354 4086 medelam
1386 4030 1613 4099 aﬂ'eret;
1648 4039 1704 4087 et
1744 4046 1955 4099 eorum,
1979 4032 2076 4103 qui

498 4124 555 4180 in
605 4131 751 4180 terra
799 4122 1037 4196 dispersi
1091 4132 1240 4189 sunt,
1295 4124 1732 4179 resurrectionem
1780 4139 2074 4195 corporum

496 4216 767 4288 largitur:
800 4233 907 4272 non
941 4216 1104 4272 aliter
1137 4230 1300 4287 quam
1324 4232 1412 4271 ros
1447 4215 1537 4271 ille
1575 4217 1715 4270 solet
1737 4217 1912 4271 oculis
1943 4216 2075 4271 sub-

492 4305 696 4378 jectus,
735 4323 896 4379 quem
935 4307 1201 4378 paulatim
1252 4307 1394 4363 caelo
1426 4306 1728 4363 demissum
1774 4308 2068 4362 commissa

2179 3218 2296 3285 λαν,
2327 3219 2360 3291 ἡ
2387 3217 2788 3286 ἀλαλάξουσι,
2813 3220 2953 3273 κατὰ
2983 3219 3073 3273 τὸν
3094 3219 3282 3273 Θεοδοτ
3300 3221 3463 3274 ἰωνα.
3499 3217 3757 3286 Κοῐμησις

2177 3310 2289 3380 γὰρ
2317 3308 2640 3380 ὀνομάζεται
2671 3309 2778 3363 τῶν
2803 3310 2975 3379 ἁγίων
3012 3312 3046 3364 ό
3081 3307 3375 3375 θάνατος.
3411 3305 3577 3362 Attia
3598 3304 3652 3357 δὲ
3671 3304 3756 3370 τῆς

2176 3401 2523 3465 ἀναστάσεως
2564 3401 2747 3464 αὐτοῖς
2796 3401 2835 3468 ἢ
2887 3399 3047 3469 παρὰ
3096 3398 3213 3453 σοῦ
3258 3398 3517 3469 δρόσος,
3549 3398 3577 3450 ὸ
3611 3409 3754 3465 μονο-

2174 3492 2335 3563 γενής
2382 3507 2475 3543 σου
2509 3488 2680 3558 Λόγος
2711 3487 2931 3559 δηλαδή,
2961 3488 3019 3552 ὃς
3051 3488 3361 3552 ὲπιστάξας
3425 3486 3522 3550 τὰς
3577 3477 3752 3538 ἑαυτοῦ

2174 3578 2476 3644 ζωοποιοὺς
2513 3577 2778 3646 σταγόνας
2832 3579 2943 3639 τοῖς
2989 3575 3154 3629 αὐτοῦ
3202 3573 3472 3644 νεκροῖς,
3508 3568 3638 3641 ὁμοῦ
3666 3567 3753 3638 μὲν

2177 3675 2324 3727 ἴασιν
2348 3669 2457 3723 τῶν
2485 3667 2841 3739 ἀνθρωπίνως
2866 3666 3049 3729 αὐτοῖς
3071 3664 3496 3737 ἡμαρτημένων
3513 3657 3745 3731 παρέξει,

2173 3760 2307 3834 ὁμοῦ
2333 3761 2389 3815 δὲ
2414 3760 2756 3817 ἀνάστασιν
2781 3758 2889 3813 τῶν
2913 3758 3005 3812 ἐπὶ
3026 3759 3130 3828 γῆς
3151 3755 3524 3828 ἐσπαρμένων
3581 3747 3746 3820 σωμά-

2172 3871 2303 3921 των,
2329 3853 2405 3917 de;
2430 3854 2468 3922 ἢ
2496 3852 2716 3921 δρόσος
2774 3853 2805 3923 ἡ
2856 3849 3091 3921 αἰσθητὴ
3113 3848 3297 3921 ἡμέρα
3337 3845 3597 3903 κατιοῦσα
3622 3838 3744 3911 πρὸς

2174 3947 2300 4017 γῆν,
2345 3945 2632 4017 ἐκτρέφειν
2686 3945 2784 3999 καὶ
2832 3942 3015 4008 αὔξειν
3050 3945 3192 3996 ποιεῖ
3232 3942 3304 3995 τὰ
3357 3934 3737 4002 ὲναποκεῑμενα

2179 4040 2491 4109 σπέρματα.
2536 4036 2678 4091 Ἀλλ’
2707 4038 2766 4090 οὐ
2791 4036 2859 4089 τὰ
2886 4035 2995 4088 τῶν
3026 4033 3239 4090 ἀσεϐῶν
3267 4030 3517 4087 τοιαῦτα.
3552 4018 3739 4109 11808?-

2178 4106 2430 4195 ταιίγὰρ
2485 4124 2665 4179 αὐτῶν
2696 4123 2735 4191 ἠ
2768 4122 2864 4194 γῆ.
2929 4123 3014 4188 Ὠς
3065 4122 3159 4177 οὖν
3199 4121 3569 4182 ἐκπεσόντες
3587 4106 3729 4171 Θεοῦ.

2182 4216 2366 4281 αὐτοῖς
2399 4218 2614 4288 σώμασι
2641 4217 2734 4271 καὶ
2761 4216 2959 4287 ψυχαῖς
3004 4217 3083 4281 εἰς
3123 4213 3399 4287 τιμωρίαν
3442 4202 3733 4282 παραδοθή·

2178 4325 2384 4364 σονται.

500 4412 657 4457 terrae
677 4402 887 4457 semina
914 4400 1125 4456 nutrire
1148 4408 1204 4456 et
1234 4412 1435 4471 augere
1469 4398 1742 4455 videmus.
1766 4398 1959 4464 Qualia
1992 4399 2059 4455 de
2098 4398 2282 4470 impiis
2335 4401 2445 4456 dici
2491 4411 2642 4459 certe
2687 4418 2797 4458 non
2838 4410 3092 4473 possunt.
3171 4401 3339 4458 Cadet
3400 4397 3564 4461 enim,
3644 4389 3728 4446 ait»

498 4493 744 4564 ipsorum
785 4503 930 4548 terra
958 4510 977 4548 :
1008 4493 1261 4563 ideoque.
1327 4500 1589 4564 tanquam
1635 4491 1747 4550 Deo
1790 4494 2103 4559 exciderint,
2170 4511 2296 4551 cum
2364 4497 2655 4555 animabus
2704 4500 2840 4570 ipsis
2892 4506 2948 4555 et
3003 4497 3329 4568 corporibus
3367 4506 3562 4567 poenas
3618 4496 3725 4542 8836

498 4584 736 4641 luituros
766 4585 1117 4657 significavit.

575 4676 683 4733 Sed
713 4693 827 4733 non
863 4678 1083 4745 desunt,
1119 4677 1214 4749 qui
1244 4678 1412 4734 verba
1443 4678 1557 4733 haec
1584 4677 1659 4732 ita
1700 4679 2065 4750 interpreten-

2242 4676 2397 4740 Τινὲς
2418 4676 2477 4731 δὲ
2501 4675 2600 4748 τήν
2623 4677 2784 4747 ῥῆσιν
2815 4676 2987 4741 οὕτως
3024 4679 3394 4750 ἑρμήνευσανθ
3426 4674 3518 4728 Ἐκ
3540 4661 3724 4732 πολλῆς

498 4777 624 4824 tur:
661 4768 765 4836 Qui
801 4769 974 4825 multo
1003 4771 1059 4826 in
1090 4769 1261 4825 Deum
1314 4784 1504 4825 amore
1535 4769 1801 4826 adversus
1831 4774 2069 4828 scelera-

497 4868 583 4915 tos
623 4856 939 4915 Iudaeorum
1000 4875 1175 4919 ausus
1214 4860 1480 4933 propheta
1513 4862 1785 4917 excitatus
1824 4865 1899 4918 eis
1926 4866 2071 4919 mala

496 4949 628 5004 addi
670 4949 1017 5020 postularat;
1072 4963 1200 5004 cum
1243 4960 1432 5005 eorum
1472 4950 1587 5020 jam
1632 4952 1852 5007 nomine
1903 4951 2069 5008 Deum

494 5040 776 5112 deprecari
823 5038 1072 5106 deberet,
1118 5041 1167 5097 si
1215 5044 1346 5111 quid
1396 5043 1504 5098 illis
1553 5043 1904 5111 condoleret;
1949 5060 2067 5100 eam

490 5130 604 5201 iam
628 5146 728 5203 pro
758 5130 844 5188 sui
877 5129 1197 5188 defensione
1222 5132 1511 5189 utilitatem
1545 5136 1821 5208 proponit,
1853 5151 1975 5206 quae
2003 5153 2067 5192 ex

493 5220 705 5277 damnis
728 5232 779 5278 et
808 5222 1215 5279 calamitatibus
1245 5222 1509 5280 divinitus
1540 5223 1805 5283 immissis
1833 5226 2068 5299 percipi-

499 5321 618 5377 tur;
667 5313 847 5371 solere
895 5315 1019 5386 ejus
1048 5315 1102 5370 in
1130 5314 1293 5370 nobis
1331 5316 1424 5372 Dei
1458 5318 1878 5373 recordationem
1915 5318 2067 5374 exci-

566 5479 610 5514 ¹³
638 5477 804 5536 Hebr.
837 5498 934 5550 xu,
966 5483 1020 5538 6.
1099 5486 1141 5518 ιδ
1165 5482 1327 5541 Rom.
1377 5501 1496 5555 vm,
1523 5489 1609 5544 l8.

2174 4770 2204 4824 ό
2231 4770 2519 4841 προφήτης
2550 4769 2829 4838 φιλοθεῖας
2862 4770 3005 4824 κατά
3041 4771 3148 4824 τῶν
3195 4767 3505 4825 Ἰουδαϊκῶν
3535 4759 3723 4828 τολμησ

2179 4862 2364 4932 μάτων
2387 4860 2655 4933 κινηθεὶς,
2688 4862 2786 4916 καὶ
2814 4864 3010 4934 φήσας,
3043 4864 3311 4931 Πρόσθες
3335 4855 3535 4922 αὐτοῖς
3561 4845 3715 4909 κακά,

2176 4955 2372 5023 Κύριε·
2403 4954 2523 5008 δέον
2545 4955 2685 5026 ὑπὲρ
2727 4956 2906 5009 αὐτῶν
2951 4957 3290 5029 παρακαλεῖν
3321 4958 3410 5010 τὸν
3433 4950 3577 5007 Θεὸν,
3614 4940 3717 5007 εἴγε

2175 5048 2386 5110 τούτοις
2438 5046 2770 5120 συνέπασχε,
2810 5046 2873 5101 τὸ
2930 5047 3040 5102 τῶν
3100 5039 3713 5120 κακωτικῶνθλίψείιξν

2175 5137 2312 5208 πρὸς
2337 5137 2634 5206 ἀπολογίαν
2658 5139 2929 5209 ἐπήνεγκε
2967 5140 3237 5212 χρήσιμον
3255 5179 3271 5205 ,
3320 5139 3394 5202 ὡς
3422 5130 3550 5189 Θεοῦ
3569 5119 3708 5197 μνή-

2169 5246 2295 5298 μην
2333 5229 2545 5298 πέφυκε
2603 5231 2769 5285 πᾶσιν
2826 5232 3179 5303 ἐργάζεσθαι,
3234 5230 3420 5300 ὥσπερ
3452 5217 3539 5278 οὖν
3558 5212 3707 5303 λήθηῖ

2174 5315 2283 5373 οἶδε
2322 5322 2490 5374 ποιεῖν
2514 5320 2809 5392 εὐροοῦντα
2937 5298 3591 5394 πράγματαΩΕνήθοιίψει
3613 5298 3704 5377 τὰρ

1793 5583 2025 5640 VARI/li
2056 5583 2345 5642 LECTION
2355 5585 2454 5642 ES.

564 5687 594 5722 ν
616 5698 707 5754 γρ.
737 5683 868 5757 γάρ.
947 5698 975 5727 ι
1008 5704 1101 5755 ἹῬ.
1132 5685 1530 5751 ἐξυπνισονται.
