4022 6210
360 321 500 387 221ί5

1472 317 2006 388 COMMENTARII
2040 320 2119 381 IN
2155 321 2440 380 ISAIAMI

3455 310 3598 372 2226

354 456 537 508 μικρᾳ
562 438 976 507 παιδευόμεθα,
1015 436 1159 491 Θεοῦ
1188 437 1287 505 τὴν
1324 438 1495 510 ὀργὴν
1532 438 1931 510 συγκεραννύν-

2043 442 2168 501 lare,
2205 449 2326 504 qua:
2365 432 2531 487 rebus
2568 430 2847 501 prosperis
2872 428 3022 484 et‘ad
3054 408 3599 483 voluntatcm‘lluen-

357 547 450 591 τος
484 530 650 584 πᾶσιν
697 527 958 599 ήμέρως.’
997 528 1086 595 Ἐξ
1139 530 1361 600 ἀγάπης
1395 531 1503 600 ἄρα
1534 531 1616 591 τὸ,
1657 530 1931 597 Πρόσθες

357 617 587 683 αὐτοῖς,
618 616 745 687 ἔφη,
771 616 943 672 κακά.
963 617 1294 689 Προαιρέσει
1319 620 1428 688 γὰρ
1464 619 1699 689 ἀκάρπῳ
1712 618 1930 671 λυσιτε-

358 707 594 772 λούντως
635 709 849 779 ἀνάγκη
901 708 1290 780 προσφέρεται.
1349 709 1604 763 Τοιοῦτον
1635 712 1695 763 τό
1720 726 1733 739 ·
1772 727 1792 760 ι
1844 711 1931 761 Ἐν

359 798 527 870 κημῷ
559 800 652 853 καὶ
682 798 888 869 χαλινῷ
936 799 1037 863 τὰς
1090 801 1348 868 σιαγόνας
1378 801 1556 855 αὐτῶν
1587 801 1773 869 ἅγξεις
1824 801 1931 853 τῶν

362 890 440 961 μὴ
494 890 823 959 ἐγγιζόντων
874 891 1124 960 πρδςσέ.
1164 910 1183 942 ι
1225 891 1369 944 Ἀλλ’
1418 892 1517 962 οὐχ
1542 892 1727 962 ἡμεῖς,
1774 889 1927 961 φησὶ,

361 981 484 1034 κατ’
509 980 745 1041 ἐκείνους
776 980 871 1033 ἐπὶ
896 979 976 1051 τῷ
1004 978 1290 1049 ἀγαπητῷ
1315 994 1431 1036 σου
1458 982 1779 1051 διετέθημεν
1806 979 1928 1052 υἱῷ·

357 1072 515 1141 δίκην
548 1070 607 1123 δὲ
661 1072 863 1141 μᾶλλον
910 1070 1249 1140 ὠδινούσης
1304 1072 1583 1139 γυναικὸς,
1620 1072 1730 1124 τῶν
1760 1071 1931 1125 ταῦτα

358 1159 682 1231 τολμώντων
741 1159 1160 1232 κατεὸοήσαμεν
1208 1162 1305 1232 τὴν
1352 1161 1534 1233 ψυχὴν
1583 1161 1929 1232 ὀδυνώμενοι.

359 1253 619 1315 Τοιοῦτος
664 1252 894 1316 Ἡσαΐας
940 1253 1116 1322 βοῶν’
1171 1272 1190 1305 ι
1237 1254 1427 1324 Ὑμεῖς
1465 1253 1520 1306 δὲ
1552 1254 1949 1324 προσαγάγετε

356 1337 485 1403 ὧδε,
514 1343 617 1395 υίολ⁵
645 1341 855 1412 ἄνομοι,
886 1343 1112 1414 σπέρμα
1163 1345 1368 1415 μοιχῶν
1417 1345 1513 1396 καὶ
1555 1344 1782 1415 πόρνης.
1844 1345 1933 1397 Ἐν

356 1435 465 1487 τίνι
494 1435 929 1506 ἐνετρυφήσατε,
956 1436 1049 1490 καὶ
1083 1436 1174 1488 ἐπὶ
1220 1436 1327 1488 τίνι
1359 1437 1611 1506 ὴνοίξατε
1663 1437 1724 1489 τὸ
1759 1440 1932 1507 στόμα

362 1525 551 1596 ὐμῶνς
591 1544 619 1577 ι
669 1526 803 1596 Περὶ⁵
844 1522 921 1580 ὧν
955 1525 1159 1602 ἔφασκε
1192 1528 1288 1579 καὶ
1336 1527 1530 1580 Δαϐίδο
1580 1545 1599 1578 ι
1637 1527 1931 1597 Σκοτισοῆ-

365 1631 548 1668 σονται
586 1617 635 1667 oi
657 1615 922 1686 ὀφθαλμοὶ
956 1615 1137 1669 αὐτῶν
1157 1614 1251 1667 τοῦ
1281 1614 1356 1686 μὴ
1382 1614 1620 1684 βλέπειν,
1663 1633 1682 1667 ι
1714 1615 1807 1668 καὶ
1842 1615 1933 1668 τὸν

363 1705 527 1759 νῶτον
563 1705 741 1760 αὐτῶν
765 1706 853 1760 διὰ
890 1707 1094 1770 παντὸς
1138 1705 1480 1775 σύγκαμψον.
1520 1705 1676 1769 Τινὲς
1713 1706 1769 1758 δὲ
1810 1706 1936 1759 0.11—

2031 526 2177 581 tibus
2213 524 2556 579 obliteratur.
2598 520 2709 575 Nos
2763 519 2907 573 enim
2948 534 3112 586 parva
3146 515 3321 571 erudit
3363 516 3598 587 afﬂictio,

2030 616 2245 686 quoties
2281 615 2423 669 iram
2469 614 2582 669 Deo
2615 609 3040 667 mansuetudine
3072 618 3380 680 temperare
3402 608 3457 662 in
3484 622 3601 662 om-

2032 722 2130 762 nes
2175 706 2361 761 libuit.
2410 706 2508 760 Est
2552 703 2721 775 igitur
2764 700 3159 756 benevolentia
3194 707 3249 754 et
3275 697 3599 761 .eharitatis,

2031 797 2174 866 quod
2213 798 2289 852 eis
2318 795 2463 850 mala
2483 794 2648 865 adjici
2675 791 2938 862 propheta
2967 789 3311 859 postulavit;
3334 802 3459 843 cum
3480 785 3604 841 nul-

2031 890 2138 945 lius
2172 888 2345 961 frugis
2373 887 2644 944 voluntati
2673 886 2885 942 utiliter.
2912 884 3030 953 ipsa
3047 883 3130 937 vis
3164 881 3388 937 accedat
3417 893 3604 937 neces-

2032 982 2231 1043 sitatis.
2268 981 2403 1037 Tale
2421 980 2556 1036 illud
2585 988 2714 1036 est:
2761 997 2779 1029 ι
2813 976 2872 1031 lu
2902 990 3060 1031 eamo
3084 981 3138 1030 et
3157 973 3324 1028 .l'reno
3354 972 3605 1028 maxillas

2030 1089 2220 1133 eorum
2253 1072 2591 1143 constringe,
2626 1070 2721 1141 qui
2750 1083 2860 1123 non
2888 1066 3277 1139 approximant
3322 1063 3392 1119 ad
3424 1072 3478 1119 te
3502 1063 3599 1117 π.»

2031 1170 2102 1222 At
2129 1180 2251 1233 nos,
2280 1164 2379 1231 ait,
2417 1170 2480 1218 ut
2520 1162 2619 1228 illi,
2654 1173 3006 1231 nequaquam
3040 1157 3097 1210 in
3132 1154 3386 1210 dilectum
3435 1154 3604 1209 ﬁlium

2033 1269 2186 1314 tuum
2218 1270 2413 1314 sumus
2434 1254 2646 1319 allecti;
2668 1251 2800 1325 quin
2830 1250 3014 1322 potius
3042 1248 3396 1317 parturientis
3428 1244 3607 1301 instar

2034 1348 2299 1414 mulieris,
2338 1347 2460 1404 illos
2548 1347 2639 1418 qui
2736 1347 2835 1402 ista
2931 1344 3109 1400 conati
3208 1348 3369 1403 sunt,
3410 1349 3607 1406 magno

2034 1440 2202 1495 animi
2241 1439 2426 1494 dolore
2460 1435 2827 1492 vociferantes
2871 1433 3175 1503 arguimus.
3207 1428 3393 1483 Talem
3433 1441 3605 1498 agno-

2034 1544 2156 1586 scas
2185 1528 2406 1592 Isaiam,
2441 1525 2535 1581 ubi
2575 1527 2653 1579 ita
2689 1523 2945 1578 inclamat
2981 1538 2994 1574 :
3033 1519 3201 1577 «.Vos
3235 1526 3415 1574 autem
3447 1532 3608 1574 accc.-

2033 1622 2145 1677 dite
2170 1623 2301 1685 huc,
2327 1619 2446 1681 lilii,
2472 1632 2661 1674 semen
2689 1615 3067 1670 adulterorum
3096 1619 3150 1669 et
3181 1610 3515 1667 fornicariaa.
3547 1610 3608 1665 lu

2035 1726 2144 1781 quo
2171 1724 2271 1766 vos
2304 1708 2547 1764 deliciati
2588 1707 2768 1762 estis?
2806 1712 2859 1761 et
2899 1706 2954 1759 in
2975 1719 3084 1776 quo
3107 1702 3402 1774 aperuistis
3431 1715 3495 1756 os
3518 1714 3610 1757 ve.-

360 1800 475 1865 ψιιν
517 1800 773 1867 μικρὰν,
823 1798 925 1870 τὴν
979 1799 1054 1869 μὴ
1100 1797 1384 1869 χωροῦσαν
1436 1797 1516 1859 είς
1568 1796 1705 1866 ἔργα
1767 1797 1933 1865 φασὶν

2043 1813 2212 1858 atrum
2244 1801 2336 1853 υτ
2372 1820 2390 1853 ›
2431 1798 2505 1855 De
2532 1799 2618 1854 his
2640 1806 2695 1853 et
2716 1799 2808 1853 illa
2835 1807 2965 1853 sunt
2996 1795 3230 1851 Davidis
3265 1810 3280 1848 :
3320 1810 3339 1845 ι
3373 1791 3610 1847 Obtene-

363 1889 618 1959 ἀπειλήν.
648 1889 1052 1960 Φιλανθρώπως
1072 1889 1181 1961 γὰρ
1213 1887 1425 1942 ἀπειλεῖ
1452 1887 1604 1952 Θεὸς,
1642 1886 1792 1956 φόϐῳ
1827 1887 1934 1939 τῶν

365 1980 554 2035 κακῶν
575 1981 831 2054 ἀπεῖρξαι
862 1981 1209 2052 βουλόμενος.
1261 1980 1337 2033 Οὐ
1390 1980 1538 2049 μισεῖ
1582 1978 1693 2049 γὰρ
1718 1979 1780 2032 τὸ
1806 1978 1936 2032 ἴδιον

366 2071 613 2142 πλάσμα,
643 2074 765 2127 οὐδὲ
824 2073 1143 2143 παρήγαγεν
1177 2078 1202 2119 7
1230 2070 1305 2132 ὡς
1335 2069 1402 2123 ἂν
1442 2069 1842 2141 τιμωρήσηται.
1873 2070 1936 2121 Ei

365 2161 477 2233 γὰρ
492 2157 563 2232 ἦν
589 2162 849 2227 τοιοῦτος,
885 2163 1011 2233 ἐνῆν
1043 2160 1194 2231 αὐτῷ
1217 2160 1311 2213 καὶ
1334 2160 1512 2229 σιωπῇ
1539 2156 1638 2229 τὴν
1664 2159 1935 2229 τιμωρίαν

360 2251 715 2321 ἐργάζεσθαι.
750 2252 865 2307 Νῦν
901 2252 961 2306 δὲ
985 2251 1180 2316 σώζειν
1219 2249 1418 2303 ἐθέλων
1450 2249 1795 2319 προαπειλεί.

2033 1895 2261 1949 brentur
2281 1906 2472 1947 eorum
2507 1890 2650 1945 oeuli
2701 1905 2769 1943 ne
2804 1888 3055 1952 videant;
3087 1885 3265 1957 332,
3290 1891 3344 1939 et
3384 1883 3607 1939 dorsum

2033 1998 2223 2039 eorum
2257 1996 2475 2054 semper
2500 1981 2730 2036 incurva
2762 1979 2830 2034 ".
2864 1998 2882 2031 ι
2927 1977 3162 2045 Quidam
3196 1989 3328 2031 vero
3367 1974 3610 2046 afﬂictio-

2034 2090 2147 2129 uem
2182 2090 2426 2144 parvam,
2456 2088 2550 2129 eas
2576 2080 2793 2127 tantum
2830 2072 3009 2127 minas
3033 2069 3369 2139 intelligunt,
3399 2063 3608 2138 quaead

2035 2178 2174 2235 opus
2215 2178 2390 2234 usque
2415 2178 2523 2219 non
2550 2171 2854 2219 excurrunt
2881 2175 3039 2217 :cum
3079 2173 3177 2229 pro
3212 2171 3312 2214 sua
3344 2156 3401 2209 in
3431 2152 3612 2209 homi-

2037 2273 2136 2314 nes
2178 2258 2557 2314 benevolentia
2601 2258 2706 2314 hoc
2746 2266 2956 2311 tantum
3004 2253 3135 2319 line,
3180 2260 3239 2307 ut
3262 2264 3358 2307 eos
3391 2264 3421 2304 a
3450 2245 3617 2303 malis

357 2351 568 2409 arceat,
603 2343 746 2401 Deus
785 2344 1090 2399 minitetur.
1133 2339 1251 2395 Non
1283 2340 1426 2395 enim
1460 2355 1619 2395 suum
1655 2339 1771 2408 ipse
1815 2343 1929 2397 odit
1966 2346 2322 2419 ﬁgmentum;
2353 2362 2551 2418 neque,
2586 2355 2643 2399 ut
2668 2346 2986 2407 ulciscatur,
3017 2344 3069 2396 in
3136 2342 3311 2396 lucem
3387 2336 3607 2397 educit;

359 2434 504 2500 quod
535 2438 801 2506 alioquin,
831 2439 877 2495 si
911 2440 1038 2495 talis
1067 2448 1232 2506 esset,
1257 2437 1432 2494 eidem
1459 2438 1541 2494 vel
1570 2453 1676 2492 non
1704 2444 2059 2508 praemonenti
2089 2442 2300 2498 liceret.
2332 2443 2398 2497 At
2426 2456 2572 2497 nunc
2647 2440 2823 2494 minas
2891 2435 3192 2506 praemittit,
3268 2438 3326 2485 ut
3391 2444 3611 2485 scrvare

359 2543 421 2583 se
455 2530 589 2587 velle
626 2532 840 2588 doceat.

454 2624 607 2678 Ἐπεὶ
642 2625 822 2679 τοίνυν
859 2626 992 2695 φησὶ
1044 2625 1110 2679 τὰ
1142 2624 1385 2695 ἡμέτερα
1432 2625 1652 2679 τοιαῦτα
1694 2626 1936 2694 γέγονεν,

360 2724 436 2786 ὡς
463 2720 551 2776 διὰ
578 2720 829 2791 μεγάλων
850 2719 1131 2790 τιμωριῶν
1161 2719 1221 2771 τὸ
1242 2718 1399 2788 χρέος
1433 2719 1758 2783 ἐκτιννύναι,
1778 2720 1936 2790 χρεία

358 2814 468 2868 τοῦ
500 2813 616 2867 σοῦ
649 2810 960 2881 ἀγαπητοῦ
992 2811 1089 2873 τὰς
1118 2814 1404 2880 συμφορὰς
1454 2811 1586 2880 ἡμῖν
1629 2809 1938 2875 διαλύοντος

359 2907 567 2978 χάριτι.
614 2906 731 2973 Ἀφ’
761 2897 823 2957 οὗ
855 2904 964 2974 γὰρ
997 2903 1137 2956 κατά
1177 2903 1273 2973 τὴν
1298 2903 1633 2974 προφητείαν
1665 2906 1698 2976 ἡ
1732 2904 1937 2973 παρθέ-

359 3016 450 3063 νος
475 2998 691 3066 λὲγεται
722 2995 1024 3059 τετοκέναι,
1050 2994 1328 3064 πανταχοῦ
1364 2994 1692 3065 εὐαφόρμως
1722 3012 1932 3066 μνημο-

359 3088 508 3143 νεύει
535 3087 630 3141 τοῦ
657 3086 891 3141 παιδίου.
924 3086 987 3140 Oi
1016 3085 1072 3139 δὲ
1104 3084 1356 3153 λέγοντες
1384 3086 1447 3137 ἐκ
1476 3083 1753 3154 φιλοθετας
1781 3085 1934 3152 γενέ-

363 3181 490 3236 σθαι
512 3179 592 3246 τῷ
608 3180 891 3251 ἀγαπητῷ
918 3178 1013 3232 τοῦ
1034 3178 1273 3248 Πατέρος
1297 3178 1433 3249 ὅπερ
1456 3178 1761 3233 ὠδίνουσα
1779 3177 1938 3247 γυνὴ,

364 3273 662 3343 ἐμμένουσι
689 3273 756 3341 τῇ
784 3271 984 3341 τροπῇ,
1010 3268 1307 3336 σωτηρίας
1346 3266 1598 3335 λέγοντες
1633 3267 1943 3335 πνεύματα

364 3363 556 3420 τεκεῖν
586 3362 709 3428 τοῖς
754 3362 852 3415 ἐπὶ
897 3359 1010 3429 τῆς
1055 3359 1202 3428 γῆς·
1245 3361 1383 3430 ὅπερ
1413 3358 1673 3430 ἁρμόττει
1728 3360 1944 3430 προφή..

367 3470 509 3520 ταις,
550 3452 872 3516 ἀποστόλοις
919 3468 979 3505 τε
1025 3452 1122 3505 καὶ
1172 3450 1611 3520 εὐαγγελισταῖς.
1670 3449 1783 3519 Τῆς
1833 3451 1943 3520 γὰρ

364 3545 514 3608 θείας
562 3543 950 3615 μυσταγωγίας
1008 3543 1216 3599 ἄνωθεν
1256 3542 1617 3607 πλουτοῦντες
1657 3542 1727 3596 τὰ
1773 3543 1943 3613 σπέρ-

369 3656 536 3710 ματα,
563 3639 675 3701 τοῖς
701 3636 801 3690 ἐπὶ
822 3635 932 3710 τῆς
961 3636 1073 3706 γῆς
1121 3635 1358 3704 πνεῦμα
1397 3625 1698 3703 σωτηρίαι)
1747 3632 1943 3698 ἐξέτε-

366 3747 497 3796 xor,
546 3729 644 3799 τὴν
683 3730 741 3782 ἐν
790 3727 1063 3796 πνεύματι
1095 3725 1338 3794 δηλονότι
1368 3724 1747 3779 διδασκαλίαν.
1789 3723 1944 3778 Φίλον

365 3822 474 3893 γὰρ
523 3823 590 3893 τῇ
642 3820 832 3892 Γραφῇ
883 3818 1120 3889 πνεῦμα
1153 3816 1340 3871 καλεῖν
1370 3816 1485 3870 ἔσθ’
1513 3818 1603 3870 ὅτε
1632 3815 1734 3879 τάς
1781 3832 1944 3868 τινων

368 3913 715 3986 συγγραφὰς,
745 3911 889 3966 κατά
918 3911 976 3964 τό
996 3927 1011 3942 ·
1051 3929 1068 3961 ι
1108 3910 1439 3979 Δοκιμάζετε
1469 3909 1536 3962 τὰ
1577 3906 1867 3978 πνεύματα
1896 3908 1945 3959 εί

367 4005 434 4059 ἐκ
464 4003 556 4057 τοῦ
591 4002 737 4057 θείου
778 4001 935 4055 εἰσίν.
970 4018 989 4052 ›
1026 4009 1050 4037 ι
1081 3998 1366 4070 Πνεύματι
1392 3998 1499 4072 γὰρ
1518 3998 1658 4069 ἁγίῳ
1680 3997 1742 4051 τὸ
1771 3997 1946 4068 σωτή-

371 4110 487 4167 ριον
506 4095 768 4167 κήρυγμα
794 4092 1038 4161 λέγεται,
1068 4088 1319 4160 κοσμικῷ
1347 4088 1427 4153 δὲ,
1457 4086 1527 4142 τὰ
1555 4086 1751 4158 τούτῳ
1774 4086 1944 4158 μαχό-

372 4203 530 4257 μενα.
561 4185 654 4239 Διό
687 4201 852 4255 φησιν
873 4184 902 4237 ὁ
923 4182 1135 4245 Παῦλος
1153 4195 1166 4210 ’
1195 4199 1216 4234 ι
1262 4180 1452 4250 Ἡμεῖς
1474 4180 1530 4233 δὲ
1564 4180 1625 4232 οὐ
1645 4180 1707 4233 τὸ
1727 4176 1947 4248 πνεῦμα

369 4276 465 4330 τοῦ
496 4276 704 4347 κόσμου
731 4274 925 4328 τούτου
961 4273 1248 4344 ἐλάϐομεν,
1284 4271 1417 4327 ἀλλὰ
1453 4271 1515 4325 τὸ
1537 4269 1754 4341 πνεῦμα
1784 4271 1845 4324 τὸ
1883 4270 1947 4322 ἐκ

369 4369 466 4423 τοῦ
495 4369 650 4423 Θεοῦ.
686 4387 706 4422 ι
742 4368 984 4437 Πνεῦμα
1015 4365 1194 4419 τοίνυν
1228 4363 1546 4433 σωτηρίας,
1576 4363 1637 4415 τὸ
1662 4360 1951 4430 εὐαγγελι-

371 4460 467 4515 κδν
512 4461 739 4514 ἐκάλεσε
774 4460 1038 4530 κήρυγμα
1071 4455 1170 4526 τὴν
1196 4454 1414 4510 αἰώνιον
1451 4453 1598 4526 ζωὴν
1626 4453 1943 4526 προξενοῦν.

2108 2645 2376 2713 Quoniam
2407 2645 2592 2713 igitur,
2629 2642 2724 2707 ait,
2761 2654 2827 2695 eo
2868 2653 2956 2694 res
2999 2643 3203 2692 nostrae
3246 2632 3620 2694 reciderunt“.

2039 2748 2096 2791 ut
2126 2736 2335 2808 magnis
2374 2733 2682 2790 ultionibus
2727 2728 2973 2785 debitum
3009 2726 3170 2782 nobis
3200 2724 3457 2779 luendum
3490 2720 3562 2777 sit
3597 2739 3612 2774 :

2035 2828 2224 2881 dilecto
2257 2836 2369 2893 tuo,
2420 2824 2513 2895 qui
2551 2822 2722 2893 gratis
2769 2819 3115 2875 calamitates
3162 2824 3384 2871 nostras
3421 2813 3610 2873 tollat,
3674 2870 3683 2883 ,

2033 2936 2171 2990 opus
2195 2926 2300 2974 est.
2356 2915 2553 2971 Statim
2593 2913 2739 2970 enim
2773 2927 2841 2967 ex
2867 2926 2999 2982 quo,
3035 2908 3335 2966 secundum
3382 2905 3617 2977 prophe-

2038 3010 2192 3074 tiam,
2222 3007 2374 3074 virgo
2407 3004 2683 3075 peperisse
2708 3003 2896 3056 audita
2914 3010 3021 3067 est,
3062 3006 3368 3071 opportune
3410 2995 3616 3066 ubique

2043 3096 2196 3167 pueri
2238 3095 2573 3149 mentionem
2602 3092 2750 3147 facit.
2791 3094 2862 3146 At
2892 3092 2983 3161 qui
3016 3106 3075 3146 se
3113 3087 3427 3143 divinitatis
3457 3098 3631 3140 amow

2045 3204 2102 3243 te
2132 3187 2325 3241 dilecto
2348 3183 2530 3241 Patris
2566 3184 2745 3239 instar
2784 3182 3031 3239 mulieris
3054 3179 3402 3250 parturientis
3444 3177 3617 3233 fuisse

2045 3281 2253 3345 dicunt,
2287 3277 2463 3333 eidem
2497 3276 2758 3347 loquendi
2795 3276 2982 3348 ﬁgurae
3010 3271 3466 3335 iusistunt,,dum
3503 3272 3617 3340 spis

2044 3372 2204 3425 ritum
2236 3369 2428 3424 salutis
2460 3370 2550 3433 iis,
2582 3368 2676 3439 qui
2704 3374 2835 3424 sunt
2864 3367 2920 3420 in
2950 3375 3113 3432 terra,
3149 3366 3412 3435 peperisse
3436 3380 3498 3420 se
3529 3363 3617 3418 in.-

2045 3462 2267 3531 ferunt;
2315 3462 2462 3533 quod
2511 3460 2793 3531 prophetis
2823 3459 2980 3529 ipsis,
3031 3458 3412 3529 apostolisque
3452 3464 3622 3525 atque

2044 3555 2182 3611 adeo
2209 3552 2565 3625 evangelistis
2587 3552 2863 3616 convenit,
2895 3551 2989 3621 qui
3027 3549 3223 3605 divina:
3266 3547 3622 3621 mystagogia:

2046 3645 2350 3703 seminibus
2381 3659 2620 3715 superne
2677 3643 2857 3709 ditati,
2892 3644 2962 3699 iis
2993 3641 3088 3713 qui
3110 3650 3241 3698 sunt
3267 3641 3324 3696 in
3350 3650 3492 3695 terra
3524 3656 3620 3694 sa-

2046 3739 2172 3792 lutis
2210 3738 2480 3806 spiritum,
2513 3737 2567 3791 id
2594 3744 2679 3791 est
2709 3735 3013 3804 spiritalem
3040 3735 3375 3797 doctrinam,
3408 3746 3620 3802 μέμονεν

2046 3837 2189 3882 runt.
2223 3826 2319 3883 Est
2340 3828 2484 3883 enim
2514 3827 2813 3897 Scriptura:
2844 3826 3128 3890 usitatum,
3153 3831 3221 3879 ut-
3250 3822 3619 3894 quorumdam

2047 3918 2344 3989 aliquando
2397 3918 2624 3989 scripta,
2661 3917 2882 3986 spiritus
2933 3915 3304 3985 appellatione
3342 3914 3619 3984 dignetur,

2047 4007 2208 4075 quale
2235 4007 2466 4063 estillud
2493 4006 2507 4058 ζ
2542 4024 2560 4056 ι
2589 4003 2825 4059 Probate
2842 4003 3073 4073 spiritus
3086 4018 3155 4056 an
3169 4016 3236 4056 ex
3252 3999 3362 4055 Deo
3386 3999 3616 4055 sunt".-

2049 4096 2224 4168 Opera
2278 4097 2554 4169 siquidem
2603 4094 2847 4165 Spiritus
2901 4092 3078 4148 sancti
3123 4091 3307 4147 editur
3360 4090 3624 4146 salutaris

2048 4190 2398 4262 praedicatio;
2419 4185 2681 4244 mundani
2698 4194 2902 4248 autem,
2926 4199 3049 4256 qua:
3070 4184 3201 4239 huic
3224 4183 3619 4251 adversantur;

2051 4282 2196 4338 unde
2218 4288 2349 4336 sunt
2381 4289 2436 4337 et
2468 4280 2561 4334 illa
2598 4278 2756 4333 Pauli
2796 4295 2809 4333 :
2849 4295 2867 4329 ι
2897 4275 3204 4331 Nosautem
3236 4273 3492 4344 spiritum
3523 4273 3623 4326 hu-

2047 4373 2139 4445 jus
2164 4370 2355 4428 mundi
2385 4386 2496 4427 non
2521 4370 2856 4441 accepimus,
2886 4368 2980 4425 sed
3022 4368 3277 4438 spiritum
3304 4367 3398 4437 qui
3426 4382 3492 4420 ex
3518 4365 3625 4421 Deo

2052 4474 2138 4521 est
2174 4464 2241 4519 ³⁸.
2277 4480 2297 4514 ι
2325 4463 2483 4518 Patet
2525 4463 2712 4530 itaque
2744 4460 2993 4529 spiritum
3025 4459 3219 4514 salutis
3254 4458 3625 4527 evangelicum

372 4552 529 4615 Τινὲς
562 4551 620 4605 δέ
652 4567 815 4621 φασιν
844 4550 944 4620 τὴν
971 4551 1034 4602 ἐκ
1056 4548 1157 4617 τῆς
1182 4544 1416 4615 ἀπειλῆς
1450 4544 1717 4611 ὠφέλειαν
1748 4543 1941 4614 ἐμφαί-

2055 4554 2201 4610 illam
2235 4552 2703 4624 praedicationem,
2723 4566 2842 4621 quae
2866 4550 3033 4605 vitam
3061 4557 3322 4605 aeternam
3345 4548 3633 4613 conciliat,

372 4658 507 4696 νειν.
559 4641 646 4704 Ὧς
675 4639 881 4710 ἀγαθὸν
904 4640 1013 4710 γὰρ
1045 4638 1268 4709 σπέρμα
1294 4636 1401 4690 τὸν
1445 4635 1564 4689 σὸν
1587 4637 1776 4704 φόϐον
1798 4634 1955 4699 δεξά-

378 4751 550 4804 μενοι,
572 4734 667 4787 καί
694 4731 882 4786 τοῦτον
912 4729 1376 4801 κυοφορήσαντες,
1405 4729 1462 4779 ἐν
1480 4726 1657 4798 καιρῷ
1685 4724 1762 4798 τῷ
1780 4727 1957 4781 δέοντι

376 4826 681 4894 σωτηρίαν
710 4822 1181 4896 ἐκαρπωσάμεθα.
1209 4822 1330 4874 Ἔτι
1368 4820 1476 4890 γὰρ
1504 4815 1653 4873 οὖσιν
1692 4821 1823 4888 ἡμῖν
1862 4819 1956 4872 ἐπὶ

375 4917 479 4986 γῆς
508 4917 702 4987 καιρὸν
740 4915 1032 4986 μετανοίας
1075 4914 1316 4984 ἐχαρίσω
1342 4952 1357 4977 ,
1417 4914 1493 4984 μὴ
1540 4911 1853 4983 προανελὼν
1886 4913 1953 4982 τῇ

376 5009 496 5062 κατ’
524 5008 683 5073 ἀξίαν
707 5008 986 5080 δίκῃ,ἁλλ’
1031 5005 1218 5069 ἐνδοὺς
1257 5005 1643 5075 ἐπιστραφεῖσι
1694 5003 1955 5074 σωθῆναι.

379 5101 490 5153 Καὶ
520 5099 721 5167 νεκροὶ
749 5101 920 5167 ὄντες
950 5102 1064 5163 τοῖς
1093 5094 1532 5167 παραπτώμασι,
1583 5094 1679 5148 νῦν
1715 5094 1955 5163 ἑγερθη·

376 5196 605 5265 σόμεθα
634 5193 709 5257 ὡς
738 5194 846 5247 ἀπὸ
873 5189 1527 5264 μνημείων,ἀντιλήψεως
1566 5188 1822 5258 τυχόντες
1860 5188 1958 5257 τῆς

377 5284 531 5356 παρὰ
565 5283 682 5338 σοῦ.
723 5283 843 5353 Ὑφ’
984 5281 1287 5345 τελοῦντες,
1331 5280 1826 5351 ἀγαλλιασόμεθα
1852 5279 1960 5331 τῶν

379 5375 565 5430 κακῶν
595 5376 774 5448 ἔργων
814 5374 1207 5444 ἁπεσχημένοι.
1259 5373 1362 5426 Τδν
1394 5374 1485 5425 σὺν
1534 5371 1644 5441 γὰρ
1690 5370 1836 5423 ἔλεον
1884 5371 1958 5435 ὡς

2054 4643 2383 4716 appellasse.
2406 4642 2574 4697 Aiunt
2604 4657 2738 4697 vero
2773 4642 3047 4708 nonnulli,
3069 4656 3366 4711 eam,.qna:
3380 4655 3445 4694 ex
3468 4639 3628 4694 minis

2054 4735 2253 4801 oritur,
2279 4734 2571 4789 utilitatem
2600 4733 3225 4805 siguiticari.Tanquam
3248 4732 3397 4788 enim
3419 4746 3629 4797 semen,

2053 4827 2331 4898 inquiunt,
2361 4836 2560 4880 metum
2589 4834 2739 4879 tuum
2760 4826 3073 4897 complexi,
3091 4833 3147 4881 et
3174 4841 3239 4881 eo
3259 4833 3627 4895 praegnantes,

2055 4919 2252 4973 idoneo
2303 4926 2553 4988 tempore
2583 4917 2813 4971 salutem
2854 4916 3227 4986 percepimus.
3272 4914 3410 4969 Nam
3451 4914 3632 4967 adhuc

2055 5010 2110 5064 in
2148 5018 2294 5067 terra
2319 5009 2650 5080 degentibus
2687 5009 2990 5079 pcenitendi
3014 5010 3253 5078 spatium
3299 5006 3630 5077 protegasti,

2057 5116 2181 5156 cum
2208 5100 2376 5155 dilata
2414 5110 2590 5155 morte
2631 5098 2815 5167 justas
2848 5100 2916 5155 de
2961 5101 3118 5155 nobis
3149 5113 3337 5170 poenas
3374 5107 3486 5149 tum
3519 5109 3629 5148 non

2058 5192 2379 5261 sumpsisti;
2418 5190 2513 5245 sed
2564 5192 2926 5261 resipiscendi
2973 5201 3206 5261 tempus:
3250 5198 3309 5242 ut
3359 5203 3628 5249 servarcs,

2058 5281 2358 5336 indulsisti.
2401 5280 2503 5346 Qui
2544 5282 2698 5351 prius
2730 5296 2859 5350 ergo
2906 5288 3131 5350 propter
3173 5285 3398 5347 peccata
3437 5279 3632 5332 mortui

2058 5386 2291 5435 eramus,
2330 5386 2477 5425 nunc
2516 5383 2775 5441 tanquam
2820 5372 2887 5427 de
2933 5369 3094 5440 333
3137 5367 3509 5424 monumentis
3552 5384 3635 5423 re-

458 5530 502 5563 "
528 5531 675 5588 Psal.
730 5549 882 5597 χχιι,
929 5532 982 5587 9.
1064 5535 1106 5564 ⁸⁸
1151 5533 1255 5590 lsa.
1312 5552 1446 5602 Lvu,
1506 5540 1560 5601 5,
1599 5541 1651 5595 4.
1732 5541 1775 5570 ³⁷
1828 5537 1941 5592 Psal

2050 5553 2200 5603 xvut,
2249 5535 2342 5592 Ἡ.
2422 5538 2461 5568 ’⁸
2506 5536 2709 5591 IJuan.
2746 5551 2821 5600 tv,
2857 5536 2902 5589 ι.
2985 5533 3025 5564 ’δ’
3062 5529 3079 5584 1
3115 5530 3242 5587 Cor.
3281 5546 3339 5594 tt,
3373 5530 3457 5583 l2.

1704 5658 1935 5712 VARi/i‘l
1973 5654 2375 5713 LECTIONES.

455 5753 482 5792 y
509 5745 597 5799 ἴσ.
625 5749 685 5798 .1.
722 5746 799 5807 εἰς
829 5746 965 5815 φῶς.
1046 5758 1067 5785 ³
1104 5749 1189 5801 ῐσ.
1220 5750 1277 5801 .1.
1302 5749 1379 5804 ἐν.
