4022 6210
346 328 349 331 η
374 252 514 317 2227

1668 257 2018 320 PROCOPII
2058 260 2301 320 GAZ/EI

3470 259 3629 325 2228

372 379 649 434 surgemus
692 369 786 419 tua
823 377 924 435 ope
969 365 1165 437 adiuti,
1211 344 1402 435 inqua
1453 366 1714 447 degentes
1760 377 1816 424 et
1843 370 1946 445 ipsi

2057 369 2272 437 δρόσον
2301 372 2367 439 ἐφ
2428 370 2576 441 ἡμᾶς
2626 367 2932 439 ἐκπέμπεις
2971 367 3207 437 ίατικήν
3251 368 3358 422 τῶν
3406 371 3637 427 ἀσεϐῶν

372 458 534 513 malis
575 457 837 527 operibus
884 458 1098 513 liberati
1145 458 1551 515 exsultabimus.
1581 458 1940 523 Pereuntibus

373 549 518 604 enim
549 549 758 620 impiis,
799 556 949 604 tuam
976 549 1030 604 in
1060 564 1161 603 nos
1185 550 1303 618 ipse
1339 549 1755 606 miserationem
1790 553 1940 607 velut

372 656 545 697 rorem
589 641 659 695 ad
711 639 968 695 medelam
1016 639 1288 694 demittes.
1340 638 1527 694 Utitur
1557 654 1686 696 vero
1724 651 1938 696 naturae

372 732 846 788 consentientibus
870 733 935 785 ad
969 730 1044 785 rei
1078 731 1446 801 cognitionem
1479 732 1934 801 exemplis.,Quin

371 832 426 879 et
451 824 593 894 apud
631 820 994 884 Ezechielem,
1029 834 1151 874 eum
1185 834 1334 890 Spem
1357 819 1528 876 Judaei
1550 831 1773 895 propter
1796 830 1940 878 tem-

370 916 518 985 poris
569 913 983 969 diuturnitatem
1027 912 1349 982 abjicerent,
1387 914 1566 989 ipsum
1607 915 1675 970 de
1715 914 1941 986 captivi-

370 1015 479 1060 tate
506 1004 762 1071 reditum,
786 1004 1075 1073 ipsamque
1103 1002 1239 1057 adeo
1267 1004 1454 1075 templi
1477 1005 1943 1065 instaurationem

370 1095 513 1150 Deus
540 1104 886 1159 ostensurus,
930 1107 1057 1148 ossa
1098 1102 1440 1163 mortuorum
1470 1095 1588 1173 ipsa
1620 1097 1784 1151 etiam
1820 1114 1946 1168 pro-

2046 459 2455 530 ἀπολλυμένων.
2504 459 2629 522 Τοῖς
2670 457 2830 528 φύσει
2878 455 2935 511 δέ
2973 457 3330 528 συμϐαίνουσι
3369 460 3640 530 παραδεί-

2046 565 2218 619 γματι
2250 558 2275 586 α
2298 549 2498 621 χρῆται
2525 549 2661 620 πρὸς
2695 548 3040 618 κατανόησιν.
3066 548 3175 603 Καὶ
3205 550 3334 619 παρ’
3364 548 3637 619 Ἶεζεκιὴλ

2044 640 2101 694 δὲ
2132 640 2241 707 τῶν
2277 640 2545 694 Ἰουδαίων
2564 640 2949 711 ἀπειρηκότων
2979 640 3027 693 εί
3056 638 3144 692 διὰ
3169 628 3379 711 μακρὸν
3410 640 3630 710 χρόνον,

2044 731 2144 800 τὴν
2174 732 2240 784 ἐκ
2269 732 2369 801 τῆς
2399 731 2780 802 αἰχμαλωσίας
2812 731 3092 796 ἐπάνοδον,
3119 733 3213 788 κα)⁵
3239 731 3337 786 τοῦ
3373 733 3501 797 ναοῦ
3524 736 3638 803 τὴν

2046 827 2391 901 οἰκοδόμησιν
2418 832 2446 883 ὁ
2476 829 2609 893 Θεὸς
2635 828 2983 883 ὑποδείκνυσι
3011 827 3089 899 τῷ
3117 829 3393 902 προφήτῃ,
3414 831 3639 900 νεκρῶν

2049 922 2186 975 ὀστᾶ
2230 922 2323 974 καὶ
2377 920 2464 975 διὰ
2510 920 2866 992 κηρύγματος
2899 919 2993 974 τοῦ
3038 920 3320 991 προφήτου
3351 920 3639 984 ζωοποιεῖ-

2055 1011 2179 1066 σθαι
2208 1011 2443 1076 κελεύει,
2477 1011 2747 1082 ξωπυρῶν
2769 1010 2849 1080 τῷ
2886 1008 3000 1081 λαῷ
3024 1010 3122 1074 τάς
3151 1010 3376 1074 ἐλπίδας
3405 1010 3494 1064 διὰ
3531 1011 3639 1080 τῆς

2052 1106 2161 1159 τῶν
2194 1106 2641 1176 ἀπεγνωσμένων
2678 1103 3052 1167 ἀναὸιώσεως.

371 1187 545 1258 pheta:
582 1187 964 1260 prredicatione
992 1187 1047 1241 in
1075 1186 1243 1241 vitam
1274 1186 1444 1263 jussit
1472 1193 1717 1247 revocari
1752 1195 1833 1261 ²⁸;
1872 1204 1929 1250 ut

2057 1202 2150 1256 )uli
2169 1201 2474 1271 dubitantis
2486 1202 2727 1265 animum
2790 1215 2881 1270 per
2908 1238 2912 1243 ρ
2940 1213 3132 1256 eorum
3189 1198 3636 1264 suscitationem,

375 1298 494 1357 quae
522 1283 812 1352 desperata
834 1280 1181 1346 videbantur,
1212 1280 1268 1335 in
1298 1296 1448 1363 spem
1479 1283 1767 1342 excitaret.

446 1378 536 1433 Sic
574 1384 755 1432 autem
820 1375 1095 1448 explicant
1151 1376 1424 1453 nonnulli.
1477 1376 1937 1448 Quandoquidem

375 1471 620 1542 spiritum
669 1468 859 1522 salutis
895 1469 949 1521 in
995 1476 1137 1522 terra
1165 1470 1469 1540 parituram
1505 1469 1676 1539 dixit;
1710 1484 1941 1528 mortem

362 1549 554 1629 autem
601 1560 690 1621 iis.
723 1560 818 1629 qui
876 1561 929 1614 in
973 1567 1120 1637 terra
1150 1560 1358 1633 degunt
1397 1562 1575 1617 adhuc
1615 1581 1740 1621 esse
1785 1582 1946 1636 Sllpe-

371 1652 570 1706 riorem
600 1660 855 1720 apparet;
893 1656 1155 1727 tanquam
1187 1650 1417 1707 exsistat
1452 1653 1676 1724 aliquis.
1707 1655 1802 1725 qui
1850 1656 1941 1710 ubi

374 1743 447 1798 sit
472 1742 768 1813 evangelici
814 1744 1074 1812 praeconii
1106 1742 1337 1807 utilitas,
1365 1744 1456 1798 ubi
1494 1745 1690 1803 salutis
1712 1747 1945 1815 spiritus

374 1840 620 1903 quaerat;
657 1831 979 1886 defensione
1018 1830 1252 1886 adducta
1283 1840 1677 1887 resurrecturos
1712 1844 1946 1901 mortuos

376 1921 670 1993 signiﬁcat.
701 1906 955 1977 Omnium
979 1921 1124 1975 enim
1155 1922 1398 1988 nomine,
1432 1922 1612 1992 inquit
1629 1922 1945 1993 Apostolus,

378 2023 605 2066 mortem
633 2011 870 2089 gustavit
891 2010 1145 2066 Christus
1172 2013 1215 2043 ¹¹¹
1243 2029 1258 2079 ;
1292 2012 1383 2083 qui
1422 2021 1479 2066 ut
1504 2011 1682 2067 factus
1712 2023 1795 2067 est
1821 2012 1950 2068 dor-

378 2101 664 2153 mientium
700 2099 943 2153 omnium
976 2098 1232 2167 primitiae
1258 2100 1304 2131 "
1328 2142 1343 2167 ,
1375 2099 1451 2154 ita
1484 2101 1757 2155 revocatis
1792 2101 1845 2153 in
1878 2102 1951 2153 vi-

378 2199 487 2242 tam
549 2189 825 2253 omnibus,
859 2188 1054 2243 mortis
1108 2188 1442 2258 imperium,
1474 2190 1822 2261 quantumvis
1861 2206 1953 2245 ex-

379 2288 626 2353 spectato
642 2282 1068 2337 resurrectionis
1094 2290 1340 2354 tempore
1354 2284 1527 2357 ipsius
1544 2284 1756 2358 legibus
1769 2285 1954 2356 subja.

378 2386 625 2436 ceamus,
662 2369 879 2425 irritum
927 2370 1117 2435 faciet;
1150 2387 1260 2442 quo
1310 2381 1557 2446 tempore
1591 2383 1722 2432 sunt
1763 2390 1955 2431 omnes

378 2461 767 2518 resurrecturi.
799 2459 1072 2517 Caeterum
1104 2463 1234 2534 quis
1264 2464 1494 2521 modus?
1525 2467 1644 2537 ipse
1672 2482 1760 2521 ros
1809 2475 1953 2530 tuus,

384 2551 591 2607 medela
638 2552 774 2624 ipsis
798 2561 903 2611 est.
934 2553 1111 2625 ipsam
1158 2569 1291 2612 vero
1323 2556 1527 2613 viviﬁci
1562 2555 1803 2629 Spiritus
1849 2558 1955 2612 vim

380 2646 466 2700 sic
491 2653 671 2710 vocat,
703 2659 799 2715 per
819 2660 982 2715 quam
1007 2646 1377 2702 resurrecturi
1408 2654 1576 2715 sunt;
1601 2646 1668 2704 de
1696 2662 1802 2719 qua
1832 2656 1960 2704 sunt

384 2736 491 2791 ista
534 2733 792 2791 Davidis:
833 2752 852 2787 ι
898 2734 975 2790 Te
1022 2736 1168 2790 enim
1215 2733 1412 2792 faciem
1465 2746 1612 2792 tuam
1654 2749 1957 2804 avertente,

383 2826 784 2892 turbabuntur,
824 2834 879 2883 et
918 2826 974 2881 in
1019 2830 1301 2898 pulverem
1343 2844 1506 2884 suum
1542 2838 1956 2886 convertentur.

386 2915 620 2979 Emittes
651 2916 903 2987 spiritum
950 2925 1126 2985 tuum,
1161 2926 1216 2974 et
1261 2919 1615 2982 creabuntur,
1639 2930 1692 2976 et
1725 2936 1961 2976 renova-

2120 1381 2278 1444 Τινὲς
2313 1380 2371 1433 δέ
2401 1394 2592 1450 φασιν,
2622 1370 2857 1449 ἐπείπερ
2891 1376 2998 1445 ἔφη
3032 1375 3273 1446 πνεῦμα
3296 1376 3495 1432 τεκεῖν
3532 1372 3639 1430 ἐπὶ

2049 1474 2161 1541 τῆς
2189 1471 2301 1542 τῆς
2326 1470 2646 1539 σωτηρίας,
2681 1471 2875 1539 ὁρᾶται
2902 1468 2958 1521 δὲ
2993 1467 3102 1522 τῶν
3127 1468 3220 1521 ἐπὶ
3255 1468 3361 1537 γῆς
3394 1468 3475 1521 ἐτι
3505 1486 3646 1521 κατ-

2051 1563 2248 1634 ισχύων
2272 1563 2300 1616 ὁ
2323 1559 2662 1624 Θάνατος,ι’ἶ›ς
2685 1575 2830 1621 τινος
2858 1556 3169 1628 ζητοῦντος,
3195 1555 3300 1610 ποῦ
3330 1557 3438 1613 τῶν
3466 1558 3642 1625 εὐαγ-

1979 1704 2019 1758 Β
2049 1653 2282 1722 γελικῶν
2308 1649 2682 1723 κηρυγμάτων
2703 1650 2737 1718 ἡ
2767 1647 2970 1717 ὄνησις.
3010 1645 3122 1699 Ποῦ
3141 1646 3199 1699 δὲ
3220 1646 3316 1716 τῆς
3336 1649 3644 1715 σωτηρίας

2049 1746 2117 1800 τὸ
2146 1744 2420 1813 aucupa;
2453 1742 2553 1813 τὴν
2586 1740 2885 1809 ἀπολογίαν
2916 1740 3140 1807 ἐπάγων
3166 1739 3641 1816 φησὶνηάναστή-

2049 1851 2261 1891 vortat
2285 1836 2341 1888 οί
2362 1833 2590 1901 νεκροί.
2628 1830 2805 1902 ’Υπὲρ
2847 1829 3048 1893 παντὸς
3075 1828 3207 1900 γὰρ,
3238 1829 3383 1889 καθά
3404 1847 3572 1900 φησιν
3609 1834 3642 1884 ὁ

2063 1924 2408 1991 Ἀπόστολος,
2438 1921 2706 1993 ἐγεύσατο
2736 1921 2968 1989 θανάτου
3000 1921 3260 1992 Χριστὸς,
3291 1922 3387 1975 καὶ
3415 1922 3638 1976 πάντων

2050 2016 2159 2071 τῶν
2185 2014 2606 2086 κεκοιμημένων
2633 2013 2858 2082 γέγονεν
2878 2011 3127 2084 ἀπαρχὴ,
3154 2012 3249 2073 καὶ
3275 2013 3498 2075 πάντων
3522 2013 3639 2067 ἀνι-

2054 2108 2335 2179 σταμένων
2370 2105 2467 2160 τοῦ
2498 2105 2730 2173 Θανάτου
2774 2102 2835 2159 τὸ
2876 2102 3078 2174 κράτος
3127 2104 3633 2173 καταργηθήσεται,

2053 2199 2102 2250 εί
2128 2198 2221 2250 καὶ
2250 2196 2348 2251 νῦν
2370 2195 2456 2250 ἔτι
2485 2195 2818 2266 θνῄσκομεν,
2844 2195 3011 2266 μήπω
3034 2193 3130 2249 τοῦ
3149 2198 3250 2265 τῆς
3284 2194 3637 2257 ἀναστάσεως

2056 2289 2321 2361 παρόντος
2351 2286 2567 2360 καιροῦ.
2612 2286 2749 2341 Τότε
2805 2287 2916 2358 γάρ
2960 2286 3364 2357 ἀναστήσονται
3410 2289 3631 2352 πάντες.

2055 2382 2167 2437 Καὶ
2198 2382 2282 2444 τίς
2311 2383 2340 2435 ὁ
2368 2380 2571 2453 τρόπος
2590 2395 2608 2453 ης
2650 2380 2711 2435 Ἠ
2748 2378 2972 2447 δρόσος
2996 2378 3037 2449 il)
3067 2378 3222 2450 παρά
3246 2377 3340 2432 σοῦ
3372 2378 3514 2448 lupa
3534 2380 3635 2433 αὐ-

2054 2474 2167 2538 τοῖς
2188 2470 2353 2526 ἐστίν.
2374 2468 2488 2542 Τὴν
2511 2468 2571 2524 δέ
2600 2468 2866 2535 ζωοποιδν
2888 2467 2985 2522 τοῦ
3011 2468 3325 2540 πνεύματος
3353 2469 3635 2538 ἐνέργειαν

2055 2561 2201 2618 οὕτω
2231 2560 2408 2626 καλεῖ,
2440 2558 2507 2614 δι’
2534 2555 2605 2630 ἧς
2635 2559 3054 2632 ἀναστήσονται.
3093 2559 3206 2613 Καὶ
3237 2558 3334 2613 τοῦ
3362 2559 3530 2614 Lam
3547 2558 3638 2612 λέο

2056 2669 2264 2724 γοντοςο
2293 2670 2312 2704 ι
2355 2648 2828 2721 ’Δποστρέψαντος
2851 2649 2959 2722 γάρ
2989 2667 3082 2704 σου
3105 2649 3166 2704 τὸ
3189 2650 3504 2721 πρόσωπον,
3534 2668 3636 2703 τα-

2062 2743 2445 2815 ραχθήσονται,
2476 2740 2571 2794 καὶ
2599 2740 2678 2803 είς
2703 2738 2794 2792 τὸν
2814 2737 2945 2810 χοῦν
2987 2738 3170 2793 αὐτῶν
3189 2738 3634 2810 ἐπιστρέφουσιν.

2072 2831 2486 2899 Ἐξαποστελεῖς
2512 2830 2575 2884 τὸ
2604 2829 2826 2901 πνεῦμά
2855 2846 2973 2897 σου,
2995 2830 3088 2886 καὶ
3112 2830 3516 2899 κτισθήσονται,
3541 2829 3639 2883 καὶ

2059 2924 2399 2987 ἀνακαινιεῖς
2422 2921 2484 2976 τὸ
2513 2922 2803 2993 πρόσωπον
2832 2921 2932 2990 τῆς
2954 2921 3082 2991 γῆς.
3119 2939 3138 2973 ι
3176 2920 3317 2974 Ἀλλ’
3356 2921 3407 2974 oi
3446 2920 3546 2991 μὲν
3566 2919 3642 2974 ἐν

386 3009 473 3065 bis
508 3006 704 3064 faciem
740 3006 1021 3064 terrai‘“.
1062 3026 1083 3061 ι
1116 3006 1321 3065 Verum
1358 3010 1451 3080 qui
1481 3010 1537 3063 in
1568 3019 1712 3064 terra
1749 3011 1951 3066 cecide-

2063 3011 2143 3082 γῆ
2177 3010 2433 3073 πεσόντες
2478 3009 2909 3067 ἀναόιώσονταιο
2945 3012 2979 3076 ἡ
3010 3011 3068 3067 δὲ
3108 3010 3185 3081 γῆ
3224 3010 3492 3066 πεσεῖται
3519 3007 3643 3063 τῶν

390 3098 523 3163 rint,
554 3098 884 3155 reviviscent
916 3117 930 3153 :
957 3100 1076 3169 ipsa
1098 3109 1277 3154 autem
1309 3101 1586 3169 impiorum
1613 3111 1753 3156 terra
1771 3101 1957 3165 cadet;

389 3192 536 3264 quod
573 3201 722 3248 certe
748 3190 1063 3247 Iudaeorum
1090 3199 1316 3259 terram,
1342 3208 1464 3263 qua:
1491 3194 1544 3247 in
1569 3193 1872 3261 Christum,
1907 3205 1960 3248 et

391 3298 487 3351 eos
532 3283 625 3355 qui
670 3283 918 3353 spiritum
953 3282 1149 3339 salutis
1207 3284 1264 3338 in
1293 3292 1437 3339 terra
1466 3294 1795 3355 pepererunt,
1823 3300 1961 3341 cou-

394 3376 685 3431 tumeliosa
722 3374 846 3440 fuit,
883 3383 1103 3430 constat
1134 3375 1452 3445 pertulisse.

461 3465 625 3538 33‘.
643 3465 807 3521 Vnus.
832 3466 926 3531 20,
946 3465 1039 3519 2|.
1074 3465 1238 3527 Vade.
1258 3466 1482 3536 populus
1512 3482 1656 3521 meus
1679 3484 1696 3521 :
1724 3468 1963 3538 ingrede-

393 3574 451 3613 re
484 3559 540 3613 in
575 3557 877 3613 cubiculum
920 3567 1069 3611 tuum
1104 3572 1122 3611 :
1158 3557 1348 3613 claude
1382 3559 1578 3613 ostium
1610 3568 1757 3613 tuum
1788 3574 1807 3612 :
1840 3542 1959 3614 abs-

394 3649 618 3705 condere
636 3650 915 3719 paululum
936 3649 1472 3720 quantulumcunque,
1494 3649 1658 3706 donec
1685 3660 1962 3720 pertrans-

392 3754 478 3797 eat
499 3746 582 3798 ira
606 3743 840 3810 Domini,
865 3748 974 3799 etc.
1851 3741 1859 3748 ’

465 3832 627 3905 335
672 3832 805 3890 Post
848 3832 1067 3888 allatam
1114 3834 1182 3888 de
1223 3841 1562 3889 mortuorum
1603 3833 1964 3890 suscitatione

393 3922 721 3989 doctrinam,
749 3936 874 3977 eum
903 3922 957 3976 in
985 3922 1124 3977 idem
1145 3933 1367 3979 sanctos
1387 3923 1642 3990 coivisse,
1664 3924 1833 3979 altera
1860 3939 1963 3976 au-

394 4024 502 4069 tem
530 4029 597 4070 ex
627 4022 784 4085 parte
805 4014 944 4073 iram
965 4014 1152 4070 animo
1177 4024 1494 4086 conceptam
1535 4015 1731 4085 impios
1756 4015 1963 4071 adoriri

395 4106 752 4176 prapbeticus
781 4106 989 4164 videret
1020 4107 1287 4177 spiritus;
1322 4115 1549 4185 sanctos
1583 4108 1651 4162 ad
1687 4107 1963 4164 modicum

396 4204 611 4266 tempus
656 4195 932 4262 secedere,
964 4213 1034 4252 ne
1057 4204 1111 4252 et
1145 4195 1252 4267 ipsi
1286 4211 1476 4252 eorum
1508 4196 1729 4252 videant
1770 4196 1963 4252 interi-

398 4291 535 4351 tum,
590 4301 725 4341 voce
764 4286 1036 4341 hortatur.
1084 4286 1342 4357 lntelligit
1381 4294 1561 4341 autem
1605 4285 1965 4341 cubiculorum

2064 3099 2318 3175 ἀσεϐῶν.
2354 3102 2419 3154 "O
2437 3099 2517 3154 δεῖ
2541 3100 2570 3139 ι)
2594 3100 2787 3155 παθεῖν
2808 3103 2874 3171 τῇ
2899 3101 3009 3154 τῶν
3044 3100 3312 3161 Ἰουδαίων
3338 3098 3493 3171 χώρᾳ
3515 3115 3642 3152 συν-

2064 3190 2185 3263 έϐη.
2215 3191 2657 3262 Πεπαρῳνήκασι
2689 3190 2799 3262 γὰρ
2842 3193 2923 3255 είς
2954 3191 3209 3263 Χριστὸν,
3237 3191 3331 3249 καὶ
3361 3191 3487 3267 τοὺς
3534 3188 3645 3258 τῆς

2066 3284 2366 3356 σωτηρίας
2390 3285 2677 3352 τεκόντας
2703 3281 2941 3355 πνεῦμα
2971 3282 3097 3350 τοῖς
3125 3282 3225 3338 ἐπὶ
3248 3281 3378 3354 γῆς.

2140 3469 2212 3529 κ’,
2234 3467 2341 3519 κα’.
2363 3458 2588 3528 Βάὸιζε,
2618 3460 2770 3527 ⁸λαός
2789 3474 2932 3531 μου⁶
2953 3458 3172 3514 ἔσελθε
3195 3460 3282 3526 εἰς
3311 3458 3378 3512 τὸ
3398 3457 3643 3528 ταμεῖόν

2068 3570 2208 3621 σου,
2256 3554 2633 3613 ἀπόκλεισον
2682 3551 2796 3620 τὴν
2832 3552 3021 3620 θύραν
3066 3566 3204 3606 σου.
3252 3550 3648 3618 ’Δποκρύόηθι

2064 3644 2282 3717 μικρὸν
2314 3643 2465 3699 ὅσον
2494 3643 2667 3710 ὅσον,
2699 3641 2810 3710 ἕως
2830 3640 2908 3697 ἂν
2929 3640 3200 3711 παρέλθῃ
3245 3641 3282 3713 ἡ
3334 3638 3480 3710 ὀργὴ
3529 3642 3649 3701 Κυ-

2062 3739 2221 3808 ρίου,
2245 3755 2298 3792 κ.
2322 3753 2374 3791 τ.
2402 3735 2452 3790 λ.

2084 3872 2090 3878 .
2142 3827 2299 3882 Μετά
2327 3825 2426 3897 τὴν
2452 3824 2798 3883 διδασκαλίαν
2829 3824 2927 3895 τῆς
2969 3824 3035 3877 ἐκ
3059 3819 3269 3889 νεκρῶν
3295 3819 3677 3900 ἀναστάσεως,

2069 3920 2135 3974 τὸ
2160 3917 2377 3991 πνεῦμα
2401 3917 2461 3970 τὸ
2482 3914 2824 3989 προφητικὸν
2846 3914 2988 3986 ὀρῶν
3010 3913 3135 3977 τοὺς
3160 3912 3348 3982 ἁγίους
3370 3911 3462 3964 ἐπὶ⁸
3482 3910 3648 3964 ταύτό

2074 4010 2466 4081 συνηγμένους,
2490 4009 2589 4081 τήν
2623 4023 2681 4059 τε
2706 4003 2967 4059 ἐπιοῦσαν
2993 4000 3053 4071 ἐξ
3084 4005 3272 4075 ἐτέρου
3300 4003 3499 4074 μέρους
3531 4002 3650 4064 rei;

2073 4099 2299 4154 ἀσεόέσι
2336 4096 2678 4167 κατανοῆσαν
2712 4093 2902 4167 ὀργὴν,
2958 4094 3272 4163 προσφωνεῖ
3315 4093 3428 4155 τοῖς
3467 4089 3649 4159 ἁγίοις

2072 4191 2376 4263 ἀναχωρεῖν
2405 4187 2542 4259 πρὸς
2574 4185 2770 4257 βραχὺ,
2814 4183 2948 4256 μηδὲ
3000 4183 3238 4255 Θεωροὺς
3269 4181 3523 4250 γενέσθαι
3546 4182 3647 4249 τῆς

2073 4279 2180 4332 τῶν
2213 4276 2427 4330 ἀσεϐῶν
2454 4274 2751 4338 ἀπωλείας.
2789 4270 3000 4340 Ταμεῖα
3029 4270 3086 4324 δέ
3134 4270 3335 4347 αὐτῶν,
3365 4270 3425 4324 αἲ
3453 4269 3649 4323 πολλαὶ

396 4376 637 4440 nomine,
661 4377 974 4433 mansiones
995 4391 1109 4442 eas,
1134 4391 1256 4446 quae
1279 4362 1422 4446 apud
1448 4374 1663 4431 Patrem
1694 4377 1881 4430 multa:
1902 4377 1946 4427 ’,³

2077 4367 2229 4441 παρὰ
2263 4366 2342 4438 τῷ
2375 4366 2577 4437 Πατέρι
2607 4364 2934 4435 τυγχάνουσι
2986 4362 3147 4437 μοναὶ
3202 4362 3428 4424 δικαίως
3476 4361 3647 4415 ἅπασι

397 4465 631 4536 singulis
664 4480 765 4535 pro
812 4467 994 4521 meriti
1023 4467 1232 4521 ratione
1271 4467 1489 4522 tributae
1526 4474 1695 4534 sunt;
1743 4466 1798 4521 in
1834 4483 1951 4537 qua:

2068 4459 2464 4529 διαιρούμεναι,
2494 4458 2573 4519 εἰς
2597 4455 2664 4519 ἃς
2693 4453 3005 4520 είσελθὼν,
3039 4453 3196 4523 φησὶ,
3231 4451 3305 4523 μὴ
3350 4451 3646 4521 περιεργάο

399 4557 693 4625 ingressus,
726 4557 857 4626 quid
887 4572 1052 4627 porro
1081 4572 1205 4612 cum
1238 4558 1423 4629 impiis
1456 4569 1672 4628 agatur,
1703 4574 1812 4613 non
1852 4560 1951 4613 val-

2073 4554 2165 4619 ζου
2195 4552 2266 4605 τά
2290 4552 2480 4623 πόρρω
2506 4551 2618 4611 τοῖς
2647 4546 2870 4600 ἀσεϐέσι
2900 4545 3183 4615 γινόμενα.
3215 4542 3649 4612 ΠαρελθΟὐσης

397 4645 464 4698 de
506 4647 844 4712 curandum;
892 4646 988 4702 sed
1032 4661 1155 4702 cum
1201 4649 1285 4701 ira
1330 4649 1721 4717 pertransierit,
1765 4651 1951 4718 aperti:

2069 4643 2127 4698 δὲ
2155 4644 2266 4713 τῆς
2317 4639 2519 4711 ὀργῆς,
2563 4637 2907 4699 ἀναπετάσας
2958 4634 3065 4689 τῶν
3094 4635 3202 4688 σῶν
3233 4633 3513 4704 ταμιείων
3539 4632 3648 4696 τὰς

399 4734 630 4788 cubiculi
652 4736 842 4804 jauuis
877 4752 1075 4807 magna
1106 4753 1230 4792 cum
1263 4746 1528 4809 potestate
1562 4739 1628 4793 ad
1662 4739 1789 4797 novi
1822 4740 1951 4796 illiu:

2069 4733 2274 4801 θύρας,
2317 4730 2455 4803 μετά
2485 4727 2686 4798 πολλῆς
2715 4725 2960 4793 ἐξουσίας
3009 4724 3193 4794 πρόῖθι
3232 4723 3323 4776 τὸν
3364 4723 3484 4777 νέον
3522 4724 3650 4774 ἐπο-

398 4823 606 4887 saeculi,
639 4825 902 4896 regnique
936 4841 967 4881 a
1007 4826 1117 4882 Deo
1149 4828 1402 4896 promissi
1450 4829 1951 4900 contemplationeu

2076 4824 2291 4878 πτεύων
2314 4822 2509 4888 αίῶνα,
2529 4821 2624 4875 καὶ
2648 4818 2747 4889 τὴν
2780 4816 3199 4888 ἐπηγγελμένην
3240 4832 3323 4868 σοι
3368 4812 3648 4885 βασιλείαν

400 4914 780 4985 prodeundum
841 4925 1047 4973 monet.
1098 4917 1239 4975 Sunt
1278 4930 1456 4976 tamen
1509 4920 1603 4990 qui
1639 4921 1828 4977 dicant
1877 4922 1950 4977 Dc

2076 4918 2171 4972 τοῦ
2197 4917 2355 4971 Θεοῦ.
2391 4910 2547 4977 Τινὲς
2574 4912 2631 4966 δέ
2655 4928 2840 4980 φασιν,
2869 4910 2944 4974 ὡς
2984 4908 3214 4980 ἐπείπερ
3247 4905 3481 4979 ἦμελλον
3509 4906 3559 4957 oi
3588 4903 3651 4955 τὸ

400 5020 693 5077 personam
722 5022 817 5064 eos
846 5008 1257 5068 demulcentem
1288 5012 1591 5080 introduci,
1612 5012 1708 5083 qui
1737 5014 1951 5069 salvator

2081 5009 2351 5081 σωτήριον
2385 5004 2604 5075 πνεῦμα
2634 4991 2768 5056 πᾶσι
2802 5000 3260 5071 καταγγέλλοντες
3288 5000 3399 5062 τοῖς
3424 4997 3516 5050 ἐπὶ
3546 4995 3648 5065 γῆς

399 5114 513 5155 rem
570 5098 831 5169 spiritum
881 5100 1098 5157 cunctis
1151 5102 1546 5158 annuntiantes
1596 5103 1857 5174 gravibus
1915 5103 1951 5157 ii

2081 5101 2273 5162 δεινοῖς
2298 5096 2619 5167 ἀνηκέστοις
2657 5093 2749 5148 καὶ
2792 5092 3009 5163 Θανάτῳ
3053 5091 3389 5161 περιπεσεῖν,
3425 5086 3649 5149 τούτους

400 5201 567 5253 terra.
603 5191 1211 5263 immedicabilibusque
1241 5194 1424 5260 malis,
1456 5196 1727 5266 mortique
1750 5195 1853 5265 ipsi
1888 5194 1951 5249 fut

2084 5188 2377 5258 ἐπαλεῖφον
2402 5186 2462 5240 τὸ
2486 5184 2579 5239 τοῦ
2608 5183 2741 5237 Θεοῦ
2784 5184 3071 5254 πρόσωπον
3091 5181 3439 5249 ἐπεισάγεται
3468 5177 3645 5245 λέγον’

404 5283 512 5337 turi
543 5291 703 5337 erant
737 5282 986 5349 obnoxii,
1018 5300 1319 5356 omnesque
1343 5285 1508 5341 unius
1544 5288 1768 5341 nomine
1789 5285 1951 5340 verbi:

2072 5282 2329 5336 Ετσελθε
2385 5281 2472 5346 είς
2514 5276 2586 5331 τὰ
2640 5274 2848 5347 taper
2901 5291 3039 5341 σου,
3075 5274 3144 5327 τά
3180 5272 3439 5344 μνήματά
3493 5286 3645 5340 φατι,

476 5393 759 5487 “\Ezecb.
796 5393 930 5498 .u'n,
960 5436 980 5488 l
1023 5452 1175 5506 seqq.
1250 5437 1292 5467 ’ί
1319 5435 1484 5493 llebr.
1510 5454 1570 5500 ιι,
1611 5438 1663 5492 9.
1741 5438 1783 5469 ²²
1816 5436 1831 5490 l
1863 5434 1990 5490 Cor.
2016 5451 2109 5500 xv,
2143 5435 2234 5489 20.
2310 5432 2390 5467 θ’*
2417 5434 2563 5491 Psal.
2593 5430 2820 5499 cm,29,
2854 5429 2941 5484 50.
3018 5429 3062 5461 ³³
3086 5425 3246 5484 Joan.
3272 5442 3382 5491 xxv,
3411 5423 3466 5478 2.

1678 5551 1905 5609 VARUS
1945 5548 2346 5610 LECTIONES.

473 5649 506 5682 ι
538 5638 1079 5712 τρ.παραδείγμασι.
1158 5641 1186 5681 b
1222 5657 1310 5710 γρ.
1349 5639 1432 5712 δή.
