4022 6210
900 292 932 303 ,ν

372 349 511 414 2229

1494 349 2025 413 COMMENTARII
2069 349 2151 408 IN
2193 348 2479 410 ISAIAML

3466 340 3627 405 εωον
3658 302 3665 309 ’

366 466 502 521 τάπὶ
531 460 636 535 γῆς
657 463 918 535 εὐφήμως
945 464 1089 518 οὕτω
1111 463 1313 530 καλῶν,
1339 467 1734 537 παραγγέλλων
1765 468 1822 518 ὲν
1845 466 1945 536 ἴσῳ

2050 462 2203 527 istis,
2238 460 2508 531 ingredere
2538 460 2590 511 in
2625 454 2868 511 cubicula
2892 466 3003 517 tua,
3038 452 3389 521 compellare,
3427 456 3613 522 sepul-

363 556 480 618 τοῖς
509 552 1021 623 ἀποκρυπτομένοις
1042 554 1391 608 ἀποκλείειν
1427 556 1532 619 τὰς
1557 556 1743 622 θύρας
1767 554 1943 623 μέχρι

363 645 633 715 παρέλθῃ
657 645 697 712 ’ἡ
729 643 876 715 ὁρτὴ
902 646 1144 714 Κυρίου.
1169 644 1372 716 Εἴρητο
1392 645 1488 717 μὲν
1508 644 1617 716 γὰρ
1639 647 1715 717 τῷ
1747 647 1941 716 Ἀδάμ·

373 754 394 788 ι
423 736 501 805 Γῆ
532 730 602 798 εἰ,
635 734 730 789 καὶ
757 736 838 798 είς
872 732 979 804 γῆν
1005 733 1306 805 ἀπελεύση.
1357 718 1726 806 »λυθήσεται
1758 734 1816 788 δὲ
1844 735 1944 805 τῆς

367 826 434 880 ἐκ
465 824 710 896 κατάρας
740 824 951 896 φθορᾶς
988 826 1046 879 ὲν
1073 827 1139 896 τῇ
1166 824 1448 897 συντελείᾳ
1497 826 1942 897 καταργουμένου

366 917 619 973 θανάτου.
648 919 718 971 Συ
728 908 1011 989 μὸουλεύει
1032 918 1211 972 τοίνυν
1232 919 1564 990 ἀνασχέσθαι
1591 920 1686 974 τοῦ
1711 920 1944 974 θανάτου

358 1008 537 1079 μέχρι
558 1008 849 1079 παρέλθῃ,
872 1008 977 1063 κᾶν
1000 1009 1492 1080 μυσταγωγοῦντας
1525 1010 1770 1082 συμϐαίη
1788 1008 1947 1065 τοῦτο

366 1100 563 1154 παθεῖν
589 1098 725 1170 πρὸς
753 1099 864 1152 τῶν
894 1100 1197 1169 μισούντων
1233 1100 1332 1170 τὴν
1352 1100 1443 1153 ὑπ’
1472 1100 1651 1177 αύτῶν
1678 1117 1748 1171 κη
1757 1114 1947 1172 ρυττο-

370 1193 540 1262 μένην
570 1190 858 1262 ἀλήθειαν.
913 1190 1156 1257 Ἐπάξει
1183 1193 1293 1263 γὰρ
1340 1193 1523 1255 αὐτοῖς
1554 1192 1624 1257 ἐξ
1645 1194 1816 1263 ἁγίου
1846 1192 1947 1263 τὴν

366 1284 684 1356 πρέπουσαν
730 1283 917 1353 ὀργὴν
967 1287 1001 1339 ὁ
1044 1284 1206 1351 Θεός,
1258 1285 1332 1338 To
1365 1285 1442 1350 δὲ,
1477 1286 1621 1351 Θεὸς
1654 1286 1724 1349 ἐξ
1751 1286 1946 1354 ἁγίου,

367 1376 551 1446 ὅμοιον
574 1376 669 1446 τῷ*
688 1392 715 1428 Δι
746 1369 973 1446 Ἐὗρεξε
991 1376 1194 1447 Κύριος
1222 1375 1372 1447 παρὰ
1389 1375 1594 1446 Κυρίου
1621 1376 1715 1428 ἐπὶ
1736 1375 1948 1445 Σόδομα

369 1468 502 1539 πῦρ,
526 1468 622 1522 καὶ
652 1466 817 1534 θεῖον,
850 1487 868 1519 ι
905 1467 933 1517 ὁ
959 1467 1087 1530 Υίὺς
1120 1468 1227 1521 ἀπὸ
1258 1467 1352 1521 τοῦ
1378 1467 1620 1538 Πατέρσς
1646 1484 1658 1495 ·
1696 1487 1715 1519 ι
1758 1467 1817 1520 '0
1840 1467 1950 1536 γὰρ

371 1559 580 1629 Πατὴρ,
613 1560 769 1628 φησὶ,
794 1558 971 1630 κρίνει
1001 1559 1212 1625 οὐδένα,
1240 1559 1376 1613 ἀλλὰ
1399 1559 1499 1626 τὴν
1541 1560 1722 1630 κρίσιν
1767 1560 1946 1613 πᾶσαν

371 1651 599 1704 δέδωκεν
643 1651 721 1721 τῷ
760 1648 893 1721 Υίῷ.
937 1671 955 1704 ι
1011 1649 1122 1717 Τῆς
1168 1645 1262 1705 οὖν
1321 1650 1506 1721 ὀργῆς
1570 1651 1948 1721 ἐπειγομένης

372 1743 511 1795 κατά
551 1742 657 1797 τῶν
707 1744 822 1806 τοῖς
876 1742 1234 1814 ἡγιασμένοις
1288 1744 1703 1812 ὲπενεγκάντων
1758 1745 1946 1813 χεῖρας

2044 565 2138 606 cra
2163 550 2383 614 deinde,
2413 564 2534 618 quae
2561 548 2616 603 in
2646 557 2792 603 terra
2822 554 2973 613 sunt,
2994 546 3073 600 ita
3104 545 3302 602 leniter
3328 545 3614 614 appellan-

2045 641 2138 705 do,
2173 655 2272 711 per
2299 640 2552 695 cubicula
2601 637 2934 709 signiﬁcare,
2979 647 3033 692 et
3080 636 3163 692 eis
3196 650 3263 691 ex
3309 651 3488 707 sequo,
3519 636 3615 706 qui

2044 732 2413 797 occultantur,
2463 738 2522 785 ut
2543 737 2773 785 eatenus
2811 729 2949 783 ostia
2989 727 3264 794 claudant,
3292 730 3458 782 donec
3501 743 3619 797 per-

2046 830 2285 877 transeat
2317 822 2405 875 ira
2440 818 2675 885 Domini,
2718 817 3038 888 praecipere.
3085 816 3305 872 Dictum
3341 819 3488 873 enim
3531 826 3619 872 est

2046 915 2257 969 Λύσηιο
2294 930 2374 968 ι·ε
2410 912 2691 976 Termes,
2727 919 2782 966 ct
2813 912 2869 966 in
2910 910 3076 982 336
3122 918 3324 967 terram
3370 919 3617 965 reverte-

2047 1008 2131 1064 ris
2165 1007 2231 1063 ⁸⁸.
2274 1025 2292 1060 ι
2339 1004 2448 1062 Sed
2492 1019 2556 1062 ea
2600 1013 2715 1060 tum
2751 1003 2972 1060 demum
3023 1003 3399 1073 corruptione,
3453 1019 3618 1074 quam

2048 1099 2235 1154 intulit
2266 1096 2596 1162 maledictio,
2632 1096 2982 1159 liberabitur,
3013 1109 3139 1149 cum
3176 1096 3231 1148 in
3264 1102 3619 1148 consumma-

2046 1193 2219 1257 tione,
2251 1191 2457 1247 mortis-
2477 1190 2622 1245 vires
2649 1189 2934 1245 exstinctae
2952 1186 3233 1258 iacebunt.
3270 1185 3621 1257 Suadctcrgo

2048 1293 2315 1341 mortem.
2346 1284 2585 1340 tolerare
2626 1282 2791 1337 donec
2838 1286 3215 1352 pertranseat,
3266 1277 3621 1349 quantumvis

2049 1391 2376 1432 arcanorum
2420 1375 2674 1431 doctores
2716 1373 2768 1428 id
2800 1374 2912 1444 pati
2947 1371 3018 1427 ab
3047 1371 3128 1426 eis
3157 1371 3471 1440 contingat,
3500 1368 3623 1439 qui-

2047 1468 2153 1524 bus
2190 1482 2356 1524 exosa
2381 1466 2587 1522 veritas
2622 1465 3008 1519 annuntiatur.
3042 1460 3265 1517 Induoet
3290 1460 3436 1517 enim
3466 1474 3645 1528 super

2047 1575 2135 1613 eos
2165 1559 2413 1613 meritam
2442 1558 2580 1611 iram
2610 1555 2674 1610 de
2697 1564 2884 1609 sancto
2922 1552 3205 1609 Dominus.
3234 1551 3433 1609 Verum
3473 1550 3623 1622 quod
3680 1562 3687 1567 '

2049 1646 2139 1701 hic
2190 1647 2254 1702 de
2301 1656 2486 1701 sancto
2519 1644 2775 1699 Dominus
2825 1644 3049 1708 dicitur,
3097 1643 3145 1698 ei
3193 1641 3466 1698 dissimile
3512 1651 3621 1695 non

2014 1728 2157 1803 'est,
2210 1739 2266 1793 in
2298 1753 2408 1808 quo
2451 1738 2682 1792 habetur
2735 1753 2750 1791 :
2801 1735 2949 1790 Pluit
2999 1733 3265 1789 Dominus
3311 1748 3341 1789 a
3393 1732 3643 1788 Domino

372 1835 620 1903 φονικὰς,
655 1836 726 1888 οὐ
757 1834 1125 1903 καταχρύψει
1153 1834 1294 1899 τοὺς
1316 1834 1737 1902 ἀνῃρημένους
1776 1836 1815 1903 ἡ
1846 1834 1943 1904 γῆ.

2050 1836 2227 1904 ignem
2254 1832 2308 1886 in
2351 1829 2669 1891 Sodomam,
2701 1836 2755 1883 ct
2781 1829 3016 1895 sulphur
3044 1816 3093 1860 ‘5
3131 1845 3148 1879 ι
3184 1825 3354 1881 Filius
3387 1840 3416 1880 a
3440 1824 3623 1878 Patre.

373 1926 530 1982 Τοῦ-ι’
563 1928 700 1993 ἔστι,
733 1927 841 1982 Tot“)
875 1927 1010 1982 Θεοῦ
1034 1929 1133 1999 τὴν
1163 1927 1344 1998 κρίσιν
1392 1927 1541 1982 οὐδὲν
1579 1927 1947 1996 διαφεύξεται,

373 2016 480 2070 τῶν
500 2016 668 2086 ἁγίων
702 2018 995 2089 μαρτύρων
1029 2019 1086 2072 ἐν
1113 2020 1301 2095 μνήμῃ
1333 2018 1600 2089 κειμένων
1629 2018 1813 2071 αὑτοῦ.
1838 2020 1950 2072 Καὶ

373 2107 574 2184 Μωσῆς
608 2114 717 2185 γὰρ
740 2112 864 2184 ἔφη,
895 2115 969 2168 Τὸ
1001 2109 1139 2186 αἷμα
1162 2115 1268 2168 τῶν
1296 2109 1424 2169 υἱῶν
1457 2098 1622 2169 αὐτοῦ
1651 2123 1698 2163 ε.
1744 2110 1950 2177 Ἧγουν

371 2204 505 2274 φησὶ
535 2205 739 2275 μηδένα
772 2205 955 2260 λαθεῖν
980 2206 1085 2261 τῶν
1126 2209 1182 2259 ὲν
1218 2209 1282 2277 τῇ
1336 2211 1405 2278 γῇ
1447 2207 1616 2261 πάλαι
1647 2210 1747 2272 τάς
1771 2202 1950 2277 ψυχὰς

372 2297 730 2370 ἀνῃρημένων
776 2297 866 2351 διὰ
916 2297 1025 2352 τῶν
1083 2299 1217 2370 πρὸς
1243 2300 1475 2354 θάνατον
1504 2301 1948 2373 ἁμαρτημάτων,

367 2387 541 2457 ὀργῆς
561 2387 647 2441 ἐπ’
672 2389 869 2453 αὐτοὺς
890 2391 1197 2462 φερομένης
1221 2384 1420 2464 δηλαδὴ
1443 2392 1550 2445 τῶν
1573 2392 1631 2444 ὲν
1651 2393 1772 2455 ταῖς
1793 2392 1951 2445 κολά-

374 2496 489 2532 σεσι
516 2478 950 2550 διακονουμένων
976 2479 1247 2549 ἀγγέλων,
1285 2482 1427 2535 κατά
1456 2481 1517 2535 τὸ
1549 2481 1713 2552 ῥηθὲν
1743 2482 1829 2534 ἐπ’
1857 2483 1951 2534 Ai-

370 2570 614 2638 γυπτίων
633 2587 647 2600 ·
685 2588 705 2623 ι
751 2571 1095 2625 Ἀπέστειλεν
1125 2571 1210 2625 ἐπ’
1242 2571 1436 2635 αὐτοὺς
1463 2572 1630 2645 ὀργὴν
1660 2574 1754 2626 καὶ
1781 2571 1951 2641 θυμὸν

372 2659 467 2713 καὶ
497 2658 674 2729 θλίψιν
728 2660 1032 2732 ἀποστολὴν
1061 2660 1130 2714 δι’
1170 2662 1432 2730 ’ἀγγέλων
1467 2663 1740 2734 πονηρῶν.
1768 2682 1788 2714 ι
1831 2662 1944 2716 Καὶ

372 2747 578 2817 ἑκάστη
599 2748 653 2801 δὲ
670 2747 816 2821 ψυχὴ
836 2749 1044 2823 γεώδης
1060 2751 1154 2805 καὶ
1184 2750 1581 2822 φιλοσώματος,
1610 2753 1682 2807 τὰ
1702 2753 1942 2822 αἵματα,

2057 1947 2074 1978 ι
2116 1925 2304 1996 Neque
2341 1924 2485 1979 enim
2527 1922 2707 1984 Pater,
2744 1925 2841 1986 ait,
2885 1920 3098 1990 judicat
3140 1933 3496 1990 quemquam,
3529 1916 3641 1972 sed,

2047 2018 2315 2091 judicium
2341 2030 2505 2071 omne
2531 2014 2680 2069 dedit
2707 2012 2847 2068 Filio
2883 2013 2951 2067 ’°.
2989 2030 3008 2064 ι
3036 2011 3173 2067 Cum
3205 2011 3345 2064 iram
3375 2009 3543 2082 igitur
3570 2010 3624 2063 in

2051 2124 2149 2165 eos
2197 2107 2488 2163 exseruerit
2522 2121 2539 2160 :
2569 2104 2662 2175 qui
2710 2104 2932 2175 piorum
2967 2102 3238 2170 sanguine
3271 2114 3470 2181 manus
3520 2099 3623 2153 sibi

2052 2200 2519 2265 contaminatum,
2555 2214 2658 2252 non
2687 2196 2969 2251 abscondet
2996 2195 3302 2265 interfectos
3334 2202 3475 2247 terra
3516 2209 3535 2246 :
3570 2193 3622 2246 id

2050 2306 2154 2363 est,
2180 2298 2317 2352 nihil
2342 2292 2437 2352 Dei
2456 2289 2726 2365 judicium
2748 2287 2990 2364 eﬂ'ugict,
3012 2287 3103 2362 qui
3127 2293 3447 2345 sanctorum
3476 2298 3623 2338 mar-

2048 2397 2228 2460 tyrum
2269 2401 2546 2457 nunquam
2588 2386 2956 2448 obliviscitur,
3003 2383 3440 2452 sanguinemqne
3486 2379 3624 2432 tilio-

2049 2494 2170 2533 rum
2200 2493 2449 2541 suorum,
2497 2476 2646 2531 Mose
2691 2474 2832 2531 tesle
2875 2476 2943 2540 ",
2986 2474 3307 2529 nlciScatur.
3340 2469 3437 2525 Vel
3477 2478 3624 2525 certe

2048 2585 2240 2627 eorum
2281 2570 2555 2627 neminem
2606 2570 2779 2624 latere
2832 2583 2997 2638 posse
3040 2564 3337 2636 signiﬁcat,
3369 2564 3459 2634 qui
3493 2578 3636 2618 suas.

2050 2663 2324 2735 quondam
2370 2663 2427 2719 in
2466 2662 2630 2717 terris
2669 2661 2887 2717 animas
2910 2659 3151 2729 peccatis
3174 2656 3239 2712 ad
3274 2664 3503 2712 mortem
3543 2654 3626 2707 in-

2052 2754 2424 2819 terl’ecerunt;
2464 2767 2591 2809 cum
2616 2767 2753 2808 iram
2788 2751 2842 2807 in
2867 2766 2964 2808 eos
2995 2765 3272 2813 exserere,
3306 2759 3361 2803 et
3406 2745 3625 2817 angelo-

371 2840 515 2894 τοῦτ’
543 2842 659 2895 ἐστι
695 2843 763 2896 τὰ
817 2843 953 2914 πρὸς
999 2845 1229 2899 θάνατον
1265 2845 1435 2915 ἑαυτῇ
1484 2844 1945 2917 πλημμεληθέντα

2054 2861 2174 2899 rum
2206 2844 2516 2899 ministerio
2560 2844 2627 2900 ad
2666 2842 3043 2898 ulciscendum
3085 2841 3161 2896 uti
3193 2839 3425 2895 Domino
3454 2837 3627 2906 place-

372 2933 837 3007 ἐξομολογουμένη
874 2935 1091 3000 πάντως
1123 2936 1564 3005 ἀποκαλύψεις.

2054 2938 2158 3004 bit,
2196 2927 2371 3007 quale
2404 2935 2537 2990 illud
2580 2945 2666 2990 est
2709 2935 2765 2989 in
2792 2936 3079 3007 [Egyptios
3106 2930 3311 2987 dictum
3350 2947 3365 2984 :
3397 2928 3541 2983 Misit
3571 2927 3624 2978 in

372 3026 525 3096 ipsos
562 3028 721 3095 iram,
747 3035 801 3083 et
834 3027 1100 3093 furorem,
1140 3036 1195 3084 et
1248 3016 1619 3093 atilictionem,
1652 3027 2027 3085 immissiones
2051 3043 2148 3100 per
2174 3028 2396 3100 angelos
2456 3028 2631 3083 malos
2665 3027 2733 3083 ”.
2772 3047 2790 3078 ι
2863 3027 3059 3082 Anima
3120 3030 3379 3095 praeterea
3439 3021 3627 3092 quzeli-

374 3121 488 3187 bct,
520 3138 642 3189 quae
680 3135 740 3178 se
769 3121 1003 3178 terrenis
1043 3120 1400 3192 corporisque
1420 3120 1798 3191 voluptatibus
1822 3121 2134 3187 oblectarit,
2168 3121 2215 3176 si
2246 3120 2558 3192 sanguinem
2590 3136 2766 3188 suum,
2808 3120 2859 3175 id
2901 3127 3008 3184 est,
3068 3132 3189 3189 qua:
3250 3122 3425 3171 morte
3463 3114 3626 3184 digna

375 3214 644 3284 peccavit,
684 3214 1035 3278 conﬁteatur,
1072 3213 1307 3268 revelare
1352 3212 1538 3282 procul
1581 3210 1751 3267 dubio
1789 3210 2026 3268 dicatur.

446 3303 603 3367 Τινὲς
631 3302 688 3357 δὲ
717 3301 893 3367 οὕτως
920 3300 1279 3374 ἐξηγήσαντοο
1316 3300 1462 3372 Πρὸς
1493 3301 1561 3355 τὰ
1591 3303 1649 3355 ὲν
1679 3300 1826 3372 ψυχῇ
1861 3318 1947 3354 κε-

2126 3300 2233 3355 Alii
2270 3309 2453 3356 tamen
2486 3300 2561 3355 ita
2591 3301 2917 3371 explicant;
2940 3308 2997 3355 ut
3037 3300 3105 3355 ad
3145 3313 3241 3355 eas
3275 3290 3466 3362 velint,
3506 3313 3628 3368 qth

375 3394 667 3467 κρυμμᾶνα
714 3396 993 3467 κινήματα
1054 3394 1186 3460 Θεδς
1230 3392 1656 3467 ὲφαρρζόττεται.
1726 3392 1947 3465 Ἐπειδὴ

2057 3393 2232 3450 latent
2259 3392 2313 3447 in
2354 3394 2561 3461 animo,
2586 3393 2946 3464 cogitationes
2980 3396 3301 3470 Deunrsese
3322 3406 3631 3446 accommo-

376 3488 506 3558 γάρ,
521 3486 650 3540 ποτὲ
680 3486 777 3556 μὲν
796 3486 1030 3558 ἠπείλει,
1062 3487 1195 3540 ποτὲ
1221 3486 1279 3540 δὲ
1299 3487 1542 3557 χρηστὰς
1565 3484 1784 3549 ἐλπίδας
1810 3502 1950 3556 παρ·

2054 3484 2208 3541 dare.
2255 3483 2710 3555 Quandoquidem
2747 3486 2893 3539 enim
2933 3484 3113 3539 minas
3156 3483 3268 3537 illis
3312 3482 3628 3552 aliquando,

378 3577 576 3649 εἶχετό,
609 3578 670 3643 ἐξ
707 3571 781 3632 ὧν
816 3577 1194 3649 ἐθορυϐοῦντο,
1231 3578 1305 3650 μὴ
1336 3578 1537 3641 εἰδότες
1566 3577 1595 3631 δ
1635 3576 1948 3649 πράξουσιν,

376 3672 603 3735 εἰκότως
628 3672 962 3742 ἐπιστροφὴν
984 3672 1049 3741 τῇ
1077 3671 1221 3741 ψυχῇ
1241 3669 1626 3741 ἐργαζόμενος,
1648 3671 1847 3740 χωρεῖν
1869 3669 1947 3732 είς

374 3761 571 3833 ἑαυτὴν
593 3762 825 3829 κελεύει,
848 3763 983 3834 ἔργα
995 3780 1053 3815 τε
1076 3764 1399 3816 ἐποπτεύειν
1410 3762 1476 3815 τὰ
1490 3761 1616 3826 ἴδια,
1632 3762 1690 3815 ού
1715 3762 1952 3832 μεταϐα-

374 3855 502 3925 τικῇ
545 3855 774 3924 κινήσει,
810 3856 875 3925 τῇ
901 3852 956 3906 δὲ
980 3853 1089 3906 τῶν
1123 3851 1396 3923 λογισμῶν
1421 3852 1702 3923 ἀνακρίσει
1725 3869 1950 3924 πορευο-

378 3946 574 4015 μένων,
606 3948 681 4010 ὡς
714 3948 780 4000 ἂν
818 3945 1232 4016 προφθάσαντες
1263 3944 1355 3998 τὸν
1393 3943 1701 4015 μηνυθέντα
1731 3942 1946 4013 κριτὴν,

375 4039 477 4093 εἴτι
503 4038 600 4108 μὲν
635 4037 894 4109 πονηρὸν,
927 4037 1001 4100 ὡς
1051 4036 1182 4108 ὓλην
1212 4035 1455 4106 ὑπάρχον
1500 4035 1671 4106 πυρὸς
1706 4035 1950 4106 δαπανή-

378 4145 535 4194 σωσι,
567 4128 882 4198 φυλάττοιεν
907 4126 1056 4181 δὲτὰ
1092 4125 1306 4196 χρηστά
1349 4124 1509 4194 δίκην
1554 4122 1778 4195 χρυσίου
1806 4122 1951 4176 δοκι-

379 4220 680 4291 μαζόμενα.
722 4217 955 4287 Ὀμοίως
983 4218 1079 4271 καὶ
1109 4216 1138 4270 ὁ
1167 4215 1355 4287 Σωτὴρ
1386 4214 1821 4286 παρακελεύεται
1845 4214 1949 4268 τοῦ

376 4312 639 4380 ταμιείου
665 4307 864 4364 κλείειν
895 4307 989 4372 τὰς
1023 4304 1194 4379 θύρας
1220 4306 1355 4376 ὁμοῦ
1395 4306 1493 4377 μὲν
1535 4306 1634 4369 τὰς
1661 4305 1947 4376 αἰσθητὰς,

374 4401 510 4471 ὁμοῦ
532 4402 588 4456 δὲ
621 4399 891 4455 παιδεύων
918 4401 1017 4470 τῆς
1063 4399 1172 4453 τῶν
1200 4400 1473 4470 περιττῶν
1510 4398 1951 4455 ἀπαλλάττεσθαι

377 4494 772 4565 προσπαθεξας,
798 4492 873 4557 ὡς
899 4491 964 4546 ἂν
987 4493 1127 4561 ὁρῶν
1151 4491 1279 4557 Θεὸς
1313 4492 1677 4563 σχολάζουσαν
1708 4489 1808 4561 τὴν
1833 4489 1950 4543 διά-

375 4603 545 4650 νοιαν,
576 4585 652 4649 ὡς
698 4586 777 4647 είς
817 4582 1061 4654 καθαρόν
1104 4600 1228 4637 τινα
1277 4582 1481 4637 πίνακα
1527 4581 1596 4635 τὰ
1623 4581 1732 4634 ῐδια
1762 4580 1951 4652 γράφῃ

2055 3576 2350 3648 aliquando
2403 3579 2567 3633 etiam
2620 3579 2817 3633 bonam
2856 3592 3009 3648 spem
3054 3576 3201 3632 Deus
3248 3576 3626 3647 proponebat;

2054 3668 2198 3724 unde
2223 3683 2465 3739 persaepe
2488 3669 2617 3738 quid
2648 3676 2874 3740 agerent
2902 3669 3108 3739 ignaris
3145 3668 3467 3723 tumultuari
3498 3684 3629 3722 con-

2054 3761 2298 3829 tingebat
2327 3778 2341 3828 ;
2387 3762 2587 3817 merito
2614 3761 2724 3831 jam
2756 3762 3177 3815 conversionem
3215 3760 3411 3815 animae
3437 3774 3631 3830 opera-

2054 3859 2162 3919 tus,
2202 3852 2257 3907 in
2296 3869 2357 3908 se
2402 3853 2757 3917 descendere,
2797 3862 2851 3908 et
2890 3869 2989 3908 sua
3037 3868 3203 3923 opera
3247 3852 3628 3923 contemplari,

2051 3957 2239 4011 neque
2272 3944 2415 3999 ullos
2444 3943 2677 3998 rationis
2715 3955 2899 3999 metus
2922 3943 3224 4014 praaterire,
3252 3942 3348 3999 scd
3381 3945 3452 3997 ita
3480 3943 3626 4010 diju-

2053 4035 2250 4092 dicatis
2283 4035 2514 4107 singulis
2544 4034 2863 4107 procedere,
2900 4045 2959 4090 ut
2979 4035 3058 4090 vel
3093 4035 3219 4089 irati
3256 4033 3457 4104 iudicis
3493 4050 3629 4103 prm-

2054 4140 2319 4200 occupalo
2346 4129 2553 4193 animo,
2599 4129 2645 4184 si
2683 4126 2812 4183 mali
2846 4128 2979 4198 quid
3025 4127 3175 4191 insit,
3208 4126 3466 4195 tanquam
3505 4128 3627 4195 igne

2055 4220 2221 4289 ligna,
2268 4225 2658 4286 consumatur;
2694 4218 2836 4272 bona
2882 4228 3084 4282 autem,
3118 4231 3226 4269 non
3260 4215 3424 4268 aliter
3462 4228 3625 4283 quam

2054 4325 2247 4364 aurum
2287 4308 2603 4379 probatum,
2650 4307 3055 4362 custodiantur.
3100 4304 3301 4359 Eadem
3334 4291 3497 4374 plane
3537 4319 3628 4356 rn-

2055 4401 2200 4456 tione
2240 4407 2296 4455 et
2334 4400 2591 4454 Salvator
2630 4399 2748 4469 ipse
2787 4397 3018 4453 cubiculi
3043 4396 3246 4467 januas
3278 4396 3474 4467 partim
3506 4398 3629 4464 qni—

2053 4492 2174 4546 dem
2218 4491 2403 4545 sensui
2440 4491 2686 4561 obiectas
2718 4489 2883 4560 337
2917 4488 3194 4553 claudere,
3225 4486 3420 4558 partim
3461 4487 3627 4542 etiam

2055 4596 2237 4637 rerum
2280 4581 2679 4652 superﬂuarum
2719 4580 2949 4635 allectus
2999 4586 3287 4649 amputare
3330 4578 3631 4648 praecepit;

376 4676 743 4748 βουλεύματα.
777 4674 965 4738 Οὕτως
995 4674 1300 4737 ὲννοοῦντος
1348 4673 1616 4745 Ἰερεμίου
1648 4672 1715 4726 τὰ
1754 4671 1950 4740 Ἡσαΐᾳ

2060 4681 2118 4727 ιιι
2158 4673 2511 4743 tranquillum
2544 4672 2790 4726 animum
2828 4668 2974 4726 Deus
3013 4670 3268 4734 intuitus,
3306 4668 3361 4722 in
3390 4683 3477 4731 eo,
3510 4679 3633 4721 tan-

381 4769 689 4839 προφήταις
740 4784 799 4820 τε
856 4766 1064 4830 λοιποῖς
1113 4765 1433 4837 πραχθέντα
1472 4764 1623 4835 παρὰ
1666 4764 1775 4817 τῶν
1822 4764 1956 4817 ’1ου-

375 4854 564 4917 δαίων,
618 4856 715 4908 καὶ
765 4854 1177 4927 προσδοκῶντος
1229 4854 1521 4908 πείσεσθαι
1570 4855 1812 4925 χείρονα,
1861 4854 1957 4908 καὶ

378 4945 476 5013 τῆς
520 4944 657 5009 ιδίας
684 4946 920 5015 κρείττω
942 4945 1248 5016 δυνάμεως,
1280 4945 1418 5016 πρὸς
1446 4945 1619 4999 ταῦτα
1652 4946 1750 5015 τῆς
1777 4943 1956 5016 ψυχῆς

375 5034 541 5088 αὑτοῦ
580 5036 648 5090 τά
679 5037 957 5108 κινήματά
1012 5054 1179 5108 φησιν
1214 5037 1244 5090 ὁ
1292 5035 1425 5100 Θεός
1448 5053 1463 5068 ο
1494 5040 1542 5103 ιι
1577 5036 1955 5107 Πολεμήσουσί

384 5142 466 5190 σε,
492 5127 586 5181 καὶ
622 5128 682 5181 οὐ
725 5128 801 5200 μὴ
828 5128 1092 5184 δύνωνται
1119 5129 1255 5202 πρὸς
1293 5129 1372 5183 σέ.
1404 5147 1423 5179 ι
1460 5128 1604 5183 Διότι
1632 5129 1773 5200 μετὰ
1796 5128 1889 5182 τοῦ
1923 5128 1951 5168 (ί

380 5217 494 5285 ἐγώ
526 5220 644 5290 είμι
676 5219 770 5273 τοῦ
805 5219 1136 5293 ὲξαιρεῖσθαί
1172 5237 1252 5285 σε,
1277 5219 1424 5289 λέγει
1467 5218 1692 5292 Κύριος.
1738 5218 1954 5288 Ὀργὶιν

382 5311 452 5365 δὲ
480 5311 860 5383 ἐπαγομένην
876 5311 994 5370 ἀπὸ
1027 5313 1266 5382 Κυρίου,
1298 5312 1361 5366 ού
1392 5312 1491 5385 τὴν
1524 5316 1589 5367 ὲκ
1619 5310 1791 5383 θυμοῦ
1823 5312 1956 5382 φησὶ

383 5403 589 5473 τροπὴν
621 5403 850 5474 (ἀπαθὲς
882 5403 991 5475 γὰρ
1019 5404 1079 5456 τὸ
1113 5403 1278 5474 θεῖον)
1309 5400 1408 5474 τὴν
1456 5402 1513 5456 δὲ
1561 5404 1698 5474 πρὸς
1725 5403 1791 5456 τὰ
1825 5404 1955 5473 παρ’

2053 4778 2219 4835 quam
2262 4764 2316 4818 in
2352 4777 2500 4828 rasa,
2536 4762 2896 4832 nondumque
2940 4761 3228 4832 inquinata
3280 4759 3489 4827 tabula,
3533 4774 3635 4815 sua

2054 4850 2174 4922 ipse
2227 4849 2459 4907 consilia
2501 4849 2781 4920 depingat.
2830 4845 2924 4904 Sic
2970 4858 3025 4903 et
3062 4846 3317 4904 Ieremia:
3366 4848 3630 4919 cogitanti

2054 4964 2177 5019 qua:
2207 4963 2330 5004 cum
2370 4947 2509 5004 Isaia
2560 4946 2903 5017 reliquisque
2939 4944 3225 5016 prophetis
3266 4958 3366 5017 per
3412 4942 3634 4997 Judaeos

2055 5048 2177 5095 acta
2204 5047 2406 5107 essent,
2432 5038 2589 5108 quasi
2620 5037 2871 5107 graviora
2898 5034 3176 5090 etviribus
3200 5049 3392 5089 eorum
3422 5031 3631 5101 majora

2060 5145 2325 5201 passuros
2359 5130 2724 5193 existimaret,
2754 5128 2822 5183 ad
2856 5127 3129 5203 ejusmodi
3162 5125 3527 5196 cogitationes
3555 5122 3636 5177 sic

2063 5220 2358 5292 respondet
2384 5219 2528 5275 Deus
2556 5238 2569 5274 :
2613 5238 2632 5271 ι
2670 5218 2821 5274 Bello
2852 5229 2902 5273 te
2925 5216 3143 5287 quidem
3176 5216 3516 5279 adorientnr,
3540 5213 3633 5267 sed

2063 5314 2119 5369 in
2156 5320 2209 5369 te
2260 5313 2397 5368 nihil
2432 5320 2689 5383 poterunt
2727 5330 2741 5366 :
2777 5312 2905 5382 quia
2934 5326 3037 5380 ego
3076 5318 3254 5365 tecum
3294 5323 3441 5374 sum,
3482 5316 3541 5361 ut
3583 5315 3637 5361 te

2064 5420 2274 5471 eruam,
2304 5404 2440 5460 dicit
2474 5405 2737 5460 Dominus
2775 5405 2842 5457 ".
2874 5423 2891 5452 ι
2934 5404 3001 5456 At
3031 5403 3192 5468 iram,
3229 5417 3345 5471 qua:
3374 5418 3406 5452 a
3449 5397 3633 5453 Darni-

456 5523 661 5603 ‘_‘_Gen.
704 5540 788 5590 ιιι,
828 5526 916 5582 l9.
991 5526 1196 5583 "Gen.
1227 5542 1337 5593 xix,
1364 5528 1454 5582 Ἦ.
1531 5527 1756 5584 “Joan.
1781 5546 1835 5593 v,
1875 5530 1945 5584 Ἡ

2050 5530 2267 5586 "Deut.
2309 5546 2460 5597 XXXI,
2493 5531 2587 5585 45;
2666 5526 2878 5582 ἐνείη.
2917 5540 3124 5590 turn,
3196 5520 3284 5575 49.
3362 5514 3633 5571 "Jerem.

386 5607 426 5659 ι,
460 5595 547 5650 l9.

1678 5692 1908 5750 VARIAJ
1950 5694 2383 5782 LECTIUNESa

461 5794 484 5822 ο
516 5782 603 5837 ῖσ.
631 5787 691 5837 λ.
723 5782 1040 5837 ὲκδικεῖται.
1117 5781 1141 5821 δ
1165 5800 1251 5852 ἸῬ.
1282 5781 1421 5852 μετά
1446 5799 1560 5835 σου.
