4022 6210
445 285 582 352 2231

1744 305 2097 369 PBOCOPII
2127 312 2369 372 GAZA‘II

3552 304 3702 370 2232

448 417 515 453 κο
554 398 847 467 inducitur,
869 416 977 457 non
1006 405 1461 465 excandescentis
1490 411 1656 467 animi
1678 412 1994 471 alit-ctionen

2093 472 2097 478 _
2123 421 2279 490 ἡμῶν
2312 421 2776 493 πλημμεληθέντα
2802 422 2960 496 δίκην
2993 423 3375 495 ὀφειλομένην,
3398 422 3464 493 ἣν
3495 422 3703 488 ἐπάγει

448 486 556 556 (est
579 489 725 542 enim
758 494 1234 558 perturbationum
1267 512 1463 568 expers
1497 499 1682 573 Deus),
1708 503 1803 558 sed
1833 521 2024 574 ρωπος

444 580 690 648 peccatis
718 583 927 637 nostris
955 585 1170 641 debitas
1199 588 1483 660 intelligit;
1531 608 1669 662 quas
1696 609 1806 649 non
1834 595 1888 647 in
1922 595 2023 649 ad—

446 684 637 736 venas,
673 672 770 727 sed
795 675 847 728 in
882 683 1039 732 terrae
1066 679 1416 747 habitatores,
1450 684 1543 753 qui
1576 686 1869 754 prasentis
1894 696 2019 740 tan-

444 770 561 816 tum
602 766 791 820 smculi
830 768 1110 838 voluptate
1146 772 1424 839 delectati,
1477 775 1627 828 omni
1681 774 1823 844 ejus,
1873 778 2018 844 quod

445 853 691 908 futurum
738 864 849 921 est,
898 874 994 927 spe
1033 860 1267 930 abjecta,
1310 880 1327 913 ι
1370 861 1609 919 Edamus
1638 872 1693 919 et
1742 865 2018 930 bibamus,

441 958 568 998 cras
601 945 746 999 enim
778 937 1046 1003 morimur
1072 949 1138 1015 ³ο,
1182 971 1201 1005 ι
1251 952 1507 1022 inquiunt
1540 971 1555 1008 :
1589 954 1791 1024 quibus
1823 970 2015 1010 eorum

441 1033 603 1103 plane
626 1037 943 1095 contrarius
965 1048 1049 1095 est
1070 1042 1313 1109 animus,
1338 1045 1429 1114 qui
1460 1054 1517 1099 ut
1543 1045 1768 1100 advena:
1786 1046 1838 1101 in
1866 1053 2014 1102 terra

440 1137 755 1183 versantur.
797 1127 1070 1187 Caeterum
1118 1149 1242 1189 cum
1275 1150 1450 1205 pmnzc
1494 1136 1849 1203 inducentur,
1886 1147 2015 1194 tunc

440 1229 631 1286 aperta
674 1220 805 1275 lient
830 1223 1174 1295 singulorum
1196 1226 1432 1299 ﬂagitia;
1458 1244 1579 1299 qua:
1605 1228 1711 1285 Deo
1743 1230 2016 1300 patienter

438 1318 493 1363 et
521 1310 712 1366 leviter
733 1322 950 1384 agente,
986 1317 1543 1375 adhucoccultantur.
1560 1320 1843 1377 Neminem
1864 1322 2036 1389 enim,

438 1415 561 1454 cum
598 1402 681 1457 ira
718 1406 1021 1472 inducetur,
1058 1409 1232 1467 latere
1277 1414 1502 1481 poterit,
1551 1414 1825 1483 justitiam
1868 1430 2012 1481 esse,

437 1505 560 1557 quae
591 1506 817 1562 operum
849 1498 1173 1567 pravitatem
1200 1500 1536 1566 ulciscatur;
1566 1504 1922 1574 quantumvis
1949 1518 2014 1558 ea

438 1579 591 1647 prius
629 1582 931 1652 ignoretur.
970 1588 1106 1643 Illud
1134 1590 1299 1645 etiam
1336 1591 1403 1647 de
1428 1592 1584 1648 vobis
1618 1592 1862 1648 futurum
1900 1601 2004 1658 est,

2121 512 2180 563 οὐ
2221 512 2357 582 πρὸς
2383 512 2510 578 τοὺς
2533 514 2952 583 παροικοῦντας,
2974 514 3111 570 ἀλλά
3142 513 3571 577 κατοικοῦντας
3592 511 3701 565 ἐπὶ

2120 600 2232 669 τῆς
2261 602 2396 671 τῆς.
2454 606 2503 657 οι
2545 604 2639 658 τοῦ
2675 606 2945 677 παρόντος
2980 608 3177 671 αίῶνος
3229 607 3387 676 μόνον
3433 604 3542 659 εἰσὶ
3593 603 3704 665 τάς

2120 694 2257 764 πρὸς
2280 694 2341 747 τὸ
2375 694 2567 764 μέλλον
2591 695 2814 761 ἐλπίδας
2846 698 3066 763 ἁπάσας
3095 697 3481 769 ἀπειρηκότες,
3510 695 3702 763 λέγον·

2119 800 2243 847 τες·
2272 803 2290 835 ι
2326 785 2599 855 Φάγωμεν
2623 787 2716 840 καὶ
2754 787 3002 857 πίωμενο
3056 786 3250 859 αὔριον
3303 786 3412 856 γὰρ
3458 784 3701 855 ἀποθνήο

2121 891 2341 953 σκομεν.
2387 895 2405 926 ι
2462 871 2559 940 Οἷς
2610 878 2828 932 ἐναντία
2858 878 2966 933 τῶν
3011 877 3424 950 παροικούντων
3473 876 3566 929 ἐπὶ
3594 877 3699 945 τῆς

2119 966 2221 1036 γῆς
2252 968 2285 1036 ή
2306 965 2568 1031 διάθεσις.
2595 969 2707 1039 Τῆς
2728 970 2967 1038 δέ,δίκης
3000 969 3355 1041 ἐπαχθείσης,
3373 969 3443 1023 τά
3462 968 3696 1022 ἑκάστου

2117 1053 2266 1107 κακά
2298 1054 2542 1125 πρόδηλα
2595 1056 2844 1123 γίνεται,
2893 1056 3038 1129 ᾇπερ
3089 1057 3578 1129 μακῳθυμοῦπος
3610 1055 3698 1109 ἔτι
3796 1080 3801 1083 ·

2113 1141 2209 1194 τοῦ
2242 1142 2378 1195 Θεοῦ
2410 1140 2874 1211 συγκαλύπτεται.
2903 1145 3043 1199 nam
3064 1146 3173 1218 γὰρ
3200 1146 3361 1216 δῆλον
3397 1144 3697 1214 ἐπαγομέ-

2114 1249 2226 1301 ιυης
2256 1232 2441 1303 ὀργῆς
2477 1234 2551 1298 ὼς
2584 1236 2616 1305 ή
2647 1235 2773 1305 δίκη
2811 1235 3065 1307 πονηρῶν
3098 1237 3214 1289 ἐστι
3239 1235 3494 1307 πράξεων
3517 1252 3697 1303 τιμωο

2115 1322 2229 1392 ρδς,
2261 1308 2310 1376 εἰ
2337 1323 2428 1376 καὶ
2470 1322 2663 1391 πρώην
2690 1322 3000 1379 ἐλάνθανον.
3052 1323 3224 1377 Τοῦτο
3258 1322 3350 1377 καὶ
3404 1323 3489 1392 ἐφ’
3535 1319 3699 1390 ὑμῶν

2116 1411 2295 1477 ἔσται,
2316 1413 2473 1483 φησὶ,
2496 1414 2775 1468 θυσάντων
2803 1415 2871 1468 τὰ
2899 1415 3064 1467 τέκνα
3086 1416 3197 1478 τοῖς
3223 1413 3542 1480 δαιμονίοις.
3579 1412 3697 1464 Καὶ

2112 1496 2255 1568 αὕτη
2286 1499 2467 1552 τοίνυν
2491 1500 2646 1570 ὑμῶν
2676 1501 2714 1567 ἡ
2739 1500 2817 1570 γῆ
2857 1502 3228 1573 κατηγορήσει
3263 1498 3531 1572 δεξαμένη
3567 1500 3697 1553 τού-

2115 1606 2223 1643 των
2263 1590 2335 1643 τὰ
2369 1592 2608 1660 αἵματα.
2638 1593 2747 1647 Kal
2772 1592 2941 1646 ταῦτα
2966 1593 3064 1661 μὲν
3099 1588 3266 1667 οὗτοι.

439 1673 533 1736 ait,
571 1673 663 1744 qui
704 1678 844 1733 tilias
885 1687 1101 1736 vestros
1141 1681 1429 1739 daemoniis
1469 1684 1778 1741 mactastis.
1809 1684 1876 1739 Et
1908 1692 2013 1739 vos
2047 1679 2214 1752 igitur
2253 1681 2368 1751 ipsa
2409 1683 2696 1740 accusabit
2720 1694 3025 1755 terra,qu:.e
3078 1685 3390 1757 sanguinem
3440 1683 3692 1740 ipsorum

437 1768 733 1836 exceperit.
770 1769 949 1840 Atque
974 1770 1091 1827 haec
1113 1773 1329 1841 quidem
1367 1774 1465 1829 illi.

1027 1861 1179 1916 CAP.
1206 1861 1420 1917 XXVII.

509 1946 674 2003 Vsus.
708 1948 862 2004 ιυιι.
893 1950 987 2005 Die
1029 1953 1124 2005 illa
1174 1953 1381 2008 inducet
1424 1953 1564 2011 Deus
1602 1955 1839 2027 gladium
1884 1973 2009 2010 san-

434 2048 596 2102 rtum,
617 2050 663 2093 et
695 2056 941 2111 magnum
972 2053 1021 2098 et
1045 2045 1277 2103 ualidum
1306 2062 1461 2115 super
1507 2058 1789 2117 serpentem
1819 2048 2009 2102 draco-

435 2147 549 2184 nem
581 2131 886 2201 fugientem,
906 2150 1061 2202 super
1088 2137 1367 2193 draconem
1400 2139 1669 2195 colubrum
1710 2141 2003 2204 sinuosum,

430 2234 478 2277 rt
503 2225 781 2294 interﬁciat
813 2237 1122 2297 serpentem,
1155 2240 1263 2285 etc.

500 2396 600 2464 Qui
626 2408 804 2454 autem
836 2401 940 2457 ista
968 2403 1035 2459 tle
1064 2408 1535 2462 consummatione
1558 2407 1664 2463 dici
1690 2408 1995 2467 voluerunt.

426 2496 481 2541 et
524 2488 589 2543 ad
620 2489 887 2559 judicium
923 2493 1081 2558 illud,
1109 2496 1255 2566 quod
1291 2496 1343 2551 in
1380 2512 1439 2550 ea
1479 2500 1721 2552 futurum
1770 2506 1874 2562 est,
1908 2488 2031 2551 re-'

427 2576 579 2643 ferri,
616 2580 998 2648 signiﬁcarunt
1043 2583 1158 2641 fore
1188 2596 1266 2649 ut,
1324 2586 1433 2641 illis
1478 2588 1809 2657 arlimpletis,
1851 2604 1998 2643 mors

428 2665 545 2736 ipsa
578 2669 692 2738 (qui
726 2670 954 2727 ultimus
980 2681 1064 2726 est
1091 2677 1333 2730 omnium
1370 2677 1565 2748 hostis)
1596 2679 1993 2757 conﬁceretur:

426 2759 613 2827 itaque
650 2759 776 2817 inde
816 2778 959 2830 esse,
993 2766 1135 2834 quod
1168 2769 1218 2821 in
1256 2768 1375 2838 ipso
1412 2784 1593 2823 rerum
1624 2772 1864 2824 omnium
1901 2786 1996 2825 ex-

426 2862 618 2917 tremo,
660 2848 1167 2928 consrrm'matisqtre
1213 2860 1468 2915 omnibus
1519 2862 1593 2929 (id
1638 2864 1780 2916 enim
1824 2864 1876 2915 in
1913 2863 1995 2916 die

424 2943 520 2998 illa
559 2945 851 3017 signiﬁcat)
892 2950 1132 3020 gladium
1179 2964 1419 3007 sanctum
1453 2952 1664 3021 (durum
1706 2954 1861 3008 aiunt
1907 2956 1988 3008 in—

424 3042 691 3104 tcrprctes
732 3038 950 3110 reliqui)
987 3051 1035 3094 et
1081 3043 1312 3097 ualidum
1365 3046 1500 3100 Deus
1546 3048 1614 3100 sit
1655 3045 1988 3111 inducturus,

422 3128 513 3193 qui
562 3130 614 3184 in
664 3133 873 3188 nullum
924 3136 1091 3191 alium
1132 3138 1375 3193 inductus
1418 3157 1686 3197 mensura:
1736 3141 1986 3213 maligni-

424 3219 555 3275 tatis
589 3220 711 3291 ejus
746 3226 1066 3302 servabatu;
1097 3246 1111 3281 :
1146 3229 1380 3297 qualiter
1422 3239 1476 3284 et
1522 3230 1569 3285 ei
1615 3232 1864 3303 contigit,
1896 3234 1985 3301 qui

421 3307 689 3365 Adamum
734 3313 789 3367 in
837 3315 1093 3385 paradiso
1143 3319 1534 3389 supplantavit,
1574 3335 1749 3392 eoque
1797 3322 1987 3392 gradu,

419 3416 580 3469 quem
612 3411 728 3457 erat
762 3403 905 3475 apud
932 3403 1102 3462 Deum
1136 3418 1486 3473 consecutus,
1522 3410 1856 3467 deturbavit.
1895 3412 1990 3467 Ille

418 3493 701 3558 nimirum,
744 3497 812 3553 de
863 3513 971 3570 quo
1018 3501 1281 3557 scribitur
1316 3519 1330 3558 :
1367 3501 1494 3557 Erat
1540 3502 1719 3559 autem
1764 3520 1989 3576 serpens

425 3585 888 3654 prudentissimus
950 3588 1115 3663 338
1192 3591 1492 3647 bestiarum
1558 3594 1803 3649 omnium
1871 3612 1991 3667 qua:

419 3685 547 3731 Sttltl
579 3677 631 3729 in
671 3688 812 3734 terra
844 3682 883 3712 ³¹
910 3698 924 3748 ;
965 3700 983 3732 ι
1022 3682 1133 3749 ille,
1160 3684 1404 3755 inquam,
1439 3685 1526 3755 qui
1563 3685 1756 3756 primis
1787 3702 1987 3758 paren-

417 3765 587 3830 tibus,
622 3774 676 3821 ct
712 3783 899 3823 eorum
943 3774 1264 3843 posteritate
1298 3790 1395 3845 per
1442 3774 1685 3831 fraudem
1721 3778 1984 3849 deceptis.

418 3860 802 3923 percommode
860 3876 1069 3930 serpens
1120 3862 1243 3918 ideo
1294 3864 1612 3920 nominatus
1665 3874 1785 3933 est,
1840 3868 1985 3937 quod

416 3944 565 4000 lrumi
599 3963 810 4019 repere,
837 3948 1232 4024 hominumque
1258 3954 1488 4024 pedibus
1515 3957 1762 4014 insidiari
1789 3960 1982 4027 soleat,

419 4044 476 4090 ut
546 4038 750 4110 injecto
801 4034 1010 4099 veneno
1038 4045 1103 4099 de
1133 4055 1280 4101 recta
1313 4047 1378 4101 ad
1412 4047 1577 4105 Ileum
1607 4050 1689 4105 via
1726 4051 1979 4121 depellat.

416 4146 437 4181 ι
473 4125 593 4199 Ipse
624 4131 769 4186 enim
803 4141 1050 4190 conteret
1092 4144 1256 4206 caput
1292 4146 1466 4203 tuum,
1501 4140 1576 4193 ait
1617 4139 1883 4195 Dominus
1912 4142 1979 4205 ³¹,

407 4229 459 4274 et
506 4228 560 4274 tu
611 4220 733 4290 ejus
788 4224 1050 4279 caleaneo
1104 4226 1474 4284 insidiabcris.
1520 4248 1537 4279 ι
1588 4227 1766 4285 Moses
1817 4230 1981 4302 igitur

407 4307 656 4391 fraudem
692 4311 812 4382 ejus
848 4314 1106 4370 recitasse
1144 4325 1458 4382 contentus,
1495 4318 1624 4389 quid
1675 4333 1799 4373 eum
1845 4335 1979 4391 sup-

406 4378 552 4470 pli‘cii
589 4415 833 4458 maneret
869 4407 1235 4475 prmtermisit,
1267 4407 1412 4477 quod
1458 4404 1605 4463 nunc
1636 4423 1664 4461 a
1712 4410 1975 4481 prOpheta

403 4492 648 4548 docetur.
710 4494 873 4565 Virga
935 4496 1028 4552 Dei
1093 4499 1257 4566 igitur
1317 4508 1503 4565 recta,
1562 4509 1617 4554 et
1673 4500 1975 4573 disciplina:

404 4582 640 4648 idonea;
691 4585 922 4653 legimus
962 4588 1107 4641 enim
1146 4605 1159 4641 :
1203 4608 1221 4639 ι
1261 4587 1425 4657 Virga
1474 4588 1793 4646 directionis
1828 4591 1976 4665 virga

403 4673 556 4739 regni
609 4676 685 4726 tui
741 4676 837 4729 ³³;
890 4695 907 4727 ι
946 4678 1074 4739 illis,
1113 4680 1204 4747 qui
1255 4689 1603 4747 peceatorum
1652 4683 1974 4737 medicinam

404 4761 721 4830 admittunt,
750 4763 816 4818 ad
852 4768 1252 4823 correctionem
1285 4778 1499 4823 servata
1526 4778 1629 4827 est.
1665 4772 1731 4824 At
1765 4789 1974 4843 serpens

401 4859 551 4905 totus
589 4852 790 4927 ubique
821 4855 1104 4919 sinuosus,
1135 4870 1189 4910 et
1237 4873 1459 4928 pravus,
1493 4859 1644 4917 humi
1686 4861 1882 4919 deinde
1918 4864 1971 4918 in
2004 4918 2007 4921 η

399 4949 646 4996 ventrem
684 4950 738 4999 et
777 4954 968 5015 pectus
1021 4962 1235 5019 repens,
1276 4948 1632 5019 omniumque
1663 4952 1842 5009 calces
1876 4955 1972 5008 ob-

399 5044 651 5099 servans,
691 5042 823 5105 post
869 5034 1163 5107 impiorum
1214 5046 1458 5093 onmlum
1497 5038 1799 5107 interitum,
1839 5043 1971 5097 duro

397 5121 482 5174 illi
527 5133 575 5177 et
609 5141 821 5195 magno,
864 5126 1141 5205 validoque
1178 5129 1354 5199 gladio
1397 5130 1580 5201 (quem
1616 5132 1970 5205 Septuaginta

402 5220 593 5267 notant
624 5214 970 5289 interpretes)
995 5204 1277 5285 tradetur;
1308 5220 1466 5291 cujus
1496 5223 1716 5278 nomine
1748 5204 1969 5280 verbum

401 5295 493 5353 Dei
529 5302 717 5361 vivens
748 5320 802 5364 et
827 5306 1038 5372 elilcax,
1075 5318 1128 5363 et
1158 5310 1400 5380 quolibet
1447 5310 1627 5382 gladio
1675 5315 1895 5383 ancipiti
1926 5315 1971 5346 “

2697 1855 2946 1909 ΚΕΦΑΛ.
2977 1857 3122 1923 Kq'.
3752 1915 3763 1925 ,

2185 1953 2346 2002 α-,ια’.
2400 1946 2479 2014 Τῇ
2506 1946 2695 2015 ἡμέρᾳ
2723 1947 2927 2015 ἐκείνῃ
2952 1946 3160 2012 ἐπάξει
3192 1949 3227 2002 ὁ
3257 1947 3401 2012 Θεὸς
3427 1946 3542 2014 τὴν
3577 1946 3688 2018 μά-

2108 2053 2325 2109 χαιραν
2346 2034 2458 2104 τὴν
2478 2037 2671 2106 ἁγίαν,
2693 2035 2791 2089 καὶ
2814 2034 3229 2105 τὴνμετάλην,
3254 2036 3351 2091 καὶ
3373 2037 3489 2104 τὴν
3514 2039 3691 2107 ισχυ.

2100 2130 2219 2198 ρὰν
2253 2128 2353 2181 ἐπὶ
2398 2127 2505 2181 τὸν
2551 2126 2849 2195 δράκοντα
2884 2126 2992 2180 τὸν
3035 2126 3176 2196 ὄφιν
3200 2128 3498 2196 φεύγοντα
3520 2143 3534 2157 ’
3582 2127 3685 2179 ἐπὶ

2105 2218 2214 2270 τὸν
2237 2216 2536 2285 δράκοντα
2567 2215 2704 2283 ὄφιν
2726 2214 2999 2277 σκολιὸν,
3028 2216 3127 2268 καὶ
3162 2214 3373 2275 ἀνελεῖ
3392 2216 3499 2269 τὸν
3536 2215 3684 2283 δρά-

2106 2323 2312 2369 κοντα,
2343 2324 2399 2360 κ.
2438 2324 2489 2360 τ,
2518 2306 2567 2359 λ.

2175 2401 2239 2453 Οἱ
2282 2398 2339 2451 δέ
2391 2399 2520 2469 περὶ
2571 2398 2671 2467 τῆς
2731 2396 3041 2462 συντελείας
3071 2397 3323 2469 εἰρῆσθαι
3354 2397 3546 2459 ταῦτα.
3581 2398 3677 2451 καὶ

2100 2491 2200 2561 τῆς
2232 2491 2324 2544 ἐπὶ
2348 2490 2522 2564 ταύτῃ
2552 2490 2871 2561 νομίσαντες
2902 2490 3160 2562 κρίσεως,
3203 2490 3427 2560 ἔφασαν,
3460 2490 3534 2554 ὡς
3555 2491 3677 2544 τού-

2099 2600 2206 2637 των
2238 2582 2693 2638 ἐπιτελεσθέντων
2736 2581 2963 2653 ἔσχατος
3010 2582 3204 2653 ἐχθρὸς
3262 2583 3673 2653 καταργεῖταιό

2100 2674 2350 2738 θάνατος.
2390 2673 2482 2727 Διὸ
2539 2674 2631 2727 ἐπὶ
2684 2672 2829 2727 τέλει
2862 2673 2971 2728 τῶν
3006 2674 3162 2740 ὅλων,
3195 2674 3289 2728 καὶ
3321 2676 3461 2744 μετὰ
3493 2674 3673 2728 πάντα

2098 2766 2275 2835 (τοῦτο
2305 2766 2414 2839 γάρ
2450 2767 2566 2819 ἐστι
2586 2763 2762 2833 τὸ,τῇ
2790 2764 2975 2835 ἡμέρᾳ
3004 2765 3225 2837 ἐκείνῃ)
3242 2765 3448 2830 ἑπάξει
3471 2768 3503 2820 ό
3526 2766 3673 2832 Θεβς

2096 2858 2211 2925 τὴν
2232 2858 2537 2927 μάχαιραν
2557 2854 2671 2925 τὴν
2689 2855 2867 2926 ἁγίαν
2903 2857 3000 2912 καί
3032 2857 3149 2926 τὴν
3185 2859 3441 2927 ισχυρὰν
3479 2857 3610 2928 μήτι
3645 2868 3669 2896 ε

2095 2950 2149 3003 δὲ
2176 2949 2269 3003 τοῦ
2300 2947 2423 3017 τὴν
2484 2948 2664 3018 ἁγίαν
2700 2947 3016 3019 (σκληρὰν
3057 2947 3326 3013 ἐξέδωκαν
3377 2948 3427 3001 oi
3467 2947 3694 3014 λοιποὶ),

2093 3042 2214 3111 ἥτις
2247 3040 2437 3112 μηδενὶ
2469 3038 2577 3093 τῶν
2630 3039 2807 3095 ἄλλων
2860 3037 3189 3111 ἐπειχθεῖσα
3237 3041 3483 3112 ἐτηρεῖτο
3514 3039 3535 3079 τ
3567 3040 3669 3111 τῆς

2093 3130 2260 3187 αὐτοῦ
2298 3131 2517 3197 κακίας,
2548 3130 2824 3201 ἀναλόγως
2866 3132 2943 3202 τῷ
2970 3133 3061 3187 τὸν
3101 3132 3270 3202 Ἀδάμ
3296 3133 3354 3186 ἐν
3384 3128 3463 3203 τῷ
3491 3149 3670 3203 παρα-

2093 3222 2256 3293 δείσῳ
2288 3222 2619 3285 σκελίσαντι,
2643 3222 2738 3276 καὶ
2761 3221 3000 3287 στάσεως
3020 3206 3378 3281 καταϐαλόντι
3391 3222 3491 3294 τῆς
3516 3221 3669 3293 παρά

2092 3314 2169 3385 τῷ
2189 3313 2329 3385 Θεῷ.
2372 3313 2506 3383 Περὶ
2558 3306 2621 3367 οὗ
2671 3314 2860 3384 φησὶν,
2892 3333 2911 3364 ε
2960 3313 3019 3367 '0
3050 3313 3107 3367 δὲ
3135 3314 3259 3383 δφις
3289 3310 3359 3385 ἦν
3387 3312 3669 3385 φρονιμώδο

2093 3423 2251 3477 τερος
2307 3407 2525 3462 πάντων
2577 3403 2685 3459 τῶν
2731 3404 2936 3475 θηρίων
2978 3405 3086 3460 τῶν
3116 3407 3207 3460 ἐπὶ
3233 3407 3333 3477 τῆς
3367 3406 3488 3477 γῆς.
3528 3425 3549 3458 s
3607 3406 3670 3459 Ὁ

2096 3499 2234 3570 μετὰ
2285 3498 2412 3563 τοὺς
2469 3497 2924 3569 πρωτοπλάστους
2980 3498 3075 3555 καὶ
3121 3498 3248 3563 τοὺς
3297 3497 3359 3564 ἐξ
3396 3498 3573 3552 αὐτῶν
3596 3498 3669 3551 δι’

2090 3590 2306 3660 ἀπάτης
2332 3588 2487 3652 ἐλὼν,
2524 3588 2817 3661 προσφυῶς
2848 3588 2985 3658 ὄφις
3032 3588 3239 3661 ῥηθεὶς,
3282 3588 3360 3653 ὡς
3391 3589 3576 3660 ἕρπων
3601 3606 3668 3643 τε

2090 3682 2266 3753 χαμαὶ
2300 3680 2395 3736 καὶ
2419 3683 2529 3745 τοῖς
2558 3680 2666 3734 τῶν
2693 3679 2995 3751 ἀνθρώπων
3029 3681 3334 3753 ἐφεδρεύων
3378 3683 3556 3742 ποσὶν.
3585 3682 3666 3746 ὡς

2090 3774 2157 3828 ἂν
2184 3776 2366 3839 αὐτοῖς
2397 3775 2488 3827 τδν
2521 3774 2599 3828 liv
2630 3773 2882 3844 ἐμϐαλὼν
2913 3775 3014 3845 τῆς
3062 3775 3230 3846 ὀρθῆς
3270 3774 3367 3829 καὶ
3411 3775 3544 3849 πρὸς
3573 3776 3669 3829 τὸν

2089 3866 2225 3920 Θεὸν
2252 3865 2492 3937 ἀγούσης
2526 3865 2824 3919 καταϐάλοι
2863 3866 3109 3937 πορείας.
3143 3886 3162 3918 ι
3203 3867 3374 3930 Αύτδς
3411 3867 3517 3937 γάρ
3541 3883 3665 3931 σου,

2090 3959 2242 4030 φησὶ,
2298 3959 2530 4030 τηρήσει
2585 3960 2611 3998 ⁸
2672 3958 2939 4029 κεφαλήν,
2982 3960 3076 4013 καὶ
3105 3959 3169 4012 σὺ
3197 3961 3456 4031 τηρήσεις
3492 3959 3663 4013 αὑτοῦ

2087 4050 2349 4123 πτέρναν.
2389 4069 2407 4101 υ
2446 4051 2650 4123 Μωσῆς
2680 4049 2778 4122 μὲν
2805 4045 2897 4104 οὖν
2919 4048 3017 4121 τήν
3048 4050 3106 4116 ἐξ
3143 4049 3306 4104 αὐτοῦ
3331 4050 3490 4120 μόνον
3518 4051 3655 4105 ἀπᾶ-

2084 4157 2184 4211 την
2218 4140 2409 4207 εἰπὼν,
2436 4140 2535 4213 τὴν
2568 4142 2830 4215 μένουσαν
2870 4141 3032 4195 αὐτὸν
3058 4141 3213 4211 δίκην
3246 4142 3564 4213 παρέλιπεν,
3592 4144 3660 4213 ήν

2082 4234 2110 4285 ό
2137 4231 2329 4303 παρὼν
2374 4234 2663 4304 προφήτης
2719 4233 2981 4300 ἐδίδαξεν.
3020 4232 3082 4286 Ἦ
3129 4233 3228 4303 μὲν
3261 4230 3353 4288 οὖν
3400 4234 3494 4287 τοῦ
3520 4234 3659 4288 Θεοῦ

2083 4322 2278 4393 ῥάϐδος
2318 4323 2501 4383 εὐθεῖά
2553 4342 2637 4388 τις
2686 4319 2819 4379 οὖσα
2858 4325 2950 4379 καὶ⁸
2998 4324 3338 4395 παιδευτικὴ,
3368 4326 3510 4380 κατὰ
3558 4327 3658 4380 τό’

2089 4432 2106 4463 ι
2154 4412 2378 4478 Ῥάϐδος
2410 4415 2725 4484 εὐθύτητος,
2755 4417 2788 4486 ή
2830 4416 3022 4488 ῥάϐδος
3051 4418 3148 4485 τῆς
3177 4416 3454 4487 βασιλείας
3489 4434 3607 4481 σου,
3631 4437 3653 4469 ι

2000 4530 2055 4589 D
2079 4507 2191 4569 τοῖς
2221 4506 2412 4577 ἰάσιμα
2442 4507 2788 4578 ἡμαρτηκόσι
2818 4508 3118 4582 τετήρηται
3171 4508 3307 4579 πρὸς
3348 4508 3655 4579 διόρθωσιν.

2093 4590 2153 4647 Ὀ
2180 4592 2235 4645 δὲ
2264 4591 2445 4667 [ὄφις]
2504 4595 2624 4658 ὅλος
2684 4594 2752 4649 δι’
2796 4595 2920 4649 ὅλου
2973 4596 3259 4673 καμπύλος
3305 4598 3401 4651 καὶ
3439 4596 3655 4661 σκολιὸς

2076 4683 2263 4753 ἕρπων
2286 4700 2345 4736 τε
2372 4684 2545 4757 χαμαὶ
2570 4685 2663 4737 ἐπὶ
2689 4684 2896 4740 κοιλίαν
2913 4686 3007 4739 καὶ
3033 4686 3227 4756 στῆθος
3248 4688 3341 4741 καὶ
3361 4686 3458 4750 τὰς
3475 4686 3651 4740 ἁπάν-

2074 4791 2185 4827 των
2219 4776 2456 4847 πτέρνας
2498 4778 2705 4847 τηρῶν,
2741 4778 2881 4851 μετά
2918 4780 3044 4842 τοὺς
3072 4780 3289 4843 ἀσεϐεῖς
3321 4779 3547 4842 πάντας,
3584 4782 3649 4850 τῇ

2071 4865 2313 4935 σκληρᾷ
2357 4867 2448 4921 καὶ
2472 4869 2713 4937 μεγάλῃ
2772 4869 2870 4923 καὶ
2916 4868 3136 4939 ισχιγπᾷ
3170 4871 3432 4941 μαχαίρᾳ
3469 4886 3640 4941 παρα·

2070 4957 2378 5027 δοθήσεται,
2405 4961 2470 5028 ἢν
2499 4958 2705 5029 ἔφασαν
2731 4960 2780 5013 οἱ
2830 4961 3260 5037 Ἑϐδομήκοντα·
3299 4963 3365 5016 δι’
3392 4956 3459 5036 ἧς
3490 4963 3518 5015 ὁ
3547 4962 3646 5015 τοῦ

2071 5049 2208 5102 Θεοῦ
2247 5050 2573 5120 σημαίνεται
2600 5051 2756 5120 λόγος
2776 5053 2803 5105 ὁ
2837 5054 2943 5118 ζῶν
2972 5056 3061 5107 καὶ
3086 5055 3315 5125 ἐνεργὴς
3344 5055 3437 5111 καὶ
3464 5051 3633 5123 τομώο

2067 5157 2224 5211 τερος
2252 5142 2391 5211 ὑπὲρ
2416 5144 2595 5196 πᾶσαν
2615 5144 2896 5219 μάχαιραν
2926 5146 3197 5215 δίστομον,
3236 5146 3293 5209 ὃς
3314 5145 3387 5209 ὡς
3416 5144 3644 5215 ἐναντίῳ

2069 5226 2149 5293 τῷ
2178 5229 2460 5297 δράκοντι
2518 5232 2760 5285 ἐπελθὼν
2814 5234 3055 5292 ἀνεῖλεν
3096 5234 3123 5273 δ
3173 5236 3336 5306 φασὶν
3365 5233 3546 5296 αὑτὸν,
3583 5234 3640 5295 ἐξ

2072 5319 2243 5373 όντων
2280 5321 2380 5393 τὴν
2427 5322 2725 5379 ὑπόστασιν
2778 5326 3057 5395 ἀφανίζων
3084 5324 3270 5394 αὐτοῦ,
3300 5325 3549 5398 καὶπρὸς
3578 5323 3645 5379 τὸ

472 5473 515 5506 ⁸⁵
546 5475 649 5531 lsa.
682 5494 818 5546 uti,
846 5482 941 5549 15;
978 5484 1147 5541 lCor.
1187 5502 1276 5551 xv,
1310 5487 1396 5542 52.
1474 5489 1515 5523 ³¹
1551 5488 1690 5546 Cen.
1727 5506 1806 5556 tu,
1844 5494 1894 5546 Ι.
1972 5496 1990 5525 ³

2093 5497 2178 5549 rid.
2212 5498 2299 5553 15.
2363 5501 2407 5534 ³⁸
2438 5499 2584 5557 Psal.
2619 5516 2762 5567 thv.
2806 5503 2859 5557 7.
2946 5504 2989 5537 “
3030 5503 3192 5562 Hebr.
3227 5520 3300 5575 tv,
3337 5504 3421 5565 12.

742 5630 750 5638 .
1686 5600 1917 5657 νΑιιιλΕ
1960 5604 2364 5665 LECTIONES.

470 5690 494 5727 ο
520 5677 606 5741 τσ.
637 5677 776 5741 ἀντί.
861 5682 878 5721 ί
910 5687 968 5740 λ.
1014 5686 1097 5739 ἴσ.
1128 5687 1330 5763 μέτρῳ.
1413 5694 1438 5731 ⁸
1469 5692 1553 5749 ἴσ.
1589 5695 1739 5765 τειρή
1777 5708 1889 5748 σου.
1940 5695 1964 5733 ιι
1990 5716 2077 5768 πρ.
2104 5700 2305 5758 ἀνέλει.
