4022 6210
419 224 568 294 2233
1326 275 1354 291 .

1544 250 2087 312 COMMENTARII
2134 253 2215 314 [Ν
2249 254 2518 315 ISAIAM
3534 257 3677 323 223i

420 349 507 443 μη
536 347 596 443 δν
622 349 875 443 άναλύων
928 352 1027 425 τὴν
1062 355 1317 428 ὓπαρξιν,
1348 362 1409 414 οὐ
1447 363 1502 416 δὲ
1527 365 1634 435 γάρ
1673 365 1783 430 τῆς
1814 364 1986 434 ὀργῆς

2099 367 2319 423 acutius
2372 368 2737 439 significatur,
2782 373 2928 442 quod
2982 380 3245 443 tanquam
3297 373 3676 432 adversarium

419 439 510 492 τοῦ
531 439 666 494 Θεοῦ
696 444 1044 511 καταξιοῦται
1069 451 1418 524 παιδευτικῆς
1437 452 1604 525 οῦσης
1633 459 1724 509 καὶ
1748 458 2001 527 ἐπιστρε-

419 534 639 602 πτικῆς,
681 535 810 606 περὶ
861 532 929 608 ἧς
986 540 1160 610 φησί’
1198 560 1216 593 ι
1262 544 1456 614 Κύριε,
1495 547 1570 617 μὴ
1604 547 1681 618 τῷ
1717 547 1877 619 θυμῷ
1905 566 1998 601 σου

418 622 643 695 ἐλέγξῃς
672 641 763 695 με,
821 629 896 698 μὴ
959 629 1015 683 δὲ
1047 634 1110 703 τῇ
1145 635 1281 706 ὀργῇ
1313 653 1405 691 σου
1434 639 1729 711 παιδεύσῃς
1755 657 1843 709 με.
1878 659 1899 692 ι
1927 641 2000 695 Τὸ

420 713 522 782 μὲν
551 715 661 787 γάρ
688 717 1022 787 ἐλεγκτικὸν,
1057 724 1116 777 τὸ
1154 724 1210 779 δὲ
1269 729 1633 784 παιδευτικόν.
1680 733 1859 805 "Amp
1901 734 1998 803 ἁρ-

419 809 607 879 μόττει
658 814 771 876 τοῖς
798 815 1179 888 ἡμαρτηκόσιν
1228 821 1439 892 ἰάσιμα,
1492 825 1609 878 ἀλλ’
1639 827 1699 878 οὐ
1741 825 1823 892 τῷ
1849 827 1994 895 Δρά-

415 918 583 956 xoret
597 902 672 974 τῷ
696 903 1118 980 ὲξαφανισθῆναι
1138 912 1300 981 μόνον
1318 914 1606 983 ὀφείλοντι.
1638 919 1755 985 Τὴν
1772 918 1829 971 δὲ
1855 919 1996 970 ἐπα-

415 995 693 1069 γομένην
744 998 1079 1071 θεασάμενος
1129 1003 1432 1075 μάχαιραν
1492 1010 1806 1080 χωρήσεται
1861 1011 1997 1080 πρὶς

413 1087 637 1155 φυγὴν,
674 1087 740 1142 δι’
774 1089 1089 1162 ἀφροσύνην
1121 1094 1303 1159 λέγειν
1336 1097 1435 1167 οὐχ
1467 1092 1579 1161 οἷός
1612 1115 1670 1151 τε
1704 1097 1800 1164 ὢν,
1839 1118 1856 1149 ι
1885 1098 1993 1151 Ποῦ

415 1178 674 1248 πορευθῶ
706 1181 816 1234 ἀπὸ
837 1183 931 1235 τοῦ
962 1186 1276 1254 πνεύματός
1307 1204 1423 1252 σου,
1444 1188 1541 1240 καὶ
1567 1188 1674 1242 άπὸ
1700 1188 1793 1241 τοῦ
1830 1205 1997 1257 προσ-

412 1269 568 1323 ώπου
628 1288 719 1325 σου
753 1274 858 1327 ποῦ
893 1276 1091 1344 φύγω;
1133 1297 1151 1329 ι
1182 1266 1511 1348 Πειράσεται
1554 1281 1605 1347 ,δ’
1627 1278 1718 1335 οὖν
1762 1284 1841 1343 εἰς
1870 1283 1996 1345 τοὺς

417 1360 583 1424 ιδίους
609 1363 936 1432 ἀποφεύγων
967 1368 1178 1438 ίουχους
1202 1368 1265 1440 [Ῐ.
1288 1371 1549 1443 ἰωχμοὺς]
1578 1373 1591 1412 i
1620 1372 1997 1438 κατακρύπτε-

415 1450 539 1503 σθαι
571 1454 636 1523 τῇ
669 1454 992 1527 καλουμένῃ.
1034 1458 1299 1534 θαλάσσῃ,
1338 1464 1397 1515 ὲν
1528 1464 1743 1533 είρηται
1780 1464 1994 1534 δράκων

414 1536 586 1607 οὗτος,
618 1564 636 1596 ι
671 1545 730 1598 δν
753 1546 995 1613 ἔπλασας
1020 1590 1034 1615 ,
1066 1551 1362 1615 ἐμπαίζειν
1391 1553 1561 1625 αὐτῷ.
1592 1574 1610 1606 ι
1644 1555 1779 1624 Περὶ
1804 1548 1864 1609 οὗ
1889 1571 1993 1625 φη-

418 1651 503 1689 σιν
562 1635 683 1690 Ίώϐ
718 1654 731 1669 ’
790 1657 811 1690 ο
867 1638 1051 1705 ’Δξεις
1108 1643 1164 1695 δὲ
1229 1643 1499 1714 δράκοντα
1572 1646 1632 1698 ἐν
1689 1646 1987 1716 ἀγκίστρῳ.

2101 459 2381 512 draconem
2406 460 2694 530 impetens,
2717 462 2892 533 ipsutn
2920 466 3095 519 deleta
3130 481 3358 536 prorsus
3386 478 3442 524 et
3465 470 3519 524 in
3540 471 3678 525 nihi-

2102 552 2212 605 lum
2270 553 2488 608 redacta
2544 556 2666 623 ejus
2714 557 3050 611 subsistendi
3106 561 3352 625 ratione,
3401 563 3670 617 occisurus

2099 656 2202 701 est.
2231 644 2416 716 Neque
2451 648 2596 702 enim
2633 649 2717 701 ira
2755 648 2870 709 Dei,
2908 665 3029 718 qua:
3070 651 3136 703 ad
3183 654 3585 721 correptionem
3618 662 3673 708 et

2099 739 2517 791 conversionem
2564 738 2845 792 inducitur
2883 739 2977 808 (de
3019 755 3123 809 qua
3171 742 3424 796 nimirum
3460 760 3474 797 :
3513 761 3533 795 ‹
3571 743 3675 799 Do-

2102 827 2360 890 mine,ne
2411 829 2465 881 in
2523 828 2709 882 furore
2757 839 2851 883 tuo
2900 844 3100 900 arguas
3139 846 3247 895 tne,
3281 846 3459 902 neque
3496 848 3551 887 tn
3591 837 3670 886 ira

2100 924 2193 971 tua
2243 917 2512 986 corripias
2560 935 2645 975 me
2678 919 2744 985 ⁸⁸,
2791 938 2809 970 ι
2866 917 3123 987 habetur)
3171 920 3371 988 dignus
3419 933 3520 976 est.
3574 922 3673 977 Est

2101 1020 2335 1075 namque
2379 1007 2446 1060 ad
2497 1008 2835 1076 arguendum
2872 1007 2996 1074 alia,
3033 1008 3138 1061 alia
3179 1010 3343 1063 etiam
3385 1012 3451 1064 ad
3496 1014 3673 1065 corri-

2101 1096 2358 1165 piendum
2410 1108 2729 1168 comparata
2757 1098 2839 1164 ³⁶;
2891 1114 3122 1168 quorum
3168 1099 3236 1155 iis
3270 1111 3479 1154 tantum
3521 1110 3673 1155 utra-

2098 1204 2238 1256 que,
2289 1189 2382 1257 qui
2436 1189 2645 1257 peccati
2705 1190 2970 1245 medelam
3033 1192 3237 1256 ierunt,
3277 1208 3389 1246 non
3446 1193 3675 1261 serpenti

2097 1280 2370 1349 congruit,
2401 1280 2493 1350 qui
2531 1288 2741 1334 tantum
2792 1281 2962 1335 deleri
3009 1289 3062 1337 ct
3111 1283 3262 1351 perdi
3308 1283 3517 1337 metuit.
3560 1282 3673 1336 Ιιιιο

2095 1367 2340 1420 eductum
2384 1367 2437 1421 in
2474 1384 2534 1425 se
2570 1368 2811 1438 gladium
2873 1370 3108 1425 intuitus
3155 1372 3208 1424 in
3254 1372 3437 1442 fugam
3486 1373 3671 1426 statim

2094 1465 2485 1524 convertetur,
2552 1459 2777 1515 minime
2838 1470 3063 1530 propter
3122 1464 3434 1516 vecordiam
3488 1462 3672 1517 dicere

2095 1564 2266 1605 ausus
2296 1566 2310 1603 :
2351 1568 2369 1599 ι
2405 1548 2525 1615 Quo
2555 1550 2646 1605 ibo
2671 1566 2701 1603 a
2735 1552 2931 1621 spiritu
2965 1562 3079 1614 tuo,
3112 1562 3165 1606 et
3196 1569 3306 1623 quo
3336 1569 3364 1607 a
3402 1554 3541 1609 facie
3580 1564 3671 1606 tua

2097 1642 2296 1711 fugiam
2332 1641 2410 1695 "‘2
2444 1659 2463 1693 ι
2515 1640 2822 1697 Conabitur
2861 1658 2993 1713 ergo
3023 1644 3090 1697 ad
3126 1646 3339 1714 agmina
3389 1663 3487 1700 sua
3536 1661 3670 1700 con-

414 1725 524 1779 Καὶ
565 1726 689 1796 μεθ’
719 1728 913 1799 ἕτερα·
947 1730 1118 1783 Τοῦτό
1143 1734 1291 1785 ἐστιν
1334 1733 1474 1804 ἀρχὴ
1505 1733 1823 1804 πλάσματος

2095 1733 2309 1802 fugiens
2359 1733 2497 1787 mari
2546 1747 2670 1789 sese
2719 1734 3017 1800 occultare,
3069 1736 3121 1789 in
3164 1752 3277 1806 quo
3314 1736 3517 1791 dicitur
3548 1750 3670 1791 esse

413 1816 532 1886 ρίου
580 1820 950 1890 πεποιημένον
1014 1822 1523 1891 ἐγκαταπαίζεσθαι
1586 1824 1691 1877 ὑπὸ
1732 1824 1842 1877 τῶν
1893 1827 1990 1894 ἀγ-

410 1908 584 1975 γέλων
614 1910 802 1967 αὑτοῦ.
842 1932 860 1965 ι
890 1913 1000 1967 Καὶ
1069 1915 1254 1969 πάλινο
1298 1934 1315 1967 r
1360 1916 1534 1979 Αὐτός
1582 1917 1699 1969 ἐστι
1736 1917 1989 1986 βασιλεὺς

411 1999 629 2055 πάντων
674 2002 787 2056 τῶν
828 2006 886 2057 ὲν
922 2008 1035 2065 τοῖς
1092 2004 1302 2065 ὕδασιν.
1346 2027 1364 2059 ι
1389 2008 1643 2060 Διδάσκει
1695 2009 1753 2061 δὲ
1796 2009 1986 2062 τούτου

408 2092 570 2163 χάριν
606 2095 755 2166 αύτῷ
783 2098 1236 2169 συγκεχωρῆσθαι
1270 2101 1331 2152 τὸ
1356 2100 1474 2170 ζῇν,
1504 2102 1596 2155 ἐπὶ
1625 2100 1701 2170 τῷ
1728 2101 1863 2170 προς
1881 2101 1986 2154 τῶν

406 2185 578 2252 ἁγίων
603 2187 1100 2254 ἐγκαταπαίζεσθαι
1146 2190 1573 2259 γυμναζομένων
1623 2194 1688 2261 τῇ
1722 2192 1858 2260 πρὸς
1887 2192 1986 2244 αὖε

406 2275 499 2327 τὸν
528 2275 689 2346 πάλῃ.
724 2276 1036 2346 Λελυμένου
1086 2279 1143 2332 δὲ
1174 2279 1267 2331 τοῦ
1302 2278 1533 2346 ἀγῶνος,
1560 2280 1655 2332 καὶ
1693 2280 1799 2332 τῶν
1826 2281 1982 2350 ἀμοι-

406 2365 519 2418 ϐῶν
548 2368 760 2438 ἑκάστῳ
816 2370 1039 2433 δικαίως
1093 2370 1485 2441 παρεχομένων
1528 2370 1663 2440 μετὰ
1707 2371 1804 2441 τὴν
1844 2371 1986 2423 κατὰ

404 2456 514 2510 τῶν
559 2460 774 2513 ἀσεϐῶν
808 2462 1009 2531 κρίσιν,
1065 2462 1102 2529 ἠ
1141 2461 1402 2531 μάχαιρα
1448 2461 1854 2530 ἐπαχθήσεται
1886 2461 1983 2513 ἐπὶ

406 2547 515 2601 15)-
551 2548 847 2617 δράκοντα
885 2551 1023 2620 ὄφιν
1063 2552 1382 2620 φεύγοντα,
1422 2549 1518 2603 ἐπὶ
1549 2550 1654 2603 τὸν
1691 2549 1985 2617 δράκοντα

406 2639 547 2707 ὄφιν
564 2644 836 2697 σκολιόν.
855 2642 941 2706 Ὠς
963 2642 1017 2722 δε
1041 2643 1358 2713 Σύμμαχος,
1384 2642 1533 2696 κατὰ
1555 2643 1854 2695 Λευϊιιθὰν
1880 2641 1984 2694 τοῦ

405 2730 596 2801 ὄφεως
617 2734 724 2788 τοῦ
761 2736 1037 2800 σκολιοῦ,
1077 2735 1175 2790 καί
1200 2734 1523 2790 ἀποκτενεῖ
1549 2735 1655 2786 τὸν
1689 2732 1985 2801 δράκοντα

403 2826 512 2878 τὸν
563 2826 635 2881 ἐν
669 2827 744 2895 τῇ
787 2808 1070 2898 θαλάσσῃ
1114 2829 1178 2883 ἐν
1202 2827 1276 2896 τῇ
1316 2826 1507 2897 ἡμέρᾳ
1531 2826 1755 2893 ἐκείνῃ.
1803 2826 1890 2889 Ὠς
1928 2825 1984 2880 δὲ

417 2918 668 2983 Ἀκύλας,
694 2903 1124 2976 ἑπίΛευταθὰν
1152 2921 1292 2989 ὅφιν
1322 2919 1728 2989 ἐσκιρωμένον
1756 2918 1793 2985 ἢ
1825 2919 1985 2971 ἐπει-

395 3010 671 3079 ρωμένον
688 3010 751 3084 [Γ.
772 2997 1232 3085 ὲέκιρῤωμένονῆ
1260 3014 1642 3085 ὲπερῤωμένον
1658 3012 1690 3084 |.
1715 3014 1809 3066 καὶ
1832 3013 1983 3066 ἀπο-

2093 1826 2258 1876 draco
2302 1822 2417 1884 ille,
2460 1839 2479 1872 ι
2518 1837 2679 1890 quem
2741 1823 2987 1877 formasti
3037 1823 3106 1877 ad
3164 1825 3503 1880 illudendum
3539 1826 3603 1878 ³⁸.
3643 1844 3662 1878 ι

2095 1911 2166 1964 De
2192 1926 2300 1982 quo
2322 1920 2375 1965 et
2401 1908 2522 1966 Jobi
2551 1911 2642 1965 illa
2668 1919 2798 1967 sunt
2820 1929 2834 1965 :
2864 1930 2882 1963 ι
2916 1913 3057 1980 Ages
3083 1922 3262 1968 autem
3280 1916 3575 1971 draconem
3610 1916 3664 1972 in

2092 2003 2281 2067 hamo;
2306 2021 2326 2053 ι
2360 2009 2414 2056 et
2453 2010 2672 2072 postea:
2700 2022 2718 2055 ι
2746 2002 2860 2058 lloc
2895 2012 2979 2059 est
3015 2005 3342 2075 principium
3378 2008 3669 2075 plasmatis

2092 2094 2329 2161 Domini,
2376 2095 2521 2164 quod
2574 2093 2778 2149 factum
2829 2103 2938 2161 est,
2980 2104 3037 2149 ut
3068 2097 3246 2151 cidem
3296 2097 3557 2151 illudatur
3597 2098 3667 2152 ab

2089 2187 2300 2255 angulis
2350 2186 2457 2240 tuis
2498 2186 2564 2241 ’9.
2608 2204 2627 2237 ι
2669 2186 2733 2239 Et
2783 2202 2975 2242 rursus
3008 2203 3026 2239 :
3067 2206 3087 2239 ς
3129 2188 3246 2255 Ipse
3291 2196 3375 2242 est
3417 2205 3508 2242 rex
3547 2203 3666 2241 om-

2089 2277 2238 2329 nium
2301 2292 2424 2345 qute
2477 2285 2605 2330 sunt
2661 2277 2713 2329 in
2770 2278 2927 2346 aquis
2963 2278 3030 2330 ⁵ο.
3072 2298 3090 2328 ι
3147 2278 3308 2333 Docet
3360 2288 3538 2331 autem
3584 2278 3664 2332 illi

2090 2369 2210 2421 idco
2251 2369 2415 2421 vitam
2467 2368 2761 2437 indulgeri,
2797 2379 2855 2423 nt
2884 2371 3059 2423 sancti
3102 2370 3267 2439 339
3313 2371 3491 2424 eidem
3534 2370 3661 2423 illn-

2088 2460 2317 2518 dentes,
2368 2475 2429 2512 ca
2475 2474 2534 2512 se
2578 2458 2843 2512 adversus
2892 2459 3069 2527 ipsum
3124 2475 3300 2529 pugna
3347 2466 3660 2513 exerceant.

2089 2550 2193 2607 Sed
2242 2552 2397 2606 ﬁnito
2435 2553 2651 2606 tandem
2698 2554 3018 2615 certamine,
3054 2570 3173 2607 cum
3222 2554 3329 2607 lata
3375 2556 3427 2608 in
3470 2554 3664 2623 impios
3698 2582 3727 2623 η,

2088 2643 2379 2705 sententia,
2431 2643 2662 2711 singulis
2709 2640 2875 2697 fuerit
2925 2661 3024 2713 pro
3077 2645 3400 2698 meritorum
3452 2647 3665 2711 ratione

2085 2734 2231 2804 quod
2262 2735 2470 2803 justum
2501 2743 2585 2789 est
2621 2735 2921 2804 repositum
2956 2753 2970 2788 :
3004 2733 3226 2790 Gladius
3261 2737 3538 2790 inducetur
3569 2753 3663 2790 su-

2087 2844 2178 2894 per
2215 2826 2497 2880 draconem
2540 2825 2814 2879 colubrum
2850 2828 3156 2895 fugientem,
3195 2844 3351 2896 super
3382 2827 3661 2881 draconem

2088 2918 2364 2971 colubrum
2407 2926 2729 2970 tortuosum.
2756 2916 2908 2981 Quod
2950 2915 3312 2987 Symmachus
3340 2917 3664 2984 interpreta-

2089 3016 2178 3062 tus
2207 3015 2311 3067 est,
2338 3005 2586 3060 adversus
2614 3004 2904 3060 Leviatlmn
2938 3017 3228 3076 serpentem
3259 3008 3571 3070 sinuosum;
3613 3014 3664 3058 et

404 3104 603 3158 κτενεῖ
648 3104 769 3159 σὺν
819 3106 886 3160 τὸ
939 3105 1124 3176 κῆτος
1168 3108 1232 3162 τὸ
1274 3108 1343 3161 ἐν
1383 3105 1456 3176 τῇ
1495 3106 1779 3173 θαλάσσῃ
1816 3103 1885 3157 ἐν
1907 3101 1979 3171 τῇ

2089 3096 2363 3163 interﬁciet
2415 3096 2721 3158 draconem,
2769 3097 2859 3164 qui
2905 3108 2979 3150 cst
3031 3098 3083 3147 in
3123 3098 3281 3162 mari,
3314 3097 3367 3150 in
3416 3097 3501 3149 die
3542 3097 3661 3149 illa.

403 3198 591 3266 ἡμέρᾳ
617 3198 842 3268 ἐκείνῃ.

488 3460 572 3525 Ὠς
600 3461 657 3516 δὲ
688 3462 879 3535 κύριον
899 3463 1070 3533 ὄνομα
1098 3463 1158 3517 τὸ
1180 3466 1481 3520 Λευταθὰν
1508 3463 1808 3536 πανταχοῦ,
1836 3467 1979 3519 κατὰ

401 3552 463 3607 τὸ
501 3552 808 3625 Ἐὄραϊκὺν,
838 3552 1183 3623 ὀνομάζεται.
1214 3553 1334 3609 Κᾶν
1362 3553 1440 3624 τῷ
1464 3553 1595 3623 γάρ,
1628 3574 1646 3605 ‹
1678 3554 1736 3606 Ὀ
1767 3554 1977 3623 μέλλων

398 3644 462 3698 τὸ
496 3645 636 3716 μέγα
663 3646 825 3716 κῆτος
857 3644 1186 3717 χειροῦσθαι,
1223 3665 1240 3697 ι
1279 3645 1552 3699 Λευῖαθὰν
1587 3644 1823 3716 εἴρηται.
1864 3645 1977 3698 Καὶ

402 3738 458 3794 ὲν
486 3737 584 3807 τῷ,
621 3757 639 3786 ι
670 3738 896 3807 Δράκων
941 3731 1114 3801 οὗτος.
1148 3757 1166 3789 ι
1196 3739 1303 3791 Καὶ
1351 3739 1410 3790 ὲν
1443 3736 1523 3806 τῷ
1558 3754 1578 3784 r
1621 3734 1804 3800 ’Λξεις
1841 3736 1975 3806 δρά-

403 3844 565 3881 κοντα
590 3832 648 3886 ὲν
670 3830 971 3902 ἀγκίστρῳ.
1020 3848 1041 3882 ι
1080 3829 1440 3900 Πολυώνυμος
1479 3828 1536 3882 δέ
1571 3829 1741 3891 ἐστιν,
1773 3828 1847 3891 ὡς
1877 3845 1976 3882 πο-

400 3914 725 3987 λυκέφαλος.
751 3918 1000 3988 Δράκων,
1030 3921 1123 3972 καὶ
1136 3918 1281 3987 δφις,
1302 3918 1397 3973 καὶ
1421 3916 1688 3981 διάϐολος,
1708 3916 1874 3986 κῆτός
1892 3933 1973 3982 τε,

402 4005 495 4058 καὶ
511 4006 777 4070 Σατανᾶς,
805 4007 899 4063 καὶ
915 4006 1211 4071 Λευῖαθάν,
1238 4008 1332 4060 καὶ
1358 4007 1517 4071 λέων,
1542 4006 1634 4061 καὶ
1665 4005 1977 4077 βασιλίσκος

398 4085 749 4166 ὀνομάζεται.
789 4098 911 4151 Ἐπὶ
942 4099 998 4151 δὲ
1023 4099 1124 4168 τῆς
1147 4097 1372 4170 πρώτης
1402 4099 1431 4152 ὁ
1464 4097 1655 4168 Σωτὴρ
1672 4098 1976 4168 παρουσίας

398 4187 498 4241 οὐκ
528 4188 801 4259 ἐχρήσατο
836 4188 995 4254 αὐτῷ
1029 4190 1107 4255 ὠς
1146 4190 1411 4259 μαχαίρᾳ
1455 4187 1503 4253 i,
1556 4189 1676 4243 οὐδὲ
1735 4189 1979 4245 ἀνεῖλεν

397 4278 581 4345 αὑτὸν,
617 4279 789 4349 ἐπέϐη
820 4279 876 4338 δὲ
914 4280 1075 4350 μόνον
1122 4280 1289 4350 αὐτῷ,
1327 4282 1421 4334 καὶ
1455 4281 1553 4344 τάς
1584 4280 1846 4352 δυνάμεις
1879 4282 1978 4335 αύ-

396 4370 489 4427 τοῦ
520 4371 920 4442 κατεπάτησεν.
950 4372 1091 4443 Πρὸς
1119 4372 1178 4426 ὃν
1200 4373 1417 4444 εἴρηται
1435 4389 1448 4403 υ
1475 4373 1634 4427 «Ἐπὶ
1662 4373 1864 4428 ἀσπίδα
1883 4375 1977 4429 κα)⁸

2091 3191 2316 3258 Aquitas
2351 3197 2531 3242 autem
2572 3207 2586 3243 ι
2623 3188 2791 3257 Super
2833 3189 3120 3243 Leviatlaau
3156 3201 3443 3257 serpentem
3505 3206 3662 3256 squa-

2084 3282 2251 3336 lidum
2314 3292 2404 3334 aut
2461 3280 2775 3348 invalidum,
2831 3292 2881 3335 et
2926 3282 3123 3335 occidet
3195 3290 3385 3347 cetum,
3428 3283 3549 3351 qui-
3584 3288 3663 3334 est

2085 3378 2140 3431 in
2176 3376 2313 3430 mari
2346 3377 2401 3429 in
2432 3375 2531 3429 illa
2557 3375 2662 3430 die.

2096 3478 2101 3483 ‘
2152 3462 2384 3521 Notabis
2449 3474 2631 3520 autem
2695 3464 2898 3533 ubique
2963 3463 3267 3519 secundum
3336 3460 3661 3518 llebraicam

2083 3558 2400 3622 lectionem,
2439 3565 2700 3626 tanquam
2757 3555 3055 3625 prOprium'
3101 3567 3324 3618 nomen,
3367 3552 3661 3608 Levior/mu

2084 3649 2332 3717 reperiri.
2364 3647 2499 3702 Nam
2529 3655 2583 3701 et
2609 3661 2718 3716 quo
2749 3645 2872 3699 loco
2903 3644 3135 3699 habetur
3163 3662 3176 3698 ε
3211 3663 3230 3696 ι
3264 3642 3366 3710 Qui
3403 3660 3659 3714 magnum

2080 3751 2261 3795 celum
2314 3736 2576 3807 capturus
2619 3734 3069 3801 est,iLeviathan
3122 3736 3385 3790 scribitur
3414 3734 3480 3787 δι.
3594 3733 3662 3788 Et

2078 3830 2182 3885 isto
2220 3846 2234 3882 :
2272 3847 2290 3880 ι
2330 3829 2511 3883 Draco
2537 3829 2627 3882 ille
2659 3825 2730 3891 δ’,
2769 3844 2789 3877 ι
2827 3834 2935 3880 ctc.
2973 3823 3039 3877 Et
3077 3825 3185 3879 isto
3216 3825 3380 3880 etiam
3416 3839 3431 3878 :
3466 3844 3484 3876 ι
3517 3824 3660 3895 Ages

2075 3920 2367 3974 draconem
2419 3920 2472 3972 in
2522 3918 2682 3971 hamo
2708 3915 2777 3969 “.
2826 3913 3001 3968 [labet
3034 3926 3192 3976 vero,
3225 3922 3282 3966 ut
3328 3914 3532 3987 capita,
3577 3914 3658 3968 sic

2076 4012 2301 4067 nomina
2348 4009 2639 4081 permulta.
2674 4006 2939 4076 Reperias
2985 4004 3129 4058 cnim
3167 4009 3223 4056 et
3254 4000 3573 4065 draconem,
3602 4007 3658 4054 et

2076 4110 2411 4174 serpentem,
2447 4109 2502 4156 et
2531 4098 2832 4161 diabolum,
2873 4104 2927 4152 et
2962 4103 3164 4159 cctmn,
3198 4104 3250 4149 et
3285 4092 3565 4155 Satanam,
3601 4099 3657 4146 et

2078 4194 2397 4256 Leviatlian,
2438 4198 2493 4246 et
2536 4184 2749 4245 leonem
2777 4185 2844 4252 "‘,
2872 4195 2928 4242 et
2960 4182 3565 4253 basiliscmnappellari
3586 4182 3652 4235 ⁸⁸.

2077 4286 2262 4355 Neque
2312 4300 2443 4339 vero
2494 4299 2592 4337 suo
2643 4282 2697 4335 in
2746 4295 2871 4334 cum
2915 4278 2991 4333 uti
3044 4277 3226 4348 gladio
3267 4285 3321 4330 et
3361 4274 3656 4344 interﬁcere

2075 4379 2243 4450 priori
2277 4378 2511 4432 adventu
2542 4374 2795 4429 Salvator
2820 4371 3018 4437 voluit,
3050 4368 3147 4426 sed
3176 4368 3381 4424 adoriri
3413 4376 3650 4429 tantum,

399 4461 711 4531 βασιλίσκον
741 4462 1001 4534 ὲπιδήσῃ,
1055 4463 1149 4516 καὶ
1177 4465 1585 4534 καταπατήσεις
1627 4464 1837 4529 λέοντα,
1879 4464 1976 4520 καὶ

2089 4471 2301 4541 ιίιιείιυο
2339 4470 2482 4524 vires
2517 4458 2818 4535 infringere
2865 4474 2921 4519 et
2971 4463 3322 4526 conculcare,
3353 4460 3446 4530 qui
3490 4474 3655 4529 super

395 4554 685 4625 δράκοντα.
712 4572 731 4605 ι
772 4555 882 4613 Καὶ
906 4554 1001 4607 νῦν
1037 4553 1094 4608 δὲ
1120 4553 1280 4611 αὐτὸν
1312 4553 1690 4619 πατεῖ,διδοὺς
1716 4558 1829 4617 τοῖς
1859 4572 1965 4625 μα·

2089 4562 2314 4631 tspidem
2362 4569 2417 4615 et
2459 4559 2779 4614 basiliscum
2826 4554 3184 4619 ambulandi,
3227 4553 3553 4620 leonemque
3597 4558 3654 4604 et

396 4643 587 4715 θηταῖς
643 4647 837 4698 πατεῖν
881 4646 1065 4701 ἐπάνω
1092 4645 1270 4715 ὄφεων
1323 4644 1419 4699 καὶ
1450 4644 1747 4716 σκορπίων.
1792 4646 1870 4715 Τῇ
1917 4645 1975 4700 δὲ

2089 4655 2369 4709 iraconem
2423 4648 2787 4704 conculcandi
2839 4655 3166 4717 potestatem
3234 4645 3495 4708 haberet,
3545 4657 3652 4712 qua

398 4736 676 4809 συντελείᾳ
707 4737 988 4802 παντελῶς
1015 4738 1179 4795 αὐτὸν
1224 4738 1447 4793 ἀνελεῖ.
1464 4737 1763 4795 Κάνταῦθα
1792 4742 1820 4793 ὁ
1843 4738 1973 4810 περὶ

2089 4743 2237 4798 :tiam
2267 4740 2569 4810 discipulos
2598 4739 2698 4803 uti,
2727 4738 2784 4792 in
2823 4747 3218 4808 serpentesque
3246 4744 3301 4790 et
3331 4734 3652 4804 scorpiones

396 4827 804 4900 τῆςκαθολικῆς
835 4828 932 4883 τοῦ
972 4829 1109 4884 Θεοῦ
1162 4829 1398 4902 κρίσεως
1455 4830 1858 4901 περιγράφεται
1886 4830 1973 4883 λό-

2089 4832 2351 4889 imbulare
2384 4829 2633 4886 videmus
2660 4830 2727 4885 “.
2774 4828 2882 4885 Sed
2929 4830 3207 4894 inter/iciet
3243 4827 3463 4882 tandem
3499 4827 3650 4894 peni—

397 4935 513 4990 τος.
546 4918 765 4990 Ἐτεροι
827 4905 886 4973 δὲ
935 4938 1121 4989 φασιν,
1151 4920 1228 4985 ὡς
1280 4923 1393 4985 τοῖς
1426 4920 1591 4975 αὑτοῦ
1620 4920 1828 4984 τέκνοις
1859 4923 1971 4984 τοῖς

2089 4940 2181 4988 ιιε,
2217 4924 2272 4978 in
2321 4925 2437 4994 ipsa
2487 4921 2675 4976 mundi
2726 4922 3223 4984 consummatione,
3262 4932 3372 4986 quo
3407 4923 3653 4981 tcmpmo

397 5011 753 5067 ἀποκτείνασι
783 5014 912 5077 τοὺς
934 5013 1127 5082 ἁγίους
1157 5013 1437 5069 συνανελεῖ
1470 5014 1565 5067 καὶ
1588 5013 1680 5067 τὸν
1698 5012 1965 5078 Σατανᾶν,

2089 5015 2321 5070 omnium
2371 5013 2613 5067 futurum
2662 5020 2749 5068 est
2796 5011 3107 5081 judicium,
3162 5009 3323 5078 cujus
3378 5006 3464 5059 hic
3513 5003 3651 5054 ratio

392 5103 454 5155 δν
482 5103 578 5157 καὶ
602 5104 904 5175 φεύγοντα
959 5105 1049 5159 διὰ
1105 5103 1311 5158 δειλίαν
1339 5103 1516 5170 καλεῖ,
1552 5105 1648 5157 καὶ
1691 5103 1965 5168 σκολιὸν,

2093 5105 2426 5173 lescribitur.
2467 5103 2636 5157 Aiunt
2677 5112 2859 5156 autem
2905 5100 3155 5156 nonnulli
3215 5105 3424 5167 patrem
3467 5093 3646 5160 ipsum

395 5194 482 5249 δά
537 5197 898 5270 πανουργίαν.
966 5196 1116 5269 Πλὴν
1179 5197 1620 5270 ἀναιρεθήσεται.
1687 5196 1797 5251 Καὶ
1859 5196 1969 5268 γὰρ

2089 5193 2332 5249 Satanam
2367 5194 2528 5247 etiam
2574 5207 2700 5247 cum
2740 5191 2887 5257 tiliis,
2914 5192 3008 5261 qui
3040 5197 3264 5245 sanctos
3297 5186 3444 5241 viros
3479 5184 3648 5236 inter-

1170 5376 1213 5407 "
1254 5372 1297 5428 11
1335 5374 1477 5433 Tim.
1530 5390 1610 5433 In.
1651 5373 1738 5427 16.
1825 5374 1867 5405 ³⁷
1905 5374 1986 5427 Ps:

2125 5387 2390 5432 currui.
2432 5370 2483 5424 7.
2585 5368 2629 5399 ³⁸
2657 5367 2802 5423 Psal.
2842 5382 2933 5422 cut
2960 5409 2975 5431 ,
3014 5364 3107 5420 26.
3198 5364 3243 5397 ”
3276 5362 3380 5419 Job
3412 5376 3503 5425 ιι..
3543 5362 3637 5433 24.

1595 5419 1610 5442 ’
1657 5419 1748 5474 ’ἲὶ
1785 5419 1925 5497 ibid:
1948 5419 1986 5496 Ξ

2124 5419 2586 5513 exaggam.
2659 5419 3138 5504 “fr—satiata
3221 5434 3267 5469 “
3298 5433 3431 5493 Luc.
3465 5419 3517 5503 ί,
3552 5431 3630 5494 19.

1642 5535 1871 5591 VARUS
1912 5535 2314 5593 LECTIONES.

1243 5631 1255 5681 ἱ
1302 5632 1468 5686 αὐτοῦ
1493 5633 1557 5704 τῇ
1594 5629 1859 5701 μαχαίρᾳ.

485 5374 530 5407 ⁸⁸
566 5375 713 5435 Psal.
748 5390 932 5434 sum
954 5416 969 5441 ,
1003 5376 1059 5433 ἓ.

399 5441 440 5474 “’
460 5443 564 5502 Job
592 5461 700 5513 xu,
730 5446 823 5502 25.
890 5446 934 5478 δ’
968 5445 1069 5502 Job
1101 5460 1189 5511 χι,
1216 5444 1309 5500 20.
1385 5447 1428 5478 δ’
1460 5445 1591 5500 ibid.

474 5633 490 5674 ί
526 5632 613 5687 τσ.
638 5632 848 5704 λόχους,
880 5633 913 5701 ἦ
945 5633 1160 5696 τόπους.

3872 261 3890 292 Α
