4022 6210
1236 178 1243 181 ·
1274 178 1412 192 Mra-w-

420 227 561 292 22575

1720 194 2084 285 rnocoptt
2123 221 2373 284 GAZASI

3609 226 3755 293 2236

422 347 669 396 ιιιρυιιιηι
710 354 832 394 esse
871 339 1254 397 confecturum
1289 361 1304 400 :
1343 359 1505 415 quem
1548 345 1729 418 fugere
1768 345 2014 417 quidem,

2132 343 2467 415 ὶπρακτὴσει
2496 340 2701 398 λοιπόν.
2731 343 2950 398 Μᾶλλον
2980 344 3038 399 δὲ
3069 344 3193 410 τοὺς
3232 344 3347 414 τῆς
3383 343 3757 416 ἀνοσιότητος

421 444 916 503 promea-metum,
946 445 1001 493 et
1043 441 1321 493 sinuosum
1358 453 1506 507 esse,
1544 449 1767 512 propter
1798 441 2016 496 callidi-

426 535 588 581 tatem
644 527 814 596 dicit;
888 530 986 584 sed
1052 530 1333 586 interitum
1386 539 1568 588 tamen
1632 533 1841 588 evitare
1904 547 2014 587 non

423 635 607 689 posse.
644 618 906 676 Cessabit
938 620 1083 675 enim
1120 622 1336 677 tandem
1377 624 1679 693 aliquando
1708 624 1793 677 vel
1833 624 2016 693 potius

426 708 761 778 impuritatis
821 697 1174 777 postulatus,
1237 711 1568 781 supplicium
1624 711 1777 766 dabit
1834 721 2016 766 extre-

425 816 606 866 mum;
639 815 764 855 cum
796 800 997 856 inferni
1029 801 1293 859 claustris
1320 804 1618 860 conclusus
1645 802 1880 859 ﬂammis
1914 802 2020 856 (lue

426 890 745 946 carentibus
777 891 831 944 in
861 903 1184 961 perpetuum
1219 892 1568 949 ulcisceudus
1608 892 1877 948 tradetur.
1913 892 2015 944 Alii

428 983 619 1038 volunt
649 982 819 1054 gladii
849 984 1017 1038 verbo
1048 983 1233 1039 multa:
1262 984 1371 1040 vim
1408 985 1663 1055 intelligi,
1694 983 1860 1055 350
1888 999 2018 1037 sau-

429 1082 673 1143 clumque
704 1088 734 1127 a
771 1073 1037 1145 propheta
1077 1074 1384 1142 nominari;
1421 1077 1618 1146 partim
1651 1086 1710 1130 ut
1743 1076 2016 1131 minarum

429 1165 715 1222 horrorem
777 1168 1004 1231 molliat,
1038 1169 1238 1239 partim
1280 1178 1339 1224 ut
1386 1184 1495 1224 non
1553 1171 1832 1240 perituros
1876 1184 2018 1239 quos

433 1259 569 1313 ultio
613 1260 1007 1330 apprehendit;
1041 1262 1133 1317 sed
1158 1261 1225 1317 iis
1258 1262 1351 1332 qui
1425 1262 1778 1332 resipiscant,
1807 1261 2017 1316 sancti-

432 1351 630 1405 monia:
663 1366 888 1407 causam
934 1367 1055 1407 esse
1093 1353 1387 1407 allaturum
1430 1353 1796 1408 demonstret.
1830 1350 2020 1421 Neque

433 1442 578 1497 enim
628 1450 686 1496 ut
732 1442 948 1513 perdat,
980 1444 1213 1513 castigat
1261 1443 1555 1509 Dominus;
1597 1443 1693 1499 sed
1725 1454 1783 1498 ut
1823 1443 2023 1506 resipi-

435 1542 653 1589 scentcs
686 1543 878 1605 purget
922 1545 976 1590 et
1020 1535 1351 1590 sanctiﬁcet.
1388 1536 1644 1606 intelligit
1672 1545 1859 1589 autem
1891 1534 2021 1587 dra-

435 1626 579 1679 conis
612 1627 858 1691 nomine,
893 1627 977 1682 vel
1003 1627 1312 1697 Assyrium,
1340 1629 1431 1682 vel
1454 1626 1797 1683 Chaldwum.
1826 1624 2021 1697 Respi-

435 1718 512 1771 cit
561 1717 757 1773 deinde
807 1719 874 1774 ad
934 1721 1191 1789 nequitiae
1241 1728 1522 1788 parentem
1577 1718 2017 1788 diabolnquui

436 1817 560 1879 post
594 1810 791 1866 factam
817 1814 1064 1866 omnium
1093 1812 1650 1875 consummationem,
1685 1818 1807 1881 post
1832 1810 2019 1865 mundi

437 1903 673 1970 partium
707 1904 1009 1970 interitum,
1044 1920 1167 1974 qua:
1205 1918 1449 1959 errorem
1486 1905 1591 1974 ipsi
1628 1904 2022 1974 cupiditatem-

437 2011 546 2062 que
589 2036 602 2049 .
644 2035 657 2049 .
703 2036 718 2051 .
760 2032 778 2049 .
824 2036 839 2049 .
884 2037 898 2050 .
940 2036 954 2050 .
999 2033 1013 2049 .
1056 2035 1069 2050 .
1113 2034 1128 2049 .
1175 2038 1189 2051 .
1236 2033 1251 2050 .
1290 2035 1305 2053 .
1350 2034 1365 2048 .
1409 2038 1422 2049 .
1465 2011 1638 2050 meant
1672 2004 2018 2065 potestatem.

438 2084 546 2141 Sed
580 2087 710 2153 ista,
744 2088 840 2158 qui
887 2087 999 2144 Deo
1033 2088 1433 2153 adversantur,
1468 2097 1756 2158 usurpent.
1785 2087 1898 2142 Nos
1928 2104 2024 2142 au-

440 2185 574 2239 tem.
609 2188 668 2233 ut
698 2195 763 2234 ex
800 2180 906 2245 his,
949 2196 1073 2245 qua!
1110 2181 1258 2251 passi
1306 2188 1457 2244 sunt,
1501 2181 1805 2250 Sapialtttts,
1841 2195 2023 2249 pacem

439 2286 559 2324 cum
592 2288 652 2325 eo
681 2272 970 2341 faciamus.
1004 2272 1079 2328 De
1111 2274 1194 2330 his
1230 2275 1376 2329 enim
1412 2289 1526 2329 sua:
1560 2275 1731 2344 partis
1775 2274 2025 2330 homines

443 2365 567 2419 ideo
600 2366 866 2436 propheta
907 2367 1164 2422 admonet
1194 2368 1340 2438 quod
1382 2359 1577 2422 durum
1613 2368 1684 2424 sit
1730 2368 1783 2422 in
1822 2366 1914 2421 Dei
1943 2368 2026 2420 vi-

441 2458 619 2511 ventis
647 2473 842 2513 manus
868 2458 1130 2513 incidere.
1164 2459 1395 2525 Quinam
1428 2467 1610 2513 autem
1641 2461 1855 2515 venturi
1889 2461 2021 2527 sint,

441 2547 728 2611 indicavit,
767 2565 891 2603 cum
931 2552 1072 2619 ﬁlios
1107 2549 1274 2605 Iacob
1319 2567 1443 2607 esse
1475 2552 1887 2622 germinaluros,
1926 2567 2028 2606 cm-

440 2648 675 2711 teraque
706 2641 970 2713 deinceps
999 2643 1068 2710 ‘7,
1120 2644 1333 2709 intulit;
1366 2659 1474 2698 non
1510 2644 1765 2715 ambigue
1808 2630 2027 2713 aposto-

442 2730 609 2786 licum
643 2733 872 2788 chorum
902 2735 1242 2806 significans,
1282 2734 1351 2790 de
1384 2749 1495 2806 quo
1524 2736 1781 2806 superius
1814 2753 1827 2791 :
1860 2754 1879 2787 ι
1915 2735 2026 2791 Nisi

444 2820 714 2880 Dominus
757 2825 916 2881 nobis
951 2842 1139 2882 semen
1185 2827 1505 2901 reliquisset
1534 2826 1605 2891 ⁸⁸,
1645 2847 1667 2881 ι
1709 2836 2027 2897 usurparat.

444 2908 615 2967 Judaei
677 2912 820 2968 enim
869 2929 994 2969 cum
1052 2926 1275 2981 essent,
1325 2916 1468 2985 ﬁlios
1518 2913 1688 2969 Iacob
1744 2917 2030 2972 exstitisse

2118 435 2371 491 ἀποτίσει
2398 435 2617 504 λόγους,
2652 438 2844 505 ποινὴν
2888 437 3133 502 ὑποστὰς
3174 438 3295 510 τὴν
3341 437 3627 509 ἐσχάτην,
3660 441 3756 493 καὶ

2118 529 2243 592 ταῖς
2270 527 2399 599 ᾇδου
2427 526 2628 590 πύλαις
2687 527 2921 598 κάτοχος
2975 529 3247 599 γεγονὼς,
3299 529 3415 600 τῆς
3447 531 3537 593 εἰς
3574 529 3753 584 αἰῶνα

2119 619 2318 690 φλογὸς
2363 617 2724 689 ἀτελεύτητον
2779 619 3071 690 ὑπομένων
3096 619 3197 692 τὴν
3244 619 3524 675 κόλασιν.
3564 620 3751 677 ’Ἄλλοι

2117 714 2173 768 δὲ
2203 712 2481 781 λέγουσιν,
2546 713 2623 777 ὡς
2654 713 2960 783 μάχαιραν
3004 714 3249 769 ἐνταῦθα
3304 715 3420 786 τὴν
3461 714 3751 785 ἐνέργειαν

2117 805 2218 875 τῆς
2244 804 2401 876 δίκης
2423 803 2602 869 καλεῖ,
2662 804 2728 875 ἢν
2760 803 2939 873 ἁγίαν
2974 806 3163 874 φησὶν,
3208 805 3370 878 ὁμοῦ
3417 806 3527 876 μὲν
3568 822 3749 876 παρα-

2123 896 2465 966 μυθούμενος
2504 896 2565 951 τὸ
2599 896 2832 968 φοϐερὸν
2877 896 2978 967 τῆς
3029 895 3299 968 ἀπειλῆς,
3357 896 3515 968 ὁμοῦ
3558 898 3618 952 δὲ
3644 899 3751 952 δει-

2120 987 2274 1052 κνὺς,
2302 987 2377 1052 ὡς
2401 988 2505 1042 ούκ
2565 989 2646 1052 εἰς
2710 987 2989 1042 ἀπώλειαν
3010 989 3061 1042 οἱ
3097 988 3545 1061 τιμωρούμενοι
3574 1007 3749 1044 κατα-

2122 1077 2471 1149 στρέψωσιν,
2500 1067 2810 1152 ἁγιωσύνης
2839 1081 2897 1135 δὲ
2943 1084 3115 1136 αίτιον
3137 1083 3342 1145 αὐτοῖς
3379 1082 3551 1136 ἔσται
3580 1100 3749 1154 μετα-

2122 1170 2401 1241 νοήσασιν.
2432 1172 2541 1225 Καὶ
2574 1172 2679 1241 γὰρ
2706 1172 2809 1226 ούκ
2839 1173 3105 1227 ἀπολέσαι
3139 1173 3420 1244 βούλεται
3452 1172 3597 1238 Θεὸς
3627 1193 3748 1228 παις

2119 1260 2317 1326 δεύων,
2349 1260 2485 1316 ἀλλὰ
2534 1260 2777 1333 καθᾶραι
2820 1261 2919 1316 καὶ
2976 1262 3207 1329 ἁγιάσαι
3258 1261 3747 1333 ἐπιστρέψοντας.

2121 1354 2427 1423 Δράκοντα
2461 1352 2518 1406 δὲ
2547 1354 2641 1407 τὸν
2696 1352 2988 1424 Ασσύριον,
3021 1354 3053 1424 ἢ
3093 1352 3188 1408 τὸν
3233 1342 3538 1408 Χαλδαίαν
3573 1354 3745 1408 καλεῖ.

2122 1444 2236 1513 Τὴν
2261 1442 2319 1496 δὲ
2345 1440 2629 1512 ἀναφορὰν
2660 1442 2748 1496 ἐπ’
2773 1442 2939 1497 αὑτὸν
2994 1444 3231 1498 ποιεῖται
3260 1441 3369 1498 τὸν
3405 1443 3516 1512 τῆς
3547 1442 3747 1505 κακίας

2122 1535 2427 1606 γεννήτορα
2460 1534 2552 1588 τὸν
2570 1533 2839 1599 διάϐολον,
2860 1533 2917 1598 ὃς
2947 1535 3047 1605 τῆς
3076 1534 3399 1597 παντελοῦς
3424 1531 3745 1609 συντελείας

2125 1626 2535 1697 ὲπενεχθείσης.
2565 1625 2660 1679 καὶ
2684 1626 2796 1680 τῶν
2834 1626 2929 1681 τοῦ
2952 1627 3163 1697 κόσμου
3197 1625 3409 1698 μερῶν
3439 1625 3743 1696 παρελθόν-

2125 1736 2253 1783 των,
2283 1719 2321 1773 ἃ
2341 1717 2440 1789 τὴν
2472 1717 2684 1789 πλάνην
2737 1718 2887 1789 αὐτῷ
2946 1718 3041 1772 καὶ
3062 1719 3163 1790 τὴν
3190 1717 3617 1787 ὲπιθυμίαν....
3647 1716 3741 1785 τὴν

2124 1811 2148 1861 ὲ
2157 1810 2263 1881 μὴν
2288 1809 2539 1881 δύναμιν.
2589 1810 2729 1864 Ἀλλ’
2746 1811 2796 1863 oi
2823 1811 2922 1881 μὲν
2946 1809 3041 1864 τοῦ
3065 1809 3203 1864 Θεοῦ
3228 1809 3529 1880 πολέμιοι.
3552 1808 3739 1878 Ἡμεῖς

2124 1902 2203 1967 δὲ,
2228 1900 2305 1963 ὡς
2334 1901 2401 1955 ἂν
2436 1901 3011 1973 σωφρονισθέντεςάφ’
3032 1898 3109 1956 ὧν
3125 1903 3338 1956 ἐκεῖνοι
3357 1898 3734 1966 πεπόνθασιν,

2124 1991 2374 2063 εἰρήνην
2394 1993 2746 2061 ποιήσωμέιί⁸
2786 1993 2966 2059 αὐτῷ.
2997 1993 3185 2048 Ταῦτα
3219 1994 3341 2063 γὰρ
3376 1994 3407 2046 δ
3446 1992 3736 2063 προφήτης

2127 2089 2242 2149 τοῖς
2264 2085 2365 2157 τῆς
2406 2085 2544 2149 ίδίας
2565 2086 2788 2156 μερίδος
2813 2086 2967 2157 φησί·
2997 2105 3017 2140 ι
3050 2086 3314 2140 Χαλεπὸν
3348 2086 3468 2157 γὰρ
3493 2086 3737 2142 τὸὲμπε-

2127 2178 2240 2231 σεῖν
2265 2176 2347 2239 εἰς
2375 2176 2566 2245 χεῖρας
2594 2174 2733 2228 Θεοῦ
2764 2173 2987 2240 ζῶντος.
3021 2193 3040 2226 ι
3081 2175 3220 2229 Οἱδὲ
3257 2175 3567 2246 ἐρχόμενοι
3597 2173 3733 2232 τίνες

2126 2269 2264 2322 εἰσιν
2315 2268 2663 2340 ἐπενήνοχεν.
2717 2266 2905 2323 Τέκνα
2973 2268 3188 2324 Ἰακὼϐ
3215 2267 3618 2334 βλαστήσει,
3646 2264 3733 2317 καὶ

2127 2358 2257 2430 ἑξῆς
2276 2377 2292 2391 ·
2324 2358 2512 2428 σαφῶς
2537 2360 2630 2412 τὸν
2650 2359 2812 2430 χορὸν
2858 2358 2951 2415 τὸν
2990 2358 3369 2413 ἁποστολικδν
3425 2355 3728 2425 αἰνιττόμε-

2127 2469 2236 2517 νος.
2260 2453 2391 2523 περὶ
2417 2446 2479 2508 οὗ
2505 2452 2776 2523 πρότερον
2804 2451 2983 2518 ἔλεγεν
3020 2470 3040 2503 ι
3079 2451 3260 2506 Καὶεί
3288 2451 3370 2523 μὴ
3390 2450 3604 2520 Κύριος
3632 2448 3729 2499 Σα-

2129 2541 2278 2595 ϐαὼθ
2308 2541 2669 2610 ἐγκατέλιπεν
2697 2542 2830 2613 ἡμῖν
2859 2541 3102 2612 σπέρμα.
3141 2559 3160 2592 ι
3206 2541 3474 2594 Ἰουδαῖοι
3510 2538 3616 2609 γᾷρ
3641 2537 3723 2589 δν-

2128 2651 2238 2700 τες,
2264 2634 2447 2689 τέκνα
2481 2629 2626 2704 ἦσαν
2649 2635 2757 2688 τοῦ
2818 2633 3034 2690 Ἰακώϐ.
3080 2633 3439 2707 ἶΕξήσοησαν
3495 2631 3522 2671 Κ
3571 2630 3627 2682 δὲ
3670 2626 3726 2680 ού

2131 2726 2286 2794 ξύλα,
2312 2726 2526 2799 χόρτον,
2564 2727 2839 2798 καλάμην,
2887 2727 3169 2791 βλαστὸν
3226 2725 3292 2779 δὲ
3341 2723 3593 2793 ἀγαθὸν,
3636 2719 3724 2772 καὶ

2129 2820 2316 2887 ἄνθος
2336 2818 2559 2886 εὑῶδες
2574 2820 2754 2874 πᾶσαν
2780 2818 2886 2890 γῆν
2922 2820 3023 2889 τῆς
3053 2815 3292 2880 εὐωδίας
3315 2814 3724 2885 πληρώσαντες.

2130 2912 2325 2974 Αύτοῖς
2353 2904 2470 2977 οὖν,
2494 2910 2589 2965 καὶ
2618 2912 2732 2974 τοῖς
2752 2908 2937 2964 αὐτῶν
2955 2909 3259 2979 φοιτηταῖς,
3299 2906 3364 2961 τὸ
3384 2904 3723 2974 ποιήσωμεν

446 3004 656 3059 clarum
683 3014 789 3061 est.
817 3003 1111 3063 Ediderunt
1144 3015 1327 3063 autem
1351 3024 1458 3063 non
1487 3009 1651 3079 ligna,
1676 3018 1785 3063 non
1817 3007 2026 3072 fenum,

2133 3004 2387 3073 εἰρήνην
2411 3002 2593 3068 αὐτῷ,
2615 3001 2903 3074 παραινῶν
2929 3005 3096 3071 φησὶν
3122 3002 3488 3071 δπροφήτης.
3539 2994 3720 3063 Ἐπλη-

448 3108 557 3148 non
586 3095 890 3164 calamum;
922 3098 1016 3151 sed
1039 3112 1250 3167 germen
1280 3097 1496 3164 bonum,
1526 3108 1579 3153 et
1606 3098 1789 3167 ﬂorem
1816 3116 2028 3153 suavem

450 3184 611 3247 adeo,
639 3193 699 3239 ut
733 3187 854 3255 ejus
885 3188 1075 3242 odoris
1115 3187 1361 3244 bonitate
1410 3190 1704 3245 universus
1747 3190 1900 3247 orbis
1946 3207 2032 3245 re-

451 3273 630 3340 pletus
665 3274 759 3329 sit.
796 3276 935 3330 Hinc
976 3287 1059 3333 est
1102 3277 1289 3348 igitur,
1322 3280 1466 3348 quod
1513 3278 1686 3348 ipsos,
1728 3296 2033 3351 eorumque

450 3364 770 3435 discipulos,
804 3377 859 3420 ut
888 3384 1070 3437 pacem
1108 3385 1226 3423 cum
1273 3386 1333 3423 eo
1376 3370 1603 3437 faciant,
1640 3373 1902 3442 propheta
1935 3375 2033 3429 atl-

454 3457 723 3513 hortatur.
747 3457 880 3525 Quae
911 3467 1025 3515 tum
1057 3461 1276 3517 demum
1308 3462 1598 3533 aditnpleri
1629 3465 1881 3536 contigit,
1906 3481 2033 3521 cum

453 3550 684 3617 gratiam
735 3558 789 3605 et
830 3567 1018 3621 pacem
1051 3566 1081 3607 a
1114 3553 1225 3609 Deo
1253 3552 1415 3610 Patre
1459 3562 1672 3624 nostro,
1702 3565 1758 3611 et
1802 3556 2036 3614 Domino

452 3638 581 3694 Jesu
608 3640 849 3708 Christo,
876 3658 975 3713 per
1011 3645 1200 3701 orbem
1230 3647 1548 3703 universum
1593 3649 1893 3718 prmdicare
1932 3651 2035 3707 visi

454 3742 601 3786 sunt.
629 3731 759 3787 Inde
781 3734 849 3788 iis
869 3734 958 3789 illa
984 3736 1180 3805 pedum
1209 3738 1582 3806 pulchritudo,
1607 3754 1700 3809 per
1724 3755 1867 3810 quos
1891 3741 2035 3797 bona

453 3824 607 3894 pacis
636 3827 1128 3884 annuutiabantur.
1175 3830 1377 3885 Volunt
1409 3840 1590 3887 tamen
1636 3837 1887 3890 nonnulli
1918 3852 2038 3892 om-

454 3929 555 3971 nes
583 3915 787 3986 ubique
816 3920 1050 3988 populos
1098 3920 1165 3975 ad
1213 3921 1314 3976 ista
1359 3922 1682 3992 prophetam
1732 3925 2035 3981 adhortari.

456 4003 562 4060 Sed
588 4006 713 4078 quia
745 4006 800 4062 in
834 4008 1255 4079 Redemptorcm
1295 4012 1463 4081 impie
1503 4015 1614 4084 egit
1642 4014 1836 4082 lsrael,
1862 4025 1917 4071 et
1953 4032 2040 4072 re-

455 4094 760 4150 calcitravit
803 4097 1236 4167 primogenitus;
1279 4098 1381 4167 ipsi
1413 4099 1548 4169 jam,
1582 4101 1675 4171 qui
1718 4109 1864 4157 stato
1905 4111 2041 4158 teut-

446 4201 588 4255 pore
617 4202 644 4240 a
674 4188 913 4244 tenebris
953 4189 1021 4243 ad
1056 4190 1255 4256 lucem,
1283 4192 1352 4247 ab
1388 4206 1582 4247 errore.
1622 4192 1690 4247 ad
1728 4194 2038 4261 scientiam,

456 4290 488 4330 a
533 4278 780 4345 peccatis
828 4278 894 4346 ad
933 4279 1388 4350 justiﬁt'ationem
1439 4285 1755 4353 perventuri
1795 4300 2038 4350 eramus,

2138 3096 2330 3167 ροῦντο
2357 3096 2416 3149 δὲ
2449 3094 2622 3148 ταῦτα
2656 3096 2745 3148 ὅτε
2782 3095 2861 3158 είς
2894 3095 3077 3148 πᾶσαν
3106 3093 3207 3164 τὴν
3235 3091 3577 3161 οἰκουμένην
3602 3086 3719 3157 ἐκή-

2137 3204 2331 3257 ρυττον
2353 3201 2366 3215 ⁸
2406 3204 2424 3237 ι
2459 3186 2636 3257 Χάρις
2665 3186 2794 3256 ὑμῖν
2819 3188 2915 3239 καὶ
2943 3186 3136 3257 είρήνη
3175 3183 3288 3240 ἀπὸ
3323 3182 3464 3237 Θεοῦ
3493 3179 3721 3247 Euripo;

2135 3278 2292 3350 ἡμῶν
2314 3279 2411 3333 καὶ
2424 3278 2631 3349 Κυρίου
2648 3276 2824 3349 Ἰησοῦ
2851 3276 3114 3349 Χριστοῦ.
3127 3297 3145 3330 ι
3174 3264 3265 3331 Δίδ
3291 3276 3392 3332 καὶ
3409 3275 3575 3337 πόδας
3590 3266 3720 3340 εἶχον

2135 3367 2394 3439 ὡραίους,
2422 3367 2489 3421 δι’
2515 3360 2590 3422 ὧν
2619 3367 2668 3420 τ’
2690 3366 2872 3436 ἁγαθὰ
2893 3367 2993 3438 τῆς
3025 3368 3252 3439 εἰρήνης
3284 3363 3717 3437 εὐηγγελίζοντο.

2137 3458 2295 3523 Τινὲς
2326 3459 2384 3512 δέ
2417 3473 2549 3528 φασι
2578 3459 2693 3521 τοῖς
2745 3457 3089 3528 ἁπανταχόθι
3119 3457 3272 3522 λαοῖς
3321 3456 3499 3515 ταῦτα
3531 3467 3717 3523 mpsi-

2137 3555 2249 3607 νεῖν
2276 3551 2368 3607 τὸν
2403 3551 2716 3625 προφήτην.
2763 3551 2982 3623 Ἐπειδὴ
3021 3551 3079 3605 δὲ
3109 3551 3518 3622 δεδυσσέὃηκεν
3543 3549 3617 3610 είς
3639 3544 3718 3598 τὸν

2136 3642 2433 3714 λυτρωπὴν
2465 3644 2705 3715 Ἰσραὴλ,
2741 3643 2836 3696 καὶ
2886 3640 3258 3697 ἀπελάκτισεν
3289 3645 3327 3697 ὁ
3359 3641 3713 3712 πρωτότοκος,

2138 3736 2299 3807 ἡμεῖς
2316 3738 2366 3791 οἰ
2412 3735 2696 3807 μέλλοντες
2724 3732 2877 3806 ἥξειν
2926 3734 3068 3788 κατὰ
3113 3735 3350 3806 καιροὺς
3372 3733 3480 3788 ἀπὸ
3511 3729 3716 3787 σκότους

2141 3829 2221 3890 είς
2244 3826 2380 3896 φῶς,
2410 3827 2522 3881 ἀπὸ
2550 3822 2759 3895 πλάνης
2779 3827 2861 3888 είς
2921 3824 3148 3893 γνῶσιν,
3203 3824 3265 3889 ἐξ
3321 3821 3609 3894 ἁμαρτιῶν
3644 3817 3714 3876 εἷς

2139 3916 2450 3982 δικαίωσιν,
2476 3916 2829 3987 ποιήσωμεν
2859 3916 3135 3986 εἰρήνην,
3160 3917 3260 3987 τὴν
3294 3915 3535 3987 ἀρχαίαν
3564 3925 3711 3964 κατα-

2140 4009 2404 4073 λύσαντες
2428 4007 2651 4080 ἕχθραν.
2709 4006 3118 4078 ’Δνῃρημένης
3149 4008 3262 4078 γὰρ
3292 4009 3399 4078 τῆς
3436 4000 3706 4075 ἁμαρτίας,

2142 4101 2235 4155 καὶ
2285 4099 2706 4170 καθῃρημένου
2727 4099 2819 4154 τοῦ
2851 4100 3089 4164 Σατανᾶ,
3125 4097 3280 4154 οὐδὲν
3297 4095 3546 4172 ἐμποδὼν
3575 4087 3707 4145 σπεί-

2143 4193 2340 4248 σασθαι
2400 4192 2480 4263 τῷ
2522 4192 2735 4264 Κυρίῳ,
2790 4193 2884 4246 καὶ
2930 4194 3046 4257 τοῖς
3089 4190 3302 4245 ἐκείνου
3365 4184 3708 4257 πειθαρχῆσαι

2145 4283 2587 4355 προστάγμασιν.
2636 4282 2876 4338 Τοιαῦτα
2933 4285 3026 4338 καὶ
3055 4282 3267 4347 Παῦλος
3295 4284 3411 4346 τοῖς
3448 4278 3506 4343 ἐξ
3532 4269 3702 4329 ἐθνῶν

456 4369 637 4435 posito
677 4370 848 4425 veteri
899 4371 1030 4427 odio
1074 4388 1254 4442 pacem
1293 4372 1578 4441 faciamus.
1629 4372 1867 4431 Peccato
1894 4376 2029 4431 enim

2155 4393 2174 4428 ι
2191 4349 2604 4439 ’Δικαιωθὲντες
2632 4370 2729 4430 οὖν
2748 4375 2815 4429 ὲκ
2839 4375 3077 4438 πίστεως
3098 4374 3325 4447 είρήνην
3353 4370 3563 4444 ἔχωμεν
3590 4360 3707 4433 πρὸς

456 4457 615 4530 34],
649 4470 704 4514 et
735 4461 937 4517 Satana
962 4464 1311 4535 interemptis,
1340 4465 1474 4521 nihil
1501 4475 1604 4532 est,
1628 4467 1775 4537 quod
1812 4466 2043 4524 Domino

457 4550 665 4616 libare,
714 4553 949 4624 ejusque
999 4557 1276 4612 mandatis
1323 4558 1704 4627 obtemperare
1760 4559 2039 4630 itnpediat.

460 4639 743 4714 Ejusmodi
766 4653 896 4700 sunt
913 4654 968 4701 et
993 4647 1095 4702 ista
1118 4647 1185 4702 ad
1208 4655 1399 4719 gentes
1420 4648 1577 4703 Pauli
1600 4651 1766 4706 verba
1795 4668 1808 4705 :
1838 4670 1856 4703 ι
1879 4650 2045 4709 Justi-

462 4727 612 4797 ﬁnali,
651 4729 818 4800 igitur
845 4747 910 4787 ex
940 4731 1067 4802 ﬁde,
1099 4749 1287 4805 pacem
1318 4736 1619 4794 habeamus
1653 4754 1779 4794 cum
1812 4738 1924 4796 Deo
1948 4757 2044 4811 per

461 4816 754 4875 Dominum
786 4829 1039 4879 nostrum
1072 4824 1256 4881 Iesum
1287 4825 1558 4885 Christum
1583 4831 1652 4888 “'.
1691 4850 1710 4885 ι
1746 4831 2045 4904 Postquam

462 4910 631 4980 igitur
676 4915 935 4972 venientes
982 4933 1080 4976 eos
1129 4919 1456 4978 adhortatus
1503 4931 1609 4987 est,
1641 4922 1711 4980 de
1748 4925 1954 4996 quibus
1994 4936 2050 4983 et

462 5000 634 5059 David
668 5004 755 5062 his
788 5008 974 5065 verbis
1002 5027 1020 5064 :
1058 5029 1079 5063 ι
1116 5008 1549 5070 Annuntiabitur
1596 5017 1881 5088 generatio
1918 5032 2053 5074 ven—

463 5100 588 5148 tura
634 5096 703 5163 '°,
753 5116 772 5149 ι
831 5098 1052 5157 locutus
1104 5108 1220 5171 est;
1271 5104 1430 5160 lactus
1477 5106 1543 5162 ad
1596 5110 1878 5180 apostolos
1928 5110 2052 5167 ideo

467 5199 777 5246 sermonem
809 5194 1119 5262 transtulit,
1141 5194 1289 5267 quod
1313 5198 1505 5253 orbem
1534 5208 1807 5256 terrarum
1831 5199 2053 5258 Christo

468 5276 859 5340 subdiderunt.
891 5284 1077 5358 Neque
1107 5303 1237 5342 vero
1265 5288 1408 5359 quod
1439 5289 1550 5352 hic,
1576 5291 1887 5361 implebitur
1912 5294 2055 5349 orbis

2147 4469 2239 4523 τὸν
2276 4468 2432 4535 Θεὸν,
2460 4467 2552 4522 διὰ
2579 4470 2676 4521 τοῦ
2716 4467 2926 4539 Κυρίου
2957 4466 3119 4537 ἡμῶν
3168 4462 3366 4534 Ἰησοῦ
3389 4454 3652 4531 Χριστοῦ.
3682 4469 3697 4501 ι

2148 4559 2546 4631 Παρακαλὲσας
2581 4559 2640 4613 δὲ
2691 4558 2822 4622 τοὺς
2861 4557 3228 4633 ἐρχομένους
3276 4554 3428 4628 (περὶ
3466 4546 3540 4606 ὧν
3587 4541 3706 4616 φησι

2149 4651 2245 4704 καὶ
2272 4648 2461 4716 Δασὶδ,
2501 4664 2520 4700 ι
2566 4647 3028 4719 Ἀναγγελησεται
3082 4642 3232 4716 αύτῷ
3285 4641 3449 4714 γενιά
3493 4639 3525 4708 ή
3563 4636 3704 4703 ἑρκο·

2154 4741 2293 4811 μένη
2330 4759 2349 4792 ι
2385 4741 2425 4808 ),
2455 4740 2549 4794 τὸν
2580 4739 2738 4809 λόγον
2762 4730 2858 4792 ἐπὶ
2902 4737 3030 4801 τοὺς
3057 4733 3390 4797 ἀποστόλους
3426 4726 3702 4811 μετήνεγκε

2145 4809 2372 4905 χαίρων.
2405 4832 2487 4886 ὃτι
2514 4829 2736 4902 Χριστῷ
2755 4829 2853 4901 τὴν
2872 4824 3203 4900 οἰκουμένην
3223 4822 3541 4896 ἐκτήσαντο.
3572 4809 3700 4877 Σύμ·

2148 4942 2327 4995 φωνον
2341 4924 2399 4978 δὲ
2421 4923 2523 4995 τῷ,
2540 4920 3038 4994 ἐμπλησθήσεται
3060 4920 3099 4989 ἠ
3125 4915 3446 4985 οἰκουμένη
3466 4905 3564 4963 τοῦ
3577 4915 3701 4995 εαρ-

2148 4990 2268 5072 ius
2286 4990 2494 5080 αὑτοῦ,
2516 4990 2600 5082 «ei,
2624 5033 2644 5066 ι
2676 5016 2771 5078 Είς
2802 5013 2985 5067 πᾶσαν
3011 5011 3111 5084 τὴν
3141 5011 3246 5080 γῆν
3266 5004 3482 5078 ἐξῆλθεν
3504 5000 3531 5052 ό
3550 4990 3695 5084 φθάτς

2149 5123 2247 5177 γος
2294 5077 2499 5160 αὐτῶν.
2538 5123 2558 5157 ι
2586 5077 2816 5175 Καρτιοῖ⁹
2844 5102 2954 5175 γὰρ
2980 5077 3221 5174 ίδρίῖιτων
3265 5084 3617 5177 ἀποπσλιιόιν
3651 5077 3694 5130 οἱ

2155 5175 2567 5263 πιστεύσαντες,
2597 5196 2691 5261 οὓς
2720 5195 2882 5267 χάριν
2921 5193 2940 5233 ι
2981 5193 3078 5249 καὶ
3104 5191 3367 5262 στέφανον
3393 5187 3422 5240 ὁ
3454 5175 3693 5254 μακάριος

2154 5291 2405 5362 ὠνόμασε
2440 5287 2673 5352 Παῦλος.

468 5366 649 5467 [ναοῖο
677 5372 812 5443 ejus,
846 5353 1098 5446 legimus,
1132 5379 1201 5434 ab
1247 5395 1313 5436 eo
1358 5381 1636 5447 dissentit,
1674 5383 1820 5455 quod
1866 5386 2046 5442 alibi:
2089 5381 2150 5443 in
2197 5398 2415 5440 omnem
2465 5385 2669 5438 terram
2717 5396 2914 5437 sonum
2963 5394 3151 5436 eorum
3234 5378 3507 5433 emanasse
3574 5354 3689 5411 ἀπ’ἱο

548 5474 593 5509 ⁸⁷
623 5478 788 5539 Hebr.
824 5501 877 5551 κ,
910 5487 1001 5542 51.
1078 5490 1122 5522 ⁸⁸
1151 5489 1263 5546 lsa.
1296 5510 1336 5557 ι,
1365 5492 1416 5547 9.
1491 5492 1535 5525 δ’
1560 5492 1719 5549 Rom.
1760 5511 1816 5561 ν,
1848 5495 1899 5550 i.
1979 5497 2026 5529 ⁸⁸

2132 5496 2204 5550 al.
2233 5511 2347 5558 ut,
2378 5495 2469 5551 52.

1757 5588 1993 5645 νΑῐζΙΑἳ.
2037 5588 2440 5647 LECTIONES.

549 5663 578 5704 ⁵
610 5682 707 5739 γρ.
740 5666 1060 5740 ἐξήνθησαν.
1139 5668 1154 5711 1
1192 5688 1275 5741 γρ.
1320 5672 1515 5742 χαράν.
