  <div class='ocr_page' id='page_1' title='image "/cluster/home/n/w/nwhite01/storage/ocr_20150623/87:2/hvd.32044073502205/356.png"; bbox 0 0 4022 6210; ppageno 0'>
   <div class='ocr_carea' id='block_1_1' title="bbox 329 238 481 306">
    <p class='ocr_par' dir='ltr' id='par_1_1' title="bbox 329 238 481 306">
     <span class='ocr_line' id='line_1_1' title="bbox 329 238 481 306; baseline -0.013 0"><span class='ocrx_word' id='word_1_1' title='bbox 329 238 481 306; x_wconf 75' lang='lat'><strong>2237</strong></span> 
     </span>
    </p>
   </div>
   <div class='ocr_carea' id='block_1_2' title="bbox 1482 252 2473 323">
    <p class='ocr_par' dir='ltr' id='par_1_2' title="bbox 1482 252 2473 323">
     <span class='ocr_line' id='line_1_2' title="bbox 1482 252 2473 323; baseline 0.01 -11"><span class='ocrx_word' id='word_1_2' title='bbox 1482 252 2029 314; x_wconf 76' lang='lat' dir='ltr'><strong>COMMENTARII</strong></span> <span class='ocrx_word' id='word_1_3' title='bbox 2066 255 2150 317; x_wconf 84' lang='lat' dir='ltr'><strong>IN</strong></span> <span class='ocrx_word' id='word_1_4' title='bbox 2183 258 2473 323; x_wconf 76' lang='lat' dir='ltr'><strong>ISAIAM.</strong></span> 
     </span>
    </p>
   </div>
   <div class='ocr_carea' id='block_1_3' title="bbox 3461 266 3603 332">
    <p class='ocr_par' dir='ltr' id='par_1_3' title="bbox 3461 266 3603 332">
     <span class='ocr_line' id='line_1_3' title="bbox 3461 266 3603 332; baseline 0.014 -2"><span class='ocrx_word' id='word_1_5' title='bbox 3461 266 3603 332; x_wconf 80' lang='lat'><strong>2238</strong></span> 
     </span>
    </p>
   </div>
   <div class='ocr_carea' id='block_1_4' title="bbox 334 350 3607 435">
    <p class='ocr_par' dir='ltr' id='par_1_4' title="bbox 334 350 3607 435">
     <span class='ocr_line' id='line_1_4' title="bbox 334 350 3607 435; baseline 0.007 -28"><span class='ocrx_word' id='word_1_6' title='bbox 334 363 432 409; x_wconf 92' lang='lat' dir='ltr'><strong>tur</strong></span> <span class='ocrx_word' id='word_1_7' title='bbox 458 353 524 405; x_wconf 76' lang='grc'><strong>⁸³.</strong></span> <span class='ocrx_word' id='word_1_8' title='bbox 565 350 704 407; x_wconf 79' lang='lat' dir='ltr'><strong>Sunt</strong></span> <span class='ocrx_word' id='word_1_9' title='bbox 740 351 887 408; x_wconf 88' lang='lat' dir='ltr'><strong>enim</strong></span> <span class='ocrx_word' id='word_1_10' title='bbox 929 352 1195 411; x_wconf 88' lang='lat' dir='ltr'><strong>sudorum</strong></span> <span class='ocrx_word' id='word_1_11' title='bbox 1242 357 1671 428; x_wconf 83' lang='lat' dir='ltr'><strong>apostolicorum</strong></span> <span class='ocrx_word' id='word_1_12' title='bbox 1711 358 1923 416; x_wconf 85' lang='lat' dir='ltr'><strong>fructus</strong></span> <span class='ocrx_word' id='word_1_13' title='bbox 1962 360 2253 418; x_wconf 74' lang='lat' dir='ltr'><strong>credentes</strong></span> <span class='ocrx_word' id='word_1_14' title='bbox 2289 364 2417 434; x_wconf 86' lang='lat' dir='ltr'><strong>ipsi,</strong></span> <span class='ocrx_word' id='word_1_15' title='bbox 2448 379 2589 435; x_wconf 89' lang='lat' dir='ltr'><strong>quos</strong></span> <span class='ocrx_word' id='word_1_16' title='bbox 2619 365 2879 435; x_wconf 83' lang='lat' dir='ltr'><strong>gaudium</strong></span> <span class='ocrx_word' id='word_1_17' title='bbox 2929 375 2983 423; x_wconf 90' lang='lat' dir='ltr'><strong>et</strong></span> <span class='ocrx_word' id='word_1_18' title='bbox 3039 350 3316 425; x_wconf 36' lang='lat' dir='ltr'><strong>&#39;coronam</strong></span> <span class='ocrx_word' id='word_1_19' title='bbox 3395 386 3607 431; x_wconf 78' lang='lat' dir='ltr'><strong>vocavit</strong></span> 
     </span>
    </p>
   </div>
   <div class='ocr_carea' id='block_1_5' title="bbox 328 444 734 516">
    <p class='ocr_par' dir='ltr' id='par_1_5' title="bbox 328 444 734 516">
     <span class='ocr_line' id='line_1_5' title="bbox 328 444 734 516; baseline 0.01 -18"><span class='ocrx_word' id='word_1_20' title='bbox 328 444 641 516; x_wconf 77' lang='lat' dir='ltr'><strong>Apostolus</strong></span> <span class='ocrx_word' id='word_1_21' title='bbox 667 446 734 502; x_wconf 82' lang='lat'><strong>&quot;.</strong></span> 
     </span>
    </p>
   </div>
   <div class='ocr_carea' id='block_1_6' title="bbox 297 535 1910 615">
    <p class='ocr_par' dir='ltr' id='par_1_6' title="bbox 297 535 1910 611">
     <span class='ocr_line' id='line_1_6' title="bbox 297 535 1910 611; baseline 0.005 -23"><span class='ocrx_word' id='word_1_22' title='bbox 297 560 303 564; x_wconf 85' lang='lat'><em>-</em></span> <span class='ocrx_word' id='word_1_23' title='bbox 402 535 562 600; x_wconf 68' lang='grc' dir='ltr'>Τινὲς</span> <span class='ocrx_word' id='word_1_24' title='bbox 587 536 643 590; x_wconf 77' lang='grc' dir='ltr'><strong>δέ</strong></span> <span class='ocrx_word' id='word_1_25' title='bbox 675 554 808 606; x_wconf 85' lang='grc' dir='ltr'>φασι</span> <span class='ocrx_word' id='word_1_26' title='bbox 846 539 958 601; x_wconf 80' lang='grc' dir='ltr'>τοῖς</span> <span class='ocrx_word' id='word_1_27' title='bbox 983 537 1067 608; x_wconf 75' lang='grc' dir='ltr'><strong>ἐφ’</strong></span> <span class='ocrx_word' id='word_1_28' title='bbox 1102 537 1269 593; x_wconf 78' lang='grc' dir='ltr'>αὐτοῦ</span> <span class='ocrx_word' id='word_1_29' title='bbox 1307 539 1482 594; x_wconf 78' lang='grc' dir='ltr'>ταῦτα</span> <span class='ocrx_word' id='word_1_30' title='bbox 1506 540 1910 611; x_wconf 78' lang='grc' dir='ltr'>συμϐουλεῦσαι</span> 
     </span>
    </p>
   </div>
   <div class='ocr_carea' id='block_1_7' title="bbox 2014 535 3609 615">
    <p class='ocr_par' dir='ltr' id='par_1_7' title="bbox 2088 535 3609 613">
     <span class='ocr_line' id='line_1_7' title="bbox 2088 535 3609 613; baseline 0.005 -20"><span class='ocrx_word' id='word_1_31' title='bbox 2088 535 2196 594; x_wconf 85' lang='lat' dir='ltr'><strong>Sed</strong></span> <span class='ocrx_word' id='word_1_32' title='bbox 2223 552 2333 593; x_wconf 94' lang='lat' dir='ltr'><strong>non</strong></span> <span class='ocrx_word' id='word_1_33' title='bbox 2362 536 2586 602; x_wconf 93' lang='lat' dir='ltr'><strong>desunt,</strong></span> <span class='ocrx_word' id='word_1_34' title='bbox 2612 541 2705 608; x_wconf 88' lang='lat' dir='ltr'><strong>qui</strong></span> <span class='ocrx_word' id='word_1_35' title='bbox 2739 538 3080 607; x_wconf 83' lang='lat' dir='ltr'><strong>prophetam,</strong></span> <span class='ocrx_word' id='word_1_36' title='bbox 3117 557 3243 597; x_wconf 87' lang='lat' dir='ltr'><strong>cum</strong></span> <span class='ocrx_word' id='word_1_37' title='bbox 3294 545 3609 613; x_wconf 81' lang='lat' dir='ltr'><strong>superiores</strong></span> 
     </span>
    </p>
   </div>
   <div class='ocr_carea' id='block_1_8' title="bbox 327 624 1916 701">
    <p class='ocr_par' dir='ltr' id='par_1_8' title="bbox 327 624 1916 701">
     <span class='ocr_line' id='line_1_8' title="bbox 327 624 1916 701; baseline 0.003 -22"><span class='ocrx_word' id='word_1_38' title='bbox 327 624 426 679; x_wconf 76' lang='grc' dir='ltr'>τὸν</span> <span class='ocrx_word' id='word_1_39' title='bbox 458 628 752 697; x_wconf 82' lang='grc' dir='ltr'><strong>προφήτην</strong></span> <span class='ocrx_word' id='word_1_40' title='bbox 785 626 859 697; x_wconf 78' lang='grc' dir='ltr'>μὴ</span> <span class='ocrx_word' id='word_1_41' title='bbox 890 625 1220 696; x_wconf 77' lang='grc' dir='ltr'>βουλόμενον</span> <span class='ocrx_word' id='word_1_42' title='bbox 1268 627 1468 692; x_wconf 75' lang='grc' dir='ltr'>αὐτοὺς</span> <span class='ocrx_word' id='word_1_43' title='bbox 1507 629 1618 683; x_wconf 88' lang='grc' dir='ltr'><strong>τῶν</strong></span> <span class='ocrx_word' id='word_1_44' title='bbox 1648 647 1916 701; x_wconf 79' lang='grc' dir='ltr'>προηπει-</span> 
     </span>
    </p>
   </div>
   <div class='ocr_carea' id='block_1_9' title="bbox 327 716 1913 791">
    <p class='ocr_par' dir='ltr' id='par_1_9' title="bbox 327 716 1913 791">
     <span class='ocr_line' id='line_1_9' title="bbox 327 716 1913 791; baseline 0.001 -20"><span class='ocrx_word' id='word_1_45' title='bbox 327 718 586 789; x_wconf 85' lang='grc' dir='ltr'>λημένων</span> <span class='ocrx_word' id='word_1_46' title='bbox 608 722 687 783; x_wconf 75' lang='grc' dir='ltr'><strong>εἰς</strong></span> <span class='ocrx_word' id='word_1_47' title='bbox 717 719 914 790; x_wconf 83' lang='grc' dir='ltr'>πεῖραν</span> <span class='ocrx_word' id='word_1_48' title='bbox 973 716 1170 772; x_wconf 70' lang='grc' dir='ltr'>ἐλθεῖν.</span> <span class='ocrx_word' id='word_1_49' title='bbox 1204 718 1521 773; x_wconf 83' lang='grc' dir='ltr'>Μεταθέσθε</span> <span class='ocrx_word' id='word_1_50' title='bbox 1557 719 1683 787; x_wconf 81' lang='grc' dir='ltr'>γὰρ,</span> <span class='ocrx_word' id='word_1_51' title='bbox 1724 721 1913 791; x_wconf 72' lang='grc' dir='ltr'>φησὶν,</span> 
     </span>
    </p>
   </div>
   <div class='ocr_carea' id='block_1_10' title="bbox 327 809 1915 882">
    <p class='ocr_par' dir='ltr' id='par_1_10' title="bbox 327 809 1915 882">
     <span class='ocr_line' id='line_1_10' title="bbox 327 809 1915 882; baseline 0 -17"><span class='ocrx_word' id='word_1_52' title='bbox 327 811 381 865; x_wconf 77' lang='lat' dir='ltr'><strong>oi</strong></span> <span class='ocrx_word' id='word_1_53' title='bbox 415 809 552 882; x_wconf 82' lang='grc' dir='ltr'>πρὸς</span> <span class='ocrx_word' id='word_1_54' title='bbox 574 809 664 863; x_wconf 80' lang='grc' dir='ltr'><strong>τὸν</strong></span> <span class='ocrx_word' id='word_1_55' title='bbox 709 809 919 863; x_wconf 80' lang='grc' dir='ltr'>ἑαυτῶν</span> <span class='ocrx_word' id='word_1_56' title='bbox 976 810 1314 881; x_wconf 79' lang='grc' dir='ltr'>δημιουργὸν</span> <span class='ocrx_word' id='word_1_57' title='bbox 1358 810 1626 881; x_wconf 80' lang='grc' dir='ltr'>ἀράμενοι</span> <span class='ocrx_word' id='word_1_58' title='bbox 1656 811 1915 881; x_wconf 86' lang='grc' dir='ltr'>πόλεμον,</span> 
     </span>
    </p>
   </div>
   <div class='ocr_carea' id='block_1_11' title="bbox 325 900 1918 974">
    <p class='ocr_par' dir='ltr' id='par_1_11' title="bbox 325 900 1918 974">
     <span class='ocr_line' id='line_1_11' title="bbox 325 900 1918 974; baseline 0 -17"><span class='ocrx_word' id='word_1_59' title='bbox 325 902 542 973; x_wconf 80' lang='grc' dir='ltr'>ἄμαχον</span> <span class='ocrx_word' id='word_1_60' title='bbox 598 901 760 957; x_wconf 62' lang='grc' dir='ltr'>αὐτὸν</span> <span class='ocrx_word' id='word_1_61' title='bbox 800 900 947 972; x_wconf 77' lang='grc' dir='ltr'>ἔχειν</span> <span class='ocrx_word' id='word_1_62' title='bbox 990 901 1089 974; x_wconf 81' lang='grc' dir='ltr'>τὴν</span> <span class='ocrx_word' id='word_1_63' title='bbox 1114 901 1276 969; x_wconf 82' lang='grc' dir='ltr'>φύσιν</span> <span class='ocrx_word' id='word_1_64' title='bbox 1318 902 1710 970; x_wconf 71' lang='grc' dir='ltr'>ἐπεγνωκότες.</span> <span class='ocrx_word' id='word_1_65' title='bbox 1760 904 1918 957; x_wconf 71' lang='grc' dir='ltr'>Οὕτω</span> 
     </span>
    </p>
   </div>
   <div class='ocr_carea' id='block_1_12' title="bbox 326 986 1917 1067">
    <p class='ocr_par' dir='ltr' id='par_1_12' title="bbox 326 986 1917 1067">
     <span class='ocr_line' id='line_1_12' title="bbox 326 986 1917 1067; baseline -0.001 -21"><span class='ocrx_word' id='word_1_66' title='bbox 326 1003 439 1067; x_wconf 79' lang='grc' dir='ltr'><strong>γαρ</strong></span> <span class='ocrx_word' id='word_1_67' title='bbox 472 986 564 1046; x_wconf 75' lang='grc' dir='ltr'><strong>καὶ</strong></span> <span class='ocrx_word' id='word_1_68' title='bbox 590 993 659 1045; x_wconf 82' lang='grc' dir='ltr'>τὰ</span> <span class='ocrx_word' id='word_1_69' title='bbox 695 992 793 1045; x_wconf 82' lang='grc' dir='ltr'>τοῦ</span> <span class='ocrx_word' id='word_1_70' title='bbox 816 992 1008 1061; x_wconf 76' lang='grc' dir='ltr'>γένους</span> <span class='ocrx_word' id='word_1_71' title='bbox 1062 992 1305 1046; x_wconf 73' lang='grc' dir='ltr'><strong>ἐπίδοσιν</strong></span> <span class='ocrx_word' id='word_1_72' title='bbox 1350 991 1600 1061; x_wconf 76' lang='grc' dir='ltr'>λήψεται,</span> <span class='ocrx_word' id='word_1_73' title='bbox 1634 993 1729 1046; x_wconf 69' lang='grc' dir='ltr'><strong>καὶ</strong></span> <span class='ocrx_word' id='word_1_74' title='bbox 1755 993 1793 1059; x_wconf 71' lang='grc' dir='ltr'><strong>ἡ</strong></span> <span class='ocrx_word' id='word_1_75' title='bbox 1834 994 1917 1046; x_wconf 81' lang='lat' dir='ltr'><strong>oi-</strong></span> 
     </span>
    </p>
   </div>
   <div class='ocr_carea' id='block_1_13' title="bbox 327 1074 1914 1156">
    <p class='ocr_par' dir='ltr' id='par_1_13' title="bbox 327 1074 1914 1156">
     <span class='ocr_line' id='line_1_13' title="bbox 327 1074 1914 1156; baseline -0.002 -17"><span class='ocrx_word' id='word_1_76' title='bbox 327 1084 596 1155; x_wconf 78' lang='grc' dir='ltr'>κουμένη</span> <span class='ocrx_word' id='word_1_77' title='bbox 624 1085 770 1137; x_wconf 83' lang='grc' dir='ltr'>πᾶσα</span> <span class='ocrx_word' id='word_1_78' title='bbox 795 1074 927 1156; x_wconf 69' lang='grc' dir='ltr'>παρ⁴</span> <span class='ocrx_word' id='word_1_79' title='bbox 945 1082 1100 1154; x_wconf 86' lang='grc' dir='ltr'>ὑμῶν</span> <span class='ocrx_word' id='word_1_80' title='bbox 1122 1083 1499 1155; x_wconf 81' lang='grc' dir='ltr'>οίκηθήσεται.</span> <span class='ocrx_word' id='word_1_81' title='bbox 1543 1085 1690 1137; x_wconf 68' lang='grc' dir='ltr'>Ἀντί</span> <span class='ocrx_word' id='word_1_82' title='bbox 1718 1083 1774 1137; x_wconf 74' lang='grc' dir='ltr'><strong>δὲ</strong></span> <span class='ocrx_word' id='word_1_83' title='bbox 1794 1082 1914 1147; x_wconf 79' lang='grc' dir='ltr'>τοῦ,</span> 
     </span>
    </p>
   </div>
   <div class='ocr_carea' id='block_1_14' title="bbox 326 1175 1917 1248">
    <p class='ocr_par' dir='ltr' id='par_1_14' title="bbox 326 1175 1917 1248">
     <span class='ocr_line' id='line_1_14' title="bbox 326 1175 1917 1248; baseline -0.001 -17"><span class='ocrx_word' id='word_1_84' title='bbox 326 1176 580 1247; x_wconf 75' lang='grc' dir='ltr'><strong>εἰρήνην</strong></span> <span class='ocrx_word' id='word_1_85' title='bbox 603 1175 953 1246; x_wconf 80' lang='grc' dir='ltr'>ποιήσωμεν</span> <span class='ocrx_word' id='word_1_86' title='bbox 968 1176 1129 1242; x_wconf 84' lang='grc' dir='ltr'>αὐτῷ</span> <span class='ocrx_word' id='word_1_87' title='bbox 1150 1179 1204 1231; x_wconf 82' lang='grc' dir='ltr'><strong>οι</strong></span> <span class='ocrx_word' id='word_1_88' title='bbox 1228 1177 1561 1247; x_wconf 74' lang='grc' dir='ltr'>ἐρχόμενοι,</span> <span class='ocrx_word' id='word_1_89' title='bbox 1616 1176 1917 1248; x_wconf 81' lang='grc' dir='ltr'>παρέθεντό</span> 
     </span>
    </p>
   </div>
   <div class='ocr_carea' id='block_1_15' title="bbox 325 1267 1916 1341">
    <p class='ocr_par' dir='ltr' id='par_1_15' title="bbox 325 1267 1916 1341">
     <span class='ocr_line' id='line_1_15' title="bbox 325 1267 1916 1341; baseline 0 -18"><span class='ocrx_word' id='word_1_90' title='bbox 325 1286 475 1333; x_wconf 86' lang='grc' dir='ltr'>τινες</span> <span class='ocrx_word' id='word_1_91' title='bbox 499 1268 643 1322; x_wconf 76' lang='grc' dir='ltr'>κατὰ</span> <span class='ocrx_word' id='word_1_92' title='bbox 675 1269 803 1332; x_wconf 81' lang='grc' dir='ltr'>τοὺς</span> <span class='ocrx_word' id='word_1_93' title='bbox 829 1267 1027 1332; x_wconf 82' lang='grc' dir='ltr'>ἄλλους</span> <span class='ocrx_word' id='word_1_94' title='bbox 1063 1269 1435 1341; x_wconf 79' lang='grc' dir='ltr'>ἐρμηνευτὰς,</span> <span class='ocrx_word' id='word_1_95' title='bbox 1466 1267 1916 1338; x_wconf 76' lang='grc' dir='ltr'>είρηνοποιήσει</span> 
     </span>
    </p>
   </div>
   <div class='ocr_carea' id='block_1_16' title="bbox 320 1357 1918 1440">
    <p class='ocr_par' dir='ltr' id='par_1_16' title="bbox 320 1357 1918 1440">
     <span class='ocr_line' id='line_1_16' title="bbox 320 1357 1918 1440; baseline 0.001 -26"><span class='ocrx_word' id='word_1_96' title='bbox 320 1378 427 1440; x_wconf 77' lang='grc' dir='ltr'><strong>μοι</strong></span> <span class='ocrx_word' id='word_1_97' title='bbox 466 1360 609 1427; x_wconf 82' lang='grc' dir='ltr'>τοὺς</span> <span class='ocrx_word' id='word_1_98' title='bbox 644 1360 1030 1430; x_wconf 77' lang='grc' dir='ltr'><strong>ἐρχομένους,</strong></span> <span class='ocrx_word' id='word_1_99' title='bbox 1074 1362 1169 1415; x_wconf 75' lang='grc' dir='ltr'><strong>καὶ</strong></span> <span class='ocrx_word' id='word_1_100' title='bbox 1218 1357 1375 1415; x_wconf 81' lang='grc' dir='ltr'>εἷπον</span> <span class='ocrx_word' id='word_1_101' title='bbox 1395 1361 1522 1427; x_wconf 79' lang='grc' dir='ltr'>Ἐίς</span> <span class='ocrx_word' id='word_1_102' title='bbox 1547 1362 1655 1433; x_wconf 82' lang='grc' dir='ltr'>γὰρ</span> <span class='ocrx_word' id='word_1_103' title='bbox 1676 1362 1804 1425; x_wconf 79' lang='grc' dir='ltr'>τοὺς</span> <span class='ocrx_word' id='word_1_104' title='bbox 1824 1378 1918 1415; x_wconf 88' lang='grc' dir='ltr'>τε-</span> 
     </span>
    </p>
   </div>
   <div class='ocr_carea' id='block_1_17' title="bbox 326 1448 1913 1525">
    <p class='ocr_par' dir='ltr' id='par_1_17' title="bbox 326 1448 1913 1525">
     <span class='ocr_line' id='line_1_17' title="bbox 326 1448 1913 1525; baseline -0.001 -18"><span class='ocrx_word' id='word_1_105' title='bbox 326 1453 611 1517; x_wconf 86' lang='grc' dir='ltr'>λευταίους</span> <span class='ocrx_word' id='word_1_106' title='bbox 662 1453 697 1524; x_wconf 85' lang='grc' dir='ltr'>ἡ</span> <span class='ocrx_word' id='word_1_107' title='bbox 753 1454 1079 1525; x_wconf 73' lang='grc' dir='ltr'>ἐπιστροφή.</span> <span class='ocrx_word' id='word_1_108' title='bbox 1144 1448 1278 1507; x_wconf 75' lang='grc' dir='ltr'>Εἶτα</span> <span class='ocrx_word' id='word_1_109' title='bbox 1314 1454 1480 1525; x_wconf 74' lang='grc' dir='ltr'>φησὶν</span> <span class='ocrx_word' id='word_1_110' title='bbox 1520 1456 1548 1507; x_wconf 83' lang='grc' dir='ltr'><em>ὁ</em></span> <span class='ocrx_word' id='word_1_111' title='bbox 1589 1454 1913 1525; x_wconf 78' lang='grc' dir='ltr'><strong>προφήτης·</strong></span> 
     </span>
    </p>
   </div>
   <div class='ocr_carea' id='block_1_18' title="bbox 327 1546 1918 1616">
    <p class='ocr_par' dir='ltr' id='par_1_18' title="bbox 327 1546 1918 1616">
     <span class='ocr_line' id='line_1_18' title="bbox 327 1546 1918 1616; baseline -0.002 -13"><span class='ocrx_word' id='word_1_112' title='bbox 327 1550 388 1603; x_wconf 83' lang='grc' dir='ltr'><strong>Μ</strong></span> <span class='ocrx_word' id='word_1_113' title='bbox 389 1548 427 1616; x_wconf 80' lang='grc' dir='ltr'>ὴ</span> <span class='ocrx_word' id='word_1_114' title='bbox 439 1548 517 1612; x_wconf 83' lang='grc' dir='ltr'>ὡς</span> <span class='ocrx_word' id='word_1_115' title='bbox 535 1547 718 1614; x_wconf 82' lang='grc' dir='ltr'>αὐτὸς</span> <span class='ocrx_word' id='word_1_116' title='bbox 734 1546 922 1614; x_wconf 84' lang='grc' dir='ltr'>οὕτως</span> <span class='ocrx_word' id='word_1_117' title='bbox 937 1546 1221 1613; x_wconf 77' lang='grc' dir='ltr'>ἐπάταξε,</span> <span class='ocrx_word' id='word_1_118' title='bbox 1239 1548 1335 1602; x_wconf 77' lang='grc' dir='ltr'><strong>καί</strong></span> <span class='ocrx_word' id='word_1_119' title='bbox 1357 1548 1541 1614; x_wconf 77' lang='grc' dir='ltr'>αὐτὸς</span> <span class='ocrx_word' id='word_1_120' title='bbox 1558 1548 1747 1614; x_wconf 82' lang='grc' dir='ltr'>οὕτως</span> <span class='ocrx_word' id='word_1_121' title='bbox 1762 1551 1918 1615; x_wconf 73' lang='grc' dir='ltr'>πλη-</span> 
     </span>
    </p>
   </div>
   <div class='ocr_carea' id='block_1_19' title="bbox 327 1635 1918 1711">
    <p class='ocr_par' dir='ltr' id='par_1_19' title="bbox 327 1635 1918 1711">
     <span class='ocr_line' id='line_1_19' title="bbox 327 1635 1918 1711; baseline -0.003 -17"><span class='ocrx_word' id='word_1_122' title='bbox 327 1638 609 1711; x_wconf 60' lang='grc' dir='ltr'>γήσεταω</span> <span class='ocrx_word' id='word_1_123' title='bbox 663 1638 692 1691; x_wconf 84' lang='grc' dir='ltr'><strong>ὁ</strong></span> <span class='ocrx_word' id='word_1_124' title='bbox 729 1638 786 1691; x_wconf 80' lang='grc' dir='ltr'><strong>δὲ</strong></span> <span class='ocrx_word' id='word_1_125' title='bbox 836 1635 965 1701; x_wconf 85' lang='grc' dir='ltr'>νοῦς</span> <span class='ocrx_word' id='word_1_126' title='bbox 987 1655 1002 1669; x_wconf 78' lang='grc' dir='ltr'><strong>ο</strong></span> <span class='ocrx_word' id='word_1_127' title='bbox 1038 1638 1189 1710; x_wconf 82' lang='grc' dir='ltr'><strong>Μήτι</strong></span> <span class='ocrx_word' id='word_1_128' title='bbox 1240 1638 1414 1692; x_wconf 72' lang='grc' dir='ltr'>κακον</span> <span class='ocrx_word' id='word_1_129' title='bbox 1447 1638 1569 1693; x_wconf 72' lang='grc' dir='ltr'>ἀντὶ</span> <span class='ocrx_word' id='word_1_130' title='bbox 1604 1636 1775 1691; x_wconf 80' lang='grc' dir='ltr'>κακοῦ</span> <span class='ocrx_word' id='word_1_131' title='bbox 1804 1640 1918 1701; x_wconf 85' lang='grc' dir='ltr'>τοῖς</span> 
     </span>
    </p>
   </div>
   <div class='ocr_carea' id='block_1_20' title="bbox 326 1730 1912 1802">
    <p class='ocr_par' dir='ltr' id='par_1_20' title="bbox 326 1730 1912 1802">
     <span class='ocr_line' id='line_1_20' title="bbox 326 1730 1912 1802; baseline -0.002 -16"><span class='ocrx_word' id='word_1_132' title='bbox 326 1732 538 1788; x_wconf 74' lang='grc' dir='ltr'>ἔθνεσιν</span> <span class='ocrx_word' id='word_1_133' title='bbox 564 1730 892 1787; x_wconf 84' lang='grc' dir='ltr'>ἀπεδίδοσαν</span> <span class='ocrx_word' id='word_1_134' title='bbox 939 1731 989 1784; x_wconf 80' lang='lat' dir='ltr'><strong>oi</strong></span> <span class='ocrx_word' id='word_1_135' title='bbox 1040 1730 1405 1802; x_wconf 85' lang='grc' dir='ltr'>κηρύττοντες</span> <span class='ocrx_word' id='word_1_136' title='bbox 1453 1732 1638 1796; x_wconf 86' lang='grc' dir='ltr'>αὐτοῖς</span> <span class='ocrx_word' id='word_1_137' title='bbox 1668 1731 1912 1802; x_wconf 77' lang='grc' dir='ltr'>είρὴνην,</span> 
     </span>
    </p>
   </div>
   <div class='ocr_carea' id='block_1_21' title="bbox 325 1822 1918 1896">
    <p class='ocr_par' dir='ltr' id='par_1_21' title="bbox 325 1822 1918 1896">
     <span class='ocr_line' id='line_1_21' title="bbox 325 1822 1918 1896; baseline -0.003 -16"><span class='ocrx_word' id='word_1_138' title='bbox 325 1826 423 1881; x_wconf 74' lang='grc' dir='ltr'><strong>καὶ</strong></span> <span class='ocrx_word' id='word_1_139' title='bbox 459 1823 635 1879; x_wconf 83' lang='grc' dir='ltr'>ταῦτα</span> <span class='ocrx_word' id='word_1_140' title='bbox 668 1822 800 1896; x_wconf 84' lang='grc' dir='ltr'>παρ’</span> <span class='ocrx_word' id='word_1_141' title='bbox 831 1823 1014 1877; x_wconf 82' lang='grc' dir='ltr'>αὐτῶν</span> <span class='ocrx_word' id='word_1_142' title='bbox 1048 1823 1353 1895; x_wconf 81' lang='grc' dir='ltr'>πάσχοντες</span> <span class='ocrx_word' id='word_1_143' title='bbox 1378 1825 1449 1879; x_wconf 77' lang='grc' dir='ltr'>τὰ</span> <span class='ocrx_word' id='word_1_144' title='bbox 1484 1824 1804 1887; x_wconf 64' lang='grc' dir='ltr'>δεινόταται</span> <span class='ocrx_word' id='word_1_145' title='bbox 1835 1822 1918 1876; x_wconf 79' lang='grc' dir='ltr'><strong>διὸ</strong></span> 
     </span>
    </p>
   </div>
   <div class='ocr_carea' id='block_1_22' title="bbox 2020 629 3609 706">
    <p class='ocr_par' dir='ltr' id='par_1_22' title="bbox 2020 629 3609 706">
     <span class='ocr_line' id='line_1_22' title="bbox 2020 629 3609 706; baseline 0.003 -19"><span class='ocrx_word' id='word_1_146' title='bbox 2020 631 2199 687; x_wconf 86' lang='lat' dir='ltr'><strong>minas</strong></span> <span class='ocrx_word' id='word_1_147' title='bbox 2229 632 2285 685; x_wconf 93' lang='lat' dir='ltr'><strong>in</strong></span> <span class='ocrx_word' id='word_1_148' title='bbox 2331 645 2465 687; x_wconf 91' lang='lat' dir='ltr'><strong>suos</strong></span> <span class='ocrx_word' id='word_1_149' title='bbox 2515 629 2717 686; x_wconf 83' lang='lat' dir='ltr'><strong>cadere</strong></span> <span class='ocrx_word' id='word_1_150' title='bbox 2760 631 2947 699; x_wconf 92' lang='lat' dir='ltr'><strong>nollet,</strong></span> <span class='ocrx_word' id='word_1_151' title='bbox 2985 634 3192 689; x_wconf 81' lang='lat' dir='ltr'><strong>eisdem</strong></span> <span class='ocrx_word' id='word_1_152' title='bbox 3248 636 3349 691; x_wconf 89' lang='lat' dir='ltr'><strong>ista</strong></span> <span class='ocrx_word' id='word_1_153' title='bbox 3415 645 3609 706; x_wconf 86' lang='lat' dir='ltr'><strong>putent</strong></span> 
     </span>
    </p>
   </div>
   <div class='ocr_carea' id='block_1_23' title="bbox 2018 722 3604 800">
    <p class='ocr_par' dir='ltr' id='par_1_23' title="bbox 2018 722 3604 800">
     <span class='ocr_line' id='line_1_23' title="bbox 2018 722 3604 800; baseline 0.002 -19"><span class='ocrx_word' id='word_1_154' title='bbox 2018 724 2329 781; x_wconf 87' lang='lat' dir='ltr'><strong>consulere.</strong></span> <span class='ocrx_word' id='word_1_155' title='bbox 2377 722 2718 779; x_wconf 84' lang='lat' dir='ltr'><strong>Sententiam</strong></span> <span class='ocrx_word' id='word_1_156' title='bbox 2782 726 2950 789; x_wconf 88' lang='lat' dir='ltr'><strong>enim,</strong></span> <span class='ocrx_word' id='word_1_157' title='bbox 2998 725 3177 790; x_wconf 88' lang='lat' dir='ltr'><strong>aiunt,</strong></span> <span class='ocrx_word' id='word_1_158' title='bbox 3231 736 3463 794; x_wconf 82' lang='lat' dir='ltr'><strong>mutate,</strong></span> <span class='ocrx_word' id='word_1_159' title='bbox 3510 731 3604 800; x_wconf 87' lang='lat' dir='ltr'><strong>qui</strong></span> 
     </span>
    </p>
   </div>
   <div class='ocr_carea' id='block_1_24' title="bbox 2019 814 3606 885">
    <p class='ocr_par' dir='ltr' id='par_1_24' title="bbox 2019 814 3606 885">
     <span class='ocr_line' id='line_1_24' title="bbox 2019 814 3606 885; baseline 0.003 -15"><span class='ocrx_word' id='word_1_160' title='bbox 2019 814 2273 885; x_wconf 79' lang='lat' dir='ltr'><strong>opificem</strong></span> <span class='ocrx_word' id='word_1_161' title='bbox 2341 824 2588 871; x_wconf 69' lang='lat' dir='ltr'><strong>veStrum</strong></span> <span class='ocrx_word' id='word_1_162' title='bbox 2631 815 2774 870; x_wconf 86' lang='lat' dir='ltr'><strong>bello</strong></span> <span class='ocrx_word' id='word_1_163' title='bbox 2826 815 3032 879; x_wconf 84' lang='lat' dir='ltr'><strong>adorti,</strong></span> <span class='ocrx_word' id='word_1_164' title='bbox 3077 816 3340 873; x_wconf 87' lang='lat' dir='ltr'><strong>invictum</strong></span> <span class='ocrx_word' id='word_1_165' title='bbox 3405 829 3606 876; x_wconf 89' lang='lat' dir='ltr'><strong>natura</strong></span> 
     </span>
    </p>
   </div>
   <div class='ocr_carea' id='block_1_25' title="bbox 2019 905 3608 981">
    <p class='ocr_par' dir='ltr' id='par_1_25' title="bbox 2019 905 3608 981">
     <span class='ocr_line' id='line_1_25' title="bbox 2019 905 3608 981; baseline 0.003 -18"><span class='ocrx_word' id='word_1_166' title='bbox 2019 907 2286 963; x_wconf 84' lang='lat' dir='ltr'><strong>exsistere</strong></span> <span class='ocrx_word' id='word_1_167' title='bbox 2308 905 2633 977; x_wconf 80' lang='lat' dir='ltr'><strong>agnoscitis.</strong></span> <span class='ocrx_word' id='word_1_168' title='bbox 2667 906 2760 962; x_wconf 91' lang='lat' dir='ltr'><strong>Sic</strong></span> <span class='ocrx_word' id='word_1_169' title='bbox 2797 908 2940 962; x_wconf 87' lang='lat' dir='ltr'><strong>enim</strong></span> <span class='ocrx_word' id='word_1_170' title='bbox 2970 916 3023 963; x_wconf 89' lang='lat' dir='ltr'><strong>et</strong></span> <span class='ocrx_word' id='word_1_171' title='bbox 3050 909 3268 978; x_wconf 79' lang='lat' dir='ltr'><strong>generis</strong></span> <span class='ocrx_word' id='word_1_172' title='bbox 3294 925 3488 981; x_wconf 83' lang='lat' dir='ltr'><strong>magna</strong></span> <span class='ocrx_word' id='word_1_173' title='bbox 3520 912 3608 968; x_wconf 90' lang='lat' dir='ltr'><strong>fiet</strong></span> 
     </span>
    </p>
   </div>
   <div class='ocr_carea' id='block_1_26' title="bbox 2021 1001 3610 1073">
    <p class='ocr_par' dir='ltr' id='par_1_26' title="bbox 2021 1001 3610 1073">
     <span class='ocr_line' id='line_1_26' title="bbox 2021 1001 3610 1073; baseline 0.002 -17"><span class='ocrx_word' id='word_1_174' title='bbox 2021 1001 2397 1073; x_wconf 89' lang='lat' dir='ltr'><strong>amplificatio,</strong></span> <span class='ocrx_word' id='word_1_175' title='bbox 2440 1011 2498 1057; x_wconf 87' lang='lat' dir='ltr'><strong>et</strong></span> <span class='ocrx_word' id='word_1_176' title='bbox 2548 1001 2692 1056; x_wconf 84' lang='lat' dir='ltr'><strong>orbis</strong></span> <span class='ocrx_word' id='word_1_177' title='bbox 2724 1003 3020 1058; x_wconf 86' lang='lat' dir='ltr'><strong>universus</strong></span> <span class='ocrx_word' id='word_1_178' title='bbox 3061 1017 3089 1056; x_wconf 88' lang='lat' dir='ltr'><strong>a</strong></span> <span class='ocrx_word' id='word_1_179' title='bbox 3121 1003 3279 1059; x_wconf 81' lang='lat' dir='ltr'><strong>vobis</strong></span> <span class='ocrx_word' id='word_1_180' title='bbox 3336 1004 3610 1061; x_wconf 79' lang='lat' dir='ltr'><strong>habitabi-</strong></span> 
     </span>
    </p>
   </div>
   <div class='ocr_carea' id='block_1_27' title="bbox 2021 1092 3605 1164">
    <p class='ocr_par' dir='ltr' id='par_1_27' title="bbox 2021 1092 3605 1164">
     <span class='ocr_line' id='line_1_27' title="bbox 2021 1092 3605 1164; baseline 0.003 -14"><span class='ocrx_word' id='word_1_181' title='bbox 2021 1104 2128 1150; x_wconf 89' lang='lat' dir='ltr'><strong>tur.</strong></span> <span class='ocrx_word' id='word_1_182' title='bbox 2160 1092 2363 1149; x_wconf 82' lang='lat' dir='ltr'><strong>Verum</strong></span> <span class='ocrx_word' id='word_1_183' title='bbox 2394 1106 2504 1159; x_wconf 85' lang='lat' dir='ltr'><strong>quo</strong></span> <span class='ocrx_word' id='word_1_184' title='bbox 2540 1093 2682 1159; x_wconf 91' lang='lat' dir='ltr'><strong>loco,</strong></span> <span class='ocrx_word' id='word_1_185' title='bbox 2718 1093 2912 1149; x_wconf 87' lang='lat' dir='ltr'><strong>Pacem</strong></span> <span class='ocrx_word' id='word_1_186' title='bbox 2946 1097 3212 1163; x_wconf 75' lang='lat' dir='ltr'><strong>faciamus</strong></span> <span class='ocrx_word' id='word_1_187' title='bbox 3246 1096 3295 1149; x_wconf 90' lang='lat' dir='ltr'><strong>ei</strong></span> <span class='ocrx_word' id='word_1_188' title='bbox 3317 1097 3605 1164; x_wconf 74' lang='lat' dir='ltr'><strong>venientes,</strong></span> 
     </span>
    </p>
   </div>
   <div class='ocr_carea' id='block_1_28' title="bbox 2020 1185 3606 1257">
    <p class='ocr_par' dir='ltr' id='par_1_28' title="bbox 2020 1185 3606 1257">
     <span class='ocr_line' id='line_1_28' title="bbox 2020 1185 3606 1257; baseline 0.003 -16"><span class='ocrx_word' id='word_1_189' title='bbox 2020 1185 2309 1252; x_wconf 79' lang='lat' dir='ltr'><strong>habemus,</strong></span> <span class='ocrx_word' id='word_1_190' title='bbox 2337 1186 2586 1257; x_wconf 81' lang='lat' dir='ltr'><strong>suntqui</strong></span> <span class='ocrx_word' id='word_1_191' title='bbox 2632 1187 2770 1240; x_wconf 87' lang='lat' dir='ltr'><strong>alios</strong></span> <span class='ocrx_word' id='word_1_192' title='bbox 2806 1187 3002 1251; x_wconf 88' lang='lat' dir='ltr'><strong>secuti,</strong></span> <span class='ocrx_word' id='word_1_193' title='bbox 3048 1188 3302 1257; x_wconf 77' lang='lat' dir='ltr'><strong>paciﬁcos</strong></span> <span class='ocrx_word' id='word_1_194' title='bbox 3338 1188 3468 1242; x_wconf 81' lang='lat' dir='ltr'><strong>mihi</strong></span> <span class='ocrx_word' id='word_1_195' title='bbox 3518 1206 3606 1245; x_wconf 84' lang='lat' dir='ltr'><strong>ve-</strong></span> 
     </span>
    </p>
   </div>
   <div class='ocr_carea' id='block_1_29' title="bbox 2020 1278 3603 1348">
    <p class='ocr_par' dir='ltr' id='par_1_29' title="bbox 2020 1278 3603 1348">
     <span class='ocr_line' id='line_1_29' title="bbox 2020 1278 3603 1348; baseline 0.002 -15"><span class='ocrx_word' id='word_1_196' title='bbox 2020 1279 2222 1333; x_wconf 82' lang='lat' dir='ltr'><strong>nientes</strong></span> <span class='ocrx_word' id='word_1_197' title='bbox 2252 1278 2456 1345; x_wconf 80' lang='lat' dir='ltr'><strong>reddet,</strong></span> <span class='ocrx_word' id='word_1_198' title='bbox 2486 1278 2940 1348; x_wconf 84' lang='lat' dir='ltr'><strong>interpretentur,</strong></span> <span class='ocrx_word' id='word_1_199' title='bbox 2972 1287 3026 1332; x_wconf 89' lang='lat' dir='ltr'><strong>et</strong></span> <span class='ocrx_word' id='word_1_200' title='bbox 3060 1279 3125 1333; x_wconf 90' lang='lat' dir='ltr'><strong>ad</strong></span> <span class='ocrx_word' id='word_1_201' title='bbox 3153 1279 3375 1336; x_wconf 91' lang='lat' dir='ltr'><strong>ultimos</strong></span> <span class='ocrx_word' id='word_1_202' title='bbox 3402 1296 3603 1336; x_wconf 85' lang='lat' dir='ltr'><strong>sermo-</strong></span> 
     </span>
    </p>
   </div>
   <div class='ocr_carea' id='block_1_30' title="bbox 2019 1367 3605 1438">
    <p class='ocr_par' dir='ltr' id='par_1_30' title="bbox 2019 1367 3605 1438">
     <span class='ocr_line' id='line_1_30' title="bbox 2019 1367 3605 1438; baseline 0.001 -13"><span class='ocrx_word' id='word_1_203' title='bbox 2019 1385 2144 1426; x_wconf 87' lang='lat' dir='ltr'><strong>nem</strong></span> <span class='ocrx_word' id='word_1_204' title='bbox 2168 1370 2413 1426; x_wconf 86' lang='lat' dir='ltr'><strong>converti</strong></span> <span class='ocrx_word' id='word_1_205' title='bbox 2439 1369 2772 1425; x_wconf 83' lang='lat' dir='ltr'><strong>existiment.</strong></span> <span class='ocrx_word' id='word_1_206' title='bbox 2809 1367 2992 1438; x_wconf 77' lang='lat' dir='ltr'><strong>Pergit</strong></span> <span class='ocrx_word' id='word_1_207' title='bbox 3028 1385 3158 1425; x_wconf 83' lang='lat' dir='ltr'><strong>vero</strong></span> <span class='ocrx_word' id='word_1_208' title='bbox 3204 1370 3259 1423; x_wconf 92' lang='lat' dir='ltr'><strong>in</strong></span> <span class='ocrx_word' id='word_1_209' title='bbox 3291 1369 3441 1424; x_wconf 82' lang='lat' dir='ltr'><strong>hunc</strong></span> <span class='ocrx_word' id='word_1_210' title='bbox 3481 1387 3605 1427; x_wconf 89' lang='lat' dir='ltr'><strong>mo-</strong></span> 
     </span>
    </p>
   </div>
   <div class='ocr_carea' id='block_1_31' title="bbox 2019 1451 3606 1533">
    <p class='ocr_par' dir='ltr' id='par_1_31' title="bbox 2019 1451 3606 1533">
     <span class='ocr_line' id='line_1_31' title="bbox 2019 1451 3606 1533; baseline -0.001 -14"><span class='ocrx_word' id='word_1_211' title='bbox 2019 1451 2147 1519; x_wconf 85' lang='lat' dir='ltr'><strong>dum</strong></span> <span class='ocrx_word' id='word_1_212' title='bbox 2180 1462 2448 1533; x_wconf 85' lang='lat' dir='ltr'><strong>propheta</strong></span> <span class='ocrx_word' id='word_1_213' title='bbox 2475 1480 2489 1516; x_wconf 89' lang='lat'><strong>:</strong></span> <span class='ocrx_word' id='word_1_214' title='bbox 2523 1460 2774 1531; x_wconf 79' lang='lat' dir='ltr'><strong>Nunquid</strong></span> <span class='ocrx_word' id='word_1_215' title='bbox 2796 1462 2935 1515; x_wconf 80' lang='lat' dir='ltr'><strong>sicut</strong></span> <span class='ocrx_word' id='word_1_216' title='bbox 2966 1463 3077 1529; x_wconf 81' lang='lat' dir='ltr'><strong>ipse</strong></span> <span class='ocrx_word' id='word_1_217' title='bbox 3105 1464 3387 1530; x_wconf 79' lang='lat' dir='ltr'><strong>percussit,</strong></span> <span class='ocrx_word' id='word_1_218' title='bbox 3420 1473 3469 1517; x_wconf 87' lang='lat' dir='ltr'><strong>el</strong></span> <span class='ocrx_word' id='word_1_219' title='bbox 3495 1464 3606 1532; x_wconf 81' lang='lat' dir='ltr'><strong>ipse</strong></span> 
     </span>
    </p>
   </div>
   <div class='ocr_carea' id='block_1_32' title="bbox 2019 1550 3603 1621">
    <p class='ocr_par' dir='ltr' id='par_1_32' title="bbox 2019 1550 3603 1621">
     <span class='ocr_line' id='line_1_32' title="bbox 2019 1550 3603 1621; baseline -0.001 -15"><span class='ocrx_word' id='word_1_220' title='bbox 2019 1554 2097 1606; x_wconf 82' lang='lat' dir='ltr'><strong>sic</strong></span> <span class='ocrx_word' id='word_1_221' title='bbox 2136 1554 2434 1619; x_wconf 75' lang='lat' dir='ltr'><strong>percutiet?</strong></span> <span class='ocrx_word' id='word_1_222' title='bbox 2462 1566 2698 1621; x_wconf 88' lang='lat' dir='ltr'><strong>quorum</strong></span> <span class='ocrx_word' id='word_1_223' title='bbox 2733 1550 2823 1605; x_wconf 86' lang='lat' dir='ltr'><strong>hic</strong></span> <span class='ocrx_word' id='word_1_224' title='bbox 2845 1566 3043 1606; x_wconf 82' lang='lat' dir='ltr'><strong>sensus</strong></span> <span class='ocrx_word' id='word_1_225' title='bbox 3074 1562 3159 1608; x_wconf 91' lang='lat' dir='ltr'><strong>est</strong></span> <span class='ocrx_word' id='word_1_226' title='bbox 3192 1570 3206 1608; x_wconf 89' lang='lat'><strong>:</strong></span> <span class='ocrx_word' id='word_1_227' title='bbox 3234 1551 3371 1607; x_wconf 85' lang='lat' dir='ltr'><strong>Num</strong></span> <span class='ocrx_word' id='word_1_228' title='bbox 3400 1554 3603 1607; x_wconf 85' lang='lat' dir='ltr'><strong>malum</strong></span> 
     </span>
    </p>
   </div>
   <div class='ocr_carea' id='block_1_33' title="bbox 2020 1640 3605 1712">
    <p class='ocr_par' dir='ltr' id='par_1_33' title="bbox 2020 1640 3605 1712">
     <span class='ocr_line' id='line_1_33' title="bbox 2020 1640 3605 1712; baseline 0.002 -18"><span class='ocrx_word' id='word_1_229' title='bbox 2020 1640 2278 1712; x_wconf 77' lang='lat' dir='ltr'><strong>gentibus</strong></span> <span class='ocrx_word' id='word_1_230' title='bbox 2327 1648 2648 1711; x_wconf 79' lang='lat' dir='ltr'><strong>pensarunt,</strong></span> <span class='ocrx_word' id='word_1_231' title='bbox 2685 1640 2777 1709; x_wconf 88' lang='lat' dir='ltr'><strong>qui</strong></span> <span class='ocrx_word' id='word_1_232' title='bbox 2829 1654 3016 1708; x_wconf 87' lang='lat' dir='ltr'><strong>pacem</strong></span> <span class='ocrx_word' id='word_1_233' title='bbox 3071 1641 3153 1696; x_wconf 87' lang='lat' dir='ltr'><strong>eis</strong></span> <span class='ocrx_word' id='word_1_234' title='bbox 3209 1642 3605 1697; x_wconf 80' lang='lat' dir='ltr'><strong>annuntiantes</strong></span> 
     </span>
    </p>
   </div>
   <div class='ocr_carea' id='block_1_34' title="bbox 2020 1732 3605 1803">
    <p class='ocr_par' dir='ltr' id='par_1_34' title="bbox 2020 1732 3605 1803">
     <span class='ocr_line' id='line_1_34' title="bbox 2020 1732 3605 1803; baseline 0.004 -20"><span class='ocrx_word' id='word_1_235' title='bbox 2020 1732 2348 1803; x_wconf 81' lang='lat' dir='ltr'><strong>gravissima</strong></span> <span class='ocrx_word' id='word_1_236' title='bbox 2377 1747 2613 1802; x_wconf 75' lang='lat' dir='ltr'><strong>qmeque</strong></span> <span class='ocrx_word' id='word_1_237' title='bbox 2647 1732 2715 1786; x_wconf 91' lang='lat' dir='ltr'><strong>ab</strong></span> <span class='ocrx_word' id='word_1_238' title='bbox 2742 1732 2947 1787; x_wconf 87' lang='lat' dir='ltr'><strong>eisdem</strong></span> <span class='ocrx_word' id='word_1_239' title='bbox 2975 1733 3121 1803; x_wconf 88' lang='lat' dir='ltr'><strong>passi</strong></span> <span class='ocrx_word' id='word_1_240' title='bbox 3144 1734 3315 1788; x_wconf 80' lang='lat' dir='ltr'><strong>sunt&#39;?</strong></span> <span class='ocrx_word' id='word_1_241' title='bbox 3354 1733 3490 1789; x_wconf 85' lang='lat' dir='ltr'><strong>Hinc</strong></span> <span class='ocrx_word' id='word_1_242' title='bbox 3521 1741 3605 1789; x_wconf 87' lang='lat' dir='ltr'><strong>est</strong></span> 
     </span>
    </p>
   </div>
   <div class='ocr_carea' id='block_1_35' title="bbox 2021 1823 3605 1898">
    <p class='ocr_par' dir='ltr' id='par_1_35' title="bbox 2021 1823 3605 1898">
     <span class='ocr_line' id='line_1_35' title="bbox 2021 1823 3605 1898; baseline 0.002 -21"><span class='ocrx_word' id='word_1_243' title='bbox 2021 1823 2208 1895; x_wconf 82' lang='lat' dir='ltr'><strong>igitur,</strong></span> <span class='ocrx_word' id='word_1_244' title='bbox 2238 1824 2385 1894; x_wconf 89' lang='lat' dir='ltr'><strong>quod</strong></span> <span class='ocrx_word' id='word_1_245' title='bbox 2416 1824 2482 1879; x_wconf 90' lang='lat' dir='ltr'><strong>ad</strong></span> <span class='ocrx_word' id='word_1_246' title='bbox 2527 1823 2842 1880; x_wconf 90' lang='lat' dir='ltr'><strong>incredulos</strong></span> <span class='ocrx_word' id='word_1_247' title='bbox 2878 1827 2954 1878; x_wconf 81' lang='lat' dir='ltr'><strong>ait</strong></span> <span class='ocrx_word' id='word_1_248' title='bbox 2984 1843 2997 1879; x_wconf 93' lang='lat'>:</span> <span class='ocrx_word' id='word_1_249' title='bbox 3042 1824 3231 1882; x_wconf 77' lang='lat' dir='ltr'><strong>Nonne</strong></span> <span class='ocrx_word' id='word_1_250' title='bbox 3270 1835 3326 1880; x_wconf 87' lang='lat' dir='ltr'><strong>tu</strong></span> <span class='ocrx_word' id='word_1_251' title='bbox 3346 1844 3489 1892; x_wconf 80' lang='lat' dir='ltr'><strong>eras,</strong></span> <span class='ocrx_word' id='word_1_252' title='bbox 3513 1827 3605 1898; x_wconf 73' lang='lat' dir='ltr'><strong>qui</strong></span> 
     </span>
    </p>
   </div>
   <div class='ocr_carea' id='block_1_36' title="bbox 326 1910 1910 1990">
    <p class='ocr_par' dir='ltr' id='par_1_36' title="bbox 326 1912 1910 1990">
     <span class='ocr_line' id='line_1_36' title="bbox 326 1912 1910 1990; baseline 0 -21"><span class='ocrx_word' id='word_1_253' title='bbox 326 1916 465 1987; x_wconf 71' lang='grc' dir='ltr'>πρὸς</span> <span class='ocrx_word' id='word_1_254' title='bbox 488 1916 610 1979; x_wconf 80' lang='grc' dir='ltr'>τοὺς</span> <span class='ocrx_word' id='word_1_255' title='bbox 634 1915 898 1979; x_wconf 77' lang='grc' dir='ltr'><strong>ἀπίστους</strong></span> <span class='ocrx_word' id='word_1_256' title='bbox 931 1915 1119 1987; x_wconf 81' lang='grc' dir='ltr'>φησίν·</span> <span class='ocrx_word' id='word_1_257' title='bbox 1151 1917 1234 1990; x_wconf 69' lang='grc' dir='ltr'>Οὐ</span> <span class='ocrx_word' id='word_1_258' title='bbox 1283 1916 1366 1970; x_wconf 85' lang='grc' dir='ltr'>σὺ</span> <span class='ocrx_word' id='word_1_259' title='bbox 1389 1912 1552 1987; x_wconf 83' lang='grc' dir='ltr'>ἦσθα</span> <span class='ocrx_word' id='word_1_260' title='bbox 1584 1919 1618 1971; x_wconf 82' lang='grc' dir='ltr'><em>ὁ</em></span> <span class='ocrx_word' id='word_1_261' title='bbox 1644 1915 1910 1986; x_wconf 70' lang='grc' dir='ltr'>μελετῶν</span> 
     </span>
    </p>
   </div>
   <div class='ocr_carea' id='block_1_37' title="bbox 2014 1910 3602 1990">
    <p class='ocr_par' dir='ltr' id='par_1_37' title="bbox 2014 1915 3602 1988">
     <span class='ocr_line' id='line_1_37' title="bbox 2014 1915 3602 1988; baseline 0.002 -19"><span class='ocrx_word' id='word_1_262' title='bbox 2014 1915 2359 1971; x_wconf 83' lang='lat' dir='ltr'><strong>meditabaris</strong></span> <span class='ocrx_word' id='word_1_263' title='bbox 2398 1916 2591 1984; x_wconf 81' lang='lat' dir='ltr'><strong>spiritu</strong></span> <span class='ocrx_word' id='word_1_264' title='bbox 2617 1915 2752 1970; x_wconf 85' lang='lat' dir='ltr'><strong>duro</strong></span> <span class='ocrx_word' id='word_1_265' title='bbox 2772 1933 2863 1972; x_wconf 84' lang='lat' dir='ltr'><strong>eos</strong></span> <span class='ocrx_word' id='word_1_266' title='bbox 2906 1918 3200 1987; x_wconf 76' lang='lat' dir='ltr'><strong>inter/icere</strong></span> <span class='ocrx_word' id='word_1_267' title='bbox 3229 1919 3421 1986; x_wconf 80' lang='lat' dir='ltr'><strong>spiritu</strong></span> <span class='ocrx_word' id='word_1_268' title='bbox 3449 1920 3602 1988; x_wconf 79' lang='lat' dir='ltr'><strong>[uro-</strong></span> 
     </span>
    </p>
   </div>
   <div class='ocr_carea' id='block_1_38' title="bbox 327 2005 1908 2077">
    <p class='ocr_par' dir='ltr' id='par_1_38' title="bbox 327 2005 1908 2077">
     <span class='ocr_line' id='line_1_38' title="bbox 327 2005 1908 2077; baseline -0.002 -15"><span class='ocrx_word' id='word_1_269' title='bbox 327 2006 408 2073; x_wconf 82' lang='grc' dir='ltr'><strong>τῷ</strong></span> <span class='ocrx_word' id='word_1_270' title='bbox 451 2007 749 2077; x_wconf 75' lang='grc' dir='ltr'>πνεύματι</span> <span class='ocrx_word' id='word_1_271' title='bbox 786 2005 863 2072; x_wconf 82' lang='grc' dir='ltr'>τῷ</span> <span class='ocrx_word' id='word_1_272' title='bbox 894 2005 1146 2077; x_wconf 73' lang='grc' dir='ltr'>σκληρῷ</span> <span class='ocrx_word' id='word_1_273' title='bbox 1183 2006 1426 2062; x_wconf 78' lang='grc' dir='ltr'><strong>ἀνελεῖν</strong></span> <span class='ocrx_word' id='word_1_274' title='bbox 1452 2006 1677 2073; x_wconf 75' lang='grc' dir='ltr'>αὐτοὺς</span> <span class='ocrx_word' id='word_1_275' title='bbox 1721 2006 1908 2059; x_wconf 76' lang='grc' dir='ltr'><strong>πνεύ-</strong></span> 
     </span>
    </p>
   </div>
   <div class='ocr_carea' id='block_1_39' title="bbox 321 2082 1910 2170">
    <p class='ocr_par' dir='ltr' id='par_1_39' title="bbox 321 2082 1910 2170">
     <span class='ocr_line' id='line_1_39' title="bbox 321 2082 1910 2170; baseline -0.001 -17"><span class='ocrx_word' id='word_1_276' title='bbox 321 2116 463 2169; x_wconf 74' lang='grc' dir='ltr'>ματι</span> <span class='ocrx_word' id='word_1_277' title='bbox 496 2098 732 2168; x_wconf 80' lang='grc' dir='ltr'>θυμοῦ;</span> <span class='ocrx_word' id='word_1_278' title='bbox 795 2097 913 2151; x_wconf 82' lang='grc' dir='ltr'>ἀλλ’</span> <span class='ocrx_word' id='word_1_279' title='bbox 960 2082 1084 2152; x_wconf 68' lang='grc' dir='ltr'>ἐπεὶ</span> <span class='ocrx_word' id='word_1_280' title='bbox 1135 2098 1319 2154; x_wconf 82' lang='grc' dir='ltr'>πάντα</span> <span class='ocrx_word' id='word_1_281' title='bbox 1372 2098 1574 2170; x_wconf 79' lang='grc' dir='ltr'>ἔφερον</span> <span class='ocrx_word' id='word_1_282' title='bbox 1644 2098 1910 2167; x_wconf 86' lang='grc' dir='ltr'>γενναίως</span> 
     </span>
    </p>
   </div>
   <div class='ocr_carea' id='block_1_40' title="bbox 323 2188 1911 2261">
    <p class='ocr_par' dir='ltr' id='par_1_40' title="bbox 323 2188 1911 2261">
     <span class='ocr_line' id='line_1_40' title="bbox 323 2188 1911 2261; baseline -0.001 -17"><span class='ocrx_word' id='word_1_283' title='bbox 323 2190 410 2244; x_wconf 81' lang='grc' dir='ltr'><strong>διὰ</strong></span> <span class='ocrx_word' id='word_1_284' title='bbox 438 2189 697 2261; x_wconf 84' lang='grc' dir='ltr'>Χριστὸν,</span> <span class='ocrx_word' id='word_1_285' title='bbox 725 2189 1063 2260; x_wconf 75' lang='grc' dir='ltr'>ἐπήνεγκεν·</span> <span class='ocrx_word' id='word_1_286' title='bbox 1102 2188 1588 2259; x_wconf 72' lang='grc' dir='ltr'>Ἀφαιρεθήσεται</span> <span class='ocrx_word' id='word_1_287' title='bbox 1616 2190 1654 2257; x_wconf 75' lang='grc' dir='ltr'>ἡ</span> <span class='ocrx_word' id='word_1_288' title='bbox 1692 2188 1911 2257; x_wconf 74' lang='grc' dir='ltr'>ἀνομία</span> 
     </span>
    </p>
   </div>
   <div class='ocr_carea' id='block_1_41' title="bbox 324 2277 1911 2354">
    <p class='ocr_par' dir='ltr' id='par_1_41' title="bbox 324 2277 1911 2354">
     <span class='ocr_line' id='line_1_41' title="bbox 324 2277 1911 2354; baseline -0.002 -17"><span class='ocrx_word' id='word_1_289' title='bbox 324 2281 543 2346; x_wconf 77' lang='grc' dir='ltr'>Ἰακὼϐ,</span> <span class='ocrx_word' id='word_1_290' title='bbox 577 2281 735 2336; x_wconf 82' lang='grc' dir='ltr'>τοῦτο</span> <span class='ocrx_word' id='word_1_291' title='bbox 755 2282 927 2336; x_wconf 78' lang='grc' dir='ltr'>αίτιον</span> <span class='ocrx_word' id='word_1_292' title='bbox 947 2283 1049 2351; x_wconf 85' lang='grc' dir='ltr'>τῆς</span> <span class='ocrx_word' id='word_1_293' title='bbox 1072 2280 1183 2336; x_wconf 89' lang='grc' dir='ltr'><strong>τῶν</strong></span> <span class='ocrx_word' id='word_1_294' title='bbox 1204 2282 1493 2354; x_wconf 82' lang='grc' dir='ltr'>ἁμαρτιῶν</span> <span class='ocrx_word' id='word_1_295' title='bbox 1527 2277 1795 2351; x_wconf 81' lang='grc' dir='ltr'>ἀφέσεως,</span> <span class='ocrx_word' id='word_1_296' title='bbox 1816 2282 1911 2335; x_wconf 72' lang='grc' dir='ltr'><strong>καὶ</strong></span> 
     </span>
    </p>
   </div>
   <div class='ocr_carea' id='block_1_42' title="bbox 323 2370 1910 2445">
    <p class='ocr_par' dir='ltr' id='par_1_42' title="bbox 323 2370 1910 2445">
     <span class='ocr_line' id='line_1_42' title="bbox 323 2370 1910 2445; baseline 0.001 -21"><span class='ocrx_word' id='word_1_297' title='bbox 323 2372 421 2443; x_wconf 80' lang='grc' dir='ltr'>τῆς</span> <span class='ocrx_word' id='word_1_298' title='bbox 476 2372 725 2441; x_wconf 73' lang='grc' dir='ltr'>εὐλογίας</span> <span class='ocrx_word' id='word_1_299' title='bbox 761 2370 953 2427; x_wconf 75' lang='grc' dir='ltr'>εἰπών.</span> <span class='ocrx_word' id='word_1_300' title='bbox 1011 2373 1074 2426; x_wconf 83' lang='lat' dir='ltr'><strong>Ei</strong></span> <span class='ocrx_word' id='word_1_301' title='bbox 1120 2373 1233 2444; x_wconf 83' lang='grc' dir='ltr'>γὰρ</span> <span class='ocrx_word' id='word_1_302' title='bbox 1301 2372 1610 2445; x_wconf 84' lang='grc' dir='ltr'>σωθήσεται</span> <span class='ocrx_word' id='word_1_303' title='bbox 1664 2372 1757 2426; x_wconf 82' lang='grc' dir='ltr'><strong>διὰ</strong></span> <span class='ocrx_word' id='word_1_304' title='bbox 1806 2371 1910 2442; x_wconf 78' lang='grc' dir='ltr'><strong>τῆς</strong></span> 
     </span>
    </p>
   </div>
   <div class='ocr_carea' id='block_1_43' title="bbox 322 2463 1909 2538">
    <p class='ocr_par' dir='ltr' id='par_1_43' title="bbox 322 2463 1909 2538">
     <span class='ocr_line' id='line_1_43' title="bbox 322 2463 1909 2538; baseline 0.001 -20"><span class='ocrx_word' id='word_1_305' title='bbox 322 2465 692 2534; x_wconf 74' lang='grc' dir='ltr'>τεκνογονίας,</span> <span class='ocrx_word' id='word_1_306' title='bbox 730 2463 832 2518; x_wconf 71' lang='grc' dir='ltr'><strong>ἐὰν</strong></span> <span class='ocrx_word' id='word_1_307' title='bbox 861 2464 1122 2535; x_wconf 80' lang='grc' dir='ltr'>μείνωσιν</span> <span class='ocrx_word' id='word_1_308' title='bbox 1155 2466 1215 2518; x_wconf 81' lang='grc' dir='ltr'>ὲν</span> <span class='ocrx_word' id='word_1_309' title='bbox 1242 2465 1425 2519; x_wconf 79' lang='grc' dir='ltr'>πίστει</span> <span class='ocrx_word' id='word_1_310' title='bbox 1461 2467 1557 2519; x_wconf 74' lang='grc' dir='ltr'><strong>καὶ</strong></span> <span class='ocrx_word' id='word_1_311' title='bbox 1587 2465 1781 2538; x_wconf 74' lang='grc' dir='ltr'>ἀγάπῃ</span> <span class='ocrx_word' id='word_1_312' title='bbox 1812 2467 1909 2521; x_wconf 73' lang='grc' dir='ltr'><strong>καὶ</strong></span> 
     </span>
    </p>
   </div>
   <div class='ocr_carea' id='block_1_44' title="bbox 323 2556 1907 2629">
    <p class='ocr_par' dir='ltr' id='par_1_44' title="bbox 323 2556 1907 2629">
     <span class='ocr_line' id='line_1_44' title="bbox 323 2556 1907 2629; baseline -0.001 -17"><span class='ocrx_word' id='word_1_313' title='bbox 323 2556 581 2627; x_wconf 80' lang='grc' dir='ltr'>ἁγιασμῷ</span> <span class='ocrx_word' id='word_1_314' title='bbox 637 2556 776 2628; x_wconf 82' lang='grc' dir='ltr'>μετὰ</span> <span class='ocrx_word' id='word_1_315' title='bbox 830 2556 1214 2629; x_wconf 81' lang='grc' dir='ltr'>σωφροσύνης,</span> <span class='ocrx_word' id='word_1_316' title='bbox 1253 2557 1397 2612; x_wconf 79' lang='grc' dir='ltr'>κατὰ</span> <span class='ocrx_word' id='word_1_317' title='bbox 1426 2559 1520 2612; x_wconf 71' lang='grc' dir='ltr'>τὸν</span> <span class='ocrx_word' id='word_1_318' title='bbox 1560 2557 1907 2623; x_wconf 81' lang='grc' dir='ltr'>Ἀπόστολον,</span> 
     </span>
    </p>
   </div>
   <div class='ocr_carea' id='block_1_45' title="bbox 324 2646 1906 2715">
    <p class='ocr_par' dir='ltr' id='par_1_45' title="bbox 324 2646 1906 2715">
     <span class='ocr_line' id='line_1_45' title="bbox 324 2646 1906 2715; baseline 0 -14"><span class='ocrx_word' id='word_1_319' title='bbox 324 2646 618 2701; x_wconf 75' lang='grc' dir='ltr'>ἀκόλουθόν</span> <span class='ocrx_word' id='word_1_320' title='bbox 634 2646 749 2705; x_wconf 69' lang='grc' dir='ltr'>ἐστι</span> <span class='ocrx_word' id='word_1_321' title='bbox 770 2646 865 2701; x_wconf 75' lang='grc' dir='ltr'>καὶ</span> <span class='ocrx_word' id='word_1_322' title='bbox 888 2646 997 2702; x_wconf 77' lang='grc' dir='ltr'><strong>τὸν</strong></span> <span class='ocrx_word' id='word_1_323' title='bbox 1028 2647 1229 2704; x_wconf 79' lang='grc' dir='ltr'>Ἰακὼϐ</span> <span class='ocrx_word' id='word_1_324' title='bbox 1250 2649 1418 2705; x_wconf 80' lang='grc' dir='ltr'>τέκνα</span> <span class='ocrx_word' id='word_1_325' title='bbox 1438 2648 1906 2715; x_wconf 72' lang='grc' dir='ltr'>βλαστήσαντα,</span> 
     </span>
    </p>
   </div>
   <div class='ocr_carea' id='block_1_46' title="bbox 323 2736 1905 2811">
    <p class='ocr_par' dir='ltr' id='par_1_46' title="bbox 323 2736 1905 2811">
     <span class='ocr_line' id='line_1_46' title="bbox 323 2736 1905 2811; baseline -0.001 -20"><span class='ocrx_word' id='word_1_326' title='bbox 323 2737 412 2791; x_wconf 83' lang='grc' dir='ltr'><strong>διὰ</strong></span> <span class='ocrx_word' id='word_1_327' title='bbox 439 2736 756 2809; x_wconf 83' lang='grc' dir='ltr'>τῆςτούτων</span> <span class='ocrx_word' id='word_1_328' title='bbox 778 2738 984 2810; x_wconf 78' lang='grc' dir='ltr'>ἀρετῆς</span> <span class='ocrx_word' id='word_1_329' title='bbox 1011 2738 1341 2810; x_wconf 82' lang='grc' dir='ltr'>κοινωνῆσαι</span> <span class='ocrx_word' id='word_1_330' title='bbox 1363 2737 1543 2792; x_wconf 89' lang='grc' dir='ltr'>αὐτῶν</span> <span class='ocrx_word' id='word_1_331' title='bbox 1572 2740 1638 2811; x_wconf 82' lang='grc' dir='ltr'>τῇ</span> <span class='ocrx_word' id='word_1_332' title='bbox 1665 2738 1905 2809; x_wconf 77' lang='grc' dir='ltr'>εὐλογίᾳ.</span> 
     </span>
    </p>
   </div>
   <div class='ocr_carea' id='block_1_47' title="bbox 324 2829 1907 2906">
    <p class='ocr_par' dir='ltr' id='par_1_47' title="bbox 324 2829 1907 2906">
     <span class='ocr_line' id='line_1_47' title="bbox 324 2829 1907 2906; baseline 0 -22"><span class='ocrx_word' id='word_1_333' title='bbox 324 2831 485 2900; x_wconf 86' lang='grc' dir='ltr'>Δηλοῖ</span> <span class='ocrx_word' id='word_1_334' title='bbox 512 2829 570 2882; x_wconf 79' lang='grc' dir='ltr'><strong>δὲ</strong></span> <span class='ocrx_word' id='word_1_335' title='bbox 630 2829 863 2896; x_wconf 78' lang='grc' dir='ltr'>πολλοὺς</span> <span class='ocrx_word' id='word_1_336' title='bbox 905 2830 996 2884; x_wconf 85' lang='grc' dir='ltr'>διὰ</span> <span class='ocrx_word' id='word_1_337' title='bbox 1024 2831 1123 2901; x_wconf 82' lang='grc' dir='ltr'>τῆς</span> <span class='ocrx_word' id='word_1_338' title='bbox 1162 2830 1532 2906; x_wconf 78' lang='grc' dir='ltr'>ἀποστολικῇς</span> <span class='ocrx_word' id='word_1_339' title='bbox 1564 2829 1907 2899; x_wconf 85' lang='grc' dir='ltr'>σωθήσεσθαι</span> 
     </span>
    </p>
   </div>
   <div class='ocr_carea' id='block_1_48' title="bbox 248 2923 1901 2998">
    <p class='ocr_par' dir='ltr' id='par_1_48' title="bbox 248 2923 1901 2998">
     <span class='ocr_line' id='line_1_48' title="bbox 248 2923 1901 2998; baseline -0.001 -20"><span class='ocrx_word' id='word_1_340' title='bbox 248 2964 253 2967; x_wconf 87' lang='grc'><strong><em>-</em></strong></span> <span class='ocrx_word' id='word_1_341' title='bbox 325 2924 546 2995; x_wconf 80' lang='grc' dir='ltr'>χάριτος</span> <span class='ocrx_word' id='word_1_342' title='bbox 578 2923 816 2981; x_wconf 74' lang='grc' dir='ltr'>καὶτῶν</span> <span class='ocrx_word' id='word_1_343' title='bbox 856 2925 999 2979; x_wconf 82' lang='grc' dir='ltr'>κατὰ</span> <span class='ocrx_word' id='word_1_344' title='bbox 1048 2925 1228 2998; x_wconf 81' lang='grc' dir='ltr'>σάρκα</span> <span class='ocrx_word' id='word_1_345' title='bbox 1285 2924 1647 2994; x_wconf 87' lang='grc' dir='ltr'>γειτνιώντων</span> <span class='ocrx_word' id='word_1_346' title='bbox 1702 2924 1901 2987; x_wconf 84' lang='grc' dir='ltr'>αὐτοῖς.</span> 
     </span>
    </p>
   </div>
   <div class='ocr_carea' id='block_1_49' title="bbox 324 3016 1909 3090">
    <p class='ocr_par' dir='ltr' id='par_1_49' title="bbox 324 3016 1909 3090">
     <span class='ocr_line' id='line_1_49' title="bbox 324 3016 1909 3090; baseline 0 -19"><span class='ocrx_word' id='word_1_347' title='bbox 324 3017 576 3079; x_wconf 76' lang='grc' dir='ltr'>Μάλιστα</span> <span class='ocrx_word' id='word_1_348' title='bbox 632 3017 688 3070; x_wconf 83' lang='grc' dir='ltr'><strong>δὲ</strong></span> <span class='ocrx_word' id='word_1_349' title='bbox 724 3016 898 3072; x_wconf 86' lang='grc' dir='ltr'>ταῦτα</span> <span class='ocrx_word' id='word_1_350' title='bbox 942 3018 1271 3089; x_wconf 84' lang='grc' dir='ltr'>γενήσεσθαί</span> <span class='ocrx_word' id='word_1_351' title='bbox 1320 3035 1454 3090; x_wconf 86' lang='grc' dir='ltr'>φησι</span> <span class='ocrx_word' id='word_1_352' title='bbox 1493 3017 1594 3088; x_wconf 83' lang='grc' dir='ltr'>τῆς</span> <span class='ocrx_word' id='word_1_353' title='bbox 1626 3016 1909 3071; x_wconf 78' lang='grc' dir='ltr'>εἰδωλολα-</span> 
     </span>
    </p>
   </div>
   <div class='ocr_carea' id='block_1_50' title="bbox 323 3109 1909 3182">
    <p class='ocr_par' dir='ltr' id='par_1_50' title="bbox 323 3109 1909 3182">
     <span class='ocr_line' id='line_1_50' title="bbox 323 3109 1909 3182; baseline 0.001 -22"><span class='ocrx_word' id='word_1_354' title='bbox 323 3109 511 3181; x_wconf 84' lang='grc' dir='ltr'>τρεῐας</span> <span class='ocrx_word' id='word_1_355' title='bbox 572 3110 1030 3182; x_wconf 78' lang='grc' dir='ltr'>καταργουμένης</span> <span class='ocrx_word' id='word_1_356' title='bbox 1084 3112 1149 3182; x_wconf 82' lang='grc' dir='ltr'>τῇ</span> <span class='ocrx_word' id='word_1_357' title='bbox 1211 3109 1323 3164; x_wconf 88' lang='grc' dir='ltr'><strong>τῶν</strong></span> <span class='ocrx_word' id='word_1_358' title='bbox 1392 3109 1704 3182; x_wconf 74' lang='grc' dir='ltr'>εἰρημένων</span> <span class='ocrx_word' id='word_1_359' title='bbox 1758 3109 1909 3163; x_wconf 86' lang='grc' dir='ltr'>διδα-</span> 
     </span>
    </p>
   </div>
   <div class='ocr_carea' id='block_1_51' title="bbox 327 3201 544 3270">
    <p class='ocr_par' dir='ltr' id='par_1_51' title="bbox 327 3201 544 3270">
     <span class='ocr_line' id='line_1_51' title="bbox 327 3201 544 3270; baseline 0.014 -16"><span class='ocrx_word' id='word_1_360' title='bbox 327 3201 544 3270; x_wconf 81' lang='grc' dir='ltr'>σκαλίᾳ.</span> 
     </span>
    </p>
   </div>
   <div class='ocr_carea' id='block_1_52' title="bbox 396 3364 1910 3453">
    <p class='ocr_par' dir='ltr' id='par_1_52' title="bbox 396 3364 1910 3453">
     <span class='ocr_line' id='line_1_52' title="bbox 396 3364 1910 3453; baseline 0.001 -19"><span class='ocrx_word' id='word_1_361' title='bbox 396 3364 554 3445; x_wconf 80' lang='grc' dir='ltr'>Τινὲς</span> <span class='ocrx_word' id='word_1_362' title='bbox 580 3381 637 3435; x_wconf 81' lang='grc' dir='ltr'><strong>δέ</strong></span> <span class='ocrx_word' id='word_1_363' title='bbox 659 3398 847 3452; x_wconf 84' lang='grc' dir='ltr'>φασιν,</span> <span class='ocrx_word' id='word_1_364' title='bbox 879 3381 1182 3453; x_wconf 73' lang='grc' dir='ltr'>ἐπειδήπερ</span> <span class='ocrx_word' id='word_1_365' title='bbox 1213 3376 1389 3447; x_wconf 79' lang='grc' dir='ltr'>εἶπεν,</span> <span class='ocrx_word' id='word_1_366' title='bbox 1421 3382 1502 3451; x_wconf 86' lang='grc' dir='ltr'>ὠς</span> <span class='ocrx_word' id='word_1_367' title='bbox 1522 3381 1561 3449; x_wconf 79' lang='grc' dir='ltr'><strong><em>ὴ</em></strong></span> <span class='ocrx_word' id='word_1_368' title='bbox 1587 3383 1910 3452; x_wconf 73' lang='grc' dir='ltr'>οικουμένη</span> 
     </span>
    </p>
   </div>
   <div class='ocr_carea' id='block_1_53' title="bbox 326 3472 1911 3545">
    <p class='ocr_par' dir='ltr' id='par_1_53' title="bbox 326 3472 1911 3545">
     <span class='ocr_line' id='line_1_53' title="bbox 326 3472 1911 3545; baseline -0.001 -17"><span class='ocrx_word' id='word_1_369' title='bbox 326 3474 430 3530; x_wconf 79' lang='grc' dir='ltr'><strong>τοῦ</strong></span> <span class='ocrx_word' id='word_1_370' title='bbox 457 3474 690 3545; x_wconf 70' lang='grc' dir='ltr'>καρποῦ</span> <span class='ocrx_word' id='word_1_371' title='bbox 716 3472 826 3530; x_wconf 77' lang='grc' dir='ltr'>τοῦ</span> <span class='ocrx_word' id='word_1_372' title='bbox 847 3474 1091 3543; x_wconf 73' lang='grc' dir='ltr'>Ἰσραὴλ</span> <span class='ocrx_word' id='word_1_373' title='bbox 1112 3475 1630 3544; x_wconf 69' lang='grc' dir='ltr'><strong>ἐμπλησθήσεται,</strong></span> <span class='ocrx_word' id='word_1_374' title='bbox 1662 3475 1739 3540; x_wconf 84' lang='grc' dir='ltr'>ὥς</span> <span class='ocrx_word' id='word_1_375' title='bbox 1768 3492 1911 3538; x_wconf 79' lang='grc' dir='ltr'>τινος</span> 
     </span>
    </p>
   </div>
   <div class='ocr_carea' id='block_1_54' title="bbox 326 3565 1910 3639">
    <p class='ocr_par' dir='ltr' id='par_1_54' title="bbox 326 3565 1910 3639">
     <span class='ocr_line' id='line_1_54' title="bbox 326 3565 1910 3639; baseline 0.001 -20"><span class='ocrx_word' id='word_1_376' title='bbox 326 3565 794 3637; x_wconf 80' lang='grc' dir='ltr'>ἁνθυποφέροντος</span> <span class='ocrx_word' id='word_1_377' title='bbox 813 3581 830 3598; x_wconf 80' lang='grc'><strong><em>⁸</em></strong></span> <span class='ocrx_word' id='word_1_378' title='bbox 856 3568 950 3621; x_wconf 78' lang='grc' dir='ltr'>καὶ</span> <span class='ocrx_word' id='word_1_379' title='bbox 972 3567 1080 3639; x_wconf 80' lang='grc' dir='ltr'>μὴν</span> <span class='ocrx_word' id='word_1_380' title='bbox 1106 3568 1301 3637; x_wconf 80' lang='grc' dir='ltr'>γέγονε</span> <span class='ocrx_word' id='word_1_381' title='bbox 1337 3568 1631 3636; x_wconf 72' lang='grc' dir='ltr'>σκληρὸς,</span> <span class='ocrx_word' id='word_1_382' title='bbox 1660 3569 1754 3621; x_wconf 75' lang='grc' dir='ltr'><strong>καὶ</strong></span> <span class='ocrx_word' id='word_1_383' title='bbox 1783 3568 1910 3630; x_wconf 84' lang='grc' dir='ltr'><strong>τούς</strong></span> 
     </span>
    </p>
   </div>
   <div class='ocr_carea' id='block_1_55' title="bbox 328 3657 1909 3730">
    <p class='ocr_par' dir='ltr' id='par_1_55' title="bbox 328 3657 1909 3730">
     <span class='ocr_line' id='line_1_55' title="bbox 328 3657 1909 3730; baseline 0.001 -19"><span class='ocrx_word' id='word_1_384' title='bbox 328 3657 513 3725; x_wconf 78' lang='grc' dir='ltr'>ἁγίους</span> <span class='ocrx_word' id='word_1_385' title='bbox 546 3657 835 3721; x_wconf 80' lang='grc' dir='ltr'>ἀπέκτεινέ</span> <span class='ocrx_word' id='word_1_386' title='bbox 867 3676 1055 3730; x_wconf 82' lang='grc' dir='ltr'>φησιν,</span> <span class='ocrx_word' id='word_1_387' title='bbox 1107 3659 1184 3724; x_wconf 84' lang='grc' dir='ltr'>ὡς</span> <span class='ocrx_word' id='word_1_388' title='bbox 1209 3660 1272 3712; x_wconf 90' lang='grc' dir='ltr'><strong>οὐ</strong></span> <span class='ocrx_word' id='word_1_389' title='bbox 1302 3659 1439 3729; x_wconf 81' lang='grc' dir='ltr'>πρὸς</span> <span class='ocrx_word' id='word_1_390' title='bbox 1470 3658 1505 3712; x_wconf 76' lang='grc' dir='ltr'>ἃ</span> <span class='ocrx_word' id='word_1_391' title='bbox 1534 3658 1777 3729; x_wconf 75' lang='grc' dir='ltr'>ἔπραξαν</span> <span class='ocrx_word' id='word_1_392' title='bbox 1811 3660 1909 3713; x_wconf 85' lang='grc' dir='ltr'>αὐ-</span> 
     </span>
    </p>
   </div>
   <div class='ocr_carea' id='block_1_56' title="bbox 326 3748 1909 3822">
    <p class='ocr_par' dir='ltr' id='par_1_56' title="bbox 326 3748 1909 3822">
     <span class='ocr_line' id='line_1_56' title="bbox 326 3748 1909 3822; baseline 0.002 -22"><span class='ocrx_word' id='word_1_393' title='bbox 326 3749 525 3818; x_wconf 80' lang='grc' dir='ltr'>τοῖ;,ὴ</span> <span class='ocrx_word' id='word_1_394' title='bbox 579 3750 677 3820; x_wconf 78' lang='grc' dir='ltr'><strong>τῆς</strong></span> <span class='ocrx_word' id='word_1_395' title='bbox 730 3749 1071 3821; x_wconf 73' lang='grc' dir='ltr'>ἡμερότητος</span> <span class='ocrx_word' id='word_1_396' title='bbox 1112 3759 1149 3780; x_wconf 83' lang='grc'><strong>¹¹¹</strong></span> <span class='ocrx_word' id='word_1_397' title='bbox 1179 3748 1490 3822; x_wconf 81' lang='grc' dir='ltr'>προσῆλθεν</span> <span class='ocrx_word' id='word_1_398' title='bbox 1533 3748 1706 3819; x_wconf 76' lang='grc' dir='ltr'>πηγὴ,</span> <span class='ocrx_word' id='word_1_399' title='bbox 1741 3749 1909 3803; x_wconf 87' lang='grc' dir='ltr'>νικῶν</span> 
     </span>
    </p>
   </div>
   <div class='ocr_carea' id='block_1_57' title="bbox 326 3829 1910 3912">
    <p class='ocr_par' dir='ltr' id='par_1_57' title="bbox 326 3829 1910 3912">
     <span class='ocr_line' id='line_1_57' title="bbox 326 3829 1910 3912; baseline 0.001 -22"><span class='ocrx_word' id='word_1_400' title='bbox 326 3838 379 3891; x_wconf 79' lang='grc' dir='ltr'><strong>δὲ</strong></span> <span class='ocrx_word' id='word_1_401' title='bbox 408 3829 814 3912; x_wconf 69' lang='grc' dir='ltr'>φιλανθρωπία,</span> <span class='ocrx_word' id='word_1_402' title='bbox 876 3839 979 3901; x_wconf 87' lang='grc' dir='ltr'><strong>οὐκ</strong></span> <span class='ocrx_word' id='word_1_403' title='bbox 1031 3840 1110 3904; x_wconf 75' lang='grc' dir='ltr'>εἰς</span> <span class='ocrx_word' id='word_1_404' title='bbox 1145 3839 1295 3906; x_wconf 75' lang='grc' dir='ltr'>ἅπαξ</span> <span class='ocrx_word' id='word_1_405' title='bbox 1331 3839 1524 3893; x_wconf 83' lang='grc' dir='ltr'>ἀπολεῖ</span> <span class='ocrx_word' id='word_1_406' title='bbox 1549 3839 1613 3894; x_wconf 82' lang='grc' dir='ltr'>τὸ</span> <span class='ocrx_word' id='word_1_407' title='bbox 1657 3840 1744 3894; x_wconf 80' lang='grc' dir='ltr'><strong>διὰ</strong></span> <span class='ocrx_word' id='word_1_408' title='bbox 1779 3839 1910 3904; x_wconf 75' lang='grc' dir='ltr'>τοὺς</span> 
     </span>
    </p>
   </div>
   <div class='ocr_carea' id='block_1_58' title="bbox 330 3928 1909 4003">
    <p class='ocr_par' dir='ltr' id='par_1_58' title="bbox 330 3928 1909 4003">
     <span class='ocr_line' id='line_1_58' title="bbox 330 3928 1909 4003; baseline 0.002 -23"><span class='ocrx_word' id='word_1_409' title='bbox 330 3928 572 3997; x_wconf 77' lang='grc' dir='ltr'>πατέρας</span> <span class='ocrx_word' id='word_1_410' title='bbox 601 3928 902 3984; x_wconf 84' lang='grc' dir='ltr'>ἀπόλεκτον</span> <span class='ocrx_word' id='word_1_411' title='bbox 926 3932 1105 3998; x_wconf 76' lang='grc' dir='ltr'>γένος.</span> <span class='ocrx_word' id='word_1_412' title='bbox 1140 3929 1444 4003; x_wconf 73' lang='grc' dir='ltr'>Τοιγαροῦν</span> <span class='ocrx_word' id='word_1_413' title='bbox 1484 3931 1619 4001; x_wconf 68' lang='grc' dir='ltr'>φησι</span> <span class='ocrx_word' id='word_1_414' title='bbox 1649 3930 1738 3984; x_wconf 83' lang='grc' dir='ltr'><strong>διά</strong></span> <span class='ocrx_word' id='word_1_415' title='bbox 1763 3947 1909 3994; x_wconf 88' lang='grc' dir='ltr'>τινος</span> 
     </span>
    </p>
   </div>
   <div class='ocr_carea' id='block_1_59' title="bbox 326 4019 1904 4092">
    <p class='ocr_par' dir='ltr' id='par_1_59' title="bbox 326 4019 1904 4092">
     <span class='ocr_line' id='line_1_59' title="bbox 326 4019 1904 4092; baseline 0.003 -21"><span class='ocrx_word' id='word_1_416' title='bbox 326 4019 433 4072; x_wconf 88' lang='grc' dir='ltr'><strong>τῶν</strong></span> <span class='ocrx_word' id='word_1_417' title='bbox 463 4019 756 4092; x_wconf 79' lang='grc' dir='ltr'>προφητῶν</span> <span class='ocrx_word' id='word_1_418' title='bbox 783 4022 811 4074; x_wconf 84' lang='grc' dir='ltr'>ὀ</span> <span class='ocrx_word' id='word_1_419' title='bbox 836 4019 998 4084; x_wconf 78' lang='grc' dir='ltr'><strong>Θεόςο</strong></span> <span class='ocrx_word' id='word_1_420' title='bbox 1035 4039 1057 4073; x_wconf 76' lang='grc' dir='ltr'><strong>ι</strong></span> <span class='ocrx_word' id='word_1_421' title='bbox 1095 4021 1163 4074; x_wconf 84' lang='grc' dir='ltr'>Τί</span> <span class='ocrx_word' id='word_1_422' title='bbox 1210 4038 1293 4076; x_wconf 89' lang='grc' dir='ltr'><strong>σοι</strong></span> <span class='ocrx_word' id='word_1_423' title='bbox 1332 4022 1567 4092; x_wconf 81' lang='grc' dir='ltr'>ποιήσω,</span> <span class='ocrx_word' id='word_1_424' title='bbox 1624 4021 1904 4092; x_wconf 83' lang='grc' dir='ltr'>Ἐφραΐμ;</span> 
     </span>
    </p>
   </div>
   <div class='ocr_carea' id='block_1_60' title="bbox 328 4110 1908 4185">
    <p class='ocr_par' dir='ltr' id='par_1_60' title="bbox 328 4110 1908 4185">
     <span class='ocr_line' id='line_1_60' title="bbox 328 4110 1908 4185; baseline 0.001 -22"><span class='ocrx_word' id='word_1_425' title='bbox 328 4110 391 4173; x_wconf 83' lang='grc' dir='ltr'>Τί</span> <span class='ocrx_word' id='word_1_426' title='bbox 421 4127 504 4164; x_wconf 89' lang='grc' dir='ltr'><strong>σοι</strong></span> <span class='ocrx_word' id='word_1_427' title='bbox 549 4112 781 4183; x_wconf 82' lang='grc' dir='ltr'>ποιήσω,</span> <span class='ocrx_word' id='word_1_428' title='bbox 824 4110 1024 4179; x_wconf 77' lang='grc' dir='ltr'>Ἰούδας</span> <span class='ocrx_word' id='word_1_429' title='bbox 1066 4112 1155 4176; x_wconf 80' lang='grc' dir='ltr'>Ὠς</span> <span class='ocrx_word' id='word_1_430' title='bbox 1192 4113 1403 4179; x_wconf 78' lang='grc' dir='ltr'>Ἀδαμὰ</span> <span class='ocrx_word' id='word_1_431' title='bbox 1431 4112 1671 4185; x_wconf 75' lang='grc' dir='ltr'>θήσομαί</span> <span class='ocrx_word' id='word_1_432' title='bbox 1697 4130 1779 4176; x_wconf 89' lang='grc' dir='ltr'><strong>σε,</strong></span> <span class='ocrx_word' id='word_1_433' title='bbox 1811 4111 1908 4169; x_wconf 77' lang='grc' dir='ltr'>καὶ</span> 
     </span>
    </p>
   </div>
   <div class='ocr_carea' id='block_1_61' title="bbox 325 4201 1905 4278">
    <p class='ocr_par' dir='ltr' id='par_1_61' title="bbox 325 4201 1905 4278">
     <span class='ocr_line' id='line_1_61' title="bbox 325 4201 1905 4278; baseline 0.005 -25"><span class='ocrx_word' id='word_1_434' title='bbox 325 4201 401 4265; x_wconf 86' lang='grc' dir='ltr'>ὡς</span> <span class='ocrx_word' id='word_1_435' title='bbox 435 4201 683 4274; x_wconf 78' lang='grc' dir='ltr'>Σεόωείμ</span> <span class='ocrx_word' id='word_1_436' title='bbox 702 4209 723 4264; x_wconf 74' lang='grc' dir='ltr'>ς’</span> <span class='ocrx_word' id='word_1_437' title='bbox 747 4203 1114 4278; x_wconf 74' lang='grc' dir='ltr'>Μετεστράφη</span> <span class='ocrx_word' id='word_1_438' title='bbox 1135 4207 1169 4275; x_wconf 82' lang='grc' dir='ltr'><strong>ἡ</strong></span> <span class='ocrx_word' id='word_1_439' title='bbox 1193 4204 1390 4277; x_wconf 77' lang='grc' dir='ltr'>καρδία</span> <span class='ocrx_word' id='word_1_440' title='bbox 1417 4223 1518 4276; x_wconf 89' lang='grc' dir='ltr'><strong>μου</strong></span> <span class='ocrx_word' id='word_1_441' title='bbox 1544 4206 1604 4258; x_wconf 83' lang='grc' dir='ltr'>ὲν</span> <span class='ocrx_word' id='word_1_442' title='bbox 1625 4205 1702 4277; x_wconf 82' lang='grc' dir='ltr'><strong>τῷ</strong></span> <span class='ocrx_word' id='word_1_443' title='bbox 1735 4205 1905 4276; x_wconf 86' lang='grc' dir='ltr'>αὐτῷ.</span> 
     </span>
    </p>
   </div>
   <div class='ocr_carea' id='block_1_62' title="bbox 327 4293 1910 4371">
    <p class='ocr_par' dir='ltr' id='par_1_62' title="bbox 327 4293 1910 4371">
     <span class='ocr_line' id='line_1_62' title="bbox 327 4293 1910 4371; baseline 0.004 -24"><span class='ocrx_word' id='word_1_444' title='bbox 327 4293 710 4367; x_wconf 78' lang='grc' dir='ltr'>Συνεταράχθη</span> <span class='ocrx_word' id='word_1_445' title='bbox 734 4297 766 4369; x_wconf 81' lang='grc' dir='ltr'>ἡ</span> <span class='ocrx_word' id='word_1_446' title='bbox 804 4297 1139 4368; x_wconf 79' lang='grc' dir='ltr'>μεταμέλειά</span> <span class='ocrx_word' id='word_1_447' title='bbox 1168 4315 1290 4367; x_wconf 88' lang='grc' dir='ltr'>μου.</span> <span class='ocrx_word' id='word_1_448' title='bbox 1326 4299 1401 4352; x_wconf 87' lang='grc' dir='ltr'>Οὐ</span> <span class='ocrx_word' id='word_1_449' title='bbox 1424 4299 1502 4370; x_wconf 80' lang='grc' dir='ltr'>μὴ</span> <span class='ocrx_word' id='word_1_450' title='bbox 1530 4299 1742 4371; x_wconf 79' lang='grc' dir='ltr'>ποιήσω</span> <span class='ocrx_word' id='word_1_451' title='bbox 1766 4299 1910 4353; x_wconf 74' lang='grc' dir='ltr'>κατὰ</span> 
     </span>
    </p>
   </div>
   <div class='ocr_carea' id='block_1_63' title="bbox 326 4385 1911 4461">
    <p class='ocr_par' dir='ltr' id='par_1_63' title="bbox 326 4385 1911 4461">
     <span class='ocr_line' id='line_1_63' title="bbox 326 4385 1911 4461; baseline 0.003 -22"><span class='ocrx_word' id='word_1_452' title='bbox 326 4385 422 4456; x_wconf 82' lang='grc' dir='ltr'>τὴν</span> <span class='ocrx_word' id='word_1_453' title='bbox 455 4388 623 4457; x_wconf 80' lang='grc' dir='ltr'>ὀργὴν</span> <span class='ocrx_word' id='word_1_454' title='bbox 653 4386 747 4441; x_wconf 82' lang='grc' dir='ltr'>τοῦ</span> <span class='ocrx_word' id='word_1_455' title='bbox 788 4387 962 4458; x_wconf 86' lang='grc' dir='ltr'>θυμοῦ</span> <span class='ocrx_word' id='word_1_456' title='bbox 992 4406 1117 4458; x_wconf 86' lang='grc' dir='ltr'>μου.</span> <span class='ocrx_word' id='word_1_457' title='bbox 1148 4390 1263 4452; x_wconf 82' lang='grc' dir='ltr'>Οὐκ</span> <span class='ocrx_word' id='word_1_458' title='bbox 1290 4390 1671 4461; x_wconf 67' lang='grc' dir='ltr'>ἐγκαταλείψω</span> <span class='ocrx_word' id='word_1_459' title='bbox 1694 4390 1787 4444; x_wconf 82' lang='grc' dir='ltr'><strong>τοῦ</strong></span> <span class='ocrx_word' id='word_1_460' title='bbox 1823 4391 1911 4458; x_wconf 76' lang='grc' dir='ltr'><strong>ἐξ·</strong></span> 
     </span>
    </p>
   </div>
   <div class='ocr_carea' id='block_1_64' title="bbox 326 4474 1909 4551">
    <p class='ocr_par' dir='ltr' id='par_1_64' title="bbox 326 4474 1909 4551">
     <span class='ocr_line' id='line_1_64' title="bbox 326 4474 1909 4551; baseline 0.007 -24"><span class='ocrx_word' id='word_1_461' title='bbox 326 4474 648 4547; x_wconf 81' lang='grc' dir='ltr'>αλειφθῆναι</span> <span class='ocrx_word' id='word_1_462' title='bbox 683 4477 774 4531; x_wconf 79' lang='grc' dir='ltr'>τὸν</span> <span class='ocrx_word' id='word_1_463' title='bbox 814 4477 1076 4551; x_wconf 70' lang='grc' dir='ltr'>Ἐφραίμ,</span> <span class='ocrx_word' id='word_1_464' title='bbox 1110 4481 1243 4541; x_wconf 79' lang='grc' dir='ltr'>διότι</span> <span class='ocrx_word' id='word_1_465' title='bbox 1270 4480 1401 4546; x_wconf 69' lang='grc' dir='ltr'>Θεὸς</span> <span class='ocrx_word' id='word_1_466' title='bbox 1433 4480 1544 4551; x_wconf 78' lang='grc' dir='ltr'>ἐγὼ</span> <span class='ocrx_word' id='word_1_467' title='bbox 1575 4483 1633 4535; x_wconf 84' lang='grc' dir='ltr'>ὲν</span> <span class='ocrx_word' id='word_1_468' title='bbox 1672 4483 1777 4550; x_wconf 76' lang='grc' dir='ltr'>σοὶ,</span> <span class='ocrx_word' id='word_1_469' title='bbox 1816 4483 1909 4538; x_wconf 72' lang='grc' dir='ltr'><strong>καὶ</strong></span> 
     </span>
    </p>
   </div>
   <div class='ocr_carea' id='block_1_65' title="bbox 2011 2007 3597 2078">
    <p class='ocr_par' dir='ltr' id='par_1_65' title="bbox 2011 2007 3597 2078">
     <span class='ocr_line' id='line_1_65' title="bbox 2011 2007 3597 2078; baseline 0.003 -15"><span class='ocrx_word' id='word_1_470' title='bbox 2011 2009 2085 2063; x_wconf 84' lang='lat' dir='ltr'><strong>ris</strong></span> <span class='ocrx_word' id='word_1_471' title='bbox 2109 2011 2132 2064; x_wconf 85' lang='lat'><strong><em>?</em></strong></span> <span class='ocrx_word' id='word_1_472' title='bbox 2154 2007 2224 2061; x_wconf 81' lang='lat' dir='ltr'><strong>At</strong></span> <span class='ocrx_word' id='word_1_473' title='bbox 2252 2008 2514 2078; x_wconf 87' lang='lat' dir='ltr'><strong>quoniam</strong></span> <span class='ocrx_word' id='word_1_474' title='bbox 2559 2009 2745 2064; x_wconf 88' lang='lat' dir='ltr'><strong>omnia</strong></span> <span class='ocrx_word' id='word_1_475' title='bbox 2774 2009 2995 2066; x_wconf 85' lang='lat' dir='ltr'><strong>fortiter</strong></span> <span class='ocrx_word' id='word_1_476' title='bbox 3018 2011 3222 2066; x_wconf 83' lang='lat' dir='ltr'><strong>Christi</strong></span> <span class='ocrx_word' id='word_1_477' title='bbox 3254 2013 3479 2068; x_wconf 91' lang='lat' dir='ltr'><strong>nomine</strong></span> <span class='ocrx_word' id='word_1_478' title='bbox 3512 2012 3597 2068; x_wconf 87' lang='lat' dir='ltr'><strong>fe-</strong></span> 
     </span>
    </p>
   </div>
   <div class='ocr_carea' id='block_1_66' title="bbox 2010 2099 3599 2174">
    <p class='ocr_par' dir='ltr' id='par_1_66' title="bbox 2010 2099 3599 2174">
     <span class='ocr_line' id='line_1_66' title="bbox 2010 2099 3599 2174; baseline 0.003 -21"><span class='ocrx_word' id='word_1_479' title='bbox 2010 2099 2549 2169; x_wconf 77' lang='lat' dir='ltr'><strong>rebant,Auferetur,</strong></span> <span class='ocrx_word' id='word_1_480' title='bbox 2567 2100 2801 2165; x_wconf 85' lang='lat' dir='ltr'><strong>addidit,</strong></span> <span class='ocrx_word' id='word_1_481' title='bbox 2822 2104 3075 2169; x_wconf 77' lang='lat' dir='ltr'><strong>iniquitas</strong></span> <span class='ocrx_word' id='word_1_482' title='bbox 3104 2101 3273 2158; x_wconf 81' lang='lat' dir='ltr'><strong>Jacob</strong></span> <span class='ocrx_word' id='word_1_483' title='bbox 3295 2119 3313 2166; x_wconf 87' lang='lat'><strong><em>;</em></strong></span> <span class='ocrx_word' id='word_1_484' title='bbox 3341 2113 3599 2174; x_wconf 82' lang='lat' dir='ltr'><strong>tanquam</strong></span> 
     </span>
    </p>
   </div>
   <div class='ocr_carea' id='block_1_67' title="bbox 2009 2192 3602 2265">
    <p class='ocr_par' dir='ltr' id='par_1_67' title="bbox 2009 2192 3602 2265">
     <span class='ocr_line' id='line_1_67' title="bbox 2009 2192 3602 2265; baseline 0.003 -20"><span class='ocrx_word' id='word_1_485' title='bbox 2009 2205 2131 2246; x_wconf 88' lang='lat' dir='ltr'><strong>eam</strong></span> <span class='ocrx_word' id='word_1_486' title='bbox 2180 2192 2590 2261; x_wconf 76' lang='lat' dir='ltr'><strong>consequentiae</strong></span> <span class='ocrx_word' id='word_1_487' title='bbox 2635 2203 2989 2261; x_wconf 87' lang='lat' dir='ltr'><strong>peccatorum</strong></span> <span class='ocrx_word' id='word_1_488' title='bbox 3044 2195 3405 2258; x_wconf 87' lang='lat' dir='ltr'><strong>remissionis,</strong></span> <span class='ocrx_word' id='word_1_489' title='bbox 3438 2205 3602 2265; x_wconf 83' lang='lat' dir='ltr'><strong>atque</strong></span> 
     </span>
    </p>
   </div>
   <div class='ocr_carea' id='block_1_68' title="bbox 2010 2282 3594 2342">
    <p class='ocr_par' dir='ltr' id='par_1_68' title="bbox 2010 2282 3594 2342">
     <span class='ocr_line' id='line_1_68' title="bbox 2010 2282 3594 2342; baseline 0.003 -5"><span class='ocrx_word' id='word_1_490' title='bbox 2010 2282 2149 2338; x_wconf 86' lang='lat' dir='ltr'><strong>adeo</strong></span> <span class='ocrx_word' id='word_1_491' title='bbox 2188 2282 2594 2339; x_wconf 87' lang='lat' dir='ltr'><strong>benedictionis</strong></span> <span class='ocrx_word' id='word_1_492' title='bbox 2626 2299 2850 2338; x_wconf 83' lang='lat' dir='ltr'><strong>causam</strong></span> <span class='ocrx_word' id='word_1_493' title='bbox 2889 2300 3013 2340; x_wconf 88' lang='lat' dir='ltr'><strong>esse</strong></span> <span class='ocrx_word' id='word_1_494' title='bbox 3043 2285 3304 2340; x_wconf 81' lang='lat' dir='ltr'><strong>fateatur.</strong></span> <span class='ocrx_word' id='word_1_495' title='bbox 3348 2285 3406 2340; x_wconf 88' lang='lat' dir='ltr'><strong>Si</strong></span> <span class='ocrx_word' id='word_1_496' title='bbox 3446 2290 3594 2342; x_wconf 88' lang='lat' dir='ltr'><strong>enim</strong></span> 
     </span>
    </p>
   </div>
   <div class='ocr_carea' id='block_1_69' title="bbox 2010 2375 3594 2447">
    <p class='ocr_par' dir='ltr' id='par_1_69' title="bbox 2010 2375 3594 2447">
     <span class='ocr_line' id='line_1_69' title="bbox 2010 2375 3594 2447; baseline 0.002 -19"><span class='ocrx_word' id='word_1_497' title='bbox 2010 2383 2237 2446; x_wconf 89' lang='lat' dir='ltr'><strong>propter</strong></span> <span class='ocrx_word' id='word_1_498' title='bbox 2266 2375 2498 2430; x_wconf 89' lang='lat' dir='ltr'><strong>filiorum</strong></span> <span class='ocrx_word' id='word_1_499' title='bbox 2526 2377 2972 2447; x_wconf 81' lang='lat' dir='ltr'><strong>procreationem</strong></span> <span class='ocrx_word' id='word_1_500' title='bbox 3005 2378 3191 2433; x_wconf 87' lang='lat' dir='ltr'><strong>salvus</strong></span> <span class='ocrx_word' id='word_1_501' title='bbox 3231 2375 3447 2431; x_wconf 89' lang='lat' dir='ltr'><strong>futurus</strong></span> <span class='ocrx_word' id='word_1_502' title='bbox 3469 2389 3551 2434; x_wconf 90' lang='lat' dir='ltr'><strong>est</strong></span> <span class='ocrx_word' id='word_1_503' title='bbox 3580 2396 3594 2444; x_wconf 89' lang='lat'><strong>;</strong></span> 
     </span>
    </p>
   </div>
   <div class='ocr_carea' id='block_1_70' title="bbox 2011 2466 3600 2533">
    <p class='ocr_par' dir='ltr' id='par_1_70' title="bbox 2011 2466 3600 2533">
     <span class='ocr_line' id='line_1_70' title="bbox 2011 2466 3600 2533; baseline 0.003 -11"><span class='ocrx_word' id='word_1_504' title='bbox 2011 2466 2057 2522; x_wconf 91' lang='lat' dir='ltr'><strong>si</strong></span> <span class='ocrx_word' id='word_1_505' title='bbox 2095 2468 2149 2521; x_wconf 91' lang='lat' dir='ltr'><strong>in</strong></span> <span class='ocrx_word' id='word_1_506' title='bbox 2184 2468 2305 2533; x_wconf 88' lang='lat' dir='ltr'><strong>fide,</strong></span> <span class='ocrx_word' id='word_1_507' title='bbox 2348 2471 2392 2524; x_wconf 93' lang='lat' dir='ltr'><strong>si</strong></span> <span class='ocrx_word' id='word_1_508' title='bbox 2430 2469 2483 2522; x_wconf 93' lang='lat' dir='ltr'><strong>in</strong></span> <span class='ocrx_word' id='word_1_509' title='bbox 2516 2468 2831 2531; x_wconf 85' lang='lat' dir='ltr'><strong>dilectione.</strong></span> <span class='ocrx_word' id='word_1_510' title='bbox 2868 2469 2912 2522; x_wconf 91' lang='lat' dir='ltr'><strong>si</strong></span> <span class='ocrx_word' id='word_1_511' title='bbox 2950 2469 3003 2523; x_wconf 91' lang='lat' dir='ltr'><strong>in</strong></span> <span class='ocrx_word' id='word_1_512' title='bbox 3034 2469 3471 2525; x_wconf 75' lang='lat' dir='ltr'><strong>sanctificatione</strong></span> <span class='ocrx_word' id='word_1_513' title='bbox 3504 2472 3600 2526; x_wconf 87' lang='lat' dir='ltr'><strong>de-</strong></span> 
     </span>
    </p>
   </div>
   <div class='ocr_carea' id='block_1_71' title="bbox 2011 2558 3594 2632">
    <p class='ocr_par' dir='ltr' id='par_1_71' title="bbox 2011 2558 3594 2632">
     <span class='ocr_line' id='line_1_71' title="bbox 2011 2558 3594 2632; baseline 0.003 -20"><span class='ocrx_word' id='word_1_514' title='bbox 2011 2558 2178 2629; x_wconf 90' lang='lat' dir='ltr'><strong>nique</strong></span> <span class='ocrx_word' id='word_1_515' title='bbox 2216 2567 2269 2614; x_wconf 88' lang='lat' dir='ltr'><strong>et</strong></span> <span class='ocrx_word' id='word_1_516' title='bbox 2295 2561 2614 2623; x_wconf 86' lang='lat' dir='ltr'><strong>sobrietate.</strong></span> <span class='ocrx_word' id='word_1_517' title='bbox 2647 2561 2723 2615; x_wconf 90' lang='lat' dir='ltr'><strong>ait</strong></span> <span class='ocrx_word' id='word_1_518' title='bbox 2741 2560 3038 2630; x_wconf 85' lang='lat' dir='ltr'><strong>Apostolus</strong></span> <span class='ocrx_word' id='word_1_519' title='bbox 3062 2562 3129 2622; x_wconf 82' lang='grc'><strong>⁵³.</strong></span> <span class='ocrx_word' id='word_1_520' title='bbox 3154 2563 3594 2632; x_wconf 85' lang='lat' dir='ltr'><strong>permanserint;</strong></span> 
     </span>
    </p>
   </div>
   <div class='ocr_carea' id='block_1_72' title="bbox 2007 2648 3597 2724">
    <p class='ocr_par' dir='ltr' id='par_1_72' title="bbox 2007 2648 3597 2724">
     <span class='ocr_line' id='line_1_72' title="bbox 2007 2648 3597 2724; baseline 0.002 -21"><span class='ocrx_word' id='word_1_521' title='bbox 2007 2659 2058 2703; x_wconf 82' lang='lat' dir='ltr'><strong>et</strong></span> <span class='ocrx_word' id='word_1_522' title='bbox 2090 2648 2351 2702; x_wconf 82' lang='lat' dir='ltr'><strong>Jacobum</strong></span> <span class='ocrx_word' id='word_1_523' title='bbox 2378 2651 2555 2720; x_wconf 87' lang='lat' dir='ltr'><strong>ipsum</strong></span> <span class='ocrx_word' id='word_1_524' title='bbox 2586 2650 2749 2724; x_wconf 59' lang='lat'><strong>352</strong></span> <span class='ocrx_word' id='word_1_525' title='bbox 2770 2651 2862 2721; x_wconf 90' lang='lat' dir='ltr'><strong>qui</strong></span> <span class='ocrx_word' id='word_1_526' title='bbox 2894 2651 3035 2720; x_wconf 78' lang='lat' dir='ltr'><strong>ﬁlios</strong></span> <span class='ocrx_word' id='word_1_527' title='bbox 3065 2651 3349 2721; x_wconf 72' lang='lat' dir='ltr'><strong>produxit,</strong></span> <span class='ocrx_word' id='word_1_528' title='bbox 3375 2668 3597 2708; x_wconf 89' lang='lat' dir='ltr'><strong>eorum-</strong></span> 
     </span>
    </p>
   </div>
   <div class='ocr_carea' id='block_1_73' title="bbox 2009 2741 3598 2814">
    <p class='ocr_par' dir='ltr' id='par_1_73' title="bbox 2009 2741 3598 2814">
     <span class='ocr_line' id='line_1_73' title="bbox 2009 2741 3598 2814; baseline 0.003 -18"><span class='ocrx_word' id='word_1_529' title='bbox 2009 2741 2135 2796; x_wconf 90' lang='lat' dir='ltr'><strong>dem</strong></span> <span class='ocrx_word' id='word_1_530' title='bbox 2175 2741 2398 2797; x_wconf 86' lang='lat' dir='ltr'><strong>virtutis</strong></span> <span class='ocrx_word' id='word_1_531' title='bbox 2434 2752 2487 2797; x_wconf 88' lang='lat' dir='ltr'><strong>et</strong></span> <span class='ocrx_word' id='word_1_532' title='bbox 2514 2741 2922 2798; x_wconf 88' lang='lat' dir='ltr'><strong>benedictionis</strong></span> <span class='ocrx_word' id='word_1_533' title='bbox 2949 2744 3275 2814; x_wconf 88' lang='lat' dir='ltr'><strong>participem</strong></span> <span class='ocrx_word' id='word_1_534' title='bbox 3314 2743 3430 2799; x_wconf 85' lang='lat' dir='ltr'><strong>fieri</strong></span> <span class='ocrx_word' id='word_1_535' title='bbox 3460 2758 3598 2800; x_wconf 91' lang='lat' dir='ltr'><strong>con-</strong></span> 
     </span>
    </p>
   </div>
   <div class='ocr_carea' id='block_1_74' title="bbox 2010 2831 3589 2903">
    <p class='ocr_par' dir='ltr' id='par_1_74' title="bbox 2010 2831 3589 2903">
     <span class='ocr_line' id='line_1_74' title="bbox 2010 2831 3589 2903; baseline -0.001 -16"><span class='ocrx_word' id='word_1_536' title='bbox 2010 2847 2249 2902; x_wconf 86' lang='lat' dir='ltr'><strong>sequens</strong></span> <span class='ocrx_word' id='word_1_537' title='bbox 2283 2831 2467 2886; x_wconf 89' lang='lat' dir='ltr'><strong>fuerit.</strong></span> <span class='ocrx_word' id='word_1_538' title='bbox 2495 2831 2783 2900; x_wconf 82' lang='lat' dir='ltr'><strong>Significat</strong></span> <span class='ocrx_word' id='word_1_539' title='bbox 2813 2839 2995 2886; x_wconf 87' lang='lat' dir='ltr'><strong>autem</strong></span> <span class='ocrx_word' id='word_1_540' title='bbox 3058 2833 3358 2903; x_wconf 76' lang='lat' dir='ltr'><strong>apostolica</strong></span> <span class='ocrx_word' id='word_1_541' title='bbox 3411 2833 3589 2903; x_wconf 87' lang='lat' dir='ltr'><strong>gratia</strong></span> 
     </span>
    </p>
   </div>
   <div class='ocr_carea' id='block_1_75' title="bbox 2008 2924 3583 2995">
    <p class='ocr_par' dir='ltr' id='par_1_75' title="bbox 2008 2924 3583 2995">
     <span class='ocr_line' id='line_1_75' title="bbox 2008 2924 3583 2995; baseline 0.001 -18"><span class='ocrx_word' id='word_1_542' title='bbox 2008 2925 2312 2994; x_wconf 86' lang='lat' dir='ltr'><strong>permultos</strong></span> <span class='ocrx_word' id='word_1_543' title='bbox 2338 2940 2402 2979; x_wconf 81' lang='lat' dir='ltr'><strong>ex</strong></span> <span class='ocrx_word' id='word_1_544' title='bbox 2443 2940 2637 2979; x_wconf 87' lang='lat' dir='ltr'><strong>eorum</strong></span> <span class='ocrx_word' id='word_1_545' title='bbox 2668 2925 2833 2979; x_wconf 87' lang='lat' dir='ltr'><strong>etiam</strong></span> <span class='ocrx_word' id='word_1_546' title='bbox 2860 2940 3109 2986; x_wconf 86' lang='lat' dir='ltr'><strong>numero,</strong></span> <span class='ocrx_word' id='word_1_547' title='bbox 3140 2924 3230 2994; x_wconf 88' lang='lat' dir='ltr'><strong>qui</strong></span> <span class='ocrx_word' id='word_1_548' title='bbox 3256 2924 3583 2995; x_wconf 88' lang='lat' dir='ltr'><strong>propinqui-</strong></span> 
     </span>
    </p>
   </div>
   <div class='ocr_carea' id='block_1_76' title="bbox 2012 3016 3589 3089">
    <p class='ocr_par' dir='ltr' id='par_1_76' title="bbox 2012 3016 3589 3089">
     <span class='ocr_line' id='line_1_76' title="bbox 2012 3016 3589 3089; baseline 0.001 -19"><span class='ocrx_word' id='word_1_549' title='bbox 2012 3023 2124 3071; x_wconf 92' lang='lat' dir='ltr'><strong>tate</strong></span> <span class='ocrx_word' id='word_1_550' title='bbox 2162 3016 2448 3087; x_wconf 80' lang='lat' dir='ltr'><strong>sanguinis</strong></span> <span class='ocrx_word' id='word_1_551' title='bbox 2479 3016 2605 3071; x_wconf 90' lang='lat' dir='ltr'><strong>illos</strong></span> <span class='ocrx_word' id='word_1_552' title='bbox 2632 3016 2932 3089; x_wconf 88' lang='lat' dir='ltr'><strong>attingunt,</strong></span> <span class='ocrx_word' id='word_1_553' title='bbox 2968 3016 3201 3071; x_wconf 88' lang='lat' dir='ltr'><strong>salutem</strong></span> <span class='ocrx_word' id='word_1_554' title='bbox 3243 3031 3365 3072; x_wconf 89' lang='lat' dir='ltr'><strong>esse</strong></span> <span class='ocrx_word' id='word_1_555' title='bbox 3391 3031 3589 3072; x_wconf 88' lang='lat' dir='ltr'><strong>conse-</strong></span> 
     </span>
    </p>
   </div>
   <div class='ocr_carea' id='block_1_77' title="bbox 2010 3107 3596 3177">
    <p class='ocr_par' dir='ltr' id='par_1_77' title="bbox 2010 3107 3596 3177">
     <span class='ocr_line' id='line_1_77' title="bbox 2010 3107 3596 3177; baseline -0.002 -16"><span class='ocrx_word' id='word_1_556' title='bbox 2010 3113 2258 3162; x_wconf 88' lang='lat' dir='ltr'><strong>cuturos.</strong></span> <span class='ocrx_word' id='word_1_557' title='bbox 2310 3108 2413 3161; x_wconf 88' lang='lat' dir='ltr'><strong>Ista</strong></span> <span class='ocrx_word' id='word_1_558' title='bbox 2445 3115 2628 3161; x_wconf 89' lang='lat' dir='ltr'><strong>autem</strong></span> <span class='ocrx_word' id='word_1_559' title='bbox 2668 3116 2784 3162; x_wconf 89' lang='lat' dir='ltr'><strong>tum</strong></span> <span class='ocrx_word' id='word_1_560' title='bbox 2846 3107 2962 3164; x_wconf 88' lang='lat' dir='ltr'><strong>fore</strong></span> <span class='ocrx_word' id='word_1_561' title='bbox 2994 3108 3252 3170; x_wconf 67' lang='lat' dir='ltr'><strong>maxime,</strong></span> <span class='ocrx_word' id='word_1_562' title='bbox 3313 3121 3436 3160; x_wconf 93' lang='lat' dir='ltr'><strong>cum</strong></span> <span class='ocrx_word' id='word_1_563' title='bbox 3499 3122 3596 3177; x_wconf 84' lang='lat' dir='ltr'><strong>per</strong></span> 
     </span>
    </p>
   </div>
   <div class='ocr_carea' id='block_1_78' title="bbox 2010 3183 3595 3270">
    <p class='ocr_par' dir='ltr' id='par_1_78' title="bbox 2010 3183 3595 3270">
     <span class='ocr_line' id='line_1_78' title="bbox 2010 3183 3595 3270; baseline -0.001 -17"><span class='ocrx_word' id='word_1_564' title='bbox 2010 3212 2223 3262; x_wconf 90' lang='lat' dir='ltr'><strong>eorum,</strong></span> <span class='ocrx_word' id='word_1_565' title='bbox 2246 3213 2384 3269; x_wconf 87' lang='lat' dir='ltr'><strong>quos</strong></span> <span class='ocrx_word' id='word_1_566' title='bbox 2416 3214 2583 3270; x_wconf 87' lang='lat' dir='ltr'><strong>supra</strong></span> <span class='ocrx_word' id='word_1_567' title='bbox 2624 3199 2926 3267; x_wconf 83' lang='lat' dir='ltr'><strong>nominavi,</strong></span> <span class='ocrx_word' id='word_1_568' title='bbox 2954 3198 3266 3254; x_wconf 83' lang='lat' dir='ltr'><strong>doctrinam</strong></span> <span class='ocrx_word' id='word_1_569' title='bbox 3310 3183 3595 3254; x_wconf 84' lang='lat' dir='ltr'><strong>idolorum</strong></span> 
     </span>
    </p>
   </div>
   <div class='ocr_carea' id='block_1_79' title="bbox 2012 3290 2542 3347">
    <p class='ocr_par' dir='ltr' id='par_1_79' title="bbox 2012 3290 2542 3347">
     <span class='ocr_line' id='line_1_79' title="bbox 2012 3290 2542 3347; baseline -0.006 -1"><span class='ocrx_word' id='word_1_570' title='bbox 2012 3290 2196 3346; x_wconf 89' lang='lat' dir='ltr'><strong>cultus</strong></span> <span class='ocrx_word' id='word_1_571' title='bbox 2234 3294 2542 3347; x_wconf 87' lang='lat' dir='ltr'><strong>evanuerit.</strong></span> 
     </span>
    </p>
   </div>
   <div class='ocr_carea' id='block_1_80' title="bbox 2080 3378 3596 3451">
    <p class='ocr_par' dir='ltr' id='par_1_80' title="bbox 2080 3378 3596 3451">
     <span class='ocr_line' id='line_1_80' title="bbox 2080 3378 3596 3451; baseline -0.002 -15"><span class='ocrx_word' id='word_1_572' title='bbox 2080 3382 2251 3437; x_wconf 81' lang='lat' dir='ltr'><strong>Aiunt</strong></span> <span class='ocrx_word' id='word_1_573' title='bbox 2283 3397 2413 3438; x_wconf 90' lang='lat' dir='ltr'><strong>vero</strong></span> <span class='ocrx_word' id='word_1_574' title='bbox 2459 3380 2730 3438; x_wconf 86' lang='lat' dir='ltr'><strong>nonnulli.</strong></span> <span class='ocrx_word' id='word_1_575' title='bbox 2766 3380 2895 3451; x_wconf 79' lang='lat' dir='ltr'><strong>quia</strong></span> <span class='ocrx_word' id='word_1_576' title='bbox 2941 3379 3118 3449; x_wconf 78' lang='lat' dir='ltr'><strong>fructu</strong></span> <span class='ocrx_word' id='word_1_577' title='bbox 3152 3378 3374 3434; x_wconf 81' lang='lat' dir='ltr'><strong>Israelis</strong></span> <span class='ocrx_word' id='word_1_578' title='bbox 3422 3379 3596 3435; x_wconf 82' lang='lat' dir='ltr'><strong>orbem</strong></span> 
     </span>
    </p>
   </div>
   <div class='ocr_carea' id='block_1_81' title="bbox 2010 3471 3597 3544">
    <p class='ocr_par' dir='ltr' id='par_1_81' title="bbox 2010 3471 3597 3544">
     <span class='ocr_line' id='line_1_81' title="bbox 2010 3471 3597 3544; baseline -0.002 -16"><span class='ocrx_word' id='word_1_579' title='bbox 2010 3485 2275 3530; x_wconf 85' lang='lat' dir='ltr'><strong>terrarum</strong></span> <span class='ocrx_word' id='word_1_580' title='bbox 2298 3474 2552 3544; x_wconf 83' lang='lat' dir='ltr'><strong>repletum</strong></span> <span class='ocrx_word' id='word_1_581' title='bbox 2574 3474 2643 3527; x_wconf 86' lang='lat' dir='ltr'><strong>iri</strong></span> <span class='ocrx_word' id='word_1_582' title='bbox 2671 3471 2834 3538; x_wconf 77' lang='lat' dir='ltr'><strong>dixit,</strong></span> <span class='ocrx_word' id='word_1_583' title='bbox 2853 3478 3113 3541; x_wconf 86' lang='lat' dir='ltr'><strong>tanquam</strong></span> <span class='ocrx_word' id='word_1_584' title='bbox 3144 3480 3471 3526; x_wconf 86' lang='lat' dir='ltr'><strong>occurrente</strong></span> <span class='ocrx_word' id='word_1_585' title='bbox 3497 3472 3597 3525; x_wconf 85' lang='lat' dir='ltr'><strong>ali-</strong></span> 
     </span>
    </p>
   </div>
   <div class='ocr_carea' id='block_1_82' title="bbox 2009 3564 3597 3638">
    <p class='ocr_par' dir='ltr' id='par_1_82' title="bbox 2009 3564 3597 3638">
     <span class='ocr_line' id='line_1_82' title="bbox 2009 3564 3597 3638; baseline -0.001 -20"><span class='ocrx_word' id='word_1_586' title='bbox 2009 3580 2139 3638; x_wconf 86' lang='lat' dir='ltr'><strong>quo,</strong></span> <span class='ocrx_word' id='word_1_587' title='bbox 2166 3574 2220 3621; x_wconf 88' lang='lat' dir='ltr'><strong>et</strong></span> <span class='ocrx_word' id='word_1_588' title='bbox 2252 3575 2533 3629; x_wconf 88' lang='lat' dir='ltr'><strong>monente,</strong></span> <span class='ocrx_word' id='word_1_589' title='bbox 2564 3564 2759 3617; x_wconf 84' lang='lat' dir='ltr'><strong>durum</strong></span> <span class='ocrx_word' id='word_1_590' title='bbox 2806 3578 2930 3618; x_wconf 92' lang='lat' dir='ltr'><strong>eum</strong></span> <span class='ocrx_word' id='word_1_591' title='bbox 2966 3564 3273 3628; x_wconf 58' lang='lat' dir='ltr'><strong>exstitisse,</strong></span> <span class='ocrx_word' id='word_1_592' title='bbox 3300 3579 3410 3618; x_wconf 93' lang='lat' dir='ltr'><strong>non</strong></span> <span class='ocrx_word' id='word_1_593' title='bbox 3439 3565 3504 3618; x_wconf 92' lang='lat' dir='ltr'><strong>ad</strong></span> <span class='ocrx_word' id='word_1_594' title='bbox 3532 3578 3597 3618; x_wconf 86' lang='lat' dir='ltr'><strong>ea</strong></span> 
     </span>
    </p>
   </div>
   <div class='ocr_carea' id='block_1_83' title="bbox 2010 3654 3591 3726">
    <p class='ocr_par' dir='ltr' id='par_1_83' title="bbox 2010 3654 3591 3726">
     <span class='ocr_line' id='line_1_83' title="bbox 2010 3654 3591 3726; baseline -0.002 -15"><span class='ocrx_word' id='word_1_595' title='bbox 2010 3672 2205 3726; x_wconf 88' lang='lat' dir='ltr'><strong>usque,</strong></span> <span class='ocrx_word' id='word_1_596' title='bbox 2231 3671 2355 3726; x_wconf 65' lang='lat' dir='ltr'><strong>qua:</strong></span> <span class='ocrx_word' id='word_1_597' title='bbox 2376 3656 2429 3710; x_wconf 92' lang='lat' dir='ltr'><strong>in</strong></span> <span class='ocrx_word' id='word_1_598' title='bbox 2462 3656 2603 3710; x_wconf 90' lang='lat' dir='ltr'><strong>istos</strong></span> <span class='ocrx_word' id='word_1_599' title='bbox 2634 3655 2725 3710; x_wconf 91' lang='lat' dir='ltr'><strong>ille</strong></span> <span class='ocrx_word' id='word_1_600' title='bbox 2755 3655 3013 3725; x_wconf 87' lang='lat' dir='ltr'><strong>patrarit,</strong></span> <span class='ocrx_word' id='word_1_601' title='bbox 3043 3654 3242 3710; x_wconf 79' lang='lat' dir='ltr'><strong>divina:</strong></span> <span class='ocrx_word' id='word_1_602' title='bbox 3269 3664 3591 3713; x_wconf 83' lang='lat' dir='ltr'><strong>mansuetu-</strong></span> 
     </span>
    </p>
   </div>
   <div class='ocr_carea' id='block_1_84' title="bbox 2008 3745 3597 3819">
    <p class='ocr_par' dir='ltr' id='par_1_84' title="bbox 2008 3745 3597 3819">
     <span class='ocr_line' id='line_1_84' title="bbox 2008 3745 3597 3819; baseline -0.001 -18"><span class='ocrx_word' id='word_1_603' title='bbox 2008 3747 2156 3801; x_wconf 91' lang='lat' dir='ltr'><strong>dinis</strong></span> <span class='ocrx_word' id='word_1_604' title='bbox 2186 3746 2388 3801; x_wconf 89' lang='lat' dir='ltr'><strong>fontem</strong></span> <span class='ocrx_word' id='word_1_605' title='bbox 2416 3760 2537 3799; x_wconf 79' lang='lat' dir='ltr'><strong>esse</strong></span> <span class='ocrx_word' id='word_1_606' title='bbox 2560 3757 3017 3815; x_wconf 75' lang='lat' dir='ltr'><strong>progressurum,</strong></span> <span class='ocrx_word' id='word_1_607' title='bbox 3046 3745 3140 3801; x_wconf 87' lang='lat' dir='ltr'><strong>sed</strong></span> <span class='ocrx_word' id='word_1_608' title='bbox 3186 3755 3465 3819; x_wconf 59' lang='lat' dir='ltr'><strong>tanqnanr</strong></span> <span class='ocrx_word' id='word_1_609' title='bbox 3496 3748 3597 3801; x_wconf 80' lang='lat' dir='ltr'><strong>lin-</strong></span> 
     </span>
    </p>
   </div>
   <div class='ocr_carea' id='block_1_85' title="bbox 2009 3835 3591 3907">
    <p class='ocr_par' dir='ltr' id='par_1_85' title="bbox 2009 3835 3591 3907">
     <span class='ocr_line' id='line_1_85' title="bbox 2009 3835 3591 3907; baseline -0.003 -14"><span class='ocrx_word' id='word_1_610' title='bbox 2009 3839 2274 3893; x_wconf 84' lang='lat' dir='ltr'><strong>manitate</strong></span> <span class='ocrx_word' id='word_1_611' title='bbox 2324 3835 2688 3907; x_wconf 83' lang='lat' dir='ltr'><strong>superiorem,</strong></span> <span class='ocrx_word' id='word_1_612' title='bbox 2725 3845 2944 3906; x_wconf 86' lang='lat' dir='ltr'><strong>propter</strong></span> <span class='ocrx_word' id='word_1_613' title='bbox 2994 3847 3212 3906; x_wconf 87' lang='lat' dir='ltr'><strong>patrum</strong></span> <span class='ocrx_word' id='word_1_614' title='bbox 3270 3838 3591 3893; x_wconf 83' lang='lat' dir='ltr'><strong>memoriam</strong></span> 
     </span>
    </p>
   </div>
   <div class='ocr_carea' id='block_1_86' title="bbox 2008 3928 3594 4001">
    <p class='ocr_par' dir='ltr' id='par_1_86' title="bbox 2008 3928 3594 4001">
     <span class='ocr_line' id='line_1_86' title="bbox 2008 3928 3594 4001; baseline -0.002 -16"><span class='ocrx_word' id='word_1_615' title='bbox 2008 3929 2282 3987; x_wconf 86' lang='lat' dir='ltr'><strong>delectum</strong></span> <span class='ocrx_word' id='word_1_616' title='bbox 2315 3944 2512 4001; x_wconf 81' lang='lat' dir='ltr'><strong>genus,</strong></span> <span class='ocrx_word' id='word_1_617' title='bbox 2544 3943 2651 3983; x_wconf 91' lang='lat' dir='ltr'><strong>non</strong></span> <span class='ocrx_word' id='word_1_618' title='bbox 2690 3928 2912 3999; x_wconf 87' lang='lat' dir='ltr'><strong>penitus</strong></span> <span class='ocrx_word' id='word_1_619' title='bbox 2939 3944 3062 3984; x_wconf 87' lang='lat' dir='ltr'><strong>esse</strong></span> <span class='ocrx_word' id='word_1_620' title='bbox 3092 3929 3434 3999; x_wconf 89' lang='lat' dir='ltr'><strong>perditurum</strong></span> <span class='ocrx_word' id='word_1_621' title='bbox 3470 3943 3594 3999; x_wconf 85' lang='lat' dir='ltr'><strong>pro-</strong></span> 
     </span>
    </p>
   </div>
   <div class='ocr_carea' id='block_1_87' title="bbox 2006 4019 3589 4094">
    <p class='ocr_par' dir='ltr' id='par_1_87' title="bbox 2006 4019 3589 4094">
     <span class='ocr_line' id='line_1_87' title="bbox 2006 4019 3589 4094; baseline -0.003 -17"><span class='ocrx_word' id='word_1_622' title='bbox 2006 4023 2232 4094; x_wconf 10' lang='lat' dir='ltr'><strong>pbetam‘</strong></span> <span class='ocrx_word' id='word_1_623' title='bbox 2253 4019 2608 4091; x_wconf 89' lang='lat' dir='ltr'><strong>respondere.</strong></span> <span class='ocrx_word' id='word_1_624' title='bbox 2647 4021 2827 4091; x_wconf 77' lang='lat' dir='ltr'><strong>Atque</strong></span> <span class='ocrx_word' id='word_1_625' title='bbox 2851 4020 2980 4075; x_wconf 88' lang='lat' dir='ltr'><strong>hinc</strong></span> <span class='ocrx_word' id='word_1_626' title='bbox 3035 4035 3184 4086; x_wconf 88' lang='lat' dir='ltr'><strong>esse,</strong></span> <span class='ocrx_word' id='word_1_627' title='bbox 3216 4019 3363 4090; x_wconf 90' lang='lat' dir='ltr'><strong>quod</strong></span> <span class='ocrx_word' id='word_1_628' title='bbox 3422 4021 3589 4074; x_wconf 89' lang='lat' dir='ltr'><strong>alium</strong></span> 
     </span>
    </p>
   </div>
   <div class='ocr_carea' id='block_1_88' title="bbox 2009 4110 3595 4191">
    <p class='ocr_par' dir='ltr' id='par_1_88' title="bbox 2009 4110 3595 4191">
     <span class='ocr_line' id='line_1_88' title="bbox 2009 4110 3595 4191; baseline -0.001 -22"><span class='ocrx_word' id='word_1_629' title='bbox 2009 4113 2302 4191; x_wconf 86' lang='lat' dir='ltr'><strong>quemdam</strong></span> <span class='ocrx_word' id='word_1_630' title='bbox 2364 4113 2420 4167; x_wconf 94' lang='lat' dir='ltr'><strong>in</strong></span> <span class='ocrx_word' id='word_1_631' title='bbox 2479 4112 2592 4167; x_wconf 81' lang='lat' dir='ltr'><strong>haec</strong></span> <span class='ocrx_word' id='word_1_632' title='bbox 2619 4111 2785 4167; x_wconf 86' lang='lat' dir='ltr'><strong>verba</strong></span> <span class='ocrx_word' id='word_1_633' title='bbox 2836 4110 3152 4181; x_wconf 78' lang='lat' dir='ltr'><strong>alloquetur</strong></span> <span class='ocrx_word' id='word_1_634' title='bbox 3177 4111 3371 4167; x_wconf 87' lang='lat' dir='ltr'><strong>Deus:</strong></span> <span class='ocrx_word' id='word_1_635' title='bbox 3408 4131 3426 4163; x_wconf 73' lang='grc' dir='ltr'><strong>ι</strong></span> <span class='ocrx_word' id='word_1_636' title='bbox 3452 4111 3595 4179; x_wconf 85' lang='lat' dir='ltr'><strong>Quid</strong></span> 
     </span>
    </p>
   </div>
   <div class='ocr_carea' id='block_1_89' title="bbox 2009 4198 3597 4273">
    <p class='ocr_par' dir='ltr' id='par_1_89' title="bbox 2009 4198 3597 4273">
     <span class='ocr_line' id='line_1_89' title="bbox 2009 4198 3597 4273; baseline -0.003 -15"><span class='ocrx_word' id='word_1_637' title='bbox 2009 4202 2106 4258; x_wconf 87' lang='lat' dir='ltr'><strong>tibi</strong></span> <span class='ocrx_word' id='word_1_638' title='bbox 2132 4201 2352 4267; x_wconf 84' lang='lat' dir='ltr'><strong>faciam,</strong></span> <span class='ocrx_word' id='word_1_639' title='bbox 2378 4198 2680 4273; x_wconf 85' lang='lat' dir='ltr'><strong>Ephraim?</strong></span> <span class='ocrx_word' id='word_1_640' title='bbox 2705 4199 2836 4271; x_wconf 90' lang='lat' dir='ltr'><strong>quid</strong></span> <span class='ocrx_word' id='word_1_641' title='bbox 2867 4199 2962 4255; x_wconf 90' lang='lat' dir='ltr'><strong>tibi</strong></span> <span class='ocrx_word' id='word_1_642' title='bbox 2988 4198 3205 4266; x_wconf 87' lang='lat' dir='ltr'><strong>faciam,</strong></span> <span class='ocrx_word' id='word_1_643' title='bbox 3243 4198 3424 4255; x_wconf 78' lang='lat' dir='ltr'><strong>Juda?</strong></span> <span class='ocrx_word' id='word_1_644' title='bbox 3451 4198 3597 4255; x_wconf 89' lang='lat' dir='ltr'><strong>Tan-</strong></span> 
     </span>
    </p>
   </div>
   <div class='ocr_carea' id='block_1_90' title="bbox 2010 4286 3592 4365">
    <p class='ocr_par' dir='ltr' id='par_1_90' title="bbox 2010 4286 3592 4365">
     <span class='ocr_line' id='line_1_90' title="bbox 2010 4286 3592 4365; baseline -0.003 -19"><span class='ocrx_word' id='word_1_645' title='bbox 2010 4306 2172 4365; x_wconf 88' lang='lat' dir='ltr'><strong>quam</strong></span> <span class='ocrx_word' id='word_1_646' title='bbox 2194 4289 2400 4345; x_wconf 82' lang='lat' dir='ltr'><strong>Adama</strong></span> <span class='ocrx_word' id='word_1_647' title='bbox 2425 4303 2624 4359; x_wconf 89' lang='lat' dir='ltr'><strong>ponam</strong></span> <span class='ocrx_word' id='word_1_648' title='bbox 2656 4295 2732 4353; x_wconf 91' lang='lat' dir='ltr'><strong>te,</strong></span> <span class='ocrx_word' id='word_1_649' title='bbox 2763 4296 2859 4342; x_wconf 89' lang='lat' dir='ltr'><strong>aut</strong></span> <span class='ocrx_word' id='word_1_650' title='bbox 2882 4296 3143 4358; x_wconf 89' lang='lat' dir='ltr'><strong>tanquam</strong></span> <span class='ocrx_word' id='word_1_651' title='bbox 3187 4286 3434 4342; x_wconf 75' lang='lat' dir='ltr'><strong>Seboin?</strong></span> <span class='ocrx_word' id='word_1_652' title='bbox 3462 4301 3592 4342; x_wconf 84' lang='lat' dir='ltr'><strong>con-</strong></span> 
     </span>
    </p>
   </div>
   <div class='ocr_carea' id='block_1_91' title="bbox 2009 4377 3597 4447">
    <p class='ocr_par' dir='ltr' id='par_1_91' title="bbox 2009 4377 3597 4447">
     <span class='ocr_line' id='line_1_91' title="bbox 2009 4377 3597 4447; baseline -0.004 -10"><span class='ocrx_word' id='word_1_653' title='bbox 2009 4396 2228 4439; x_wconf 86' lang='lat' dir='ltr'><strong>versum</strong></span> <span class='ocrx_word' id='word_1_654' title='bbox 2264 4387 2350 4436; x_wconf 90' lang='lat' dir='ltr'><strong>est</strong></span> <span class='ocrx_word' id='word_1_655' title='bbox 2380 4393 2479 4435; x_wconf 91' lang='lat' dir='ltr'><strong>cor</strong></span> <span class='ocrx_word' id='word_1_656' title='bbox 2517 4394 2701 4435; x_wconf 92' lang='lat' dir='ltr'><strong>meum</strong></span> <span class='ocrx_word' id='word_1_657' title='bbox 2754 4378 2808 4433; x_wconf 89' lang='lat' dir='ltr'><strong>in</strong></span> <span class='ocrx_word' id='word_1_658' title='bbox 2838 4379 2942 4434; x_wconf 87' lang='lat' dir='ltr'><strong>hoc</strong></span> <span class='ocrx_word' id='word_1_659' title='bbox 3002 4377 3145 4447; x_wconf 91' lang='lat' dir='ltr'><strong>ipso.</strong></span> <span class='ocrx_word' id='word_1_660' title='bbox 3172 4378 3459 4433; x_wconf 84' lang='lat' dir='ltr'><strong>Commota</strong></span> <span class='ocrx_word' id='word_1_661' title='bbox 3512 4387 3597 4433; x_wconf 87' lang='lat' dir='ltr'><strong>est</strong></span> 
     </span>
    </p>
   </div>
   <div class='ocr_carea' id='block_1_92' title="bbox 2009 4468 3596 4551">
    <p class='ocr_par' dir='ltr' id='par_1_92' title="bbox 2009 4468 3596 4551">
     <span class='ocr_line' id='line_1_92' title="bbox 2009 4468 3596 4551; baseline -0.004 -23"><span class='ocrx_word' id='word_1_662' title='bbox 2009 4472 2299 4551; x_wconf 75' lang='lat' dir='ltr'><strong>peenitudo</strong></span> <span class='ocrx_word' id='word_1_663' title='bbox 2330 4486 2473 4527; x_wconf 90' lang='lat' dir='ltr'><strong>mea.</strong></span> <span class='ocrx_word' id='word_1_664' title='bbox 2508 4470 2628 4526; x_wconf 81' lang='lat' dir='ltr'><strong>Non</strong></span> <span class='ocrx_word' id='word_1_665' title='bbox 2662 4470 2857 4526; x_wconf 85' lang='lat' dir='ltr'><strong>faciam</strong></span> <span class='ocrx_word' id='word_1_666' title='bbox 2905 4469 3211 4526; x_wconf 91' lang='lat' dir='ltr'><strong>secundum</strong></span> <span class='ocrx_word' id='word_1_667' title='bbox 3247 4469 3388 4523; x_wconf 89' lang='lat' dir='ltr'><strong>iram</strong></span> <span class='ocrx_word' id='word_1_668' title='bbox 3440 4468 3596 4523; x_wconf 85' lang='lat' dir='ltr'><strong>furo-</strong></span> 
     </span>
    </p>
   </div>
   <div class='ocr_carea' id='block_1_93' title="bbox 326 4559 1910 4647">
    <p class='ocr_par' dir='ltr' id='par_1_93' title="bbox 326 4568 1903 4647">
     <span class='ocr_line' id='line_1_93' title="bbox 326 4568 1903 4647; baseline 0.005 -26"><span class='ocrx_word' id='word_1_669' title='bbox 326 4568 426 4621; x_wconf 80' lang='grc' dir='ltr'><strong>οὐκ</strong></span> <span class='ocrx_word' id='word_1_670' title='bbox 455 4568 743 4645; x_wconf 74' lang='grc' dir='ltr'>ἄνθρωπος</span> <span class='ocrx_word' id='word_1_671' title='bbox 776 4570 834 4624; x_wconf 79' lang='grc' dir='ltr'>ὲν</span> <span class='ocrx_word' id='word_1_672' title='bbox 868 4572 953 4633; x_wconf 70' lang='grc' dir='ltr'>σο),</span> <span class='ocrx_word' id='word_1_673' title='bbox 998 4571 1177 4647; x_wconf 77' lang='grc' dir='ltr'>ἅγιος.</span> <span class='ocrx_word' id='word_1_674' title='bbox 1218 4593 1237 4626; x_wconf 76' lang='grc' dir='ltr'><strong>ι</strong></span> <span class='ocrx_word' id='word_1_675' title='bbox 1280 4573 1367 4638; x_wconf 85' lang='grc' dir='ltr'>Ὠς</span> <span class='ocrx_word' id='word_1_676' title='bbox 1391 4573 1500 4646; x_wconf 82' lang='grc' dir='ltr'>γὰρ</span> <span class='ocrx_word' id='word_1_677' title='bbox 1539 4573 1672 4639; x_wconf 81' lang='grc' dir='ltr'>Θεὸς</span> <span class='ocrx_word' id='word_1_678' title='bbox 1698 4574 1903 4644; x_wconf 76' lang='grc' dir='ltr'>ἄφατον</span> 
     </span>
    </p>
   </div>
   <div class='ocr_carea' id='block_1_94' title="bbox 2014 4559 3600 4647">
    <p class='ocr_par' dir='ltr' id='par_1_94' title="bbox 2014 4559 3600 4634">
     <span class='ocr_line' id='line_1_94' title="bbox 2014 4559 3600 4634; baseline -0.004 -16"><span class='ocrx_word' id='word_1_679' title='bbox 2014 4564 2088 4619; x_wconf 91' lang='lat' dir='ltr'><strong>ris</strong></span> <span class='ocrx_word' id='word_1_680' title='bbox 2122 4563 2251 4629; x_wconf 85' lang='lat' dir='ltr'><strong>mei,</strong></span> <span class='ocrx_word' id='word_1_681' title='bbox 2284 4578 2393 4619; x_wconf 92' lang='lat' dir='ltr'><strong>non</strong></span> <span class='ocrx_word' id='word_1_682' title='bbox 2426 4563 2744 4634; x_wconf 86' lang='lat' dir='ltr'><strong>permittam</strong></span> <span class='ocrx_word' id='word_1_683' title='bbox 2776 4568 2834 4615; x_wconf 92' lang='lat' dir='ltr'><strong>ut</strong></span> <span class='ocrx_word' id='word_1_684' title='bbox 2864 4561 3111 4617; x_wconf 89' lang='lat' dir='ltr'><strong>deleatur</strong></span> <span class='ocrx_word' id='word_1_685' title='bbox 3142 4559 3436 4630; x_wconf 76' lang='lat' dir='ltr'><strong>Epitraim;</strong></span> <span class='ocrx_word' id='word_1_686' title='bbox 3464 4575 3600 4630; x_wconf 88' lang='lat' dir='ltr'><strong>quo-</strong></span> 
     </span>
    </p>
   </div>
   <div class='ocr_carea' id='block_1_95' title="bbox 327 4656 1908 4732">
    <p class='ocr_par' dir='ltr' id='par_1_95' title="bbox 327 4656 1908 4732">
     <span class='ocr_line' id='line_1_95' title="bbox 327 4656 1908 4732; baseline 0.003 -22"><span class='ocrx_word' id='word_1_687' title='bbox 327 4656 438 4727; x_wconf 79' lang='grc' dir='ltr'>ἔχει</span> <span class='ocrx_word' id='word_1_688' title='bbox 471 4656 569 4728; x_wconf 80' lang='grc' dir='ltr'>τὴν</span> <span class='ocrx_word' id='word_1_689' title='bbox 590 4658 930 4731; x_wconf 82' lang='grc' dir='ltr'>ἡμερότητα.</span> <span class='ocrx_word' id='word_1_690' title='bbox 960 4661 1117 4725; x_wconf 81' lang='grc' dir='ltr'>Τινὲς</span> <span class='ocrx_word' id='word_1_691' title='bbox 1149 4661 1205 4716; x_wconf 84' lang='grc' dir='ltr'><strong>δέ</strong></span> <span class='ocrx_word' id='word_1_692' title='bbox 1220 4678 1380 4732; x_wconf 76' lang='grc' dir='ltr'>φασιν</span> <span class='ocrx_word' id='word_1_693' title='bbox 1405 4661 1481 4726; x_wconf 84' lang='grc' dir='ltr'>ὡς</span> <span class='ocrx_word' id='word_1_694' title='bbox 1501 4661 1565 4715; x_wconf 87' lang='grc' dir='ltr'>οὐ</span> <span class='ocrx_word' id='word_1_695' title='bbox 1580 4660 1690 4714; x_wconf 89' lang='grc' dir='ltr'><strong>τῶν</strong></span> <span class='ocrx_word' id='word_1_696' title='bbox 1707 4662 1908 4732; x_wconf 79' lang='grc' dir='ltr'>ὁμοίων</span> 
     </span>
    </p>
   </div>
   <div class='ocr_carea' id='block_1_96' title="bbox 326 4747 1908 4831">
    <p class='ocr_par' dir='ltr' id='par_1_96' title="bbox 326 4747 1908 4831">
     <span class='ocr_line' id='line_1_96' title="bbox 326 4747 1908 4831; baseline 0.003 -31"><span class='ocrx_word' id='word_1_697' title='bbox 326 4747 535 4819; x_wconf 79' lang='grc' dir='ltr'>ἔτυχον.</span> <span class='ocrx_word' id='word_1_698' title='bbox 570 4749 737 4825; x_wconf 47' lang='grc' dir='ltr'>Αὐτοὶ</span> <span class='ocrx_word' id='word_1_699' title='bbox 755 4750 853 4819; x_wconf 84' lang='grc' dir='ltr'><strong>μὲν</strong></span> <span class='ocrx_word' id='word_1_700' title='bbox 882 4751 991 4831; x_wconf 79' lang='grc' dir='ltr'><strong>γὰρ</strong></span> <span class='ocrx_word' id='word_1_701' title='bbox 1021 4751 1329 4823; x_wconf 79' lang='grc' dir='ltr'>ἀνέστησαν</span> <span class='ocrx_word' id='word_1_702' title='bbox 1359 4751 1554 4808; x_wconf 81' lang='grc' dir='ltr'>εἴδωλα</span> <span class='ocrx_word' id='word_1_703' title='bbox 1581 4752 1718 4824; x_wconf 73' lang='grc' dir='ltr'>πρὸς</span> <span class='ocrx_word' id='word_1_704' title='bbox 1749 4751 1908 4807; x_wconf 73' lang='grc' dir='ltr'>ἀναί-</span> 
     </span>
    </p>
   </div>
   <div class='ocr_carea' id='block_1_97' title="bbox 329 4838 1911 4916">
    <p class='ocr_par' dir='ltr' id='par_1_97' title="bbox 329 4838 1911 4916">
     <span class='ocr_line' id='line_1_97' title="bbox 329 4838 1911 4916; baseline 0.005 -26"><span class='ocrx_word' id='word_1_705' title='bbox 329 4854 477 4905; x_wconf 86' lang='grc' dir='ltr'>ρεσιν</span> <span class='ocrx_word' id='word_1_706' title='bbox 502 4838 606 4916; x_wconf 77' lang='grc' dir='ltr'><strong>τῆς</strong></span> <span class='ocrx_word' id='word_1_707' title='bbox 630 4838 798 4901; x_wconf 84' lang='grc' dir='ltr'>αὐτοῦ</span> <span class='ocrx_word' id='word_1_708' title='bbox 830 4839 1082 4912; x_wconf 83' lang='grc' dir='ltr'>θεότητος</span> <span class='ocrx_word' id='word_1_709' title='bbox 1114 4842 1240 4897; x_wconf 82' lang='grc' dir='ltr'>ὅσον</span> <span class='ocrx_word' id='word_1_710' title='bbox 1260 4843 1321 4897; x_wconf 81' lang='grc' dir='ltr'><strong>τὸ</strong></span> <span class='ocrx_word' id='word_1_711' title='bbox 1359 4842 1447 4897; x_wconf 77' lang='grc' dir='ltr'><strong>ἐπ’</strong></span> <span class='ocrx_word' id='word_1_712' title='bbox 1474 4842 1670 4909; x_wconf 86' lang='grc' dir='ltr'>αὐτούς</span> <span class='ocrx_word' id='word_1_713' title='bbox 1690 4858 1704 4872; x_wconf 85' lang='grc'><em>’</em></span> <span class='ocrx_word' id='word_1_714' title='bbox 1747 4842 1911 4910; x_wconf 83' lang='grc' dir='ltr'>αὐτὸς</span> 
     </span>
    </p>
   </div>
   <div class='ocr_carea' id='block_1_98' title="bbox 323 4929 1908 5008">
    <p class='ocr_par' dir='ltr' id='par_1_98' title="bbox 323 4929 1908 5008">
     <span class='ocr_line' id='line_1_98' title="bbox 323 4929 1908 5008; baseline 0.003 -24"><span class='ocrx_word' id='word_1_715' title='bbox 323 4929 381 4984; x_wconf 83' lang='grc' dir='ltr'>δὲ</span> <span class='ocrx_word' id='word_1_716' title='bbox 414 4931 475 4984; x_wconf 88' lang='grc' dir='ltr'><strong>οὐ</strong></span> <span class='ocrx_word' id='word_1_717' title='bbox 518 4932 802 4996; x_wconf 81' lang='grc' dir='ltr'>παντελῶς</span> <span class='ocrx_word' id='word_1_718' title='bbox 861 4934 1061 4999; x_wconf 82' lang='grc' dir='ltr'>αὐτοὺς</span> <span class='ocrx_word' id='word_1_719' title='bbox 1097 4937 1335 5008; x_wconf 78' lang='grc' dir='ltr'>ἀναιρεῖ,</span> <span class='ocrx_word' id='word_1_720' title='bbox 1386 4934 1524 4989; x_wconf 80' lang='grc' dir='ltr'>ἀλλὰ</span> <span class='ocrx_word' id='word_1_721' title='bbox 1559 4935 1629 4990; x_wconf 82' lang='grc' dir='ltr'>τὰ</span> <span class='ocrx_word' id='word_1_722' title='bbox 1660 4935 1757 5007; x_wconf 82' lang='grc' dir='ltr'>μὲν</span> <span class='ocrx_word' id='word_1_723' title='bbox 1785 4937 1908 4988; x_wconf 75' lang='grc' dir='ltr'>ἐπι-</span> 
     </span>
    </p>
   </div>
   <div class='ocr_carea' id='block_1_99' title="bbox 328 5021 1903 5100">
    <p class='ocr_par' dir='ltr' id='par_1_99' title="bbox 328 5021 1903 5100">
     <span class='ocr_line' id='line_1_99' title="bbox 328 5021 1903 5100; baseline 0.003 -24"><span class='ocrx_word' id='word_1_724' title='bbox 328 5021 598 5092; x_wconf 79' lang='grc' dir='ltr'>πλήττων,</span> <span class='ocrx_word' id='word_1_725' title='bbox 633 5024 725 5088; x_wconf 68' lang='grc' dir='ltr'>τὰ,</span> <span class='ocrx_word' id='word_1_726' title='bbox 745 5025 800 5087; x_wconf 79' lang='grc' dir='ltr'><strong>δὲ</strong></span> <span class='ocrx_word' id='word_1_727' title='bbox 835 5026 1295 5099; x_wconf 84' lang='grc' dir='ltr'>ὑπομιμνήσκων,</span> <span class='ocrx_word' id='word_1_728' title='bbox 1327 5023 1402 5082; x_wconf 80' lang='grc' dir='ltr'>ὧν</span> <span class='ocrx_word' id='word_1_729' title='bbox 1432 5027 1624 5100; x_wconf 75' lang='grc' dir='ltr'>ἔτυχον</span> <span class='ocrx_word' id='word_1_730' title='bbox 1656 5026 1903 5097; x_wconf 81' lang='grc' dir='ltr'>ἀγαθῶν,</span> 
     </span>
    </p>
   </div>
   <div class='ocr_carea' id='block_1_100' title="bbox 325 5112 1905 5191">
    <p class='ocr_par' dir='ltr' id='par_1_100' title="bbox 325 5112 1905 5191">
     <span class='ocr_line' id='line_1_100' title="bbox 325 5112 1905 5191; baseline 0.004 -26"><span class='ocrx_word' id='word_1_731' title='bbox 325 5112 423 5182; x_wconf 84' lang='grc' dir='ltr'>τὴν</span> <span class='ocrx_word' id='word_1_732' title='bbox 443 5113 740 5185; x_wconf 79' lang='grc' dir='ltr'>ἀνάκλησιν</span> <span class='ocrx_word' id='word_1_733' title='bbox 762 5116 860 5186; x_wconf 85' lang='grc' dir='ltr'>τῆς</span> <span class='ocrx_word' id='word_1_734' title='bbox 876 5117 1257 5188; x_wconf 74' lang='grc' dir='ltr'>αἰχμαλωσίας</span> <span class='ocrx_word' id='word_1_735' title='bbox 1279 5119 1589 5190; x_wconf 73' lang='grc' dir='ltr'>ἐποιήσατο.</span> <span class='ocrx_word' id='word_1_736' title='bbox 1610 5119 1799 5191; x_wconf 84' lang='grc' dir='ltr'>Δέγων</span> <span class='ocrx_word' id='word_1_737' title='bbox 1826 5118 1905 5184; x_wconf 81' lang='grc' dir='ltr'><strong>δὲ,</strong></span> 
     </span>
    </p>
   </div>
   <div class='ocr_carea' id='block_1_101' title="bbox 327 5197 1908 5280">
    <p class='ocr_par' dir='ltr' id='par_1_101' title="bbox 327 5197 1908 5280">
     <span class='ocr_line' id='line_1_101' title="bbox 327 5197 1908 5280; baseline 0.006 -25"><span class='ocrx_word' id='word_1_738' title='bbox 327 5202 412 5265; x_wconf 75' lang='grc' dir='ltr'>Οὐ</span> <span class='ocrx_word' id='word_1_739' title='bbox 423 5201 505 5257; x_wconf 84' lang='grc' dir='ltr'>σὺ</span> <span class='ocrx_word' id='word_1_740' title='bbox 529 5197 688 5275; x_wconf 84' lang='grc' dir='ltr'>ἦσθα</span> <span class='ocrx_word' id='word_1_741' title='bbox 708 5207 741 5259; x_wconf 89' lang='grc' dir='ltr'><strong><em>ό</em></strong></span> <span class='ocrx_word' id='word_1_742' title='bbox 748 5206 1018 5275; x_wconf 77' lang='grc' dir='ltr'>μελετῶν</span> <span class='ocrx_word' id='word_1_743' title='bbox 1030 5207 1108 5275; x_wconf 80' lang='grc' dir='ltr'>τῷ</span> <span class='ocrx_word' id='word_1_744' title='bbox 1120 5209 1414 5280; x_wconf 83' lang='grc' dir='ltr'>πνεύματί</span> <span class='ocrx_word' id='word_1_745' title='bbox 1429 5226 1545 5264; x_wconf 88' lang='grc' dir='ltr'><strong>σου</strong></span> <span class='ocrx_word' id='word_1_746' title='bbox 1566 5207 1647 5275; x_wconf 84' lang='grc' dir='ltr'>τῷ</span> <span class='ocrx_word' id='word_1_747' title='bbox 1661 5208 1908 5278; x_wconf 81' lang='grc' dir='ltr'>σκληρῷ</span> 
     </span>
    </p>
   </div>
   <div class='ocr_carea' id='block_1_102' title="bbox 326 5294 1907 5375">
    <p class='ocr_par' dir='ltr' id='par_1_102' title="bbox 326 5294 1907 5375">
     <span class='ocr_line' id='line_1_102' title="bbox 326 5294 1907 5375; baseline 0.002 -22"><span class='ocrx_word' id='word_1_748' title='bbox 326 5296 568 5353; x_wconf 68' lang='grc' dir='ltr'><strong>ἀνελεῖν</strong></span> <span class='ocrx_word' id='word_1_749' title='bbox 604 5299 861 5365; x_wconf 69' lang='grc' dir='ltr'>αὐτούςς</span> <span class='ocrx_word' id='word_1_750' title='bbox 914 5301 1325 5375; x_wconf 79' lang='grc' dir='ltr'>ὑπομιμνήσκει</span> <span class='ocrx_word' id='word_1_751' title='bbox 1372 5304 1470 5373; x_wconf 76' lang='grc' dir='ltr'>τῆς</span> <span class='ocrx_word' id='word_1_752' title='bbox 1519 5301 1787 5371; x_wconf 68' lang='grc' dir='ltr'>ἀπειλῆς,</span> <span class='ocrx_word' id='word_1_753' title='bbox 1839 5294 1907 5373; x_wconf 78' lang='grc' dir='ltr'>ἦς</span> 
     </span>
    </p>
   </div>
   <div class='ocr_carea' id='block_1_103' title="bbox 2009 4652 3589 4726">
    <p class='ocr_par' dir='ltr' id='par_1_103' title="bbox 2009 4652 3589 4726">
     <span class='ocr_line' id='line_1_103' title="bbox 2009 4652 3589 4726; baseline -0.007 -14"><span class='ocrx_word' id='word_1_754' title='bbox 2009 4657 2157 4712; x_wconf 90' lang='lat' dir='ltr'><strong>niam</strong></span> <span class='ocrx_word' id='word_1_755' title='bbox 2177 4654 2324 4712; x_wconf 89' lang='lat' dir='ltr'><strong>Deus</strong></span> <span class='ocrx_word' id='word_1_756' title='bbox 2349 4669 2451 4726; x_wconf 87' lang='lat' dir='ltr'><strong>ego</strong></span> <span class='ocrx_word' id='word_1_757' title='bbox 2481 4656 2537 4709; x_wconf 92' lang='lat' dir='ltr'><strong>in</strong></span> <span class='ocrx_word' id='word_1_758' title='bbox 2570 4661 2647 4720; x_wconf 89' lang='lat' dir='ltr'><strong>te,</strong></span> <span class='ocrx_word' id='word_1_759' title='bbox 2665 4661 2722 4709; x_wconf 87' lang='lat' dir='ltr'><strong>et</strong></span> <span class='ocrx_word' id='word_1_760' title='bbox 2750 4669 2858 4708; x_wconf 90' lang='lat' dir='ltr'><strong>non</strong></span> <span class='ocrx_word' id='word_1_761' title='bbox 2883 4653 3048 4708; x_wconf 83' lang='lat' dir='ltr'><strong>homo</strong></span> <span class='ocrx_word' id='word_1_762' title='bbox 3073 4653 3127 4707; x_wconf 91' lang='lat' dir='ltr'><strong>in</strong></span> <span class='ocrx_word' id='word_1_763' title='bbox 3163 4660 3220 4707; x_wconf 84' lang='lat' dir='ltr'><strong>te</strong></span> <span class='ocrx_word' id='word_1_764' title='bbox 3245 4652 3589 4708; x_wconf 71' lang='lat' dir='ltr'><strong>sanctus“..</strong></span> 
     </span>
    </p>
   </div>
   <div class='ocr_carea' id='block_1_104' title="bbox 2008 4743 3594 4815">
    <p class='ocr_par' dir='ltr' id='par_1_104' title="bbox 2008 4743 3594 4815">
     <span class='ocr_line' id='line_1_104' title="bbox 2008 4743 3594 4815; baseline -0.005 -11"><span class='ocrx_word' id='word_1_765' title='bbox 2008 4746 2185 4804; x_wconf 84' lang='lat' dir='ltr'><strong>Habet</strong></span> <span class='ocrx_word' id='word_1_766' title='bbox 2219 4747 2388 4815; x_wconf 90' lang='lat' dir='ltr'><strong>enim,</strong></span> <span class='ocrx_word' id='word_1_767' title='bbox 2421 4755 2482 4801; x_wconf 89' lang='lat' dir='ltr'><strong>ut</strong></span> <span class='ocrx_word' id='word_1_768' title='bbox 2511 4744 2676 4811; x_wconf 89' lang='lat' dir='ltr'><strong>Deus,</strong></span> <span class='ocrx_word' id='word_1_769' title='bbox 2720 4743 3049 4801; x_wconf 76' lang='lat' dir='ltr'><strong>ineffabilem</strong></span> <span class='ocrx_word' id='word_1_770' title='bbox 3089 4743 3594 4801; x_wconf 87' lang='lat' dir='ltr'><strong>mansuetudinem.</strong></span> 
     </span>
    </p>
   </div>
   <div class='ocr_carea' id='block_1_105' title="bbox 2007 4837 3703 4923">
    <p class='ocr_par' dir='ltr' id='par_1_105' title="bbox 2007 4837 3703 4923">
     <span class='ocr_line' id='line_1_105' title="bbox 2007 4837 3703 4923; baseline -0.002 -30"><span class='ocrx_word' id='word_1_771' title='bbox 2007 4837 2214 4895; x_wconf 72' lang='lat' dir='ltr'><strong>Volunt</strong></span> <span class='ocrx_word' id='word_1_772' title='bbox 2263 4840 2357 4894; x_wconf 88' lang='lat' dir='ltr'><strong>alii</strong></span> <span class='ocrx_word' id='word_1_773' title='bbox 2418 4839 2575 4911; x_wconf 91' lang='lat' dir='ltr'><strong>paria</strong></span> <span class='ocrx_word' id='word_1_774' title='bbox 2648 4853 2999 4909; x_wconf 86' lang='lat' dir='ltr'><strong>nequaquam</strong></span> <span class='ocrx_word' id='word_1_775' title='bbox 3064 4853 3187 4894; x_wconf 90' lang='lat' dir='ltr'><strong>esse</strong></span> <span class='ocrx_word' id='word_1_776' title='bbox 3244 4846 3595 4893; x_wconf 74' lang='lat' dir='ltr'><strong>consecutos.</strong></span> <span class='ocrx_word' id='word_1_777' title='bbox 3690 4909 3703 4923; x_wconf 36' lang='grc' dir='ltr'><em>ι</em></span> 
     </span>
    </p>
   </div>
   <div class='ocr_carea' id='block_1_106' title="bbox 2009 4925 3600 5002">
    <p class='ocr_par' dir='ltr' id='par_1_106' title="bbox 2009 4925 3600 5002">
     <span class='ocr_line' id='line_1_106' title="bbox 2009 4925 3600 5002; baseline -0.006 -16"><span class='ocrx_word' id='word_1_778' title='bbox 2009 4930 2161 5002; x_wconf 82' lang='lat' dir='ltr'><strong>Ipsos</strong></span> <span class='ocrx_word' id='word_1_779' title='bbox 2195 4931 2363 4996; x_wconf 90' lang='lat' dir='ltr'><strong>enim,</strong></span> <span class='ocrx_word' id='word_1_780' title='bbox 2399 4930 2529 4986; x_wconf 90' lang='lat' dir='ltr'><strong>licet</strong></span> <span class='ocrx_word' id='word_1_781' title='bbox 2572 4930 2719 4986; x_wconf 87' lang='lat' dir='ltr'><strong>idola</strong></span> <span class='ocrx_word' id='word_1_782' title='bbox 2747 4930 2815 4984; x_wconf 89' lang='lat' dir='ltr'><strong>ad</strong></span> <span class='ocrx_word' id='word_1_783' title='bbox 2868 4928 2991 5000; x_wconf 83' lang='lat' dir='ltr'><strong>ejus</strong></span> <span class='ocrx_word' id='word_1_784' title='bbox 3022 4928 3337 4983; x_wconf 80' lang='lat' dir='ltr'><strong>divinitatis</strong></span> <span class='ocrx_word' id='word_1_785' title='bbox 3385 4925 3600 4982; x_wconf 75' lang='lat' dir='ltr'><strong>exstin-</strong></span> 
     </span>
    </p>
   </div>
   <div class='ocr_carea' id='block_1_107' title="bbox 2012 5020 3594 5092">
    <p class='ocr_par' dir='ltr' id='par_1_107' title="bbox 2012 5020 3594 5092">
     <span class='ocr_line' id='line_1_107' title="bbox 2012 5020 3594 5092; baseline -0.006 -14"><span class='ocrx_word' id='word_1_786' title='bbox 2012 5023 2274 5088; x_wconf 88' lang='lat' dir='ltr'><strong>ctionem,</strong></span> <span class='ocrx_word' id='word_1_787' title='bbox 2302 5031 2569 5092; x_wconf 89' lang='lat' dir='ltr'><strong>quantum</strong></span> <span class='ocrx_word' id='word_1_788' title='bbox 2622 5022 2676 5076; x_wconf 90' lang='lat' dir='ltr'><strong>in</strong></span> <span class='ocrx_word' id='word_1_789' title='bbox 2707 5038 2767 5079; x_wconf 92' lang='lat' dir='ltr'><strong>se</strong></span> <span class='ocrx_word' id='word_1_790' title='bbox 2828 5020 3028 5088; x_wconf 89' lang='lat' dir='ltr'><strong>fuerat,</strong></span> <span class='ocrx_word' id='word_1_791' title='bbox 3089 5020 3418 5082; x_wconf 79' lang='lat' dir='ltr'><strong>erexissent,</strong></span> <span class='ocrx_word' id='word_1_792' title='bbox 3484 5031 3594 5070; x_wconf 91' lang='lat' dir='ltr'><strong>non</strong></span> 
     </span>
    </p>
   </div>
   <div class='ocr_carea' id='block_1_108' title="bbox 2013 5104 3595 5185">
    <p class='ocr_par' dir='ltr' id='par_1_108' title="bbox 2013 5104 3595 5185">
     <span class='ocr_line' id='line_1_108' title="bbox 2013 5104 3595 5185; baseline -0.006 -16"><span class='ocrx_word' id='word_1_793' title='bbox 2013 5114 2234 5185; x_wconf 89' lang='lat' dir='ltr'><strong>penitus</strong></span> <span class='ocrx_word' id='word_1_794' title='bbox 2268 5113 2493 5169; x_wconf 90' lang='lat' dir='ltr'><strong>sustulit</strong></span> <span class='ocrx_word' id='word_1_795' title='bbox 2535 5121 2737 5176; x_wconf 87' lang='lat' dir='ltr'><strong>tamen,</strong></span> <span class='ocrx_word' id='word_1_796' title='bbox 2771 5112 2865 5168; x_wconf 89' lang='lat' dir='ltr'><strong>sed</strong></span> <span class='ocrx_word' id='word_1_797' title='bbox 2899 5112 3095 5184; x_wconf 90' lang='lat' dir='ltr'><strong>partim</strong></span> <span class='ocrx_word' id='word_1_798' title='bbox 3119 5104 3364 5173; x_wconf 87' lang='lat' dir='ltr'><strong>territos,</strong></span> <span class='ocrx_word' id='word_1_799' title='bbox 3395 5106 3595 5178; x_wconf 88' lang='lat' dir='ltr'><strong>partim</strong></span> 
     </span>
    </p>
   </div>
   <div class='ocr_carea' id='block_1_109' title="bbox 2013 5198 3594 5269">
    <p class='ocr_par' dir='ltr' id='par_1_109' title="bbox 2013 5198 3594 5269">
     <span class='ocr_line' id='line_1_109' title="bbox 2013 5198 3594 5269; baseline -0.009 -6"><span class='ocrx_word' id='word_1_800' title='bbox 2013 5207 2175 5264; x_wconf 86' lang='lat' dir='ltr'><strong>etiam</strong></span> <span class='ocrx_word' id='word_1_801' title='bbox 2209 5206 2262 5259; x_wconf 90' lang='lat' dir='ltr'><strong>in</strong></span> <span class='ocrx_word' id='word_1_802' title='bbox 2297 5205 2565 5260; x_wconf 92' lang='lat' dir='ltr'><strong>bonorum</strong></span> <span class='ocrx_word' id='word_1_803' title='bbox 2599 5203 2922 5258; x_wconf 86' lang='lat' dir='ltr'><strong>memoriam</strong></span> <span class='ocrx_word' id='word_1_804' title='bbox 2976 5209 3292 5265; x_wconf 83' lang='lat' dir='ltr'><strong>revocatos,</strong></span> <span class='ocrx_word' id='word_1_805' title='bbox 3322 5198 3526 5269; x_wconf 90' lang='lat' dir='ltr'><strong>quibus</strong></span> <span class='ocrx_word' id='word_1_806' title='bbox 3562 5211 3594 5249; x_wconf 87' lang='lat' dir='ltr'><strong>a</strong></span> 
     </span>
    </p>
   </div>
   <div class='ocr_carea' id='block_1_110' title="bbox 2014 5292 3591 5365">
    <p class='ocr_par' dir='ltr' id='par_1_110' title="bbox 2014 5292 3591 5365">
     <span class='ocr_line' id='line_1_110' title="bbox 2014 5292 3591 5365; baseline -0.005 -10"><span class='ocrx_word' id='word_1_807' title='bbox 2014 5315 2075 5355; x_wconf 83' lang='lat' dir='ltr'><strong>se</strong></span> <span class='ocrx_word' id='word_1_808' title='bbox 2109 5297 2288 5355; x_wconf 75' lang='lat' dir='ltr'><strong>allecti</strong></span> <span class='ocrx_word' id='word_1_809' title='bbox 2323 5297 2567 5365; x_wconf 88' lang='lat' dir='ltr'><strong>sunt,ab</strong></span> <span class='ocrx_word' id='word_1_810' title='bbox 2618 5295 2815 5353; x_wconf 78' lang='lat' dir='ltr'><strong>exsilio</strong></span> <span class='ocrx_word' id='word_1_811' title='bbox 2862 5294 3157 5352; x_wconf 80' lang='lat' dir='ltr'><strong>revocavit.</strong></span> <span class='ocrx_word' id='word_1_812' title='bbox 3212 5292 3347 5349; x_wconf 85' lang='lat' dir='ltr'><strong>Cum</strong></span> <span class='ocrx_word' id='word_1_813' title='bbox 3410 5300 3591 5349; x_wconf 82' lang='lat' dir='ltr'><strong>autem</strong></span> 
     </span>
    </p>
   </div>
   <div class='ocr_carea' id='block_1_111' title="bbox 400 5473 1910 5556">
    <p class='ocr_par' dir='ltr' id='par_1_111' title="bbox 400 5473 1910 5556">
     <span class='ocr_line' id='line_1_111' title="bbox 400 5473 1910 5556; baseline 0.006 -29"><span class='ocrx_word' id='word_1_814' title='bbox 400 5474 441 5507; x_wconf 79' lang='lat'>“</span> <span class='ocrx_word' id='word_1_815' title='bbox 477 5473 623 5531; x_wconf 80' lang='lat' dir='ltr'><strong>Psal.</strong></span> <span class='ocrx_word' id='word_1_816' title='bbox 656 5493 813 5546; x_wconf 81' lang='lat' dir='ltr'><strong>xvut,</strong></span> <span class='ocrx_word' id='word_1_817' title='bbox 848 5477 912 5542; x_wconf 68' lang='grc' dir='ltr'><strong>ὃς</strong></span> <span class='ocrx_word' id='word_1_818' title='bbox 947 5478 1106 5535; x_wconf 76' lang='lat' dir='ltr'><strong>llom.</strong></span> <span class='ocrx_word' id='word_1_819' title='bbox 1141 5496 1192 5549; x_wconf 70' lang='grc' dir='ltr'>χ,</span> <span class='ocrx_word' id='word_1_820' title='bbox 1245 5481 1327 5535; x_wconf 83' lang='grc'><strong>18.</strong></span> <span class='ocrx_word' id='word_1_821' title='bbox 1404 5483 1447 5515; x_wconf 68' lang='grc' dir='ltr'><strong>δ’</strong></span> <span class='ocrx_word' id='word_1_822' title='bbox 1482 5482 1720 5556; x_wconf 84' lang='lat' dir='ltr'><strong>Philipp.</strong></span> <span class='ocrx_word' id='word_1_823' title='bbox 1756 5497 1831 5546; x_wconf 83' lang='lat' dir='ltr'><strong>tv,</strong></span> <span class='ocrx_word' id='word_1_824' title='bbox 1866 5483 1910 5536; x_wconf 76' lang='grc' dir='ltr'><strong>Ι.</strong></span> 
     </span>
    </p>
   </div>
   <div class='ocr_carea' id='block_1_112' title="bbox 2014 5473 2993 5556">
    <p class='ocr_par' dir='ltr' id='par_1_112' title="bbox 2014 5474 2993 5548">
     <span class='ocr_line' id='line_1_112' title="bbox 2014 5474 2993 5548; baseline -0.005 -14"><span class='ocrx_word' id='word_1_825' title='bbox 2014 5482 2024 5514; x_wconf 83' lang='grc' dir='ltr'><strong>ι</strong></span> <span class='ocrx_word' id='word_1_826' title='bbox 2059 5482 2077 5534; x_wconf 87' lang='grc'><strong>1</strong></span> <span class='ocrx_word' id='word_1_827' title='bbox 2114 5480 2256 5537; x_wconf 87' lang='lat' dir='ltr'><strong>Tim.</strong></span> <span class='ocrx_word' id='word_1_828' title='bbox 2287 5479 2422 5548; x_wconf 89' lang='lat' dir='ltr'><strong>n,9.</strong></span> <span class='ocrx_word' id='word_1_829' title='bbox 2504 5478 2547 5511; x_wconf 50' lang='grc' dir='ltr'><strong>’κ</strong></span> <span class='ocrx_word' id='word_1_830' title='bbox 2582 5474 2723 5536; x_wconf 87' lang='lat' dir='ltr'><strong>Osce</strong></span> <span class='ocrx_word' id='word_1_831' title='bbox 2754 5490 2813 5541; x_wconf 83' lang='grc' dir='ltr'><strong>ιι,</strong></span> <span class='ocrx_word' id='word_1_832' title='bbox 2848 5474 2903 5543; x_wconf 89' lang='lat'><strong>8,</strong></span> <span class='ocrx_word' id='word_1_833' title='bbox 2941 5476 2993 5532; x_wconf 88' lang='lat'><strong>9.</strong></span> 
     </span>
    </p>
   </div>
   <div class='ocr_carea' id='block_1_113' title="bbox 1606 5590 2266 5651">
    <p class='ocr_par' dir='ltr' id='par_1_113' title="bbox 1606 5590 2266 5651">
     <span class='ocr_line' id='line_1_113' title="bbox 1606 5590 2266 5651; baseline 0.006 -4"><span class='ocrx_word' id='word_1_834' title='bbox 1606 5591 1842 5651; x_wconf 73' lang='lat' dir='ltr'><strong>VARI/IS</strong></span> <span class='ocrx_word' id='word_1_835' title='bbox 1869 5590 2266 5651; x_wconf 74' lang='lat' dir='ltr'><strong>LECTIONES.</strong></span> 
     </span>
    </p>
   </div>
   <div class='ocr_carea' id='block_1_114' title="bbox 400 5656 845 5714">
    <p class='ocr_par' dir='ltr' id='par_1_114' title="bbox 400 5656 845 5714">
     <span class='ocr_line' id='line_1_114' title="bbox 400 5656 845 5714; baseline 0.007 -3"><span class='ocrx_word' id='word_1_836' title='bbox 400 5667 438 5695; x_wconf 75' lang='grc' dir='ltr'><strong>π’</strong></span> <span class='ocrx_word' id='word_1_837' title='bbox 473 5658 564 5713; x_wconf 76' lang='grc' dir='ltr'><strong>ἷσ.</strong></span> <span class='ocrx_word' id='word_1_838' title='bbox 602 5659 660 5713; x_wconf 74' lang='lat'><strong>.1.</strong></span> <span class='ocrx_word' id='word_1_839' title='bbox 688 5656 845 5714; x_wconf 79' lang='grc' dir='ltr'>Θεοῦ.</span> 
     </span>
    </p>
   </div>
  </div>
