4022 6210
336 326 473 392 2241

1414 337 1953 402 COMMENTARII
2009 346 2094 407 IN
2137 348 2428 411 ISAIAM.

3472 361 3612 422 2212

334 441 742 507 ἀποστολικοίς·
773 445 876 497 αὖτ’
918 445 985 499 ἂν
1041 446 1096 499 δὲ
1147 447 1208 500 τδ
1265 448 1540 522 πλήρωμα
1577 452 1688 504 τῶν
1745 453 1908 507 ἐθνῶν

2017 459 2239 528 quando
2273 462 2491 516 tondent
2517 465 2758 533 peccatis
2789 468 2924 525 liber
2952 468 3195 525 evades?
3217 468 3339 535 Quo
3368 479 3612 540 tempore

330 534 568 621 εἰσέλθῃ,
625 536 747 589 τότε
804 538 915 600 πᾶς
967 536 1180 610 Ἰσραὴλ
1231 541 1557 611 σωθήσεται.
1591 546 1914 598 Κατοικού-

324 644 515 698 μενον
572 627 629 681 δὲ
697 630 978 697 ποίμνιον
1050 630 1307 699 ὀνομάζει
1367 632 1459 685 τὸν
1521 632 1784 704 Ἰσραὴλ,
1841 637 1917 700 ὡς

329 718 497 773 πάλαι
527 720 812 791 ποιήσεσιν
843 730 870 758 η
908 722 1136 790 ἀγαθοῖς
1173 722 1604 793 πληθυνόμενον.
1644 726 1708 777 Ὅ
1736 742 1918 780 κατα-

328 810 577 878 λειφθὲν
598 813 647 863 οἱ
676 812 859 883 νοητοὶ
888 814 1431 885 κατανεμεθήσονται
1467 816 1656 887 θῆρες,
1687 818 1916 887 μηδενὸς

327 902 409 956 ἔτι
441 904 540 967 τὰς
577 903 820 976 πονηρὰς
858 905 1258 972 ἀποσοϐοῦντος
1291 909 1578 980 δυνάμεις.
1626 911 1768 964 Ἀλλ’
1796 912 1917 965 οὐδὲ

337 992 599 1065 Ῥωμαῖοι
616 995 904 1067 δηλοῦντες
926 1006 952 1035 ο
973 1000 1207 1055 ἀπεῖπον
1236 1004 1406 1074 πρινὴ
1428 1005 1519 1057 καὶ
1547 1005 1657 1058 τῶν
1685 1023 1918 1077 σμικρο-

325 1090 506 1167 τάτων
538 1089 827 1155 ἀπέδειξαν
859 1089 1086 1162 ἔρημον.
1129 1094 1285 1157 Τινὲς
1328 1094 1386 1147 δὲ
1407 1096 1701 1166 βόσκημα
1728 1098 1829 1166 τὴν
1856 1100 1919 1151 ἐκ

325 1177 436 1231 τῶν
502 1180 778 1249 πολεμίων
854 1182 1173 1253 φορολογίαν
1236 1189 1525 1256 σημαίνειν
1597 1190 1785 1258 φασίν.
1831 1189 1920 1255 Ὣς

324 1269 435 1338 γὰρ
500 1273 787 1342 εὐλογίαν
859 1276 1194 1345 παυομένοις
1257 1278 1360 1349 τῆς
1414 1279 1913 1349 είδωλολατρείας

325 1361 686 1429 ἐπήγγελται,
716 1362 890 1429 οὕτως
918 1366 1155 1439 ἐρημίαν
1182 1371 1323 1438 μετά
1342 1370 1592 1437 δουλείας
1623 1376 1737 1437 τοῖς
1770 1376 1908 1428 ἀπο-

330 1454 604 1521 μείνασιν.

2022 550 2278 606 nimirum
2313 556 2489 609 errori
2520 557 2691 611 veteri
2724 574 2820 628 per
2849 560 3006 614 tidem
3056 563 3235 616 vocati
3271 560 3476 616 bellum
3525 566 3612 616 in-

2022 640 2231 721 dicent,
2267 660 2366 700 nec
2397 646 2517 716 ejus
2547 649 2760 719 aliquas
2790 666 3083 721 superesse
3108 653 3369 722 reliquias
3403 653 3610 723 patien-

2022 740 2135 799 tur,
2179 751 2375 806 magna
2406 754 2529 793 cum
2593 741 2773 796 verbis
2820 744 3070 812 Apostoli
3129 745 3444 810 concordia,
3508 744 3606 813 qui

2026 834 2143 881 tum
2196 829 2415 884 demum
2481 832 2714 886 salutem
2776 845 3201 888 consecuturum
3253 843 3608 899 esse.totum

2025 916 2279 973 lsraelem
2323 921 2557 985 monuit,
2589 937 2712 976 cum
2745 922 3027 992 plenitudo
3058 926 3302 993 gentium
3360 924 3608 995 ingressa

2026 1009 2192 1065 fuerit
2217 1012 2281 1068 ⁸³.
2316 1011 2535 1083 Gregem
2573 1024 2753 1071 autem
2790 1016 3114 1069 translatum
3163 1016 3285 1072 ideo
3349 1017 3606 1072 lsraelcm
3684 1001 3688 1005 ’

2028 1101 2297 1168 nominat,
2317 1102 2463 1173 quod
2481 1120 2605 1159 eum
2630 1106 2788 1161 bouis
2811 1107 2940 1161 olim
2964 1107 3275 1177 pastoribus
3299 1108 3608 1162 abundasse

2000 1202 2244 1249 -constat
2271 1212 2286 1262 ;
2317 1212 2479 1265 quem
2532 1197 2841 1251 derelictum
2899 1213 3047 1252 nunc
3084 1197 3215 1252 ferae
3247 1197 3374 1262 illm,
3405 1197 3459 1250 id
3522 1206 3608 1250 est

2022 1284 2178 1338 matre
2234 1292 2552 1354 potestates,
2586 1303 2706 1355 qua:
2754 1295 2937 1341 mente
2980 1288 3388 1357 concipiuntur,
3452 1286 3607 1341 nullo

2015 1385 2237 1429 arcente
2268 1374 2662 1446 depascuntur.
2691 1378 2803 1432 lmo
2834 1394 2901 1432 ne
2933 1377 3161 1432 Romani
3199 1379 3417 1447 quidem
3453 1376 3605 1446 prius

2012 1481 2130 1522 eam
2161 1468 2411 1537 populari
2440 1468 2746 1530 desierunt,
2779 1484 2940 1539 quam
2983 1471 3066 1525 vel
3139 1470 3381 1524 minimis
3440 1468 3606 1522 rebus

331 1547 655 1626 destitutum
731 1548 1011 1606 viderunt.
1062 1549 1251 1623 Neque
1332 1569 1465 1611 vero
1534 1555 1756 1623 desunt,
1820 1558 1915 1630 qui
1954 1573 2274 1627 pascuorum
2310 1562 2553 1624 nomine,
2614 1561 2933 1630 imperatam
3005 1576 3101 1630 per
3160 1560 3345 1616 hostes
3413 1560 3603 1614 tributi

333 1640 649 1709 pensionem
708 1641 1005 1713 signiﬁcari
1083 1645 1289 1702 dicant.
1347 1648 1417 1705 Ut
1500 1652 1645 1706 enim
1701 1652 1782 1707 eis
1805 1667 1887 1716 se,
1942 1652 1987 1706 si
2031 1662 2244 1707 cessent
2303 1653 2372 1708 ab
2419 1652 2687 1707 idolorum
2734 1653 2901 1715 cultu,
2960 1651 3499 1716 benedicturum;sic
3548 1653 3603 1705 in

330 1737 582 1790 exsilium
613 1745 668 1792 et
700 1739 1019 1795 servitutem
1042 1741 1089 1798 si
1127 1743 1182 1797 in
1214 1759 1280 1799 eo
1320 1748 1687 1816 perrexerint,
1724 1762 1819 1803 eos
1849 1763 1909 1803 se
1947 1747 2242 1802 missurum
2283 1749 2559 1819 pollicitus
2589 1757 2694 1805 est.

403 1837 582 1898 ια-ιγ’.
637 1833 935 1901 Γυναῖκες
983 1837 1300 1907 ἐρχόμεναι
1345 1841 1464 1895 ἀπὸ
1513 1844 1676 1908 θέας,
1720 1843 1908 1897 δεῦτε.

2095 1841 2257 1896 Vsus.
2328 1843 2516 1897 11-15.
2582 1841 2834 1896 Mulieres
2886 1846 3145 1895 venientes
3195 1856 3227 1893 a
3281 1842 3601 1910 spectaeu'o,

320 1925 404 1975 Οὐ
437 1922 547 1991 γὰρ
575 1925 726 1989 λαός
770 1924 942 1979 ἐστιν
973 1927 1133 1997 ἔχων
1162 1931 1422 1985 σύνεσιν
1449 1949 1461 1963 ·
1502 1933 1600 1988 διὰ
1631 1934 1809 1989 τοῦτο
1837 1938 1909 1988 οὐ

320 2013 406 2081 μὴ
440 2015 802 2083 οἰκτειρήσω
829 2018 862 2071 ὁ
893 2020 1158 2086 ποιήσας
1185 2023 1431 2090 αὐτοὺς,
1473 2025 1617 2079 οὐδε
1664 2027 1913 2093 πλάσας

325 2108 567 2173 αὐτοὺς,
624 2111 697 2163 οὐ
727 2110 813 2179 μὴ
841 2110 1104 2178 ἐλεήσει.
1146 2115 1254 2169 Kal
1298 2117 1471 2170 ἔσται
1511 2117 1582 2170 ἐν
1616 2117 1692 2186 τῇ
1720 2118 1911 2188 ἡμέρᾳ

324 2199 553 2267 ἐκείνῃ,
611 2202 949 2272 συμφράξει
1003 2207 1221 2275 Κύριος
1272 2208 1390 2263 ἀπὸ
1446 2207 1557 2277 τῆς
1620 2209 1911 2282 διώρυγος

324 2291 433 2345 τοῦ
464 2292 734 2362 ποταμοῦ
763 2293 874 2359 ἓως
917 2295 1391 2368 Ῥινοκορούρων,
1423 2316 1474 2355 κ.
1503 2314 1556 2354 τ.
1586 2298 1636 2356 λ.

398 2382 511 2451 Τὴν
546 2385 783 2455 παντελῆ
821 2384 930 2439 τῶν
976 2388 1042 2441 ἐκ
1072 2391 1378 2460 περιτομῆς
1425 2392 1665 2461 ἐρημίαν
1714 2393 1905 2458 εἰπὼν,

323 2473 401 2534 ὡς
436 2475 647 2545 ἀνδρῶν
691 2477 789 2546 οὐχ
834 2478 1246 2549 εὑρισκομένων
1295 2484 1354 2534 ἐν
1397 2482 1581 2545 αὐτοῖς
1631 2486 1908 2554 σωτηρίας

324 2564 513 2630 ἀξίων,
548 2567 902 2623 ἀνακαλεῖται
930 2570 1224 2638 γυναῖκας
1248 2570 1358 2623 τῶν
1389 2574 1709 2644 παραδόξων
1732 2576 1908 2645 ἔργων

324 2658 405 2720 εἰς
440 2659 770 2729 μαρτυρίαν,
814 2660 890 2723 ὡς
932 2659 999 2715 ἂν
1048 2661 1341 2716 ἐλθοῦσαι
1372 2664 1669 2730 φωτίσαιεν
1724 2665 1816 2718 τὸν
1849 2667 1907 2717 ἐν

327 2749 509 2820 σκότῳ
544 2751 854 2821 καθήμενον
897 2752 1048 2815 λαὸν,
1096 2753 1192 2806 καὶ
1235 2752 1334 2824 τὴν
1371 2755 1530 2807 πόλιν
1573 2757 1752 2809 αὐτῶν
1812 2759 1909 2825 τὴν

325 2839 649 2910 ἀφειμένην.
688 2840 780 2893 Διὸ
822 2841 965 2895 κατά
991 2825 1081 2895 τὸν
1134 2842 1370 2895 Ἀκύλαν
1404 2846 1622 2914 εἴρηται
1644 2863 1658 2877 ο
1692 2849 1910 2901 Γυναῖ-

325 2946 428 2996 κες
489 2930 804 3001 ἐρχόμεναι
848 2931 1208 3001 φωτίζουσαν
1249 2934 1464 3000 αὐτήν.
1512 2938 1667 2990 Κατά
1710 2938 1765 2990 δὲ
1816 2941 1908 2992 τὸν

327 3022 625 3093 Σύμμαχον
652 3038 668 3055 ·
726 3024 1024 3090 Γυναῖκες
1070 3025 1389 3095 ἐρχόμεναι
1447 3027 1546 3079 καὶ
1604 3027 1902 3096 δηλοῦσαι

324 3114 539 3181 αὑτήν.
599 3115 757 3181 Τίνες
811 3116 868 3169 δὲ
932 3110 1115 3183 αὗται,
1176 3117 1560 3188 μανθάνωμεν.
1624 3120 1795 3189 Φησίν
1830 3130 1901 3170 P-

332 3200 543 3260 ιἾῙσαν
568 3207 686 3260 ἐκεῖ
717 3208 975 3276 γυναῖκες
1000 3207 1194 3261 πολλα)⁵
1232 3208 1341 3262 ἀπὸ
1373 3209 1650 3278 μακρόθεν
1675 3210 1911 3281 θεωροῦη

327 3315 420 3351 σαι
468 3298 674 3361 αἵτινες
722 3298 1097 3369 ἠκολούθησαν
1146 3300 1298 3371 αὐτῷ
1345 3301 1455 3356 ἀπὸ
1482 3303 1583 3372 τῆς
1612 3302 1908 3367 Γαλιλαίας

325 3388 674 3444 διακονοῦσαι
708 3390 876 3461 αὐτῷ,
914 3410 935 3443 ι
969 3385 1044 3444 ὧν
1078 3393 1373 3462 ἐπάγειτά
1399 3394 1664 3465 ὀνόματα.
1691 3396 1909 3460 Λουκᾶς

327 3482 406 3550 δέ,
443 3501 461 3535 ι
493 3483 1010 3539 Κατακολουθοῦσαι
1036 3486 1299 3554 γυναῖκές
1317 3504 1479 3551 τινες,
1512 3487 1575 3540 αἴ
1591 3505 1734 3550 τινες
1768 3483 1909 3559 ἦσαν

330 3572 744 3645 συνεληλυθυῖαι
790 3575 855 3628 ἐκ
892 3575 991 3645 τῆς
1051 3575 1345 3639 Γαλιλαίας
1388 3576 1559 3646 αὐτῷ,
1615 3577 1909 3632 ἐθεάσαντο

327 3664 388 3717 τὸ
430 3668 717 3735 μνημεῖον,
752 3665 848 3719 καὶ
877 3665 953 3730 ὡς
981 3665 1145 3736 ἐτέθη
1195 3666 1257 3720 τὸ
1286 3665 1445 3737 σῶμα
1470 3666 1657 3721 αὐτοῦ.
1690 3668 1904 3731 Δίτινες

330 3755 602 3825 μαθοῦσαι
653 3756 723 3810 τά
758 3758 890 3829 περὶ
944 3758 1042 3828 τῆς
1100 3759 1451 3823 ἀναστάσεως
1489 3759 1585 3813 τοῦ
1628 3761 1903 3832 Σωτῆρος,

329 3848 675 3921 ὑπέστρεψαν
749 3850 858 3903 ἀπὸ
911 3850 1007 3904 τοῦ
1090 3851 1357 3922 μνημείου
1416 3851 1905 3922 εὐαγγελιζόμεναι

328 3940 506 3994 πάντα
560 3943 674 4004 τοῖς
724 3940 1066 4005 ἀποστόλοις.
1115 3960 1135 3993 ›
1209 3940 1366 3993 Ἐπεὶ
1396 3940 1577 3993 τοίνυν
1603 3943 1636 3993 ό
1673 3940 1824 4007 λαὸς
1873 3943 1906 3996 ό

321 4034 409 4104 μὴ
435 4034 590 4103 ἔχων
614 4035 894 4099 σύνεσιν,
929 4033 1009 4105 τῷ
1055 4032 1380 4104 κηρύγματι
1441 4032 1551 4085 τῶν
1587 4032 1905 4087 ἀποστόλων

325 4127 429 4179 οὐκ
460 4125 728 4191 ἐπείθετο,
757 4125 850 4179 καί
880 4142 963 4178 τοι
981 4124 1093 4177 τῶν
1126 4123 1295 4177 ἐθνῶν
1325 4123 1784 4195 παραδεχομένων
1812 4123 1904 4176 τὸν

324 4214 505 4284 λόγον,
528 4216 721 4270 τούτου
743 4215 903 4287 χάριν
945 4213 1054 4281 τὰς
1085 4214 1373 4284 γυναῖκας
1400 4215 1461 4267 τὸ
1503 4213 1644 4268 θεῖον
1679 4214 1903 4284 Πνεῦμα

324 4308 500 4362 καλεῖ.
544 4308 685 4373 Τοὺς
726 4307 834 4379 γὰρ
880 4306 1212 4370 ἀποστόλους
1244 4305 1542 4370 διέϐαλλον,
1600 4305 1677 4369 ὡς
1710 4306 1903 4371 νυκτὸς

324 4398 632 4466 κλέψαντας
666 4398 760 4452 τοῦ
792 4400 1047 4471 Σωτῆρος
1074 4398 1135 4452 τὸ
1162 4398 1345 4468 σῶμα.
1405 4398 1498 4450 Διὸ
1548 4399 1646 4462 τὰς
1696 4398 1902 4451 ἀνυπό-

2014 1933 2215 1987 adeste.
2246 1930 2367 1985 Non
2400 1934 2538 1986 enim
2561 1941 2637 1986 est
2660 1932 2904 1999 populus,
2927 1931 3016 2000 qui
3070 1930 3260 1983 habeat
3297 1931 3602 2001 iutelligeu.

2012 2029 2165 2080 tiam.
2212 2026 2499 2090 Propterea
2522 2043 2623 2078 non
2651 2024 2987 2078 miserebitur
3007 2041 3209 2086 eorum,
3235 2025 3325 2093 qui
3347 2024 3469 2092 fecit
3488 2040 3597 2089 eos,

2010 2126 2060 2171 et
2083 2118 2171 2186 qui
2220 2117 2468 2185 {armarit
2516 2132 2624 2181 eos,
2679 2133 2782 2168 non
2809 2125 3012 2182 parcet.
3049 2114 3114 2167 Et
3150 2116 3251 2169 erit
3281 2117 3335 2167 in
3370 2115 3454 2167 die
3498 2115 3598 2167 illa

2011 2204 2286 2258 concludet
2310 2204 2566 2257 Dominus
2596 2220 2628 2256 a
2665 2203 2813 2272 {ossa
2862 2203 3119 2271 ﬂuminis,
3155 2218 3317 2273 usque
3365 2202 3433 2255 ad
3470 2202 3598 2255 lilii-

2012 2310 2377 2360 nocorcuram,
2408 2303 2515 2350 etc.

2080 2386 2242 2457 245
2282 2385 2595 2456 Ροειιιιιοιιι
2627 2386 2693 2440 dc
2725 2383 3036 2439 .lndzeorum
3072 2399 3283 2439 summa
3334 2395 3388 2437 et
3433 2385 3596 2440 abso-

2012 2480 2124 2531 luta
2159 2480 2410 2532 vastitate
2453 2478 2739 2541 disseruit,
2778 2486 3036 2545 tanquam
3090 2477 3195 2530 viri
3253 2477 3386 2529 nulli
3451 2478 3596 2531 inter

2008 2585 2103 2623 eus
2132 2570 2311 2622 salute
2343 2568 2494 2638 digni
2529 2570 2875 2636 reperiantur
2910 2585 2924 2621 :
2952 2568 3195 2622 mulieres
3224 2569 3372 2636 ipsas
3411 2569 3464 2622 in
3493 2570 3593 2622 ad-

2011 2661 2344 2714 mirabilium
2377 2674 2603 2729 operum
2638 2660 3015 2713 testimonium
3049 2669 3242 2724 vocat;
3277 2670 3335 2714 ut
3383 2662 3592 2714 venien-

2012 2761 2111 2815 les,
2140 2752 2416 2820 iacentem
2459 2751 2784 2805 intenebris
2826 2752 3107 2820 populum,
3133 2767 3440 2821 eorumque
3500 2767 3594 2805 ur-

2010 2844 2131 2897 bem
2212 2844 2461 2897 relictam
2522 2844 2824 2895 illustrant.
2865 2843 3044 2910 Atque
3100 2843 3230 2896 hinc
3289 2855 3392 2909 cst,
3443 2845 3590 2912 quod

2009 2936 2258 3005 Aquilam
2289 2936 2533 3001 quidem,
2564 2934 2813 2988 Mulieres
2840 2936 3101 2987 venientes
3133 2916 3411 2988 illustru’nt
3433 2952 3547 2989 eam
3570 2951 3592 2996 ,-

2011 3026 2395 3099 Symmaclium
2418 3034 2622 3090 autem,
2654 3026 2902 3081 Mulieres
2935 3028 3190 3081 venientes
3222 3036 3272 3080 et
3315 3027 3594 3083 ostenden-

2014 3135 2086 3174 tes
2108 3137 2246 3184 eam,
2280 3120 2671 3189 interpretatos
2699 3105 2841 3173 esse.
2887 3121 3140 3188 legimus.
3178 3118 3305 3173 Sed.
3341 3136 3591 3189 quaenam

2013 3214 2142 3279 ipsa:
2168 3211 2395 3277 fuerint,
2444 3212 2558 3281 jam
2606 3213 2907 3266 discamus.
2935 3212 3024 3263 Ait
3051 3211 3195 3264 enim
3248 3209 3588 3268 Mattlueus:

2014 3324 2034 3356 ι
2064 3306 2234 3358 Erant
2258 3304 2331 3358 ibi
2364 3304 2627 3358 mulieres
2653 3303 2837 3357 multa:
2861 3293 3051 3372 procul
3106 3310 3438 3371 spectantes,
3472 3320 3594 3372 quae

2008 3396 2227 3466 quidem
2256 3403 2460 3452 secuta:
2486 3394 2699 3451 fuerant
2722 3411 2846 3450 eum
2880 3411 2907 3450 a
2941 3395 3183 3461 Galilaza,
3212 3397 3593 3451 ministrantes

2006 3488 2055 3544 ei
2101 3490 2181 3555 °’;
2221 3506 2241 3539 ι
2298 3502 2533 3558 quarum
2582 3487 2802 3540 nomina
2855 3487 3061 3555 adjicit.
3100 3485 3280 3541 Lucas
3316 3494 3496 3540 autem
3535 3487 3591 3540 in

2010 3580 2154 3635 hunc
2201 3580 2465 3635 modum:
2513 3578 2774 3633 «Secutte
2835 3588 2966 3632 sunt
3032 3578 3290 3633 mulieres
3341 3579 3591 3649 quaedam

2007 3688 2128 3743 qua:
2162 3688 2287 3728 cum
2340 3688 2407 3728 eo
2428 3689 2493 3727 ex
2527 3671 2746 3726 Galilma
2782 3670 3041 3741 protecta:
3103 3673 3366 3727 viderunt
3417 3674 3594 3727 moni-

1997 3759 2347 3827 ‘mentum,et
2368 3760 2825 3832 quemadmodum
2862 3762 3098 3831 positum
3142 3759 3248 3815 fuit
3295 3762 3416 3831 ejus
3466 3777 3591 3817 cor-

2007 3871 2108 3925 pus
2136 3871 2148 3906 :
2174 3869 2297 3923 qua:
2316 3862 2370 3908 et
2414 3853 2548 3921 ipsae
2605 3866 2728 3907 cum
2764 3853 3066 3906 Salvatoris
3098 3853 3588 3917 _resurrectionem

2004 3947 2289 4002 audissent
2340 3946 2524 3998 omnia
2583 3943 2962 3997 renuntiantes
3017 3942 3301 4011 apostolis,
3334 3957 3365 3996 a
3407 3944 3589 3996 moni-

2007 4046 2189 4093 mento
2232 4050 2467 4092 reversa:
2509 4045 2638 4090 sunt
2683 4034 2751 4090 ⁸⁸.
2787 4053 2806 4085 ι
2871 4033 3141 4099 Quoniam
3192 4049 3324 4103 ergo
3364 4036 3590 4103 populus

2004 4128 2409 4199 intelligentiam
2445 4143 2548 4180 non
2572 4125 2791 4190 habens,
2820 4126 3192 4194 apostolorum
3218 4124 3589 4195 prtedicutioni
3688 4152 3691 4159 ι

2007 4220 2166 4275 ﬁdem
2208 4234 2317 4273 non
2339 4218 2596 4282 habebat,
2627 4233 2789 4287 quam
2828 4224 3010 4271 tamen
3038 4217 3198 4271 avide
3231 4223 3424 4288 gentes
3472 4232 3590 4270 am-

2004 4310 2424 4382 plectebantur:
2474 4309 2733 4364 mulieres
2789 4309 2860 4363 ob
2908 4308 2961 4362 id
3018 4308 3238 4364 divinus
3296 4310 3589 4377 compellat

2007 4400 2267 4470 Spiritus.
2299 4399 2595 4470 Apostolus
2621 4397 2767 4453 enim
2792 4405 3051 4467 tanquam
3085 4408 3249 4452 noctu
3286 4397 3589 4468 Salvator-is

323 4508 493 4554 πτους
525 4491 685 4545 καλεῖ
707 4491 818 4545 τῶν
848 4492 1094 4560 ἀνοήτων
1140 4490 1221 4553 είς
1272 4489 1519 4559 ἐλεγχον;
1563 4489 1733 4543 Μόνοι
1791 4488 1901 4561 γάρ

2011 4508 2210 4562 corpus
2241 4491 2626 4557 sustulissent,
2682 4489 2821 4546 falso
2886 4489 3225 4544 accusabant
3253 4490 3318 4543 “.
3357 4490 3589 4561 Ideoque

322 4583 634 4649 ἀπειθοῦσι,
692 4582 972 4653 πανταχοῦ
1025 4582 1124 4653 τῆς
1176 4581 1508 4653 οἰκουμένης
1575 4579 1904 4651 Ἐκκλησίας

322 4676 579 4748 ὁρῶντες,
638 4677 738 4747 τὴν
781 4676 964 4730 ἔνθεον
1012 4675 1214 4747 ἀρετὴν
1268 4674 1363 4728 τοῦ
1409 4671 1767 4742 εὐαγγελικοῦ
1828 4672 1903 4743 μὴ

325 4765 663 4837 συνορῶντες
688 4764 1067 4837 κηρύγματος.
1109 4764 1406 4833 Γυναῖκες
1439 4764 1498 4819 δέ
1551 4764 1765 4837 πρῶται
1814 4782 1904 4818 πι-

327 4856 609 4910 στεύονται
636 4855 737 4928 τὴν
764 4856 1085 4922 ἀνάστασιν,
1118 4856 1239 4911 ἐπεὶ
1279 4856 1376 4911 καὶ
1403 4854 1559 4927 γυνὴ
1588 4854 1777 4927 πρώτη
1808 4854 1903 4909 τοῦ

323 4948 501 5018 ὄφεως
534 4948 633 5017 τὴν
665 4949 885 5018 ἀπάτην
914 4949 1151 5015 ἐδέξατο.
1192 4948 1291 5003 Διά
1324 4949 1423 5020 τῆς
1471 4945 1568 5003 οὖν
1594 4948 1903 5019 ἀποστολῆς

321 5040 433 5094 τῶν
483 5039 672 5094 δεινῶν
717 5040 1088 5112 ἐγκλημάτων
1133 5039 1532 5114 ἀποκρούονται
1577 5041 1677 5112 τὴν
1698 5040 1901 5095 αἰτίαν.

323 5132 552 5203 Εἴρηται
575 5132 683 5204 γάρ
726 5132 864 5203 πρὸς
920 5132 1091 5198 αύτάς
1133 5132 1196 5185 τὸ
1233 5132 1454 5202 χαίρετε
1493 5133 1645 5206 παρὰ
1677 5132 1773 5187 τοῦ
1805 5132 1905 5203 τὴν

323 5222 465 5295 ἀρὰν
496 5221 779 5286 ἐπιθέντος
808 5223 867 5275 ἐν
899 5224 1065 5293 ἀρχῇ,
1099 5240 1119 5274 ι
1156 5221 1250 5275 Ἐν
1287 5220 1487 5286 λύπαις
1511 5221 1646 5296 τέξῃ
1665 5221 1857 5284 τέκνα,
1885 5241 1904 5274 ι

325 5315 464 5386 πρὸς
516 5312 663 5369 Εὕαν
697 5313 964 5376 εἰπόντος.
1006 5312 1095 5376 Ὠς
1141 5312 1444 5383 ἀνοήτους
1482 5313 1542 5367 δὲ
1590 5314 1717 5377 τοὺς
1769 5313 1903 5367 Ἰου-

322 5404 505 5469 δαίους
540 5408 651 5461 οὐκ
680 5406 962 5473 ἐλεήσειν
990 5405 1171 5475 φησίν.
1220 5404 1309 5460 Ἐν
1337 5406 1392 5458 δὲ
1444 5404 1522 5476 τῷ
1553 5404 1732 5476 καιρῷ
1753 5406 1904 5475 λέγει

2008 4584 2233 4639 minime
2258 4592 2543 4656 suspectos
2569 4584 2638 4638 ad
2689 4597 2878 4638 eorum
2913 4581 3255 4636 rel'utandam
3307 4583 3588 4639 vesaniam

2008 4682 2177 4732 tcstcs
2209 4675 2335 4731 ciet.
2362 4675 2472 4730 Soli
2506 4675 2651 4730 enim
2704 4671 2879 4728 Judaei
2917 4672 3072 4727 tidem
3112 4688 3221 4728 non
3249 4675 3590 4744 amplectun-

2006 4775 2129 4829 tur;
2162 4766 2279 4837 qui,
2303 4766 2432 4822 licet
2469 4766 2668 4836 ubique
2699 4774 2970 4820 terrarum
3000 4771 3325 4834 propagatas
3357 4775 3588 4820 cernant

2007 4855 2307 4923 Ecclesias,
2340 4858 2579 4913 divinam
2612 4865 2793 4913 tamen
2821 4856 3149 4926 evangelicae
3177 4856 3588 4925 praedicationis

2007 4949 2263 5003 virtutem
2290 4965 2396 5003 non
2439 4951 2741 5004 intuentur.
2773 4948 2841 5003 At
2870 4948 3113 5001 mulieres
3163 4950 3587 5004 resurrection's

1999 5039 2158 5095 ﬁdem
2188 5042 2377 5111 prima:
2406 5040 2528 5096 ideo
2558 5040 2850 5110 arripiunt,
2879 5039 3026 5109 quod
3084 5054 3207 5108 qua:
3239 5040 3413 5109 prima
3465 5055 3586 5094 ser-

1997 5131 2181 5201 pentis
2212 5131 2520 5203 deceptioni
2547 5132 2801 5203 patuit”,
2829 5122 3019 5185 mulier
3038 5130 3264 5187 exstitit.
3292 5129 3427 5201 Ipsa:
3455 5146 3588 5195 ergo

1997 5224 2176 5279 isthac
2203 5225 2492 5295 apostolici
2522 5226 2767 5282 muneris
2817 5224 3100 5280 iunctione
3128 5224 3395 5293 gravioris
3425 5239 3589 5277 act-u-

1998 5313 2236 5370 sationis
2290 5314 2451 5385 culpa
2485 5329 2607 5370 sese
2638 5322 2982 5371 exemerunt.
3012 5313 3153 5369 Sunt
3200 5313 3343 5366 enim
3395 5313 3463 5367 ab
3493 5314 3585 5366 ino

2000 5406 2213 5461 salvere
2235 5405 2425 5475 iussae,
2451 5406 2543 5477 qui
2569 5406 2726 5462 initio
2767 5405 2891 5461 Evze
2924 5407 3278 5476 imprecatus,
3302 5419 3433 5459 suos
3462 5419 3583 5460 eam

393 5562 438 5593 ⁶¹
462 5560 625 5617 Rom.
675 5577 749 5628 st,
777 5560 862 5615 t2.
941 5559 985 5593 "
1013 5558 1143 5615 Luc.
1177 5574 1344 5622 nvzt,
1378 5559 1469 5621 55,
1507 5560 1594 5614 53.
1666 5560 1709 5590 ⁸³
1746 5560 1879 5615 Luc.
1912 5575 2075 5623 mu,
2111 5560 2203 5623 59,
2240 5561 2332 5615 56.
2412 5560 2688 5617 6“Matth.
2730 5576 2924 5616 xxvm.
2957 5561 3002 5594 “
3040 5561 3176 5617 Gen.
3213 5577 3296 5627 ιιι,
3326 5561 3350 5615 1
3385 5576 3541 5633 seqq.

1630 5677 1864 5732 VARIA‘I
1904 5677 2314 5734 LECTIONES.

423 5781 452 5812 ³
481 5791 575 5847 no.
613 5772 889 5845 ποιμέσιν.

966 5780 991 5806 o
1022 5788 1092 5840 γρ
1148 5768 1433 5841 δηιῶντες.
1486 5768 1538 5819 Ῥ
1569 5773 1626 5824 λ.
1659 5770 1745 5823 lc.
1784 5770 1894 5840 γὰρ
1925 5770 1953 5822 δ
1987 5769 2269 5835 Ματθαῖος
2305 5769 2419 5842 μέν.
