4022 6210
307 337 447 402 2245

1442 337 1978 400 COMMENTARII
2023 338 2101 398 IN
2148 338 2436 399 ISAIAM.

3329 325 3334 330 ’
3420 335 3562 399 2246

315 447 380 502 ⁸0
411 445 645 518 Χριστὸς
667 446 723 500 δὲ
744 446 832 500 διὰ
852 446 944 501 τοῦ
969 447 1284 518 ψάλλοντος,
1309 467 1327 500 ι
1351 450 1650 504 Ἀκούσατε
1681 447 1878 513 ταῦτα,
1907 500 1912 509 ,

2016 446 2139 502 ibus
2167 448 2291 500 data
2323 457 2426 502 est.
2453 443 2603 501 Mose
2628 433 2771 498 enim
2807 444 3024 501 dicente
3051 451 3298 500 tantum:
3339 463 3359 498 ι
3395 446 3558 510 Audi,

307 539 488 593 πάντα
514 537 584 592 τὰ
612 537 757 609 ἔθνη.
775 559 794 592 ι
821 540 977 603 Τινὲς
1007 539 1064 593 δέ
1088 556 1220 608 φασι
1243 541 1323 605 τὸ,
1354 539 1454 594 καὶ
1479 540 1648 610 ὑμεῖς
1666 539 1754 609 μὴ
1780 539 1879 593 εὐ-

306 628 685 698 φρανθείητε,
732 629 1030 700 ἁρμόττειν
1076 629 1175 699 μὲν
1217 631 1312 685 καὶ
1358 631 1494 701 πρὸς
1537 630 1628 684 τδν
1671 629 1887 702 Ἰσραὴλ

310 719 386 787 μὴ
417 717 696 788 ἐπιμένειν
717 721 784 790 τῇ
811 718 917 774 τῶν
938 720 1349 792 ἁμαρτημάτων
1374 721 1534 793 ἡδονῇ
1563 719 1884 792 παραινοῦν,

310 807 448 877 μηδὲ
502 807 726 878 δεσμεῖν
781 810 1007 874 ἑαυτοὺς
1068 811 1482 883 ἁμαρτήμασιν,
1517 811 1653 882 πρὸς
1694 811 1751 864 δὲ
1788 811 1886 884 τὴν

307 897 417 966 τῆς
451 899 704 966 κρίσεως
760 900 931 972 ἀκοὴν
985 901 1449 958 ὑποστέλλεσθαι·
1489 903 1779 975 ἁρμόττειν
1829 902 1888 956 δὲ

309 995 403 1046 καὶ
462 993 596 1064 πρὸς
636 992 704 1046 τὰ
759 992 911 1065 ἔθνη,
960 995 1036 1059 ὡς
1079 995 1202 1048 οὐδὲ
1255 996 1465 1067 χαίρειν
1511 997 1658 1065 ὑμᾶς
1703 995 1796 1049 ἐπὶ
1821 997 1888 1068 τῇ

308 1081 418 1134 τῶν
462 1081 810 1153 Ἰσραηλιτῶν
844 1084 1105 1156 τιμωρία.
1145 1084 1474 1157 Διαδήσεται
1521 1084 1634 1156 γὰρ
1660 1085 1756 1140 καὶ
1812 1087 1890 1148 εἰς

311 1174 458 1244 ὑμᾶς
485 1173 556 1228 τὰ
584 1175 681 1246 τῆς
711 1175 903 1240 τίσεως
929 1177 1362 1247 ἁμαρτάνοντας.

394 1351 607 1420 arx-20'.
676 1351 1057 1414 Ἑνωτίζέσθε
1108 1354 1205 1409 καὶ
1254 1354 1506 1409 ἀκούετε
1541 1353 1651 1423 τῆς
1687 1351 1894 1422 φωνῆς

309 1459 452 1512 μου.
504 1443 862 1512 Προσέχετε,
909 1445 1005 1500 καὶ
1039 1446 1284 1499 ἀκούετε
1311 1447 1453 1512 τοὺς
1484 1447 1706 1516 λόγους
1750 1463 1892 1516 μου.

303 1536 396 1604 Μὴ
429 1536 584 1600 ὅλην
632 1537 748 1605 τὴν
796 1535 1024 1606 ἡμέραν
1074 1538 1286 1607 μέλλει
1337 1541 1370 1591 ό
1419 1536 1707 1606 ἀροτριῶν
1757 1537 1897 1606 ἀρο-

317 1625 486 1697 τριᾷν
504 1645 523 1692 ;
547 1627 585 1696 ἢ
617 1630 852 1698 σπόρον
880 1628 1324 1699 προετοιμάσαι,
1355 1631 1498 1698 πρὶν
1528 1629 1898 1698 ἐργάσασθαι

320 1721 435 1786 τὴν
489 1719 636 1790 mir;
686 1723 797 1789 οὐχ
842 1721 986 1775 ὅταν
1032 1721 1296 1791 ὀμαλίσῃ
1337 1721 1403 1776 τὸ
1441 1713 1766 1790 πρόσωπον
1792 1721 1900 1775 αὑ-

317 1813 448 1880 τῆς,
484 1829 536 1865 κ.
580 1829 629 1866 τ.
654 1812 704 1866 λ.

389 1908 478 1974 Τῷ
511 1906 758 1975 στεφάνῳ
794 1906 892 1975 τῆς
929 1903 1160 1976 ὕϐρεως,
1228 1904 1294 1975 τῷ
1325 1904 1414 1957 τὸν
1445 1903 1662 1976 ἔντιμον
1699 1907 1895 1960 ἀποδο-

318 1995 620 2064 κιμάσαντι
671 1994 839 2059 λίθον,
889 1993 969 2047 ἔτι
1028 1993 1465 2064 παρακελεύεται
1512 1996 1580 2049 τὰ
1639 1997 1738 2066 μὲν
1777 1992 1897 2052 ὦτα

319 2086 606 2156 παρέχειν
636 2090 701 2159 τῇ
727 2088 794 2144 δι’
840 2088 998 2158 ἀέρος
1035 2089 1313 2162 φερομένῃ
1358 2089 1550 2159 φωνῇ,
1585 2092 1898 2163 πειθαρχεῖν

323 2179 382 2232 δὲ
408 2183 522 2243 τοῖς
553 2179 889 2251 λεγομένοις,
921 2181 1016 2235 καὶ⁸
1046 2184 1336 2235 κατανοεῖν
1365 2181 1434 2235 τὰ
1462 2181 1752 2254 λεγόμενα.
1782 2179 1895 2238 Εἶθ’

321 2270 682 2342 ὑποδείγματι
729 2271 1017 2342 κέχρηται,
1068 2272 1336 2328 διδάσκων
1365 2275 1582 2338 αὐτοὺς,
1626 2274 1702 2338 ὼς
1747 2275 1900 2340 δντες

322 2362 541 2416 δυνατοὶ
569 2362 809 2426 δυνατῶς
843 2363 1256 2435 ὲτασθήσονται.
1280 2367 1579 2436 ’Ἄρχοντες
1608 2366 1717 2436 γάρ
1751 2361 1894 2438 ἦσαν

326 2454 420 2507 καὶ
453 2453 635 2524 ἱερεῖς,
667 2454 762 2508 καὶ
793 2454 1128 2511 διδάσκαλοι.
1160 2456 1366 2528 Καιρὸς
1390 2456 1520 2528 γὰρ,
1550 2458 1736 2529 φησὶν,
1761 2457 1900 2526 ἀρό-

323 2559 470 2613 τρου
504 2544 602 2598 καὶ
659 2545 894 2613 σπόρου
925 2545 1205 2618 διάφορος.

396 2637 509 2690 Καὶ
552 2635 924 2706 παραλλάττει
957 2636 1065 2692 τῶν
1098 2639 1327 2708 καρπῶν
1380 2638 1521 2710 μετὰ
1549 2639 1766 2713 θέροςή
1801 2641 1904 2696 κά-

327 2727 538 2798 θαρσις,
567 2727 678 2782 τῶν
716 2728 814 2798 μὲν
863 2726 1078 2797 ἀμάξης
1113 2727 1406 2799 δεομένων,
1455 2732 1550 2782 καὶ
1595 2731 1904 2800 τεμνόντων

325 2819 536 2888 τροχῶν
573 2819 686 2870 ὅσοι
727 2817 835 2870 τῶν
882 2817 1056 2870 ἄλλων
1105 2818 1427 2888 ἁδρότεροι·
1478 2819 1586 2872 τῶν
1627 2819 1685 2872 δὲ
1715 2821 1905 2890 μόναις

326 2910 680 2980 ἀρκουμένων
706 2910 922 2980 ῥάϐδοις
956 2909 1115 2982 οἷπερ
1138 2911 1274 2964 εἰσιν
1311 2911 1708 2984 ἀσθενέστεροι.
1749 2913 1906 2968 Οὕτω

327 3003 420 3055 καὶ
453 3003 481 3054 ὁ
510 3000 602 3055 τοῦ
641 3001 777 3055 Θεοῦ
801 3002 955 3070 λόγος
983 3001 1243 3072 γεωργῶν
1273 3002 1371 3064 τὰς
1408 3002 1607 3074 ψυχὰς,
1641 3005 1700 3056 ὲν
1729 3005 1906 3076 καιρῷ

331 3092 430 3161 μὲν
490 3091 661 3154 αὐτὰς
721 3093 1039 3164 διδασκαλίᾳ
1091 3095 1215 3158 νεοῖ,
1275 3094 1668 3165 άναρῤηγνύση
1703 3106 1731 3144 q
1781 3098 1907 3160 τοὺς
1935 3135 1977 3194 c

328 3182 688 3245 λανθάνοντας
722 3181 1039 3252 λογισμούς.
1071 3181 1235 3235 Ὅθεν
1267 3181 1324 3236 δὲ
1355 3182 1448 3235 καί
1479 3199 1664 3250 φησιν⁹
1709 3201 1726 3233 ι
1756 3181 1908 3235 Νεῶ-

331 3293 459 3329 σατε
489 3276 702 3337 ἑαυτοῖς
738 3274 1018 3345 νεώματα,
1057 3275 1154 3328 καὶ⁴
1188 3275 1262 3344 μὴ
1299 3274 1598 3345 σπείρηται
1624 3275 1710 3328 ἐπ’
1737 3275 1906 3328 ἀκάν-

226 3428 239 3437 ,
333 3355 538 3430 θαιςζ»
587 3366 788 3420 Ἐπειδ’
827 3366 894 3420 ἂν
942 3365 999 3418 δὲ
1051 3365 1111 3419 τὸ
1157 3367 1320 3420 οἱονεὶ
1352 3367 1644 3437 πρόσωπον
1699 3369 1909 3435 ὁμαλι-

333 3459 504 3525 σθείη
553 3457 652 3526 τῆς
705 3457 825 3528 γῆς,
891 3456 1072 3527 πάσης
1117 3455 1462 3518 ἀκανθώδους
1503 3457 1912 3526 ἀνατραπείσης
1961 3460 1965 3464 ’

334 3551 555 3614 κακίας,
622 3549 923 3619 τηνικαῦτα
991 3551 1101 3612 τοῖς
1161 3547 1540 3617 ὑποκειμένοις
1601 3545 1913 3618 κατάλληλα

337 3647 662 3702 καταϐάλλει
693 3645 764 3699 τὰ
791 3645 1122 3714 σπέρματα,
1154 3642 1324 3713 μείζω
1343 3659 1400 3694 τε
1433 3643 1527 3696 καὶ
1579 3641 1911 3712 βραχύτερα.

340 3737 640 3808 Διαιρέσεις
671 3736 779 3806 γὰρ
811 3736 1166 3806 χαρισμάτων
1209 3731 1366 3786 εἰσίν.
1408 3731 1680 3802 Παρόντος
1729 3731 1784 3784 δὲ
1818 3727 1912 3783 τοῦ

334 3829 594 3900 θερισμοῦ
659 3826 995 3898 (συντέλειαν
1033 3825 1091 3878 δὲ
1132 3823 1322 3877 τοῦτον
1383 3821 1579 3892 δηλοῦν
1613 3820 1856 3888 ἐδίδαξεν
1887 3821 1915 3874 δ

339 3922 617 3992 Χριστὸς),
644 3921 765 3974 τότε
807 3919 933 3981 τοὺς
981 3916 1166 3981 ἀξίους
1211 3915 1331 3968 τῶν
1370 3909 1728 3981 σπερμάτων
1757 3911 1916 3964 ἁπαι-

336 4008 492 4084 τίγσει
552 4012 820 4084 καρπούς.
847 4008 968 4063 Τῶν
1010 4007 1067 4060 δὲ
1124 4005 1201 4078 μὴ
1235 4004 1605 4076 παρεχόντων,
1648 4003 1696 4056 οἱ
1731 4001 1828 4073 μὲν
1849 4001 1917 4055 τὰ

342 4106 551 4176 σμικρὰ
607 4103 882 4165 λαϐόντες,
919 4098 1165 4171 μετρίαν,
1200 4099 1248 4150 οἱ
1301 4096 1358 4150 δὲ
1399 4096 1460 4149 τά
1495 4094 1726 4164 μεγάλα,
1764 4091 1919 4163 μεγί-

344 4214 478 4268 στην
521 4195 1015 4266 εἰσπραχθήσονται
1063 4190 1242 4261 δίκην,
1296 4187 1485 4257 ὥσπερ
1548 4189 1595 4240 οἱ
1665 4185 1918 4255 μεγάλων

342 4288 689 4354 ἀξιωθέντες,
739 4286 924 4354 ἱερεῖς,
958 4282 1052 4336 καὶ
1091 4280 1374 4350 γεγονότες
1423 4277 1684 4346 στέφανος
1709 4275 1919 4346 ὕϐρεως

347 4379 606 4451 μισθωτοί
635 4395 694 4430 τε
724 4373 988 4446 Ἐφραῒμ,
1034 4373 1109 4436 ὡς
1163 4369 1487 4438 διαστρέψαι
1517 4367 1615 4439 μὲν
1647 4367 1738 4420 τὸν
1769 4365 1918 4431 λαὸν,

339 4470 742 4540 ἀποδοκιμάσαι
773 4468 830 4521 δὲ
859 4467 1006 4520 λίθον
1043 4465 1133 4518 τὸν
1157 4462 1436 4516 ἐκλεκτόν.

413 4649 488 4704 Τὸ
553 4647 632 4712 δὲ,
684 4644 783 4699 καὶ
843 4641 1141 4710 παιδεύσῃ
1203 4639 1436 4709 κρίματι
1481 4635 1637 4700 Θεοῦ,
1693 4637 1726 4705 ἦ
1779 4633 1922 4688 κατὰ

346 4743 663 4814 Σύμμαχον,
699 4738 795 4791 καὶ
836 4734 1144 4789 παιδεύσει
1179 4729 1368 4785 αὑτὸν
1395 4732 1482 4796 εἰς
1511 4727 1685 4798 κρῖμα
1715 4731 1747 4782 ό
1777 4725 1922 4792 Θεὸς

348 4833 558 4906 αὐτοῦ,
577 4830 904 4904 παρίστησιν
930 4826 1003 4888 ὡς
1056 4825 1260 4894 φυσικῇ
1311 4819 1629 4890 διδασκαλία
1654 4818 1921 4888 γεωργὸς,

350 4927 442 4980 καὶ
481 4925 692 4992 δοθείσῃ
730 4920 882 4991 παρὰ
913 4915 1006 4971 τοῦ
1037 4914 1172 4969 Θεοῦ
1197 4957 1212 4980 ,
1246 4913 1314 4968 τὰ
1349 4912 1477 4983 περὶ
1513 4911 1610 4980 τῆς
1666 4908 1926 4979 διαφόρου

349 5018 457 5074 τῶν
483 5015 709 5087 καρπῶν
735 5013 911 5084 κρινεῖ
937 5007 1278 5079 καθάρσεως.
1325 5004 1470 5057 Ἀντὶ
1510 5002 1567 5056 δὲ
1612 5000 1733 5067 τοῦ,
1763 5001 1830 5054 τὸ
1872 4998 1930 5053 δὲ

350 5112 604 5178 κύμινον
639 5103 788 5174 μετὰ
831 5102 1013 5171 ἄρτου
1047 5095 1446 5167 βρωθήσεται,
1495 5092 1789 5164 Σύμμαχός
1823 5109 1930 5161 φη-

352 5218 436 5254 σιν
463 5217 477 5232 ·
517 5201 783 5266 Κύμινον
835 5195 903 5247 δὲ
929 5193 999 5245 ἐν
1032 5188 1355 5256 βακτηρίᾳ,
1401 5185 1578 5254 ἄρτος
1617 5183 1684 5237 δὲ
1717 5187 1931 5237 λεπτο-

353 5289 781 5358 κοπηθήσεται.
845 5285 918 5338 Τὸ
972 5283 1148 5351 ἄρτος
1201 5280 1321 5334 ἁντὶ
1367 5275 1462 5331 τοῦ
1519 5277 1685 5342 σῖτος
1735 5274 1928 5332 εἰπών.

364 5384 512 5437 Ἀντὶ
554 5381 611 5433 δὲ
658 5377 774 5444 τοῦ,
817 5373 900 5430 Οὐ
951 5374 1062 5444 γὰρ
1105 5375 1192 5438 εὶς
1233 5370 1342 5425 τὸν
1382 5367 1568 5422 αἰῶνα
1612 5366 1726 5436 ἐγὼ
1783 5365 1928 5435 ὑμῖν

423 5497 468 5528 τί
503 5493 660 5548 Deut.
698 5506 772 5556 vl,
799 5491 854 5545 '5.
946 5488 994 5519 "
1038 5485 1181 5542 Psal.
1225 5499 1410 5549 XLVIII,
1450 5481 1509 5536 ἓ.
1585 5480 1665 5511 ⁷⁸*
1703 5479 1831 5551 Sap.
1867 5497 1941 5548 vI,
1986 5481 2038 5533 7.

360 5569 402 5600 "
430 5565 622 5619 Matth.
649 5577 770 5625 xm,
801 5560 894 5614 59.

1906 1855 1907 1858 η
1926 1803 1976 1864 Β

1991 540 2251 605 Israel“;
2279 559 2297 592 ι
2330 539 2446 609 ipse
2482 553 2578 609 per
2616 537 2933 593 Davidem"
2963 554 3154 594 omnes
3181 548 3368 608 gentes
3389 547 3564 596 atten-

1991 631 2121 686 dere
2159 630 2314 702 jubct
2371 630 2648 686 Christus.
2709 630 2779 685 At
2838 645 2948 687 non
2999 630 3219 697 desunt,
3255 633 3349 702 qui
3398 632 3570 686 verba

1994 721 2121 787 ista,
2147 731 2198 776 et
2230 738 2318 776 vos
2349 721 2510 775 nolite
2542 721 2738 783 laetari,
2765 721 3063 776 convenire
3100 723 3340 791 quidem,
3397 730 3450 777 et
3484 721 3566 776 fa-

1994 827 2120 867 cere
2165 811 2232 866 ad
2273 811 2624 866 excitandum
2664 810 2942 874 lsraelem,
2995 827 3062 865 nc
3093 826 3152 866 se
3214 819 3565 881 peccatorum

1997 903 2369 973 voluptatibus
2422 911 2686 973 tanquam
2738 903 2972 958 vinculis
3024 903 3299 972 illaqueet,
3355 906 3447 958 sed
3497 904 3565 957 ad

1988 989 2186 1058 judicii
2223 993 2556 1047 mentionem
2581 999 2876 1055 terreatur,
2909 991 3259 1045 existiment:
3296 1007 3486 1046 verum
3515 1003 3569 1047 et

1998 1083 2064 1138 ad
2084 1092 2274 1154 gentes
2299 1083 2466 1138 etiam
2488 1083 2680 1138 referri
2703 1100 2716 1148 ;
2743 1092 3002 1152 tanquam
3030 1083 3264 1152 sumptis
3289 1081 3572 1138 delsraele

2000 1177 2177 1245 pinnis
2202 1190 2296 1231 eas
2331 1176 2501 1230 laetari
2535 1175 2844 1246 prohibeat,
2878 1190 3017 1244 quas
3049 1189 3146 1229 sua
3191 1189 3410 1244 quoque
3440 1190 3573 1246 pec—

2001 1273 2248 1318 catorum
2285 1263 2420 1320 ultio
2451 1265 2676 1319 minime
2698 1265 3136 1332 praatcrmissura
3161 1267 3235 1320 sit

2071 1353 2234 1424 350
2265 1352 2436 1410 Vens.
2473 1354 2663 1409 23-29.
2696 1354 2930 1408 Auribus
2969 1356 3244 1424 percipite,
3297 1365 3346 1410 et
3396 1357 3576 1412 audite

2002 1466 2177 1511 vocem
2217 1466 2408 1505 meam.
2439 1449 2728 1514 Attendite,
2776 1459 2826 1504 et
2857 1449 3039 1504 audite
3087 1467 3350 1504 sermones
3406 1468 3572 1506 meos.

2002 1539 2258 1611 Nunquid
2289 1551 2400 1595 tota
2422 1541 2508 1595 die
2537 1541 2709 1595 arabit
2735 1544 2824 1612 qui
2864 1543 3026 1594 arat?
3077 1551 3170 1594 aut
3228 1558 3401 1597 semen
3431 1558 3578 1610 pra:-

2003 1636 2235 1702 parabit,
2270 1645 2552 1706 antequam
2609 1647 2866 1705 pra'paret
2913 1639 3151 1692 (errant?
3185 1638 3419 1708 nunquid
3471 1655 3577 1693 non

2006 1742 2125 1780 cum
2152 1728 2435 1796 azquaverit
2460 1728 2648 1795 facient
2665 1727 2800 1796 ejus,
2833 1738 2939 1784 etc.

2069 1900 2265 1957 Adhuc
2295 1903 2460 1956 etiam
2487 1917 2750 1957 coronam
2773 1903 3066 1974 superbiat,
3106 1919 3226 1974 qua:
3275 1906 3577 1975 pretiosum

1999 1989 2232 2058 lapidem
2265 1991 2474 2060 rejecit,
2509 1993 2859 2057 adhortatur,
2893 2002 2951 2046 ut
2986 1995 3100 2048 voci
3124 2010 3246 2064 qua:
3276 2011 3375 2064 per
3396 2011 3579 2050 aerem

2001 2069 2207 2148 fertur,
2233 2098 2389 2135 aures
2419 2082 2676 2151 prwbeat,
2703 2098 2898 2152 eaque,
2933 2099 3050 2153 quze
3093 2086 3373 2148 dicuntur,
3403 2096 3582 2140 mente

2002 2173 2168 2243 agitet
2199 2182 2253 2228 et
2304 2183 2589 2243 sequatur.
2625 2173 2886 2246 Exemplo
2940 2176 3136 2233 deinde
3179 2178 3423 2232 adhibito
3464 2179 3584 2234 fore

2001 2263 2183 2328 docet,
2223 2273 2302 2326 ut,
2334 2265 2462 2334 quia
2517 2271 2770 2334 potentes
2819 2274 2970 2330 sunt,
3008 2275 3258 2335 potenter
3311 2275 3582 2322 tormenta

2003 2355 2388 2425 patiantur'“.
2424 2358 2594 2410 Erant
2632 2358 2775 2412 enim
2807 2357 3107 2428 principes,
3150 2365 3206 2412 et
3240 2359 3580 2420 sacerdotes,

2003 2455 2055 2500 et
2086 2445 2367 2508 doctores.
2411 2445 2709 2501 Enimvero
2761 2448 2858 2510 ait,
2895 2447 3180 2510 arationis,
3231 2447 3584 2517 sementisque

2004 2536 2271 2592 facienda:
2305 2553 2412 2592 non
2443 2553 2608 2593 unum
2631 2547 2688 2593 et
2721 2538 2862 2592 idem
2893 2549 3106 2607 tempus
3125 2548 3228 2594 est.

2077 2628 2185 2682 Sed
2217 2643 2456 2684 messem
2487 2627 2712 2684 alternis
2742 2630 2989 2698 sequitur
3010 2635 3126 2698 ipsa
3147 2628 3421 2684 fructuum
3453 2645 3586 2700 pur-

2007 2721 2174 2790 gatio,
2203 2720 2452 2790 plaustro
2476 2720 2637 2786 aliis;
2680 2721 2803 2776 aliis
2843 2722 3008 2775 etiam
3046 2722 3202 2786 rotis,
3252 2721 3300 2776 si
3334 2721 3427 2790 qui
3456 2730 3589 2777 sunt

2007 2813 2152 2868 inter
2189 2828 2284 2869 cos
2303 2814 2638 2882 vegetiores;
2664 2813 3057 2882 aliis-denique
3084 2814 3236 2883 virga
3275 2821 3510 2876 tantum,
3539 2822 3588 2874 si

2010 2903 2293 2958 tenuiores
2320 2905 2449 2966 sint,
2475 2904 2872 2973 indigentibus.
2920 2903 3122 2958 Eadem
3158 2907 3318 2973 plane
3372 2903 3590 2958 ratione

2008 3003 2061 3049 et
2091 2995 2183 3049 Dei
2215 3010 2397 3050 sermo
2425 2996 2562 3050 solet
2593 2995 2804 3049 animas
2845 3004 3062 3050 nostras
3083 2995 3352 3060 excolere,
3376 3011 3589 3064 suoque

2013 3098 2255 3157 tempore
2289 3087 2562 3149 doctrina,
2620 3094 2881 3156 tanquam
2934 3097 3142 3150 aratro,
3180 3103 3470 3151 renovare,
3531 3097 3586 3142 et

2013 3175 2244 3230 latentes
2303 3190 2493 3229 eorum
2545 3177 2912 3245 cogitationes
2971 3176 3132 3246 351
3196 3179 3575 3246 proscindere.

2012 3264 2252 3334 Indeque
2282 3273 2368 3318 est
2391 3273 2540 3320 certe
2563 3265 2708 3334 quod
2747 3266 2857 3318 ait:
2895 3283 2914 3316 ι
2943 3264 3151 3320 Novate
3165 3266 3318 3321 vobis
3348 3267 3586 3331 novalia,

2013 3374 2191 3428 neque
2215 3373 2380 3426 super
2400 3357 2587 3426 spinas
2613 3356 2902 3413 seminetis
2921 3359 2992 3412 ⁷³.
3023 3377 3042 3409 ι
3079 3356 3181 3412 Ubi
3221 3366 3402 3412 autem
3431 3366 3593 3414 terra:

2014 3457 2278 3519 tanquam
2339 3449 2507 3503 facies
2569 3448 2731 3516 fuerit
2787 3448 3092 3518 adtequata',
3161 3449 3311 3503 omni
3364 3453 3591 3519 spinosa

2015 3541 2234 3609 penitus
2264 3540 2571 3609 exstirpata
2603 3539 2835 3605 malitia,
2867 3554 2932 3595 ea
2965 3548 3080 3594 tum
3109 3541 3331 3596 demum
3365 3545 3589 3607 semina,

2016 3646 2138 3701 qua:
2171 3631 2438 3700 subjectis
2483 3641 2824 3701 congruant,
2881 3631 3090 3700 majora
3140 3642 3235 3688 aut
3294 3635 3616 3703 minutiora,

2018 3729 2146 3776 sunt
2183 3721 2328 3776 enim
2368 3721 2670 3790 gratiarum
2710 3721 3366 3783 divisiones“,n:andare
3394 3741 3596 3780 conve-

2018 3810 2180 3865 nerit.
2235 3811 2303 3862 At
2361 3809 2602 3864 instante
2628 3825 2806 3864 messe
2836 3811 2967 3880 (quo
2997 3813 3216 3868 nomine
3242 3829 3594 3870 consumma-

2021 3903 2222 3958 tionem
2256 3899 2556 3970 signiiicari
2579 3899 2836 3956 Christus
2886 3900 3143 3956 docuit”
3164 3906 3204 3970 ),
3235 3905 3444 3960 fructus
3477 3915 3593 3962 tum

2020 3992 2238 4047 demum
2271 3999 2502 4044 semente
2531 3990 2726 4060 dignos
2764 3991 2904 4045 idem
2945 3992 3280 4060 postulabit:
3317 4010 3458 4063 quos
3498 3997 3592 4064 qui

2023 4099 2132 4138 non
2166 4081 2414 4148 reddent,
2449 4082 2494 4137 si
2528 4097 2692 4151 parva
2723 4079 2944 4152 quidem
3007 4083 3340 4152 acceperint,
3382 4087 3597 4140 medio-

2022 4191 2141 4232 cres
2158 4175 2235 4244 ;si
2258 4189 2450 4245 magna
2479 4185 2689 4244 autem,
2707 4188 2900 4242 poenas
2927 4173 3075 4227 luent
3097 4182 3150 4228 et
3183 4174 3284 4243 ipsi
3307 4179 3596 4233 maximas.

2024 4269 2142 4336 Quo
2179 4271 2231 4323 in
2252 4284 2447 4339 genere
2486 4269 2650 4338 primi
2687 4267 2854 4321 futuri
2879 4275 3008 4320 sunt
3046 4267 3114 4320 ad
3159 4257 3374 4323 summa
3421 4271 3597 4324 evecti

2024 4366 2362 4427 sacerdotes,
2395 4372 2447 4416 et
2476 4363 2566 4430 qui
2602 4359 2871 4430 Superbia!
2902 4375 3127 4424 corona,
3163 4363 3600 4432 mercenariique

1947 4465 2001 4525 ])
2028 4453 2284 4522 Ephraim
2316 4453 2691 4516 nominantur,
2724 4453 2816 4521 qui
2859 4453 3118 4521 populum
3151 4462 3421 4528 avertere,
3449 4454 3599 4509 dele-

2026 4553 2286 4613 ctumque
2319 4543 2550 4612 lapidem
2579 4542 2809 4613 rejicere
2843 4544 2963 4598 ausi
2986 4551 3142 4597 sunt.

2097 4635 2328 4700 Deinde,
2354 4637 2501 4706 quod
2524 4636 2802 4706 sequitur,
2894 4644 2944 4690 et
2973 4635 3230 4690 erudieris
3257 4637 3310 4689 in
3333 4637 3601 4705 judicium

2026 4729 2155 4796 Dei;
2189 4737 2282 4784 aut
2311 4731 2619 4786 secundum
2663 4728 3078 4801 Symmachum,
3132 4741 3182 4785 et
3227 4731 3432 4784 erudiet
3483 4747 3604 4813 eun:

2034 4821 2172 4876 Deus
2228 4821 2296 4875 ad
2331 4822 2599 4890 judicium
2665 4838 2842 4887 suum,
2897 4823 3138 4878 ostendit
3184 4821 3356 4877 Deum
3403 4823 3600 4893 ipsum,

2033 4911 2176 4967 sicut
2202 4913 2379 4968 solent
2409 4913 2646 4968 naturali
2675 4912 2990 4982 disciplina,
3029 4923 3196 4983 atque
3248 4928 3276 4967 a
3327 4912 3438 4969 Deo
3467 4929 3606 4968 con-

2034 5018 2193 5059 cessa
2212 5005 2491 5074 agricolae,
2525 5003 2594 5059 de
2619 5005 2769 5057 varia
2797 5003 3072 5057 fructuum
3096 5005 3424 5073 purgatione
3449 5003 3605 5072 judi-

2032 5103 2309 5149 caturum.
2352 5094 2622 5150 Caeterum
2669 5109 2768 5164 pro
2829 5109 2937 5164 quo
2968 5093 3250 5162 Cyminum
3299 5110 3414 5146 cum
3469 5108 3607 5160 parte
3659 5140 3666 5147 .

2033 5186 2304 5250 comedet;
2332 5187 2596 5256 legimus:
2637 5185 2919 5256 Cyminum
2961 5185 3188 5239 baculo:
3220 5185 3375 5253 panis
3429 5193 3610 5239 autem

2033 5279 2442 5343 comminuetur,
2499 5276 2782 5332 transtulit
2825 5276 3217 5347 Symmachus,
3273 5291 3461 5342 panem
3505 5291 3608 5347 pro

2033 5368 2299 5433 frumento
2334 5381 2628 5438 usurpans.
2659 5366 2865 5422 Deinde
2890 5366 3056 5421 verba
3087 5366 3212 5429 ista,
3257 5365 3440 5437 Neque
3467 5368 3610 5423 enim

2137 5483 2181 5513 ⁷³
2217 5479 2418 5537 JerenI.
2448 5497 2521 5537 Iv.
2553 5480 2625 5546 3;
2659 5478 2823 5536 Osee.
2854 5495 2908 5548 ι,
2953 5478 3039 5534 12.
3146 5480 3189 5512 ⁷*
3219 5480 3239 5536 l
3267 5479 3393 5535 Cor.
3429 5496 3527 5549 xu,
3551 5480 3610 5538 4.

1656 5647 1886 5702 VARle
1925 5644 2214 5703 LECTION
2226 5647 2326 5702 ES.

427 5765 458 5807 ιι
485 5771 574 5825 γρ.
610 5753 704 5807 καὶ
728 5747 1121 5823 ἀναρρήγνυσι.
