4022 6210
537 321 677 389 2247
1827 327 2096 392 PROCOI

2217 328 2458 393 (ΞΑΖᾸΞΙ
3633 328 3765 392 2248

538 446 593 499 in
626 453 929 512 perpetuum
961 444 1039 498 va!
1055 444 1100 499 is
1128 445 1355 509 irascar,
1392 463 1553 517 neque
1593 462 1691 501 vox
1730 449 2096 502 amaritudini:

2212 451 2667 520 ὀργισθιξσομαι.
2720 447 2872 502 Οὐδὲ
2913 445 3081 517 φωνή
3110 446 3218 517 τῆς
3245 444 3486 516 πικρίας
3529 451 3642 519 μοῦ
3672 468 3764 507 κα·

540 549 670 588 mete
700 533 1031 587 conculcabit
1057 550 1167 598 vos,
1209 534 1282 588 ita
1316 536 1679 606 Symmachus
1708 545 1762 592 et
1810 536 2094 592 Theodotit

2216 539 2547 608 ταπατήσει
2568 537 2739 609 ὑμᾶς,
2782 537 3073 590 Θεοὸοτίων
3118 537 3213 591 καὶ
3254 537 3551 608 Σύμμαχος
3591 540 3767 604 ἐξέδω-

538 610 1002 693 interpretantur:
1054 624 1242 678 Verum
1264 643 1365 680 non
1390 628 1442 680 in
1482 640 1787 698 perpetuum
1847 628 2096 681 trituram

2214 650 2337 688 καν.
2379 627 2546 687 Ἀλλ’
2570 634 2681 687 οὐκ
2725 632 2813 696 εἰς
2837 630 3013 696 τέλος
3060 627 3266 685 ἀλοῶν
3288 630 3545 698 ἀλοήσει
3576 631 3765 696 αὑτὸν,

539 714 811 767 triturabit
830 731 969 775 eum,
988 731 1149 785 neque
1178 716 1411 771 turbabit
1434 735 1552 772 eum
1597 730 1715 773 rata
1736 720 1969 789 plaustri
1996 719 2096 787 ejut

2212 725 2355 782 οὐδὲ
2386 724 2625 795 ταράξει
2682 726 2895 793 τροχὸς
2939 722 3169 792 ἁμάξης
3199 721 3411 784 αὐτοῦ.
3444 722 3620 795 οὐ·δὲ
3650 724 3767 791 ταῖς

538 818 699 871 ueque
737 803 949 873 ungulis
1007 805 1118 857 suis
1173 808 1489 863 comminuet
1546 826 1696 865 eum:
1760 812 1812 867 id
1860 825 1973 881 est;
2042 813 2096 869 U2

2212 818 2431 884 ὁπλαῖς
2494 815 2679 871 αὐτοῦ
2741 812 3032 869 λεπτυνεῖ
3090 813 3298 867 αὐτόν.
3359 801 3524 865 Τοῦτ’
3590 812 3764 881 ἐστιν,

534 893 766 962 plaustri
797 901 916 946 rota
944 893 1279 949 frumentum
1304 900 1665 955 comminuens
1706 904 2107 973 pertransierit,

534 1000 600 1039 eo
626 984 817 1049 etiam,
859 985 1005 1055 quod
1040 987 1249 1041 circum
1273 997 1379 1051 est,
1415 991 1574 1044 boum
1628 994 1838 1063 ungulis
1887 999 2108 1051 commi-

535 1082 681 1138 nuto,
715 1081 769 1129 et
799 1074 1130 1130 frumentum
1169 1077 1347 1146 ipsum
1382 1095 1488 1133 non
1533 1083 1750 1150 perdet;
1809 1086 1888 1138 uti
1930 1101 2107 1156 neque

536 1164 706 1231 ipsam
765 1164 1070 1217 animarum
1127 1166 1491 1221 substantiam
1559 1171 1730 1235 ultio,
1779 1175 1924 1243 quod
1974 1191 2097 1229 cum

532 1253 756 1307 minime
778 1253 1130 1324 Septuaginta
1156 1257 1347 1312 lateret
1368 1258 1722 1329 interpretes;
1746 1262 1868 1318 Non
1892 1268 2028 1319 enim
2053 1270 2106 1321 in

531 1347 785 1401 saculum
816 1348 960 1403 vobis
984 1350 1211 1416 irascar,
1240 1352 1620 1409 reddiderunt:
1647 1371 1710 1410 ac
1737 1359 1781 1411 si
1814 1372 1873 1412 se
1912 1360 2105 1413 nonad

535 1436 820 1492 interitum
856 1455 1026 1509 usque
1048 1442 1372 1497 substantiae
1398 1445 1591 1500 ulcisci
1622 1446 1783 1517 352
1833 1448 2056 1505 dixisse:
2085 1469 2100 1518 ;

532 1540 642 1580 non
672 1525 1004 1598 aliterquam
1029 1530 1258 1599 plaustri
1286 1544 1458 1587 rotam
1491 1534 1815 1605 frumentum
1842 1553 1947 1593 non
1980 1557 2102 1609 lic-r-

530 1615 681 1680 dere,
724 1618 820 1673 sed
876 1635 1112 1690 purgare
1164 1622 1436 1680 videmus.
1494 1625 1599 1681 Ista
1649 1635 1831 1684 autem
1889 1632 2096 1695 omnia,

533 1708 731 1777 inquit,
765 1710 1333 1781 non'intelligentibus
1360 1718 1525 1791 veluti
1558 1729 1800 1788 portenta
1818 1738 1925 1777 non
1953 1740 2100 1779 mor-

532 1801 656 1856 talis
694 1802 914 1872 aliquis,
943 1805 1036 1859 sed
1068 1804 1209 1862 Deus
1241 1806 1356 1877 ipse
1399 1813 1756 1869 renuntiavit.
1827 1815 1981 1881 Quod
2050 1818 2098 1871 si

530 1893 795 1948 adversus
860 1894 959 1948 Dei
1015 1895 1319 1961 consilium,
1376 1901 1788 1957 consolationem
1830 1907 2096 1976 aliquam

531 1983 848 2040 adinvenire
909 1986 1125 2048 valetis,
1181 2004 1376 2042 vanam
1443 1992 1603 2045 istam
1680 1995 1934 2051 exaltate.
1992 1997 2100 2053 Sed

532 2071 713 2126 locum
746 2073 820 2126 ita
860 2073 1249 2143 interpretatur
1277 2076 1671 2148 Symmachus:
1709 2082 1777 2137 Et
1806 2086 1902 2138 hoc
1926 2103 1957 2139 a
1992 2086 2099 2141 Deo

528 2165 1007 2218 exercituum‘olim
1028 2167 1210 2229 exiuit,
1251 2169 1531 2222 consilium
1566 2171 1825 2240 laudavit,
1871 2176 2098 2231 salutem

528 2258 909 2325 magni/ienuit.

601 2347 740 2401 Sunt
771 2364 900 2403 vero
936 2350 1029 2417 qui
1057 2349 1326 2421 integrum
1355 2351 1533 2406 locum
1564 2354 1632 2408 ad
1681 2356 1828 2412 hunc
1875 2358 2095 2414 modum

525 2436 816 2505 explicent.
852 2436 1055 2492 Christi
1094 2440 1198 2494 hoc
1232 2440 1352 2495 loco
1382 2458 1617 2511 persona
1648 2447 1949 2514 Inducitur,
1976 2466 2098 2521 quae

527 2528 593 2581 ad
621 2530 948 2598 evangelicae
974 2530 1380 2599 praedicationis
1403 2534 1561 2589 [idem
1614 2536 1893 2597 lsraelitas
1943 2557 2096 2598 com-

527 2619 728 2687 pellat:
765 2620 830 2672 ad
864 2636 1028 2689 quam
1052 2622 1210 2683 nulla
1247 2638 1355 2678 non
1381 2625 1577 2695 inquit,
1623 2631 1945 2699 attentione,
1986 2649 2093 2687 non

529 2708 685 2776 pigro
714 2708 965 2763 auditore
988 2725 1124 2779 opus
1162 2720 1269 2777 est,
1306 2714 1400 2768 sed
1456 2715 1751 2774 observare
1781 2720 2094 2791 diligenter,

528 2809 586 2852 ct
614 2811 644 2850 a
677 2798 814 2868 legis
842 2800 993 2853 cultu
1026 2802 1286 2872 deinceps
1309 2806 1610 2863 abstinere.
1651 2807 1787 2864 Nam
1828 2813 1910 2866 vel
1940 2813 2099 2869 beato

529 2888 763 2945 docente
798 2890 1093 2961 Apostolo:
1125 2912 1144 2945 ι
1181 2891 1325 2949 Nihil
1357 2897 1578 2966 prodest
1608 2901 1765 2955 vobis
1821 2901 2096 2970 Christus,

528 2984 618 3050 qui
680 2981 734 3034 iu
788 2998 904 3051 tege
961 2983 1380 3053 justilicamini:
1440 2990 1615 3057 gratia
1670 2993 2036 3051 excidistis".
2072 3015 2090 3048 ι

2212 910 2411 963 Ἔπειθ’
2444 908 2509 963 ἂν
2532 911 2565 963 ό
2587 908 2697 977 τῆς
2726 906 2961 977 ἀμάξης
2988 904 3201 973 τροχὸς
3227 903 3495 976 περιέλθῃ
3519 904 3608 957 τὸν
3636 909 3764 964 σῖτον

2207 1002 2543 1067 λεπτύνων,
2573 999 2670 1070 τὴν
2700 999 2827 1069 περὶ
2859 997 3020 1050 αὐτὸν
3067 995 3320 1066 καλάμην
3371 994 3508 1067 ὁμοῦ
3554 995 3766 1049 καὶτῶν

2210 1093 2352 1163 βοῶν
2398 1092 2528 1158 ταῖς
2554 1090 2770 1157 ὁπλαῖς
2800 1089 2970 1161 αὐτὴν
2999 1087 3448 1152 λεπτυνόντων,
3481 1086 3640 1140 αὑτὸν
3678 1087 3764 1140 ιύκ

2208 1182 2461 1250 ἁφανίσει
2494 1181 2585 1234 τὸν
2615 1184 2780 1234 σῖτον’
2810 1179 3000 1250 ὥσπερ
3031 1178 3123 1233 οὖν
3163 1178 3283 1231 οὐδὲ
3326 1177 3441 1230 τῶν
3470 1176 3654 1247 ψυχῶν
3679 1180 3764 1247 τὴν

2205 1274 2393 1326 οὐσίαν
2434 1275 2466 1344 ή
2519 1273 2758 1336 κόλασις.
2807 1258 2982 1341 ’Ὀπερ
3028 1267 3509 1341 οἱἘϐδομήκοντα
3539 1269 3765 1334 νοοῦντες

2205 1365 2493 1431 ἐξέδωκαν,
2530 1365 2612 1417 Οὐ
2645 1363 2755 1433 γὰρ
2795 1364 2885 1428 είς
2928 1362 3035 1415 τὸν
3071 1360 3257 1416 αἰῶνα
3293 1360 3412 1431 ἐγὼ
3456 1359 3599 1429 ὑμῖν
3628 1362 3763 1429 ὀργι-

2205 1457 2530 1525 σθήσομαι.
2581 1454 2741 1507 Τοῦτ’
2796 1453 2946 1508 ἔστιν
2972 1453 3033 1506 οὐ
3081 1449 3218 1522 πρὸς
3264 1449 3547 1504 ἀπώλειαν
3595 1449 3764 1513 οὐσίας

2205 1548 2436 1612 κολάζω,
2459 1545 2708 1617 καθάπερ
2728 1545 2788 1599 ού
2817 1542 2873 1598 δὲ
2901 1543 3121 1639 τροχὸς
3144 1541 3359 1639 audin—4
3388 1537 3640 1639 αφανίςει
3670 1540 3790 1639 τεῆ

2203 1640 2397 1703 σῖτον,
2428 1638 2562 1692 ἀλλά
2590 1635 2831 1707 καθαρδν
2865 1632 3262 1705 ἀπεργάζεται.
3306 1633 3498 1685 Ταῦτα
3535 1631 3591 1685 δέ
3621 1646 3759 1702 φησι,

2204 1730 2380 1784 πάντα
2405 1730 2593 1799 ὥσπερ
2619 1731 2667 1782 εί
2694 1727 2907 1796 τέρατα
2944 1728 3056 1789 τοῖς
3099 1724 3173 1795 μὴ
3203 1724 3419 1778 νοοῦσιν
3466 1723 3782 1793 ὑπάρχοντα,

2202 1826 2303 1877 ούκ
2332 1822 2616 1892 ἄνθρωπος
2638 1821 2764 1891 ἔφη,
2792 1819 2927 1873 ἀλλὰ
2946 1818 3078 1881 Θεὸς
3101 1817 3440 1887 ἀπεφήνατο.
3470 1814 3532 1868 El
3557 1815 3611 1867 δὲ
3642 1812 3760 1885 πρὸς

2207 1914 2354 1968 Θεοῦ
2376 1912 2624 1980 βουλὴν
2639 1910 2869 1966 δύνασθε
2896 1908 3277 1977 παραμυθίαν
3309 1907 3512 1977 εὑρεῖν,
3545 1904 3758 1975 ματαίαν

2202 2004 2407 2074 ταύτην
2451 2002 2722 2073 ύψώσατε.
2769 2001 2925 2056 Κατὰ
2959 2001 3016 2053 δὲ
3039 2000 3355 2070 Σύμμαχον,
3402 2000 3515 2052 Kal
3544 2014 3608 2069 γε
3644 1997 3759 2052 τοῦ·

2205 2112 2273 2150 το
2342 2097 2503 2164 παρὰ
2554 2095 2778 2163 Κυρίου
2827 2090 3144 2161 δυνάμεων
3217 2089 3487 2159 ἐξῆλθεν
3540 2089 3754 2154 πάλαι,

2203 2186 2462 2251 ἐδόξασε
2525 2184 2788 2253 βουλὴν,
2819 2182 3149 2253 ἐμεγάλυνε
3188 2182 3514 2249 σωτηρίαν.

2273 2363 2384 2432 Τὴν
2408 2361 2466 2415 δὲ
2496 2361 2675 2414 πᾶσαν
2709 2359 2871 2430 ρἧιν
2901 2358 3045 2413 οὓτω
3073 2357 3217 2420 τινὲς
3251 2357 3611 2426 ἐξηγήσαντο.
3637 2354 3756 2421 Χρι-

2204 2454 2330 2508 στοῦ
2360 2453 2759 2525 παρενήνεκται
2790 2451 3082 2522 πρόσωπον
3113 2450 3247 2521 πρὸς
3273 2446 3450 2502 πειθὼ
3475 2447 3581 2501 τῶν
3611 2447 3753 2512 εύαγ·

2200 2545 2436 2615 γελικῶν
2470 2543 2843 2615 κηρυγμάτων
2871 2544 2964 2597 τὸν
3005 2543 3220 2612 Ἰσραὴλ
3247 2540 3604 2610 ἐπαγόμενον.
3635 2535 3753 2608 πρὶς

2199 2637 2257 2701 ἃ,
2321 2638 2477 2707 φησὶ,
2529 2634 2798 2706 προσοχῆς
2859 2633 3018 2704 χρεία
3074 2630 3309 2702 πολλῆς,
3370 2630 3465 2684 καὶ
3520 2626 3752 2699 ῥᾳθύμως

2201 2729 2423 2783 ἀκούειν
2449 2728 2510 2781 οὐ
2536 2727 2635 2791 δεῖ,
2659 2725 3023 2795 φυλάττεσθαι
3049 2723 3105 2777 δὲ
3128 2722 3188 2776 τὸ
3214 2733 3259 2786 ι’,
3304 2723 3403 2776 καὶ
3447 2718 3579 2791 μετά
3600 2717 3750 2770 ταῦτα

2204 2822 2367 2876 πάλιν
2413 2822 2512 2891 τῆς
2565 2819 2795 2889 νομικῆς
2854 2817 3110 2889 λατρείας
3161 2813 3487 2884 ἀντέχεσθαι
3522 2822 3566 2866 ³.
3616 2811 3750 2863 Κατά

2200 2915 2294 2968 τὴν
2324 2914 2466 2966 θεῖον
2499 2909 2819 2965 ’Λπύστολον
2842 2910 2970 2979 γὰρ,
3008 2928 3025 2959 ι
3049 2905 3453 2977 Κατηργήθητε
3483 2902 3587 2957 ἀπὸ
3630 2900 3749 2969 Χρι-

2203 3004 2354 3070 στοῦ,
2390 3005 2589 3066 οἵτινες
2619 3004 2676 3055 ὲν
2696 3004 2846 3072 νόμῳ
2867 2999 3199 3064 δικαιοῦσθε,
3227 2998 3328 3068 τῆς
3352 2998 3571 3068 χάριτος
3591 2989 3749 3059 ἐξεπέο

529 3073 713 3127 lnnuit
756 3088 920 3143 porro
968 3083 1021 3130 et
1083 3076 1197 3145 ipsa
1258 3082 1504 3143 attentio,
1558 3081 1834 3136 Christum
1873 3084 1928 3138 in
1979 3085 2095 3152 lege

2202 3116 2342 3152 σετε.
2374 3117 2394 3151 δ
2428 3097 2589 3166 Δηλοῖ
2616 3094 2672 3148 δὲ
2696 3095 2858 3149 πάλιν
2883 3095 2922 3162 ἡ
2956 3092 3252 3163 προσοχὴ,
3299 3092 3360 3144 τὸ
3403 3093 3504 3145 κᾶν
3531 3090 3641 3151 ταῖς
3666 3085 3746 3138 τοῦ

529 3165 913 3221 adumbratum
939 3168 1434 3237 inveniri;.neque
1455 3186 1599 3235 caui,
1636 3172 1680 3226 si
1736 3174 2096 3243 spiritualiter

2202 3192 2368 3262 νόμου
2400 3165 2580 3253 σκιαῖς
2611 3189 2703 3241 τὸν
2741 3188 2975 3258 Χριστὸν
3002 3185 3273 3256 εὑρίσκειν
3312 3184 3657 3253 τυπούμενον.
3685 3177 3744 3231 Ού

530 3256 896 3325 intelligatur,
932 3258 1002 3312 ab
1053 3256 1345 3329 Evangelia
1396 3260 1710 3316 dissentire.
1756 3281 1774 3314 ι
1820 3263 1875 3316 Si
1925 3267 2094 3330 enim,

530 3348 624 3412 ait,
661 3347 797 3402 Mosi
829 3349 1079 3414 creditis,
1104 3359 1158 3404 et
1194 3350 1326 3402 mihi
1363 3352 1529 3405 etiam
1561 3352 1770 3409 credite
1804 3372 1817 3407 :
1856 3370 1980 3409 cum
2030 3357 2098 3411 de

530 3455 617 3494 me
641 3449 695 3493 et
717 3439 806 3494 ille
827 3441 990 3494 etiam
1021 3440 1303 3509 scripserit
1326 3442 1397 3498 ".
1432 3461 1452 3494 ι
1491 3445 1559 3496 At
1582 3444 1716 3514 legis
1762 3445 2101 3503 observatio-

530 3552 655 3590 nem
682 3537 804 3592 ideo
842 3541 1207 3605 excusabant,
1232 3550 1291 3594 ut
1323 3540 1425 3594 hac
1468 3542 1650 3610 specie
1678 3544 1751 3613 pii
1813 3544 2007 3608 habiti,
2046 3549 2097 3601 in

526 3627 733 3692 Jesum,
754 3637 1013 3698 tanquam
1040 3631 1142 3701 legi
1170 3634 1454 3687 contraria
1486 3634 1728 3700 doceret,
1753 3639 2100 3699 desuevirent.

531 3720 915 3789 Dicititaque:
962 3720 1220 3792 Nunquid
1265 3735 1380 3778 tota
1420 3726 1503 3780 die
1540 3727 1737 3788 arabit,
1784 3730 1876 3799 qui
1929 3735 2099 3787 arat?

528 3808 899 3873 nimirum,ut
939 3811 1177 3879 spinosa:
1218 3822 1372 3869 terra:
1397 3816 1632 3871 similem
1683 3833 1807 3873 esse
1866 3818 2098 3875 idolola-

527 3906 736 3953 trarum
761 3908 993 3955 mentem
1013 3901 1231 3969 doceat,
1246 3905 1541 3974 verboque,
1569 3914 1826 3976 tanquam
1844 3910 2097 3966 calecbe-

526 3994 635 4047 tico
687 4003 895 4057 aratro,
955 4007 983 4046 a
1041 4009 1149 4062 quo
1205 3996 1515 4063 subigatur,
1574 3998 1844 4070 indigere,
1912 4008 1973 4056 ut
2026 4002 2095 4056 ad

525 4098 761 4151 superne
794 4083 1092 4138 demissum
1124 4100 1298 4138 semen
1328 4087 1736 4157 excipiendum,
1757 4105 1866 4159 quo
1893 4089 2116 4148 fructus

523 4174 685 4231 edere
714 4177 913 4242 valeat,
947 4186 1307 4247 praeparetur.
1339 4180 1494 4246 Quod
1517 4182 1647 4237 olim
1705 4183 1973 4241 lsraelitis
2028 4202 2093 4242 cx

526 4266 759 4340 Egypto
814 4270 1181 4339 migrantibus
1228 4273 1481 4344 contigit,
1512 4290 1637 4329 cum
1693 4275 1866 4347 legem
1908 4277 2093 4343 istam,

524 4365 782 4427 tanquam
818 4370 1082 4425 aratrum,
1109 4376 1219 4430 quo
1262 4361 1456 4417 duram
1488 4365 1684 4421 animae
1734 4382 1847 4423 sua:
1898 4379 2094 4425 terram

2200 3284 2309 3353 γὰρ
2353 3282 2606 3351 ἀλλότρια
2659 3279 3023 3351 παραγγέλλω
3078 3276 3169 3331 τοῦ
3221 3277 3412 3346 νόμου,
3447 3276 3556 3343 εἴγε
3601 3273 3746 3326 νοοῖτο

2205 3373 2608 3442 πνευματικῶς.
2631 3391 2648 3422 ι
2670 3372 2730 3424 Εἰ
2765 3371 2873 3441 γὰρ
2897 3368 3210 3423 ἐπιστεύετε
3228 3369 3441 3431 Μωσεϊ,
3465 3360 3742 3419 ἐπιστεύετε

2200 3465 2265 3518 ἂν
2286 3465 2431 3533 ἐμοί.
2465 3463 2599 3532 Περὶ
2633 3461 2741 3533 γὰρ
2763 3462 2897 3532 ἐμοῦ
2938 3464 3145 3525 ἐκεῖνος
3186 3460 3457 3531 γέγραφε.
3501 3476 3519 3509 ι
3552 3453 3743 3525 Προφά-

2202 3571 2285 3607 σει
2309 3555 2416 3624 γὰρ
2447 3555 2545 3624 τῆς
2569 3553 2665 3606 τοῦ
2697 3552 2861 3621 νόμου
2890 3550 3156 3622 φυλακῆς,
3185 3551 3261 3613 ὡς
3291 3548 3633 3608 εὐσεϐοῦντες
3666 3541 3744 3611 δῆο

2200 3646 2294 3700 θεν
2327 3645 2550 3698 ἐδίωκον
2586 3642 2851 3711 Ἰησοῦν,
2881 3642 2956 3706 ὡς
2985 3643 3241 3713 ἀλλότρια
3265 3641 3472 3713 ταύτης
3499 3637 3742 3692 διδάσκον-

2197 3756 2286 3792 τα.
2343 3738 2434 3792 Διό
2485 3756 2640 3809 φησι,
2681 3736 2777 3804 Μὴ
2827 3734 2981 3803 ὅλην
3009 3734 3125 3802 τὴν
3144 3732 3397 3827 *ἡμέραν
3436 3728 3740 3827 ἁροτριὰοξει

2198 3829 2232 3881 δ
2254 3828 2559 3895 ἀροτριῶν,
2588 3827 2763 3898 δηλῶν
2801 3826 2875 3890 ὡς
2915 3824 3219 3880 ἀκανθώδει
3263 3821 3342 3894 τῇ
3375 3823 3626 3894 παρέοικε
3652 3821 3740 3869 τῶν
3826 3866 3835 3869 -

2198 3900 2726 3989 εἰδωλολατρούντων
2751 3919 2778 3971 ὁ
2806 3918 2949 3982 νοῦς,
2981 3917 3077 3970 καὶ
3116 3917 3283 3970 δεῖται
3313 3916 3494 3985 λόγου,
3523 3926 3737 3979 κατηχη-

2195 4013 2349 4066 τικοῦ
2392 4013 2644 4081 ἀρότρου
2674 4012 2843 4082 ’δίκην
2895 4010 3060 4063 αὑτὸν
3095 4008 3549 4070 ἁναπτύσσοντος,
3593 4003 3660 4065 ὡς
3685 3999 3733 4052 5"

2196 4102 2578 4174 εύτρεπισθείη
2604 4102 2740 4173 πρὸς
2766 4102 2857 4155 τὸν
2884 4102 3120 4170 σπόρον
3138 4101 3228 4153 τὸν
3249 4099 3479 4162 ἄνωθεν,
3513 4097 3599 4150 καὶ
3624 4107 3735 4160 καρ-

2198 4194 2513 4266 ποφορῆσαι
2544 4194 2862 4264 δυνήσηται.
2910 4190 3080 4244 Τοῦτο
3118 4191 3309 4259 γέγονε
3341 4195 3456 4253 τοῖς
3495 4187 3619 4247 υίοῖς
3653 4183 3734 4231 Ἰσο

2200 4285 2336 4357 ραὴλ
2363 4285 2637 4350 ἐξελθοῦσι
2662 4283 2762 4355 μὲν
2786 4282 3084 4351 Αἰγύπτου,
3122 4282 3215 4334 τὸν
3248 4281 3306 4334 δὲ
3343 4281 3508 4351 νόμον
3534 4272 3732 4343 δεξιμέ·

2195 4392 2308 4437 νοις
2355 4376 2435 4441 ὡς
2471 4374 2742 4444 ἄροτρον.
2790 4374 2875 4437 Ὧς
2903 4373 2968 4427 ἂν
2996 4371 3433 4441 κατεσκληκυῖαν
3458 4367 3623 4422 αὐτῶν
3652 4362 3731 4428 τῆς

524 4450 960 4521 proscinderent,
1023 4463 1373 4521 acceperunt.
1428 4454 1592 4513 Decet
1630 4459 1797 4529 igitur
1839 4474 2088 4519 cessante

2200 4473 2372 4545 ψυχῆς
2425 4472 2673 4544 ἁνατέμῃ
2699 4470 2814 4539 τὴν
2850 4467 2988 4540 γῆν.
3039 4473 3132 4523 Δεῖ
3175 4470 3355 4523 τοίνυν
3385 4468 3486 4522 τοῦ
3512 4464 3729 4533 ἀρότρου

523 4551 748 4606 aratro,
807 4544 1180 4612 evangelicum
1245 4562 1431 4601 semen
1491 4549 1814 4619 admittere;
1873 4554 1927 4609 id
1981 4562 2087 4622 est,

524 4634 751 4688 remotis
777 4634 967 4705 ﬁguris
988 4638 1274 4691 veritatem
1306 4641 1582 4709 amplecti.
1607 4642 1857 4712 Agricola
1916 4646 2086 4711 enim,

524 4721 725 4789 inquit,
757 4732 815 4775 ut
848 4723 1084 4792 primum
1122 4734 1320 4781 terram
1377 4728 1696 4800 edaquavit,
1743 4749 1855 4789 non
1908 4736 2086 4793 eidem

524 4816 709 4873 statim
737 4833 855 4886 qua:
880 4818 1140 4875 solidiora
1168 4830 1319 4889 sunt,
1350 4824 1553 4878 semina
1593 4826 1903 4894 committit,
1938 4829 2035 4885 sed
2055 4844 2088 4885 a

523 4909 882 4978 tenuioribus,
914 4918 1174 4981 tanquam
1207 4925 1401 4970 terram
1443 4933 1725 4987 exercens,
1781 4922 2083 4978 exorditur.

522 5002 597 5058 Ea
625 5002 770 5059 enim
806 5012 887 5058 est
918 5002 971 5057 in
994 5002 1104 5060 tuis
1134 5004 1336 5061 linibus
1368 5008 1483 5076 agri
1519 5009 1735 5065 colendi
1785 5012 1947 5066 ratio.
2010 5012 2090 5067 lta

521 5110 651 5167 ergo
678 5096 785 5157 lex,
812 5095 972 5167 353
998 5111 1122 5152 eum
1165 5108 1359 5153 terram
1389 5101 1743 5171 adwquasset,
1773 5111 1968 5161 tenues
1992 5106 2091 5161 tibi

522 5189 767 5244 veritatis
809 5189 1053 5252 umbras.
1084 5196 1343 5261 tanquam
1395 5194 1614 5263 cymini,
1665 5205 1759 5247 aut
1814 5198 2091 5265 papaveris

524 5281 719 5334 sentina
748 5283 1028 5347 commisit,
1057 5299 1180 5354 qua?
1206 5292 1420 5353 sumpta
1453 5301 1547 5355 per
1576 5301 1635 5340 se
1666 5287 1801 5341 nihil
1838 5290 1904 5341 ad
1933 5304 2086 5345 esum

523 5371 745 5426 omnino
777 5374 1101 5443 conferunt;
1156 5375 1252 5431 sed
1281 5390 1405 5431 cum
1434 5378 1558 5432 aliis
1592 5386 1824 5443 tantum,
1889 5380 1941 5435 id
1980 5392 2085 5445 σει,

629 5545 672 5579 ⁷⁸
701 5544 875 5601 Galat.
904 5566 957 5615 v,
986 5551 1041 5615 2,
1077 5554 1131 5606 ιι.
1213 5553 1257 5585 ⁷⁷
1283 5550 1440 5608 Joan.
1479 5571 1533 5620 v,
1561 5554 1647 5610 16.

2199 4565 2577 4635 παυσαμένου,
2629 4565 2722 4616 τὸν
2751 4562 3106 4630 εύαγγελικόν
3156 4561 3506 4630 ὑποδέχεσθαι
3535 4554 3725 4623 σπόρον,

2198 4656 2293 4712 καὶ
2320 4656 2687 4727 παυσαμένων
2716 4656 2825 4710 τῶν
2854 4655 3061 4718 τύπων,
3088 4652 3342 4719 δέξασθαι
3359 4652 3456 4721 τὴν
3478 4645 3725 4745 ὀιλήθειαν.

2205 4752 2266 4806 '0
2321 4750 2378 4803 δὲ
2417 4752 2436 4788 ί
2476 4750 2744 4822 γεωργὸς,
2792 4750 2943 4818 φασὶ,
2979 4748 3084 4801 κᾶν
3139 4747 3401 4815 ὀραλίονῃ
3450 4742 3556 4811 τὴν
3609 4742 3724 4836 ἰζ-ἦς’,

2194 4846 2295 4899 οὐκ
2322 4844 2483 4907 εὐθὺς
2516 4841 2846 4897 καταϐάλλει
2892 4842 3206 4911 σπέρματα
3253 4838 3598 4910 στερεώτερα.
3623 4827 3725 4880 Τῶν

2192 4936 2251 4990 δὲ
2313 4936 2690 5006 σμικροτέρων
2737 4933 3089 5004 κατάρχεται,
3146 4931 3233 4985 διὰ
3280 4931 3483 4985 τούτων
3537 4920 3723 4993 πρῶτον

2191 5026 2486 5096 γυμνάζων
2532 5025 2647 5093 τὴν
2691 5023 2827 5093 γῆν.
2866 5019 3034 5089 Οῦτος
3061 5026 3169 5094 γὰρ
3207 5024 3265 5076 ὲν
3296 5025 3407 5085 τοῖς
3453 5018 3556 5077 σοῖς
3579 5009 3722 5081 ὁρίοις

2190 5116 2438 5186 τεχνικὸς
2468 5115 2569 5186 τῆς
2592 5118 2866 5187 γεωργίας
2886 5117 2914 5169 ὁ
2942 5116 3159 5187 τρόπος.
3187 5113 3372 5177 Οὕτως
3397 5106 3486 5165 οῦν
3510 5109 3537 5159 ὁ
3582 5102 3721 5196 νόμξς

2191 5206 2491 5273 daal/duc
2544 5204 2659 5272 τὴν
2711 5205 2850 5276 γῆν,
2900 5205 2999 5269 τὰς
3044 5204 3288 5268 ἀσθενεῖς
3336 5216 3419 5257 σοι
3456 5196 3718 5293 σιιιὰς-ξης

2196 5294 2453 5366 ἀληθείας
2492 5295 2859 5365 ἐνέσπειρεν,
2903 5296 3066 5351 οἱονεὶ
3116 5297 3384 5366 κύμινον,
3416 5291 3505 5346 καί
3532 5286 3715 5353 tte-1d?“

2198 5389 2350 5442 θιον.
2383 5389 2448 5441 Ἀ
2473 5388 2536 5442 δὴ
2564 5389 2685 5442 καθ’
2708 5389 2878 5444 ἑαυτὰ
2905 5389 3183 5452 παντελῶς
3210 5388 3311 5443 οὐκ
3334 5390 3470 5441 ἐστιν
3494 5374 3711 5433 ὲδώδιυνας

1699 5640 1714 5665 ¹
1820 5648 2051 5709 ΥΑΙΗᾸΞ
2085 5650 2482 5709 LECTIONES.

599 5738 624 5772 ι
648 5749 735 5804 π).
779 5748 856 5786 τε.
938 5739 958 5767 ³
990 5750 1079 5801 γρ.
1112 5734 1436 5804 ἀπέχεσθαι.
1521 5738 1535 5774 ί
1574 5754 1661 5808 γρ.
1699 5739 1826 5810 γάρ.
