4022 6210
385 225 525 298 2219

1513 189 2053 295 COMMENTARll
2102 223 2179 290 IN
2229 208 2509 292 tSAIAM.

3496 201 3729 308 2250..

385 350 449 418 τῇ
474 345 531 400 δὲ
553 337 689 414 πρὸς
722 337 882 416 ἕτερα
906 343 1114 413 γίνεται
1141 346 1384 417 χρήσιμα
1412 345 1722 416 συμπλοκῇ,
1747 344 1961 414 κριθὴν

2068 344 2259 398 Im.ch
2282 352 2330 398 ει
2366 345 2655 411 frumento,
2708 345 2910 412 qnibus
2943 347 3103 416 panis
3149 333 3459 423 conﬁcitur,
3505 359 3674 416 con-'

383 436 485 491 καί
519 436 716 505 σῖτον,
752 435 896 490 τοῦτ’
920 435 1057 505 ἐστι,
1086 436 1177 491 τὸν
1210 438 1274 490 ἐκ
1304 436 1509 491 τούτων
1537 437 1702 508 ἄρτον
1733 438 1957 507 γινόμε-

382 544 493 583 νον.

454 617 612 672 Οὕτω
640 617 721 670 δεί
751 619 818 688 τῇ
858 619 1204 688 πνευματικῇ
1246 617 1563 687 διδασκαλίᾳ
1599 616 1693 670 καὶ
1742 617 1834 669 τὸν
1879 616 1962 669 νό-

387 727 487 780 μον
524 707 924 778 συμφέρεσθαι.
959 708 1170 772 Ἀλλως
1199 710 1308 778 γὰρ
1350 708 1613 779 ἀδρανοῦς
1640 708 1790 770 ὄντος
1819 707 1960 778 πρὸς

383 800 671 872 ἁμαρτιῶν
721 799 1123 870 ἀποκάθαρσιν,
1160 800 1557 870 ἀποκεκίνηται
1597 800 1692 870 μὲν
1741 801 1772 868 ἡ
1810 798 1958 863 σκιὰ,

378 895 444 947 τὸ
471 893 528 946 δὲ
555 891 817 957 ζωοποιδν
843 892 1260 962 είσκεκόμισται
1290 876 1489 962 κρῖῂα,
1515 892 1662 945 τοῦτ’
1693 891 1805 944 ἔστι
1831 885 1979 961 Χριέ

383 983 512 1049 στδς
565 983 987 1054 συντετμημένῃ
1038 983 1220 1037 πίστει
1271 982 1520 1046 δικαιῶν,
1569 983 1598 1036 ὃ
1647 985 1823 1036 ποιεῖν
1862 982 1964 1035 οὐκ

379 1067 530 1145 εἶχον
563 1076 619 1128 αἱ
651 1075 859 1144 μακραὶ
876 1071 968 1126 τοῦ
998 1071 1164 1142 νόμου
1199 1072 1458 1143 περίοδοι.
1495 1068 1584 1143 Τῷ
1600 1072 1655 1126 δὲ
1683 1069 1964 1125 πιστεύον-

376 1185 458 1232 τι,
505 1165 758 1234 καθάπερ
802 1161 973 1233 κριτῇ
1002 1165 1080 1236 τῷ
1134 1166 1326 1236 Κυρίῳ
1381 1165 1450 1218 τά
1490 1165 1735 1235 πρακτέα
1791 1179 1963 1233 προσ·

381 1255 666 1321 τάττοντι,
726 1258 821 1310 καὶ
866 1256 935 1310 τὰ
980 1256 1080 1327 τῆς
1144 1256 1528 1326 πνευματικῆς,
1581 1253 1966 1323 εὐφροσύνης

381 1351 692 1405 ἀκολουθεῖ.
723 1349 813 1413 Ὠς
837 1348 1111 1421 χρησίμου
1145 1345 1202 1401 δὲ
1227 1349 1392 1401 πάλιν
1417 1346 1703 1418 ἀντέχεται
1731 1345 1826 1399 τοῦ
1855 1333 1964 1400 πάξ

387 1440 770 1514 ραδείγματος,
807 1441 1020 1503 δεικνὺς
1060 1439 1136 1502 ὡς
1179 1438 1378 1508 μετρία
1419 1437 1544 1508 δίκη
1588 1435 1966 1506 ῥᾳθυμοῦντας

383 1536 510 1597 τοὺς
541 1532 737 1602 νόμους
768 1531 1095 1601 μετήρχετο·
1121 1529 1301 1582 καίτοι
1331 1528 1525 1596 λέγων,
1552 1547 1570 1580 ι
1594 1530 1652 1581 Ὀ
1671 1528 1798 1591 λαὸς
1813 1523 1966 1591 οὗτος

383 1629 498 1687 τοῖς
530 1623 732 1695 χείλεσί
766 1639 832 1692 με
853 1623 1012 1692 τιμᾷ,
1048 1640 1066 1673 ι
1099 1619 1284 1674 καὶτὰ
1315 1621 1407 1672 ἐπὶ
1435 1619 1664 1682 τούτοις,
1691 1619 1786 1672 καὶ
1817 1620 1967 1688 ὅμως

383 1708 787 1785 φιλανθρώπως
849 1710 1125 1774 ἐκόλαζεν,
1159 1710 1359 1762 ὡσανεὶ
1393 1707 1598 1777 ῥάϐδῳ
1637 1703 1958 1777 καθαρθείη

376 1806 728 1877 μελάνθιον.
757 1805 819 1857 Εἰ
853 1804 948 1856 καὶ
983 1805 1203 1874 τηροῖτο
1235 1799 1313 1866 δὲ,
1335 1803 1524 1872 φησιν,
1561 1801 1589 1852 ό
1611 1801 1795 1871 νόμος,
1833 1799 1955 1854 καθ’

383 1895 577 1952 ἑαυτὸν
604 1897 874 1968 ἄχρηστος
895 1895 995 1964 τῆς
1017 1893 1111 1947 τοῦ
1138 1893 1304 1964 ἄρτου
1329 1891 1586 1963 δεόμενος
1615 1891 1958 1962 συμπλοκῆς.

384 1992 542 2061 Σαφῆ
574 1989 630 2044 δὲ
687 1986 854 2042 ποιῶν
895 1987 993 2057 τὴν
1041 1984 1340 2056 εἰρημένην
1392 1982 1827 2054 φιλανθρωπίαν,
1867 1984 1966 2034 ἐπ-

381 2079 651 2147 ήνεγκεν⁶
705 2077 786 2128 Οὐ
814 2075 924 2144 γὰρ
953 2075 1039 2138 εὶς
1066 2073 1174 2126 τὸν
1211 2070 1394 2128 αἰῶνα
1429 2071 1573 2140 ὑμῖν
1605 2069 1965 2141 ὀργισθήσο-

377 2187 508 2240 μαι.
539 2169 661 2222 Οὐδ’
691 2165 862 2230 οὕτως
897 2167 1042 2236 ὑμᾶς
1082 2167 1115 2235 ὴ
1147 2163 1208 2229 ἐξ
1253 2162 1389 2234 ἐμοῦ
1435 2163 1644 2234 μέτεισι
1701 2163 1850 2233 δίκη.
1889 2163 1966 2228 ὼς

383 2257 779 2327 καταπάτημα
818 2255 1070 2325 γενέσθαι
1105 2252 1216 2316 τοῖς
1240 2252 1297 2320 ἐξ
1327 2251 1518 2324 ὀργῆς.
1547 2253 1641 2307 Διὸ
1666 2254 1762 2308 καὶ
1786 2252 1964 2323 τέρας

383 2351 544 2406 καλεῖ
570 2351 663 2403 καὶ
696 2349 972 2418 θαύματος
1004 2346 1174 2414 ἄξιον,
1198 2344 1258 2399 τὸ
1288 2348 1346 2398 ἐν
1375 2345 1654 2410 τοσούτοις
1688 2346 1818 2400 ὄντα
1859 2363 1965 2399 πα-

387 2441 753 2512 ραπτώμασιν
785 2437 1049 2493 ἐλεεῖσθαι
1075 2437 1166 2490 τὸν
1183 2434 1416 2508 Ἰσραήλ.
1449 2433 1611 2490 Ὅθεν
1638 2433 1793 2506 φησὶ,
1819 2439 1967 2491 Βου-

383 2533 505 2600 ,λῆς
547 2531 775 2602 ἀγαθῆς
815 2530 1197 2592 ἐπιλάϐεσθε,
1254 2523 1686 2599 καταιτιώμενος
1736 2529 1816 2582 ὅτι
1846 2546 1963 2598 μα-

385 2625 564 2678 ταίαν
585 2621 969 2690 παράκλησιν
991 2619 1135 2690 μέγα
1169 2637 1222 2672 τι
1251 2619 1346 2672 καὶ
1375 2618 1580 2690 ὑψηλὸν
1614 2612 1752 2673 εἶναι
1775 2619 1966 2692 χρῆμα

385 2716 732 2786 νομίσαντες,
767 2712 859 2766 τοῦ
887 2711 1096 2775 εἰκότος
1122 2711 1226 2778 ἔξω
1259 2727 1351 2764 ποι
1381 2711 1654 2781 φέρονται.
1684 2710 1782 2781 Εῐη
1825 2711 1868 2763 δ’
1899 2710 1965 2765 ἂν

388 2807 552 2877 αὑτὴ,
607 2803 729 2859 καθ’
775 2807 842 2874 ἥν
890 2802 1075 2872 ἔλεγον
1107 2816 1121 2833 θ
1157 2820 1174 2853 ι
1232 2799 1640 2872 Ἐποιησάμεθα
1693 2799 1966 2872 συνθήκην

392 2900 534 2970 μετά
571 2897 665 2952 τοῦ
700 2899 848 2972 ᾇδου,
888 2916 906 2950 ι
942 2897 1037 2952 καὶ
1067 2895 1134 2952 τὰ
1178 2896 1270 2950 ἐπὶ
1301 2894 1534 2958 τούτοις.
1565 2895 1797 2948 Ἤκουον
1822 2896 1959 2966 γάρ·

2061 439 2250 509 juncta
2292 448 2344 491 ct
2369 438 2646 508 copulata.

2137 612 2230 669 Sic
2262 629 2385 668 cum
2421 613 2696 684 spirituali
2728 614 2976 668 doctrina
3003 624 3056 671 et
3083 618 3253 689 legem
3288 621 3460 691 ipsam
3487 625 3639 680 coire

2063 711 2116 756 et
2154 704 2472 772 conspirare
2499 712 2734 774 oportet.
2785 704 2923 758 Cum
2956 706 3099 761 enim
3147 710 3216 763 ad
3259 714 3639 783 purgationem

2065 803 2415 865 peccatorum
2473 795 2688 850 inﬁrma
2747 795 2834 850 lex
2895 805 3094 863 esset;
3156 811 3334 856 amota
3397 807 3639 875 umbra,

2057 886 2321 957 judicium
2348 885 2517 940 vitam
2553 892 2825 956 praestans
2863 887 3237 945 introductum
3297 901 3382 948 est
3415 912 3431 961 ;
3471 895 3641 952 Chri-

2064 985 2183 1032 stus
2219 976 2336 1046 ipse
2372 975 2658 1041 nimirum,
2691 976 2785 1046 qui
2825 976 2944 1032 ﬁdei
2991 981 3316 1050 compendio
3340 983 3524 1051 jnstos
3560 988 3643 1042 fa-

2066 1067 2159 1136 cit,
2187 1068 2334 1139 quod
2366 1083 2574 1138 magna:
2604 1070 2712 1124 illa:
2765 1085 3046 1140 nunquam
3115 1083 3376 1144 praestare
3429 1081 3644 1148 pomis-

2007 1173 2010 1180 ί
2069 1168 2194 1214 sent
2231 1159 2365 1229 legis
2383 1158 2616 1230 periodi.
2645 1159 2899 1214 Credenti
2926 1169 3129 1238 autem,
3158 1178 3266 1219 non
3287 1167 3448 1222 aliter
3471 1184 3638 1239 quam

2058 1249 2232 1318 judici
2252 1249 2505 1315 Domino,
2527 1265 2651 1322 qua:
2677 1251 2885 1322 agenda
2913 1262 3038 1307 sunt
3056 1255 3366 1325 imperanii,
3390 1275 3454 1314 ea
3475 1264 3638 1318 etiam

2069 1355 2190 1410 qua:
2214 1341 2516 1410 spiritualis
2545 1348 2674 1395 sunt
2702 1341 2925 1408 lcetitiw,
2960 1336 3318 1404 conveniunt.
3357 1349 3416 1404 In
3446 1366 3637 1408 exemo

2071 1434 2160 1500 plo
2199 1445 2414 1498 rursus,
2445 1439 2706 1502 tanquam
2756 1433 2874 1487 utili
2906 1427 2975 1488 ὀι
3011 1437 3321 1502 commodo.
3357 1441 3640 1510 persistit;

2074 1531 2132 1577 ut
2162 1539 2325 1593 quam
2354 1524 2565 1578 modica
2597 1537 2758 1594 poena
2783 1525 2838 1579 in
2862 1540 3058 1595 segnes
3085 1527 3218 1598 legis
3250 1530 3640 1591 observatores

2072 1613 2478 1679 animadvertit,
2515 1615 2790 1669 ostendat.
2823 1611 2890 1669 Et
2917 1627 3067 1674 certe
3111 1623 3464 1689 quantumvis
3513 1640 3572 1681 se
3609 1641 3640 1680 a

2003 1677 2044 1732 Β
2072 1700 2387 1761 Iudaeorum
2446 1677 2649 1778 populo
2691 1707 2854 1764 labiis
2889 1719 3100 1766 tantum
3128 1677 3412 1769 .ltonorari
3459 1677 3642 1782 ",‘et

2069 1811 2192 1866 qua:
2223 1807 2551 1867 sequuntur,
2585 1797 2765 1867 palam
2814 1809 3140 1869 quereretur
3169 1819 3184 1869 ;
3231 1804 3644 1873 perhumaniter

2067 1891 2251 1944 tamen
2308 1889 2696 1956 ulciSCebatur,
2764 1898 3022 1962 tanquam
3070 1894 3328 1950 nimirum
3383 1898 3430 1953 si
3491 1901 3643 1970 virga

2065 1996 2290 2050 papaver
2315 1981 2643 2036 excutiatur.
2681 1978 2991 2048 Quinetiam
3041 1989 3393 2056 quantumvis
3437 1990 3522 2045 lex
3543 1992 3644 2048 ob-

2067 2081 2316 2127 servetur
2343 2111 2358 2138 ,
2387 2072 2485 2138 ait,
2520 2088 2616 2143 per
2646 2088 2706 2128 se
2741 2069 2905 2130 fuerit
2942 2075 3178 2144 inutilis,
3223 2079 3269 2134 si
3313 2082 3472 2151 panis
3506 2098 3645 2137 con-

2063 2163 2349 2234 junctione
2384 2164 2746 2220 destituatur.
2786 2165 3058 2223 Caeterum
3086 2185 3154 2226 ne
3183 2172 3496 2240 pmdictam
3538 2175 3642 2229 bu-

2067 2257 2384 2310 manitatem
2423 2256 2710 2312 obscuram
2739 2271 2862 2314 esse
2885 2259 3090 2316 sineret
3115 2279 3128 2316 :
3158 2260 3280 2316 Non
3303 2263 3356 2317 in
3384 2267 3641 2321 swculum
3675 2288 3694 2338 ,ί

2067 2345 2210 2401 vobis
2251 2343 2477 2413 irascar,
2537 2361 2714 2418 neque
2745 2348 2812 2402 ad
2869 2363 2964 2404 vos
3028 2350 3102 2404 ita
3158 2366 3338 2407 meum
3381 2358 3642 2414 transibit
3676 2337 3687 2344 γ’

2062 2431 2354 2507 judicium,
2391 2438 2587 2508 adjecit
2617 2481 2632 2505 ,
2664 2449 2720 2493 nt
2750 2440 2844 2494 ira:
2899 2439 3025 2496 ﬁliis
3079 2440 3134 2496 in
3187 2444 3638 2504 conculcationcm

2067 2527 2320 2599 pateatis.
2357 2527 2720 2594 Quamobrem
2761 2529 2925 2584 etiam
3000 2540 3299 2598 portentum
3367 2545 3547 2602 vocat,
3583 2547 3639 2595 et

2069 2619 2432 2675 admiratione
2460 2619 2706 2690 dignum,
2745 2619 2890 2690 quod
2918 2621 3101 2676 lsraeli
3159 2626 3328 2680 tantis
3380 2638 3638 2697 peccato-

2067 2726 2188 2765 rum
2225 2708 2484 2773 sordibus
2517 2709 2800 2780 inquinato
2838 2710 3228 2768 misericordiae
3251 2714 3404 2770 locus
3431 2723 3636 2787 pateat.

2067 2801 2196 2856 Inde
2221 2801 2382 2856 etiam
2434 2805 2535 2865 est,
2570 2800 2715 2871 quod
2773 2802 3054 2856 consilium
3096 2802 3288 2858 bonum
3334 2807 3470 2863 inire
3497 2824 3641 2879 pra:-

2068 2893 2235 2964 cipit;
2271 2906 2574 2956 accusans,
2599 2892 2744 2962 quod
2793 2893 3016 2948 stultam
3077 2897 3493 2954 consolationem
3521 2917 3639 2956 ma-

395 3008 417 3042 ι
448 2991 717 3058 Καταιγὶς
766 2989 1047 3062 φερομένη
1085 2986 1180 3044 ἐὰν
1202 2981 1470 3061 παρέλθῃ,
1493 2984 1682 3040 ἔσεσθε
1711 2984 1847 3058 αὐτῇ
1885 2988 1966 3049 εἰς

2071 2999 2233 3054 gnum
2253 2983 2382 3054 quid
2411 2983 2838 3049 essearbitrati,
2872 2985 2942 3040 ab
2971 2999 3060 3051 eo,
3095 2989 3242 3056 quod
3265 2988 3443 3053 decet,
3473 3006 3640 3048 aver-

388 3081 684 3152 καταπάτη
693 3097 791 3152 μα.
829 3099 850 3134 ι

387 3189 500 3244 qua
551 3174 849 3228 dicebant:
893 3189 912 3224 ι
994 3165 1197 3228 Pindus
1257 3167 1518 3226 inivimus
1586 3183 1710 3225 cum
1774 3167 1988 3231 inferis,

2078 3077 2283 3127 tantur.
2314 3069 2502 3126 Fuerit
2543 3087 2676 3127 vero
2736 3088 2798 3129 ea
2866 3074 3101 3134 fortasse
3173 3075 3530 3148 consolatio,
3573 3083 3644 3138 de

2068 3181 2194 3219 cum
2261 3173 2433 3219 morte
2498 3161 2567 3232 ⁷⁵,
2650 3183 2668 3218 ι
2715 3173 2768 3221 et
2823 3182 2945 3236 quae
3001 3169 3279 3240 deinceps.
3332 3171 3644 3233 Audierant

389 3265 541 3321 enim
572 3283 586 3319 :
629 3281 650 3316 ι
686 3261 930 3320 Procella
959 3261 1178 3324 irruens
1227 3259 1274 3318 si
1304 3260 1625 3328 transierit,
1671 3260 1828 3316 eritis
1883 3256 1943 3315 εἰ·
1971 3260 2026 3314 in
2062 3255 2530 3312 conculcationcm
2562 3255 2628 3311 ‘°.
2683 3269 2700 3308 ι

968 3353 1222 3409 ΚΕΦΑΔ.
1251 3353 1380 3409 ΚΘ’.

466 3464 501 3503 α
534 3453 604 3520 η’.
633 3448 778 3502 Οὐαί
803 3448 1004 3513 πόλις,
1037 3442 1265 3514 ’Δριὴαῃ
1286 3444 1370 3513 ἢν
1390 3443 1734 3515 ἐπολέμησε
1755 3435 1962 3498 Δα6ί8’

394 3536 772 3607 συναγάγετε
785 3536 965 3608 τεννή
965 3552 1123 3605 ματα
1137 3537 1304 3590 ὲνιιιυ
1312 3535 1416 3589 τὸν
1427 3535 1525 3588 ἐπὶ
1545 3535 1844 3589 ἐνιαυτόν.
1861 3527 1972 3587 dici-

392 3635 574 3703 πόθε
595 3630 701 3700 γὰρ
716 3628 838 3682 σὺν
850 3626 1048 3682 Μωάὸ.
1080 3625 1378 3694 Έκθλὶψω
1391 3625 1498 3695 γὰρ
1513 3624 1748 3696 Ἀριὴλ,
1768 3642 1820 3677 κ.
1842 3641 1893 3677 τ.
1918 3620 1970 3676 λ.

471 3802 582 3876 Τὴν
613 3803 702 3857 διὰ
748 3801 857 3857 τῶν
895 3799 1036 3872 μετὰ
1081 3802 1270 3871 χεῖρας
1297 3793 1722 3868 ταλανιζομένην
1769 3791 1977 3862 Ἀριὴλ

397 3896 496 3949 καὶ
550 3893 703 3948 αὐτοί
749 3909 937 3962 φασιν,
981 3890 1253 3944 Ἰουδαίων
1309 3889 1498 3951 παῖδες
1552 3887 1822 3957 ὑπάρχειν
1875 3883 2012 3956 τὴν·

414 3985 786 4058 Ἰερουσαλὴμ,
812 3983 1067 4052 λέγοντες
1100 3981 1244 4044 ἰδίως
1273 3979 1334 4033 τὸ
1368 3977 1754 4047 θυσιαστήριον
1783 3975 1842 4027 τὺ
1869 3973 1976 4045 πρὸ

397 4074 494 4133 τοῦ
522 4077 650 4131 ναοῦ
681 4074 954 4139 συνεστὸς,
971 4073 1178 4140 Ἀριὴλ
1204 4063 1861 4141 ὠνομάσθαι.Τοιγαροῦν
1878 4066 1975 4118 Ἱε-

398 4161 592 4238 ζεκιὴλ
628 4168 686 4219 ὲν
713 4167 822 4228 τοῖς
842 4163 1178 4226 τελευταίοις
1219 4162 1310 4215 τὸν
1339 4162 1464 4214 ναὸν
1490 4159 1808 4231 διαγράφων
1832 4156 1976 4211 οὕτω

398 4257 557 4330 φησί’
597 4275 622 4316 ι,
651 4258 759 4312 Καὶ
807 4254 977 4310 ταῦτα
1019 4255 1091 4309 τά
1123 4254 1298 4325 μέτρα
1341 4252 1435 4306 τοῦ
1479 4250 1885 4322 θυσιαστηρίου,
1917 4250 1975 4302 ὲν

403 4352 568 4421 πήχει
599 4351 836 4418 πήχεως,
863 4345 960 4400 καὶ
999 4345 1324 4416 παλαιστῆς.
1362 4357 1382 4396 t
1404 4344 1514 4397 Καὶ
1538 4341 1745 4412 προϐάς
1764 4357 1777 4371 ·
1811 4358 1830 4394 ι
1866 4340 1971 4394 Καὶ

2083 4340 2146 4395 Ει
2201 4343 2382 4429 paulo.
2416 4352 2541 4415 post
2595 4363 2610 4400 :

402 4441 513 4495 ἀπὸ
539 4439 633 4494 τοῦ
675 4438 861 4510 Ἀριὴλ
906 4437 1162 4507 ὑπεράνω
1189 4437 1297 4489 τῶν
1330 4435 1575 4506 κεράτων
1622 4435 1801 4503 πῆχυς
1824 4447 1839 4463 ·
1883 4431 2030 4485 καὶ.’

399 4532 466 4586 τὸ
506 4532 692 4604 Ἀριὴλ
737 4529 930 4600 πηχῶν
970 4527 1220 4582 δώδεκα⁴
1268 4545 1286 4579 ι
1325 4524 1725 4597 ἑρμηνεύεσθαι
1753 4523 1811 4577 δέ
1845 4541 1978 4594 φασι

400 4625 541 4678 λέων
575 4622 731 4676 Θεοῦ.
760 4624 855 4675 Ὃν
884 4620 992 4691 γὰρ
1017 4618 1155 4672 Θεοῦ
1193 4618 1254 4671 τὸ
1281 4617 1686 4686 θυσιαστήριον,
1716 4613 1977 4686 κατήσθιε

403 4716 584 4770 πάντα
621 4714 688 4766 τὰ
722 4715 780 4766 ὲν
811 4711 960 4782 αύτῷ
983 4710 1428 4782 προσφερόμενα.
1461 4706 1619 4773 Τινὲς
1644 4707 1700 4761 δέ
1726 4723 1858 4776 φασι
1880 4705 1978 4778 τὴν

403 4807 558 4861 πόλιν
586 4799 759 4863 οὕτως
786 4799 1059 4875 εἰρῆσθαι,
1096 4797 1220 4854 ἐπεὶ
1246 4799 1334 4855 διὰ
1364 4800 1524 4866 Θεοῦ,
1552 4799 1765 4862 λέοντος
1797 4798 1972 4868 δίκην,

403 4898 714 4970 ὲσπάραττε
745 4896 870 4959 τοὺς
892 4895 1268 4966 ἀνταίροντας.
1303 4892 1377 4948 Τὸ
1404 4890 1482 4958 δὲ,
1518 4893 1716 4958 πόλις,
1741 4889 1820 4959 ῆν
1841 4891 1979 4944 ἐπο-

400 4988 634 5058 λέμησε
663 4984 863 5050 Δαϐίδ,
901 4981 961 5038 οὔ
994 4999 1157 5053 φασιν
1189 4984 1446 5054 είρῆσθαι
1479 4985 1537 5036 ὲν
1561 4981 1639 5052 τῷ
1679 4979 1976 5054 Ἐϐραῖκῷ,

401 5079 542 5134 ἀλλὰ
584 5077 728 5131 κατά
781 5073 873 5128 τὸν
910 5072 1165 5141 Ἀκύλαν,
1213 5075 1476 5143 πολίχνη
1509 5071 1978 5142 παρεμσλήσεως

401 5168 601 5225 Δαϐίδ.
653 5165 992 5235 Ἀλλοφύλων
1032 5166 1141 5236 γὰρ
1171 5159 1363 5228 οὖσαν,
1403 5163 1500 5218 καὶ
1533 5161 1733 5225 Ἰεδοῦς
1779 5161 1976 5215 καλουσ⁵

409 5260 579 5331 μένην
600 5252 742 5310 εἷλεν
771 5259 799 5310 ό
819 5255 1004 5320 Δασὶδ,
1028 5255 1263 5324 τυφλοὺς
1289 5254 1384 5308 καὶ
1413 5253 1620 5325 χωλοὺς
1648 5251 1977 5316 ἀποκτείνας

407 5351 533 5414 τοὺς
563 5347 963 5417 ἀνθεστηκότας
1003 5347 1174 5418 αύτῷ.
1212 5345 1372 5400 Καθά
1416 5346 1513 5399 καὶ
1545 5343 1779 5413 Χριστὸς
1833 5360 1979 5413 παρ-

410 5441 602 5508 έστησε
622 5440 746 5500 τοὺς
778 5437 981 5507 ταύτης
1022 5439 1315 5505 οἰκήτορας
1350 5435 1586 5504 τυφλοὺς
1632 5434 1978 5506 ὑπάρχοντας

2634 3344 2763 3404 CAP
2786 3390 2802 3406 .
2848 3350 3038 3407 XXIX.

2143 3429 2307 3510 354
2349 3437 2511 3494 Vens.
2566 3439 2705 3495 1-8.
2758 3439 2847 3496 Va:
2870 3445 3272 3518 civitatiAriel,
3333 3470 3492 3524 quam
3550 3474 3646 3513 ex.

2073 3531 2320 3600 pugnavit
2355 3528 2548 3584 David.
2595 3530 2922 3603 Cougregate
2975 3541 3213 3607 germina
3257 3560 3453 3600 annum
3507 3565 3648 3605 anno

2075 3622 2407 3690 adjicicntes.
2459 3611 2749 3676 Comedetis
2785 3625 2923 3679 enim
2984 3644 3100 3682 cum
3167 3629 3350 3690 Moab.
3404 3636 3650 3709 Alﬂigam

2073 3711 2331 3782 siquidem
2361 3709 2524 3777 Arist,
2557 3721 2662 3767 etc.

2143 3793 2304 3872 355
2344 3802 2516 3868 Quam
2547 3802 2654 3857 hoc
2691 3805 2812 3859 loco
2832 3805 2994 3864 deﬁet
3020 3808 3166 3865 Ariel
3191 3809 3494 3870 Jerusalem
3525 3833 3649 3874 esse

2075 3893 2428 3960 arbitrantur,
2457 3893 2624 3948 etiam
2671 3895 2845 3951 Judaei
2905 3899 3055 3969 ipsi,
3116 3901 3209 3972 qui
3270 3901 3376 3958 hoc
3425 3907 3652 3962 nomine

2076 3981 2250 4036 altare
2284 3981 2442 4049 illud,
2477 3983 2625 4054 quod
2669 3993 2797 4041 ante
2830 3988 3092 4058 templum
3142 3989 3319 4046 fuerat
3343 3992 3646 4050 excitatum

2081 4069 2354 4144 designari
2394 4073 2625 4130 dicant:
2663 4076 2894 4147 ideoque
2925 4078 3266 4136 Ezecltielem
3301 4093 3548 4140 extremo
3577 4087 3648 4141 li-

2079 4161 2180 4216 bro
2218 4163 2272 4217 in
2320 4160 2436 4219 haec
2484 4165 2650 4219 verba
2696 4169 2958 4236 templum
3003 4169 3408 4242 descripsisse:
3467 4193 3486 4228 ι
3527 4176 3652 4232 Ista:

2081 4260 2261 4307 autem
2281 4269 2550 4310 mensurae
2576 4256 2765 4312 altaris
2792 4259 2846 4312 in
2872 4259 3054 4316 cubito
3073 4262 3267 4326 cubiti,
3293 4272 3345 4319 et
3361 4266 3525 4336 palmi
3543 4269 3644 4324 ⁸³.»

2674 4366 2692 4400 ι
2748 4348 2813 4402 Et
2867 4350 2938 4406 ab
2984 4351 3174 4417 Ariel,
3221 4368 3386 4425 supra
3438 4373 3650 4416 cornua

2075 4433 2347 4502 cubitus;
2417 4443 2472 4492 et
2533 4430 2681 4494 Ariel
2755 4441 3067 4497 cubitorum
3132 4443 3422 4502 duodecim
3485 4448 3553 4505 ".
3625 4470 3647 4504 ι

2076 4524 2368 4597 Signiﬁcat
2398 4539 2580 4585 autem
2633 4530 2776 4585 idem
2807 4534 2957 4589 vocis
2991 4535 3376 4606 interpretatio
3406 4579 3423 4606 ,
3479 4556 3546 4596 ac
3599 4545 3650 4599 si

2075 4615 2169 4672 Dei
2205 4617 2414 4674 leonem
2443 4612 2598 4677 dicas
2638 4636 2652 4673 :
2692 4623 2820 4692 quia
2848 4638 2971 4694 quae
2995 4625 3154 4681 altari
3191 4625 3286 4682 Dei
3339 4627 3650 4688 offereban-

2075 4717 2166 4764 tur
2198 4750 2214 4775 ,
2272 4711 2414 4767 idem
2471 4713 2656 4769 omnia
2718 4718 3102 4775 consumebat.
3134 4720 3306 4776 Aiunt
3344 4737 3478 4779 vero
3510 4739 3652 4781 non-

2076 4799 2208 4856 nulli
2243 4803 2430 4857 urbem
2461 4804 2512 4858 id
2541 4805 2782 4862 nominis
2823 4809 2894 4864 ob
2925 4808 2978 4863 id
3029 4813 3278 4866 sortitam
3321 4827 3466 4880 esse,
3501 4815 3653 4886 quad

2081 4886 2170 4950 Dei
2190 4897 2547 4966 auxilioipsa,
2575 4915 2684 4954 non
2713 4901 2870 4956 aliter
2899 4917 3063 4972 quam
3094 4903 3200 4966 leo,
3232 4903 3338 4961 sibi
3369 4906 3650 4962 reluctan-

2077 4992 2158 5039 tes
2188 4980 2506 5057 dissiparet.
2539 4987 2742 5078 Yolunt
2771 5000 3032 5060 pra-terea
3047 4993 3213 5048 verba
3239 4992 3344 5049 ista
3373 4993 3647 5078 :Cioitas’

2076 5087 2234 5144 quam
2272 5077 2590 5144 expugnauit
2625 5076 2797 5133 David
2827 5119 2842 5144 ,
2877 5080 2932 5133 in
2967 5079 3198 5136 Hebraeo
3227 5095 3338 5135 non
3387 5076 3650 5146 inveniri,

2081 5160 2177 5222 sed
2233 5163 2508 5221 civitatula
2570 5166 3076 5226 circumvallationis
3123 5169 3326 5235 David,
3355 5180 3414 5226 ut
3463 5178 3652 5230 trans-

2087 5256 2208 5309 tulit
2231 5255 2475 5327 Aquilas.
2508 5256 2682 5328 Ipsam
2711 5260 3015 5328 enim,qna
3043 5257 3474 5330 alienigenarum
3505 5272 3648 5326 erat,

2085 5358 2135 5400 et
2168 5341 2336 5399 Jebus
2363 5346 2662 5401 vocabatur
2687 5387 2703 5414 ,
2735 5349 2849 5402 tum
2894 5349 3110 5404 demum
3141 5348 3312 5406 David
3363 5364 3650 5424 expugna-

2087 5437 2208 5504 vit,
2244 5453 2366 5493 cum
2394 5452 2570 5496 caucos
2623 5448 2679 5496 et
2748 5441 2974 5497 claudos
3026 5442 3359 5500 reluctantes
3406 5448 3652 5500 inteme-

474 5618 520 5649 τ’
571 5615 675 5669 lsa.
726 5631 874 5678 xxix,
933 5613 1016 5678 l3;
1062 5611 1254 5666 Matth.
1301 5627 1390 5677 xv,
1424 5611 1479 5666 8.
1553 5615 1600 5648 "
1639 5613 1744 5672 lsa.
1780 5629 1971 5684 uvttt,

2068 5616 2100 5674 ί.
2176 5613 2222 5650 ⁸⁸
2261 5617 2394 5674 ibid.
2427 5617 2512 5674 18.
2588 5620 2630 5652 ⁸⁸
2674 5620 2872 5678 Ezccli.
2915 5637 3065 5692 nm,
3109 5625 3196 5680 l3.
3270 5625 3316 5659 ⁸²
3355 5621 3490 5680 ibid.
3515 5619 3609 5677 18.

700 5707 969 5766 Ριτιιοι..
1005 5705 1132 5764 Gn.
1160 5705 1518 5790 ιξξχιζιι.

3151 5717 3226 5776 ’11
