4022 6210
362 178 373 179 ί
470 137 614 205 2255

1802 146 2156 209 PROCOPII
2195 150 2433 215 GAZEI

3583 160 3709 222 2226

468 247 628 301 tidem
660 260 768 299 non
792 244 1079 313 habentes,
1103 253 1158 302 et
1184 243 1449 304 atbcosin
1476 247 1681 305 mundo
1713 252 1956 323 appellat
1974 255 2039 308 ".

2147 257 2300 323 ὄντες
2352 260 2690 328 ἀνέλπιστοι,
2720 264 2861 320 κατά
2886 266 2976 321 τόι
3025 266 3246 325 Ἐλπίδα
3277 268 3354 341 μὴ
3384 269 3593 342 ῑχοντες
3629 277 3713 329 καὶ

444 335 538 415 'Ea
572 344 758 392 autem
796 335 920 391 ideo
948 335 1359 406 adipiscentur,
1394 338 1541 409 quod
1576 340 1630 394 in
1673 340 1853 412 lapide
1881 343 2051 413 offen-

468 430 639 485 sionis
672 443 781 482 non
832 427 1181 496 attenderint;
1214 430 1309 485 sed
1368 431 1507 502 signi
1537 431 1701 505 360
1734 434 1874 505 ejus,
1904 437 2052 506 quod

466 522 607 576 libro
634 515 968 590 impressum
1005 528 1112 586 est,
1137 520 1192 575 id
1220 530 1303 578 est
1333 519 1563 584 Christi.
1594 523 1756 579 ﬁdem
1807 526 2049 593 amplexi

464 618 613 664 sunt.
672 606 879 662 Deiecit
928 607 1074 662 enim
1132 623 1243 663 non
1303 610 1482 665 solum
1528 612 1621 682 qui
1677 613 1833 683 prius
1864 615 1919 670 in
1954 630 2051 673 eos

462 699 726 770 regnabat
777 698 990 767 impius,
1030 699 1084 754 id
1131 708 1216 757 est
1248 701 1526 766 diabolus,
1559 721 1723 775 quem
1763 711 2050 777 superbum

334 822 347 827 —
462 793 733 856 nominat;
766 791 860 847 sed
885 800 939 846 et
984 791 1067 845 illi
1102 792 1287 859 etiam,
1324 802 1464 864 qtlos
1495 796 1796 866 impietatis
1825 801 2051 866 partici-

464 902 560 956 pes
591 885 699 940 sibi
727 884 1019 940 audientes
1055 885 1311 941 habebat.
1340 886 1476 941 Cum
1519 889 1643 960 ipso
1685 906 1922 964 namque
1945 894 2050 949 im-

461 978 691 1049 pietatis
723 987 957 1033 auctore
985 986 1039 1032 et
1078 977 1351 1049 principe,
1385 994 1578 1037 omnes
1608 998 1832 1055 quoque
1859 987 2047 1043 caeteri

462 1071 743 1141 perierunt
770 1068 1069 1124 daemones.
1098 1068 1241 1135 Quin
1289 1070 1455 1125 etiam
1501 1074 1738 1130 servatis
1764 1077 2042 1147 gentibus,

459 1164 553 1235 qui
588 1178 735 1219 nunc
763 1168 1101 1218 accusantur
1128 1159 1305 1215 Judaei
1338 1176 1685 1234 nequaquam
1718 1171 2046 1238 superstites

463 1255 632 1317 futuri
673 1261 803 1310 sunt
850 1269 864 1305 :
900 1252 996 1309 scd
1035 1250 1243 1321 deﬁciet
1276 1253 1535 1323 superbus
1564 1272 1749 1310 eorum
1791 1260 2042 1327 quilibet.

459 1352 514 1400 et
542 1346 634 1416 qui
662 1344 875 1400 Christi
918 1358 1230 1400 sermonem
1274 1344 1520 1400 ludibrio
1546 1347 1734 1403 habet.
1786 1347 1863 1404 lta
1898 1352 2045 1408 enim

461 1436 778 1507 Symmachi
816 1434 979 1489 habet
1007 1436 1398 1506 interpretatio
1424 1454 1439 1490 :
1475 1435 1541 1490 Et
1565 1442 1866 1510 consumpti
1895 1450 2041 1509 sunt,

457 1528 549 1596 qui
596 1526 825 1580 ludibrio
855 1527 1139 1581 habebant.
1178 1524 1246 1580 Et
1265 1527 1428 1581 excisi
1478 1538 1600 1582 sunt
1629 1546 1828 1593 omnes.
1862 1535 1953 1603 qui
1974 1534 2043 1588 ad

458 1617 781 1687 injustitiam
802 1616 1137 1682 deduceules,
1160 1633 1376 1687 peccare
1411 1617 1677 1685 faciebant
1710 1623 1948 1677 homines
1990 1625 2044 1679 in

460 1706 651 1770 verbo;
695 1707 733 1760 ii
786 1707 1065 1771 nimirum,
1094 1707 1186 1776 qui
1221 1706 1524 1762 secundum
1577 1708 1909 1782 interpretes
1942 1713 2044 1769 Se-

463 1798 770 1869 ptuaginta,
804 1807 1027 1868 propter
1057 1797 1211 1868 Legis
1252 1801 1724 1870 transgressionem
1752 1804 1918 1875 iniqui
1958 1805 2045 1860 di-

457 1898 662 1945 cuntur
695 1906 708 1943 :
740 1890 954 1960 superbi
990 1901 1208 1955 autem,
1261 1891 1389 1961 quia
1425 1891 1706 1949 Christum
1759 1907 2045 1955 contume-

458 1981 594 2036 liose
622 1980 823 2046 adorti,
860 1981 966 2036 ista
993 1981 1205 2050 jactare
1243 1984 1364 2037 ausi
1393 1994 1526 2052 sunt
1563 2003 1578 2041 :
1614 1984 1810 2042 «Num
1840 1989 1929 2044 hic
1957 1997 2044 2045 est

458 2071 594 2126 labri
627 2072 812 2128 illius?
837 2070 1123 2139 Quomodo
1148 2073 1318 2144 igitur
1342 2076 1478 2132 dicit
1507 2096 1521 2132 :
1552 2077 1629 2133 De
1650 2081 1791 2136 cmlo
1814 2081 2043 2138 descen-

454 2161 507 2216 di
546 2161 659 2215 "*‘t
694 2180 711 2213 ι
752 2170 807 2217 et
864 2178 1106 2230 rursus:
1161 2182 1180 2216 ι
1222 2165 1499 2222 Abraham
1548 2179 1801 2227 mortuus
1848 2181 1953 2240 est,
1989 2184 2043 2231 et

455 2255 733 2326 prophetae
763 2258 965 2311 mortui
997 2264 1147 2327 sunt,
1181 2268 1235 2313 et
1278 2267 1336 2313 tn
1367 2261 1508 2316 dicis
1541 2279 1555 2317 :
1587 2260 1646 2318 Si
1671 2265 1798 2335 quis
1827 2280 2042 2323 sermo-

454 2362 576 2402 nem
611 2362 788 2404 meum
825 2349 1086 2416 audierit,
1119 2360 1352 2407 mortem
1396 2368 1503 2408 non
1539 2354 1745 2411 videbit
1775 2357 1833 2412 in
1864 2373 2041 2415 saecu-

454 2438 565 2492 lum
597 2437 666 2492 ".
703 2457 722 2491 ι
765 2438 1028 2497 Dicebant
1061 2450 1322 2512 praeterea
1357 2460 1371 2497 :
1416 2462 1435 2496 ι
1472 2444 1810 2503 Daemonium
1854 2449 2037 2519 habet,

452 2539 505 2584 et
536 2528 859 2601 furit,.quis
894 2531 1075 2601 ipsum
1112 2534 1303 2588 audiat
1338 2533 1424 2589 ’δῖ
1466 2555 1484 2589 ι
1517 2535 1580 2604 li,
1613 2537 1863 2609 inquam,
1915 2542 2038 2621 fuef

452 2627 603 2686 runt,
650 2620 743 2690 qui
794 2620 851 2675 in
888 2637 1007 2686 eos,
1037 2636 1066 2675 a
1096 2623 1298 2693 quibus
1345 2626 1777 2696 erudiebantur;
1830 2632 1884 2687 id
1931 2641 2037 2699 est,

453 2715 745 2786 prophetas
802 2732 834 2771 a
887 2732 947 2773 se
983 2717 1039 2773 in
1078 2719 1239 2775 atriis
1274 2720 1610 2790 illaqueatos
1667 2725 1881 2780 nullum
1931 2744 2038 2784 non

451 2822 625 2877 genus
650 2806 980 2863 insidiarum
1015 2809 1407 2865 moliebantur.
1441 2812 1588 2869 Alibi
1609 2815 1809 2871 deinde
1834 2817 1889 2872 in
1920 2818 2038 2875 haec

2153 349 2303 405 ἄθεοι
2326 353 2616 425 ἐν’κόσμῳ.
2639 355 2905 424 Γεγόνασι
2935 358 2993 413 δὲ
3025 354 3228 415 τούτων
3256 362 3431 425 δντὺς,
3460 363 3532 435 μὴ
3562 383 3719 437 προσ-

2153 442 2422 513 κύψαντες
2458 445 2539 516 τῷ
2595 445 2730 517 λίθῳ
2782 447 2878 502 τοῦ
2917 454 3403 522 προσκόμματος,
3428 454 3478 507 oi
3506 457 3716 511 πιστεύ-

2155 552 2347 601 σαντες
2370 540 2436 610 τῇ
2484 540 2810 615 ἐπικειμένῃ
2841 542 2920 612 τῷ
2960 542 3152 615 βιϐλίῳ
3198 546 3503 616 σφραγῖδι,
3528 548 3585 613 ὃς
3605 533 3717 604 ἷστι

2151 629 2406 699 Χριστός.
2440 629 2687 697 Ἐξέλιπε
2716 632 2878 704 γάρὸ
2917 635 3046 705 πρὶν
3088 636 3269 690 αὐτῶν
3324 639 3543 710 κρατῶν
3588 642 3717 697 das-

2151 721 2285 789 θὴς,
2308 723 2445 793 ὅπερ
2500 724 2649 777 ἐστὶν
2675 726 2704 777 ὁ
2734 724 2986 789 διάϐολος
3041 727 3101 780 ὃν
3124 729 3541 799 ὑπερήφανον.
3573 735 3715 802 φησὶ,

2149 811 2246 864 καὶ
2271 813 2400 877 τοὺς
2432 813 2524 866 ὑπ’
2571 815 2741 869 αὑτὸν
2791 816 3032 882 ἀσεϐεῖς.
3063 819 3155 890 Τῷ
3186 822 3295 892 γὰρ
3333 823 3437 892 τῆς
3469 823 3712 889 ἀσεϐείας

2148 901 2370 974 ἄρχοντι
2406 905 2788 960 συναπώλοντο
2811 907 3013 974 πάντες
3042 912 3091 964 οἱ
3126 910 3408 982 δαίμονες.
3450 914 3605 968 Ἀλλὰ
3636 916 3716 969 καὶ

2147 994 2257 1049 τῶν
2308 996 2482 1051 ἐθνῶν
2538 999 2822 1057 σωθέντων
2849 1004 2901 1056 oi
2921 1003 3401 1075 κατηγορηθέντες
3423 1005 3523 1075 οὐχ
3559 1006 3717 1077 ὑπάρο

2147 1086 2330 1154 ξουσιν
2356 1090 2407 1141 οἱ
2449 1089 2712 1158 Ἰουδαῖοι,
2749 1094 3056 1164 Ἔκλείψει
3085 1093 3155 1148 δὲ
3187 1094 3310 1160 πᾶς
3345 1098 3718 1168 ὑπερήφανος

2146 1178 2205 1230 ὲν
2265 1179 2493 1246 αὐτοῖς,
2553 1182 2649 1237 καὶ
2713 1184 2809 1238 τοῦ
2856 1183 3097 1256 Χριστοῦ
3144 1184 3433 1255 χλευάζων
3492 1186 3583 1241 τὸν
3637 1186 3716 1242 λό-

2146 1285 2263 1337 γον.
2318 1271 2614 1344 Σύμμαχος
2665 1273 2772 1347 γὰρ
2801 1275 2976 1341 οὔτως
3034 1275 3325 1340 ἐξέδωκεν·
3364 1277 3478 1333 Καὶ
3501 1279 3716 1347 ἀνηλώ-

2146 1363 2344 1428 θησαν
2397 1361 2795 1432 χλευάζοντες
2855 1365 2955 1420 real
2998 1366 3393 1435 ἐξεκόπησαν
3438 1367 3649 1436 πάντες
3669 1372 3718 1425 οι

2144 1450 2233 1516 εὶς
2254 1450 2497 1506 ἀδικίαν
2526 1454 3044 1525 ἐξαμαρτάνοντες
3080 1457 3438 1526 ἀνθρώπους
3458 1457 3527 1511 ἐν
3547 1462 3714 1529 λόγῳ,

2145 1541 2217 1608 οἳ,
2245 1544 2388 1598 κατά
2404 1544 2533 1609 τοῦς
2563 1546 2795 1619 Ἐὁδομή
2803 1564 2986 1613 κοντα,
3001 1548 3112 1602 τὸν
3127 1551 3321 1618 νόμον
3332 1551 3712 1619 παραϐάντες,

2146 1634 2354 1704 ἄνομοι
2380 1636 2649 1707 λέγονται,
2679 1639 3054 1711 ὑπερήφανοι
3075 1641 3152 1706 δὲ,
3171 1642 3268 1695 τοῦ
3297 1642 3539 1714 Χριστοῦ
3594 1660 3716 1698 κατ-

2144 1725 2640 1801 αλαζονευσάμενοι
2702 1731 2956 1800 λέγοντες
2974 1749 2989 1764 ε
3030 1752 3048 1784 ι
3071 1734 3183 1805 Οὐχ
3212 1727 3371 1796 οὗτός
3397 1736 3543 1788 ἐστιν
3566 1736 3593 1789 ὁ
3629 1734 3714 1789 τοῦ

2142 1819 2394 1886 τέκτονος
2416 1822 2530 1886 υίός
2552 1840 2566 1889 ;
2589 1823 2705 1887 πῶς
2730 1823 2826 1879 οῦν
2855 1824 3027 1894 λέγει,
3068 1824 3165 1878 Ἐκ
3184 1823 3278 1878 τοῦ
3304 1825 3538 1896 ούρανοῦ
3559 1845 3715 1882 κατα-

2144 1906 2390 1983 6ἐ6ήκας
2428 1933 2448 1966 ι
2478 1915 2586 1967 Καὶ
2637 1915 2801 1970 πάλιν
2828 1932 2842 1947 ·
2876 1934 2896 1968 ι
2933 1915 3186 1988 Ἀϐραὰμ
3235 1916 3530 1983 ἀπέθανεν,
3560 1919 3647 1971 καὶ
3667 1920 3713 1972 oi

2144 2000 2419 2071 προφῆται
2475 2002 2772 2068 ἀπέθανον,
2833 2005 2928 2058 καὶ
2980 2005 3045 2059 σὺ
3072 2005 3256 2074 λέγεις
3290 2023 3304 2038 ·
3356 2007 3484 2062 Ἐάν
3509 2007 3589 2071 τίς
3620 2024 3710 2079 μου

2140 2092 2236 2145 τὸν
2287 2091 2446 2163 λόγον
2527 2094 2773 2167 ἀκούσῃ,
2834 2095 3065 2150 θάνατον
3117 2097 3179 2150 οὐ
3246 2096 3324 2170 μὴ
3375 2096 3462 2169 ίδῃ
3508 2099 3585 2162 είς
3631 2097 3712 2152 τὸν

2141 2183 2344 2253 αἰῶνας
2374 2203 2393 2238 ι
2433 2186 2658 2255 Ἔλεγον
2679 2187 2737 2240 δὲ
2758 2188 2875 2253 καὶ,
2910 2207 2930 2240 ι
2956 2190 3249 2260 Δαιμόνιον
3299 2189 3439 2261 ἔχει,
3478 2190 3573 2243 καὶ
3599 2190 3711 2261 μαί-

2140 2292 2313 2331 νεται.
2335 2278 2402 2331 Τί
2453 2277 2619 2333 αὑτοῦ
2672 2278 2936 2348 habere;
2967 2299 2987 2333 ι
3027 2276 3253 2336 οὗτοιδὲ
3278 2278 3446 2353 ἦσαν,
3502 2282 3551 2336 oi
3590 2283 3708 2346 τοὺς

2141 2367 2498 2433 παιδεύοντας
2544 2370 2744 2435 αὐτοὺς
2789 2374 2846 2426 ὲν
2880 2372 3077 2437 αὐλαῖς
3146 2374 3554 2442 παγιδεύοντες,
3598 2373 3708 2436 τοὺς

2141 2462 2424 2533 προφήτας
2449 2462 2714 2532 δηλονότι,
2748 2464 2876 2519 καθ’
2903 2459 2978 2519 ὧν
3010 2465 3310 2537 ἐπιϐουλῆς
3346 2468 3564 2538 ἀπάσης
3589 2465 3706 2536 ἐθη-

2143 2552 2312 2623 ρῶντο
2357 2553 2549 2618 λαὸάς.
2595 2557 2705 2609 Καὶ
2737 2556 2974 2627 ἀλλαχοῦ
3000 2557 3059 2611 δέ
3081 2573 3216 2629 φησι
3238 2574 3253 2589 ο
3294 2578 3313 2610 ι
3339 2559 3451 2612 Καὶ
3499 2556 3707 2628 ἐμίσουν

2139 2644 2198 2698 ὲν
2223 2644 2418 2710 πύλαις
2443 2644 2785 2717 ἐλέγχοντας,
2804 2644 2902 2703 καὶ
2916 2648 3077 2717 λόγον
3103 2649 3249 2702 ὅσιον
3280 2647 3700 2706 ὲόδελύσσοντο,ι

2138 2738 2187 2791 οἳ
2213 2737 2307 2790 καὶ
2339 2737 2431 2792 τὸν
2473 2738 2684 2793 δίκαιον
2714 2739 2895 2809 λόγον,
2928 2741 3024 2796 καὶ
3055 2741 3219 2795 αὑτὸν
3249 2739 3310 2795 δὲ
3337 2739 3589 2812 Χριστὸν,
3616 2736 3706 2805 τὴν

2138 2827 2510 2901 δικαιοσύνην,
2559 2832 2736 2904 μάτην
2776 2833 3131 2899 ,ἐκκλίνοντες
3189 2833 3532 2898 ἀπεσείοντο,
3556 2829 3705 2901 μηδδν

452 2900 616 2955 verba
644 2900 892 2988 loquitur
926 2919 939 2954 :
981 2918 999 2953 ι
1044 2900 1110 2956 Et
1140 2902 1379 2957 oderant
1431 2903 1486 2959 in
1519 2915 1677 2975 porta
1714 2918 2029 2978 arguentes,

2141 2916 2351 2989 ἔχοντες
2411 2900 2703 2990 ἐγκαλεῖν.⁷
2721 2924 2879 2989 Τινὲς
2898 2924 2955 2980 δὲ
2983 2924 3064 2991 τὸ,
3088 2925 3159 2978 ἐν
3187 2925 3435 2989 πύλαις,
3463 2923 3522 2976 οὐ
3550 2900 3694 2991 λελη-

404 3004 415 3007 '
449 3000 504 3045 et
544 2991 774 3047 verbum
801 3001 1051 3049 sanctum
1073 2994 1536 3050 abominabantur
1558 2996 1639 3063 ";
1676 3015 1694 3049 ι
1716 2997 1753 3053 ii
1776 3001 2034 3056 nimirum

2141 3006 2414 3074 θότως,ὲν
2453 3012 2641 3085 ἁπάσῃ
2667 3013 2725 3068 δὲ
2756 3015 3043 3087 παρρησίᾳ
3099 3014 3254 3083 φασί.
3312 3014 3423 3068 Καὶ
3470 3011 3701 3073 δίκαιον,

452 3085 546 3154 qui
598 3096 654 3141 et
698 3087 920 3141 verbum
971 3087 1205 3156 justum,
1239 3095 1293 3142 et
1337 3087 1621 3143 Christum
1653 3092 1841 3158 etiam,
1872 3093 2040 3163 justi-

459 3173 591 3228 tiam
643 3175 820 3246 ipsam
884 3184 1091 3237 temere
1139 3176 1501 3243 declinantes,
1537 3179 1869 3249 rejecernnt,
1915 3199 2037 3242 cum

2139 3097 2230 3152 τὸν
2255 3099 2422 3170 νόμον
2446 3102 2703 3172 λέγουσιν
2724 3105 2782 3157 ὲν
2800 3104 3007 3168 ἀδίκοις
3026 3106 3148 3168 ταῖς
3169 3102 3279 3156 τῶν
3312 3100 3699 3173 πρεσὸυτέρων,

2143 3191 2220 3257 ὡς
2250 3195 2489 3268 εἴρηται,
2523 3199 2917 3270 παραδόσεσιν.

439 3250 588 3317 ἰιὶιιῑι
622 3263 910 3329 haberent,
949 3265 1108 3333 cujus
1140 3279 1266 3320 eum
1297 3276 1641 3321 accusarent.
1670 3267 1931 3325 Nonnulli
1964 3275 2016 3328 in
2054 3250 2222 3343 portis
2270 3250 2371 3338 ita.
2396 3250 2642 3350 suinuni,
2698 3295 2756 3341 ut
2807 3301 2906 3356 pro
2944 3294 3168 3356 .aperte,
3236 3296 3562 3353 summaque
3627 3278 3700 3333 di-

450 3355 612 3409 cnnli
645 3355 894 3411 libertate
922 3356 1130 3410 dictum
1162 3356 1368 3420 velint:
1397 3354 1602 3424 justum
1665 3372 1867 3431 autem,
1928 3366 2101 3439 legem
2138 3372 2336 3443 ipsam,
2370 3377 2515 3435 inter
2570 3354 2820 3451 injustas
2843 3354 3123 3437 seniorum
3161 3378 3513 3442 traditiones,
3544 3385 3597 3429 ut
3623 3372 3698 3427 di-

450 3453 599 3499 ctum
636 3453 741 3510 est,
776 3445 1113 3514 signiﬁcare.

519 3536 679 3607 361
719 3534 885 3592 Vens.
916 3536 1112 3593 πει.
1148 3537 1437 3609 Propterea
1466 3541 1579 3596 ha’c
1617 3541 1748 3599 dicit
1781 3545 2037 3605 Dominus

452 3643 605 3698 super
643 3627 860 3682 domum
890 3627 1082 3701 Iacob,
1125 3647 1286 3700 quant
1321 3634 1587 3702 separavit
1632 3651 1697 3691 ea:
1736 3638 2035 3698 Abraham.

404 3718 414 3735 ‘
460 3717 577 3771 Non
624 3716 778 3772 modo
812 3719 1167 3787 confundetur
1200 3720 1393 3787 Jacob,
1446 3741 1611 3795 neque
1653 3744 1792 3783 nunc
1844 3732 2038 3801 facient

451 3810 678 3864 mutabit
712 3808 846 3865 :sed
866 3811 1077 3881 quando
1100 3813 1345 3869 videbunt
1374 3816 1478 3884 lilii
1511 3833 1695 3873 eorum
1712 3838 1868 3892 opera
1900 3841 2037 3896 mea,

449 3910 662 3973 propter
694 3917 772 3955 me
793 3902 1205 3972 sanctiﬁcabunt
1241 3922 1429 3960 nomen
1461 3924 1654 3975 meum,
1681 3919 1787 3967 etc.

522 4080 607 4136 Ad
638 4080 860 4137 eosdem
903 4089 959 4137 et
1004 4081 1107 4137 ista
1137 4081 1378 4139 refertur
1407 4087 1606 4153 oratio,
1643 4105 1784 4168 quos
1817 4092 2034 4148 domum

446 4173 614 4229 Jacob
647 4174 726 4229 ait
755 4176 1096 4246 nuncupari;
1132 4190 1298 4245 quam
1346 4175 1514 4244 Deus,
1559 4180 1711 4236 velut
1742 4182 1834 4253 pio
1860 4185 2036 4241 Abra-

447 4266 603 4319 hamo
649 4265 930 4336 indignant
976 4278 1008 4319 a
1058 4281 1119 4320 se
1163 4267 1467 4335 separarit,
1512 4269 1669 4339 juxta
1703 4272 1837 4328 illud
1870 4294 1883 4331 :
1919 4295 1939 4329 ι
1977 4277 2033 4333 Si

451 4357 543 4410 ﬁlii
576 4355 809 4411 Abrahae
853 4346 1008 4421 estis,
1044 4352 1209 4427 opera
1264 4358 1499 4414 Abrahae
1524 4358 1688 4418 facile
1713 4363 1781 4419 ".
1813 4385 1833 4419 ι
1864 4366 2038 4425 Caete-

453 4468 569 4506 rum
621 4453 733 4516 ubi,
776 4448 973 4539 Quam.
995 4454 1262 4522 separavit
1315 4468 1382 4508 ea:
1437 4454 1708 4512 Abraham
1761 4459 2033 4533 legimus;

449 4542 554 4608 Qui
578 4544 795 4598 redemit
816 4543 1107 4598 Abraham.
1128 4543 1516 4614 interpretatus
1532 4553 1617 4603 est
1639 4548 2030 4619 Symmachus:

449 4645 508 4689 ut
552 4651 670 4699 eos,
728 4634 781 4688 in
829 4649 970 4704 quos
1022 4634 1320 4700 invehitur,
1371 4650 1721 4708 nequaquam
1768 4641 2031 4702 liberatos

444 4740 569 4782 esse
617 4725 865 4781 doceret.
914 4724 1184 4780 Praelicta
1215 4726 1383 4796 igitur
1431 4728 1675 4797 gentium
1713 4733 2024 4801 vocatione,

445 4819 727 4888 vestrique
761 4810 1064 4888 rejéclione
1086 4858 1100 4880 .
1129 4833 1241 4889 quo
1262 4826 1509 4888 tempore
1532 4819 1637 4875 ista
1668 4826 2032 4891 pronuntian-

444 4918 553 4975 tur,
595 4925 700 4964 non
745 4909 1080 4971 erubescitis,
1129 4909 1227 4972 ait,
1274 4904 1551 4979 tanquam‘
1579 4912 1807 4968 minime
1846 4914 2029 4972 futura

441 4999 717 5065 credatis;
754 4997 851 5054 sed
899 4996 1058 5053 (idem
1089 4997 1249 5053 vobis
1297 5011 1400 5054 suo
1438 5005 1683 5069 tempore
1717 5001 1880 5059 faciet
1912 5004 2031 5075 ipse

441 5104 626 5145 rerum
655 5097 907 5144 eventus.
945 5086 1084 5141 Tum
1116 5086 1339 5142 demum
1378 5087 1525 5143 enim
1573 5092 1878 5147 erubescent
1926 5094 2032 5164 ﬁlii

438 5182 615 5246 vestri,
648 5195 774 5235 cum
810 5178 979 5235 Deum
1026 5177 1199 5234 .lacob
1248 5178 1318 5232 ab
1363 5178 1710 5250 alienigenis,
1757 5183 1851 5253 qui
1899 5185 2023 5254 ejus

507 5298 553 5330 "
588 5295 828 5378 _§phes.
868 5310 931 5363 ιι,
968 5293 1058 5350 l2.
1130 5290 1386 5349 "“Joan.
1423 5308 1499 5360 vr,
1524 5293 1614 5350 42.
1691 5297 1737 5329 ⁸³
1774 5297 1935 5353 .loan.
1985 5315 2039 5355 vr

2148 5303 2237 5359 52.
2314 5306 2361 5339 ’⁸
2395 5299 2565 5371 Joan.
2597 5326 2650 5378 ι,
2690 5310 2780 5378 20,

441 5381 555 5429 νιιι,
588 5365 677 5420 39.

2213 3553 2413 3625 κβοκδκ
2457 3553 2561 3608 Διὰ
2596 3553 2769 3609 τοῦτο
2801 3553 2943 3609 τάδε
2995 3554 3160 3624 λέγει
3202 3556 3419 3624 Κύριος
3474 3551 3565 3608 ἐπὶ
3607 3551 3700 3604 τὸν

2141 3640 2313 3699 οἶκον
2347 3644 2557 3700 Ἰακὼό
2573 3682 2589 3710 ,
2616 3644 2690 3700 ὃν
2733 3645 3036 3715 ἀφώρισεν
3054 3646 3124 3710 ἐξ
3166 3647 3442 3715 Ἁϐραάμ..
3484 3647 3563 3698 Οὐ
3600 3642 3699 3696 νῦν

2140 3736 2616 3804 αίσχυνθήσεται
2672 3736 2903 3799 Ἰακὼσ,
2964 3736 3110 3790 οὐδὲ
3152 3736 3271 3791 νῦν
3299 3736 3371 3791 τὸ
3399 3735 3698 3805 πρόσωπον

2135 3829 2463 3900 μεταϐαλεῖ
2499 3828 2740 3897 Ἰσραήλ
2764 3846 2779 3861 ·
2815 3830 2955 3884 ἀλλ’
3016 3829 3165 3885 ὅταν
3221 3827 3397 3882 ἴδωσι
3434 3826 3504 3880 τὰ
3538 3823 3698 3877 τέκνα

2137 3919 2338 3976 αὐτῶν
2365 3920 2438 3975 τὰ
2475 3920 2618 3990 ἔργα
2644 3936 2787 3990 μου,
2822 3919 2898 3973 δι’
2921 3919 3027 3990 ἐμὲ
3079 3918 3408 3989 ἀγιιίσουσι
3438 3913 3499 3969 τὸ
3529 3906 3696 3980 ὄνομά

2130 4029 2271 4081 μου,
2296 4030 2353 4068 κ.
2376 4029 2426 4067 τ.
2458 4013 2509 4066 λ.
3363 4059 3370 4066 .

2209 4103 2331 4157 Ἔτι
2356 4103 2494 4175 πρὸς
2512 4105 2640 4167 τοὺς
2660 4104 2868 4169 αὐτοὺς
2886 4105 2914 4157 ὁ
2942 4104 3121 4173 λόγος,
3153 4104 3249 4169 οὓς
3273 4122 3409 4175 φησι
3435 4099 3691 4157 καλεῖσθαι

2132 4191 2306 4250 οἷκον
2344 4195 2570 4251 Ἰακώϐ.
2628 4198 2725 4250 Ὃν
2781 4197 2880 4251 οὐκ
2934 4196 3153 4261 ἀξίοντα
3188 4206 3208 4228 ⁸
3268 4197 3366 4251 τοῦ
3428 4188 3690 4262 θεοφιλοῦς

2149 4285 2426 4355 Ἀϐραάμ»
2458 4286 3265 4356 ἀπηλλοτρίωσενάεοορίσας
3289 4288 3441 4350 Θεὸς,
3476 4284 3607 4339 κατά
3620 4277 3688 4330 τό·

2146 4394 2164 4428 ι
2189 4377 2252 4429 Et
2279 4377 2447 4431 τέκνα
2493 4378 2585 4431 τοῦ
2617 4378 2871 4450 Ἀϐραὰμ
2922 4374 3042 4450 ἦτε,
3065 4378 3135 4432 τά
3155 4379 3293 4450 ἔργα
3321 4377 3418 4431 τοῦ
3462 4371 3689 4442 Ἀϐραὰμ

2134 4468 2391 4521 ἐποιεῖτε.
2426 4486 2445 4520 ι
2478 4468 2624 4522 ’Δντὶ
2640 4468 2696 4522 δὲ
2724 4468 2842 4534 τοῦ,
2879 4470 2988 4522 ‘Or
3011 4469 3319 4538 ἀφώρισεν
3343 4468 3414 4531 ἐξ
3438 4460 3685 4531 Ἀϐραὰμ.

2145 4558 2199 4611 '0
2215 4560 2681 4630 λυτρωσάμενος
2703 4560 2812 4614 τὸν
2839 4558 3107 4628 Ἀϐραὰμ,
3130 4559 3360 4626 ἐξέδωκε
3381 4556 3680 4626 Σύμμαχος,

2128 4649 2304 4720 δηλῶν
2334 4649 2409 4714 ὡς
2433 4651 2494 4704 ού
2521 4650 2744 4715 τούτους
2800 4649 3166 4722 ὲλυτρώσατο,
3197 4650 3334 4722 πρὸς
3374 4648 3466 4712 οὓς
3488 4638 3687 4702 ἀποτείσ

2129 4736 2298 4797 νεται.
2322 4742 2494 4814 Φησὶν
2522 4743 2732 4809 οῦν,ὼς
2762 4743 3257 4815 ιῙροφητευομέ-ιης
3273 4746 3374 4815 τῆς
3401 4738 3507 4795 τῶν
3534 4730 3688 4790 ἐθνῶν

2127 4829 2413 4901 κλήσεως,
2464 4833 2557 4887 καὶ
2612 4833 2715 4904 τῆς
2777 4834 3052 4906 ἡμετέρας
3076 4833 3105 4874 1³
3136 4832 3411 4903 ἀποϐολῆς
3466 4823 3584 4885 καθ’
3633 4820 3686 4875 ὃν

2129 4922 2533 4993 προφητεύεται
2559 4924 2732 4980 ταῦτα
2755 4925 2968 4997 καιρὸν,
3007 4926 3119 4980 οὐκ
3163 4921 3465 4994 ἐρυθριᾶτε
3514 4912 3680 4987 φησιν,

2127 5008 2203 5071 ὡς
2235 5008 2302 5063 ἂν
2337 5010 2413 5083 μὴ
2446 5012 2794 5078 πιστεύοντες
2820 5012 3066 5070 ἔσεσθαι.
3104 5012 3247 5067 Ἀλλ’
3271 5011 3364 5068 οὖν
3388 5011 3524 5091 ὑμᾶς
3543 5009 3569 5061 ὁ
3593 5002 3680 5071 τῆς

2129 5099 2408 5167 ἐκϐάσεως
2440 5105 2702 5177 ποιήσειε
2728 5104 2943 5177 καιρός.
2986 5105 3065 5160 Τὰ
3086 5104 3197 5175 γὰρ
3221 5100 3469 5174 ὑμέτερα
3495 5098 3678 5156 τέχναν

2133 5192 2322 5261 φησὶν.
2348 5196 2886 5264 αἰσχυνθήσονται,
2937 5197 3031 5251 τὸν
3079 5197 3211 5251 Θεὸν
3252 5192 3444 5251 Ἰακὼδ
3464 5187 3677 5261 ὁρῶντες

2884 5312 2932 5347 ⁸³
2969 5311 3138 5368 Amos
3185 5327 3241 5378 ν,
3294 5310 3379 5366 to.
3451 5298 3669 5355 “103"-

1712 5451 1955 5511 VARIE
1989 5457 2402 5522 LECTIONES.

513 5559 541 5591 ι
572 5562 668 5618 γρ.
698 5544 849 5610 ἄξιον
875 5543 1026 5599 ὄντα.
1101 5545 1130 5586 1³
1163 5562 1254 5618 γρ.
1286 5544 1414 5632 ὑμε.
1493 5553 1516 5582 ο
1556 5558 1647 5612 γρ.
1675 5541 1872 5598 πείσει.

1214 5764 1245 5783 ..κ
