4022 6210
389 451 530 514 ἓὲλίῖ

1548 449 2089 522 COMMENTARII
2130 453 2214 514 IN
2248 450 2537 512 ISAIAM.

3512 446 3654 508 2238

391 573 484 629 ὑπ’
529 568 842 639 ἀλλοφύλων
891 566 1246 639 ὑμνούμενον,
1300 571 1488 650 φόϐον
1556 570 1825 640 ἐχόντων
1872 570 1965 623 τδν

2084 578 2269 623 metum
2303 565 2537 637 amplexi
2584 561 2808 629 fuerint,
2844 560 3058 618 laudari
3089 548 3142 618 et
3181 560 3468 633 praedicari
3502 562 3657 618 vide-

390 662 528 734 πρὸς
560 662 743 716 αὐτόν.
778 657 967 713 Καέτοι
1004 657 1197 727 πρώην
1227 656 1389 729 ἦσαν
1437 658 1838 728 πλανώμενοι,
1872 659 1968 713 καὶ

389 754 491 824 τῆς
526 752 678 816 θείας
702 751 1137 822 κατηγοροῦντες
1171 752 1449 823 προνοίας,
1484 751 1816 809 ὑπακούειν
1856 768 1971 821 μα-

391 844 704 910 θήσονται.
761 841 874 896 Καὶ
901 842 1068 912 μηδὲν
1095 842 1245 909 ὑγιὲς
1276 843 1406 914 περὶ
1430 841 1566 896 Θεοῦ
1604 842 1786 912 λέγειν
1813 841 1973 896 δυνά-

395 951 567 1004 μενοι,
600 933 988 1001 λαλήσουσιν
1015 933 1268 1001 ειρήλνην
1302 934 1396 987 τοῦ
1426 935 1561 1005 πρὸς
1601 934 1765 989 αὐτὸν
1793 935 1971 1006 ἀπηλ-

390 1023 654 1093 λαγμένοι
673 1023 931 1093 πολέμου.
949 1023 1009 1076 Ὀ
1031 1023 1087 1076 δὲ
1113 1022 1410 1093 Σύμμαχὸς
1441 1040 1626 1093 φησιν’
1645 1026 1807 1079 Ἀλλ’
1824 1025 1973 1079 ὅταν

392 1113 494 1181 ἴδῃ
527 1112 599 1167 τὰ
628 1112 807 1166 τέκνα
862 1110 1051 1165 αὑτοῦ
1103 1112 1247 1181 ἔργα
1299 1111 1513 1180 χειρῶν
1556 1129 1675 1182 μου
1705 1114 1775 1166 ἐν
1804 1113 1974 1182 μέσῳ

391 1205 602 1265 αὑτοῦ.
640 1190 985 1273 αἰτιάσονται
1023 1202 1091 1257 τὸ
1115 1202 1303 1271 ὄνομά
1335 1219 1487 1271 μου,
1516 1202 1613 1255 καὶ
1646 1202 1973 1271 ἀτιὰσουσι

391 1300 503 1353 τὸν
547 1297 719 1366 ἅγιον
750 1295 979 1358 Ἰακὼϐ,
1005 1294 1105 1349 καὶ
1171 1293 1280 1349 τὸν
1334 1294 1489 1349 Θεὸν
1524 1294 1777 1363 Ἰσραὴλ
1834 1311 1976 1363 amas

393 1388 743 1453 ταιώσουσι,
781 1386 879 1441 καὶ
907 1384 1284 1455 μαθήσονται
1314 1386 1368 1439 ol
1397 1382 1848 1452 πεπλανημένοι
1896 1383 1977 1449 τῷ

397 1480 690 1548 πνεύματι
730 1479 1026 1545 σύνεσιν,
1078 1476 1178 1532 καὶ
1226 1475 1557 1547 γογγυσταὶ
1595 1474 1977 1545 μαθήσονται

398 1570 696 1624 παιδείαν.

468 1658 622 1713 Οῦτω
637 1659 693 1713 δέ
720 1675 867 1722 τινες
899 1658 1257 1731 ἐξηγήσαντο·
1284 1657 1390 1712 Τοῦ
1417 1656 1553 1711 Θεοῦ
1587 1657 1979 1728 προειρηκότος

395 1748 507 1802 τῶν
545 1749 604 1813 ἐξ
636 1749 853 1821 Ἰσραὴλ
872 1750 973 1820 τὴν
1000 1749 1300 1814 ἀπώλειαν,
1328 1747 1476 1812 εἰκὸς
1501 1743 1569 1819 ἦν
1602 1747 1759 1801 τοῦτο
1784 1746 1977 1816 ψευδὲς

395 1839 693 1911 ὑπονοῆσαι
723 1857 896 1903 τινας,
934 1840 1104 1894 σωθὲν
1143 1839 1390 1911 ὁρῶντας
1434 1839 1497 1892 τὸ
1526 1838 1969 1926 ἐγκατάλειμμα.

2070 660 2201 715 rint.
2252 657 2615 726 Quantumvis
2690 654 2849 727 prius
2901 655 2959 709 in
3011 649 3452 712 crrorc'ecrsati
3511 659 3654 725 sint,

2072 752 2361 822 ipsamque
2420 750 2515 806 Dei
2576 748 2978 820 providentiam
3039 750 3386 816 accusarint,
3448 748 3656 805 discent

2076 851 2249 898 tamen
2299 842 2550 908 obedire;
2574 852 2627 897 et
2654 841 2748 910 qui
2782 847 2908 895 ante
2940 840 3061 895 sani
3110 839 3314 911 aliquid
3344 842 3411 898 de
3444 842 3553 898 Deo
3588 860 3658 919 ne

2073 934 2288 1009 hiscere
2308 924 2526 1004 quidem
2557 942 2872 1004 potuerant,
2902 932 3045 989 bello
3066 932 3179 1002 jam
3209 933 3450 997 liberati,
3472 950 3654 1002 pacem

2075 1042 2194 1080 voce
2238 1024 2649 1094 proﬁtebantur.
2703 1025 2784 1079 ita
2841 1029 3025 1079 autem
3074 1022 3468 1092 interpretatur
3497 1024 3624 1096 Sym

2076 1116 2307 1173 machus
2339 1136 2353 1172 :
2383 1116 2491 1172 Sed
2520 1133 2639 1169 cum
2670 1115 2895 1170 viderint
2941 1115 3044 1183 ﬁlii
3068 1113 3185 1183 ejus
3216 1129 3374 1183 opera
3403 1130 3659 1168 manuum

2077 1222 2337 1268 mearum,
2374 1207 2429 1259 in
2462 1206 2631 1259 medio
2666 1206 2753 1259 sui
2793 1205 3194 1273 sanctiﬁcantes
3231 1220 3417 1259 nomen
3454 1218 3653 1269 meum,

2076 1297 2238 1350 etiam
2263 1294 2672 1364 sanctiﬁcabunt
2704 1303 2948 1349 sanctum
2981 1293 3188 1360 Jacob;
3222 1302 3271 1348 et
3302 1293 3467 1347 Deum
3494 1291 3660 1347 Israel

2079 1387 2267 1456 fortem
2297 1385 2686 1456 praedicabunt,
2714 1394 2763 1439 et
2796 1385 3003 1439 discent
3047 1394 3285 1439 errantes
3333 1382 3496 1454 362
3547 1383 3663 1453 spi-

2078 1477 2207 1542 ritu,
2240 1477 2520 1531 scientiam
2539 1491 2559 1540 ;
2593 1483 2645 1530 et
2671 1482 3095 1529 murmuratorcs
3129 1473 3475 1542 disciplinam
3503 1472 3664 1528 doce-

2079 1569 2300 1625 buntur.
3444 1618 3450 1637 ι

2152 1659 2246 1716 Sic
2276 1668 2457 1715 autem
2488 1659 2742 1714 nonnulli
2790 1656 3141 1729 explicarunt
3177 1672 3193 1710 :
3220 1654 3356 1710 Cum
3383 1654 3664 1712 israelita-

2077 1768 2200 1808 rum
2232 1751 2511 1807 interitum
2543 1750 2867 1822 prmdiceret
2896 1747 3062 1814 Deus,
3091 1756 3529 1803 consentaneum
3566 1756 3665 1802 test

2079 1843 2376 1900 nonnullos
2410 1842 2534 1897 ideo
2573 1839 2773 1897 falsum
2806 1839 2943 1895 illud
2969 1853 3094 1894 esse
3140 1837 3480 1907 suspicatus,
3512 1836 3662 1908 quod

394 1905 660 2004 Προλέγει
704 1931 905 1996 τοίνυν,
948 1931 1144 1994 ὼξκαὶ
1181 1905 1347 1984 *αὐτοὶ
1405 1905 1743 2001 σωθήσονται
1767 1905 1855 1983 δια
1872 1905 1975 1982 ⁷’πιπίσ-

2084 1937 2275 1993 salvari
2309 1935 2510 1991 debere
2539 1934 2806 2003 reliquias
2854 1905 3385 1987 animadverterent.
3420 1905 3663 1999 Eas'igi-

398 2039 588 2086 στεως·
630 2040 648 2075 ι
677 2022 796 2077 Ὅτ’
828 2022 897 2076 ἂν
925 2022 1055 2092 γὰρ,
1082 2022 1236 2092 φησὶ,
1261 2021 1321 2074 τὸ
1348 2021 1622 2092 πλήρωμα
1649 2021 1759 2075 τῶν
1802 2020 1971 2077 ἐθνῶν

395 2103 635 2186 dictum,
663 2115 787 2167 τότε
845 2116 953 2177 πᾶς
987 2114 1206 2185 Ἰσραὴλ
1229 2114 1553 2185 σωθήσεται.
1585 2131 1605 2166 ι
1639 2112 1736 2167 Ἐκ
1757 2113 1973 2168 πάντων

394 2204 449 2257 δὲ
477 2205 584 2256 τῶν
641 2205 810 2258 ἐθνῶν
835 2205 1215 2275 ἑξειλεγμένον
1262 2206 1413 2275 λέγει
1464 2206 1558 2259 καὶ
1607 2205 1745 2259 Θεοῦ
1775 2205 1974 2277 κλῆρον

395 2294 670 2366 ἐξαίρετον
696 2297 851 2366 γένος
874 2298 943 2351 τὸ
963 2298 1020 2363 ἐξ
1057 2297 1314 2366 Ἀϐραάμ
1340 2313 1405 2350 τε
1436 2297 1534 2351 καὶ
1575 2295 1803 2353 Ἰακώϐ.
1860 2298 1976 2350 υὺκ

395 2386 789 2455 ὲπιγνὼσονται
810 2388 866 2442 δὲ
882 2388 978 2459 τὴν
1008 2388 1219 2442 ἑαυτῶν
1264 2388 1540 2459 ἁμαρτίαν
1587 2387 1706 2457 ἅμα
1726 2387 1804 2459 τῷ
1834 2405 1975 2458 παρ-

393 2477 610 2555 ανῇσαι
640 2478 782 2532 κατὰ
810 2478 1070 2551 Χριστοῦ.
1103 2479 1238 2533 Οὐδὲ
1255 2479 1667 2548 μεταϐαλοῦσι
1703 2479 1770 2533 τὸ
1794 2479 1980 2549 πρόσ-

396 2587 564 2623 ωπον
586 2572 677 2624 ἐπὶ
700 2572 761 2624 τ’)
788 2574 1007 2642 φρονεῖν
1025 2568 1054 2609 ἀ
1082 2572 1357 2642 αἱρεῖσθαι
1382 2570 1452 2625 τὰ
1482 2570 1795 2642 κρείττονα.
1835 2570 1975 2624 Ἀλλ’

395 2660 475 2715 ὅτ’
510 2661 573 2714 ἂν
599 2664 655 2715 οι
676 2662 901 2716 τούτων
936 2662 1054 2717 vlol
1077 2662 1410 2717 θεάσωνται
1438 2681 1559 2732 μου
1581 2663 1659 2718 -τὰ
1681 2665 1847 2735 ἔργα,
1881 2664 1979 2736 τὴν

397 2751 736 2821 ὑπουράνιον
774 2753 1063 2824 κληθεῖσαν
1104 2753 1339 2825 ὁρῶντες
1378 2755 1458 2817 εἰς
1495 2754 1826 2823 θεοσέϐειαν,
1857 2757 1977 2812 τότε

396 2839 490 2894 τὸν
519 2841 684 2904 ὅντως
718 2842 890 2911 ἄτιον
914 2843 1064 2897 Θεὸν
1088 2840 1333 2897 τοιοῦτον
1359 2839 1500 2898 εἶναι
1533 2844 1841 2916 νομίσουσι,
1880 2848 1976 2901 καὶ

397 2930 854 3000 φοϐηθήσονταί
882 2949 980 3001 με,
1025 2932 1122 2986 καὶ
1148 2933 1425 3004 ζήσονται.
1474 2934 1792 3006 Γέγραπται
1847 2938 1978 3011 γὰρ,

398 3022 477 3085 ὡς
504 3024 538 3077 ὁ
566 3025 750 3092 φόϐος
780 3024 984 3094 Κυρίου
1021 3024 1166 3096 ζωὴν
1192 3029 1357 3080 ποιεῖ.
1388 3025 1560 3081 Τοῦτο
1587 3027 1804 3092 σύνεσις
1828 3029 1982 3085 ἔσται

399 3118 512 3177 τοῖς
549 3118 1033 3186 πεπλανημένοις
1088 3119 1239 3173 ποτέ.
1288 3119 1354 3172 Ol
1412 3120 1507 3173 καὶ
1553 3122 1697 3175 κατὰ
1744 3122 1980 3193 Χριστοῦ

399 3203 771 3273 διεγόγγυζον,
826 3207 955 3260 ποτὲ
1015 3210 1117 3278 μὲν
1158 3208 1447 3277 λέγοντες·
1504 3207 1856 3281 Πεντήκοντα
1879 3214 1975 3286 ἐτη
2008 3235 2050 3294 C

400 3292 555 3346 οὔπω
600 3294 763 3366 ἔχεις,
820 3297 915 3350 καὶ
944 3294 1196 3369 Ἀϐραὰμ
1228 3298 1517 3369 ἑώρακας;
1553 3302 1685 3356 ποτε
1722 3302 1777 3356 δὲ
1807 3305 1890 3358 ὅτι
1922 3307 1984 3361 τὸ

405 3385 684 3440 Σάΰδατον
716 3388 861 3453 ἔλυε,
907 3390 1235 3460 προσφέρων
1265 3391 1361 3461 τὴν
1388 3392 1550 3445 σκιὰν
1582 3394 1664 3456 εις
1701 3394 1980 3465 ἀλήθειαν.

402 3477 516 3531 Καὶ
560 3478 641 3531 ὅτι
680 3480 891 3551 πατέρα
919 3480 1050 3532 ἴδιον
1080 3481 1286 3549 ἔλεγεν,
1316 3482 1406 3536 τὸν
1436 3482 1591 3548 Θεὸν,
1638 3485 1752 3539 ῐσον
1780 3486 1975 3543 ἑαυτὸν

404 3569 577 3622 ποιῶν
607 3571 686 3642 τῷ
708 3571 848 3642 Θεῷ.
891 3571 1243 3641 Ἐψέλλιζον
1261 3573 1319 3627 δὲ
1351 3574 1517 3644 μηδὲν
1548 3575 1709 3645 ὀρθὸν
1733 3578 1979 3644 εἰπόντες

403 3658 536 3728 περὶ
562 3659 820 3729 Χριστοῦ.
853 3661 994 3714 Ἀλλ’
1020 3660 1272 3730 εἰρήνην
1319 3661 1671 3729 λαλήσουσι
1700 3663 1835 3735 πρὸς
1883 3668 1985 3719 αὐ-

402 3749 497 3802 τὸν
553 3750 803 3818 λέγοντες
825 3767 840 3781 ⁶
890 3753 1061 3825 Κύριε
1084 3795 1099 3819 ,
1128 3756 1156 3807 ὁ
1183 3753 1317 3815 Θεὸς
1371 3754 1554 3825 ἡμῶν,
1586 3755 1785 3823 κτῆσαι
1811 3758 1981 3828 ἡμᾶς’

407 3842 565 3905 ἐκτὸς
616 3845 709 3898 σοῦ
746 3846 902 3901 ἄλλον
956 3848 1057 3901 οὐκ
1107 3847 1369 3918 οἴδαμεν
1415 3864 1435 3898 ι
1490 3848 1564 3905 Τὸ
1616 3848 1791 3918 ὄνομά
1834 3865 1929 3903 σου

404 3934 762 4009 ὀνομάζομεν.
789 3961 809 3995 ι

2075 2043 2165 2091 tur
2188 2027 2259 2083 ob
2289 2026 2344 2081 id
2380 2025 2546 2082 etiam
2577 2040 2675 2096 per
2710 2023 2869 2079 ﬁdem
2903 2022 3196 2079 salvandas
3227 2036 3351 2077 esse
3380 2019 3658 2092 praedicit,

2080 2139 2103 2174 ι
2139 2120 2278 2175 Cum
2309 2118 2479 2182 enim,
2512 2118 2614 2183 ait,
2647 2117 2935 2187 plenitudo
2972 2115 3216 2187 gentium
3250 2114 3496 2180 intrarit,
3528 2121 3665 2168 tunc

2074 2213 2255 2269 omnis
2312 2210 2483 2267 Israel
2534 2209 2841 2267 salvabitur
2870 2207 2938 2262 ".
2979 2226 2999 2260 ο
3048 2207 3132 2262 Ab
3173 2206 3661 2261 omniumautem

2076 2304 2319 2375 gentium
2349 2300 2701 2355 multitudine
2737 2298 2964 2354 electam
3010 2304 3067 2352 et
3107 2297 3368 2351 eximiam
3412 2295 3507 2350 Dei
3541 2310 3665 2350 sor-

2076 2403 2186 2449 tem
2209 2392 2440 2448 Abraha:
2471 2399 2522 2445 et
2554 2388 2747 2444 Jacobi
2788 2403 2961 2459 genus
2991 2387 3253 2457 appellat.
3296 2384 3405 2440 Sed
3448 2400 3514 2439 ex
3550 2400 3664 2455 quo

2078 2485 2265 2541 statim
2320 2481 2713 2539 in‘Cbristum
2769 2479 3175 2536 contumeliose
3239 2477 3495 2548 egerint;
3562 2491 3663 2532 sua

2077 2578 2181 2647 ipsi
2209 2581 2432 2646 peccata
2459 2587 2755 2645 agnoscere
2783 2586 2893 2627 non
2930 2578 3229 2641 poterunt;
3271 2585 3432 2640 neque
3470 2568 3666 2638 faciem

2080 2683 2233 2722 suam
2276 2666 2345 2722 ad
2388 2663 2735 2737 sapiendum,
2770 2671 2825 2720 et
2855 2662 3085 2718 meliora
3137 2660 3448 2731 eligendum
3483 2669 3666 2713 muta-

2082 2757 2230 2812 bunt.
2257 2754 2460 2811 Verum
2504 2755 2718 2826 quando
2748 2771 2932 2810 eorum
2973 2754 3079 2824 filii
3109 2768 3272 2822 opera
3313 2767 3451 2812 nica,
3486 2749 3539 2804 id
3582 2759 3669 2803 cst

2078 2854 2281 2902 terram
2313 2844 2649 2909 universam,
2680 2859 2802 2915 quae
2840 2843 2946 2899 sub
2991 2843 3133 2898 cmlo
3169 2848 3275 2906 est,
3307 2840 3375 2895 ad
3403 2841 3664 2910 pietatem

2082 2935 2353 3001 vocatam,
2407 2938 2669 3001 accedere
2700 2934 2975 3003 viderint;
3028 2942 3144 2989 tum
3193 2934 3410 2988 demum
3474 2939 3530 2985 et
3602 2931 3666 2985 lli

2083 3038 2324 3083 sanctum
2373 3027 2540 3082 Deum
2572 3042 2783 3093 revera,
2825 3034 2885 3081 ut
2931 3035 3036 3091 est,
3070 3040 3191 3081 esse
3233 3022 3664 3091 exisumabuut;

2084 3137 2263 3192 meque
2316 3120 2598 3184 timebunt,
2649 3128 2704 3173 et
2753 3120 2973 3180 vivent;
3008 3132 3133 3173 cum
3167 3116 3416 3170 timorem
3451 3110 3669 3167 Domini

2083 3215 2249 3268 vitam
2290 3212 2486 3268 ali‘erre
2531 3212 2808 3269 scribatur
2839 3210 2906 3265 ⁸⁸.
2945 3211 3123 3280 Atque
3163 3209 3278 3263 haec
3328 3206 3549 3278 quidem
3602 3206 3669 3259 iis

2083 3302 2270 3369 fuerit,
2297 3304 2390 3373 qui
2422 3303 2700 3374 quondam
2737 3301 3078 3362 aberrarunt,
3105 3298 3479 3370 intelligentia:
3511 3311 3669 3350 reno-

2083 3396 2253 3459 vatio,
2278 3394 2371 3464 qui
2402 3395 2531 3449 olim
2560 3394 2781 3450 Christo
2806 3392 3220 3463 obstrepebant,
3244 3390 3390 3461 quod
3425 3388 3669 3445 nondum

2084 3503 2257 3544 annos
2309 3487 2706 3558 quinquaginta
2749 3485 3001 3555 adeptus.
3044 3484 3418 3538 Abrahamnm
3469 3496 3529 3537 sc
3586 3481 3668 3533 vi-

2082 3578 2232 3634 disse
2265 3580 2471 3634 diceret
2490 3580 2557 3632 θ’.
2590 3578 2850 3647 itemque,
2881 3576 3027 3646 quod
3061 3576 3201 3629 idem
3229 3573 3525 3629 Sabbatum
3556 3570 3672 3625 sol-

2084 3677 2239 3726 vet-el.
2270 3670 2309 3737 ⁸,
2344 3685 2468 3725 cum
2503 3671 2558 3724 in
2586 3671 2793 3724 umbrae
2824 3669 3004 3722 locum
3037 3668 3323 3723 veritatem
3353 3670 3664 3737 reponeret.

2089 3759 2367 3830 Denique,
2421 3761 2570 3830 quod
2622 3759 2837 3815 Patrem
2887 3774 3049 3815 suum
3110 3758 3279 3813 Deum
3343 3756 3665 3826 appellans,

2080 3852 2342 3922 aequalem
2374 3867 2433 3906 se
2460 3851 2567 3907 Dee
2590 3851 2794 3906 faceret
2816 3854 2857 3905 ‘.
2899 3850 2999 3916 Qui
3034 3857 3218 3904 tamen
3243 3849 3499 3919 quamvis
3525 3845 3665 3900 nihil

2081 3951 2229 3999 recte
2255 3943 2321 3997 de
2353 3942 2577 3998 Christo
2598 3942 2807 4007 dicere,
2857 3941 2952 3997 sed
2987 3942 3252 3995 balbutire
3297 3949 3508 3994 tantum
3562 3938 3689 3996 visi’

404 4044 555 4096 sum,
580 4047 761 4100 pacem
786 4032 897 4107 jam
948 4032 1215 4103 loquentes
1251 4049 1271 4089 :
1305 4033 1541 4091 Domine
1582 4031 1746 4098 Deus.
1776 4034 1996 4106 posside
2035 4049 2169 4102 nos;
2205 4036 2370 4090 alium
2398 4051 2508 4090 non
2540 4035 2790 4092 novimus
2828 4052 2842 4089 :
2880 4051 2897 4083 ι
2928 4031 3135 4088 Nomen
3164 4040 3316 4086 tuum
3351 4031 3454 4102 ipsi
3492 4028 3667 4083 nomi-

711 4142 732 4175 ι
762 4124 1101 4178 clamabunt.

1008 4218 1255 4273 ΚΕΦΑΛ,
1307 4220 1386 4274 Λ’.

411 4139 606 4179 uulnus
628 4123 671 4190 ⁸,

481 4313 609 4361 α-ε’.
635 4307 802 4371 Οὐαὶ,
841 4307 1022 4362 τέκνα
1041 4308 1400 4373 ἀποστάται,
1416 4310 1558 4365 τάδε
1570 4311 1732 4381 λέγει
1744 4312 1984 4380 Κύριος,

424 4397 783 4467 Ἔποιήσατε
796 4398 1043 4467 ,ϐουλὴν
1073 4402 1146 4456 οὺ
1174 4400 1249 4454 δι’
1275 4399 1441 4467 ἐμοῦ,
1466 4400 1565 4455 καὶ
1581 4399 1896 4467 συνθήκας
1917 4403 1989 4454 οὐ

409 4490 508 4545 διὰ
528 4491 632 4544 τοῦ
656 4493 995 4561 πνεύματός
1022 4510 1163 4561 μου,
1198 4491 1546 4562 προσθεῖναι
1577 4494 1870 4561 ἁμαρτίας
1891 4492 1985 4561 ἐφ’

2573 4214 2735 4286 363
2775 4212 2925 4269 CAP.
2979 4212 3147 4267 xxx.

2158 4304 2326 4360 Vens.
2380 4305 2491 4359 1-5.
2559 4304 2651 4360 Va:
2699 4306 2799 4375 ﬁlii
2858 4306 3330 4373 prwvaricatores,
3378 4305 3488 4373 ltwc
3536 4306 3667 4359 dicit

2091 4397 2348 4451 Dominus
2382 4412 2401 4450 :
2436 4394 2675 4451 [nivistis
2730 4397 3007 4450 consilium
3046 4414 3148 4451 non
3179 4412 3245 4450 ea:
3284 4413 3383 4464 me,
3426 4405 3475 4450 et
3508 4407 3669 4465 pacta

2062 4505 2195 4557 _non
2237 4504 2303 4543 ex
2338 4488 2530 4557 spiritu
2575 4503 2713 4553 meo,
2760 4497 2815 4542 ut
2850 4486 3116 4542 adderetis
3164 4497 3382 4559 peccata
3414 4488 3666 4557 peccatis.

411 4580 719 4648 ἁμαρτιας,
763 4584 817 4635 ol
866 4582 1257 4652 πορευόμενοι
1296 4580 1621 4650 καταϐῆναι
1690 4584 1778 4648 εὶς
1813 4580 1981 4651 Αιγυ-

2099 4578 2261 4648 Eunt,
2291 4589 2347 4635 ut
2381 4580 2701 4635 descendant
2726 4581 2779 4635 in
2804 4580 3114 4652 /Egyptum,
3139 4588 3246 4637 etc.

410 4687 586 4736 πτον,
622 4690 676 4726 κ.
706 4689 758 4727 τ.
786 4674 837 4727 λ.
1898 4704 1903 4709 -

485 4762 566 4816 Τὰ
588 4764 716 4834 περὶ
745 4765 839 4818 τοῦ
871 4768 1135 4835 στεφάνου
1171 4765 1467 4837 πληρώσας
1498 4765 1597 4836 τῆς
1627 4764 1858 4838 ὕϐρεως,
1898 4766 1994 4821 νῦν

410 4853 487 4918 ὡς
510 4858 603 4909 καὶ
622 4859 828 4922 παῖδες·
849 4860 1120 4930 Ἐϐραίων
1157 4862 1309 4929 φασὶ,
1341 4860 1411 4913 τὰ
1447 4861 1577 4931 περὶ
1602 4859 1696 4914 τοῦ
1738 4859 1882 4915 κατὰ
1905 4861 1995 4914 τὸν

404 4947 695 5031 ’Ἱερεμίαν
724 4949 873 5019 λέγει
907 4952 1122 5023 καιροῦ,
1149 4953 1270 5005 καθ’
1296 4950 1356 5005 ὃν
1376 4949 1612 5021 ἁλούσης
1636 4951 1735 5021 τῆς
1759 4950 1991 5015 πόλεως,

414 5038 463 5090 oi
499 5040 937 5110 περιλειφθέντες
959 5044 1017 5096 ὲν
1049 5043 1283 5115 Ἰουδαία
1314 5042 1465 5113 φόϐῳ
1491 5042 1602 5096 τῶν
1635 5041 1994 5117 Βαϐυλωνίων

413 5128 504 5193 εις
524 5128 831 5197 Αἴγυπτον
863 5131 1175 5201 φεύγουσιν,
1228 5132 1667 5204 ἀπαγορεύοντος
1702 5130 1997 5203 Ἰερεμίου,

413 5206 463 5281 ᾧ
493 5214 557 5287 δὴ
591 5218 687 5272 καὶ
736 5220 1226 5275 συνεϐουλέυσαντο
1252 5223 1321 5275 δι’
1344 5221 1510 5276 αὑτοῦ
1548 5219 1747 5292 μαθεῖν
1778 5220 1997 5286 ἀξιοῦν·

414 5322 508 5370 τες
533 5307 672 5379 ὅπερ
724 5310 900 5365 ἐδόκει
925 5311 1063 5382 Θεῷ.
1093 5312 1350 5378 Εἰπόντος
1373 5313 1431 5367 δὲ
1470 5311 1729 5383 μένουσιν
1762 5314 1821 5365 ὲν
1863 5312 1995 5365 Ἰου-

414 5397 545 5469 δαίᾳ
565 5401 888 5472 γενήσεσθαι
904 5404 996 5458 τὸν
1019 5404 1151 5459 Θεὸν
1179 5406 1403 5477 εὐμενῆ,
1442 5406 1492 5459 εἰ
1520 5404 1578 5458 δὲ
1605 5403 1999 5473 προσφύγωσιν

416 5489 703 5563 Αἰγύπτῳ,
750 5494 957 5560 πάντας
993 5496 1162 5567 ἄρδην
1207 5496 1525 5561 ἀπολέσθαι,
1574 5494 1764 5564 Ψεύδη
1817 5494 2001 5559 λαλεῖς

456 5666 541 5741 ε⁹ν
568 5667 729 5725 Rom.
758 5686 828 5737 τι,
851 5670 940 5728 26.
1018 5671 1237 5728 "PI-or.
1264 5688 1372 5739 xxv,
1402 5673 1493 5729 27.
1568 5674 1617 5705 ”
1636 5670 1796 5730 Joan.
1826 5689 1955 5736 vtu,

2084 5743 2087 5748 λ
2159 5667 2350 5725 'Joan.
2383 5684 2459 5733 Ix,
2496 5668 2581 5723 18.
2657 5664 2861 5722 ’Joan.
2890 5681 2941 5733 v,
2979 5664 3062 5721 18.

2164 4761 2426 4818 Absoluta
2458 4760 2525 4817 de
2550 4774 2753 4816 corona
2790 4760 3134 4817 contumeliae
3179 4760 3571 4830 disputatione.
3606 4772 3668 4813 ca

2093 4854 2315 4908 nuncin
2342 4852 2580 4927 medium
2614 4851 2869 4918 adducit,
2889 4867 3011 4923 quae
3045 4851 3130 4908 vel
3161 4850 3371 4906 Hebraei
3410 4848 3512 4920 ipsi
3544 4862 3671 4902 cum

2091 4939 2328 4998 Jercmia
2364 4940 2704 5012 temporibus
2735 4941 2844 4995 illis
2882 4940 3153 4996 accidisse
3198 4947 3504 5004 testantur;
3542 4937 3669 5007 qui-

2093 5033 2196 5088 bus
2227 5041 2536 5103 expugnata
2575 5033 2713 5087 urbe
2758 5031 2853 5103 qui
2910 5033 2965 5087 in
3021 5031 3208 5086 .Iudma
3271 5034 3669 5092 remanserant,

2095 5124 2517 5195 Babyloniorum
2556 5133 2702 5179 metu
2753 5124 2809 5177 in
2847 5122 3140 5197 ﬁgyptum
3198 5129 3392 5176 contra
3422 5117 3673 5172 Jeremiaa

2094 5216 2422 5273 sententiam
2472 5214 2874 5287 confugerunt;
2916 5202 3077 5285 quem
3115 5220 3295 5267 tamen
3336 5211 3506 5265 Deum
3539 5224 3673 5265 con-

2095 5308 2277 5363 sulere
2314 5304 2446 5376 quid
2493 5306 2548 5359 in
2587 5317 2651 5360 ea
2692 5319 2753 5358 re
2809 5303 3072 5375 agendum
3120 5307 3267 5355 esset
3310 5298 3669 5370 postularant.

2100 5402 2298 5457 Verum
2358 5415 2484 5456 cum
2529 5398 2907 5468 respondisset
2972 5394 3322 5451 manentibus
3378 5393 3431 5448 in
3484 5390 3671 5447 Judmn

2096 5491 2214 5548 fore
2277 5490 2446 5548 Deum
2498 5489 2835 5561 perfacilem,
2888 5489 2979 5560 qui
3033 5494 3214 5542 autem
3269 5485 3338 5542 ad
3384 5484 3671 5557 Egyptios

3157 5664 3177 5696 ⁸
3211 5661 3317 5721 lsa.
3357 5676 3504 5727 xxw.
3532 5661 3585 5726 8,
3611 5662 3666 5717 9.

1689 5790 1925 5845 VARUS
1966 5788 2370 5847 LECTIONES.

493 5853 521 5895 δ
547 5855 707 5913 λείπ.
740 5858 853 5914 καί.
