4022 6210
294 303 436 370 2263

1629 306 1986 376 PROCOPII
2017 307 2260 375 GAZJEI

3411 307 3552 375 ἔξω

286 417 478 473 statim
506 423 631 488 post
664 417 836 489 ipsos,
869 428 963 474 aut
989 419 1153 475 etiam
1196 421 1266 478 ab
1319 421 1454 493 ipsis
1491 423 1664 477 secuti
1711 433 1880 478 sunt:

1989 424 2145 488 ποὺς,
2175 423 2490 492 κατᾶλόγον
2523 421 2622 492 τῆς
2657 422 2942 493 πονηρίας,
2987 420 3166 477 ίοδόλα
3199 418 3314 485 ζῶα
3344 417 3552 491 καλῶν,

287 510 537 580 reliquos
562 508 819 582 deinceps
847 525 944 581 pro
980 510 1203 567 malitiae
1234 511 1450 568 ratione
1477 520 1870 568 venenatorum

288 601 514 656 nomine
559 608 613 656 et
663 601 956 657 volantium
987 610 1208 671 notans,
1267 613 1493 677 propter
1541 619 1697 670 eam,
1749 619 1872 675 quae

288 692 436 747 valet
481 694 546 746 ad
600 694 1005 751 absurdissima
1060 709 1312 766 qua'que,
1353 697 1774 769 proclivitatem,
1816 704 1872 752 et

287 785 648 840 celeritatem.
694 784 754 840 Et
794 786 910 859 ipse
951 786 1152 842 deinde
1205 785 1511 843 Salvatoris
1556 786 1871 843 Praecursor

286 875 602 944 viperarum
632 877 946 948 progeniem
983 877 1150 950 368
1170 877 1394 934 eosdem
1425 879 1568 935 dixit
1597 880 1697 949 ¹⁶⁶;
1723 895 1865 952 quos

288 969 420 1022 alibi
460 967 744 1041 Scriptura
790 985 963 1038 equos
997 971 1320 1026 cmissnrios
1353 971 1594 1027 evasisse
1625 986 1871 1040 conqne-
1919 991 1930 1006 ι

290 1059 433 1112 ritur
474 1060 539 1113 ¹¹.
567 1058 720 1113 Malis
752 1061 895 1115 enim
929 1059 1148 1115 assidue
1189 1062 1394 1124 vexati,
1440 1075 1564 1116 cum
1600 1061 1666 1116 ad
1703 1061 1870 1118 Deum

290 1151 560 1206 bonorum
590 1149 789 1205 fontem
822 1151 1118 1224 confugere
1146 1152 1444 1219 decuisset,
1495 1154 1550 1208 in
1581 1153 1873 1224 ls'gyptum

290 1242 503 1296 divitias
525 1258 649 1296 suas
676 1242 1084 1308 transtulerunt,
1114 1244 1274 1313 cujus
1299 1243 1540 1315 alioquin
1567 1244 1651 1300 vel
1674 1259 1872 1300 nomen

292 1334 478 1389 odisse
511 1344 566 1388 et
610 1333 892 1389 adversari
946 1332 1215 1404 oportuit,
1262 1340 1501 1389 veterem
1552 1332 1872 1389 servitutem

291 1426 349 1478 in
415 1423 661 1480 animum
710 1432 1056 1492 revocantes,
1115 1425 1447 1495 quantisque
1499 1423 1647 1479 illam
1700 1424 1875 1496 plagis

291 1517 423 1570 olim
460 1516 720 1572 Dominus
748 1517 1128 1573 lsraelitarum
1169 1517 1390 1572 nomine
1434 1516 1584 1572 ultus
1620 1515 1710 1572 sit.
1748 1515 1876 1572 Inde

291 1617 396 1673 est,
440 1608 586 1680 quod
620 1609 754 1664 dicit
787 1609 1022 1665 :Sedens
1061 1610 1232 1665 scribe
1282 1610 1338 1664 in
1383 1609 1520 1664 buxo
1564 1609 1696 1664 ha’c.
1730 1609 1876 1665 Tan-

291 1717 457 1772 quam
490 1705 634 1757 enim
681 1703 848 1758 certis
892 1703 1239 1772 temporibus
1294 1701 1410 1757 haec
1453 1709 1717 1758 eventura
1765 1716 1873 1756 non

1975 517 2069 572 καὶ
2129 517 2447 586 πετόμενα,
2494 515 2582 570 διὰ
2608 515 2706 588 τήν
2757 514 3011 585 ἐφοτιοῦν
3034 515 3143 570 τῶν
3186 514 3554 568 ἀτοπωτάτων

1973 609 2230 680 ὀξύτητα.
2271 608 2383 663 Καὶ
2413 609 2443 662 ό
2477 605 2573 662 τοῦ
2625 608 2876 679 Σωτῆρος
2925 608 2984 662 δὲ
3029 607 3346 679 Πρόδρομος
3401 605 3555 673 ὄφεις

1975 702 2178 767 αὐτοὺς
2207 701 2395 756 ἐκάλει
2417 701 2514 757 καὶ
2540 701 2858 772 γεννήματα
2895 699 3141 771 ἐχιδνῶν.
3175 700 3286 752 Καὶ
3317 699 3474 751 ἵπποι
3497 697 3556 749 δὲ

1975 791 2310 866 θηλυμανείς
2339 791 2700 863 ἐγενήθησάν,
2733 792 2897 861 φησιν
2929 792 2961 860 ή
3016 788 3233 861 Γραφή.
3273 788 3397 850 Τοῖς
3446 785 3557 856 γὰρ

1975 883 2168 945 κακοῖς
2199 881 2567 952 συνεχόμενοι,
2598 879 2724 934 δέον
2762 879 2855 932 ἐπὶ
2901 876 3036 931 Θεὸν
3055 877 3156 948 τὴν
3178 875 3287 928 τῶν
3334 873 3556 942 ἀγαθῶν

1976 974 2348 1044 καταφεύγειν
2399 973 2604 1044 πηγὴν,
2639 975 2726 1038 είς
2755 971 3061 1042 Αἴγυπτον
3106 969 3214 1023 τὸν
3289 967 3558 1022 πλοῦτον

1970 1066 2324 1137 μετέφερον,
2341 1060 2409 1139 ἧς
2435 1066 2528 1119 καὶ
2568 1065 2666 1137 τὴν
2689 1062 3062 1136 προσηγορίαν
3087 1062 3253 1133 ἐχρῆν
3285 1059 3559 1128 ἀποστρέ-

1977 1159 2200 1229 φεσθαι,
2223 1157 2614 1229 λογιζομένους
2647 1158 2747 1227 τὴν
2795 1156 2962 1210 πάλαι
2987 1154 3252 1220 δουλείαν,
3286 1153 3381 1208 καὶ
3399 1154 3554 1215 ὅσαις

1976 1249 2148 1322 αὐτὴν
2190 1251 2219 1304 ό
2255 1249 2384 1314 Θεὸς
2446 1248 2588 1319 ύπέρ
2634 1247 2813 1302 αὐτῶν
2869 1245 3103 1318 μετῆλθε
3161 1244 3418 1314 πληγαῖς.
3467 1242 3560 1295 Διό

1977 1357 2180 1413 φησιν,
2212 1341 2479 1404 Καθίσας
2527 1338 2764 1410 γράψον
2797 1337 2895 1393 ἐπὶ
2941 1337 3162 1403 πυξίου
3199 1336 3402 1390 ταῦτα.
3468 1334 3558 1397 Ὠς

1977 1428 2255 1502 ἐσομένων
2287 1432 2432 1486 κατὰ
2459 1433 2686 1503 καιροὺς
2705 1430 2814 1484 τῶν
2862 1430 3225 1500 πραγμάτων,
3255 1426 3556 1498 γραφῆναι

1978 1523 2156 1578 ταῦτα
2235 1527 2401 1590 ποιεῖ,
2437 1521 2575 1596 πρὸς
2601 1522 2664 1574 τὸ
2694 1521 2970 1593 δειχθῆναι
3013 1519 3415 1592 συμϐαίνουσαν
3460 1517 3561 1570 λα-

1983 1617 2146 1686 χόντα
2177 1616 2277 1688 τὴν
2310 1604 2583 1668 ἔκϐασιν·¹
2651 1613 2720 1667 τὰ
2777 1613 2835 1668 δέ
2886 1612 2997 1666 τῶν
3053 1611 3348 1683 προφητῶν
3405 1608 3558 1664 ἔσται

1978 1706 2230 1778 γνώριμα
2260 1707 2356 1760 καὶ
2400 1705 2562 1778 μέχρι
2591 1703 2905 1767 συντελείας
2928 1702 3022 1757 τοῦ
3050 1703 3318 1775 παρόντος
3339 1700 3554 1762 αἰῶνος.

291 1797 524 1862 dubitet,
560 1797 722 1855 scribi
768 1797 1036 1869 imperat;
1091 1806 1150 1852 ut
1178 1812 1245 1853 ex
1295 1796 1643 1852 convenienti
1676 1811 1868 1851 eorum

1984 1799 2219 1866 Ἥγουν,
2255 1797 2441 1868 φασὶν,
2484 1796 2702 1868 Ἐπειδὴ
2739 1797 2814 1867 μὴ
2850 1796 3105 1850 τοσοῦτον
3153 1798 3181 1849 ὁ
3222 1795 3380 1864 λόγος
3430 1793 3559 1847 καθ-

291 1888 442 1944 exitu
469 1903 575 1943 non
610 1888 746 1945 falso
779 1889 1038 1960 praedicta
1061 1904 1185 1946 esse
1209 1898 1472 1961 appareat
1499 1889 1658 1958 quasi
1681 1902 1803 1958 quae
1832 1903 1868 1952 _a

291 1981 574 2052 prophetis
617 1981 898 2047 dicuntur,
943 1983 1120 2052 palam
1177 1982 1232 2035 in
1267 1981 1406 2047 dies,
1448 1981 1528 2035 vel
1577 1980 1642 2035 ad
1695 1995 1872 2051 usque

292 2073 478 2129 ειεεωὶ
505 2075 665 2147 hujus
687 2075 1240 2141 consummationem,
1269 2074 1383 2130 ﬁeri
1407 2074 1606 2130 debere
1628 2081 1870 2128 moneat.

1982 1891 2213 1944 ικνεῖται
2258 1888 2369 1942 τῶν
2401 1886 2860 1959 νουθετουμένων,
2921 1886 2997 1951 ὡς
3059 1886 3336 1957 ἔγγραφος
3380 1885 3556 1955 φωνή,

1977 1981 2169 2034 τούτου
2204 1979 2364 2051 χάριν
2398 1979 2622 2054 γράψαι
2651 1978 3008 2051 προσέταξεν.
3078 1979 3232 2050 Τάχα
3259 1977 3334 2042 δέ,
3365 1978 3460 2031 καὶ
3497 1977 3557 2030 τὸ

1978 2073 2225 2144 ἄκαρπον
2243 2071 2352 2125 τῶν
2380 2070 2508 2142 περὶ
2536 2065 2611 2125 ὧν
2632 2072 2664 2142 ή
2688 2069 2904 2142 Γραφὴ,
2937 2069 2998 2123 τὸ
3030 2069 3252 2134 πυξίον
3279 2068 3450 2138 δηλοῖ.

291 2161 388 2218 Vel
421 2174 588 2232 certe,
619 2165 794 2232 aiunt,
829 2167 956 2239 quia
989 2180 1098 2221 non
1129 2180 1227 2222 eos
1266 2165 1402 2222 adeo
1432 2167 1555 2220 viva
1590 2179 1713 2232 vox,
1749 2178 1854 2234 qua
1889 2164 2390 2234 reprehenduntur,
2435 2177 2498 2218 ac
2521 2178 2644 2234 qua:
2677 2161 2880 2218 litteris
2954 2161 3336 2230 consignatur,
3404 2173 3560 2226 urget

292 2256 493 2322 oratio,
529 2257 633 2312 ista
695 2258 958 2314 conscribi
1004 2258 1317 2328 impcravlt.
1371 2255 1630 2314 Fortasse
1673 2271 1803 2312 vero
1851 2263 1906 2312 et
1982 2254 2036 2309 id
2071 2254 2273 2312 fecisse
2302 2253 2571 2322 videatur,
2601 2262 2660 2310 ut
2689 2269 2907 2320 eorum,
2950 2252 3017 2309 de
3047 2252 3246 2329 quibus
3271 2251 3554 2323 Scriptura

291 2349 561 2418 loquitur,
587 2348 956 2416 sterilitatem,
981 2362 1033 2405 et
1062 2350 1306 2422 inopiam
1341 2351 1479 2405 bna-0
1511 2358 1746 2406 notaret.

363 2441 553 2512 Itaque
570 2450 830 2514 tanquam
848 2443 1052 2514 scripta
1069 2445 1378 2500 testimonia
1397 2459 1494 2517 per
1517 2445 1764 2516 singulas
1784 2444 1881 2499 do-

294 2549 436 2598 mos,
463 2549 530 2589 ne
553 2534 606 2589 in
632 2543 911 2604 posterum
939 2535 1340 2608 ignorationem
1361 2545 1645 2600 excusent,
1674 2537 1878 2592 viritim

287 2625 740 2708 jubet‘omnibus
769 2627 823 2682 in
848 2627 997 2682 hunc
1036 2627 1261 2684 modum
1292 2627 1529 2684 recitare
1558 2631 1577 2682 Ξ
1613 2627 1756 2683 Vana
1779 2629 1881 2697 ipsi

297 2717 502 2772 auxilio
529 2717 848 2788 conﬁdistis,
903 2729 956 2776 et
979 2719 1044 2775 ad
1072 2721 1224 2778 lacus
1247 2736 1424 2793 neque
1455 2721 1754 2794 propriam,
1779 2737 1880 2778 ne-

294 2824 406 2878 que
429 2809 664 2866 alienam
689 2827 885 2883 aquam
909 2827 1241 2870 conservare
1269 2815 1536 2878 valentes,
1561 2830 1646 2870 me
1662 2813 1878 2880 relicto,

297 2896 392 2967 qui
429 2897 587 2953 vobis
620 2898 836 2955 abunde
870 2915 1090 2970 semper
1119 2901 1305 2958 omnia
1347 2901 1714 2972 suppeditavi,
1744 2913 1881 2974 pro-

297 2989 427 3044 fecti
463 2990 644 3058 estis;
686 3004 865 3064 neque
927 2993 1282 3049 monentibus
1329 2995 1422 3050 illo
1467 3002 1716 3066 tempore
1757 3009 1884 3065 pro-

297 3082 606 3152 phetis,ut,
661 3083 771 3140 Deo
823 3085 1014 3140 saltem
1069 3086 1422 3156 praedicente,
1474 3086 1642 3142 vestri
1695 3101 1881 3140 curam

2054 2437 2247 2510 Σχεδὸν
2278 2431 2370 2492 οὖν
2401 2436 2678 2509 ἔγγραφον
2709 2435 3015 2508 μαρτυρίαν
3053 2432 3251 2506 πρόθες
3273 2432 3392 2486 κατ’
3409 2427 3558 2486 οῐκον

1979 2530 2076 2585 καὶ
2130 2529 2250 2584 κατ’
2304 2529 2510 2600 ἄνδρα·
2561 2529 2728 2582 πᾶσιν
2779 2525 3073 2596 ἀνάγνωθι,
3129 2527 3325 2596 μήπως
3359 2523 3433 2588 ὡς
3483 2522 3557 2594 μὴ

1982 2622 2251 2694 μαθόντες
2309 2619 2535 2692 ὕστερον
2557 2618 3026 2691 προφασίσιιιντοο
3068 2618 3101 2687 ἡ
3155 2615 3210 2668 δὲ
3262 2613 3556 2686 μαρτυρία,

1977 2717 2060 2771 ὅτι
2097 2713 2317 2785 ψευδεῖ
2357 2713 2614 2782 βοηθείᾳ
2650 2711 2993 2776 πεποίθασι,
3037 2710 3132 2763 καὶ
3169 2708 3392 2770 λάκκοις
3447 2707 3560 2768 τοῖς

1987 2810 2052 2864 οὐ
2082 2806 2408 2879 δυναμένοις
2439 2804 2584 2878 ὕδωρ
2619 2805 2888 2875 συνέχειν,
2917 2802 3042 2858 οὕτε
3069 2801 3218 2867 ἴδιον,
3251 2799 3374 2854 οὔτε
3405 2797 3559 2870 φερόο

1989 2918 2153 2972 μενον
2189 2898 2412 2967 ἔξωθεν,
2470 2897 2563 2950 τὸν
2631 2895 2846 2964 τάγαθὰ
2887 2893 3156 2957 πλουσίως
3215 2893 3399 2954 αὐτοῖς
3443 2905 3558 2960 χορ-

1982 2995 2222 3068 ηγοῦντα
2249 2990 2647 3054 καταλιπόντες
2686 2989 2808 3061 ἐμέ.
2853 2986 3123 3050 ’Ᾱπειθεῖς
3158 2985 3216 3038 δὲ
3249 2985 3422 3050 ὄντες,
3465 2981 3558 3036 καὶ

1981 3088 2096 3149 τοῖς
2129 3083 2349 3153 λέγουσι
2374 3082 2494 3135 τότε
2552 3081 2863 3153 προφήταις
2905 3078 3338 3149 ἐντραπήσονται
3387 3073 3559 3150 ταῦτα

302 3172 612 3241 haberetis,
672 3174 976 3246 quidquam
1038 3177 1378 3232 credidistis.
1446 3177 1640 3232 Merito
1695 3187 1875 3232 autem

1984 3179 2115 3248 περὶ
2142 3176 2326 3231 αὐτῶν
2349 3173 2745 3246 προειρηκότος
2771 3171 2926 3243 ἐμοῦ.
2969 3169 3221 3237 Ψευδεῖς
3271 3169 3327 3221 δέ
3363 3168 3560 3231 αὐτοὺς

302 3264 578 3319 mendaces
612 3266 868 3335 appellat,
906 3267 1000 3336 qui
1030 3266 1164 3324 Mosi
1197 3269 1370 3339 legent
1400 3268 1640 3338 roganti,
1670 3268 1876 3333 omnia,

302 3373 427 3429 qua;
463 3358 724 3428 iussisset
781 3357 1044 3414 Dominus
1100 3358 1246 3415 Deus
1303 3371 1420 3414 rata
1467 3359 1667 3414 habere
1721 3374 1799 3422 se,
1829 3367 1883 3415 et

304 3451 699 3508 observaturos
721 3464 845 3506 esse
874 3449 1147 3521 professi;
1179 3451 1296 3520 lege
1338 3458 1520 3506 tamen
1556 3449 1722 3505 Deum
1755 3451 1886 3506 ado-

303 3556 452 3605 rare,
488 3541 651 3612 eique
679 3541 780 3600 soli
808 3541 1018 3599 servire
1044 3548 1100 3597 et
1129 3541 1197 3597 ab
1233 3539 1504 3596 idolorum
1541 3539 1885 3596 confectione

306 3631 587 3688 abstinere
637 3632 969 3702 imperante,
1023 3631 1133 3688 Deo
1183 3632 1378 3688 relicto
1439 3631 1507 3685 ad
1571 3631 1715 3686 idola
1763 3647 1885 3687 sese

305 3733 652 3793 receperunt.
697 3725 880 3794 Atque
923 3723 1054 3778 hinc
1085 3733 1189 3787 est,
1224 3723 1366 3792 quod
1415 3724 1690 3778 mendaces
1743 3723 1885 3793 ﬁlios

305 3816 566 3886 appellat,
620 3813 782 3871 Canit
827 3830 958 3871 vero
995 3824 1049 3872 et
1089 3814 1305 3870 David:
1355 3834 1374 3867 ‹
1418 3817 1620 3872 Hostes
1669 3815 1882 3872 Domini

303 3905 521 3964 mentiti
573 3914 699 3962 sunt
749 3905 796 3962 ei
849 3906 913 3961 “.
950 3925 968 3959 ι
1007 3905 1234 3972 Deinde,
1291 3916 1553 3978 tanquam
1601 3914 1884 3978 assumpta

304 3995 510 4053 Christi
535 4012 767 4069 persona
797 4015 809 4051 :
852 4015 871 4052 ι
910 3997 1030 4053 Filii
1065 4000 1231 4055 alieni
1263 4001 1477 4058 mentiti
1508 4009 1639 4056 sunt
1670 4001 1718 4058 ei
1755 4002 1831 4055 ":
1860 4020 1878 4053 ι

303 4104 426 4160 ηυδε
456 4099 604 4145 certe
633 4089 738 4162 legi
771 4100 1141 4163 repugnantes
1168 4099 1388 4148 constat
1418 4092 1726 4149 admisisse.
1747 4091 1884 4148 Nam

306 4188 366 4234 ut
411 4181 516 4235 alia
558 4182 960 4239 incredulitatis
1006 4182 1256 4254 exempla
1303 4183 1529 4239 minime
1579 4183 1884 4254 attingam;

304 4279 358 4326 et
390 4271 639 4328 Jeremiae
657 4273 820 4328 etiam
855 4275 1090 4329 maxime
1115 4273 1387 4330 adversati
1415 4284 1564 4338 sunt,
1589 4291 1714 4332 eum
1739 4275 1883 4331 enim

305 4361 542 4430 graviter
589 4361 711 4416 ideo
748 4363 891 4432 quod
921 4362 1301 4435 Egyptiacam
1346 4365 1738 4436 profectionem
1773 4364 1886 4420 dis-

307 4448 587 4516 suaderet,
615 4450 781 4522 369
806 4460 1159 4506 accusarunt.
1195 4450 1381 4522 Itaque
1415 4451 1621 4517 infert,
1657 4454 1884 4508 dicentes

306 4541 610 4610 prophetis:
650 4539 833 4597 Nolite
861 4543 1010 4596 nobis
1036 4545 1375 4613 annnntiare,
1407 4552 1461 4600 et
1492 4561 1612 4615 quae
1640 4560 1883 4615 sequun-
1915 4583 1960 4640 Β

306 4644 416 4685 tur.
447 4631 578 4698 Quae
607 4633 750 4688 hunc
785 4632 840 4690 in
879 4633 1101 4689 modum
1136 4634 1498 4704 Symmachus
1525 4653 1538 4688 :
1570 4636 1639 4690 Et
1663 4637 1887 4692 videnti-

307 4722 402 4775 bus
433 4739 451 4776 :
489 4720 674 4776 Nolite
701 4725 872 4778 videre
904 4726 1054 4779 nobis
1075 4741 1192 4796 qua:
1223 4737 1370 4780 recta
1407 4736 1551 4782 sunt.
1585 4726 1889 4798 Loquimini

307 4817 460 4868 nobis
483 4814 643 4868 lenia.
709 4814 887 4870 Videte
933 4816 1084 4871 nobis
1127 4833 1353 4873 errores.
1396 4819 1649 4875 Absistite
1694 4838 1726 4873 a
1777 4820 1884 4888 via,

308 4905 571 4959 declinate
622 4921 655 4958 a
722 4920 802 4958 me
850 4905 1118 4960 semitam.
1175 4904 1398 4962 Cessare
1457 4907 1617 4978 facite
1669 4927 1702 4964 a
1745 4909 1886 4979 [acie

310 5009 494 5053 nostra
522 5006 766 5052 sanctum
798 4996 993 5053 Israel.
1028 4997 1133 5054 Pro
1161 4999 1385 5072 quibus,
1415 5009 1674 5073 tanquam
1726 5019 1888 5073 expu-

310 5100 475 5161 gnata
519 5089 635 5159 jam
693 5088 940 5153 civitate,
978 5096 1033 5142 et
1084 5105 1268 5144 murus
1327 5089 1479 5160 ipse,
1533 5091 1651 5156 ait,
1699 5092 1750 5147 id
1811 5103 1898 5150 est

311 5191 623 5250 peccatum,
659 5196 823 5250 quam
863 5180 1132 5236 citissime
1172 5180 1332 5237 vobis
1366 5182 1754 5251 exscindetur;
1785 5184 1896 5241 into

313 5283 369 5324 et
413 5271 537 5326 urbs
592 5274 708 5344 ipsa
750 5272 822 5328 ita
853 5280 1176 5339 conteretur,
1204 5281 1265 5327 ut
1293 5289 1384 5327 vas
1416 5274 1555 5330 solet
1585 5285 1894 5340 testaceum,

315 5360 537 5428 quando
569 5361 624 5415 in
653 5363 893 5418 minutas
923 5363 1060 5419 adeo
1085 5363 1387 5434 particulas
1422 5365 1798 5437 confringitnr,
1836 5375 1893 5420 ttt

318 5448 469 5504 nulla
517 5449 655 5519 jam,
699 5467 822 5522 qua:
869 5453 936 5507 ad
989 5470 1308 5523 prunarum,
1349 5450 1434 5512 vel
1485 5474 1636 5526 aqua:
1677 5457 1898 5514 modica:

1989 3271 2220 3332 εἰκότως
2275 3267 2482 3332 ἐκάλει,
2518 3269 2600 3321 ὅτι
2635 3265 2730 3321 τοῦ
2783 3263 3026 3328 Μωσέως
3057 3263 3240 3325 αὐτοῖς
3275 3260 3373 3333 τὴν
3402 3277 3562 3329 νομο-

1988 3362 2174 3417 θεσίαν
2205 3361 2543 3433 ἐκφήναντος
2567 3359 2772 3428 ελεγον·
2805 3377 2823 3409 t
2843 3357 3029 3412 Πάντα
3053 3356 3153 3410 ὅσα
3177 3351 3330 3409 εἶπεν
3359 3353 3564 3426 Κύριος

1985 3457 2013 3509 ὁ
2033 3455 2187 3521 Θεὸς,
2219 3455 2520 3524 ποιήσομεν
2555 3451 2648 3506 καὶ
2673 3450 3038 3521 ἀκουσόμεθα.
3083 3467 3102 3501 ι
3135 3447 3246 3504 Καὶ
3273 3445 3367 3501 τοῦ
3397 3446 3563 3517 νόμου

1985 3545 2420 3617 διαγορεύοντος,
2446 3562 2466 3596 ι
2506 3543 2712 3613 Κύριον
2731 3542 2824 3598 τὸν
2851 3543 2984 3596 Θεόν
3014 3559 3107 3596 σου
3140 3539 3564 3611 προσκυνήσεις,

1988 3638 2084 3692 καὶ
2113 3636 2262 3708 αύτῷ
2288 3636 2435 3708 μόνῳ
2460 3634 2803 3707 λατρεύσεις.
2836 3636 2954 3688 Καὶ
2982 3633 3044 3686 οὐ
3079 3632 3330 3703 ποιήσεις
3351 3629 3562 3700 σεαυτῷ

1988 3729 2224 3783 εἴδωλον·
2246 3747 2264 3780 ι
2291 3728 2381 3783 τὸν
2395 3728 2528 3782 Θεὸν
2549 3728 2778 3800 ἀφέντες
2809 3726 2942 3798 πρὸς
2962 3725 3153 3799 είδωλα
3177 3721 3562 3793 κατεσύροντο.

1988 3820 2067 3874 Δι’
2088 3820 2226 3891 ὅπερ
2257 3819 2409 3884 υἱοὺς
2439 3819 2636 3882 αὐτοὺς
2669 3815 2924 3888 ὀνομάζει
2974 3812 3243 3885 ψευδεῖς.
3270 3813 3478 3866 Ψάλλει
3505 3811 3562 3864 δὲ

1987 3911 2084 3969 καὶ
2114 3911 2299 3965 Δαδίδο
2329 3929 2348 3964 s
2405 3910 2470 3964 Ui
2519 3907 2708 3980 ἐχθροὶ
2750 3907 2960 3978 Κυρίου
2987 3906 3282 3976 ἐψεύσαντο
3313 3903 3494 3957 αὐτόν.
3541 3918 3560 3952 ο

1986 4004 2098 4058 Καὶ
2147 4003 2222 4067 ὡς
2277 4002 2388 4057 ἀπὸ
2448 4001 2688 4074 Χριστοῦ
2741 3999 2799 4053 δέ
2861 4014 3026 4068 φησιν
3059 4012 3072 4027 ο
3109 4016 3127 4049 t
3158 3995 3278 4050 Υἱοὶ
3296 3994 3563 4065 ἀλλότριοι

1987 4093 2285 4164 ἐψεύσαντό
2341 4109 2454 4164 μοι.
2493 4110 2512 4144 ι
2575 4091 2758 4162 ’Λπερ
2805 4089 3025 4142 ἐποίουν
3090 4085 3446 4149 ἀπειθοῦντες
3489 4083 3564 4154 τῷ

1987 4186 2137 4257 νόμω
2167 4202 2183 4218 ο
2235 4183 2524 4252 ἀντέλεγον
2585 4181 2696 4253 γὰρ
2729 4180 2971 4253 Ἱερεμίᾳ
3027 4179 3166 4250 πρὸς
3197 4180 3319 4241 ταῖς
3352 4177 3566 4239 λοιπαῖς

1988 4275 2542 4348 ἀπαθείαις-ψεύδους
2563 4274 2727 4328 αὑτὸν
2753 4271 3068 4346 αἰτιώμενοι
3091 4271 3164 4342 μὴ
3179 4268 3564 4341 συγχωροῦντα

1988 4369 2272 4426 κατελθεῖν
2341 4368 2422 4431 είς
2489 4367 2591 4436 τὴν
2653 4366 2948 4436 Αἴγυπτον.
3025 4363 3227 4431 Διόπερ
3289 4361 3562 4431 ἐπιφέρει,

1988 4463 2278 4536 Λέγοντος
2307 4458 2432 4526 τοῖς
2461 4457 2814 4527 προφήταις,
2835 4455 2931 4524 Μὴ
2971 4454 3372 4525 ἀναγγέλλετε
3399 4450 3564 4520 ἡμῖν,

1989 4555 2083 4608 καὶ
2109 4553 2178 4608 τὰ
2213 4551 2360 4622 ἑξῆς.
2400 4551 2545 4604 ’Δνθ⁹
2577 4543 2654 4603 ὧν
2675 4548 2906 4614 ἐξέδωκε
2944 4547 3241 4620 Σύμμαχος
3265 4561 3280 4578 ⁸
3312 4547 3417 4601 Καὶ
3444 4543 3567 4609 τοῖς

1996 4646 2202 4716 ὁρῶσι,
2254 4643 2339 4714 μὴ
2387 4641 2561 4713 ὁρᾶτε
2610 4642 2756 4711 ἡμῖν
2818 4639 3022 4709 ὀρθῶς.
3075 4638 3397 4706 Λαλήσατε
3426 4635 3568 4705 ἡμῖν

1995 4731 2151 4788 λεῖα.
2198 4729 2404 4800 Ὁρᾶτε
2437 4729 2581 4798 ἡμῖν
2606 4726 2867 4794 πλάνας.
2917 4726 3242 4793 Ἀπόστητε
3289 4723 3409 4778 ἀπὸ
3459 4721 3568 4790 τῆς

1993 4823 2159 4881 ὁδοῦ.
2231 4821 2582 4878 Ἐκκλίνατε
2644 4818 2746 4874 ἀπ’
2801 4817 2947 4888 ἐμοῦ
3009 4817 3228 4885 τρίϐον.
3291 4814 3570 4868 Παύσατε

1989 4916 2060 4970 ἐκ
2081 4912 2406 4982 προσώπου
2419 4910 2585 4980 ἡμῶν
2596 4909 2702 4966 τὸν
2723 4910 2895 4980 ἅγιον
2907 4907 3015 4962 τοῦ
3037 4906 3304 4976 Ἰσραήλ.
3323 4898 3566 4968 Ἀνθ⁹ὧν,

1995 5004 2184 5076 φησὶν,
2213 5003 2288 5066 ὼς
2313 5002 2590 5067 ἁλούσης
2628 5001 2884 5066 πόλεως,
2912 4997 3109 5068 τεῖχος
3143 4997 3271 5067 ύμῖν
3302 4997 3336 5067 ή
3387 4997 3570 5066 ἀμαρ-

1994 5093 2086 5148 τία
2111 5094 2477 5156 ἐπιπεσεῖται,
2513 5089 2792 5147 καὶτοῦτο
2829 5089 3060 5160 ταχέως.
3092 5087 3331 5151 Πόλεως
3361 5085 3417 5140 δὲ
3473 5084 3572 5155 τῆς

1993 5183 2136 5238 οὕτω
2161 5179 2689 5252 συντετριμμένης,
2720 5170 2795 5242 ὧς
2846 5176 3205 5245 ἐστράκινον
3258 5174 3440 5244 ἄγγος
3493 5173 3573 5235 εἰς

1995 5276 2168 5330 λεπτὰ
2221 5275 2718 5344 συντριϐόμενον,
2764 5271 2841 5335 ὡς
2893 5272 3170 5343 ἄχρηστον
3246 5262 3387 5320 εἶναι
3435 5265 3571 5336 πρὸς

2002 5366 2316 5436 ἀνθράκων
2343 5365 2591 5437 κομιδὴν,
2642 5364 2676 5434 ἦ
2728 5361 2986 5432 σμικροῦ
3041 5376 3190 5424 τινος
3242 5357 3482 5422 ὕδατος.
3547 5355 3574 5407 ὃ

2003 5457 2155 5527 δηλοῖ
2207 5456 2520 5527 φεύξεισθαι
2561 5455 2580 5495 ί
2631 5455 2837 5510 τούτων
2886 5453 2984 5527 τὴν
3008 5452 3164 5525 δίκην
3197 5449 3385 5524 μηδενί
3423 5450 3471 5502 ⁸..
3504 5448 3570 5500 Ἢ

393 5561 671 5616 "‘Mattb.
699 5565 854 5630 ttt,7.
929 5568 969 5598 “
993 5565 1195 5623 Jerem.
1231 5586 1283 5635 v,
1311 5569 1366 5625 8.
1443 5570 1486 5603 “
1524 5569 1669 5627 Psal.
1695 5587 1860 5634 Lxxx,
1899 5571 1983 5626 16.
2062 5570 2104 5602 ¹³
2142 5568 2282 5626 Psal.
2317 5585 2447 5638 xvtt,
2480 5568 2568 5625 46.

1584 5661 1818 5718 \‘ABUE
1869 5659 2040 5718 LEC'I
2055 5658 2277 5717 IONES.

398 5754 418 5797 ι
452 5769 540 5825 γρ.
574 5751 886 5826 φεύξεσθαι.
971 5755 994 5796 ι
1027 5754 1248 5824 μηδένα.
