4022 6210
364 390 555 457 £65-

1518 392 2057 454 COMMENTAHII
2097 392 2183 454 IN
2220 393 2511 454 ISAIAM.

3491 381 3712 467 ἥσθε

362 501 503 569 τάχα
533 496 707 567 δηλοῖ,
739 496 816 561 ὼς
845 495 910 551 Ἥ
937 484 1260 552 ἑλπισθεῖσα
1289 496 1422 568 παρ’
1457 483 1614 568 ὑμῶν
1637 500 1746 554 τῶν
1780 501 1949 568 Δίγυ-

2060 492 2556 568 comportationein
2631 496 2893 562 stiﬂiciat,
2936 482 3341 568 relinquatur.
3422 496 3636 564 Quibus

364 592 543 647 πτίων
573 590 820 663 βοήθεια,
852 588 1121 660 καθάπερ
1150 590 1348 661 τεῖχος
1370 590 1679 657 πεπτωκὸς
1705 608 1951 660 συντρι-

364 681 634 754 ϐήσεται.
1577 684 1583 697 '

436 867 673 940 Χριστὸς
698 868 755 921 δὲ
781 867 858 922 ὢν
883 867 913 921 ὁ
938 867 1092 932 Θεὸς,
1138 867 1368 949 καὶοτῶν
1388 866 1628 922 ἀπειλῶν
1651 866 1752 931 τὰς
1768 866 1952 930 αἰτίας

368 962 666 1028 ἐκτίθεται,
697 962 790 1015 καὶ
813 962 963 1025 ὅπως
992 961 1146 1015 ἔσται
1174 960 1377 1026 ταύτας
1422 962 1710 1030 διαφυγεῖν
1746 978 1952 1032 παραι-

369 1057 468 1121 νεῖ,
492 1054 569 1119 ὡς
604 1053 679 1125 μὴ
744 1052 915 1107 θέλων
938 1053 1030 1106 τὸν
1082 1054 1311 1107 θάνατον
1364 1052 1457 1106 τοῦ
1485 1053 1948 1122 ἀποθνήσκοντος,

369 1151 445 1218 ὡς
476 1151 538 1205 τὸ
559 1149 904 1222 ἀποστρέψαι
925 1150 1093 1203 αὐτὸν
1118 1148 1227 1203 ἀπὸ
1256 1150 1356 1220 τῆς
1403 1148 1525 1203 ὀδοῦ
1555 1149 1658 1217 τῆς
1683 1148 1946 1218 πονηρᾶς,

371 1243 466 1299 καὶ
492 1243 591 1314 ζῇν
616 1241 783 1297 αὐτὸν
805 1285 818 1307 ,
847 1242 923 1306 ὡς
957 1242 1016 1294 ὲν
1055 1239 1322 1311 Ἰεξεκιὴλ
1357 1240 1521 1304 αὐτός
1556 1239 1658 1293 πού
1684 1256 1839 1309 φησι,
1858 1239 1952 1292 καὶ

373 1332 468 1387 νῦν
529 1327 626 1386 οὗν
664 1326 816 1385 εἷπεν
848 1346 863 1360 ·
919 1332 1043 1384 Ὄτ*
1076 1330 1152 1385 ἂν
1179 1331 1571 1400 ἐπιστραφεὶς
1625 1328 1949 1397 στενάξῃς,

372 1427 501 1481 τότε
527 1422 799 1490 σωθήσῃ.
851 1422 910 1476 '0
941 1422 997 1476 δὲ
1033 1422 1349 1493 Σύμμαχος,
1381 1422 1450 1474 ὲν
1465 1422 1772 1491 μετανοίᾳ,
1793 1421 1951 1493 φησὶ,

374 1514 469 1569 καὶ
491 1514 830 1570 ἀναπαύσει
858 1512 1234 1582 σωθήσεσθε,
1254 1512 1352 1566 καὶ
1380 1511 1484 1565 Ἐν
1506 1511 1706 1566 ἑλπίδι
1727 1512 1898 1566 ἔσται
1913 1513 1950 1580 ἢ

374 1605 622 1675 δύναμις
648 1604 835 1674 ὑμῶν,
853 1604 976 1658 Ἐἀν
993 1604 1101 1676 γὰρ
1126 1604 1391 1673 κάθησθε,
1415 1605 1601 1674 φησὶν,
1626 1605 1684 1657 tv
1703 1602 1781 1674 τῷ
1802 1604 1952 1674 τόπῳ

383 1699 472 1769 τῆς
508 1697 872 1769 Ἰερουσαλὴμ
933 1698 1371 1769 μετανοήσαντες
1427 1696 1521 1751 καὶ
1578 1696 1948 1766 παυσάμενοι,

373 1788 475 1859 τῆς
494 1789 586 1841 ὲπὶ
630 1788 728 1858 τὴν
771 1786 1048 1856 Αἴγυπτον
1080 1787 1283 1859 ὁρμῆς,
1310 1788 1433 1841 τότε
1471 1787 1828 1855 σωθήσεσθε
1879 1787 1953 1841 ἐν

373 1854 587 1951 ἠρεμίᾳ
630 1854 941 1953 γενόμενοι
1002 1854 1125 1944 καὶ-
1154 1854 1525 1938 ἀναπαύσει.
1571 1882 1731 1935 Ἀλλὰ
1755 1882 1852 1936 καὶ
1909 1884 1947 1951 ἡ
1982 1854 2024 1912 Β

374 1972 627 2044 δύναμις
661 1975 831 2044 ὐμῶν
860 1976 934 2033 ἐν
968 1976 1171 2035 ἐλπίδι
1193 1977 1382 2031 ἔσται.
1423 1976 1780 2039 Ἐλπίσαντες
1839 1977 1950 2048 γὰρ

377 2066 466 2118 ἐπὶ
487 2064 577 2118 τὸν
604 2066 759 2131 Θεὸν,
787 2064 1084 2136 δυνήσεσθε
1130 2065 1392 2136 σωθῆναι.
1414 2066 1653 2135 Λέγεται
1670 2065 1950 2135 aeuum;

376 2158 432 2212 ὲν
464 2154 673 2221 τούτοις
703 2156 867 2229 ἅγιος
896 2156 1002 2218 τοῦ
1028 2157 1277 2227 Ἰσραὴλ
1307 2197 1322 2222 ,
1350 2158 1412 2211 οὐ
1447 2159 1607 2228 μόνον
1640 2159 1716 2223 ὡς
1766 2158 1900 2212 αὐτὸ
1922 2159 1949 2198 δ

373 2246 657 2316 τυγχάνων
713 2245 1017 2316 ἀγιωσύνη,
1101 2246 1215 2303 ἀλλ’
1263 2246 1338 2311 ὡς
1398 2246 1493 2300 καὶ
1557 2248 1804 2316 ἁγιάζων
1861 2248 1953 2301 τὸν

387 2336 625 2408 Ἰσραήλ.
656 2339 804 2392 "Avo;
862 2340 962 2408 μὲν
984 2337 1093 2410 γὰρ
1148 2337 1301 2407 ἅγιον
1353 2338 1506 2403 ἔθνος
1575 2339 1795 2408 ἐλέγετο
1854 2341 1951 2395 καὶ¹

376 2426 692 2502 ἱεράτευμα.
728 2488 740 2505 ἱ
775 2429 1171 2495 Ἀποϐαλόντας
1216 2430 1273 2484 δὲ
1337 2431 1428 2487 τὸν
1478 2431 1754 2501 ἅγιασμὸν
1796 2426 1953 2496 αὖθις

375 2519 574 2585 αὐτοὺς
626 2521 868 2589 ἁγιάσει,
922 2522 1019 2575 ὲάν
1067 2522 1481 2593 μετανοήσωσιν
1533 2521 1618 2590 ἐφ’
1664 2516 1746 2585 οἷς
1769 2521 1954 2597 ἥμαρ-

374 2630 485 2672 τον.
519 2614 633 2668 Οὐκ
662 2614 825 2686 ἀρκεῖ
853 2613 908 2667 δὲ
939 2613 1100 2685 μόνον
1123 2613 1259 2686 πρὸς
1279 2613 1437 2669 τοῦτο
1468 2614 1794 2685 στεναγμὸς,
1817 2614 1955 2669 ἀλλὰ

378 2705 472 2761 καὶ
498 2706 713 2777 τρόπων
766 2704 1127 2776 ἐπιστροφὴ,
1198 2706 1285 2759 ὅτε
1320 2723 1403 2768 τις
1463 2704 1657 2759 ἑαυτοῦ
1688 2705 1955 2776 λαμϐάνει

380 2796 757 2868 συναίσθησιν,
791 2797 921 2858 ἔνθα
955 2794 1023 2873 ἦν
1048 2798 1268 2867 ἀπάτης
1294 2797 1391 2851 καὶ
1447 2797 1635 2853 κακῶν
1672 2798 1950 2868 ἐγνωκώς.

377 2890 477 2943 οἵα
505 2889 600 2942 καὶ
614 2892 714 2960 τῆς
749 2890 789 2973 ἱ⁵
820 2889 1126 2960 νοσούμεθα
1174 2890 1385 2961 vocavi]
1451 2890 1654 2959 γνῶσις
1703 2888 1952 2943 ἀναθεω-

381 2979 602 3052 ροῦντος
619 2979 706 3033 ἐπ’
731 2980 915 3045 ἀδείας
945 2980 1039 3041 τοῦ
1067 2979 1354 3051 λογισμοῦ,
1413 2982 1508 3033 καὶ
1549 2981 1614 3036 σὺ
1651 2980 1709 3033 δὲ
1746 2980 1978 3054 γνώσῃ

377 3072 708 3142 καταφυγὼν
737 3073 872 3143 πρὸς
900 3073 1027 3138 τοὺς
1053 3073 1244 3138 σώζειν
1266 3075 1491 3138 ἑαυτοὺς
1525 3075 1625 3128 οὐκ
1651 3075 1952 3145 ἰσχύοντας.

378 3163 651 3236 Θαρῤοὖσι
681 3163 736 3218 δὲ
761 3162 835 3233 τῇ
862 3163 1046 3235 φυγῇ,
1070 3165 1162 3219 καὶ
1220 3164 1296 3237 μὴ
1330 3164 1675 3236 βουλομένοις
1710 3165 1955 3221 ἀκούειν

248 3320 271 3329 ⁹
380 3252 513 3322 φησί
537 3268 551 3282 ·
590 3251 891 3318 Φεύξεσθε
924 3252 1045 3324 μὲν,
1078 3254 1141 3307 ού
1181 3255 1287 3324 μὴν
1319 3252 1639 3323 διαφυγεῖν
1674 3252 1827 3319 ἕξετε
1845 3253 1953 3308 τῶν

378 3343 736 3403 Βαϐυλωνίων
795 3345 894 3418 τὴν
942 3348 1122 3418 χεῖρα.
1172 3347 1267 3410 Εἰς
1324 3347 1577 3402 τοσοῦτον
1637 3347 1695 3402 δὲ
1755 3348 1953 3414 αὐτοὺς

372 3437 695 3507 φεύξεσθε,
748 3437 859 3505 ἕως
907 3437 985 3493 ἂν
1009 3438 1494 3508 καταληφθῶσιν
1528 3441 1611 3507 ὡς
1641 3442 1814 3509 ἱστὸς
1860 3442 1954 3496 ἐπ’

381 3529 579 3599 ὄρους,
608 3529 805 3595 καίώς
823 3531 1056 3598 σημαία
1085 3529 1184 3584 ἐπὶ
1216 3531 1468 3596 βουνοῦ.
1529 3533 1600 3586 Ἦ
1655 3532 1797 3588 κατά
1864 3533 1956 3586 τὸν

383 3620 696 3692 Σύμμαχον,
725 3622 806 3688 ὡς
831 3622 994 3688 ιστὸς
1019 3621 1221 3677 ἐπάνω
1274 3624 1473 3693 ὄρους,
1525 3625 1622 3679 καί
1667 3626 1749 3693 ὡς
1794 3626 1957 3681 ἱστία

381 3710 478 3769 ἐπὶ
516 3712 772 3777 βουνοῦ.
830 3714 1044 3785 Ὠσπερ
1093 3714 1203 3786 γὰρ
1278 3716 1406 3787 νηὸς
1465 3715 1833 3788 διαπεσούσης
1893 3720 1956 3773 ἐκ

309 3808 320 3817 “
382 3804 646 3871 ναυαγίας
681 3804 934 3874 σημεῖον
965 3805 1059 3860 ἐπ’
1093 3805 1273 3874 ὄρους
1305 3808 1498 3875 ἱστὸς,
1555 3808 1631 3872 ὡς
1681 3810 1957 3882 ἄχρηστος

382 3895 652 3966 κείμενος,
676 3897 815 3968 μετά
844 3897 937 3951 καὶ
963 3897 1070 3951 τῶν
1109 3897 1293 3956 ἱστίων
1325 3914 1340 3930 ·
1360 3898 1530 3970 οὕτως
1553 3899 1734 3957 αὐτῶν
1756 3901 1956 3974 ἐπίση-

384 4002 483 4063 μον
502 3987 832 4061 γενήσεσθαί
858 4005 991 4062 φησι
1018 3988 1115 4063 τὴν
1137 3989 1435 4053 ἀπώλειαν.

452 4241 611 4306 Τινὲς
643 4240 699 4295 δέ
732 4259 917 4313 φασιν,
945 4244 1030 4315 ἐφ’
1062 4243 1284 4319 ὑψηλῶν
1316 4244 1533 4318 χωρίων
1562 4246 1808 4304 τίθεσθαι
1845 4252 1959 4315 τοῖς

385 4333 744 4406 στρατιώταις
768 4336 921 4408 παρὰ
945 4337 1055 4392 τῶν
1082 4338 1535 4410 στρατηγούντων
1572 4346 1792 4413 σημεῖα,
1851 4344 1959 4398 τῶν

387 4426 676 4496 πρακτέων
707 4425 1001 4498 δηλωτικά.
1031 4430 1123 4496 Ἦ,
1160 4430 1305 4485 καθά
1353 4449 1518 4502 φασιν
1546 4432 1748 4512 ἕτεροι,
1787 4435 1960 4493 οὕτως

2054 598 2205 644 certe
2234 598 2329 643 aut
2360 588 2591 643 istorum
2625 587 2830 641 nemini
2875 588 3039 643 licere
3074 587 3369 644 vindictam
3395 582 3637 659 eﬂ‘ugere

2054 680 2430 747 demonstrat;
2480 687 2576 735 aut
2612 690 2891 750 speratum
2924 682 2993 735 ab
3040 679 3313 751 .IEgyptiis
3345 680 3632 747 auxilium,
3746 699 3751 705 ·

2056 779 2308 842 tanquam
2338 788 2547 825 murum
2579 772 2861 839 dejectum,
2890 780 2942 826 et
2974 773 3261 826 contritum
3290 772 3383 826 iri.

2126 867 2194 918 At
2219 864 2495 928 Christus,
2526 863 2671 919 Deus
2712 865 3008 928 exsistens,
3044 874 3099 919 et
3128 864 3401 918 minarum
3435 878 3634 920 causas

2054 956 2300 1026 exponit,
2337 957 2536 1025 quibus
2580 956 2757 1012 modis
2805 971 2899 1011 eas
2942 957 3234 1018 evitemus,
3275 955 3477 1009 docet:
3508 970 3630 1010 cum

2055 1062 2114 1101 se
2132 1046 2265 1100 dicit
2298 1063 2403 1101 non
2435 1047 2741 1116 peccatoris
2773 1056 2965 1110 morte,
2986 1045 3080 1101 sed
3106 1046 3226 1116 ejus
3252 1045 3633 1113 resipiscentia

2054 1141 2338 1208 delectari,
2373 1150 2433 1195 ut
2476 1150 2757 1196 avertatur
2790 1157 2818 1195 a
2848 1142 2934 1195 via
2975 1142 3138 1204 mala,
3179 1149 3234 1195 et
3275 1140 3454 1204 vivat;
3490 1139 3634 1195 sicut

2055 1235 2198 1304 apud
2231 1232 2572 1289 Ezecltielem
2612 1234 2813 1290 alicubi
2839 1234 2909 1311 ³⁸,
2939 1243 2993 1288 et
3025 1234 3114 1287 hic
3142 1233 3303 1288 etiam
3352 1232 3633 1304 loquitur:

2055 1342 2172 1379 cum
2223 1342 2458 1380 reversus
2497 1326 2837 1397 iugemueris,
2890 1335 3013 1380 tunc
3054 1326 3243 1381 saluus
3299 1327 3424 1380 eris.
3464 1325 3636 1395 Cujus

2056 1417 2177 1471 loco
2210 1416 2616 1488 Symmachus:
2654 1417 2720 1472 lu
2753 1418 3069 1485 pwniteutia
3107 1427 3155 1471 et
3193 1418 3371 1488 requie
3399 1416 3637 1471 salvebi-

2056 1511 2208 1570 mini,
2241 1520 2290 1564 et
2335 1510 2389 1563 in
2429 1525 2517 1578 spe
2567 1511 2667 1565 erit
2701 1508 2966 1578 fortitudo
2997 1517 3192 1572 vestra,
3245 1511 3637 1577 interpretatus

2053 1608 2188 1654 est:
2250 1599 2305 1653 Si
2361 1600 2508 1653 enim
2564 1592 2995 1668 resipiscentes,
3062 1594 3637 1667 ait,:Hierosolymis

2056 1688 2250 1756 quieti,
2286 1700 2386 1741 nec
2424 1686 2662 1755 amplius
2698 1685 2766 1740 de
2800 1682 3124 1755 Egyptiaca
3158 1684 3498 1753 profectione
3530 1682 3642 1737 sol-

2055 1778 2190 1833 liciti
2220 1779 2532 1835 manseritis
2558 1797 2571 1831 :
2601 1777 2666 1832 lu
2702 1794 2830 1848 pace
2860 1793 2965 1831 non
2999 1785 3204 1830 tantum
3245 1784 3294 1829 et
3325 1775 3501 1845 requie
3527 1772 3643 1827 sal-

2054 1869 2332 1935 vabimini,
2366 1871 2459 1925 sed
2484 1870 2539 1923 in
2581 1885 2670 1938 spe
2702 1868 2845 1923 vobis
2869 1869 2971 1922 erit
2992 1865 3255 1937 fortitudo
3287 1876 3478 1929 vestra,
3511 1879 3636 1919 cum

2053 1975 2204 2029 Spem
2266 1960 2320 2013 in
2364 1958 2475 2015 Deo
2525 1959 2862 2014 collocantcs
2893 1959 3098 2014 salvari
3142 1958 3375 2028 queatis.
3425 1956 3643 2012 Dicitur

2054 2067 2184 2107 vero
2207 2052 2261 2106 in
2287 2051 2378 2106 his
2408 2050 2674 2108 Dominus
2703 2060 2920 2105 sanctus
2948 2049 3146 2114 Israel,
3174 2065 3283 2105 non
3311 2065 3375 2105 eo
3403 2058 3641 2117 tantum,

2054 2143 2197 2215 quod
2222 2143 2492 2199 sanetitas
2521 2143 2637 2213 ipse
2657 2143 2748 2205 sit.
2779 2142 2875 2198 sed
2912 2142 3059 2213 quod
3086 2150 3339 2197 sanctum
3375 2141 3641 2196 lsraelem

2055 2235 2237 2291 faciat.
2274 2233 2540 2303 Superius
2567 2235 2712 2290 enim
2749 2243 2804 2290 et
2832 2242 3049 2306 gentem
3086 2242 3337 2290 sanctam
3367 2236 3421 2288 et
3452 2248 3641 2289 sacer—

2054 2326 2263 2381 dotium
2296 2341 2416 2381 esse
2446 2326 2702 2392 dixerat;
2757 2325 2854 2381 sed
2895 2326 3027 2394 quia
3063 2325 3489 2381 sanctimoniam
3527 2339 3555 2376 a
3581 2339 3643 2379 se

2055 2418 2390 2489 rrjecerunt,
2432 2419 2654 2473 eosdem
2720 2432 2968 2483 rursum,
3000 2417 3045 2472 si
3083 2431 3112 2471 a
3155 2416 3397 2486 peccatis
3439 2415 3639 2483 resipi-

2057 2518 2252 2572 scant,
2314 2517 2536 2564 sanctos
2597 2508 2938 2563 redditurum
3014 2522 3072 2562 se
3130 2507 3436 2574 pollicetur.
3475 2506 3640 2576 37o

2056 2601 2242 2671 Neque
2282 2612 2411 2655 vero
2452 2599 2519 2654 ad
2576 2600 2628 2654 id
2665 2599 2943 2669 ingemere
3001 2606 3214 2651 tantum
3262 2600 3401 2654 satis
3444 2596 3639 2662 fuerit;

2058 2693 2152 2748 sed
2183 2706 2246 2747 ea
2299 2690 2464 2745 etiam
2521 2704 2736 2744 morum
2778 2686 3117 2743 conversione
3157 2697 3212 2741 ct
3260 2687 3642 2742 emendatione

2057 2797 2197 2853 opus
2226 2790 2329 2845 est,
2368 2795 2474 2847 qua
2510 2780 2595 2834 sui
2633 2793 2798 2833 sensu
2834 2778 2957 2848 quis
3000 2778 3293 2840 excitatus,
3328 2791 3437 2845 quo
3470 2790 3644 2844 usque

2059 2871 2252 2927 fraude
2283 2879 2337 2926 et
2359 2872 2568 2926 scelere
2619 2868 2795 2923 fuerat
2825 2868 3062 2932 delatus,
3095 2874 3417 2937 cognoscat.
3451 2864 3644 2931 Qualis

2059 2980 2120 3021 ea
2145 2963 2364 3020 exsistit
2400 2962 2600 3017 mentis
2646 2960 2912 3027 cognitio,
2950 2975 3072 3030 quae
3102 2968 3251 3012 metu
3297 2958 3452 3012 nullo
3501 2971 3631 3026 per-

2060 3057 2302 3119 turbata,
2360 3069 2497 3131 quo.
2527 3053 2720 3109 morbo
2788 3052 3142 3118 laboremus,
3199 3051 3641 3120 contemplatur;

2059 3150 2247 3205 eadem
2296 3163 2574 3218 cognosces
2619 3156 2674 3202 et
2707 3146 2822 3217 ipse
2866 3147 2997 3216 quid
3029 3145 3228 3214 egeris,
3272 3158 3396 3199 cum
3429 3144 3496 3199 ad
3523 3159 3642 3210 eos,

2058 3243 2153 3314 qui
2181 3257 2400 3298 servare
2436 3255 2494 3296 se
2524 3247 2824 3309 nequeant,
2882 3232 3179 3308 appuleris.
3235 3237 3303 3290 At
3344 3252 3476 3291 vero
3507 3238 3649 3309 fugae

2057 3334 2415 3396 conﬁdentes,
2450 3346 2630 3402 neque
2663 3331 2849 3387 audire
2881 3331 3127 3385 volentes
3156 3329 3302 3383 hunc
3337 3329 3390 3383 iu
3423 3330 3644 3382 modum

2058 3427 2378 3497 alloquitur,
2407 3424 2622 3495 fugietis
2650 3421 2894 3492 quidem,
2946 3420 3040 3476 sed
3076 3412 3503 3490 Babyloniorum
3531 3432 3647 3469 ma-

2057 3536 2188 3576 num
2224 3533 2505 3589 nunquam
2549 3516 2777 3588 effugere
2828 3514 3097 3585 poteritis.
3149 3514 3402 3581 Eousque
3465 3518 3645 3563 autem

2058 3612 2322 3683 Fugietis,
2351 3610 2516 3663 donec
2551 3608 2926 3677 reiinquamiui
2966 3615 3019 3659 ut
3065 3605 3247 3657 malus
3275 3604 3330 3656 in
3373 3613 3568 3665 monte,
3596 3609 3649 3653 et

2058 3712 2116 3757 ut
2142 3703 2350 3769 signum
2378 3700 2432 3753 in
2456 3697 2613 3761 colle,
2645 3697 2753 3760 vel,
2791 3693 3096 3750 secundum
3138 3692 3648 3762 interpretationem

2061 3791 2396 3866 Symmachi,
2459 3800 2712 3858 tanquam
2762 3788 2940 3840 malus
2978 3786 3033 3839 in
3084 3785 3279 3839 montis
3339 3785 3546 3846 vertice,
3599 3791 3651 3837 et

2060 3895 2313 3952 tanquam
2354 3879 2466 3935 vela
2508 3880 2563 3932 in
2610 3875 2763 3932 colle.
2821 3874 2885 3931 Ut
2934 3875 3081 3930 enim
3129 3874 3291 3929 navis
3349 3873 3493 3941 ejus,
3529 3887 3654 3941 qme

2059 3972 2410 4041 naufragium
2453 3982 2613 4039 passa
2648 3972 2755 4031 est,
2794 3965 2973 4020 malus
3019 3964 3074 4018 in
3107 3964 3318 4034 signum
3361 3978 3480 4015 cum
3523 3960 3651 4015 retis

2059 4066 2114 4121 in
2149 4071 2324 4117 monte
2347 4062 2558 4131 positus
2601 4066 2782 4111 manet
2828 4054 3040 4109 inutilis
3073 4070 3089 4108 :
3124 4055 3204 4108 sic
3229 4060 3285 4108 et
3316 4053 3507 4106 eorum
3542 4066 3650 4104 nou

2061 4158 2359 4213 obscurum
2386 4153 2503 4208 fore
2529 4149 2813 4205 interitum
2839 4146 3180 4219 pronuntiat.

2133 4248 2303 4302 Aiunt
2347 4259 2478 4300 vero
2525 4240 2774 4297 nonnulli
2830 4238 2985 4309 signa
3022 4236 3313 4291 militaria.
3345 4250 3374 4289 a
3415 4234 3668 4306 ducibus.

2062 4341 2183 4396 loco
2201 4336 2505 4395 excelsiore
2528 4329 2811 4396 collocari,
2837 4336 2895 4382 ut
2925 4330 2999 4382 ita
3029 4326 3144 4382 suis
3165 4325 3292 4396 quid
3316 4324 3400 4396 agi
3432 4324 3651 4388 debeat,

2064 4432 2425 4506 signiﬁcetur.
2457 4426 2576 4490 Vel,
2605 4432 2665 4479 ut
2702 4423 2899 4478 dicunt
2930 4420 3045 4485 alii,
3080 4426 3195 4473 tam
3223 4417 3340 4473 fore
3380 4417 3650 4487 insignem

381 4518 416 4593 ἡ
450 4518 573 4572 καθ’
597 4520 751 4591 ὑμῶν
775 4520 929 4576 ἔσται
952 4524 1197 4594 τιμωρία
1238 4526 1566 4596 περιφανὴς,
1598 4511 1675 4589 ὡς
1701 4529 1801 4581 οὐκ
1843 4527 1957 4581 ἔστι

2063 4536 2118 4581 et
2151 4531 2393 4596 apertam
2423 4517 2737 4595 Judseorum
2769 4515 3033 4570 ultionem
3072 4511 3443 4574 demonstrat,
3485 4522 3651 4579 quam

381 4608 560 4665 λαθεῖν
584 4612 757 4667 ἱστὸν
787 4612 881 4669 ἐπ’
913 4613 1112 4684 ὅρους,
1142 4615 1243 4670 καί
1272 4617 1526 4687 σημεῖον
1571 4618 1669 4673 ἐπὶ
1695 4620 1954 4684 βουνοῦ.

387 4701 535 4772 Πλὴν
568 4702 630 4756 οὐ
662 4705 840 4776 πάντη
869 4705 1075 4772 πάντας
1102 4708 1422 4763 ἀπολεῖσθαί
1455 4727 1608 4781 φησι.
1656 4709 1820 4775 me;
1849 4712 1958 4784 γὰρ

381 4790 624 4859 ἐλεήσει
663 4792 797 4856 Θεὸς
818 4788 997 4848 οἶκτον
1021 4794 1204 4849 λαϐὼν
1224 4796 1311 4849 ἐπ’
1339 4796 1545 4861 αὐτοῖς,
1578 4798 1649 4856 δι’
1699 4792 1773 4851 ὧν
1801 4798 1966 4853 ἐλεεῖ

382 4879 761 4950 δοξαζόμενος.
802 4882 891 4945 Ὠς
913 4883 1021 4954 γὰρ
1037 4884 1245 4951 δίκαιος
1270 4887 1483 4964 κριτὴς,
1507 4888 1634 4952 τοὺς
1653 4889 1753 4960 μὲν
1775 4889 1959 4957 ἀξίους

382 4974 740 5044 τιμωρεῖταν
793 4976 923 5039 τοὺς
978 4976 1036 5032 δὲ
1098 4977 1436 5049 δυναμένους
1484 4980 1705 5048 ἐλέους
1748 4984 1956 5053 τυχεῖν,

2054 4613 2224 4681 facile
2252 4609 2425 4665 malus
2469 4607 2524 4662 in
2568 4613 2745 4659 monte
2776 4611 3005 4667 erectus,
3039 4610 3134 4655 aut
3169 4601 3376 4671 signum
3428 4599 3484 4653 iu
3518 4599 3654 4653 colle

2066 4709 2324 4766 omnibus
2389 4703 2529 4761 solet
2599 4714 2886 4772 apparere.
2939 4693 3130 4766 Neque
3174 4702 3356 4749 tamen
3405 4690 3654 4775 funditus

2066 4816 2260 4858 omnes
2294 4798 2569 4871 perituros
2604 4793 2881 4864 intelligit.
2906 4787 3289 4857 Quorumdam
3320 4785 3489 4852 enim,
3519 4799 3658 4839 cou-

2065 4907 2228 4950 verso
2257 4890 2322 4945 ad
2356 4890 2563 4945 luctum
2597 4901 2791 4943 eorum
2825 4883 3033 4948 animo,
3064 4880 3386 4950 Deusipse,
3420 4879 3510 4933 cui
3562 4876 3658 4931 mi-

2058 4982 2352 5039 serationes
2379 4980 2433 5035 in
2467 4978 2701 5049 gloriam
2744 4975 2968 5039 cedunt,
3008 4970 3365 5027 miserebitur.
3407 4968 3473 5023 lit
3507 4967 3652 5021 enim

382 5063 559 5120 ἐλεεῖ.
618 5064 711 5119 Διό
733 5082 919 5137 φησιν·
956 5069 1244 5142 Μακάριος
1277 5074 1307 5127 ὁ
1363 5072 1437 5149 μὴ
1484 5073 1876 5143 ἀπογινώσκων
1905 5078 1957 5130 ὲν

2060 5082 2321 5146 tanquam
2372 5071 2561 5142 justus
2622 5068 2834 5140 iudex,
2902 5065 3134 5121 meritos
3193 5061 3521 5125 ulciscitur;
3578 5058 3654 5111 ita

381 5157 497 5219 τοῖς
539 5157 1058 5230 καταλαμϐάνουσιν
1124 5164 1274 5234 ἡμᾶς
1321 5170 1754 5247 περιστατικοῖς.
1805 5167 1957 5233 Τινὲς

2061 5181 2293 5229 eorum,
2349 5162 2442 5234 qui
2497 5160 2843 5215 miseratione
2894 5155 3045 5228 digni
3106 5163 3273 5217 sunt,
3334 5150 3653 5213 miseretur,

381 5247 441 5307 δὲ
493 5247 665 5305 ταῦτα
707 5252 959 5325 εἰρῆσθαί
1010 5271 1143 5325 φασι
1198 5256 1289 5313 διὰ
1338 5257 1400 5311 τὸ
1430 5257 1809 5332 σωθησόμενον
1867 5259 1963 5315 τοῦ

393 5339 614 5412 Ἰσραὴλ
647 5341 1085 5416 ἐγκατάλειμμα.
1111 5346 1271 5411 Τινὲς
1291 5347 1348 5402 δὲ
1389 5349 1487 5421 τὴν
1509 5351 1597 5405 διὰ
1638 5352 1734 5405 τοῦ
1769 5351 1957 5425 Κύρου

381 5431 671 5504 σημαίνειν
700 5435 981 5496 ἐπάνοδον,
1018 5437 1202 5491 ’Ἄλλοι
1230 5440 1331 5509 τὴν
1359 5442 1417 5495 ὲν
1437 5444 1501 5514 τῇ
1531 5442 1757 5497 καθόλου
1777 5445 1959 5516 κρίσει

455 5608 705 5667 εδἘιοοὴ
764 5627 914 5676 svnt,
949 5611 1044 5680 23;
1080 5629 1274 5681 χχχιιι,
1315 5618 1397 5672 ll.

2063 5258 2300 5329 indeque
2332 5263 2436 5320 est,
2486 5252 2634 5324 quod
2681 5267 2801 5316 eos,
2851 5249 2946 5320 qui
2984 5248 3039 5303 iu
3085 5240 3498 5301 calamitatibus
3528 5239 3653 5294 aui-

2068 5365 2216 5406 mum
2245 5362 2354 5404 non
2384 5342 2817 5415 desponderunt,
2852 5340 3041 5397 beatos
3085 5332 3372 5407 praedicat.
3416 5331 3654 5398 Quidam

2070 5450 2252 5499 autem
2288 5439 2357 5495 ad
2407 5436 2670 5509 reliquias
2693 5433 2938 5499 lsraclis,
2974 5445 3097 5502 qua:
3153 5425 3432 5483 sanandae
3482 5432 3654 5492 sunt;

1655 5710 1889 5769 VARUS
1945 5707 2355 5769 LECTIONES.

454 5797 481 5841 ίι
517 5816 611 5868 γρ.
644 5797 834 5864 αὐτός.
912 5796 933 5841 ί
960 5818 1053 5872 γρ,
1076 5802 1200 5877 τήν.
