4022 6210
411 439 542 506 2271

1707 430 2088 503 'PROCOPII
2127 440 2370 500 eum

3510 437 3659 504 2272

408 554 780 621 quasiverunt.
818 552 883 608 Et
910 555 1017 625 ipse
1046 545 1252 625 sapiens
1285 554 1493 608 induxit
1516 572 1672 624 super
1690 572 1775 610 eos
1808 554 1973 611 mala.

2081 548 2249 618 ἅγιον
2277 550 2379 604 τοῦ
2422 549 2688 617 ’Icrpaiﬂ,
2728 549 2827 603 καὶ
2857 549 2964 603 τὸν
2995 548 3144 604 θεὸν
3170 550 3281 604 οὐκ
3329 548 3653 620 ἐζήτησαν

412 645 483 701 Et
504 646 713 701 uerbum
738 647 852 717 ejus
883 665 985 703 non
1016 649 1388 719 frustrabitur,
1415 656 1523 704 etc.

480 819 643 889 377
677 857 693 873 .
753 859 769 875 .
821 857 839 876 .
904 860 919 875 .
980 859 996 876 .
1052 820 1404 875 libertatem:
1462 820 1605 889 quod
1643 818 1799 874 multi
1837 826 1984 874 certe

415 910 703 978 fecerunt,
759 912 854 980 qui
915 926 945 965 a
1001 912 1202 982 pietate
1263 913 1328 964 ad
1428 911 1596 965 vitam
1672 909 1980 979 idololatri-

412 1019 529 1058 cam
591 1012 643 1057 et
712 1001 1019 1074 Ai‘gyptiam
1084 1003 1423 1058 deiecerunt.
1488 1004 1612 1058 Istis
1682 1010 1864 1058 autem
1897 1019 1981 1058 re-

412 1093 718 1147 versionem
773 1107 803 1146 a
856 1094 1170 1163 captivitate
1224 1092 1505 1164 adjungit.
1564 1093 1629 1149 Ut
1691 1095 1836 1150 enim
1878 1094 1978 1160 leo,

412 1186 588 1255 inquit
618 1225 632 1248 ,
666 1189 736 1239 ad
766 1185 1000 1255 praedam
1060 1186 1162 1240 tibi
1195 1202 1361 1242 causa
1396 1202 1721 1254 conversus,
1775 1188 1830 1242 in
1863 1205 1983 1258 gre-

2084 640 2198 694 Kui
2253 642 2435 707 αὐτὸς
2487 640 2680 707 σορὸς
2717 637 2865 710 ἦγεν
2894 640 2985 693 ἐπ’
3031 640 3252 707 αὐτοὺς
3285 639 3457 705 κακὰ,
3491 644 3589 695 καὶ
3623 643 3661 695 ὁ

2082 736 2266 803 λόγος
2295 732 2482 787 αὑτοῦ
2514 734 2587 786 οὐ
2611 731 2696 801 μὴ
2732 730 3013 800 ἀθετηθῇ,
3046 748 3101 784 κ.
3138 749 3189 784 τ.
3224 732 3275 784 λ.

2155 862 2169 876 .
2205 864 2220 879 .
2246 863 2260 878 .
2297 862 2310 876 .
2344 821 2723 894 ἐλευθέρωσιν.
2766 823 2832 874 Ὃ
2864 822 2929 892 δὴ
2955 821 3140 875 πολλοὶ
3175 822 3508 891 πεποιήκασι
3535 820 3659 874 Θεο-

2084 913 2296 977 σεεείας
2329 913 2666 976 ἀποστάντες
2697 912 2832 983 πρὸς
2862 912 2973 983 βίον
3020 911 3335 965 εὶδωλικόν
3363 912 3462 964 καὶ
3483 912 3659 981 Λιγύ-

2081 1022 2273 1059 πτιον.
2303 1004 2527 1067 Τούτοις
2549 1005 2908 1058 ἐπισυνάπτει
2947 1002 3044 1073 τὴν
3070 1005 3133 1056 ὲκ
3154 1003 3252 1073 τῆς
3279 1001 3657 1072 αἰχμαλωσίας

2080 1097 2353 1151 ἐπάνοδον.
2416 1097 2502 1161 Ὡς
2542 1098 2652 1167 γὰρ
2683 1098 2838 1150 λέων
2872 1095 3036 1166 φησὶν
3081 1093 3181 1147 ἐπὶ
3231 1092 3381 1162 θήρᾳ
3425 1090 3658 1160 τροφῆς

2081 1189 2343 1261 κινηθεὶς,
2370 1190 2482 1249 τοῖς
2500 1186 2771 1257 ποιμνίοις
2800 1184 3110 1253 ὲφάλλεται,
3141 1184 3202 1237 ού
3234 1184 3496 1253 κραυγὰς
3520 1199 3659 1237 ποι-

410 1290 505 1345 ges
547 1276 695 1345 ipsos
720 1276 901 1341 irruit,
932 1277 1065 1330 nihil
1096 1288 1366 1345 pastorum
1400 1279 1698 1342 clamorem,
1744 1278 1874 1332 nihil
1901 1279 1977 1332 inn

2081 1278 2294 1347 μένων,
2325 1278 2398 1331 οὐ
2436 1277 2774 1331 διωκόντων
2816 1273 3052 1342 πλῆθος
3099 1274 3614 1343 ἐπιστρεφόμενος
3636 1289 3654 1306 ν

410 1367 733 1436 sequentium
760 1367 1155 1441 multitudinem
1206 1379 1487 1435 moratus;
1521 1370 1601 1425 sic
1665 1370 1852 1426 hostes
1883 1387 1977 1441 ag-

411 1456 666 1526 grediens
724 1455 991 1513 Dominus
1044 1457 1299 1513 lsraelem
1353 1461 1530 1529 ipsum
1581 1459 1857 1515 liberabit.
1912 1463 1981 1516 At

414 1549 502 1600 ubi
535 1546 965 1620 Hierosolymam
1004 1565 1184 1619 usque
1219 1550 1572 1620 perduxerit;
1623 1551 1702 1607 sic
1754 1552 2000 1607 eosdem.

408 1652 629 1691 rursum
662 1645 927 1707 proteget,
964 1647 1021 1692 ut
1053 1644 1192 1694 solet
1226 1639 1279 1693 in
1319 1639 1443 1694 nido
1475 1640 1647 1709 pullos
1700 1657 1823 1695 suos
1871 1643 1979 1695 avis

410 1731 703 1799 defendere.
735 1731 913 1800 Atque
943 1730 1070 1784 hinc
1093 1738 1200 1794 est,
1240 1740 1295 1784 ut
1326 1746 1423 1801 pro
1456 1733 1658 1802 quibus
1691 1733 1781 1788 hic
1811 1733 1975 1788 habe-

2080 1368 2223 1422 οὕτω
2268 1372 2382 1432 τοῖς
2417 1366 2698 1438 πολεμίως
2727 1369 2756 1421 ὁ
2783 1367 2986 1437 Κύριος
3013 1365 3238 1428 ἐπιστὰς
3262 1363 3658 1431 ὲξελεῖται.τὸν

2094 1462 2325 1533 Ἰσραήλ.
2363 1461 2686 1530 Ἀγαγὼνβὲ
2711 1460 2845 1529 πρὸς
2889 1457 3248 1529 Ἰερουσαλὴμ
3278 1455 3449 1521 οὓτως
3475 1456 3658 1508 αὐτῶν

2079 1550 2503 1618 ὑπερασπίσει,
2545 1548 2621 1610 ὡς
2669 1548 2832 1617 ὄρνις
2894 1546 3014 1601 τῶν
3067 1547 3136 1600 ἐν
3166 1543 3346 1611 καλιᾷ
3373 1542 3658 1599 νεοττῶν.

2081 1640 2245 1695 Ὅθεν
2267 1644 2296 1695 ὁ
2323 1641 2619 1711 Σύμμαχος
2663 1640 2782 1692 ἀντὶ
2805 1638 2922 1703 τοῦ,
2954 1637 3055 1692 καὶ
3088 1637 3345 1708 κεκρὰξῃ
3374 1636 3466 1689 ἐπ’
3496 1633 3659 1704 αὐτῇ

2077 1731 2187 1797 ἓως
2215 1723 2538 1801 ἐμπλησθῇ
2563 1732 2634 1784 τὰ
2659 1729 2764 1798 ὄρη
2793 1729 2904 1798 τῆς
2938 1728 3146 1799 φωνῆς
3180 1728 3387 1792 αὑτοῦ,
3418 1728 3515 1781 καὶ
3546 1727 3659 1794 ὴτο

410 1837 555 1885 mus,
593 1832 643 1876 et
688 1822 1058 1891 vociferabitur
1105 1838 1259 1890 super
1307 1839 1390 1889 ea,
1448 1824 1610 1878 donec
1656 1825 1977 1893 impleantur

2081 1821 2375 1891 τήθησαν,
2409 1819 2583 1884 οὕτως
2614 1819 2895 1886 ἐξέδωκενσ
2930 1818 3329 1887 Πληρὼματος
3355 1817 3662 1887 ποιμένων

412 1925 610 1969 montes
643 1912 758 1982 ejus
792 1929 929 1976 vace,
969 1922 1019 1967 et
1047 1914 1349 1979 vincantur,
1388 1914 1466 1968 sic
1508 1915 1756 1969 extulerit
1813 1915 1975 1986 Sym-

2081 1913 2195 1969 ἀπὸ
2219 1888 2427 1983 έρωνῆς
2458 1911 2657 1968 αὐτῶν
2698 1913 2810 1965 οὐκ
2860 1909 3281 1979 ήττηθήσεται,
3335 1907 3477 1962 οὐδὲ
3534 1906 3658 1962 ἀπὸ

411 2003 686 2058 machus:
747 2002 1139 2072 Complentibus
1194 2005 1370 2057 omnia
1414 2005 1717 2073 pastoribus
1779 2023 1811 2060 a
1859 2023 1978 2062 race

409 2109 589 2146 eorum
612 2109 715 2146 non
742 2093 996 2154 vincetur,
1021 2110 1182 2162 neque
1207 2110 1239 2146 a
1263 2094 1599 2149 ma!titudine
1627 2111 1808 2149 eorum
1849 2096 1976 2150 sub-

401 2185 641 2254 jiciatur.
679 2181 879 2237 Verum
911 2183 955 2238 si
1005 2183 1072 2237 ad
1128 2182 1486 2255 Septuaginta
1523 2186 1852 2255 interpretes
1889 2203 1976 2242 re-

408 2276 578 2345 spicis
597 2315 614 2336 ,
640 2275 714 2327 ita
743 2276 961 2328 habeas.
993 2273 1217 2328 Leonem
1247 2273 1450 2338 ierunt,
1480 2283 1765 2345 postquam
1797 2279 1976 2348 rugitu

407 2367 646 2437 primum
683 2381 880 2437 greges
910 2374 964 2420 et
1013 2378 1263 2438 pastores
1304 2368 1584 2435 terruerit,
1625 2371 1846 2425 eosdem
1886 2386 1978 2442 ag~

407 2457 682 2528 gredi.Ad
708 2459 854 2513 hunc
887 2459 1108 2513 modum
1131 2469 1184 2513 et
1224 2458 1483 2515 Dominus
1519 2460 1653 2529 ipse,
1686 2470 1975 2533 postquam

406 2550 589 2604 minas
628 2550 931 2620 proposuit.
957 2567 1063 2604 non
1100 2553 1430 2619 poenitentes
1460 2553 1787 2623 ulciscitur;
1828 2558 1977 2626 quod

404 2639 493 2693 vel
519 2641 572 2693 in
605 2639 1049 2708 superbientibus
1079 2642 1325 2713 Assyriis
1360 2642 1580 2709 videas;
1612 2652 1778 2716 atque
1812 2649 1975 2702 etiam

405 2743 533 2781 cum
565 2729 633 2783 ab
660 2729 971 2783 accolarum
999 2730 1225 2800 injuria,
1252 2747 1416 2802 quam
1450 2744 1573 2804 post
1608 2738 1975 2794 reversionem

404 2815 734 2886 patiebatur,
778 2816 1033 2873 lsraelem
1077 2820 1215 2874 tueri
1258 2820 1479 2889 placuit.
1526 2823 1604 2879 Ad
1659 2827 1978 2883 utrumlibet

404 2908 822 2965 similitudinem
853 2909 1080 2965 alteram
1108 2914 1566 2970 acc0mmodavit.
1596 2915 1667 2973 At
1710 2934 1829 2988 qua:
1879 2919 1978 2975 leo.

405 3010 518 3050 nem
549 2996 763 3059 habuit.
793 3013 901 3053 non
935 3000 1155 3066 desunt,
1189 3003 1280 3073 qui
1315 3003 1381 3058 ad
1407 3002 1684 3062 lsraelitas
1711 3007 1974 3076 referant,

403 3087 498 3156 qui
532 3103 600 3142 ne
634 3087 869 3145 ferarum
904 3091 1121 3159 quidem
1169 3101 1370 3149 metum
1404 3110 1531 3164 erga
1564 3093 1729 3150 Deum
1779 3098 1975 3153 ducem

403 3191 563 3230 situm
592 3180 957 3235 retinuerunt.
999 3181 1152 3239 Unde
1205 3192 1259 3239 et
1310 3198 1404 3240 eos
1459 3200 1520 3240 se
1572 3185 1782 3241 leonum
1823 3203 1976 3246 more

404 3275 686 3337 gesturum
728 3271 1024 3339 significat.
1082 3275 1234 3329 Alias
1300 3276 1345 3330 si
1379 3264 1657 3343 paenitere
1692 3287 1746 3334 et
1779 3280 1978 3350 resipi-

404 3373 561 3414 scere
590 3362 903 3429 rontigerit,
934 3363 1154 3418 eosdem
1181 3380 1260 3430 se,
1295 3366 1408 3419 avis
1434 3366 1630 3433 instar,
1665 3384 1786 3438 qua:
1807 3371 1978 3438 pullos

405 3456 603 3511 tuetur,
636 3463 748 3501 esse
781 3458 1168 3519 protecturum.
1205 3452 1336 3509 Tale
1369 3470 1502 3510 vero
1536 3465 1592 3510 et
1642 3458 1746 3527 ipsi
1787 3461 1977 3531 etiam,

407 3536 453 3590 si
485 3538 549 3590 ad
584 3540 822 3606 priorem
851 3556 1074 3598 sensum
1105 3546 1455 3616 respicimus,
1494 3547 1802 3609 Salvatoris
1830 3556 1981 3609 auxi-

406 3625 537 3679 lium
575 3643 766 3684 sumus
799 3634 1026 3701 experti.
1058 3633 1261 3692 Omnes
1301 3638 1446 3692 enim
1500 3648 1773 3711 quotquot
1828 3653 1977 3711 sunt,

344 3718 353 3729 ‘
407 3717 691 3782 mortales,
724 3718 1085 3792 intelligibilis
1129 3724 1218 3779 ille
1252 3734 1475 3795 ceperat
1518 3729 1817 3802 Assyrius;
1875 3736 1978 3791 nisi

404 3801 631 3859 Christo
670 3805 791 3875 ipso
824 3816 1084 3878 tanquam
1131 3811 1278 3867 leone
1316 3814 1582 3885 irruente,
1633 3801 1810 3874 iverbo
1864 3824 1977 3879 oris

401 3892 548 3961 ejus,
581 3897 671 3964 qui
706 3896 887 3953 Sionis
915 3898 1176 3957 Ecclesiae
1216 3904 1440 3961 nomine
1475 3906 1799 3974 decertavit,
1827 3914 1978 3967 occi-

403 3982 676 4040 disset.Se
700 4003 938 4058 namque
961 3992 1149 4047 orbem
1176 4003 1467 4061 terrarum,
1498 4004 1555 4050 ut
1573 3998 1784 4067 nidum,
1811 4016 1975 4057 manu

404 4074 571 4148 378
600 4093 698 4135 sua
727 4083 1255 4153 cenuprehensurum
1306 4088 1640 4147 minabatur.
1695 4094 1765 4147 At
1799 4094 1887 4150 hic
1923 4095 1977 4152 in

405 4181 467 4222 se
493 4171 795 4239 credentes,
833 4185 891 4229 ut
926 4178 1103 4247 pullos
1136 4180 1361 4248 gallina,
1403 4183 1507 4238 sub
1546 4183 1650 4240 alis
1679 4189 1860 4256 coegit
1906 4190 1974 4243 ".

404 4259 586 4330 Atque
616 4262 729 4319 hac
759 4280 883 4320 cum
924 4267 993 4324 de
1040 4268 1345 4327 Jerusalem
1400 4275 1729 4340 monuisset.
1763 4279 1832 4333 ad
1880 4294 1979 4337 eos

400 4353 538 4422 jam,
568 4357 662 4426 qui
695 4358 749 4414 in
796 4359 1096 4433 Egyptum
1127 4379 1187 4419 se
1219 4366 1515 4435 recipiunt,
1550 4368 1603 4423 in
1657 4369 1804 4425 hunc
1861 4388 1979 4428 mo-

402 4444 535 4498 dum
564 4449 874 4506 exclamat:
917 4450 1320 4518 Convertimini,
1349 4457 1438 4525 qui
1487 4458 1812 4526 profundum
1858 4477 1979 4516 con-

404 4533 583 4588 silium
606 4539 851 4594 inieratis
881 4550 931 4595 et
960 4544 1224 4613 iniquum;
1252 4553 1305 4599 et
1344 4545 1540 4600 iterum
1568 4536 1872 4605 Jerusalem
1900 4569 1987 4612 re-

403 4622 545 4687 dire,
581 4633 800 4695 quando
839 4646 966 4700 spes
988 4632 1111 4701 ejus
1146 4633 1516 4689 instauranda:
1550 4636 1663 4702 llat,
1691 4638 1972 4712 hortatur;

403 4727 529 4782 qua!
574 4716 649 4770 ita
689 4720 962 4787 expressit
1004 4722 1367 4790 Symmachus
1403 4742 1417 4778 :
1481 4723 1842 4795 Paenitemini,
1869 4733 1975 4802 ﬁlii

410 4800 608 4869 Israel,
630 4810 768 4862 sicut
806 4811 871 4864 de
894 4814 1330 4891 transgrediendo
1359 4816 1621 4885 profunde
1670 4800 1966 4891 cogitastis.

2077 2003 2349 2071 πλήθους
2379 2002 2578 2058 αὐτῶν
2617 2004 2729 2071 οὐχ
2760 1999 3228 2071 ὑποταγήσεται.
3266 1998 3425 2052 Κατὰ
3468 1998 3525 2051 δὲ
3554 1997 3658 2069 τὴν

2077 2095 2287 2149 ἔκδοσιν
2313 2097 2422 2148 τῶν
2459 2093 2866 2164 Ἐὄδομήκοντα
2916 2091 3137 2164 νοητέον
3179 2090 3349 2144 οὔτω·
3400 2091 3537 2143 Φασὶ
3562 2090 3658 2143 τὸν

2077 2187 2299 2243 ,λέοντα
2311 2182 2437 2255 βοῇ
2470 2186 3026 2258 προκαταπλήττοντα
3046 2184 3145 2247 τὰς
3180 2183 3380 2251 ἀγέλας
3409 2183 3503 2236 καὶ
3529 2183 3657 2246 τοὺς

2080 2280 2451 2350 ἐφεστηκότας
2479 2277 2623 2332 οὕτω
2678 2277 2951 2331 ποιεῖσθαι
2995 2275 3093 2347 τὴν
3126 2276 3337 2344 ἔφοδον,
3378 2273 3521 2327 οὕτω
3557 2275 3657 2328 καὶ

2078 2370 2292 2438 Κύριος
2342 2367 2847 2441 προκαταπλήττων
2899 2365 3175 2431 ἀπειλαῖς,
3209 2366 3269 2418 ού
3301 2363 3654 2434 μετανοοῦσιν

2077 2458 2331 2529 ἐπιφέρει
2365 2458 2465 2529 τὴν
2491 2457 2668 2527 δίκην.
2707 2456 2920 2527 ’Ὥσπερ
2949 2451 3041 2509 οὖν
3069 2457 3168 2509 καὶ
3195 2458 3306 2517 τοῖς
3348 2454 3654 2524 Ἀσσυρίοις

2081 2549 2527 2620 μεγαλαυχήσασι
2570 2549 2791 2603 σκέπων
2842 2546 2933 2600 τὸν
2981 2546 3216 2618 Ἰσραὴλ,
3266 2547 3361 2600 καὶ
3398 2545 3506 2599 ἀπὸ
3542 2547 3652 2598 τῶν

2078 2639 2403 2711 περιχώρων
2457 2638 2566 2692 τῶν
2629 2639 2771 2709 μετὰ
2827 2636 2927 2708 τὴν
2973 2637 3237 2691 ἐπάνοδον
3289 2635 3657 2691 ἐπιτιθέντων

2079 2730 2247 2802 αύτῷ.
2291 2731 2434 2802 Πρὸς
2467 2731 2763 2803 ἑκατέρους
2792 2728 2902 2801 γὰρ
2936 2727 3047 2781 τῶν
3071 2727 3396 2799 παραϐολῶν
3418 2727 3515 2799 τὴν
3536 2728 3652 2781 ise-

2082 2841 2182 2896 ραν
2210 2823 2542 2894 ἐφήρμοσεν.
2602 2823 2714 2892 Τὴν
2761 2821 2818 2874 δὲ
2868 2820 2976 2876 τοῦ
3014 2819 3264 2887 λέοντος
3305 2820 3398 2874 ἐπὶ
3444 2819 3554 2872 τῶν
3593 2818 3653 2885 ἐξ

2091 2914 2325 2985 Ἰσραήλ.
2361 2914 2516 2976 Τινὲς
2547 2912 2946 2985 παρειλήφασι,
2997 2911 3130 2982 μηδὲ
3160 2910 3250 2965 τὸν
3296 2910 3405 2965 τῶν
3442 2909 3652 2978 ἀλόγων

2080 3006 2507 3076 παρεσχηκνςων
2541 3003 2678 3075 πρὸς
2704 3002 2794 3057 τὸν
2823 3003 3069 3073 ἡγεμόνα
3116 3002 3250 3065 Θερν
3279 3002 3464 3072 φόϐον.
3494 3001 3653 3056 Ὅθεν

2080 3098 2175 3151 καὶ
2203 3098 2269 3149 τὰ
2295 3097 2558 3150 λεόντων
2577 3136 2593 3163 ,
2616 3097 2804 3166 φησὶν,
2839 3097 2985 3166 ὑμᾶς
3018 3094 3285 3166 διαθήσει.
3315 3093 3655 3148 Μετανοούν-

2080 3203 2187 3240 των
2209 3186 2285 3251 δὲ,
2318 3186 2570 3257 καθάπερ
2617 3185 2878 3239 νεοττῶν
2928 3186 3095 3263 ὄρνις
3143 3184 3655 3255 ὑπερμαχήσεται.

2082 3279 2239 3333 Κατὰ
2257 3279 2312 3333 δὲ
2343 3279 2442 3348 τὴν
2467 3277 2691 3348 πρώτην
2717 3277 3003 3349 ἐξήγησιν,
3052 3277 3278 3348 τοιαύτη
3313 3278 3539 3347 γέγονεν
3567 3277 3653 3347 ἐφ’

2081 3371 2226 3440 ἡμᾶς
2262 3368 2407 3441 ἢτοῦ
2437 3369 2689 3439 Σωτῆρος
2718 3370 3035 3440 ἐπικουρία.
3057 3369 3272 3433 Πάντας
3310 3369 3419 3438 γὰρ
3446 3366 3661 3439 ἀνθρῶι

2081 3479 2216 3525 πούς
2253 3462 2283 3515 ὁ
2309 3461 2495 3532 νοητὸς
2529 3454 2674 3515 εἷλεν
2723 3460 3026 3534 Ἀσσύριος.
3082 3461 3244 3515 Ἀλλὰ
3282 3461 3539 3532 Χριστὸς,
3569 3453 3661 3514 οἷα

2079 3553 2256 3620 λέων,
2288 3552 2634 3624 ἐπιπηδήσας
2672 3552 2821 3623 αύτῷ
2849 3554 3201 3623 κατήργηκεν
3232 3551 3417 3616 αὑτὸν,
3459 3551 3538 3621 τῷ
3562 3550 3663 3621 ῥή-

2083 3661 2214 3714 ματι
2248 3642 2342 3697 τοῦ
2373 3644 2640 3715 στόματος
2673 3641 2863 3707 αὐτοῦ,
2887 3644 2988 3712 τῆς
3012 3642 3166 3697 Σιῶν
3200 3645 3300 3714 τῆς
3335 3641 3662 3711 Ἐκκλησὶας

2081 3737 2657 3807 ύπεραγωνισάμενος.
2702 3737 2760 3790 '0
2795 3735 2893 3807 μὲν
2923 3737 3034 3807 γὰρ
3066 3735 3300 3806 ἠπείλει,
3335 3735 3447 3805 Τὴν
3480 3734 3664 3786 οἰκου-

2084 3828 2251 3897 μένην
2293 3827 2421 3896 ὂλην
2470 3826 2859 3898 καταλήψομαι
2888 3829 2954 3898 τῇ
2986 3828 3129 3898 χειρί
3162 3843 3262 3897 μου
3289 3825 3366 3889 ὡς
3414 3823 3659 3879 νοσσιὰν.

2092 3917 2149 3972 Ὀ
2181 3918 2236 3971 δὲ
2266 3919 2544 3988 συνήγαγε
2579 3918 2707 3980 τοὺς
2731 3916 3087 3979 πιστεύοντας
3121 3917 3200 3980 εἰς
3229 3915 3411 3978 αὑτὸν,
3450 3914 3509 3967 ὃν
3534 3913 3664 3985 τρό-

2080 4021 2179 4059 πον
2212 4004 2357 4076 ὅρνις
2389 4006 2704 4074 ἐπισυνάγει
2731 4005 2799 4059 τὰ
2819 4005 3012 4059 νόσσια
3050 4006 3221 4076 αὐτῆς
3258 4003 3364 4058 ὑπὸ
3404 4003 3504 4068 τὰς
3529 4003 3661 4057 πτέ-

2083 4113 2278 4168 ρυγας.
2308 4096 2493 4150 Ταῦτα
2525 4097 2652 4167 περὶ
2695 4095 2795 4166 τῆς
2849 4095 3208 4167 Ἰερουσαλὴμ
3243 4094 3662 4164 ὲπαγγειλάμε·

2079 4203 2187 4248 νος.
2221 4188 2534 4258 προσφωνεῖ
2564 4186 2675 4248 τοῖς
2708 4184 3040 4239 ἀπελθοῦσιν
3068 4186 3149 4248 εἰς
3176 4185 3475 4251 Αἴγυπτον,
3505 4184 3665 4238 Ἐπι-

2079 4277 2403 4347 στράςεητε,
2428 4280 2482 4332 οι
2518 4277 2634 4345 τὴν
2663 4276 2928 4343 ,βαθεῖαν
2956 4277 3204 4345 ,βουλὴν
3222 4278 3665 4345 βουλευόμενοι

2079 4370 2178 4424 καὶ
2203 4369 2449 4440 ἄνομον,
2475 4369 2799 4441 προτρέπων
2829 4370 2909 4433 εἰς
2946 4368 3307 4440 Ἰερουσαλὴμ
3329 4367 3528 4429 αὐτοὺς
3557 4366 3665 4420 πά·

2077 4461 2160 4514 λιν
2190 4461 2526 4525 ἐπανελθεῖν,
2557 4462 2647 4515 διὰ
2667 4461 2737 4515 τὰ
2764 4462 3151 4531 ἐπηγγελμένα
3182 4459 3426 4532 περὶτοῦ
3455 4457 3663 4529 ταύτης

2023 4552 2434 4624 θάνοικισμοῦ.
2499 4553 2676 4625 Ὅπερ
2741 4555 2770 4607 ὁ
2822 4553 3120 4624 Σύμμαχος
3173 4550 3347 4615 οὕτως
3404 4549 3659 4615 ἐξέδωκεο

2072 4642 2523 4712 Μετανοήσατε,
2571 4642 2653 4709 ὡς
2703 4642 3029 4697 ἐόαθύνατε
3066 4640 3430 4710 παραϐῆναι,
3458 4644 3511 4695 cl
3542 4638 3662 4693 υἱοὶ

2085 4734 2357 4803 Ἰσραήλ.
2410 4736 2572 4808 Δηλοῖ
2624 4737 2683 4791 δὲ
2735 4737 2933 4801 αὐτοὺς
2984 4735 3378 4799 ἐνϐαθύνοντας
3414 4734 3510 4805 μὲν
3547 4734 3660 4794 τοῖς

2071 4829 2285 4890 κακοῖς,
2314 4827 2427 4891 τοῖς
2454 4826 2510 4880 δὲ
2541 4827 2683 4881 κατὰ
2705 4826 2837 4883 Θεὸν
2861 4827 3182 4889 ὲπιπολέους
3212 4825 3560 4896 ὑπάρχοντας
3594 4831 3658 4883 ’³.

411 4899 694 4968 Signiﬁcat
724 4912 905 4960 autem
931 4921 1030 4963 eos
1054 4922 1175 4979 quae
1206 4908 1349 4963 mala
1396 4920 1547 4978 sunt,
1591 4913 1702 4971 alte
1759 4918 1981 4987 quidem
2019 4921 2306 4993 cogitare;
2347 4936 2470 4992 qua:
2532 4919 2625 4978 Dei
2658 4931 2866 4988 autem,
2926 4920 3218 4990 superﬁcie
3264 4928 3423 4975 tenus
3473 4912 3660 4983 intlui‘

409 5007 530 5049 rere
567 5004 622 5049 et
650 4998 925 5055 meditari.

479 5086 748 5145 Caeterum
780 5102 1071 5166 postquam
1110 5097 1180 5153 ab
1228 5098 1486 5172 Assyriiis
1522 5100 1704 5159 redire
1731 5104 1978 5177 contige-

409 5180 508 5248 rit,
549 5190 604 5237 et
661 5183 766 5254 ipsi
800 5192 915 5240 tum
950 5185 1196 5255 demum,
1230 5190 1327 5257 ait,
1373 5191 1685 5249 idololatria
1720 5195 1979 5251 liberabi-

408 5271 568 5327 mini.
628 5275 786 5361 Quod
852 5279 921 5333 ab
974 5279 1219 5337 historia
1258 5281 1363 5338 nde
1421 5286 1649 5341 minime
1683 5285 1979 5343 dissentire

408 5363 672 5431 reperias,
714 5381 837 5420 cum
871 5368 1020 5423 omni
1051 5385 1279 5440 prorsus
1341 5372 1672 5441 idololatria,
1703 5392 1815 5447 quo
1842 5384 1979 5433 tem-

403 5463 545 5523 pore
609 5453 1024 5515 instaurabatur
1091 5462 1377 5534 templum,
1412 5466 1712 5522 caruerint.
1745 5466 1978 5534 Quidam

480 5621 529 5656 "
567 5621 760 5679 Matth.
801 5643 946 5692 xm,
975 5629 1066 5689 93.

2152 5102 2306 5158 Μετὰ
2321 5103 2376 5157 δὲ
2397 5101 2494 5173 τὴν
2518 5101 2576 5169 ἐξ
2616 5100 2924 5171 Ἀσσυρίων
2955 5098 3303 5169 ἀπαλλαγὴν,
3346 5098 3523 5164 ἔσται,
3550 5114 3662 5169 φη-

2086 5193 2191 5259 σὶν,
2218 5195 2345 5265 ὑμῖν
2372 5193 2550 5263 πάσης
2583 5192 3028 5263 εἰδωλολατρεως
3049 5190 3365 5259 ἀπαλλαγή.
3389 5190 3498 5244 Καὶ
3521 5188 3660 5259 σύμ-

2085 5302 2263 5355 φωνος
2291 5287 2322 5355 ἡ
2361 5284 2590 5355 ἱστορία.
2621 5283 2725 5335 Τὸν
2757 5282 2868 5352 γὰρ
2894 5282 3017 5336 ναὸν
3060 5281 3483 5351 ἀναδειμάμενοι
3505 5318 3521 5343 ,
3556 5295 3658 5333 κα·
3716 5278 3731 5289 ⁸

2087 5376 2245 5447 Θαροὶ
2273 5375 2452 5445 πάσης
2474 5375 2919 5448 εἰδωλολατρείας
2948 5376 3219 5444 ἐγένοντο.
3244 5375 3402 5437 Τινὲς
3427 5374 3486 5429 δὲ
3502 5372 3661 5427 τοῦτό

2090 5484 2220 5537 φασι
2253 5466 2578 5539 γεγενῆσθαι
2603 5466 2726 5521 καθ’
2754 5466 2813 5520 ὃν
2838 5467 3030 5540 χρόνον
3056 5466 3399 5539 ὑπερήσπισε
3427 5465 3530 5535 τῆς
3558 5460 3658 5517 Ἰε-

1736 5725 2393 5811 νΑιιιΑε-ιικιῑτιοακε,

486 5808 524 5832 ¹¹
551 5822 641 5878 ῃ).
675 5806 1038 5873 ἐπιπολαίους.
