4022 6210
321 222 422 285 Ξὲὶῗ
434 223 467 283 3

1484 218 2021 283 COMMENTARII
2064 218 2146 279 IN
2176 220 2463 281 ISAIAM.

3448 221 3591 287 2:74

329 330 610 407 ρουσαλὴμ
644 330 673 382 ό
698 330 939 403 Χριστὸς
1012 330 1362 402 Ἐκκλησίας.
1411 333 1556 403 Πρὸς
1588 332 1760 405 αὐτὴν
1805 332 1915 403 γὰρ

2025 339 2205 385 autem
2261 331 2317 385 in
2365 346 2429 386 ea
2484 337 2779 398 tempora,,
2821 330 3024 401 quibus
3088 326 3589 402 Hierosolymorum

329 423 492 479 πάλιν
537 420 566 473 ό
605 418 768 485 λόγος
803 418 1133 492 ἀνέδραμεν,
1165 423 1255 475 ὅτε
1311 422 1414 494 τῆς
1469 422 1921 494 εἰδωλολατρείας

328 512 699 582 ἀπολομένης,
728 513 822 565 καὶ
846 514 875 565 ὁ
898 513 1089 584 νοητὸς
1110 515 1250 585 αὐτῇ
1274 513 1619 585 συναπῆλθεν
1656 515 1913 591 ’Δσσ-οὒρ,

326 608 439 662 οὐκ
458 604 681 673 ἀνδρὸς
694 605 962 675 μαχαίρᾳ
979 605 1230 677 πληγεὶς,
1254 606 1397 678 λόγῳ
1419 606 1474 660 δὲ
1496 606 1626 678 θείῳ
1649 625 1714 661 πε
1723 606 1919 678 μφθε“ις

327 700 409 760 εις
438 698 536 770 τὴν
564 697 800 753 ἄϐυσσον
860 701 959 754 σὺν
996 703 1118 765 ταῖς
1179 701 1341 766 ἰδίαις
1376 701 1696 771 δυνάμεσιν,
1732 700 1796 765 ἃς
1829 701 1917 756 διὰ
1962 750 1969 753 ,

328 785 448 840 τῶν
476 787 751 856 ἰσχυρῶν
772 791 1115 843 νεανίσκων
1151 789 1421 859 ἐδήλωσεν
1457 791 1693 862 ἀρραγεῖ
1745 791 1919 862 πέτρᾳ

327 878 405 948 τῷ
431 878 655 951 Χριστῷ
680 880 1177 950 περιληφθείσας,
1206 881 1287 948 ὡς
1318 882 1558 952 χάρακι.
1598 883 1661 935 Οἱ
1684 882 1741 935 δὲ
1770 882 1919 938 ἄλλοι

328 970 516 1036 φασιν,
556 968 778 1040 Ἐπειδὴ
806 971 916 1024 τὸν
945 971 1263 1042 Ἀσσύριον
1277 971 1518 1029 Ἰουδαῖοι
1543 974 1821 1036 δείσαντες
1840 973 1920 1037 εἰς

327 1059 606 1128 Αἴγυπτον
656 1062 1051 1133 ἀπεχώρησαν,
1107 1065 1508 1133 ἐπαγγέλλεται
1559 1064 1769 1128 τούτοις
1818 1065 1920 1135 τὴν

328 1152 541 1204 ἐκείνου
578 1151 923 1232 καθαίρεσιν,
955 1156 1055 1226 τὴν
1106 1155 1557 1226 εἰδωλολατρείαν
1586 1156 1675 1209 διὰ
1714 1157 1920 1211 τούτων

327 1243 506 1314 δηλῶν
533 1245 597 1296 ὲκ
624 1243 777 1309 θείας
801 1250 1162 1300 πεπτωκυῖαν
1191 1245 1496 1317 δυνάμεως,
1533 1248 1582 1300 εί
1604 1242 1923 1318 καῖἀνθρω-

329 1349 423 1387 ποι
451 1332 629 1406 ταύτῃ
662 1334 1040 1399 διακονοῦντες
1076 1337 1179 1407 τὴν
1210 1337 1515 1409 ’Δσσυρίων
1550 1337 1802 1391 καθεῖλον
1826 1340 1925 1410 ἀρ-

329 1424 451 1493 χὴν.
509 1424 599 1477 Διὸ
647 1426 742 1478 καλ⁸
798 1428 929 1495 περὶ
978 1426 1301 1491 Βαϐυλῶνος
1331 1428 1484 1497 ἔλεγε
1535 1431 1920 1500 προφητεύων·

345 1512 481 1565 Ἰδοὺ
526 1514 801 1585 ὲπεγείρω
856 1516 987 1585 ὑμῖν
1020 1518 1149 1579 τοὺς
1199 1518 1441 1587 Μήδους.
1495 1518 1641 1571 Ἀντὶ
1692 1520 1749 1573 δὲ
1801 1520 1920 1586 τοῦ,

337 1601 529 1669 Πέτρα
576 1605 1135 1673 περιληφθήσοντιιι
1168 1608 1249 1674 ὡς
1293 1608 1535 1677 χάρακι,
1566 1611 1593 1662 ό
1630 1610 1921 1682 Σύμμαχος

2024 423 2329 480 Ecclesium
2366 423 2617 479 Christus
2650 423 2766 493 ipse
2806 423 3046 494 protexit
3080 423 3344 479 incidisse
3376 432 3591 494 putant.

2019 513 2158 569 Tum
2189 514 2409 569 demum
2443 514 2589 569 enim
2614 515 2679 568 ad
2709 516 2883 584 ipsam
2911 515 3108 569 iterum
3137 515 3363 569 verbum
3404 516 3594 581 rediit,

2018 620 2141 663 cum
2184 606 2403 661 sublato
2441 605 2712 659 idolorum
2751 605 2928 668 cultu.
2956 613 3011 661 et
3056 606 3232 662 Assur
3263 606 3377 676 ipse
3408 610 3595 662 animo

2020 696 2472 767 comprehensus,
2506 686 2609 749 non
2671 695 2771 749 riri
2797 695 2996 765 gladio,
3040 696 3134 751 sed
3191 699 3357 751 verbo
3405 697 3595 751 divino

2021 802 2339 858 percussus,
2376 800 2497 841 cum
2544 786 2658 840 suis
2700 785 3066 854 potestatibus
3093 785 3225 849 (bas
3254 789 3399 840 enim
3440 787 3619 855 juve-,

2021 893 2145 930 num
2183 875 2405 946 fortium
2438 877 2658 930 nomine
2684 876 3036 945 significavit,
3070 892 3191 945 quae
3246 878 3407 945 lapidi
3451 894 3593 931 nun-

2020 984 2183 1038 quam
2218 966 2543 1037 frangcudo,
2601 967 2652 1021 id
2710 976 2795 1020 est
2847 966 3089 1029 Christo,
3139 974 3392 1034 tanquam
3451 968 3591 1022 uallo

2021 1059 2454 1131 circumdantur)
2489 1060 2542 1112 in
2589 1062 2845 1129 abyssum
2902 1058 3160 1112 detrusus
3223 1066 3329 1112 est.
3392 1056 3596 1113 Volunt

2021 1151 2136 1213 alii,
2172 1148 2399 1214 Judaeis,
2441 1149 2569 1219 quia
2604 1146 2991 1219 metu'Assyrii
3028 1149 3079 1200 in
3124 1145 3418 1217 Egyptum
3459 1163 3596 1201 con-

2023 1240 2296 1309 fugerant,
2323 1237 2600 1302 eumdem,
2634 1235 2687 1289 id
2717 1248 2823 1300 est,
2848 1234 3115 1289 idolorum
3144 1235 3376 1298 cultum,
3410 1234 3595 1290 divina

2025 1332 2327 1385 auxiliante
2387 1329 2632 1399 potentia
2703 1326 2994 1382 delendum
3058 1341 3180 1380 esse
3242 1325 3594 1394 signiﬁcari:

2024 1423 2273 1490 quamvis
2307 1421 2376 1476 ab
2435 1418 2772 1483 hominibus,
2829 1417 2922 1487 qui
2981 1415 3030 1471 ei
3069 1430 3128 1470 se
3184 1423 3596 1486 nuncuparunt,

2022 1513 2375 1582 Assyriorum
2410 1512 2698 1580 imperium
2751 1524 3003 1564 eversum
3050 1510 3143 1563 sit.
3197 1506 3353 1562 Unde
3409 1509 3596 1574 etiam,

2027 1618 2149 1657 cum
2192 1602 2259 1657 de
2289 1603 2561 1673 Babylone
2590 1600 3027 1670 prophetaretur.
3056 1601 3107 1652 in
3148 1614 3264 1653 eam
3307 1615 3367 1654 se
3414 1598 3599 1654 Medos

338 1688 461 1761 εφη,
487 1691 681 1760 Πέτρα
699 1693 889 1749 αὐτοῦ
910 1695 948 1763 ή
972 1696 1194 1764 φοϐερὰ
1215 1700 1673 1767 παρελεύσεται,
1701 1680 1799 1754 καὶ
1818 1680 1920 1769 ἦτ-

2025 1692 2390 1749 excitat'urum
2449 1691 2679 1757 monuit,
2745 1690 3014 1745 (la-ternm
3086 1706 3185 1761 pro
3246 1705 3373 1760 quo,
3431 1692 3598 1746 Petra

335 1782 700 1851 τηθήσονται
734 1789 787 1840 ol
821 1785 1112 1855 αρχοντες
1142 1789 1351 1856 αὐτοῦ,
1372 1791 1526 1859 φησι
1552 1793 1789 1860 Κύριος,
1828 1793 1924 1861 δη-

333 1876 466 1947 λαδὴ
496 1877 590 1931 τοῦ
635 1879 948 1952 Ἀσσυρίου.
983 1882 1221 1949 Πέτραν
1250 1881 1360 1952 γάρ
1404 1882 1571 1935 αὐτοῦ
1605 1883 1666 1937 τὸ
1699 1885 1926 1955 στερρὸν

335 1968 561 2023 ἐκάλεσε
595 1969 695 2040 τῆς
724 1972 918 2041 ἀρχῆς.
952 1972 1287 2041 Προτρὲπων
1319 1971 1377 2024 δὲ
1399 1972 1529 2035 τοὺς
1563 1974 1621 2024 ὲν
1665 1954 1927 2044 Αἰγύπτῴ

337 2059 583 2127 φυγάδας
634 2060 1002 2130 ὑποστρέφειν
1059 2063 1138 2124 εἰς
1185 2062 1570 2134 Ἰερουσαλὴμ,
1598 2062 1923 2132 Μακάριος,

338 2151 522 2220 φησὶν,
557 2150 617 2213 ὃς
648 2150 772 2218 ἔχει
806 2151 876 2205 ἐν
904 2150 1057 2206 Σιὼν
1088 2153 1329 2222 σπέρμα
1350 2196 1364 2218 ,
1423 2156 1522 2209 καὶ
1572 2136 1831 2223 υίκεῖους
1857 2157 1928 2210 ἐν

349 2238 759 2311 ἰερδυσιιλὴμ,
791 2242 879 2295 διὰ
905 2244 967 2296 τὸ
997 2243 1213 2313 μέλλειν
1246 2245 1415 2315 αὐτὴν
1441 2247 1521 2308 εἰς
1563 2245 1661 2315 τὴν
1692 2246 1927 2317 ἀρχαίαν

338 2332 729 2397 ἀνακτίζεσθαι
760 2334 940 2399 δόξαν,
975 2335 1176 2406 μᾶλλον
1200 2336 1257 2389 δὲ
1301 2337 1609 2408 κρείττονα.
1636 2338 1727 2391 Διό
1761 2353 1928 2414 φησιν

337 2425 396 2476 ἐν
430 2426 672 2497 ἑτέροις·
705 2445 724 2478 ι
767 2428 877 2480 Καὶ
900 2427 1058 2480 ἔσται
1104 2430 1137 2498 ή
1166 2427 1294 2493 δόξα
1320 2428 1414 2481 τοῦ
1465 2429 1618 2483 οἴκου
1674 2429 1924 2498 τούτουχή

337 2515 562 2586 ισχάτη,
594 2517 738 2590 ὑπὲρ
770 2520 872 2588 τὴν
920 2517 1166 2589 πρώτην.
1197 2537 1216 2571 ι
1262 2520 1566 2574 Ὦσέλισται
1595 2521 1652 2573 δὲ
1695 2520 1775 2587 τὸ,
1807 2536 1924 2589 μα-

337 2608 561 2676 κάριος,
591 2609 663 2673 ὡς
690 2609 765 2680 μὴ
805 2610 1078 2679 κείμενον.
1121 2610 1195 2663 Τὸ
1214 2611 1271 2663 δὲ
1303 2611 1489 2664 λοιπὸν
1513 2612 1541 2664 ό
1572 2611 1669 2680 μὲν
1695 2609 1926 2679 Σύμμα-

312 2692 429 2768 ’χός
464 2716 649 2768 φησιν,
682 2701 851 2769 Ἔχει
880 2700 1001 2768 πῦρ
1028 2700 1098 2753 ἐν
1116 2699 1273 2753 Σιὼν
1300 2700 1399 2753 καὶ
1429 2701 1719 2753 κλίϐανον
1740 2700 1927 2752 ἐνἸε-

328 2789 676 2859 ρουσαλήμ.
717 2791 773 2843 ὐ
800 2790 859 2843 δὲ
898 2791 1128 2854 Ἀκύλας
1155 2792 1248 2845 καὶ
1270 2790 1583 2855 Θεοδοτίων,
1610 2789 1740 2856 Φῶς
1766 2788 1927 2854 αὐτῷ

336 2878 405 2932 ἐν
423 2879 594 2943 Σιὼν,
620 2881 717 2934 καὶ
746 2882 1035 2948 κλίϐανος
1061 2879 1222 2947 αὐτῷ
1246 2882 1317 2935 ἐν
1359 2881 1771 2950 Ἰερουσαλὴμ,
1796 2881 1927 2952 περὶ

338 2967 474 3066 8-505
503 2971 755 3038 λέγοντες
793 2971 888 3025 τοῦ
938 2972 1262 3037 καθελόντος
1297 2972 1388 3026 τὸν
1442 2971 1804 3026 Βαὸυλώνιον.
1846 2974 1923 3025 Δι’
1952 3011 1993 3066 C

336 3052 401 3123 οὗ,
423 3060 594 3132 πυρὸς
628 3063 923 3118 κατακαίει
961 3066 1088 3129 τοὺς
1121 3065 1221 3136 τῆς
1268 3063 1436 3119 αὑτοῦ
1478 3066 1927 3137 καταφρονήσαν-

337 3170 439 3216 τας
491 3154 722 3220 πόλεως,
777 3155 1015 3225 μάλιστα
1066 3156 1123 3210 δὲ
1176 3156 1280 3226 τῆς
1313 3155 1665 3227 Ἐκκλησίας,
1700 3155 1830 3226 περὶ
1860 3149 1927 3226 ἧς

341 3243 562 3314 εἴρηται
585 3262 600 3278 ο
640 3264 660 3297 ι
695 3246 1073 3317 Δεδοξασμένα
1110 3246 1347 3318 ἐλαλήθη
1377 3247 1509 3319 περὶ
1541 3244 1661 3311 σοῦ,
1705 3249 1738 3317 ἡ
1773 3246 1928 3311 πόλις

344 3337 439 3390 τοῦ
470 3337 627 3392 Θεοῦ.
678 3358 697 3392 ι
727 3338 873 3393 Καί·
914 3357 933 3391 ι
975 3337 1083 3392 Τοῦ
1128 3337 1377 3409 ποταμοῦ
1409 3337 1477 3391 τὰ
1508 3338 1807 3408 ὁρμήματα
1840 3338 1928 3391 εύ-

340 3427 626 3497 φραὶνουσι
653 3427 753 3500 τὴν
775 3428 929 3481 πόλιν
958 3428 1056 3482 τοῦ
1105 3428 1265 3482 Θεοῦ.
1302 3446 1323 3481 s
1371 3428 1459 3480 ’Ev
1497 3428 1635 3499 αὐτῇ
1661 3427 1770 3498 γὰρ
1804 3426 1925 3496 πῦρ

342 3517 457 3570 ἐστι
516 3518 613 3572 καὶ⁵
673 3520 963 3585 κλίϐανος
1011 3521 1093 3583 εἰς
1147 3520 1210 3573 τὸ
1260 3519 1629 3590 καταφλέγειν
1685 3517 1926 3589 ἑκάστης

339 3607 518 3679 ψυχῆς
541 3608 698 3676 ξύλα,
727 3611 940 3682 χόρτον,
968 3609 1246 3680 καλάμην.
1280 3611 1391 3663 Καὶ
1411 3608 1552 3662 κατὰ
1572 3606 1664 3660 τὸν
1688 3605 1925 3665 Ἃκύλαν

339 3698 417 3762 ὁὶ,
455 3698 580 3768 φῶς
603 3702 722 3753 ἐκεῖ
752 3701 888 3771 πρὸς
916 3702 1043 3764 τοὺς
1074 3699 1258 3765 ἀξίους
1286 3699 1642 3769 φωτίζεσθαι,
1672 3697 1771 3751 καὶ
1801 3696 1924 3766 πῦρ

343 3790 478 3862 πρὸς
504 3793 631 3855 τοὺς
660 3791 951 3864 δεομένους
981 3792 1324 3865 καθάρσεως.

931 4054 1182 4110 ΚΕΦΔΛ.
1217 4054 1343 4110 AB'.

411 4157 552 4222 α-η’.
618 4149 775 4206 Ἰδοὺ
800 4149 910 4221 τὰρ
934 4147 1239 4215 βασιλεὺς
1260 4146 1495 4211 δίκαιος
1532 4147 1919 4213 βασιλεύσει,

272 4272 289 4283 ο
339 4243 434 4297 καὶ
464 4243 757 4311 ἄρχοντες
784 4244 934 4312 μετὰ
959 4240 1216 4310 κρίσεως
1243 4238 1525 4307 ἄρξουσι,
1553 4238 1649 4291 καί
1685 4239 1859 4293 ἔσται
1888 4240 1923 4293 δ

2026 1778 2494 1838 circumdabantur
2525 1782 2677 1853 quasi
2715 1780 2854 1835 vallo
2885 1782 3177 1845 habemus;
3209 1783 3279 1832 ita
3345 1780 3598 1851 Symma-

2028 1880 2165 1932 chus
2199 1894 2212 1930 :
2250 1876 2413 1931 Petra
2445 1878 2560 1945 ejus
2594 1875 2876 1929 metuenda
2907 1873 3270 1943 pertransibit,
3290 1884 3339 1927 et
3384 1875 3600 1929 vincen-

2027 1982 2114 2024 tur
2142 1971 2405 2040 principes
2442 1971 2577 2039 ejus,
2624 1969 2699 2021 ait
2752 1967 3036 2032 Dominus,
3081 1967 3336 2038 Assyrios
3390 1967 3599 2037 siguill-

2025 2076 2180 2116 caus.
2227 2060 2359 2114 Nam
2388 2070 2550 2130 petrae
2578 2059 2820 2120 nomine,
2865 2058 3078 2127 imperii
3111 2058 3234 2123 eius
3275 2058 3442 2112 robur
3509 2059 3599 2112 in-

2025 2152 2252 2207 tellexit.
2294 2149 2518 2211 Verum.
2547 2157 2604 2203 ut
2634 2164 2751 2210 eos.
2787 2151 2880 2219 qui
2916 2149 2970 2201 in
3021 2146 3312 2219 Egyptum
3347 2146 3603 2218 profuge-

2026 2251 2166 2304 rant,
2206 2240 2274 2293 ad
2306 2239 2645 2293 redeundum
2697 2239 3002 2293 Jerusalem
3047 2241 3322 2300 invitaret.
3376 2239 3637 2306 Beatus,.

2026 2329 2222 2396 inquit,
2262 2330 2352 2399 qui
2389 2328 2543 2382 habet
2572 2328 2738 2398 379
2768 2329 2821 2381 in
2854 2327 2985 2381 Sion
3017 2343 3213 2390 semen,
3260 2336 3311 2380 et
3343 2326 3600 2381 domesti-

2023 2434 2109 2472 cos
2134 2420 2189 2471 in
2219 2416 2557 2483 Jerusalem;
2586 2420 2713 2488 quia
2744 2414 3055 2487 pristinam’
3079 2432 3186 2471 nou
3221 2427 3429 2469 tantum
3481 2418 3603 2486 glo-

2027 2510 2184 2572 riam,
2216 2510 2309 2563 sed
2346 2513 2605 2577 majorem
2646 2507 2812 2561 etiam
2857 2516 3250 2575 recuperatura
3281 2507 3374 2560 sit.
3408 2505 3601 2572 Itaque

2025 2598 2156 2651 dicit
2188 2598 2316 2652 alibi
2351 2617 2365 2653 :
2403 2616 2426 2651 ι
2486 2598 2550 2651 Ει
2610 2598 2780 2668 gloria
2824 2598 3021 2652 domus
3077 2597 3241 2664 hujus
3299 2603 3601 2664 postrema.

2035 2701 2204 2755 supra
2238 2687 2473 2756 priorem
2508 2687 2576 2739 ⁸⁷.
2614 2703 2633 2736 ι
2660 2686 2728 2739 At
2757 2686 2901 2739 enim
2929 2686 3089 2739 obelo
3122 2683 3441 2739 confoditur
3472 2685 3601 2742 bea-

2032 2787 2138 2840 tus,
2188 2764 2244 2830 ut
2301 2777 2464 2845 adjici
2516 2775 2873 2846 significetur.
2948 2773 3041 2829 Sic
3102 2786 3284 2831 autem
3353 2776 3589 2846 reliqua,

2030 2865 2203 2919 Habet
2230 2868 2400 2937 ignem
2432 2867 2489 2920 in
2540 2867 2691 2932 Sion,
2745 2877 2794 2920 et
2849 2862 3125 2919 clibanum
3170 2866 3227 2919 in
3274 2865 3599 2935 Jerusalem,

2028 2960 2295 3027 expressit
2322 2955 2718 3026 Symmachus;
2756 2956 2953 3026 Aquila
3001 2971 3130 3010 vero
3165 2963 3219 3009 et
3247 2953 3551 3011 Theodotio
3580 2974 3599 3013 :

2031 3047 2230 3101 Lumen
2262 3048 2312 3101 ei
2332 3049 2383 3101 in
2418 3046 2546 3102 Sion
2573 3057 2622 3101 et
2645 3047 2890 3100 clibanus
2915 3046 2970 3100 in
3002 3043 3333 3110 Jerusalem,
3358 3045 3427 3101 de
3456 3045 3596 3111 Deo,

2032 3138 2124 3204 qui
2170 3134 2519 3205 Babylonium
2558 3136 2801 3200 sustulit,
2853 3136 3018 3190 verba
3072 3135 3355 3190 facientes.
3416 3140 3603 3204 Atque

2035 3227 2139 3279 hoc
2164 3227 2285 3294 igne
2309 3225 2433 3278 illos
2466 3225 2760 3289 comburit,
2792 3228 2884 3293 qui
2916 3224 3034 3293 ejus
3063 3227 3280 3288 urbem,
3312 3233 3367 3278 et
3408 3223 3603 3280 Eccle-

2029 3314 2165 3369 siam
2216 3317 2488 3384 praecipue
2528 3313 2646 3367 ausi
2678 3322 2807 3367 sunt
2834 3321 3205 3377 contemnere,
3237 3313 3305 3368 de
3364 3328 3473 3383 qua
3519 3313 3607 3369 di-

2029 3415 2183 3462 ctum
2222 3404 2455 3474 legimus
2484 3420 2497 3456 :
2529 3422 2548 3454 ι
2579 3402 2830 3458 Gloriosa
2864 3403 3008 3457 dicta
3042 3409 3172 3456 sunt
3200 3401 3268 3456 de
3306 3408 3381 3468 te,
3410 3403 3607 3460 civitas

2029 3496 2124 3552 Dei
2158 3495 2223 3552 “.
2268 3514 2286 3548 ι
2324 3493 2389 3547 Ει
2422 3511 2435 3548 :
2470 3512 2490 3546 ι
2520 3492 2791 3549 Fluminis
2848 3494 3081 3562 impetus
3120 3492 3360 3547 laetiﬁcat
3402 3494 3605 3550 civita-

2029 3596 2135 3642 tem
2172 3588 2263 3643 Dei
2296 3589 2363 3641 ”.
2410 3604 2428 3638 ι
2487 3586 2582 3639 Est
2628 3588 2774 3639 enim
2828 3585 2966 3655 ignis
3002 3585 3059 3640 in
3108 3585 3227 3655 ipsa
3278 3585 3497 3655 quidem
3548 3594 3608 3642 et

2029 3679 2308 3743 clibanus;
2343 3686 2403 3732 ut
2453 3676 2896 3745 uniuscujusque
2934 3677 3131 3732 anima:
3180 3676 3351 3746 ligna,
3416 3676 3603 3734 fenum

2026 3780 2078 3824 et
2109 3767 2366 3833 stipulam
2398 3767 2722 3822 comburere
2760 3768 2958 3821 valeat.
2989 3766 3303 3822 Secundum
3339 3769 3600 3841 Aquilam

2028 3866 2233 3923 autem,
2262 3855 2434 3910 (union
2466 3856 2565 3920 ibi,
2596 3864 2657 3911 ut
2710 3856 2938 3911 meritos
2988 3856 3300 3926 illuminet;
3335 3867 3392 3914 et
3438 3860 3606 3931 ignis,

2029 3957 2090 4003 ut
2129 3963 2271 4023 quos
2294 3962 2435 4019 opus
2461 3956 2566 4012 est,
2594 3948 2795 4017 expiet.

2600 4038 2751 4094 CAP.
2791 4037 3005 4095 XXXII.

2095 4133 2269 4204 380'
2291 4131 2457 4187 Vens.
2494 4133 2603 4186 1-8.
2651 4130 2782 4185 Ecce
2802 4132 2941 4185 enim
2979 4146 3072 4186 rea:
3114 4132 3301 4203 justus
3339 4137 3602 4207 regnabit,

2024 4234 2075 4281 et
2104 4226 2364 4295 principes
2392 4239 2507 4277 cum
2534 4223 2743 4291 judicia
2783 4222 3114 4291 imperabunt
3145 4240 3165 4278 :
3192 4235 3242 4279 et
3293 4229 3398 4281 erit
3441 4228 3603 4285 homo

339 4332 650 4399 ἅνθρωπος
675 4332 954 4399 κρύπτων
973 4329 1116 4395 τοὺς
1139 4329 1363 4398 λόγους
1393 4326 1602 4381 αὐτοῦ.
1633 4327 1743 4381 Καὶ
1776 4344 1920 4395 κρυ-

2026 4317 2300 4371 occultans
2366 4331 2631 4370 sermones
2681 4331 2826 4380 suos,
2888 4324 2939 4367 et
2995 4314 3372 4383 occultabitur,
3425 4329 3483 4373 ut
3532 4319 3605 4373 ab

340 4410 586 4487 Griaeta‘t
611 4422 692 4487 ὡς
719 4421 819 4490 ἀφ’
848 4419 1067 4483 ὕδατος
1089 4416 1444 4488 φερομένου.
1501 4417 1610 4471 Kal
1656 4417 1924 4486 φανήσε-

339 4527 434 4565 ται
464 4514 535 4566 ἐν
568 4511 743 4575 Σιὼν,
797 4511 879 4577 ὡς
914 4510 1182 4579 ποταμὸς
1229 4510 1558 4578 φερόμενος
1585 4508 1835 4575 ἔνδοξος
1858 4509 1928 4563 ἐν

339 4601 419 4673 τῇ
446 4602 711 4671 διψώσῃ,
735 4621 789 4656 κ.
831 4618 885 4655 τ.
908 4601 961 4655 λ.

423 4695 488 4747 Ἦ
522 4694 620 4764 μὲν
642 4694 752 4747 τῶν
794 4693 1202 4763 Ἐὄδομήκοντα
1234 4691 1447 4755 ἔκδοσις
1475 4689 1736 4744 συνάπτει
1756 4691 1926 4746 ταῦτα

337 4789 451 4850 τοῖς
484 4787 817 4858 εἰρημένοις.
850 4783 1203 4857 Προειπούσα
1233 4784 1342 4854 γὰρ
1368 4782 1449 4849 τὸ,
1487 4801 1507 4834 ι
1540 4784 1827 4854 Μακάριος
1856 4783 1916 4846 ὃς

339 4876 453 4950 ἔχει
481 4878 539 4931 ὲν
568 4878 708 4932 Σιὼν
739 4878 982 4949 σπέρμα,
1016 4877 1112 4931 κοιλ⁵
1137 4877 1375 4939 οἰκείους
1409 4877 1467 4929 εν
1500 4873 1909 4946 ⁹1ερουσαλὴμ,ι

340 4970 646 5033 ἀκολούθως
677 4971 928 5042 ἐπήγαγε
957 4969 1038 5037 τὸ,
1054 4967 1202 5024 Ἰδοὺ
1228 4966 1339 5039 γὰρ
1354 4965 1659 5033 βασιλεὺς
1686 4959 1915 5030 δίκαιος

256 5053 269 5059 ’
333 5059 721 5128 βασιλεύσει.
769 5060 925 5115 Ἐπεὶ
969 5062 1077 5133 γὰρ
1112 5058 1288 5114 ταῦτα
1350 5057 1536 5129 μέλλει
1583 5057 1829 5126 γίνεσθαι
1857 5058 1917 5112 ὲν

352 5150 731 5223 Ἰερουσαλὴμ,
760 5151 989 5214 εἰκότως
1022 5148 1325 5220 μακαρίζει
1358 5150 1486 5212 τοὺς
1537 5148 1741 5203 τούτων

2025 4421 2184 4475 aqua,
2206 4419 2322 4473 qua
2351 4403 2542 4472 fertur.
2574 4402 2641 4456 Et
2669 4402 2941 4470 apparebit
2971 4403 3026 4457 in
3055 4402 3189 4458 Sion
3220 4405 3355 4461 sicut
3401 4406 3602 4477 ﬂuvius

2024 4511 2273 4562 currens,
2302 4495 2531 4567 inclytus
2560 4497 2616 4549 in
2640 4506 2784 4550 terra
2810 4495 3033 4561 sitienti,
3063 4505 3175 4552 etc.

2094 4695 2433 4766 lnterpretes
2472 4694 2830 4767 Septuaginta
2859 4697 3049 4757 istbtec
3080 4714 3206 4756 cum
3238 4704 3601 4773 praecedenti-

2022 4788 2126 4844 bus
2148 4789 2405 4859 jungunt.
2440 4787 2576 4843 Cum
2599 4790 2744 4844 enim
2775 4791 3170 4859 praemisissent
3196 4794 3412 4850 beatum
3458 4799 3606 4855 exsio

2023 4889 2191 4944 stere,
2227 4881 2320 4951 qui
2346 4881 2400 4934 in
2424 4878 2592 4936 Sione
2622 4896 2809 4935 semen
2832 4881 3079 4948 haberet,
3103 4892 3158 4940 et
3172 4886 3502 4947 domesticos
3545 4892 3603 4946 in

2017 4967 2343 5033 Jerusalem,
2361 4968 2552 5023 ordino
2562 4970 2697 5041 jam,
2724 4968 2859 5024 Ecce
2873 4972 3011 5025 enim
3032 4971 3141 5026 Rea:
3150 4974 3331 5041 justus
3345 4980 3604 5054 regnabit,

2023 5057 2422 5128 adiunxerunt.
2468 5057 2622 5122 Quod
2651 5058 2780 5127 quia
2805 5058 2860 5113 in
2909 5057 3213 5117 Jerusalem
3232 5066 3471 5119 futurqu
3492 5078 3598 5131 est,

2021 5162 2243 5202 noneos
2265 5147 2558 5209 immerito,
2581 5150 2673 5217 qui
2694 5146 2814 5216 ejus
2836 5147 3004 5204 futuri
3021 5161 3147 5206 sunt
3164 5155 3473 5223 participes.
3487 5158 3604 5211 bea-

335 5240 522 5297 λαύειν
561 5242 855 5315 μέλλοντας
876 5242 934 5296 ιν
971 5241 1131 5313 αὐτῇ.
1161 5242 1222 5297 οι
1250 5241 1307 5294 δὲ
1330 5240 1508 5293 λοιποὶ
1536 5240 1605 5294 τὰ
1632 5240 1726 5293 νῦν
1756 5249 1785 5278 ιι
1810 5240 1907 5293 καὶ

2025 5247 2094 5291 tos
2143 5237 2397 5307 appellat.
2420 5234 2616 5290 Verum
2668 5249 2731 5291 ea
2748 5236 2888 5308 ipsa,
2905 5236 3184 5310 dequibus
3206 5242 3437 5314 agimus,
3462 5247 3604 5301 alto-

407 5425 454 5458 "
487 5423 671 5494 Λαεκί
691 5439 755 5491 ιι,
786 5423 875 5482 10.

975 5429 1024 5463 ³⁸
1053 5429 1199 5489 Psal.
1231 5447 1415 5500 um,
1450 5430 1605 5495 “1,5.
1677 5430 1721 5461 ”
1752 5423 1900 5480 Psal.
1935 5438 2061 5486 xu,
2095 5424 2138 5483 δι

1557 5545 1789 5603 VARUE
1830 5540 2234 5599 LECTIONES.

437 5617 468 5647 ³
488 5629 580 5681 γρ.
613 5610 775 5672 εἶναι.
