4022 6210
362 287 501 351 2279
1135 271 1138 276 ·
1680 275 1936 338 runco}

2070 270 2316 337 GAZJEI
3473 272 3624 341 22843

365 408 667 464 usurpasse
717 389 971 460 legimus.
1025 385 1118 443 Sic
1172 387 1337 457 igitur
1383 387 1633 441 veritatis
1687 391 1936 441 amantes

2040 381 2338 454 dpeovnepl
2391 378 2651 450 ἀληθείας
2703 377 3009 448 προέφερεν
3057 373 3148 430 τὸν
3208 375 3384 447 λόγον,
3432 381 3623 437 τοῦτον

363 489 578 542 animas
607 483 855 538 eatudem
896 481 1112 535 discere
1145 493 1252 533 non
1290 479 1697 548 permittebant.
1724 476 1784 533 Si
1817 477 1936 547 quis

2050 473 2530 536 διασκεδαννύντες
2554 470 2836 543 ἠφάνιζον.

361 581 507 634 enim
553 577 835 632 modestus
867 584 922 629 ct.
949 572 1164 628 humilis
1197 579 1408 629 rectum
1439 571 1570 643 quid
1602 568 1672 627 de
1703 570 1931 626 veritate
1965 567 2309 638 protulisset,
2344 567 2584 637 idipsum
2657 563 2841 620 statim
2885 559 3206 633 detorqueri
3253 561 3504 636 improbe
3564 569 3626 622 et

364 669 628 740 dissipari
668 669 956 723 curabant.

433 843 676 898 Fortasis
708 850 888 894 autem
933 849 988 894 et
1018 840 1143 908 ipso
1168 837 1452 892 humilium
1492 835 1714 893 nomine
1744 832 1934 893 beatos

342 950 695 1006 arcanarum
728 949 904 986 rerum
937 933 1268 1000 interpretes
1295 931 1636 1001 signiﬁcasse
1664 931 1932 996 videatur;

363 1043 595 1096 quarunt
631 1041 895 1078 sermones
931 1023 1305 1092 oppugnabant
1335 1039 1458 1077 cum
1489 1039 1670 1076 eorum
1706 1023 1759 1076 in
1786 1023 1936 1091 judi-

360 1121 442 1174 cio
471 1118 626 1174 verba
658 1117 920 1182 dissipare
959 1125 1309 1178 conarentur,
1343 1130 1479 1184 quos
1513 1115 1631 1186 pios
1667 1116 1933 1180 nominat,

362 1214 418 1261 et
449 1208 714 1275 sapienter
747 1202 1101 1265 consuluisse.
1129 1221 1432 1278 eorumque
1474 1207 1778 1271 censilium,
1819 1205 1934 1270 illo,

361 1301 504 1368 quo'l
553 1298 843 1367 impiorum
878 1307 981 1360 est,
1013 1281 1306 1367 dissipato,
1347 1313 1771 1366 permansurum
1802 1296 1938 1366 adji-

361 1392 454 1443 cit.
485 1388 640 1453 Quod
673 1389 720 1443 εἰ
760 1389 890 1440 libet
916 1387 981 1440 ad
1018 1388 1329 1458 Symmachi
1360 1397 1596 1442 mentem
1629 1386 1930 1457 respicere;

362 1467 611 1534 absoluta
646 1483 697 1533 in
735 1481 936 1534 Stultos
971 1481 1246 1549 principes
1275 1483 1614 1545 narratione,
1667 1481 1741 1534 ita
1779 1476 1940 1535 colli-

361 1569 481 1637 git:
530 1567 782 1636 Princeps
869 1584 984 1620 vero
1060 1579 1160 1632 ea,
1251 1585 1368 1639 qua:
1441 1565 1697 1639 principis
1774 1579 1940 1635 sunt,

361 1658 657 1726 cogitabit,
729 1666 779 1711 et
835 1655 947 1710 dux
1024 1658 1291 1727 erigetur-
1347 1657 1514 1711 Duces
1574 1659 1720 1713 enim
1785 1659 1942 1714 nobis

361 1749 641 1818 apostolos
685 1765 777 1808 rea:
816 1749 994 1816 iustus
1040 1750 1276 1820 largitus
1323 1758 1430 1816 est,
1461 1751 1555 1820 qui
1602 1750 1658 1804 in
1709 1749 1943 1806 Psalmis

359 1839 433 1893 ita
517 1841 758 1907 loquitur
820 1859 832 1894 :

360 1928 471 1982 dux
522 1943 693 1991 meus,
728 1937 781 1982 et
827 1939 990 1982 notus
1045 1943 1195 1982 meus
1234 1929 1302 1984 ‘°.
1342 1946 1360 1974 ι
1416 1927 1574 1982 Nulla
1616 1939 1794 1984 autem
1845 1929 1934 1984 hic

361 2021 588 2074 omnino
628 2021 711 2074 vel
764 2020 1006 2082 lsraelis,
1043 2020 1127 2074 vel
1165 2018 1381 2083 Jacobi,
1413 2021 1495 2075 vel
1533 2019 1688 2074 ludas
1733 2022 1968 2098 mentio

362 2109 509 2165 facta
555 2111 844 2180 reperitur,
881 2109 1026 2178 quod
1061 2109 1127 2165 de
1157 2111 1378 2164 Christo
1411 2121 1467 2166 et
1497 2111 1763 2183 Ecclesiae
1801 2127 1936 2180 prte-

363 2200 521 2254 l‘eCIis
554 2216 733 2254 sermo
779 2201 1110 2265 instituitur,
1144 2201 1197 2254 in
1244 2216 1351 2270 qua
1399 2212 1552 2257 vetus
1587 2203 1717 2257 illud
1750 2210 1804 2257 et
1837 2201 1937 2255 llo-

364 2307 490 2346 reus
548 2276 833 2346 beatorum
899 2292 1178 2345 hominum
1243 2308 1464 2362 germen
1527 2293 1738 2349 fructus
1801 2295 1936 2349 adeo

364 2384 558 2437 uberes
583 2383 775 2447 edidit,
809 2391 868 2436 ut
892 2383 1079 2438 orbem
1110 2384 1428 2440 universum
1461 2400 1561 2439 sua
1594 2385 1934 2440 benedictio-

363 2491 430 2528 ne
483 2474 797 2542 repleverit.
849 2473 1027 2544 Atque
1071 2476 1202 2530 hinc
1248 2483 1352 2540 est,
1388 2475 1532 2545 quod
1580 2477 1770 2532 beatos
1815 2477 1935 2533 illos

362 2565 756 2632 pronuntiavit,
802 2566 896 2632 qui
944 2566 997 2618 in
1040 2565 1205 2620 Sione
1251 2581 1437 2622 semen
1477 2567 1764 2633 haberent,
1803 2583 1932 2636 pro-

362 2657 556 2722 phetas
597 2657 882 2722 nimirum,
914 2656 1158 2712 dicentes
1201 2675 1214 2711 :
1255 2656 1420 2728 384
1457 2675 1476 2708 ‹
1515 2657 1625 2712 Nisi
1671 2657 1934 2714 Dominus

363 2750 602 2805 Sabaoth
633 2751 949 2820 reliquisset
975 2753 1132 2807 nobis
1155 2769 1364 2816 semen,
1389 2761 1649 2823 tanquam
1673 2754 1930 2818 Sodoma,

363 2853 416 2896 ct
445 2841 749 2896 Gomorrha
785 2841 912 2902 facti
942 2857 1190 2898 essemus
1221 2843 1298 2909 “;
1339 2862 1358 2894 ›
1391 2843 1484 2912 qui
1529 2859 1716 2898 semen
1756 2853 1809 2898 et
1833 2847 1932 2898 do-

362 2935 624 2990 mesticos
677 2951 742 2990 ex
789 2933 1051 2989 Ecclesia;
1115 2935 1486 2990 sectatoribus
1549 2936 1931 3005 possederunt.

363 3023 529 3078 Aiunt
567 3033 747 3080 autem
790 3025 1064 3091 nonnulli,
1098 3025 1307 3090 urbem,
1335 3032 1388 3079 et
1418 3024 1538 3094 ejus
1571 3025 1776 3080 incolas
1807 3025 1935 3079 bea-

362 3119 449 3167 tos
487 3114 779 3182 appellare,
820 3128 1056 3182 quorum
1084 3127 1273 3167 curam
1313 3129 1508 3182 gerens
1549 3112 1810 3168 Dominus
1847 3115 1935 3167 in-

2114 829 2277 898 Λέγοι
2321 829 2366 884 δ’
2393 828 2458 884 ἂν
2482 827 2800 895 ταπεινοὺς
2828 829 2919 881 καὶ
2945 828 3072 883 τοὺς
3099 828 3289 898 ἁγίους
3329 844 3620 901 μυσταγω-

2041 922 2192 989 γοὺς,
2243 914 2318 974 ὧν
2343 921 2413 974 ἐν
2441 923 2646 989 λόγοις
2677 921 3243 988 κατεστρατεύοντο,
3274 923 3402 986 τοὺς
3425 925 3482 976 ὲν
3506 925 3625 992 xpl-

2037 1027 2132 1066 σει
2155 1014 2379 1081 λόγους
2428 1011 2628 1065 αὐτῶν
2680 1011 2972 1078 ἀφανίσαι
3024 1012 3622 1085 σπουδάσαντες.11ερὶ

2038 1098 2113 1156 ὧν
2133 1105 2434 1173 ἐπήγαγεν,
2454 1104 2506 1156 ol
2529 1100 2596 1154 δὲ
2615 1101 2882 1167 εὐσεϐεῖς
2905 1104 3132 1156 συνετὰ
3151 1101 3618 1160 ἐϐουλεύσαντο·

2037 1190 2112 1247 ὧν
2135 1195 2227 1246 καὶ
2257 1190 2516 1261 ἠβουλὴ
2560 1193 2713 1263 μένει
2772 1193 2954 1261 πάσης
3001 1192 3234 1257 ἀσεϐοῦς
3268 1197 3621 1267 κατηργημέ-

2038 1303 2134 1355 vq;
2178 1282 2456 1351 βουλῆς.
2490 1285 2645 1337 Κατὰ
2695 1285 2750 1336 δὲ
2799 1284 2890 1337 τὸν
2933 1284 3264 1354 Σύμμαχονο
3312 1288 3455 1356 μετὰ
3521 1290 3622 1358 τὴν

2038 1376 2180 1429 κατὰ
2218 1376 2325 1428 τῶν
2359 1373 2557 1444 μωρῶν
2622 1374 2900 1444 ἀρχόντων
2948 1373 3226 1444 διήγησιν,
3277 1375 3615 1444 ὲπιλέγεται⁴

2041 1469 2265 1536 Ἄρχων
2292 1466 2360 1520 δὲ
2401 1465 2727 1534 ἀρχοντικὰ
2767 1467 3198 1529 βουλεύσεται,
3234 1467 3334 1519 καί
3382 1467 3623 1534 ἡγεμὼν

2036 1558 2542 1624 ἀναστήσεται..’0
2589 1557 2698 1626 γὰρ
2727 1556 2955 1621 δίκαιος
2982 1555 3284 1622 ,βασιλεὺς
3317 1558 3621 1626 ἡγεμόνας

2036 1651 2168 1719 ἡμῖν
2195 1651 2323 1713 τοὺς
2362 1650 2693 1711 ἀποστόλους
2732 1646 3054 1718 δεδώρηται.
3098 1650 3194 1712 ’ος
3242 1648 3335 1702 καί
3363 1661 3524 1720 φησιν
3561 1653 3620 1703 ὲν

2038 1741 2309 1811 Ψαλμοῖς·
2350 1759 2370 1793 ι
2401 1742 2473 1795 Σὺ
2515 1741 2594 1804 δὲ,
2628 1740 3176 1811 ἄνθρωπε,’ίσόψυχε
3223 1739 3447 1810 ἡγεμών
3489 1758 3615 1810 μου,

899 1859 916 1891 ι
979 1837 1059 1892 Tu
1142 1834 1274 1894 v’ero
1357 1840 1521 1894 homo
1613 1841 1932 1906 unanimis,

2040 1833 2131 1884 καὶ
2155 1832 2365 1900 γνωστέ
2417 1849 2536 1902 μου.
2598 1832 2755 1898 [Ἑν
2804 1831 2976 1884 ἅπασι
3017 1827 3074 1883 δὲ
3121 1829 3331 1894 τούτοις
3379 1831 3618 1902 οὐδαμοῦ

2054 1923 2290 1995 Ἰσραὴλ,
2323 1925 2355 1994 ἢ
2398 1921 2612 1989 Ἰακὼϐ,
2649 1923 2680 1995 ἦ
2737 1923 2938 1986 Ἰούδας
2965 1919 3299 1993 ὠνόμασται,
3335 1919 3429 1978 ἅτε
3489 1919 3618 1993 περὶ

2040 2014 2275 2084 Χριστοῦ
2301 2010 2396 2066 τοῦ
2419 2013 2578 2083 λόγου
2606 2013 2990 2082 τυγχάνοντος,
3026 2014 3122 2066 καὶ
3151 2013 3261 2067 τῶν
3288 2015 3345 2067 ὲν
3385 2013 3617 2084 Ἐκκλη-

2043 2106 2134 2176 aia
2164 2104 2429 2175 ἐξάρχων,
2456 2106 2511 2156 ὲν
2624 2104 2686 2157 τὸ
2743 2103 2964 2175 σπέρμα
2992 2103 3101 2157 τῶν
3131 2105 3299 2158 παλαι
3330 2105 3614 2175 μακαρίων

2041 2193 2249 2262 ἀνδρῶν
2279 2193 2582 2263 ἐξανθῆσαν
2622 2194 3066 2265 ὲκαρποφόρησε,
3115 2196 3296 2248 πᾶσάν
3318 2211 3378 2248 τε
3411 2196 3509 2266 τὴν
3534 2198 3614 2249 οί-
3633 2216 3650 2223 ε

2041 2283 2314 2353 κουμένην
2344 2285 2441 2354 τῆς
2505 2285 2641 2347 ἰδίας
2702 2285 2954 2354 εὐλογίας
3005 2283 3314 2356 ἐπλήρωσε.
3358 2287 3448 2340 Διὸ
3487 2288 3613 2350 τοὺς

2040 2375 2260 2446 ἔχοντας
2294 2378 2350 2428 ὲν
2375 2374 2512 2428 Σιὼν
2560 2377 2780 2446 σπέρμα
2841 2377 3143 2447 μακαρίους
3187 2377 3456 2446 ὠνόμαζε,
3487 2379 3613 2442 τοὺς

2040 2469 2326 2541 προφήτας
2355 2470 2595 2539 δηλονότι
2647 2471 2774 2533 τοὺς
2809 2469 3066 2538 λέγοντας
3096 2487 3112 2503 ο
3149 2488 3166 2522 ‹
3200 2472 3261 2523 Et
3290 2471 3363 2542 μὴ
3411 2471 3612 2542 Κύριος

2041 2561 2270 2616 Σαϐαὼθ
2323 2562 2683 2629 ἐγκατέλιπεν
2739 2561 2872 2633 ἡμῖν
2934 2564 3173 2632 σπέρμα,
3208 2564 3282 2625 ὡς
3310 2555 3519 2634 Σόδομα
3546 2563 3612 2617 ἂν

2041 2653 2404 2722 ἐγενήθημεν,
2439 2655 2531 2704 καὶ
2561 2653 2633 2716 ὡς
2674 2652 2931 2724 Γόμορρα
2972 2655 3038 2707 ἂν
3069 2648 3468 2728 ὡμοιώθημεν,
3509 2675 3527 2708 ι
3560 2655 3610 2709 οἳ

2043 2745 2267 2815 σπέρμα
2291 2748 2382 2797 καὶ
2410 2743 2644 2807 οἰκείους
2665 2745 2787 2806 τοὺς
2823 2748 2886 2798 ἐκ
2914 2746 3014 2815 τῆς
3075 2746 3405 2816 Ἐκκλησίας
3445 2748 3612 2816 ὲκτήέ

2044 2851 2224 2887 σαντο.
2259 2835 2415 2897 Τινὲς
2444 2834 2498 2887 δέ
2527 2851 2689 2904 φασιν
2745 2834 2819 2897 ὡς
2851 2834 3142 2905 μακαρίζει
3189 2835 3288 2906 τὴν
3317 2837 3490 2901 πόλιν,
3516 2837 3613 2892 καὶ

2040 2928 2165 2988 τοὺς
2189 2925 2394 2997 ταύτης
2435 2929 2746 2999 οἰκήτορας,
2777 2919 2851 2979 ὧν
2879 2925 3008 2990 Θεὸς
3050 2928 3364 2998 κηδόμενος,
3397 2925 3611 3001 ἀοράτῳ

2043 3016 2223 3088 πληγῇ
2258 3020 2564 3088 μετήρχετο
2587 3019 2676 3070 τὸν
2719 3005 3022 3088 Ἀσσύριον.
3049 3012 3157 3082 Ἶίς
3183 3019 3414 3074 δίκαιον
3429 3022 3613 3085 ,βασι-

2039 3109 2150 3162 λέα
2188 3109 2310 3162 καθ’
2342 3111 2584 3179 ἱστορίαν
2622 3110 2720 3180 μὲν
2757 3109 2848 3162 τὸν
2884 3111 3132 3173 Ἐζεκίαν
3183 3112 3338 3180 φησί’
3404 3111 3612 3181 κυρίως

362 3173 574 3257 νὶεἱιιίιί
609 3173 773 3272 plaga
813 3173 1096 3273 A'ssyrium
1133 3173 1442 3271 acceperit;
1480 3203 1740 3273 urbisque
1769 3219 1936 3273 regem

2040 3199 2093 3252 δὲ
2126 3199 2276 3270 δηλοῖ
2296 3199 2388 3252 τὸν
2424 3173 2670 3269 Σὶυτῆρᾷ.
2705 3201 2777 3252 Tt
2800 3201 2908 3271 γὰρ
2929 3201 3143 3270 ἀληθῶς
3176 3173 3467 3272 μακάριον,
3482 3173 3613 3254 ’τῶν

364 3294 583 3359 iustum,
641 3293 942 3347 secundum
997 3293 1279 3347 historiam
1337 3294 1592 3362 quidem,
1648 3294 1937 3348 Ezechiam

363 3399 523 3450 esse;
552 3385 768 3454 proprie
795 3394 978 3437 autem
1011 3381 1352 3437 Salvatorem
1387 3382 1708 3452 signiﬁcari.
1743 3383 1936 3438 Veram

364 3476 509 3528 enim
534 3474 923 3529 beatitudinem
953 3489 1146 3528 eorum
1188 3481 1397 3527 tantum
1425 3489 1546 3528 esse
1570 3476 1659 3544 qui
1687 3490 1938 3544 superna:

367 3564 551 3618 Sionis
593 3564 743 3620 cives
790 3563 991 3627 effecti,
1019 3563 1225 3617 Christi
1257 3565 1400 3632 regis
1430 3563 1590 3617 titulo
1629 3563 1939 3617 inscribun-

367 3662 478 3719 tur,
510 3657 575 3706 ad
606 3669 765 3723 quem
811 3669 1084 3708 summam
1140 3653 1288 3708 illam
1316 3649 1590 3724 justitia‘m
1627 3655 1935 3720 referimus,

368 3744 572 3798 nullum
603 3745 745 3798 inter
777 3745 1057 3810 mortales,
1085 3746 1179 3814 qui
1213 3746 1318 3799 labi
1352 3760 1459 3799 non
1479 3730 1655 3815 queat
1685 3747 1891 3814 experti
1921 3763 1934 3800 :

368 3850 476 3889 non
524 3834 684 3888 aliter
715 3849 878 3904 quam
921 3835 988 3890 de
1030 3836 1346 3891 hominibus
1391 3838 1698 3908 loquentes,
1732 3839 1938 3894 eisdem

369 3927 682 3982 vitiositatis
739 3927 956 3996 quidem
1014 3935 1224 3998 partem
1282 3927 1552 3998 aliquam,
1603 3921 1707 3984 uui'
1754 3938 1936 3985 autem

364 4019 588 4073 diabolo
628 4020 818 4073 vitium
865 4021 1138 4089 integrum
1186 4030 1240 4074 et
1278 4035 1553 4076 summum
1584 4021 1935 4077 ascribimus.

368 4109 628 4178 Sequitur
659 4126 673 4162 :
705 4107 775 4161 Et
805 4109 905 4163 erit
957 4108 1111 4162 homo
1161 4109 1431 4163 occultans
1480 4127 1744 4173 sermones
1791 4129 1936 4177 suos,

369 4208 676 4270 ca‘teraque
718 4200 997 4270 deinceps.
1033 4199 1134 4267 Qui
1167 4201 1312 4255 enim
1346 4201 1399 4254 in
1431 4202 1640 4273 seipsos
1672 4220 1936 4259 sermones

369 4287 468 4342 Dei
501 4290 553 4342 in
579 4289 793 4356 iustitia
831 4291 1145 4355 meditatur,
1187 4293 1254 4343 ab
1284 4291 1602 4347 imminente
1633 4294 1712 4347 ira
1753 4302 1930 4362 prote-

366 4379 532 4448 gitur.
581 4376 718 4431 Hinc
755 4380 841 4431 illa
877 4379 1094 4432 Davidis
1129 4396 1142 4432 :
1182 4396 1201 4429 ι
1237 4381 1344 4433 Lex
1379 4390 1468 4434 tua
1512 4381 1564 4434 in
1603 4381 1780 4436 medio
1808 4399 1938 4437 ven-

370 4465 471 4519 tris
525 4467 626 4521 mei
655 4466 724 4521 “.
765 4485 785 4518 ι
827 4466 890 4520 Ει
940 4467 1043 4520 alia
1091 4467 1393 4524 Salvatoris

2038 3291 2330 3346 οἰκούντων
2361 3290 2456 3359 τὴν
2509 3292 2620 3343 ἄνω
2655 3289 2816 3355 Σιὼν,
2843 3292 2936 3345 καὶ
2979 3290 3207 3360 βασιλέα
3231 3292 3465 3362 Χριστὸν
3491 3293 3616 3344 ὲπιο

2039 3382 2418 3452 γραφομένων,
2444 3383 2521 3445 εἰς
2543 3381 2600 3434 ὃν
2625 3382 2722 3451 τὴν
2747 3383 2924 3453 ἄκραν
2947 3381 3294 3450 δικαιοσύνην
3311 3382 3611 3452 ἀνάγομεν,

2043 3475 2115 3543 μὴ
2149 3473 2497 3542 εὑρίσκοντες
2555 3474 2613 3525 ὲν
2647 3473 2958 3544 ἀνθρώποις
3009 3473 3069 3526 τὸ
3110 3473 3388 3528 ἄπτωτονο
3419 3473 3612 3546 ὥσπερ

2037 3558 2131 3618 οὖν
2158 3565 2243 3616 ἐπ’
2273 3562 2576 3633 ἀνθρώπων
2600 3563 2659 3616 τὸ
2692 3563 2790 3633 μὲν
2824 3563 3049 3634 μερικδν
3077 3563 3178 3633 τῆς
3207 3563 3405 3627 κακίας
3426 3561 3612 3633 ὁριζό-

2043 3655 2202 3723 μεθα,
2231 3652 2398 3723 αὐτὴν
2424 3654 2480 3707 δὲ
2511 3655 2691 3708 πᾶσαν
2717 3654 2815 3724 τὴν
2845 3654 3046 3708 κακίαν
3075 3653 3154 3725 τῷ
3177 3653 3407 3725 διαϐόλῳ
3439 3669 3612 3726 προσ-

2038 3743 2294 3816 νέμομεν.
2330 3744 2434 3799 Καὶ
2466 3748 2637 3799 ἔσται
2671 3745 2980 3813 ἅνθρωπος
3014 3748 3291 3814 κρύπτων
3326 3746 3466 3813 τοὺς
3504 3748 3611 3800 λό-

2039 3853 2182 3906 γους
2205 3837 2415 3899 αὑτοῦ,
2447 3840 2539 3888 καὶ
2561 3838 2629 3890 τὰ
2657 3837 2801 3904 ἑξῆς.
2832 3837 2890 3890 ’0
2913 3839 3022 3907 γὰρ
3044 3839 3100 3891 ὲν
3129 3838 3307 3909 ἑαυτῷ
3332 3839 3472 3905 τοὺς
3503 3840 3610 3892 λό-

2037 3922 2323 3995 γουςτοῦ
2352 3924 2499 3978 Θεοῦ
2555 3922 2793 3994 μελετῶν
2849 3927 2906 3977 ὲν
2959 3925 3295 3998 δικαιοσύνῃ,
3321 3927 3415 3981 ἀπ’
3441 3930 3612 3999 ὀργῆς

2038 4017 2388 4086 ἐπειγομένης
2437 4017 2790 4081 σκεπάζεται.
2851 4016 2941 4069 Διό
3002 4033 3164 4087 φησιν
3193 4019 3221 4071 ὁ
3254 4019 3449 4073 Δαϐίδ·
3479 4037 3497 4071 t
3551 4020 3611 4075 Ὀ

2037 4107 2203 4176 νόμος
2236 4124 2331 4160 σου
2362 4109 2418 4159 ὲν
2453 4108 2600 4179 μέσῳ
2617 4111 2712 4180 τῆς
2741 4108 2951 4173 κοιλίας
2993 4126 3119 4179 μου,
3149 4129 3168 4163 ι
3203 4110 3309 4164 Τοῦ
3353 4111 3410 4164 δὲ
3436 4112 3624 4164 τοιού-’

2035 4215 2156 4263 του,
2196 4199 2360 4268 φησιν
2381 4201 2408 4252 ὁ
2435 4200 2649 4271 Σωτὴρ,
2685 4219 2702 4250 ι
2733 4202 2975 4269 Ποταμοὶ
3000 4202 3064 4255 ὲκ
3082 4203 3180 4273 τῆς
3205 4203 3413 4268 κοιλίας
3443 4204 3610 4260 αὐτοῦ

2039 4289 2324 4360 ῥεύσουσιν
2352 4288 2541 4353 ὕδατος
2575 4289 2796 4353 ζῶντος.
2821 4309 2838 4342 ι
2868 4292 2978 4344 Καὶ
3004 4294 3202 4347 οὐκέτι
3225 4294 3468 4351 ἔσονται
3502 4313 3608 4352 πε-

2037 4379 2309 4443 ποιθότες
2337 4378 2430 4430 ἐπ’
2463 4379 2817 4446 ἀνθρώποις,
2851 4381 3033 4451 φησίν.
3076 4383 3353 4448 Ἐπιόντος
3377 4385 3485 4455 γὰρ
3513 4386 3608 4439 τοῦ

1439 4486 1453 4523 :
1505 4489 1524 4521 ι
1572 4469 1822 4525 Flumina
1869 4473 1935 4528 de
1969 4499 2011 4554 ο
2052 4465 2333 4537 ’Δσσυρίου
2368 4469 2502 4538 πρὸς
2532 4469 2787 4539 πόλεμον,
2811 4471 3105 4525 ἀκόλουθον
3135 4469 3202 4543 ἦν
3232 4477 3355 4536 τοὺς
3382 4475 3612 4544 ἠλπικό-

366 4563 558 4608 ventre
588 4555 708 4620 ejus
740 4553 909 4607 ﬂuent
956 4569 1111 4624 aqua:
1153 4557 1386 4611 viventis
1420 4557 1486 4610 ".
1523 4575 1542 4608 ι
1579 4557 1779 4613 Deinde
1816 4577 1828 4612 :
1865 4557 1934 4611 Et

2041 4576 2140 4621 τας
2169 4560 2259 4612 ἐπὶ
2280 4559 2434 4625 Θεὸν,
2471 4561 2568 4630 τῆς
2625 4563 2732 4614 τῶν
2765 4563 3091 4631 ⁴Αίγυπτίων
3156 4563 3405 4635 βοηθείας
3445 4567 3616 4638 ὑπερ-

368 4659 473 4696 non
503 4644 735 4711 amplius
762 4654 917 4697 erunt
947 4644 1265 4712 conﬁdentes
1291 4647 1346 4700 in
1377 4647 1695 4710 hominibus,
1725 4649 1934 4720 adjicit.

370 4729 466 4784 Est
485 4732 634 4785 enim
663 4742 1118 4799 consentaneum,
1149 4750 1266 4800 eos,
1295 4738 1388 4807 qui
1422 4738 1475 4790 in
1519 4737 1684 4793 Deum
1716 4755 1936 4809 speras-

370 4827 513 4888 sent,
557 4837 622 4876 ex
669 4838 778 4892 quo
809 4823 1090 4903 Egyptios
1135 4826 1276 4882 bello
1305 4843 1403 4896 per
1430 4827 1715 4899 Assyrium
1751 4832 1935 4902 impeti

370 4911 922 4978 animadvertissent,
963 4930 1154 4970 eorum
1201 4918 1469 4973 auxilium
1512 4923 1934 4990 contempsisse.

369 5001 504 5057 Nam
551 5004 647 5073 qui
689 5005 898 5059 nullum
937 5016 1100 5061 antea
1147 5008 1216 5062 de
1255 5023 1388 5063 vero
1462 5011 1608 5063 cultu
1648 5025 1938 5064 sermonem

373 5094 621 5163 proferre
655 5105 932 5166 poterant,
961 5098 1181 5153 eosdem
1207 5099 1319 5168 jam
1346 5099 1554 5155 diserta
1585 5099 1764 5171 lingua
1790 5100 1937 5169 pacis

370 5183 639 5236 arbitrum
686 5191 742 5238 et
769 5183 1187 5262 moderatorem
1235 5187 1555 5256 proﬁtentes
1599 5188 1805 5253 videas,
1844 5189 1939 5256 qui

317 5272 474 5338 ,sibi
527 5271 840 5344 Egyptian:
898 5277 1101 5346 (quem
1165 5278 1388 5331 stultum
1445 5293 1591 5332 nunc
1652 5279 1937 5348 propheta,

371 5373 598 5431 propter
627 5368 962 5436 impietatem
996 5369 1262 5440 nominat)
1295 5371 1552 5436 imperare
1588 5370 1935 5424 noluissent:

372 5453 682 5522 cujusmodi
730 5460 892 5512 etiam
944 5460 1146 5515 ducum
1189 5461 1565 5518 confusionem
1625 5461 1768 5516 ferre
1824 5477 1932 5516 non

2046 4651 2203 4704 ιδεῖν·
2231 4652 2350 4706 τότε
2367 4652 2473 4725 γὰρ
2499 4653 2564 4706 ἂν
2599 4654 2841 4725 ὑπῆρξεν
2874 4655 2998 4707 ίδείν
3027 4657 3153 4719 τοὺς
3185 4657 3260 4726 μὴ
3291 4657 3606 4729 διαρθροῢνε

2042 4758 2139 4805 τας
2165 4741 2263 4812 τῆς
2284 4743 2590 4806 θεοσεϐείας
2613 4744 2720 4797 τὸν
2737 4743 2944 4813 λόγον,
2969 4748 3142 4817 τρανῇ
3173 4749 3237 4816 τῇ
3266 4748 3493 4816 γλώττῃ
3521 4748 3612 4801 τὸν

2041 4835 2139 4902 τῆς
2169 4833 2412 4901 εἰρήνης
2453 4833 2848 4903 ὁμολογοῦντας
2879 4836 3203 4908 βραϐευτὴν,
3239 4839 3314 4908 μὴ
3349 4842 3609 4907 προϊστα-

2042 4921 2238 4992 μένους
2288 4922 2495 4991 ἆρχειν
2543 4925 2722 4978 αὐτῶν
2760 4927 2866 4978 τὸν
2895 4927 3236 4996 Αίγύπτιον·
3270 4927 3328 4980 ὃν
3360 4929 3611 4996 μωρὸνὸ

2037 5013 2213 5080 λόγος,
2248 5012 2324 5076 ὡς
2357 5015 2550 5084 ἀσεϐῆ,
2616 5016 2991 5085 καθεστηκότα
3017 5017 3192 5073 καλεῖ.
3226 5019 3336 5072 Καὶ
3391 5019 3492 5073 οὐκ
3542 5017 3612 5073 ἃν

2038 5095 2330 5171 ἠνέσχοντο
2374 5105 2470 5174 τῆς
2499 5102 2605 5158 τῶν
2651 5106 2912 5161 τοιούτων
2946 5108 3224 5179 ἀρχόντων
3271 5110 3606 5179 συγχύσεως.

2049 5192 2367 5248 ’Δκόλουθον
2414 5197 2522 5268 γὰρ
2584 5193 2652 5268 ἦν
2679 5199 2770 5252 τὸν
2819 5201 3161 5271 μωραίνοντα
3196 5201 3264 5255 τὰ
3293 5203 3429 5271 πρὸς
3455 5202 3606 5268 Θεὸν,

2043 5284 2273 5355 ἀνομίαν
2298 5290 2490 5354 ποιεῖν,
2541 5291 2634 5343 καὶ
2684 5291 3005 5346 πλανᾶσθαι.
3035 5294 3126 5356 Et;
3153 5293 3213 5348 δν
3229 5295 3277 5347 cl
3301 5293 3611 5358 ἐλπίζοντες

2043 5373 2103 5438 ἐξ
2125 5377 2340 5448 ἀπάτης
2367 5377 2612 5448 ἀλλήλων
2663 5382 2762 5446 τὰς
2820 5383 3040 5446 ἐλπίδας
3071 5383 3292 5438 ὲκένουν
3327 5383 3395 5437 δι’
3440 5380 3610 5437 αὐτοῦ

2041 5465 2132 5520 τὸν
2163 5467 2404 5522 κίνδυνον
2429 5472 2763 5542 ἀποφεύγειν
2822 5474 3079 5545 οἰόμενοι,
3107 5471 3210 5528 τῶν
3241 5472 3480 5528 εὐσεϐῶν
3509 5471 3610 5545 τὴν

445 5624 491 5657 ⁸⁸
520 5625 668 5681 Psal.
702 5643 809 5688 LIV,
858 5630 938 5684 14.
1019 5631 1059 5662 ⁸⁸
1091 5629 1194 5686 lsa.
1228 5649 1265 5696 I,
1299 5633 1352 5688 9.
1430 5637 1473 5666 δ’
1514 5633 1660 5689 Psal.
1701 5650 1814 5702 xxi,
1852 5634 1936 5693 l5.

2040 5637 2057 5668 '
2090 5634 2249 5694 Joan.
2285 5655 2381 5710 vu,
2423 5641 2510 5696 58.
