4032 6218
1133 208 1256 216 ......-..
1275 207 1306 212 .-

395 258 534 324 2%!)

1532 250 2064 315 COMMENTARII
2104 250 2187 313 IN
2215 251 2502 313 ISAIAM.

3527 238 3670 304 2286

398 379 590 441 ἔσται,
623 374 810 448 φησὶν,
846 373 1154 444 ἔρημος.ὀ
1188 372 1438 443 Χέρμελ.
1461 373 1573 426 Καὶ
1601 373 1837 444 πρόσθεν
1869 371 1978 442 γὰρ

2097 369 2370 432 lemissus,
2415 365 2471 420 in
2503 365 2721 434 linguas
2788 361 2976 433 igneas
3023 357 3235 414 divisus
3275 353 3558 448 apparebit
3595 355 3662 400 ³⁷.

399 468 583 534 ἔλεγεν
613 483 626 495 ο
683 465 782 532 ὅτι,
825 462 1252 533 μετατεθήσεται
1280 464 1309 515 ὁ
1341 461 1592 526 Λίϐανος,
1649 461 1726 525 ὡς
1761 461 1822 514 τὸ
1853 461 1976 531 δρες

397 559 459 612 τὸ
491 556 737 627 Χέρμελ.
772 557 882 609 Καὶ
920 553 1140 624 Χέρμελ
1201 556 1280 616 είς
1325 552 1531 624 δρυμὸν
1570 553 1975 620 λογισθήσεται.

412 648 632 718 Ἐδήλου
663 645 719 699 δὲ
757 645 882 708 τοὺς
917 646 1014 714 μὲν
1034 645 1098 698 ὲκ
1125 646 1427 715 περιτομῆς
1460 646 1492 696 ὀ
1519 642 1766 712 Χέρμελ,
1808 642 1865 706 ὃς
1885 644 1980 696 καὶ

402 741 720 808 Κάρμηλος
766 738 1005 805 λέγεται,
1036 737 1160 807 δρος
1187 735 1246 788 ὂν
1276 737 1334 789 ὲν
1369 737 1436 807 τῇ
1472 735 1777 807 Σαμαρείᾳ,
1809 737 1982 806 ἑρμη-

401 833 689 900 νευόμενον
721 830 798 893 δὲ,
846 831 1141 897 ἐπίγνωσις
1191 831 1516 900 περιτομῆς.
1560 829 1619 882 ’0
1663 830 1722 882 δὲ
1749 828 1980 888 Λίϐανος

400 926 469 978 τὰ
499 925 651 993 ἔθνη,
696 924 797 994 τῆς
857 924 1111 992 Φοινίκης
1150 923 1394 992 ὑπῆρχον
1413 932 1463 976 ν.
1512 922 1776 992 Ἐμελλεν
1807 936 1830 963 ι
1872 923 1980 992 γὰρ

402 1018 600 1069 ἐκεῖνοι
666 1014 766 1084 μὲν
818 1015 1060 1084 ἄκαρποι
1111 1013 1462 1084 γενήσεσθαι,
1508 1015 1604 1067 καὶ
1650 1013 1822 1085 πυρὸς
1855 1012 1978 1083 ὕλη,

402 1109 570 1178 ὄρειοί
599 1125 745 1169 τινες
781 1109 874 1159 καὶ
902 1107 1159 1178 άνήροτοι
1187 1107 1284 1176 τὴν
1320 1106 1498 1176 ψυχὴν
1517 1107 1770 1176 (τοιοῦτοι
1798 1105 1906 1176 γὰρ
1929 1109 1983 1160 ol

403 1199 639 1271 δρυμοί)
659 1218 672 1232 ο
708 1199 986 1270 μετελθεῖν
1013 1199 1072 1252 δὲ
1099 1198 1170 1251 τὰ
1192 1199 1318 1269 ἔθνη
1357 1198 1493 1270 πρὸς
1532 1202 1629 1269 τὴν
1658 1198 1838 1251 αὐτῶν
1867 1199 1978 1250 θεο-

407 1293 627 1346 σέϐειαν
655 1292 1064 1364 χρηματίζοντα
1106 1291 1338 1354 Λίϐανός
1364 1307 1426 1343 τε
1482 1291 1578 1344 καὶ
1607 1289 1835 1360 ἔρημος,
1865 1291 1985 1343 ἀντὶ

403 1385 498 1438 τοῦ
523 1384 809 1446 θεοσεϐοῦς
858 1384 1028 1438 πάλαι
1075 1382 1206 1436 λαοῦ
1259 1383 1418 1453 μερὶς
1461 1382 1669 1451 Κυρίου
1702 1381 1983 1450 γινόμενα,

407 1477 502 1530 καὶ
523 1475 813 1546 σχοίνισμα
845 1475 1214 1547 κληρονομίας
1268 1471 1456 1540 αὑτοῦ,
1505 1472 1684 1526 καίτοι
1723 1472 1986 1544 πρότερον

407 1566 536 1619 ὄντα
563 1564 790 1634 δρυμὸς
819 1565 916 1618 καί
969 1564 1207 1633 ἕρημος,
1229 1564 1375 1634 ἤπερ
1400 1571 1429 1610 7
1461 1563 1536 1626 ὡς
1569 1561 1824 1632 μεγάλων
1847 1563 1988 1628 ἀγα-

411 1656 519 1709 θῶν
539 1656 817 1727 ἠξιωμένη
843 1655 912 1709 τὰ
940 1655 1076 1724 μετὰ
1133 1653 1307 1708 ταῦτα
1356 1653 1542 1707 λοιπὸν
1572 1652 1985 1722 ἐπαγγέλλεται,

2090 460 2245 515 Tunc
2268 460 2390 523 erit,
2428 457 2523 522 ait,
2582 455 2798 508 l'uturus
2850 451 3086 506 desertus
3127 448 3390 504 Chermel.
3427 446 3559 500 Nam
3615 454 3671 501 et

2082 560 2240 604 antea
2271 547 2486 604 dicebat
2517 552 2786 599 mutatum
2811 541 2879 596 iri
2921 539 3223 602 Libanum,
3252 539 3395 592 sicut
3433 543 3670 590 montem

2081 645 2334 699 Chermel
2369 659 2384 696 :
2419 649 2474 695 et
2504 639 2758 694 Chermel
2807 637 2862 691 in
2894 639 3096 692 saltum
3123 635 3424 688 abiturum.
3466 631 3662 685 lnnueo

2082 739 2173 792 bat
2204 744 2385 790 autem
2417 732 2658 790 Cltermel
2687 732 2825 802 ipse,
2852 729 3117 783 Samaria:
3165 741 3324 780 mons
3344 767 3358 790 ,
3392 722 3670 778 Carmelus

2083 827 2240 891 alias,
2268 825 2707 882 circnmcisionis
2764 822 3134 892 cognitionem
3192 818 3546 886 signiﬁcans,
3574 831 3670 870 eos

2082 917 2232 989 ipsos
2288 918 2380 988 qui
2411 933 2476 972 ex
2505 915 2928 972 circumcisione
2955 920 3118 976 sunt;
3153 925 3260 964 non
3311 909 3470 962 aliter
3506 923 3668 977 quam

2084 1021 2272 1078 gentes
2301 1010 2417 1080 ipse
2445 1009 2706 1075 Libanus,
2726 1007 2816 1078 qui
2849 1005 3014 1062 etiam
3052 1002 3346 1058 Phoenicim
3379 1015 3536 1053 mons
3563 1007 3669 1052 est.

2083 1099 2351 1153 Futurum
2384 1100 2529 1154 enim
2566 1105 2705 1162 erat,
2739 1108 2796 1152 ut
2829 1096 3047 1152 steriles
3070 1094 3168 1156 illi,
3201 1093 3451 1161 ignisque
3500 1100 3673 1146 mate-

2085 1192 2166 1245 ria
2193 1200 2429 1258 tantum,
2466 1198 2655 1261 utpote
2678 1190 2945 1245 montium
2983 1187 3148 1259 389
3176 1186 3389 1248 incolas,
3455 1185 3670 1238 animo-

2087 1301 2191 1355 que
2223 1286 2322 1342 feri
2355 1293 2408 1342 et
2435 1287 2622 1341 inculti
2654 1288 2868 1356 (quales
2902 1285 3071 1338 saltus
3113 1281 3213 1352 ipsi
3255 1286 3384 1334 sunt
3414 1279 3432 1348 )
3489 1291 3671 1332 rema-

2089 1385 2301 1443 nerent;
2337 1385 2526 1446 gentes
2549 1385 2754 1444 autem,
2779 1374 2972 1430 Libani
3007 1372 3319 1440 desertique
3360 1367 3674 1422 nominibus

2090 1468 2430 1538 significata,
2453 1484 2552 1539 pro
2591 1470 2681 1538 pio
2699 1467 2936 1539 quodam
2958 1465 3158 1538 populo
3183 1478 3304 1518 sors
3329 1460 3423 1516 Dei
3446 1459 3671 1519 effectae,

2089 1568 2142 1612 et
2172 1557 2450 1613 funiculus
2518 1558 2857 1614 baereditatis
2890 1557 3032 1626 eius,
3090 1554 3157 1608 ad
3213 1567 3399 1608 verum
3461 1551 3672 1605 cultum

2091 1654 2426 1720 transirent,
2469 1655 2826 1723 quantumvis
2857 1669 3032 1706 merus
3089 1649 3262 1706 saltus
3317 1658 3462 1705 esset
3511 1658 3672 1702 antea

411 1722 592 1801 καλῶν
647 1722 818 1816 αύτήν
847 1722 1202 1816 Κάρμηλον,
1250 1748 1333 1810 εἰς
1360 1745 1419 1800 ὃν
1449 1744 1636 1813 ἔλεγεν
1669 1741 1986 1815 μετατεθεῖο

2097 1761 2349 1816 meraque
2365 1746 2636 1811 solitudo;
2667 1745 2754 1800 cui
2786 1752 3042 1812 tanquam
3070 1740 3370 1812 ingentium
3404 1742 3671 1793 bonorum

410 1839 534 1893 σθαι
561 1840 668 1895 τὸν
703 1840 984 1894 Λίϐανον.

483 2101 640 2165 Τινὲς
667 2100 724 2156 δὲ
751 2099 1074 2170 Κάρμηλον
1094 2101 1184 2154 τὸν
1206 2101 1270 2153 ὲκ
1298 2100 1602 2170 περιτομῆς
1619 2096 1800 2153 νοοῦσι
1835 2100 1984 2167 λαὸν,

410 2193 506 2247 καὶ
536 2192 760 2264 ζητοῦσι
795 2193 912 2257 πῶς
935 2196 1024 2259 εις
1055 2192 1284 2261 δρυμὸν
1319 2191 1771 2262 λογισθήσεται,
1798 2194 1856 2246 ὲν
1890 2195 1990 2248 αύ-

408 2283 489 2354 τῷ
523 2285 687 2338 πάλιν
747 2300 886 2336 κατα
912 2324 926 2338 .
972 2323 987 2337 .
1033 2323 1048 2338 .
1091 2321 1107 2336 .
1153 2322 1169 2336 .
1210 2282 1304 2336 καί
1335 2299 1468 2351 φασι
1492 2282 1654 2335 τοῦτο
1679 2283 1765 2336 διὰ
1790 2283 1852 2336 τὸ
1887 2301 1989 2338 κα·

408 2376 688 2446 τάλειμμα
711 2374 968 2442 λέγεσθαι
998 2375 1058 2428 τὸ
1090 2373 1260 2428 σωθὲν
1285 2376 1512 2438 καὶτοῖς
1533 2383 1580 2428 ι.
1625 2416 1640 2431 .
1684 2415 1698 2430 .
1745 2416 1757 2430 .
1804 2414 1819 2429 .
1862 2392 1992 2429 συν-

409 2467 830 2535 αγελαζόμενον.
871 2466 967 2519 Ἐν
1009 2464 1084 2534 τῇ
1129 2465 1329 2534 ἐρήμῳ
1372 2465 1550 2519 τοίνυν
1596 2464 1992 2534 δικαιοσύνην

411 2559 578 2627 φησὶν
609 2559 1093 2614 ἀναπαύσεσθαι.
1122 2560 1233 2613 Καὶ
1262 2561 1375 2615 άνω
1407 2560 1542 2633 γάρ·
1570 2561 1730 2624 εὐθὺς
1758 2564 1824 2632 τῇ
1864 2563 1992 2633 περὶ

408 2651 637 2718 Χέρμελ
662 2651 758 2705 καὶ
782 2651 998 2722 Λιϐάνῳ
1036 2651 1324 2722 μεταθέσει
1355 2650 1456 2722 τὴν
1475 2652 1668 2720 κλῆσιν
1686 2652 1862 2722 δηλῶν
1885 2653 1993 2707 τῶν

411 2741 605 2805 ἐθνῶν,
639 2739 826 2807 ἔλεγεν
873 2740 1089 2808 κωφοὺς
1131 2740 1462 2794 ἀκούσεσθαι
1502 2741 1628 2803 τοὺς
1673 2741 1864 2809 λόγους
1900 2741 1993 2795 τοῦ

413 2831 642 2901 βιϐλίου,
675 2833 769 2886 καὶ
813 2832 1030 2900 τυφλῶν
1071 2833 1198 2886 ἰδεῖν
1227 2831 1542 2902 ὀφθαλμούς
1561 2848 1576 2863 ο
1608 2831 1750 2886 οὕτω
1779 2833 1872 2886 καὶ
1899 2832 1996 2886 νῦν

409 2923 555 2994 ἔργα
584 2925 750 2993 φησὶν
782 2924 1031 2979 ἔσεσθαι
1059 2923 1474 2992 δικαιοσύνης,
1503 2917 1579 2978 ὧν
1607 2923 1674 2978 τὸ
1701 2925 1996 2994 κεφάλαιον

410 3017 446 3084 ή
477 3014 571 3068 τοῦ
603 3015 739 3069 Θεοῦ
773 3017 919 3068 ἔστιν
949 3015 1158 3084 εἰρήνη
1189 3015 1530 3086 ὑπερέχουσα
1556 3015 1734 3070 πάντα
1764 3015 1911 3080 νοῦν,
1939 3017 1998 3080 ὃς

410 3106 562 3159 ἔστιν
609 3104 648 3172 ἠ
695 3105 904 3175 εἰρήνη
953 3105 1113 3176 ήμῶν
1155 3105 1512 3174 δικαιοσύνη
1556 3122 1620 3159 τε
1651 3105 1751 3160 καὶ
1799 3105 1996 3176 κρῖμα.

411 3201 824 3273 Δεδικαιῶμεθα
848 3202 958 3273 γὰρ
988 3203 1046 3255 ὲν
1071 3201 1242 3272 αύτῷ,
1269 3201 1466 3272 δικαίῳ
1496 3219 1555 3255 τε
1585 3201 1682 3256 καὶ
1711 3201 1860 3273 ὀρθῷ
1882 3203 2003 3274 κρί-

415 3314 547 3366 ματι
571 3297 1002 3368 κατακριθείσης
1023 3299 1123 3368 τῆς
1148 3298 1552 3368 ἀμαρτίας.⁹ος
1576 3297 1670 3351 καὶ
1695 3298 1838 3353 κατὰ
1859 3298 2004 3351 Παῦ-

412 3384 526 3450 λον,
558 3386 953 3456 εὐηγγελίσατο
998 3385 1248 3454 είρήνην
1271 3389 1385 3450 τοῖς
1425 3386 1666 3457 μακρὰν,
1702 3386 1800 3439 καί
1846 3385 2004 3455 sipri-

413 3493 531 3544 νην
551 3479 664 3542 τοῖς
686 3478 872 3547 ὲγγῦς,
891 3477 1132 3548 Ἰουδαίῳ
1153 3477 1396 3548 δηλονότι
1427 3479 1628 3550 πρώτῳ
1647 3479 1740 3532 uati.
1757 3479 1997 3550 Ἕλληνι.

414 3568 507 3621 Διδ
540 3568 641 3641 τὴν
675 3570 813 3640 πρὸς
846 3569 980 3623 Θεὸν
1031 3570 1442 3634 καταλύσαντες
1495 3569 1698 3642 ἔχθραν
1741 3573 2003 3626 πόλεσίν

415 3659 585 3730 ἔσμεν
629 3660 1050 3728 ἀναπαύσεως,
1075 3663 1171 3716 καὶ
1203 3665 1300 3734 τῆς
1343 3664 1424 3725 εἰς
1469 3662 1640 3716 αίῶνα
1671 3663 1882 3733 τρυφῆς
1914 3664 2002 3717 τὸν

413 3751 871 3822 ἐκκλησιαστικὸν
915 3753 1026 3807 τῶν
1072 3753 1286 3824 ἀρετῶν
1335 3754 1549 3824 ἔχοντες
1584 3754 1834 3819 πλοῦτον,
1872 3755 2002 3824 περὶ

385 3831 480 3894 ³οὒ
506 3855 672 3909 φησιν
700 3843 730 3895 ὁ
761 3841 1115 3906 ’Δπόστολος·
1145 3861 1165 3895 ι
1194 3843 1518 3913 Εὑχαριστῶ
1547 3843 1625 3915 τῷ
1648 3843 1766 3914 Θεῷ
1790 3860 1890 3914 μου
1913 3843 2002 3897 διὰ

430 3930 607 4003 Ἰησοῦ
639 3933 902 4003 Χριστοῦ,
923 3935 1006 3988 ὅτι
1040 3935 1099 3988 ὲν
1125 3935 1291 3989 παντὶ
1314 3934 1709 4007 ἐπλουτίσθητε
1740 3937 1798 3989 ὲν
1829 3935 1998 4007 αὐτῷ,

418 4022 479 4074 ἐν
510 4024 673 4077 παντὶ
704 4024 847 4096 λόγῳ
878 4026 974 4081 καὶ
1026 4027 1178 4102 πάσῃ
1205 4027 1425 4098 γνώσει.
1457 4047 1476 4080 ι
1507 4027 1620 4083 Καὶ
1663 4027 1900 4098 ἀλλαχοῦ
1942 4028 1998 4082 δέ

419 4129 588 4182 φησιν
635 4116 664 4168 ὀ
693 4118 981 4188 προφήτης
1013 4134 1028 4149 ο
1058 4136 1077 4168 ο
1102 4119 1396 4190 Εὑφράνθη
1445 4118 1653 4191 ἔρημος
1699 4120 1734 4189 ή
1765 4118 1995 4188 διψῶσα.

430 4203 802 4271 Ἀγαλλιάσθω
826 4205 1031 4278 ἔρημος
1051 4209 1146 4262 καὶ
1160 4208 1392 4262 ἁνθείτω
1410 4209 1485 4273 ὡς
1507 4210 1694 4279 κρίνον
1719 4225 1765 4261 ⁸)
1797 4209 2000 4280 ἔρημον

417 4294 602 4349 καλῶν
631 4298 732 4366 τὴν
757 4299 818 4364 ἐξ
845 4300 1016 4356 ἐθνῶν
1045 4301 1399 4372 Ἐκκλησίαν,
1429 4301 1518 4357 διὰ
1545 4303 1604 4356 τὸ
1634 4303 1885 4374 ἄκαρπον
1907 4304 2000 4358 καὶ¹

2087 1835 2363 1904 participi,
2393 1849 2514 1904 qua:
2543 1843 2851 1904 sequuntur
2892 1831 3150 1899 deinceps
3190 1827 3674 1888 annuntiat,cam-

2087 1926 2210 1981 dem
2233 1927 2519 1980 carmelum
2553 1925 2854 1996 appellans,
2881 1922 2936 1976 in
2978 1935 3136 1992 quem
3195 1917 3451 1973 Libanum
3492 1924 3674 1970 trans-

2090 2026 2359 2073 mutatum
2384 2034 2507 2074 esse
2535 2017 2879 2088 praadixerat.

2161 2108 2396 2175 Quidam
2436 2115 2620 2163 autem
2666 2105 2900 2162 Carmeli
2949 2103 3171 2161 nomine
3222 2101 3512 2158 Judaietnn
3579 2115 3678 2169 po-

2093 2201 2284 2271 pulum
2338 2200 2675 2270 intelligunt,
2730 2190 2788 2254 et
2852 2197 3244 2268 quarentibus,
3284 2194 3377 2265 qui
3433 2194 3674 2246 luturnm

2093 2292 2164 2346 sit
2220 2299 2282 2345 ut
2339 2291 2391 2344 in
2429 2290 2630 2345 saltum
2676 2299 2969 2356 reputatur,
3006 2289 3059 2340 in
3091 2301 3200 2356 quo
3230 2281 3677 2351 rursumjmtitt'a

2093 2381 2314 2448 habitet,
2346 2381 2401 2435 id
2438 2383 2616 2452 ipsum
2651 2389 2873 2451 propter
2904 2379 3260 2450 reliquiarum
3298 2373 3675 2429 conservatio-

2095 2490 2250 2538 nem,
2281 2490 2403 2544 quat
2433 2490 2553 2529 cum
2601 2473 2879 2541 gentibus,
2915 2479 3176 2539 tanquam
3232 2467 3286 2521 in
3321 2481 3536 2537 gregem
3578 2479 3677 2519 eo-

2096 2567 2307 2632 ierunt,
2359 2566 2474 2622 ﬁeri
2522 2564 2838 2630 restiondet.
2881 2562 3162 2633 Signiﬁcat
3213 2560 3379 2630 igitur
3410 2558 3678 2628 requietu-

2095 2674 2212 2711 ram
2261 2673 2374 2711 esse
2417 2657 2471 2710 in
2531 2653 2825 2710 solitudine
2876 2654 3170 2723 justitiam.
3235 2651 3503 2722 Superius
3531 2648 3676 2703 enim

2095 2749 2563 2820 quemadmodum
2595 2762 2721 2802 eum
2750 2747 2803 2801 in
2835 2743 3070 2799 Carmeli
3089 2751 3142 2800 et
3160 2742 3351 2798 Libani
3377 2741 3680 2795 mutatione

2097 2844 2444 2900 vocationem
2494 2841 2736 2913 gentium
2765 2839 3080 2910 judicaret,
3120 2836 3320 2894 surdos
3372 2835 3497 2890 111)τί
3564 2849 3676 2889 ser-

2099 2949 2293 2989 mones
2339 2933 2628 2987 audituros
2681 2938 2736 2986 et
2793 2944 3066 2984 caecorum
3105 2927 3298 2982 Oculos
3335 2926 3512 2980 visum
3555 2939 3680 2979 esse

2102 3034 2421 3097 recepturos
2450 3026 2731 3081 asseruit:
2767 3024 2848 3078 sic
2889 3030 2943 3077 et
2978 3021 3081 3077 hoc
3111 3022 3231 3075 loco
3259 3036 3417 3090 opera
3449 3018 3679 3088 justitia:

2103 3122 2286 3193 futura
2314 3125 2412 3185 ait,
2442 3137 2679 3193 quorum
2715 3128 2879 3190 caput
2905 3121 3022 3190 ipsa
3065 3119 3160 3174 Dei
3219 3133 3328 3189 pax
3387 3128 3467 3172 est
3501 3158 3517 3184 ,
3557 3132 3679 3186 quae

2103 3223 2340 3270 mentem
2371 3229 2590 3268 omnem
2627 3219 2920 3282 exsuperat
2944 3210 3012 3277 ⁸³,
3043 3210 3237 3282 quiest
3269 3223 3375 3278 pax
3395 3216 3582 3262 nostra
3609 3208 3677 3273 ⁸⁹,

2093 3305 2412 3376 justitiaun
2466 3314 2516 3359 et
2559 3304 2849 3374 judicium.
2911 3301 2970 3355 ln
3042 3302 3162 3371 ipso
3209 3301 3353 3355 enim
3409 3299 3678 3369 jnstilica-

2105 3415 2268 3466 mur,
2314 3414 2437 3453 eum
2474 3407 2628 3453 recto
2655 3405 2710 3452 et
2756 3396 2908 3465 justo
2966 3393 3180 3462 judicio
3228 3400 3511 3464 peccatum
3545 3407 3680 3446 con-

2101 3489 2412 3545 demnatur.
2453 3487 2596 3544 Idem
2621 3502 2837 3543 rursum
2861 3525 2878 3551 ,
2901 3484 3070 3540 Paulo
3095 3493 3254 3548 te5te,
3289 3485 3378 3550 iis,
3402 3484 3492 3552 qui
3521 3483 3681 3552 longe

2102 3582 2301 3636 absunt
2327 3589 2382 3635 et
2412 3581 2504 3650 qui
2533 3579 2696 3634 etiam
2733 3592 2903 3648 prope
2935 3585 3064 3633 sunt
3092 3616 3107 3641 ,
3158 3574 3348 3630 Iudaeo
3397 3576 3634 3645 primum
3661 3615 3678 3642 ,

2100 3667 2296 3723 deinde
2325 3667 2536 3734 Graeco,
2565 3682 2746 3736 pacem
2810 3666 3151 3721 denuntiavit
3179 3665 3249 3723 ‘°_
3303 3668 3481 3736 Atque
3553 3665 3682 3719 hinc

2100 3769 2184 3815 est
2213 3761 2360 3830 quod
2398 3757 2740 3814 reconciliati
2774 3771 2898 3811 cum
2949 3755 3062 3811 Deo
3086 3796 3107 3821 ,
3143 3757 3198 3809 in
3239 3755 3458 3810 urbibus
3489 3756 3680 3826 quietis

2103 3857 2328 3920 agentes
2359 3889 2374 3916 ,
2426 3847 2780 3919 sempiternis
2861 3846 3362 3902 ecclesiasticarum
3412 3845 3679 3901 virtutum

2099 3939 2336 4005 deliciis,
2370 3946 2630 4008 tanquam
2667 3937 2812 3993 veris
2853 3937 3051 4006 opibus
3073 3977 3088 4002 ,
3143 3935 3378 3990 fruimur
3412 3953 3425 3990 :
3463 3935 3531 3990 de
3557 3935 3683 4005 qui-

2101 4031 2203 4087 bus
2232 4031 2378 4086 hnnc
2415 4031 2466 4085 in
2498 4029 2722 4085 modum
2759 4029 3004 4099 loquitur
3030 4026 3328 4097 Apostolus
3361 4042 3375 4078 :
3407 4044 3426 4078 ι
3460 4025 3681 4082 Gratias

2100 4140 2201 4194 ago
2226 4123 2335 4180 Deo
2365 4137 2487 4178 meo
2518 4163 2534 4191 ,
2563 4138 2660 4194 per
2694 4120 2881 4179 Jesum
2913 4119 3219 4185 Christum,
3251 4118 3396 4188 quod
3427 4133 3523 4189 per
3563 4133 3682 4173 om-

2100 4215 2191 4270 nia
2235 4215 2431 4271 divites
2471 4214 2600 4269 facti
2625 4215 2761 4270 estis
2792 4213 2847 4267 in
2876 4227 2963 4279 eo,
2997 4211 3054 4267 in
3079 4211 3231 4266 omni
3266 4225 3521 4265 sermone
3555 4249 3570 4275 ,
3623 4210 3678 4264 in

2101 4306 2249 4360 omni
2297 4304 2633 4375 cogitatione
2655 4305 2722 4358 ⁸⁸.
2762 4321 2781 4355 ι
2806 4302 2949 4358 Alibi
2984 4317 3108 4361 vero
3158 4311 3212 4355 et
3240 4301 3501 4372 prapheta
3536 4301 3677 4372 ipse,

420 4388 622 4452 παντὸς
651 4388 989 4461 ἐψιλωμένον
1012 4392 1520 4464 ύπερανεστηκότος
1554 4393 1743 4462 φυτοῦ.
1764 4393 1993 4466 Χριστοῦ

2107 4397 2188 4453 sic
2212 4395 2272 4450 ἐς
2289 4398 2517 4462 Laetare,
2533 4397 2748 4452 deserta
2788 4410 2909 4466 quae
2938 4395 3062 4451 sitis
3096 4409 3112 4459 ;
3151 4393 3391 4448 exsultet
3417 4391 3676 4448 solitudo.

413 4479 472 4533 δὲ
523 4479 1000 4550 κατοικήσαντος
1048 4484 1107 4537 ὲν
1158 4484 1320 4555 αὐτῇ,
1359 4485 1494 4555 φησὶ
1543 4484 1704 4538 πάλιν
1741 4485 1965 4548 Ἡσαΐας
1991 4502 2004 4515 ’

423 4589 445 4620 ο
477 4571 588 4626 Καὶ
620 4574 834 4644 ποιήσω
858 4576 918 4628 ὲν
951 4577 1019 4646 τῇ
1050 4576 1244 4647 ἐρήμῳ
1278 4575 1446 4646 ὕδωρ,
1478 4577 1573 4630 καὶ
1606 4578 1664 4630 ὲν
1694 4580 1760 4647 τῇ
1790 4577 2004 4650 ἀνύδρῳ

415 4662 733 4732 ποταμοὺς,
766 4661 918 4734 θήσω
946 4665 1026 4727 είς
1071 4664 1172 4735 τὴν
1218 4664 1470 4735 ἄνυδρον,
1517 4665 1622 4736 γῆν
1670 4665 1862 4738 κέδρον
1908 4668 2004 4720 καὶ

416 4750 608 4818 πύξον,
637 4756 732 4807 καὶ
770 4755 1061 4825 μυρσίνην,
1092 4758 1186 4810 καὶ
1217 4758 1580 4827 κυπάρισσον,
1612 4758 1707 4811 καὶ
1736 4757 1996 4828 λεύκην,›

415 4846 516 4908 τὰς
541 4845 836 4917 διαφόρους
875 4848 984 4901 τῶν
1025 4849 1435 4904 πιστευσάντων
1477 4849 1793 4920 ὲπηρμένας
1819 4849 1997 4920 δηλῶν

419 4938 646 5006 ἀρετάς.
675 4940 828 5008 Φησϊ
851 4939 910 4992 δὲ
929 4936 931 4939 ’
952 4940 1048 4994 νῦν
1075 4941 1150 5005 ὡς
1175 4941 1414 5008 οίκήσει
1453 4945 1486 4998 ὀ
1523 4942 1672 5009 λαὸς·
1703 4942 1892 4997 αὐτοῦ
1928 4944 1998 4997 ἐν

415 5031 590 5083 πόλει
637 5029 901 5099 εἰρήνης.
921 5032 1067 5085 Ἀντὶ
1095 5033 1204 5104 γὰρ
1246 5035 1347 5105 τῆς
1393 5034 1637 5106 μεγάλης
1666 5034 1879 5106 ἐκείνης
1907 5037 2000 5089 καὶ

419 5121 755 5192 γαυριῶσης,
790 5122 935 5175 κατά
964 5122 1278 5196 Σύμμαχον,
1304 5126 1654 5193 συνέστησε
1673 5126 1875 5189 πόλιν,
1899 5127 2001 5197 τὴν

487 5286 533 5318 ιτ
571 5287 696 5343 Aet.
749 5305 808 5352 ιι,
844 5288 967 5343 ι-ι.
1078 5288 1124 5320 ³⁸
1161 5287 1396 5358 Ριιῖιῑρρ·
1445 5304 1521 5351 IV:
1559 5287 1609 5340 7-

415 5366 583 5425 xxxv,
616 5357 665 5410 l.
742 5361 786 5392 “
821 5360 924 5414 lsa.
973 5372 1084 5423 xu,
1127 5358 1212 5411 l9.

1722 5289 1770 5321 ³⁸
1801 5287 2000 5359 Ephes.
2050 5305 2114 5358 ll,
2152 5292 2239 5348 Η.

2110 4495 2163 4542 et
2196 4486 2387 4543 lloreat
2417 4493 2678 4557 tanquam
2712 4484 2888 4540 lilium
2921 4485 2967 4518 θ’
2998 4497 3014 4536 :
3065 4498 3088 4534 ι
3117 4482 3431 4539 solitudinis
3463 4483 3682 4536 nomine

2108 4579 2350 4649 gentium
2380 4576 2680 4633 Ecclesium
2716 4575 3035 4648 signiﬁcans
3067 4615 3083 4641 ,
3111 4589 3232 4648 quae
3270 4591 3376 4632 non
3409 4573 3681 4635 fructibus

2105 4677 2346 4736 tantum,
2376 4669 2472 4726 sed
2511 4669 2756 4740 qualibet
2788 4670 2952 4725 etiam
3002 4667 3203 4723 arbore
3261 4667 3680 4722 destitueretur.

2107 4761 2213 4816 Sed
2236 4760 2460 4817 Christo
2489 4775 2610 4816 eam
2638 4760 2986 4824 inhabitants,
3026 4773 3224 4813 rursus
3264 4757 3442 4829 inquit
3473 4758 3679 4813 Isaias:

2110 4868 2129 4902 ι
2160 4851 2223 4904 Ει
2255 4851 2452 4905 faciam
2481 4851 2534 4906 in
2562 4850 2782 4906 deserto
2817 4865 3038 4922 aquam,
3065 4856 3118 4904 et
3149 4849 3203 4904 in
3226 4849 3494 4920 inaquoso
3519 4847 3684 4919 390

2107 4941 2320 5008 ﬂuvios,
2347 4958 2544 5013 ponam
2582 4944 2638 4997 in
2690 4951 2835 4998 terra
2891 4943 3050 5010 aquis
3100 4951 3323 4996 carcnle
3352 4941 3598 5004 cedrum,
3629 4946 3683 4991 e‘t

2105 5036 2335 5097 buxum,
2356 5041 2410 5088 et
2439 5043 2698 5104 myrtum,
2720 5040 2774 5087 et
2804 5047 3147 5100 cupressum,
3185 5043 3238 5085 et
3268 5031 3523 5100 populum
3557 5023 3622 5093 ⁶³;
3655 5047 3673 5078 ι

2105 5127 2308 5197 quibus
2338 5127 2520 5181 varias
2559 5133 2613 5179 et
2643 5109 2891 5181 excelsas
2917 5136 3106 5179 eorum
3131 5165 3146 5188 ,
3176 5123 3269 5192 qni
3307 5121 3676 5183 crediderunt,

2345 5293 2388 5324 ⁸ο
2429 5291 2590 5346 Rom.
2642 5304 2718 5355 ιι,
2755 5291 2842 5348 10.
2957 5290 2999 5322 ⁸³
3038 5291 3056 5343 1
3098 5289 3224 5344 Cor.
3273 5304 3314 5350 ι,
3353 5287 3408 5343 ll.
3499 5287 3544 5320 θ’
3572 5284 3675 5341 lsa

1793 5495 2028 5556 ,VARl/E
2067 5494 2476 5552 LECTIONES.

481 5624 616 5685 ντρ.
651 5617 921 5688 ὑπάρχον.
997 5616 1025 5655 i
1065 5632 1153 5688 γρ.
1187 5613 1431 5688 ἔμελλον.
1505 5682 1521 5688 Α
1559 5622 1587 5661 γ
1611 5631 1699 5688 γρ.
1733 5604 1895 5688 ᾗπερ.

2088 5634 2178 5683 γρ.
2209 5615 2300 5667 καὶ
2327 5613 2640 5685 δικαιοσύνη
2677 5613 2733 5685 εν
2793 5612 2940 5685 αύτῷ
2971 5613 3069 5669 πάλ
3083 5630 3130 5666 ιν
3182 5613 3501 5685 κατοικήσει
3536 5652 3552 5679 ,
3586 5609 3678 5666 καί

419 5674 728 5758 φασῖτοῦτο
758 5674 845 5740 διά
876 5685 936 5738 τὸ
954 5674 1306 5754 κατάλειμίμα
1333 5682 1589 5751 λέγεσθαι
1617 5674 1676 5736 τὸ
1702 5674 1890 5748 σωθὲν,
1918 5687 2010 5737 καὶ
2055 5674 2168 5748 τοῖς
2212 5685 2386 5737 ἔθνεσι
2417 5674 2932 5755 συναγελαζόμενον’.
3027 5697 3050 5727 ι
3081 5702 3168 5755 γρ.
3193 5683 3399 5755 ὥσπερ,
