4032 6218
414 381 552 450 ςεςοι

1640 442 1649 451 .
1717 390 2069 454 PROCOPII
2118 392 2364 458 (ἶΑΖιῈΙ

3558 405 3709 469 2292

418 504 473 549 et
500 492 774 564 prepheta:
807 507 914 548 non
948 492 1366 551 dissimularunt
1402 515 1415 551 :
1472 497 1582 551 imo
1612 515 1713 554 nec
1753 498 2009 553 Salvatvr

2135 501 2316 573 ιαῖὴμ,
2350 504 2470 558 τότε
2505 504 2681 577 ἐρεῖτε
2712 506 2991 579 τοτςδρεσι
3017 524 3030 539 ο
3061 508 3353 581 Καλύψατε
3387 511 3563 584 ἡμᾶς·
3610 506 3709 567 καὶ

417 588 536 649 inse
569 586 653 642 his
709 587 891 642 verbis
921 603 936 643 :
972 605 995 640 ι
1034 587 1169 644 Cum
1207 590 1457 646 videritis
1505 589 1814 647 Jerusalem
1847 608 2012 648 exer-

418 679 533 733 citu
566 680 893 734 circumdari
924 720 941 745 ,
997 688 1125 735 tunc
1151 681 1346 736 dicetis
1389 684 1668 737 montibus
1700 699 1714 735 :
1743 681 1852 752 Ipsi
1913 699 2014 740 nos

420 771 584 841 obteg
609 780 659 825 te
692 789 707 838 ;
741 779 795 826 et
836 772 1073 827 collibus
1102 790 1117 824 :
1150 775 1339 830 Cadite
1385 775 1440 829 in
1473 791 1572 829 nos
1612 775 1697 830 "’.‘
1732 794 1751 827 s
1808 775 2014 833 Deinde

420 871 683 931 tanquam
742 879 838 919 eos
871 865 964 935 qui
996 864 1219 934 dispersi
1265 877 1386 920 sunt
1460 867 1513 919 in
1569 877 1749 937 gentes
1809 868 2013 938 alloqui

427 955 572 1011 Deus
601 956 717 1026 ipse
745 958 1023 1013 nonnullis
1053 959 1302 1013 videatur
1330 976 1344 1012 :
1374 957 1532 1013 Nunc
1573 970 1751 1015 autem
1795 977 2014 1032 congre-

425 1049 692 1118 gabantur
716 1049 889 1116 spolia
909 1062 1101 1114 uestra,
1124 1051 1222 1116 ait,
1249 1052 1429 1122 quasi,
1448 1051 1677 1122 jamjam
1697 1063 1917 1125 captum
1945 1055 2009 1108 iri

428 1140 722 1213 signiﬁcet.
763 1141 919 1209 Quod
954 1152 1012 1199 ut
1065 1145 1280 1200 facilius
1332 1148 1533 1216 pepulo
1567 1147 1964 1216 persuadeatur
1993 1189 2009 1212 ,

429 1233 721 1286 nonaliter
753 1249 915 1301 quam
948 1250 981 1287 α
1026 1234 1331 1289 ludentibus
1395 1235 1615 1291 locusta:
1668 1238 2008 1306 capiuntur;

431 1321 511 1373 sic
543 1336 734 1374 eorum
770 1322 1005 1385 animas,
1044 1330 1303 1392 tanquam
1337 1323 1612 1378 ludicrum
1647 1327 1890 1395 aliquod,
1956 1327 2011 1382 in

434 1411 652 1467 Satanm
686 1423 1002 1482 potestatem
1037 1412 1196 1468 facile
1230 1424 1487 1468 venturas
1519 1416 1737 1471 asserit.
1773 1415 2012 1486 Ideoque

430 1505 611 1575 jnstos
667 1522 862 1562 rursus
912 1508 1235 1573 inclamare,
1325 1509 1376 1563 id
1412 1517 1543 1573 est,
1582 1510 1903 1579 prophetam
1956 1512 2008 1565 in

437 1596 698 1653 Ecclesia:
728 1600 976 1653 ordinem
1016 1609 1391 1654 transeuntem
1425 1601 1595 1655 Deum
1652 1602 1875 1656 laudare
1929 1604 2012 1658 vi-

437 1688 650 1755 demus,
695 1690 870 1759 quiin
910 1692 1128 1745 excelsis
1174 1692 1401 1755 habitat,
1434 1694 1549 1747 sive
1604 1695 1774 1751 caelos
1827 1696 2010 1749 excel-

2116 596 2229 656 τοῖς
2260 594 2470 665 βουνοῖς
2492 612 2505 626 ⁸
2525 597 2727 652 Ilias-ts
2758 600 2844 670 ἐφ’
2865 602 3035 670 ἡμᾶς.
3069 620 3087 655 ι
3128 600 3261 657 Εἶτα
3290 604 3367 669 ὡς
3410 604 3549 676 πρὸς
3575 606 3709 668 τοὺς

2116 684 2697 757 διασκορπισθέντας
2742 692 2824 756 είς
2867 693 2941 748 τὰ
2981 694 3125 762 ἔθνη
3156 694 3305 763 λέγει
3334 695 3707 766 παρεισαχθὶν

2115 776 2209 831 τοῦ
2241 777 2380 832 Θεοῦ
2409 780 2471 834 τὺ
2497 780 2811 852 πρόσωπον,
2837 784 2915 849 ὣς
2944 787 3089 850 τινές
3116 803 3252 856 φασι
3269 802 3284 817 ⁸
3308 787 3437 841 Νῦν
3464 785 3534 840 δὲ
3553 804 3711 842 συν-

2115 870 2443 938 αχθήσεται
2489 876 2564 929 τὰ
2604 877 2807 931 σκῦλα
2854 877 3050 948 ὑμῶν’
3097 881 3242 934 τοῦτ’
3267 881 3435 945 ἔστιν,
3468 883 3583 936 Οὐκ
3625 883 3711 945 εἰς

2118 964 2338 1034 μακρὰν
2386 965 2666 1021 ἁλώσεσθε
2684 982 2697 997 ’
2731 970 2825 1023 καὶ
2854 969 2917 1023 τὸ
2942 970 3217 1026 εὐάλωτον
3244 973 3418 1044 δηλῶν
3461 973 3557 1027 τοῦ
3594 975 3709 1026 τῶν

2125 1050 2395 1111 Ἰουδαίων
2440 1059 2570 1113 λαοῦ
2599 1100 2613 1123 ,
2660 1062 2826 1116 οἱονεὶ
2868 1061 3198 1129 παίζοντες,
3224 1066 3396 1135 φησιν
3447 1063 3712 1134 ἀκρῖδων

2114 1148 2257 1217 ὑμᾶς
2283 1149 2545 1220 λήψονται
2569 1152 2746 1223 δίκην,
2777 1152 2922 1207 οὕτω
2952 1154 3009 1208 δὲ
3036 1157 3130 1208 καὶ
3163 1154 3260 1219 τὰς
3291 1155 3472 1226 ψυχὰς
3497 1155 3575 1226 τῷ
3600 1156 3713 1209 Σαο

2111 1243 2249 1312 τανᾷ
2277 1242 2534 1311 γεγόνασι
2557 1245 2839 1313 παίγνιονο
2873 1248 2957 1315 ἐφ’
2980 1241 3024 1315 ᾧ
3058 1248 3220 1302 πάλιν
3259 1249 3634 1317 ἀναφωνοῦσιν
3657 1245 3714 1301 ei

2112 1332 2552 1405 δίκαιοι.“Ἡγουν
2584 1340 2612 1391 6
2655 1340 2944 1410 προφήτης
2992 1340 3087 1394 ἐπὶ
3119 1342 3181 1394 τὸ
3207 1341 3397 1410 τάγμα
3430 1341 3533 1409 τῆς
3578 1341 3712 1394 Ἐκ-

2113 1423 2343 1496 κλησὶας
2374 1427 2719 1497 μεταϐαίνων
2748 1430 2960 1496 δοξάζει
2987 1431 3081 1485 τὸν
3109 1432 3241 1485 Θεὸν
3271 1432 3357 1485 ἐπ’
3383 1432 3569 1493 αὐτοῖς
3595 1432 3711 1484 τὸν

2112 1516 2184 1570 ἐν
2216 1518 2478 1586 ὑψηλοῖς
2502 1521 2919 1585 κατοικοῦντα,
2947 1522 2980 1592 ἢ
3032 1524 3147 1579 τοῖς
3198 1523 3467 1594 οὐρανοῖς,
3502 1523 3534 1591 ἢ
3586 1524 3710 1584 τοῖς

2115 1611 2365 1682 ὑψὼσασι
2396 1613 2497 1681 τὴν
2530 1614 2791 1677 διάνοιαν,
2818 1612 2869 1667 οἱ
2921 1613 3018 1668 καὶ
3059 1611 3214 1667 Σιὼν
3247 1612 3708 1684 χρηματίζουσιν,

2112 1702 2266 1768 ὄντες
2299 1705 2597 1778 Ἐκκλησία
2645 1706 2805 1762 Θεοῦ.
2854 1707 2963 1760 Καὶ
2994 1706 3178 1776 δῆλον,
3212 1708 3276 1761 ἐκ
3323 1705 3417 1760 τοῦ
3460 1705 3714 1773 πλήρης

440 1797 625 1834 sorutn
661 1784 878 1838 nomine
909 1784 1181 1854 intelligas
1211 1824 1227 1850 ,
1260 1786 1377 1840 sive
1427 1801 1543 1851 eos,
1574 1787 1666 1856 qui
1703 1799 1884 1844 meme
1924 1797 2007 1843 at-

2135 1794 2274 1852 ῑῖναι
2298 1799 2556 1867 λέγεσθαι
2598 1800 2854 1867 κρίσεως
2885 1800 2987 1853 καὶ
3022 1800 3442 1866 δικαιοσύνης,
3478 1797 3720 1869 συμφώ-

439 1874 707 1929 tolluntur
740 1917 757 1943 ,
809 1876 984 1947 quiet
1024 1877 1156 1932 Sion
1207 1878 1370 1933 etiam
1424 1878 1708 1946 dicuntur,
1735 1882 1864 1952 quia
1917 1879 2009 1936 Dei

444 1965 687 2021 Ecclesia
718 1975 847 2021 sunt
880 1984 896 2035 ;
930 1976 990 2022 ut
1029 1983 1094 2023 eo
1136 1969 1254 2037 ipso
1316 1971 1599 2040 patuerit,
1661 1974 1802 2043 quod
1865 1974 2021 2043 plena

433 2057 629 2124 jurlirii
660 2068 709 2112 et
728 2058 963 2127 justitia:
990 2060 1076 2115 hic
1110 2061 1430 2131 appelletur,
1468 2078 1535 2117 ne
1566 2065 1741 2119 abhis
1776 2105 1791 2127 ,
1820 2067 2023 2137 quibus

447 2167 496 2206 ιιι
524 2147 741 2201 deserto
765 2148 1035 2219 justitiam
1066 2159 1135 2217 et.
1172 2150 1441 2221 judicium
1483 2156 1858 2224 requieturum
1906 2171 2024 2210 mo-

448 2238 585 2299 .iuit.
625 2238 919 2295 dissentire
947 2241 1216 2297 videatur.
1248 2242 1405 2297 Nunc
1460 2246 1605 2299 enim
1644 2244 1786 2300 idem
1845 2245 2024 2303 Siom‘s

446 2327 591 2396 quod
611 2338 773 2387 antea
790 2331 990 2386 deserti
1015 2336 1233 2387 nomine
1257 2334 1559 2404 signiﬁcat;
1584 2336 1859 2391 Christum
1877 2340 2024 2393 enim

445 2420 538 2487 qui
573 2420 788 2490 justitia
820 2423 936 2493 ipsa
966 2433 1050 2479 est
1075 2462 1091 2489 ,
1130 2423 1395 2492 admisit;
1431 2442 1595 2497 quem
1663 2436 1880 2483 terrena
1936 2430 2026 2484 illa

445 2512 749 2570 .lvruSalem
816 2515 1145 2585 repudiavit.
1203 2515 1448 2585 Deinde,
1501 2520 1647 2590 quod
1683 2520 1897 2597 judieii.
1930 2537 2028 2577 no-

451 2600 848 2672 meniaddidit,
881 2608 1019 2665 nihil
1060 2625 1163 2664 non
1217 2610 1321 2666 sub
1365 2612 1576 2668 sanctis
1602 2614 1907 2683 judicatum
1961 2616 2028 2670 iri

450 2698 871 2755 demonstravit.
898 2699 1076 2770 Atque
1112 2701 1241 2756 hinc
1270 2711 1354 2758 est
1380 2746 1396 2770 ,
1429 2705 1576 2773 quod
1605 2707 1657 2759 in
1693 2707 1803 2777 lege
1825 2708 2032 2763 traden-

450 2794 547 2848 dos
573 2809 687 2848 esse
720 2792 988 2863 adjuuxit.
1029 2794 1167 2850 Sunt
1195 2796 1340 2850 enim
1372 2810 1422 2853 et
1447 2799 1548 2868 ipsi
1570 2799 1668 2869 legi
1705 2803 2033 2873 evangelica!

456 2886 656 2940 recenti
689 2885 894 2948 traditi,
930 2894 983 2940 et
1005 2886 1154 2940 salus
1183 2888 1372 2942 edrum
1403 2890 1457 2945 in
1489 2891 1753 2947 thesauris
1780 2905 1884 2959 est,
1936 2895 2032 2966 qui

453 2976 506 3036 in
537 2977 680 3032 caelo
704 2977 1099 3034 reconduntur.
1139 2977 1335 3034 Verum
1364 2981 1507 3052 quod
1542 2984 1595 3036 in
1624 2984 1733 3054 lege
1756 2986 2035 3042 tradentur

454 3069 718 3123 habemus
750 3110 765 3131 ,
799 3068 852 3124 in
886 3067 1031 3125 hunc
1061 3069 1282 3124 modum
1312 3072 1708 3143 Symmachus:
1738 3077 1871 3147 ﬁdes
1906 3088 2035 3134 tent-

2122 1907 2230 1954 νως
2256 1884 2339 1954 οἷς
2370 1890 2547 1959 ἔλεγε,
2582 1909 2602 1943 ι
2632 1891 2739 1944 Καὶ
2766 1891 3292 1962 ἀναπαύσεταιὲντῇ
3324 1891 3516 1962 ἐρήμῳ
3532 1893 3721 1960 κρῖμι

2123 1983 2219 2035 καὶ
2244 1981 2583 2051 δικαιοσύνη.
2609 2000 2629 2034 s
2646 1982 2748 2035 Ἦν
2772 1980 2882 2051 γὰρ
2909 1977 3064 2034 εἶπεν
3085 1980 3313 2053 ἔρημον,
3342 1980 3440 2033 νῦν
3455 1979 3718 2049 ὀνομάζει

2124 2071 2294 2128 Σιών.
2327 2075 2654 2145 Προσήκατο
2698 2074 2808 2145 γὰρ
2851 2075 3090 2146 Χριστδν
3116 2074 3216 2146 τὴν
3247 2073 3616 2142 δικαιοσύνην,
3653 2071 3719 2124 ὃν

2125 2166 2159 2236 ἡ
2207 2163 2451 2231 ἐπίγειος
2488 2163 2845 2236 Ἰερουσαλὴμ
2889 2166 2990 2217 οὐκ
3036 2162 3272 2229 ἐδέξατο.
3301 2163 3367 2215 Ἡ
3414 2161 3470 2215 δὲ
3515 2160 3719 2230 κρίσις

2125 2256 2277 2327 δηλοῖ
2317 2256 2380 2310 τὸ
2415 2255 2582 2327 μηδὲν
2631 2255 2738 2310 ὑπὸ
2783 2255 2896 2309 τῶν
2941 2254 3115 2323 ἁγίων
3166 2253 3412 2322 ἄκριτον
3438 2251 3715 2320 γίνεσθαι.

2127 2349 2218 2402 Διό
2250 2366 2434 2420 φησιν,
2467 2348 2538 2402 ἐν
2567 2346 2731 2417 νόμῳ
2777 2344 3325 2417 παραδοθήσονται.
3357 2343 3447 2414 Τῷ
3475 2344 3585 2414 γὰρ
3630 2343 3721 2395 εὐ·

2127 2438 2404 2509 αγγελικῷ
2432 2437 2809 2509 παρεδόθησαν
2834 2438 2985 2509 νόμῳ
3013 2434 3190 2512 ,καινῷ
3212 2453 3225 2467 ’
3255 2434 3349 2488 καὶ
3379 2435 3417 2502 ἡ
3448 2432 3721 2499 σωτηρία

2127 2531 2335 2586 τούτων
2362 2532 2420 2584 ὲν
2446 2529 2774 2599 θησαυροῖς
2819 2530 2935 2593 τοῖς
2970 2528 3359 2599 ἀποκειμένοις
3383 2526 3441 2579 ὲν
3471 2521 3714 2594 οὐρανῷ.

2141 2623 2287 2676 Ἀντὶ
2326 2623 2401 2677 δεκ
2428 2620 2544 2687 τοῦ,
2569 2621 2641 2675 ἐν
2665 2622 2828 2690 νόμῳ
2849 2620 3389 2689 παραδοθήσονται.
3418 2616 3489 2669 Σύ
3499 2613 3722 2685 μμαχὸς

2132 2730 2318 2784 φησιν·
2351 2714 2414 2768 Ἡ
2439 2713 2648 2779 πίστις
2691 2712 2799 2767 τοῦ
2829 2710 3039 2780 καιροῦ
3072 2723 3190 2765 σου
3233 2706 3498 2773 πλοῦτος
3522 2720 3723 2770 σωτηο

2125 2807 2284 2875 ρίας,
2315 2805 2522 2875 σοφία,
2554 2804 2651 2859 καί
2688 2805 2929 2875 γνῶσις.
2965 2805 3155 2869 Φόϐος
3195 2801 3416 2870 Κιψίου
3456 2799 3641 2863 αῠτιλς
3684 2812 3722 2851 ο

2134 2898 2437 2967 θησαυρός
2465 2910 2603 2951 σου.
2632 2896 2755 2949 Τῶν
2792 2895 3197 2967 Ἐΰδομήκοντα
3223 2893 3519 2962 λεγόντων·
3548 2890 3722 2943 "Haase

2134 2990 2323 3059 σοφία
2344 2989 2440 3043 καὶ
2472 2987 2772 3058 ἐπιστήμη
2819 2988 2916 3042 καὶ
2946 2988 3427 3054 εἰνσέϐεια.’Δπερ
3460 2981 3595 3053 πρὸς
3621 2979 3722 3032 τὸν

2135 3080 2270 3134 Θεὸν
2295 3080 2483 3153 ὥσπερ
2503 3081 2664 3136 θυσία
2686 3098 2771 3144 τις
2801 3080 2859 3148 ἐξ
2886 3078 3190 3150 ἀνθρώπων
3221 3078 3482 3146 ἀνάγεται
3498 3071 3720 3142 λογικὴ,

452 3162 595 3227 poris
631 3161 730 3221 tui,
758 3161 957 3216 divitia:
980 3162 1195 3225 salutis,
1226 3164 1492 3231 sapientia
1518 3205 1534 3227 ,
1566 3176 1616 3220 et
1643 3170 1891 3237 cognitio.
1940 3170 2029 3226 Ti-

2135 3172 2167 3228 ἀ
2203 3172 2299 3227 καὶ
2336 3171 2630 3240 θησαυροί
2666 3171 3060 3238 δικαιοσύνης
3095 3168 3254 3223 είσίν.

455 3271 572 3316 mar
593 3254 810 3311 Domini
831 3257 940 3319 ipse
964 3257 1241 3313 thesaurus
1260 3259 1396 3328 ejus.
1417 3258 1769 3332 Septuaginta
1799 3274 2018 3324 autem:
2070 3269 2223 3325 Venit
2248 3270 2513 3340 sapientia
2538 3310 2553 3335 ,
2595 3277 2646 3322 et
2675 3267 2984 3336 disciplina,
3010 3275 3061 3321 et
3084 3266 3258 3336 pietas
3281 3280 3301 3329 ;
3364 3259 3529 3333 395
3594 3271 3723 3331 quae

458 3366 525 3404 ex
550 3350 867 3408 hominibus
895 3352 961 3406 ad
1008 3351 1178 3407 Deum
1234 3362 1494 3425 tanquam
1570 3358 1839 3416 rationale
1891 3365 2221 3420 sacriﬁcium
2286 3365 2508 3436 aliquod
2585 3365 2901 3420 referuntur
2933 3401 2949 3428 ,
3019 3369 3075 3417 et
3123 3357 3360 3414 thesauri
3409 3356 3576 3411 etiam
3617 3351 3721 3422 ju-

459 3441 626 3496 stitia:
651 3457 777 3498 vere
810 3444 1193 3500 nominantur.

437 3583 442 3589 .
534 3533 612 3587 ita
643 3548 772 3589 vero
812 3535 974 3591 verba
1008 3536 1139 3603 ista,
1171 3539 1224 3591 in
1271 3537 1382 3610 lege
1413 3538 1715 3607 tradentur,
1754 3544 2035 3615 explicant

462 3626 752 3693 nonnulli;
795 3634 857 3681 ut
905 3628 1103 3683 mirum
1136 3629 1304 3686 videri
1347 3632 1559 3693 dicant.
1605 3635 1695 3704 qni
1728 3651 1823 3704 per
1872 3637 2035 3708 legem

462 3717 724 3773 Israelita:
764 3719 1056 3789 perierint,
1102 3735 1268 3791 quam
1309 3723 1365 3778 in
1422 3726 1649 3780 salutem
1684 3738 2031 3800 acceperant.

461 3811 631 3868 Iit-ato
660 3811 803 3866 enim
829 3821 963 3867 teste
992 3812 1254 3883 Apostolo
1286 3834 1299 3869 :
1326 3834 1344 3868 ι
1366 3815 1787 3887 Cumjnstitiam
1817 3821 1909 3876 Dei
1939 3822 2038 3879 dc-

463 3911 744 3959 struentes
763 3919 919 3959 suam
954 3919 1204 3962 asserere
1238 3909 1541 3975 studerent,
1562 3911 1779 3980 justitia
1812 3910 1905 3967 Dei
1946 3929 2043 3969 es-

462 3994 741 4050 eiderunt.
791 3994 944 4051 Finis
979 3997 1125 4052 enim
1166 3998 1305 4070 legis
1345 3996 1627 4063 Christus,
1670 4001 1738 4055 ad
1767 4001 2039 4072 justitiam

462 4086 611 4140 omni
654 4085 900 4142 credenti
948 4085 1014 4141 ⁶⁸.
1063 4105 1083 4140 ι
1132 4086 1398 4142 Umbram
1443 4088 1750 4159 siquidem.
1803 4106 1927 4158 qua:
1973 4091 2043 4146 ad

463 4178 864 4236 emendationis
913 4195 1086 4250 usque
1114 4190 1357 4252 tempora
1387 4182 1862 4253 procurrisset,ad
1884 4182 2045 4239 Chri-

466 4267 535 4326 sti
587 4268 859 4323 adventus
898 4268 1078 4325 lucem
1142 4269 1375 4327 decebat
1430 4285 1784 4329 evanescere.
1853 4273 2046 4343 Itaque

466 4358 596 4427 quia
633 4373 731 4426 pro
773 4358 903 4429 legis
954 4360 1147 4415 umbra
1182 4360 1551 4429 decertarent,
1584 4362 1638 4418 in
1667 4362 1909 4420 hostium
1946 4380 2043 4433 po-

2157 3592 2160 3596 .
2209 3541 2389 3609 Τδδὲ,
2418 3543 2489 3597 ἐν
2507 3542 2669 3610 νόμῳ
2695 3536 3240 3609 παραδοθήσονται,
3270 3531 3415 3601 τινες
3436 3528 3581 3583 οὕτω
3612 3544 3731 3597 φα-

2144 3640 2227 3693 σίν
2249 3655 2263 3670 ·
2298 3636 2640 3706 θαυμάζουσι
2665 3634 2793 3697 τοὺς
2826 3631 2887 3696 ἐξ
2924 3629 3142 3701 Ἰσραὴλ
3166 3628 3241 3691 ὡς
3260 3622 3609 3684 ἀπολωλότας
3634 3622 3731 3674 διὰ

2143 3732 2250 3788 τοῦ
2271 3732 2479 3801 νόμου,
2508 3730 2568 3782 ὃν
2606 3729 2687 3792 εἰς
2712 3724 3015 3793 σωτηρίαν
3040 3723 3277 3789 ἐδέξατο.
3317 3719 3473 3773 Κατὰ
3501 3718 3611 3787 γὰρ
3632 3715 3729 3766 τδν

2145 3822 2291 3877 θεῖον
2345 3818 2689 3885 Ἀπόστολον,
2746 3836 2766 3871 ι
2824 3815 3172 3878 ’Δθετοῦντες
3205 3811 3305 3883 τὴν
3335 3808 3434 3863 τοῦ
3462 3808 3599 3861 Θεοῦ
3643 3805 3732 3859 δι-

2146 3912 2461 3981 καιοσύνην,
2478 3910 2574 3963 καὶ
2598 3908 2697 3980 τὴν
2725 3908 2861 3962 ἰδίαν
2880 3904 3172 3977 ζητοῦντες
3194 3901 3494 3972 στῆσαι,τῇ
3520 3897 3729 3950 δικαιο-

2145 4006 2280 4078 σύνῃ
2324 4003 2419 4059 τοῦ
2479 4001 2616 4056 Θεοῦ
2651 4002 2751 4071 οὐχ
2786 3998 3162 4068 ὑπετάγησαν.
3196 3994 3364 4056 Τέλος
3404 3991 3517 4061 γὰρ
3556 3989 3736 4059 νόμου

2144 4096 2382 4168 Χριστὸς
2439 4095 2519 4157 είς
2562 4090 2916 4159 δικαιοσύνην
2966 4087 3135 4142 παντὶ
3188 4086 3268 4156 τῷ
3322 4081 3661 4137 πιστεύοντι.
3708 4098 3732 4132 s

2148 4189 2299 4243 ’Ἔδει
2327 4187 2436 4259 γὰρ
2468 4187 2565 4258 τὴν
2609 4184 2769 4239 σκιὰν
2794 4184 2893 4253 τὴν
2934 4182 3098 4254 μέχρι
3141 4176 3339 4250 καιροῦ
3387 4172 3739 4245 διορθώσεως

2147 4278 2388 4349 ἀργῆσαι
2420 4274 2660 4341 Χριστοῦ
2686 4273 2781 4328 τοῦ
2818 4274 2996 4343 φωτὸς
3025 4270 3458 4348 ἐπιλάμψαντος.
3490 4265 3738 4334 Σκιομα-

2147 4371 2370 4442 χοῦντες
2395 4369 2575 4422 τοίνυν
2602 4367 2730 4444 περὶ
2769 4367 2876 4420 τὸν
2917 4367 3108 4435 νόμον
3167 4366 3281 4427 τοῖς
3325 4360 3541 4431 ἐχθροῖς
3574 4373 3736 4424 ,παρ-

470 4458 721 4505 tcstatem
763 4449 1119 4517 devenerunt;
1169 4466 1294 4506 cum
1340 4452 1510 4518 nobis,
1561 4454 1614 4508 id
1650 4464 1737 4510 est
1774 4455 2032 4525 gentibus,

2146 4460 2469 4526 εδόθησαν.
2524 4456 2687 4526 Ἡμῖν
2718 4454 2773 4509 δὲ
2805 4457 2919 4519 τοῖς
2969 4451 3029 4519 ἐξ
3079 4451 3271 4507 ἐθνῶν
3299 4451 3397 4505 καὶ
3427 4452 3456 4504 6
3482 4447 3570 4501 διὰ
3601 4448 3740 4500 Μω-

470 4544 601 4612 ipsa:
629 4543 793 4597 etiam
824 4559 921 4614 per
947 4543 1133 4600 Mosen
1173 4545 1387 4600 traditae
1429 4545 1569 4615 leges
1599 4545 1654 4600 in
1684 4547 1880 4601 salutis
1932 4546 2045 4602 tlte-
2088 4567 2093 4572 '

454 4652 660 4690 sauros
691 4637 948 4691 abierint.
986 4635 1047 4692 In
1074 4637 1208 4705 ipsis
1231 4638 1377 4693 enim
1403 4639 1689 4706 sapientia,
1705 4647 1753 4692 et
1768 4636 2039 4705 doctrina,

470 4735 522 4782 et
557 4727 727 4792 pietas
753 4726 805 4779 in
830 4723 1120 4781 Dominum
1141 4744 1156 4789 ;
1181 4740 1304 4796 quae
1326 4726 1531 4783 Christi
1559 4730 1902 4800 mysterium,
1928 4738 2049 4783 tan-

470 4829 635 4883 quam
681 4813 803 4868 rudi
855 4814 1091 4885 pictura,
1128 4816 1555 4873 adumbrabant.
1592 4836 1610 4868 ι
1650 4817 1727 4872 De
1759 4834 1845 4873 tne
1876 4819 2046 4883 enim,

380 4930 387 4937 ’
473 4911 573 4974 ait,
606 4919 660 4966 et
691 4910 781 4964 ille
809 4911 1034 4983 scripsit
1058 4912 1124 4971 θ’.
1164 4930 1183 4964 s
1216 4910 1424 4979 Deinde
1448 4927 1707 4968 sermone
1729 4913 1795 4967 ad
1820 4923 2048 4984 aposto-

382 5010 392 5020 ‘
474 5006 557 5060 los
589 5018 877 5070 converso,
899 5005 1213 5061 earumdem
1236 5016 1432 5060 metum
1460 5005 1512 5060 in
1538 5006 1735 5073 impios
1757 5015 2048 5063 venturum

474 5113 704 5169 eosque,
735 5114 765 5153 a
789 5098 995 5175 quibus
1017 5098 1147 5155 olim
1180 5098 1534 5165 terrebantur,
1565 5101 1727 5155 vietos
1766 5115 1879 5154 esse
1909 5098 2049 5153 voci-

475 5194 747 5261 feraturns
779 5191 1045 5262 adjungit.
1086 5190 1355 5248 Caeterum
1401 5206 1497 5261 pro
1522 5191 1705 5246 verbis
1739 5190 1881 5253 istis,
1915 5188 2050 5244 Ecce

477 5286 668 5341 timore
694 5294 865 5339 vestra
904 5285 1004 5355 ipsi
1033 5283 1313 5349 timebunt,
1363 5282 1597 5339 reddidit
1639 5282 2002 5353 Symmachus
2038 5298 2052 5335 :

484 5372 621 5431 Ecce
648 5377 864 5434 videbor
896 5376 1047 5444 ipsis.
1088 5374 1409 5432 Clamaruut
1447 5377 1693 5444 impense.
1729 5374 1953 5439 Deinde,
1988 5390 2058 5429 ne

479 5466 568 5535 qui
592 5466 830 5525 clamant
855 5469 1166 5540 ambigatur
1185 5469 1549 5540 ,angelipaeis
1577 5484 1757 5528 amare
1780 5468 2055 5537 ﬂeverunt,

480 5557 730 5625 addidit;
788 5561 986 5630 Aquila
1038 5577 1216 5616 vero:
1257 5559 1587 5631 Ecce,.ait,
1634 5560 1846 5614 videbor
1895 5560 2044 5628 ipsis.

483 5647 730 5704 clamabo
762 5650 1015 5717 impense.
1049 5649 1371 5721 reliquaque
1410 5649 1707 5714 similiter;
1744 5646 2052 5704 Theodotio

2145 4553 2285 4614 σέως
2309 4550 2494 4619 νόμος
2515 4548 2816 4615 σωτηρίας
2845 4546 3075 4622 εὓρηται
3098 4542 3423 4611 θησαυρός.
3467 4541 3557 4595 Ἐν
3578 4538 3739 4608 αὐτῷ

2143 4644 2254 4714 γὰρ
2293 4641 2480 4711 σοφιά
2527 4638 2625 4693 καὶ
2656 4638 2959 4707 ἐπιστήμη
2995 4637 3093 4690 καὶ
3144 4634 3424 4690 εὐσέϐεια
3455 4632 3590 4703 πρὸς
3638 4630 3741 4681 τὶν

2145 4733 2371 4805 Κύριον·
2419 4733 2482 4786 τὸ
2511 4728 2751 4803 Χριστοῦ
2781 4729 2892 4801 γὰρ
2929 4727 3007 4792 ὡς
3044 4730 3103 4781 ὲν
3128 4727 3287 4797 τύπῳ
3333 4725 3583 4796 περιέχει
3631 4740 3742 4791 μυο

2149 4827 2430 4896 στήριον.‹
2466 4823 2600 4894 Περὶ
2626 4820 2762 4892 ἐμοῦ
2792 4819 2925 4892 γὰρ,
2953 4820 3142 4890 φησὶν,
3172 4819 3380 4879 ἐκεῖνος
3414 4813 3674 4884 ἔγραψεν.
3715 4830 3738 4864 s

2156 4916 2294 4972 Μεθ’
2323 4916 2359 4970 ἀ
2378 4933 2511 4985 φησι
2527 4915 2663 4986 πρὸς
2682 4914 2811 4978 τοὺς
2839 4911 3191 4974 ἀποστόλους,
3209 4909 3284 4973 ὡς
3305 4910 3335 4962 6
3364 4909 3541 4978 φόϐος
3578 4905 3746 4974 ὑμῶν

2159 5010 2252 5063 ἐπὶ
2289 5010 2415 5071 τοὺς
2446 5006 2707 5070 ἀπίστους
2745 5006 3033 5079 οιτεσεῖταιο¹
3070 5003 3168 5057 καὶ
3194 5004 3243 5055 οἱ
3277 5000 3446 5057 πάλαι
3476 4997 3743 5069 φοϐοῦν-

2156 5119 2256 5166 τες
2305 5097 2478 5168 ὑμᾶς.
2526 5097 2847 5167 ἡττημένοι
2884 5096 3247 5162 βοήσονται.
3292 5092 3440 5146 ’Δντὶ
3491 5090 3549 5143 δὲ
3605 5088 3742 5153 τοῦ,

2170 5188 2326 5246 Ἰδοὺ
2348 5188 2417 5242 ἐν
2439 5188 2520 5254 τῷ
2538 5188 2698 5258 φόϐῳ
2719 5185 2893 5258 ὑμῶν
2907 5184 3078 5241 αὐτοὶ
3103 5185 3571 5254 φοϐηθήσονται.
3601 5178 3672 5232 Σύ
3680 5196 3738 5249 ρ.

2167 5297 2338 5352 μαχος
2371 5278 2471 5350 μέν
2494 5295 2681 5350 φησιν·
2722 5277 2877 5334 Ἰδοὺ
2898 5275 3237 5347 ὀφθήσομαι
3260 5272 3484 5339 αὐτοῖς.
3518 5272 3747 5337 Ἔκραο

2164 5374 2282 5439 ξαν
2322 5368 2595 5436 ἐκτενῶς.
2646 5370 2932 5441 Ἐπιφέρει
2981 5367 3041 5421 δὲ
3095 5364 3239 5428 τίνες
3270 5364 3320 5417 οἱ
3368 5359 3747 5429 κράξαντες·

2166 5463 2412 5532 dim-edat
2468 5457 2716 5529 εἰρήνης
2743 5457 2969 5528 πικρῶς
2994 5456 3331 5511 ἔκλαυσαν.
3377 5452 3435 5505 '0
3475 5450 3533 5503 δὲ
3578 5449 3753 5504 Ἀκύ-

2156 5553 2278 5616 λας,
2313 5550 2688 5623 Vticam-qaut.
2737 5549 3108 5619 ὀραθήσομαι
3137 5536 3365 5612 αὐτοῖς.
3398 5542 3613 5608 Βοήσω
3644 5539 3752 5594 ὲκ-

2160 5643 2366 5711 τενῶς.
2396 5645 2505 5697 Καὶ
2534 5644 2593 5697 τὸ
2622 5643 2810 5698 λοιπον
2835 5642 3040 5715 ὁμοίως
3062 5661 3076 5673 ·
3109 5645 3138 5697 6
3164 5641 3219 5697 δὲ
3246 5636 3560 5703 Θεοδοτίων,
3578 5630 3748 5690 Ἰδοὺ

555 5824 596 5855 ⁸⁷
638 5818 1322 5889 Lm-.ur,20;xsnr,50."
1355 5818 1512 5878 Boni.
1549 5836 1598 5886 κ,
1639 5820 1693 5887 5,
1733 5820 1773 5875 ι
1860 5823 1902 5879 εἴ
1928 5823 2085 5878 Joan.
2121 5836 2173 5887 v,
2214 5818 2304 5881 46.
