4032 6218
423 258 563 324 2307

1709 251 2059 315 PROCOPII
2095 249 2334 314 GAZ/EI

3532 236 3673 305 2303

428 369 678 437 attollat;
715 382 897 440 neque
924 366 1266 425 transeuntis
1297 366 1463 424 modo
1496 381 1619 422 sese
1643 366 1908 430 ostendit,
1941 374 2002 420 ut

2121 364 2196 419 τοῦ
2228 363 2501 433 γνώσεως.
2545 360 2657 415 Καὶ
2706 359 2916 429 κριτὴς
2967 357 3043 412 ὣν
3092 356 3344 413 ἁπάντων
3385 358 3677 429 ἐπίσκεψιν

427 476 555 517 eum
595 477 704 518 non
746 462 908 518 facile
940 462 1067 529 quis
1095 468 1382 531 agnoscat.
1415 458 1638 523 Deinde,
1658 458 1829 527 judea:
1870 471 1997 511 eum

430 553 525 618 sit,
559 555 612 608 in
660 552 903 607 omnium
942 552 1151 608 scelera
1189 550 1436 618 inquirit,
1469 549 1657 604 eadem
1695 558 1997 617 amputare,

432 660 542 699 non
576 644 804 713 perdere
838 657 938 698 nos
966 643 1216 712 cupiens.
1250 640 1530 710 Siquidem
1563 647 1820 708 tanquam
1850 638 1999 705 prin-

432 751 553 803 ceps
585 736 749 797 idem,
784 749 976 803 rexque
1001 736 1199 795 bonus,
1228 734 1299 787 ad
1333 732 1565 787 salutem
1596 732 1780 784 omnia
1810 744 2003 799 opera-

434 831 547 878 tur.
595 822 850 878 Refertur
893 837 1022 877 vero
1065 830 1121 875 et
1159 822 1225 876 ad
1272 821 1553 875 Christum
1584 821 1780 880 oratio,
1812 819 1905 890 qui
1943 834 2004 875 se

435 915 681 986 perfecte
723 928 753 966 a
799 913 957 967 nobis
999 912 1387 981 comprehendi
1438 926 1655 980 passus,
1692 911 1832 965 idem
1885 926 2006 966 sese

434 1005 553 1073 ipse
581 1019 688 1058 nun
724 1004 924 1065 solum,
957 1017 1081 1055 cum
1129 1012 1277 1056 esset
1319 1002 1607 1056 invisibilis
1629 1043 1645 1067 ,
1673 1003 1766 1057 sed
1791 1000 2004 1056 Patrem

433 1098 600 1148 etiam
632 1110 726 1162 per
756 1109 813 1147 se
851 1092 1302 1160 conspiciendum
1343 1092 1500 1148 nobis
1540 1093 1794 1161 praebuit.
1835 1091 2008 1146 Carte-

436 1200 558 1239 rum
586 1199 709 1239 cum
741 1187 924 1238 omnia
949 1185 1124 1249 vobis,
1152 1186 1249 1246 ait,
1270 1185 1396 1253 quia
1428 1185 1595 1239 vestri
1627 1200 1817 1238 curam
1844 1184 2005 1253 gerit,

440 1277 582 1333 Deus
610 1278 1003 1337 concessisset,
1046 1277 1514 1345 amplissimisque
1555 1276 1716 1330 donis
1754 1286 2004 1350 onustas,

440 1374 697 1437 tanquam
769 1366 971 1420 malum
1032 1368 1308 1435 aliquem,
1373 1367 1733 1435 cogitationes
1796 1373 2007 1420 vestras

438 1457 739 1523 erexisset,
794 1472 1072 1526 nunquam
1125 1465 1273 1512 certe
1324 1458 1430 1512 illae
1477 1457 1852 1519 corruissent,
1900 1456 2006 1510 nisi

440 1562 563 1611 vos,
594 1548 847 1601 rescissis
875 1547 1265 1602 benevolentia:
1289 1554 1481 1601 vestrae
1503 1545 1740 1615 funibus,
1762 1547 2011 1617 proprias

443 1646 657 1692 mentes
696 1639 999 1707 depravare
1048 1638 1387 1707 contigisset.
1435 1637 1634 1693 Verum
1675 1653 1743 1693 ne
1781 1641 1861 1693 sic
1889 1640 2012 1709 qui-

440 1725 563 1781 dem
596 1742 695 1781 vos
736 1727 949 1783 dimisit
988 1726 1155 1790 Deus,
1188 1726 1254 1781 ad
1307 1728 1478 1781 solam
1526 1740 1704 1795 usque
1743 1726 2007 1780 medelam
2043 1710 2084 1763 Β

443 1818 698 1886 puniens,
733 1818 1084 1888 erigensque,
1130 1828 1183 1873 et
1229 1816 1426 1872 radere
1474 1817 1789 1887 prohibens.
1833 1815 2011 1882 Ipsius

2100 456 2336 507 ποιεῖται
2364 450 2473 504 τῶν
2504 451 2712 513 κακῶν,
2751 450 3084 503 ἀνακόπτων
3113 449 3211 501 οὐκ
3251 448 3512 503 ἀπολέσαι
3547 448 3681 518 βουτ

2098 544 2346 615 λόμενος.
2386 543 2474 605 Ὠς
2503 540 2705 610 ἅρχων
2743 541 2853 612 γὰρ
2883 541 2977 593 καὶ
3013 538 3317 606 ,βασιλεὺς
3342 540 3544 608 ἀγαθὸς
3577 540 3677 592 ἐπὶ

2102 631 2344 703 σωτηρίᾳ
2392 632 2571 685 πάντα
2600 630 2762 683 ποιεῖ.
2809 628 3161 698 Ἀναφέρεται
3200 629 3257 682 δὲ
3295 630 3389 682 καὶ
3417 630 3496 694 είς
3535 630 3678 697 Χρι-

2103 723 2228 778 στὸν
2255 726 2283 777 ὁ
2308 723 2484 791 λόγος,
2511 721 2570 785 ὃς
2607 720 2891 791 ἀντίληψις
2929 720 3111 779 τελεία
3140 721 3453 791 γεγένηται,
3492 719 3677 786 δείξας

2101 816 2236 885 ἡμῖν
2262 814 2451 866 ἑαυτὸν
2471 811 2703 883 ἀόρατον
2728 811 2878 876 ὄντα,
2907 811 3001 863 καὶ
3026 809 3092 862 δι’
3121 810 3288 864 αὑτοῦ
3319 810 3411 864 τὸν
3436 811 3673 880 Πατέρα.

2103 907 2288 960 Πάντα
2334 904 2391 958 δέ
2435 919 2603 974 φησιν
2655 903 2786 973 ὑμῖν
2831 903 2918 955 διὰ
2969 902 3031 955 τὸ
3081 901 3342 970 κήδεσθαι
3380 902 3678 964 δεδωκότος

2105 996 2264 1057 θεοῦ,
2296 997 2392 1049 καὶ
2419 994 2695 1057 πλουσίοις
2722 993 3032 1064 δωρήμασι,
3064 992 3318 1062 καθάπερ
3357 993 3531 1045 ἱστόν
3552 1008 3681 1043 τινα

2104 1089 2465 1158 διεγείροντος
2503 1087 2571 1140 τὰ
2612 1087 2958 1157 φρονήματα,
2992 1085 3092 1137 οὐκ
3113 1086 3178 1138 ἄν
3216 1100 3348 1137 ποτε
3389 1083 3563 1137 ταῦτα
3592 1081 3679 1134 διο

2107 1180 2292 1243 ἔπεσε,
2320 1177 2688 1248 διακοψάντων
2710 1178 2864 1247 ὑμῶν
2886 1177 2981 1246 τῆς
3004 1176 3214 1239 εὐνοίας
3240 1174 3347 1239 τὰς
3382 1174 3683 1242 σχοίνους

2108 1274 2203 1325 καὶ
2234 1271 2653 1338 πλαγιασάντων
2692 1269 2786 1324 τὸν
2819 1267 2950 1322 ῐδιον
2981 1266 3125 1322 νοῦν.
3158 1265 3299 1319 Ἀλλ’
3341 1266 3464 1319 οὐδὲ
3502 1265 3682 1328 οὕτως

2111 1363 2256 1434 ὑμᾶς
2282 1361 2464 1432 ἀφῆκε
2512 1361 2670 1425 Θεὸς,
2699 1360 2862 1433 μέχρι
2889 1359 3057 1431 μόνης
3087 1358 3387 1430 θεραπείας
3431 1356 3683 1420 κολάζων

2113 1453 2279 1525 ὑμᾶς,
2312 1452 2544 1507 ἀνιστῶν
2592 1469 2652 1505 τε
2706 1451 2800 1504 καὶ
2846 1450 3073 1505 κωλύων
3121 1451 3326 1504 πεσεῖν.
3361 1446 3535 1501 Αὑτοῦ
3568 1446 3684 1516 γὰρ

2112 1546 2460 1616 συγχωρήσει
2496 1544 2591 1598 καὶ
2640 1542 2692 1597 οι
2733 1542 2975 1603 ἐπιόντες
3013 1540 3283 1612 ἐπῆλθον,
3329 1540 3406 1602 ὼς
3439 1539 3534 1592 καὶ
3585 1539 3686 1590 τὸν

2112 1637 2284 1709 χωλὸν
2328 1638 2534 1708 ἰσχύειν
2576 1635 2848 1707 μηδεμίαν
2887 1634 3144 1704 αἴσθησιν
3173 1633 3423 1703 καμάτου
3468 1631 3687 1702 λαμϐά-

2114 1745 2294 1795 νοντα,
2341 1728 2417 1793 ὡς
2458 1727 2526 1783 ἂν
2577 1727 2707 1798 ὑμῖν
2744 1726 3160 1799 ἁμαρτημάτων
3209 1725 3422 1794 γένοιτο
3464 1722 3686 1793 κάθαρο

2119 1834 2223 1881 σις.

441 1917 585 1968 υιιίιιι
617 1913 953 1984 indulgentia
985 1916 1147 1969 etiam
1184 1913 1276 1984 qui
1319 1918 1606 1982 superant,
1634 1920 2010 1977 accesserunt,
2088 1920 2148 1966 ut
2218 1927 2286 1966 ne
2329 1910 2530 1967 claudo
2577 1910 2795 1981 quidem
2845 1910 2993 1967 vires
3035 1908 3331 1976 defuerint,
3378 1907 3475 1978 qui
3531 1905 3691 1961 nullo

444 2004 648 2059 laboris
694 2019 861 2060 sensu
905 2003 1251 2069 defatigatur,
1283 2018 1393 2072 quo
1447 2001 1607 2058 vobis
1652 2000 2002 2072 iniquitatunt
2044 2000 2268 2057 accedat
2302 2003 2572 2072 purgatio.

1003 2091 1446 2164 cap._xxx1v.

514 2185 679 2258 408
714 2185 883 2241 Vens.
941 2186 1060 2240 1-7.
1120 2186 1400 2246 Accedite,
1434 2193 1643 2256 gentes,
1687 2192 1737 2239 et
1792 2183 2019 2246 audite,‘

439 2280 726 2348 principes.
765 2279 961 2332 Audiat
996 2286 1137 2332 terra
1183 2287 1232 2332 et
1268 2278 1357 2347 qui
1405 2277 1462 2330 in
1497 2293 1561 2331 ea
1602 2285 1746 2340 sunt,
1778 2276 1923 2330 orbis
1962 2284 2012 2329 et

442 2371 668 2441 populus
718 2370 809 2439 qui
863 2377 943 2424 est
976 2369 1030 2422 in
1064 2384 1126 2423 eo
1159 2382 1180 2423 :
1214 2367 1338 2438 quia
1388 2368 1541 2436 {uror
1594 2366 1806 2421 Domini
1856 2382 2013 2435 super

441 2479 619 2517 omnes
647 2472 863 2532 gentes:
905 2470 953 2515 et
982 2461 1065 2514 ira
1108 2461 1163 2513 in
1210 2474 1415 2513 omnem
1468 2473 1741 2514 numerum
1793 2474 1971 2513 eorum
1996 2496 2012 2523 ,

442 2564 501 2608 ut
523 2553 710 2623 perdat
735 2570 847 2619 eos,
876 2561 926 2607 et
975 2555 1155 2606 tradat
1188 2568 1277 2608 eos
1310 2552 1363 2606 in
1391 2551 1732 2617 occisionem,
1759 2559 1868 2606 etc.

519 2730 582 2784 Et
620 2743 787 2799 supra
818 2729 1009 2796 etiam,
1043 2743 1168 2783 cum
1214 2727 1718 2799 Hierosolymorum
1763 2728 2010 2783 obsidio-

448 2839 570 2877 nem
627 2823 1043 2886 vaticinaretur,
1084 2820 1355 2891 judicium
1417 2822 1692 2892 adiunxit,
1753 2822 1898 2892 quod
1954 2822 2010 2877 in

445 2929 640 2969 omnes
671 2925 847 2985 gentes
880 2914 1126 2968 futurum
1175 2923 1290 2980 est;
1325 2924 1382 2968 ut
1415 2912 1549 2967 facit
1577 2914 1678 2968 hoc
1697 2914 1839 2981 loco.
1874 2914 2009 2970 Cum

2680 2093 2930 2147 ΚΕΦΑΔ.
2976 2093 3098 2148 AA'.
3168 2108 3175 2115 '

2162 2182 2299 2250 σι’-ζ’.
2331 2184 2762 2256 Προσαγιὶγετε,
2790 2188 2957 2254 ἔθνη,
2984 2185 3078 2240 καὶ
3111 2178 3435 2247 ἀκούσατε,
3463 2183 3693 2253 ἄρχον-

2108 2291 2228 2341 τες.
2273 2276 2604 2331 Ἆκουσάτω
2628 2278 2665 2345 ἠ
2695 2274 2772 2347 γῆ
2798 2277 2897 2330 καί
2932 2279 2987 2331 οι
3011 2275 3082 2330 ἐν
3112 2274 3267 2345 αὐτῇ
3292 2293 3307 2308 ’
3334 2277 3373 2344 si
3410 2276 3691 2344 οικουμέι

2082 2378 2085 2381 ‘
2117 2385 2198 2436 νη
2246 2368 2347 2423 καί
2370 2371 2402 2424 ό
2432 2369 2582 2436 λαὸς
2612 2370 2683 2423 ἐν
2708 2368 2885 2438 αὐτῇ,
2923 2368 3073 2424 διότι
3105 2370 3293 2439 θυμὸς
3334 2369 3557 2437 Κυρίου
3585 2370 3693 2424 ἐπι

2118 2460 2315 2516 πάντα
2337 2463 2410 2516 τὰ
2439 2463 2604 2529 ἔθνη,
2634 2463 2731 2516 καί
2766 2461 2912 2532 ὀργὴ
2941 2461 3040 2515 ἐπὶ
3074 2462 3179 2515 τὸν
3209 2461 3460 2532 ἀριθμὸν
3486 2460 3699 2516 αὐτῶν

2118 2552 2226 2607 τοῦ
2252 2551 2549 2607 ἀπολέσαι
2569 2552 2811 2622 αὐτοὺς,
2829 2553 2927 2609 καί
2957 2552 3326 2623 παραδοῦναι
3354 2552 3575 2619 αὐτοὺς
3602 2555 3697 2619 εις

2119 2643 2386 2713 σφαγὴν,
2413 2661 2471 2697 κ.
2495 2661 2547 2699 τ.
2580 2644 2633 2701 λ.

2189 2735 2296 2788 Kal.
2325 2736 2417 2787 ἐπὶ
2445 2735 2555 2790 τῶν
2583 2734 2894 2807 ἔμπροσθεν
2929 2736 3085 2790 είπου
3120 2736 3139 2778 ί
3186 2734 3287 2806 τῆς
3333 2732 3696 2806 Ἰερουσαλὴμ.

2117 2824 2438 2895 πολιορκίαν
2466 2827 2495 2879 ό
2525 2826 2681 2895 λόγος
2711 2826 3016 2892 ὲθέσπιζεν,
3046 2826 3251 2897 ἐπῆγεν
3280 2826 3406 2896 ἑξῆς
3437 2825 3536 2897 τὴν
3565 2827 3696 2896 κρίο

2119 2933 2206 2970 σιν
2235 2918 2334 2986 τὴν
2357 2917 2498 2970 κατὰ
2529 2917 2746 2972 πάντων
2775 2914 2986 2982 ἐθνῶν,
3015 2915 3205 2988 ὥσπερ
3236 2916 3332 2970 καὶ
3376 2914 3472 2969 νῦν
3502 2930 3518 2947 ·
3550 2915 3696 2969 πάν·
3770 2899 3781 2905 ’

445 3006 592 3061 enim
624 3008 867 3063 omnium
888 3003 1033 3061 Deus
1053 3007 1148 3071 sit,
1178 3006 1346 3061 minis
1376 3021 1567 3062 omnes
1596 3004 1665 3058 ab
1684 3019 1873 3060 errore
1901 3013 2015 3060 stn-

2121 3024 2225 3060 των
2253 3005 2362 3079 γὰρ
2385 3006 2469 3061 ’ὢν
2488 3007 2643 3075 Θεὸς,
2667 3008 2872 3072 πάντας
2902 3006 3029 3070 τοὺς
3059 3005 3509 3079 πλημμελοῦντας
3533 3006 3695 3059 ἀπει-

448 3097 541 3154 det
577 3100 859 3153 retrahere
882 3136 899 3165 ,
937 3100 1201 3169 ipsosque
1224 3100 1496 3171 imprimis
1521 3098 1838 3162 Israelitas.
1861 3096 2020 3167 juxta

452 3186 621 3241 illud:
660 3206 679 3240 ι
717 3188 775 3242 ln
806 3190 917 3251 his,
967 3191 1061 3259 qui
1117 3199 1342 3261 propter
1387 3206 1473 3245 me
1496 3198 1646 3255 sunt,
1698 3189 2017 3244 sanctiﬁca-

451 3276 552 3332 hor
571 3278 640 3333 ⁸⁸.
679 3295 699 3331 ι
745 3276 981 3334 Censent
1014 3280 1264 3334 nonnulli
1290 3278 1533 3336 Iudaicae
1561 3295 1852 3351 synagoga:
1880 3295 2021 3334 nau-

454 3364 662 3434 lragiu,
694 3367 1050 3437 gentiumque
1095 3370 1388 3424 vocatione
1436 3368 1740 3439 praemissis
1792 3369 2021 3441 (multos

451 3457 600 3511 enim
633 3457 861 3513 claudos
894 3459 1104 3527 praedas
1125 3457 1371 3516 facturos
1403 3460 1732 3528 dixit),istis
1763 3474 2024 3515 necessa-

457 3547 626 3610 ritttn,
666 3549 759 3619 qui
807 3549 939 3603 olim
1000 3549 1412 3616 claudiearnnt,
1460 3552 1528 3607 de
1577 3552 1672 3607 Dei
1729 3552 1784 3608 in
1831 3568 2023 3609 omnes

451 3641 685 3714 judicio,
718 3641 1031 3698 caterhesin
1066 3643 1376 3707 instituere,
1417 3652 1472 3700 et
1504 3651 1766 3715 tanquam
1802 3644 1963 3715 longe
1993 3657 2025 3697 a

456 3752 516 3793 se
550 3747 773 3809 propter
796 3736 1164 3794 idolulatriam
1191 3745 1432 3793 remotas
1454 3749 1631 3809 gentes
1662 3747 1720 3791 ut
1744 3737 2024 3801 accedant,

462 3828 781 3884 inclamare.
810 3828 927 3885 Non
954 3828 1181 3895 desunt,
1210 3831 1305 3901 qui
1338 3829 1465 3886 ideo
1497 3829 1565 3884 ad
1580 3828 2026 3902 Assyrios,quod

458 3912 766 3975 Jerusalem
800 3919 916 3973 suis
972 3935 1033 3974 se
1060 3919 1297 3982 viribus,
1346 3936 1455 3975 non
1492 3920 1830 3975 concedente
1889 3918 2024 3983 Deo,

458 4021 809 4079 expugnasse
848 4018 1129 4082 putarent,
1160 4012 1353 4068 referri
1387 4014 1734 4079 existiment;
1768 4019 1823 4067 et
1852 4013 1922 4068 ab
1943 4012 2027 4066 his

459 4098 526 4150 ad
588 4100 912 4155 universum
966 4101 1239 4171 judicium
1287 4117 1598 4159 sermonem
1662 4103 1897 4157 traduci.
1949 4100 2025 4155 Ita

458 4189 609 4243 enim
638 4190 1058 4249 etSalvatort-m
1113 4194 1313 4264 ipsum,
1372 4197 1547 4259 aiunt,
1604 4195 1659 4249 in
1700 4193 2025 4263 Evangelio,

459 4293 750 4353 postquam
776 4286 1082 4342 monuisset
1139 4302 1259 4357 qua:
1318 4286 1713 4360 Hierosolymis
1768 4296 2028 4343 eventura

460 4386 669 4443 essent,
690 4377 1026 4449 subjungere
1058 4378 1127 4433 de
1157 4380 1534 4434 universo.....

484 4518 495 4529 .
1038 4468 1192 4523 CAP.
1235 4467 1450 4525 XXXV.

529 4557 1070 4634 ωο-ιιονειε.
1108 4563 1185 4614 l-l
1206 4561 1252 4615 ί.
1287 4559 1518 4627 Latere,
1547 4560 1808 4616 desertum
1827 4562 2034 4616 sitiens.

466 4647 709 4704 Exsultat
736 4652 993 4718 solitudo,
1017 4659 1068 4705 et
1092 4651 1280 4720 ﬂureal
1308 4653 1449 4705 sicut
1493 4651 1661 4705 lilium
1681 4667 1701 4717 ;
1724 4660 1775 4705 et
1800 4652 2032 4719 ﬂorebit,

463 4748 515 4790 et
540 4739 880 4793 exsultabant
914 4740 1127 4794 deserta
1158 4739 1436 4795 Iordanis.
1467 4738 1652 4796 Gloria
1682 4740 1873 4795 Libani
1901 4743 2034 4796 data

464 4834 547 4880 est
573 4827 646 4893 ei,
673 4836 723 4880 et
756 4829 921 4882 Itonos
958 4827 1211 4891 Carmeli,
1257 4839 1307 4882 et
1361 4830 1590 4899 populus
1650 4848 1794 4885 meus
1844 4833 2034 4886 ridebit

466 4914 693 4987 gloriam
725 4916 962 4985 Domini,
984 4927 1034 4972 et
1060 4917 1425 4972 celsitudinem
1460 4918 1574 4985 Dei,
1607 4927 1715 4974 etc.

536 5092 698 5167 4],],
903 5098 1048 5152 enim
1090 5098 1373 5162 diabolus,
1407 5099 2032 5172 tanquamlcorugiens,

469 5202 724 5257 qmerens
752 5204 912 5259 quem
940 5190 1225 5245 devoret'.
1268 5209 1286 5241 ι
1335 5189 1440 5245 Sed
1494 5205 1589 5245 eos
1623 5206 1734 5246 non
1782 5191 2030 5253 devorat,

469 5283 565 5351 qui
602 5283 862 5336 viaman
902 5284 1336 5337 tantatnhnlattt.
1370 5281 1555 5352 Neque
1580 5281 1847 5338 enitnvite
1870 5297 2038 5350 super

537 5436 585 5471 "
629 5438 822 5494 Ezech.
853 5454 1039 5507 uvut,
1072 5438 1167 5495 25.
1273 5441 1287 5469 ¹
1320 5439 1337 5494 Ι
1376 5436 1523 5493 Petr.
1565 5454 1621 5504 ν,
1655 5436 1706 5492 8.

2119 3095 2240 3161 λαῖς
2286 3098 2668 3168 ἀνακρούεται.
2705 3100 2814 3152 Καὶ
2859 3095 3106 3171 πρώτους
3158 3098 3216 3166 ἐξ
3258 3096 3496 3170 Ἰσραὴλ,
3547 3096 3694 3151 κατὰ

2118 3187 2213 3240 τό’
2259 3206 2278 3240 t
2325 3187 2416 3244 Ἐν
2444 3191 2553 3252 τοῖς
2576 3189 2854 3258 ἑγγίζουσί
2888 3207 2978 3261 μοι
3016 3189 3437 3261 ἁγιασθήσομαι.
3477 3206 3499 3241 s
3531 3187 3695 3251 Τινις

2119 3278 2179 3334 δέ
2209 3296 2388 3349 φασιν,
2429 3282 2508 3345 ὼς
2551 3285 2653 3353 τῆς
2720 3282 2992 3337 Ἰουδαίων
3038 3286 3358 3354 συναγωγῆς
3412 3274 3601 3335 είπὼν⁴
3629 3279 3695 3332 τὸ

2121 3373 2398 3441 ναυάγιον,
2430 3373 2527 3427 καὶ
2568 3374 2679 3429 τῶν
2735 3374 2905 3430 ἐθνῶν
2945 3374 3046 3446 τὴν
3088 3375 3279 3446 κλῆσιν
3331 3372 3538 3447 (πολλοὶ
3580 3370 3695 3442 γὰρ

2120 3460 2303 3530 χωλοὶ,
2327 3462 2480 3532 φησι,
2512 3464 2791 3535 προνομὴν
2817 3463 3145 3536 ποιήσουσι),
3172 3462 3379 3527 τούτοις
3397 3463 3508 3525 τοῖς
3524 3460 3698 3516 πάλαι

2123 3550 2477 3622 χωλαίνουσιν
2498 3554 2809 3622 ἀναγκαίως
2835 3555 2930 3609 νῦν
2959 3558 3105 3609 ποιεῖ
3128 3555 3228 3626 τὴν
3252 3554 3573 3625 κατήχησιν,
3593 3553 3699 3623 τὴν

2124 3641 2268 3696 κατά
2317 3642 2536 3721 πάνπυν
2585 3646 2769 3716 κρίσιν
2815 3645 3005 3700 εἰπών.
3042 3645 3131 3710 ὀς
3180 3645 3239 3699 δὲ
3270 3646 3457 3717 πόρρω
3478 3645 3568 3699 διὰ
3594 3645 3699 3716 τὴν

2126 3736 2570 3807 είδωλολατρείαν
2641 3737 3020 3809 καθεστηκότα
3074 3736 3233 3792 καλεῖ
3288 3736 3700 3808 προσανῆγε-τε

2126 3824 2299 3893 λέγων
2350 3825 2517 3893 ἔθνη.
2559 3827 2732 3891 .Ttvt;
2785 3827 2844 3880 δὲ
2881 3828 3018 3900 πρὸς
3075 3827 3393 3899 Ἀσσυρίους
3441 3826 3699 3898 λέγεσθαι

2126 3914 2301 3970 ταῦτα
2325 3933 2456 3985 φασι
2489 3916 2614 3981 τοὺς
2648 3916 2867 3981 ἑλόντας
2887 3919 2986 3991 τὴν
3019 3919 3390 3992 Ἰερουσαλὴμ,
3440 3919 3515 3991 μὴ
3568 3935 3701 3973 συν·

2132 4006 2309 4070 ιὲντας
2336 4006 2413 4070 ὡς
2437 4006 2573 4060 Θεοῦ
2598 4009 2944 4080 συγχωρήσει
2966 4008 3139 4064 ταῦτα
3162 4010 3470 4081 γεγένηται,
3487 4010 3582 4063 καὶ
3606 4008 3702 4064 τὸν

2127 4097 2286 4167 λόγον
2316 4099 2380 4151 ὲκ
2408 4097 2613 4153 τούτων
2637 4099 2729 4152 ἐπὶ
2752 4099 2852 4169 τὴν
2878 4098 3104 4155 καθόλου
3123 4100 3305 4171 κρίσιν
3327 4101 3697 4171 μετενεγκεῖν.

2130 4187 2289 4244 υῦτω
2320 4189 2415 4243 καὶ
2437 4188 2673 4262 όΣωτὴρ
2694 4192 2752 4244 ὲν
2784 4191 3122 4263 Εὑαγγιλίῳ,
3152 4191 3309 4262 φασὶ,
3338 4192 3408 4245 τὰ
3439 4189 3705 4262 μέλλοντα

2133 4280 2459 4350 γεγενῆσθαι
2530 4280 2816 4353 προλέγων
2875 4283 2941 4353 τῇ
3007 4281 3380 4353 Ἰερουσαλὴμ,
3439 4280 3702 4349 ὑπεξάγει

2138 4372 2383 4443 περὶτῆς
2404 4372 2635 4427 καθόλου
2664 4412 2680 4429 .
2716 4414 2732 4430 .
2769 4412 2784 4427 .
2811 4412 2827 4428 .

2719 4464 2971 4521 ΚΕΦᾹΔ.
3001 4465 3124 4520 AE'.

2195 4559 2364 4608 α’-ια’.
2388 4553 2787 4623 Εὐφράνθητι,
2825 4556 3045 4626 ἕρημος
3080 4555 3339 4626 διψῶσα.
3391 4557 3708 4629 Ἀττιιιιά.

2137 4649 2264 4702 σθω
2285 4645 2526 4716 ἕρημος,
2561 4646 2662 4702 καὶ
2683 4647 2931 4703 ἁνθείτω
2953 4648 3036 4716 ὡς
3063 4650 3293 4718 κρίνον.
3318 4651 3425 4707 Kal
3456 4650 3713 4718 ἐξανθή-

2137 4751 2255 4803 σει,
2298 4738 2397 4792 καί
2423 4736 2862 4807 ἁγαμιάονεται
2898 4741 2973 4794 τὰ
2997 4741 3187 4810 ἔρημα
3219 4742 3325 4796 τοῦ
3380 4740 3706 4810 Ἰορδάνου.

2153 4826 2223 4881 Ἡ
2250 4826 2401 4892 δόξα
2420 4827 2528 4882 τοῦ
2556 4825 2813 4884 Λιϐάνου
2831 4828 3008 4897 ἐδόθη
3032 4829 3211 4899 αὐτῇ,
3238 4831 3338 4899 καὶ
3364 4833 3403 4901 ἠ
3435 4831 3574 4901 τιμὴ
3602 4831 3711 4885 τοῦ

2143 4917 2488 4986 Καρμήλου,
2548 4918 2644 4973 καί
2699 4922 2733 4974 ὁ
2757 4920 2908 4987 λαός
2936 4937 3052 4990 μου
3089 4919 3299 4990 ὄψεται
3357 4920 3472 4990 τὴν
3523 4921 3715 4987 δόξαν

2146 5010 2388 5087 Κυρίου,
2420 5009 2518 5063 καί
2556 5009 2624 5064 τὸ
2660 5010 2819 5080 ὕψος
2855 5012 2961 5067 τοῦ
2983 5011 3155 5080 Θεοῦ,
3184 5030 3239 5068 κ.
3259 5031 3307 5066 τ.
3341 5013 3391 5067 λ.

2215 5116 2235 5149 ι
2276 5138 2290 5155 .
2325 5138 2341 5152 .
2366 5137 2380 5153 .
2420 5139 2435 5155 .
2472 5099 2579 5169 γὰρ
2601 5100 2628 5152 ὁ
2654 5099 2896 5164 διάϐολος
2922 5100 2998 5164 ὡς
3036 5100 3173 5155 λέων
3201 5100 3512 5172 ὠρυόμενος
3537 5099 3717 5170 ζητῶν

2139 5187 2260 5240 τίνα
2280 5189 2544 5260 καταπίῃ.
2559 5207 2578 5241 ι
2600 5189 2737 5242 Ἀλλ’
2764 5190 2824 5243 οὐ
2854 5192 3321 5255 καταπίεταιτοῦς
3341 5192 3442 5263 τὴν
3466 5190 3586 5244 ὁδὸν
3615 5189 3717 5257 τὴν

2146 5282 2420 5352 μακαρίαν
2480 5281 2783 5347 ὁδεύοντας.
2842 5282 2976 5337 Οὐδὲ
3013 5284 3124 5355 γὰρ
3168 5282 3322 5347 ὀδοὺς
3373 5281 3468 5335 ἐπὶ
3503 5280 3718 5352 πέτρας

1755 5548 1979 5605 ΥᾹΙῖΙίΕ
2026 5545 2316 5602 LECTION
2324 5544 2428 5605 ES.

546 5648 564 5691 Ι
599 5666 682 5718 γρ.
710 5646 861 5700 ὅπου.

520 5754 711 5901 κ

712 5902 741 5957 λι,

744 5960 897 6105 \-
