4032 6218
354 226 511 296 ’2339

1435 234 1982 298 COMMENTARII
2034 236 2120 298 IN
2163 238 2453 301 ISAIAM.

3508 242 3653 310 2310

366 344 590 401 δυνατὸν
616 344 818 416 εὑρεῖν,
851 346 998 402 καθά
1032 366 1167 420 φησι
1199 348 1479 420 Σολομῶν.
1530 342 1693 405 Οὗτοι
1725 351 1783 405 δέ
1818 352 1957 405 είσιν

2071 362 2272 424 petram
2311 355 2647 426 deprehendi
2688 366 2945 429 possunt,
2998 358 3079 415 ait
3110 357 3371 417 Salomon
3408 362 3453 416 ².
3510 359 3655 417 Sunt

366 437 462 504 οὓς
490 436 685 506 αἵματι
713 437 792 509 τῷ
832 438 945 510 ίδίῳ
973 441 1362 509 λελύτρωται,
1406 440 1545 513 πρὸς
1575 441 1676 513 τὴν
1719 441 1965 514 ποίμνην

363 528 464 597 τὴν
496 528 633 582 ίδίαν
666 527 1048 598 συναγαγών.
1080 530 1251 595 Αὐτὸς
1280 530 1389 601 γὰρ
1413 529 1693 600 συνῆξεν
1722 533 1795 586 οὐ
1825 548 1965 603 προ-

368 622 569 694 φήτης.
606 620 709 673 οὐκ
746 619 1055 689 ἄνθρωπος,
1113 621 1322 675 τούτων
1367 623 1406 691 ἡ
1459 622 1623 703 saec,
1655 622 1724 676 δι’
1758 618 1831 697 ἧς
1872 624 1966 675 ἐπὶ

363 711 519 775 τέλος
547 711 609 764 τὸ
631 712 1037 783 τρισμακάριον
1059 713 1161 784 τῆς
1226 713 1560 785 ἐπουρανίου
1609 713 1766 768 Σιὼν
1808 713 1965 767 ἐλεύ-

368 820 574 868 σονται,
614 803 745 876 περὶ
774 799 841 876 ἧς
894 806 924 859 ὁ
975 804 1190 870 Παῦλός
1236 822 1415 877 φησι·
1462 825 1481 858 ι
1517 805 1967 878 Προσεληλύθατε

367 892 509 947 Σιὼν
538 894 678 966 δρει,
699 896 795 948 καὶ
822 895 979 951 πόλει
1009 895 1147 950 Θεοῦ
1188 897 1391 962 ζῶντος
1419 898 1780 969 Ἰερουσαλὴμ
1806 898 1969 951 ἐπου-

369 985 564 1057 ρανίῳ.
610 1005 628 1037 ι
672 985 786 1039 Νῦν
809 986 920 1059 γὰρ
955 988 1173 1058 ἐκείνην
1206 989 1268 1042 ού
1312 989 1540 1043 δυνατὸν
1571 990 1752 1060 λέγειν
1793 989 1964 1057 Σιὼν,

365 1078 496 1149 περὶ
542 1070 612 1149 ἦς
664 1076 887 1146 ἐλεγενο
938 1078 1218 1143 Ἐνιαυτὸς
1265 1080 1674 1146 ἁνταποδόσεως
1731 1081 1969 1151 κρίσεως

366 1168 528 1224 Σιών.
545 1167 795 1239 Ἐκείνης
818 1168 925 1239 γὰρ
950 1170 1120 1224 πίσσα
1143 1172 1240 1224 καὶ
1267 1169 1380 1242 πῦρ
1400 1174 1434 1242 ἡ
1466 1189 1532 1242 με
1541 1171 1645 1243 ρίς.
1661 1172 1881 1246 Ταύτης
1906 1172 1961 1226 δέ

365 1254 707 1330 εὐφροσύνη,
734 1258 803 1329 ἠν
834 1258 1195 1329 ἁναδὴσονται
1240 1261 1290 1313 oi
1343 1262 1563 1332 νικηταὶ
1590 1260 1683 1315 τοῦ
1725 1262 1968 1332 μεγάλου

364 1351 560 1405 τούτου
620 1350 884 1419 φανέντες
915 1350 1128 1422 ἀγῶνος
1167 1352 1312 1406 κατὰ
1362 1352 1456 1406 τὸν
1515 1353 1847 1407 ’Δπόστολον
1884 1353 1971 1406 Αέο

364 1457 622 1513 γοντεςσι
648 1442 850 1499 Λοιπὸν
877 1443 1173 1498 ἀπόκειταί
1206 1462 1297 1516 μοι
1320 1444 1464 1515 ὁτῆς
1476 1444 1825 1516 δικαιοσύνης
1855 1445 1975 1499 στέ-

367 1552 595 1608 φανος.»
629 1533 749 1590 Ἐπ’
778 1534 961 1590 ἐλπίσι
995 1535 1052 1588 δὲ
1083 1534 1379 1608 κληθέντες
1424 1536 1732 1608 λαμπραῖς,
1764 1552 1974 1590 στενα-

368 1630 523 1700 γμοῦ
556 1629 655 1684 καὶ
705 1631 908 1697 λύπης
966 1628 1226 1698 ἄγευστοι
1275 1627 1542 1697 γίνονται,
1595 1628 1696 1700 τῆς
1744 1627 1967 1687 αίωνίου

370 1725 517 1797 ζωῆς
545 1722 646 1795 τὴν
678 1721 1024 1795 εὐφροσύνην
1055 1721 1275 1792 ἔχοντες
1313 1721 1603 1792 στέφανον.

937 1812 1197 1868 ΚΕΦΑΛ.
1231 1813 1375 1880 aqu

426 1910 613 1963 α’-κα⁹.
657 1904 767 1959 Καὶ
829 1904 1069 1975 ἐγένετο
1120 1903 1224 1959 τοῦ
1262 1898 1963 1974 τεσσαρεσκαιδεκάτου

370 1998 544 2062 ἔτους
573 1996 1022 2062 ,ϐασιλεύοντος
1067 1994 1348 2063 Ἐζεκίου,
1378 1997 1561 2066 ἀνέϐη
1590 1998 1963 2068 Σεναχηρείμ

362 2088 666 2155 ,ϐασιλεὺς
725 2087 1058 2158 Ἀσσυρίων
1094 2088 1193 2143 ἐπὶ
1224 2088 1333 2157 τὰς
1392 2091 1603 2157 πόλεις
1661 2090 1774 2159 τῆς
1814 2092 1962 2146 ’Iov-

366 2181 545 2245 ὃαίας
570 2179 677 2245 τὰς
711 2178 957 2247 ὀχυρὰς,
997 2178 1099 2233 καί
1151 2179 1371 2234 ἐλαϐεν
1404 2179 1615 2247 αὑτάς.
1685 2180 1795 2236 Kal
1846 2181 1965 2235 ἀπ-

368 2276 608 2328 έστειλε
633 2271 939 2338 ,βασιλεὺς
985 2273 1329 2341 Ἀσσυρίων
1374 2274 1483 2327 τὸν
1537 2273 1847 2343 Ῥαψάκην
1893 2274 1963 2328 ἐκ

369 2365 589 2435 Λάχεις
613 2369 701 2433 εἷς
741 2365 1165 2435 Ἰερουσαλὴμ,
1208 2366 1361 2435 πρὸς
1384 2366 1487 2420 τόν
1520 2367 1793 2431 βασιλέα
1822 2363 1965 2426 Ἐζε-

370 2460 510 2513 κίαν
528 2459 679 2528 μετὰ
707 2458 1020 2528 δυνάμεως
1049 2459 1315 2527 πολλῆς,
1350 2476 1404 2511 κ.
1442 2476 1494 2513 τ.
1527 2458 1579 2514 λ.
1732 2457 1735 2460 ’

442 2550 696 2623 Περιέχει
729 2549 827 2620 μέν
857 2550 953 2620 τὴν
982 2549 1268 2621 παροῦσαν
1301 2551 1545 2623 ίστορίαν
1572 2552 1605 2623 ἡ
1641 2548 1682 2604 δ’
1716 2550 1826 2605 τῶν
1856 2550 1963 2602 Βα-

371 2643 612 2710 σιλειῶν,
643 2642 791 2714 καὶὴ
820 2642 929 2698 τῶν
958 2642 1459 2713 Παραλειπομένων
1487 2643 1743 2715 δευτέρα,
1779 2659 1963 2714 παρα-

368 2735 638 2807 λαμϐάνει
677 2735 733 2789 δὲ
783 2735 879 2789 καὶ
933 2734 1013 2806 τῷ
1069 2734 1300 2805 παρόντι
1331 2736 1589 2807 προφήτῃ
1628 2733 1963 2806 περιέχουσα

371 2828 510 2898 πρὸς
542 2824 620 2897 τῷ
648 2824 795 2879 τέλει
838 2823 1178 2896 προφητείαν
1235 2824 1480 2895 μεγάλην
1517 2824 1614 2878 καί⁵
1644 2824 1846 2895 πρᾶξιν
1877 2824 1964 2877 ἐπ’

385 2915 632 2982 Ἐζεκίου
664 2940 668 2945 λ
692 2915 999 2985 γενομένην
1056 2914 1384 2986 παράδοξον.
1430 2915 1522 2968 Ἐν
1551 2915 1608 2968 δέ
1633 2914 1716 2981 τῷ
1744 2929 1966 2969 τεσσαο

364 3005 813 3078 ρεσκαιδεκάτφ
836 3006 955 3061 ἔτει
979 3005 1091 3076 τῆς
1109 3006 1435 3072 ,βασιλείας
1468 3005 1752 3071 Ἐζεκίου,
1776 3005 1964 3073 δγδοον

368 3095 440 3171 ἦν
475 3099 593 3163 ἔτος
621 3100 721 3169 τῆς
751 3096 1136 3174 αἰχμαλωσίας
1185 3096 1297 3151 τῶν
1357 3097 1492 3150 δέκα
1546 3094 1751 3165 φυλῶν.
1815 3096 1876 3148 '0
1904 3096 1962 3149 δέ

384 3190 644 3257 Ἐζεκίας
670 3190 758 3243 ἐπ’
786 3189 1043 3261 εὐσεϐείᾳ
1076 3187 1476 3260 τεθαύμασται,
1514 3188 1807 3243 καὶταῦτα
1835 3191 1964 3252 παῖς

370 3282 606 3347 ἀσεϐοῦς
635 3280 881 3352 γεγονὼς
908 3283 1005 3337 τοῦ
1040 3281 1241 3355 Ἀχαζ,
1271 3282 1331 3348 ὃς
1367 3283 1615 3347 ἀποστὰς
1662 3282 1758 3337 τοῦ
1799 3279 1959 3347 Θεοῦ,

371 3374 638 3428 ἐπιόντων
669 3374 819 3445 αὐτῷ
846 3374 1023 3429 Φακεέ
1045 3374 1141 3429 τοῦ
1178 3373 1463 3444 Ῥομελίου
1485 3374 1802 3446 Σαμαρείας
1831 3390 1966 3445 κρα-

370 3466 613 3531 τοῦντος,
648 3467 744 3521 καὶ
786 3466 1068 3521 Ῥαασσὼν
1111 3465 1209 3520 τοῦ
1249 3467 1451 3538 Συρίας
1503 3466 1793 3538 βασιλέως,
1828 3466 1966 3537 πρὸς

374 3558 698 3630 ἐπικουρίαν
730 3557 959 3625 ἐκάλεσε
997 3557 1475 3629 Θεγλαφαλάσσαρ
1506 3559 1602 3612 τὸν
1650 3557 1963 3629 Ἀσσύριον,

372 3650 570 3720 δώροις
595 3650 792 3714 πείσας
823 3649 1064 3714 πολλοῖς,
1097 3650 1156 3715 ὃς
1190 3648 1328 3703 ἐλὼν
1373 3649 1669 3721 Δαμασκὸν
1738 3649 1835 3703 καὶ
1865 3650 1967 3701 Συ-

376 3739 522 3807 ρίαν,
554 3740 868 3811 ὑποφόρους
908 3739 1140 3809 ἐτίθετο,
1182 3739 1200 3793 1
1254 3739 1347 3794 τὸν
1377 3740 1575 3810 Ἀχαζ,
1615 3733 1676 3795 οὗ
1723 3737 1967 3809 γεγονὼς

386 3830 649 3900 Ἐζεκίας
682 3832 1005 3886 ὑποκεῖσθαι
1036 3832 1266 3904 δασμοῖς
1289 3832 1391 3886 οὐκ
1431 3832 1728 3903 ἠνέσχετο,
1759 3830 1853 3884 καὶ
1878 3829 1966 3884 διὰ

373 3922 536 3978 τοῦτο
564 3922 853 3993 στρατεύει
880 3923 1289 3993 Σενναχηρεὶμ
1313 3923 1400 3976 ἐπ’
1441 3922 1626 3976 αὐτόν.
1665 3919 1969 3993 Καταδηὼ-

376 4031 478 4080 σας
505 4015 563 4070 δὲ
611 4015 709 4086 τὴν
761 4015 1099 4087 Σαμάρειαν,
1138 4015 1238 4069 καὶ
1288 4014 1525 4081 πολλὰς
1561 4013 1665 4082 τῆς
1704 4013 1967 4077 Ἰουδαίας

374 4111 589 4174 πόλεις
613 4107 772 4162 ἐλὼν
799 4109 891 4162 καὶ
924 4109 1275 4177 καταντήσας
1306 4108 1388 4172 είς
1430 4107 1634 4179 Λάχεις
1662 4107 1968 4179 στρατηγὸν

378 4196 576 4251 ἑαυτοῦ
619 4195 933 4268 Ῥαψάκην
972 4198 1337 4254 ἀπέστειλεν
1379 4200 1468 4265 είς
1495 4198 1611 4267 τὴν
1664 4198 1968 4268 Ἰερουσα-

372 4287 524 4358 λήμ.
562 4290 795 4360 Λέγεται
846 4290 904 4345 δὲ
938 4286 1095 4355 οὗτος
1142 4291 1209 4345 ἐκ
1256 4291 1356 4363 τῆς
1407 4290 1788 4362 αἰχμαλωσίας
1826 4288 1968 4345 εἶναι

2069 461 2251 507 autem
2281 455 2393 518 isti,
2420 471 2562 525 quos
2594 456 2645 511 in
2669 473 2888 529 gregem
2917 477 3076 515 suum
3103 462 3404 531 compulsos
3430 466 3652 536 proprio

2062 546 2340 616 sanguine
2374 549 2619 603 redemit.
2653 551 3006 623 Congregavit
3037 555 3183 609 enim
3210 573 3319 612 non
3354 556 3650 628 propheta.

2069 651 2177 693 non
2203 638 2533 706 homo;‘sed
2566 641 2769 697 horum
2794 645 2880 698 via
2920 646 3174 713 cﬂ‘ectus,
3219 665 3316 720 per
3362 664 3526 720 quam
3582 649 3650 704 ad

2072 729 2236 785 linem
2262 737 2347 785 ter
2381 733 2602 787 beatum
2641 735 2886 791 caelestis
2928 734 3056 792 Sion
3106 748 3237 794 sunt
3296 740 3652 811 perventuri;

2071 822 2139 878 de
2178 840 2286 894 qua
2322 824 2529 883 Paulus
2560 828 2615 882 in
2650 828 2765 883 haec
2800 832 3000 885 verba:
3046 850 3064 883 ι
3106 833 3365 888 Accedite
3395 835 3462 889 ad
3495 851 3655 891 mon-

2072 922 2182 967 tem
2219 916 2375 979 Sion,
2414 924 2470 971 et
2506 920 2783 976 civitatem
2845 922 3083 978 viventis
3131 922 3439 980 Scrusalem
3485 920 3656 983 caele-

2071 1007 2265 1062 stem‘.
2292 1026 2313 1060 ι
2340 1007 2528 1080 Neque
2554 1012 2701 1067 enim
2723 1027 2789 1067 ea
2822 1014 2910 1068 hic
2934 1015 3067 1070 Sion
3100 1024 3282 1085 potest
3313 1019 3563 1088 intelligi,
3589 1023 3660 1076 de

2070 1112 2179 1167 qua
2210 1097 2312 1154 fuit
2342 1100 2475 1155 illud
2509 1105 2791 1174 superius,
2832 1106 3028 1162 Annus
3063 1108 3655 1178 retributionisjudirii

2073 1188 2206 1245 Sion
2223 1192 2264 1248 δ.
2296 1191 2448 1248 Illius
2475 1196 2618 1249 enim
2656 1211 2783 1266 pars
2808 1197 2896 1266 pix
2939 1209 2991 1253 et
3025 1199 3169 1269 ignis
3209 1216 3223 1266 ;
3259 1198 3426 1269 hujus
3469 1183 3654 1257 autem

2072 1280 2301 1340 laetitia:
2334 1300 2442 1355 qua
2473 1285 2508 1340 ii
2540 1289 2981 1356 coronabuntur,
3040 1290 3134 1358 qui
3194 1293 3248 1346 in
3318 1308 3518 1362 magno
3550 1294 3656 1350 isto

2072 1377 2379 1433 certamine
2409 1377 2537 1433 facti
2590 1380 2927 1450 superiores,
2973 1385 3276 1439 secundum
3329 1385 3653 1456 Apostolum
3766 1404 3770 1409 ’

2073 1466 2176 1521 sibi
2231 1466 2496 1542 deinceps
2550 1472 2856 1542 repositam
2921 1489 3045 1531 esse
3101 1474 3337 1545 justitiae
3391 1491 3655 1532 coronam

2075 1561 2265 1619 dicere
2287 1566 2563 1621 valeant“.
2597 1568 2657 1621 In
2686 1583 2839 1638 spem
2869 1566 3071 1624 deinde
3094 1569 3414 1640 praeclaram
3450 1570 3655 1636 vocati,

1999 1701 2041 1756 Β
2072 1656 2300 1724 gemitus
2331 1667 2382 1712 et
2409 1657 2613 1713 doloris
2652 1668 2914 1730 expertes
2961 1668 3115 1725 sunt,
3155 1662 3253 1732 qui
3307 1663 3658 1734 sempiternae

2068 1747 2194 1804 vita:
2232 1747 2423 1804 laetitia
2446 1758 2813 1805 coronantur.

2628 1838 2783 1896 CAP.
2825 1839 3071 1897 XXXVI.

2134 1926 2496 2000 412-413
2526 1927 2693 1987 Vens.
2763 1931 2912 1987 1-21.
2969 1932 3040 1987 Et
3104 1933 3307 2003 factum
3357 1943 3458 2001 est,
3516 1950 3659 1990 anno

2063 2030 2254 2090 quarto
2283 2021 2489 2075 decimo
2516 2022 2658 2093 regis
2693 2021 2958 2090 Ezechiae,
3009 2026 3251 2081 ascendit
3280 2026 3658 2083 Seunaclierim

2064 2128 2160 2167 rea:
2195 2114 2544 2184 Assyriorum
2584 2113 2836 2170 adversus
2870 2118 3027 2172 urbes
3073 2117 3281 2173 Judwaz
3314 2120 3568 2185 munitas,
3606 2125 3659 2175 ιι

2064 2204 2201 2273 cepit
2235 2220 2351 2259 eas.
2395 2202 2464 2259 Et
2510 2205 2656 2259 misit
2697 2222 2793 2260 rex
2850 2205 3192 2277 Assyriorum
3245 2207 3536 2279 Rapsacem
3592 2222 3659 2263 ea:

2065 2294 2258 2351 Lachis
2289 2299 2343 2351 in
2371 2294 2676 2353 Jerusalem
2703 2296 2774 2352 ad
2805 2314 2977 2369 regem
3010 2294 3298 2356 Exeo/tiam
3319 2316 3439 2355 cum
3467 2300 3662 2358 virtute

2068 2385 2263 2454 multa,
2299 2396 2408 2442 etc.

2136 2560 2304 2633 414
2327 2561 2501 2628 Quam
2545 2562 2635 2619 hic
2682 2563 2952 2622 habemus
3007 2565 3324 2635 historiam,
3380 2568 3534 2640 legas
3601 2578 3661 2626 et

2067 2657 2276 2728 Regum
2319 2668 2520 2728 quarto
2559 2666 2615 2714 et
2664 2657 3126 2725 Paralipomenon
3187 2651 3436 2719 aliero':
3467 2665 3561 2721 sed
3592 2664 3660 2720 ad

2065 2750 2188 2821 ejus
2233 2749 2391 2804 linem
2425 2749 2530 2805 hoc
2554 2749 2676 2806 loco
2708 2752 3059 2821 prophetiam
3089 2769 3201 2813 non
3237 2755 3512 2822 levem,et
3545 2771 3659 2812 rem

2068 2840 2622 2911 admirabiletn,qnae
2681 2843 2787 2898 sub
2818 2840 3048 2898 Ezechia
3116 2854 3275 2915 gesta
3324 2854 3431 2909 est.
3487 2845 3661 2903 Isaias

2068 2931 2339 3003 adiungit.
2376 2930 2604 2998 Deinde,
2629 2934 2778 3003 quod
2821 2940 3017 3003 quarto
3052 2934 3260 2990 decimo
3318 2922 3457 3008 regis
3513 2935 3659 2992 Eze-

1990 3038 2033 3094 c
2067 3023 2199 3078 cilia:
2222 3039 2362 3076 anno
2387 3022 2592 3078 factum
2652 3025 2875 3091 asserit,
2910 3026 2964 3079 iu
3012 3035 3265 3082 octavum
3324 3028 3662 3097 captivitatis

2064 3115 2252 3169 decem
2280 3114 2528 3169 tribuum
2591 3115 2791 3171 cadere
2845 3117 3151 3187 putandum
3201 3129 3304 3175 est.
3346 3118 3469 3175 Fuit
3529 3136 3660 3175 vero

2065 3206 2404 3261 admirandae
2437 3207 2660 3277 pietatis
2682 3208 2736 3262 in
2761 3208 2935 3264 Deum
2974 3208 3258 3275 Ezechias,
3295 3211 3661 3267 licetAchazo

2065 3307 2224 3368 patre
2254 3306 2441 3361 natus,
2470 3300 2564 3369 qui
2592 3315 2719 3355 cum
2753 3315 2783 3354 a
2816 3302 2924 3357 Deo
2956 3300 3278 3369 defecisset,
3312 3303 3662 3361 irruentibus

2075 3389 2212 3444 inse
2240 3387 2455 3445 Phaeca
2494 3389 2760 3447 Romeliae
2801 3392 2935 3457 lilio,
2983 3394 3248 3449 Samariae
3299 3396 3569 3473 principe,
3605 3405 3661 3453 et

2066 3477 2358 3534 Raassone
2403 3480 2578 3550 Syria:
2626 3496 2791 3552 rege,
2855 3480 3437 3555 Theglaphalassatem
3500 3493 3671 3560 Assy-

2064 3573 2207 3627 rium
2237 3570 2401 3626 donis
2458 3572 2778 3641 ingentibus
2805 3574 2859 3629 in
2886 3577 3150 3631 auxilium
3179 3593 3464 3634 accersere
3491 3594 3660 3635 ausus

2066 3670 2169 3724 est,
2207 3662 2302 3730 qui
2332 3657 2662 3723 Damascum
2711 3672 2767 3719 et
2800 3664 3013 3737 Syriam
3078 3679 3444 3741 expugnatas,
3477 3672 3663 3725 Acha-

2068 3767 2303 3821 zutnque
2335 3754 2516 3822 ipsum
2558 3755 2766 3810 tributa
2805 3758 2909 3812 sibi
2957 3760 3197 3829 pendere
3262 3763 3476 3831 coegit;
3537 3780 3662 3835 qum

2068 3857 2227 3907 cum,
2264 3844 2484 3899 solvere
2523 3855 2714 3916 postea
2746 3857 3035 3903 recusaret
3075 3850 3221 3907 ﬁlius
3258 3851 3541 3922 Ezechias,
3576 3862 3660 3910 est

2073 3934 2144 3989 ob
2168 3933 2221 3987 id
2253 3947 2351 4003 per
2380 3933 2864 3991 Sennacherimum
2909 3938 3054 3997 bello
3103 3942 3412 4013 impolitus.
3470 3945 3661 4016 Itaque

2070 4038 2192 4077 cum
2219 4023 2467 4079 Samaria
2501 4025 2741 4098 direpta,
2763 4026 2925 4084 Iuda:
2953 4047 3101 4101 teque
3127 4036 3417 4103 permultis
3442 4036 3660 4092 urbibus

2070 4115 2388 4185 expugnatis
2423 4155 2439 4179 ,
2496 4115 2699 4174 Lachis
2758 4136 2937 4190 usque
3001 4125 3417 4193 promovisset,
3461 4127 3659 4184 ducem

2070 4206 2374 4273 exercitus,
2407 4204 2700 4276 Rapsacem
2726 4211 2969 4278 nomine,
2994 4211 3298 4269 Jerusalem
3344 4219 3660 4274 mittendum

2073 4297 2329 4363 censuit;
2363 4314 2529 4369 quem
2561 4315 2626 4354 ex
2651 4303 2888 4372 captivis
2918 4303 3109 4359 decem
3142 4306 3398 4365 tribubus
3421 4310 3659 4379 aliquem

378 4382 492 4435 τῶν
551 4380 686 4437 δέκα
738 4382 944 4452 φυλῶν.
985 4374 1061 4437 Οὖ
1109 4382 1416 4453 τεκμήριον
1441 4382 1504 4435 τὸ
1528 4382 1729 4436 ειδέναι
1777 4382 1967 4436 τοῦτον

2071 4387 2353 4444 exstitisse
2389 4388 2512 4445 ideo
2541 4391 2880 4461 colligimus,
2912 4395 3059 4465 quod
3080 4393 3398 4453 Iudaeorum
3423 4374 3664 4457 dialecto

391 4471 678 4525 Ἰουδαῖστὶ
731 4472 1104 4543 διαλέγεσθαι.
1157 4467 1342 4545 Οὖπερ
1396 4472 1643 4537 ἐπιόντος
1708 4471 1972 4540 Ἐζεκίας

380 4562 561 4616 καίτοι
623 4563 898 4628 πεποιθὼς
930 4562 1029 4618 ἐπὶ
1058 4561 1297 4633 Κύριον,
1345 4564 1440 4617 καὶ
1487 4564 1671 4616 πᾶσαν
1712 4564 1800 4616 ἐπ’
1824 4563 1973 4635 αὐτῷ

382 4653 611 4724 θέμενος
633 4654 735 4726 τὴν
766 4653 981 4721 ἐλπίδα,
1021 4655 1398 4726 στρατηγικῆς
1435 4654 1538 4707 οὐκ
1581 4653 1775 4724 ἡμέλει
1803 4671 1971 4724 φρον-

380 4743 527 4809 τίδος
572 4762 631 4799 τε
663 4745 759 4800 καὶ
791 4745 1083 4810 συνέσεως,
1119 4745 1221 4809 τὰς
1260 4743 1418 4808 ἐκτὸς
1450 4747 1551 4815 τῆς
1598 4744 1807 4810 πόλεως
1835 4747 1974 4800 ἀπο-

380 4834 639 4905 φράττων
669 4842 874 4905 πηγὰς,
902 4833 1114 4889 ὑδάτων
1142 4834 1382 4907 ἀπορίαν
1409 4836 1526 4898 τοῖς
1546 4833 1764 4888 ἐπιοῦσι
1789 4834 1974 4889 ποιού-

383 4942 566 4996 μενος.
602 4927 992 4998 περιφράττων
1038 4943 1099 4980 τε
1146 4927 1219 4981 τὰ
1264 4926 1441 4998 τείχη,
1481 4927 1574 4981 καὶ
1604 4929 1975 5000 προτείχισμα

382 5014 551 5068 πάλιν
573 5015 752 5069 αὐτῶν
781 5015 1241 5087 προϐαλλόμενος.
1288 5015 1426 5072 Μεθ’
1466 5015 1503 5070 ἃ
1536 5016 1717 5070 πάντα
1736 5056 1750 5080 ,
1790 5017 1975 5072 θεοσε-

379 5107 542 5170 ϐείας
560 5109 675 5172 τοῖς
694 5107 801 5161 ὑπὸ
818 5111 977 5180 χεῖρα
994 5108 1352 5181 καθειστήκει
1375 5108 1721 5174 διδάσκαλος.
1749 5110 1977 5173 Πλείους

378 5199 516 5270 γὰρ,
550 5205 705 5269 φησὶ.
731 5199 854 5267 μεθ’
884 5200 1073 5273 ἡμῶν,
1114 5202 1148 5272 ἢ
1184 5200 1324 5273 μετὰ
1352 5201 1461 5254 τῶν
1489 5200 1769 5273 πολεμίων
1799 5202 1978 5274 ὑπάρ-

383 5305 558 5361 χουσι.
584 5291 739 5347 Μετὰ
766 5293 879 5365 γὰρ
906 5292 1002 5347 τοῦ
1038 5293 1329 5366 Ἀσσυρίου
1361 5291 1656 5364 βραχίονας
1675 5289 1815 5347 εἶναι
1840 5312 1976 5365 σαρ-

2080 4486 2352 4535 uteretur.
2387 4479 2617 4553 Assyrio
2649 4483 2819 4556 igitur
2850 4487 3174 4551 accedente,
3213 4489 3335 4545 'etsi
3376 4490 3435 4546 in
3486 4489 3662 4548 Deum

2078 4585 2207 4641 spes
2224 4586 2356 4628 suas
2381 4587 2576 4628 omnes
2612 4575 2914 4632 collocaret
2948 4576 3234 4649 Ezechias,
3296 4583 3435 4639 nihil
3468 4565 3683 4649 eorum?

2079 4667 2287 4727 tamen,
2313 4677 2438 4733 qua:
2454 4662 2523 4718 ad
2552 4665 2851 4721 militarem
2898 4644 3250 4740 disciplinam
3291 4644 3684 4744 pertinebant,t

2084 4748 2475 4826 negligeridum
2508 4767 2690 4823 ratus,
2725 4776 2925 4832 magna
2953 4777 3088 4818 cura
3130 4772 3186 4820 et
3219 4766 3506 4838 diligentia
3533 4754 3685 4838 θῦε-ἶ

2081 4844 2181 4935 cit,
2239 4851 2323 4910 ut,
2358 4847 2638 4905 obturatis
2701 4830 2974 4918 fontibus,
3033 4853 3130 4925 qui
3176 4830 3348 4911 extra
3384 4830 3685 4951 civitatem:

2083 4927 2291 5009 essent,
2316 4951 2585 5006 aquarum
2622 4941 2837 5011 copiam
2869 4943 3014 5000 hosti
3056 4946 3348 5012 adimeret,
3382 4951 3670 5021 murisque

2083 5029 2495 5097 propugnacula
2543 5046 2740 5088 rursus
2788 5033 3082 5105 adjicerot,
3125 5039 3330 5108 quibus
3372 5020 3684 5100 maturatis

2085 5120 2371 5179 omnibus.
2404 5120 2647 5177 subditis
2703 5124 2846 5179 idem
2900 5142 2960 5183 se
3001 5128 3221 5197 pietatis
3251 5137 3302 5185 ιιι
3340 5145 3484 5185 νει-αι
3538 5113 3686 5208 ιἰείῖοξ

2087 5209 2270 5280 g-ionis
2295 5210 2625 5280 magistrum
2659 5215 2913 5283 praebuit.
2959 5215 3154 5274 Plures
3199 5220 3346 5273 enim
3382 5214 3685 5287 nobiseum

2086 5301 2550 5373 sunt,ait,quam
2594 5319 2721 5359 cum
2777 5308 3051 5363 hostibus.
3111 5308 3247 5365 Nam
3306 5322 3671 5393 praeterquam

455 5404 827 5507 :quvllxlx,
852 5408 939 5464 i9.
1016 5408 1039 5442 ⁸
1073 5406 1243 5464 Hebr.
1275 5409 1488 5479 xn,92.
1566 5409 1589 5441 ⁸
1614 5407 1720 5466 lsa.
1750 5426 1938 5476 xxxiv,
1962 5412 2021 5467 8.
2097 5412 2119 5445 ³
2145 5411 2185 5467 ΙΙ
2230 5411 2372 5468 Tim.
2411 5430 2485 5481 tv,
2519 5414 2572 5470 8.
2650 5416 2671 5448 ‘
2710 5417 2776 5473 IV
2818 5417 2949 5490 Reg.
2984 5435 3143 5489 xvm,
3175 5422 3199 5477 ι
3231 5436 3388 5496 seq.;
3425 5424 3466 5479 ιι
3488 5425 3671 5507 Par‘al.

388 5491 563 5539 xxxu,
591 5477 618 5530 1
656 5492 814 5549 seqq.

1614 5568 1617 5571 ’
1663 5573 1745 5630 VA
1759 5574 1895 5630 ῐὶΙᾹζ
1925 5576 2327 5638 LECTIONES.

479 5666 494 5715 l
521 5666 684 5721 λείπ.
755 5665 868 5721 καί.
