  <div class='ocr_page' id='page_1' title='image "/cluster/home/n/w/nwhite01/storage/ocr_20150623/87:2/hvd.32044073502205/394.png"; bbox 0 0 4032 6218; ppageno 0'>
   <div class='ocr_carea' id='block_1_1' title="bbox 286 304 427 368">
    <p class='ocr_par' dir='ltr' id='par_1_1' title="bbox 286 304 427 368">
     <span class='ocr_line' id='line_1_1' title="bbox 286 304 427 368; baseline -0.021 0"><span class='ocrx_word' id='word_1_1' title='bbox 286 304 427 368; x_wconf 74' lang='lat'><strong>2313</strong></span> 
     </span>
    </p>
   </div>
   <div class='ocr_carea' id='block_1_2' title="bbox 1463 293 2425 358">
    <p class='ocr_par' dir='ltr' id='par_1_2' title="bbox 1463 293 2425 358">
     <span class='ocr_line' id='line_1_2' title="bbox 1463 293 2425 358; baseline -0.006 0"><span class='ocrx_word' id='word_1_2' title='bbox 1463 293 1996 358; x_wconf 81' lang='lat' dir='ltr'><strong>COMMENTARI-I</strong></span> <span class='ocrx_word' id='word_1_3' title='bbox 2025 294 2108 355; x_wconf 91' lang='lat' dir='ltr'><strong>IN</strong></span> <span class='ocrx_word' id='word_1_4' title='bbox 2140 293 2425 353; x_wconf 84' lang='lat' dir='ltr'><strong>ISAIAM.</strong></span> 
     </span>
    </p>
   </div>
   <div class='ocr_carea' id='block_1_3' title="bbox 3403 257 3574 350">
    <p class='ocr_par' dir='ltr' id='par_1_3' title="bbox 3403 257 3574 350">
     <span class='ocr_line' id='line_1_3' title="bbox 3403 257 3574 350; baseline 0 -2"><span class='ocrx_word' id='word_1_5' title='bbox 3403 285 3544 350; x_wconf 66' lang='lat'><strong>2314</strong></span> <span class='ocrx_word' id='word_1_6' title='bbox 3571 257 3574 259; x_wconf 68' lang='grc'><em>’</em></span> 
     </span>
    </p>
   </div>
   <div class='ocr_carea' id='block_1_4' title="bbox 358 395 1897 478">
    <p class='ocr_par' dir='ltr' id='par_1_4' title="bbox 358 405 1897 478">
     <span class='ocr_line' id='line_1_4' title="bbox 358 405 1897 478; baseline -0.003 -16"><span class='ocrx_word' id='word_1_7' title='bbox 358 406 687 478; x_wconf 78' lang='grc' dir='ltr'>Δυστρόπως</span> <span class='ocrx_word' id='word_1_8' title='bbox 709 405 764 459; x_wconf 81' lang='grc' dir='ltr'>δὲ</span> <span class='ocrx_word' id='word_1_9' title='bbox 801 406 1172 474; x_wconf 74' lang='grc' dir='ltr'>συλλογίζεται</span> <span class='ocrx_word' id='word_1_10' title='bbox 1203 406 1278 478; x_wconf 76' lang='grc' dir='ltr'>μὴ</span> <span class='ocrx_word' id='word_1_11' title='bbox 1306 406 1442 460; x_wconf 90' lang='grc' dir='ltr'>Θεοῦ</span> <span class='ocrx_word' id='word_1_12' title='bbox 1464 408 1634 478; x_wconf 72' lang='grc' dir='ltr'>χωρὶς</span> <span class='ocrx_word' id='word_1_13' title='bbox 1655 406 1864 459; x_wconf 75' lang='grc' dir='ltr'><strong>ἐπιέναι</strong></span> <span class='ocrx_word' id='word_1_14' title='bbox 1894 455 1897 465; x_wconf 83' lang='grc'><strong>,</strong></span> 
     </span>
    </p>
   </div>
   <div class='ocr_carea' id='block_1_5' title="bbox 2003 395 3543 478">
    <p class='ocr_par' dir='ltr' id='par_1_5' title="bbox 2040 395 3543 471">
     <span class='ocr_line' id='line_1_5' title="bbox 2040 395 3543 471; baseline -0.004 -14"><span class='ocrx_word' id='word_1_15' title='bbox 2040 403 2177 458; x_wconf 72' lang='lat' dir='ltr'><strong>Male</strong></span> <span class='ocrx_word' id='word_1_16' title='bbox 2204 409 2385 457; x_wconf 88' lang='lat' dir='ltr'><strong>autem</strong></span> <span class='ocrx_word' id='word_1_17' title='bbox 2406 415 2513 456; x_wconf 88' lang='lat' dir='ltr'><strong>non</strong></span> <span class='ocrx_word' id='word_1_18' title='bbox 2527 399 2646 454; x_wconf 87' lang='lat' dir='ltr'><strong>sine</strong></span> <span class='ocrx_word' id='word_1_19' title='bbox 2667 398 2758 454; x_wconf 90' lang='lat' dir='ltr'><strong>Dei</strong></span> <span class='ocrx_word' id='word_1_20' title='bbox 2785 398 3012 454; x_wconf 91' lang='lat' dir='ltr'><strong>numine</strong></span> <span class='ocrx_word' id='word_1_21' title='bbox 3034 397 3314 453; x_wconf 90' lang='lat' dir='ltr'><strong>civitatem</strong></span> <span class='ocrx_word' id='word_1_22' title='bbox 3336 395 3543 471; x_wconf 76' lang='lat' dir='ltr'><strong>adoriri</strong></span> 
     </span>
    </p>
   </div>
   <div class='ocr_carea' id='block_1_6' title="bbox 284 497 1871 573">
    <p class='ocr_par' dir='ltr' id='par_1_6' title="bbox 284 497 1871 573">
     <span class='ocr_line' id='line_1_6' title="bbox 284 497 1871 573; baseline -0.003 -18"><span class='ocrx_word' id='word_1_23' title='bbox 284 506 349 573; x_wconf 76' lang='grc' dir='ltr'>τῇ</span> <span class='ocrx_word' id='word_1_24' title='bbox 377 501 529 554; x_wconf 84' lang='grc' dir='ltr'>πόλει</span> <span class='ocrx_word' id='word_1_25' title='bbox 561 499 734 567; x_wconf 82' lang='grc' dir='ltr'>λέγων</span> <span class='ocrx_word' id='word_1_26' title='bbox 767 517 781 531; x_wconf 78' lang='grc' dir='ltr'><strong>ο</strong></span> <span class='ocrx_word' id='word_1_27' title='bbox 823 499 885 550; x_wconf 78' lang='grc' dir='ltr'><strong>Εἰ</strong></span> <span class='ocrx_word' id='word_1_28' title='bbox 918 499 1092 568; x_wconf 82' lang='grc' dir='ltr'>μέγας</span> <span class='ocrx_word' id='word_1_29' title='bbox 1137 500 1274 562; x_wconf 79' lang='grc' dir='ltr'>ἐστὶ,</span> <span class='ocrx_word' id='word_1_30' title='bbox 1309 501 1403 552; x_wconf 73' lang='grc' dir='ltr'><strong>καὶ</strong></span> <span class='ocrx_word' id='word_1_31' title='bbox 1451 501 1550 569; x_wconf 85' lang='grc' dir='ltr'>τῆς</span> <span class='ocrx_word' id='word_1_32' title='bbox 1608 497 1871 560; x_wconf 78' lang='grc' dir='ltr'><strong>Ἰουδαίας</strong></span> 
     </span>
    </p>
   </div>
   <div class='ocr_carea' id='block_1_7' title="bbox 285 591 1869 665">
    <p class='ocr_par' dir='ltr' id='par_1_7' title="bbox 285 591 1869 665">
     <span class='ocr_line' id='line_1_7' title="bbox 285 591 1869 665; baseline -0.004 -16"><span class='ocrx_word' id='word_1_33' title='bbox 285 596 617 665; x_wconf 82' lang='grc' dir='ltr'>ὑπερμαχεῖ,</span> <span class='ocrx_word' id='word_1_34' title='bbox 659 591 690 662; x_wconf 83' lang='grc' dir='ltr'><strong>ἥ</strong></span> <span class='ocrx_word' id='word_1_35' title='bbox 757 591 830 662; x_wconf 84' lang='grc' dir='ltr'>μὴ</span> <span class='ocrx_word' id='word_1_36' title='bbox 885 591 1130 655; x_wconf 81' lang='grc' dir='ltr'>θέλοντος</span> <span class='ocrx_word' id='word_1_37' title='bbox 1179 593 1460 662; x_wconf 77' lang='grc' dir='ltr'>ἐπέϐημεν</span> <span class='ocrx_word' id='word_1_38' title='bbox 1515 591 1744 662; x_wconf 76' lang='grc' dir='ltr'>ταύτης,</span> <span class='ocrx_word' id='word_1_39' title='bbox 1778 591 1869 644; x_wconf 64' lang='grc' dir='ltr'><strong>καὶ</strong></span> 
     </span>
    </p>
   </div>
   <div class='ocr_carea' id='block_1_8' title="bbox 287 683 1875 757">
    <p class='ocr_par' dir='ltr' id='par_1_8' title="bbox 287 683 1875 757">
     <span class='ocr_line' id='line_1_8' title="bbox 287 683 1875 757; baseline -0.004 -15"><span class='ocrx_word' id='word_1_40' title='bbox 287 689 423 750; x_wconf 85' lang='grc' dir='ltr'>πῶς·</span> <span class='ocrx_word' id='word_1_41' title='bbox 459 688 608 740; x_wconf 76' lang='grc' dir='ltr'>ἐστιν</span> <span class='ocrx_word' id='word_1_42' title='bbox 651 685 912 756; x_wconf 75' lang='grc' dir='ltr'>ἰσχυρόςς</span> <span class='ocrx_word' id='word_1_43' title='bbox 964 685 996 757; x_wconf 84' lang='grc' dir='ltr'>ἢ</span> <span class='ocrx_word' id='word_1_44' title='bbox 1053 683 1379 753; x_wconf 80' lang='grc' dir='ltr'><strong>βουλομένου</strong></span> <span class='ocrx_word' id='word_1_45' title='bbox 1431 683 1875 753; x_wconf 64' lang='grc' dir='ltr'>παρεγενόμεθα,</span> 
     </span>
    </p>
   </div>
   <div class='ocr_carea' id='block_1_9' title="bbox 287 771 1873 846">
    <p class='ocr_par' dir='ltr' id='par_1_9' title="bbox 287 771 1873 846">
     <span class='ocr_line' id='line_1_9' title="bbox 287 771 1873 846; baseline -0.005 -14"><span class='ocrx_word' id='word_1_46' title='bbox 287 777 381 832; x_wconf 77' lang='grc' dir='ltr'>καὶ</span> <span class='ocrx_word' id='word_1_47' title='bbox 407 775 597 846; x_wconf 77' lang='grc' dir='ltr'>ὥσπερ</span> <span class='ocrx_word' id='word_1_48' title='bbox 628 773 738 826; x_wconf 88' lang='grc' dir='ltr'><strong>τῶν</strong></span> <span class='ocrx_word' id='word_1_49' title='bbox 761 773 956 837; x_wconf 76' lang='grc' dir='ltr'>ἄλλων,</span> <span class='ocrx_word' id='word_1_50' title='bbox 990 773 1086 824; x_wconf 70' lang='grc' dir='ltr'><strong>καὶ</strong></span> <span class='ocrx_word' id='word_1_51' title='bbox 1114 772 1320 842; x_wconf 74' lang='grc' dir='ltr'>ταύτης</span> <span class='ocrx_word' id='word_1_52' title='bbox 1348 773 1719 842; x_wconf 81' lang='grc' dir='ltr'>κρατήσομεν.</span> <span class='ocrx_word' id='word_1_53' title='bbox 1748 771 1873 824; x_wconf 66' lang='grc' dir='ltr'><strong>Τοιῖ-</strong></span> 
     </span>
    </p>
   </div>
   <div class='ocr_carea' id='block_1_10' title="bbox 287 862 1875 938">
    <p class='ocr_par' dir='ltr' id='par_1_10' title="bbox 287 862 1875 938">
     <span class='ocr_line' id='line_1_10' title="bbox 287 862 1875 938; baseline -0.004 -16"><span class='ocrx_word' id='word_1_54' title='bbox 287 867 493 938; x_wconf 89' lang='grc' dir='ltr'>γαροῦν</span> <span class='ocrx_word' id='word_1_55' title='bbox 533 867 628 918; x_wconf 77' lang='grc' dir='ltr'>καὶ</span> <span class='ocrx_word' id='word_1_56' title='bbox 681 865 772 917; x_wconf 72' lang='grc' dir='ltr'><strong>τὸν</strong></span> <span class='ocrx_word' id='word_1_57' title='bbox 817 862 1030 935; x_wconf 81' lang='grc' dir='ltr'>Ἰσραὴλ</span> <span class='ocrx_word' id='word_1_58' title='bbox 1085 864 1348 932; x_wconf 68' lang='grc' dir='ltr'>ἀδελφοὺς</span> <span class='ocrx_word' id='word_1_59' title='bbox 1391 865 1550 927; x_wconf 77' lang='grc' dir='ltr'>ὄντας</span> <span class='ocrx_word' id='word_1_60' title='bbox 1575 863 1875 932; x_wconf 81' lang='grc' dir='ltr'>ὑμετέρους</span> 
     </span>
    </p>
   </div>
   <div class='ocr_carea' id='block_1_11' title="bbox 290 953 1876 1028">
    <p class='ocr_par' dir='ltr' id='par_1_11' title="bbox 290 953 1876 1028">
     <span class='ocr_line' id='line_1_11' title="bbox 290 953 1876 1028; baseline -0.002 -17"><span class='ocrx_word' id='word_1_61' title='bbox 290 955 703 1028; x_wconf 72' lang='grc' dir='ltr'><strong>ἐχειρωσάμεθα</strong></span> <span class='ocrx_word' id='word_1_62' title='bbox 731 993 745 1017; x_wconf 86' lang='grc'><strong>,</strong></span> <span class='ocrx_word' id='word_1_63' title='bbox 800 954 936 1022; x_wconf 78' lang='grc' dir='ltr'>πρὸς</span> <span class='ocrx_word' id='word_1_64' title='bbox 966 953 1042 1024; x_wconf 81' lang='grc' dir='ltr'><strong>τῷ</strong></span> <span class='ocrx_word' id='word_1_65' title='bbox 1079 954 1154 1024; x_wconf 85' lang='grc' dir='ltr'>μὴ</span> <span class='ocrx_word' id='word_1_66' title='bbox 1210 953 1392 1022; x_wconf 83' lang='grc' dir='ltr'>λέγειν</span> <span class='ocrx_word' id='word_1_67' title='bbox 1437 955 1604 1023; x_wconf 80' lang='grc' dir='ltr'>ὑμᾶς,</span> <span class='ocrx_word' id='word_1_68' title='bbox 1637 954 1713 1018; x_wconf 82' lang='grc' dir='ltr'>ὼς</span> <span class='ocrx_word' id='word_1_69' title='bbox 1747 956 1876 1018; x_wconf 77' lang='grc' dir='ltr'>τοὺς</span> 
     </span>
    </p>
   </div>
   <div class='ocr_carea' id='block_1_12' title="bbox 289 1045 1876 1116">
    <p class='ocr_par' dir='ltr' id='par_1_12' title="bbox 289 1045 1876 1116">
     <span class='ocr_line' id='line_1_12' title="bbox 289 1045 1876 1116; baseline -0.001 -15"><span class='ocrx_word' id='word_1_70' title='bbox 289 1049 486 1110; x_wconf 84' lang='grc' dir='ltr'>ἄλλους</span> <span class='ocrx_word' id='word_1_71' title='bbox 514 1048 542 1099; x_wconf 82' lang='grc' dir='ltr'>ὁ</span> <span class='ocrx_word' id='word_1_72' title='bbox 569 1047 700 1109; x_wconf 82' lang='grc' dir='ltr'>Θεὸς</span> <span class='ocrx_word' id='word_1_73' title='bbox 736 1047 810 1116; x_wconf 83' lang='grc' dir='ltr'>μὴ</span> <span class='ocrx_word' id='word_1_74' title='bbox 839 1046 998 1106; x_wconf 72' lang='grc' dir='ltr'>ὄντας</span> <span class='ocrx_word' id='word_1_75' title='bbox 1031 1045 1193 1098; x_wconf 75' lang='grc' dir='ltr'>αὑτοῦ</span> <span class='ocrx_word' id='word_1_76' title='bbox 1219 1045 1876 1115; x_wconf 85' lang='grc' dir='ltr'>παραδέδωκεν.Ἀγνοῶν</span> 
     </span>
    </p>
   </div>
   <div class='ocr_carea' id='block_1_13' title="bbox 289 1135 1876 1208">
    <p class='ocr_par' dir='ltr' id='par_1_13' title="bbox 289 1135 1876 1208">
     <span class='ocr_line' id='line_1_13' title="bbox 289 1135 1876 1208; baseline -0.001 -16"><span class='ocrx_word' id='word_1_77' title='bbox 289 1140 364 1203; x_wconf 86' lang='grc' dir='ltr'>ὼς</span> <span class='ocrx_word' id='word_1_78' title='bbox 386 1141 480 1192; x_wconf 72' lang='grc' dir='ltr'>καὶ</span> <span class='ocrx_word' id='word_1_79' title='bbox 513 1136 729 1208; x_wconf 86' lang='grc' dir='ltr'>Ἰσραὴλ</span> <span class='ocrx_word' id='word_1_80' title='bbox 759 1137 1229 1207; x_wconf 76' lang='grc' dir='ltr'>είδωλολατρήσας</span> <span class='ocrx_word' id='word_1_81' title='bbox 1257 1136 1394 1188; x_wconf 86' lang='grc' dir='ltr'>Θεοῦ</span> <span class='ocrx_word' id='word_1_82' title='bbox 1421 1135 1692 1206; x_wconf 82' lang='grc' dir='ltr'><strong>προῆλθεν</strong></span> <span class='ocrx_word' id='word_1_83' title='bbox 1717 1137 1876 1191; x_wconf 79' lang='grc' dir='ltr'>ἁλλόο</span> 
     </span>
    </p>
   </div>
   <div class='ocr_carea' id='block_1_14' title="bbox 290 1225 1876 1301">
    <p class='ocr_par' dir='ltr' id='par_1_14' title="bbox 290 1225 1876 1301">
     <span class='ocr_line' id='line_1_14' title="bbox 290 1225 1876 1301; baseline -0.001 -18"><span class='ocrx_word' id='word_1_84' title='bbox 290 1246 464 1301; x_wconf 88' lang='grc' dir='ltr'>τριος.</span> <span class='ocrx_word' id='word_1_85' title='bbox 493 1228 662 1298; x_wconf 81' lang='grc' dir='ltr'>Δῆλον</span> <span class='ocrx_word' id='word_1_86' title='bbox 679 1228 756 1293; x_wconf 87' lang='grc' dir='ltr'><strong>δὲ,</strong></span> <span class='ocrx_word' id='word_1_87' title='bbox 787 1229 972 1294; x_wconf 67' lang='grc' dir='ltr'>φασιν,</span> <span class='ocrx_word' id='word_1_88' title='bbox 1001 1228 1050 1279; x_wconf 87' lang='grc' dir='ltr'><strong>εί</strong></span> <span class='ocrx_word' id='word_1_89' title='bbox 1083 1225 1144 1290; x_wconf 73' lang='grc' dir='ltr'><strong>ἐξ</strong></span> <span class='ocrx_word' id='word_1_90' title='bbox 1166 1227 1391 1281; x_wconf 86' lang='grc' dir='ltr'>είκότων</span> <span class='ocrx_word' id='word_1_91' title='bbox 1417 1226 1574 1296; x_wconf 76' lang='grc' dir='ltr'>ἔλεγε</span> <span class='ocrx_word' id='word_1_92' title='bbox 1603 1227 1876 1294; x_wconf 82' lang='grc' dir='ltr'>ταῦτα,ἐκ</span> 
     </span>
    </p>
   </div>
   <div class='ocr_carea' id='block_1_15' title="bbox 291 1319 1878 1391">
    <p class='ocr_par' dir='ltr' id='par_1_15' title="bbox 291 1319 1878 1391">
     <span class='ocr_line' id='line_1_15' title="bbox 291 1319 1878 1391; baseline -0.002 -15"><span class='ocrx_word' id='word_1_93' title='bbox 291 1322 386 1376; x_wconf 84' lang='grc' dir='ltr'><strong>τοῦ</strong></span> <span class='ocrx_word' id='word_1_94' title='bbox 409 1323 630 1391; x_wconf 77' lang='grc' dir='ltr'>νικῆσαι</span> <span class='ocrx_word' id='word_1_95' title='bbox 659 1321 751 1373; x_wconf 81' lang='grc' dir='ltr'><strong>τὸν</strong></span> <span class='ocrx_word' id='word_1_96' title='bbox 785 1319 1001 1390; x_wconf 82' lang='grc' dir='ltr'>Ἰσραὴλ</span> <span class='ocrx_word' id='word_1_97' title='bbox 1031 1319 1159 1372; x_wconf 81' lang='grc' dir='ltr'>λαὸν</span> <span class='ocrx_word' id='word_1_98' title='bbox 1179 1319 1306 1373; x_wconf 81' lang='grc' dir='ltr'>ὄντα</span> <span class='ocrx_word' id='word_1_99' title='bbox 1327 1319 1491 1390; x_wconf 75' lang='grc' dir='ltr'>δῆθεν</span> <span class='ocrx_word' id='word_1_100' title='bbox 1525 1319 1685 1383; x_wconf 85' lang='grc' dir='ltr'>Θεοῦ,</span> <span class='ocrx_word' id='word_1_101' title='bbox 1721 1319 1754 1390; x_wconf 83' lang='grc' dir='ltr'>ἢ</span> <span class='ocrx_word' id='word_1_102' title='bbox 1783 1321 1878 1374; x_wconf 71' lang='grc' dir='ltr'><strong>καὶ</strong></span> 
     </span>
    </p>
   </div>
   <div class='ocr_carea' id='block_1_16' title="bbox 291 1415 1880 1491">
    <p class='ocr_par' dir='ltr' id='par_1_16' title="bbox 291 1415 1880 1491">
     <span class='ocr_line' id='line_1_16' title="bbox 291 1415 1880 1491; baseline -0.001 -20"><span class='ocrx_word' id='word_1_103' title='bbox 291 1419 492 1491; x_wconf 71' lang='grc' dir='ltr'>ᾔσθετο</span> <span class='ocrx_word' id='word_1_104' title='bbox 543 1417 680 1470; x_wconf 83' lang='grc' dir='ltr'>Θεοῦ</span> <span class='ocrx_word' id='word_1_105' title='bbox 739 1418 856 1480; x_wconf 86' lang='grc' dir='ltr'>τοῖς</span> <span class='ocrx_word' id='word_1_106' title='bbox 913 1415 1081 1470; x_wconf 80' lang='grc' dir='ltr'>αὐτοῦ</span> <span class='ocrx_word' id='word_1_107' title='bbox 1149 1415 1432 1487; x_wconf 77' lang='grc' dir='ltr'>λογισμοῖς</span> <span class='ocrx_word' id='word_1_108' title='bbox 1483 1417 1880 1480; x_wconf 65' lang='grc' dir='ltr'>ὑποϐάλλοντκ</span> 
     </span>
    </p>
   </div>
   <div class='ocr_carea' id='block_1_17' title="bbox 295 1507 1882 1582">
    <p class='ocr_par' dir='ltr' id='par_1_17' title="bbox 295 1507 1882 1582">
     <span class='ocr_line' id='line_1_17' title="bbox 295 1507 1882 1582; baseline -0.002 -15"><span class='ocrx_word' id='word_1_109' title='bbox 295 1514 544 1568; x_wconf 70' lang='grc' dir='ltr'>ἐπελθεῖν</span> <span class='ocrx_word' id='word_1_110' title='bbox 579 1511 852 1572; x_wconf 78' lang='grc' dir='ltr'><strong>Ἰουδαίοις</strong></span> <span class='ocrx_word' id='word_1_111' title='bbox 876 1511 964 1564; x_wconf 80' lang='grc' dir='ltr'><strong>διὰ</strong></span> <span class='ocrx_word' id='word_1_112' title='bbox 981 1511 1080 1574; x_wconf 80' lang='grc' dir='ltr'>τὰς</span> <span class='ocrx_word' id='word_1_113' title='bbox 1110 1511 1337 1565; x_wconf 80' lang='grc' dir='ltr'>ἐκείνων</span> <span class='ocrx_word' id='word_1_114' title='bbox 1359 1513 1729 1582; x_wconf 85' lang='grc' dir='ltr'>παρανομίας.</span> <span class='ocrx_word' id='word_1_115' title='bbox 1749 1507 1882 1564; x_wconf 75' lang='grc' dir='ltr'>Εἶτα</span> 
     </span>
    </p>
   </div>
   <div class='ocr_carea' id='block_1_18' title="bbox 299 1601 1884 1679">
    <p class='ocr_par' dir='ltr' id='par_1_18' title="bbox 299 1601 1884 1679">
     <span class='ocr_line' id='line_1_18' title="bbox 299 1601 1884 1679; baseline -0.003 -17"><span class='ocrx_word' id='word_1_116' title='bbox 299 1609 558 1679; x_wconf 81' lang='grc' dir='ltr'>παραινεί</span> <span class='ocrx_word' id='word_1_117' title='bbox 615 1604 694 1674; x_wconf 79' lang='grc' dir='ltr'>τῷ</span> <span class='ocrx_word' id='word_1_118' title='bbox 749 1604 864 1672; x_wconf 81' lang='grc' dir='ltr'>λαῷ</span> <span class='ocrx_word' id='word_1_119' title='bbox 894 1603 1232 1674; x_wconf 80' lang='grc' dir='ltr'>παραδοῦναι</span> <span class='ocrx_word' id='word_1_120' title='bbox 1283 1601 1382 1674; x_wconf 82' lang='grc' dir='ltr'><strong>τὴν</strong></span> <span class='ocrx_word' id='word_1_121' title='bbox 1437 1603 1614 1669; x_wconf 84' lang='grc' dir='ltr'>πόλιν,</span> <span class='ocrx_word' id='word_1_122' title='bbox 1669 1605 1764 1657; x_wconf 72' lang='grc' dir='ltr'><strong>καὶ</strong></span> <span class='ocrx_word' id='word_1_123' title='bbox 1783 1603 1884 1676; x_wconf 80' lang='grc' dir='ltr'><strong>τὴν</strong></span> 
     </span>
    </p>
   </div>
   <div class='ocr_carea' id='block_1_19' title="bbox 298 1695 1884 1768">
    <p class='ocr_par' dir='ltr' id='par_1_19' title="bbox 298 1695 1884 1768">
     <span class='ocr_line' id='line_1_19' title="bbox 298 1695 1884 1768; baseline -0.002 -16"><span class='ocrx_word' id='word_1_124' title='bbox 298 1699 581 1768; x_wconf 76' lang='grc' dir='ltr'>διαϐόητον</span> <span class='ocrx_word' id='word_1_125' title='bbox 612 1698 708 1750; x_wconf 68' lang='grc' dir='ltr'><strong>καὶ</strong></span> <span class='ocrx_word' id='word_1_126' title='bbox 738 1696 867 1766; x_wconf 82' lang='grc' dir='ltr'>παρ’</span> <span class='ocrx_word' id='word_1_127' title='bbox 896 1696 1080 1759; x_wconf 83' lang='grc' dir='ltr'>αὐτοῖς</span> <span class='ocrx_word' id='word_1_128' title='bbox 1119 1696 1367 1759; x_wconf 78' lang='grc' dir='ltr'>Ἐζεκίου</span> <span class='ocrx_word' id='word_1_129' title='bbox 1399 1695 1657 1768; x_wconf 83' lang='grc' dir='ltr'>καθαιρεῖ</span> <span class='ocrx_word' id='word_1_130' title='bbox 1701 1695 1884 1750; x_wconf 87' lang='grc' dir='ltr'>θεοσέ-</span> 
     </span>
    </p>
   </div>
   <div class='ocr_carea' id='block_1_20' title="bbox 298 1787 1883 1858">
    <p class='ocr_par' dir='ltr' id='par_1_20' title="bbox 298 1787 1883 1858">
     <span class='ocr_line' id='line_1_20' title="bbox 298 1787 1883 1858; baseline 0.001 -17"><span class='ocrx_word' id='word_1_131' title='bbox 298 1790 474 1843; x_wconf 73' lang='grc' dir='ltr'>ϐειαν.</span> <span class='ocrx_word' id='word_1_132' title='bbox 517 1789 627 1843; x_wconf 79' lang='grc' dir='ltr'><strong>Καὶ</strong></span> <span class='ocrx_word' id='word_1_133' title='bbox 659 1789 771 1842; x_wconf 85' lang='grc' dir='ltr'>ἄνω</span> <span class='ocrx_word' id='word_1_134' title='bbox 800 1787 856 1840; x_wconf 78' lang='grc' dir='ltr'>δὲ</span> <span class='ocrx_word' id='word_1_135' title='bbox 885 1787 1244 1858; x_wconf 84' lang='grc' dir='ltr'>συνέκρουσεν</span> <span class='ocrx_word' id='word_1_136' title='bbox 1272 1788 1459 1854; x_wconf 68' lang='grc' dir='ltr'>αὑτὸν,</span> <span class='ocrx_word' id='word_1_137' title='bbox 1487 1787 1564 1851; x_wconf 80' lang='grc' dir='ltr'><strong>ὡς</strong></span> <span class='ocrx_word' id='word_1_138' title='bbox 1593 1791 1883 1844; x_wconf 79' lang='grc' dir='ltr'>καθελόν-</span> 
     </span>
    </p>
   </div>
   <div class='ocr_carea' id='block_1_21' title="bbox 299 1876 1886 1951">
    <p class='ocr_par' dir='ltr' id='par_1_21' title="bbox 299 1876 1886 1951">
     <span class='ocr_line' id='line_1_21' title="bbox 299 1876 1886 1951; baseline 0.001 -17"><span class='ocrx_word' id='word_1_139' title='bbox 299 1899 375 1936; x_wconf 83' lang='grc' dir='ltr'><strong>τα</strong></span> <span class='ocrx_word' id='word_1_140' title='bbox 405 1881 477 1934; x_wconf 84' lang='grc' dir='ltr'>τὰ</span> <span class='ocrx_word' id='word_1_141' title='bbox 507 1881 740 1949; x_wconf 66' lang='grc' dir='ltr'>ὑψηλὰ,</span> <span class='ocrx_word' id='word_1_142' title='bbox 775 1876 855 1944; x_wconf 80' lang='grc' dir='ltr'>οἷς</span> <span class='ocrx_word' id='word_1_143' title='bbox 882 1879 1024 1948; x_wconf 79' lang='grc' dir='ltr'>ἔγνω</span> <span class='ocrx_word' id='word_1_144' title='bbox 1066 1881 1208 1934; x_wconf 73' lang='grc' dir='ltr'>κατὰ</span> <span class='ocrx_word' id='word_1_145' title='bbox 1248 1880 1347 1950; x_wconf 82' lang='grc' dir='ltr'>τὴν</span> <span class='ocrx_word' id='word_1_146' title='bbox 1381 1880 1558 1950; x_wconf 78' lang='grc' dir='ltr'><strong>Ἀχαζ</strong></span> <span class='ocrx_word' id='word_1_147' title='bbox 1607 1880 1886 1951; x_wconf 85' lang='grc' dir='ltr'>βασιλείαν</span> 
     </span>
    </p>
   </div>
   <div class='ocr_carea' id='block_1_22' title="bbox 301 1969 1887 2050">
    <p class='ocr_par' dir='ltr' id='par_1_22' title="bbox 301 1969 1887 2050">
     <span class='ocr_line' id='line_1_22' title="bbox 301 1969 1887 2050; baseline -0.001 -21"><span class='ocrx_word' id='word_1_148' title='bbox 301 1975 559 2046; x_wconf 86' lang='grc' dir='ltr'>χαίροντα</span> <span class='ocrx_word' id='word_1_149' title='bbox 599 1973 691 2026; x_wconf 83' lang='grc' dir='ltr'><strong>τὸν</strong></span> <span class='ocrx_word' id='word_1_150' title='bbox 722 1972 850 2026; x_wconf 78' lang='grc' dir='ltr'>λαὸν</span> <span class='ocrx_word' id='word_1_151' title='bbox 875 1971 1013 2026; x_wconf 88' lang='grc' dir='ltr'>Θεοῦ</span> <span class='ocrx_word' id='word_1_152' title='bbox 1048 1973 1288 2042; x_wconf 80' lang='grc' dir='ltr'>νομίζων</span> <span class='ocrx_word' id='word_1_153' title='bbox 1317 1973 1476 2028; x_wconf 78' lang='grc' dir='ltr'>αὑτά.</span> <span class='ocrx_word' id='word_1_154' title='bbox 1521 1969 1656 2050; x_wconf 61' lang='grc' dir='ltr'>Εἶτα</span> <span class='ocrx_word' id='word_1_155' title='bbox 1697 1973 1887 2028; x_wconf 86' lang='grc' dir='ltr'>συλλο-</span> 
     </span>
    </p>
   </div>
   <div class='ocr_carea' id='block_1_23' title="bbox 304 2065 1888 2136">
    <p class='ocr_par' dir='ltr' id='par_1_23' title="bbox 304 2065 1888 2136">
     <span class='ocr_line' id='line_1_23' title="bbox 304 2065 1888 2136; baseline 0.001 -17"><span class='ocrx_word' id='word_1_156' title='bbox 304 2068 538 2136; x_wconf 75' lang='grc' dir='ltr'>γίζεται,</span> <span class='ocrx_word' id='word_1_157' title='bbox 576 2067 651 2130; x_wconf 87' lang='grc' dir='ltr'>ὡς</span> <span class='ocrx_word' id='word_1_158' title='bbox 679 2067 725 2119; x_wconf 84' lang='grc' dir='ltr'><strong>εί</strong></span> <span class='ocrx_word' id='word_1_159' title='bbox 759 2067 886 2127; x_wconf 79' lang='grc' dir='ltr'>τοὺς</span> <span class='ocrx_word' id='word_1_160' title='bbox 928 2065 1125 2129; x_wconf 84' lang='grc' dir='ltr'>ἄλλους</span> <span class='ocrx_word' id='word_1_161' title='bbox 1157 2066 1258 2120; x_wconf 79' lang='grc' dir='ltr'><strong>οὐκ</strong></span> <span class='ocrx_word' id='word_1_162' title='bbox 1286 2065 1500 2120; x_wconf 80' lang='grc' dir='ltr'>ἔσωσαν</span> <span class='ocrx_word' id='word_1_163' title='bbox 1525 2068 1574 2120; x_wconf 86' lang='grc' dir='ltr'>οἱ</span> <span class='ocrx_word' id='word_1_164' title='bbox 1604 2068 1738 2130; x_wconf 72' lang='grc' dir='ltr'>θεοὶ,</span> <span class='ocrx_word' id='word_1_165' title='bbox 1766 2067 1888 2120; x_wconf 78' lang='grc' dir='ltr'>οὐδὲ</span> 
     </span>
    </p>
   </div>
   <div class='ocr_carea' id='block_1_24' title="bbox 303 2158 1890 2226">
    <p class='ocr_par' dir='ltr' id='par_1_24' title="bbox 303 2158 1890 2226">
     <span class='ocr_line' id='line_1_24' title="bbox 303 2158 1890 2226; baseline 0 -14"><span class='ocrx_word' id='word_1_166' title='bbox 303 2161 410 2214; x_wconf 72' lang='grc' dir='ltr'><strong>τὸν</strong></span> <span class='ocrx_word' id='word_1_167' title='bbox 461 2159 686 2213; x_wconf 84' lang='grc' dir='ltr'>Ἰούδαν</span> <span class='ocrx_word' id='word_1_168' title='bbox 720 2160 756 2213; x_wconf 86' lang='grc' dir='ltr'><em>ὁ</em></span> <span class='ocrx_word' id='word_1_169' title='bbox 788 2159 1024 2226; x_wconf 81' lang='grc' dir='ltr'>Κύριος,</span> <span class='ocrx_word' id='word_1_170' title='bbox 1056 2158 1209 2212; x_wconf 81' lang='grc' dir='ltr'>οὐδὲν</span> <span class='ocrx_word' id='word_1_171' title='bbox 1230 2159 1338 2213; x_wconf 83' lang='grc' dir='ltr'><strong>τῶν</strong></span> <span class='ocrx_word' id='word_1_172' title='bbox 1367 2159 1542 2214; x_wconf 80' lang='grc' dir='ltr'>ἄλλων</span> <span class='ocrx_word' id='word_1_173' title='bbox 1585 2160 1747 2213; x_wconf 75' lang='grc' dir='ltr'>αὑτὸν</span> <span class='ocrx_word' id='word_1_174' title='bbox 1775 2159 1890 2212; x_wconf 69' lang='grc' dir='ltr'>διαι</span> 
     </span>
    </p>
   </div>
   <div class='ocr_carea' id='block_1_25' title="bbox 303 2250 1891 2324">
    <p class='ocr_par' dir='ltr' id='par_1_25' title="bbox 303 2250 1891 2324">
     <span class='ocr_line' id='line_1_25' title="bbox 303 2250 1891 2324; baseline 0.001 -20"><span class='ocrx_word' id='word_1_175' title='bbox 303 2251 494 2322; x_wconf 76' lang='grc' dir='ltr'>φέρειν</span> <span class='ocrx_word' id='word_1_176' title='bbox 515 2252 783 2321; x_wconf 79' lang='grc' dir='ltr'>οἰόμενος.</span> <span class='ocrx_word' id='word_1_177' title='bbox 818 2252 967 2324; x_wconf 78' lang='grc' dir='ltr'>Πρὸς</span> <span class='ocrx_word' id='word_1_178' title='bbox 1011 2250 1047 2304; x_wconf 79' lang='grc' dir='ltr'>ἃ</span> <span class='ocrx_word' id='word_1_179' title='bbox 1083 2250 1320 2321; x_wconf 81' lang='grc' dir='ltr'>ρηθέντα</span> <span class='ocrx_word' id='word_1_180' title='bbox 1358 2251 1500 2305; x_wconf 80' lang='grc' dir='ltr'>κατὰ</span> <span class='ocrx_word' id='word_1_181' title='bbox 1557 2253 1891 2323; x_wconf 78' lang='grc' dir='ltr'>πρόσταγμα</span> 
     </span>
    </p>
   </div>
   <div class='ocr_carea' id='block_1_26' title="bbox 307 2341 1890 2414">
    <p class='ocr_par' dir='ltr' id='par_1_26' title="bbox 307 2341 1890 2414">
     <span class='ocr_line' id='line_1_26' title="bbox 307 2341 1890 2414; baseline 0.004 -21"><span class='ocrx_word' id='word_1_182' title='bbox 307 2342 504 2410; x_wconf 82' lang='grc' dir='ltr'>σιγῶσι</span> <span class='ocrx_word' id='word_1_183' title='bbox 535 2341 838 2411; x_wconf 75' lang='grc' dir='ltr'>βασιλικόν.</span> <span class='ocrx_word' id='word_1_184' title='bbox 894 2342 1150 2405; x_wconf 80' lang='grc' dir='ltr'>Εὐσεϐῶς</span> <span class='ocrx_word' id='word_1_185' title='bbox 1196 2343 1306 2414; x_wconf 82' lang='grc' dir='ltr'><strong>γὰρ</strong></span> <span class='ocrx_word' id='word_1_186' title='bbox 1346 2345 1457 2397; x_wconf 84' lang='grc' dir='ltr'>οὐκ</span> <span class='ocrx_word' id='word_1_187' title='bbox 1503 2345 1890 2412; x_wconf 76' lang='grc' dir='ltr'>ἀποκρίνεται</span> 
     </span>
    </p>
   </div>
   <div class='ocr_carea' id='block_1_27' title="bbox 312 2430 1893 2505">
    <p class='ocr_par' dir='ltr' id='par_1_27' title="bbox 312 2430 1893 2505">
     <span class='ocr_line' id='line_1_27' title="bbox 312 2430 1893 2505; baseline 0.003 -21"><span class='ocrx_word' id='word_1_188' title='bbox 312 2431 662 2502; x_wconf 79' lang='grc' dir='ltr'>βλασφήμης,</span> <span class='ocrx_word' id='word_1_189' title='bbox 698 2434 820 2486; x_wconf 76' lang='grc' dir='ltr'>ἀντὶ</span> <span class='ocrx_word' id='word_1_190' title='bbox 851 2433 928 2496; x_wconf 83' lang='grc' dir='ltr'>ὡς</span> <span class='ocrx_word' id='word_1_191' title='bbox 960 2432 1034 2503; x_wconf 82' lang='grc' dir='ltr'>μὴ</span> <span class='ocrx_word' id='word_1_192' title='bbox 1064 2433 1089 2472; x_wconf 77' lang='grc' dir='ltr'><strong>¹ι</strong></span> <span class='ocrx_word' id='word_1_193' title='bbox 1124 2433 1262 2505; x_wconf 78' lang='grc' dir='ltr'>πρὸς</span> <span class='ocrx_word' id='word_1_194' title='bbox 1307 2430 1466 2486; x_wconf 89' lang='grc' dir='ltr'>τοῦτο</span> <span class='ocrx_word' id='word_1_195' title='bbox 1498 2433 1762 2504; x_wconf 82' lang='grc' dir='ltr'>μειζόνως</span> <span class='ocrx_word' id='word_1_196' title='bbox 1797 2436 1893 2489; x_wconf 82' lang='grc' dir='ltr'>αὐ-</span> 
     </span>
    </p>
   </div>
   <div class='ocr_carea' id='block_1_28' title="bbox 309 2523 1895 2597">
    <p class='ocr_par' dir='ltr' id='par_1_28' title="bbox 309 2523 1895 2597">
     <span class='ocr_line' id='line_1_28' title="bbox 309 2523 1895 2597; baseline 0.003 -21"><span class='ocrx_word' id='word_1_197' title='bbox 309 2524 400 2576; x_wconf 76' lang='grc' dir='ltr'>τὸν</span> <span class='ocrx_word' id='word_1_198' title='bbox 437 2523 757 2591; x_wconf 82' lang='grc' dir='ltr'>ὲρεθίσειεν.</span> <span class='ocrx_word' id='word_1_199' title='bbox 819 2523 976 2577; x_wconf 65' lang='grc' dir='ltr'>Κατὰ</span> <span class='ocrx_word' id='word_1_200' title='bbox 1031 2523 1114 2589; x_wconf 73' lang='grc' dir='ltr'><strong>τὸ,</strong></span> <span class='ocrx_word' id='word_1_201' title='bbox 1159 2542 1178 2575; x_wconf 86' lang='grc'><strong><em>‹</em></strong></span> <span class='ocrx_word' id='word_1_202' title='bbox 1234 2523 1325 2594; x_wconf 84' lang='grc' dir='ltr'><strong>Μὴ</strong></span> <span class='ocrx_word' id='word_1_203' title='bbox 1377 2524 1563 2579; x_wconf 80' lang='grc' dir='ltr'>έκκαιε</span> <span class='ocrx_word' id='word_1_204' title='bbox 1613 2525 1895 2597; x_wconf 78' lang='grc' dir='ltr'>ἄνθρακας</span> 
     </span>
    </p>
   </div>
   <div class='ocr_carea' id='block_1_29' title="bbox 309 2614 1895 2690">
    <p class='ocr_par' dir='ltr' id='par_1_29' title="bbox 309 2614 1895 2690">
     <span class='ocr_line' id='line_1_29' title="bbox 309 2614 1895 2690; baseline 0.002 -21"><span class='ocrx_word' id='word_1_205' title='bbox 309 2614 660 2686; x_wconf 82' lang='grc' dir='ltr'>ἀμαρτωλοῦ.</span> <span class='ocrx_word' id='word_1_206' title='bbox 703 2635 721 2668; x_wconf 84' lang='grc'>›</span> <span class='ocrx_word' id='word_1_207' title='bbox 763 2616 870 2669; x_wconf 78' lang='grc' dir='ltr'><strong>Καὶ</strong></span> <span class='ocrx_word' id='word_1_208' title='bbox 900 2616 1158 2687; x_wconf 82' lang='grc' dir='ltr'>ἀνόνητον</span> <span class='ocrx_word' id='word_1_209' title='bbox 1187 2616 1244 2669; x_wconf 82' lang='grc' dir='ltr'>δὲ</span> <span class='ocrx_word' id='word_1_210' title='bbox 1279 2619 1390 2680; x_wconf 88' lang='grc' dir='ltr'>τοῖς</span> <span class='ocrx_word' id='word_1_211' title='bbox 1423 2617 1617 2671; x_wconf 82' lang='grc' dir='ltr'>ἀνίατα</span> <span class='ocrx_word' id='word_1_212' title='bbox 1655 2619 1754 2690; x_wconf 84' lang='grc' dir='ltr'><strong>τὴν</strong></span> <span class='ocrx_word' id='word_1_213' title='bbox 1791 2619 1895 2689; x_wconf 79' lang='grc' dir='ltr'><strong>ψυ-</strong></span> 
     </span>
    </p>
   </div>
   <div class='ocr_carea' id='block_1_30' title="bbox 313 2707 1897 2782">
    <p class='ocr_par' dir='ltr' id='par_1_30' title="bbox 313 2707 1897 2782">
     <span class='ocr_line' id='line_1_30' title="bbox 313 2707 1897 2782; baseline 0.002 -20"><span class='ocrx_word' id='word_1_214' title='bbox 313 2708 416 2780; x_wconf 79' lang='grc' dir='ltr'>χὴν</span> <span class='ocrx_word' id='word_1_215' title='bbox 447 2707 664 2761; x_wconf 89' lang='grc' dir='ltr'>νοσοῦσι</span> <span class='ocrx_word' id='word_1_216' title='bbox 694 2708 1204 2779; x_wconf 79' lang='grc' dir='ltr'>προσδιαλέγεσθαι,</span> <span class='ocrx_word' id='word_1_217' title='bbox 1245 2710 1380 2780; x_wconf 74' lang='grc' dir='ltr'>πρὸς</span> <span class='ocrx_word' id='word_1_218' title='bbox 1429 2710 1524 2774; x_wconf 83' lang='grc' dir='ltr'><strong>οῦς</strong></span> <span class='ocrx_word' id='word_1_219' title='bbox 1554 2712 1637 2764; x_wconf 88' lang='grc' dir='ltr'><strong>δεῖ</strong></span> <span class='ocrx_word' id='word_1_220' title='bbox 1685 2713 1897 2782; x_wconf 80' lang='grc' dir='ltr'>πεφρά-</span> 
     </span>
    </p>
   </div>
   <div class='ocr_carea' id='block_1_31' title="bbox 1975 488 3547 564">
    <p class='ocr_par' dir='ltr' id='par_1_31' title="bbox 1975 488 3547 564">
     <span class='ocr_line' id='line_1_31' title="bbox 1975 488 3547 564; baseline -0.005 -15"><span class='ocrx_word' id='word_1_221' title='bbox 1975 509 2034 549; x_wconf 87' lang='lat' dir='ltr'><strong>se</strong></span> <span class='ocrx_word' id='word_1_222' title='bbox 2094 493 2305 564; x_wconf 74' lang='lat' dir='ltr'><strong>colligit</strong></span> <span class='ocrx_word' id='word_1_223' title='bbox 2357 492 2412 546; x_wconf 93' lang='lat' dir='ltr'><strong>in</strong></span> <span class='ocrx_word' id='word_1_224' title='bbox 2473 491 2620 546; x_wconf 91' lang='lat' dir='ltr'><strong>hunc</strong></span> <span class='ocrx_word' id='word_1_225' title='bbox 2674 490 2934 545; x_wconf 87' lang='lat' dir='ltr'><strong>modum:</strong></span> <span class='ocrx_word' id='word_1_226' title='bbox 2971 488 3025 543; x_wconf 89' lang='lat' dir='ltr'><strong>Si</strong></span> <span class='ocrx_word' id='word_1_227' title='bbox 3074 504 3308 560; x_wconf 80' lang='lat' dir='ltr'><strong>magnus</strong></span> <span class='ocrx_word' id='word_1_228' title='bbox 3342 493 3449 552; x_wconf 88' lang='lat' dir='ltr'><strong>est,</strong></span> <span class='ocrx_word' id='word_1_229' title='bbox 3491 496 3547 542; x_wconf 86' lang='lat' dir='ltr'><strong>et</strong></span> 
     </span>
    </p>
   </div>
   <div class='ocr_carea' id='block_1_32' title="bbox 1974 583 3548 647">
    <p class='ocr_par' dir='ltr' id='par_1_32' title="bbox 1974 583 3548 647">
     <span class='ocr_line' id='line_1_32' title="bbox 1974 583 3548 647; baseline -0.002 -7"><span class='ocrx_word' id='word_1_230' title='bbox 1974 584 2217 640; x_wconf 69' lang='lat' dir='ltr'><strong>Judteam</strong></span> <span class='ocrx_word' id='word_1_231' title='bbox 2248 592 2430 640; x_wconf 90' lang='lat' dir='ltr'><strong>tuetur</strong></span> <span class='ocrx_word' id='word_1_232' title='bbox 2461 623 2476 647; x_wconf 94' lang='lat'><strong>,</strong></span> <span class='ocrx_word' id='word_1_233' title='bbox 2533 590 2631 638; x_wconf 87' lang='lat' dir='ltr'><strong>aut</strong></span> <span class='ocrx_word' id='word_1_234' title='bbox 2689 597 2756 639; x_wconf 91' lang='lat' dir='ltr'><strong>eo</strong></span> <span class='ocrx_word' id='word_1_235' title='bbox 2792 585 3011 639; x_wconf 85' lang='lat' dir='ltr'><strong>nolente</strong></span> <span class='ocrx_word' id='word_1_236' title='bbox 3061 583 3309 638; x_wconf 85' lang='lat' dir='ltr'><strong>eamdem</strong></span> <span class='ocrx_word' id='word_1_237' title='bbox 3352 597 3548 638; x_wconf 86' lang='lat' dir='ltr'><strong>sumus</strong></span> 
     </span>
    </p>
   </div>
   <div class='ocr_carea' id='block_1_33' title="bbox 1978 665 3547 740">
    <p class='ocr_par' dir='ltr' id='par_1_33' title="bbox 1978 665 3547 740">
     <span class='ocr_line' id='line_1_33' title="bbox 1978 665 3547 740; baseline -0.003 -13"><span class='ocrx_word' id='word_1_238' title='bbox 1978 675 2179 737; x_wconf 88' lang='lat' dir='ltr'><strong>adorti,</strong></span> <span class='ocrx_word' id='word_1_239' title='bbox 2243 682 2297 728; x_wconf 88' lang='lat' dir='ltr'><strong>et</strong></span> <span class='ocrx_word' id='word_1_240' title='bbox 2353 672 2500 726; x_wconf 88' lang='lat' dir='ltr'><strong>nulla</strong></span> <span class='ocrx_word' id='word_1_241' title='bbox 2561 679 2649 726; x_wconf 90' lang='lat' dir='ltr'><strong>est</strong></span> <span class='ocrx_word' id='word_1_242' title='bbox 2703 669 2826 740; x_wconf 87' lang='lat' dir='ltr'><strong>ejus</strong></span> <span class='ocrx_word' id='word_1_243' title='bbox 2871 665 3151 740; x_wconf 85' lang='lat' dir='ltr'><strong>potentia:</strong></span> <span class='ocrx_word' id='word_1_244' title='bbox 3210 679 3306 724; x_wconf 90' lang='lat' dir='ltr'><strong>aut</strong></span> <span class='ocrx_word' id='word_1_245' title='bbox 3354 669 3547 725; x_wconf 90' lang='lat' dir='ltr'><strong>eodem</strong></span> 
     </span>
    </p>
   </div>
   <div class='ocr_carea' id='block_1_34' title="bbox 1975 760 3547 831">
    <p class='ocr_par' dir='ltr' id='par_1_34' title="bbox 1975 760 3547 831">
     <span class='ocr_line' id='line_1_34' title="bbox 1975 760 3547 831; baseline 0.001 -17"><span class='ocrx_word' id='word_1_246' title='bbox 1975 764 2193 819; x_wconf 87' lang='lat' dir='ltr'><strong>volente</strong></span> <span class='ocrx_word' id='word_1_247' title='bbox 2226 763 2600 825; x_wconf 90' lang='lat' dir='ltr'><strong>accessimus,</strong></span> <span class='ocrx_word' id='word_1_248' title='bbox 2635 770 2690 815; x_wconf 89' lang='lat' dir='ltr'><strong>et</strong></span> <span class='ocrx_word' id='word_1_249' title='bbox 2715 760 2902 816; x_wconf 90' lang='lat' dir='ltr'><strong>eadem</strong></span> <span class='ocrx_word' id='word_1_250' title='bbox 2936 776 3154 831; x_wconf 85' lang='lat' dir='ltr'><strong>quoque</strong></span> <span class='ocrx_word' id='word_1_251' title='bbox 3177 803 3192 827; x_wconf 95' lang='lat'><strong>,</strong></span> <span class='ocrx_word' id='word_1_252' title='bbox 3231 762 3372 816; x_wconf 91' lang='lat' dir='ltr'><strong>sicut</strong></span> <span class='ocrx_word' id='word_1_253' title='bbox 3401 761 3547 825; x_wconf 88' lang='lat' dir='ltr'><strong>aliis,</strong></span> 
     </span>
    </p>
   </div>
   <div class='ocr_carea' id='block_1_35' title="bbox 1978 852 3552 925">
    <p class='ocr_par' dir='ltr' id='par_1_35' title="bbox 1978 852 3552 925">
     <span class='ocr_line' id='line_1_35' title="bbox 1978 852 3552 925; baseline -0.001 -16"><span class='ocrx_word' id='word_1_254' title='bbox 1978 855 2275 925; x_wconf 86' lang='lat' dir='ltr'><strong>potiemur.</strong></span> <span class='ocrx_word' id='word_1_255' title='bbox 2297 854 2487 925; x_wconf 89' lang='lat' dir='ltr'><strong>Itaque</strong></span> <span class='ocrx_word' id='word_1_256' title='bbox 2517 862 2572 908; x_wconf 91' lang='lat' dir='ltr'><strong>et</strong></span> <span class='ocrx_word' id='word_1_257' title='bbox 2606 853 2861 908; x_wconf 88' lang='lat' dir='ltr'><strong>Israclem</strong></span> <span class='ocrx_word' id='word_1_258' title='bbox 2890 852 3114 908; x_wconf 80' lang='lat' dir='ltr'><strong>fratrem</strong></span> <span class='ocrx_word' id='word_1_259' title='bbox 3138 860 3381 908; x_wconf 88' lang='lat' dir='ltr'><strong>vestrum</strong></span> <span class='ocrx_word' id='word_1_260' title='bbox 3405 854 3552 911; x_wconf 87' lang='lat' dir='ltr'><strong>bello</strong></span> 
     </span>
    </p>
   </div>
   <div class='ocr_carea' id='block_1_36' title="bbox 1981 944 3551 1017">
    <p class='ocr_par' dir='ltr' id='par_1_36' title="bbox 1981 944 3551 1017">
     <span class='ocr_line' id='line_1_36' title="bbox 1981 944 3551 1017; baseline -0.001 -16"><span class='ocrx_word' id='word_1_261' title='bbox 1981 956 2298 1017; x_wconf 90' lang='lat' dir='ltr'><strong>superatum</strong></span> <span class='ocrx_word' id='word_1_262' title='bbox 2335 945 2611 1016; x_wconf 84' lang='lat' dir='ltr'><strong>captivum</strong></span> <span class='ocrx_word' id='word_1_263' title='bbox 2636 945 2940 1004; x_wconf 88' lang='lat' dir='ltr'><strong>habemus:</strong></span> <span class='ocrx_word' id='word_1_264' title='bbox 2968 959 3036 999; x_wconf 91' lang='lat' dir='ltr'><strong>ne</strong></span> <span class='ocrx_word' id='word_1_265' title='bbox 3089 944 3227 1000; x_wconf 67' lang='lat' dir='ltr'><strong>alitis</strong></span> <span class='ocrx_word' id='word_1_266' title='bbox 3284 945 3416 1015; x_wconf 87' lang='lat' dir='ltr'><strong>jam,</strong></span> <span class='ocrx_word' id='word_1_267' title='bbox 3456 945 3551 1016; x_wconf 89' lang='lat' dir='ltr'><strong>qui</strong></span> 
     </span>
    </p>
   </div>
   <div class='ocr_carea' id='block_1_37' title="bbox 1981 1033 3554 1100">
    <p class='ocr_par' dir='ltr' id='par_1_37' title="bbox 1981 1033 3554 1100">
     <span class='ocr_line' id='line_1_37' title="bbox 1981 1033 3554 1100; baseline -0.005 -4"><span class='ocrx_word' id='word_1_268' title='bbox 1981 1041 2068 1096; x_wconf 91' lang='lat' dir='ltr'><strong>sui</strong></span> <span class='ocrx_word' id='word_1_269' title='bbox 2126 1053 2234 1091; x_wconf 89' lang='lat' dir='ltr'><strong>non</strong></span> <span class='ocrx_word' id='word_1_270' title='bbox 2282 1046 2486 1100; x_wconf 87' lang='lat' dir='ltr'><strong>essent,</strong></span> <span class='ocrx_word' id='word_1_271' title='bbox 2547 1036 2714 1091; x_wconf 89' lang='lat' dir='ltr'><strong>Deum</strong></span> <span class='ocrx_word' id='word_1_272' title='bbox 2764 1033 3063 1090; x_wconf 83' lang='lat' dir='ltr'><strong>tradidisse</strong></span> <span class='ocrx_word' id='word_1_273' title='bbox 3123 1033 3385 1090; x_wconf 81' lang='lat' dir='ltr'><strong>aﬂeratis.</strong></span> <span class='ocrx_word' id='word_1_274' title='bbox 3446 1033 3554 1088; x_wconf 89' lang='lat' dir='ltr'><strong>Sed</strong></span> 
     </span>
    </p>
   </div>
   <div class='ocr_carea' id='block_1_38' title="bbox 1982 1127 3554 1205">
    <p class='ocr_par' dir='ltr' id='par_1_38' title="bbox 1982 1127 3554 1205">
     <span class='ocr_line' id='line_1_38' title="bbox 1982 1127 3554 1205; baseline -0.004 -17"><span class='ocrx_word' id='word_1_275' title='bbox 1982 1131 2242 1199; x_wconf 87' lang='lat' dir='ltr'><strong>Israelem</strong></span> <span class='ocrx_word' id='word_1_276' title='bbox 2264 1131 2380 1205; x_wconf 87' lang='lat' dir='ltr'><strong>jam</strong></span> <span class='ocrx_word' id='word_1_277' title='bbox 2403 1145 2434 1184; x_wconf 91' lang='lat' dir='ltr'><strong>a</strong></span> <span class='ocrx_word' id='word_1_278' title='bbox 2464 1129 2850 1199; x_wconf 88' lang='lat' dir='ltr'><strong>Deo,_propter</strong></span> <span class='ocrx_word' id='word_1_279' title='bbox 2878 1127 3278 1200; x_wconf 83' lang='lat' dir='ltr'><strong>idololatriam,</strong></span> <span class='ocrx_word' id='word_1_280' title='bbox 3313 1127 3554 1182; x_wconf 89' lang='lat' dir='ltr'><strong>alienum</strong></span> 
     </span>
    </p>
   </div>
   <div class='ocr_carea' id='block_1_39' title="bbox 1983 1216 3558 1294">
    <p class='ocr_par' dir='ltr' id='par_1_39' title="bbox 1983 1216 3558 1294">
     <span class='ocr_line' id='line_1_39' title="bbox 1983 1216 3558 1294; baseline -0.005 -13"><span class='ocrx_word' id='word_1_281' title='bbox 1983 1226 2158 1281; x_wconf 79' lang='lat' dir='ltr'><strong>fuisse</strong></span> <span class='ocrx_word' id='word_1_282' title='bbox 2190 1223 2502 1294; x_wconf 79' lang='lat' dir='ltr'><strong>ignorabat.</strong></span> <span class='ocrx_word' id='word_1_283' title='bbox 2541 1216 2702 1277; x_wconf 82' lang='lat' dir='ltr'><strong>Patet</strong></span> <span class='ocrx_word' id='word_1_284' title='bbox 2740 1236 2896 1287; x_wconf 90' lang='lat' dir='ltr'><strong>vero,</strong></span> <span class='ocrx_word' id='word_1_285' title='bbox 2927 1220 3107 1284; x_wconf 90' lang='lat' dir='ltr'><strong>aiunt,</strong></span> <span class='ocrx_word' id='word_1_286' title='bbox 3160 1221 3207 1275; x_wconf 92' lang='lat' dir='ltr'><strong>si</strong></span> <span class='ocrx_word' id='word_1_287' title='bbox 3256 1220 3324 1274; x_wconf 89' lang='lat' dir='ltr'><strong>ab</strong></span> <span class='ocrx_word' id='word_1_288' title='bbox 3353 1233 3420 1275; x_wconf 92' lang='lat' dir='ltr'><strong>eo</strong></span> <span class='ocrx_word' id='word_1_289' title='bbox 3451 1219 3558 1274; x_wconf 87' lang='lat' dir='ltr'><strong>ista</strong></span> 
     </span>
    </p>
   </div>
   <div class='ocr_carea' id='block_1_40' title="bbox 1985 1301 3559 1390">
    <p class='ocr_par' dir='ltr' id='par_1_40' title="bbox 1985 1301 3559 1390">
     <span class='ocr_line' id='line_1_40' title="bbox 1985 1301 3559 1390; baseline -0.006 -19"><span class='ocrx_word' id='word_1_290' title='bbox 1985 1323 2358 1390; x_wconf 81' lang='lat' dir='ltr'><strong>consentanee</strong></span> <span class='ocrx_word' id='word_1_291' title='bbox 2383 1313 2667 1375; x_wconf 88' lang='lat' dir='ltr'><strong>dicuntur,</strong></span> <span class='ocrx_word' id='word_1_292' title='bbox 2706 1327 2770 1366; x_wconf 85' lang='lat' dir='ltr'><strong>ex</strong></span> <span class='ocrx_word' id='word_1_293' title='bbox 2795 1325 2906 1380; x_wconf 92' lang='lat' dir='ltr'><strong>quo</strong></span> <span class='ocrx_word' id='word_1_294' title='bbox 2928 1301 3182 1365; x_wconf 86' lang='lat' dir='ltr'><strong>Israelem</strong></span> <span class='ocrx_word' id='word_1_295' title='bbox 3219 1311 3436 1379; x_wconf 92' lang='lat' dir='ltr'><strong>ipsum,</strong></span> <span class='ocrx_word' id='word_1_296' title='bbox 3462 1309 3559 1364; x_wconf 88' lang='lat' dir='ltr'><strong>Dei</strong></span> 
     </span>
    </p>
   </div>
   <div class='ocr_carea' id='block_1_41' title="bbox 1984 1391 3614 1481">
    <p class='ocr_par' dir='ltr' id='par_1_41' title="bbox 1984 1391 3614 1481">
     <span class='ocr_line' id='line_1_41' title="bbox 1984 1391 3614 1481; baseline -0.006 -16"><span class='ocrx_word' id='word_1_297' title='bbox 1984 1410 2247 1481; x_wconf 87' lang='lat' dir='ltr'><strong>populum</strong></span> <span class='ocrx_word' id='word_1_298' title='bbox 2306 1406 2557 1470; x_wconf 85' lang='lat' dir='ltr'><strong>scilicet,</strong></span> <span class='ocrx_word' id='word_1_299' title='bbox 2621 1391 2969 1474; x_wconf 73' lang='lat' dir='ltr'><strong>subiugavit,</strong></span> <span class='ocrx_word' id='word_1_300' title='bbox 3025 1401 3114 1456; x_wconf 86' lang='lat' dir='ltr'><strong>&#39;vel</strong></span> <span class='ocrx_word' id='word_1_301' title='bbox 3181 1402 3286 1456; x_wconf 90' lang='lat' dir='ltr'><strong>hoc</strong></span> <span class='ocrx_word' id='word_1_302' title='bbox 3355 1403 3614 1457; x_wconf 86' lang='lat' dir='ltr'><strong>sentire-</strong></span> 
     </span>
    </p>
   </div>
   <div class='ocr_carea' id='block_1_42' title="bbox 1984 1491 3564 1566">
    <p class='ocr_par' dir='ltr' id='par_1_42' title="bbox 1984 1491 3564 1566">
     <span class='ocr_line' id='line_1_42' title="bbox 1984 1491 3564 1566; baseline -0.009 -10"><span class='ocrx_word' id='word_1_303' title='bbox 1984 1502 2173 1566; x_wconf 89' lang='lat' dir='ltr'><strong>etiam,</strong></span> <span class='ocrx_word' id='word_1_304' title='bbox 2199 1498 2372 1553; x_wconf 91' lang='lat' dir='ltr'><strong>Deum</strong></span> <span class='ocrx_word' id='word_1_305' title='bbox 2409 1496 2514 1553; x_wconf 88' lang='lat' dir='ltr'><strong>sibi</strong></span> <span class='ocrx_word' id='word_1_306' title='bbox 2541 1502 2600 1550; x_wconf 91' lang='lat' dir='ltr'><strong>ut</strong></span> <span class='ocrx_word' id='word_1_307' title='bbox 2626 1493 2846 1549; x_wconf 54' lang='lat' dir='ltr'><strong>Juda‘os</strong></span> <span class='ocrx_word' id='word_1_308' title='bbox 2877 1502 3102 1564; x_wconf 86' lang='lat' dir='ltr'><strong>propter</strong></span> <span class='ocrx_word' id='word_1_309' title='bbox 3135 1507 3326 1546; x_wconf 91' lang='lat' dir='ltr'><strong>eorum</strong></span> <span class='ocrx_word' id='word_1_310' title='bbox 3357 1491 3564 1546; x_wconf 84' lang='lat' dir='ltr'><strong>scelera</strong></span> 
     </span>
    </p>
   </div>
   <div class='ocr_carea' id='block_1_43' title="bbox 1987 1583 3566 1653">
    <p class='ocr_par' dir='ltr' id='par_1_43' title="bbox 1987 1583 3566 1653">
     <span class='ocr_line' id='line_1_43' title="bbox 1987 1583 3566 1653; baseline -0.006 -6"><span class='ocrx_word' id='word_1_311' title='bbox 1987 1591 2288 1653; x_wconf 87' lang='lat' dir='ltr'><strong>adoriatur,</strong></span> <span class='ocrx_word' id='word_1_312' title='bbox 2324 1590 2377 1643; x_wconf 91' lang='lat' dir='ltr'><strong>in</strong></span> <span class='ocrx_word' id='word_1_313' title='bbox 2406 1587 2651 1642; x_wconf 90' lang='lat' dir='ltr'><strong>animum</strong></span> <span class='ocrx_word' id='word_1_314' title='bbox 2704 1585 2988 1640; x_wconf 75' lang='lat' dir='ltr'><strong>inducere.</strong></span> <span class='ocrx_word' id='word_1_315' title='bbox 3044 1583 3250 1638; x_wconf 90' lang='lat' dir='ltr'><strong>Deinde</strong></span> <span class='ocrx_word' id='word_1_316' title='bbox 3299 1591 3360 1636; x_wconf 90' lang='lat' dir='ltr'><strong>ut</strong></span> <span class='ocrx_word' id='word_1_317' title='bbox 3409 1583 3566 1638; x_wconf 87' lang='lat' dir='ltr'><strong>urbis</strong></span> 
     </span>
    </p>
   </div>
   <div class='ocr_carea' id='block_1_44' title="bbox 1987 1674 3564 1747">
    <p class='ocr_par' dir='ltr' id='par_1_44' title="bbox 1987 1674 3564 1747">
     <span class='ocr_line' id='line_1_44' title="bbox 1987 1674 3564 1747; baseline -0.006 -11"><span class='ocrx_word' id='word_1_318' title='bbox 1987 1681 2323 1738; x_wconf 86' lang='lat' dir='ltr'><strong>deditionem</strong></span> <span class='ocrx_word' id='word_1_319' title='bbox 2349 1677 2533 1742; x_wconf 78' lang='lat' dir='ltr'><strong>faciat,</strong></span> <span class='ocrx_word' id='word_1_320' title='bbox 2558 1675 2817 1747; x_wconf 88' lang='lat' dir='ltr'><strong>populum</strong></span> <span class='ocrx_word' id='word_1_321' title='bbox 2834 1675 3160 1730; x_wconf 85' lang='lat' dir='ltr'><strong>adhortatur</strong></span> <span class='ocrx_word' id='word_1_322' title='bbox 3182 1693 3197 1742; x_wconf 90' lang='lat'><strong>;</strong></span> <span class='ocrx_word' id='word_1_323' title='bbox 3216 1682 3270 1728; x_wconf 92' lang='lat' dir='ltr'><strong>et</strong></span> <span class='ocrx_word' id='word_1_324' title='bbox 3291 1674 3564 1729; x_wconf 87' lang='lat' dir='ltr'><strong>celebrem</strong></span> 
     </span>
    </p>
   </div>
   <div class='ocr_carea' id='block_1_45' title="bbox 1992 1765 3566 1844">
    <p class='ocr_par' dir='ltr' id='par_1_45' title="bbox 1992 1765 3566 1844">
     <span class='ocr_line' id='line_1_45' title="bbox 1992 1765 3566 1844; baseline -0.004 -18"><span class='ocrx_word' id='word_1_325' title='bbox 1992 1773 2135 1844; x_wconf 90' lang='lat' dir='ltr'><strong>apud</strong></span> <span class='ocrx_word' id='word_1_326' title='bbox 2165 1785 2262 1826; x_wconf 91' lang='lat' dir='ltr'><strong>eos</strong></span> <span class='ocrx_word' id='word_1_327' title='bbox 2288 1768 2537 1823; x_wconf 76' lang='lat' dir='ltr'><strong>Ezechia:</strong></span> <span class='ocrx_word' id='word_1_328' title='bbox 2567 1768 2824 1838; x_wconf 87' lang='lat' dir='ltr'><strong>pietatem</strong></span> <span class='ocrx_word' id='word_1_329' title='bbox 2857 1767 3042 1822; x_wconf 88' lang='lat' dir='ltr'><strong>studet</strong></span> <span class='ocrx_word' id='word_1_330' title='bbox 3072 1776 3395 1822; x_wconf 79' lang='lat' dir='ltr'><strong>extenuare.</strong></span> <span class='ocrx_word' id='word_1_331' title='bbox 3420 1765 3566 1832; x_wconf 87' lang='lat' dir='ltr'><strong>Quin</strong></span> 
     </span>
    </p>
   </div>
   <div class='ocr_carea' id='block_1_46' title="bbox 1990 1857 3569 1926">
    <p class='ocr_par' dir='ltr' id='par_1_46' title="bbox 1990 1857 3569 1926">
     <span class='ocr_line' id='line_1_46' title="bbox 1990 1857 3569 1926; baseline -0.003 -11"><span class='ocrx_word' id='word_1_332' title='bbox 1990 1870 2046 1915; x_wconf 92' lang='lat' dir='ltr'><strong>et</strong></span> <span class='ocrx_word' id='word_1_333' title='bbox 2074 1858 2328 1914; x_wconf 85' lang='lat' dir='ltr'><strong>eumdem</strong></span> <span class='ocrx_word' id='word_1_334' title='bbox 2361 1857 2636 1926; x_wconf 88' lang='lat' dir='ltr'><strong>superius,</strong></span> <span class='ocrx_word' id='word_1_335' title='bbox 2671 1863 2932 1925; x_wconf 91' lang='lat' dir='ltr'><strong>tanquam</strong></span> <span class='ocrx_word' id='word_1_336' title='bbox 2999 1857 3207 1910; x_wconf 76' lang='lat' dir='ltr'><strong>excelsa</strong></span> <span class='ocrx_word' id='word_1_337' title='bbox 3245 1857 3569 1923; x_wconf 71' lang='lat' dir='ltr'><strong>sustulisset,</strong></span> 
     </span>
    </p>
   </div>
   <div class='ocr_carea' id='block_1_47' title="bbox 1992 1949 3571 2021">
    <p class='ocr_par' dir='ltr' id='par_1_47' title="bbox 1992 1949 3571 2021">
     <span class='ocr_line' id='line_1_47' title="bbox 1992 1949 3571 2021; baseline -0.001 -15"><span class='ocrx_word' id='word_1_338' title='bbox 1992 1950 2294 2018; x_wconf 89' lang='lat' dir='ltr'><strong>vellicavit,</strong></span> <span class='ocrx_word' id='word_1_339' title='bbox 2337 1950 2540 2021; x_wconf 88' lang='lat' dir='ltr'><strong>quibus</strong></span> <span class='ocrx_word' id='word_1_340' title='bbox 2569 1949 2793 2003; x_wconf 81' lang='lat' dir='ltr'><strong>Achazo</strong></span> <span class='ocrx_word' id='word_1_341' title='bbox 2817 1957 3085 2019; x_wconf 74' lang='lat' dir='ltr'><strong>regnante</strong></span> <span class='ocrx_word' id='word_1_342' title='bbox 3115 1951 3378 2020; x_wconf 89' lang='lat' dir='ltr'><strong>populum</strong></span> <span class='ocrx_word' id='word_1_343' title='bbox 3431 1966 3571 2021; x_wconf 88' lang='lat' dir='ltr'><strong>gau-</strong></span> 
     </span>
    </p>
   </div>
   <div class='ocr_carea' id='block_1_48' title="bbox 1995 2039 3575 2105">
    <p class='ocr_par' dir='ltr' id='par_1_48' title="bbox 1995 2039 3575 2105">
     <span class='ocr_line' id='line_1_48' title="bbox 1995 2039 3575 2105; baseline -0.003 -5"><span class='ocrx_word' id='word_1_344' title='bbox 1995 2045 2126 2100; x_wconf 88' lang='lat' dir='ltr'><strong>dere</strong></span> <span class='ocrx_word' id='word_1_345' title='bbox 2151 2051 2401 2105; x_wconf 87' lang='lat' dir='ltr'><strong>noverat,</strong></span> <span class='ocrx_word' id='word_1_346' title='bbox 2427 2041 2521 2096; x_wconf 87' lang='lat' dir='ltr'><strong>Dei</strong></span> <span class='ocrx_word' id='word_1_347' title='bbox 2551 2055 2675 2095; x_wconf 92' lang='lat' dir='ltr'><strong>esse</strong></span> <span class='ocrx_word' id='word_1_348' title='bbox 2731 2039 2828 2094; x_wconf 88' lang='lat' dir='ltr'><strong>illa</strong></span> <span class='ocrx_word' id='word_1_349' title='bbox 2882 2039 3204 2094; x_wconf 83' lang='lat' dir='ltr'><strong>arbitratus.</strong></span> <span class='ocrx_word' id='word_1_350' title='bbox 3246 2041 3324 2094; x_wconf 91' lang='lat' dir='ltr'><strong>Ita</strong></span> <span class='ocrx_word' id='word_1_351' title='bbox 3375 2040 3575 2096; x_wconf 89' lang='lat' dir='ltr'><strong>deinde</strong></span> 
     </span>
    </p>
   </div>
   <div class='ocr_carea' id='block_1_49' title="bbox 1995 2133 3577 2208">
    <p class='ocr_par' dir='ltr' id='par_1_49' title="bbox 1995 2133 3577 2208">
     <span class='ocr_line' id='line_1_49' title="bbox 1995 2133 3577 2208; baseline 0 -18"><span class='ocrx_word' id='word_1_352' title='bbox 1995 2136 2392 2192; x_wconf 84' lang='lat' dir='ltr'><strong>ratiocinatur:</strong></span> <span class='ocrx_word' id='word_1_353' title='bbox 2425 2133 2481 2188; x_wconf 90' lang='lat' dir='ltr'><strong>Si</strong></span> <span class='ocrx_word' id='word_1_354' title='bbox 2510 2134 2648 2189; x_wconf 90' lang='lat' dir='ltr'><strong>alios</strong></span> <span class='ocrx_word' id='word_1_355' title='bbox 2671 2133 2757 2208; x_wconf 80' lang='lat' dir='ltr'><strong>sui</strong></span> <span class='ocrx_word' id='word_1_356' title='bbox 2795 2148 2905 2187; x_wconf 93' lang='lat' dir='ltr'><strong>non</strong></span> <span class='ocrx_word' id='word_1_357' title='bbox 2947 2133 3370 2200; x_wconf 84' lang='lat' dir='ltr'><strong>servaruntdii,</strong></span> <span class='ocrx_word' id='word_1_358' title='bbox 3396 2149 3577 2205; x_wconf 88' lang='lat' dir='ltr'><strong>neque</strong></span> 
     </span>
    </p>
   </div>
   <div class='ocr_carea' id='block_1_50' title="bbox 1996 2225 3574 2296">
    <p class='ocr_par' dir='ltr' id='par_1_50' title="bbox 1996 2225 3574 2296">
     <span class='ocr_line' id='line_1_50' title="bbox 1996 2225 3574 2296; baseline -0.002 -11"><span class='ocrx_word' id='word_1_359' title='bbox 1996 2231 2258 2285; x_wconf 83' lang='lat' dir='ltr'><strong>Dominus</strong></span> <span class='ocrx_word' id='word_1_360' title='bbox 2287 2225 2541 2291; x_wconf 77' lang='lat' dir='ltr'><strong>Judwos,</strong></span> <span class='ocrx_word' id='word_1_361' title='bbox 2602 2241 2768 2296; x_wconf 91' lang='lat' dir='ltr'><strong>quem</strong></span> <span class='ocrx_word' id='word_1_362' title='bbox 2842 2225 3059 2280; x_wconf 70' lang='lat' dir='ltr'><strong>caeteris</strong></span> <span class='ocrx_word' id='word_1_363' title='bbox 3122 2234 3387 2295; x_wconf 67' lang='lat' dir='ltr'><strong>praastare</strong></span> <span class='ocrx_word' id='word_1_364' title='bbox 3461 2242 3574 2282; x_wconf 89' lang='lat' dir='ltr'><strong>non</strong></span> 
     </span>
    </p>
   </div>
   <div class='ocr_carea' id='block_1_51' title="bbox 1997 2317 3578 2388">
    <p class='ocr_par' dir='ltr' id='par_1_51' title="bbox 1997 2317 3578 2388">
     <span class='ocr_line' id='line_1_51' title="bbox 1997 2317 3578 2388; baseline -0.003 -12"><span class='ocrx_word' id='word_1_365' title='bbox 1997 2321 2178 2378; x_wconf 84' lang='lat' dir='ltr'><strong>video.</strong></span> <span class='ocrx_word' id='word_1_366' title='bbox 2211 2323 2279 2374; x_wconf 87' lang='lat' dir='ltr'><strong>At</strong></span> <span class='ocrx_word' id='word_1_367' title='bbox 2303 2319 2436 2374; x_wconf 82' lang='lat' dir='ltr'><strong>nihil</strong></span> <span class='ocrx_word' id='word_1_368' title='bbox 2461 2319 2528 2373; x_wconf 89' lang='lat' dir='ltr'><strong>ad</strong></span> <span class='ocrx_word' id='word_1_369' title='bbox 2574 2317 2948 2388; x_wconf 83' lang='lat' dir='ltr'><strong>blasphemias</strong></span> <span class='ocrx_word' id='word_1_370' title='bbox 2989 2318 3128 2372; x_wconf 88' lang='lat' dir='ltr'><strong>istas</strong></span> <span class='ocrx_word' id='word_1_371' title='bbox 3187 2318 3310 2388; x_wconf 90' lang='lat' dir='ltr'><strong>pius</strong></span> <span class='ocrx_word' id='word_1_372' title='bbox 3361 2333 3455 2373; x_wconf 92' lang='lat' dir='ltr'><strong>rex</strong></span> <span class='ocrx_word' id='word_1_373' title='bbox 3495 2335 3578 2372; x_wconf 83' lang='lat' dir='ltr'><strong>re-</strong></span> 
     </span>
    </p>
   </div>
   <div class='ocr_carea' id='block_1_52' title="bbox 1999 2409 3577 2486">
    <p class='ocr_par' dir='ltr' id='par_1_52' title="bbox 1999 2409 3577 2486">
     <span class='ocr_line' id='line_1_52' title="bbox 1999 2409 3577 2486; baseline -0.004 -16"><span class='ocrx_word' id='word_1_374' title='bbox 1999 2413 2247 2486; x_wconf 82' lang='lat' dir='ltr'><strong>sponderi</strong></span> <span class='ocrx_word' id='word_1_375' title='bbox 2265 2427 2464 2484; x_wconf 88' lang='lat' dir='ltr'><strong>passus</strong></span> <span class='ocrx_word' id='word_1_376' title='bbox 2483 2418 2592 2474; x_wconf 89' lang='lat' dir='ltr'><strong>est,</strong></span> <span class='ocrx_word' id='word_1_377' title='bbox 2607 2425 2675 2464; x_wconf 91' lang='lat' dir='ltr'><strong>ne</strong></span> <span class='ocrx_word' id='word_1_378' title='bbox 2697 2409 2763 2464; x_wconf 91' lang='lat' dir='ltr'><strong>ad</strong></span> <span class='ocrx_word' id='word_1_379' title='bbox 2779 2410 3015 2480; x_wconf 84' lang='lat' dir='ltr'><strong>majores</strong></span> <span class='ocrx_word' id='word_1_380' title='bbox 3033 2418 3395 2478; x_wconf 87' lang='lat' dir='ltr'><strong>provocaret;</strong></span> <span class='ocrx_word' id='word_1_381' title='bbox 3418 2409 3577 2478; x_wconf 81' lang='lat' dir='ltr'><strong>juxta</strong></span> 
     </span>
    </p>
   </div>
   <div class='ocr_carea' id='block_1_53' title="bbox 2001 2502 3572 2573">
    <p class='ocr_par' dir='ltr' id='par_1_53' title="bbox 2001 2502 3572 2573">
     <span class='ocr_line' id='line_1_53' title="bbox 2001 2502 3572 2573; baseline -0.006 -9"><span class='ocrx_word' id='word_1_382' title='bbox 2001 2507 2170 2564; x_wconf 90' lang='lat' dir='ltr'><strong>illud:</strong></span> <span class='ocrx_word' id='word_1_383' title='bbox 2236 2526 2256 2558; x_wconf 88' lang='grc'><strong>‹</strong></span> <span class='ocrx_word' id='word_1_384' title='bbox 2292 2504 2372 2560; x_wconf 83' lang='lat' dir='ltr'><strong>Ne</strong></span> <span class='ocrx_word' id='word_1_385' title='bbox 2425 2503 2733 2562; x_wconf 89' lang='lat' dir='ltr'><strong>succendas</strong></span> <span class='ocrx_word' id='word_1_386' title='bbox 2785 2503 3060 2558; x_wconf 86' lang='lat' dir='ltr'><strong>carbones</strong></span> <span class='ocrx_word' id='word_1_387' title='bbox 3112 2502 3426 2573; x_wconf 88' lang='lat' dir='ltr'><strong>peccatoris</strong></span> <span class='ocrx_word' id='word_1_388' title='bbox 3447 2504 3514 2556; x_wconf 79' lang='grc'><strong>¹⁹.</strong></span> <span class='ocrx_word' id='word_1_389' title='bbox 3552 2521 3572 2555; x_wconf 76' lang='grc' dir='ltr'><strong>ι</strong></span> 
     </span>
    </p>
   </div>
   <div class='ocr_carea' id='block_1_54' title="bbox 2000 2593 3578 2667">
    <p class='ocr_par' dir='ltr' id='par_1_54' title="bbox 2000 2593 3578 2667">
     <span class='ocr_line' id='line_1_54' title="bbox 2000 2593 3578 2667; baseline -0.004 -12"><span class='ocrx_word' id='word_1_390' title='bbox 2000 2599 2200 2655; x_wconf 89' lang='lat' dir='ltr'><strong>Inutile</strong></span> <span class='ocrx_word' id='word_1_391' title='bbox 2228 2597 2399 2653; x_wconf 82' lang='lat' dir='ltr'><strong>fuerit</strong></span> <span class='ocrx_word' id='word_1_392' title='bbox 2431 2605 2701 2667; x_wconf 74' lang='lat' dir='ltr'><strong>praeterea</strong></span> <span class='ocrx_word' id='word_1_393' title='bbox 2736 2609 2860 2650; x_wconf 90' lang='lat' dir='ltr'><strong>cum</strong></span> <span class='ocrx_word' id='word_1_394' title='bbox 2898 2593 3034 2658; x_wconf 88' lang='lat' dir='ltr'><strong>illis,</strong></span> <span class='ocrx_word' id='word_1_395' title='bbox 3082 2593 3286 2664; x_wconf 78' lang='lat' dir='ltr'><strong>quibus</strong></span> <span class='ocrx_word' id='word_1_396' title='bbox 3340 2600 3425 2648; x_wconf 90' lang='lat' dir='ltr'><strong>est</strong></span> <span class='ocrx_word' id='word_1_397' title='bbox 3456 2595 3578 2648; x_wconf 84' lang='lat' dir='ltr'><strong>ani-</strong></span> 
     </span>
    </p>
   </div>
   <div class='ocr_carea' id='block_1_55' title="bbox 2003 2683 3583 2766">
    <p class='ocr_par' dir='ltr' id='par_1_55' title="bbox 2003 2683 3583 2766">
     <span class='ocr_line' id='line_1_55' title="bbox 2003 2683 3583 2766; baseline -0.006 -19"><span class='ocrx_word' id='word_1_398' title='bbox 2003 2707 2107 2748; x_wconf 73' lang='lat' dir='ltr'><strong>ma:</strong></span> <span class='ocrx_word' id='word_1_399' title='bbox 2132 2690 2283 2746; x_wconf 88' lang='lat' dir='ltr'><strong>salus</strong></span> <span class='ocrx_word' id='word_1_400' title='bbox 2312 2689 2624 2758; x_wconf 88' lang='lat' dir='ltr'><strong>deplorata,</strong></span> <span class='ocrx_word' id='word_1_401' title='bbox 2650 2685 2832 2740; x_wconf 78' lang='lat' dir='ltr'><strong>verbis</strong></span> <span class='ocrx_word' id='word_1_402' title='bbox 2849 2683 3165 2751; x_wconf 88' lang='lat' dir='ltr'><strong>decertare;</strong></span> <span class='ocrx_word' id='word_1_403' title='bbox 3192 2699 3336 2756; x_wconf 86' lang='lat' dir='ltr'><strong>quos</strong></span> <span class='ocrx_word' id='word_1_404' title='bbox 3357 2683 3583 2766; x_wconf 80' lang='lat' dir='ltr'><strong>silentio</strong></span> 
     </span>
    </p>
   </div>
   <div class='ocr_carea' id='block_1_56' title="bbox 314 2775 1897 2872">
    <p class='ocr_par' dir='ltr' id='par_1_56' title="bbox 314 2775 1897 2872">
     <span class='ocr_line' id='line_1_56' title="bbox 314 2775 1897 2872; baseline 0.003 -20"><span class='ocrx_word' id='word_1_405' title='bbox 314 2775 442 2871; x_wconf 43' lang='lat' dir='ltr'><strong>illa:</strong></span> <span class='ocrx_word' id='word_1_406' title='bbox 471 2802 538 2870; x_wconf 83' lang='grc' dir='ltr'>τῇ</span> <span class='ocrx_word' id='word_1_407' title='bbox 575 2775 774 2871; x_wconf 61' lang='grc' dir='ltr'>σιωπῇ,</span> <span class='ocrx_word' id='word_1_408' title='bbox 803 2775 1149 2868; x_wconf 78' lang='grc' dir='ltr'>κρύπτοντας</span> <span class='ocrx_word' id='word_1_409' title='bbox 1180 2775 1435 2871; x_wconf 27' lang='grc' dir='ltr'>μὲν-τοὺς</span> <span class='ocrx_word' id='word_1_410' title='bbox 1456 2802 1678 2872; x_wconf 84' lang='grc' dir='ltr'>ἀληθεῖς</span> <span class='ocrx_word' id='word_1_411' title='bbox 1705 2775 1897 2872; x_wconf 78' lang='grc' dir='ltr'>λόγους</span> 
     </span>
    </p>
   </div>
   <div class='ocr_carea' id='block_1_57' title="bbox 2003 2775 3582 2872">
    <p class='ocr_par' dir='ltr' id='par_1_57' title="bbox 2003 2775 3582 2854">
     <span class='ocr_line' id='line_1_57' title="bbox 2003 2775 3582 2854; baseline -0.005 -16"><span class='ocrx_word' id='word_1_412' title='bbox 2003 2790 2230 2854; x_wconf 72' lang='lat' dir='ltr'><strong>prtestat</strong></span> <span class='ocrx_word' id='word_1_413' title='bbox 2256 2780 2573 2843; x_wconf 87' lang='lat' dir='ltr'><strong>retundere,</strong></span> <span class='ocrx_word' id='word_1_414' title='bbox 2597 2777 2986 2847; x_wconf 86' lang='lat' dir='ltr'><strong>sermonisque</strong></span> <span class='ocrx_word' id='word_1_415' title='bbox 3011 2777 3300 2832; x_wconf 81' lang='lat' dir='ltr'><strong>veritatem</strong></span> <span class='ocrx_word' id='word_1_416' title='bbox 3336 2775 3390 2830; x_wconf 88' lang='lat' dir='ltr'><strong>in</strong></span> <span class='ocrx_word' id='word_1_417' title='bbox 3419 2775 3582 2831; x_wconf 86' lang='lat' dir='ltr'><strong>nobis</strong></span> 
     </span>
    </p>
   </div>
   <div class='ocr_carea' id='block_1_58' title="bbox 317 2871 1897 2961">
    <p class='ocr_par' dir='ltr' id='par_1_58' title="bbox 317 2871 1897 2961">
     <span class='ocr_line' id='line_1_58' title="bbox 317 2871 1897 2961; baseline 0.001 -17"><span class='ocrx_word' id='word_1_418' title='bbox 317 2893 376 2944; x_wconf 77' lang='grc' dir='ltr'>ὲν</span> <span class='ocrx_word' id='word_1_419' title='bbox 407 2892 641 2954; x_wconf 80' lang='grc' dir='ltr'>ἑαυτοῖς,</span> <span class='ocrx_word' id='word_1_420' title='bbox 669 2891 1066 2961; x_wconf 82' lang='grc' dir='ltr'>περιμένοντας</span> <span class='ocrx_word' id='word_1_421' title='bbox 1085 2890 1142 2943; x_wconf 83' lang='grc' dir='ltr'>δὲ</span> <span class='ocrx_word' id='word_1_422' title='bbox 1167 2890 1266 2960; x_wconf 81' lang='grc' dir='ltr'>τὴν</span> <span class='ocrx_word' id='word_1_423' title='bbox 1288 2890 1354 2943; x_wconf 79' lang='grc' dir='ltr'>ἐκ</span> <span class='ocrx_word' id='word_1_424' title='bbox 1371 2889 1505 2943; x_wconf 86' lang='grc' dir='ltr'>Θεοῦ</span> <span class='ocrx_word' id='word_1_425' title='bbox 1531 2871 1673 2944; x_wconf 77' lang='grc' dir='ltr'>κατὰ</span> <span class='ocrx_word' id='word_1_426' title='bbox 1691 2871 1897 2945; x_wconf 73' lang='grc' dir='ltr'>τούτων</span> 
     </span>
    </p>
   </div>
   <div class='ocr_carea' id='block_1_59' title="bbox 2003 2871 3582 2961">
    <p class='ocr_par' dir='ltr' id='par_1_59' title="bbox 2005 2871 3582 2950">
     <span class='ocr_line' id='line_1_59' title="bbox 2005 2871 3582 2950; baseline -0.002 -19"><span class='ocrx_word' id='word_1_427' title='bbox 2005 2877 2196 2933; x_wconf 92' lang='lat' dir='ltr'><strong>tandiu</strong></span> <span class='ocrx_word' id='word_1_428' title='bbox 2222 2890 2491 2948; x_wconf 90' lang='lat' dir='ltr'><strong>premere,</strong></span> <span class='ocrx_word' id='word_1_429' title='bbox 2511 2873 2688 2929; x_wconf 89' lang='lat' dir='ltr'><strong>donec</strong></span> <span class='ocrx_word' id='word_1_430' title='bbox 2713 2873 2912 2950; x_wconf 79' lang='lat' dir='ltr'><strong>idoneo</strong></span> <span class='ocrx_word' id='word_1_431' title='bbox 2937 2880 3181 2941; x_wconf 85' lang='lat' dir='ltr'><strong>tempore</strong></span> <span class='ocrx_word' id='word_1_432' title='bbox 3209 2885 3240 2924; x_wconf 90' lang='lat' dir='ltr'><strong>a</strong></span> <span class='ocrx_word' id='word_1_433' title='bbox 3269 2871 3381 2926; x_wconf 92' lang='lat' dir='ltr'><strong>Deo</strong></span> <span class='ocrx_word' id='word_1_434' title='bbox 3403 2871 3458 2926; x_wconf 93' lang='lat' dir='ltr'><strong>in</strong></span> <span class='ocrx_word' id='word_1_435' title='bbox 3485 2887 3582 2938; x_wconf 80' lang='lat' dir='ltr'><strong>eos</strong></span> 
     </span>
    </p>
   </div>
   <div class='ocr_carea' id='block_1_60' title="bbox 319 2963 1897 3055">
    <p class='ocr_par' dir='ltr' id='par_1_60' title="bbox 319 2981 1897 3055">
     <span class='ocr_line' id='line_1_60' title="bbox 319 2981 1897 3055; baseline 0.001 -20"><span class='ocrx_word' id='word_1_436' title='bbox 319 2981 577 3053; x_wconf 74' lang='grc' dir='ltr'>εὔκαιρον</span> <span class='ocrx_word' id='word_1_437' title='bbox 608 2982 844 3052; x_wconf 82' lang='grc' dir='ltr'>κίνησιν.</span> <span class='ocrx_word' id='word_1_438' title='bbox 877 2983 953 3035; x_wconf 79' lang='grc' dir='ltr'><strong>Οὐ</strong></span> <span class='ocrx_word' id='word_1_439' title='bbox 987 2982 1124 3053; x_wconf 81' lang='grc' dir='ltr'>πρὸς</span> <span class='ocrx_word' id='word_1_440' title='bbox 1154 2983 1304 3053; x_wconf 70' lang='grc' dir='ltr'>ἡμᾶς</span> <span class='ocrx_word' id='word_1_441' title='bbox 1333 2983 1442 3055; x_wconf 86' lang='grc' dir='ltr'><strong>γὰρ</strong></span> <span class='ocrx_word' id='word_1_442' title='bbox 1476 2983 1576 3048; x_wconf 79' lang='grc' dir='ltr'>ἔτι,</span> <span class='ocrx_word' id='word_1_443' title='bbox 1606 2984 1744 3054; x_wconf 82' lang='grc' dir='ltr'>πρὸς</span> <span class='ocrx_word' id='word_1_444' title='bbox 1766 2984 1897 3038; x_wconf 77' lang='grc' dir='ltr'>Θεὸν</span> 
     </span>
    </p>
   </div>
   <div class='ocr_carea' id='block_1_61' title="bbox 2003 2963 3582 3055">
    <p class='ocr_par' dir='ltr' id='par_1_61' title="bbox 2006 2963 3582 3037">
     <span class='ocr_line' id='line_1_61' title="bbox 2006 2963 3582 3037; baseline -0.004 -12"><span class='ocrx_word' id='word_1_445' title='bbox 2006 2969 2336 3025; x_wconf 77' lang='lat' dir='ltr'><strong>excitemur.</strong></span> <span class='ocrx_word' id='word_1_446' title='bbox 2362 2966 2552 3037; x_wconf 83' lang='lat' dir='ltr'><strong>Neque</strong></span> <span class='ocrx_word' id='word_1_447' title='bbox 2572 2966 2720 3021; x_wconf 88' lang='lat' dir='ltr'><strong>enim</strong></span> <span class='ocrx_word' id='word_1_448' title='bbox 2751 2975 2865 3019; x_wconf 89' lang='lat' dir='ltr'><strong>tum</strong></span> <span class='ocrx_word' id='word_1_449' title='bbox 2889 2963 3180 3018; x_wconf 87' lang='lat' dir='ltr'><strong>adversum</strong></span> <span class='ocrx_word' id='word_1_450' title='bbox 3202 2977 3304 3018; x_wconf 88' lang='lat' dir='ltr'><strong>nos</strong></span> <span class='ocrx_word' id='word_1_451' title='bbox 3324 2964 3582 3034; x_wconf 87' lang='lat' dir='ltr'><strong>amplius,</strong></span> 
     </span>
    </p>
   </div>
   <div class='ocr_carea' id='block_1_62' title="bbox 317 3053 1897 3162">
    <p class='ocr_par' dir='ltr' id='par_1_62' title="bbox 317 3053 1897 3148">
     <span class='ocr_line' id='line_1_62' title="bbox 317 3053 1897 3148; baseline 0.003 -20"><span class='ocrx_word' id='word_1_452' title='bbox 317 3075 374 3128; x_wconf 75' lang='grc' dir='ltr'>δὲ</span> <span class='ocrx_word' id='word_1_453' title='bbox 403 3076 492 3128; x_wconf 64' lang='grc' dir='ltr'><strong>τὸν</strong></span> <span class='ocrx_word' id='word_1_454' title='bbox 513 3075 750 3144; x_wconf 87' lang='grc' dir='ltr'>πόλεμον</span> <span class='ocrx_word' id='word_1_455' title='bbox 770 3074 983 3143; x_wconf 77' lang='grc' dir='ltr'>ἔχουσιν</span> <span class='ocrx_word' id='word_1_456' title='bbox 1014 3074 1043 3127; x_wconf 82' lang='grc' dir='ltr'><strong>ὃ</strong></span> <span class='ocrx_word' id='word_1_457' title='bbox 1064 3074 1318 3145; x_wconf 85' lang='grc' dir='ltr'>ποιητέον</span> <span class='ocrx_word' id='word_1_458' title='bbox 1351 3053 1422 3127; x_wconf 80' lang='grc' dir='ltr'><strong>έν</strong></span> <span class='ocrx_word' id='word_1_459' title='bbox 1440 3075 1618 3146; x_wconf 81' lang='grc' dir='ltr'>καιρῷ</span> <span class='ocrx_word' id='word_1_460' title='bbox 1645 3053 1897 3148; x_wconf 84' lang='grc' dir='ltr'>διωγμῶν</span> 
     </span>
    </p>
   </div>
   <div class='ocr_carea' id='block_1_63' title="bbox 2003 3053 3580 3162">
    <p class='ocr_par' dir='ltr' id='par_1_63' title="bbox 2010 3053 3580 3127">
     <span class='ocr_line' id='line_1_63' title="bbox 2010 3053 3580 3127; baseline -0.004 -13"><span class='ocrx_word' id='word_1_461' title='bbox 2010 3059 2107 3114; x_wconf 89' lang='lat' dir='ltr'><strong>sed</strong></span> <span class='ocrx_word' id='word_1_462' title='bbox 2141 3057 2436 3114; x_wconf 89' lang='lat' dir='ltr'><strong>adversum</strong></span> <span class='ocrx_word' id='word_1_463' title='bbox 2459 3058 2640 3127; x_wconf 88' lang='lat' dir='ltr'><strong>ipsqu</strong></span> <span class='ocrx_word' id='word_1_464' title='bbox 2679 3053 2849 3111; x_wconf 88' lang='lat' dir='ltr'><strong>Deum</strong></span> <span class='ocrx_word' id='word_1_465' title='bbox 2880 3053 3081 3110; x_wconf 86' lang='lat' dir='ltr'><strong>bellum</strong></span> <span class='ocrx_word' id='word_1_466' title='bbox 3139 3053 3373 3124; x_wconf 76' lang='lat' dir='ltr'><strong>geritur.</strong></span> <span class='ocrx_word' id='word_1_467' title='bbox 3422 3055 3580 3120; x_wconf 80' lang='lat' dir='ltr'><strong>Quod</strong></span> 
     </span>
    </p>
   </div>
   <div class='ocr_carea' id='block_1_64' title="bbox 322 3165 1904 3236">
    <p class='ocr_par' dir='ltr' id='par_1_64' title="bbox 322 3165 1904 3236">
     <span class='ocr_line' id='line_1_64' title="bbox 322 3165 1904 3236; baseline 0.003 -19"><span class='ocrx_word' id='word_1_468' title='bbox 322 3167 380 3219; x_wconf 77' lang='grc' dir='ltr'>ὲν</span> <span class='ocrx_word' id='word_1_469' title='bbox 417 3168 540 3229; x_wconf 88' lang='grc' dir='ltr'>ταῖς</span> <span class='ocrx_word' id='word_1_470' title='bbox 581 3166 925 3236; x_wconf 80' lang='grc' dir='ltr'>βλασφήμοις</span> <span class='ocrx_word' id='word_1_471' title='bbox 971 3165 1082 3219; x_wconf 86' lang='grc' dir='ltr'><strong>τῶν</strong></span> <span class='ocrx_word' id='word_1_472' title='bbox 1136 3165 1350 3218; x_wconf 77' lang='grc' dir='ltr'>ἀσεϐῶν</span> <span class='ocrx_word' id='word_1_473' title='bbox 1381 3166 1650 3233; x_wconf 79' lang='grc' dir='ltr'>διαλέξεσι</span> <span class='ocrx_word' id='word_1_474' title='bbox 1692 3167 1904 3236; x_wconf 82' lang='grc' dir='ltr'>λέγοντι</span> 
     </span>
    </p>
   </div>
   <div class='ocr_carea' id='block_1_65' title="bbox 323 3259 1909 3332">
    <p class='ocr_par' dir='ltr' id='par_1_65' title="bbox 323 3259 1909 3332">
     <span class='ocr_line' id='line_1_65' title="bbox 323 3259 1909 3332; baseline 0.001 -19"><span class='ocrx_word' id='word_1_475' title='bbox 323 3261 681 3330; x_wconf 85' lang='grc' dir='ltr'>πειθομένους</span> <span class='ocrx_word' id='word_1_476' title='bbox 713 3259 877 3312; x_wconf 88' lang='grc' dir='ltr'>Δα6ίδ</span> <span class='ocrx_word' id='word_1_477' title='bbox 899 3275 912 3289; x_wconf 88' lang='grc'><strong>·</strong></span> <span class='ocrx_word' id='word_1_478' title='bbox 956 3279 975 3312; x_wconf 75' lang='grc' dir='ltr'><strong>ι</strong></span> <span class='ocrx_word' id='word_1_479' title='bbox 1030 3259 1270 3330; x_wconf 85' lang='grc' dir='ltr'>Ἐθέμην</span> <span class='ocrx_word' id='word_1_480' title='bbox 1299 3259 1378 3330; x_wconf 83' lang='grc' dir='ltr'><strong>τῷ</strong></span> <span class='ocrx_word' id='word_1_481' title='bbox 1409 3260 1639 3331; x_wconf 85' lang='grc' dir='ltr'>στόματί</span> <span class='ocrx_word' id='word_1_482' title='bbox 1676 3279 1776 3332; x_wconf 86' lang='grc' dir='ltr'><strong>μου</strong></span> <span class='ocrx_word' id='word_1_483' title='bbox 1809 3279 1909 3331; x_wconf 85' lang='grc' dir='ltr'><strong>φυ-</strong></span> 
     </span>
    </p>
   </div>
   <div class='ocr_carea' id='block_1_66' title="bbox 321 3352 1908 3426">
    <p class='ocr_par' dir='ltr' id='par_1_66' title="bbox 321 3352 1908 3426">
     <span class='ocr_line' id='line_1_66' title="bbox 321 3352 1908 3426; baseline 0.001 -19"><span class='ocrx_word' id='word_1_484' title='bbox 321 3354 519 3424; x_wconf 82' lang='grc' dir='ltr'>λακήν.</span> <span class='ocrx_word' id='word_1_485' title='bbox 580 3354 669 3407; x_wconf 89' lang='grc' dir='ltr'>Ἐν</span> <span class='ocrx_word' id='word_1_486' title='bbox 712 3352 791 3425; x_wconf 82' lang='grc' dir='ltr'>τῷ</span> <span class='ocrx_word' id='word_1_487' title='bbox 840 3353 1102 3424; x_wconf 82' lang='grc' dir='ltr'>συστῆναι</span> <span class='ocrx_word' id='word_1_488' title='bbox 1161 3353 1254 3407; x_wconf 77' lang='grc' dir='ltr'><strong>τὸν</strong></span> <span class='ocrx_word' id='word_1_489' title='bbox 1312 3354 1638 3426; x_wconf 80' lang='grc' dir='ltr'>ἁμαρτωλὸν</span> <span class='ocrx_word' id='word_1_490' title='bbox 1667 3355 1908 3409; x_wconf 79' lang='grc' dir='ltr'>ἐναντίον</span> 
     </span>
    </p>
   </div>
   <div class='ocr_carea' id='block_1_67' title="bbox 329 3447 1911 3522">
    <p class='ocr_par' dir='ltr' id='par_1_67' title="bbox 329 3447 1911 3522">
     <span class='ocr_line' id='line_1_67' title="bbox 329 3447 1911 3522; baseline -0.001 -20"><span class='ocrx_word' id='word_1_491' title='bbox 329 3466 433 3519; x_wconf 87' lang='grc' dir='ltr'><strong>μου</strong></span> <span class='ocrx_word' id='word_1_492' title='bbox 457 3489 472 3512; x_wconf 90' lang='grc'><strong>,</strong></span> <span class='ocrx_word' id='word_1_493' title='bbox 499 3450 801 3522; x_wconf 74' lang='grc' dir='ltr'>ὲκωφὼθην</span> <span class='ocrx_word' id='word_1_494' title='bbox 841 3449 938 3503; x_wconf 77' lang='grc' dir='ltr'>καὶ</span> <span class='ocrx_word' id='word_1_495' title='bbox 979 3447 1356 3519; x_wconf 81' lang='grc' dir='ltr'>ὲταπεινώθην</span> <span class='ocrx_word' id='word_1_496' title='bbox 1378 3488 1393 3514; x_wconf 89' lang='grc'><strong>,</strong></span> <span class='ocrx_word' id='word_1_497' title='bbox 1446 3449 1541 3502; x_wconf 78' lang='grc' dir='ltr'><strong>καὶ</strong></span> <span class='ocrx_word' id='word_1_498' title='bbox 1587 3448 1820 3519; x_wconf 81' lang='grc' dir='ltr'>ὲσίγησα</span> <span class='ocrx_word' id='word_1_499' title='bbox 1849 3447 1911 3514; x_wconf 76' lang='grc' dir='ltr'>ἐξ</span> 
     </span>
    </p>
   </div>
   <div class='ocr_carea' id='block_1_68' title="bbox 324 3541 622 3611">
    <p class='ocr_par' dir='ltr' id='par_1_68' title="bbox 324 3541 622 3611">
     <span class='ocr_line' id='line_1_68' title="bbox 324 3541 622 3611; baseline -0.007 -17"><span class='ocrx_word' id='word_1_500' title='bbox 324 3541 566 3611; x_wconf 83' lang='grc' dir='ltr'>ἀγαθῶν.</span> <span class='ocrx_word' id='word_1_501' title='bbox 604 3561 622 3592; x_wconf 74' lang='grc' dir='ltr'><strong>ι</strong></span> 
     </span>
    </p>
   </div>
   <div class='ocr_carea' id='block_1_69' title="bbox 924 3719 1343 3776">
    <p class='ocr_par' dir='ltr' id='par_1_69' title="bbox 924 3719 1343 3776">
     <span class='ocr_line' id='line_1_69' title="bbox 924 3719 1343 3776; baseline -0.005 0"><span class='ocrx_word' id='word_1_502' title='bbox 924 3721 1176 3776; x_wconf 76' lang='grc' dir='ltr'><strong>ΚΕΦΑΛ.</strong></span> <span class='ocrx_word' id='word_1_503' title='bbox 1219 3719 1343 3775; x_wconf 88' lang='grc' dir='ltr'><strong>ΛΖ⁹.</strong></span> 
     </span>
    </p>
   </div>
   <div class='ocr_carea' id='block_1_70' title="bbox 397 3811 1912 3882">
    <p class='ocr_par' dir='ltr' id='par_1_70' title="bbox 397 3811 1912 3882">
     <span class='ocr_line' id='line_1_70' title="bbox 397 3811 1912 3882; baseline -0.003 -11"><span class='ocrx_word' id='word_1_504' title='bbox 397 3815 528 3881; x_wconf 76' lang='lat' dir='ltr'><strong>a-C&#39;.</strong></span> <span class='ocrx_word' id='word_1_505' title='bbox 564 3814 673 3870; x_wconf 75' lang='grc' dir='ltr'><strong>Καὶ</strong></span> <span class='ocrx_word' id='word_1_506' title='bbox 700 3814 939 3882; x_wconf 72' lang='grc' dir='ltr'>ἐγένετο</span> <span class='ocrx_word' id='word_1_507' title='bbox 978 3815 1050 3868; x_wconf 77' lang='grc' dir='ltr'><strong>ἐν</strong></span> <span class='ocrx_word' id='word_1_508' title='bbox 1081 3811 1162 3877; x_wconf 86' lang='grc' dir='ltr'>τῷ</span> <span class='ocrx_word' id='word_1_509' title='bbox 1194 3812 1455 3867; x_wconf 83' lang='grc' dir='ltr'>ἀκοῦσαι</span> <span class='ocrx_word' id='word_1_510' title='bbox 1505 3812 1613 3866; x_wconf 81' lang='grc' dir='ltr'><strong>τὸν</strong></span> <span class='ocrx_word' id='word_1_511' title='bbox 1643 3813 1912 3876; x_wconf 66' lang='grc' dir='ltr'>,βασιλέα</span> 
     </span>
    </p>
   </div>
   <div class='ocr_carea' id='block_1_71' title="bbox 339 3904 1912 3976">
    <p class='ocr_par' dir='ltr' id='par_1_71' title="bbox 339 3904 1912 3976">
     <span class='ocr_line' id='line_1_71' title="bbox 339 3904 1912 3976; baseline -0.004 -12"><span class='ocrx_word' id='word_1_512' title='bbox 339 3909 624 3973; x_wconf 78' lang='grc' dir='ltr'>Ἐζεκίαν,</span> <span class='ocrx_word' id='word_1_513' title='bbox 653 3908 869 3976; x_wconf 76' lang='grc' dir='ltr'>ἔσχισε</span> <span class='ocrx_word' id='word_1_514' title='bbox 921 3905 994 3959; x_wconf 79' lang='grc' dir='ltr'>τὰ</span> <span class='ocrx_word' id='word_1_515' title='bbox 1047 3905 1246 3975; x_wconf 75' lang='grc' dir='ltr'>ἱμάτια</span> <span class='ocrx_word' id='word_1_516' title='bbox 1270 3904 1477 3970; x_wconf 85' lang='grc' dir='ltr'>αὐτοῦ,</span> <span class='ocrx_word' id='word_1_517' title='bbox 1505 3904 1604 3958; x_wconf 79' lang='grc' dir='ltr'>καὶ</span> <span class='ocrx_word' id='word_1_518' title='bbox 1639 3905 1912 3972; x_wconf 75' lang='grc' dir='ltr'>περιεϐά-</span> 
     </span>
    </p>
   </div>
   <div class='ocr_carea' id='block_1_72' title="bbox 328 3991 1912 4064">
    <p class='ocr_par' dir='ltr' id='par_1_72' title="bbox 328 3991 1912 4064">
     <span class='ocr_line' id='line_1_72' title="bbox 328 3991 1912 4064; baseline -0.003 -9"><span class='ocrx_word' id='word_1_519' title='bbox 328 4005 470 4055; x_wconf 75' lang='grc' dir='ltr'>λετο</span> <span class='ocrx_word' id='word_1_520' title='bbox 519 3999 772 4063; x_wconf 74' lang='grc' dir='ltr'>σάκκον,</span> <span class='ocrx_word' id='word_1_521' title='bbox 821 3998 923 4052; x_wconf 77' lang='grc' dir='ltr'>καὶ</span> <span class='ocrx_word' id='word_1_522' title='bbox 975 3997 1159 4064; x_wconf 79' lang='grc' dir='ltr'>ἀνέϐη</span> <span class='ocrx_word' id='word_1_523' title='bbox 1186 3997 1275 4061; x_wconf 84' lang='grc' dir='ltr'><strong>είς</strong></span> <span class='ocrx_word' id='word_1_524' title='bbox 1310 3994 1419 4048; x_wconf 76' lang='grc' dir='ltr'><strong>τὸν</strong></span> <span class='ocrx_word' id='word_1_525' title='bbox 1446 3991 1616 4050; x_wconf 80' lang='grc' dir='ltr'>οἷκον</span> <span class='ocrx_word' id='word_1_526' title='bbox 1667 3996 1912 4064; x_wconf 83' lang='grc' dir='ltr'>Κυρίου,</span> 
     </span>
    </p>
   </div>
   <div class='ocr_carea' id='block_1_73' title="bbox 329 4091 546 4147">
    <p class='ocr_par' dir='ltr' id='par_1_73' title="bbox 329 4091 546 4147">
     <span class='ocr_line' id='line_1_73' title="bbox 329 4091 546 4147; baseline -0.014 0"><span class='ocrx_word' id='word_1_527' title='bbox 329 4110 386 4147; x_wconf 85' lang='grc' dir='ltr'><strong>κ.</strong></span> <span class='ocrx_word' id='word_1_528' title='bbox 415 4109 468 4144; x_wconf 90' lang='grc' dir='ltr'>τ.</span> <span class='ocrx_word' id='word_1_529' title='bbox 497 4091 546 4144; x_wconf 89' lang='grc' dir='ltr'><strong>λ.</strong></span> 
     </span>
    </p>
   </div>
   <div class='ocr_carea' id='block_1_74' title="bbox 404 4176 1914 4254">
    <p class='ocr_par' dir='ltr' id='par_1_74' title="bbox 404 4176 1914 4254">
     <span class='ocr_line' id='line_1_74' title="bbox 404 4176 1914 4254; baseline -0.003 -18"><span class='ocrx_word' id='word_1_530' title='bbox 404 4182 568 4244; x_wconf 82' lang='grc' dir='ltr'>Ἔθος</span> <span class='ocrx_word' id='word_1_531' title='bbox 594 4176 662 4254; x_wconf 81' lang='grc' dir='ltr'>ἦν</span> <span class='ocrx_word' id='word_1_532' title='bbox 707 4179 982 4251; x_wconf 80' lang='grc' dir='ltr'>Ἑϐραίοις</span> <span class='ocrx_word' id='word_1_533' title='bbox 1013 4177 1108 4232; x_wconf 73' lang='grc' dir='ltr'><strong>ἐπὶ</strong></span> <span class='ocrx_word' id='word_1_534' title='bbox 1134 4180 1256 4242; x_wconf 85' lang='grc' dir='ltr'>ταῖς</span> <span class='ocrx_word' id='word_1_535' title='bbox 1300 4177 1441 4231; x_wconf 84' lang='grc' dir='ltr'>κατὰ</span> <span class='ocrx_word' id='word_1_536' title='bbox 1493 4177 1628 4232; x_wconf 90' lang='grc' dir='ltr'>Θεοῦ</span> <span class='ocrx_word' id='word_1_537' title='bbox 1669 4177 1914 4250; x_wconf 84' lang='grc' dir='ltr'>βλασφη-</span> 
     </span>
    </p>
   </div>
   <div class='ocr_carea' id='block_1_75' title="bbox 335 4268 1917 4345">
    <p class='ocr_par' dir='ltr' id='par_1_75' title="bbox 335 4268 1917 4345">
     <span class='ocr_line' id='line_1_75' title="bbox 335 4268 1917 4345; baseline -0.001 -19"><span class='ocrx_word' id='word_1_538' title='bbox 335 4276 490 4345; x_wconf 85' lang='grc' dir='ltr'>μίαις</span> <span class='ocrx_word' id='word_1_539' title='bbox 521 4268 987 4345; x_wconf 65' lang='grc' dir='ltr'>περεζρῤήγνυσθαι</span> <span class='ocrx_word' id='word_1_540' title='bbox 1013 4273 1140 4335; x_wconf 82' lang='grc' dir='ltr'>τοὺς</span> <span class='ocrx_word' id='word_1_541' title='bbox 1182 4271 1455 4342; x_wconf 84' lang='grc' dir='ltr'>χιτῶνας·</span> <span class='ocrx_word' id='word_1_542' title='bbox 1504 4272 1794 4341; x_wconf 86' lang='grc' dir='ltr'>τοιγαροῦν</span> <span class='ocrx_word' id='word_1_543' title='bbox 1839 4273 1917 4324; x_wconf 89' lang='grc' dir='ltr'>εί-</span> 
     </span>
    </p>
   </div>
   <div class='ocr_carea' id='block_1_76' title="bbox 333 4359 1914 4432">
    <p class='ocr_par' dir='ltr' id='par_1_76' title="bbox 333 4359 1914 4432">
     <span class='ocr_line' id='line_1_76' title="bbox 333 4359 1914 4432; baseline -0.003 -15"><span class='ocrx_word' id='word_1_544' title='bbox 333 4365 532 4426; x_wconf 80' lang='grc' dir='ltr'>ττόντος</span> <span class='ocrx_word' id='word_1_545' title='bbox 567 4362 660 4416; x_wconf 90' lang='grc' dir='ltr'><strong>τοῦ</strong></span> <span class='ocrx_word' id='word_1_546' title='bbox 685 4362 957 4432; x_wconf 84' lang='grc' dir='ltr'>Σωτῆρος,</span> <span class='ocrx_word' id='word_1_547' title='bbox 996 4381 1014 4414; x_wconf 77' lang='grc' dir='ltr'><strong>ι</strong></span> <span class='ocrx_word' id='word_1_548' title='bbox 1056 4360 1289 4431; x_wconf 85' lang='grc' dir='ltr'>Ἀπάρτι</span> <span class='ocrx_word' id='word_1_549' title='bbox 1322 4359 1520 4429; x_wconf 75' lang='grc' dir='ltr'>ὅψεσθε</span> <span class='ocrx_word' id='word_1_550' title='bbox 1543 4360 1636 4413; x_wconf 81' lang='grc' dir='ltr'><strong>τὸν</strong></span> <span class='ocrx_word' id='word_1_551' title='bbox 1668 4359 1798 4414; x_wconf 84' lang='grc' dir='ltr'>Υίὺν</span> <span class='ocrx_word' id='word_1_552' title='bbox 1819 4359 1914 4413; x_wconf 86' lang='grc' dir='ltr'><strong>τοῦ</strong></span> 
     </span>
    </p>
   </div>
   <div class='ocr_carea' id='block_1_77' title="bbox 2009 3147 3586 3222">
    <p class='ocr_par' dir='ltr' id='par_1_77' title="bbox 2009 3147 3586 3222">
     <span class='ocr_line' id='line_1_77' title="bbox 2009 3147 3586 3222; baseline -0.004 -16"><span class='ocrx_word' id='word_1_553' title='bbox 2009 3151 2132 3222; x_wconf 91' lang='lat' dir='ltr'><strong>ipso</strong></span> <span class='ocrx_word' id='word_1_554' title='bbox 2185 3151 2428 3203; x_wconf 82' lang='lat' dir='ltr'><strong>maxime</strong></span> <span class='ocrx_word' id='word_1_555' title='bbox 2503 3147 2957 3218; x_wconf 89' lang='lat' dir='ltr'><strong>persecutionum</strong></span> <span class='ocrx_word' id='word_1_556' title='bbox 3015 3155 3264 3218; x_wconf 87' lang='lat' dir='ltr'><strong>tempore</strong></span> <span class='ocrx_word' id='word_1_557' title='bbox 3317 3157 3586 3217; x_wconf 62' lang='lat' dir='ltr'><strong>prastare</strong></span> 
     </span>
    </p>
   </div>
   <div class='ocr_carea' id='block_1_78' title="bbox 2009 3239 3588 3314">
    <p class='ocr_par' dir='ltr' id='par_1_78' title="bbox 2009 3239 3588 3314">
     <span class='ocr_line' id='line_1_78' title="bbox 2009 3239 3588 3314; baseline -0.004 -15"><span class='ocrx_word' id='word_1_558' title='bbox 2009 3249 2251 3314; x_wconf 87' lang='lat' dir='ltr'><strong>oportet,</strong></span> <span class='ocrx_word' id='word_1_559' title='bbox 2275 3241 2437 3312; x_wconf 69' lang='grc'><strong>417</strong></span> <span class='ocrx_word' id='word_1_560' title='bbox 2466 3240 2720 3310; x_wconf 90' lang='lat' dir='ltr'><strong>interque</strong></span> <span class='ocrx_word' id='word_1_561' title='bbox 2755 3239 3114 3310; x_wconf 86' lang='lat' dir='ltr'><strong>blasphemas</strong></span> <span class='ocrx_word' id='word_1_562' title='bbox 3162 3239 3460 3310; x_wconf 90' lang='lat' dir='ltr'><strong>impiorum</strong></span> <span class='ocrx_word' id='word_1_563' title='bbox 3492 3252 3588 3293; x_wconf 72' lang='lat' dir='ltr'><strong>vo~</strong></span> 
     </span>
    </p>
   </div>
   <div class='ocr_carea' id='block_1_79' title="bbox 2010 3331 3585 3404">
    <p class='ocr_par' dir='ltr' id='par_1_79' title="bbox 2010 3331 3585 3404">
     <span class='ocr_line' id='line_1_79' title="bbox 2010 3331 3585 3404; baseline -0.004 -12"><span class='ocrx_word' id='word_1_564' title='bbox 2010 3351 2125 3403; x_wconf 86' lang='lat' dir='ltr'><strong>ces,</strong></span> <span class='ocrx_word' id='word_1_565' title='bbox 2155 3334 2412 3389; x_wconf 87' lang='lat' dir='ltr'><strong>Davidem</strong></span> <span class='ocrx_word' id='word_1_566' title='bbox 2437 3333 2631 3389; x_wconf 89' lang='lat' dir='ltr'><strong>audire</strong></span> <span class='ocrx_word' id='word_1_567' title='bbox 2663 3333 2985 3404; x_wconf 87' lang='lat' dir='ltr'><strong>psallentem</strong></span> <span class='ocrx_word' id='word_1_568' title='bbox 3013 3333 3102 3390; x_wconf 86' lang='lat' dir='ltr'><strong>his</strong></span> <span class='ocrx_word' id='word_1_569' title='bbox 3125 3333 3340 3389; x_wconf 86' lang='lat' dir='ltr'><strong>verbis:</strong></span> <span class='ocrx_word' id='word_1_570' title='bbox 3370 3353 3388 3384; x_wconf 74' lang='grc' dir='ltr'><strong>ι</strong></span> <span class='ocrx_word' id='word_1_571' title='bbox 3419 3331 3585 3388; x_wconf 87' lang='lat' dir='ltr'><strong>Posui</strong></span> 
     </span>
    </p>
   </div>
   <div class='ocr_carea' id='block_1_80' title="bbox 2009 3426 3588 3493">
    <p class='ocr_par' dir='ltr' id='par_1_80' title="bbox 2009 3426 3588 3493">
     <span class='ocr_line' id='line_1_80' title="bbox 2009 3426 3588 3493; baseline -0.003 -9"><span class='ocrx_word' id='word_1_572' title='bbox 2009 3429 2093 3484; x_wconf 87' lang='lat' dir='ltr'><strong>ori</strong></span> <span class='ocrx_word' id='word_1_573' title='bbox 2125 3443 2250 3484; x_wconf 92' lang='lat' dir='ltr'><strong>meo</strong></span> <span class='ocrx_word' id='word_1_574' title='bbox 2285 3428 2633 3493; x_wconf 88' lang='lat' dir='ltr'><strong>custodiam;</strong></span> <span class='ocrx_word' id='word_1_575' title='bbox 2667 3441 2794 3481; x_wconf 92' lang='lat' dir='ltr'><strong>cum</strong></span> <span class='ocrx_word' id='word_1_576' title='bbox 2843 3426 3174 3482; x_wconf 90' lang='lat' dir='ltr'><strong>consisteret</strong></span> <span class='ocrx_word' id='word_1_577' title='bbox 3206 3427 3474 3483; x_wconf 85' lang='lat' dir='ltr'><strong>adversus</strong></span> <span class='ocrx_word' id='word_1_578' title='bbox 3500 3441 3588 3480; x_wconf 89' lang='lat' dir='ltr'><strong>me</strong></span> 
     </span>
    </p>
   </div>
   <div class='ocr_carea' id='block_1_81' title="bbox 2009 3515 3588 3589">
    <p class='ocr_par' dir='ltr' id='par_1_81' title="bbox 2009 3515 3588 3589">
     <span class='ocr_line' id='line_1_81' title="bbox 2009 3515 3588 3589; baseline -0.004 -15"><span class='ocrx_word' id='word_1_579' title='bbox 2009 3527 2287 3589; x_wconf 89' lang='lat' dir='ltr'><strong>peccator,</strong></span> <span class='ocrx_word' id='word_1_580' title='bbox 2313 3516 2584 3583; x_wconf 86' lang='lat' dir='ltr'><strong>obmutui,</strong></span> <span class='ocrx_word' id='word_1_581' title='bbox 2615 3525 2671 3572; x_wconf 91' lang='lat' dir='ltr'><strong>et</strong></span> <span class='ocrx_word' id='word_1_582' title='bbox 2716 3515 3039 3573; x_wconf 88' lang='lat' dir='ltr'><strong>humiliatus</strong></span> <span class='ocrx_word' id='word_1_583' title='bbox 3089 3531 3236 3580; x_wconf 90' lang='lat' dir='ltr'><strong>sum,</strong></span> <span class='ocrx_word' id='word_1_584' title='bbox 3281 3525 3336 3571; x_wconf 89' lang='lat' dir='ltr'><strong>et</strong></span> <span class='ocrx_word' id='word_1_585' title='bbox 3395 3515 3524 3571; x_wconf 86' lang='lat' dir='ltr'><strong>silui</strong></span> <span class='ocrx_word' id='word_1_586' title='bbox 3557 3530 3588 3568; x_wconf 86' lang='lat' dir='ltr'><strong>a</strong></span> 
     </span>
    </p>
   </div>
   <div class='ocr_carea' id='block_1_82' title="bbox 2011 3610 2322 3666">
    <p class='ocr_par' dir='ltr' id='par_1_82' title="bbox 2011 3610 2322 3666">
     <span class='ocr_line' id='line_1_82' title="bbox 2011 3610 2322 3666; baseline -0.006 -2"><span class='ocrx_word' id='word_1_587' title='bbox 2011 3610 2174 3666; x_wconf 89' lang='lat' dir='ltr'><strong>bonis</strong></span> <span class='ocrx_word' id='word_1_588' title='bbox 2196 3611 2261 3663; x_wconf 87' lang='grc'>¹¹.</span> <span class='ocrx_word' id='word_1_589' title='bbox 2302 3629 2322 3662; x_wconf 75' lang='grc' dir='ltr'><strong>ι</strong></span> 
     </span>
    </p>
   </div>
   <div class='ocr_carea' id='block_1_83' title="bbox 2567 3697 3028 3763">
    <p class='ocr_par' dir='ltr' id='par_1_83' title="bbox 2567 3697 3028 3763">
     <span class='ocr_line' id='line_1_83' title="bbox 2567 3697 3028 3763; baseline -0.004 -9"><span class='ocrx_word' id='word_1_590' title='bbox 2567 3697 2722 3754; x_wconf 79' lang='lat' dir='ltr'><strong>CAP.</strong></span> <span class='ocrx_word' id='word_1_591' title='bbox 2763 3697 3028 3763; x_wconf 78' lang='lat' dir='ltr'><strong>XXXVII.</strong></span> 
     </span>
    </p>
   </div>
   <div class='ocr_carea' id='block_1_84' title="bbox 2082 3787 3594 3858">
    <p class='ocr_par' dir='ltr' id='par_1_84' title="bbox 2082 3787 3594 3858">
     <span class='ocr_line' id='line_1_84' title="bbox 2082 3787 3594 3858; baseline 0 -17"><span class='ocrx_word' id='word_1_592' title='bbox 2082 3791 2251 3846; x_wconf 70' lang='lat' dir='ltr'><strong>Vsus.</strong></span> <span class='ocrx_word' id='word_1_593' title='bbox 2278 3790 2401 3845; x_wconf 79' lang='grc'><strong>1-7.</strong></span> <span class='ocrx_word' id='word_1_594' title='bbox 2441 3789 2508 3842; x_wconf 86' lang='lat' dir='ltr'><strong>Et</strong></span> <span class='ocrx_word' id='word_1_595' title='bbox 2547 3789 2749 3858; x_wconf 84' lang='lat' dir='ltr'><strong>factum</strong></span> <span class='ocrx_word' id='word_1_596' title='bbox 2794 3799 2870 3842; x_wconf 77' lang='lat' dir='ltr'><strong>est</strong></span> <span class='ocrx_word' id='word_1_597' title='bbox 2911 3804 3030 3842; x_wconf 83' lang='lat' dir='ltr'><strong>cum</strong></span> <span class='ocrx_word' id='word_1_598' title='bbox 3061 3789 3270 3841; x_wconf 83' lang='lat' dir='ltr'><strong>audiret</strong></span> <span class='ocrx_word' id='word_1_599' title='bbox 3313 3803 3406 3842; x_wconf 79' lang='lat' dir='ltr'><strong>rea:</strong></span> <span class='ocrx_word' id='word_1_600' title='bbox 3457 3787 3594 3842; x_wconf 79' lang='lat' dir='ltr'><strong>Eze-</strong></span> 
     </span>
    </p>
   </div>
   <div class='ocr_carea' id='block_1_85' title="bbox 2014 3879 3595 3948">
    <p class='ocr_par' dir='ltr' id='par_1_85' title="bbox 2014 3879 3595 3948">
     <span class='ocr_line' id='line_1_85' title="bbox 2014 3879 3595 3948; baseline -0.003 -12"><span class='ocrx_word' id='word_1_601' title='bbox 2014 3883 2184 3948; x_wconf 87' lang='lat' dir='ltr'><strong>chias,</strong></span> <span class='ocrx_word' id='word_1_602' title='bbox 2217 3881 2377 3936; x_wconf 80' lang='lat' dir='ltr'><strong>scidit</strong></span> <span class='ocrx_word' id='word_1_603' title='bbox 2405 3881 2716 3935; x_wconf 81' lang='lat' dir='ltr'><strong>vestimenta</strong></span> <span class='ocrx_word' id='word_1_604' title='bbox 2741 3897 2864 3944; x_wconf 89' lang='lat' dir='ltr'><strong>sua,</strong></span> <span class='ocrx_word' id='word_1_605' title='bbox 2912 3888 2962 3934; x_wconf 86' lang='lat' dir='ltr'><strong>et</strong></span> <span class='ocrx_word' id='word_1_606' title='bbox 3021 3895 3231 3932; x_wconf 83' lang='lat' dir='ltr'><strong>saccum</strong></span> <span class='ocrx_word' id='word_1_607' title='bbox 3285 3879 3496 3944; x_wconf 82' lang='lat' dir='ltr'><strong>induit,</strong></span> <span class='ocrx_word' id='word_1_608' title='bbox 3545 3890 3595 3933; x_wconf 84' lang='lat' dir='ltr'><strong>et</strong></span> 
     </span>
    </p>
   </div>
   <div class='ocr_carea' id='block_1_86' title="bbox 2018 3970 2989 4036">
    <p class='ocr_par' dir='ltr' id='par_1_86' title="bbox 2018 3970 2989 4036">
     <span class='ocr_line' id='line_1_86' title="bbox 2018 3970 2989 4036; baseline -0.001 -9"><span class='ocrx_word' id='word_1_609' title='bbox 2018 3971 2258 4027; x_wconf 80' lang='lat' dir='ltr'><strong>ascendit</strong></span> <span class='ocrx_word' id='word_1_610' title='bbox 2280 3972 2336 4024; x_wconf 88' lang='lat' dir='ltr'><strong>in</strong></span> <span class='ocrx_word' id='word_1_611' title='bbox 2362 3971 2577 4025; x_wconf 86' lang='lat' dir='ltr'><strong>domum</strong></span> <span class='ocrx_word' id='word_1_612' title='bbox 2608 3970 2846 4036; x_wconf 84' lang='lat' dir='ltr'><strong>Domini,</strong></span> <span class='ocrx_word' id='word_1_613' title='bbox 2878 3979 2989 4026; x_wconf 92' lang='lat' dir='ltr'><strong>etc.</strong></span> 
     </span>
    </p>
   </div>
   <div class='ocr_carea' id='block_1_87' title="bbox 2089 4171 3598 4246">
    <p class='ocr_par' dir='ltr' id='par_1_87' title="bbox 2089 4171 3598 4246">
     <span class='ocr_line' id='line_1_87' title="bbox 2089 4171 3598 4246; baseline 0.001 -16"><span class='ocrx_word' id='word_1_614' title='bbox 2089 4174 2259 4246; x_wconf 63' lang='lat'><strong>518</strong></span> <span class='ocrx_word' id='word_1_615' title='bbox 2289 4173 2406 4230; x_wconf 73' lang='lat' dir='ltr'><strong>llos</strong></span> <span class='ocrx_word' id='word_1_616' title='bbox 2439 4179 2557 4242; x_wconf 86' lang='lat' dir='ltr'><strong>erat</strong></span> <span class='ocrx_word' id='word_1_617' title='bbox 2587 4171 2856 4239; x_wconf 81' lang='lat' dir='ltr'><strong>Hebraeis,</strong></span> <span class='ocrx_word' id='word_1_618' title='bbox 2885 4173 2929 4228; x_wconf 92' lang='lat' dir='ltr'><strong>si</strong></span> <span class='ocrx_word' id='word_1_619' title='bbox 2961 4187 3100 4243; x_wconf 90' lang='lat' dir='ltr'><strong>quas</strong></span> <span class='ocrx_word' id='word_1_620' title='bbox 3140 4174 3194 4228; x_wconf 90' lang='lat' dir='ltr'><strong>in</strong></span> <span class='ocrx_word' id='word_1_621' title='bbox 3229 4173 3395 4229; x_wconf 86' lang='lat' dir='ltr'><strong>Deum</strong></span> <span class='ocrx_word' id='word_1_622' title='bbox 3453 4175 3598 4231; x_wconf 91' lang='lat' dir='ltr'><strong>blas-</strong></span> 
     </span>
    </p>
   </div>
   <div class='ocr_carea' id='block_1_88' title="bbox 2019 4265 3600 4338">
    <p class='ocr_par' dir='ltr' id='par_1_88' title="bbox 2019 4265 3600 4338">
     <span class='ocr_line' id='line_1_88' title="bbox 2019 4265 3600 4338; baseline 0 -16"><span class='ocrx_word' id='word_1_623' title='bbox 2019 4267 2271 4338; x_wconf 86' lang='lat' dir='ltr'><strong>phemias</strong></span> <span class='ocrx_word' id='word_1_624' title='bbox 2309 4265 2613 4332; x_wconf 88' lang='lat' dir='ltr'><strong>audissent,</strong></span> <span class='ocrx_word' id='word_1_625' title='bbox 2645 4273 2830 4320; x_wconf 87' lang='lat' dir='ltr'><strong>vestes</strong></span> <span class='ocrx_word' id='word_1_626' title='bbox 2859 4281 2990 4322; x_wconf 89' lang='lat' dir='ltr'><strong>suas</strong></span> <span class='ocrx_word' id='word_1_627' title='bbox 3044 4267 3307 4322; x_wconf 86' lang='lat' dir='ltr'><strong>lacerare.</strong></span> <span class='ocrx_word' id='word_1_628' title='bbox 3356 4267 3600 4338; x_wconf 89' lang='lat' dir='ltr'><strong>Indeque</strong></span> 
     </span>
    </p>
   </div>
   <div class='ocr_carea' id='block_1_89' title="bbox 2020 4355 3601 4428">
    <p class='ocr_par' dir='ltr' id='par_1_89' title="bbox 2020 4355 3601 4428">
     <span class='ocr_line' id='line_1_89' title="bbox 2020 4355 3601 4428; baseline -0.001 -13"><span class='ocrx_word' id='word_1_629' title='bbox 2020 4367 2128 4426; x_wconf 88' lang='lat' dir='ltr'><strong>est,</strong></span> <span class='ocrx_word' id='word_1_630' title='bbox 2146 4358 2456 4428; x_wconf 88' lang='lat' dir='ltr'><strong>quod,cum</strong></span> <span class='ocrx_word' id='word_1_631' title='bbox 2481 4355 2988 4427; x_wconf 69' lang='lat' dir='ltr'><strong>dixisset}Salvator</strong></span> <span class='ocrx_word' id='word_1_632' title='bbox 3015 4376 3028 4412; x_wconf 91' lang='lat'><strong>:</strong></span> <span class='ocrx_word' id='word_1_633' title='bbox 3063 4377 3080 4409; x_wconf 80' lang='grc' dir='ltr'><strong>ι</strong></span> <span class='ocrx_word' id='word_1_634' title='bbox 3112 4358 3325 4415; x_wconf 82' lang='lat' dir='ltr'><strong>Amodo</strong></span> <span class='ocrx_word' id='word_1_635' title='bbox 3343 4359 3601 4414; x_wconf 88' lang='lat' dir='ltr'><strong>videbitis</strong></span> 
     </span>
    </p>
   </div>
   <div class='ocr_carea' id='block_1_90' title="bbox 333 4449 1897 4527">
    <p class='ocr_par' dir='ltr' id='par_1_90' title="bbox 333 4450 1897 4527">
     <span class='ocr_line' id='line_1_90' title="bbox 333 4450 1897 4527; baseline -0.003 -17"><span class='ocrx_word' id='word_1_636' title='bbox 333 4456 622 4527; x_wconf 82' lang='grc' dir='ltr'>ἀνθρώπου</span> <span class='ocrx_word' id='word_1_637' title='bbox 657 4455 958 4524; x_wconf 82' lang='grc' dir='ltr'>καθήμενον</span> <span class='ocrx_word' id='word_1_638' title='bbox 997 4453 1062 4505; x_wconf 88' lang='grc' dir='ltr'>ὲκ</span> <span class='ocrx_word' id='word_1_639' title='bbox 1093 4450 1281 4515; x_wconf 83' lang='grc' dir='ltr'>δεξιῶν</span> <span class='ocrx_word' id='word_1_640' title='bbox 1337 4454 1436 4522; x_wconf 81' lang='grc' dir='ltr'>τῆς</span> <span class='ocrx_word' id='word_1_641' title='bbox 1483 4451 1788 4522; x_wconf 84' lang='grc' dir='ltr'>δυνάμεως,</span> <span class='ocrx_word' id='word_1_642' title='bbox 1821 4452 1897 4505; x_wconf 65' lang='grc' dir='ltr'>καὶ</span> 
     </span>
    </p>
   </div>
   <div class='ocr_carea' id='block_1_91' title="bbox 2003 4449 3602 4527">
    <p class='ocr_par' dir='ltr' id='par_1_91' title="bbox 2022 4449 3602 4519">
     <span class='ocr_line' id='line_1_91' title="bbox 2022 4449 3602 4519; baseline 0.003 -14"><span class='ocrx_word' id='word_1_643' title='bbox 2022 4450 2225 4506; x_wconf 88' lang='lat' dir='ltr'><strong>Filium</strong></span> <span class='ocrx_word' id='word_1_644' title='bbox 2271 4449 2512 4507; x_wconf 89' lang='lat' dir='ltr'><strong>hominis</strong></span> <span class='ocrx_word' id='word_1_645' title='bbox 2535 4451 2815 4507; x_wconf 87' lang='lat' dir='ltr'><strong>sedentem</strong></span> <span class='ocrx_word' id='word_1_646' title='bbox 2851 4467 2880 4505; x_wconf 88' lang='lat' dir='ltr'><strong>a</strong></span> <span class='ocrx_word' id='word_1_647' title='bbox 2911 4452 3122 4508; x_wconf 89' lang='lat' dir='ltr'><strong>dextris</strong></span> <span class='ocrx_word' id='word_1_648' title='bbox 3153 4453 3398 4519; x_wconf 87' lang='lat' dir='ltr'><strong>virtutis,</strong></span> <span class='ocrx_word' id='word_1_649' title='bbox 3429 4463 3484 4509; x_wconf 89' lang='lat' dir='ltr'><strong>et</strong></span> <span class='ocrx_word' id='word_1_650' title='bbox 3508 4469 3602 4509; x_wconf 86' lang='lat' dir='ltr'><strong>ve-</strong></span> 
     </span>
    </p>
   </div>
   <div class='ocr_carea' id='block_1_92' title="bbox 335 4540 1920 4616">
    <p class='ocr_par' dir='ltr' id='par_1_92' title="bbox 335 4540 1920 4616">
     <span class='ocr_line' id='line_1_92' title="bbox 335 4540 1920 4616; baseline -0.002 -19"><span class='ocrx_word' id='word_1_651' title='bbox 335 4544 630 4616; x_wconf 80' lang='grc' dir='ltr'>ὲρχόμενον</span> <span class='ocrx_word' id='word_1_652' title='bbox 658 4544 752 4596; x_wconf 77' lang='grc' dir='ltr'><strong>ἐπὶ</strong></span> <span class='ocrx_word' id='word_1_653' title='bbox 781 4543 890 4596; x_wconf 87' lang='grc' dir='ltr'><strong>τῶν</strong></span> <span class='ocrx_word' id='word_1_654' title='bbox 923 4540 1163 4609; x_wconf 88' lang='grc' dir='ltr'>νεφελῶν</span> <span class='ocrx_word' id='word_1_655' title='bbox 1190 4544 1286 4592; x_wconf 86' lang='grc' dir='ltr'><strong>τοῦ</strong></span> <span class='ocrx_word' id='word_1_656' title='bbox 1315 4541 1546 4610; x_wconf 79' lang='grc' dir='ltr'>οὐρανοῦ</span> <span class='ocrx_word' id='word_1_657' title='bbox 1569 4581 1584 4606; x_wconf 89' lang='grc'><strong>,</strong></span> <span class='ocrx_word' id='word_1_658' title='bbox 1622 4559 1641 4591; x_wconf 74' lang='grc' dir='ltr'><strong>ι</strong></span> <span class='ocrx_word' id='word_1_659' title='bbox 1678 4545 1706 4593; x_wconf 82' lang='grc' dir='ltr'>ὁ</span> <span class='ocrx_word' id='word_1_660' title='bbox 1735 4543 1920 4612; x_wconf 86' lang='grc' dir='ltr'>ἀρχιε-</span> 
     </span>
    </p>
   </div>
   <div class='ocr_carea' id='block_1_93' title="bbox 337 4629 1917 4707">
    <p class='ocr_par' dir='ltr' id='par_1_93' title="bbox 337 4629 1917 4707">
     <span class='ocr_line' id='line_1_93' title="bbox 337 4629 1917 4707; baseline -0.003 -19"><span class='ocrx_word' id='word_1_661' title='bbox 337 4637 465 4707; x_wconf 74' lang='grc' dir='ltr'>ρεὺς</span> <span class='ocrx_word' id='word_1_662' title='bbox 487 4634 741 4706; x_wconf 73' lang='grc' dir='ltr'>διέρρηξε</span> <span class='ocrx_word' id='word_1_663' title='bbox 767 4634 834 4686; x_wconf 73' lang='grc' dir='ltr'><strong>τὰ</strong></span> <span class='ocrx_word' id='word_1_664' title='bbox 865 4633 1055 4702; x_wconf 83' lang='grc' dir='ltr'>ἱμάτια</span> <span class='ocrx_word' id='word_1_665' title='bbox 1084 4629 1255 4684; x_wconf 78' lang='grc' dir='ltr'>αὑτοῦ</span> <span class='ocrx_word' id='word_1_666' title='bbox 1299 4629 1495 4699; x_wconf 84' lang='grc' dir='ltr'>λέγων,</span> <span class='ocrx_word' id='word_1_667' title='bbox 1540 4649 1560 4682; x_wconf 82' lang='lat' dir='ltr'><strong>r</strong></span> <span class='ocrx_word' id='word_1_668' title='bbox 1605 4631 1917 4702; x_wconf 68' lang='grc' dir='ltr'>Ἐϐλασφή-</span> 
     </span>
    </p>
   </div>
   <div class='ocr_carea' id='block_1_94' title="bbox 339 4721 1921 4797">
    <p class='ocr_par' dir='ltr' id='par_1_94' title="bbox 339 4721 1921 4797">
     <span class='ocr_line' id='line_1_94' title="bbox 339 4721 1921 4797; baseline -0.001 -19"><span class='ocrx_word' id='word_1_669' title='bbox 339 4743 532 4797; x_wconf 81' lang='grc' dir='ltr'>μησεν.</span> <span class='ocrx_word' id='word_1_670' title='bbox 565 4745 582 4776; x_wconf 78' lang='grc' dir='ltr'><strong>ι</strong></span> <span class='ocrx_word' id='word_1_671' title='bbox 613 4725 724 4778; x_wconf 70' lang='grc' dir='ltr'><strong>Καὶ</strong></span> <span class='ocrx_word' id='word_1_672' title='bbox 751 4723 818 4777; x_wconf 84' lang='grc' dir='ltr'>δι’</span> <span class='ocrx_word' id='word_1_673' title='bbox 843 4724 961 4786; x_wconf 79' lang='grc' dir='ltr'>ἐνὸς</span> <span class='ocrx_word' id='word_1_674' title='bbox 979 4723 1034 4775; x_wconf 89' lang='grc' dir='ltr'>δὲ</span> <span class='ocrx_word' id='word_1_675' title='bbox 1062 4721 1212 4790; x_wconf 85' lang='grc' dir='ltr'>λέγει</span> <span class='ocrx_word' id='word_1_676' title='bbox 1238 4721 1348 4775; x_wconf 86' lang='grc' dir='ltr'><strong>τῶν</strong></span> <span class='ocrx_word' id='word_1_677' title='bbox 1373 4723 1691 4794; x_wconf 81' lang='grc' dir='ltr'>προφητῶν,</span> <span class='ocrx_word' id='word_1_678' title='bbox 1711 4741 1730 4775; x_wconf 75' lang='grc' dir='ltr'><strong>ι</strong></span> <span class='ocrx_word' id='word_1_679' title='bbox 1755 4725 1921 4794; x_wconf 80' lang='grc' dir='ltr'>Διαῤ-</span> 
     </span>
    </p>
   </div>
   <div class='ocr_carea' id='block_1_95' title="bbox 338 4810 1925 4887">
    <p class='ocr_par' dir='ltr' id='par_1_95' title="bbox 338 4810 1925 4887">
     <span class='ocr_line' id='line_1_95' title="bbox 338 4810 1925 4887; baseline -0.002 -18"><span class='ocrx_word' id='word_1_680' title='bbox 338 4815 540 4887; x_wconf 78' lang='grc' dir='ltr'>ῥήξατε</span> <span class='ocrx_word' id='word_1_681' title='bbox 573 4814 671 4878; x_wconf 86' lang='grc' dir='ltr'>τὰς</span> <span class='ocrx_word' id='word_1_682' title='bbox 706 4813 932 4884; x_wconf 81' lang='grc' dir='ltr'>καρδίας</span> <span class='ocrx_word' id='word_1_683' title='bbox 953 4811 1131 4882; x_wconf 82' lang='grc' dir='ltr'>ὑμῶν,</span> <span class='ocrx_word' id='word_1_684' title='bbox 1163 4812 1258 4865; x_wconf 74' lang='grc' dir='ltr'><strong>καὶ</strong></span> <span class='ocrx_word' id='word_1_685' title='bbox 1291 4811 1366 4883; x_wconf 81' lang='grc' dir='ltr'>μὴ</span> <span class='ocrx_word' id='word_1_686' title='bbox 1401 4810 1469 4864; x_wconf 78' lang='grc' dir='ltr'>τὰ</span> <span class='ocrx_word' id='word_1_687' title='bbox 1507 4812 1717 4881; x_wconf 81' lang='grc' dir='ltr'>ἱμάτια.</span> <span class='ocrx_word' id='word_1_688' title='bbox 1753 4831 1771 4864; x_wconf 79' lang='lat' dir='ltr'><strong>r</strong></span> <span class='ocrx_word' id='word_1_689' title='bbox 1811 4813 1925 4877; x_wconf 86' lang='grc' dir='ltr'><strong>Τὰς</strong></span> 
     </span>
    </p>
   </div>
   <div class='ocr_carea' id='block_1_96' title="bbox 339 4905 1926 4976">
    <p class='ocr_par' dir='ltr' id='par_1_96' title="bbox 339 4905 1926 4976">
     <span class='ocr_line' id='line_1_96' title="bbox 339 4905 1926 4976; baseline -0.001 -15"><span class='ocrx_word' id='word_1_690' title='bbox 339 4907 550 4961; x_wconf 77' lang='grc' dir='ltr'>ἑαυτῶν</span> <span class='ocrx_word' id='word_1_691' title='bbox 594 4906 703 4975; x_wconf 82' lang='grc' dir='ltr'><strong>γὰρ</strong></span> <span class='ocrx_word' id='word_1_692' title='bbox 733 4905 902 4976; x_wconf 73' lang='grc' dir='ltr'>ᾤοντο</span> <span class='ocrx_word' id='word_1_693' title='bbox 966 4905 1293 4976; x_wconf 85' lang='grc' dir='ltr'>θεραπεύειν</span> <span class='ocrx_word' id='word_1_694' title='bbox 1326 4905 1693 4975; x_wconf 83' lang='grc' dir='ltr'>παρανομίας,</span> <span class='ocrx_word' id='word_1_695' title='bbox 1745 4907 1796 4958; x_wconf 87' lang='grc' dir='ltr'><strong>εί</strong></span> <span class='ocrx_word' id='word_1_696' title='bbox 1831 4907 1926 4960; x_wconf 73' lang='grc' dir='ltr'><strong>ἐπὶ</strong></span> 
     </span>
    </p>
   </div>
   <div class='ocr_carea' id='block_1_97' title="bbox 335 4998 1922 5069">
    <p class='ocr_par' dir='ltr' id='par_1_97' title="bbox 335 4998 1922 5069">
     <span class='ocr_line' id='line_1_97' title="bbox 335 4998 1922 5069; baseline 0 -17"><span class='ocrx_word' id='word_1_697' title='bbox 335 5003 456 5062; x_wconf 84' lang='grc' dir='ltr'>ταῖς</span> <span class='ocrx_word' id='word_1_698' title='bbox 491 4999 633 5053; x_wconf 76' lang='grc' dir='ltr'>κατὰ</span> <span class='ocrx_word' id='word_1_699' title='bbox 664 4999 798 5052; x_wconf 83' lang='grc' dir='ltr'>Θεοῦ</span> <span class='ocrx_word' id='word_1_700' title='bbox 841 4998 1215 5069; x_wconf 75' lang='grc' dir='ltr'>βλασφημίαις</span> <span class='ocrx_word' id='word_1_701' title='bbox 1243 4998 1776 5066; x_wconf 72' lang='grc' dir='ltr'>περιρῤηγνύοιντο</span> <span class='ocrx_word' id='word_1_702' title='bbox 1803 4998 1922 5067; x_wconf 80' lang='grc' dir='ltr'><strong>τὴν</strong></span> 
     </span>
    </p>
   </div>
   <div class='ocr_carea' id='block_1_98' title="bbox 335 5089 1926 5160">
    <p class='ocr_par' dir='ltr' id='par_1_98' title="bbox 335 5089 1926 5160">
     <span class='ocr_line' id='line_1_98' title="bbox 335 5089 1926 5160; baseline 0 -16"><span class='ocrx_word' id='word_1_703' title='bbox 335 5091 587 5158; x_wconf 84' lang='grc' dir='ltr'>ἐσθῆτα.</span> <span class='ocrx_word' id='word_1_704' title='bbox 621 5091 793 5145; x_wconf 86' lang='grc' dir='ltr'>Τοῦτο</span> <span class='ocrx_word' id='word_1_705' title='bbox 826 5090 1003 5144; x_wconf 79' lang='grc' dir='ltr'>δὲκαὶ</span> <span class='ocrx_word' id='word_1_706' title='bbox 1033 5090 1130 5144; x_wconf 89' lang='grc' dir='ltr'><strong>νῦν</strong></span> <span class='ocrx_word' id='word_1_707' title='bbox 1167 5090 1358 5160; x_wconf 80' lang='grc' dir='ltr'>ἔδρων,</span> <span class='ocrx_word' id='word_1_708' title='bbox 1388 5089 1466 5152; x_wconf 82' lang='grc' dir='ltr'>ὡς</span> <span class='ocrx_word' id='word_1_709' title='bbox 1503 5089 1778 5144; x_wconf 74' lang='grc' dir='ltr'>δυσσεῆῶν</span> <span class='ocrx_word' id='word_1_710' title='bbox 1821 5109 1926 5149; x_wconf 72' lang='grc' dir='ltr'>,κε-</span> 
     </span>
    </p>
   </div>
   <div class='ocr_carea' id='block_1_99' title="bbox 337 5181 1922 5254">
    <p class='ocr_par' dir='ltr' id='par_1_99' title="bbox 337 5181 1922 5254">
     <span class='ocr_line' id='line_1_99' title="bbox 337 5181 1922 5254; baseline 0.001 -17"><span class='ocrx_word' id='word_1_711' title='bbox 337 5183 735 5254; x_wconf 85' lang='grc' dir='ltr'>κοινωνηκότες</span> <span class='ocrx_word' id='word_1_712' title='bbox 746 5183 1032 5252; x_wconf 77' lang='grc' dir='ltr'>ῥημάτων</span> <span class='ocrx_word' id='word_1_713' title='bbox 1053 5183 1140 5236; x_wconf 82' lang='grc' dir='ltr'>διὰ</span> <span class='ocrx_word' id='word_1_714' title='bbox 1167 5184 1267 5254; x_wconf 84' lang='grc' dir='ltr'>τῆς</span> <span class='ocrx_word' id='word_1_715' title='bbox 1288 5181 1479 5251; x_wconf 84' lang='grc' dir='ltr'>ἀκοῆς,</span> <span class='ocrx_word' id='word_1_716' title='bbox 1505 5181 1537 5252; x_wconf 79' lang='grc' dir='ltr'><strong>ἢ</strong></span> <span class='ocrx_word' id='word_1_717' title='bbox 1561 5182 1636 5246; x_wconf 86' lang='grc' dir='ltr'>ὠς</span> <span class='ocrx_word' id='word_1_718' title='bbox 1662 5182 1731 5235; x_wconf 89' lang='grc' dir='ltr'>δι’</span> <span class='ocrx_word' id='word_1_719' title='bbox 1758 5184 1922 5238; x_wconf 69' lang='grc' dir='ltr'>αὐτοῦ</span> 
     </span>
    </p>
   </div>
   <div class='ocr_carea' id='block_1_100' title="bbox 342 5271 1923 5344">
    <p class='ocr_par' dir='ltr' id='par_1_100' title="bbox 342 5271 1923 5344">
     <span class='ocr_line' id='line_1_100' title="bbox 342 5271 1923 5344; baseline 0.002 -20"><span class='ocrx_word' id='word_1_720' title='bbox 342 5273 836 5343; x_wconf 79' lang='grc' dir='ltr'>βλασφημουμένου</span> <span class='ocrx_word' id='word_1_721' title='bbox 873 5272 1032 5326; x_wconf 88' lang='grc' dir='ltr'>Θεοῦ.</span> <span class='ocrx_word' id='word_1_722' title='bbox 1063 5273 1139 5326; x_wconf 86' lang='grc' dir='ltr'><strong>Οὐ</strong></span> <span class='ocrx_word' id='word_1_723' title='bbox 1185 5273 1293 5343; x_wconf 81' lang='grc' dir='ltr'><strong>γὰρ</strong></span> <span class='ocrx_word' id='word_1_724' title='bbox 1333 5271 1577 5325; x_wconf 85' lang='grc' dir='ltr'>ἀνελθεῖν</span> <span class='ocrx_word' id='word_1_725' title='bbox 1627 5275 1642 5311; x_wconf 75' lang='grc' dir='ltr'><strong>ι</strong></span> <span class='ocrx_word' id='word_1_726' title='bbox 1683 5290 1923 5344; x_wconf 88' lang='grc' dir='ltr'>συνεχω-</span> 
     </span>
    </p>
   </div>
   <div class='ocr_carea' id='block_1_101' title="bbox 345 5362 1923 5436">
    <p class='ocr_par' dir='ltr' id='par_1_101' title="bbox 345 5362 1923 5436">
     <span class='ocr_line' id='line_1_101' title="bbox 345 5362 1923 5436; baseline 0.001 -20"><span class='ocrx_word' id='word_1_727' title='bbox 345 5362 486 5436; x_wconf 81' lang='grc' dir='ltr'>ρήθη</span> <span class='ocrx_word' id='word_1_728' title='bbox 531 5364 695 5436; x_wconf 84' lang='grc' dir='ltr'>μέχρι</span> <span class='ocrx_word' id='word_1_729' title='bbox 723 5364 932 5432; x_wconf 86' lang='grc' dir='ltr'>πυλῶν,</span> <span class='ocrx_word' id='word_1_730' title='bbox 973 5365 1060 5418; x_wconf 78' lang='grc' dir='ltr'>ἵνα</span> <span class='ocrx_word' id='word_1_731' title='bbox 1095 5365 1191 5418; x_wconf 73' lang='grc' dir='ltr'>καὶ</span> <span class='ocrx_word' id='word_1_732' title='bbox 1219 5362 1443 5417; x_wconf 86' lang='grc' dir='ltr'>τοιαῦτα</span> <span class='ocrx_word' id='word_1_733' title='bbox 1474 5362 1923 5436; x_wconf 83' lang='grc' dir='ltr'>βλασφημοῦντος</span> 
     </span>
    </p>
   </div>
   <div class='ocr_carea' id='block_1_102' title="bbox 2023 4543 3601 4617">
    <p class='ocr_par' dir='ltr' id='par_1_102' title="bbox 2023 4543 3601 4617">
     <span class='ocr_line' id='line_1_102' title="bbox 2023 4543 3601 4617; baseline 0.002 -19"><span class='ocrx_word' id='word_1_734' title='bbox 2023 4544 2264 4599; x_wconf 89' lang='lat' dir='ltr'><strong>nientem</strong></span> <span class='ocrx_word' id='word_1_735' title='bbox 2294 4543 2348 4598; x_wconf 92' lang='lat' dir='ltr'><strong>in</strong></span> <span class='ocrx_word' id='word_1_736' title='bbox 2385 4543 2628 4600; x_wconf 86' lang='lat' dir='ltr'><strong>nubibus</strong></span> <span class='ocrx_word' id='word_1_737' title='bbox 2651 4544 2817 4609; x_wconf 73' lang='lat' dir='ltr'><strong>cmli;</strong></span> <span class='ocrx_word' id='word_1_738' title='bbox 2859 4564 2878 4597; x_wconf 74' lang='grc' dir='ltr'><strong>ι</strong></span> <span class='ocrx_word' id='word_1_739' title='bbox 2936 4546 3283 4600; x_wconf 88' lang='lat' dir='ltr'><strong>sacerdotum</strong></span> <span class='ocrx_word' id='word_1_740' title='bbox 3341 4546 3601 4617; x_wconf 88' lang='lat' dir='ltr'><strong>princeps</strong></span> 
     </span>
    </p>
   </div>
   <div class='ocr_carea' id='block_1_103' title="bbox 2022 4637 3596 4709">
    <p class='ocr_par' dir='ltr' id='par_1_103' title="bbox 2022 4637 3596 4709">
     <span class='ocr_line' id='line_1_103' title="bbox 2022 4637 3596 4709; baseline -0.001 -18"><span class='ocrx_word' id='word_1_741' title='bbox 2022 4637 2232 4707; x_wconf 85' lang='lat' dir='ltr'><strong>dirupit</strong></span> <span class='ocrx_word' id='word_1_742' title='bbox 2254 4637 2582 4692; x_wconf 89' lang='lat' dir='ltr'><strong>vestimenta</strong></span> <span class='ocrx_word' id='word_1_743' title='bbox 2615 4653 2737 4700; x_wconf 92' lang='lat' dir='ltr'><strong>sua,</strong></span> <span class='ocrx_word' id='word_1_744' title='bbox 2764 4637 2978 4704; x_wconf 85' lang='lat' dir='ltr'><strong>dicens,</strong></span> <span class='ocrx_word' id='word_1_745' title='bbox 3003 4656 3023 4690; x_wconf 77' lang='grc' dir='ltr'><strong>ι</strong></span> <span class='ocrx_word' id='word_1_746' title='bbox 3051 4639 3462 4709; x_wconf 88' lang='lat' dir='ltr'><strong>Blasphemavit</strong></span> <span class='ocrx_word' id='word_1_747' title='bbox 3480 4640 3545 4694; x_wconf 79' lang='grc'><strong>³⁸.</strong></span> <span class='ocrx_word' id='word_1_748' title='bbox 3575 4657 3596 4690; x_wconf 72' lang='grc' dir='ltr'><strong>ι</strong></span> 
     </span>
    </p>
   </div>
   <div class='ocr_carea' id='block_1_104' title="bbox 2023 4732 3604 4802">
    <p class='ocr_par' dir='ltr' id='par_1_104' title="bbox 2023 4732 3604 4802">
     <span class='ocr_line' id='line_1_104' title="bbox 2023 4732 3604 4802; baseline -0.001 -15"><span class='ocrx_word' id='word_1_749' title='bbox 2023 4733 2232 4788; x_wconf 89' lang='lat' dir='ltr'><strong>Deinde</strong></span> <span class='ocrx_word' id='word_1_750' title='bbox 2259 4733 2341 4787; x_wconf 88' lang='lat' dir='ltr'><strong>sic</strong></span> <span class='ocrx_word' id='word_1_751' title='bbox 2394 4732 2539 4802; x_wconf 89' lang='lat' dir='ltr'><strong>apud</strong></span> <span class='ocrx_word' id='word_1_752' title='bbox 2597 4733 2921 4802; x_wconf 88' lang='lat' dir='ltr'><strong>prophetam</strong></span> <span class='ocrx_word' id='word_1_753' title='bbox 2981 4733 3272 4802; x_wconf 86' lang='lat' dir='ltr'><strong>quemdam</strong></span> <span class='ocrx_word' id='word_1_754' title='bbox 3329 4733 3604 4802; x_wconf 78' lang='lat' dir='ltr'><strong>legimus:</strong></span> 
     </span>
    </p>
   </div>
   <div class='ocr_carea' id='block_1_105' title="bbox 2031 4821 3606 4889">
    <p class='ocr_par' dir='ltr' id='par_1_105' title="bbox 2031 4821 3606 4889">
     <span class='ocr_line' id='line_1_105' title="bbox 2031 4821 3606 4889; baseline 0.003 -15"><span class='ocrx_word' id='word_1_755' title='bbox 2031 4841 2050 4874; x_wconf 75' lang='grc' dir='ltr'><strong>ι</strong></span> <span class='ocrx_word' id='word_1_756' title='bbox 2090 4821 2391 4877; x_wconf 88' lang='lat' dir='ltr'><strong>Discindite</strong></span> <span class='ocrx_word' id='word_1_757' title='bbox 2417 4821 2587 4877; x_wconf 88' lang='lat' dir='ltr'><strong>corda</strong></span> <span class='ocrx_word' id='word_1_758' title='bbox 2618 4831 2800 4879; x_wconf 85' lang='lat' dir='ltr'><strong>vestra</strong></span> <span class='ocrx_word' id='word_1_759' title='bbox 2833 4866 2848 4889; x_wconf 95' lang='lat'><strong>,</strong></span> <span class='ocrx_word' id='word_1_760' title='bbox 2894 4833 2949 4878; x_wconf 88' lang='lat' dir='ltr'><strong>et</strong></span> <span class='ocrx_word' id='word_1_761' title='bbox 2983 4839 3096 4878; x_wconf 90' lang='lat' dir='ltr'><strong>non</strong></span> <span class='ocrx_word' id='word_1_762' title='bbox 3139 4825 3466 4879; x_wconf 81' lang='lat' dir='ltr'><strong>vestimenta</strong></span> <span class='ocrx_word' id='word_1_763' title='bbox 3507 4838 3606 4878; x_wconf 83' lang='lat' dir='ltr'><strong>ve-</strong></span> 
     </span>
    </p>
   </div>
   <div class='ocr_carea' id='block_1_106' title="bbox 2024 4911 3607 4982">
    <p class='ocr_par' dir='ltr' id='par_1_106' title="bbox 2024 4911 3607 4982">
     <span class='ocr_line' id='line_1_106' title="bbox 2024 4911 3607 4982; baseline -0.001 -16"><span class='ocrx_word' id='word_1_764' title='bbox 2024 4920 2137 4966; x_wconf 89' lang='lat' dir='ltr'><strong>stra</strong></span> <span class='ocrx_word' id='word_1_765' title='bbox 2175 4911 2257 4965; x_wconf 83' lang='grc'>¹³.</span> <span class='ocrx_word' id='word_1_766' title='bbox 2303 4930 2321 4962; x_wconf 74' lang='grc' dir='ltr'><strong>ι</strong></span> <span class='ocrx_word' id='word_1_767' title='bbox 2379 4911 2458 4966; x_wconf 89' lang='lat' dir='ltr'><strong>Ita</strong></span> <span class='ocrx_word' id='word_1_768' title='bbox 2518 4911 2667 4966; x_wconf 87' lang='lat' dir='ltr'><strong>enim</strong></span> <span class='ocrx_word' id='word_1_769' title='bbox 2723 4913 2841 4967; x_wconf 84' lang='lat' dir='ltr'><strong>suis</strong></span> <span class='ocrx_word' id='word_1_770' title='bbox 2903 4927 2963 4966; x_wconf 89' lang='lat' dir='ltr'><strong>se</strong></span> <span class='ocrx_word' id='word_1_771' title='bbox 3001 4911 3225 4982; x_wconf 82' lang='lat' dir='ltr'><strong>purgari</strong></span> <span class='ocrx_word' id='word_1_772' title='bbox 3278 4911 3607 4967; x_wconf 88' lang='lat' dir='ltr'><strong>criminibus</strong></span> 
     </span>
    </p>
   </div>
   <div class='ocr_carea' id='block_1_107' title="bbox 2023 5003 3608 5075">
    <p class='ocr_par' dir='ltr' id='par_1_107' title="bbox 2023 5003 3608 5075">
     <span class='ocr_line' id='line_1_107' title="bbox 2023 5003 3608 5075; baseline -0.002 -19"><span class='ocrx_word' id='word_1_773' title='bbox 2023 5003 2452 5067; x_wconf 88' lang='lat' dir='ltr'><strong>arbitrabantur,</strong></span> <span class='ocrx_word' id='word_1_774' title='bbox 2481 5003 2551 5068; x_wconf 91' lang='lat' dir='ltr'><strong>si,</strong></span> <span class='ocrx_word' id='word_1_775' title='bbox 2581 5004 2767 5058; x_wconf 88' lang='lat' dir='ltr'><strong>audita</strong></span> <span class='ocrx_word' id='word_1_776' title='bbox 2804 5005 2858 5058; x_wconf 92' lang='lat' dir='ltr'><strong>in</strong></span> <span class='ocrx_word' id='word_1_777' title='bbox 2886 5003 3059 5058; x_wconf 89' lang='lat' dir='ltr'><strong>Deum</strong></span> <span class='ocrx_word' id='word_1_778' title='bbox 3083 5003 3452 5075; x_wconf 86' lang='lat' dir='ltr'><strong>blasphemia,</strong></span> <span class='ocrx_word' id='word_1_779' title='bbox 3476 5015 3608 5055; x_wconf 90' lang='lat' dir='ltr'><strong>suas</strong></span> 
     </span>
    </p>
   </div>
   <div class='ocr_carea' id='block_1_108' title="bbox 2031 5092 3605 5163">
    <p class='ocr_par' dir='ltr' id='par_1_108' title="bbox 2031 5092 3605 5163">
     <span class='ocr_line' id='line_1_108' title="bbox 2031 5092 3605 5163; baseline -0.003 -16"><span class='ocrx_word' id='word_1_780' title='bbox 2031 5102 2195 5148; x_wconf 78' lang='lat' dir='ltr'><strong>vestes</strong></span> <span class='ocrx_word' id='word_1_781' title='bbox 2231 5093 2596 5148; x_wconf 84' lang='lat' dir='ltr'><strong>lacerassent:</strong></span> <span class='ocrx_word' id='word_1_782' title='bbox 2653 5094 2799 5163; x_wconf 87' lang='lat' dir='ltr'><strong>quod</strong></span> <span class='ocrx_word' id='word_1_783' title='bbox 2833 5102 2889 5150; x_wconf 83' lang='lat' dir='ltr'><strong>et</strong></span> <span class='ocrx_word' id='word_1_784' title='bbox 2937 5095 3030 5150; x_wconf 90' lang='lat' dir='ltr'><strong>hic</strong></span> <span class='ocrx_word' id='word_1_785' title='bbox 3085 5096 3248 5149; x_wconf 77' lang='lat' dir='ltr'><strong>etiam</strong></span> <span class='ocrx_word' id='word_1_786' title='bbox 3305 5092 3605 5154; x_wconf 79' lang='lat' dir='ltr'><strong>faciebant,</strong></span> 
     </span>
    </p>
   </div>
   <div class='ocr_carea' id='block_1_109' title="bbox 2031 5180 3608 5253">
    <p class='ocr_par' dir='ltr' id='par_1_109' title="bbox 2031 5180 3608 5253">
     <span class='ocr_line' id='line_1_109' title="bbox 2031 5180 3608 5253; baseline -0.003 -16"><span class='ocrx_word' id='word_1_787' title='bbox 2031 5192 2292 5253; x_wconf 89' lang='lat' dir='ltr'><strong>tanquam</strong></span> <span class='ocrx_word' id='word_1_788' title='bbox 2354 5184 2651 5253; x_wconf 91' lang='lat' dir='ltr'><strong>impiorum</strong></span> <span class='ocrx_word' id='word_1_789' title='bbox 2725 5185 2999 5239; x_wconf 82' lang='lat' dir='ltr'><strong>verborum</strong></span> <span class='ocrx_word' id='word_1_790' title='bbox 3066 5183 3415 5240; x_wconf 85' lang='lat' dir='ltr'><strong>exauditione</strong></span> <span class='ocrx_word' id='word_1_791' title='bbox 3477 5180 3608 5236; x_wconf 80' lang='lat' dir='ltr'><strong>facti</strong></span> 
     </span>
    </p>
   </div>
   <div class='ocr_carea' id='block_1_110' title="bbox 2031 5273 3605 5346">
    <p class='ocr_par' dir='ltr' id='par_1_110' title="bbox 2031 5273 3605 5346">
     <span class='ocr_line' id='line_1_110' title="bbox 2031 5273 3605 5346; baseline -0.003 -18"><span class='ocrx_word' id='word_1_792' title='bbox 2031 5275 2355 5345; x_wconf 88' lang='lat' dir='ltr'><strong>participes,</strong></span> <span class='ocrx_word' id='word_1_793' title='bbox 2388 5276 2472 5330; x_wconf 88' lang='lat' dir='ltr'><strong>vel</strong></span> <span class='ocrx_word' id='word_1_794' title='bbox 2508 5286 2736 5346; x_wconf 85' lang='lat' dir='ltr'><strong>propter</strong></span> <span class='ocrx_word' id='word_1_795' title='bbox 2786 5277 2987 5332; x_wconf 83' lang='lat' dir='ltr'><strong>factam</strong></span> <span class='ocrx_word' id='word_1_796' title='bbox 3023 5276 3135 5332; x_wconf 87' lang='lat' dir='ltr'><strong>Deo</strong></span> <span class='ocrx_word' id='word_1_797' title='bbox 3189 5273 3605 5330; x_wconf 85' lang='lat' dir='ltr'><strong>contumeliam.</strong></span> 
     </span>
    </p>
   </div>
   <div class='ocr_carea' id='block_1_111' title="bbox 2031 5363 3606 5438">
    <p class='ocr_par' dir='ltr' id='par_1_111' title="bbox 2031 5363 3606 5438">
     <span class='ocr_line' id='line_1_111' title="bbox 2031 5363 3606 5438; baseline -0.001 -18"><span class='ocrx_word' id='word_1_798' title='bbox 2031 5365 2214 5436; x_wconf 74' lang='lat' dir='ltr'><strong>Neque</strong></span> <span class='ocrx_word' id='word_1_799' title='bbox 2259 5368 2408 5423; x_wconf 92' lang='lat' dir='ltr'><strong>enim</strong></span> <span class='ocrx_word' id='word_1_800' title='bbox 2461 5365 2723 5437; x_wconf 71' lang='lat' dir='ltr'><strong>Rapsacze</strong></span> <span class='ocrx_word' id='word_1_801' title='bbox 2777 5367 2845 5421; x_wconf 85' lang='lat' dir='ltr'><strong>ad</strong></span> <span class='ocrx_word' id='word_1_802' title='bbox 2897 5377 3086 5438; x_wconf 88' lang='lat' dir='ltr'><strong>portas</strong></span> <span class='ocrx_word' id='word_1_803' title='bbox 3127 5380 3304 5435; x_wconf 88' lang='lat' dir='ltr'><strong>usque</strong></span> <span class='ocrx_word' id='word_1_804' title='bbox 3345 5363 3606 5437; x_wconf 81' lang='lat' dir='ltr'><strong>prOgredi</strong></span> 
     </span>
    </p>
   </div>
   <div class='ocr_carea' id='block_1_112' title="bbox 418 5515 2971 5592">
    <p class='ocr_par' dir='ltr' id='par_1_112' title="bbox 418 5515 2971 5592">
     <span class='ocr_line' id='line_1_112' title="bbox 418 5515 2971 5592; baseline 0.002 -20"><span class='ocrx_word' id='word_1_805' title='bbox 418 5517 462 5550; x_wconf 79' lang='lat'><strong>‘°</strong></span> <span class='ocrx_word' id='word_1_806' title='bbox 483 5515 656 5574; x_wconf 83' lang='lat' dir='ltr'><strong>Eccli.</strong></span> <span class='ocrx_word' id='word_1_807' title='bbox 700 5533 819 5586; x_wconf 83' lang='lat' dir='ltr'><strong>vm,</strong></span> <span class='ocrx_word' id='word_1_808' title='bbox 852 5517 937 5572; x_wconf 77' lang='lat' dir='ltr'><strong>I5.</strong></span> <span class='ocrx_word' id='word_1_809' title='bbox 1019 5517 1059 5548; x_wconf 85' lang='lat'>“</span> <span class='ocrx_word' id='word_1_810' title='bbox 1089 5515 1238 5571; x_wconf 89' lang='lat' dir='ltr'><strong>Psal.</strong></span> <span class='ocrx_word' id='word_1_811' title='bbox 1272 5532 1505 5585; x_wconf 87' lang='lat' dir='ltr'><strong>xxxvm,</strong></span> <span class='ocrx_word' id='word_1_812' title='bbox 1532 5517 1590 5584; x_wconf 80' lang='grc'>2,</span> <span class='ocrx_word' id='word_1_813' title='bbox 1627 5519 1681 5575; x_wconf 81' lang='lat'><strong>5.</strong></span> <span class='ocrx_word' id='word_1_814' title='bbox 1762 5519 1813 5573; x_wconf 85' lang='grc'>¹¹.</span> <span class='ocrx_word' id='word_1_815' title='bbox 1842 5517 2039 5575; x_wconf 82' lang='lat' dir='ltr'><strong>Matth.</strong></span> <span class='ocrx_word' id='word_1_816' title='bbox 2075 5536 2230 5590; x_wconf 72' lang='lat' dir='ltr'><strong>XXVI,</strong></span> <span class='ocrx_word' id='word_1_817' title='bbox 2257 5523 2349 5591; x_wconf 75' lang='grc'><strong>64,</strong></span> <span class='ocrx_word' id='word_1_818' title='bbox 2383 5526 2475 5582; x_wconf 81' lang='lat'><strong>65.</strong></span> <span class='ocrx_word' id='word_1_819' title='bbox 2553 5525 2596 5558; x_wconf 84' lang='grc'><strong>¹³</strong></span> <span class='ocrx_word' id='word_1_820' title='bbox 2634 5523 2751 5581; x_wconf 82' lang='lat' dir='ltr'><strong>Joel</strong></span> <span class='ocrx_word' id='word_1_821' title='bbox 2792 5539 2857 5592; x_wconf 84' lang='lat' dir='ltr'><strong>Il,</strong></span> <span class='ocrx_word' id='word_1_822' title='bbox 2883 5523 2971 5579; x_wconf 71' lang='lat'><strong>13.</strong></span> 
     </span>
    </p>
   </div>
   <div class='ocr_carea' id='block_1_113' title="bbox 1669 5631 2364 5693">
    <p class='ocr_par' dir='ltr' id='par_1_113' title="bbox 1669 5631 2364 5693">
     <span class='ocr_line' id='line_1_113' title="bbox 1669 5631 2364 5693; baseline 0.01 -7"><span class='ocrx_word' id='word_1_823' title='bbox 1669 5631 1910 5689; x_wconf 67' lang='lat' dir='ltr'><strong>VARI/IS</strong></span> <span class='ocrx_word' id='word_1_824' title='bbox 1958 5633 2364 5693; x_wconf 81' lang='lat' dir='ltr'><strong>LECTIONES.</strong></span> 
     </span>
    </p>
   </div>
   <div class='ocr_carea' id='block_1_114' title="bbox 415 5719 1357 5798">
    <p class='ocr_par' dir='ltr' id='par_1_114' title="bbox 415 5719 1357 5798">
     <span class='ocr_line' id='line_1_114' title="bbox 415 5719 1357 5798; baseline -0.008 -14"><span class='ocrx_word' id='word_1_825' title='bbox 415 5727 443 5768; x_wconf 78' lang='grc' dir='ltr'>Ιι</span> <span class='ocrx_word' id='word_1_826' title='bbox 478 5745 571 5798; x_wconf 79' lang='grc' dir='ltr'><strong>γρ.</strong></span> <span class='ocrx_word' id='word_1_827' title='bbox 607 5724 684 5788; x_wconf 83' lang='grc' dir='ltr'>ὡς</span> <span class='ocrx_word' id='word_1_828' title='bbox 716 5723 805 5780; x_wconf 80' lang='grc' dir='ltr'>ἄν.</span> <span class='ocrx_word' id='word_1_829' title='bbox 889 5719 907 5760; x_wconf 77' lang='lat'><strong>1</strong></span> <span class='ocrx_word' id='word_1_830' title='bbox 940 5739 1035 5791; x_wconf 77' lang='grc' dir='ltr'><strong>γρ.</strong></span> <span class='ocrx_word' id='word_1_831' title='bbox 1064 5721 1130 5774; x_wconf 84' lang='grc' dir='ltr'><strong>ἂν</strong></span> <span class='ocrx_word' id='word_1_832' title='bbox 1160 5720 1357 5776; x_wconf 81' lang='grc' dir='ltr'>ἐλθεῖν.</span> 
     </span>
    </p>
   </div>
   <div class='ocr_carea' id='block_1_115' title="bbox 668 5816 1508 5882">
    <p class='ocr_par' dir='ltr' id='par_1_115' title="bbox 668 5816 1508 5882">
     <span class='ocr_line' id='line_1_115' title="bbox 668 5816 1508 5882; baseline -0.005 0"><span class='ocrx_word' id='word_1_833' title='bbox 668 5819 938 5882; x_wconf 73' lang='grc' dir='ltr'>ΡΑΤιιοι..</span> <span class='ocrx_word' id='word_1_834' title='bbox 985 5819 1104 5879; x_wconf 79' lang='lat' dir='ltr'><strong>Gn.</strong></span> <span class='ocrx_word' id='word_1_835' title='bbox 1139 5816 1508 5880; x_wconf 75' lang='lat' dir='ltr'><strong>LXXXVII.</strong></span> 
     </span>
    </p>
   </div>
   <div class='ocr_carea' id='block_1_116' title="bbox 3135 5827 3360 5909">
    <p class='ocr_par' dir='ltr' id='par_1_116' title="bbox 3135 5827 3360 5909">
     <span class='ocr_line' id='line_1_116' title="bbox 3135 5827 3360 5909; baseline -0.009 -22"><span class='ocrx_word' id='word_1_836' title='bbox 3135 5827 3360 5909; x_wconf 23' lang='grc' dir='ltr'>τις,</span> 
     </span>
    </p>
   </div>
  </div>
