4032 6218
363 325 500 394 2317

1510 327 2041 391 COMMENTARII
2077 327 2157 387 IN
2199 326 2478 387 ISAIAM.

3472 325 3612 391 2318

366 460 464 495 σαν
497 438 734 494 ἀπειλῶν
752 439 844 492 καὶ
874 449 1055 510 πασης
1086 438 1439 509 βλασφημῗας
1479 438 1695 508 Ἐζεκίᾳ
1724 438 1940 509 πέμψας

2052 436 2347 507 cogitaret;
2391 436 2533 490 malo
2563 435 2628 489 ad
2661 452 2781 490 eum
2835 437 3042 504 perlato
3086 437 3299 498 nuntio.
3336 436 3609 492 minarum

360 531 671 603 ἐπιστολὴν,
721 532 809 594 ὡς’
838 531 945 601 ἰδίᾳ
991 531 1217 602 δυνάμει
1248 532 1427 586 πάντα
1461 530 1597 584 ἐλὼν
1630 531 1940 601 ὑποχείρια,

359 623 506 679 καθά
530 623 741 693 φθάσας
776 625 803 677 ὁ
833 625 1116 694 προφήτης
1156 623 1264 695 πρὸ
1300 622 1408 676 τῶν
1445 622 1621 692 ἔργων
1649 623 1939 692 ἐμήνυσεν,

366 718 552 783 «Οὐαὶ,
591 717 792 785 λέγων,
840 716 1172 786 ’Δσσυρίοις,
1205 719 1238 786 ὴ
1271 715 1464 786 ῥάῦδος
1499 713 1593 767 τοῦ
1615 712 1790 784 θυμοῦ
1837 730 1940 782 μου

360 813 457 867 καὶ
486 811 658 883 ὀργῆς
693 811 843 863 ἐστιν
875 811 934 862 ὲν
974 811 1098 873 ταῖς
1146 810 1337 882 χερσὶν
1368 809 1569 875 αὐτῶν,
1595 828 1614 860 ι
1659 807 1756 861 καὶ
1795 806 1940 877 ἑξῆς.

359 904 533 966 Αὐτὸς
584 902 640 955 δὲ
685 901 786 971 οὐχ
833 900 1007 964 οὓτως
1059 900 1394 972 ἐνεθυμήθη.
1426 900 1538 954 Καὶ
1588 899 1688 963 τὰς
1721 897 1815 952 νῦν
1845 897 1942 952 τοῦ

360 990 771 1061 Σενναχηρεὶμ
828 991 1060 1054 ἀπειλὰς
1114 992 1206 1045 ἐπὶ
1241 982 1470 1054 ’τούτοις
1525 991 1851 1060 ἐπήνεγκεν,
1886 987 1942 1041 αἶ

361 1085 759 1160 προρῤηθεῖσαι
817 1084 913 1139 νῦν
957 1082 1377 1155 ἐπληρώθησαν.
1423 1083 1482 1136 Ὀ
1534 1082 1592 1136 δὲ
1641 1081 1800 1136 πάλιν
1851 1082 1945 1133 ἐπὶ

359 1176 468 1229 τὸν
494 1173 647 1228 ναὸν
678 1172 1009 1242 καταφυγὼν
1038 1174 1132 1226 τοῦ
1174 1171 1331 1237 Θεοῦ,
1362 1172 1637 1225 δείκνυσιν
1667 1170 1815 1240 αὐτῷ
1846 1170 1944 1239 τὴν

358 1266 671 1338 ἐπιστολὴν,
702 1266 801 1337 ούχ
827 1266 903 1330 ὡς
933 1265 1241 1335 ἀγνοοῦντι,
1271 1265 1524 1337 μάρτυρα
1553 1263 1609 1317 δὲ
1634 1263 1733 1333 τῆς
1754 1263 1945 1317 τοσαύ-

334 1379 459 1431 ιτης
512 1361 677 1413 αὐτὸν
721 1358 1073 1430 βλασφημίας
1134 1358 1480 1427 ποιούμενος,
1527 1356 1622 1409 καὶ⁸
1665 1357 1764 1426 τὴν
1803 1357 1944 1411 κατὰ

358 1455 578 1510 πάντων
616 1451 784 1505 αὐτοῦ
818 1450 1143 1503 δεσποτείαν
1183 1449 1483 1520 ὁμολογῶν,
1515 1449 1609 1501 καὶ
1630 1449 1703 1510 ὡς
1732 1447 1945 1517 ψευδεῖς

362 1546 407 1597 ..ἱ
451 1543 735 1613 λεγόμενοι
776 1541 888 1595 τῶν
919 1540 1093 1593 ἐθνῶν
1121 1535 1231 1593 εἷεν
1270 1539 1405 1592 θεοί.
1460 1537 1539 1591 Δι’
1575 1537 1946 1608 ὑπερϐάλλου-

2045 531 2098 578 et
2124 522 2742 593 eujusvishlasphemim
2768 526 2999 578 relertas
3053 523 3119 578 ad
3154 523 3434 578 Ezechiam
3471 524 3612 579 litte-

2046 628 2137 668 ras
2160 613 2337 680 dedit;
2376 622 2635 682 tanquam
2669 615 2759 684 qui
2801 617 3014 684 propria
3047 616 3243 671 virtute
3284 618 3464 671 omnia
3506 617 3610 671 sibi

2046 705 2393 775 suhjecisset,
2449 705 2591 759 sicut
2646 713 2731 760 est
2783 723 2813 759 a
2851 708 3115 776 pmpheta
3153 709 3608 770 demonstratum,
3682 729 3698 745 -

2046 797 2132 852 his
2161 796 2342 852 verbis
2376 816 2389 851 :
2428 816 2447 848 ι
2501 795 2595 851 Va:
2647 798 2912 866 Assyriis,
2947 800 3096 868 virga
3145 802 3348 854 furoris
3390 800 3517 864 mei,
3558 808 3613 854 et

2047 888 2144 943 irae
2182 903 2316 942 mea:
2349 888 2400 942 in
2426 887 2683 943 manibus
2714 903 2904 942 eorum
2939 888 3016 954 ”;
3055 908 3074 940 ι
3118 897 3173 943 et
3202 905 3322 959 qua:
3367 906 3610 960 sequun-
3722 922 3731 933 ι

2053 985 2166 1031 tur.
2195 980 2262 1031 At
2293 980 2409 1047 ipse
2432 992 2501 1031 ne
2531 977 2608 1032 sic
2636 977 2901 1033 intellexit
2941 977 3180 1047 quidem.
3209 979 3380 1035 Minas
3411 980 3609 1034 deinde

2045 1082 2185 1138 quas
2216 1068 2517 1133 intuemur,
2551 1068 2604 1122 in
2636 1068 3009 1123 Samae/ierim
3049 1070 3321 1138 adjunxit,
3352 1086 3471 1140 qua:
3501 1071 3627 1141 jam.

2048 1160 2175 1215 inde
2206 1160 2479 1230 praedicta:
2500 1175 2650 1214 nunc
2681 1160 2900 1215 demum
2927 1160 3245 1231 implentur.
3280 1158 3385 1215 Sed
3419 1176 3615 1215 rursus

2045 1251 2112 1303 ad
2150 1248 2245 1303 Dei
2303 1248 2553 1319 templum
2581 1249 2906 1320 confugiens
2959 1248 3243 1315 Ezechias,
3285 1249 3462 1305 eidem
3509 1250 3617 1320 epi-

2045 1339 2240 1394 stolam
2273 1338 2537 1406 ostendit,
2569 1354 2676 1393 non
2709 1348 2969 1411 tanquam
3003 1340 3257 1410 ignorare
3293 1341 3611 1406 arbitretur;

2048 1430 2141 1486 sed
2174 1440 2232 1484 ut
2254 1438 2419 1485 tantae
2450 1431 2805 1501 blasphemia:
2836 1440 3028 1488 testem
3062 1432 3340 1497 adhibeat,
3383 1433 3615 1502 ejusque

2046 1524 2348 1577 dominium
2385 1523 2439 1576 in
2492 1538 2706 1587 omnes,
2743 1533 2799 1577 et
2850 1522 3017 1578 falsos
3051 1539 3172 1579 esse
3206 1524 3474 1592 gentium,
3519 1522 3612 1592 qui

360 1654 459 1689 σαν
480 1636 537 1689 δὲ
567 1635 628 1689 τὸ
659 1635 876 1705 πρῶτον
904 1632 1217 1697 εὑλάὅειαν,
1266 1630 1365 1685 οὐκ
1407 1630 1701 1701 εὐξάμενος
1726 1630 1815 1683 ὅτε
1852 1628 1940 1682 τὸν

2050 1615 2330 1678 dicuntur,
2376 1614 2509 1670 deos
2545 1614 2887 1685 proﬁteatur.
2920 1614 3107 1686 Neque
3140 1631 3271 1670 vero
3304 1615 3471 1669 Deum
3505 1622 3616 1669 sta-

361 1726 565 1779 σάκκον
601 1722 912 1788 ἐνεδύσατο,
942 1722 1017 1786 ὡς
1052 1723 1145 1775 ἐπὶ
1195 1720 1331 1774 Θεοῦ
1370 1719 1507 1791 μηδὲ
1541 1719 1716 1791 στόμα
1761 1719 1940 1790 διᾶραι

2048 1707 2143 1760 tim
2193 1706 2337 1778 (quae
2367 1721 2580 1762 summa
2632 1706 2808 1776 ipsius
2839 1707 2938 1761 iuit
2972 1709 3024 1761 in
3065 1707 3313 1763 eumdem
3354 1721 3615 1762 reverens

356 1816 595 1886 τολμῶν,
646 1778 957 1885 πρεσϐευτῇ
998 1778 1056 1866 δὲ
1095 1813 1242 1882 μόνῳ
1270 1810 1349 1882 τῷ
1370 1778 1940 1882 ’προφήτῃ’χρησάμε-

2049 1796 2145 1867 tia)
2214 1804 2379 1866 atque
2415 1811 2577 1851 sacco
2618 1796 2842 1852 indutus
2879 1790 3002 1864 mu,
3032 1798 3278 1853 oratione
3319 1813 3615 1868 aggressus

360 1926 478 1974 νος,
510 1908 576 1961 δι’
606 1906 773 1960 αὐτοῦ
812 1905 908 1958 νῦν
938 1905 1199 1972 ἀξιωθεὶς
1228 1903 1595 1974 ἀποκρίσεως,
1629 1902 1819 1975 θαρρεῖ
1840 1902 1939 1973 τὴν

2043 1896 2165 1955 est;
2224 1890 2318 1945 sed
2364 1905 2430 1945 ne
2469 1907 2533 1945 os
2576 1888 2795 1959 quidem
2846 1897 2978 1945 tunc
3016 1905 3184 1947 ausus
3233 1892 3446 1962 aperire
3482 1907 3614 1962 pro-

359 1998 728 2072 προκειμένην
758 1997 1101 2069 ἀναπέμπειν
1124 1997 1311 2067 εὐχήν.

2042 1984 2219 2054 pheta:
2269 1990 2480 2037 tantum
2523 1983 2686 2038 unius
2738 1981 2807 2035 ad
2874 1981 2928 2036 id
2979 1982 3247 2054 legatione
3305 1999 3460 2047 usus,
3520 2001 3615 2055 per

2040 2090 2201 2145 quem
2243 2074 2347 2128 hoc
2400 2073 2524 2127 loco
2555 2072 2663 2129 sibi
2713 2087 3044 2143 responsum
3089 2074 3283 2139 fuerat,
3322 2074 3614 2144 prmdictas

2041 2181 2234 2238 preces
2262 2164 2457 2220 oﬂ‘erre
2486 2174 2735 2219 conatur.

2109 2258 2272 2331 422
2326 2256 2492 2312 Vens.
2549 2256 2783 2313 21-58.
2836 2257 2907 2311 Et
2961 2259 3153 2312 missus
3196 2268 3272 2313 est
3320 2257 3498 2314 Isaias
3542 2261 3611 2312 ad

2045 2349 2352 2411 Ezechiam,
2385 2358 2433 2403 et
2454 2349 2590 2402 dixit
2610 2350 2658 2402 ei
2688 2366 2705 2402 .'
2745 2349 2872 2403 llwc
2896 2348 3036 2401 dixit
3067 2349 3320 2403 Dominus
3347 2349 3489 2403 Deus
3520 2348 3605 2401 ls-

428 2273 638 2343 κει-λη’.
695 2270 803 2326 Καὶ
880 2270 1193 2337 ἀπεστάλη
1245 2269 1483 2334 Ἡσαΐας
1555 2267 1685 2333 υἱὸς
1760 2266 1935 2335 Ἀμὼς

357 2362 800 2434 πρὸςῈζεκίαν,
829 2363 926 2416 καὶ
952 2359 1121 2416 εἶπεν
1138 2362 1297 2427 αὐτῷ
1322 2377 1337 2392 ·
1375 2360 1517 2415 Τάδε
1536 2358 1697 2429 λέγει
1727 2359 1938 2426 Κύριος

358 2463 393 2513 d
427 2458 573 2524 Θεὸς
617 2457 855 2526 Ἰσραήλ
886 2473 899 2486 ·
929 2458 1203 2511 Ἤκουσα
1232 2453 1269 2507 ἀ
1302 2452 1625 2522 προσηύξω
1667 2452 1815 2519 πρός
1838 2466 1938 2520 με,

2042 2443 2152 2498 rael
2184 2458 2203 2496 :
2231 2441 2425 2494 Audivi
2454 2457 2571 2511 qua:
2592 2450 2833 2509 precatus
2856 2455 2908 2493 es
2942 2455 3021 2492 me
3040 2455 3198 2507 super
3237 2437 3611 2493 Scurrae/terim

359 2549 495 2617 περὶ
525 2547 924 2617 Σενναχηρεὶμ
961 2545 1266 2611 ,βασιλέως
1300 2544 1653 2611 Ἀσσυρίων.
1691 2537 1878 2606 Οὗτος
1906 2542 1940 2595 d

2042 2551 2158 2605 rege
2189 2533 2552 2602 Assyriorum.
2586 2530 2689 2585 Hic
2712 2540 2789 2585 est
2812 2547 3002 2595 sermo,
3027 2546 3179 2599 quem
3216 2528 3420 2585 locutus
3447 2542 3520 2584 est
3547 2530 3612 2583 de

357 2639 561 2707 λόγος.
596 2637 669 2691 ὃν
688 2637 956 2705 Aldinae
985 2635 1119 2704 περὶ
1147 2634 1335 2689 αὐτοῦ
1366 2637 1399 2689 d
1418 2634 1580 2697 Θεός.
1619 2630 1939 2701 Ὲφαύλισέ

2042 2628 2132 2681 illo
2181 2624 2347 2679 Deus.
2397 2621 2695 2678 Contemnit
2757 2632 2806 2677 te
2841 2631 2891 2677 et
2930 2620 3248 2688 subsannat,
3302 2623 3445 2692 virgo
3494 2623 3610 2691 [ilia

357 2746 455 2793 σε,
489 2729 582 2783 καὶ
614 2727 981 2799 ἐμυκτήρισέ
1009 2744 1105 2793 σε,
1147 2724 1441 2795 παρθένος
1474 2723 1734 2794 θυγάτηρ
1762 2721 1934 2791 Σιών,
2040 2711 2197 2783 δίοὶι,
2230 2723 2339 2772 etc.

361 2827 417 2875 κ.
452 2838 501 2874 τ.
526 2819 575 2875 λ.

431 2914 573 2977 Τοὺς
605 2898 890 2984 προφήτας
910 2912 960 2966 οἱ
995 2910 1289 2974 ἀκούοντες
1306 2908 1608 2980 ἐγνώριζον
1639 2904 1776 2963 εἶναι
1799 2924 1934 2980 προ-

2062 2938 2065 2939 ν
2109 2913 2273 2987 423
2319 2912 2624 2983 Prophetas
2654 2914 2747 2983 qui
2797 2913 3113 2980 audiebant,
3156 2914 3292 2969 tales
3324 2930 3446 2969 esse
3498 2929 3609 2968 non

362 3006 538 3075 φὴτας
586 3005 688 3057 οὐκ
742 3004 850 3057 ἀπὸ
912 3003 1021 3056 τῶν
1088 3003 1304 3073 χρόνοις
1359 3001 1640 3072 ἐσομένων
1703 3002 1933 3072 μακροῖς

2042 3021 2104 3062 eo
2158 3008 2277 3075 ipso
2336 3008 2734 3076 agnoscebant,
2794 3005 2941 3076 quod
2994 3022 3116 3076 quae
3174 3007 3352 3077 longis
3417 3016 3607 3078 postea

363 3095 619 3166 (ἠγνόουν
650 3093 804 3167 γὰρ),
845 3095 961 3148 ἀλλ’
1000 3095 1109 3148 ἀπὸ
1150 3094 1259 3147 τῶν
1287 3094 1498 3164 μικρῶν
1529 3102 1555 3141 ι)
1586 3091 1813 3163 ὕστερον
1853 3092 1940 3162 βε-

2049 3095 2387 3164 temporibus
2441 3093 2626 3150 futura
2674 3104 2853 3161 erant,
2907 3096 3287 3166 ignorantibus
3339 3098 3606 3168 praedice-

362 3186 704 3256 Βαιουμένων
753 3186 935 3258 ἔργοις
985 3187 1364 3257 προρρήσεων,
1414 3183 1509 3253 ἀφ’
1556 3177 1631 3237 ὧν
1660 3182 1755 3237 καὶ
1810 3183 1940 3255 περὶ

2042 3193 2196 3241 rent:
2229 3185 2322 3240 sed
2358 3186 2501 3256 quod
2528 3202 2648 3257 quae
2673 3187 3080 3256 prtedixissent,
3120 3189 3284 3244 rebus
3307 3191 3469 3259 paulo
3490 3200 3612 3260 post

360 3277 473 3331 τῶν
502 3276 677 3331 ἄλλων
708 3277 1015 3331 ἐπίστευον.
1046 3277 1212 3330 Ὅθεν
1254 3276 1512 3347 προλέγει
1564 3276 1694 3347 περ)⁸
1739 3275 1874 3329 ὄνων
1910 3276 1940 3328 ό

2042 3276 2496 3347 comprobarent;
2537 3277 2680 3332 unde
2705 3286 3028 3333 cazterorum
3073 3277 3236 3334 etiam
3273 3280 3430 3334 [idem
3464 3282 3611 3335 face--

362 3368 618 3440 Σαμουήλ
637 3386 650 3399 ο
692 3370 788 3422 καὶ
824 3369 1000 3434 ἄλλος,
1035 3370 1166 3441 περὶ
1195 3368 1477 3431 νοσοῦντος
1506 3366 1769 3439 βασιλέως
1798 3364 1937 3419 υἱοῦο

2042 3370 2181 3415 rent.
2209 3360 2390 3431 Atque
2420 3361 2552 3417 hinc
2584 3372 2690 3431 est,
2720 3362 2870 3433 quod
2893 3377 3062 3433 super
3089 3363 3261 3418 asinis
3280 3362 3531 3429 Samuel;
3559 3368 3619 3415 et

359 3458 512 3525 ὅδὲ,
544 3458 809 3528 βασιλέως
860 3457 1076 3529 Ἰσραὴλ
1125 3456 1492 3529 προαγορεύει
1544 3456 1635 3509 τὸν
1689 3455 1936 3511 θάνατον.

2042 3466 2195 3522 super
2221 3469 2365 3523 aegro
2389 3456 2534 3525 regis
2555 3455 2667 3509 titio
2690 3456 2830 3511 alius
2852 3456 3184 3512 va'icinatur
3214 3457 3286 3501 ¹⁸ἒ
3319 3456 3404 3510 hic
3436 3464 3617 3512 autem

361 3549 661 3622 Συνεχὼρει
689 3550 747 3604 δὲ
769 3549 926 3603 τοῦτο
947 3552 1103 3615 Θεὸς,
1140 3551 1215 3614 ὼς
1243 3551 1309 3604 ἂν
1342 3549 1418 3620 μὴ
1449 3548 1663 3619 λιχνείᾳ
1694 3546 1942 3618 προγνώο

366 3656 503 3703 σεως
527 3677 544 3705 ,
585 3641 672 3693 ἐπ’
698 3640 1144 3711 εἱδωλολατρείαν
1171 3641 1457 3712 τρέποιντο
1511 3638 1604 3690 καὶ
1632 3636 1941 3707 χρηστήρια

361 3731 459 3783 καὶ
509 3730 610 3794 τὰς
658 3731 869 3794 πλάνας
910 3729 1142 3784 καθόλου
1185 3730 1284 3791 τὰς
1337 3728 1624 3799 μαντικάς.
1658 3725 1819 3778 Ὅθεν
1846 3726 1941 3779 καὶ

361 3818 458 3872 νῦν
497 3821 743 3885 Ἐζεκίας
770 3821 943 3874 ἄνεισι
971 3821 1071 3891 μὲν
1097 3822 1189 3872 ἐπὶ
1226 3820 1316 3872 τὸν
1357 3817 1513 3870 νεών.
1559 3815 1939 3885 Ἀποκρὶνεται

361 3910 418 3962 δὲ
449 3910 511 3963 τὸ
558 3911 748 3983 μέλλον
782 3910 934 3975 Θεὸς,
967 3911 1055 3963 διὰ
1095 3910 1190 3963 τοῦ
1227 3911 1508 3981 προφήτου
1547 3906 1936 3976 φθεγξάμενος.

365 4003 474 4055 Καὶ
504 4003 747 4074 χρησμὸς
768 4002 968 4055 δίδοται
997 4001 1269 4070 δεύτερος,
1312 3998 1447 4052 Θεοῦ
1498 3998 1806 4060 δεικνύντος
1862 3996 1939 4058 ὡς

361 4093 601 4161 ἀκήκοεν
627 4091 792 4147 αὐτοῦ
828 4092 924 4162 τῆς
956 4091 1144 4162 εύχῆς.
1182 4090 1294 4143 Καὶ
1326 4090 1464 4161 πρὸς
1509 4089 1600 4141 τὸν
1653 4086 1939 4159 Ἀσσύριόν

362 4197 519 4251 φησν
555 4182 626 4233 Σὺ
664 4182 766 4252 μὲν
799 4180 1297 4250 κατηλαζονεύσω
1334 4180 1453 4233 κατ’
1513 4179 1671 4249 ἐμοῦ,
1720 4178 1938 4247 καὶτῆς

361 4271 728 4343 ἀνακειμένης
801 4288 890 4342 μοι
965 4274 1199 4337 πόλεως
1228 4310 1243 4335 ,
1318 4270 1503 4339 φοϐεῖν
1553 4270 1782 4333 ἐλπίσας
1839 4270 1938 4338 τὴν

362 4362 685 4434 ἀδιάφθορον
737 4364 832 4416 καὶ
883 4362 972 4416 διὰ
1001 4362 1159 4415 τοῦτο
1210 4363 1484 4434 παρθένῳ
1519 4361 1939 4433 παραϐαλλομέ-

2041 3548 2325 3603 lsraelitiei
2366 3550 2507 3619 regis
2533 3557 2764 3602 mortem
2799 3536 3046 3619 praedicit
3078 3550 3143 3605 ¹’.
3186 3551 3301 3603 Hoc
3331 3566 3457 3604 vero
3485 3567 3611 3620 per-

2041 3639 2291 3692 mittebat
2331 3637 2494 3701 Deus,
2544 3653 2612 3692 ne
2664 3639 2974 3694 futurorum
3020 3640 3299 3704 aviditate,
3331 3642 3399 3695 ad
3441 3643 3609 3704 idola,

2039 3737 2094 3784 et
2132 3729 2380 3796 oracula,
2436 3738 2778 3801 craterasque
2808 3733 3044 3789 omnino
3080 3732 3331 3797 fraudes,
3376 3750 3498 3801 qua:
3527 3736 3611 3790 di-

2039 3823 2319 3877 vinatione
2367 3830 2649 3885 constant,
2711 3838 2832 3877 sese
2878 3831 3284 3879 converterent.
3341 3826 3610 3882 lliuc'cst

2042 3913 2230 3975 etiam,
2270 3910 2416 3981 quod
2466 3927 2594 3966 cum
2648 3913 2703 3967 in
2753 3914 3010 3983 templum
3068 3915 3410 3970 ascendisset
3474 3918 3610 3973 Eze-

2042 4003 2218 4066 chias,
2259 4003 2435 4058 eidem
2469 4017 2566 4074 per
2608 4004 2927 4074 prophetam
2964 4006 3029 4059 de
3076 4004 3281 4060 futuris
3312 4008 3609 4076 respondet

2040 4093 2326 4157 Dominus,
2359 4093 2616 4164 editoque
2640 4095 2863 4147 oraculo
2893 4095 3089 4157 altero,
3134 4110 3324 4164 preces
3357 4097 3477 4167 ejus
3507 4113 3608 4152 au-

2040 4185 2182 4241 ditas
2232 4199 2352 4239 esse
2399 4184 2762 4251 demonstrat,
2818 4194 2873 4239 et
2925 4185 3212 4255 Assyrium
3278 4186 3364 4242 his
3422 4189 3606 4242 verhic

2042 4278 2347 4348 alloquitur
2382 4295 2396 4330 :
2436 4277 2631 4348 Magna
2666 4285 2761 4331 tua
2787 4277 2890 4331 fuit
2924 4277 2977 4330 in
3018 4294 3125 4341 me,
3159 4278 3448 4349 urbemque
3473 4282 3605 4335 mihi

2043 4376 2421 4424 consecratam
2462 4367 2730 4436 superbia,
2782 4369 2875 4438 qui
2926 4370 3323 4440 incorruptam,
3375 4371 3609 4441 ideoque

361 4470 460 4523 νην
479 4452 572 4505 τοῦ
599 4454 734 4506 Θεοῦ
753 4453 956 4518 πόλιν,
988 4452 1080 4505 καὶ
1110 4452 1209 4517 τὸν,
1231 4453 1290 4504 ὲν
1323 4453 1460 4523 αὐτῇ
1491 4453 1617 4505 λαὸν
1646 4451 1936 4521 θυγατέρα

2042 4461 2231 4531 uirgini
2272 4467 2649 4529 comparatam
2680 4459 2774 4512 Dei
2813 4460 3111 4525 civitatem,
3147 4460 3440 4530 ipsumque
3467 4462 3619 4529 ejus-

362 4543 516 4597 Σιών
543 4560 604 4597 τε
642 4544 741 4597 καὶ
775 4542 1173 4612 Ἰερουσαλὴμ
1211 4544 1637 4614 χρηματίζοντα.
1682 4545 1790 4596 Καὶ
1832 4543 1931 4594 αύ-

360 4637 451 4698 τὸς
487 4636 546 4689 δὲ
605 4634 922 4706 καθαρεύων
981 4634 1426 4703 εἰδωλολατρείας
1476 4633 1766 4701 παρθένος
1803 4633 1935 4685 ὠνό-

364 4744 588 4795 μασται.
650 4728 740 4779 Διὸ
780 4727 876 4780 καὶ
907 4726 986 4796 τῷ
1041 4727 1155 4793 ἰδίῳ
1205 4727 1484 4798 θαρρήσας
1523 4724 1641 4794 Θεῷ
1689 4725 1787 4786 τὰς
1834 4726 1931 4787 σὰς

2038 4555 2159 4607 dem
2194 4552 2429 4607 incolam
2464 4553 2725 4622 populum
2760 4552 2874 4621 (qui
2919 4563 2976 4608 et
3008 4553 3124 4622 ﬁlia
3171 4554 3322 4619 Sion,
3355 4565 3406 4609 et
3444 4553 3611 4608 Jeru-

2036 4645 2226 4706 salem,
2271 4651 2325 4697 et
2354 4643 2497 4711 rirgo
2541 4642 2706 4696 etiam
2744 4640 2911 4714 424
2951 4643 3289 4699 nominatur.
3331 4660 3453 4699 eum
3488 4647 3614 4700 nul-

2036 4736 2142 4787 lam
2202 4734 2365 4789 habet
2424 4734 2748 4788 idololatria:
2799 4733 3014 4804 labem)
3081 4735 3497 4803 perterriturum
3557 4745 3610 4792 te

358 4818 654 4887 ἐγέλασεν
681 4818 930 4881 ἀπειλὰς,
966 4818 1090 4871 ἀντὶ
1112 4817 1169 4870 δὲ
1218 4817 1335 4883 τοῦ,
1367 4817 1466 4870 ἐπὶ
1505 4815 1606 4870 σοὶ
1658 4814 1933 4884 κεφαλὴν

2042 4827 2292 4896 sperasti.
2341 4824 2459 4880 Non
2521 4826 2798 4881 immerito
2848 4827 3033 4896 itaque
3080 4826 3190 4882 Deo
3243 4843 3345 4882 suo
3395 4828 3605 4891 innixa,

359 4913 666 4978 ἐκίνησεν,
702 4910 932 4976 ἐξέδωκε
992 4896 1308 4981 Σύμμαχος,
1365 4908 1614 4963 ὄπισθέν
1661 4926 1778 4962 σου
1832 4925 1930 4962 κε·
1976 4929 1993 4955 κ

358 5002 567 5072 φαλὴν
588 5004 855 5071 ἐκίνησε.
877 5004 968 5074 Μὴ
983 5004 1149 5057 δοῦσα
1169 5005 1278 5075 γάρ
1309 5020 1387 5055 σοι
1416 5002 1552 5073 πρὸς
1571 5001 1669 5064 τὰς
1697 5000 1933 5071 βλασφη.

359 5096 491 5165 μίας
527 5097 838 5165 ἀπόκρισιν,
887 5098 1292 5167 ἀποστρέψαντε
1328 5113 1510 5165 (mox,
1561 5096 1656 5148 ἐπὶ
1700 5096 1797 5148 σοὶ
1834 5112 1931 5147 κε-

357 5184 572 5250 κίνηκε
626 5185 922 5253 κεφαλὴν,
970 5186 1159 5253 ἔλεγέν
1203 5203 1263 5238 τε
1300 5186 1498 5255 μηκέτι
1528 5186 1755 5252 σιγῶσα,
1798 5186 1932 5237 τίνα

355 5273 674 5341 ὠνείδισας
728 5277 823 5329 καὶ
868 5276 1257 5345 παρώξυναςς
1297 5275 1412 5339 ἀνθ’
1476 5271 1538 5328 οῦ
1563 5316 1577 5339 ,
1622 5276 1933 5345 ἐϐλασφήο

352 5383 558 5438 μησας
613 5369 882 5433 ἐξέδωκαν
940 5370 991 5422 οἱ
1049 5369 1273 5423 λοιποί·
1330 5369 1389 5421 οὐ
1443 5368 1799 5438 λογισάμενος
1857 5369 1933 5430 ὡς

461 5525 501 5555 ⁸⁷
529 5527 637 5579 lca.
672 5541 729 5589 κ,
766 5525 817 5578 5.

896 5525 938 5556 "
966 5525 984 5579 Ι
1014 5524 1143 5597 Reg.
1182 5541 1249 5593 ις,
1294 5524 1394 5590 ‘0;
1428 5522 1495 5578 ill
1537 5524 1668 5593 Reg.
1700 5540 1810 5588 xw,
1844 5523 1876 5577 5
1915 5538 2068 5592 seqq.

2040 4921 2217 4973 minas
2263 4930 2386 4973 tuas
2442 4918 2556 4971 risu
2591 4918 2810 4985 excepit.
2848 4914 3048 4972 Verum
3099 4933 3209 4988 quo
3264 4920 3405 4985 loco,
3458 4922 3516 4973 in
3559 4932 3609 4973 te

2039 5020 2194 5079 caput
2228 4996 2430 5072 'movit,
2473 5007 2741 5063 habemus
2775 5049 2789 5073 ,
2833 5016 2976 5062 retro
3030 5009 3213 5078 ipsum:
3235 5009 3372 5063 idem
3422 5010 3608 5077 fecisse

2038 5100 2175 5153 dixit
2208 5097 2589 5168 Symmachus.
2623 5095 2761 5151 Cum
2803 5097 2972 5169 enim,
3001 5097 3099 5159 ait,
3137 5098 3202 5151 ad
3233 5098 3605 5166 blasphemiae

2040 5188 2174 5241 nihil
2212 5195 2425 5256 putaret
2473 5184 2913 5255 respondendum
2962 5204 2977 5241 :
3045 5185 3115 5240 In
3163 5176 3236 5239 te.
3265 5194 3605 5241 revertentem

2041 5287 2197 5348 caput
2226 5278 2423 5339 oravit;
2455 5285 2724 5347 ruptoque
2763 5278 2989 5332 silentio
3016 5319 3031 5341 ,
3063 5278 3148 5330 cui
3173 5277 3528 5345 exprobrasti,
3554 5290 3605 5333 et

2039 5384 2187 5435 quem
2226 5367 2504 5421 concitasti
2536 5367 2866 5438 ?qua:sirit;
2913 5382 3147 5438 quorum
3180 5370 3320 5435 ioco,
3358 5369 3413 5422 in
3450 5386 3602 5441 quem

2148 5524 2191 5554 ¹⁹
2225 5521 2326 5577 lsa.
2362 5537 2568 5579 xxxvut
2600 5564 2613 5589 ,
2655 5524 2702 5581 l.

1623 5639 1856 5695 VARH‘I
1902 5639 2303 5696 ΙΛμΕἹἸΟΝΕδ.

436 5745 462 5786 P
501 5750 589 5805 :‘p-
623 5733 824 5805 μικρῷι
