4032 6218
364 280 378 291 “
418 269 559 333 2319

1714 268 2038 332 PROCOPI
2044 273 2071 333 Ι
2110 275 2357 337 GAZ/EL

3537 282 3688 346 2320

366 400 371 404 ’
417 382 798 450 blasphemasti
845 381 1048 435 caeteri-
1073 380 1431 437 reddiderunt
1463 401 1477 437 :
1512 396 1638 438 eum
1672 391 1728 437 et
1778 382 1986 464 lsraelis

2101 388 2327 459 ὖψιστὸς
2356 393 2473 447 ἐστι
2501 393 2593 447 καὶ
2621 394 2755 458 Θεὸς
2795 394 3032 466 Ἰσραὴλ,
3065 395 3271 467 οἰηθεὶς
3293 398 3456 467 μηδὲν
3486 400 3687 468 διαφέ-

419 472 584 526 Deum
616 485 887 526 summum
940 485 1050 524 non
1080 484 1239 551 esse,
1271 480 1325 526 et
1352 487 1384 526 a
1425 473 1537 527 tuis
1570 472 1712 527 nihil
1762 472 1991 530 dill‘erre

416 572 659 632 putares,
692 562 1052 632 equitumque
1092 562 1296 617 virtute
1328 565 1383 617 in
1432 579 1551 619 eam
1591 565 1879 634 regionem
1922 568 1990 619 ad

414 655 671 710 montium
699 668 861 723 usque
884 661 938 709 et
965 652 1158 707 Libani
1187 654 1354 721 ipsius
1377 655 1598 726 fastigia
1636 670 1990 726 progressum

412 764 570 814 esse;
599 764 876 813 cupressos
910 747 1169 819 denique,
1205 758 1255 803 et
1289 750 1472 806 cedrus
1501 750 1726 821 (quibus
1762 752 1904 806 elata
1938 761 1992 807 et

413 841 645 913 superba
672 849 995 897 eteterarum
1036 841 1281 913 gentium
1310 856 1479 914 regna
1518 844 1820 915 signiﬁcat)
1862 861 1988 899 suc»

412 933 626 987 cidisse.
1229 987 1232 991 ,

482 1014 752 1078 Caeterum
794 1037 896 1093 pro
944 1024 1227 1093 cupressis,
1287 1024 1481 1081 abietes
1521 1025 1751 1098 Aquila;
1783 1025 1991 1095 iunipe-

413 1132 499 1169 νος
531 1114 940 1185 Symmachus;
981 1116 1234 1192 idemque
1257 1133 1355 1188 pro
1378 1120 1561 1175 verbis
1598 1121 1740 1185 istis,
1775 1122 1830 1174 iu
1865 1121 1991 1175 alti-

413 1208 642 1262 tudinem
694 1209 864 1277 partis
918 1213 1110 1275 saltus,
1171 1212 1300 1277 alia,
1359 1213 1415 1266 in
1454 1214 1797 1269 altitudinem
1846 1230 1991 1269 sum-

413 1300 617 1353 mitatis
680 1299 843 1367 ipsius
906 1300 961 1353 in
1012 1309 1232 1366 saltum,
1282 1304 1566 1372 usurpavit
1613 1321 1627 1359 :
1684 1313 1745 1359 ut
1815 1305 1990 1374 ipsius

409 1390 648 1444 Carmeli
688 1390 898 1444 sterilia
942 1390 1095 1457 loca;
1138 1406 1235 1461 per
1266 1393 1467 1447 saltum
1505 1394 1766 1464 denique,
1798 1402 1987 1466 gentes

415 1481 508 1536 Dei
558 1481 869 1550 cognitione
897 1481 1138 1548 privatas
1168 1482 1529 1553 signiﬁcaret.
1584 1485 1663 1540 Eo
1718 1493 1985 1556 prasterea

414 1570 737 1625 temeritatis
768 1580 821 1625 et
850 1571 1178 1642 arrogantiae
1206 1588 1531 1644 progressus
1573 1590 1658 1641 es,
1692 1584 1749 1629 ut
1776 1586 1987 1647 pontem

413 1672 459 1715 te
491 1662 728 1730 posuisse
762 1660 1012 1731 adjicias,
1043 1679 1310 1732 aquasque
1339 1664 1634 1733 desolasse,
1686 1675 1737 1722 et
1780 1684 1987 1722 omnem

2100 497 2218 552 ρειν
2243 481 2353 536 τῶν
2395 484 2503 537 ὑπὸ
2539 485 2622 538 σοὶ
2659 486 2963 553 γεγονότων
3015 486 3190 553 θεῶν,
3223 490 3318 542 καὶ
3356 490 3552 560 ἱππικῇ
3587 489 3689 543 δυ-

2100 573 2262 645 νάμει
2310 576 2409 645 τῆς
2448 576 2643 630 ἑαυτοῦ
2685 577 3088 650 ἀναϐεϐηκέναι
3134 580 3284 649 πρὸς
3320 580 3479 649 ὕψος
3523 580 3691 649 ὀρῶν

2098 664 2195 718 καὶ
2229 665 2322 717 ἐπ’
2358 665 2589 736 ἐσχάτου
2623 665 2884 720 Λιϐάνου
2936 669 3336 736 κυπαρίττους
3387 668 3689 725 ἀποκεκο-

2097 758 2291 827 sperat,
2317 759 2414 813 καί
2448 759 2719 828 κέδρους,
2744 745 2920 833 δηλῶν
2948 762 3046 826 τὰς
3082 761 3401 833 ἐπηρμένας
3426 761 3536 815 τῶν
3564 760 3686 814 λοι-

2098 850 2217 906 πῶν
2252 852 2422 907 ἐθνῶν
2449 852 2749 923 βασιλείας.

2166 1031 2281 1094 Τὰς
2305 1029 2365 1085 δέ
2402 1033 2808 1100 κυπαρίττους
2833 1034 2862 1087 ὁ
2900 1032 3002 1103 μὲν
3042 1031 3276 1096 ’Λκύλας
3301 1032 3540 1097 ἐλάτας,
3569 1033 3601 1085 ό
3626 1033 3689 1086 δὲ

2098 1123 2397 1195 Σύμμαχος
2428 1126 2763 1193 ἀρκεύθους
2796 1127 3082 1191 ἐξέδωκεν.
3121 1126 3232 1180 Καὶ
3282 1126 3405 1179 ἀντὶ
3432 1124 3551 1188 τοῦ,
3594 1128 3692 1190 είς

2096 1215 2256 1282 ὒψος
2308 1214 2531 1285 μέρους
2579 1215 2689 1270 τοῦ
2744 1216 2997 1286 δρυμοῦ,
3031 1218 3120 1281 εἰς
3162 1216 3323 1283 ὕψος
3354 1216 3460 1268 τοῦ
3490 1215 3689 1282 ἄκρου

2094 1303 2282 1358 αὑτοῦ
2330 1306 2419 1370 εἰς
2466 1303 2574 1357 τὸν
2627 1303 2876 1372 δρυμὸν,
2916 1302 3007 1357 τοῦ
3052 1302 3349 1373 Καρμήλου
3404 1301 3571 1353 αὑτοῦ
3614 1298 3727 1378 τὰ,

2096 1394 2346 1466 ἄκαρπα,
2377 1396 2475 1449 καὶ
2528 1395 2661 1449 Θεὸν
2703 1396 2803 1450 οὐκ
2844 1395 3025 1450 εἰδότα
3085 1394 3234 1465 ἔθνη,
3274 1393 3512 1456 καλέσας
3539 1392 3691 1460 δρυ-

2091 1487 2229 1556 μόν.
2284 1485 2713 1556 Ἀπηυθαδίζετο
2748 1485 2805 1541 δέ
2840 1489 3063 1541 κακεῖνο
3107 1481 3385 1555 προσθεὶς.
3416 1482 3513 1535 καὶ
3544 1482 3689 1549 ἐθη-

2094 1593 2173 1630 κα
2221 1575 2510 1645 γέφυραν,
2560 1575 2658 1630 καὶ
2715 1575 3007 1645 ἠρήμωσα
3054 1573 3275 1631 ὕδατα.
3323 1572 3421 1625 καί
3470 1569 3689 1626 πᾶσαν

2094 1670 2462 1736 συναγωγὴν
2491 1665 2745 1721 ὑδάτων.
2782 1666 2853 1719 Ἢ
2884 1664 3025 1719 κατὰ
3049 1662 3368 1734 Σύμμαχον,
3395 1661 3509 1730 ἐγὼ
3528 1660 3689 1730 ὠρυ-

410 1753 866 1823 congregationem
915 1770 1216 1824 aquarum;
1249 1764 1342 1810 aut
1387 1758 1690 1813 secundum
1731 1758 1986 1830 Symma-

2093 1755 2171 1819 εα
2192 1755 2293 1809 καὶ
2323 1756 2497 1810 ἔπιον
2527 1754 2705 1822 ὕδωρ.
2733 1754 2833 1809 καὶ
2866 1753 3165 1833 ήρήμωσαὶ
3198 1752 3268 1806 ἐν
3304 1753 3457 1822 ἴχνει
3490 1749 3687 1815 ποδός

410 1843 595 1907 cltum,
633 1842 829 1911 fodisse
854 1850 922 1909 te,
951 1852 1000 1897 et
1042 1844 1236 1899 bibisse
1265 1861 1481 1916 aquam,
1509 1847 1757 1919 pedisque
1792 1850 1871 1901 tui
1906 1865 1987 1904 ve-

408 1934 565 2005 stigio
619 1934 808 2003 ﬂuvios
866 1949 1045 1990 omnes
1105 1934 1333 2006 (quibus
1383 1940 1630 2009 gentium
1669 1940 1985 2008 multitudo,

407 2040 708 2095 earumque
751 2025 819 2079 de
853 2025 960 2082 diis
994 2026 1283 2096 Opiniones
1319 2028 1678 2103 indicantur)
1717 2032 1985 2088 coheren-

406 2124 485 2170 tes
533 2114 841 2177 desolasse;
896 2113 1162 2185 nullaque
1205 2130 1263 2171 re
1292 2116 1557 2186 praeclara
1604 2119 1778 2187 magis
1824 2132 1986 2188 quam

408 2207 715 2277 regionum,
761 2204 1025 2262 adversus
1076 2221 1215 2277 quas
1250 2208 1495 2274 movisti,
1524 2210 1831 2267 vastatione
1872 2210 1989 2281 glo-

409 2297 588 2352 rieris.
625 2296 765 2352 Sunt
813 2305 1021 2363 tamen,
1070 2298 1163 2369 qui
1217 2297 1411 2353 Libani
1444 2300 1687 2365 nomine,
1731 2315 1842 2356 non
1889 2299 1987 2354 Ju-

406 2388 651 2444 dseorum
686 2390 962 2461 regionem
995 2397 1230 2457 tantum,
1260 2390 1355 2448 sed
1397 2398 1453 2451 et
1493 2407 1614 2448 eam
1645 2394 1833 2459 etiam,
1867 2408 1989 2462 quae

407 2494 435 2531 a
470 2479 658 2534 decem
692 2480 948 2535 tribubus
977 2488 1303 2551 occupatur,
1352 2482 1582 2553 intelligi
1619 2484 1809 2541 velint.
1850 2484 1991 2538 Altae

407 2569 551 2624 enim
584 2580 639 2625 et
683 2571 914 2627 excelsa:
961 2573 1136 2628 ambae
1196 2573 1437 2640 fuerunt,
1502 2589 1629 2630 cum
1679 2576 1985 2646 adiutorem

408 2659 579 2713 Deum
628 2660 958 2714 habuerunt.
1011 2659 1353 2733 Frequentes
1392 2664 1591 2719 deinde
1627 2672 1683 2719 et
1726 2667 1985 2736 copiosae.

406 2770 531 2825 quee
562 2762 640 2808 tot
682 2753 880 2808 incolis
927 2753 1298 2812 abundarunt.
1350 2755 1595 2820 Quarqu
1648 2757 1822 2813 altera
1871 2758 1986 2829 jam

360 2836 366 2842 ’
404 2861 639 2917 prorsus
670 2854 960 2916 occupata,
998 2847 1224 2901 alteram
1254 2846 1420 2901 etiam
1467 2862 1548 2912 se,
1592 2852 1784 2919 paucis
1825 2864 1988 2907 exce-

404 2940 537 3010 ptis,
572 2940 788 3009 propria
821 2940 1023 2993 virtute
1053 2937 1326 3007 adjeeisse
1369 2936 1476 2993 sibi
1525 2954 1650 2994 eum
1683 2938 1847 3013 525
1878 2940 1986 3001 As-

410 3032 590 3103 syrius
621 3037 836 3101 putaret
867 3049 880 3086 :
919 3030 1212 3102 subjugato
1258 3029 1477 3086 lsraelis
1507 3045 1677 3101 regno
1726 3031 1874 3102 quod
1903 3032 1989 3086 al-

2085 1864 2207 1917 μου
2256 1848 2489 1913 πάντας
2550 1847 2856 1917 ποταμοὺς
2908 1840 3383 1914 συνεχοιῖένους,
3433 1841 3504 1895 τὰ
3561 1842 3685 1896 τῶν

2089 1938 2261 1992 ἐθνῶν
2316 1938 2518 2009 πλήθη,
2551 1940 2647 1992 καὶ
2692 1939 2819 2002 τοὺς
2884 1937 3016 2008 περὶ
3055 1937 3192 1990 θεῶν
3248 1936 3444 2004 λόγους
3494 1933 3683 1988 αὐτῶν

2088 2028 2480 2100 αἰνιττόμενος,
2508 2019 2607 2082 ’καὶ
2629 2029 2716 2081 ἐπ’
2747 2029 2925 2082 οὐδενὶ
2956 2028 3055 2098 μὲν
3085 2026 3297 2096 ἀγαθῷ,
3354 2026 3441 2078 ἐπ’
3484 2025 3682 2093 ἀφανι-

2090 2119 2211 2191 σμῷ
2238 2121 2296 2174 δέ
2321 2113 2396 2176 ὧν
2425 2120 2597 2190 ἐπέὅη
2632 2121 2852 2193 χωρίων
2899 2118 3275 2190 καυχώμενος.
3307 2117 3464 2181 Τινὲς
3485 2116 3542 2169 δὲ
3574 2115 3682 2186 τὴν

2086 2210 2196 2265 τῶν
2232 2212 2504 2268 Ἰουδαίων
2544 2210 2728 2282 χώραν
2776 2213 3038 2267 Λίϐανον
3094 2208 3347 2281 εἰρῆσθαί
3395 2224 3553 2277 φασι,
3579 2206 3682 2261 καὶ

2086 2303 2187 2374 τὴν
2215 2303 2274 2356 ἐν
2299 2297 2333 2377 ᾖ
2366 2301 2651 2374 κατῴκουν
2681 2305 2737 2356 αἱ
2770 2302 2801 2357 ι’
2832 2302 3023 2371 φυλαί·
3053 2300 3285 2372 ὑψηλαὶ
3317 2299 3416 2370 μὲν
3442 2298 3550 2370 γὰρ
3577 2299 3685 2352 aiio

2086 2393 2200 2458 ταὶ,
2260 2393 2394 2448 Θεὸν
2448 2393 2673 2464 ἔχουσαι
2725 2393 2941 2464 βοηθόν.
3005 2394 3226 2447 Δασεῖαι
3280 2392 3340 2445 δὲ
3387 2389 3681 2452 τοσούτους

2088 2485 2307 2556 ἔχουσαι
2334 2485 2462 2549 τοὺς
2487 2486 2799 2556 οἰκήτορας,
2826 2478 2903 2540 ὧν
2930 2484 3029 2556 τὴν
3074 2484 3171 2555 μὲν
3213 2478 3326 2536 εἷλε
3371 2480 3678 2546 παντελῶς,

2087 2578 2186 2650 τὴν
2217 2578 2276 2633 δέ
2305 2577 2445 2650 πλὴν
2471 2577 2689 2647 ὀλίγων,
2705 2577 2771 2643 ἃς
2795 2578 3074 2649 ἐνόμισας,
3102 2576 3290 2649 φησὶν,
3321 2576 3425 2649 ἰδίᾳ
3443 2576 3681 2647 δυνάμει

2087 2667 2480 2740 χειρώσασθαι,
2511 2669 2606 2722 καὶ
2658 2668 2929 2740 κρατῆσαι
2964 2668 3066 2736 τῆς
3116 2666 3332 2738 Ἰσραὴλ
3373 2664 3679 2737 βασιλείας,

2087 2762 2155 2832 ην
2189 2761 2451 2815 ἐκάλεσεν
2480 2761 2639 2830 ὕψος
2698 2761 2950 2829 κέδρου,
2991 2760 3176 2829 μέρος
3212 2760 3271 2812 δὲ
3318 2758 3574 2826 δρυμοῦ,
3615 2759 3686 2813 τὸ

2089 2856 2188 2926 τῆς
2223 2854 2482 2917 Ἰουδαίας
2518 2853 2818 2916 ἀπολωλός.
2875 2847 3007 2906 Εἶτα
3052 2853 3180 2922 περὶ
3225 2853 3486 2921 γεφύρας
3516 2850 3681 2921 φησὶ,

2089 2947 2189 3003 καί
2235 2940 2520 3015 ποταμῶν
2559 2942 3023 3014 ἀφανιζομένων,
3065 2942 3211 3013 ειπερ
3253 2941 3473 2994 ἐποίουν
3497 2942 3547 2993 oi
3574 2940 3685 3010 τῆς

2103 3039 2288 3104 Ἀσίας
2334 3037 2688 3110 κρατοῦντες.
2747 3037 3071 3108 πολυχειρίᾳ
3121 3034 3470 3107 θαρροῦντες.
3534 3035 3683 3099 Τοὺς

410 3093 688 3179 titudinem
711 3122 858 3177 cedri
888 3093 1115 3177 vocavit
1129 3139 1144 3188 ;
1183 3129 1237 3175 et
1256 3120 1456 3176 Judaea:
1490 3093 1683 3187 altero,
1715 3093 1860 3191 quod
1890 3138 1985 3194 per

2094 3131 2193 3203 μὲν
2243 3093 2352 3202 γὰρ
2376 3093 2732 3201 ιἐγιπιςρύροον
2772 3093 3245 3198 τῶηῆποταμῶν..
3281 3128 3342 3182 '0
3384 3093 3446 3183 δέ
3469 3093 3683 3199 Ξέρξης

408 3218 581 3273 saltus
603 3226 804 3287 partem
825 3215 1152 3286 designavit,
1179 3215 1480 3284 potiturum
1505 3230 1565 3276 se
1586 3215 1978 3273 arbitrabatur.

411 3307 671 3379 Sequitur
711 3307 819 3360 alia
843 3305 911 3360 de
940 3314 1115 3374 ponte,
1144 3304 1321 3375 deque
1346 3305 1659 3375 ﬂuminibus
1700 3306 1982 3362 exsiccatis

405 3400 677 3470 jactatio:
731 3397 914 3470 qualia
953 3397 1022 3452 ab
1080 3396 1225 3452 Asia:
1286 3396 1529 3467 regibus,
1584 3398 1677 3468 qui
1742 3399 1981 3454 militum

409 3489 756 3546 multitudine
810 3487 1209 3559 gloriabantur,
1260 3484 1404 3541 facta
1450 3494 1774 3542 narrantur.
1825 3487 1983 3561 Legi-

401 3595 533 3634 mus
592 3577 736 3634 enim
787 3587 842 3634 et
892 3578 1085 3648 fluvios
1136 3586 1290 3646 ponte
1330 3576 1617 3646 junxisse;
1647 3586 1703 3634 et
1746 3576 1983 3637 Xerxem

409 3671 856 3743 Hellespontum;
887 3680 942 3727 et
969 3670 1267 3726 exhaustos
1295 3669 1602 3725 bibentium
1626 3671 1983 3730 multitudine

408 3778 601 3819 amnes
628 3762 798 3818 liuere
836 3762 1088 3819 desiisse.
1146 3762 1250 3815 Sed
1284 3775 1401 3816 non
1447 3770 1544 3816 tua
1582 3773 1730 3830 sunt,
1762 3764 1983 3836 inquit,

2089 3219 2186 3275 καὶ
2214 3219 2309 3274 τὸν
2345 3218 2756 3290 Ἑλλήσποντον.
2801 3218 2865 3271 Oi
2908 3217 2966 3270 δὲ
2994 3215 3291 3271 ἀπέλειπον
3319 3215 3411 3270 ὑπ’
3452 3215 3682 3269 ἐκείνων

2089 3298 2371 3383 γενόμενοι
2401 3310 2480 3382 τῷ
2520 3311 2630 3365 τῶν
2680 3309 2943 3365 πινόντων
2970 3309 3072 3363 οὐκ
3117 3309 3432 3377 ἀντέχοντες
3458 3305 3679 3376 πλήθει.

2100 3402 2239 3455 Ἀλλ’
2293 3419 2486 3457 ουστον
2508 3411 2538 3452 ιι
2582 3402 2701 3455 ἐστὶ
2755 3399 2932 3455 ταῦτα
2959 3438 2975 3463 ,
2998 3399 3186 3470 φησίν.
3233 3396 3378 3467 Ἐγὼ
3414 3396 3520 3467 γὰρ
3550 3411 3682 3448 κατ’

2089 3494 2336 3561 ἐκείνων,
2403 3492 2499 3548 τοῦ
2566 3493 2759 3547 παθεῖν
2813 3495 2907 3546 τὸν
2967 3492 3094 3562 ὅρον
3146 3489 3439 3561 ἐξήνεγκα.
3493 3489 3566 3541 Σὺ
3619 3487 3682 3541 δὲ

2089 3588 2190 3659 τὴν
2270 3586 2401 3658 παρ’
2486 3585 2614 3656 ἐμοὶ⁵
2691 3583 2977 3655 πρόπαλαι
3063 3580 3370 3653 κρατοῦσαν
3448 3575 3682 3647 γνώμην

2088 3678 2362 3750 ἠγνόηκας
2412 3676 2542 3747 περὶ
2583 3674 2685 3745 τῆς
2730 3675 2840 3729 τῶν
2885 3672 3226 3729 ἀσεϐούντων
3275 3669 3549 3731 ἀπωλείας
3586 3668 3681 3720 ἐθ-

2093 3784 2200 3820 νων
2207 3804 2224 3820 ο

413 3859 545 3914 ista.
589 3856 703 3928 Ego
731 3858 876 3912 enim
909 3857 1157 3912 laborum
1180 3855 1291 3911 illis
1322 3855 1674 3928 patiendique
1699 3860 1994 3915 terminum
2032 3859 2220 3917 deﬁxi.
2252 3861 2321 3914 At
2349 3865 2431 3925 tu,
2468 3872 2591 3929 qua
2625 3856 2761 3913 mibi
2794 3854 3112 3927 jamdudum
3155 3861 3305 3910 certa
3338 3856 3577 3929 constat,
3604 3849 3678 3904 de

409 3948 699 4019 impiarum
727 3947 968 4017 gentium
1004 3946 1254 4009 interitu,
1288 3948 1615 4002 sententiam
1652 3962 1830 4004 meam
1877 3964 1989 4005 non
2027 3950 2202 4007 vides.
3564 3951 3571 3955 ’

477 4040 581 4107 Qui
612 4054 739 4094 vero
767 4038 835 4093 de
877 4035 1128 4092 Samaria
1161 4044 1215 4090 et
1243 4032 1429 4091 Judma
1465 4035 1574 4091 diei
1609 4038 1987 4095 arbitrantur:

2163 4039 2229 4093 Οἱ
2257 4039 2315 4093 δὲ
2344 4039 2472 4106 περὶ
2504 4037 2821 4109 Σαμαρείας
2852 4035 2949 4091 καὶ
2976 4035 3077 4106 τῆς
3121 4033 3381 4099 Ἰουδαίας
3423 4034 3672 4099 εἰπόντες

401 4132 645 4187 ‘Deeebat
693 4139 766 4197 te,
828 4130 1017 4196 aiunt,
1054 4128 1349 4199 prophetas
1400 4144 1552 4186 meos
1611 4131 1883 4196 evolvere,
1931 4139 1986 4188 et

2093 4132 2366 4205 εἰρῆσθαι,
2384 4130 2543 4202 Ἐξῆν
2560 4147 2665 4197 σοι,
2690 4133 2844 4201 φασὶ,
2873 4133 2987 4193 τοῖς
3008 4131 3162 4199 ἐμοῖς
3185 4130 3430 4199 ἐντυχεῖν
3458 4130 3672 4199 προφήο

402 4239 529 4295 quae
561 4223 629 4277 de
682 4222 791 4276 illis
820 4220 1079 4292 praedicta
1128 4226 1279 4283 sunt,
1328 4236 1559 4291 qtueque
1593 4230 1644 4277 te
1670 4223 1792 4293 ipso
1840 4239 1986 4279 nunc

2093 4243 2230 4290 ταις,
2282 4226 2376 4279 καὶ
2403 4223 2609 4293 γνῶναι
2647 4225 2719 4278 τὰ
2746 4222 3217 4295 προθεσπισθὲντα
3248 4220 3375 4292 περὶ
3403 4219 3605 4279 αὐτῶν.
3635 4219 3673 4273 ἃ

407 4334 565 4382 usus,
632 4323 893 4384 tanquam
948 4315 1339 4379 instrumento,
1394 4313 1575 4385 τείρεα
1632 4316 1882 4385 compleo
1931 4325 1986 4372 et

2093 4317 2185 4371 νῦν
2218 4319 2298 4381 είς
2325 4317 2488 4387 ἔργον
2513 4314 2732 4384 ὀργάνῳ
2768 4330 2851 4367 σοι
2884 4312 3232 4410 χρησάμενος
3256 4312 3488 4410 ἠγαγον.
3529 4311 3670 4410 Ἑμῇ

409 4415 632 4478 praesto,
691 4406 1017 4473 intelligere.
1071 4402 1183 4458 Eos
1231 4405 1433 4459 etenim
1490 4406 1777 4460 clementia
1837 4422 1979 4471 mea,

2093 4408 2199 4479 γὰρ
2225 4406 2413 4473 ὥσπερ
2443 4404 2593 4472 χειρὶ
2623 4403 2846 4466 τούτους
2881 4404 2948 4472 τῇ
2979 4401 3300 4472 ἀνεξικακίᾳ
3339 4400 3672 4472 διακρστῶν,

411 4498 577 4552 veluti
609 4513 794 4560 manu,
828 4496 922 4550 diu
954 4502 1186 4559 tutatus,
1217 4505 1506 4564 postquam
1546 4496 1613 4548 ad
1638 4493 1980 4552 Salvatoretn

2093 4498 2215 4550 ius).
2246 4496 2320 4566 μὴ
2347 4496 2687 4566 ἐπέστρεφον
2733 4493 2871 4565 πρὸς
2914 4493 3008 4546 τὸν
3040 4492 3266 4565 Σωτῆρα
3295 4492 3389 4547 τὸν
3436 4490 3671 4555 ἑαυτῶν,

408 4604 569 4643 suum
620 4589 800 4643 redire
838 4588 984 4641 nolle
1039 4586 1288 4649 adverti,
1321 4585 1387 4640 ad
1445 4595 1493 4639 te
1541 4588 1757 4653 remisi;
1806 4604 1986 4660 neque

2093 4587 2289 4656 ἀνῆκὰ
2345 4602 2446 4641 σοι
2490 4585 2737 4650 τούτους,
2794 4585 2889 4638 καὶ
2931 4585 3051 4639 τότε
3099 4584 3332 4654 γέγονας
3371 4585 3672 4655 ἐγκρατής.

408 4679 563 4749 prius
594 4679 648 4733 in
679 4689 827 4732 tuam
856 4684 1183 4748 potestatem
1225 4686 1511 4732 venerunt.
1551 4677 1632 4732 Illi
1661 4681 1830 4744 enim,
1860 4696 1985 4736 eum

2099 4679 2379 4747 Ἀκαρποι
2408 4677 2518 4747 γὰρ
2540 4675 2715 4739 ὄντες,
2742 4675 3027 4745 ἀγρώστει
3055 4674 3161 4729 καί
3172 4675 3364 4743 χόρτῳ
3383 4673 3675 4737 εἰκάζοντο

406 4771 588 4827 fructu
623 4777 866 4836 careant,
905 4769 1135 4838 gramiui
1181 4768 1306 4835 ipsi,
1338 4767 1559 4838 fanaque
1609 4777 1863 4825 tectorum
1911 4773 1986 4827 si-

2093 4768 2388 4839 δωμάτων,
2428 4769 2523 4821 κα)⁸
2558 4767 2756 4838 μηκέτι
2818 4765 3220 4829 σκεπασθὼτες
3252 4764 3673 4833 ἀπεξηράνθη-

406 4864 587 4926 miles,
625 4859 783 4916 'nullo
815 4860 1053 4932 amplius
1083 4859 1291 4913 auxilio
1322 4860 1579 4928 protecti,
1625 4872 1985 4926 exaruerunt;

404 4956 551 5028 quod
580 4970 689 5011 non
735 4952 886 5024 passi
920 4963 1128 5019 essent,
1170 4953 1216 5008 si
1273 4954 1479 5008 vineam
1532 4964 1627 5009 aut
1673 4953 1872 5008 olivam
1926 4969 1987 5011 se

403 5065 528 5107 esse
562 5048 909 5104 maluissent.
938 5046 1030 5103 Ad.
1052 5063 1174 5113 quae
1208 5056 1264 5102 tu
1290 5062 1414 5103 eum
1460 5056 1699 5104 mentem
1743 5063 1851 5102 non
1884 5049 1981 5104 ad-

2086 4874 2228 4924 σαν,
2256 4861 2393 4929 ὅπερ
2426 4859 2526 4913 οὐκ
2550 4858 2618 4913 ἂν
2647 4858 2850 4915 ἔπαθον
2889 4858 3159 4929 ἄμαὲελος
3185 4858 3220 4929 ἢ
3251 4858 3406 4911 ἔλαια
3467 4858 3671 4926 τυγχάο

2085 4966 2289 5014 νοντες.
2318 4950 2391 5003 Σὺ
2432 4950 2490 5004 δὲ
2539 4949 2615 5021 μὴ
2658 4948 2834 5005 ταῦτα
2879 4950 3093 5021 φρονῶν
3135 4948 3314 5020 ἀήθης
3349 4958 3371 4987 τ
3433 4949 3529 5002 καὶ
3571 4951 3674 5018 τῆς

2086 5043 2228 5114 ἐμῆς
2261 5042 2469 5106 πόλεως
2512 5043 2570 5096 ἐν
2595 5041 2768 5113 ὁμοίῳ
2816 5043 3059 5113 κρατεῖν.
3091 5042 3166 5095 Οὐ
3189 5040 3298 5112 γὰρ
3340 5040 3521 5107 ἀγνοῶ
3550 5055 3671 5093 σου

402 5148 668 5205 vorteres,
695 5137 918 5192 civitate
947 5151 1066 5193 mea
1111 5136 1229 5207 pari
1282 5136 1447 5192 modo
1473 5136 1777 5206 potiturum
1808 5145 1861 5192 te
1890 5152 1985 5191 ar-

2093 5136 2196 5201 τὰς
2229 5134 2612 5203 ἐνθυμήσεις,
2647 5133 2769 5188 οὐδὲ
2818 5133 2931 5200 τὴν
2957 5132 3200 5188 εἷσοδόν
3230 5149 3289 5185 τε
3330 5132 3426 5187 καὶ⁵
3451 5126 3672 5195 ἔξοδον

405 5232 646 5287 bitratus
669 5245 751 5286 es.
781 5228 970 5299 Neque
994 5224 1140 5283 enim
1177 5230 1561 5300 cogitationum
1591 5238 1806 5282 tuarum
1849 5230 1983 5284 mihi

2093 5224 2203 5278 τῶν
2236 5223 2346 5279 σῶν
2372 5222 2675 5294 λογισμῶν.
2712 5224 2868 5289 Τινὲς
2895 5223 2953 5276 δὲ
2992 5224 3086 5277 τὸν
3114 5222 3214 5293 μὲν
3246 5221 3475 5275 θάνατον
3502 5219 3669 5273 αὑτοῦ

404 5324 624 5393 ignotus
673 5331 760 5379 est
817 5337 1066 5389 sensus;
1117 5321 1229 5377 imo
1294 5338 1364 5378 ne
1416 5321 1547 5392 quid
1596 5322 1703 5376 illa:
1762 5321 1979 5391 quidem

2093 5314 2181 5369 διὰ
2208 5314 2314 5382 τῆς
2354 5315 2751 5381 ἀναπαύσεως
2777 5314 3068 5384 δηλοῦσθαι
3098 5331 3278 5383 φασιν.
3314 5310 3579 5366 Εῖσοδον
3608 5312 3669 5364 δὲ

401 5416 649 5481 primunt,
682 5413 810 5483 quid
856 5424 1178 5483 postremum
1216 5413 1442 5482 agitent.
1497 5407 1752 5465 Nonnulli
1790 5412 1979 5481 quietis

2093 5408 2189 5461 καί
2219 5406 2459 5473 ἔξοδον,
2488 5407 2588 5479 τὴν
2637 5409 2693 5461 ἐν
2735 5407 2897 5460 παντὶ
2938 5405 3049 5461 τῶν
3082 5405 3368 5478 πρακτέων
3394 5402 3533 5457 όδὸν.
3563 5399 3672 5455 Δέ-

1674 5585 1908 5644 νΛῐυΑῐ
1951 5584 2357 5643 ιεωιυΝῐεδ.

480 5684 632 5762 ῥιγρ.
664 5676 795 5733 ἀλλ’
825 5678 887 5732 οὐ
918 5675 1036 5732 σού.
1118 5689 1238 5751 trp.
1270 5677 1480 5750 ᾠήθης.
