4032 6218
318 425 345 445 η
423 352 567 422 2321

1584 288 2117 419 CdMliiENTARII
2154 351 2240 416 IN
2264 352 2552 415 ISAIAM.

3535 352 3675 417 2322

424 482 539 533 γων
565 463 622 518 δὲ
643 463 719 529 ὡς
746 464 785 532 ἡ
814 467 1019 534 πικρία
1043 481 1159 521 σου
1185 466 1372 537 ἀνέϐη
1414 469 1564 538 πρός
1603 488 1681 540 με
1704 511 1720 535 ,
1774 470 1809 542 ἢ
1859 470 2003 526 κατὰ

2110 468 2348 535 nomine,
2377 474 2610 522 mortem
2643 464 2800 535 ejus:
2840 476 2937 535 per
2966 464 3248 520 introitum
3274 471 3456 520 autem
3487 473 3542 521 et
3571 469 3688 520 oxi-

426 552 743 624 Σύμμαχον,
784 555 823 623 ri
848 553 1165 617 ἀλαζονεία
1192 574 1310 613 σου
1359 560 1443 625 εις
1472 559 1547 613 τὰ
1591 555 1712 615 ὦτά
1732 578 1875 632 μου,
1904 577 2005 633 ση-

429 646 615 715 μαίνει
633 646 696 700 τὸ
728 646 825 702 νῦν
847 647 1011 702 αὑτὸν
1044 646 1266 717 ὑφέξειν
1302 650 1399 721 τὴν
1419 652 1514 706 ἐπὶ
1544 653 1757 718 τούτοις
1788 656 2003 726 ποινήν.

427 738 654 804 Λοιπὸν,
691 740 767 804 ὡς
800 742 931 812 περὶ
978 744 1209 814 κτήνους
1237 745 1445 815 metu:
1479 745 1668 816 Φιμὸν
1702 748 1852 803 κατὰ
1899 748 2008 803 τοῦ

427 831 728 899 στόματός
779 847 897 889 σου
944 837 1242 891 τοσοῦτον
1280 836 1535 908 ἐμϐαλῶ,
1590 840 1667 903 ὡς
1712 841 1808 895 καὶ
1837 842 2009 912 αὐτὴν

430 922 727 994 συνέχοντα
752 942 846 979 σου
875 927 974 999 τὴν
1019 928 1298 1000 ἀναπνοὴν
1330 930 1644 996 ἀποπνίξαι.
1694 933 1753 986 '0
1777 933 1835 987 δὲ
1864 934 2010 1004 Σύμ-

431 1031 625 1085 μαχος,
657 1017 859 1084 Δώσω,
888 1019 1046 1090 φησὶ,
1079 1020 1294 1088 κρίκον
1328 1023 1416 1089 εἰς
1440 1022 1549 1076 τὸν
1566 1022 1843 1093 μυκτῆρά
1868 1041 2007 1095 σου,

429 1106 530 1160 καὶ
569 1110 827 1176 χαλινὸν
849 1113 938 1176 είς
958 1112 1030 1167 τὰ
1056 1113 1230 1181 χείλη
1256 1127 1397 1178 σου,
1438 1104 1514 1178 ὦς
1533 1116 1601 1170 ἂν
1632 1116 1708 1188 μὴ
1730 1116 1842 1186 ἔχοι
1872 1118 2011 1187 πρὸς

429 1198 461 1251 ὃ
478 1215 530 1252 τι
556 1198 702 1253 θέλοι
731 1205 950 1272 χωρεῖν,
982 1203 1192 1258 ἕλκοιτο
1220 1204 1277 1258 δὲ
1301 1206 1380 1268 είς
1402 1206 1643 1261 τούπίσω
1674 1208 1811 1279 πρὸς
1836 1210 2013 1263 Βαϐυ-

428 1285 577 1341 λῶνα.
602 1288 835 1358 βαδίζων
864 1292 959 1345 καὶ
982 1291 1057 1363 μὴ
1090 1291 1434 1363 βουλόμενος,
1463 1295 1497 1366 ἢ
1529 1297 1625 1351 καὶ
1651 1297 1826 1362 ἄλλως
1853 1299 2012 1352 ἀπει-

429 1378 513 1431 λεῖ
537 1378 791 1451 καθάπερ
817 1381 1046 1451 χαλινῷ
1074 1385 1194 1447 ταῖς
1240 1385 1475 1455 πληγαῖς
1516 1387 1615 1458 τῆς
1663 1388 2014 1461 βλασφημίας

430 1466 714 1538 ἀπείρξειν
764 1470 947 1524 αὐτόν.
1004 1472 1191 1527 Ταῦτα
1252 1474 1352 1543 μὲν
1401 1471 1496 1529 οὖν
1554 1477 1816 1548 εἰρήσθω,
1853 1482 2010 1554 φησι,

433 1558 571 1629 πρὸς
596 1560 809 1616 ἐκεῖνον
841 1563 934 1617 καὶ
984 1565 1059 1636 μὴ
1100 1567 1342 1638 παρόντα
1387 1566 1466 1640 τῷ
1493 1568 1728 1638 σώματι.
1762 1573 1907 1642 Πρὸς
1952 1574 2014 1628 σὲ

433 1649 487 1703 δὲ
510 1649 655 1722 λέγω
684 1651 776 1707 τὸν
820 1653 1089 1719 Ἐζεκίαν.
1141 1658 1236 1723 Et;
1266 1659 1317 1712 oi
1349 1657 1431 1713 δεῖ
1455 1670 1482 1699 ι
1530 1661 1758 1732 σημείου
1795 1664 1904 1719 τῶν
1931 1668 2014 1719 ει-

432 1744 691 1814 ρημίνων
728 1748 867 1818 πρὸς
912 1747 1118 1813 πίστιν,
1167 1750 1276 1804 ίσθι
1323 1753 1431 1806 τὸν
1478 1755 1747 1823 παρόντα
1795 1756 2013 1812 τοῦτον

429 1833 710 1891 ἐνιαυτὸν
745 1836 870 1905 τοῖς
897 1841 1245 1911 αὐτομάτως
1270 1843 1595 1914 φυομένοις
1631 1844 1702 1902 ἐκ
1738 1847 1853 1919 γῆς
1876 1865 2012 1917 τρα-

431 1929 800 1997 φησόμενος.
859 1931 1180 2004 Γεωργῆσαι
1234 1935 1343 2006 γὰρ
1394 1936 1484 1991 διὰ
1532 1938 1660 2003 τοὺς
1716 1940 2012 2013 πολεμίους

431 2018 763 2074 κεκώλυσαι.
800 2020 948 2075 Ἀντὶ
990 2023 1100 2094 γὰρ
1138 2023 1233 2078 τοῦ
1265 2026 1283 2063 ι
1325 2024 1661 2097 ἐσπαρκας,
1705 2033 2013 2103 αὐτόματα

431 2108 635 2174 πάντες
679 2110 951 2176 ἐξέδωκαν
984 2114 1035 2168 οι
1073 2116 1268 2173 λοιποί.
1308 2116 1433 2184 Ττίίς
1470 2120 1529 2175 δὲ
1553 2124 1761 2178 τούτων
1785 2126 2012 2191 ὑπολοί-

432 2217 556 2265 ποις
604 2202 886 2257 ereavth
938 2207 1197 2276 τραφήσῃ
1242 2207 1350 2260 τὸν
1400 2210 1703 2281 δεύτερον.
1754 2216 1902 2271 Ἀντὶ
1952 2218 2011 2274 δὲ

428 2291 524 2345 τοῦ
558 2290 625 2344 τὸ
688 2293 1078 2363 κατὰλειμμα,
1120 2296 1353 2362 ’Δκύλας
1418 2301 1518 2372 μὲν
1568 2304 1663 2357 καὶ
1716 2305 2011 2366 Θεοὸοτίων

427 2381 725 2453 αὐτοφυῆ,
777 2386 808 2438 ὁ
860 2383 919 2439 δὲ
973 2385 1272 2459 Σύμμαχος
1322 2390 1445 2446 ἀπὸ
1501 2393 1765 2465 δένδρων
1816 2398 2011 2467 ἐξέδω-

429 2489 555 2529 καν.

501 2741 616 2795 Δύο
643 2742 830 2799 ταῦτα
859 2748 1358 2820 στενοχωρηθέντες
1397 2750 1526 2821 ἐτη,
1553 2754 1643 2809 διὰ
1690 2757 1753 2811 τὸ
1778 2759 1876 2831 τὴν
1903 2762 2009 2833 χὼ-

434 2849 534 2899 ραν
568 2833 833 2905 ὑπάρχειν
859 2836 1047 2908 ἀργὸν,
1072 2840 1215 2894 κατὰ
1250 2841 1311 2895 τὸ
1358 2843 1562 2912 τρίτον
1604 2847 1759 2914 ἔτος,
1806 2850 1904 2916 τὰς
1943 2856 2009 2908 ἐκ

429 2924 537 2991 γῆς
554 2924 887 2991 ἀπολαύσεις
907 2930 1277 3001 ,καρπώσεσθε
1300 2936 1420 2987 κατ’
1448 2922 1672 3010 εἰρήνην
1708 2938 2005 3013 διάγοντες,

428 3014 478 3065 oi
511 3015 570 3067 ἐν
614 3016 839 3089 Ἰουδαίᾳ
876 3023 1027 3089 κμετὰ
1072 3020 1173 3093 τὴν
1207 3022 1409 3079 ἅλωσιν
1434 3026 1751 3101 Σαμαρείας
1792 3034 2007 3091 ὑπόλοι-

2110 568 2242 625 tum,
2281 573 2402 614 eam
2435 559 2555 625 viai,
2590 571 2711 627 qua:
2741 557 2996 627 getendis
3034 557 3199 613 rebus
3244 555 3501 613 omnibus
3530 557 3686 613 adhi-

2108 651 2289 718 betur,
2325 650 2595 703 rationem
2625 654 2819 719 putant
2855 646 3155 719 designari.
3198 646 3353 714 Quod
3388 655 3568 703 autem
3598 664 3685 703 se-
3760 654 3767 665 ‘

2109 745 2317 813 quitur,
2377 740 2739 795 aniarulentia
2789 748 2882 793 tua
2934 740 3004 793 ad
3067 755 3184 803 me;
3237 740 3323 795 vel
3379 739 3687 796 secundum

2110 832 2423 905 Symmachi
2454 830 2987 902 interpretationem,
3016 831 3326 899 arrogantia
3361 839 3454 884 tua
3484 830 3553 883 ad
3589 846 3688 883 au-

2109 942 2191 982 res
2217 940 2359 979 meas
2382 923 2656 990 ascendit;
2680 922 2793 993 iam
2838 935 2989 975 nunc
3035 920 3268 975 istorum
3316 923 3539 977 nomine
3572 934 3688 992 poe-

2108 1032 2209 1075 nas
2236 1033 2361 1074 eum
2387 1015 2776 1072 essedaturum
2797 1012 3092 1084 signiﬁcat.
3114 1011 3404 1081 Deinceps,
3423 1020 3687 1082 tanquam

2108 1108 2176 1165 de
2214 1108 2469 1178 iumento
2496 1107 2777 1177 loquatur,
2816 1111 3058 1172 tantum,
3101 1103 3301 1175 inquit,
3328 1100 3426 1157 Ori
3462 1111 3551 1157 tuo
3585 1104 3691 1158 sive

2108 1200 2318 1269 frenum
2367 1199 2475 1253 sive
2530 1196 2790 1251 circulum
2843 1211 3110 1272 apponam
3139 1235 3157 1255 .
3211 1205 3272 1249 ut
3326 1194 3691 1265 respiratione

2109 1291 2391 1356 cohibita,
2428 1287 2688 1351 suﬁ‘ocari
2734 1286 2937 1341 valeas.
2990 1285 3062 1339 At
3089 1283 3473 1355 Symmachus,
3513 1281 3687 1346 Dabo,

2111 1380 2277 1454 426
2300 1379 2501 1451 inquit,
2530 1379 2583 1433 in
2626 1394 2783 1433 nares
2819 1385 2941 1432 tuas
2974 1377 3260 1440 annulum,
3284 1384 3354 1429 wet
3398 1374 3606 1444 frenum
3635 1375 3692 1427 in

2113 1473 2258 1526 labia
2288 1480 2402 1537 tua,
2443 1484 2534 1534 ne,
2569 1466 2678 1539 quo
2727 1468 2866 1524 velis
2895 1468 3097 1535 abeas,
3130 1467 3230 1522 sed
3263 1466 3471 1522 invitus
3512 1464 3693 1535 Baby-
3796 1516 3807 1527 ,

2110 1562 2290 1618 lenem
2322 1562 2646 1617 retraharis.
2697 1558 3021 1629 Quanquam
3077 1559 3215 1615 alias
3263 1558 3452 1624 etiam,
3493 1556 3690 1628 plagis,

2114 1660 2378 1722 tanquam
2419 1650 2591 1720 freno,
2628 1664 2659 1703 a
2687 1648 3048 1719 blasphemiis
3067 1663 3193 1704 eum
3216 1662 3277 1703 se
3307 1655 3695 1703 revocaturum

2115 1742 2362 1797 minitari
2395 1741 2668 1798 videatur.
2701 1741 2881 1811 Atque
2919 1740 3035 1795 haec
3077 1739 3323 1809 quidem,
3378 1738 3577 1809 inquit,
3625 1738 3693 1791 ad

2040 1812 2087 1873 Β
2113 1847 2264 1899 eum,
2301 1832 2429 1889 licet
2480 1833 2764 1889 absentem
2816 1844 3067 1900 corpore,
3101 1829 3251 1885 dicta
3302 1829 3435 1885 sint.
3474 1826 3475 1829 “
3508 1828 3591 1883 Ad
3641 1835 3697 1882 te

2108 1927 2222 1998 jam
2254 1924 2545 1981 Ezechiam
2577 1940 2696 1980 mea
2733 1931 3091 1981 convertatur
3134 1924 3336 1979 oratio.
3373 1922 3431 1977 Si
3455 1936 3566 1993 quo
3596 1921 3696 1977 tibi

2114 2015 2275 2086 signo
2310 2014 2376 2069 ad
2406 2029 2599 2070 eurum
2631 2014 2813 2082 ﬁdem,
2845 2030 2969 2086 quae
3012 2014 3161 2069 dicta
3209 2023 3360 2080 sunt,
3391 2028 3534 2085 opus
3564 2022 3650 2070 est
3676 2033 3691 2068 :

2112 2105 2253 2160 scito
2286 2112 2340 2160 te
2386 2120 2525 2158 anno
2570 2104 2673 2158 isto
2703 2104 2855 2159 rebus
2898 2120 3017 2175 qua:
3050 2114 3237 2174 sponte
3279 2113 3572 2159 nascuntur
3613 2105 3695 2158 vi-

2113 2205 2323 2249 clurttm
2345 2237 2359 2261 ,
2388 2195 2481 2265 qui
2518 2204 2719 2250 terram
2750 2195 2934 2251 colere
2963 2205 3185 2265 propter
3216 2195 3402 2249 hostes
3426 2209 3537 2251 non
3565 2209 3693 2264 pus-

2112 2289 2208 2343 sis.
2248 2288 2384 2343 Nam
2437 2302 2560 2357 pro,
2605 2302 2727 2357 quae
2793 2287 3104 2350 seminasti,
3158 2286 3251 2341 alii
3308 2300 3522 2353 omnes,
3572 2301 3709 2356 quae-

2111 2386 2297 2447 sponte
2350 2385 2668 2442 nascuntur,
2730 2374 3181 2444 interpretantur.
3233 2372 3470 2429 Istorum
3519 2386 3699 2429 autem

2110 2472 2354 2543 reliquiis
2386 2487 2527 2526 anno
2566 2469 2793 2525 secundo
2822 2468 3116 2525 nutrieris.
3149 2468 3255 2524 Sed
3291 2483 3389 2541 pro
3422 2468 3691 2541 reliquiis,

2109 2567 2308 2636 Aquila
2356 2564 2577 2634 quidem
2624 2571 2682 2618 et
2731 2561 3040 2617 Theodotio
3087 2570 3272 2630 sponte
3312 2561 3475 2627 natis,
3532 2563 3694 2633 Sym-

2113 2658 2341 2715 machus
2363 2666 2548 2713 autem
2584 2655 2650 2710 ab
2687 2654 2969 2709 arboribus
2999 2663 3405 2726 expresserunt.

2196 2752 2296 2808 Vos
2358 2750 2567 2806 biennio
2629 2750 2734 2804 isto
2785 2748 3041 2803 toleratis
3091 2754 3316 2819 propter
3369 2747 3690 2818 impeditum

2108 2847 2270 2906 terra:
2303 2849 2533 2909 cultum,
2569 2847 2797 2918 agrique
2830 2845 3194 2900 cessationem
3242 2843 3545 2914 angustiis,
3590 2850 3698 2897 ter-

2113 2946 2185 3000 tio
2220 2942 2442 2997 demum
2488 2938 2786 3009 tranquille
2834 2936 3093 3017 degentes
3124 2934 3339 2989 fructus
3391 2943 3554 2989 terrae
3588 2933 3697 3004 ipsi

2110 3031 2450 3104 percipiatis,
2487 3029 2583 3100 qui
2621 3036 2745 3098 post
2774 3025 3047 3081 devictam
3087 3023 3392 3078 Samariam
3423 3023 3480 3078 in
3503 3022 3691 3078 .ludaaa

430 3120 545 3213 ποι,
564 3105 737 3173 ῥίζαν
781 3110 840 3213 ἐγ
883 3110 1029 3183 ψυχῇ
1079 3112 1384 3180 θεοσεϐείας
1434 3116 1743 3190 βαλόμενοι,
1787 3127 2008 3199 καὶτῆς

2113 3123 2436 3196 ειιρθτεῑὶιεε
2469 3121 2655 3176 adhuc
2688 3118 2909 3189 pietatis
2949 3114 3153 3170 radices
3175 3115 3230 3169 in
3262 3124 3446 3187 mente
3472 3114 3692 3199 egistis;

430 3195 577 3266 ἐμῆς
614 3199 890 3268 γεωργίας
947 3202 1060 3256 ἄνω
1108 3202 1379 3274 βλέποντα
1432 3210 1645 3280 καρπὸν
1677 3195 2007 3283 ἀποδώσετε,

430 3284 523 3339 διὰ
568 3286 726 3341 τοῦτο
773 3289 1088 3363 σωζόμενοι.
1126 3295 1282 3360 Τινὲς
1308 3296 1387 3362 δὲ,
1424 3301 1501 3355 Τὰ
1517 3300 1646 3370 δύο,
1672 3307 1871 3373 φασὶν,
1901 3306 2008 3379 ἐτη

432 3380 814 3448 τραφήσεσθε
843 3383 911 3437 ἐκ
941 3383 1058 3438 τῶν
1087 3386 1519 3456 ἀποτεθέντων,
1548 3393 1625 3459 ὡς
1643 3396 1703 3451 ὲν
1722 3396 2010 3472 πολιορκίᾳ

434 3472 685 3541 καρπῶν,
727 3475 873 3546 ἅπερ
902 3476 1092 3546 ἔτυχον
1122 3479 1465 3551 σπείραντες.
1499 3486 1614 3539 Δύο
1636 3486 1746 3560 γὰρ
1794 3491 2013 3562 ἐπιμεί-

433 3582 623 3631 ναντες
655 3574 683 3604 ἰ
714 3566 820 3638 ἔτη
854 3572 920 3642 τῇ
956 3571 1260 3644 Σαμαρείᾳ,
1290 3573 1383 3639 τῷ.
1408 3577 1582 3644 τρίτῳ
1616 3581 1889 3656 πεσούσης
1915 3585 2013 3638 αύ-

432 3656 512 3727 τῷ
539 3659 638 3729 τῆς
664 3664 922 3731 στρατιᾶς
942 3662 1188 3734 θεηλάτῳ
1208 3664 1411 3738 πληγῇ,
1438 3669 1615 3736 φυγὰς
1632 3670 2008 3746 ὑπεχώρησεν.

434 3748 508 3801 Τὸ
532 3749 590 3803 δὲ
632 3752 735 3820 τῆς
764 3752 1030 3823 εὐθυμίας
1080 3754 1299 3826 βέϐαιον
1327 3758 1405 3822 ὡς
1438 3759 1532 3812 ἐπὶ
1582 3762 1767 3829 φυτῶν
1812 3768 1847 3836 ἡ
1889 3768 2014 3837 ῥίζα

430 3842 600 3912 δηλοῖ,
634 3844 696 3898 τὸ
719 3844 776 3898 δὲ
803 3844 1157 3918 πολυχρόνιον
1188 3848 1251 3901 τὸ
1292 3850 1386 3904 καὶ
1418 3850 1530 3905 ἄνω
1561 3853 1783 3927 σπέρμα
1816 3863 2011 3915 ποιεῖν.

433 3936 792 4003 Ζηλώσαιδὲ
822 3954 958 4009 φησι
995 3941 1212 4008 Κύριος
1246 3949 1275 3980 ν
1309 3942 1425 4011 ἅμα
1471 3943 1592 4013 μὲν,
1619 3944 1696 4009 ὡς
1736 3946 1875 4019 ὑπὲρ
1917 3952 2016 4005 πό-

433 4026 570 4090 λεως
600 4026 738 4090 ἰδίας
765 4044 778 4058 ·
804 4027 922 4097 ἅμα
951 4028 1031 4093 δὲ,
1066 4029 1162 4084 καὶ
1183 4029 1273 4084 διὰ
1294 4031 1393 4094 τὰς
1416 4035 1539 4086 κατ’
1568 4034 1733 4090 αὑτοῦ
1766 4037 2012 4113 βλασφη-

436 4116 585 4185 μίας.
610 4116 778 4171 Σώσω
806 4118 885 4182 δὲ,
915 4120 1100 4190 φησὶν,
1134 4120 1301 4189 ὑμᾶς,
1330 4120 1420 4176 διὰ
1450 4121 1512 4175 τὸ
1533 4125 1744 4196 πρέπον
1771 4129 1915 4198 ἐμοί.
1948 4130 2013 4184 Et

430 4207 492 4258 δὲ
550 4207 653 4278 χρὴ
696 4208 792 4262 καὶ
838 4209 1011 4280 ἄνδρα
1062 4212 1315 4281 τιμῆσαι,
1372 4212 1468 4266 καὶ
1515 4213 1591 4278 ὡς
1622 4216 1760 4286 πρὸς
1789 4218 1861 4274 τὰ
1887 4223 1954 4293 τῇ
1987 4230 2014 4259 κ

430 4298 617 4354 δοῦναι
661 4301 762 4375 τὴν
810 4303 1088 4374 σωτηρίαν
1132 4304 1233 4374 τῆς
1270 4304 1496 4372 πόλεως,
1542 4306 1641 4361 διὰ
1692 4311 1871 4365 Δασὶδ
1907 4314 2016 4368 τὸν

429 4392 581 4460 ἐμὸν
606 4392 834 4448 δοῦλον
883 4394 1058 4465 (οὕτω
1105 4395 1213 4466 γὰρ
1242 4396 1511 4462 ἐξέδωκαν
1562 4399 1612 4451 οἱ
1660 4399 1879 4472 λοιποὶ)
1913 4404 2016 4474 τῆς

2111 3225 2167 3274 et
2197 3213 2547 3287 agricultura:
2584 3224 2720 3265 mea:
2769 3222 2991 3264 sursum
3036 3213 3374 3276 spectantem
3425 3204 3691 3269 fructum,

2111 3308 2203 3380 qui
2240 3308 2296 3363 in
2333 3318 2457 3362 eum
2509 3303 2672 3358 ﬁnem
2724 3299 2930 3358 servati
2976 3299 3136 3362 estis,
3187 3296 3381 3352 edetis.
3431 3295 3694 3352 Nonnulli

2109 3412 2242 3455 vero
2269 3414 2436 3452 annos
2462 3395 2595 3450 duos
2626 3392 2912 3448 reconditis
2938 3431 2953 3457 ,
2989 3397 3252 3460 tanquam
3284 3388 3353 3444 de
3402 3390 3695 3446 seminatis

2111 3500 2239 3548 ante
2272 3489 2572 3553 fructibus,
2609 3485 2919 3542 obsidionis
2948 3492 3196 3553 tempore
3221 3484 3452 3538 victuros
3478 3482 3693 3537 dicunt.

2114 3580 2341 3636 Biennio
2373 3579 2521 3635 enim
2559 3579 2617 3633 in
2665 3576 2914 3632 Samaria
2964 3575 3313 3637 immoratus,
3360 3574 3515 3628 tertio
3569 3580 3696 3626 tan-

2114 3670 2260 3735 dem,
2294 3670 2448 3739 plaga
2478 3666 2745 3722 divinitus
2788 3669 3034 3733 accepta,
3066 3663 3248 3732 fugam
3296 3661 3551 3732 arripuit.
3596 3659 3695 3717 Se-

2113 3761 2365 3817 curitatis
2409 3758 2609 3816 deinde
2659 3756 2915 3823 ﬁrmitas,
2967 3762 3231 3823 tanquam
3299 3756 3355 3809 in
3399 3753 3695 3809 arboribus

2112 3870 2181 3911 ex
2220 3850 2428 3917 radice,
2472 3848 2812 3907 diuturnitas
2852 3854 3032 3901 autem
3066 3860 3135 3899 ex
3180 3844 3388 3909 fructu,
3439 3845 3532 3915 qui
3568 3856 3694 3901 sur-

2106 3961 2238 4004 sum
2268 3945 2470 4009 editur,
2521 3940 2862 4012 agnoscitur.
2907 3937 3125 3993 Zetasse
3168 3952 3335 4007 porro
3380 3936 3690 4001 Dominum,

2114 4039 2201 4094 vel
2240 4045 2502 4107 tanquam
2530 4034 2766 4105 propriae
2793 4030 3035 4086 civitatis
3065 4028 3320 4095 nomine,
3354 4030 3437 4084 vel
3474 4040 3697 4099 propter

2114 4132 2297 4187 illatas
2329 4131 2386 4184 in
2415 4144 2475 4185 se
2502 4124 2871 4197 blaspliemias
2902 4122 3196 4192 signiﬁcat.
3234 4120 3441 4177 Deinde
3466 4136 3566 4190 pro
3596 4122 3693 4178 de-

2115 4226 2231 4283 cori
2270 4224 2354 4281 sui
2404 4224 2640 4287 ratione,
2693 4228 3011 4291 erepturum
3049 4234 3111 4274 se
3154 4232 3253 4273 eos
3291 4216 3500 4286 adjicit.
3534 4215 3697 4282 Quod

2117 4319 2190 4382 si,
2216 4317 2315 4382 ait,
2347 4324 2403 4371 et
2440 4314 2620 4368 virum
2650 4312 2814 4369 etiam
2847 4327 2945 4381 par
2974 4317 3060 4365 est
3092 4313 3299 4364 honore
3327 4307 3564 4372 allicere,
3594 4323 3694 4380 pa-

2117 4421 2389 4479 tronoque
2429 4405 2604 4470 urbis,
2653 4405 2886 4461 salutem
2933 4402 3109 4472 ipsius
3161 4400 3506 4467 concedere;
3560 4415 3689 4469 pro-

431 4485 640 4547 πόλεως
695 4485 943 4558 οἰκιστὴν
986 4487 1081 4540 καὶ
1137 4487 1360 4558 βασιλέα
1411 4490 1630 4560 πρῶτον
1674 4494 1964 4564 γενόμενον
1991 4514 2006 4529 ο

2113 4510 2229 4573 pter
2267 4498 2444 4553 David
2470 4512 2676 4552 servum
2706 4510 2879 4548 meum
2920 4493 3019 4563 (ita
3064 4490 3211 4546 enim
3251 4490 3444 4560 reliqui
3502 4505 3696 4547 omnes

428 4575 507 4637 ὡς
531 4575 604 4629 «ἂν
630 4578 808 4644 γνοῖεν
841 4577 1042 4642 πάντες
1073 4578 1196 4632 ὅσον
1248 4580 1281 4650 ἡ
1330 4579 1615 4636 θεοσέϐεια
1637 4582 1881 4651 δύναται,
1914 4589 2008 4642 καὶ

428 4669 541 4732 τοῖς
595 4668 734 4737 μετὰ
784 4671 976 4741 χρόνον
1038 4671 1280 4738 ἀναξίοις
1325 4674 1597 4746 σωτηρίαν
1646 4676 2002 4751 χαριζομένη.

428 4761 554 4823 Τοῖς
580 4762 638 4815 δὲ
667 4761 844 4830 λόγοις
874 4764 1156 4835 ἠκολούθει
1180 4768 1249 4818 τὰ
1277 4764 1433 4836 ἔργα,
1478 4771 1752 4822 τοσούτων
1790 4771 2006 4827 ἀπολω-

427 4850 620 4915 λότων,
651 4850 731 4915 οἷς
754 4853 1008 4921 ὀτούτων
1036 4854 1099 4908 οὐ
1130 4854 1478 4910 συναπώλετο
1509 4856 1783 4927 βασιλεὺς,
1832 4860 1908 4924 ὡς
1938 4860 2006 4915 ἂν

432 4941 556 4997 ἰδὼν
586 4942 649 4996 τὸ
674 4944 937 5016 πραχθὲν,
968 4944 1068 5018 τὴν
1112 4946 1273 5001 ἄθεον
1300 4947 1465 5001 αὐτοῦ
1499 4949 1751 5016 γλῶσσαν
1783 4952 2005 5007 ἐπιστο-

430 5034 633 5104 μίσειν,
682 5036 777 5089 καὶ
834 5038 1097 5107 μειζόνως
1142 5040 1427 5104 κολάζοιτο
1463 5044 1573 5095 τῶν
1622 5043 1879 5113 ὑπηκόων
1933 5048 2000 5117 τῇ

428 5129 705 5199 συμφορᾷ,
737 5129 988 5200 καθάπερ
1015 5130 1109 5193 καὶ
1130 5131 1349 5202 Φαραώ.
1382 5129 1492 5187 Ἦν
1540 5134 1597 5188 δὲ
1627 5135 1723 5187 καὶ
1747 5129 2005 5208 πικροτέ-

431 5232 529 5284 ρας
559 5217 830 5289 τιμωρίας
858 5219 918 5273 τὸ
957 5220 1096 5291 πρὸς
1123 5220 1234 5275 τῶν
1267 5222 1476 5277 παίδων
1502 5222 1715 5278 παθεῖν.
1761 5225 2004 5290 ’Δνάξεις

425 5309 483 5361 δὲ
508 5310 644 5379 πρὸς
676 5311 909 5383 θεωρίαν
953 5314 1045 5367 τὸν
1083 5314 1261 5381 λόγον.
1299 5315 1420 5383 Τὴν
1438 5317 1547 5389 γὰρ
1572 5316 1665 5371 τοῦ
1699 5316 1849 5372 Θεοῦ
1893 5319 1999 5372 πό-

422 5403 531 5453 λιν
556 5401 656 5472 τὴν
692 5404 1015 5475 Ἐκκλησίαν
1036 5406 1413 5477 πολιορκοῦσιν
1434 5409 1723 5479 αἱρετικοὶ,
1751 5408 2001 5480 καθάπερ

426 5495 532 5548 ὑπὸ
560 5498 855 5570 στρατηγῴ
884 5499 961 5569 τῷ
987 5499 1217 5571 διαϐόλῳ
1242 5501 1583 5573 ταττόμενοι.
1610 5504 1826 5557 Τούτων
1874 5507 2002 5557 πολο

2115 4588 2570 4663 interpretantur)
2625 4587 2719 4659 qui
2758 4587 2969 4658 primus
3026 4585 3217 4639 urbem
3276 4582 3587 4638 construxit
3638 4590 3697 4637 et

2115 4686 2282 4751 rexit,
2324 4682 2377 4737 id
2407 4682 2588 4752 ipsum
2626 4680 2870 4735 futurum
2901 4684 3022 4739 est:
3064 4684 3121 4730 ut
3156 4688 3349 4731 omnes
3382 4674 3693 4744 intelligant

2113 4786 2379 4849 quantum
2435 4775 2609 4844 pietas
2647 4774 2764 4844 ipsa
2817 4771 3014 4835 valeat,
3055 4784 3177 4838 qua:
3225 4766 3468 4839 posteris
3523 4765 3690 4822 etiam

2114 4870 2355 4941 indignis
2393 4869 2625 4924 salutem
2665 4866 2862 4936 pariat.
2898 4864 3090 4933 Neque
3130 4879 3258 4919 vero
3299 4862 3463 4933 427
3511 4862 3692 4916 verbis

2114 4976 2204 5017 res
2230 4962 2382 5032 ipsae,
2414 4968 2491 5013 tot
2519 4957 2702 5015 statim
2734 4955 3042 5019 trucidatis,
3079 4953 3411 5023 defuerunt:
3459 4952 3689 5019 quibus--

2112 5065 2237 5104 cum
2272 5048 2392 5104 ideo
2435 5063 2549 5101 rex,
2580 5060 2689 5100 nou
2736 5043 3004 5099 cecidisse
3038 5042 3335 5112 putandus,
3375 5049 3433 5093 ut
3479 5046 3685 5092 tantam

2110 5148 2348 5210 stragem
2398 5138 2652 5199 intuitus,
2700 5151 2762 5190 os
2810 5135 3035 5204 impium
3090 5133 3195 5189 sibi
3241 5134 3357 5202 ipse
3405 5130 3690 5186 obturaret

2112 5245 2411 5300 pinnasque
2454 5230 2596 5284 idem
2653 5244 2817 5299 quam
2873 5228 3076 5283 subditi
3125 5226 3424 5297 graviores,
3463 5232 3523 5276 ut
3556 5221 3683 5277 olim

2112 5321 2348 5382 Pharao,
2389 5318 2749 5390 experiretur.
2788 5317 3034 5374 Fuerunt
3070 5332 3136 5372 eo
3169 5317 3291 5385 ipso
3323 5330 3518 5385 graves
3564 5329 3683 5368 ma-

2112 5412 2195 5483 gis
2241 5420 2293 5466 et
2325 5411 2556 5472 acerbae,
2592 5410 2734 5478 quod
2780 5423 2807 5461 a
2843 5409 2958 5464 suis
3005 5408 3123 5479 ipse
3157 5406 3282 5461 ﬁliis
3325 5405 3687 5475 interemptus

2109 5514 2211 5559 est.
2246 5501 2432 5558 Possis
2465 5509 2517 5556 et
2549 5501 2616 5555 ad
2662 5499 3183 5570 contemplationem
3234 5511 3543 5557 sermonem
3593 5508 3681 5549 re-

1726 5656 1963 5757 VAlllA‘J
2007 5655 2421 5713 LECTIONES.

500 5773 520 5801 '
549 5787 636 5840 γρ.
678 5771 730 5824 εἰ
761 5788 841 5825 σοι
871 5773 970 5829 δεῖ.
1055 5776 1071 5812 ⁸
1105 5762 1255 5830 λῘᾶ.
1333 5786 1359 5814 ει
1386 5793 1472 5845 πρ.
1496 5773 1892 5846 ὲπιμείναντος.
1975 5787 1998 5813 ν
2025 5794 2109 5846 rp.
2149 5776 2369 5847 Κύριον.
2449 5788 2475 5816 ι
2502 5791 2589 5843 ῃ).
2628 5772 2923 5846 προστάτῃ.
