4032 6218
519 312 623 375 323

1790 311 2135 375 PROCOPII
2174 316 2415 377 GAZAEI

3583 326 3713 392 232i

480 439 697 479 vocare.
736 422 839 481 Dei
856 421 1004 479 enim
1035 424 1324 491 civitatem,
1343 423 1398 481 id
1419 433 1505 482 est
1529 425 1855 493 Eeclesiam,
1886 428 2052 484 etiam

2161 430 2224 484 λὰ
2241 431 2781 515 βλασφημούντων
2831 435 3101 506 ἀσκητέον
3142 436 3240 507 τὴν
3272 439 3480 510 σιωπὴν
3535 443 3713 515 Παύλῳ

479 516 738 571 obsident
766 524 821 571 et
858 524 1177 588 oppugnant
1225 518 1490 584 haeretici,
1516 517 1737 573 diabolo
1770 518 1897 589 ipsi,
1933 528 2055 572 tan-

479 614 645 678 quam
695 610 823 665 duci
867 609 1093 679 milites,
1124 610 1566 680 obtemperantes
1599 628 1615 666 :
1663 625 1804 681 quos
1834 610 2058 666 silentio

480 706 721 769 vincere,
769 704 1122 772 quantumvis
1156 701 1601 770 blasphemiarum
1632 709 1912 767 evomant,
1965 716 2056 757 as-

485 793 852 858 suescendum
882 804 985 859 est,
1019 809 1131 851 non
1160 794 1227 849 de
1250 795 1422 850 rebus
1452 794 1629 860 vanis,
1671 801 1863 849 contra
1898 792 2052 847 Pauli

482 886 833 952 sententiam,
878 887 1063 943 verbis
1093 887 1373 943 decertare
1421 887 1467 919 ’°
1501 903 1515 941 :
1571 887 1682 943 imo
1720 886 2053 947 .htereticum

480 981 783 1044 hominem,
809 991 932 1052 post
961 980 1399 1036 adhortationem
1424 980 1673 1045 alteram,
1706 980 1951 1036 devitarc
1970 980 2051 1032 ἰι

482 1088 608 1127 cum
642 1072 698 1126 in
742 1072 1160 1128 oblirmatorum
1194 1082 1248 1127 et
1298 1072 1662 1141 pertinacium
1691 1071 1901 1126 morbis
1932 1072 2056 1125 nul-

481 1165 600 1217 lum
634 1162 907 1219 medicina
930 1162 1109 1218 locum
1132 1163 1363 1227 habeat;
1391 1178 1489 1217 nec
1517 1162 1623 1216 nisi
1650 1162 1740 1229 iis,
1767 1163 1860 1232 qui
1891 1176 2054 1217 aures

483 1256 708 1321 habent,
772 1254 1107 1322 loquendum
1165 1268 1290 1309 esse
1343 1254 1636 1309 scribatur.
1690 1254 2058 1320 Quantumvis

483 1345 1011 1423 igitur,utRapsacec
1031 1345 1270 1423 ille,sive
1290 1347 1558 1417 requiem,
1592 1346 1706 1401 sive
1743 1347 1921 1400 minas
1953 1361 2057 1400 an-

2164 522 2379 592 λὲγοντι
2409 512 2789 595 πὲιθομένους,
2829 527 2902 598 μὴ
2933 530 3256 599 λογομαχεῖν
3283 532 3369 584 ἐπ’
3396 533 3562 586 οὐδενὶ
3589 512 3714 608 χρη)

2167 616 2331 687 σίμῳ.
2364 617 2473 671 Καὶ
2499 616 2683 682 πάλιν,
2708 619 2982 689 αἱρετικὸν
3006 620 3293 691 ἄνθρωπον
3325 625 3461 692 μετὰ
3489 626 3609 693 μίαν
3629 630 3715 682 καὶ

2162 705 2423 776 δευτέραν
2480 708 2762 763 νουθεσίαν
2805 712 3098 781 παραιτοῦ.
3153 712 3278 776 Τοῖς
3323 714 3431 785 γὰρ
3463 733 3714 789 κεκρατη-

2167 798 2349 869 μένοις
2374 799 2436 852 οὺ
2482 799 2564 853 δεῖ
2589 802 2858 872 ἐγχειρεῖν
2887 803 2963 865 ὡς
3001 802 3250 858 νοσοῦσιν
3284 807 3495 862 ἀνίατα.
3524 808 3712 881 Γέγρα-

2162 908 2291 944 πται
2318 890 2449 961 γὰρ,
2480 893 2575 952 Εἰς
2602 886 2717 945 ὦτα
2739 894 3044 948 ἀκουόντων
3064 896 3236 952 λάλει.
3257 898 3378 950 Κᾶν
3406 900 3713 965 ἀναπαύσεις

2159 979 2254 1033 οὖν
2282 980 2745 1049 ἐπαγγέλλωνται,
2765 982 2908 1037 κατὰ
2936 972 3268 1053 Ῥαψάκην-ο
3292 987 3398 1040 κᾶν
3418 988 3711 1054 ἀπειλῶσιν,

2163 1071 2283 1143 Θεῷ
2318 1071 2475 1143 μόνον
2532 1072 2935 1145 προσέρχεσθαι
2981 1075 3109 1146 χρὴ,
3146 1075 3246 1146 τὴν
3287 1077 3494 1141 ἄνωθεν
3525 1078 3613 1131 τοῦ
3639 1079 3716 1148 μὲ-

2165 1181 2289 1228 νους
2318 1173 2347 1213 ."
2392 1164 2662 1235 βοήθειαν.
2704 1165 3063 1236 Ἀποσοϐήσει
3114 1169 3223 1238 γὰρ
3276 1170 3472 1232 αὐτοὺς
3515 1170 3715 1240 ἀφανῶς

2165 1255 2282 1322 τὴν
2309 1253 2464 1308 Σιὼν
2503 1254 2877 1324 διαφυλάττων
2908 1255 3206 1313 ἀνάλωτον.
3250 1257 3421 1312 Πύλαι
3458 1258 3563 1330 γὰρ
3602 1258 3714 1330 ᾅδου

2165 1346 2266 1415 τῆς
2304 1345 2632 1417 Ἐκκλησίας
2654 1347 2713 1400 οὐ
2751 1348 3159 1419 κατισχύσουσι.

484 1441 773 1503 nuntient;
809 1443 877 1490 ad
907 1439 1075 1490 Deum
1102 1454 1204 1493 nos
1231 1437 1389 1495 decet
1415 1437 1697 1502 accedere,
1730 1446 1786 1493 et
1843 1451 2083 1507 superne
2119 1437 2385 1492 auxilium
2462 1447 2805 1508 exspectare.
2860 1439 2967 1497 Eos
3006 1442 3152 1498 enim
3210 1442 3447 1499 latenter
3498 1444 3707 1514 repellet

486 1534 756 1587 Dominus
814 1530 1033 1586 Sioncm
1087 1531 1378 1586 obsidione
1415 1532 1685 1597 liberans;
1744 1547 1920 1601 neque
1967 1530 2235 1587 adversus
2276 1532 2578 1588 Ecclesiam
2620 1532 2785 1590 inferi
2821 1543 2994 1605 porta:
3020 1536 3399 1610 praevalebunt
3427 1539 3495 1592 ".

1052 1621 1206 1678 CAP.
1247 1621 1537 1679 XXXVIII.

2738 1627 2991 1681 ΚΕΦΑΛ.
3042 1628 3178 1685 ΔΗ’.

548 1717 1042 1790 4284291θὲ
1055 1717 1285 1788 Contigit
1302 1727 1475 1771 autem
1492 1734 1552 1772 eo
1566 1729 1811 1787 tempore,
1831 1728 1885 1771 ιιι
1902 1734 2054 1788 (egro-

2235 1719 2406 1791 α-κβ’.
2457 1718 2726 1789 Ἐγένετο
2752 1718 2820 1773 δὲ
2841 1719 2910 1773 ἐν
2939 1717 3018 1785 τῷ
3051 1719 3230 1788 καιρῷ
3256 1720 3483 1791 ἐκείνῳ,
3519 1721 3718 1790 ἐμαλα-

480 1820 614 1864 taret
649 1811 902 1864 Ezechias
927 1827 1086 1880 usque
1108 1810 1176 1863 ad
1213 1819 1431 1863 mortem
1451 1825 1470 1873 ;
1493 1812 1813 1879 accessitque
1843 1809 1912 1862 ad
1942 1826 2061 1863 eum

480 1903 657 1956 Isaias
676 1903 818 1972 filius
849 1904 1032 1966 Amos,
1054 1902 1327 1971 propheta,
1347 1912 1397 1957 et
1425 1903 1560 1955 dixit
1587 1903 1675 1955 ei:
1701 1901 1830 1956 llaec
1852 1902 1927 1953 ait
1956 1900 2061 1954 Do-

476 1996 689 2048 minus:
717 1993 942 2061 Dispone
984 1994 1164 2046 domui
1207 2002 1312 2046 tunc
1344 2009 1362 2046 :
1391 1993 1516 2063 quia
1567 1990 1828 2059 morieris,
1861 1999 1910 2045 et
1956 2005 2059 2043 non

475 2090 637 2150 vices,
675 2096 782 2141 etc.
1488 2096 1496 2103 ‘

542 2264 706 2336 5,30
758 2263 862 2330 Qui
891 2261 1033 2318 dixit
1086 2259 1431 2330 DeusnEgo
1451 2261 1721 2325 occidam,
1755 2266 1809 2314 et
1871 2258 2058 2314 vivere

471 2357 666 2411 faciam
696 2373 710 2421 ;
739 2355 1064 2427 percutiam,
1092 2361 1148 2410 et
1199 2352 1409 2409 sanabo
1437 2352 1519 2418 '3;
1552 2370 1571 2402 ι
1605 2351 1697 2405 ubi
1725 2351 1911 2407 hostes
1961 2364 2058 2420 per

471 2449 725 2517 angelum
792 2446 949 2517 plaga
1014 2445 1326 2515 percussit,
1363 2443 1515 2514 pium
1574 2457 1757 2512 regem
1815 2440 2057 2511 pristinae

468 2536 771 2592 valetudini
810 2535 1073 2591 restituit.
1096 2534 1251 2600 Quod
1277 2535 1424 2589 enim
1453 2549 1514 2588 eo
1540 2542 1772 2601 tempore
1791 2530 2057 2603 propheta

469 2622 629 2695 dixit,
654 2614 731 2692 id,
764 2636 823 2681 ut
855 2626 1060 2682 cladem
1091 2627 1306 2680 illormn
1338 2626 1763 2690 demonstraret,
1783 2622 2051 2693 adjunxit.

474 2719 603 2788 ltegi
634 2728 814 2772 autem
858 2716 980 2771 vita:
1041 2718 1201 2770 linem
1230 2716 1370 2770 Deus
1429 2714 1839 2785 praesignilicat,
1873 2721 1932 2767 ut
1987 2713 2054 2767 ad

470 2813 702 2867 salutem
733 2792 1123 2880 postulandam
1167 2807 1396 2863 invitet:
1432 2806 1635 2878 quibus
1690 2813 1842 2862 certe
1885 2805 2054 2861 vitam

471 2906 629 2962 nobis
665 2921 773 2961 non
796 2904 892 2959 l‘ati
923 2903 1247 2960 necessitate
1278 2904 1485 2971 claudi,
1514 2904 1612 2959 sed
1640 2918 1670 2957 a
1700 2901 1812 2959 Deo
1853 2901 2055 2973 quibus

470 3000 621 3053 novit
648 3000 765 3068 ipse
795 2982 1127 3062 rationibus,
1185 3007 1279 3054 aut
1306 2999 1361 3053 in
1416 2998 1591 3054 lucem
1618 2996 1928 3063 educendo,
1958 3004 2053 3050 aut

470 3103 713 3160 tempora
749 3088 1042 3156 metiendo,
1065 3098 1159 3143 aut
1191 3104 1292 3159 pro
1321 3090 1606 3145 voluntate
1643 3088 1880 3159 denique
1921 3095 2051 3142 asta-

469 3185 542 3240 tis
566 3193 870 3239 extremum
901 3180 1274 3253 producendo,
1329 3181 1546 3236 definiri
1598 3180 2047 3236 demonstratur:

469 3291 594 3330 cum
626 3275 778 3332 solus
807 3274 933 3329 vitae
960 3284 1162 3329 nostrae
1190 3282 1436 3343 tempora
1467 3272 1775 3338 dimensus,
1819 3271 2046 3341 jamjam

470 3366 767 3422 morituros
796 3364 939 3421 sicut
979 3342 1430 3430 Ezechiampnon
1462 3342 1701 3418 excitare
1748 3369 1961 3417 tantum
1993 3369 2048 3418 et

468 3473 742 3523 recreare,
774 3459 873 3513 sed
903 3457 1208 3513 exstinctos
1247 3456 1436 3520 etiam,
1469 3455 1615 3512 sicut
1644 3463 1791 3526 patet
1820 3471 1851 3512 e
1902 3454 2049 3510 Scri«

468 3550 669 3620 pturis,
701 3551 757 3605 in
792 3551 957 3605 vitam
1016 3564 1274 3605 revocare
1335 3549 1533 3604 valeat.
1576 3548 1827 3619 Undique
1881 3549 2049 3619 igitur

469 3656 676 3698 eversa:
703 3641 865 3697 nobis
882 3656 946 3696 ac
974 3640 1261 3698 dissolutae.
1277 3648 1461 3711 lacent
1492 3639 1587 3695 l‘ati
1609 3640 1870 3715 rationes.
1895 3640 2049 3708 Quod

468 3748 595 3789 cum
621 3748 728 3789 non
769 3733 1046 3802 ignoraret
1064 3732 1354 3798 Ezechias,
1382 3733 1510 3788 dum
1541 3748 1639 3803 per
1684 3732 2051 3789 valetudinem

472 3827 691 3893 licebat,
744 3826 892 3882 haud
922 3826 1109 3897 segnis
1141 3825 1285 3881 idem
1313 3825 1581 3881 adversus
1608 3825 1869 3897 Assyrios
1891 3840 2052 3896 Opem

471 3920 863 3992 imploraturus
907 3921 962 3975 in
1008 3918 1259 3988 templum
1312 3919 1683 3990 properabat;
1718 3920 1812 3989 qui
1861 3920 2056 3975 morbo

471 4031 620 4070 nunc
640 4015 955 4085 impeditus,
986 4014 1187 4069 electo
1216 4013 1358 4084 ipso,
1408 4012 1577 4068 Deum
1615 4014 1823 4084 ubique
1860 4012 2056 4069 adesse

470 4109 609 4164 nihil
636 4109 918 4174 dubitans,
945 4109 1013 4163 ad
1047 4123 1239 4177 preces
1264 4122 1324 4162 se
1354 4108 1556 4170 vertit;
1594 4106 1648 4160 in
1676 4107 1878 4177 quibus
1927 4106 2055 4162 vitae

468 4199 809 4257 conscientia
856 4199 1053 4266 fretus,
1086 4199 1155 4255 de
1182 4215 1283 4255 sua
1325 4206 1536 4253 tantum
1568 4199 1843 4269 probitate
1889 4199 2055 4254 audet

2165 1813 2347 1879 xt'o’on
2388 1809 2644 1879 Ἐζεκίας
2674 1810 2785 1878 ἕως
2822 1809 3104 1866 θανάτου.
3135 1810 3247 1866 Καὶ
3290 1806 3442 1881 ἦλθε
3469 1813 3610 1880 πρὸς
3626 1813 3716 1866 αὑ-

2171 1904 2280 1958 τὸν
2328 1902 2578 1969 Ἡσαΐας
2633 1902 2764 1968 υἱὸς
2800 1900 2981 1970 Ἅμὼς
3010 1904 3043 1956 ό
3073 1901 3410 1970 προφήτης,
3457 1902 3553 1956 καὶ
3602 1898 3717 1956 εἶπε

2160 1995 2312 2065 πρὸς
2345 1997 2533 2051 αὐτόν
2559 2010 2574 2025 ·
2613 1993 2971 2062 Τάδε,.λέγει
3001 1996 3232 2061 Κύριος,
3269 1994 3448 2059 Τάξαι
3476 1994 3599 2062 περὶ
3624 1993 3717 2046 τοῦ

2162 2086 2333 2143 οἴκου
2379 2100 2517 2142 σου.
2557 2081 2992 2151 Ἀποθνήσκεις
3045 2082 3153 2152 γὰρ
3175 2084 3279 2150 σὺ,
3312 2084 3409 2138 καὶ
3436 2084 3506 2138 οὐ
3524 2081 3605 2153 μὴ
3630 2079 3713 2148 ζῆ-

2160 2161 2265 2248 αῃ,
2291 2197 2346 2234 κ.
2377 2196 2429 2233 τ.
2464 2178 2515 2234 λ.

2244 2273 2302 2327 '0
2323 2272 2482 2338 λέξας
2507 2271 2663 2336 Θεὸς,
2693 2288 2713 2322 ι
2750 2270 2892 2339 Ἐγὼ
2921 2270 3228 2334 ἀποκτενῶ,
3260 2270 3359 2324 καὶ
3389 2271 3483 2340 ζῇν
3504 2267 3710 2337 ποιήσω.

2159 2364 2405 2431 πατάξω,
2472 2362 2626 2432 κάγὼ
2683 2363 2930 2432 ἰάσομαι,
2966 2381 2983 2414 ι
3019 2362 3145 2425 τοὺς
3181 2360 3477 2433 πολεμίους
3501 2357 3711 2427 ἀγγέλου

2160 2457 2407 2523 πατάξας
2453 2455 2660 2526 πληγῇ,
2691 2455 2782 2507 τὸν
2826 2452 3048 2524 θεοφιλῆ
3099 2452 3328 2523 βασιλέα
3362 2451 3620 2516 ζωοποιεῖ.
3649 2447 3712 2499 Τὸ

2158 2549 2288 2621 γὰρ,
2312 2547 2474 2613 ἐντῷ
2501 2546 2684 2616 καιρῷ
2711 2546 2945 2614 ἐκείνῳ,
2972 2545 3134 2600 τοῦτο
3165 2545 3498 2617 παρίστησιν
3525 2541 3597 2612 τῷ
3627 2540 3713 2608 τῆς

2158 2639 2382 2693 ἐκείνων
2430 2637 2666 2708 πληγῆς.
2723 2637 2932 2700 Θεὸςδέ
2960 2635 3019 2689 τὸ
3050 2635 3203 2700 τέλος
3257 2634 3407 2704 αὐτῷ
3460 2629 3708 2703 προδηλοῖ,

2155 2736 2255 2802 τῆς
2284 2732 2557 2804 σωτηρίας
2585 2732 2796 2800 ἐνάγων
2820 2729 3195 2801 προσαίτησιν.
3254 2730 3336 2782 Δι’
3375 2723 3435 2795 οῦ
3486 2724 3713 2798 δηλοῦται

2160 2826 2236 2898 μὴ
2259 2825 2353 2879 τὸν
2377 2823 2567 2909 χρόχον
2594 2822 2695 2892 τῆς
2728 2820 2872 2892 ζωῆς
2917 2822 3185 2888 ἀνάγκαις
3221 2819 3557 2909 εἱμαρμένης
3596 2818 3712 2909 ἡμῖν

2158 2901 2587 2988 περικλέίεσθαι,
2635 2912 2766 2966 Θεὸν
2788 2912 2845 2965 δέ
2873 2910 3062 2965 τοῦτον
3092 2909 3318 2982 ὁρίζειν,
3352 2910 3472 2964 καθ’
3500 2907 3586 2971 οὓς
3618 2901 3710 2959 οἶδε

2156 3010 2348 3076 λόγους
2380 3003 2623 3075 αὑτὸς,ἢ
2663 3004 2930 3074 παράγων
2977 3004 3057 3065 είς
3105 3001 3239 3072 βίον,
3268 3001 3303 3072 ἢ
3327 3002 3394 3055 τὰ
3428 3002 3592 3071 μέτρα
3630 2995 3709 3050 τοῦ

2158 3101 2350 3171 χρόνου
2400 3097 2599 3160 διδοὺς,
2630 3095 2663 3166 ἢ
2699 3094 2889 3165 τρόπῳ
2926 3095 3221 3165 προσάγων
3249 3093 3333 3164 τῷ
3360 3091 3596 3146 δοκοῦντι
3626 3088 3709 3157 τὴν

2156 3190 2436 3260 τελευτήν.
2466 3181 2538 3259 τῼ
2571 3186 2717 3257 μόνῳ
2770 3184 2996 3238 δυνατὸν
3029 3188 3124 3239 καὶ
3167 3184 3423 3255 θνήσκειν
3453 3180 3712 3253 μέλλοντας

2157 3280 2414 3352 ἐγείρειν,
2446 3276 2845 3348 ἐπιμετροῦντα
2870 3286 2893 3313 ι
2917 3276 3143 3347 χρόνους
3168 3277 3342 3344 ζωῆς,
3365 3276 3439 3339 ὼς
3458 3273 3548 3326 νῦν
3581 3268 3710 3332 Ἐζε-

2155 3372 2301 3435 κίαν,
2354 3370 2448 3423 καὶ
2481 3366 2814 3438 τεθνηκότας
2840 3365 3145 3431 ζωοποιεῖν,
3182 3366 3258 3430 ὡς
3292 3367 3451 3429 ὅσους
3475 3363 3711 3434 ἐδήλωσεν

2156 3468 2189 3536 ἡ
2225 3463 2444 3535 Γραφή.
2479 3461 2589 3515 Καὶ
2633 3458 2973 3529 πανταχόθεν
3023 3460 3155 3529 ἡμῖν
3184 3459 3233 3512 οἰ
3265 3459 3365 3530 τῆς
3403 3453 3711 3528 εἱμαρμένης

2156 3556 2465 3611 διαλύονται
2508 3552 2679 3621 λόγοι.
2733 3551 2911 3621 Ὅπερ
2979 3548 3228 3613 Ἐζεκίας
3280 3547 3457 3615 εἰδὼς,
3503 3548 3583 3599 ὅτε
3628 3541 3712 3613 μὲν

2158 3648 2388 3721 ἐρῤωτο,
2441 3645 2582 3717 πρὸς
2621 3645 2732 3698 τὸν
2759 3641 2913 3697 νεὼν
2956 3640 3088 3706 ἔθει,
3125 3640 3255 3711 περὶ
3304 3641 3412 3694 τῶν
3458 3633 3711 3706 Ασσυρίων

2159 3739 2326 3795 αἰτῶν
2351 3757 2366 3771 ·
2422 3741 2489 3809 τῇ
2554 3736 2696 3807 νόσῳ
2724 3734 2780 3789 δέ
2810 3732 3085 3802 πεδηθεὶς,
3137 3732 3196 3797 ἐξ
3234 3733 3409 3802 αὐτῆς
3454 3727 3710 3801 στρωμνῆς

2160 3833 2405 3903 ἀνήγαγε
2459 3828 2559 3899 τὴν
2619 3826 2826 3897 εὐχὴν,“
2877 3823 3150 3894 πανταχοῦ
3202 3826 3460 3894 παρεῖναι
3487 3820 3542 3872 τὸ
3578 3816 3711 3869 Θεῖον

2163 3922 2339 3985 εἰδώς.
2362 3921 2469 3973 Καὶ
2517 3918 2645 3990 περὶ
2676 3920 2775 3989 τῆς
2804 3916 2941 3980 ἰδίας
2970 3915 3201 3980 εὐζωῖας
3236 3915 3400 3985 μόνον
3430 3905 3709 3983 παρρησιά-

2164 4013 2338 4078 ζεται,
2366 4010 2687 4082 προσθήκην
2714 4008 2819 4062 οὐκ
2849 4007 3081 4076 αἰτήσας
3113 4004 3281 4074 ζωῆς,
3314 4004 3424 4057 τῶν
3449 4000 3582 4055 κατὰ
3612 3994 3710 4049 διά-

2161 4122 2309 4161 νοιαν
2344 4102 2503 4167 εἰδὼς
2538 4095 2698 4155 αὑτὸν
2728 4098 3099 4170 ἐπιγνώμονα,
3129 4099 3222 4150 καὶ
3252 4095 3367 4166 τῆς
3394 4091 3575 4164 εὐχῆς
3609 4090 3708 4142 ἐπι-

2158 4195 2429 4266 τρέψαςτ
2500 4233 2516 4249 .
2595 4233 2611 4248 .
2684 4232 2699 4247 .
2778 4230 2793 4247 .

470 4291 761 4362 attingere,
788 4307 898 4345 non
935 4290 1060 4344 vitae
1105 4289 1553 4360 propagationem
1598 4274 1899 4358 postulare,
1956 4287 2050 4358 qui
2091 4286 2264 4342 Deum
2303 4286 2502 4356 ipsum,
2547 4299 2740 4341 eorum
2783 4299 2905 4354 quae
2963 4291 3141 4336 mente
3228 4280 3488 4352 gerimus,
3552 4278 3706 4345 inspe-

466 4394 679 4442 ctorem
720 4390 776 4439 et
827 4381 1093 4438 arbitrum
1140 4397 1264 4437 esse
1314 4396 1424 4434 non
1468 4381 1731 4449 ambigat,
1758 4389 1813 4434 et
1838 4379 2121 4434 orationis.
2161 4417 2174 4432 .
2213 4418 2227 4434 .
2272 4419 2286 4433 .
2329 4385 2348 4401 '

544 4517 563 4535 .
603 4517 619 4534 .
663 4516 681 4532 .
722 4515 741 4533 .
782 4518 798 4534 .
842 4516 856 4530 .
899 4476 1071 4531 relicti
1101 4484 1222 4527 sunt
1293 4489 1398 4528 nec
1440 4473 1631 4527 laudes
1676 4473 1864 4529 forsan
1917 4473 2061 4528 cele-
2095 4477 2135 4531 D
2238 4512 2252 4526 .

2453 4512 2467 4526 .
2571 4467 3098 4538 κατελήφθησανιι
3160 4469 3295 4539 μήτε
3335 4459 3710 4532 δοξολογοῦντες

469 4573 717 4636 brantes,
757 4576 854 4623 aut
904 4566 1199 4623 virtutibus
1250 4573 1665 4636 promoventes,
1723 4564 1836 4618 imo
1878 4579 2054 4634 neque

2165 4561 2367 4632 ίσως,ἢ
2396 4561 2781 4632 προστιθέντες
2804 4561 3049 4629 ἀρεταῖς,
3090 4562 3229 4629 μήτε
3262 4558 3370 4629 μὴν
3400 4550 3710 4626 ἁμαρτάνον-

472 4668 803 4731 peccantes,
839 4657 934 4713 sed
960 4656 1153 4726 judicii
1182 4665 1396 4725 tempus
1431 4662 1839 4725 exspectantes.
1885 4655 2056 4708 Aiunt

475 4750 724 4806 nonnulli
779 4749 1205 4804 resurrectionis
1242 4762 1392 4816 spem
1434 4760 1543 4800 non
1596 4746 1804 4811 tollere,
1831 4744 1928 4800 sed
1985 4745 2054 4799 ad

470 4841 800 4916 perditionis
832 4841 1029 4912 inferos
1057 4839 1380 4912 potius,nisi
1402 4840 1689 4909 impetrata
1717 4847 2054 4907 peccatorum

472 4937 634 4992 venia
663 4936 755 4992 Dei
789 4951 952 4991 manu
978 4935 1309 4999 retrahatur,
1339 4933 1626 4989 devenisse
1655 4947 1715 4987 se
1745 4930 2054 4987 ostendere.

474 5032 660 5103 Itaque
690 5045 858 5102 prava
894 5030 986 5084 illa
1017 5038 1073 5085 et
1120 5027 1330 5081 lubrica
1384 5025 1719 5096 cogitatione
1766 5023 2058 5085 liberatus,

2160 4673 2274 4722 τες,
2338 4654 2428 4708 τὸν
2459 4653 2515 4707 δὲ
2541 4654 2641 4723 τῆς
2683 4652 2919 4724 κρίσεως
2953 4652 3143 4722 καιρὸν
3193 4650 3553 4721 ἐκδεχόμενοι.
3579 4637 3711 4698 Τινὲς

2159 4748 2218 4801 δέ
2253 4765 2438 4820 φασιν,
2466 4747 2541 4810 ὡς
2575 4747 2676 4798 οὐκ
2709 4746 2947 4815 ἀναιρεῖ
2968 4744 3067 4806 τὰς
3107 4742 3331 4805 ἐλπίδας
3357 4742 3451 4810 τῆς
3502 4730 3710 4791 ἁναστά·

2165 4856 2318 4902 σεως·
2339 4838 2489 4909 δηλοῖ
2511 4836 2804 4907 δὲμᾶλλον,
2833 4834 2907 4898 ὡς
2924 4836 3024 4900 Εἰς
3056 4834 3210 4901 ᾅδην
3242 4831 3512 4891 ἀπωλείας
3538 4821 3712 4886 ἄπελθ’

2164 4929 2366 4994 λύθειν,
2404 4928 2478 5000 μὴ
2512 4929 2609 5000 τῆς
2640 4928 2795 4998 παρὰ
2820 4925 2915 4979 σοῦ
2943 4925 3196 4997 βοηθείας
3224 4924 3401 4995 τυχὼν
3432 4915 3710 4989 παριδόντίή

2162 5022 2264 5083 τὰς
2295 5021 2433 5093 ἐμὰς
2486 5020 2795 5089 ἁμαρτίας.
2822 5018 2914 5071 Διὸ
2944 5017 3045 5089 τῆς
3103 5017 3379 5087 σφαλερὶς
3426 5010 3622 5076 ἐκείνης
3641 5006 3711 5055 έν·
3744 5056 3756 5071 .

476 5124 542 5179 ad
573 5093 795 5195 nuptias
834 5123 981 5194 jam,
1009 5131 1063 5178 et
1112 5118 1396 5173 liberorum
1443 5116 1901 5188 procreationem,
1955 5131 2054 5186 quo

2169 5115 2315 5176 νοὶας
2341 5112 2715 5182 παυσάμενος,
2771 5109 2991 5162 σπεύσω
3025 5108 3163 5179 πρὸς
3194 5112 3371 5178 γάμον
3403 5102 3496 5158 καὶ.
3530 5093 3709 5151 παιδο-

470 5217 700 5285 justitia:
752 5226 858 5270 tua:
878 5210 1212 5285 prmeonesa
1249 5226 1336 5266 me
1389 5218 1706 5280 procreatos
1761 5208 2056 5265 ostendere

481 5323 700 5376 queant,
736 5308 1027 5363 festinabo.
1068 5306 1178 5377 Ego
1224 5319 1420 5359 rursus
1475 5312 1673 5373 praeter
1728 5316 1872 5366 eam,
1941 5316 2063 5368 qua:

478 5398 640 5452 nobis
671 5398 869 5452 tradita
892 5408 996 5462 est,
1028 5397 1328 5467 subjectum
1362 5394 1549 5452 sensui
1606 5393 2061 5455 consolationem,

553 5576 597 5607 ²⁰
631 5576 649 5629 1
687 5574 922 5630 Timoth.
965 5590 1047 5641 vn,
1078 5573 1169 5627 ‘20.
1273 5575 1314 5604 ’ί
1354 5570 1461 5624 Τιι.
1523 5586 1614 5632 ltl,
1668 5569 1753 5622 IO.

1849 5569 1893 5599 ¹²
1940 5566 2128 5620 Matth.
2163 5581 2283 5629 xvr,
2320 5563 2407 5618 18.

2174 5208 2377 5261 ποιΐαν
2425 5205 2622 5270 ἐλθεῖν,
2658 5204 2753 5257 καὶ
2795 5203 2923 5265 τοὺς
2953 5200 3012 5265 ἐξ
3042 5200 3177 5271 ἐμοῦ
3231 5204 3477 5270 κήρυκας
3503 5192 3594 5260 τῆς
3628 5195 3711 5249 σης

2169 5298 2448 5365 ἀποδεῖξαι
2471 5296 2885 5362 δικαιοσύνης.
2923 5291 3093 5361 Κάγὼ
3114 5292 3173 5345 δὲ
3196 5291 3331 5363 πρὸς
3357 5287 3452 5356 τὴν
3480 5272 3711 5365 αἰσθητὴν

2170 5392 2414 5444 δοθεῖσαν
2463 5390 2592 5459 ἡμῖν
2638 5384 3014 5456 παραμυθίαν,
3045 5383 3152 5438 τὸν
3184 5383 3303 5440 σὸν
3333 5375 3497 5434 οἷκον
3518 5370 3620 5436 ἰὼν,
3645 5364 3713 5423 εἰς

2480 5563 2525 5595 ’³
2548 5561 2703 5617 Deut.
2734 5575 2905 5625 χχχιι,
2940 5559 3031 5616 59.

1797 5683 2029 5737 VARle
2067 5679 2473 5737 LECTIONES.

558 5789 587 5832 1
616 5798 705 5853 π».
734 5780 1124 5851 ῡπομένοντας.

1206 5789 1226 5816 ι
1260 5796 1351 5847 γρ.
1382 5776 1784 5849 ὲπιμετροῦντι.
1863 5789 1885 5817 ει
1925 5793 2011 5843 γρ.
2040 5772 2492 5843 κατελείφθησαν.
