4032 6218
342 344 479 412 Ξ325

1483 331 2012 402 COMMENTARH
2052 339 2129 397 ΙΝ
2174 337 2457 397 ΙΞΛΙΛΜ.

3457 331 3625 394 2326:

340 468 432 510 τὸν
496 456 589 509 σὺν
643 458 788 526 ἡμᾶς
844 455 1009 525 φόϐον
1060 456 1476 518 συστέλλουσαν,
1534 454 1921 527 χαριστηρίους

2039 453 2075 504 ω
2101 450 2315 504 domum
2347 459 2490 501 tuum
2514 447 2702 510 etiam,
2736 445 2793 500 in
2821 460 2928 515 qua
2957 444 3023 499 ad
3067 444 3163 497 tui.
3199 444 3448 499 timorem
3481 448 3597 497 col-

342 544 607 599 ἀποδώσω
640 546 840 614 φωνάς.
874 546 1031 610 Τινὲς
1057 546 1217 611 δὲτὸ,
1246 544 1454 598 παιδία
1509 543 1743 612 ποιήσω
1770 543 1919 611 ἅπερ

342 636 807 706 ἁναγγελοῦσιν,
830 635 1024 706 δηλοῦν
1048 635 1276 705 ἔφασαν,
1298 637 1381 689 ὅτι
1402 635 1761 705 χοροστασίαν
1788 632 1922 701 ψαλ-

343 728 532 798 τῳδῶν
553 728 759 781 παίδων
780 725 1037 795 εὐφώνως
1057 725 1369 796 ὑμνούντων
1391 726 1447 779 ἐν
1465 724 1544 795 τῷ
1571 723 1681 794 ναῷ
1705 724 1924 793 στήσειν

345 819 761 887 ἐπαγγέλλεται.
799 818 876 871 Δι’
907 813 967 872 οὗ
994 817 1049 870 δὲ
1084 816 1198 885 τὴν
1240 815 1541 882 τελευτὴν
1593 812 1740 884 αὐτῷ
1791 811 1924 875 Θεὸς

346 912 606 982 ἐδήλωσε,
641 909 730 963 διὰ
782 910 971 964 τούτου
1018 909 1113 963 καὶ
1134 910 1235 981 τὴν
1263 907 1561 979 θεραπείαν
1581 906 1922 978 προσήγαγε,

351 1005 428 1074 μὴ
457 1003 554 1057 καὶ
583 1004 755 1056 ποιεῖν
775 1002 900 1073 δόξῃ
929 1004 1020 1055 τὸν
1048 1002 1336 1072 προφήτην
1358 999 1706 1070 ἐφύϐριστον,
1736 995 1924 1051 κακῶν

348 1096 510 1148 αὐτὸν
543 1094 720 1164 μόνων
750 1094 1037 1161 ἀποδείξας
1064 1093 1330 1147 διάκονον.
1383 1089 1835 1163 Παραδοξοποιῶν
1867 1087 1924 1141 δὲ

348 1187 504 1249 θεὸς,
527 1186 555 1238 ὂ
577 1186 723 1239 δοκεῖ
773 1188 885 1250 τοῖς
924 1184 1236 1256 τραύμασιν
1260 1181 1520 1247 ὲπαύξειν
1560 1180 1656 1250 τὴν
1690 1177 1920 1249 βλάϐην,

349 1277 421 1331 τὰ
449 1277 632 1341 σῦκα,
662 1275 819 1328 τοῦτο
842 1275 978 1346 πρὸς
1005 1273 1152 1328 ἴασιν
1171 1274 1389 1338 ἔδωκεν,
1411 1273 1439 1325 ὃ
1457 1271 1553 1324 καὶ
1615 1270 1759 1341 μέγα
1810 1285 1924 1336 ση-

343 1369 520 1439 μεῖον
555 1366 908 1436 ὲκπλαγεὶςό
940 1365 1189 1431 Ἐζεκίας
1237 1364 1395 1417 καλεῖ
1456 1361 1553 1415 τοῦ
1601 1360 1925 1432 δυνήσεσθαι

350 1458 433 1525 his
457 1456 594 1511 ποδὶ
619 1457 919 1527 χρώμενος
948 1460 1036 1523 είς
1064 1456 1174 1510 τὸν
1216 1457 1371 1509 νεὼν
1403 1453 1702 1509 ἀνελθεῖν.
1742 1450 1832 1504 Ἐν
1865 1450 1925 1504 δὲ

351 1552 420 1619 τῇ
449 1550 489 1603 δ’
508 1548 617 1602 τῶν
663 1547 960 1603 Bacchatth
988 1547 1301 1618 γέγραπται
1326 1548 1408 1600 ὅτι
1437 1545 1543 1616 πρὸ
1581 1544 1749 1599 πάλαι
1772 1541 1925 1613 παρὰ

355 1640 449 1693 τοῦ
483 1641 762 1710 προφήτου
787 1639 993 1710 μαθὼν,
1018 1639 1092 1703 ὡς
1118 1641 1146 1692 ὁ
1172 1638 1323 1708 ἥλιος
1351 1636 1535 1707 μέλλει
1582 1636 1682 1703 τὴν
1736 1634 1829 1686 ἐπὶ
1854 1631 1923 1685 τὰ

356 1728 546 1798 πρόσω
579 1727 848 1781 ποιεῖσθαι
879 1727 1185 1798 ταχυτέραν
1223 1727 1363 1793 ὁδὸν,
1393 1727 1488 1778 καὶ
1522 1724 1610 1794 ὑφ’
1644 1723 1703 1776 ἓν
1731 1723 1860 1785 τοὺς
1893 1728 1925 1775 ι’

2024 542 2262 610 iigimur,
2290 538 2592 608 profectus,
2632 538 2931 609 gratiarum
2963 536 3060 591 tibi
3096 536 3341 591 actiones
3406 551 3600 604 repen-

2022 632 2168 687 dam.
2196 631 2355 703 431
2379 628 2499 684 Non
2522 628 2718 685 desunt
2748 636 2951 692 tamen,
2973 626 3248 697 qui,quod
3278 628 3423 696 ﬁlios
3441 628 3595 688 edam

2022 723 2114 792 qui
2133 719 2551 783 annuntiabunt,
2576 719 2731 784 dixit,
2765 717 2831 772 ad
2860 732 3153 787 puerorum
3181 715 3410 770 chorum
3438 716 3597 787 hym-

2025 829 2133 869 nos
2174 814 2230 868 in
2287 814 2489 883 templo
2531 802 2777 867 suaviter
2824 806 3263 870 modulantium,
3319 805 3595 868 referant,

2024 906 2188 976 quem
2234 920 2415 976 regem
2460 904 2843 959 institutorum
2896 914 2956 954 se
2984 898 3172 953 volunt
3219 898 3490 969 polliceri.
3528 899 3599 952 At

2024 1013 2124 1068 per
2147 1011 2308 1067 quem
2324 996 2373 1051 ei
2398 1004 2617 1050 mortem
2642 993 2786 1049 Deus
2806 989 3174 1054 denuntiavit,
3200 1004 3293 1058 per
3329 988 3580 1043 eumdem

2024 1089 2188 1145 etiam
2222 1095 2276 1143 et
2306 1085 2480 1141 morbi
2516 1083 2818 1141 remedium
2852 1084 2946 1148 (ne
2983 1081 3444 1136 contumeliosum
3472 1094 3599 1150 pro.

2026 1181 2264 1250 phetam,
2291 1177 2530 1247 malique
2571 1184 2782 1230 tantum
2822 1174 3138 1229 ministrum
3171 1170 3372 1227 habere
3398 1170 3606 1225 videre-

2026 1273 2137 1338 tur)
2166 1269 2368 1324 attulit.
2409 1269 2615 1324 Deinde
2641 1283 2767 1323 cum
2808 1267 3138 1322 miraculum
3169 1264 3333 1320 edere
3372 1264 3606 1320 statuis-

2027 1369 2110 1417 set
2138 1360 2305 1425 Deus,
2345 1360 2509 1429 ﬁcum
2546 1360 2627 1415 illi
2654 1363 2801 1431 (quae
2837 1358 3131 1414 vulnerum
3158 1356 3409 1426 alioquin
3446 1356 3612 1410 dolo-

2024 1471 2138 1510 rem
2169 1469 2375 1525 augere
2416 1454 2658 1509 maxime
2692 1454 2860 1521 solet)
2903 1452 2958 1506 in
2991 1450 3296 1507 remedium
3328 1448 3562 1505 tradidit
3589 1467 3605 1504 :

2024 1561 2134 1615 quo
2163 1545 2448 1616 perculsus
2465 1543 2748 1609 Ezechias,
2763 1544 2973 1613 signum
2992 1544 3290 1596 maximum
3315 1540 3366 1594 id
3383 1540 3606 1596 demum

2025 1653 2170 1704 esse,
2208 1655 2310 1708 quo
2350 1639 2480 1707 pede
2518 1646 2671 1691 utens
2711 1637 2768 1689 in
2810 1635 3060 1706 templum
3104 1634 3381 1689 ascendere
3416 1641 3604 1702 postea

2029 1730 2229 1793 valeat,
2272 1729 2582 1799 proﬁtetur.
2613 1726 2870 1783 invenias
2896 1737 3079 1781 autem
3112 1734 3313 1794 quarto
3335 1724 3607 1793 Regum"

355 1796 603 1873 κατιέναι
657 1817 920 1888 βαθμοὺς,
961 1796 1122 1881 αὐτος
1173 1817 1249 1881 ὡς
1297 1814 1640 1886 οἱκειὼτερον
1678 1814 1930 1883 σημεῖον

2039 1816 2347 1880 Ezechiam,
2403 1831 2529 1871 cum
2578 1817 2709 1871 olim
2757 1816 2928 1871 solem
2979 1815 3065 1870 via
3109 1814 3374 1870 celeriore
3420 1812 3607 1867 decem

316 1974 325 1987 ι
355 1909 455 1978 τῆς
506 1909 641 1978 πρὸς
668 1907 759 1961 τὸν
796 1907 908 1977 βίον
958 1908 1328 1978 ἀναστροφῆς,
1361 1908 1454 1959 τοῦ
1490 1905 1642 1977 ἡλίου
1673 1905 1764 1959 τὸν
1795 1907 1929 1958 ἀνα-

358 1997 620 2064 ποδισμὸν
659 1998 960 2076 ἐξῃτήσατο
994 2037 1009 2062 ,
1069 1996 1201 2050 ἔνθα
1251 1996 1345 2050 καί
1404 2012 1571 2067 φησιν
1629 1994 1928 2066 ἠνΓραφὴ,

356 2087 433 2151 ὡς
488 2088 644 2152 ἕλκος
706 2086 854 2158 αὑτῷ
908 2088 1145 2159 πονηρὸν
1196 2088 1298 2159 τῆς
1348 2087 1661 2159 ἀρρωστίας
1719 2086 1926 2158 πρόφα-

356 2195 443 2243 σις
466 2174 555 2250 ἦν.

949 2271 1203 2325 ΚΕΦᾹΛ.
1230 2270 1354 2325 ΛΘ’.

428 2368 569 2431 αοη¹,
616 2361 718 2415 Ἐν
759 2362 839 2427 τῷ
888 2362 1070 2431 καιρῷ
1104 2364 1312 2427 ἐκείνῳ
1363 2362 1684 2416 ἀπέστειλε
1729 2364 1934 2429 Μαρω-

355 2451 471 2520 ὄὰχ
502 2453 818 2519 Βαλαδὰν,
873 2457 907 2508 ὁ
937 2454 1069 2522 υίὸς
1106 2454 1214 2508 τοῦ
1244 2453 1544 2519 Βαλάδον,
1580 2457 1612 2507 ὀ
1631 2452 1935 2519 ,ϐασιλεὺς

354 2543 469 2611 τῆς
496 2546 875 2611 Βαϐυλωνίας
900 2585 915 2611 ,
947 2546 1295 2613 ἐπιστολὰς,
1332 2546 1433 2599 καὶ
1480 2545 1784 2613 πρέσϐεις,
1833 2545 1934 2598 καὶ

353 2631 517 2701 δῶρα
554 2634 789 2703 Ἐζεκίᾳ.
822 2637 1117 2691 Ἤκουσεν
1157 2637 1289 2706 γὰρ,
1316 2636 1404 2689 ὅτι
1434 2633 1805 2706 ἐμαλακισθη
1828 2634 1937 2699 ἕως

356 2722 639 2790 θανάτου,
672 2727 769 2778 καὶ
798 2726 1045 2793 ἀνέστη,
1081 2743 1136 2780 κ.
1166 2743 1218 2777 τ.
1246 2724 1295 2778 λ.

443 2815 502 2869 Ὁ
532 2816 643 2868 τῶν
676 2817 943 2869 Ἰουδαίων
977 2816 1294 2878 διδάσκαλος
1339 2815 1522 2884 ἔλεγεν
1582 2817 1937 2887 νενοσηκέναι

352 2906 449 2958 τὸν
485 2906 735 2968 Ἐζεκίαν
764 2907 909 2979 ᾠδὴν
939 2909 1031 2960 ἐπὶ
1058 2912 1123 2979 τῇ
1157 2909 1361 2963 πτώσει
1385 2909 1493 2961 τῶν
1508 2908 1811 2978 Ἀσσυρίων
1838 2908 1938 2961 οὐκ

354 2999 563 3071 ᾅσαντα
591 3004 967 3072 χαριστήριον,
990 3002 1065 3064 ὡς
1083 3004 1168 3055 ἐπ’
1193 3002 1557 3071 Αἰγυπτίοιςὸ
1581 3001 1789 3070 Μωσῆς
1814 3039 1830 3066 ,
1863 3000 1939 3064 ὡς

2032 1912 2235 1979 gradus
2255 1912 2427 1966 semei
2445 1912 2569 1966 esse
2588 1908 2970 1965 confecturum
2990 1924 3021 1963 a
3044 1909 3313 1979 propheta
3338 1906 3607 1966 audisset.

2031 2002 2319 2074 promissae
2344 2000 2601 2060 sanitatis
2623 2000 2834 2070 signum
2865 2000 3073 2070 aptius,
3108 2014 3301 2069 nempe
3343 2009 3399 2053 ut
3423 2010 3607 2067 regre-

2033 2098 2256 2151 deretur
2290 2093 2617 2165 postulasse,
2648 2092 2934 2164 morbique
2958 2106 3211 2157 causam,
3250 2107 3360 2161 quo
3395 2090 3610 2146 detine-

2036 2185 2217 2249 batur,
2248 2184 2317 2238 ab
2344 2183 2544 2240 ulceris
2578 2183 2919 2253 malignitate
2950 2181 3292 2251 proﬂuxisse.

2601 2272 2754 2328 CAP.
2804 2271 3049 2325 XXXIX.

2104 2367 2265 2439 432
2306 2367 2468 2423 Vens.
2532 2355 2645 2421 1—8.
2700 2364 2955 2439 ‘Tempore
3003 2364 3097 2418 illo
3124 2366 3268 2419 misit
3326 2362 3611 2420 Merodaclt

2036 2432 2301 2523 Bal—alltTn,
2333 2459 2477 2528 filius
2508 2432 2772 2521 Baladon,
2806 2432 2898 2509 rex
2928 2454 3266 2526 Babylonia’,
3299 2452 3526 2515 litteras,
3559 2464 3607 2506 et

2039 2551 2259 2622 legatos,
2315 2560 2363 2604 et
2400 2566 2618 2603 munera
2672 2547 2740 2601 ad
2802 2546 3114 2602 Ezechiam.
3165 2546 3420 2601 Audierat
3470 2547 3613 2602 enim

2039 2649 2320 2711 argralasse
2344 2639 2412 2693 ad
2438 2649 2676 2705 mortem,
2717 2646 2765 2692 et
2795 2637 3142 2715 convaluisse,
3181 2643 3288 2691 etc.

2113 2827 2255 2883 Dixit
2300 2826 2612 2881 Judmorum
2668 2825 2932 2895 magister
2983 2821 3271 2876 Ezechiam
3325 2826 3613 2890 propterea
3658 2854 3664 2861 ρ

2041 2926 2356 2987 σιετυιειεειξ,
2391 2918 2535 2986 qUod
2570 2925 2692 2985 post
2733 2913 3088 2984 Assyriorum
3136 2917 3409 2980 stragem,
3468 2909 3614 2964 sicut

2044 3008 2238 3063 deletis
2267 3007 2537 3079 IEgyptiis
2571 3005 2753 3061 Moses
2788 3005 2867 3071 ²⁸;
2893 3003 3036 3058 sicut
3061 3003 3388 3071 interempto
3421 2998 3608 3054 Sisare

359 3093 393 3160 ἡ
413 3091 673 3161 Δεϐϐωρὰ
701 3093 796 3146 ἐπὶ
831 3092 907 3161 τῷ
938 3094 1164 3165 Σίσαρᾳ,
1190 3094 1264 3156 ὡς
1298 3095 1333 3164 ἡ
1371 3094 1541 3146 Ἀννα
1569 3073 1660 3144 ἐπὶ
1682 3094 1750 3163 τῇ
1786 3091 1939 3159 γενέ-

2049 3096 2297 3152 Debbora
2323 3073 2588 3162 sticut
2640 3096 2798 3148 Anna
2856 3093 3118 3162 denique,
3160 3090 3251 3144 uhi
3306 3088 3616 3144 Samuelem

360 3184 567 3236 σειτοῦ
608 3184 885 3255 Σαμουὴλ.
942 3181 1054 3238 Εἶτ’
1111 3184 1457 3253 ἀρωσθέντα
1509 3184 1699 3241 τοῦτον
1748 3187 1781 3239 ό
1820 3182 1939 3238 τῶν

356 3278 758 3331 Βαϐυλωνίων
801 3278 988 3349 μαθὼν
1033 3279 1355 3344 βασιλεὺς,
1404 3277 1767 3350 πρεσϐεύεται
1801 3276 1939 3348 πρὸς

360 3368 543 3430 αὐτὸν,
584 3371 684 3422 οὐκ
735 3370 941 3439 ἀργῶς,
996 3368 1119 3423 ἰδὼν
1164 3370 1220 3423 δὲ
1274 3372 1375 3440 τὴν
1431 3370 1668 3441 ἡμέραν,
1718 3368 1844 3423 καθ’
1873 3369 1939 3440 ἢν

360 3461 676 3515 ἀνεπόδισεν
711 3464 737 3515 ὁ
766 3462 937 3532 ἥλιος,
980 3462 1270 3517 διπλασίαν
1325 3462 1728 3532 γεγενημένην.
1787 3461 1941 3531 Μηδὲ

360 3553 468 3623 γὰρ
491 3551 675 3606 λαϐεῖν
702 3553 1005 3617 Χαλδαίους
1034 3553 1242 3616 δεινοὺς
1271 3554 1404 3623 περὶ
1436 3551 1613 3606 ταῦτα
1643 3553 1941 3622 τυγχάνονο

359 3660 481 3707 τας.
505 3642 889 3706 Θεοποιοῦντες
909 3644 965 3696 δὲ
987 3644 1078 3697 τὸν
1104 3643 1275 3712 ἥλιον,
1301 3641 1407 3695 ὑπὸ
1432 3642 1741 3713 κρείττονος
1771 3640 1942 3711 ᾣοντο

360 3732 520 3786 τοῦτο
546 3732 1149 3803 γενέσθαιίδυνάμεως.
1206 3734 1318 3787 Καὶ
1376 3733 1476 3797 τὴν
1534 3734 1717 3786 αἰτίαν
1773 3731 1941 3785 πολυ-

364 3823 832 3894 πραγμονοῦντες,
858 3823 1128 3893 ἔγνωσαν,
1152 3824 1225 3888 ὡς
1254 3823 1323 3878 δι’
1374 3821 1626 3888 Ἐζεκίαν
1658 3823 1686 3874 ὁ
1710 3823 1816 3876 τῶν
1854 3822 1941 3875 Ἐ-

364 3915 568 3987 ὄραίων
600 3914 772 3969 ταῦτα
803 3917 1096 3986 πεποιήκει
1152 3915 1305 3979 Θεὸς.
1348 3915 1463 3984 Ἐφ’
1491 3907 1535 3982 ᾧ
1562 3915 1944 3983 καταπλαγεὶς

361 4009 390 4058 ὁ
425 4002 697 4073 βασιλεὺς,
748 4006 972 4059 ἐκείνων
1010 4006 1108 4070 τὰς
1138 4005 1273 4076 πρὸς
1327 4004 1495 4058 αὑτὸν
1557 4005 1635 4067 ὠς
1692 4002 1942 4073 θεοφιλῆ.

365 4094 640 4163 συνθήκας
698 4096 1022 4161 ἀσπάζεται.
1076 4096 1265 4158 Εῐποις
1292 4094 1339 4148 δ’
1364 4092 1431 4148 ἂν
1480 4094 1646 4157 αὐτὸς
1695 4093 1826 4157 ὼςδ
1873 4095 1944 4148 τὰ

364 4186 658 4256 θαυμαστὰ
678 4187 850 4242 πάντα
874 4188 998 4242 κατ’
1032 4186 1278 4242 ἐνιαυτὸν
1297 4186 1395 4239 ἕνα
1419 4186 1703 4255 γεγονέναι
1731 4185 1941 4257 μαθὼν,

362 4276 460 4330 τοῦ
495 4278 781 4350 Ἀσσυρίου
830 4279 928 4351 τὴν
961 4279 1169 4349 ἔφοδον,
1216 4279 1313 4351 τὴν
1345 4280 1414 4333 δι’
1440 4279 1673 4349 ἀγγέλου
1707 4278 1943 4351 πληγὴν,

363 4369 468 4440 τὴν
520 4372 661 4424 κατὰ
731 4372 1105 4444 Σενναχηρεὶμ
1163 4372 1270 4425 ὑπὸ
1305 4373 1414 4428 τῶν
1441 4373 1649 4426 παίδων
1675 4372 1816 4444 μετὰ
1845 4371 1946 4443 τὴν

2044 3187 2349 3258 peperisset
2378 3186 2456 3251 ",
2487 3186 2580 3242 Dei
2633 3183 2962 3240 beneﬁcium
3012 3181 3260 3241 carmine
3310 3195 3419 3235 non
3474 3177 3622 3235 cele-

2041 3280 2274 3335 hrassct.
2305 3277 2387 3333 Ad
2415 3280 2558 3332 hunc
2587 3293 2770 3349 porro,
2803 3290 2930 3331 cum
2962 3283 3246 3345 wgrotasse
3296 3271 3621 3342 Babylonia-

2043 3387 2160 3424 rum
2189 3385 2281 3424 rex
2314 3370 2571 3434 audisset,
2599 3383 2709 3423 non
2742 3384 2881 3423 vana
2911 3374 3096 3422 motus
3126 3364 3441 3428 occasione,
3469 3361 3619 3430 lega-

2047 3474 2131 3519 tos
2163 3462 2335 3529 misit,
2368 3461 2461 3518 sed
2491 3461 2636 3532 quod
2667 3461 2813 3517 diem
2851 3462 3031 3528 illum,
3068 3472 3179 3529 quo
3208 3471 3430 3511 cursum
3458 3470 3616 3511 suum

2044 3555 2127 3611 sol
2163 3554 2540 3624 retroegisset,
2596 3552 2764 3623 duplo
2797 3552 3060 3622 majorem
3094 3547 3379 3607 exstitisse
3433 3546 3624 3615 deprc-

2045 3646 2350 3702 hendisset.
2399 3645 2590 3715 Neque
2625 3646 2770 3700 enim
2801 3645 2854 3699 id
2898 3645 3208 3709 Chaldaeos,
3260 3645 3354 3714 qui
3389 3646 3444 3698 in
3481 3645 3624 3700 side-

2046 3751 2165 3792 rum
2194 3735 2487 3807 disciplina
2521 3735 2754 3790 multum
2790 3735 2994 3790 versati
3036 3743 3261 3800 essent,
3303 3735 3474 3791 lalcrc
3535 3752 3624 3805 po-

2047 3829 2182 3897 tuit;
2210 3843 2313 3884 nec
2343 3828 2414 3883 ah
2449 3828 2674 3892 eisdem,
2701 3827 2795 3896 qui
2846 3828 3016 3882 solem
3075 3827 3236 3883 deum
3287 3827 3551 3889 lacerent,
3594 3846 3622 3877 ιι

2046 3919 2353 3990 potentiore
2383 3918 2566 3987 aliqua
2608 3915 2811 3971 virtute
2864 3912 3068 3971 factum
3116 3917 3399 3985 denegari.
3455 3914 3618 3986 433

2045 4011 2238 4081 Itaque
2273 4024 2396 4063 cum
2431 4008 2510 4062 rei
2542 4022 2768 4063 causam
2805 4008 2967 4062 anxie
2997 4007 3232 4063 scrutati
3263 4007 3332 4061 ah
3366 4005 3620 4061 Heber-

2045 4118 2169 4158 rum
2210 4100 2322 4157 Deo
2349 4109 2567 4171 propter
2602 4097 2896 4154 Ezechiam
2937 4099 3143 4153 factum
3180 4114 3303 4155 esse
3354 4114 3622 4170 agnosce-

2045 4201 2168 4249 rent
2196 4210 2209 4247 :
2240 4207 2305 4248 eo
2334 4199 2641 4247 commotus
2669 4206 2786 4258 rex,
2809 4189 2956 4260 quod
2982 4199 3244 4261 tanquam
3300 4188 3367 4243 ad
3424 4190 3629 4260 pietate

2048 4283 2487 4341 commendatum
2520 4282 2908 4347 accessissent,
2940 4283 3260 4339 eorumdem
3311 4282 3611 4337 amicitiam

2046 4385 2100 4431 et
2125 4374 2307 4430 lmdus
2337 4373 2708 4442 amplectitur.
2769 4372 2963 4429 Dicere
3003 4374 3184 4444 possis
3222 4373 3388 4429 etiam
3444 4371 3623 4428 Mero-

363 4460 545 4532 φυγὴν
595 4464 986 4529 ἐπανάστασιν,
1017 4464 1118 4533 τὴν
1167 4463 1264 4517 τοῦ
1317 4464 1433 4536 μετ’
1480 4463 1646 4519 αὐτὸν
1677 4463 1942 4534 ἄρξαντος

2045 4467 2236 4519 dacum
2281 4480 2391 4519 non
2440 4464 2879 4527 Sennaeherimi,
2945 4464 3040 4521 sed
3099 4464 3336 4519 Baldani
3392 4480 3455 4520 ex
3513 4466 3627 4519 alia

366 4551 557 4616 παιδὸς
572 4551 832 4624 Ἀχορδὰν
855 4571 1042 4625 σεσιγη
1052 4555 1219 4627 μένην
1237 4555 1537 4609 ἀπώλειαν.
1557 4554 1745 4609 Ταῦτα
1766 4555 1946 4609 πάντα

369 4642 560 4713 μαθὼν
580 4644 872 4713 Μαρωδάκ
911 4646 1157 4702 Βαλδὰν
1182 4648 1313 4715 υἱὸς
1338 4647 1436 4712 ὣν,
1466 4648 1525 4701 οὐ
1546 4646 1641 4701 τοῦ
1675 4648 1948 4719 Σενναχη-

369 4736 685 4809 ρεὶμ,ἀλλὰ
739 4738 846 4792 τοῦ
894 4739 1159 4803 Βαλδὰν,
1188 4738 1248 4803 ἐξ
1276 4740 1467 4810 ἑτέρου
1521 4740 1712 4808 γένους
1760 4729 1943 4804 βασι-

364 4827 567 4880 λεύων
583 4829 1002 4892 Βαϐυλωνίων,
1034 4828 1110 4892 ὡς
1151 4829 1299 4899 ὠφελ
1324 4846 1383 4894 ος
1417 4831 1535 4901 (sic)
1560 4830 1659 4902 τὴν
1688 4830 1823 4902 πρὸς
1854 4831 1946 4883 τὸν

366 4917 570 4989 εὐσεσῆ
599 4919 783 4987 φιλίαν
811 4921 1137 4986 ἀσπάζεται.

2052 4557 2221 4626 stirpe
2253 4555 2449 4625 ﬁlium,
2484 4563 2617 4611 tunc
2670 4555 3083 4627 Babyloniorum
3114 4574 3304 4628 regem,
3336 4544 3629 4629 postquam

2049 4663 2162 4704 uno
2201 4664 2347 4703 anno
2381 4656 2495 4703 tam
2528 4650 2701 4703 multa
2730 4650 3098 4720 et'stupenda
3127 4651 3429 4722 contigisse
3477 4649 3621 4706 didi-

2049 4741 2250 4806 cisset;
2283 4741 2640 4811 Assyriorum
2672 4757 2865 4814 nempe
2894 4745 3198 4798 exercitum
3239 4759 3335 4814 per
3369 4744 3622 4813 angelum

2049 4834 2253 4903 deleri;
2296 4831 2787 4889 Sennaeherimum
2823 4843 3088 4905 praeterea
3132 4851 3317 4905 regem
3364 4837 3488 4902 luga
3513 4833 3624 4887 cla-

2052 4936 2213 4992 psum
2264 4923 2503 4977 liliorum
2551 4924 2807 4978 manibus
2852 4925 3159 4991 trucidari;
3220 4925 3339 4994 ejus
3391 4922 3627 4992 denique

368 5012 544 5067 lilium
577 5015 987 5079 Achordanum,
1030 5018 1125 5088 qui
1157 5017 1300 5088 patri
1341 5029 1709 5086 successerat,
1762 5018 1926 5073 tacita
1967 5026 2144 5073 morte
2172 5018 2425 5083 interire,
2476 5004 2731 5087 tanquam
2807 5018 2863 5072 id
2908 5026 3083 5073 totum
3136 5017 3192 5071 in
3292 5030 3449 5071 suam
3507 5028 3622 5068 rem

369 5107 574 5162 factum
608 5125 732 5166 esse
757 5110 1057 5182 judicaret,
1091 5113 1164 5183 pii
1223 5114 1367 5184 regis
1422 5115 1721 5169 amicitiam
1763 5115 2087 5171 muhivisse.

442 5202 565 5255 Ὅτι
617 5206 726 5273 γὰρ
764 5208 821 5258 ἐν
845 5207 927 5259 ἑνὶ
972 5209 1149 5261 πάντα
1173 5209 1696 5281 προῆλθειὲνιαυτῷ
1752 5209 1949 5280 μάθοις

370 5293 438 5346 ἂν
473 5296 777 5359 ἐπιστήσας
805 5297 880 5361 ὼς
909 5300 941 5368 ἡ
967 5298 1151 5367 ἔφοδος
1199 5302 1281 5354 τοῦ
1330 5303 1615 5370 Ἀσσυρίου
1638 5302 1791 5365 ἔτους
1823 5319 1947 5354 τεσ-

382 5387 870 5451 >αρεσκαιδεκέιτου
917 5390 1017 5459 τῆς
1054 5391 1299 5454 Ἐζεκίου
1364 5393 1638 5464 βασιλείας
1702 5384 1938 5461 ἐγένετο.

443 5560 489 5591 9³
522 5559 591 5613 ιν
625 5561 753 5630 lieg.
782 5578 874 5627 xx,
907 5563 1062 5617 9-H.

2128 5208 2316 5280 Neque
2349 5209 2494 5265 enim
2526 5208 2696 5277 hujus
2722 5208 2851 5262 anni
2877 5207 3058 5278 spatio
3091 5207 3195 5260 ista
3221 5204 3405 5259 onmia
3444 5203 3625 5258 conti-

2054 5302 2202 5372 gisse
2229 5302 2524 5367 dubitabis,
2564 5302 2610 5355 si
2659 5301 2869 5369 Assyrii
2904 5298 3309 5367 expeditionem
3343 5302 3539 5366 quarto
3564 5301 3623 5349 et

2053 5393 2268 5449 decimo
2292 5391 2537 5446 Ezechiae
2565 5392 2843 5447 exstitisse
2882 5390 3162 5454 didiceris,
3221 5403 3343 5443 cum
3394 5386 3628 5458 quimleg

1175 5568 1218 5599 "
1245 5567 1418 5623 Exod.
1450 5577 1631 5635 x1v,ct
1657 5584 1744 5621 xv.
1823 5567 2066 5622 “Judic.
2108 5584 2179 5628 Iv,
2205 5578 2332 5622 etv.
2410 5569 2452 5600 ³⁷
2488 5568 2505 5623 l
2540 5564 2667 5641 Reg.
2690 5585 2748 5624 ιι.

1676 5683 1908 5739 VAliIAS
1953 5683 2351 5741 LECTIONES.

449 5765 478 5806 δ
513 5785 599 5837 γρ.
624 5761 698 5832 ὡς
738 5773 920 5836 αὐτὸς.
