4014 6202
220 5699 344 5773 ,Ἢ

455 338 594 402 2327

1789 351 2139 413 PROCOPII
2167 353 2408 414 ῦΑΖιἘΙ

3553 363 3695 426 2328

452 451 557 504 cim
577 449 838 521 prz'eterea
874 453 1170 524 adjunctis,
1210 472 1358 514 nono
1386 467 1440 515 et
1469 460 1730 516 vicesimo
1766 462 1840 516 ita
1869 462 2013 517 diem

2124 463 2218 526 ’ος
2281 464 2686 533 προστεθέντων
2751 464 2889 518 ἐτῶν
2953 465 3103 536 αὐτῷ
3164 468 3577 537 πεντεκαίδεκα,
3612 475 3697 545 τῷ

451 547 760 595 extremum
794 541 1013 609 obierit,
1062 551 1120 598 ut
1153 545 1208 599 in
1239 563 1444 602 annum
1475 558 1734 619 quartum
1769 559 1825 605 et
1871 551 2016 606 deci-

456 645 606 684 mum
637 633 889 688 morbum
922 635 1121 690 cadere
1153 653 1442 694 necessum
1464 639 1557 705 sit,
1591 641 1802 711 reliqua
1835 651 2017 697 autem

458 722 710 778 eumdem
735 725 1065 795 prmcedere,
1091 735 1144 783 et
1173 730 1364 785 eodem
1397 739 1647 802 tempore
1672 734 1972 803 contigisse
2001 753 2014 788 :

453 814 655 883 quibus
697 817 899 873 auditis
936 819 1190 874 omnibus
1240 820 1306 875 ad
1345 823 1645 893 legatorum
1699 825 2016 880 missionem

452 904 708 962 inductus
748 916 831 963 est
861 907 1137 981 Assyrius.
1173 912 1377 967 Verum
1407 921 1533 974 cu‘m
1599 916 1669 971 ad
1723 915 2017 971 Ezechiam

450 1000 840 1068 appulissent;
876 1001 1038 1072 cujus
1072 1013 1260 1073 partes
1287 1015 1449 1061 erant
1477 1023 1663 1063 rerum
1696 1009 1825 1063 olim
1853 1024 1882 1062 a
1903 1009 2017 1063 Deo

449 1098 747 1158 gestarum,
788 1101 951 1163 atque
982 1095 1145 1149 etiam
1180 1098 1482 1152 recentium
1513 1100 1645 1169 ipsis
1676 1100 2014 1170 magnitudi-

449 1195 577 1235 nem
602 1197 872 1250 narrare;
925 1187 1149 1255 partim,
1188 1193 1250 1242 ut
1301 1188 1551 1246 beneﬁcii
1612 1207 1906 1246 memorem
1957 1206 2018 1247 se

447 1281 761 1341 praestaret,
815 1277 1042 1346 partim,
1107 1288 1166 1333 ut
1213 1279 1340 1334 illos
1390 1281 1457 1335 ad
1519 1283 1778 1355 pietatem
1841 1283 2016 1353 magis

449 1363 794 1428 accenderet.
815 1382 1050 1437 quorum
1077 1371 1328 1440 exemplo
1353 1381 1408 1426 et
1431 1373 1651 1428 monitis
1674 1374 1766 1428 alii
1794 1389 2014 1430 rursum

449 1463 836 1510 moverentur:
874 1473 937 1512 ea
992 1473 1053 1513 re
1095 1462 1364 1530 neglecta,
1420 1463 1494 1516 ita
1542 1464 1800 1520 aviditate
1831 1466 2016 1534 gloria;

447 1543 630 1613 frangi
681 1559 740 1600 se
769 1559 970 1614 passus
999 1554 1103 1613 est,
1133 1559 1192 1604 ut
1225 1565 1358 1604 suos
1386 1551 1593 1606 eisdem
1625 1554 1923 1621 thesauros,
1961 1563 2013 1609 et

442 1631 663 1691 .donmm
701 1635 939 1691 Nec/iota
982 1637 1176 1707 (quam
1225 1651 1526 1696 aromatum
1579 1645 1768 1698 cellam
1813 1645 2015 1717 Aquila

443 1732 875 1802 interpretatur;
909 1727 1056 1784 Gaza
1107 1730 1494 1803 Symmachus,
1553 1735 1776 1792 nomine
1828 1737 2012 1794 Persis

2125 555 2356 626 εἰκοστῷ
2386 556 2478 609 καὶ
2501 557 2677 627 ἐνάτῳ
2736 556 3125 628 τετελεύτηκεν
3153 559 3286 624 ἔτει,
3319 560 3395 623 ὡς
3421 561 3516 632 τὴν
3540 563 3698 616 νόσον

2121 643 2272 714 αὐτῷ
2303 645 2583 714 γεγονέναι
2606 645 2726 700 κατ’
2753 646 2874 711 ἔτος
2899 647 2960 699 τὸ
2983 649 3593 717 τεσσαρεσκαιδέκατον.
3612 653 3699 706 Τὰ

2121 731 2284 786 λοιπὰ
2309 734 2366 786 δὲ
2400 734 2578 788 πάντα
2638 735 2748 805 πρὸ
2784 734 2987 804 ταύτης
3015 735 3159 788 κατὰ
3181 735 3273 788 τὸν
3303 737 3466 790 αὐτὸν
3505 737 3697 808 χρόνον

2122 825 2546 896 συμϐεϐηκέναι,
2577 819 2652 880 ὧν
2683 825 2939 880 ἁπάντων
2999 825 3242 889 ἀκούσας
3291 826 3386 879 ἐπὶ¹
3413 827 3510 898 τὴν
3554 847 3697 899 πρε-

2123 915 2308 970 σϐείαν
2338 917 2618 985 ἠπείγετο.
2658 918 2772 971 Καὶ
2810 916 2920 970 τῶν
2947 916 3156 986 ἀνδρῶν
3187 917 3430 988 ἡκόντων
3460 918 3575 972 δέον
3601 921 3696 974 τὸν

2132 1003 2382 1069 Ἐζεκίαν
2408 1006 2505 1069 τὰς
2529 1005 2738 1060 ἄνωθεν
2768 1003 2863 1059 τοῦ
2889 1005 3026 1059 Θεοῦ
3049 1005 3357 1076 διηγεῖσθαι
3387 1007 3695 1078 μεγαλουρ-

2119 1096 2267 1165 γίας,
2328 1097 2423 1151 καὶ
2447 1097 2516 1151 τὰ
2543 1099 2638 1152 νῦν
2673 1097 3062 1151 ἐπισυνάπτειν
3085 1097 3373 1166 γενόμενα,
3397 1098 3471 1160 ὡς
3498 1098 3565 1151 ἂν
3598 1099 3695 1151 εὐ-

2118 1184 2352 1257 γνώμων
2373 1203 2434 1239 τε
2449 1187 2603 1258 δοκῇ,
2625 1187 2914 1250 κάκείνους
2945 1186 3232 1240 εὐσεϐεστέ
3241 1205 3366 1258 ρους
3392 1189 3693 1259 ποιήσειεν,

2119 1278 2212 1332 καὶ
2244 1277 2309 1330 δι’
2340 1277 2518 1332 αὐτῶν
2545 1265 2767 1348 ἑτέρους
2792 1279 3167 1351 διηγουμένων
3190 1279 3334 1350 ειπερ
3353 1277 3660 1346 ἐγνώκασιν
3679 1295 3694 1309 °

2114 1369 2272 1425 τοῦτο
2298 1369 2399 1441 μὲν
2432 1372 2492 1424 οὐ
2511 1373 2672 1427 ποιεῖ.
2696 1371 2997 1441 Φιλοτίμξως
3025 1371 3082 1424 δὲ
3113 1372 3445 1440 χαυνωθεὶς,
3467 1373 3697 1426 ἀνακα-

2115 1464 2328 1518 λύπτει
2383 1463 2620 1529 τούτοις
2661 1463 2808 1528 τοὺς
2850 1462 3217 1532 θησαυροὺς,
3261 1463 3357 1515 καὶ
3386 1461 3491 1515 τὸν
3525 1459 3698 1516 οἷκον

2115 1554 2222 1608 τοῦ
2264 1553 2508 1623 Νεχώθα
2531 1595 2547 1620 ,
2578 1555 2714 1625 ὅπερ
2741 1551 2912 1609 οἷκον
2936 1553 3257 1622 ἀρωμάτων
3313 1553 3540 1616 Ἀκύλας
3565 1553 3695 1623 ἔφη,

2116 1645 2208 1699 καὶ
2230 1645 2532 1716 Σύμμαχος
2575 1644 2738 1715 τόξα,
2767 1657 2790 1686 ο
2827 1646 2884 1698 δὲ
2919 1644 3072 1716 παρά
3098 1644 3331 1714 Πέρσαις
3351 1643 3448 1714 τὴν
3471 1660 3697 1714 περιου-

2118 1737 2243 1790 σίαν
2279 1737 2555 1808 σημαίνει,
2588 1737 2747 1790 τοῦτο
2769 1736 2826 1789 δὲ
2857 1737 2919 1790 οὐ
2945 1737 3106 1807 μόνον
3138 1735 3308 1804 τύφον
3343 1729 3455 1805 εἶχε
3485 1735 3696 1798 καινὸν,

443 1821 665 1877 divitias
691 1817 1072 1892 signiﬁcante)
1111 1823 1414 1877 ostentarit.
1444 1824 1561 1889 Qua
1585 1840 1644 1881 re
1666 1841 1774 1881 non
1795 1827 2010 1883 inanem

2124 1829 2251 1884 ἀλλὰ
2267 1830 2488 1892 καὶτοῖς
2513 1828 2916 1900 [βλεπομένοις]
2937 1829 3066 1892 τοὺς
3085 1828 3380 1898 πολεμίους
3393 1828 3482 1879 ἐπ’
3496 1825 3702 1894 ὀφθαλο

442 1921 657 1967 tantum
694 1913 1026 1988 jjactantiam
1080 1927 1236 1968 suam
1284 1915 1637 1985 prodidisse.
1682 1919 1778 1976 sed
1823 1937 2012 1978 eorum

440 2003 607 2059 etiam
633 2005 879 2073 potiundi
900 2006 1254 2076 cupiditatem
1283 2005 1537 2063 hostibus
1564 2010 1867 2080 praebuisse
1895 2028 2016 2069 cre-

444 2098 612 2152 ditur.
663 2099 844 2170 Atque
877 2099 1006 2156 hinc
1057 2111 1162 2166 est,
1225 2100 1368 2169 quod
1424 2100 1492 2156 ad
1546 2117 1669 2160 eum
1726 2105 2014 2175 propheta,

425 2189 611 2258 veluti
652 2205 752 2245 sua
783 2201 1001 2262 sponte,
1035 2208 1147 2248 non
1172 2191 1413 2263 pellente
1449 2192 1556 2249 Deo
1612 2196 1904 2262 accedens,
1961 2205 2016 2254 et

444 2279 588 2348 quod
615 2279 718 2350 ipsi
747 2282 950 2336 vellent
974 2297 1085 2338 non
1117 2284 1240 2338 sine
1271 2283 1449 2338 multo
1474 2283 1671 2340 ati'ectu
1693 2287 2012 2357 exquirens;

442 2371 664 2427 venisse
694 2371 938 2442 quidem,
972 2381 1034 2428 ut
1083 2373 1181 2430 Dei
1222 2374 1573 2430 admirabilia
1624 2391 1792 2446 opera
1855 2378 2014 2433 audi-'-

447 2469 604 2527 rent;
685 2462 782 2517 sed
833 2464 918 2519 sui
974 2465 1159 2535 potius
1213 2481 1380 2537 quam
1444 2464 1541 2520 Dei
1596 2466 2015 2525 admirationem

445 2561 632 2606 monet
663 2555 956 2621 excitasse,
993 2556 1087 2626 qui
1115 2557 1349 2614 eximias
1381 2557 1531 2614 illius
1572 2559 1828 2625 virtutes,
1862 2575 2016 2615 smn-

445 2660 706 2715 mumque
732 2646 788 2701 in
821 2663 907 2703 res
941 2656 1155 2704 creatas
1194 2650 1486 2719 imperium
1521 2652 1667 2723 apud
1710 2651 1876 2726 434
1920 2669 2017 2711 eos

435 2752 554 2792 non
581 2738 915 2806 praedicarit.
948 2740 1140 2810 Itaque
1190 2744 1398 2798 veritus
1447 2745 1698 2800 accusari
1747 2761 1864 2807 rex,
1889 2760 2014 2799 cum

443 2829 574 2897 quid
607 2829 689 2883 illi
727 2830 978 2898 dicerent,
1011 2833 1278 2902 propheta
1306 2835 1635 2903 postularet,
1687 2835 1962 2890 obmutuit
1999 2853 2012 2889 :

445 2921 540 2988 qui
572 2921 750 2977 tamen
796 2925 934 2978 unde
965 2924 1244 2989 venissent,
1303 2924 1687 2997 interroganti,
1744 2941 1854 2980 non
1889 2927 2009 2982 sine

447 3013 841 3081 ostentatione,
890 3016 954 3070 de
995 3016 1282 3087 longinqua
1338 3026 1481 3072 terra
1534 3018 1859 3089 respondit;
1893 3028 2016 3073 tan-

443 3121 612 3173 quam
650 3108 893 3163 nominis
917 3109 1002 3164 sui
1041 3109 1183 3163 fama
1218 3111 1490 3164 excitatos
1546 3117 1658 3164 tam
1714 3109 1883 3181 longo
1927 3126 2018 3165 ve-
2047 3139 2090 3198 ο

449 3196 602 3252 nisse
629 3198 823 3253 itinere
849 3200 1197 3268 gloriaretur.
1232 3201 1412 3268 Atque
1439 3199 1565 3254 inde
1599 3207 1708 3264 est,
1734 3200 1880 3272 quod
1911 3200 2020 3254 lata

449 3302 479 3340 a
523 3286 632 3341 Deo
662 3288 952 3342 adversum
986 3304 1048 3343 se
1081 3290 1373 3354 sententia,
1411 3306 1442 3341 a
1474 3288 1789 3358 Babyloniis
1843 3291 2022 3344 omnia

447 3397 554 3432 non
586 3379 739 3433 modo
771 3380 1031 3448 direptum
1059 3379 1148 3445 iri,
1179 3379 1268 3433 sed
1293 3395 1380 3434 eos
1411 3381 1595 3445 etiam,
1621 3381 1766 3450 quia
1810 3397 1865 3436 se
1898 3398 2022 3450 pro-

449 3473 672 3534 disserit,
719 3468 852 3538 regis
903 3467 1164 3521 eunuchos
1204 3468 1343 3536 fore,
1378 3469 1562 3524 statim
1597 3469 1828 3525 audivit.
1867 3470 2023 3536 Quod

450 3561 726 3618 Jcchouia:
755 3567 933 3627 attatc,
963 3570 1225 3629 quantum
1253 3576 1316 3616 ex
1351 3576 1541 3632 regum
1580 3561 1812 3616 historia
1867 3562 2025 3616 colli-

452 3671 579 3723 gere
612 3654 757 3717 licet,
795 3653 1061 3708 accidisse
1109 3663 1408 3723 putamus:
1440 3669 1549 3724 quo
1610 3663 1854 3725 tempore
1917 3654 2024 3708 Da-

453 3747 652 3800 niciem
690 3761 814 3800 cum
847 3745 1015 3801 sociis
1046 3747 1100 3801 in
1133 3746 1279 3813 regis
1327 3747 1449 3800 aula
1486 3748 1801 3802 eunuchum
1856 3747 2027 3802 fuisse

454 3835 702 3891 nonnulli
741 3837 1049 3891 voluerunt.
1095 3835 1306 3902 Quibus
1353 3835 1556 3891 auditis
1611 3835 1870 3890 Ezechias
1915 3837 2026 3890 cir-

456 3936 773 3998 cumspecte
801 3927 1017 3998 quidem
1047 3935 1099 3982 et
1125 3928 1211 3998 pie
1271 3943 1590 3997 quacunque
1640 3927 1844 3982 locutus
1893 3941 2027 3982 esset

455 4019 742 4083 Dominus,
782 4019 1137 4090 quantumvis
1181 4017 1464 4072 hominum
1518 4033 1680 4074 aures
1727 4018 2026 4093 oll'endant,

457 4111 594 4164 bona
621 4127 732 4164 esse
763 4108 981 4180 adjecit,
1011 4123 1126 4163 suae
1152 4109 1298 4162 aetati
1335 4115 1545 4162 tantum
1581 4107 1857 4178 indulgeri
1902 4124 2030 4178 pos-

457 4205 662 4268 tulans,
697 4203 806 4258 Deo
835 4203 1040 4274 gratias
1069 4201 1199 4271 agit,
1241 4201 1386 4271 quod
1421 4216 1479 4255 se
1506 4216 1616 4255 non
1645 4217 1811 4256 sensu
1855 4202 2029 4255 malo-

460 4310 581 4349 rum
615 4295 934 4358 ulciscatur,
985 4295 1082 4350 sed
1139 4293 1254 4350 sola
1306 4292 1738 4361 impendentium
1789 4292 1932 4346 fama
1974 4293 2031 4347 in

459 4387 601 4440 viam
635 4395 886 4450 revocet;
919 4387 1012 4458 qui
1044 4386 1184 4440 sciat
1219 4401 1286 4440 ne
1317 4399 1507 4454 poenas
1540 4383 1759 4454 quidem
1785 4385 1923 4439 istas
1963 4382 2032 4436 ad

2119 1921 2252 1992 μίαν
2278 1919 2302 1959 ά
2335 1921 2770 1990 παρεσκεύαζεν.
2831 1921 2998 1975 Ὅθεν
3027 1923 3055 1973 ὁ
3093 1920 3382 1990 προφήτης
3420 1917 3588 1971 ἐλθὼν
3619 1917 3700 1980 ὡς

2117 2013 2213 2065 ἀπ’
2242 2013 2450 2076 οἰκείας
2493 2010 2739 2083 γνώμης,
2766 2011 2881 2064 ἀλλ’
2903 2011 2966 2064 οὐ
2989 2010 3122 2064 Θεοῦ
3161 2011 3320 2080 δῆθεν
3352 2009 3700 2079 πέμψαντος,

2117 2105 2144 2158 ὅ
2163 2123 2214 2158 τι
2238 2104 2445 2158 θέλοιεν
2469 2099 2615 2159 οὗτοι
2633 2104 2986 2170 πυνθάνεται,
3005 2104 3125 2175 ἤθει
3140 2103 3478 2174 κεχρημένος
3493 2101 3700 2167 πολλῷ,

2116 2199 2211 2252 καὶ
2261 2199 2476 2261 δεικνὺς
2500 2197 2575 2260 ὼς
2597 2193 2763 2267 ἦλθον
2795 2195 2921 2266 ’μὲν
2951 2195 3024 2250 τὰ
3054 2195 3151 2248 τοῦ
3208 2194 3344 2247 Θεοῦ
3415 2191 3701 2262 παράδοξα

2121 2288 2510 2360 μαθησόμενοι,
2541 2289 2604 2342 σὺ
2628 2289 2684 2341 δὲ
2715 2287 2913 2342 σαυτὸν
2948 2289 3030 2350 εἰς
3085 2285 3270 2356 θαῦμα
3295 2285 3529 2348 τούτοις,
3572 2283 3703 2336 ἀντὶ

2117 2379 2254 2434 Θεοῦ
2310 2380 2722 2455 παραδέδωκας,
2754 2380 2854 2449 τὴν
2900 2379 3053 2432 θείαν
3076 2378 3136 2431 οὐ
3161 2375 3383 2441 διδάξας
3401 2374 3699 2445 ὑπεροχὴν,

2116 2473 2225 2528 οὐδ’
2278 2474 2358 2526 ὅτι
2381 2475 2492 2536 τοῖς
2523 2469 2688 2525 αὐτοῦ
2719 2470 3044 2540 νεύμασινή
3075 2468 3253 2532 κτίσις
3307 2468 3605 2536 ὑποχωρεῖ.
3641 2464 3705 2516 ὐ

2117 2565 2176 2618 δέ
2198 2566 2335 2637 πρὸς
2385 2564 2484 2635 μὲν
2535 2563 2618 2627 τὸ,
2677 2563 2737 2616 τί
2779 2562 3094 2631 λέγουσιν,
3121 2560 3272 2613 οὐδὲν
3319 2557 3703 2628 ἀποκρίνεται,

2116 2652 2209 2706 τὸν
2238 2653 2458 2723 ἔλεγχον
2477 2653 2686 2716 δεδιώς.
2714 2651 2860 2723 Πρὸς
2881 2651 2938 2704 δὲ
2971 2651 3054 2717 τὸ,
3085 2651 3270 2704 πόθεν
3291 2649 3536 2717 ἣκασιν,
3563 2650 3707 2702 ἁλαο

2118 2748 2348 2814 ζονικῶς
2395 2745 2569 2814 λέγων
2589 2759 2604 2776 ο
2630 2745 2699 2797 ἐκ
2731 2742 2844 2813 γῆς
2885 2743 3210 2812 μακρόθεν,
3241 2742 3317 2804 ὡς
3347 2741 3488 2796 κατὰ
3543 2741 3708 2806 κλέος

2118 2839 2284 2894 αὐτοῦ
2315 2838 2413 2907 τῆς
2459 2837 2653 2907 φήμης
2685 2835 2882 2897 αὐτοὺς
2911 2833 3005 2886 καὶ
3034 2831 3318 2902 πόρρωθεν
3345 2832 3705 2902 ἐνεγκούσης,

2117 2930 2206 2983 ὅτε
2266 2928 2361 2981 καὶ
2390 2927 2488 2997 τὴν
2539 2927 2604 2978 ἐκ
2628 2925 2767 2978 Θεοῦ
2810 2924 2954 2977 κατὰ
2988 2923 3178 2976 τούτου
3204 2923 3389 2976 λοιπὸν
3421 2925 3710 2992 ἀπόφασιν

2119 3019 2325 3090 ἤγαγεν
2346 3033 2360 3048 ο
2393 3014 2591 3068 πάντα
2641 3011 3067 3082 ληφθήσεονθαι
3093 3009 3253 3079 παρὰ
3308 3010 3712 3064 Βαϐυλωνίων

2123 3109 2292 3164 εἰπὼν
2314 3106 2415 3161 καὶ
2459 3104 2600 3170 τοὺς
2635 3104 2704 3168 ἐξ
2739 3103 2925 3158 αὑτοῦ
2965 3101 3430 3172 καταγομένους,
3485 3101 3708 3154 εὐνού-

2123 3219 2273 3271 χους
2313 3198 2395 3263 τῷ
2437 3197 2668 3250 τούτων
2706 3195 2958 3250 ἔσεσθαι
3009 3192 3282 3258 βασιλεῖ.
3331 3191 3503 3244 Τοῦτο
3523 3191 3579 3244 δὲ
3609 3191 3713 3258 γέ-

2124 3305 2301 3360 γονεν,
2335 3288 2410 3349 ῶς
2439 3286 2498 3338 ὲν
2521 3287 2642 3346 ταῖς
2679 3283 2989 3345 Ιίασιλείαις
3020 3282 3364 3351 ἐγνώκαμεν,
3388 3282 3444 3334 ἐν
3467 3280 3713 3350 ἡμέραις

2137 3378 2408 3449 Ἰεχονίου,
2439 3377 2529 3430 ὅτε
2560 3376 2656 3429 καὶ
2683 3375 2733 3428 οἱ
2763 3374 2894 3446 περὶ
2919 3374 3010 3428 τὸν
3036 3372 3235 3443 Δανιὴλ
3261 3373 3320 3425 ὲν
3341 3372 3417 3441 τῷ
3445 3371 3578 3440 οἴκῳ
3606 3370 3711 3422 τοῦ

2129 3470 2391 3542 βασιλέως
2410 3469 2718 3538 γεγόνασιν,
2748 3464 3164 3536 εὐνοῦχοι,καθὰ
3189 3463 3321 3534 φασί
3346 3480 3511 3528 τινες,
3542 3478 3713 3529 γεγο-

2126 3563 2296 3624 νότες.
2330 3561 2512 3630 "Amp
2553 3557 2803 3624 Ἐζεκίας
2841 3556 3089 3620 ἀκούσας
3117 3555 3361 3618 εὐλαϐῶς
3394 3571 3452 3606 τε
3485 3552 3581 3606 καὶ
3615 3554 3715 3604 εὐ-

2128 3653 2303 3717 σεσῶς
2336 3653 2560 3722 ἀγαθὸν
2581 3652 2697 3721 ἔφη
2721 3650 2918 3704 πάντα
2941 3652 3130 3720 λόγον
3166 3644 3318 3701 εἶναι
3343 3646 3510 3710 Θεοῦ,
3534 3644 3638 3697 κᾶν
3673 3646 3710 3714 ἡ

2126 3745 2333 3798 τούτων
2373 3743 2511 3813 ἀκοὴ
2565 3743 2692 3807 τοὺς
2739 3740 3063 3810 ἀνθρώπους
3119 3739 3430 3808 λυπήσειεν.
3488 3736 3592 3788 Τὸν
3618 3736 3714 3804 ἐφ’

2129 3832 2324 3886 ἑαυτοῦ
2349 3832 2404 3884 δὲ
2439 3833 2595 3902 μόνον
2621 3830 2984 3900 παρῃτήσατο
3022 3828 3238 3899 χρόνον,
3267 3823 3604 3896 εὐχαριστῶν
3629 3823 3714 3892 τῷ

2129 3924 2248 3992 Θεῷ
2271 3964 2286 3988 ,
2345 3925 2538 3992 ὅτιπερ
2569 3921 2630 3974 οὐ
2662 3923 2728 3992 τῇ
2764 3921 2873 3976 τῶν
2928 3919 3116 3974 κακῶν
3162 3919 3483 3987 ἐτιμωρεῖτο
3519 3913 3711 3985 πείρᾳ,

2131 4022 2287 4092 φήμῃ
2313 4021 2369 4074 δέ
2394 4021 2529 4092 μόνῃ
2561 4019 2668 4074 τῶν
2696 4019 2960 4091 λυπηρῶν
2985 4018 3094 4073 τῶν
3131 4017 3434 4089 μελλόντων
3457 4017 3711 4083 ὲσωφρου

2130 4112 2326 4177 νίζετο,
2357 4110 2512 4175 εἰδὼς
2541 4112 2678 4182 μηδέ
2697 4113 2822 4174 τούς
2845 4111 2906 4178 ἐξ
2929 4110 3092 4165 αὐτοῦ
3118 4108 3216 4179 τὴν
3242 4109 3448 4162 τούτων
3470 4106 3710 4176 ἀκρίτως

2131 4204 2383 4271 δέξασθαι
2409 4206 2629 4274 πεῖραν,
2654 4203 2738 4272 ἐφ’
2771 4199 2852 4267 οἷς
2884 4202 2941 4255 δὲ
2980 4189 3388 4273 ἁμαρτήσονται
3437 4213 3712 4267 τιμωρου-

2135 4296 2348 4366 μένους,
2373 4295 2480 4348 τῶν
2505 4295 2563 4359 ἐξ
2581 4294 2746 4348 αὐτοῦ
2771 4296 3105 4365 τικτομένων
3130 4293 3356 4346 δικαίων
3376 4290 3451 4361 μὴ
3477 4289 3712 4359 βλαπτο-

2136 4387 2312 4456 μένων
2342 4389 2408 4458 τῇ
2436 4386 2602 4441 αὐτοῦ
2660 4387 2926 4458 ἁμαρτίᾳ,
2964 4387 3020 4440 '0
3050 4387 3109 4440 δὲ
3143 4387 3393 4454 Ἐϐραῖος
3437 4383 3588 4449 ἔλεγε
3618 4381 3712 4432 τὸν

461 4490 714 4552 posteros
745 4496 876 4536 SUOS
909 4497 1032 4536 esse
1072 4487 1277 4535 temere
1327 4487 1730 4550 perventuras;
1786 4477 1881 4533 sed
1932 4492 2022 4532 sua

2135 4478 2266 4532 Θεὸν
2299 4479 2374 4550 μὴ
2409 4479 2772 4546 ἀποδέξασθαι
2823 4478 2920 4549 τὴν
2962 4477 3210 4541 Ἐζεκίου
3236 4475 3558 4546 προαίρεσιν
3585 4472 3714 4523 ὲαυ-

459 4581 676 4626 tantum
726 4573 871 4638 illos,
935 4587 1042 4625 non
1086 4587 1208 4642 quze
1257 4573 1376 4640 ipse
1419 4570 1756 4634 admisisset,
1809 4578 2032 4638 peccata

461 4664 718 4718 inituros.
759 4663 1010 4717 Tradunt
1052 4662 1266 4717 ΠεΜωί
1298 4661 1543 4717 Ezechiae
1568 4661 1904 4725 institutum,
1939 4663 2034 4730 qui

462 4755 568 4809 sibi
597 4762 808 4809 tantum
828 4757 1094 4818 intentus,
1123 4755 1381 4824 populum
1408 4764 1461 4807 et
1487 4753 1677 4808 urbem
1711 4753 2031 4824 negligeret,

465 4847 633 4900 Deum
674 4862 781 4902 non
815 4847 1090 4918 amplecti,
1115 4847 1344 4918 ideoque
1371 4847 1653 4916 deinceps,
1691 4845 2030 4900 Consolanti-

465 4939 543 5004 ni,
565 4939 912 4993 consolamini
934 4940 1180 5010 populant
1211 4957 1401 5005 meum,
1433 4941 1562 4992 dicit
1592 4939 1870 5004 Dominus,
1902 4954 2033 5009 pro-

465 5030 687 5100 phetam
734 5029 996 5099 adjicere.
1043 5031 1274 5098 Quando
1315 5031 1482 5095 enim,
1527 5031 1700 5094 aiunt,
1725 5044 1911 5084 amore
1950 5032 2033 5084 sui

2139 4571 2233 4624 τοῦ
2267 4573 2429 4642 μόνου
2481 4572 2884 4641 φροντίσαντος,
2947 4569 3295 4641 ὑπεριδόντος
3331 4567 3388 4620 δὲ
3432 4563 3528 4618 τοῦ
3579 4559 3712 4614 λαοῦ

2142 4664 2236 4716 καὶ
2266 4663 2362 4734 τῆς
2401 4661 2631 4726 πόλεως.
2665 4663 2866 4733 Διόπερ
2896 4649 3201 4730 ἐπήνεγκεν
3231 4659 3316 4726 ἐφ’
3340 4656 3487 4725 ἑξῆς,
3521 4655 3716 4718 Παρα-

2141 4757 2399 4823 καλεῐτε,
2417 4757 2814 4826 παρακαλεῖτε
2837 4755 2943 4810 τὸν
2963 4755 3118 4808 λαόν
3145 4768 3286 4821 μου,
3303 4746 3465 4814 λέγει
3488 4749 3518 4798 ὀ
3547 4743 3713 4806 Θεός.

2142 4851 2205 4902 Εἰ
2262 4849 2370 4920 γὰρ
2432 4851 2638 4912 ἐκεῖνος
2688 4847 2940 4916 φίλαυτος
2982 4845 3243 4914 πέφηνεν,
3291 4838 3408 4893 ἀλλ’
3468 4835 3626 4904 ὑμεῖς
3663 4832 3715 4883 εἰ

2141 4940 2449 5010 δυνάμενοι,
2481 4939 2879 5008 παρακαλεῖτε
2908 4937 3015 4992 τὸν
3050 4935 3196 5002 ἐμὸν
3234 4933 3411 4988 λαόν.
3466 4926 3716 4998 Κήδομιι

2143 5031 2254 5102 γάρ
2290 5049 2391 5100 μου
2408 5030 2501 5084 τοῦ
2530 5031 2868 5101 πλάσματος.

465 5138 645 5193 regem
673 5124 898 5177 cernitis
925 5125 1182 5189 avocari;
1215 5126 1299 5178 vel
1328 5124 1432 5194 ipsi
1471 5125 1687 5187 saltem,
1734 5123 1827 5192 qui
1860 5123 2111 5192 potestis,
2134 5123 2384 5192 populum
2421 5139 2614 5189 meum,
2680 5122 2839 5193 cujus
2896 5128 3159 5191 tanquam
3219 5111 3459 5186 ﬁgmenti
3525 5118 3718 5164 curam

465 5231 618 5287 gero,
650 5216 1018 5271 consolamini.

1097 5305 1248 5362 CAP.
1291 5304 1402 5360 XL.

536 5396 698 5469 E35
727 5397 896 5452 Vens.
930 5398 1046 5453 1-8.
1087 5397 1470 5461 Consolamini,
1501 5396 1847 5450 consolamini
1880 5411 2046 5465 papu-

469 5488 577 5543 lum
635 5506 827 5551 meum,
882 5499 1012 5542 dicit
1071 5488 1232 5542 Deus.
1286 5486 1617 5555 Sacerdotes,
1657 5487 1933 5557 loquimini
1969 5489 2036 5540 ad

2765 5299 3018 5354 ΚΕΦΔΛ.
3042 5298 3133 5351 Μ’.
3213 5359 3217 5362 ,

2223 5403 2360 5464 αις-η’.
2392 5391 2786 5462 Παρακαλεῖτε
2811 5432 2826 5456 ,
2855 5386 3248 5457 παρακαλεῖτε
3273 5383 3377 5437 τὸν
3402 5380 3556 5436 λαόν
3573 5392 3722 5446 μου,

2147 5489 2308 5557 λέγει
2335 5491 2367 5542 ὁ
2407 5488 2550 5554 Θεός
2577 5506 2586 5516 ·
2623 5486 2814 5556 Ιερεῒς,
2848 5481 3161 5551 λαλήσητε
3202 5479 3288 5544 εἷς
3321 5474 3436 5544 τὴν
3469 5468 3730 5539 καρδίαν

1781 5660 2015 5717 ΥΑῐῖιίΕ
2058 5658 2451 5716 LECTIONES.

535 5751 559 5782 °
621 5751 698 5803 77‘.
732 5748 782 5802 ἆ.
861 5751 885 5791 d
910 5762 999 5815 γρ.
1034 5748 1449 5822 ἐποφθαλμιᾷν.
