4032 6218
409 317 553 382 2329

1582 326 2085 392 COMMENTARI
2093 331 2122 391 Ι
2163 332 2249 394 IN
2285 332 2575 398 ISAIAM.

3550 339 3696 406 233;)

423 425 832 498 Ἰερουσαλήμ.
862 430 1336 497 Παρακαλέσατε
1356 434 1571 502 αὐτὴν,
1598 435 1689 490 ὅτι
1711 436 1996 509 ἐπλήσθη

2102 456 2192 495 cor
2239 441 2566 500 Jerusalem.
2603 444 2977 503 Consolamim‘
3020 463 3162 512 eam,
3215 446 3348 518 quia
3383 448 3582 516 repleta
3614 464 3698 508 est

406 520 447 585 ἡ
486 520 851 586 ταπείνωσις
901 519 1116 590 αὐτῆς.
1156 521 1409 579 λέλυται
1437 524 1631 594 αὐτῆς
1654 526 1694 595 ὴ
1721 530 1998 599 ἁμαρτία,

408 611 499 664 ὅτι
561 611 811 676 ἐδέξατο
830 612 899 666 ἐκ
924 612 1123 682 χειρὸς
1146 616 1367 684 Κυρίου
1409 615 1596 672 διπλᾶ
1622 619 1695 672 τὰ
1740 621 2003 691 ἁμαρτή-

401 718 562 772 ματα
586 703 798 773 αὐτῆς.
851 705 1022 773 Φωνὴ
1065 705 1338 775 βοῶντος
1355 707 1426 762 ἐν
1447 706 1524 777 τῇ
1549 708 1768 780 ἐρήμῳ,
1811 710 1999 766 Ἑτοι-

405 794 641 862 μάσατε
670 796 785 863 τὴν
802 796 947 852 ὁδὸν
963 799 1210 866 Κυρίου,
1236 816 1296 854 κ.
1333 817 1387 854 τ.
1414 799 1466 855 λ.

482 888 879 960 Περιγράψασα
901 891 999 961 τὴν
1035 891 1291 946 ὑπόθεσιν
1318 892 1418 962 τῆς
1448 893 1591 948 κατά
1613 895 1705 949 τὸν
1741 894 1996 961 Ἐζεκίαν

410 980 747 1050 προφητείας
779 982 812 1050 ἡ
837 981 1068 1053 ἱστορία,
1112 982 1173 1048 ἐξ
1214 984 1410 1055 ἑτέρας
1453 986 1629 1058 ἀρχῆς
1687 987 1781 1041 τοῦ
1840 989 2003 1059 εὐαγ-

410 1069 629 1138 γελικοῦ
653 1070 812 1140 λόγου
838 1073 1194 1144 κατάρχεται,
1226 1075 1339 1138 τοῖς
1357 1074 1420 1129 τδ
1444 1075 1539 1129 τοῦ
1566 1078 1802 1147 Χριστοῦ
1832 1076 2003 1134 Πνεῦ-

414 1180 492 1232 μα
528 1162 619 1216 τὸν
640 1163 1029 1233 παράκλητον
1051 1164 1466 1237 ὑποδεξαμένοις
1486 1168 1782 1236 ἐπιϐοῶσα,
1805 1174 2001 1240 Παρα-

410 1253 653 1309 καλεῖτε
676 1255 785 1308 τὸν
812 1255 968 1311 λαόν
992 1275 1132 1326 μου.
1168 1258 1352 1313 Πάντα
1384 1260 1494 1331 γὰρ
1523 1260 1615 1314 τὸν
1647 1261 1798 1327 ἄξιον
1835 1264 2000 1320 αὐτοῦ

409 1345 776 1416 χρηματίζειν
805 1346 961 1400 λαὸν
991 1346 1085 1401 τὸν
1104 1347 1164 1415 ἐξ
1200 1349 1456 1403 ἁπάντων
1477 1350 1586 1406 τῶν
1636 1352 1806 1408 ὲθνῶν
1862 1354 2002 1420 ἐξει-

412 1438 676 1508 λεγμένον
711 1439 1034 1511 προστάττει
1059 1443 1172 1505 τοῖς
1222 1442 1553 1509 ἀποστόλοις
1595 1448 1999 1516 παρακαλεῖν,

412 1530 550 1599 ὅπερ
595 1527 786 1600 ἔδρων,
838 1531 912 1594 ὡς
956 1533 985 1586 ὁ
1043 1530 1258 1597 Παῦλος
1315 1534 1555 1604 ἐδήλωσε
1578 1536 1753 1606 λέγων
1784 1555 1799 1570 ·
1840 1558 1859 1591 ι
1890 1541 1999 1595 Εὐ-

413 1619 637 1693 λογητὸς
661 1624 691 1676 ὁ
722 1622 854 1685 Θεὸς
882 1624 977 1677 καὶ
1002 1625 1191 1697 Πατὴρ
1214 1626 1311 1681 τοῦ
1356 1628 1564 1701 Κυρίου
1608 1629 1765 1701 ήμῶν
1822 1631 1999 1704 Ἰησοῦ

413 1709 673 1780 Χριστοῦ,
710 1713 739 1764 ὁ
764 1712 955 1783 Πατὴρ
980 1712 1090 1767 τῶν
1117 1714 1437 1788 οἰκτιρμῶν,
1486 1718 1583 1772 καὶ
1629 1718 1763 1783 Θεὸς
1819 1721 2001 1791 πάσης

2102 529 2382 588 humilitas
2427 535 2565 603 ejus.
2599 534 2849 589 Solutum
2898 547 2977 591 est
3037 547 3314 605 peccatum
3358 538 3530 603 illius,
3565 556 3697 610 quo-

2102 621 2250 675 niam
2287 627 2514 693 suscepit
2547 625 2611 680 tle
2634 642 2797 679 manu
2826 625 3043 680 Domini
3064 626 3303 695 duplicia
3326 638 3545 696 peccata
3566 647 3689 689 sua.

2112 708 2227 766 Vox
2244 713 2533 769 clamantis
2557 716 2614 771 in
2634 715 2882 770 deserto:
2906 714 3114 770 Parata
3144 733 3286 770 vrum
3313 716 3552 785 Domini,
3578 728 3692 781 etc.

2170 888 2442 946 Absoluta
2470 890 2536 945 de
2565 890 2800 945 Ezechia
2834 889 3138 961 prophetiae
3155 897 3495 958 narratione,
3519 894 3690 950 alium

2096 979 2211 1050 jam
2246 981 2361 1038 illis
2406 996 2745 1054 sermonem,
2777 981 2873 1051 qui
2926 980 3133 1037 Christi
3183 981 3450 1053 Spiritum
3500 1004 3694 1043 conso-

2104 1074 2327 1129 latorem
2377 1084 2743 1145 exceperunt,
2781 1073 3150 1129 Consolamiui
3209 1075 3465 1146 populum
3519 1095 3693 1133 meum

2102 1168 2435 1233 inclamans,
2466 1166 2808 1238 aggreditur.
2869 1165 3187 1231 Quemlibet
3249 1167 3419 1232 enim,
3460 1168 3553 1237 qui
3594 1183 3693 1237 po-

2101 1263 2215 1332 puli
2253 1261 2336 1317 sui
2383 1259 2759 1331 appellatione
2805 1258 3005 1327 dignus
3040 1257 3136 1320 sit,
3170 1272 3240 1313 ex
3278 1259 3528 1315 omnium
3559 1276 3693 1333 gen-

2104 1356 2239 1411 tium
2272 1365 2508 1408 numero
2547 1350 2810 1407 eximium
2844 1357 2901 1407 et
2936 1349 3202 1405 seleetum
3235 1349 3500 1405 consolari
3534 1352 3693 1422 jubet

2102 1446 2383 1517 apostolos
2436 1466 2452 1502 :
2506 1442 2653 1515 quod
2705 1456 2803 1498 eos
2848 1440 3014 1497 etiam
3065 1441 3397 1512 praestitisse
3458 1451 3691 1499 testatur

2102 1537 2308 1595 Paulus
2361 1536 2451 1593 his
2507 1535 2691 1592 verbis
2737 1551 2754 1590 :
2791 1552 2811 1587 ι
2848 1533 3181 1591 Benedicms
3219 1533 3384 1601 Deus,
3430 1544 3483 1590 et
3532 1536 3694 1593 Pater

2104 1627 2319 1684 Domini
2347 1627 2522 1683 nostri
2552 1625 2684 1683 Jesu
2715 1624 2941 1690 Christi,
2978 1625 3141 1680 Pater
3159 1624 3691 1695 misericordiarum,

2102 1727 2156 1775 et
2186 1716 2332 1774 Deus
2362 1716 2535 1773 totius
2564 1715 2990 1782 consolationis,
3023 1716 3117 1786 qui
3147 1717 3466 1772 consolatur
3501 1730 3601 1771 nos
3635 1716 3691 1770 in

413 1801 839 1873 παρακλήσεως,
870 1780 1275 1875 ὀήπαρακαλῶν
1299 1780 1455 1878 nudi;
1519 1809 1580 1863 ὲν
1631 1780 1781 1882 nam“
1821 1780 1997 1881 θλιψὲὶ

2102 1807 2255 1864 omni
2285 1806 2600 1872 amictione,
2631 1820 2729 1876 per
2756 1780 3219 1873 consolationem,
3250 1821 3358 1876 qua
3390 1807 3493 1876 ipsi
3525 1820 3556 1859 a
3582 1803 3694 1859 Deo

410 1890 591 1962 ἡμῶν,
646 1894 731 1956 εἰς
778 1894 840 1947 τὸ
891 1894 1151 1949 δύνασθαι
1188 1898 1338 1968 ἡμᾶς
1381 1899 1724 1971 παρακαλεῖν
1768 1903 1896 1967 τοὺς
1939 1904 2000 1958 ὲν

409 1983 560 2055 πάσῃ
594 1982 793 2061 Θλιψει.
822 1984 909 2038 διὰ
935 1985 1036 2057 τῆς
1058 1988 1480 2058 παρακλήσεως,
1519 1983 1588 2062 ἦς
1621 1992 1780 2051 ,αὐτοὶ
1813 2010 1998 2065 παρα-

407 2074 722 2146 καλούμεθα
754 2076 862 2130 ὑπὸ
886 2076 1044 2142 Θεοῦ,
1082 2096 1101 2130 ι
1141 2080 1236 2133 καὶ
1269 2078 1351 2136 ,τὰ
1393 2080 1533 2151 μετὰ
1556 2080 1753 2147 ταῦτα,
1804 2084 1874 2138 δι’
1917 2079 1994 2141 ὧν

410 2167 630 2221 πάντων
666 2165 775 2220 τῶν
800 2168 928 2236 περὶ
956 2168 1058 2239 τῆς
1108 2174 1548 2240 παρακλήσεως
1587 2172 1745 2242 λόγον
1781 2176 1997 2234 ἀπέδω-

406 2274 522 2312 κεν.
551 2258 660 2311 Kal
684 2258 921 2329 ἀλλαχοῦ
948 2259 1027 2323 δὲ,
1058 2259 1311 2334 καθάπερ
1364 2262 1687 2332 πειθόμενος
1744 2267 1813 2336 τῇ
1862 2282 2000 2337 προ-

407 2352 612 2420 φητικῇ
643 2349 1065 2420 παρακελεύσει,
1098 2350 1199 2421 βοᾶ
1225 2368 1240 2383 ·
1293 2371 1313 2404 ι
1349 2352 1595 2416 Δεόμεθα
1656 2354 1799 2425 ὑπὲρ
1856 2355 1997 2426 Χρι-

408 2440 559 2506 στοῦ,
590 2442 965 2512 καταλλάγητε
994 2442 1071 2514 τῷ
1097 2442 1237 2514 Θεῷ.
1266 2463 1285 2495 ι
1308 2444 1416 2499 Kal
1432 2444 1612 2498 πάλιν·
1646 2465 1665 2499 ι
1688 2447 1998 2518 Παρακαλῶ

406 2535 466 2588 δὲ
506 2535 651 2605 ὑμᾶς
691 2534 802 2603 ἐγὼ
829 2534 1095 2605 ὀδέσμιος
1137 2536 1194 2588 ὲν
1239 2534 1463 2607 Χριστῷ
1500 2536 1704 2608 Ἰησοῦ.
1734 2558 1753 2591 ι
1809 2537 1883 2593 Τὸ
1938 2539 1998 2592 δὲ

406 2627 603 2695 ἱερεῖς,
635 2627 713 2690 ὡς
738 2629 814 2697 μὴ
844 2627 1099 2692 κείμενον
1127 2627 1280 2698 παρὰ
1299 2630 1415 2692 τοῖς
1446 2629 1651 2694 ἄλλοις,
1704 2630 1996 2687 ὠὸἐλισται

406 2717 558 2787 παρὰ
592 2719 703 2780 τοῖς
718 2717 1143 2789 Ἐὄδομήκοντα.
1254 2752 1257 2756 -

490 2807 548 2863 ’0
581 2808 712 2879 γοῦν
744 2809 1043 2880 Σύμμαχός
1068 2826 1201 2879 φησι
1223 2825 1239 2840 ο
1271 2810 1689 2881 Παρηγορεῒτε,
1735 2826 1996 2883 παρηγο-

400 2898 560 2969 ρεῖτε
586 2899 695 2952 τὸν
716 2898 872 2953 λαόν
880 2916 1001 2968 μου
1022 2942 1039 2964 ,
1069 2899 1232 2970 λέγει
1255 2903 1287 2954 ό
1314 2900 1456 2966 Θεὸς
1474 2901 1663 2970 ὑμῶν.
1719 2905 1995 2972 Παραμυ-

407 2988 679 3055 θήσασθε
704 2988 820 3055 τὴν
848 2988 1102 3056 καρδίαν
1149 2987 1574 3058 Ἰερουσαλήμ.
1619 2984 1692 3062 Ὦ
1732 2992 1825 3044 καὶ
1867 3008 1994 3046 συν-

407 3080 695 3151 εφώνησαν
714 3080 766 3133 oi.
793 3078 988 3137 λοιποί.
1026 3080 1121 3144 Τίς
1138 3079 1199 3133 δὲ
1227 3081 1260 3139 ή
1289 3078 1479 3152 ὥσπερ
1511 3081 1758 3153 ἐμψύχου
1784 3082 1996 3153 καρδία

405 3174 515 3243 τῆς
532 3170 955 3241 Ἰερουσαλήμ;
980 3167 1088 3226 Ἦν
1117 3170 1218 3242 μὲν
1248 3172 1419 3226 εἰπεῖν
1455 3173 1576 3227 ἀντὶ
1605 3174 1716 3227 τῶν
1776 3176 1995 3246 οἰκητό-

411 3282 522 3338 ρων
550 3264 802 3336 ειρῆσθαι
846 3263 945 3335 τὴν
974 3264 1151 3331 πόλιν,
1185 3265 1234 3317 εἰ
1263 3263 1340 3334 μὴ
1379 3266 1473 3320 καὶ
1501 3265 1610 3320 τοῦ
1633 3266 1789 3322 λαοῦ
1815 3268 1998 3339 διεμέ-

410 3375 583 3430 μνητο
612 3358 808 3428 λέγων,
839 3357 949 3412 τὸν
966 3358 1122 3412 λαόν
1143 3375 1282 3425 μου.
1350 3358 1448 3422 Τις
1467 3359 1525 3412 δὲ
1556 3361 1589 3414 ὀ
1612 3360 1801 3426 λαός;
1849 3360 1996 3425 τινες

406 3448 464 3503 δὲ
487 3451 543 3505 ot
563 3447 1284 3517 παρακαλοῦντες;Δῆλον
1317 3448 1393 3511 ὡς
1420 3450 1471 3501 οἱ
1525 3448 1587 3502 τὸ
1637 3450 1862 3522 Πνεῦμα
1903 3450 1996 3504 τὸν

408 3539 756 3611 παράκληιον
777 3540 1015 3611 ἔχοντες,
1042 3542 1118 3603 ὡς
1144 3540 1430 3613 ἐλέγομεν,
1451 3542 1589 3613 πρὸς
1620 3542 1714 3607 οὓς
1762 3544 1945 3612 ἔλεγεν
1965 3545 1994 3597 ὁ

408 3632 621 3704 Σωτὴρ,
658 3651 678 3685 ι
711 3630 885 3701 Κάγὼ
915 3630 1177 3704 ἐρωτήσω
1199 3631 1291 3686 τὸν
1324 3633 1543 3704 Πατέρα
1572 3651 1696 3704 μου,
1749 3635 1845 3688 καὶ
1897 3634 1990 3687 ἄλ-

406 3726 498 3779 λον
526 3724 889 3797 Παράκλητον
909 3725 1070 3779 δώσει
1094 3726 1245 3798 ὑμῖν,
1276 3725 1366 3781 ἵνα
1465 3724 1586 3796 μεθ’
1621 3724 1774 3796 ὑμῶν
1804 3725 1884 3787 εἰς
1903 3724 1994 3778 τὸν

408 3822 677 3889 αἱῶνα,τὸ
695 3821 921 3893 Πνεῦμα
939 3823 1038 3894 τῆς
1052 3821 1329 3893 ἀληθείας.
1358 3841 1376 3874 ι
1413 3821 1526 3876 Kal
1550 3820 1713 3875 πάλιν
1735 3836 1750 3850 ·
1785 3840 1805 3872 ι
1825 3820 1994 3874 Ὅταν

407 3912 465 3964 δὲ
492 3912 664 3984 ἔλθῃὸ
703 3913 1083 3986 Παράκλητος,
1134 3933 1152 3965 ι
1180 3913 1242 3967 τὸ
1268 3912 1495 3984 Πνεῦμα
1516 3913 1578 3966 τὸ
1608 3912 1789 3984 ἅγιον,
1814 3914 1910 3966 καὶ
1932 3911 1994 3965 τὸ

408 4006 574 4073 θεῖον,
608 4004 750 4060 οὕτω
782 4006 1043 4071 πολλάκις
1071 4006 1299 4079 Πνεῦμα
1329 4008 1504 4063 καλεῖ.
1566 4008 1629 4061 0i
1680 4006 1774 4060 τὸν
1804 4006 1994 4077 Παρά-

406 4098 608 4167 κλητον
633 4093 727 4152 οῦν
774 4098 1082 4170 δεξάμενοι,
1141 4100 1515 4169 παρακαλεῖν
1561 4099 1995 4172 προστάττονται

386 4189 520 4261 τὸν
546 4191 701 4245 λαὸν
731 4191 824 4245 τοῦ
854 4191 1011 4247 Θεοῦ.
1052 4191 1197 4247 Ἀλλ’
1222 4194 1282 4247 οὐ
1317 4193 1408 4246 τὸν
1441 4191 1678 4264 Ἰσραὴλ,
1734 4191 1856 4246 οὐδὲ
1903 4192 1996 4246 τὸν

421 4280 641 4348 Ἰακὼϐ,
680 4282 801 4337 οὐδὲ
850 4284 942 4338 τδν
995 4283 1230 4337 Ἰούδαν·
1272 4283 1390 4338 ἀλλ’
1429 4282 1617 4355 ἕτερον
1670 4284 1823 4355 παρὰ
1865 4277 1995 4337 τοῦ·

408 4389 524 4436 τον,
579 4372 655 4438 ὼς
707 4377 737 4428 ὁ
789 4374 1066 4447 Ζαχαρίας
1110 4375 1262 4447 δηλοῖ
1294 4375 1468 4444 λέγων
1496 4389 1511 4405 ⁸
1562 4393 1583 4426 ι
1621 4374 1860 4446 Τέρπου,
1895 4374 1993 4427 καὶ

2101 1897 2457 1954 consolamur
2500 1895 2571 1963 ³⁸,
2621 1916 2641 1948 ι
2688 1897 3037 1966 οωιετίειιυε,
3075 1913 3198 1967 quae
3244 1906 3591 1967 sequuntur;
3634 1896 3693 1952 in

2099 1993 2300 2064 quibus
2336 1990 2598 2047 omnibus
2635 1989 3019 2045 consolationis
3074 1990 3345 2046 rationem
3404 1988 3687 2044 exhibuit.

2098 2085 2318 2143 Alieubi
2370 2084 2595 2149 deinde,
2630 2093 2895 2155 tanquam
2931 2084 3257 2155 prophetica
3304 2083 3694 2139 adhortatione

2098 2192 2400 2249 persuasus
2452 2178 2656 2233 clamat
2698 2194 2714 2233 :
2759 2195 2781 2228 ι
2821 2175 3192 2232 Obsecramus
3236 2191 3334 2247 per
3381 2175 3691 2244 Christum,

2097 2268 2541 2325 reconciliemini
2580 2282 2706 2322 cum
2747 2265 2861 2321 Deo
2896 2266 2964 2320 ”.
3008 2284 3028 2317 ι
3066 2266 3131 2320 Et
3154 2281 3349 2321 rursus
3396 2281 3413 2320 :
3453 2282 3472 2315 ι
3520 2264 3696 2319 Obse-

2098 2375 2197 2416 cro
2224 2376 2321 2416 vos
2350 2374 2452 2431 ego
2497 2360 2720 2414 vinetus
2757 2358 2813 2412 in
2840 2356 3067 2411 Christo
3097 2356 3227 2412 Jesu
3258 2358 3326 2411 ’°.
3376 2376 3395 2410 ι
3434 2356 3534 2411 Est
3563 2370 3696 2411 vero

2098 2450 2402 2505 notandum
2463 2448 2767 2503 sacerdotes
2792 2446 3141 2512 vocabulum,
3179 2455 3442 2516 tanquam
3476 2448 3546 2502 ab
3570 2447 3696 2503 aliis

2098 2555 2208 2597 non
2232 2547 2589 2611 agnoscatur,
2621 2538 2768 2609 apud
2799 2537 3136 2608 interpretes
3160 2535 3519 2609 Septuaginta
3534 2538 3697 2594 obelo

2098 2630 2347 2689 confodi.

2171 2811 2264 2866 Sic
2299 2810 2472 2880 igitur
2514 2808 2883 2881 Symmachus
2931 2825 2945 2862 :
2989 2806 3390 2877 Consolamini,
3444 2806 3695 2864 consola-

2095 2902 2227 2956 mini
2267 2901 2521 2969 populum
2546 2916 2740 2965 meum,
2775 2899 2905 2954 dicit
2929 2897 3095 2970 536
3140 2900 3277 2955 Deus
3319 2908 3507 2956 vester.
3538 2902 3698 2956 Allo-

2095 2991 2322 3060 quimini
2364 3007 2458 3044 car
2501 2989 2846 3055 Jerusalem;
2882 2990 2971 3044 cui
3010 2990 3176 3043 etiam
3216 2991 3402 3045 caeteri
3460 3006 3696 3047 consen-

2097 3084 2262 3139 tiunt.
2293 3084 2396 3139 Sed
2428 3083 2710 3154 quodnam
2736 3089 2820 3137 est
2850 3082 3031 3153 ipsius
3063 3081 3393 3150 Jerusalem,
3428 3073 3694 3153 tanquam

2100 3174 2421 3239 animantis,
2459 3175 2593 3228 cor?
2627 3174 2832 3230 Urbem
2885 3172 3110 3243 quidem
3168 3173 3378 3244 ipsam,
3416 3188 3517 3243 pro
3569 3174 3696 3243 ejus

2099 3269 2322 3332 incolis,
2354 3268 2675 3322 nominasse
2729 3266 3066 3336 respondere
3123 3266 3343 3331 liceret,
3394 3264 3502 3320 nisi
3534 3280 3699 3334 popu-

2098 3360 2209 3414 lum
2254 3375 2427 3413 meum
2464 3357 2787 3429 adiecisset.
2834 3355 3079 3422 Verum,
3126 3357 3255 3427 quis
3297 3357 3571 3426 populus?
3607 3357 3699 3424 qui

2097 3448 2461 3503 consolatores
2483 3451 2509 3504 ξ’
2544 3446 2652 3513 Ipsi
2682 3448 2971 3513 nimirum,
3003 3447 3098 3516 qui
3128 3447 3537 3503 consolatorem
3573 3445 3697 3516 Spi-

2096 3543 2263 3598 ritum
2314 3541 2602 3605 habentes,
2644 3540 2751 3596 ista
2797 3553 2828 3593 a
2866 3538 3159 3596 Salvatore
3189 3541 3533 3596 audierunt:
3573 3556 3592 3591 ι
3632 3538 3698 3592 Et

2094 3646 2196 3702 ego
2229 3631 2436 3701 rogabo
2492 3628 2715 3684 Patrem
2775 3644 2984 3695 meum,
3031 3637 3088 3689 et
3139 3631 3307 3684 alium
3351 3628 3695 3684 Paracletum

2094 3723 2248 3778 dabit
2276 3721 2455 3783 vobis,
2491 3730 2552 3775 ut
2584 3721 2656 3776 sit
2679 3720 2967 3775 vobiscum
3000 3721 3055 3774 in
3094 3722 3392 3785 saeculum;
3424 3720 3695 3791 Spiritum

2096 3809 2348 3867 veritatis
2399 3809 2468 3863 ".
2523 3827 2542 3861 ι
2597 3809 2665 3864 Et
2727 3825 2925 3865 rursus
2963 3825 2977 3862 :
3013 3827 3033 3860 ι
3065 3807 3204 3863 Cum
3261 3819 3446 3865 autem
3480 3809 3694 3864 venerit

2095 3902 2416 3958 Paracletus
2440 3903 2509 3965 ³¹,
2575 3920 2595 3954 ι
2633 3910 2742 3957 etc.
2770 3900 2875 3955 'Ita
2913 3900 3060 3956 enim
3091 3915 3236 3970 saepe
3268 3900 3536 3971 Spiritum
3566 3916 3696 3956 san-

2095 4005 2245 4054 ctum
2279 4007 2334 4052 et
2362 3994 2638 4061 divinum,
2670 3994 2788 4049 sola
2841 3992 3085 4063 Spiritus
3114 3992 3493 4063 appellatione
3523 3990 3696 4062 signi-

2096 4088 2243 4144 ﬁcat.
2288 4087 2394 4154 Qui
2420 4100 2553 4155 ergo
2580 4083 2924 4139 Paracletum
2970 4090 3331 4154 acceperunt,
3370 4081 3471 4136 Dei
3522 4098 3695 4151 popu-

2098 4178 2232 4242 lum,
2291 4192 2403 4232 non
2463 4176 2724 4241 Israelis,
2787 4189 2894 4229 non
2951 4173 3182 4237 Jacobi,
3235 4189 3342 4229 non
3380 4173 3693 4229 Judaeorum

2095 4269 2329 4340 denique
2349 4310 2364 4335 ,
2387 4267 2483 4323 sed
2514 4267 2682 4321 alium
2725 4265 3000 4345 consolari
3030 4264 3320 4335 iubentur,
3351 4265 3421 4320 de
3449 4279 3562 4335 quo
3592 4262 3697 4319 Za-

2096 4360 2339 4415 chariam
2372 4360 2447 4414 ita
2481 4357 2782 4427 scripsisse
2817 4355 3052 4426 legimus
3082 4374 3096 4411 :
3126 4373 3146 4406 ι
3182 4354 3374 4410 Gaude
3403 4367 3457 4411 et
3485 4355 3692 4419 laetare,

408 4465 728 4536 ebcppalvou,
753 4446 1000 4536 θυγάτήρ
1030 4446 1190 4531 Σιὼν,
1212 4464 1280 4519 δι’
1334 4465 1418 4518 ὅτι
1468 4463 1578 4517 ἰδοὺ
1606 4462 1852 4534 ἔρχομαι,
1904 4461 1997 4515 καὶ

2106 4452 2215 4506 ﬁlia
2267 4451 2426 4514 Sion,
2477 4449 2607 4521 quia
2644 4462 2748 4519 ego
2795 4447 2976 4512 venio,
3007 4456 3065 4503 et
3103 4447 3369 4502 habitabo
3408 4446 3464 4501 in
3516 4447 3697 4502 inedio

410 4554 823 4624 κατασκηνώσω
860 4556 919 4608 ὲν
954 4553 1104 4625 μέσῳ
1118 4571 1238 4618 σου,
1266 4553 1416 4621 λέγει
1449 4551 1674 4621 Κύριος.
1703 4552 1814 4605 Kal
1833 4568 1996 4604 κατα-

411 4645 704 4713 φεύξονται
738 4647 865 4718 ἔθνη
902 4646 1072 4701 πολλὰ
1101 4648 1194 4700 ἐπὶ
1225 4647 1316 4700 τὸν
1346 4645 1548 4716 Κύριον
1575 4646 1634 4698 ὲν
1686 4645 1753 4715 τῇ
1811 4643 1995 4715 ἡμέρᾳ

411 4737 617 4810 ἐκείνῃ,
640 4739 735 4792 καὶ
767 4738 982 4792 ἔσονται
1016 4738 1167 4809 αὑτῷ
1203 4739 1282 4803 εἰς
1330 4737 1482 4802 λαὸν,
1516 4736 1610 4790 xal
1639 4736 1996 4806 κατασκηνώ-

413 4845 599 4883 σουσιν
636 4830 694 4881 ἐν
728 4829 877 4902 μέσῳ
909 4847 1025 4893 σου,
1052 4832 1147 4883 καὶ
1166 4829 1448 4901 ὲπιγνὼσῃ
1479 4830 1561 4881 ὅτι
1591 4826 1797 4899 Κύριος
1854 4844 1995 4880 παν-

410 4917 698 4988 τοκράτωρ
721 4918 1089 4985 ἐξαπέσταλκέ
1119 4937 1186 4991 με
1209 4921 1345 4992 πρός
1375 4936 1456 4974 σε.
1488 4938 1508 4972 ι
1579 4917 1656 4971 Δι’
1711 4912 1786 4972 ὧν
1812 4917 1999 4987 σαφῶς

413 5008 539 5079 ἔθνη
571 5010 740 5065 πολλὰ
760 5011 887 5074 λαὸς
916 5012 1022 5066 τοῦ
1059 5012 1206 5068 Θεοῦ
1255 5010 1690 5083 προαγορεῦεται
1724 5008 1993 5077 γίνεσθαι.

415 5099 526 5152 Kal
552 5100 728 5155 ταῦτα
758 5100 906 5173 λέγει
954 5103 1162 5175 Κύριος
1205 5102 1613 5173 ἀπεσταλμένος
1656 5098 1761 5152 ὑπὸ
1805 5098 1995 5170 ἐτέρου

414 5187 499 5242 Κῖο
508 5189 642 5258 ρίου.

2105 4544 2208 4609 tui,
2237 4542 2371 4598 dicit
2400 4542 2690 4597 Dominus.
2736 4538 2804 4593 Et
2829 4538 3152 4609 confugient
3190 4549 3380 4610 gentes
3411 4539 3596 4593 multa;
3627 4536 3696 4594 ad

2104 4632 2397 4688 Dominum
2431 4631 2489 4685 in
2521 4629 2611 4686 die
2643 4630 2769 4695 illa,
2802 4638 2857 4685 et
2890 4640 3054 4685 erunt
3090 4630 3140 4685 ei
3191 4630 3245 4684 in
3297 4631 3592 4701 populum;
3641 4637 3698 4685 et

2104 4726 2430 4782 habitabunt
2469 4724 2524 4778 in
2559 4723 2742 4780 medio
2776 4724 2893 4790 tui;
2933 4735 2987 4779 et
3020 4732 3360 4794 cognoscent
3390 4724 3520 4795 quia
3555 4723 3699 4782 Deus

2103 4816 2630 4893 omnipotensmisit
2655 4832 2743 4870 me
2764 4816 2833 4871 ad
2865 4823 2921 4871 te
2949 4814 3027 4880 ",
3065 4834 3084 4868 ι
3115 4818 3319 4887 quibus
3347 4824 3539 4888 aperte
3567 4831 3698 4888 gen-

2102 4921 2185 4969 tes
2235 4913 2436 4968 multas
2498 4910 2553 4966 in
2608 4911 2865 4980 populum
2919 4909 3135 4965 Domini
3167 4912 3413 4968 abituras
3444 4911 3698 4981 ρεπιιἰοί-

2101 5010 2194 5058 tur
2228 5002 2327 5073 (1).
2377 5001 2444 5056 Et
2470 5001 2588 5056 haec
2622 5002 2759 5057 dicit
2785 5001 3055 5058 Dominus
3100 5002 3307 5060 missus
3351 5003 3421 5058 ab
3462 5002 3571 5057 alio
3597 5000 3698 5055 Βοο

2105 5107 2277 5148 mmo.

484 5302 611 5377 "_|_l
642 5305 767 5362 Cor.
803 5323 840 5374 ι,
871 5307 924 5361 5.
1000 5306 1047 5339 ³⁸
1087 5305 1153 5373 ll,
1182 5305 1313 5362 Cor.
1342 5321 1396 5371 ν,
1427 5304 1519 5361 20.
1595 5305 1640 5340 ³ο
1670 5305 1962 5377 Ephes.lv,
1993 5324 1997 5334 ί

2122 5298 2167 5330 ³⁸
2210 5292 2371 5350 Joan.
2397 5309 2511 5361 xxv,
2544 5291 2635 5363 16,
2670 5293 2758 5349 17.
2840 5291 2885 5324 ³⁸
2924 5291 3063 5348 ibid.
3095 5290 3187 5347 26.
3265 5291 3312 5324 ⁸³
3351 5287 3583 5346 Zachar.
3623 5304 3688 5358 It,

417 5368 507 5436 10,
535 5372 625 5430 il.

1936 5457 2147 5516 NOTAE
2158 5496 2177 5515 .

488 5557 568 5631 (l)
584 5557 770 5613 Placet
793 5557 931 5613 viris
956 5556 1492 5631 theqlogisbrevem
1507 5554 1667 5631 istam
1691 5554 2001 5631 clausulam

416 5622 762 5698 ier‘ri'posse,
814 5643 939 5698 eum
973 5634 1029 5682 et
1074 5622 1318 5698 Iguiatius
1367 5622 1720 5698 et_.lustinus
1770 5623 2000 5698 Martyr.

417 5698 495 5753 ita
529 5695 596 5754 de
624 5698 782 5753 Patre
809 5711 862 5752 et
887 5695 1022 5752 Filio
1048 5712 1191 5766 serpe
1218 5695 1562 5766 locutiisint:
1589 5711 1714 5750 cum
1741 5695 2004 5766 etiam'de

418 5769 625 5841 angelis
680 5767 770 5840 (dc
814 5768 1015 5838 quibus
1082 5763 1226 5838 apud
1284 5764 1607 5822 Zachariam
1664 5781 1845 5824 sermo
1899 5763 2004 5834 est)

2106 5550 2340 5621 intelligi
2391 5546 2588 5619 possit.
2625 5548 2736 5619 Ego
2789 5553 2972 5601 tamen
3006 5547 3076 5603 ab
3120 5548 3359 5621 Arriano
3405 5548 3591 5621 aliquo
3623 5550 3695 5608 ad

2109 5620 2415 5691 marginem
2445 5627 2636 5691 notata
2687 5623 2741 5675 in
2767 5624 3091 5691 contextum
3136 5620 3378 5676 ‘venisse
3423 5621 3547 5676 ideo
3599 5638 3695 5676 sn-

2110 5687 2318 5762 Spieor,
2346 5689 2490 5763 quod
2522 5692 2713 5749 eadem
2732 5687 2911 5744 ablata
2938 5689 3115 5745 locum
3146 5692 3262 5747 lieri
3292 5692 3462 5763 magis
3491 5691 3698 5763 perspi-

2118 5761 2282 5819 cuum
2310 5761 2545 5817 videam.
