4032 6218
418 309 553 373 2331

403 504 728 571 Jerusalem,
760 506 944 575 populi
971 506 1187 563 scilicet
1236 510 1292 563 in
1341 510 1586 567 Ecclesia
1632 514 1983 582 praestantior

406 614 690 663 numerus,
737 600 1076 668 appellatur:
1110 617 1220 656 non
1261 603 1420 658 aliter
1447 620 1610 674 quant
1650 606 1706 659 in
1747 620 1984 676 corpore

405 689 553 744 cordi
585 690 949 758 principatum
982 691 1299 748 tribuimus.
1339 693 1459 759 Quo
1500 690 1755 766 loquendi
1783 711 1983 767 genere

407 779 602 834 rationi
653 787 709 833 ct
751 779 965 846 spiritui
1001 784 1175 851 magis
1205 785 1699 853 obtemperantium
1746 787 1883 841 ordo
1907 789 1984 843 si-

403 873 714 941 gniﬁcatur.
751 870 942 941 Itaque
969 873 1113 943 loqui
1144 873 1366 942 quidem
1401 876 1569 941 istos,
1608 876 1746 932 alios
1776 886 1978 946 autem,

403 970 662 1031 tanquam
721 964 1084 1020 consolatione
1144 980 1286 1036 opus
1342 968 1647 1035 habentes,
1704 972 1980 1028 consolari

403 1054 686 1124 praecipit?
705 1052 863 1108 Dicas
893 1055 1059 1107 etiam
1094 1063 1149 1108 et
1172 1056 1360 1110 sensui
1390 1056 1648 1127 subjecta:
1673 1057 1979 1116 Jerusalem

401 1150 547 1203 cives
583 1148 795 1200 ratione
830 1145 1006 1217 magis
1044 1146 1335 1216 pollentes,
1384 1149 1768 1221 aequioresque
1805 1153 1980 1223 signi-

400 1238 590 1303 ﬁcari;
621 1252 745 1291 eum
787 1236 995 1305 reliqua
1037 1237 1198 1291 turba
1237 1253 1427 1293 crassa
1469 1239 1604 1304 fere,
1646 1242 1979 1312 corporique

401 1328 637 1381 maxime
673 1326 887 1381 addicta
925 1327 1017 1381 sit.
1057 1324 1187 1381 Vult
1232 1326 1401 1398 igitur
1437 1336 1491 1384 et
1526 1328 1594 1383 ad
1636 1330 1773 1386 istos
1811 1333 1976 1387 verba

399 1418 517 1471 lieri
549 1418 619 1471 ab
641 1418 743 1484 eis,
770 1418 865 1487 qui
890 1416 1152 1487 Spiritum
1186 1419 1584 1475 consolationis
1606 1430 1971 1491 acceperunt;

397 1512 451 1557 et
480 1513 826 1573 peccatorum
871 1519 963 1574 per
997 1506 1337 1574 prophetiam
1371 1506 1438 1561 de
1462 1507 1674 1581 Christi
1712 1510 1970 1576 adventu,

397 1610 523 1649 cum
548 1601 799 1651 cessante
826 1595 1125 1650 humilitate
1168 1597 1330 1651 etiam
1366 1599 1600 1654 solutum
1648 1602 1749 1655 erit
1786 1619 1975 1666 pecca—

398 1697 530 1751 tum,
580 1688 791 1742 veniam
835 1688 1168 1745 denuntiari.
1200 1688 1366 1744 Cordi
1398 1705 1528 1759 ergo
1568 1695 1825 1763 superius
1857 1711 1973 1752 me-

1691 317 2044 379 Pl‘tOCOPII
2082 321 2326 384 GAZAZI

477 415 593 480 Qua
633 429 762 486 ergo
801 414 1014 470 ratione
1045 415 1133 472 hic
1166 417 1261 472 Dei
1293 421 1543 488 populus,
1580 422 1771 477 eadem
1810 432 1865 479 et
1894 442 1985 479 cor
2011 433 2061 489 Α

3524 345 3682 408 2332

2170 429 2255 494 Ὠς
2284 426 2375 485 οὖν
2396 424 2549 496 οὗτος
2574 434 2722 500 λαὸς
2754 438 2922 504 Θεοῦ,
2942 436 3084 493 οὕτω
3116 442 3329 509 καρδία
3360 445 3676 515 Ἰερουσα-

2086 518 2212 589 λὴμ
2232 521 2293 575 τὸ
2320 525 2566 593 κρεῖττον
2584 524 2677 578 τοῦ
2713 525 2843 579 λαοῦ
2886 530 3092 599 τάγμα,
3135 533 3228 585 καὶ
3274 537 3373 605 τῆς
3432 538 3677 610 Ἐκκληη

2088 609 2208 670 σίας
2235 610 2294 663 τὸ
2315 611 2669 682 κυριώτατον,
2691 615 2765 679 ὡς
2793 618 2831 686 ἡ
2855 620 3070 687 καρδία
3121 623 3215 677 τοῦ
3264 624 3541 697 σώματος,
3598 609 3675 685 δι’

2084 694 2146 756 οὗ
2173 702 2425 772 δηλοῦται
2447 706 2506 758 τὸ
2527 706 2744 775 λογικόν
2765 727 2825 763 τε
2850 712 2939 764 καὶ
2967 713 3297 784 νοερώτερον
3336 694 3543 791 τάγμα.
3573 725 3670 778 Διὸ

2083 790 2292 857 τούτοις
2339 795 2440 864 μὲν
2493 797 2726 863 λαλεῖν,
2771 804 3143 869 παρακαλεῖν
3196 808 3255 861 δὲ
3312 790 3672 880 τοὺςᾰλλους

2082 880 2363 948 ἐπέταξεν,
2393 883 2469 947 ὡς
2520 885 2588 938 ἂν
2616 886 2901 958 δεομένους
2949 894 3322 964 παραμυθίας.
3367 899 3572 966 Eli-tote»
3607 904 3670 957 δ’

2081 972 2147 1026 ἃν
2174 973 2270 1065 καλ
2292 973 2388 1065 τῆς
2421 976 2683 1065 αἰσθητῆς
2726 980 3084 1053 Ἰερουσαλὴμ
3104 986 3232 1048 τοὺς
3263 986 3669 1065 λογικωτέρους

2085 1061 2467 1131 σημαίνεσθαι,
2509 1064 2602 1118 τοῦ
2635 1066 2823 1121 λοιποῦ
2863 1070 3103 1141 πλήθους
3142 1076 3306 1130 οἱονεὶ
3348 1061 3667 1152 σαρκώδους

2080 1151 2174 1204 καὶ
2201 1153 2516 1223 παχυτάτου
2558 1158 2940 1228 τυγχάνοντος,
2964 1164 3058 1217 καὶ
3079 1167 3263 1232 αὐτοῖς
3291 1167 3384 1224 οὗν
3406 1151 3667 1241 βούλεται

2075 1244 2291 1299 λαλεῖν
2312 1247 2439 1310 τούς
2461 1248 2748 1319 εἰληφότας
2775 1253 2835 1304 τὸ
2860 1254 3086 1326 Πνεῦμα
3101 1258 3201 1328 τῆς
3216 1244 3667 1335 ’παρακλήσεως,

2075 1334 2269 1403 ἄφεσιν
2302 1337 2584 1406 ἁμαρτιῶν
2608 1341 3128 1415 εὐαγγελιζομένους
3153 1349 3242 1404 διὰ
3299 1353 3402 1422 τὴν
3442 1372 3666 1430 προφη-

2073 1423 2241 1489 τείαν,
2273 1425 2341 1494 ἢν
2369 1427 2566 1495 ἐπάγει
2598 1430 2728 1501 περὶ
2745 1431 2844 1501 τῆς
2871 1434 3108 1505 Χριστοῦ
3134 1443 3453 1511 παρουσίας,
3486 1423 3664 1500 παυσ-

2076 1513 2246 1584 μένης
2265 1513 2377 1583 τῆς
2399 1517 2833 1587 ταπεινώσεως,
2875 1523 2975 1577 καί
3003 1527 3308 1597 λυομένης
3321 1531 3434 1601 τῆς
3461 1536 3661 1604 ἀμαρ-

2071 1606 2218 1672 τίας.
2254 1608 2333 1680 Τῇ
2372 1606 2468 1664 οὖν
2507 1611 2770 1683 εἰρημένῃ
2827 1616 3041 1683 καρδίᾳ
3087 1618 3200 1689 τῆς
3258 1622 3661 1694 Ἰερουσαλὴμ

2071 1696 2302 1767 διπλῆν
2346 1700 2704 1770 ἐπενηνέχθαι
2740 1704 2888 1772 λέγει
2939 1707 3040 1779 τὴν
3103 1711 3346 1779 κόλασιν,
3388 1717 3515 1769 ἐπεὶ
3558 1719 3659 1771 καὶ

394 1788 620 1834 moratae
651 1778 950 1834 Jerusalem
987 1780 1219 1849 duplices
1261 1796 1454 1852 pinnas
1502 1784 1774 1855 irrogatas
1810 1783 1962 1857 437

2077 1787 2359 1855 ἱπορικῶς
2382 1793 2750 1847 ωναπὲλαυον
2789 1796 2898 1849 τῶν
2952 1798 3047 1851 τοῦ
3102 1778 3342 1873 πλήθους
3372 1808 3558 1872 κακῶν
3594 1813 3648 1862 οἱ

395 1885 519 1924 esse
565 1871 701 1925 dicit
732 1889 745 1925 :
772 1872 1214 1942 quandoquidem
1255 1873 1645 1945 (praeterquam
1692 1877 1841 1945 quod
1864 1891 1975 1932 vse-

394 1962 634 2015 cutidmn
669 1962 977 2030 historiam,
1007 1975 1060 2018 et
1086 1964 1230 2031 illos,
1259 1981 1400 2035 quos
1434 1967 1823 2033 indicavimus,
1848 1983 1973 2024 cum

392 2054 596 2124 populo
651 2054 939 2124 agentibus
974 2056 1176 2111 exteris
1214 2056 1544 2124 humiliatos,
1597 2058 1788 2114 eadem
1841 2059 1976 2114 tole-

392 2157 547 2197 rasse
578 2146 816 2214 constat)
856 2151 909 2198 et
949 2145 1054 2215 ipsi
1089 2148 1256 2201 etiam
1288 2147 1475 2203 animo
1540 2150 1969 2220 torquebantur;

391 2248 512 2284 eum
552 2236 735 2303 populi
777 2235 1126 2304 rejectionem
1167 2238 1438 2309 lugerent,
1472 2241 1826 2311 secundoque
1858 2243 1971 2313 jam

391 2322 525 2376 urbe
554 2333 887 2394 expugnata,
916 2327 1035 2382 solo
1067 2330 1329 2399 templum
1362 2345 1486 2386 esse
1512 2332 1855 2402 adaequatum
1886 2335 1973 2389 in-

390 2419 692 2466 tuerentur.
729 2413 1158 2470 Consolatiouem
1191 2433 1325 2490 ergo
1367 2418 1648 2492 deinceps,
1684 2438 1807 2493 quae
1842 2423 1968 2477 Sal-

388 2505 594 2559 vatoris
644 2506 880 2561 adventu
932 2516 1309 2577 praestaretur,
1361 2527 1487 2567 cum
1538 2530 1639 2568 vox
1683 2516 1967 2571 clamantis

381 2595 541 2661 dixit,
578 2597 798 2665 adjecit.
832 2598 1059 2666 Deinde,
1093 2616 1144 2655 et
1173 2603 1366 2658 videbit
1387 2606 1558 2660 omnis
1582 2623 1707 2661 caro
1731 2609 1965 2663 salutare

387 2686 502 2749 Dei,
534 2687 766 2753 addidit,
791 2698 848 2743 ut
873 2688 1156 2763 Evangelii
1184 2694 1816 2763 prmdicationem,unde
1846 2698 1967 2754 Sal-

383 2784 539 2831 vator
590 2778 849 2843 innotuit,
905 2781 1199 2838 iudicaret.
1254 2785 1349 2839 Est
1382 2801 1512 2842 vero
1562 2787 1827 2843 desertum
1876 2790 1966 2845 hic

382 2873 449 2923 ab
492 2885 559 2925 eo
608 2872 778 2936 aliud,
830 2889 928 2943 per
982 2875 1127 2945 quod
1158 2877 1420 2946 populum
1468 2878 1648 2935 Moses
1698 2881 1961 2936 traduxit.

380 2963 609 3031 Deinde,
651 2968 935 3038 cuiusnam
987 2970 1092 3025 viri
1138 2988 1239 3026 eoa:
1271 2973 1325 3027 in
1376 2975 1479 3029 eo?
1528 2972 1967 3043 Clamantis,ree

380 3055 610 3122 spondet
637 3071 652 3109 :
675 3067 769 3111 aut
792 3066 850 3112 ut
877 3059 1072 3129 Aquila
1093 3063 1507 3133 interpretatur,
1528 3068 1786 3121 vocantis.
1813 3068 1964 3123 Patet

2084 1876 2422 1947 δηλωθέντες
2458 1882 2549 1934 ὐπ’
2593 1884 2912 1952 ἀλλοφύλοις
2956 1888 3137 1944 ἔθνεσι
3168 1898 3657 1967 ταπεινούμενοι.

2078 1971 2173 2024 καὶ
2211 1972 2353 2027 κατὰ
2384 1973 2623 2028 διάνοιαν
2661 1977 2923 2043 ἐκόλαζον
2955 1979 3207 2049 ἑαυτοὺς,
3233 1984 3337 2056 τὴν
3392 1987 3488 2041 τοῦ
3524 1988 3659 2044 λαοῦ

2076 2062 2401 2129 πενθοῦντες
2431 2065 2726 2137 ἀποϐολήν.
2775 2069 2935 2122 Ἀλλὰ
2972 2073 3067 2124 καὶ
3118 2074 3370 2147 δεύτερον
3411 2080 3445 2150 ἡ
3500 2081 3663 2141 πόλις

2073 2154 2285 2224 ἥλωκεν
2311 2155 2385 2218 ὡς
2413 2156 2622 2209 καὶτὸν
2663 2158 2721 2210 ὲν
2751 2161 2887 2229 αὐτῇ
2921 2159 3058 2214 νεὼν
3089 2166 3481 2237 κατενεχθῆναι
3514 2169 3661 2239 πρὸς

2075 2244 2293 2315 ἔδαφος.
2321 2245 2430 2317 Τὴν
2478 2246 2523 2299 δ’
2551 2243 2645 2301 οὖν
2695 2249 3082 2319 παράκλησιν
3130 2255 3231 2323 τῆς
3266 2256 3359 2309 τοῦ
3401 2259 3663 2330 Σωτῆρος

2074 2336 2393 2406 ἐπιφανείας
2411 2339 2496 2408 ἐφ’
2509 2340 2635 2409 ἑξῆς
2651 2340 2966 2412 ἐπενήνοχε,
2983 2344 3150 2412 φωνὴ
3172 2346 3659 2417 λέγωνβοῶντος·

2070 2425 2171 2483 εἷθ’
2204 2429 2329 2499 ἑξῆς
2349 2430 2658 2502 ἐπιφέρων
2688 2433 2795 2486 Καὶ
2822 2434 3029 2502 ὄψεται
3060 2435 3234 2492 πᾶσα
3262 2440 3420 2507 σὰρξ
3446 2444 3509 2494 τὸ
3541 2460 3663 2496 σω-

2069 2516 2276 2586 τήριον
2304 2519 2410 2573 τοῦ
2474 2521 2644 2583 Θεοῦ,
2675 2522 2736 2574 τὸ
2788 2522 3146 2592 εὐαγγελικὸν
3172 2530 3454 2598 κήρυγμα,
3488 2531 3556 2585 δι’
3590 2529 3658 2585 οὗ

2067 2609 2260 2681 Σωτὴρ
2317 2609 2667 2684 ὲγνωρίζετο.
2709 2611 2903 2684 Ἑτέρα
2934 2614 2992 2667 δὲ
3042 2615 3137 2669 νῦν
3168 2617 3387 2687 ἔρημος
3432 2622 3657 2691 εἴρηται

2067 2704 2197 2773 παρ’
2220 2704 2286 2773 ἣν
2316 2704 2343 2756 ό
2361 2704 2567 2773 Μωσῆς
2598 2705 2823 2776 διήγαγε
2850 2705 2940 2759 τὸν
2973 2707 3127 2762 λαόν.
3151 2710 3425 2775 Καὶτίνος
3453 2713 3658 2784 ἀνδρὶ-ς

2065 2795 2123 2847 ὲν
2150 2794 2322 2865 ταύτῃ
2357 2795 2527 2863 φωνὴ
2560 2794 2830 2862 ,ϐοῶντος
2862 2814 2880 2862 ;
2909 2799 3050 2852 κατὰ
3100 2799 3192 2854 τὸν
3224 2802 3488 2871 ῘΑκύλαν,
3545 2822 3659 2857 κα-

2063 2885 2342 2951 λοῦντος.
2370 2886 2538 2955 Δῆλον
2567 2886 2625 2938 δὲ
2658 2888 2754 2940 καὶ
2784 2888 2919 2957 πρὸς
2948 2889 3101 2953 τίνας
3130 2890 3340 2960 ἔλεγεν·
3384 2894 3663 2962 Ἑτοιμά-

2064 2988 2213 3027 σατε
2244 2975 2355 3041 τὴν
2390 2974 2536 3028 ὀδόν
2559 2976 2802 3043 Κυρίου.
2831 2978 3011 3048 Ἀπερ
3037 2978 3214 3033 πάντα
3242 2981 3389 3044 εἰκὸς
3414 2976 3483 3051 ἦν
3519 2984 3656 3043 τοὺς

2063 3065 2266 3119 τούτων
2287 3067 2560 3136 ἀκροατὰς
2578 3067 2779 3136 ζητεῖν,
2795 3065 3046 3137 εὔχεσθαί
3060 3087 3119 3122 τε
3143 3070 3205 3124 τὸ
3223 3072 3521 3141 σωτήριον
3539 3075 3665 3127 τοῦ

382 3157 513 3198 vero
541 3154 593 3199 et
624 3147 690 3199 ad
722 3165 861 3218 quos
910 3151 1253 3220 loqueretur,
1292 3171 1415 3208 cum
1448 3172 1642 3223 parare
1676 3159 1814 3212 viam
1848 3159 1957 3211 Do-

2066 3156 2211 3211 Θεοῦ
2239 3155 2405 3220 ἰδεῖν,
2434 3157 2835 3227 προϐαινούσης
2863 3160 2941 3222 είς
2969 3159 3127 3229 ἔργον
3159 3162 3257 3231 τῆς
3277 3163 3645 3233 προφητείας.

381 3236 513 3289 mini
547 3237 783 3305 juhcret.
816 3239 947 3306 Qua:
977 3246 1162 3298 omnia
1203 3247 1481 3303 auditores
1535 3251 1764 3305 istorum
1803 3265 2075 3320 quaerere,
2104 3257 2180 3314 et,
2206 3257 2263 3303 ut
2309 3258 2564 3319 pergente
2592 3251 2646 3304 in
2687 3259 2867 3306 actum
2897 3253 3175 3323 prephetia
3197 3294 3213 3320 ,
3263 3254 3501 3310 salutare
3546 3256 3657 3313 Dei

345 3329 630 3402 'onereut,
659 3338 871 3406 precari
903 3336 1080 3394 fuerat
1126 3350 1573 3400 consentaneum.

449 3475 717 3541 Quoniam
748 3474 916 3544 igitur
943 3474 1049 3530 ista
1078 3476 1479 3545 exspectabant
1501 3477 1593 3547 qui
1618 3493 1706 3533 res
1728 3479 1964 3549 pr0phe-

382 3566 520 3618 ticas
536 3563 840 3630 callebant;
880 3565 967 3627 iis,
990 3566 1496 3636 quiaprincipibus
1527 3570 1876 3625 sacerdotum
1908 3578 1961 3625 et

382 3655 657 3725 magistris
714 3655 865 3710 missi
903 3656 969 3710 ad
1018 3655 1282 3713 Joannem
1334 3670 1621 3726 venerant,
1692 3668 1752 3714 ut
1795 3660 1960 3715 Chri-

380 3756 588 3813 stusne,
625 3764 692 3804 an
727 3747 897 3814 Elias,
943 3764 1012 3803 an
1056 3752 1322 3821 propheta
1349 3752 1467 3822 ipse
1493 3761 1659 3818 esset,
1685 3754 1954 3819 audirent,

378 3838 468 3890 illa
520 3837 735 3905 quidem
770 3847 1065 3908 pernegat,
1123 3855 1182 3895 se
1229 3850 1413 3895 autem
1461 3858 1635 3917 uocem
1673 3842 1957 3897 clamantis
2006 3870 2011 3875 -

375 3945 488 3983 esse
528 3929 812 3998 proﬁtetur
840 3931 906 3987 ³⁵.
940 3930 996 3986 ld
1036 3932 1182 3986 enim
1218 3932 1310 3996 iis,
1345 3934 1437 4002 qui
1473 3933 1814 4004 prophetiam
1852 3949 1948 3988 no-

377 4030 522 4087 rant,
549 4022 775 4087 dixisse,
795 4024 1178 4094 desertumque,
1213 4024 1267 4078 in
1298 4040 1407 4094 quo
1437 4028 1650 4097 agebat,
1683 4035 1739 4081 et
1768 4025 1947 4096 ipsum

377 4114 475 4169 Dei
503 4115 740 4171 salutare
771 4117 920 4171 omni
968 4118 1122 4173 carni
1154 4118 1611 4188 conspiciendum
1655 4136 1756 4190 pro
1808 4120 1946 4174 fori-

372 4206 475 4262 bus
518 4209 747 4271 instare,
779 4210 913 4264 satis
963 4218 1085 4264 erat
1118 4211 1448 4267 ostendisse.
1503 4211 1599 4266 Est
1633 4213 1777 4267 enim
1811 4227 1945 4266 con-

369 4297 619 4354 cioitatus
648 4300 703 4353 in
739 4298 999 4357 Jordauis
1029 4296 1257 4368 deserto,
1290 4302 1357 4358 de
1382 4317 1492 4373 quo
1522 4318 1668 4358 nunc
1697 4304 1936 4373 prophe-

370 4390 1003 4474 tia,’non.lerosolymis,
1035 4401 1090 4448 et
1121 4395 1174 4449 in
1193 4409 1257 4449 ea
1284 4395 1401 4464 ipsa
1428 4395 1712 4450 solitudine
1732 4395 1935 4451 Christi

364 4481 640 4545 salutare,
695 4482 1055 4551 ejusdemque
1115 4483 1291 4553 gloria
1346 4484 1588 4538 omnibus
1656 4486 1938 4553 apparuit;

2146 3475 2418 3531 Ἐπεὶ·υῦν
2455 3476 2629 3531 ταῦτα
2655 3478 2999 3548 προσεδόκων
3034 3481 3083 3533 οἱ
3132 3482 3238 3537 τῶν
3285 3485 3659 3556 προφητικῶν

2059 3567 2459 3638 ἐπιγνώμονες,
2508 3571 2618 3631 τοῖς
2668 3570 2895 3639 ἥκουσιν
2936 3569 3040 3622 ὑπὸ
3070 3570 3177 3624 τὼν
3212 3562 3512 3646 ἀρχιερέων
3547 3579 3651 3630 καὶ

2058 3660 2412 3727 διδασκάλων,
2443 3656 2716 3730 ἐρωτῶσίν
2729 3678 2788 3713 τε
2809 3661 2898 3715 τὸν
2916 3662 3190 3735 Ἱώαννην,
3214 3665 3526 3737 εξΧριστδς,
3554 3669 3587 3739 ἢ
3615 3671 3649 3721 ὁ

2064 3752 2271 3814 Ἠλίας,
2293 3750 2372 3820 ac
2390 3752 2671 3821 προφήτης
2687 3752 2854 3814 ἐστὶν,
2873 3754 3181 3822 ἁποφάσκει
3196 3757 3295 3826 μὲν
3313 3757 3569 3821 cati-rami;
3583 3759 3643 3812 δὲ

2063 3840 2518 3912 φωνὴβοὼντος
2548 3838 2700 3897 εἶναι
2727 3843 3139 3914 διῖσχυρίζεται.
3178 3848 3193 3866 ⁹
3221 3849 3293 3911 Ως
3323 3848 3431 3920 γὰρ
3472 3850 3642 3904 εἰδόσι

2058 3935 2158 4004 τὴν
2207 3935 2544 4006 προφητείαν
2609 3934 2852 4005 ἠρκέσθη
2918 3936 3170 3991 τοσοῦτον
3202 3939 3388 4007 εἰπὼν,
3415 3942 3645 4010 ἔρημόν

2057 4043 2116 4080 τε
2145 4027 2360 4091 δεικνὺς
2408 4025 2506 4097 τὴν
2531 4020 2645 4098 ὲνῇ
2696 4026 2874 4094 διῆγε,
2909 4029 3003 4081 καὶ
3045 4028 3105 4080 τὸ
3141 4031 3231 4084 ἐπὶ
3264 4030 3456 4102 θύραις
3504 4030 3642 4089 εἶναι

2052 4116 2119 4169 τὸ
2136 4116 2433 4185 σωτήριον
2449 4115 2553 4170 τοῦ
2579 4115 2725 4170 Θεοῦ
2737 4117 2796 4169 τὸ
2819 4118 2965 4188 πάσῃ
2990 4119 3152 4188 σαρκὶ
3170 4122 3641 4194 γνωσθησόμενον.

2062 4208 2363 4278 Ἐκήρυσσε
2386 4207 2492 4277 γὰρ
2522 4210 2579 4260 ὲν
2608 4206 2682 4276 τῇ
2704 4208 2901 4277 ἐρήμῳ
2936 4210 3031 4263 τοῦ
3063 4210 3349 4281 Ἰορδάνου,
3372 4216 3498 4285 περὶ
3520 4211 3587 4287 ἦς
3605 4218 3641 4283 ἡ

2044 4299 2348 4369 προφητεία
2414 4300 2597 4369 φησὶν,
2646 4300 2760 4353 ἀλλ’
2812 4304 2913 4355 οὐκ
3006 4303 3063 4355 ὲν
3100 4303 3481 4377 Ἰερουσαλήμ.
3547 4309 3640 4361 Ἐν

2043 4384 2185 4462 ᾗπερ
2200 4388 2394 4457 ἐρήμῳ
2411 4390 2476 4442 τὸ
2504 4389 2795 4456 σωτήριον
2807 4389 2958 4461 ὤφθη
2981 4392 3230 4463 Χριστὸς,
3243 4394 3335 4463 ἦτε
3361 4395 3509 4460 δόξα
3538 4398 3640 4450 αὐ·-

2043 4480 2137 4533 τοῦ
2167 4478 2664 4550 πᾶσινέγνώσθη.
2699 4482 2807 4535 τῶν
2837 4486 2934 4552 μὲν
2978 4485 3223 4553 οὐρανῶν
3247 4488 3635 4558 ἀνοιγομένων,

365 4586 488 4624 cum
524 4581 578 4625 et
630 4572 697 4625 ad
749 4574 868 4641 ejus
901 4574 1229 4641 baptismum
1261 4576 1416 4629 caelis
1447 4577 1655 4645 apertis
1687 4579 1742 4632 in
1786 4594 1945 4633 eum-

2066 4570 2479 4640 Ξαπτιζομένου,
2536 4571 2647 4624 τοῖν
2683 4572 2740 4625 δὲ
2818 4572 2964 4626 θείου
3042 4575 3356 4644 Πνεύματος
3393 4579 3452 4630 ἐν
3504 4580 3637 4632 εἴδει

364 4660 485 4712 dem
519 4676 578 4713 se
597 4660 832 4730 Spiritus
858 4663 1126 4717 columbm
1156 4664 1340 4732 specie
1367 4665 1606 4730 demisit,
1638 4679 1691 4721 et
1716 4682 1746 4721 a
1772 4667 1934 4723 Patre

362 4748 596 4806 dilectus
636 4753 897 4821 appellari
932 4751 1105 4808 Filius
1147 4755 1367 4809 auditus
1399 4765 1486 4811 est
1515 4757 1581 4811 ³⁸.
1617 4757 1742 4814 "me
1788 4763 1936 4815 enim

362 4841 518 4910 signa
562 4842 749 4912 gloria:
797 4844 1056 4898 salutaris
1104 4846 1158 4899 in
1191 4844 1451 4904 Iordanis
1481 4848 1769 4904 solitudine
1815 4850 1943 4909 data

363 4946 489 4987 esse
517 4942 755 4989 constat.
789 4936 966 5006 Atque
1002 4937 1129 4993 inde
1159 4946 1265 5004 est,
1310 4942 1457 5009 quod
1504 4942 1752 4998 eamdem
1783 4954 1945 4999 antea

363 5025 418 5078 in
458 5025 604 5080 hunc
652 5028 869 5083 modum
900 5030 1170 5085 allocutus
1204 5042 1287 5087 est
1321 5048 1335 5085 :
1379 5051 1398 5084 ι
1442 5032 1669 5100 Lzetare,
1717 5034 1933 5091 deserta

363 5119 591 5185 sitiens;
625 5123 861 5176 exsultet
908 5124 1182 5190 solitudo,
1214 5133 1269 5179 et
1298 5125 1488 5180 ﬂoreat
1532 5129 1691 5195 quasi
1736 5128 1931 5182 lilium.

364 5203 692 5274 Florebunt,
734 5217 788 5264 et
832 5211 1189 5266 exsultabunt
1240 5212 1462 5269 deserta
1510 5214 1765 5271 Jordanis
1798 5217 1866 5270 ³⁸.
1912 5236 1931 5269 ι

362 5294 441 5347 Ita
471 5313 599 5351 vero
628 5299 673 5353 si
706 5300 771 5354 ad
803 5301 1089 5356 historiam
1126 5302 1399 5369 intendas,
1431 5320 1544 5357 rem
1568 5320 1693 5359 esse
1725 5315 1934 5374 gestam

364 5387 630 5442 invenias.
656 5390 810 5455 Quod
843 5394 887 5446 si
916 5393 983 5446 ad
1012 5392 1180 5465 438
1204 5411 1459 5449 arcanam
1517 5397 1932 5466 intelligentiam

364 5493 604 5544 revoces,
662 5481 729 5536 de
784 5483 1023 5539 Ecclesia
1077 5495 1222 5541 recte
1277 5487 1570 5558 intelligas,
1624 5504 1745 5559 qua:
1821 5488 1929 5544 Deo

2042 4666 2366 4736 περιστερᾶς
2391 4666 2476 4717 ἐπ’
2508 4665 2667 4717 αὐτὸν
2694 4666 3148 4735 καταντήσαντος,
3175 4666 3269 4720 τοῦ
3300 4668 3353 4720 δὲ
3392 4670 3636 4739 Πατέρος

2044 4758 2314 4829 φήσαντος
2330 4757 2493 4808 αὐτὸν
2526 4756 2654 4809 Υίδν
2683 4758 2949 4827 ὑπάρχειν
2981 4758 3284 4829 ἀγαπητόν.
3315 4759 3499 4813 Ταῦτα
3524 4764 3634 4832 γὰρ

2051 4847 2158 4915 τῆς
2188 4849 2485 4915 σωτηρίου
2512 4846 2698 4915 δόξης
2714 4850 2912 4917 σημεῖα
2943 4849 3000 4902 ἐν
3014 4849 3211 4920 ἐρήμῳ
3234 4849 3327 4903 τοῦ
3365 4852 3641 4933 Ἰορδάνου

2054 4944 2340 5012 γενόμενα.
2370 4942 2460 4994 Διὸ
2516 4942 2724 5012 φθάσας
2753 4942 2955 5013 ταύτην
3009 4943 3391 5012 εὐηγγελίζετο
3419 4944 3593 5012 λέγων
3615 4962 3629 4975 ·

2050 5053 2068 5085 ι
2104 5031 2471 5104 Εὐφράνθητι,
2494 5032 2695 5102 ἕρημος
2731 5032 3015 5102 ἠδιψῶσα,
3050 5032 3395 5100 ἁγαλλιάσθω
3426 5034 3634 5103 ἕρημος

2052 5124 2148 5178 καὶ
2171 5123 2405 5177 ἁνθείτω
2439 5122 2516 5185 ὡς
2574 5123 2778 5193 κρίνον.
2810 5124 2918 5176 Καὶ
2940 5123 3226 5193 ἐξανθήσει
3253 5124 3346 5176 καὶ
3370 5124 3634 5191 ἀγαλλιά-

2055 5233 2213 5269 σεται
2236 5216 2303 5266 τὰ
2333 5215 2516 5283 ἔρημα
2540 5213 2634 5265 τοῦ
2677 5214 2967 5284 Ἰορδάνου.
3000 5233 3018 5265 ι
3063 5213 3399 5284 Ἐπληροῦτο
3420 5214 3482 5267 δὲ
3504 5215 3633 5268 καθ’

2047 5305 2287 5374 ἱστορίαν
2324 5304 2424 5375 μὲν
2453 5303 2646 5366 σ’ύτωςδ
2675 5305 2816 5358 κατὰ
2845 5305 2901 5358 δὲ
2933 5304 3176 5359 διάνοιαν
3201 5306 3293 5357 ἐπὶ
3315 5306 3413 5374 τῆς
3444 5303 3505 5368 ἐξ
3534 5305 3627 5357 ὲθο

2041 5400 2146 5453 νῶν
2185 5398 2510 5468 Ἑκκλησίας
2568 5396 2917 5467 νοούμενα,ἧ
2974 5414 3057 5459 τις
3115 5395 3377 5467 πρότερον
3416 5394 3626 5464 ἔρημος

2042 5489 2249 5559 ὑπῆρχε
2278 5488 2433 5553 Θεῷ,
2466 5490 2523 5539 ἐν
2642 5487 2801 5558 μέχρι
2849 5488 2939 5540 καὶ
2984 5488 3221 5558 τήμερον
3253 5488 3284 5557 ἡ
3321 5486 3456 5556 αὐτὴ
3499 5482 3626 5553 ﬁ”;

458 5699 501 5730 “
535 5697 693 5756 Joan.
731 5717 767 5771 ι,
810 5703 979 5759 lit-25.
1057 5707 1098 5738 ³³
1138 5708 1323 5764 Matth.
1363 5727 1442 5779 ιιι,
1483 5714 1663 5767 l3-l7.
1746 5715 1787 5744 3"
1831 5714 1931 5770 lsa.

2066 5732 2135 5781 tv,
2181 5715 2225 5785 Ι,
2254 5716 2307 5771 2.
