4032 6218
295 323 440 385 2.133

1431 323 1966 388 COMMENTARII
2004 327 2090 392 IN
2130 328 2416 394 ISAIAM.

3437 326 3578 394 9334

289 434 484 508 φωνὴ,
522 430 620 486 καὶ
644 429 725 498 τῷ
754 443 777 471 ο
802 432 1103 512 σωτήριον
1129 430 1225 486 τοῦ
1251 430 1385 485 Θεοῦ
1411 435 1526 496 τοῖς
1561 432 1878 505 προσιοῦσιν

2011 436 2206 505 ιιιίόθιη
2263 446 2391 494 ante
2441 436 2729 506 destituta,
2784 437 2954 520 et\ad
3013 437 3341 496 hodiernum
3402 453 3576 506 usque

289 521 727 594 εὐαγγελίζεται,
791 517 1078 595 πρὺς’τὴν
1136 523 1400 596 ὑποδοχὴν
1446 525 1540 579 τοῦ
1603 525 1737 579 Θεοῦ
1768 523 1874 578 ’λό-

289 633 390 685 γου
413 611 918 685 παρασκευάζουσα
951 615 1049 678 τὰς
1077 613 1260 668 αὐτῶν
1281 614 1469 676 ἀκοάς.
1497 614 1642 686 Πρὸς
1683 613 1743 668 ὃν
1781 613 1879 668 ἀν-

291 705 678 762 τιδιαστέλλων
703 706 798 758 τὸν
838 703 1090 776 Ἰὡαννην
1117 705 1328 775 φωνὴν
1349 707 1376 759 ὁ
1407 705 1566 774 λόγος
1592 703 1770 760 καλεῖ.

378 979 524 1034 Ἀντὶ
543 979 599 1032 δὲ
617 976 782 1041 τοῦ,Ε
792 978 992 1044 Melae
1015 977 1236 1033 ποιεῖτε
1262 979 1368 1042 τὰς
1396 977 1633 1044 τρίϐους
1649 975 1872 1039 αὐτοῦ,

299 1070 598 1141 Σύμμαχος
631 1069 857 1140 ἔφησεν,
909 1071 1269 1140 Ὀμαλίσατε
1301 1071 1373 1124 ἐν
1401 1067 1594 1135 ἀϐάτῳ
1627 1067 1772 1122 ὁδὸν
1803 1067 1886 1134 τῷ

301 1163 425 1230 Θεῷ
455 1162 645 1234 ἡμῶν.
693 1161 782 1226 Ὠς
814 1162 881 1216 ἂν
915 1163 1010 1216 τοῦ
1061 1161 1196 1216 Θεοῦ
1248 1162 1531 1234 μέλλοντος
1561 1160 1882 1223 ἐπιϐαίνειν,

298 1251 368 1328 ἧς
401 1256 504 1310 οὐκ
539 1256 710 1326 ὲπέῦη
735 1255 796 1308 τὸ
828 1258 1093 1326 πρότερον
1141 1257 1240 1308 οὐκ
1273 1254 1456 1319 αὐτὸς,
1485 1255 1546 1308 ού
1575 1257 1885 1328 προφήτης,

297 1348 362 1402 ού
396 1347 625 1412 δίκαιος,
663 1346 866 1418 δηλαδὴ
897 1348 995 1418 τῆς
1019 1347 1079 1412 ἐξ
1109 1347 1276 1401 ἐθνῶν
1292 1348 1636 1417 Ἑκκλησίας.
1672 1348 1783 1402 Καὶ
1811 1347 1893 1414 τῷ

303 1438 426 1505 Θεῷ
452 1440 515 1493 τὸ
579 1437 750 1508 ἡμῶν
803 1439 1165 1511 προσέθηκεν,
1189 1439 1266 1504 ὡς
1298 1439 1434 1510 πρὸς
1463 1440 1690 1511 ἑτέρους
1717 1439 1892 1509 φθεγ-

302 1533 558 1603 γόμενος.
591 1528 774 1586 Ἦσαν
805 1533 914 1604 γὰρ
955 1531 1141 1604 μύριοι
1181 1533 1277 1587 καὶ
1314 1533 1373 1600 ἐξ
1424 1532 1772 1603 ἀλλοφύλλων
1803 1531 1896 1585 €0-

307 1625 415 1680 νῶν
444 1627 492 1679 oi
526 1625 604 1696 τῷ
643 1624 890 1679 Ὶώαννου
931 1625 1328 1696 προσελθόντες
1359 1624 1730 1697 βαπτίσματι.
1785 1624 1897 1677 Καὶ

307 1718 366 1772 ἐν
409 1717 706 1788 Ἐκκλησία
740 1716 993 1771 δὲταῦτα
1024 1719 1160 1771 πᾶσι
1189 1720 1595 1788 προσφωνεῖται
1617 1718 1730 1781 τοῖς
1754 1715 1898 1769 ἔθνε-

308 1828 416 1866 σιν.
452 1778 768 1878 Εἶτα-δηλοί
791 1811 890 1874 τὰς
927 1811 1027 1881 μὲν
1069 1778 1578 1879 enarrata-inperce
1605 1809 1685 1879 τῷ
1710 1778 1722 1781 ﬁ
1738 1808 1894 1880 βάθει
1924 1778 1968 1838 Β

305 1902 408 1972 τῆς
440 1902 644 1979 κακίας
699 1901 965 1974 ύψοῦσθαι
992 1901 1192 1972 ψυχάς.
1229 1898 1788 1970 Ταπεινωθήσεσθαι
1815 1897 1893 1952 -δὲ

307 1991 406 2056 τὰς
429 1993 756 2064 ἐπηρμένας
787 1993 932 2048 κατὰ
964 1993 1066 2061 τῆς
1108 1990 1366 2062 γνώσεως
1416 1989 1512 2044 τοῦ
1571 1990 1731 2046 Θεοῦ.
1784 1990 1896 2044 Καὶ

313 2088 504 2142 σκολιὰ
525 2089 584 2142 δὲ
615 2089 714 2142 καὶ
740 2091 973 2160 τραχεῖα
993 2088 1160 2160 ψυχὴ,
1179 2088 1361 2160 ὁμαλή
1385 2105 1443 2140 τε
1469 2087 1562 2140 καὶ
1579 2084 1779 2141 εὐθεῖα
1799 2086 1896 2156 γέ-

312 2181 540 2251 νήσεται
569 2196 585 2212 °
615 2179 692 2243 ὡς
749 2180 814 2234 ἂν
861 2180 1028 2252 δεκτὴ
1055 2181 1272 2249 γένοιτο
1309 2181 1411 2246 τῆς
1451 2179 1765 2242 ὲπιϐάσεως
1802 2175 1897 2230 τοῦ

309 2270 470 2328 Θεοῦ.
510 2270 862 2340 Ὀρθήσεται
891 2273 1023 2343 γὰρ,
1056 2273 1244 2341 φησὶν,
1278 2273 1316 2340 τ’]
1341 2271 1491 2336 δόξα
1519 2270 1762 2340 Κυρίου.
1787 2267 1898 2321 Καί

309 2379 416 2416 τινι
436 2361 633 2431 λέγων,
669 2362 890 2432 ἐπάγειο
919 2361 1030 2417 Kal
1062 2362 1271 2431 ὄψεται
1291 2359 1460 2418 πᾶσα
1487 2361 1644 2429 σὰρξ
1675 2359 1740 2413 τὸ
1780 2374 1898 2414 σω-

313 2454 524 2525 τήριον
567 2455 674 2510 τοῦ
707 2455 878 2522 Θεοῦ,
917 2456 1046 2520 τοὺς
1076 2454 1373 2526 σαρκικοὺς
1399 2453 1576 2524 λὲγῳν
1610 2454 1711 2507 οὐκ
1740 2453 1903 2522 ἐσχη-

315 2548 478 2610 κότας
507 2547 737 2619 Πνεῦμα
777 2546 936 2601 Θεοῦ.
967 2547 1124 2600 Κατὰ
1177 2547 1261 2614 τὸ,
1291 2566 1310 2599 ι
1367 2547 1442 2600 Οὐ
1470 2529 1561 2616 μὴ
1595 2544 1904 2616 καταμείνῃ

319 2639 382 2691 τὸ
428 2639 656 2710 Πνεῦμά
695 2657 795 2710 μου
825 2641 884 2692 ἐν
935 2641 1044 2702 τοῖς
1079 2636 1383 2710 ἀνθρώποις
1418 2636 1648 2700 τούτοις,
1702 2635 1792 2688 διὰ
1843 2635 1904 2691 τὸ

315 2724 458 2782 εἶναι
487 2730 686 2791 αὐτοὺς
725 2729 954 2800 σάρκας,
995 2749 1014 2782 ι
1047 2727 1140 2792 οὓς
1171 2728 1236 2798 δὴ
1267 2725 1288 2765 ί
1323 2725 1388 2779 τὸ
1419 2725 1719 2794 σωτήριον
1757 2725 1905 2794 ὄψε-

317 2827 459 2877 σθαι
485 2822 594 2877 τοῦ
633 2822 804 2876 Θεοῦ.
837 2822 995 2876 Ἀλλὰ
1044 2822 1138 2874 καὶ
1181 2819 1409 2891 Πνεῦμα
1441 2818 1576 2872 Θεοῦ
1619 2819 1908 2890 προφήτης

316 2914 504 2984 ἔτερος
559 2911 818 2983 ὄψεσθαι
879 2913 1106 2977 τούτους
1161 2913 1350 2984 φησὶν,
1390 2931 1410 2962 ι
1451 2911 1679 2980 Ἐκχεῶ,
1708 2907 1905 2978 λέγων,

321 3004 430 3059 ἀπὸ
457 3005 552 3058 τοῦ
585 3004 900 3075 Πνεύματός
953 3022 1062 3075 μου
1114 3004 1210 3057 ἐπὶ
1234 3005 1422 3058 πᾶσαν
1470 3001 1669 3072 σάρκα.
1706 3022 1721 3048 ι
1757 2999 1908 3053 Ἔδει

323 3097 432 3169 γὰρ
459 3098 588 3163 τοὺς
615 3099 680 3152 τὸ
708 3096 1012 3166 σωτήριον
1051 3097 1388 3167 ἐγνωκότας
1434 3094 1542 3149 τοῦ
1595 3093 1743 3149 Θεοῦ
1793 3093 1888 3146 καὶ
1935 3121 1981 3183 c

325 3187 652 3258 Πνεῦματος
703 3188 954 3260 μεθέξειν
1003 3186 1162 3240 Θεοῦ.
1195 3187 1304 3240 Καὶ
1355 3185 1613 3256 τοιαύτην
1649 3185 1901 3253 ἐπήγαγε

321 3276 432 3332 τεῦ
458 3279 610 3332 λαοῦ
635 3279 750 3346 τὴν
767 3279 1169 3348 παράκλησιν,
1200 3277 1293 3330 τοῦ
1323 3277 1442 3330 νέου
1475 3275 1636 3347 φημί.
1666 3274 1771 3328 Τοῦ
1793 3273 1903 3345 γὰρ
1935 3280 1941 3285 ’

325 3367 558 3421 παλαιοῦ
575 3366 672 3441 τὴν
691 3369 976 3424 ἀπείθειαν
997 3367 1176 3432 εἰδὼς,
1202 3367 1444 3437 δευτέρῳ
1471 3365 1671 3437 χρῆται
1688 3363 1902 3436 κηρύγ-

330 3475 483 3529 ματα
515 3459 688 3516 Πᾶσα
717 3460 875 3529 σὰρξ
897 3460 1133 3530 χόρτος.
1158 3459 1388 3527 Σαρκὸς
1413 3459 1522 3529 γὰρ
1544 3457 1683 3526 αῦτη
1720 3455 1902 3526 φύσις,

329 3551 425 3604 καὶ
451 3551 544 3606 τοῦ
568 3552 668 3624 τὴν
697 3553 882 3606 εἰκόνα
935 3552 1226 3623 φοροῦντος
1260 3551 1354 3604 τοῦ
1406 3549 1616 3620 χοϊκοῦ.
1670 3548 1750 3602 Τὰ
1797 3549 1908 3618 γὰρ

331 3647 425 3698 ἐπὶ
473 3643 576 3715 γῆς
623 3643 762 3714 πρὸς
807 3643 980 3714 βραχὺ
1036 3643 1196 3713 μόνον
1234 3639 1499 3696 ἀνθοῦντα
1564 3637 1907 3710 μαραίνεται.

245 3778 258 3789 .
333 3737 610 3806 Δεξάμενη
635 3746 657 3781 κ
688 3736 744 3788 δὲ
772 3735 836 3789 τὸ
869 3734 1167 3803 σωτήριον
1192 3733 1294 3788 τοῦ
1327 3731 1498 3797 Θεοῦ,
1525 3732 1622 3786 καὶ
1640 3731 1702 3784 τὸ
1735 3731 1911 3785 Πνεῦ-

340 3841 416 3893 μα
439 3824 629 3892 σχήσει
660 3822 837 3890 ἅγιον,
862 3823 889 3876 ὅ
915 3839 974 3875 τε
1031 3823 1128 3892 οὐχ
1161 3822 1241 3888 ὡς
1297 3821 1511 3890 χόρτος
1569 3821 1912 3888 ξηραίνεται

340 3913 640 3982 ἅνθρωπος,
674 3915 797 3966 οὐδὲ
821 3916 1068 3968 πεσεῖται
1097 3912 1190 3968 τοῦ
1223 3911 1442 3978 ἄνθους,
1487 3917 1640 3984 μενεῖ
1661 3912 1719 3966 δὲ
1747 3929 1912 3965 πνευ-⁸

343 4005 592 4078 ματικὸς,
619 4006 722 4060 ἀνα
740 4005 1097 4076 κτινούμενος
1153 4006 1234 4070 είς
1261 4006 1554 4074 ἐπίγνωσιν
1579 4004 1701 4060 κατ’
1731 4005 1917 4059 εἰκόνα

338 4095 432 4150 τοῦ
457 4099 742 4160 κτίσαντος
770 4098 953 4154 αὐτόν.

411 4381 573 4436 Κατᾶ
605 4380 735 4437 δὲτὸ
771 4381 1062 4454 Ἐϐραῖκὸν
1091 4383 1312 4452 χόρτον
1340 4382 1497 4438 καλεῖ
1519 4381 1611 4437 τὸν
1652 4383 1921 4438 Ἰουδαίων

1980 527 2123 582 diem
2157 528 2476 584 clamantem
2505 530 2560 584 in
2593 545 2652 584 se
2695 546 2870 584 uocem
2913 537 3095 595 nacta,
3129 529 3294 584 etiam
3335 527 3578 580 salutare

1981 621 2077 678 Dei
2119 621 2270 676 illam
2306 621 2744 692 ingred‘entibus
2773 621 3106 686 annuntiat,
3137 622 3328 690 eisque
3377 619 3442 673 ad
3477 619 3572 673 Dei

1980 714 2212 770 verbum
2269 715 2600 769 audiendum
2653 729 2814 769 aures
2869 722 3173 784 prteparat;
3233 730 3263 766 a
3311 728 3443 782 quo.
3507 723 3569 766 nt

1982 802 2254 858 Joannem
2319 803 2723 874 distingueret,
2763 819 2966 880 .rocem
3033 802 3302 872 prOpheta
3362 817 3577 856 nuncu-

1985 895 2161 965 pavit.

2060 983 2261 1058 ¥erum
2283 985 2566 1040 enimvero
2593 985 2759 1056 quod,
2789 983 2980 1040 Rectus
3009 985 3168 1054 facite
3190 988 3410 1040 semitas
3431 985 3570 1056 ejus,

1987 1075 2080 1130 hic
2128 1075 2416 1140 habemus,
2461 1074 2764 1144 Explanate
2820 1077 2873 1129 in
2935 1077 3074 1130 invio
3110 1077 3209 1130 iter
3242 1075 3351 1129 Deo
3374 1085 3576 1141 nostra,

1989 1167 2128 1224 dixit
2157 1167 2554 1240 Symmachus;
2589 1184 2654 1223 ac
2680 1169 2727 1223 si
2759 1167 2897 1222 illud
2940 1169 3077 1238 jam,
3112 1167 3259 1238 quod
3295 1182 3576 1236 nunquam

1990 1261 2075 1316 vel
2115 1260 2232 1329 ipse
2269 1257 2536 1313 Dominus
2566 1268 2748 1325 antea,
2806 1259 2891 1314 vel
2938 1259 3224 1330 propheta,
3276 1257 3359 1312 vel
3396 1257 3582 1327 justus

2001 1353 2300 1423 quisquam
2361 1351 2748 1414 ambulassem
2794 1351 2812 1421 (
2841 1349 3146 1407 Ecclesiam
3197 1349 3438 1421 gentium
3497 1348 3583 1402 iu-

1995 1448 2218 1515 nuens),
2243 1446 2347 1500 iter
2373 1451 2520 1500 esset
2541 1445 2874 1499 calcaturus.
2900 1441 3127 1506 Deinde,
3153 1441 3221 1496 ad
3244 1441 3344 1495 Dei
3369 1451 3579 1506 vocem,

1999 1544 2171 1597 nostri
2211 1542 2450 1612 adjecit,
2483 1550 2543 1596 ut
2587 1541 2654 1596 ad
2675 1539 2824 1595 alios
2863 1537 3084 1592 locutus
3117 1550 3242 1590 esse
3283 1532 3580 1587 videretur.

2001 1633 2172 1687 Erant
2199 1635 2345 1689 enim
2403 1632 2602 1686 inﬁniti
2639 1632 2706 1686 de
2751 1629 2994 1700 gentium
3029 1627 3193 1682 etiam
3227 1630 3582 1680 externarum

2002 1737 2254 1790 numero,
2305 1723 2396 1793 qui
2433 1721 2503 1775 ad
2536 1719 2768 1776 Joannis
2814 1719 3087 1789 baptisma
3119 1719 3488 1768 accesserant.
3524 1706 3584 1762 In

1996 1810 2244 1867 Ecclesia
2294 1822 2560 1882 prmterea
2607 1819 2662 1866 et
2704 1811 2810 1866 ista
2861 1807 3120 1880 gentibus
3150 1802 3407 1858 omnibus
3435 1799 3585 1853 clara

1995 1918 2128 1961 voce
2159 1911 2563 1975 proponuntur.
2597 1901 2830 1956 Animas
2881 1899 3100 1965 deinde,
3155 1909 3277 1966 qua:
3327 1891 3586 1963 gravibus

1998 1996 2160 2051 malis
2212 1995 2422 2050 alliich
2465 1993 2864 2062 [malitiamque
2951 1997 3101 2052 sunt,
3154 1983 3462 2040 exaltatum
3514 1979 3586 2034 iri

1999 2088 2306 2160 signiﬁcat;
2357 2086 2635 2156 depressas
2694 2091 2875 2138 autem
2911 2096 3034 2152 quae
3089 2095 3148 2134 se
3193 2077 3460 2132 adversus
3491 2070 3586 2126 Dei

1999 2180 2284 2235 scientiam
2343 2184 2660 2234 erexerunt.
2705 2175 2900 2230 Anima
2955 2186 3200 2235 rursum,
3233 2183 3358 2238 quae
3417 2177 3584 2235 prava

2000 2279 2199 2326 eratet
2252 2285 2470 2340 aspera,
2501 2269 2662 2340 plana
2692 2267 2784 2322 ﬁet
2821 2275 2985 2334 atque
3020 2270 3195 2326 recta,
3252 2267 3316 2312 ut
3363 2271 3426 2311 se
3471 2254 3591 2307 cal-

2002 2373 2216 2418 cantem
2250 2361 2420 2416 Dcum
2451 2361 2709 2430 excipiat.
2750 2355 3026 2412 Videbitur
3054 2353 3224 2416 enim,
3277 2349 3378 2413 ait,
3417 2344 3588 2416 gloria

2003 2455 2243 2512 Domini.
2277 2455 2375 2510 Cui
2407 2453 2610 2508 deinde
2642 2450 2832 2520 adjicit
2861 2467 2876 2504 :
2919 2447 2984 2501 Et
3025 2443 3216 2499 videbit
3257 2440 3428 2508 omnis
3463 2453 3588 2490 raro

2005 2546 2246 2602 salutare
2279 2545 2416 2610 Dei;
2457 2560 2553 2599 eos
2584 2542 2773 2597 carnis
2803 2538 3047 2602 nomine,
3081 2533 3172 2604 qui
3195 2530 3460 2600 Spiritum
3495 2523 3589 2578 Dei

2005 2655 2115 2694 non
2171 2637 2397 2702 habent,
2435 2636 2698 2697 innuens.
2727 2633 2883 2703 juxta
2913 2627 3064 2697 illud
3097 2645 3110 2680 :
3162 2642 3181 2676 ι
3217 2624 3334 2678 Non
3374 2633 3590 2691 perma-

2006 2729 2160 2784 nebit
2209 2727 2450 2798 Spiritus
2519 2741 2674 2781 meus
2735 2725 2790 2778 in
2855 2722 2988 2776 viris
3047 2717 3202 2782 istis,
3272 2715 3399 2784 quia
3465 2724 3594 2765 caro

2009 2831 2140 2877 sunt
2168 2820 2248 2884 a";
2288 2839 2306 2872 ι
2343 2835 2480 2892 quos
2519 2817 2613 2872 Dei
2646 2817 2886 2872 salutare
2918 2815 3120 2868 visuras
3161 2824 3273 2863 esse
3301 2805 3592 2876 signiﬁcat.

2009 2913 2157 2981 Quin
2189 2923 2243 2970 et
2276 2910 2374 2967 Dei
2404 2911 2673 2982 Spiritum
2708 2908 2972 2980 prepheta
3021 2903 3162 2958 alius
3199 2901 3418 2955 visuros
3459 2897 3596 2948 istos

2009 3002 2274 3066 Ostendit,
2301 3001 2392 3056 ubi
2417 3001 2493 3054 ait
2526 3017 2540 3054 :
2573 3021 2590 3051 ι
2625 2997 2912 3052 Eﬁundam
2945 2995 3013 3048 de
3039 2993 3246 3064 Spiritu
3281 3002 3401 3042 meo
3433 2998 3598 3053 super

2011 3110 2229 3150 omnem
2285 3109 2507 3150 carnem
2543 3091 2606 3145 ⁸³.
2647 3109 2666 3142 ι
2705 3090 2812 3144 Eos
2865 3087 3016 3144 enim
3081 3085 3174 3140 Dei
3211 3081 3448 3152 Spiritu,
3504 3077 3596 3144 qui

2010 3188 2252 3242 salutare
2301 3185 2400 3239 Dei
2452 3183 2619 3238 visuri
2657 3189 2850 3244 essent,
2884 3178 3184 3249 participes
3233 3171 3348 3229 ﬁeri
3393 3169 3598 3224 deum.

2013 3277 2203 3332 Talem
2263 3277 2432 3346 igitur
2485 3273 2666 3342 populi
2724 3270 2985 3342 (recentis
3043 3264 3289 3337 inquam)
3353 3259 3600 3316 cons-ota-

2016 3369 2213 3423 tionem
2263 3365 2468 3420 attulit.
2523 3363 2659 3419 Cum
2712 3363 2859 3418 enim
2912 3359 3113 3414 veteris
3162 3352 3601 3430 incredulitatem

2013 3475 2126 3513 non
2158 3457 2458 3528 ignoraret,
2495 3455 2674 3511 eidem
2723 3460 2779 3508 et
2823 3451 3000 3506 altera
3041 3447 3230 3511 etiam,
3261 3443 3432 3496 omnis
3476 3454 3605 3494 caro

2016 3549 2198 3620 fenum
2227 3548 2517 3620 adjiciens,
2555 3545 2870 3600 annuntiat.
2895 3542 3046 3596 Talis
3075 3539 3222 3595 enim
3255 3543 3451 3590 natura
3484 3546 3602 3584 eor-

2019 3643 2104 3696 uis
2135 3647 2240 3704 est,
2295 3647 2348 3693 et
2374 3638 2518 3710 ejus,
2570 3635 2716 3708 quod
2749 3644 3024 3688 terrenam
3069 3630 3234 3684 refert
3283 3623 3601 3694 imaginem.

2021 3733 2328 3804 Siquidem,
2381 3745 2504 3801 quae
2555 3729 2610 3782 in
2665 3737 2816 3782 terra
2855 3732 3004 3789 sunt,
3036 3736 3162 3777 cum
3220 3716 3372 3773 brevi
3428 3713 3604 3768 solum

2021 3833 2301 3882 momento
2320 3825 2648 3886 ﬂoruerunt,
2668 3819 2938 3875 citissime
2969 3819 3246 3870 arescunt.
3275 3809 3407 3876 Quae
3425 3815 3605 3860 autem

2022 3919 2262 3973 salutare
2296 3915 2463 3988 5.39
2495 3914 2590 3968 Dei
2630 3909 2982 3970 admiserint,
3021 3917 3075 3962 et
3131 3911 3383 3960 sanctqu
3442 3900 3606 3954 etiam

2026 4010 2292 4080 Spiritum
2325 4008 2614 4078 accipient.
2649 4003 2762 4058 lmo
2796 4018 2865 4057 ne
2900 4004 3066 4055 homo
3099 3996 3321 4067 quidem
3357 4003 3609 4060 tauquam

2025 4101 2203 4171 fenum
2249 4108 2470 4161 arescet,
2507 4109 2607 4151 nec
2649 4095 2752 4151 ﬂos
2802 4093 2924 4162 ejus
2983 4087 3237 4152 decidet;
3271 4083 3365 4142 scd
3402 4082 3609 4151 Spiritu

2028 4198 2343 4254 renovatus,
2377 4190 2442 4244 ad
2475 4187 2594 4257 ejus
2625 4187 2984 4256 agnitionem,
3017 4182 3086 4236 ad
3139 4181 3298 4249 cujus
3334 4172 3611 4242 exemplar

2027 4288 2237 4344 eﬁictus
2265 4293 2370 4350 est,
2402 4282 2773 4339 renovabitur.

2102 4379 2256 4447 Quod
2299 4378 2344 4433 si
2377 4377 2442 4431 ad
2480 4375 2752 4430 chraica
2791 4371 3068 4434 attendas,
3100 4365 3208 4436 feni
3263 4360 3482 4417 nomine
3518 4354 3614 4410 .In-

341 4470 488 4526 λαόν.
527 4469 588 4524 '0
623 4472 732 4542 γὰρ
748 4447 1044 4542 Σύμμαχος
1071 4447 1475 4527 καὶτθεοδοτίων
1521 4474 1588 4526 ἐκ
1608 4475 1910 4548 προσθήκης

2033 4475 2278 4530 datorum
2319 4472 2578 4542 populum
2619 4447 2916 4538 signiﬁcari
2974 4463 3236 4532 reperias,
3277 4473 3399 4511 cum
3453 4451 3615 4549 Syru-

339 4563 508 4632 φασίν
543 4581 558 4596 ’
599 4541 1119 4634 Ἀληθῶςίχόρτος
1169 4567 1202 4620 ό
1255 4565 1428 4632 λαός.
1504 4541 1837 4636 Ἐξηριίνθη
1879 4541 1910 4623 τι

2031 4567 2291 4622 machum
2321 4541 2383 4618 ct
2415 4561 2848 4617 The‘odotionem
2904 4564 3165 4624 tanquam
3225 4563 3320 4620 per
3355 4541 3617 4636 appendi-

345 4656 580 4726 χόρτος.
617 4633 909 4720 Ἐξέπεσε
929 4633 1000 4709 τὸ
1027 4657 1232 4723 ἄνθος.
1281 4657 1340 4709 '0
1364 4658 1421 4711 δὲ
1481 4633 1736 4724 Ἀκύλας,
1767 4633 1910 4728 Πρὸς

2032 4676 2172 4725 cem,
2211 4657 2336 4712 Vere
2361 4657 2536 4723 fenum
2561 4648 3026 4723 populus,exaruit
3061 4639 3466 4715 fenum,e.tcidit
3495 4633 3619 4704 ﬂos.

347 4743 420 4799 ὃν
448 4749 481 4800 ὁ
513 4747 664 4813 λαός
689 4747 992 4814 ἐξηράνθη
1014 4763 1034 4811 ;
1087 4748 1230 4817 πρὸς
1256 4747 1330 4801 ὃν
1365 4748 1702 4818 ἀπέρευσεν
1721 4751 1928 4817 ἄνθος;

362 4838 508 4892 Ἀντί⁸
529 4839 647 4904 τοῦ,
690 4840 760 4892 Τὸ
792 4840 860 4893 δὲ
885 4841 1051 4911 ῥῆμα
1081 4841 1230 4896 Θεοῦ
1276 4841 1449 4910 ἡμῶν
1500 4843 1669 4912 μένει
1705 4849 1790 4912 εἰς
1819 4848 1928 4900 τὸν

351 4929 555 4994 ultima,
595 4933 625 4984 ὁ
672 4930 1011 5002 Σύμμμαχύς
1038 4949 1220 5004 φησιν,
1261 4932 1328 4986 '0
1357 4932 1427 4986 δὲ
1450 4937 1634 5004 λόγος
1660 4936 1764 4990 τοῦ
1783 4939 1934 4993 Θεοῦ

279 5034 284 5038 ‘
355 5019 525 5090 ἡμῶν
547 5023 840 5090 στήσεται
872 5027 962 5088 εἰς
984 5023 1090 5077 τὸν
1101 5025 1305 5090 αἰῶνα,
1324 5027 1562 5095 Χριστὸν
1580 5029 1687 5098 γὰρ
1715 5030 1934 5085 αἰώνιον

355 5115 622 5186 ὑπάρχειν
654 5117 686 5186 ή
727 5117 784 5168 ἐν
815 5119 880 5188 τῇ
912 5115 1109 5185 ἐρήμῳ
1137 5115 1287 5186 λέγει
1323 5119 1498 5190 φωνὴ,
1559 5119 1656 5174 καὶ
1718 5122 1934 5176 συνδια-

357 5207 540 5277 μένειν
599 5207 749 5278 αύτῷ
805 5211 931 5272 τοὺς
975 5208 1035 5262 τὸ
1065 5212 1335 5282 σωτήριον
1393 5210 1560 5264 αὐτοῦ
1604 5209 1934 5282 δεξαμένους

353 5299 462 5354 ἀπὸ
493 5303 592 5371 τῆς
623 5299 860 5381 γειὶιδους
889 5304 983 5356 ἐπὶ
1007 5305 1108 5375 τὴν
1143 5307 1523 5376 πνευματικὴν
1567 5307 1939 5377 μεταστάντας

356 5392 565 5449 οὐσίαν.
604 5395 668 5448 οι
687 5395 744 5448 δὲ
773 5397 838 5450 ὲκ
863 5397 1172 5468 περιτομῆς
1205 5397 1486 5468 μείναντες
1533 5398 1774 5468 σάρκες,
1807 5399 1944 5468 χόρ-

433 5567 477 5601 ³⁷
513 5569 651 5627 Gen.
683 5586 758 5637 vr,
791 5573 846 5627 3.
924 5572 970 5604 "
1006 5571 1126 5628 Jocl
1167 5589 1226 5634 ιι,
1259 5573 1350 5628 28.

2033 4751 2233 4805 habere
2269 4767 2284 4816 ;
2318 4748 2568 4820 Aquilam
2599 4753 2807 4809 autent,
2843 4738 3000 4810 Apud
3027 4753 3179 4807 quem
3214 4729 3424 4788 exaruit
3457 4740 3622 4797 popu-

2029 4831 2148 4906 lius,
2179 4841 2320 4912 apud
2377 4856 2531 4912 quem
2560 4837 2760 4909 emax-it
2816 4833 2961 4904 ﬂos?
3015 4843 3262 4902 quaerere
3314 4824 3620 4912 videamus.

2042 4908 2484 5000 Quod'deinde,
2536 4908 2760 4984 verbum
2811 4923 3022 4978 Domini
3071 4919 3241 4976 nostri
3278 4911 3507 4969 ntanebit
3568 4908 3622 4960 in

2041 5038 2316 5088 wternum,
2353 5025 2662 5088 habemus;
2704 5021 2777 5074 ita
2835 5014 3242 5088 Symmachus:
3272 5007 3458 5062 Sermo
3509 5000 3617 5052 Do-

2041 5122 2176 5176 mini
2206 5119 2376 5174 nostri
2405 5116 2565 5170 stabit
2595 5116 2652 5168 in
2710 5121 2991 5168 ostentum.
3029 5107 3310 5160 Christum
3345 5095 3618 5166 siquidem

2031 5224 2296 5269 rcternum
2331 5224 2453 5264 esse
2475 5223 2579 5260 vox
2607 5221 2674 5260 ea
2716 5217 2837 5274 qua:
2869 5201 2924 5256 in
2971 5200 3174 5252 deserto
3215 5200 3354 5253 erat,
3380 5183 3575 5242 asserit
3604 5199 3622 5248 ;

2037 5315 2092 5360 et
2143 5320 2268 5359 cum
2301 5303 2382 5357 eis
2411 5313 2676 5362 manere,
2709 5297 2804 5366 qui
2850 5291 3082 5349 salutari
3130 5289 3248 5354 ejus
3297 5287 3541 5348 accepto,
3593 5291 3624 5328 ιι

2041 5409 2266 5453 terrena
2317 5395 2374 5450 in
2430 5389 2777 5464 spiritualem
2829 5391 3032 5440 sortem
3091 5373 3472 5432 transierint:
3518 5367 3626 5424 cir-

1694 5683 1922 5740 \'.\RIA§
1961 5682 2367 5740 LEGTIONES.

440 5788 464 5817 ε
497 5795 588 5850 γρ.
615 5779 702 5833 τό.
784 5779 801 5816 ί
842 5797 930 5850 πρ.
958 5780 1108 5852 φησί.
1191 5783 1320 5849 “rp.
1345 5776 1632 5850 δεξάμενοι.
