4032 6218
426 261 570 327 2335

1747 260 2103 325 PROCOPII
2145 259 2390 322 GAZAZI

3551 256 3719 324 2336

431 382 709 437 cumcisos
740 390 946 452 autem,
998 385 1092 456 qui
1151 399 1339 439 carnes
1368 397 1495 440 esse
1520 382 1861 453 perrexerint
1887 421 1904 447 ,
1938 396 2006 437 ex

2135 397 2214 434 'ov
2238 379 2395 451 δίκην
2415 377 2728 444 πεσοῦνται,
2753 377 2899 434 κατά
2918 378 3018 450 τὴν
3041 378 3365 450 προσθήκην
3387 377 3509 445 τοῦ,
3526 379 3710 449 Ἄλη-

430 470 556 540 ipso
585 472 904 541 appendicis
934 488 1099 529 sensu
1125 488 1248 543 quae
1276 488 1402 529 vere
1436 474 1618 545 fenum
1670 487 1792 528 esse
1836 486 2007 543 popu-

434 563 547 615 lum
590 563 863 633 adjunxit,
895 564 1004 633 feni
1036 565 1211 620 instar
1234 579 1523 621 evasuros.
1559 565 1643 618 Ab
1696 563 1856 619 initio
1906 578 2006 617 au-

436 660 544 706 tem
564 664 873 723 quaerentes
895 656 1169 720 nonnulli,
1201 656 1296 725 qui
1325 656 1514 711 statim
1544 663 1669 727 post
1695 670 2006 712 sermonem

432 743 507 796 de
529 742 763 799 Ezecltia
793 785 811 813 ,
846 745 1050 800 Christi
1086 746 1381 801 adventum
1417 748 1681 818 propheta
1706 746 1957 803 inlulerit
1991 765 2007 816 ;

438 834 620 902 plures
650 836 870 903 quidem
900 835 1403 908 Hierosolymorum
1442 837 1997 910 fuissezdireptiones,

438 923 535 978 sed
580 928 825 979 omnium
874 927 1255 993 novissimam,
1282 938 1409 984 ante
1448 929 1663 986 Christi
1714 931 2009 987 adventum

440 1031 538 1085 per
562 1016 1163 1075 Nahucltodonosorem
1209 1020 1385 1077 fuisse
1418 1029 1634 1092 putant,
1675 1037 1853 1093 neque
1883 1023 2013 1079 inde

439 1115 626 1174 postea
660 1105 735 1179 ad
771 1106 1058 1163 Christum
1096 1125 1271 1179 usque
1326 1117 1474 1165 terra
1536 1111 1726 1182 pulsos
1788 1119 1882 1164 aut
1915 1110 2013 1165 ab-

434 1201 635 1251 ductos
685 1195 1104 1268 fuissesltaque
1153 1215 1279 1255 cum
1337 1200 1543 1270 hujus,
1580 1215 1708 1272 quae
1766 1198 2016 1256 Ezechiae

439 1289 863 1359 praenuntiatur,
896 1292 1264 1358 meminisset,
1295 1302 1446 1349 recte
1467 1293 1635 1349 etiam
1694 1293 2015 1348 consolatio-

438 1397 557 1434 nem
588 1382 931 1450 adiunxisse.
965 1384 1038 1441 lis
1060 1385 1207 1439 enim
1232 1387 1507 1456 praecipue
1533 1385 1681 1441 facta
1704 1394 1792 1442 est
1820 1385 2015 1441 salutis

440 1471 805 1542 promulgatio
831 1491 846 1535 ;
876 1474 1037 1544 juxta
1070 1474 1205 1528 illud
1238 1492 1251 1528 :
1284 1493 1304 1526 ι
1342 1474 1461 1530 Non
1497 1489 1620 1530 sum
1663 1474 1872 1530 missus
1907 1473 2017 1531 nisi

439 1558 511 1613 ad
571 1576 703 1616 oves
758 1576 880 1631 quae
918 1564 1203 1632 perierunt
1251 1563 1453 1619 domus
1495 1563 1661 1619 Israel
1693 1565 1760 1618 ”.
1791 1582 1811 1617 ι
1848 1564 2018 1618 Aiunt

437 1661 626 1708 tamen
665 1656 908 1710 nonnulli
944 1657 1217 1713 absurdas
1244 1671 1436 1712 eorum
1483 1656 1856 1728 cogitationes
1893 1672 2019 1711 con-

2109 471 2218 536 θῶς
2263 472 2477 540 χόρτος
2504 471 2534 522 ό
2598 470 2746 534 λαός.
2779 470 3020 525 ’Δνωθεν
3053 471 3112 525 δέ
3156 487 3299 533 τινες
3318 471 3709 542 ἀπορήσαντές

2109 561 2229 624 πῶς
2245 563 2356 624 τοῖς
2401 560 2645 624 Ἐζεκίου
2670 561 2849 630 λόγοις
2879 560 2978 632 τήν
3026 558 3271 633 Χριστοῦ
3304 561 3615 633 παρουσίαν
3669 561 3713 612 ἁ

2111 653 2397 724 προφήτης
2424 653 2721 723 ἐπήνεγκε,
2751 652 3006 722 λέγουσιν
3030 654 3113 706 ὅτι
3144 652 3410 717 πολλάκις
3441 651 3705 723 πολέμιοι

2109 747 2211 816 τὴν
2250 746 2606 818 Ἰερουσαλὴμ
2630 747 2978 818 κατεδήωσαν
3006 765 3022 779 ·
3054 750 3089 819 ή
3108 748 3167 801 δὲ
3218 748 3307 801 διὰ
3346 747 3702 818 Ναθουχοδο-

2111 838 2284 911 νόσωρ
2314 839 2422 912 πρὸ
2460 840 2560 910 τῆς
2587 840 2826 911 Χριστοῦ
2873 841 3179 910 παρουσίας
3208 839 3500 893 τελευταία
3527 839 3701 907 γέγο-

2113 944 2202 982 νεν
2233 927 2454 990 ἅλωσις.
2497 926 2633 981 Μεθ’
2658 929 2725 999 ἢν
2748 927 3136 992 ἐπανελθόντες
3168 926 3346 998 ᾤκουν
3373 926 3704 997 ἀδιαιρέτως

2126 1020 2226 1091 τήν
2260 1020 2363 1092 γῆν
2395 1019 2557 1091 μέχρι
2591 1020 2692 1089 τῆς
2720 1018 2958 1090 Χριστοῦ
2984 1019 3311 1091 παρουσίας.
3362 1017 3577 1088 Ταύτης
3600 1012 3708 1071 οῦν

2119 1111 2379 1182 μνησθεὶς
2402 1111 2539 1182 πρὸς
2578 1110 2827 1176 Ἐζεκίαν
2850 1111 2948 1181 τῆς
2965 1110 3220 1174 ἁλώσεως
3250 1110 3352 1181 τῆς
3392 1110 3488 1163 ἐπὶ
3502 1108 3687 1181 ταύτῃ

2120 1202 2393 1273 μέμνηται
2419 1200 2884 1270 παρακλήσεως.
2909 1201 3348 1274 Προηγουμένως
3365 1199 3708 1271 γάρτούτοις

2117 1294 2186 1348 τὸ
2241 1293 2542 1361 σωτήρων
2599 1293 2817 1362 ἐγένετο
2864 1294 3130 1365 κήρυγμα
3178 1291 3323 1346 κατὰ
3355 1292 3417 1345 τό
3446 1308 3463 1323 ·
3524 1309 3544 1343 ι
3581 1293 3712 1344 Οὐκ

2119 1384 2434 1454 ἀπεστάλην
2462 1385 2510 1438 εί
2548 1384 2624 1455 μὴ
2650 1386 2735 1447 είς
2757 1383 2828 1438 τὰ
2875 1383 3201 1455 ἀπολωλότα,
3246 1382 3495 1454 πρόὸατα
3545 1383 3712 1435 οἴκου

2131 1478 2371 1550 Ἰσραήλ.
2404 1495 2424 1529 ι
2477 1476 2638 1541 Τινὲς
2676 1477 2737 1530 δέ
2789 1494 2958 1546 φασιν
2989 1476 3066 1540 ὡς
3120 1476 3221 1539 τὰς
3245 1477 3428 1530 αὐτῶν
3457 1475 3715 1537 ἀτόπους

2119 1570 2325 1632 ἐννοίας
2378 1568 2579 1639 ἠξίωσε
2620 1567 3080 1636 παρακλήσεως.
3143 1565 3383 1631 Ἐζεκίου
3441 1564 3550 1636 γὰρ
3605 1564 3715 1617 ἐπὶ

2120 1662 2188 1731 τῇ
2212 1659 2401 1730 ἀτόπῳ
2435 1659 2813 1722 παιδευθέντος
2841 1660 3039 1730 οἰήσει,
3087 1656 3209 1712 καθ’
3242 1657 3309 1729 ἢν
3334 1655 3475 1728 ᾤετο
3498 1657 3716 1725 τυγχὰ-

441 1745 707 1800 solutione
771 1746 968 1817 dignas
1019 1748 1328 1805 censuisse.
1384 1749 1521 1804 Cum
1570 1750 1718 1804 enim
1774 1748 2023 1806 absurdae

2135 1768 2239 1806 νειν
2267 1752 2296 1804 ὁ
2347 1748 2818 1821 προσδοκώμενος,
2848 1749 2925 1812 ὡς
2977 1748 3072 1801 καὶ
3129 1748 3260 1818 περὶ
3301 1745 3466 1800 αὑτοῦ
3524 1746 3713 1800 δοκεῖν

440 1837 721 1904 opinionis
766 1852 875 1908 qua
924 1854 984 1895 se
1017 1854 1183 1905 eum,
1229 1841 1326 1911 qui
1371 1841 1800 1911 exspectabatur
1831 1880 1846 1904 .
1897 1856 2023 1898 esse

2135 1842 2374 1914 εἰρῆσθαι
2402 1842 2483 1906 τὸ,
2525 1859 2545 1893 ι
2603 1842 2861 1895 Πεσεῖται
2896 1841 2961 1895 ἐκ
3006 1837 3103 1894 τοῦ
3149 1839 3334 1893 κλίτου
3369 1856 3461 1892 σου
3499 1837 3712 1909 χιλιὰς,

441 1929 669 1997 putabat
702 1971 719 1996 ,
777 1946 969 2001 poenas
1007 1933 1253 1989 dedisset
1286 1933 1550 1991 Ezechias
1602 1935 1718 2007 (de
1770 1951 1831 1992 se
1875 1936 2020 1992 enim

2135 1936 2223 1989 καὶ
2252 1933 2452 2005 μυριὰς
2481 1934 2545 1986 ἐκ
2570 1932 2763 2000 δεξιῶν
2791 1948 2907 1996 σου,
2942 1950 2962 1983 ι
3009 1931 3297 1995 τοσούτους
3349 1932 3714 1992 πεπτωκότας

440 2019 551 2073 dici
582 2019 750 2076 illud:
792 2040 811 2072 ‹
857 2022 1064 2077 Cadent
1094 2038 1123 2077 a
1158 2024 1332 2080 latere
1384 2033 1482 2079 tuo
1530 2026 1702 2093 mille,
1740 2035 1795 2082 et
1832 2026 2021 2083 decem

2135 2026 2404 2098 θεώμενον
2434 2025 2483 2079 h.
2519 2024 2736 2095 Ταύτης
2770 2024 2829 2078 δὲ
2859 2025 2961 2092 τῆς
3000 2024 3215 2086 ἐλπίδος
3247 2021 3593 2086 διαπεσόντος
3615 2020 3716 2074 διὰ

443 2109 614 2163 millia
659 2124 690 2164 a
718 2111 926 2167 dextris
951 2112 1062 2167 tuis
1092 2114 1158 2180 “,
1196 2132 1216 2166 ι
1250 2117 1344 2185 qui
1402 2122 1486 2169 tot
1518 2114 1702 2172 hostes
1754 2118 2025 2174 cecidisse

2135 2116 2232 2188 τὴν
2283 2116 2461 2178 νόσον,
2508 2115 2584 2179 ὡς
2634 2115 2831 2185 μηκέτι
2858 2114 2949 2169 τὸν
2993 2112 3206 2185 ψαλμὸν
3236 2112 3527 2182 ἁρμόττειν
3555 2108 3721 2180 αὐτῷ

440 2199 673 2264 videret,
703 2202 847 2256 male
900 2203 1210 2259 crediturus
1282 2204 1507 2271 fuerat,
1560 2207 1672 2262 nisi
1724 2216 1873 2262 tanta
1925 2223 2024 2279 spe

2135 2211 2379 2280 λέγοντα,
2408 2210 2504 2264 καὶ
2535 2206 2735 2278 μάστιξ
2758 2207 2858 2261 οῦκ
2882 2201 3062 2275 ἐγγιεϊ
3110 2204 3189 2277 τῷ
3242 2201 3564 2275 σκηνώματί
3610 2218 3719 2254 σου

443 2298 665 2360 propter
726 2293 979 2349 morbum
1027 2296 1301 2353 excidisse
1353 2313 1435 2364 se,
1484 2313 1664 2369 neque
1719 2298 1822 2355 sibi
1883 2299 2019 2369 jam,

2135 2304 2320 2375 (μόνον
2336 2302 2447 2374 γὰρ
2479 2303 2718 2372 ἥρμοττε
2742 2299 2821 2371 τῷ
2845 2297 3113 2369 Χριστῷ),
3141 2299 3170 2351 ό
3195 2296 3322 2360 λαὸς
3351 2294 3488 2366 ᾤετο
3508 2293 3579 2348 τὰ
3605 2292 3717 2363 τῆς

444 2382 540 2435 sed
600 2381 823 2439 Christo
855 2386 951 2439 uni
1000 2387 1274 2456 psalmum
1321 2390 1620 2446 convenire
1679 2391 2027 2446 animadver-

2136 2395 2470 2465 ἐπαγγελίας
2492 2393 2824 2459 πεπαῦσθαι,
2857 2394 3041 2447 πάντα
3068 2408 3128 2445 τε
3179 2388 3388 2471 φροῦδα
3422 2386 3718 2456 γεγονέναι

444 2480 629 2539 teret,
675 2476 770 2544 qui
823 2474 1100 2547 ﬂagellum
1154 2479 1518 2535 tabernaculo
1576 2480 2030 2553 ejusﬁhOnon

2135 2485 2204 2539 τὰ
2234 2483 2579 2548 ἐλπισθέντα,
2608 2483 2819 2554 μηδένα·
2843 2498 2903 2535 τε
2933 2481 3152 2552 σωτῆρα
3188 2476 3284 2532 τοῦ
3316 2476 3503 2546 γένους
3532 2475 3719 2546 φανή-

445 2566 1012 2637 appropinquaturum
1040 2584 1165 2626 esse
1209 2574 1499 2642 moneret),
1522 2573 1756 2643 populus
1784 2589 2035 2631 cessasse
2140 2577 2349 2632 σεσθαι.

448 2657 870 2726 promissiones,
902 2668 957 2714 et
987 2675 1111 2731 quae
1159 2671 1322 2718 antea
1354 2664 1613 2732 sperabat
1656 2664 1845 2719 omnia
1916 2667 2200 2736 periisse,
2293 2670 2507 2725 nullum
2569 2667 2794 2736 deinde,
2861 2666 2957 2736 qui
3024 2661 3176 2734 genti
3235 2660 3471 2717 salutem
3530 2658 3703 2715 daret

446 2752 685 2821 amplius
710 2746 1143 2824 exspectandum
1177 2771 1303 2812 esse
1338 2757 1736 2813 arbitrabatur.
3216 2808 3237 2817 -

520 2845 702 2915 Atque
731 2845 857 2901 hinc
882 2853 968 2903 est
997 2846 1143 2917 quod
1184 2862 1334 2918 spem
1387 2850 1710 2920 abjicientes
1737 2851 2031 2907 universo-

2214 2854 2376 2909 Ὅθεν
2404 2854 2432 2908 ὁ
2454 2852 2564 2906 τῶν
2594 2848 2731 2906 ὅλων
2759 2849 2891 2913 Θεὸς
2914 2846 3305 2916 ἀπεγνωκότας
3351 2841 3576 2906 τούτους
3621 2843 3719 2897 διὰ

451 2952 573 2990 rum
607 2935 752 2991 Deus
778 2951 873 3006 per
904 2938 1231 3007 prophetam
1260 2946 1315 2994 et
1341 2940 1667 2997 sacerdotes
1725 2941 2031 2995 consolatur

2141 2946 2238 3000 τοῦ
2275 2946 2556 3016 προφήτου
2584 2943 2679 2998 καὶ
2720 2941 2828 2996 τῶν
2861 2938 3051 3010 ἱερέων
3102 2934 3468 3006 παρακαλεῖ,
3501 2933 3709 3003 λέγων,

447 3029 671 3084 dicens:
705 3027 1011 3098 Loquimini
1038 3030 1107 3083 ad
1156 3046 1250 3085 cor
1307 3029 1609 3086 Jerusalem
1639 3050 1659 3097 ;
1690 3032 1852 3102 quasi
1901 3034 2022 3087 laeta

2135 3036 2452 3105 Λαλήσατε
2500 3037 2588 3100 είς
2615 3032 2731 3101 τὴν·
2786 3030 3040 3101 καρδίαν
3092 3025 3512 3098 Ἰερουσαλὴμ,
3564 3026 3723 3079 τοῦτ’

449 3127 505 3173 ct
552 3116 699 3172 facili
747 3119 1028 3175 auditores
1072 3120 1435 3175 consolatione
1462 3121 1775 3176 demulcere
1796 3122 1989 3189 jubeat
2018 3162 2031 3188 ,

2138 3128 2312 3193 ἐστιν,
2343 3125 2751 3196 εὐπαράδεκτον
2825 3124 2938 3187 τοῖς
3007 3118 3378 3195 ἀκροωμένοις
3456 3116 3549 3170 τὸν
3601 3115 3722 3185 τῆς

453 3223 563 3278 qua
624 3209 782 3278 prius
839 3223 1078 3264 onerosa
1117 3210 1279 3265 valde
1334 3218 1389 3264 et
1422 3213 1652 3280 gravis,
1711 3211 2031 3281 umbrisque

2138 3218 2577 3288 παρακλήσεως
2630 3215 2933 3287 ποιήσασθε
2956 3213 3134 3283 λόγον,
3173 3213 3314 3282 ὅπερ
3375 3209 3475 3262 οὐκ
3496 3203 3640 3278 εἶχεν
3684 3208 3721 3261 6

451 3300 620 3354 etiam
658 3300 907 3354 involuta
945 3308 999 3355 et
1048 3300 1287 3356 obscura
1338 3301 1425 3356 lex
1460 3303 1581 3372 ipsa
1615 3303 1840 3357 carebat
1865 3317 2041 3374 ,~quaa

456 3397 668 3446 mentes
695 3390 923 3447 minime
942 3392 1261 3448 necessaria
1318 3392 1574 3450 docebat.
1635 3392 1833 3451 Verbis
1890 3397 2037 3451 enim

454 3482 835 3538 tantummodo
858 3483 1027 3538 levem
1069 3484 1364 3554 quamdam
1393 3492 1448 3540 et
1464 3494 1752 3542 externam
1780 3486 2038 3543 notitiam

456 3575 723 3632 all‘crebat
753 3594 771 3644 ;
799 3591 924 3632 cum
952 3575 1148 3631 salutis
1175 3577 1498 3648 praedicatio
1525 3579 1581 3635 in
1631 3579 1862 3636 intimos
1918 3579 2042 3634 ani-

459 3682 561 3723 niae
590 3682 845 3725 recessus
893 3666 1162 3739 Spiritum
1214 3666 1520 3727 induceret.
1567 3670 1711 3726 Hinc
1743 3668 1840 3726 illa
1875 3669 2041 3726 Davi-

457 3764 544 3821 dis
588 3780 601 3816 :
636 3782 656 3817 ι
697 3763 755 3819 In
783 3764 950 3821 corde
980 3780 1104 3821 meo
1139 3765 1404 3822 abscondi
1436 3767 1655 3838 eloquia
1682 3777 1800 3834 tua,
1837 3775 1899 3821 ut
1929 3781 2042 3822 non

457 3876 680 3931 peccem
715 3860 814 3917 tibi
841 3859 910 3916 “.
946 3879 967 3915 ι
999 3859 1131 3916 Tale
1156 3868 1211 3917 et
1237 3860 1371 3918 illud
1408 3861 1556 3933 quod
1576 3874 1607 3917 a
1631 3862 1870 3933 quodam
1902 3877 2037 3932 pro-

451 3956 624 4025 pheta
652 3954 857 4009 dicitur
889 3972 903 4008 :
944 3972 964 4007 ι
1003 3952 1071 4009 Et
1130 3969 1261 4011 ecce
1326 3963 1720 4012 testamentum
1766 3954 1915 4026 quod
1940 3970 2042 4025 ego

461 4048 711 4103 testabor
747 4046 881 4112 illis,
913 4049 970 4101 in
1014 4046 1211 4103 diebus
1238 4047 1379 4114 illis;
1415 4046 1552 4103 dicit
1584 4045 1871 4111 Dominus,
1902 4045 2041 4103 dans

454 4144 607 4210 leges
636 4156 790 4198 meas
818 4142 875 4196 in
900 4150 1114 4197 mentes
1139 4157 1328 4198 eorum
1362 4159 1378 4210 ;
1428 4149 1483 4198 et
1520 4142 1580 4197 in
1621 4142 1789 4198 corda
1848 4157 2041 4198 eorum

461 4229 767 4287 inscribam
817 4246 914 4287 eas
949 4230 1018 4285 δ’.
1044 4249 1063 4283 ι
1098 4229 1240 4287 Hinc
1271 4238 1327 4286 et
1351 4228 1509 4285 Pauli
1554 4231 1703 4287 alia:
1741 4248 1761 4285 ι
1796 4229 2042 4301 Epistola

464 4333 654 4379 nostra
686 4339 786 4380 vos
825 4324 997 4389 estis,
1045 4340 1167 4395 qua:
1222 4322 1674 4393 intelligiturget
1726 4323 1926 4393 legitur
1974 4322 2043 4377 ab

463 4413 724 4469 omnibus
790 4413 1150 4478 hominibus,
1213 4429 1338 4470 cum
1377 4412 1679 4469 declaratis
1708 4412 1858 4483 quod
1909 4413 2044 4468 estis

462 4504 695 4572 epistola
716 4504 945 4570 Christi,
985 4505 1293 4560 ministrata
1324 4520 1354 4558 a
1388 4504 1573 4569 nobis,
1612 4504 1886 4575 descripta
1937 4519 2045 4559 non

465 4599 774 4645 atramento
806 4631 821 4657 ,
846 4592 940 4647 sed
972 4590 1182 4661 Spiritu
1211 4589 1307 4645 Dei
1333 4590 1585 4654 viventis,
1607 4606 1716 4645 non
1757 4591 1815 4665 in
1846 4591 2048 4645 tabulis

466 4681 718 4750 lapideis,
749 4683 843 4737 sed
893 4684 945 4737 in
987 4684 1194 4741 tabulis
1250 4684 1434 4739 cordis
1469 4684 1689 4738 carneis
1745 4682 1812 4736 “.
1849 4702 1869 4736 ι
1925 4682 2047 4738 Non

468 4772 669 4827 desunt
697 4773 789 4842 qui
823 4777 1158 4829 sacerdotum
1202 4776 1426 4831 nomine
1450 4775 1675 4844 angelos
1714 4774 2047 4845 intelligant,

466 4864 670 4934 quibus
686 4864 849 4919 etiam
871 4865 939 4920 ad
954 4867 1117 4921 corda
1155 4869 1295 4938 loqui
1328 4882 1488 4938 posse
1511 4866 1784 4937 congruit.
1814 4865 2050 4921 Estvero

467 4958 767 5013 consolatio
798 4998 814 5024 ,
843 4975 968 5013 cum
997 4960 1055 5014 lit
1104 4961 1207 5032 ipsi
1263 4961 1447 5016 multa:
1480 4959 1719 5031 duplicis
1751 4957 2003 5013 remissio
2030 4974 2045 5023 ;

469 5051 586 5105 sive
637 5050 743 5120 ipsi
798 5049 983 5107 carnis
1038 5044 1422 5107 a'll‘ectionibus
1469 5050 1831 5127 subiiciantur
1864 5053 1882 5118 (
1915 5048 2054 5102 ultio

467 5144 614 5197 enim
645 5155 699 5199 et
722 5144 849 5212 ista,
888 5159 1063 5217 eaque
1118 5160 1416 5215 permagna
1483 5144 1592 5200 illis
1631 5150 1715 5199 est
1757 5141 1851 5212 qui
1885 5153 2050 5196 sensu

470 5227 657 5297 aliquo
720 5232 931 5300 praediti
963 5240 1092 5288 sunt
1119 5231 1163 5304 ),
1194 5233 1314 5288 sive
1343 5243 1568 5302 propter
1593 5246 1689 5287 eas
1717 5230 2013 5302 puniamur
2035 5267 2051 5293 ,

473 5316 528 5372 id
564 5330 671 5388 est,
712 5323 828 5379 sive
857 5337 888 5379 a
926 5326 1058 5393 Deo,
1089 5326 1181 5397 qui
1226 5340 1352 5381 vere
1393 5324 1518 5380 fons
1583 5324 1707 5380 vita:
1750 5331 1857 5390 est,
1899 5337 2054 5378 rece-

2138 3312 2303 3382 νόμος
2331 3307 2605 3380 φορτικῶς
2632 3307 2772 3376 ἄγαν
2807 3307 2936 3378 περὶ
2984 3304 3145 3360 σκιὰν
3185 3305 3281 3358 καὶ
3300 3301 3504 3363 τύπους
3542 3297 3719 3352 εἱλού-

2143 3419 2322 3475 μενος,
2352 3402 2453 3455 οὐκ
2494 3401 2768 3469 ἀναγκαῖα
2853 3397 3126 3453 παιδεύων
3146 3396 3236 3450 τὸν
3254 3393 3397 3449 νοῦν.
3433 3389 3719 3461 Ἐξωφανῆ

2140 3495 2250 3568 γάρ
2278 3511 2401 3549 τινα
2422 3491 2623 3563 γνῶσιν
2652 3491 2900 3548 ἐνεποίει
2922 3490 3012 3545 διὰ
3052 3489 3147 3544 τοῦ
3176 3487 3524 3560 γράμματος.
3554 3483 3630 3543 Τὸ
3659 3482 3717 3535 δὲ

2142 3587 2447 3657 σωτήριον
2469 3586 2734 3658 κήρυγμα
2758 3582 3002 3655 θεωριῶν
3053 3580 3255 3652 πληροῖ
3295 3577 3393 3649 τὴν
3415 3574 3598 3645 ψυχὴν
3621 3571 3718 3627 τοῦ

2144 3681 2466 3753 Πνεύματος
2498 3679 2592 3734 τοῦ
2627 3679 2775 3734 θείου
2801 3677 2864 3732 τὸ
2896 3677 3059 3748 βάθος
3092 3674 3262 3745 αὐτῆς
3312 3668 3718 3737 ὑπανοίγοντος.

2142 3774 2299 3828 (λῦτω
2347 3773 2430 3826 τοί
2483 3763 2754 3843 φησικαὶ
2816 3767 3019 3822 Δαϐίδ·
3058 3784 3078 3819 r
3149 3765 3237 3817 Ἐν
3259 3764 3325 3833 τῇ
3366 3758 3563 3831 καρδία
3615 3772 3723 3826 μου

2141 3850 2357 3938 ἔκρυψα
2400 3862 2463 3916 τὸ
2506 3861 2687 3930 λόγιόν
2712 3878 2828 3926 σου,
2887 3859 3035 3921 ὅπως
3083 3856 3150 3910 ἂν
3198 3854 3273 3925 μὴ
3302 3851 3530 3922 ἁμάρτω
3551 3861 3655 3938 σοι.

2142 3935 2398 4010 Τοιοῦτον
2447 3952 2545 4006 καὶ
2591 3951 2654 4005 τὸ
2696 3949 2763 4004 δι’
2799 3948 2919 4012 ἐνὸς
2951 3946 3059 4001 τῶν
3118 3940 3416 4015 προφητῶν
3449 3954 3465 3970 ⁸
3523 3954 3543 3988 t
3608 3935 3720 3989 Καὶ

2144 4044 2286 4116 α’ύτη
2310 4047 2345 4115 ἠ
2369 4042 2628 4113 διαθήκη,
2654 4042 2721 4112 ἥν
2747 4039 3074 4110 διαθήσομαι
3122 4035 3308 4097 αὐτοῖς
3366 4031 3424 4086 ἐν
3444 4028 3565 4092 ταῖς
3584 4026 3720 4096 ήμέ-

2146 4155 2268 4208 ραις
2291 4135 2530 4198 ἐκείναις
2560 4173 2576 4200 ,
2603 4134 2755 4201 λέγει
2779 4131 3003 4203 Κύριος,
3032 4128 3205 4190 διδοὺς
3231 4125 3453 4195 νόμους.
3484 4135 3586 4191 μου
3641 4118 3720 4179 εἷς

2143 4229 2241 4301 τὴν
2271 4228 2512 4283 διάνοιαν
2568 4224 2770 4290 αὐτῶν,
2817 4223 2911 4277 καὶ
2954 4222 3041 4274 ἐπὶ
3105 4219 3206 4282 τὰς
3256 4214 3486 4286 καρδίας
3546 4209 3720 4301 abstini

2145 4298 2436 4388 ἐπιγράψω
2460 4314 2676 4379 αὐτούς.
2715 4333 2735 4366 ι
2796 4312 2905 4365 Καὶ
2931 4312 2960 4365 ὁ
2984 4308 3194 4370 Παῦλος
3224 4305 3282 4360 δέ
3334 4319 3496 4374 φησιν
3534 4314 3550 4331 ⁶
3592 4316 3613 4352 ι
3658 4298 3721 4352 Ἦ

2148 4408 2407 4483 ἐπιστολή
2435 4406 2592 4478 ήμῶν
2615 4406 2770 4476 ὑμεῖς
2800 4405 2945 4470 ἐστε,
2973 4398 3355 4471 γινωσκομένη
3400 4394 3495 4449 καὶ
3528 4394 3720 4483 ἀναγι-

2148 4479 2465 4567 νωσκομένη
2523 4494 2631 4548 ὑπὸ
2684 4495 2903 4548 πάντων
2966 4488 3294 4560 ἀνθρώπων,
3328 4479 3721 4554 φανερούμενοι

2147 4589 2234 4642 ὅτι
2286 4586 2410 4640 ἐστέ
2447 4585 2705 4654 ἐπιστολὴ
2727 4580 2992 4656 Χριστοῦ,
3017 4577 3400 4648 διακονηθεῖσα
3421 4572 3514 4641 ὑφ’
3540 4568 3719 4641 ἡμῶν,

2149 4676 2575 4748 ἐγγεγραμμένη
2598 4675 2658 4728 οὐ
2695 4673 2908 4745 μέλανι,
2939 4671 3078 4726 ἀλλά
3107 4668 3385 4739 Πνεύματι
3413 4662 3548 4717 Θεοῦ
3584 4658 3723 4723 ζῶν-

2150 4787 2277 4837 τος,
2333 4769 2434 4823 οὒκ
2460 4768 2517 4823 ἐν
2557 4766 2724 4833 πλαξὶ
2748 4764 3001 4829 λιθίναις,
3044 4759 3159 4816 ἀλλ’
3186 4761 3244 4812 ἐν
3281 4755 3445 4819 πλαξὶ
3498 4750 3723 4822 καρδίας

2153 4860 2458 4931 σαρκίναις.
2498 4877 2517 4911 ι
2565 4855 2765 4925 ἰερεῖς
2783 4855 2838 4909 δέ
2863 4870 3010 4917 τινες
3032 4853 3156 4916 τοὺς
3186 4848 3451 4919 ἀγγέλους
3473 4844 3722 4913 ἐνόησαν,

2149 4949 2235 5017 οἷς
2283 4951 2561 5023 ἐμπρέπει
2632 4955 2726 5004 καὶ
2774 4948 2834 5002 τὸ
2860 4947 2930 5001 ἐν
2988 4943 3256 5014 καρδίαις
3330 4935 3587 4993 δύνασθαι
3616 4937 3725 5023 αα.

2152 5021 2329 5101 ,ιεῖνξ
2375 5041 2437 5095 'H
2467 5041 2525 5095 δὲ
2564 5037 2948 5110 παράκλησις
2969 5036 3027 5088 ἐν
3052 5034 3131 5105 τῷ
3178 5028 3433 5085 λελύσθαι
3460 5023 3557 5096 τήν
3572 5021 3723 5089 δίκην

2151 5136 2291 5208 αὑτὴ
2328 5137 2344 5176 ί
2377 5133 2572 5203 διπλῆν
2598 5129 2924 5201 γενομένην,
2953 5126 3018 5181 ἐν
3046 5142 3107 5178 τε
3162 5123 3245 5193 τῷ
3295 5118 3497 5191 σαρκὸς
3537 5114 3724 5168 ἐπιθυ-

2160 5229 2311 5299 μίαις
2334 5224 2698 5297 προσκεῖσθαι
2720 5221 2967 5293 (κόλασις
2996 5217 3107 5289 γὰρ
3133 5213 3274 5283 αὐτὴ
3331 5209 3564 5282 μεγίστη
3598 5208 3724 5299 λτνιῖς

2159 5292 2664 5391 ἔχουσιν-αἴσθησιν)
2683 5292 2740 5370 ἐν
2763 5331 2825 5367 τε
2850 5311 2930 5384 τῷ
2967 5310 3033 5364 δι’
3074 5302 3298 5362 ἐκεῖναὶ
3362 5292 3700 5363 κολάζεσθαι.

547 5476 593 5509 ³³
622 5472 811 5529 Matth.
849 5492 933 5545 xv_
967 5476 1055 5533 24.
1130 5478 1176 5512 ιθ
1199 5477 1343 5534 Psal.
1378 5492 1464 5539 xc,
1506 5476 1557 5530 7.
1636 5475 1677 5506 “
1712 5472 1854 5527 Psal.
1887 5488 2077 5528 cxvm.
2118 5471 2204 5524 ll.
2244 5469 2327 5529 ,ιδ’
2363 5468 2564 5525 Jcrcm.
2599 5484 2747 5537 xxxt,
2772 5468 2862 5525 55.
2936 5466 2981 5499 ”
3017 5463 3061 5519 ll
3098 5463 3204 5521 Cor
3264 5477 3345 5529 tn,
3381 5459 3435 5526 2,
3461 5456 3523 5513 5.

1792 5589 2028 5646 VARIE
2061 5586 2454 5646 LECTIONES.

554 5686 585 5729 h
611 5704 701 5758 γρ.
732 5686 1030 5756 θεωμένου.
1111 5688 1123 5725 ¹
1166 5705 1255 5756 πυ.
1284 5686 1469 5742 αὑτοῦ.
1557 5688 1570 5736 l
1602 5703 1688 5757 γρ.
1726 5685 1962 5748 ὲκείνας.
