4032 6218
299 304 459 373 ’ἳ337

1450 309 1860 372 COMMENTA
1874 308 1984 368 RII
2025 309 2105 369 IN
2146 310 2429 372 ISAIAM.

3426 316 3567 379 2338

318 424 547 496 Ἥγουν,
572 425 630 479 ἐν
661 442 720 479 τε
749 426 826 498 τῷ
848 425 1150 497 ἀποστῆναι
1183 425 1319 479 Θεοῦ
1343 428 1442 495 τῆς
1485 426 1652 488 ὅντως
1702 423 1888 493 πηγῆς

1995 424 2221 490 damus;
2259 425 2373 479 sive
2429 424 2495 478 ad
2521 424 2795 480 daemonas
2852 426 3003 495 ipsos
3030 467 3045 492 ,
3096 426 3253 481 lacus
3290 432 3566 485 contritos

312 520 483 589 ζωῆς,
509 519 603 574 καὶ⁸
632 517 715 589 τῷ
754 518 1150 589 προσχωρῆσαι
1170 519 1282 581 τοῖς
1325 516 1597 588 δαίμοσιν,
1657 516 1886 579 λάκκοις

316 608 820 681 συντετριμμένοις,
850 608 990 661 κατὰ
1017 608 1114 679 τὴν
1180 607 1442 679 Ἱερεμίου
1496 606 1701 677 φωνὴν,
1761 623 1888 659 συν-

238 692 251 701 ’
316 702 460 773 ἐχειν
491 702 637 771 ὕδωρ
676 700 751 771 μὴ
784 700 1120 770 δυναμένοις.
1149 700 1307 763 Τινὲς
1330 699 1385 753 δέ
1415 716 1598 768 φασιν,
1625 700 1707 752 ὃτι
1736 698 1813 760 ὡς
1837 700 1886 751 oi

317 792 663 863 φιλόστοργοι
685 783 923 863 πατέρες
952 791 1053 861 τὴν
1072 792 1310 863 σμικρὰν
1332 790 1473 844 κατὰ
1498 790 1685 853 παιδὸς
1702 790 1886 860 ἁμαρ-

313 888 436 939 τίαν
467 885 640 955 μείζω
696 884 830 938 πολὺ
868 884 965 954 τῆς
1023 882 1179 947 ἀξίας
1233 881 1569 952 νομίζουσιν,
1605 880 1749 935 οὕτω
1798 882 1890 935 διὰ

315 976 730 1048 φιλανθρωπίαν
752 977 781 1028 ὁ
798 976 929 1037 Θεὸς
943 974 1042 1045 τὴν
1071 974 1280 1028 ἐλάττω
1304 974 1406 1043 τῆς
1422 974 1578 1040 ἀξίας
1598 973 1890 1028 διπλασίαν

315 1069 578 1139 ὁρίζεται.
606 1067 814 1130 Ἀλλως
841 1066 949 1138 γὰρ
989 1067 1091 1119 οὐκ
1139 1064 1288 1130 ἄξιον
1335 1067 1436 1135 τῆς
1463 1065 1625 1119 αὐτοῦ
1656 1065 1893 1136 χρηστό-

315 1177 478 1228 τητος
519 1161 577 1212 ὲν
632 1156 806 1228 διπλῷ
853 1156 1215 1227 τιμωρεῖσθαι
1261 1156 1355 1210 τοῦ
1392 1157 1647 1221 λέξαντος
1671 1173 1737 1236 ’.ι
1776 1157 1891 1209 Ούκ

317 1251 596 1319 ἐκδικήσει
620 1249 825 1320 Κύριος
853 1249 937 1309 δὶς
975 1251 1067 1302 ἐπὶ
1088 1250 1150 1301 τδ
1175 1248 1308 1301 αὐτὸ
1357 1250 1417 1301 ὲν
1440 1248 1636 1318 θλίψει.
1671 1247 1892 1318 Οίκτίρ-

318 1356 437 1409 μων
468 1340 576 1407 γὰρ
624 1338 720 1390 καὶ
771 1339 1017 1407 ἐλεήμων
1047 1340 1074 1391 ό
1130 1320 1372 1409 Κύριοςί
1402 1338 1755 1409 μακρόθυμος
1797 1339 1891 1391 καὶ

318 1430 608 1493 πολυέλεος
638 1430 733 1482 καὶ
753 1429 1025 1500 ἀληθινός.
1070 1448 1088 1481 ι
1115 1429 1248 1495 Καὶ,
1285 1447 1303 1480 ι
1342 1429 1415 1482 Οὐ
1477 1430 1619 1483 κατὰ
1648 1430 1750 1493 τὰς
1770 1431 1894 1483 dvo-

316 1521 454 1593 μίας
490 1522 648 1592 ήμῶν
697 1521 952 1590 ἐποίησεν
984 1524 1117 1591 ἡμῖν
1179 1523 1301 1576 οὐδὲ
1348 1521 1489 1575 κατὰ
1551 1522 1650 1585 τὰς
1713 1524 1894 1593 ἀμαρ-

321 1612 446 1675 τίας
506 1611 663 1681 ἡμῶν
720 1611 1102 1665 ἀνταπεδωκεν
1163 1613 1314 1683 ἡμῖν.
1388 1630 1407 1663 ι
1473 1611 1771 1681 Σύμφωνον
1837 1610 1893 1663 δὲ

318 1703 423 1772 τῷ,
468 1701 847 1771 Ἑτοιμάσατε
875 1701 991 1768 τὴν
1012 1701 1157 1758 ὁδὸν
1196 1701 1437 1769 Κυρίου,
1486 1703 1579 1754 καὶ
1618 1701 1895 1773 Ζαχαρίας

314 1798 350 1850 ὸ
396 1795 492 1849 τοῦ
521 1793 824 1847 Βαπτιστοῦ
848 1794 997 1862 λέγει
1029 1794 1217 1864 Πατήρ
1249 1810 1264 1824 ·
1303 1812 1323 1845 ι
1379 1795 1489 1847 Καὶ
1516 1793 1580 1846 σὺ
1610 1833 1627 1859 ,
1661 1793 1891 1858 παιδίον,

321 1889 610 1957 προφήτης
650 1884 907 1954 Ὑψίστου
932 1884 1205 1957 κληθήσῃ.
1234 1883 1593 1957 Προπορεύσῃ
1652 1884 1761 1954 γὰρ
1786 1885 1894 1953 πρὸ

320 1978 618 2049 προσώπου
685 1977 917 2046 Κυρίου,
948 1977 1233 2045 ἑτοιμάσαι
1279 1976 1378 2040 τὰς
1433 1976 1584 2039 ὁδοὺς
1614 1975 1799 2031 αὑτοῦ.
1866 1995 1887 2030 ι

323 2070 462 2143 Περὶ
486 2064 548 2124 οὗ
587 2085 751 2140 φησιν
788 2071 818 2122 ό
848 2068 1043 2139 Σωτήρ
1070 2085 1086 2100 ·
1123 2087 1143 2122 ι
1191 2070 1427 2133 Ἐκεῖνος
1483 2065 1553 2140 ἦν
1588 2070 1618 2121 ὁ
1652 2066 1842 2139 λύχνος
1864 2072 1893 2124 ὁ

322 2164 613 2233 καιόμενος
666 2164 759 2215 καὶ
831 2162 1057 2231 φαίνων.
1103 2162 1292 2233 Ὑμεῖς
1309 2163 1366 2217 δὲ
1392 2163 1693 2236 ἠθελήσατε
1724 2166 1893 2234 ἀγαλ-

318 2255 575 2325 λιαθῆναι
629 2255 765 2326 πρὸς
800 2253 953 2325 ὤραν
1002 2256 1062 2309 ἐν
1091 2254 1170 2325 τῷ
1221 2255 1363 2324 φωτὶ
1402 2256 1590 2313 αὑτοῦ.
1633 2278 1653 2312 ι
1704 2260 1893 2324 Ἥλιος

320 2349 434 2420 γὰρ
484 2348 827 2420 δικαιοσύνης
865 2349 958 2403 καὶ
987 2348 1104 2418 φῶς
1155 2338 1409 2419 ἀληθινὸν
1436 2352 1465 2404 ό
1499 2352 1755 2421 Χριστός.
1782 2352 1894 2407 Καὶ

322 2443 384 2495 τὸ
428 2443 592 2511 μέσον
614 2440 941 2510 ἀμφοτέρων
965 2439 1336 2511 ἀσύμϐλητον,
1360 2441 1467 2495 κᾶν
1519 2441 1603 2496 ὅτι
1660 2442 1893 2513 μάλιστα

322 2532 385 2584 τὸ
416 2529 755 2602 ἀνθρώπινον
770 2529 977 2600 πλῆρες
1007 2529 1218 2597 γένοιτο
1268 2530 1460 2600 σοφίας
1480 2547 1540 2584 τε
1570 2532 1665 2586 καὶ
1693 2533 1890 2601 φωτός.

394 2784 520 2849 Τοῖς
546 2784 604 2838 δὲ
659 2783 1004 2853 ἀπεγνωκόσι
1056 2787 1281 2856 σημεῖον
1346 2785 1529 2840 δίδωσι
1587 2787 1897 2855 παρακλή-

321 2894 498 2943 σεως.
533 2877 699 2929 Ὅταν
727 2874 836 2946 γὰρ
859 2876 967 2929 ἀπὸ
990 2876 1091 2954 τῇς
1147 2876 1372 2945 ἐρήμου
1426 2877 1555 2949 περὶ
1606 2880 1896 2949 μετανοίας

324 2968 544 3031 ἀκούοις
566 2966 790 3037 φωνῆς,
821 2968 942 3020 τότε
976 2966 1088 3020 νόει
1134 2970 1389 3038 παρεῖναι
1449 2969 1539 3022 τὸν
1590 2970 1899 3041 προσδοκώ-

1992 513 2010 583 (
2041 521 2099 566 ut
2137 512 2390 570 Jeremiae
2411 516 2646 570 vocibus
2667 524 2792 569 utar
2830 516 2920 586 “),
2945 518 3037 586 qui
3065 532 3262 585 aquam
3282 518 3568 574 continere

1989 618 2099 658 non
2127 613 2376 673 possunt,
2414 613 2777 660 transeamus.
2838 606 3005 661 Aiunt
3045 620 3225 661 autem
3266 609 3512 662 nonnulli
3549 649 3566 674 ,

1991 713 2101 753 non
2131 700 2292 755 aliter
2310 716 2471 770 quam
2503 708 2687 771 patres
2706 742 2720 766 ,
2750 703 2843 771 qui
2877 717 3078 772 magno
3094 704 3390 757 liberorum
3415 719 3568 759 amo-

1990 803 2051 843 re
2075 788 2390 859 llagrantes,
2447 792 2561 847 leve
2592 807 2781 846 eorum
2802 802 3085 862 peccatum
3136 796 3301 863 longe
3349 798 3569 863 gravius

1991 885 2043 932 et
2073 878 2325 934 acerbius
2373 888 2597 949 putant;
2628 881 2708 935 sic
2756 887 2809 934 et
2864 880 3030 935 Deum
3070 897 3167 946 pro
3205 898 3306 936 sua
3371 883 3426 936 in
3470 883 3568 936 ho-

1991 970 2167 1025 mines
2213 970 2628 1036 benevolentia,
2682 972 2857 1041 cnlpae
2905 972 3094 1027 leviori
3156 987 3347 1042 poenas
3401 973 3570 1044 duplo

1992 1060 2231 1129 majores
2288 1062 2549 1132 irrogare.
2586 1064 2843 1133 Alioquin
2898 1065 3043 1119 enim
3096 1064 3296 1134 duplex
3355 1065 3571 1134 exigere

1994 1154 2326 1223 supplicium
2358 1154 2476 1224 ejus
2506 1155 2750 1211 bonitate
2779 1155 2945 1210 fuerit
2980 1157 3264 1225 indignum
3300 1198 3315 1221 ,
3361 1157 3454 1226 qui
3487 1158 3574 1211 di-

1996 1244 2135 1297 xerit
2165 1262 2179 1297 :
2213 1262 2232 1294 ι
2268 1242 2387 1298 Non
2432 1245 2734 1299 vindicabit
2766 1245 3031 1302 Dominus
3092 1248 3174 1303 his
3214 1248 3283 1301 ob
3342 1249 3482 1302 idem
3516 1248 3570 1302 in

1994 1332 2308 1388 afﬂictione.
2342 1333 2499 1405 M1
2534 1334 2848 1391 Misericors
2878 1338 3021 1391 enim
3051 1345 3105 1392 et
3138 1338 3430 1393 miseratur
3462 1338 3570 1390 Do-

2000 1427 2182 1480 minus
2213 1465 2228 1488 ,
2264 1426 2593 1497 longanimis
2627 1466 2642 1490 ,
2684 1435 2738 1481 et
2794 1428 2974 1483 multa:
3053 1429 3484 1492 misericordiae,
3516 1437 3571 1481 et

2003 1531 2168 1570 verax
2193 1517 2258 1571 ”.
2293 1536 2311 1568 ι
2350 1518 2455 1572 Et:
2483 1535 2502 1567 ι
2539 1517 2657 1572 Νοη
2680 1519 2979 1575 secundum
3008 1521 3323 1590 iniquitates
3350 1529 3574 1576 nostras

1998 1606 2126 1661 fecit
2160 1609 2315 1663 nobis
2345 1608 2412 1661 “.
2458 1628 2480 1661 ι
2513 1608 2756 1679 Itemque
2783 1625 2795 1660 :
2825 1630 2843 1662 ε
2874 1610 2991 1665 Non
3019 1612 3319 1666 secundum
3344 1621 3572 1680 peccata

1998 1711 2187 1755 nostra
2219 1700 2476 1756 retribuit
2506 1703 2667 1758 nobis
2703 1704 2765 1757 ".
2809 1722 2827 1755 ι
2869 1702 2937 1758 Et
2965 1720 3095 1759 vero
3132 1705 3278 1774 quod
3315 1706 3429 1769 hic,
3460 1705 3569 1759 Pa-

1996 1802 2113 1845 rate
2143 1794 2279 1847 viam
2307 1793 2547 1857 Domini,
2574 1792 2865 1860 habemus,
2908 1796 2956 1850 ei
2994 1797 3227 1850 maxime
3272 1811 3571 1868 congruunt

1993 1884 2136 1953 quod
2193 1884 2447 1955 Baptistae
2476 1897 2632 1957 pater
2657 1885 2956 1941 Zacharias
2988 1888 3083 1951 ait,
3124 1887 3177 1941 in
3236 1888 3382 1942 hunc
3455 1903 3573 1943 mo-

2000 1974 2128 2027 dum
2169 1992 2183 2029 :
2230 1991 2249 2025 ι
2301 1975 2369 2029 Ει
2406 1982 2489 2042 ιιι,
2544 1992 2705 2047 puer,
2777 1977 3035 2046 propheta
3087 1978 3355 2033 Altissimi
3410 1993 3574 2033 voca-

1993 2063 2162 2120 beris.
2187 2064 2417 2122 Pmihis
2477 2068 2623 2123 enim
2661 2075 2789 2122 ante
2855 2066 3050 2123 faciem
3112 2069 3326 2123 Domini
3380 2083 3603 2139 parare,

1998 2154 2118 2210 vias
2157 2156 2278 2226 ejus
2302 2158 2367 2213 “.
2401 2177 2420 2212 ι
2456 2159 2532 2215 De
2556 2176 2664 2231 quo
2691 2168 2745 2216 et
2779 2160 2863 2215 his
2899 2161 3082 2218 verbis
3113 2164 3275 2217 etiam
3328 2163 3574 2234 loquitur

2001 2242 2256 2301 Salvator
2293 2265 2308 2302 :
2366 2266 2385 2301 ι
2432 2250 2528 2306 ille
2570 2258 2691 2305 erat
2751 2252 2973 2307 lucerna
3008 2255 3206 2308 ardens
3228 2262 3281 2309 et
3322 2255 3519 2309 lucens
3554 2271 3570 2320 ;

1992 2351 2089 2393 vos
2111 2348 2294 2394 autem
2361 2343 2624 2397 voluistis
2671 2344 2950 2398 exsultare
3000 2344 3065 2397 ad
3125 2344 3317 2398 horam
3351 2345 3403 2398 in
3453 2347 3573 2399 lucc

1993 2426 2111 2494 ejus
2125 2428 2201 2482 ”.
2230 2448 2249 2482 ι
2276 2428 2373 2484 Est
2395 2432 2538 2486 enim
2563 2431 2794 2500 jnstitiae
2826 2433 2907 2487 sol
2964 2440 3019 2487 et
3044 2433 3275 2487 veralux
3295 2432 3575 2489 Christus.

1993 2516 2179 2589 Neque
2216 2532 2298 2575 est
2350 2523 2496 2592 quod
2542 2525 2831 2594 utriusque
2866 2523 3230 2580 differentiam
3276 2525 3575 2598 investiga-

1994 2612 2063 2674 ri,
2101 2612 2187 2667 vel
2211 2629 2335 2667 cum
2367 2614 2472 2668 alia
2508 2614 2785 2680 conferri,
2820 2616 3217 2685 quantumlibet
3251 2618 3343 2671 illa
3396 2616 3574 2671 homi-

1994 2716 2124 2755 num
2165 2696 2433 2772 sap‘ien’tia
2454 2711 2509 2758 et
2544 2706 2662 2759 luce
2689 2704 2959 2770 abundet,
2995 2720 3157 2774 posse
3186 2714 3464 2776 putemus.

2063 2793 2138 2846 iis
2191 2802 2397 2857 autem,
2443 2796 2535 2865 qni
2593 2811 2747 2865 spem
2800 2795 3142 2865 abiecerunt,
3186 2795 3576 2853 consolationis

1996 2883 2214 2953 signum
2257 2886 2534 2954 proponit.
2574 2885 2709 2939 Cum
2754 2886 2901 2939 enim
2942 2885 2995 2939 in
3028 2886 3338 2952 soiitudine,
3373 2889 3473 2951 ait,
3502 2888 3577 2943 de

1996 2975 2323 3043 pmnitentia
2356 2975 2676 3029 concionari
2726 2991 2898 3030 vocem
2948 2976 3212 3041 audieris,
3255 2987 3385 3029 tunc
3419 2992 3573 3042 eum,

330 3077 509 3131 μενον.
557 3059 646 3122 Ὠς
678 3059 787 3113 ἀπὸ
813 3058 1087 3131 λεωφόρου
1110 3058 1168 3113 δὲ
1195 3059 1263 3112 τὰ
1290 3060 1388 3130 μὲν
1410 3059 1638 3130 ἐχούσης
1667 3061 1891 3135 ἀνάντη,

1996 3065 2596 3151 qni‘exspectabalur,
2662 3065 2855 3120 adesse
2915 3069 3176 3137 cogitato.
3251 3067 3571 3121 Sermonem

324 3154 394 3207 τὰ
418 3153 477 3205 δὲ
529 3151 705 3215 κοῖλα,
761 3152 853 3205 καὶ
880 3151 971 3205 διὰ
999 3150 1156 3205 τοῦτο
1197 3151 1587 3224 δυσπορεύτου,
1618 3155 1710 3208 τὸν
1731 3155 1892 3225 λόγον

325 3244 546 3317 εἴληφεν
573 3259 589 3274 ο
613 3245 734 3315 ἥτις
760 3244 826 3298 ἂν
853 3243 1063 3313 γένοιτο
1090 3245 1222 3298 λεία
1242 3284 1257 3311 ,
1288 3245 1397 3298 τῶν
1451 3246 1550 3317 μὲν
1600 3248 1895 3321 καθαιρου-

329 3337 508 3406 μένων
536 3335 704 3405 ὕψους
743 3336 771 3376 ¹ί
789 3352 804 3367 ⁸
836 3334 944 3391 τῶν
970 3336 1048 3401 δὲ,
1115 3336 1515 3408 πληρουμένων
1545 3339 1887 3410 κοιλότητας,

326 3428 485 3483 ὁποία
530 3428 619 3481 διὰ
671 3427 907 3498 Χριστοῦ
960 3428 1182 3496 γέγονεν
1214 3430 1248 3499 ή
1301 3431 1399 3500 τῆς
1422 3429 1703 3494 εὐσεϐείας
1725 3428 1902 3499 ὁδὸς,

327 3521 526 3583 ἄϐατος
581 3519 850 3590 πρότερον
901 3517 1007 3572 ὑπὸ
1086 3517 1196 3573 τῶν
1247 3520 1709 3591 κοσμοκρατόρων
1794 3518 1892 3575 τοῦ

331 3611 554 3675 σκότους
581 3610 905 3681 ὑπάρχουσα
930 3611 1053 3672 ταῖς
1079 3607 1341 3678 γεώδεσιν
1407 3610 1895 3677 ὲγκαταδησάντων

327 3702 475 3773 ἡμᾶς
498 3700 732 3771 ἡδοναῖς.
755 3698 950 3763 Δόξαν
974 3698 1031 3751 δὲ
1053 3697 1276 3766 Κυρίου
1314 3698 1472 3752 καλεῖ
1495 3700 1588 3752 τὸν
1631 3699 1779 3765 Υίὸν,
1817 3700 1894 3764 ὡς

329 3792 470 3861 ὑπὲρ
491 3793 673 3845 πᾶσαν
693 3789 822 3844 ὄντα
850 3789 950 3859 τὴν
970 3789 1147 3842 κτίσιν
1178 3789 1272 3844 καὶ
1300 3788 1404 3860 τῆς
1447 3789 1617 3860 αὐτῆς
1639 3781 1894 3861 θεότητος

330 3880 410 3947 τῷ
429 3881 662 3950 Πατέρι.
689 3879 862 3933 Τοῦτο
887 3878 944 3932 δὲ
970 3878 1065 3933 καὶ
1084 3879 1374 3951 γενόμενος
1402 3880 1710 3950 ἅνθρωπος
1725 3882 1895 3947 ἔδειξε

330 3971 758 4044 θαυματουργῶν
784 3970 896 4034 ἀεὶ,
917 3968 1014 4024 καὶ
1035 3970 1133 4041 τὴν
1165 3972 1343 4024 κτίσιν
1366 3970 1759 4041 μεταπλόνττων
1814 3972 1894 4043 τῷ

329 4064 554 4134 ῥήματι,
604 4062 897 4131 γενόμενος
949 4062 1085 4114 πᾶσι
1166 4063 1450 4132 σωτήριον,
1512 4063 1623 4118 τῶν
1683 4062 1895 4135 ἐννόμῳ

327 4153 530 4205 θυσιῶν
556 4152 828 4223 ἁμαρτίας
856 4152 1142 4224 καθαιρεῖν
1177 4154 1254 4224 μὴ
1314 4153 1654 4223 δυναμένων.
1692 4155 1783 4207 Ἐν
1833 4154 1893 4207 δὲ

326 4242 548 4313 Χριστῷ
604 4242 965 4313 τελειούμενοι
1015 4243 1094 4314 τῷ
1139 4243 1241 4313 τῆς
1295 4244 1571 4307 υἱοθεσίας
1619 4244 1892 4317 πνεύματι

324 4334 666 4405 τετιμήμεθα
696 4333 918 4398 πάντες,
955 4334 1019 4387 τό
1045 4350 1109 4402 τε
1128 4329 1265 4407 ἦκον
1293 4336 1374 4398 είς
1426 4334 1526 4407 τὴν
1551 4335 1652 4405 τῆς
1673 4338 1892 4406 χάριτος

1996 3155 2194 3210 deinde
2224 3164 2485 3225 tanquam
2518 3170 2548 3208 a
2584 3157 2685 3210 via-
2714 3155 2947 3225 publica:
2978 3159 3194 3211 ratione
3224 3158 3571 3226 aggreditur,

1996 3263 2119 3317 quae
2151 3262 2279 3302 mox
2310 3247 2504 3314 ardua,
2534 3263 2656 3303 mox
2682 3262 2838 3311 cava,
2886 3249 3120 3319 indeque
3155 3250 3395 3305 difﬁcilis
3423 3249 3575 3304 exsi-

1992 3340 2122 3406 stit;
2164 3353 2285 3408 quae
2309 3347 2496 3400 tamen
2533 3339 2675 3394 elata
2716 3340 2912 3409 partim
2948 3340 3326 3411 deprimendo,
3371 3342 3572 3412 partim

1990 3429 2256 3500 depressa
2306 3429 2625 3497 attollendo,
2658 3430 2823 3500 plana
2873 3439 2929 3486 et
2976 3430 3160 3487 facilis
3192 3432 3345 3487 reddi
3372 3430 3575 3503 queat:

1992 3521 2174 3592 qualis
2209 3537 2306 3590 per
2334 3520 2624 3577 Christum
2654 3524 2740 3576 via
2772 3523 2999 3592 pietatis
3022 3522 3133 3593 jam
3164 3524 3417 3588 exsistit;
3452 3540 3575 3594 qme

1992 3614 2140 3668 invia
2170 3615 2299 3667 olim
2329 3614 2398 3668 ab
2423 3613 2590 3682 hujus
2614 3615 2798 3669 saeculi
2827 3614 3175 3669 tenebrarum
3205 3616 3571 3684 potestatibus

1992 3702 2374 3767 obsidebatur,
2403 3717 2433 3756 a
2460 3704 2662 3772 quibus
2696 3702 2928 3757 terrenis
2961 3703 3334 3771 voluptatibus
3364 3704 3571 3774 alligati

1991 3806 2235 3846 eramus.
2271 3789 2510 3847 Gloriam
2561 3799 2743 3845 autem
2796 3789 3014 3845 Domini
3061 3790 3260 3846 Filium
3312 3795 3569 3862 appellat,

1993 3891 2256 3953 tanquam
2292 3883 2386 3952 qui
2418 3882 2602 3937 omnia
2632 3896 2661 3934 a
2692 3880 2804 3936 Deo
2837 3889 3022 3936 creata
3072 3884 3233 3953 longe
3275 3900 3568 3953 superans.

1991 3971 2239 4042 ejusdem
2279 3973 2352 4035 sit
2397 3988 2516 4025 cum
2571 3969 2736 4024 Patre
2781 3969 3110 4026 divinitatis.
3151 3972 3394 4042 ldipsum
3438 3988 3572 4028 vero
3682 3994 3686 3999 ν

1992 4066 2154 4120 etiam
2202 4062 2358 4118 homo
2402 4060 2582 4117 factus
2631 4063 2767 4117 satis
2818 4062 3094 4132 probavit,
3138 4078 3262 4117 cum
3303 4062 3570 4119 mirandis

1992 4156 2255 4228 operibus
2299 4170 2583 4227 nunquam
2624 4170 2735 4210 non
2782 4155 2970 4219 editis,
3011 4157 3276 4211 mundum
3323 4156 3486 4212 etiam
3536 4174 3569 4213 α

1993 4265 2053 4306 se
2089 4248 2396 4312 conditum,
2429 4254 2487 4300 ut
2529 4246 2748 4301 cunctis
2788 4253 2985 4300 auctor
3020 4247 3220 4302 salutis
3256 4247 3566 4315 evsisteret,

1993 4339 2161 4396 verbo
2203 4352 2307 4395 suo
2343 4336 2797 4405 transformavit;
2836 4336 2929 4406 qui
2965 4337 3133 4393 nullis
3170 4338 3223 4392 in
3259 4337 3373 4409 lege
3402 4340 3570 4394 sacri-

326 4423 557 4496 δωρεὰν,
587 4426 754 4478 πᾶσιν
781 4425 951 4495 αὐτὴν
981 4424 1332 4488 ἁπλώσαντος
1359 4425 1452 4478 τοῦ
1486 4425 1622 4478 Θεοῦ
1647 4442 1663 4456 ·
1691 4427 1741 4478 εί
1798 4426 1891 4479 καὶ¹

1997 4432 2140 4487 liciis
2178 4445 2208 4484 a
2248 4436 2601 4500 peccatorum
2652 4428 2773 4484 labe
2804 4427 3059 4482 mundari
3099 4432 3428 4500 purgarique
3466 4448 3568 4501 po-

327 4513 405 4584 τῷ
424 4516 521 4586 τῆς
541 4515 798 4577 ἀπιστίας
815 4516 993 4587 σκότῳ
1007 4516 1213 4588 ταύτην
1259 4516 1400 4580 τινὲς
1432 4517 1494 4571 οὐ
1523 4520 1889 4589 προσήκαντο.

325 4605 584 4675 Μηδὲνδὲ
623 4604 817 4677 ῐδιονῆ
859 4607 1239 4678 πεπλασμένον
1299 4608 1477 4676 λέγειν
1530 4610 1559 4661 ὁ
1610 4611 1893 4680 προφήτης

324 4696 654 4761 ἐπιδεικνὺς,
724 4697 874 4752 Θεοῦ
930 4698 1037 4752 τὸν
1087 4701 1276 4766 λόγον
1320 4698 1598 4755 ικάλεσεν.
1647 4701 1781 4754 Τίνα
1835 4701 1892 4755 δὲ

323 4786 523 4857 τρόπον
560 4787 678 4842 ἔστι
720 4790 785 4842 τὸ
821 4787 1125 4857 σωτήριον
1146 4789 1297 4845 ἰδεῖν
1322 4789 1428 4845 τοῦ
1459 4790 1627 4858 Θεοῦ,
1652 4791 1889 4846 διδάσκει

322 4880 733 4947 καταφρονῆσαι
784 4879 895 4931 δεῖν
943 4878 1053 4931 τῶν
1108 4880 1466 4949 φαινομένων,
1519 4876 1595 4943 ὡς
1645 4882 1893 4934 ἀστάτων

324 4965 494 5020 εἰπὼν
514 4968 611 5021 καὶ
642 4968 836 5022 θᾶττον
858 4969 1334 5038 μαραινομένων,
1367 4969 1633 5034 λαϐόντας
1662 4974 1740 5040 εἰς
1767 4973 1892 5026 νοῦν

321 5056 433 5110 τὸν
465 5058 613 5112 Θεοῦ
637 5059 824 5129 λόγον
860 5059 1020 5129 μόνον
1046 5059 1123 5123 ὡς
1167 5060 1253 5113 ἀεὶ
1290 5060 1488 5125 ζῶντα,
1520 5060 1616 5114 καὶ
1642 5061 1887 5131 μένοντα,

323 5148 418 5201 καὶ
465 5148 725 5219 πρόξενον
767 5150 897 5203 ὅντα
919 5150 1015 5220 τῆς
1066 5151 1285 5204 αίωνίου
1328 5150 1494 5221 ζωῆς.
1522 5152 1779 5215 Εἴποιςδ⁹
1824 5153 1891 5205 ἂν

317 5234 486 5305 ,ῥῆμα
497 5239 718 5307 Κυρίου
745 5239 838 5293 καὶ⁵
864 5239 964 5310 τήν
979 5239 1197 5310 ἐντολὴν
1217 5239 1313 5311 τὴν
1336 5240 1501 5294 αὑτοῦ
1527 5240 1621 5294 τοῦ
1642 5241 1791 5312 Σωτῆ
1801 5259 1889 5312 ρος

322 5328 566 5393 εἰπόντος
584 5347 599 5359 ο
638 5348 658 5382 ι
702 5330 875 5403 ’Δμὴν
899 5331 1043 5401 λέγω
1068 5331 1217 5403 ὑμῖν,
1239 5331 1336 5385 ὲάν
1350 5348 1436 5395 τις
1454 5332 1547 5386 τὸν
1574 5333 1705 5403 ἐμὸν
1733 5332 1888 5401 λόγον

1998 4527 2161 4573 terat.
2194 4506 2263 4571 At
2290 4517 2402 4586 jam
2438 4516 2493 4569 in
2526 4514 2747 4571 Christo
2777 4514 3001 4585 perfecti
3033 4516 3344 4587 adoptionis
3372 4520 3567 4589 spiritu

1996 4619 2187 4660 omnes
2214 4605 2577 4669 honoramur,
2614 4605 2745 4670 Deo,
2781 4614 3046 4674 quantum
3076 4606 3131 4660 in
3164 4622 3224 4662 se
3251 4618 3354 4671 cst.
3391 4609 3568 4677 ipsum

1995 4698 2185 4767 gratiae
2232 4711 2436 4751 munus
2482 4696 2739 4751 omnibus
2784 4695 3050 4753 oliercnte
3104 4707 3159 4753 et
3206 4699 3569 4766 obtrudcnte,

1995 4787 2126 4843 licet
2165 4787 2509 4842 infidelitatis
2543 4788 2783 4844 tenebris
2816 4788 3083 4843 obcaecati
3124 4793 3375 4847 nonnulli
3409 4808 3568 4849 acce-

1994 4880 2124 4935 dere
2168 4880 2463 4935 noluerint.
2497 4881 2574 4935 Ac
2607 4896 2673 4935 ne
2716 4880 2847 4950 quid
2884 4896 2951 4936 ex
2983 4886 3205 4952 proprio
3232 4901 3421 4947 sensu,
3486 4887 3570 4941 vcl

1994 4968 2176 5023 fictum
2211 4969 2407 5024 afferre
2433 4970 2701 5040 pr0pheta
2726 4971 3022 5036 videretur,
3051 4976 3195 5042 quod
3226 4976 3324 5039 ait,
3358 4977 3567 5030 rerbam

1997 5059 2096 5114 Dei
2130 5059 2458 5113 nominavit.
2498 5056 2750 5115 Ostendit
2798 5076 2929 5115 vero
2971 5063 3174 5131 quibus
3212 5064 3392 5118 modis
3425 5065 3569 5117 sala-

1992 5160 2108 5204 tare
2138 5149 2300 5221 M2
2336 5149 2432 5202 Dei
2481 5150 2655 5205 ridere
2702 5151 2889 5217 liceat,
2928 5167 3052 5206 cum
3085 5168 3208 5223 quae
3239 5157 3416 5229 oculis
3447 5156 3566 5209 sab-

1992 5239 2284 5308 jiciuntnr,
2338 5245 2601 5305 tanquam
2646 5238 2856 5292 incerta
2894 5240 3235 5310 celeriusque
3274 5244 3568 5297 arescentia

1997 5328 2314 5399 despicere;
2376 5325 2590 5380 verbum
2645 5335 2828 5382 autem
2870 5326 3006 5413 Dei‘,
3065 5337 3327 5401 tanquam
3381 5332 3564 5387 vivum

246 5506 266 5514 ”
376 5482 655 5563 Δδ’δίιεινιιιι.
682 5521 746 5573 ιι,
781 5505 870 5562 15.
945 5468 1373 5582 ⁸⁸,Ρεσι.οιι,8,
1415 5509 1468 5565 9.
1545 5510 1591 5542 ⁸⁸
1614 5510 1745 5565 ibid.
1787 5509 1876 5565 10.

2035 5506 2169 5563 ibid.
2244 5505 2290 5538 ιε
2327 5462 2533 5572 ιιιρίι,
2564 5504 2651 5560 76.
2728 5506 2772 5541 ιθ
2808 5506 2968 5564 Joan.
2995 5524 3047 5579 v,
3087 5512 3175 5568 '55.

1618 5624 1851 5681 VAle
1888 5617 2290 5681 LECTIONES.

397 5699 425 5739 ¹ί
453 5727 542 5780 rp.
567 5711 724 5783 ὕψος.
