4032 6218
436 213 579 281 2339

1751 213 2097 274 PROCOI‘II
2125 214 2365 275 ΟΑΖεΕῙ

3526 218 3678 280 ΞἹᾹΟ

436 335 671 390 semper,
702 332 1022 389 semperque
1069 332 1317 381 manens.
1373 320 1538 374 vitam
1583 319 1819 391 denique
1869 339 2005 377 sem-

2111 325 2347 395 τηρήσῃ,
2386 324 2611 377 θάνατον
2642 324 2701 377 ού
2739 326 2815 395 μὴ
2849 325 2932 397 ἴδη
2960 328 3038 389 εἰς
3096 326 3185 379 τὸν
3242 328 3432 384 αἰῶνα.
3474 351 3492 381 ι
3526 333 3691 397 Τινὲς

437 415 703 482 piternam
757 411 1026 469 atterens.
1072 417 1189 463 toto
1237 411 1455 473 animo,
1505 413 1748 482 totisque
1795 414 2008 467 viribus

437 503 685 571 amplecti
727 501 880 555 dicit.
906 500 1064 554 Dicas
1083 510 1134 554 et
1152 511 1287 553 verm
1325 509 1415 554 lle:
1442 503 1664 557 nomine
1709 501 2008 558 Salvatoris

436 601 708 664 praecepta
757 592 1081 663 signiﬁcari,
1114 594 1205 661 qui
1248 592 1324 645 ait
1408 612 1426 644 ι
1465 594 1844 662 Amcn,amen
1885 594 2008 649 dico

416 684 613 755 vobis,
647 684 691 738 si
722 684 846 753 quis
874 698 1181 738 sermonem
1216 700 1391 737 meum
1421 686 1742 749 servaverit,
1776 694 2005 739 mortem

436 791 545 832 non
600 776 804 829 videbit
856 776 910 829 in
956 782 1224 829 :eternum
1260 775 1328 828 ”.
1374 794 1392 826 ι
1439 774 1643 829 Volunt
1693 777 1818 830 item
1870 792 2008 829 non-

435 868 568 922 nulli
620 869 943 938 prophetam
986 867 1188 936 ipsum,
1231 877 1490 936 tanquam
1538 868 1677 921 elata
1713 883 1845 922 voce
1887 883 2010 937 per-

433 968 722 1013 venturam
763 959 827 1012 ad
865 973 1057 1012 omnes
1087 958 1321 1027 gratiam
1366 959 1693 1012 denuntiare
1727 957 2005 1025 iubeatur,

434 1051 610 1121 gentis
641 1064 754 1104 sua:
788 1050 1142 1104 miseratione
1178 1057 1539 1111 commotum,
1573 1064 1695 1115 quae
1727 1050 1861 1102 nihil
1900 1048 2006 1118 iam

434 1157 545 1194 non
574 1139 751 1194 solum
779 1139 1063 1203 eximium,
1094 1147 1153 1191 ut
1178 1138 1332 1202 olim,
1359 1153 1481 1190 cum
1514 1138 1604 1191 Dei
1632 1153 1752 1192 sors
1774 1138 2007 1192 exsiste-

436 1243 536 1293 ret,
588 1231 845 1286 habitura
898 1229 1003 1295 sit,
1063 1230 1156 1283 sed
1209 1229 1370 1297 hujus
1427 1231 1590 1283 etiam
1636 1230 1820 1299 gloria:
1866 1231 2008 1283 bono

434 1322 674 1376 caritura
695 1363 708 1385 ,
743 1320 866 1390 quid
916 1321 1149 1373 clamare
1173 1327 1425 1389 oporteat
1454 1319 1770 1389 postulare,
1798 1320 2011 1388 ipsique

436 1414 625 1479 Deum,
674 1429 798 1467 cum
852 1421 1060 1464 tantam
1112 1413 1344 1481 gratiam
1398 1426 1594 1479 capere
1638 1427 1745 1464 non
1800 1421 2007 1480 posset,

435 1502 619 1556 Omnis
650 1501 801 1554 homo
829 1500 1028 1568 feriunt,
1062 1498 1417 1566 restiondere.
1446 1497 1633 1566 Neque
1664 1497 1808 1551 enim
1842 1506 1896 1551 et
1925 1505 2004 1561 tu,

432 1594 530 1660 ait,
567 1594 657 1663 qui
717 1593 1009 1645 verborum
1068 1604 1315 1643 meorum
1383 1589 1695 1643 ministerio
1757 1588 2009 1643 addictus

430 1692 667 1738 mentem
691 1682 839 1753 geris
866 1697 1031 1735 carne
1059 1681 1436 1746 obscuratum,
1462 1695 1662 1748 capere
1684 1680 1883 1749 possis.
1905 1679 2009 1733 Sed

2110 413 2164 465 δέ
2204 431 2385 481 φασιν,
2422 413 2497 478 ὡς
2526 416 2886 485 προσταχθεὶς
2927 421 2955 473 ὁ
2987 419 3270 489 προφήτης
3299 420 3537 490 κηρύξαι
3579 440 3688 490 με-

2110 504 2437 573 γαλοφὼνως
2498 506 2595 576 τὴν
2651 507 2730 569 εἰς
2760 508 2970 571 πάντας
3048 508 3286 579 ἥξουσαν
3327 512 3507 580 χάριν,
3542 513 3684 584 ,ἀπὸ

2112 596 2455 663 συμπαθείας
2474 597 2574 665 τῆς
2604 598 2739 668 πρὸς
2772 598 2832 651 τὸ
2862 598 3012 662 ἔθνος
3055 600 3269 665 ἐαυτοῦ,
3323 602 3490 670 μηδὲν
3534 603 3688 672 ἔχειν

2109 684 2382 755 ἐξαιρετὸν
2408 687 2710 756 μέλλοντος,
2745 687 2820 750 ὡς
2851 689 3011 760 ἡνίκα
3036 689 3238 760 κλῆρος
3289 689 3501 761 ὑπῆρχε
3518 692 3683 755 Θεοῦ,

2109 776 2414 845 ἀποϐλητοῦ
2446 777 2501 829 δὲ
2539 777 2639 846 τῆς
2662 777 2913 847 τοιαύτης
2941 779 3200 848 ἐσομένου
3233 781 3396 849 τιμῆς
3425 783 3690 845 ἐκκοπεὶς

2108 865 2206 936 τὴν
2237 867 2493 933 διάνοιαν,
2529 869 2586 922 τί
2612 867 2735 921 δέοι
2757 868 3018 933 ,βοήσειν
3044 869 3252 938 ἔλεγεν.
3306 869 3423 938 Ἐφ’
3451 866 3531 934 οἷς
3548 872 3688 936 Θεὸς

2108 955 2206 1026 τὴν
2279 957 2545 1026 τοσαύτην
2616 956 2689 1028 μὴ
2742 958 3049 1027 χωρήσαντι
3097 959 3255 1028 χάριν
3314 960 3448 1029 φησὶ
3480 999 3494 1022 ,
3559 962 3690 1027 Πᾶς

2110 1048 2421 1114 ἅνθρωπος
2457 1050 2688 1116 χόρτος.
2721 1050 2827 1102 Καὶ
2859 1050 2921 1101 σὺ
2953 1049 3082 1119 γὰρ,
3116 1050 3302 1119 φησιν,
3330 1054 3359 1104 ὁ
3389 1055 3501 1115 τοῖς
3530 1055 3691 1122 ἐμοῖς

2109 1138 2523 1207 διακονούμενος
2553 1142 2813 1212 ῥήμασιν,
2848 1139 2951 1191 ὑπὸ
2991 1140 3090 1209 τῆς
3152 1141 3354 1211 σαρκὸς
3404 1143 3493 1194 τὸν
3557 1143 3690 1195 νοῦν

2110 1228 2579 1298 ἐπισκιαζόμενος,
2616 1232 2814 1300 χωρεῖν
2856 1230 2978 1282 οὐδὲ
3022 1229 3244 1301 δυνήσῃ.
3299 1232 3446 1303 Πλὴν
3504 1236 3689 1297 πᾶσα,

2111 1316 2293 1385 φησὶν,
2325 1314 2586 1384 ὑπόληψις
2610 1315 2922 1386 ἀνθρωπίνη
2981 1317 3190 1385 ταχέως
3214 1318 3571 1389 παυοήσεται,
3636 1324 3691 1372 οἱ

2110 1406 2233 1474 ἐμοὶ
2261 1404 2317 1457 δέ
2348 1408 2475 1475 περὶ
2509 1406 2607 1475 τῆς
2641 1406 2719 1467 εἰς
2744 1406 2952 1468 πάντας
3003 1407 3222 1477 χάριτος
3265 1412 3691 1479 κυρωοήσονται

2110 1494 2277 1563 λόγοι.
2311 1495 2481 1549 Τοῦτο
2510 1499 2603 1549 καὶ⁵
2635 1496 2847 1560 Παῦλος
2873 1499 3071 1568 νοήσας
3105 1498 3288 1567 ἔλεγεν
3327 1516 3341 1529 ·
3381 1519 3398 1551 ι
3434 1502 3497 1553 Ὢ
3518 1501 3690 1570 βάθος

2112 1587 2342 1640 πλούτου
2372 1588 2464 1640 καὶ
2527 1588 2749 1657 σοφίαςί
2785 1608 2803 1639 ι
2864 1589 3166 1659 Τοιγαροῦν
3220 1591 3479 1655 ἐπιλύσας
3530 1594 3692 1663 αὐτῷ

2116 1677 2215 1747 τὴν
2236 1678 2588 1747 ἀμφιϐολίαν,
2620 1680 2711 1746 ἀφ’
2748 1678 2916 1748 ὕψους
2941 1679 3041 1749 τῆς
3069 1680 3325 1746 ’διανοίας
3355 1683 3548 1753 mea;
3583 1703 3694 1756 γη-

431 1774 761 1838 omuis,ait,
805 1773 1214 1842 quamprimum
1263 1772 1499 1825 humana
1545 1771 2005 1839 cessabitopinio;

2127 1769 2282 1839 ρῦξαι
2314 1770 2769 1839 παρακελεύεται.

432 1884 589 1923 meus
607 1866 867 1921 antemde
883 1865 1126 1933 gratiain
1155 1879 1346 1917 omnes
1362 1879 1541 1918 sermo
1609 1862 2041 1919 eonﬁrmabitur.
2078 1862 2234 1931 Quod
2259 1876 2384 1916 cum
2432 1863 2599 1931 probe
2644 1865 2966 1934 intelligeret
2995 1863 3194 1919 Paulus
3231 1884 3244 1919 :
3281 1885 3299 1916 ι
3357 1865 3402 1920 Ο
3450 1866 3649 1921 altitud
3676 1888 3692 1920 ι

397 1985 401 1988 -
432 1961 745 2015 divitiarum
768 1968 817 2011 et
838 1954 1147 2025 sapientia)!
1180 1974 1197 2006 ›
1256 1955 1575 2008 exclamans
1611 1953 1751 2007 dixit
1784 1954 1852 2007 ⁵¹.
1884 1953 2104 2012 Sublata
2123 1955 2291 2026 igitur
2308 1956 2582 2025 propheta:
2601 1955 3091 2027 dubitatione,quae
3112 1972 3326 2011 sunnua
3349 1959 3689 2029 cogitatione

431 2052 699 2124 percepit,
722 2050 790 2102 ab
816 2049 1036 2103 excelso
1061 2047 1259 2102 mentis
1273 2045 1707 2114 deincepsjubet
1724 2045 2081 2100 annuntiare.

504 2145 664 2218 443
700 2144 865 2197 Vsus.
908 2142 1068 2198 9-26.
1099 2142 1267 2209 Super
1308 2150 1532 2194 montem
1586 2143 1855 2194 excelsum
1917 2155 2009 2193 as-

432 2238 612 2299 cende,
638 2238 726 2307 qui
772 2235 1097 2305 evangelizas
1136 2232 1286 2287 Sion.
1338 2232 1539 2286 Exalta
1595 2232 1647 2284 in
1701 2231 2012 2300 fortitudine

434 2345 606 2384 vocem
643 2337 807 2392 tuam,
853 2327 943 2396 qui
991 2324 1318 2394 evangelizas
1374 2323 1699 2378 Jerusalem.
1746 2323 2008 2385 Attollite,

435 2420 596 2475 nolite
633 2422 837 2473 timere.
865 2416 1035 2470 Dicite
1057 2417 1357 2477 civitatibus
1385 2413 1532 2467 Jutla
1561 2431 1578 2468 :
1613 2414 1747 2467 Ecce
1772 2414 1912 2467 Deus
1932 2430 2013 2468 ve-

435 2523 580 2574 ster;
619 2528 733 2566 ecce
770 2510 1030 2563 Dominus
1091 2524 1208 2561 cum
1241 2507 1555 2575 fortitudine
1598 2511 1757 2573 venit,
1803 2516 1852 2560 et
1892 2506 2012 2559 bra-

434 2601 609 2654 chium
667 2599 780 2668 ejus
838 2613 956 2651 cum
1006 2596 1389 2651 dominatione.
1445 2596 1581 2650 Ecce
1638 2612 1834 2651 merces
1899 2596 2011 2664 ejus

435 2707 552 2744 cum
580 2706 661 2754 eo,
689 2697 795 2742 etc.

502 2777 668 2853 444
693 2776 896 2832 Ordine
938 2776 1072 2846 jam,
1106 2784 1393 2846 postquam
1427 2776 1494 2831 de
1528 2791 1661 2831 voce
1709 2777 1763 2830 in
1818 2776 2011 2831 solitus

435 2870 563 2926 dine
600 2870 871 2924 clamante
910 2867 1202 2931 disseruit;
1243 2866 1307 2919 ad
1355 2867 1722 2937 evangelistas
1775 2864 2012 2919 Christi-

436 2978 541 3030 que
572 2961 861 3015 adventum
895 2958 1112 3013 transit.
1143 2957 1343 3011 Locum
1374 2974 1501 3012 vero
1537 2959 1681 3010 hunc
1707 2958 1759 3009 in
1782 2956 2000 3009 modum

438 3052 836 3118 interpretatur
862 3048 1063 3117 Aquila
1095 3065 1109 3101 :
1150 3046 1213 3100 In
1262 3058 1486 3100 montem
1518 3048 1782 3100 excelsum
1818 3054 2000 3098 ascen-

2182 2138 2356 2206 θ-κς’.
2401 2140 2518 2192 Ἐπ’
2549 2140 2686 2207 ὅρος
2739 2140 2983 2208 ὑψηλὸν
3029 2140 3297 2208 ἀνάϐηθι,
3358 2144 3391 2194 ό
3430 2143 3688 2210 enarre-

2109 2232 2413 2302 λιζόμειὊς
2434 2232 2604 2286 Σιών.
2633 2232 2925 2301 "Td-«uror
2975 2232 3044 2285 ἐν
3098 2234 3272 2300 ἰσχύϊ
3309 2231 3423 2300 τὴν
3468 2234 3688 2302 φωνήν

2111 2340 2248 2391 σου,
2275 2327 2306 2377 ό
2337 2323 3299 2394 εὐαγγελιζῗμενοςἸερουσαλήμ.
3346 2326 3681 2393 ’Υψώσιιτεο

2103 2415 2190 2485 μὴ
2221 2416 2519 2484 φοϐεῖσθε.
2556 2413 2744 2470 Εἶπον
2790 2417 2917 2483 ταῖς
2974 2418 3232 2470 ,πόλεσιν
3269 2418 3487 2486 Ἰούδαο
3528 2418 3681 2471 Ἰδοὺ

2113 2507 2258 2573 Θεὸς
2305 2511 2337 2560 d
2364 2506 2549 2577 ὑμῶν,
2587 2508 2715 2561 ἰδοὺ
2758 2509 2988 2575 Κύριος.
3031 2510 3239 2575 Κύριος
3289 2508 3438 2577 μετὰ
3464 2511 3675 2577 ἰσχύος

2108 2596 2362 2665 ἔρχεται,
2420 2596 2514 2649 καὶ
2567 2600 2599 2650 ό
2645 2596 2917 2664 βραχίων
2967 2597 3116 2665 μετὰ
3162 2599 3389 2666 κυρίας,
3434 2598 3587 2653 Ἰδοὺ
3644 2601 3682 2654 δ

2104 2688 2321 2757 μισθὸς
2352 2689 2716 2761 αὑτοῦιμετὰ
2748 2688 2953 2755 αὐτοῦ,
2986 2706 3038 2742 κ.
3078 2707 3129 2743 τ.
3163 2690 3213 2742 λ.
3248 2759 3265 2765 Ἀ

2192 2780 2523 2843 Ἀκολούοως
2554 2780 2690 2850 μετὰ
2712 2780 2812 2852 τὴν
2844 2781 2900 2834 ἐν
2922 2783 2988 2851 τῇ
3026 2782 3217 2851 ἐρήμῳ
3241 2781 3448 2851 βοῶσαν
3463 2782 3671 2851 φωνὴν,

2110 2869 2176 2923 τὰ
2209 2870 2337 2942 περὶ
2374 2871 2480 2923 τῶν
2517 2871 2916 2938 εύαγγελιστῶν
2944 2873 3039 2924 καὶ
3095 2876 3191 2940 τῆς
3222 2872 3457 2942 Χριστοῦ
3472 2888 3681 2942 παρου-

2113 2960 2232 3023 σίας
2295 2962 2591 3031 ἐπήγαγεν.
2627 2961 2687 3014 '0
2746 2961 2802 3014 δὲ
2850 2961 3080 3022 Ἀκύλας
3128 2961 3292 3032 φησίν
3328 2960 3481 3013 ’Ἐπ’
3536 2962 3670 3029 ὄρος

2107 3052 2354 3118 ὑψηλὸν
2427 3052 2699 3118 ἀνάϐηθι,
2738 3051 2925 3119 ἑαυτῇ
2969 3050 3459 3121 εὐαγγελιζομέιη
3496 3052 3673 3104 Σιών.

436 3142 522 3207 de,
548 3157 663 3212 qua:
684 3140 777 3193 tibi
809 3140 907 3206 ipsi
936 3138 1282 3208 evtingelizas,
1310 3139 1471 3201 Sion;
1494 3147 1540 3190 et
1567 3137 1747 3189 attolle
1794 3136 2004 3203 fortiter

2108 3140 2215 3193 Kal
2259 3139 2494 3208 ἐπείρων
2529 3139 2833 3210 ιὶσχυρῶς
2862 3141 2978 3209 τὴν
3039 3142 3676 3210 φωνὴνβὺαγτελισα-

437 3246 763 3299 vocem,quw
791 3228 1139 3297 euangelizas,
1166 3226 1485 3280 Jerusalem.
1517 3226 1823 3295 Cancrique
1849 3226 2002 3279 sinti-

437 3322 583 3386 liter,
613 3328 870 3388 tanquam
900 3317 967 3371 ad
1004 3332 1090 3371 res
1123 3316 1417 3379 animatas,
1450 3314 1753 3369 Jerusalem
1790 3322 1846 3368 et
1882 3314 2004 3367 Sio-

437 3428 585 3477 nem,
622 3425 928 3467 sermonem
963 3409 1225 3479 dirigunt.
1265 3405 1333 3460 In
1384 3422 1538 3477 quem
1594 3421 1726 3460 vero
1774 3416 2002 3460 montem

438 3502 680 3559 ascendet
719 3501 868 3566 Sion,
908 3516 1024 3554 cum
1052 3508 1102 3553 et
1130 3500 1237 3566 ipse
1264 3514 1412 3552 mons
1445 3497 1689 3551 dicatur?
1748 3496 2002 3566 Legimus

437 3595 628 3648 enim:
673 3610 692 3643 ι
742 3592 896 3647 Mons
948 3591 1099 3656 Sion,
1142 3590 1195 3643 in
1245 3604 1355 3659 quo
1412 3588 1667 3643 habitasti
1696 3588 1765 3642 ".
1813 3605 1833 3639 ι
1896 3586 1999 3642 Et:

443 3704 463 3738 ι
501 3686 618 3741 Non
663 3686 806 3739 enim
839 3683 1151 3738 accessistis
1189 3681 1257 3735 ad
1296 3691 1534 3735 montem
1576 3680 1708 3733 Sion
1741 3682 1807 3733 ⁵³.
1843 3697 1862 3729 ›
1911 3678 2001 3733 Vi-

439 3779 598 3832 detur
636 3776 797 3846 igitur
832 3775 1202 3844 apostolorum
1229 3774 1456 3827 chorum
1492 3772 1824 3841 signiﬁcare,
1857 3786 1998 3840 quos

440 3878 595 3924 antea
623 3883 717 3922 cor
753 3867 1076 3930 Jerusalem,
1102 3875 1355 3935 tanquam
1383 3878 1413 3918 e
1440 3864 1770 3919 circumciso
1799 3864 2001 3934 populo

437 3962 669 4016 eximios
705 3962 917 4030 aliquos
953 3959 1073 4013 ideo
1108 3959 1419 4028 appellavit,
1449 3955 1595 4026 quod
1634 3956 1728 4010 Dei
1760 3958 2001 4012 salutare

438 4054 638 4122 adepti,
676 4052 942 4107 sublimes
972 4051 1162 4118 aliqui,
1199 4048 1599 4118 unigenitoquc
1632 4049 1841 4103 similes
1874 4065 2003 4103 eva—

438 4146 659 4209 sissent,
690 4144 781 4213 qui
826 4160 973 4197 mons
1006 4157 1130 4197 esse
1183 4158 1403 4212 quoque
1440 4143 1642 4197 dicitur
1694 4157 1710 4193 :
1746 4142 1800 4194 in
1851 4156 2002 4210 quem

437 4237 734 4299 ascendere,
760 4237 1074 4305 Christique
1109 4235 1401 4289 adventum
1444 4235 1816 4304 promulgare,
1863 4232 1999 4286 nihil

436 4330 692 4397 denique,
732 4327 1135 4398 quantumlibet
1177 4326 1466 4394 insurgant
1516 4324 1705 4392 aliqui,
1758 4330 2002 4377 metuere

432 4422 693 4492 iubentur
724 4437 738 4473 :
771 4419 819 4473 id
844 4428 948 4483 est,
982 4434 1089 4470 non
1120 4418 1282 4481 clam,
1309 4418 1401 4471 sed
1430 4416 1677 4485 publice,
1700 4430 1808 4469 non
1841 4414 2002 4468 unius

2103 3229 2259 3299 μένη
2298 3231 2715 3300 Ἰερουσαλήμ.
2751 3234 2854 3286 Καὶ
2871 3235 2919 3285 οἱ
2946 3233 3124 3285 λοιποὶ
3156 3233 3211 3285 δέ
3242 3232 3564 3302 συμφώνως,
3595 3233 3676 3295 ὡς

2110 3324 2244 3392 πρὸς
2270 3322 2510 3393 ἔμψυχον
2538 3323 2638 3394 τὴν
2678 3324 3029 3395 Ἰερουσαλὴμ
3077 3326 3169 3377 καὶ
3215 3325 3312 3394 τὴν
3352 3323 3485 3377 Σιὼν
3534 3324 3680 3377 ἀπο.

2109 3416 2389 3469 τείνονται.
2429 3416 2558 3469 Ἐπὶ
2587 3414 2761 3469 ποῖον
2798 3412 2911 3471 οὖν
2957 3416 3191 3469 ἄνεισιν
3228 3416 3365 3482 ὄρος
3399 3415 3438 3482 ή
3497 3415 3676 3493 Σιὼν,

2109 3507 2148 3575 ἡ
2177 3507 2274 3560 καὶ
2298 3506 2450 3576 αὑτὴ
2479 3507 2615 3574 ὅρος
2650 3507 2934 3577 λεχθεῖσα
2952 3526 2971 3573 ;
3021 3507 3162 3561 κατὰ
3192 3508 3270 3572 τὸ,
3300 3526 3319 3560 ι
3355 3508 3516 3578 Ὄρος
3534 3508 3680 3562 Σιὼν

2108 3596 2266 3650 τοῦτο
2309 3597 2337 3649 ὃ
2384 3600 2806 3669 κατεσκήνωσας
2837 3599 2895 3653 ἐν
2951 3598 3121 3668 αὐτῷ.
3165 3619 3184 3650 ι
3220 3600 3347 3661 Καὶ,
3384 3617 3402 3648 ι
3431 3597 3505 3652 Οὐ
3561 3601 3675 3666 γὰρ

2109 3688 2542 3759 προσεληλύθατε
2574 3692 2710 3743 Σιὼν
2766 3691 2904 3760 ὄρει.
2947 3709 2965 3741 ι
3011 3691 3194 3744 Ἔοικε
3260 3692 3438 3743 τοίνυν
3473 3691 3674 3760 δηλοῦν

2107 3779 2199 3831 τὸν
2255 3780 2361 3832 τῶν
2429 3780 2739 3833 ἀποστόλων
2800 3774 2981 3850 χορὸν,
3007 3780 3101 3843 οὓς
3141 3782 3234 3833 καὶ
3281 3781 3393 3834 ἄνω
3446 3782 3677 3851 καρδίαν

2108 3868 2304 3939 ἔφησεν
2321 3869 2691 3941 Ἰερουσαλὴμ,
2714 3872 2788 3934 ὡς
2822 3872 2886 3923 ἂν
2900 3872 2962 3924 ἐκ
2990 3871 3083 3924 τοῦ
3113 3874 3177 3924 ἐκ
3203 3872 3499 3942 περιτομῆς
3528 3872 3677 3936 ἐξει-

2108 3956 2370 4026 λεγμένου
2406 3958 2556 4024 λαοῦ,
2590 3959 2639 4012 οἳ
2697 3959 2878 4013 καὶτὸ
2925 3964 3188 4032 σωτήριον
3221 3961 3313 4014 τοῦ
3363 3962 3495 4014 Θεοῦ
3528 3980 3676 4033 παρ-

2108 4047 2354 4112 εδέξαντο
2412 4050 2710 4120 ἐπηρμένοι
2738 4051 2882 4113 τινὲς
2936 4050 3111 4114 ὄντες,
3163 4052 3258 4105 καὶ⁵
3288 4052 3366 4122 τῷ
3396 4057 3680 4121 μονογενεῖ

2108 4140 2573 4211 παρεικασθέντες
2603 4143 2724 4209 ὄρει
2745 4144 2838 4197 καὶ
2884 4143 3032 4212 αὐτῷ
3081 4144 3465 4214 χρηματίζοντι
3498 4159 3512 4174 .
3578 4143 3677 4212 ἐφ.

2109 4229 2181 4283 ὃν
2207 4231 2437 4285 ἀνιέναι
2464 4231 2796 4297 κελεύονται,
2827 4234 2919 4287 τοῦ
2951 4235 3188 4304 Χριστοῦ
3220 4235 3317 4305 τὴν
3371 4237 3679 4306 παρουσίαν

2108 4319 2463 4389 κηρύξοντες,
2490 4321 2592 4375 κᾶν
2620 4339 2763 4384 τινες
2790 4323 3157 4386 ἐπαναστῶσι,
3204 4323 3427 4377 δεδιέναι
3460 4323 3629 4394 μηδέν
3659 4339 3674 4352 ⁸

2108 4409 2273 4480 ἤγουν
2308 4412 2382 4480 μὴ
2404 4409 2579 4483 λάθρα
2610 4412 2879 4465 διδάσκειν
2922 4414 3155 4478 κελεύει,
3216 4415 3560 4485 δημοσιεύειν
3619 4417 3681 4470 δὲ

437 4521 492 4567 et
523 4512 746 4565 alterius
765 4519 997 4572 tantum,
1023 4508 1119 4563 sed
1137 4508 1378 4561 omnium
1398 4507 1624 4560 auribus
1646 4505 1998 4573 Evangelium

2108 4500 2179 4552 ἰδ’
2197 4502 2479 4572 κήρυγμα,
2539 4504 2634 4556 καὶ
2678 4505 2901 4573 ποιῆσαι
2936 4507 3100 4559 πᾶσιν
3131 4506 3472 4571 ἐξάκουστον,
3531 4508 3680 4560 κατὰ

438 4616 758 4671 personare,
785 4599 938 4667 juxta
981 4597 1111 4650 illud
1144 4614 1158 4649 :
1201 4614 1221 4647 ι
1250 4594 1403 4660 Quod
1436 4597 1490 4647 in
1525 4609 1659 4648 aure
1682 4592 1904 4657 auditis,
1944 4593 1998 4646 in

437 4690 597 4742 tectis
628 4695 947 4740 amiunttate
969 4685 1036 4738 “.
1068 4703 1087 4734 ι
1116 4685 1291 4753 Atque
1318 4684 1370 4736 id
1397 4684 1572 4751 ipsum
1597 4691 1747 4736 certe
1784 4684 2000 4751 prarsti-

438 4786 642 4836 terunt.
667 4793 787 4828 cum
813 4785 1034 4829 orantes
1064 4775 1322 4828 dixerunt
1348 4791 1363 4826 :
1406 4792 1425 4824 ι
1462 4771 1529 4825 Et
1559 4788 1725 4835 nunc,
1755 4771 1999 4836 Domine,

437 4872 648 4923 intuere
684 4868 734 4920 in
767 4866 928 4938 445
964 4867 1139 4920 minas
1170 4880 1360 4919 eorum
1398 4880 1412 4916 :
1451 4872 1504 4918 et
1557 4864 1623 4917 da
1679 4864 1851 4917 servis
1896 4864 2004 4918 tuis

434 4977 558 5017 cum
597 4961 844 5014 libertate
875 4958 1017 5029 loqui
1044 4958 1261 5011 verbum
1296 4964 1447 5010 tuum
1478 4956 1544 5010 ³⁸.
1588 4974 1607 5007 ι
1644 4953 1848 5009 Deinde
1869 4971 1997 5033 vero

437 5051 579 5123 quod
611 5067 725 5105 ecce
753 5052 910 5114 dixit,
955 5065 1062 5103 non
1095 5052 1252 5119 longe
1280 5048 1400 5117 ejus
1441 5048 1733 5102 adventum
1779 5047 1991 5110 abesse,

434 5144 527 5197 sed
574 5144 775 5198 instare
827 5141 1187 5195 demonstrat.
1240 5140 1402 5193 Jubet
1456 5139 1640 5208 itaque
1692 5139 1988 5191 civitatibus

434 5235 610 5300 Jndw,
639 5236 690 5289 id
714 5243 796 5292 est
824 5235 1112 5306 synagogis
1135 5274 1151 5301 ,
1185 5233 1482 5288 inclamare
1501 5246 1622 5285 eum
1653 5230 1831 5299 ipsum
1856 5246 1999 5297 esse,

549 5350 595 5379 "°
623 5348 778 5404 Joan.
820 5367 934 5417 vtn,
965 5350 1054 5404 5|.

437 5433 511 5482 Iv,
535 5418 627 5473 9.9.

2104 4591 2184 4657 τὸ,
2245 4609 2264 4643 ι
2309 4595 2374 4645 Ὃ
2407 4593 2632 4646 ἀκούετε
2695 4595 2777 4657 είς
2802 4595 2860 4647 τὸ
2914 4593 3031 4657 οῦς,
3093 4597 3189 4648 ἐπὶ
3244 4596 3354 4648 τῶν
3392 4596 3680 4666 ,δωμάτων

2109 4682 2403 4752 κηρύξατε.
2449 4703 2467 4736 ι
2518 4687 2583 4737 Ὃ
2606 4686 2701 4738 καλ⁵
2727 4686 2915 4755 ἔλεγον
2969 4687 3399 4757 προσευχόμενοι
3429 4703 3442 4717 ’
3481 4706 3500 4738 ι
3565 4689 3681 4740 Kal.

2109 4772 2225 4838 νῦν,
2262 4773 2457 4846 Κύριε,
2494 4775 2643 4829 ἔπιδε
2670 4777 2764 4829 ἐπὶ
2784 4778 2885 4842 τάς
2915 4778 3147 4842 ἀπειλάς
3208 4778 3407 4857 αὐτῶν,
3442 4780 3534 4831 καὶ
3584 4779 3679 4843 δδς

2111 4867 2221 4927 τοῖς
2246 4865 2450 4928 δούλοις
2477 4884 2571 4920 σου
2605 4867 2745 4936 μετὰ
2797 4870 3112 4939 παρρησίας
3170 4869 3346 4921 λαλεῖν
3394 4870 3485 4922 τὸν
3518 4869 3681 4935 λόγον

2104 4971 2252 5009 σου.»
2287 4958 2395 5011 Καὶ
2414 4959 2475 5011 τὸ
2497 4959 2624 5012 ἰδοὺ
2652 4959 2708 5012 δὲ
2732 4959 3086 5028 λέγων,φασὶ,
3111 4959 3172 5012 τὸ
3198 4959 3271 5029 μὴ
3299 4959 3435 5029 μετὰ
3457 4960 3682 5027 μακράν

2100 5046 2248 5115 ἥξειν
2269 5047 2437 5118 δηλοῖ,
2471 5052 2754 5118 μονονουχὶ
2781 5052 3006 5120 πλησίον
3036 5050 3162 5103 ὄντα
3219 5050 3448 5111 δεικνύς.
3471 5050 3682 5114 Ἦγουν

2097 5137 2223 5202 ταῖς
2250 5140 2691 5193 πόλεσινἹούδα
2710 5141 2920 5194 κελεύει
2948 5142 3095 5212 βοᾷν,
3119 5144 3238 5203 ταῖς
3260 5140 3463 5194 τούτων
3485 5139 3671 5207 δηλον·

2111 5232 2194 5284 ὁτι
2253 5232 2617 5297 συναγωγαῖς,
2677 5230 2754 5294 ὡς
2815 5225 2967 5294 οὗτος
3049 5234 3258 5294 ἐκεῖνος
3314 5232 3343 5283 ὁ
3398 5228 3680 5300 πρόπαλαι

1130 5348 1171 5380 δ’
1208 5348 1366 5404 llom.
1399 5363 1476 5413 ts,
1506 5346 1576 5401 '55
1650 5345 1694 5375 "
1730 5342 1876 5401 Psal.
1918 5322 2005 5407 ex:

2108 5349 2194 5406 .2.
2298 5348 2344 5380 ³³
2371 5346 2536 5404 Hebr.
2581 5347 2793 5415 xuﬂi.
2872 5348 2918 5381 “
2958 5348 3145 5403 Mazt’h.
3181 5365 3233 5415 χ,
3270 5346 3363 5404 ‘27.
3463 5349 3506 5381 ⁸⁸
3545 5355 3676 5402 Act.

1721 5509 1949 5565 VARUE
1988 5506 2385 5565 LECTIONES.

518 5597 535 5639 ι
566 5598 883 5669 γρηέπαρον
902 5635 915 5649 .
