4032 6218
373 270 509 336 23η

1496 283 2023 347 COMMENTARII
2060 285 2139 344 ΙΝ

2207 290 2232 346 Ι
2239 292 2465 353 SAIAM
2473 340 2486 353 .
3476 297 3616 362 2343

374 378 844 451 προσδοκώμενος,
876 388 1075 452 φωναῖς
1102 388 1269 457 ἁγίων
1295 394 1792 463 προκαταγγε).οεὶς
1822 412 1938 463 προ·

2058 395 2148 461 qui
2175 395 2376 451 diutum
2408 408 2775 470 exspectatus,
2805 406 3188 476 prophetarum
3217 408 3443 465 vocibus
3489 422 3619 466 ante

372 489 579 541 φητων.
764 500 791 519 ρ

453 564 542 616 Ἐν
571 564 753 634 ταυτῷ
789 565 845 617 δὲ
881 568 975 619 καὶ
1004 568 1101 639 τὴν
1127 572 1290 625 αὐτοῦ
1324 575 1628 645 παρουσίαν
1657 577 1942 645 ἐδήλωσεν,

363 651 515 721 μετὰ
552 653 826 723 μεγάλης
866 658 1081 725 ἰσχύος
1113 660 1283 726 ἥξειν
1325 665 1494 720 εἰπὼν
1531 667 1624 721 καὶ
1656 668 1945 737 κυριακῆς

368 745 710 812 αὐθεντίας,
731 748 818 800 ὅτε
842 749 978 818 πρὸς
1008 751 1078 805 τὰ
1103 752 1240 822 ἔργα
1270 756 1364 809 καὶ
1392 757 1483 809 τὸν
1516 757 1707 828 μισθὸν
1730 759 1944 829 ἑκάστῳ

367 835 686 905 παρέξεται.
724 838 993 911 Καθάπερ
1022 842 1197 911 ἔλεγε·
1239 864 1258 896 ι
1286 847 1484 901 Μέλλει
1513 850 1622 920 γὰρ
1649 851 1676 902 6
1702 850 1824 914 Υἱὸς
1848 851 1942 903 τοῦ

365 926 659 995 ἀνθρώπου
696 927 951 999 ἔρχεσθαι
981 934 1039 985 ὲν
1069 936 1134 1004 τῇ
1162 935 1289 1007 δόξῃ
1320 940 1416 991 τοῦ
1462 940 1705 1011 Πατὲρος
1754 942 1941 1008 αὑτοῦ,

368 1013 465 1066 καὶ
497 1014 768 1069 ἀποδώσει
817 1017 1031 1091 ἑκάστῳ
1077 1023 1219 1076 κατὰ
1249 1026 1317 1078 τὰ
1350 1027 1486 1096 ἔργα
1516 1029 1699 1085 αὑτοῦ.
1732 1049 1749 1081 ι
1783 1031 1945 1095 Τινὲς

364 1101 423 1156 δὲ
450 1105 544 1157 καὶ
579 1104 751 1158 ταῦτα
793 1108 886 1160 ἐπὶ
902 1110 1003 1180 τῆς
1033 1116 1304 1186 προτέρας
1335 1117 1585 1185 ἐδέξαντο
1615 1122 1940 1191 παρουσίας,

318 1195 329 1203 ⁸
364 1192 653 1247 δεικνύντα
693 1194 768 1266 μὴ
810 1198 935 1252 καθ’
957 1200 1052 1253 ἕνα
1096 1204 1206 1257 τῶν
1252 1208 1549 1277 προςητῶν
1578 1209 1729 1278 ἥξειν
1756 1211 1941 1276 αὑτὸν,

364 1284 417 1338 οἶ
446 1285 540 1337 καὶ
573 1285 1115 1360 θαυματουργοῦντες
1143 1294 1391 1366 ηὔχοντο.
1423 1299 1657 1367 Χριστὸς
1706 1300 1762 1353 δὲ
1810 1303 1944 1355 κατ’

366 1374 651 1428 αὑθεντίαν
696 1376 894 1447 ἤλαυνε
942 1382 1091 1451 πάθη
1142 1385 1236 1437 καὶ
1281 1386 1692 1456 δαίμονας.”οτι
1739 1390 1795 1444 δὲ
1841 1393 1943 1445 οὐκ

363 1466 616 1536 ἄκαρπον
643 1467 780 1538 ὑπὲρ
805 1471 837 1538 ή
847 1469 963 1538 μῶν
985 1472 1247 1542 ὑπέμεινε
1270 1475 1362 1529 τὸν
1391 1478 1621 1549 σταυρὸν
1655 1478 1823 1551 δηλοῖ,
1852 1481 1941 1534 λέ-

365 1569 479 1619 γων
497 1570 511 1584 °
530 1553 677 1606 Ἰδοὺ
698 1558 730 1609 ὁ
745 1558 966 1624 μισθὸς
991 1560 1177 1614 αὑτοῦ
1198 1562 1327 1629 μετ’
1342 1565 1781 1636 αὐτοῦ.¹Ἐλεγεν
1801 1569 1908 1640 γάρ
1922 1586 1937 1602 ⁸

372 1663 391 1695 ι
415 1642 539 1696 Ἐὰν
564 1645 639 1715 μὴ
666 1647 693 1698 6
722 1646 921 1711 κόκκος
941 1649 1035 1702 τοῦ
1059 1651 1206 1704 σίτου
1231 1654 1411 1709 πεσὼν
1437 1658 1518 1720 εἰς
1546 1658 1648 1729 τὴν
1673 1661 1778 1730 γῆν
1801 1661 1941 1714 ἀπο-

2049 487 2403 545 dcnnntiatus
2434 494 2525 546 sit.
2547 519 2551 522 ~

2122 576 2299 632 Simul
2334 589 2517 635 autem
2555 592 2608 636 et
2657 583 2779 653 ejus
2814 584 3103 640 adventum
3142 586 3426 648 indicavit.
3470 590 3615 658 quod

2047 685 2240 739 magna
2278 686 2397 723 cum
2444 673 2634 725 virtute
2680 683 2729 727 et
2771 685 3027 743 potestate
3059 678 3459 745 dominatioms,
3505 699 3616 749 quo

2026 762 2293 824 tempore
2355 760 2665 813 mercedem
2745 761 3045 831 unicuique
3101 768 3403 820 secundum
3450 782 3613 836 Opera

2044 847 2431 914 persoluturus
2470 856 2576 913 est,
2624 862 2913 906 venturum
2948 854 3253 910 alllrmavit.
3281 859 3456 927 Atque
3488 861 3613 914 hinc

2044 946 2148 1000 est,
2180 940 2325 1007 quod
2368 939 2593 995 dicebat
2626 957 2639 993 :
2685 961 2704 993 ‹
2732 942 2907 998 Filius
2935 944 3176 1001 hominis
3209 951 3388 1002 veniet
3416 952 3468 1003 in
3494 953 3617 1019 glo-

2044 1028 2125 1082 ria
2148 1028 2331 1084 Patris
2361 1030 2472 1093 sui,
2496 1039 2549 1085 et
2582 1033 2771 1087 reddet
2805 1035 3105 1105 unicuique
3132 1039 3429 1091 secundum
3451 1056 3615 1108 opera

2047 1133 2147 1173 sua
2176 1119 2245 1172 ⁸⁸.
2288 1139 2306 1171 ι
2341 1119 2461 1174 Non
2507 1122 2729 1188 desunt,
2766 1127 2859 1194 qni
2893 1127 2998 1181 ista
3044 1128 3211 1181 etiam
3268 1129 3334 1182 ad
3376 1131 3614 1199 priorem

2044 1211 2338 1265 adventum
2371 1211 2654 1280 referant;
2686 1231 2828 1285 qua),
2858 1233 2968 1271 non
3007 1228 3065 1271 ut
3091 1235 3257 1287 unum
3287 1236 3350 1275 ex
3384 1222 3617 1291 prophe-

2045 1302 2114 1357 tis
2148 1302 2416 1372 aliquem,
2444 1305 2538 1372 qui
2571 1305 2841 1359 miracula
2866 1308 3090 1362 edentes
3115 1311 3503 1378 precabantur,
3543 1311 3622 1381 ip-

2044 1407 2163 1447 sum
2195 1402 2485 1447 venturum
2511 1395 2916 1464 demonstrent,
2953 1413 3077 1453 cum
3108 1415 3207 1454 sua
3235 1400 3399 1454 unius
3462 1411 3612 1471 pote-

2044 1491 2185 1538 state
2219 1493 2274 1538 et
2319 1486 2540 1541 morbos
2575 1494 2630 1541 et
2682 1488 2960 1545 daemonas
3001 1492 3328 1560 corporibus
3361 1492 3615 1547 Christus

2042 1577 2302 1644 abegerit.
2337 1575 2525 1647 Neque
2552 1594 2684 1634 vero
2723 1581 2843 1635 sine
2896 1581 3100 1647 fructu,
3137 1594 3332 1637 nostro
3392 1585 3617 1640 nomine

2044 1681 2265 1722 crucem
2295 1669 2534 1725 subiisse
2569 1671 2837 1739 ostendit,
2869 1687 2992 1728 cum
3025 1675 3118 1727 ait:
3152 1675 3288 1727 Ecce
3309 1692 3499 1729 merces
3520 1687 3611 1728 tua

367 1733 504 1806 Θάνῃ
527 1773 543 1798 ,
576 1736 741 1798 αὐτὸς
776 1737 934 1807 μόνος
963 1741 1279 1809 μένει.⁹Εὰν
1322 1746 1380 1798 δὲ
1425 1747 1692 1822 ἀποθάνῃ,
1726 1753 1937 1823 καρπὸν

2044 1774 2264 1812 mecum.
2304 1758 2449 1813 Dixit
2491 1762 2637 1815 enim
2676 1780 2689 1814 :
2735 1780 2753 1814 ι
2783 1762 2897 1819 Nisi
2928 1780 3156 1834 granum
3207 1765 3468 1821 frumenti
3514 1782 3611 1821 ca-

365 1823 533 1877 πολὺν
583 1825 761 1896 φέρει.
792 1844 810 1877 ι
847 1828 955 1881 Καὶ
1006 1831 1202 1885 πάλιν
1243 1834 1410 1888 (Ἐὰν
1457 1836 1655 1906 ὑψωθῶ
1701 1841 1764 1893 ὲκ
1808 1842 1933 1911 γῆς,

362 1913 577 1974 πάντας
605 1912 817 1966 ἑλκύσω
843 1916 980 1985 πρὸς
1010 1918 1268 1988 ἐμαυτόν.
1299 1940 1317 1973 ι
1363 1925 1472 1975 Καὶ
1499 1926 1713 1991 Παῦλος
1749 1928 1805 1981 δέ
1837 1947 1939 2000 φη-

366 2014 486 2051 σιν’
542 2000 876 2069 «Ὑπέμεινε
921 2007 1154 2075 σταυρὸν
1202 2012 1463 2083 αἰσχύνης
1493 2018 1933 2088 καταφρονήσας.

358 2090 455 2142 Διὸ
482 2090 577 2144 καὶ
607 2094 636 2145 6
663 2093 794 2158 Θεὸς
825 2097 986 2151 αὐτὸν
1013 2099 1340 2170 ὑπερύψωσε
1360 2145 1375 2170 ,
1406 2107 1499 2159 καὶ
1525 2108 1817 2179 ἐχαρίσατο
1842 2112 1937 2164 αὑ-

362 2181 444 2272 τῷ
471 2182 530 2235 τὸ
559 2183 730 2254 ὄνομα
762 2187 824 2240 τὸ
855 2188 996 2260 ὑπὲρ
1023 2194 1129 2245 πᾶν
1157 2193 1351 2264 ὄνομα,
1388 2197 1475 2250 ἵνα
1505 2200 1563 2249 ἐν
1592 2200 1670 2271 τῷ
1710 2200 1935 2272 ὀνόματι

362 2271 551 2339 αὑτοῦ,
584 2293 603 2326 ι
656 2276 753 2328 καὶ
800 2277 868 2331 τὰ
916 2279 1065 2350 ἑξῆς.
1115 2285 1227 2337 Kal
1255 2287 1283 2338 6
1316 2287 1480 2341 Aa6l6
1506 2289 1562 2342 δὲ
1596 2290 1891 2360 προῦλεγεν
1917 2310 1932 2324 ο

368 2380 389 2412 ι
416 2362 601 2417 Πάντα
642 2367 710 2419 τὰ
751 2366 878 2437 ἔθνη
904 2370 1003 2422 ὅσα
1031 2372 1294 2443 ἐποίησας
1329 2377 1537 2447 ἥξουσι,
1570 2381 1661 2434 καὶ
1692 2398 1935 2454 προσκυ-

362 2454 619 2523 νήσουσιν
642 2456 873 2511 ἐνώπιόν
902 2477 1018 2516 σου.
1050 2480 1069 2512 ι
1103 2464 1175 2516 Τὸ
1200 2466 1275 2527 δὲ,
1296 2467 1390 2534 Ὡς
1417 2472 1644 2539 ποιμὴν
1664 2476 1944 2543 ποιμανεῖ

362 2543 432 2597 τὸ
476 2545 756 2614 ποίμνιον
800 2549 1007 2612 αὐτοῦ,
1056 2554 1502 2626 ὁμολογουμένως
1532 2562 1633 2631 τῆς
1665 2564 1937 2634 προτέρας

284 2655 293 2660 -
362 2632 481 2685 ἐστὶ
514 2636 834 2702 παρουσίας.
858 2637 943 2701 Ὠς
978 2640 1108 2704 Θεὸς
1145 2644 1242 2712 μὲν
1269 2646 1374 2717 γὰρ
1398 2654 1593 2719 κρινεῖ,
1629 2644 1702 2716 ὧς
1724 2655 1778 2708 δὲ
1805 2632 1934 2726 μορ·

363 2724 472 2796 φὴν
496 2724 681 2779 δούλου
704 2727 883 2781 λαϐὼν
912 2735 1250 2800 ποιμαίνειν
1273 2737 1340 2791 τὸ
1362 2741 1642 2809 ποίμνιον
1670 2724 1891 2815 εἴρηται
1909 2750 1937 2801 6

361 2814 556 2883 λέγων.
575 2816 716 2885 Ἐγὼ
745 2822 860 2889 εἰμι
891 2823 919 2874 6
946 2824 1147 2896 ποιμὴν
1174 2828 1203 2879 6
1234 2829 1415 2891 καλός.
1439 2834 1737 2900 Βραχίονα
1767 2837 1820 2889 δὲ
1842 2838 1937 2890 αῦ-

358 2905 458 2958 τοῦ
480 2906 656 2971 καλεῖ,
674 2911 827 2977 φασὶ,
859 2912 956 2982 τὴν
978 2913 1228 2986 θεότητα,
1256 2918 1322 2970 δι’
1338 2914 1398 2970 οὗ
1415 2922 1707 2986 συνάξειν
1725 2925 1905 2992 ἄρνας
1920 2967 1935 2991 ,

363 2999 462 3051 καὶ
510 2998 582 3052 ἐν
627 2994 839 3071 γαστρὶ
885 3005 1152 3074 ἐχούσας
1204 3013 1649 3080 παρακαλέσειν
1699 3019 1933 3088 εἴρηται.

366 3089 579 3157 Ἅρνας
605 3092 698 3144 τοῦ
735 3092 895 3160 λόγου
926 3095 1208 3166 δηλοῦντος
1238 3103 1363 3164 τοὺς
1385 3104 1690 3174 ἀρτιγενεῖς
1714 3110 1771 3161 ὲν
1798 3110 1933 3179 Χρι-
1962 3091 2004 3147 C

365 3178 495 3251 στῷ.
526 3181 725 3254 Διόπερ
762 3184 994 3248 Ἀκύλας
1026 3190 1202 3257 ἀρνία
1239 3193 1420 3262 φησιν.
1470 3196 1568 3266 Εἴη
1595 3197 1639 3250 δ’
1670 3198 1736 3252 ἂν
1765 3202 1791 3252 ὁ
1816 3178 1933 3265 νέος

361 3269 510 3333 λαός.
536 3273 608 3325 Οὐ
639 3274 749 3345 γὰρ
778 3275 880 3346 ἔφη
915 3280 1123 3348 κριοὺς,
1150 3281 1182 3352 ἢ
1211 3287 1465 3352 τράγους,
1501 3286 1534 3356 ἢ
1569 3289 1813 3359 πρόϐατα
1843 3294 1931 3344 ἑν-

361 3361 512 3434 τελῆ,
541 3366 673 3433 περὶ
695 3359 769 3419 ὧν
794 3368 978 3439 ἕτερος
1009 3372 1231 3426 τοιαῦτα
1259 3375 1493 3429 διδάσκει
1531 3380 1814 3451 προφήτης
1842 3381 1931 3435 λέ-

361 3463 562 3518 γων’(
593 3452 673 3509 Τὰ
707 3456 762 3510 δὲ
795 3458 942 3527 λέγει
972 3460 1175 3531 Κύριος
1197 3479 1210 3493 ⁸
1230 3465 1359 3520 Ἰδοὺ
1385 3467 1496 3536 ἐγὼ
1525 3469 1698 3539 κρινῶ
1727 3472 1933 3542 ἀναμέ-

364 3560 457 3598 σον
488 3548 759 3617 προϐάτου
782 3551 875 3603 καὶ
897 3553 1307 3620 προϐάτου,καὶ
1336 3558 1507 3628 κριῶν
1533 3561 1628 3614 καὶ
1655 3562 1925 3632 τράγων.)

362 3634 475 3687 Καί
495 3650 509 3663 ·
557 3657 575 3689 ι
607 3639 718 3710 Οὐχ
749 3641 932 3694 ἱκανὸν
963 3644 1111 3712 ὑμῖν,
1140 3646 1222 3698 ὅτι
1244 3647 1342 3716 τὴν
1375 3648 1546 3721 καλὴν
1573 3651 1745 3722 νομὴν
1775 3653 1934 3721 νέμε-

363 3727 478 3792 σθε,
506 3730 601 3783 καὶ
623 3732 690 3784 τὰ
713 3732 1018 3786 κατάλοιπα
1043 3738 1152 3799 τοῖς
1184 3738 1341 3790 ποσὶν
1365 3738 1394 3791 ὑ
1402 3740 1517 3811 μῶν
1540 3746 1930 3808 κατεπατεῑτες

363 3822 461 3874 καὶ
493 3822 553 3873 τὸ
577 3822 917 3892 καθεστηκὸς
952 3824 1096 3895 ὕδωρ
1128 3828 1377 3895 ὲπίνετε;
1408 3831 1588 3883 καὶτὸ
1620 3831 1805 3886 λοιπὸν
1821 3836 1931 3896 τοῖς

364 3913 522 3965 ποσὶν
571 3914 723 3983 ὑμῶν
768 3916 1133 3986 ὲταράσσετε;
1167 3939 1185 3972 ι
1231 3921 1343 3974 Kal
1387 3922 1577 3976 πάλιν
1621 3923 1791 3976 «Ἰδοὺ
1820 3923 1932 3993 ἐγὼ

364 4002 534 4074 κρίνω
565 4005 667 4057 ἀνὰ
703 4004 864 4074 μέσον
898 4005 1173 4076 προϐάτου
1206 4009 1446 4080 ἰσχυροῦ.
1467 4011 1589 4065 Ἐπὶ
1620 4016 1740 4077 ταῖς
1766 4013 1931 4068 πλευ-

365 4095 487 4162 ραῖς
514 4093 608 4146 καὶ
635 4097 747 4156 τοῖς
776 4094 934 4148 ποσὶν
965 4096 1117 4166 ὑμῶν
1144 4098 1441 4164 διωΟεϊσοε,
1476 4103 1572 4156 καὶ
1618 4105 1729 4168 τοῖς
1763 4106 1929 4177 κέρα-

364 4202 452 4237 σιν
474 4185 629 4256 ὐμῶν
650 4188 1017 4257 ὲκερατίζετε,
1047 4190 1141 4242 καὶ
1165 4191 1225 4243 τὸ
1247 4192 1545 4264 ἠσθενηκὸς
1573 4195 1891 4261 ὲξεθλίϐετε.
1907 4217 1926 4251 ι

364 4274 456 4327 Διὸ
487 4275 582 4327 καὶ¹
624 4278 671 4328 οἱ
702 4278 960 4346 ποιμένες
990 4278 1169 4332 αὐτῶν
1188 4280 1562 4339 διαϐάλλονται
1608 4291 1737 4362 παρ’
1762 4289 1926 4362 αὐτῷ,

362 4365 531 4451 Τὰιδὲ
558 4366 708 4433 λέγει
728 4368 965 4449 Κύριος,
988 4370 1197 4440 λέγοντι
1218 4388 1231 4401 '
1273 4370 1370 4427 (Ὦ
1400 4379 1654 4446 ποιμένες
1692 4380 1928 4451 Ἰσραὴλ,

364 4454 463 4528 pulp
490 4456 779 4528 βόσκουσιν
827 4462 879 4515 οἱ
928 4466 1183 4534 ποιμένες
1214 4467 1471 4535 Eant-06;;
1502 4469 1563 4522 οὐ
1594 4471 1663 4524 τὰ
1692 4472 1936 4541 πρόϐατα

363 4548 651 4618 βόσκουσιν
694 4552 745 4604 οἱ
792 4554 1085 4624 ποιμένες;
1128 4557 1257 4611 Ἰδοὺ
1308 4558 1368 4611 τὸ
1409 4560 1551 4626 γάλα
1597 4562 1931 4617 κατεσθίετε.

361 4639 472 4692 Kal
501 4639 570 4693 τὰ
593 4640 717 4712 ἔρια
743 4643 1158 4713 περιϐάλλεσθε.
1244 4649 1351 4702 Καὶ
1381 4649 1442 4703 τὸ
1487 4651 1629 4722 παχὺ
1677 4655 1932 4721 σφάζετεο

361 4730 459 4782 καὶ
492 4730 562 4783 τὰ
584 4731 835 4802 πρόϐατά
860 4751 961 4805 μου
975 4735 1036 4788 οὐ
1047 4731 1322 4803 βόσκετε.»
1336 4740 1485 4793 Ἐπεὶ
1507 4740 1933 4813 τοίνυνὴτάκτει

360 4819 429 4872 τὰ
460 4821 731 4891 πρόϐατα,
760 4824 811 4876 οἱ
838 4824 893 4879 δὲ
932 4828 1191 4896 ποιμένες
1234 4828 1584 4899 ἐλυμαίνοντο
1621 4834 1779 4900 αὐτὰ,
1818 4839 1930 4901 τοῖς

361 4912 584 4980 ποιμέσι
606 4915 937 4984 μετάστασιν
956 4918 1364 4989 ἀπειλεί,λέγων
1382 4937 1396 4950 ·
1432 4941 1449 4973 ι
1472 4924 1580 4978 Kal
1602 4926 1929 4997 ἁποστρέψω

360 5000 507 5070 ὑμᾶς
533 5003 628 5057 τοῦ
662 5006 738 5077 μὴ
766 5008 1076 5078 ποιμαίνειν
1100 5010 1169 5067 τὰ
1195 5011 1442 5081 πρόϐατά
1472 5030 1596 5082 μου.
1628 5033 1647 5066 ι
1678 5017 1786 5068 Καὶ
1810 5020 1929 5071 ἐπι-

358 5090 534 5161 λέγει·
581 5114 602 5148 ι
641 5096 770 5153 Ἰδοὺ
830 5099 941 5169 ἐγὼ
994 5102 1155 5165 αὐτὸς
1207 5103 1493 5176 ὲκζητήσω
1558 5104 1626 5159 τὰ
1685 5108 1929 5180 πρόϐατά

361 5202 537 5254 μου.»

380 5279 512 5334 lium
542 5281 848 5347 minitatur,
881 5283 967 5337 his
998 5286 1183 5340 verbis
1226 5303 1239 5339 :
1275 5306 1292 5338 ι
1332 5287 1397 5342 Et
1427 5301 1664 5347 avertam
1697 5310 1813 5359 vos,
1861 5314 1928 5354 ne
1967 5316 2032 5371 pa

362 5385 465 5440 ego
488 5369 768 5440 requiram
808 5385 937 5427 oves
965 5387 1115 5427 meas
1141 5374 1204 5429 ".
1245 5395 1264 5426 ι

430 5551 478 5584 ⁸⁸
512 5552 707 5628 Matth.
732 5577 838 5622 xvt.
870 5562 961 5616 27.
1039 5560 1081 5593 ⁸⁷
1120 5564 1280 5617 Joan.
1312 5579 1408 5628 xu,
1441 5565 1531 5619 ﬁt.
1620 5569 1928 5625 ⁸⁶ἰ1›ῑ‹1.ῗῖΞ.

2038 1853 2173 1909 deus
2200 1855 2255 1909 in
2274 1862 2476 1910 terram
2508 1865 2783 1911 mortuum
2806 1857 2993 1921 fuerit,
3014 1860 3189 1927 ipsum
3210 1861 3384 1915 solum
3403 1872 3606 1917 manet:

2039 1944 2083 1998 si
2107 1954 2288 1999 autem
2304 1955 2579 1999 mortuum
2603 1946 2788 2014 fuerit,
2811 1950 3040 2003 multum
3067 1951 3306 2005 fructum
3323 1952 3480 2007 affert
3502 1955 3568 2008 ⁸⁷.
3584 1973 3604 2007 ι

2038 2034 2103 2089 Et
2135 2050 2356 2090 rursum
2395 2053 2408 2089 :
2454 2054 2475 2088 ι
2522 2037 2579 2090 Si
2618 2039 2892 2095 exaltatns
2939 2040 3096 2094 fuero
3129 2056 3158 2095 a
3203 2051 3370 2110 terra,
3423 2045 3611 2098 omnia

2037 2127 2254 2181 traham
2309 2143 2522 2182 mecum
2568 2128 2635 2182 ad
2676 2144 2763 2184 me
2802 2130 2869 2185 ⁵⁸.
2915 2150 2933 2182 ι
2981 2130 3275 2188 Enimvero
3319 2145 3370 2188 et
3408 2134 3610 2189 Paulus

2038 2218 2157 2288 ipse
2196 2218 2276 2272 sic
2318 2220 2439 2273 ait:
2479 2238 2498 2271 ι
2531 2218 2809 2275 Sustinuit
2848 2237 3071 2276 crucem
3125 2226 3419 2295 ignominia
3472 2244 3609 2281 con-
3689 2266 3711 2290 .

2038 2316 2239 2378 tempta
2280 2312 2345 2362 ⁸⁸.
2385 2311 2706 2381 ——ldeoque
2735 2322 2789 2366 et
2811 2313 2953 2369 Deus
2993 2316 3143 2368 illiilli
3168 2319 3608 2384 superexaltavit,

2038 2409 2093 2453 et
2122 2401 2274 2456 dedit
2303 2404 2381 2456 illi
2415 2420 2638 2467 nomen,
2676 2406 2819 2475 quod
2852 2415 2936 2459 est
2972 2422 3141 2476 super
3180 2423 3340 2461 omne
3366 2425 3562 2463 nomen
3591 2425 3604 2469 ;

2040 2502 2093 2546 ut
2124 2493 2178 2558 in
2221 2494 2445 2548 nomine
2465 2495 2587 2563 ejus
2620 2496 2684 2558 ⁸⁸),
2726 2516 2744 2546 ›
2782 2503 2892 2551 etc.
2928 2497 3070 2549 Idem
3104 2512 3322 2567 quoque
3350 2507 3402 2551 ct
3438 2498 3604 2551 David

2038 2584 2294 2654 praedixit
2334 2586 2420 2639 his
2458 2587 2645 2641 verbis
2682 2582 2747 2640 ί(
2785 2587 2987 2642 Omnes
3019 2598 3209 2657 gentes
3245 2606 3381 2658 quas
3404 2591 3604 2650 fecisti.

2039 2680 2294 2741 venient,
2323 2679 2703 2735 etadorabunt
2738 2674 2789 2734 in
2815 2692 3112 2752 conspectu
3144 2692 3238 2737 tuo
3264 2685 3329 2741 ".
3364 2705 3380 2735 ι
3407 2684 3608 2740 Deinde

2039 2767 2189 2836 quod
2229 2768 2389 2829 dixit,
2440 2768 2712 2839 Tanquam
2759 2784 2944 2839 pastor
2972 2784 3147 2842 pascet
3178 2792 3378 2845 gregem
3412 2792 3559 2828 suum
3591 2816 3604 2836 ,

2041 2858 2105 2911 ad
2150 2858 2392 2926 priorem
2461 2859 2757 2914 adventum
2798 2846 2992 2931 procul
3040 2864 3209 2917 dubio
3248 2867 3471 2931 retulit;
3512 2867 3603 2934 qni

2039 2959 2299 3018 tanquam
2328 2951 2754 3019 Deumjudicare
2777 2996 2791 3019 ,
2818 2963 3074 3023 tanquam
3097 2955 3370 3008 hominem
3397 2964 3599 3017 autem,

2041 3047 2322 3107 assumpta
2358 3041 2505 3095 servi
2537 3056 3015 3112 persona,gregem
3045 3060 3217 3107 suum,
3263 3045 3388 3113 quia
3418 3053 3605 3112 pastor

2039 3134 2218 3188 bonus
2250 3142 2354 3197 est,
2378 3150 2592 3203 pascere
2620 3134 2821 3189 debere
2840 3135 3039 3188 videat.
3075 3132 3417 3188 Divinitatem
3438 3149 3604 3203 porro

2041 3226 2312 3279 brachium
2336 3225 2526 3278 volunt
2553 3225 2813 3295 intelligi,
2841 3241 2949 3295 quo
2976 3225 3178 3280 dicitur
3209 3243 3370 3295 agnos
3395 3243 3606 3297 congre-

2037 3327 2257 3387 gaturus
2283 3360 2297 3383 ,
2329 3327 2375 3371 et
2410 3325 2741 3387 praegnantes
2780 3317 3187 3383 consolaturus;
3235 3328 3289 3370 ut
3344 3334 3601 3385 agnorum

2038 3410 2259 3463 nomine
2287 3425 2383 3464 eos
2415 3409 2715 3480 intelligas,
2742 3409 2832 3478 qui
2864 3416 3115 3463 recenter
3140 3408 3193 3461 in
3226 3408 3446 3462 Christo
3489 3411 3599 3463 nati

2039 3492 2213 3563 sunt,
2249 3513 2388 3567 quos
2443 3498 2514 3553 ob
2552 3499 2603 3552 id
2656 3498 2931 3569 agniculos
2993 3498 3187 3567 Aquila
3246 3500 3598 3566 nuncupavit.

2039 3586 2227 3646 Possit.
2247 3596 2300 3643 et
2324 3589 2426 3643 hac
2446 3603 2579 3642 voce
2611 3604 2805 3643 recens
2842 3589 3075 3658 populus
3109 3588 3409 3657 designari.
3441 3588 3604 3659 446

2037 3678 2162 3733 Non
2207 3679 2350 3735 enim
2396 3680 2639 3743 arietes,
2692 3685 2789 3732 aut
2834 3679 3040 3742 hircos,
3078 3687 3171 3732 aut
3210 3694 3343 3734 oves
3390 3679 3602 3732 adultas

2039 3768 2207 3832 dixit,
2245 3770 2313 3825 de
2341 3771 2545 3839 quibus
2589 3770 2733 3824 alius
2764 3769 2821 3823 in
2872 3769 3019 3824 hunc
3077 3771 3296 3823 modum
3339 3770 3600 3840 propheta

2039 3860 2288 3928 loquitur
2322 3877 2337 3913 :
2390 3880 2408 3912 ι
2457 3860 2583 3915 Haec
2625 3861 2756 3915 dicit
2794 3861 3056 3916 Dominus
3083 3878 3096 3914 :
3122 3861 3261 3914 Ecce
3287 3876 3389 3931 ego
3413 3862 3602 3931 judico

2040 3952 2186 4006 inter
2220 3966 2374 4006 ovem
2424 3958 2480 4007 et
2508 3966 2700 4018 ovem;
2758 3952 2907 4006 inter
2935 3953 3137 4007 arietes
3175 3961 3228 4006 et
3254 3952 3442 4006 hircos
3471 3954 3538 4005 ".
3576 3972 3596 4004 ο

2038 4038 2105 4095 Et
2134 4058 2148 4094 :
2183 4059 2202 4092 ι
2238 4039 2431 4096 Nonne
2474 4039 2676 4096 sullicit
2722 4041 2901 4105 vobis,
2931 4040 3078 4110 quod
3106 4041 3243 4095 bona
3277 4055 3477 4109 pascua
3520 4046 3602 4093 at-

2038 4132 2310 4196 tondetis;
2335 4132 2438 4187 nisi
2470 4132 2683 4201 reliqua
2706 4133 2869 4186 etiam
2898 4132 3128 4202 pedibus
3150 4131 3351 4185 vestris
3373 4130 3600 4184 concul-

2038 4220 2218 4276 cetis?
2262 4221 2410 4289 quod
2448 4232 2647 4288 aquam
2688 4227 2922 4273 stantem
2953 4225 3007 4272 et
3042 4216 3321 4284 limpidam
3372 4216 3595 4282 bibitis;

2037 4307 2144 4363 nisi
2181 4307 2445 4376 reliquam
2479 4305 2714 4376 pedibus
2740 4305 2940 4361 vestris
2968 4304 3200 4359 turbelis
3223 4303 3308 4356 5’?
3345 4322 3365 4354 ι
3409 4302 3473 4355 Et
3500 4303 3599 4358 itc~

2040 4414 2158 4453 rum
2197 4415 2212 4452 :
2258 4417 2277 4449 ι
2317 4397 2455 4453 Ecce
2491 4411 2593 4467 ego
2620 4396 2814 4466 judico
2845 4396 2986 4451 inter
3031 4410 3184 4453 ovem
3214 4394 3443 4448 validam
3467 4411 3481 4459 ;
3505 4409 3598 4447 ve-

2039 4489 2172 4547 stris
2192 4489 2454 4544 lateribus
2478 4495 2533 4542 et
2553 4486 2784 4557 pedibus
2802 4485 3239 4555 protnndehatis.
3261 4497 3313 4539 et
3335 4485 3597 4539 cornibus

2036 4580 2238 4637 vestris
2297 4580 2598 4645 feriebatis,
2652 4585 2707 4634 et
2749 4577 3045 4632 invalidam
3103 4577 3422 4644 allligebatis
3466 4577 3531 4631 “.
3571 4594 3591 4627 ι
3638 4594 3655 4609 κ

2038 4673 2217 4741 Atque
2245 4670 2375 4725 hinc
2422 4678 2529 4734 est,
2560 4666 2704 4738 quod
2746 4676 2997 4738 pastores
3032 4682 3221 4723 eorum
3257 4667 3396 4721 idem
3432 4681 3597 4721 accn-

2035 4773 2120 4819 sat
2156 4763 2243 4819 his
2276 4762 2458 4818 verbis
2484 4779 2531 4814 ιι
2555 4763 2599 4819 ο
2627 4770 2878 4831 pastores
2939 4759 3129 4822 Israel,
3186 4776 3315 4813 num
3367 4768 3599 4830 pascunt

2039 4862 2288 4924 pastores
2319 4855 2532 4924 seipsos
2546 4852 2569 4906 ?
2582 4868 2710 4906 num
2728 4867 2862 4907 oves
2880 4866 2909 4905 a
2929 4853 3243 4922 pastoribus
3266 4853 3598 4923 pascuntur?

2039 4946 2180 5002 Ecce
2217 4947 2301 5001 lac
2336 4945 2605 5000 comedite
2629 4943 2976 5007 bvelleribus
3013 4944 3302 4998 induimini
3349 4944 3416 4998 ⁸⁸.
3531 4942 3599 4994 At

2038 5035 2184 5104 quod
2214 5035 2412 5104 pingue
2439 5040 2527 5088 est
2552 5032 2819 5102 jugulatis
2845 5051 2860 5099 ;
2891 5043 2943 5087 et
2979 5048 3110 5088 oves
3144 5047 3291 5086 meas
3330 5047 3438 5085 non
3471 5048 3597 5099 pas-

2039 5110 2492 5188 citisJQuoniam
2516 5122 2682 5191 igitur
2710 5137 2843 5176 oves
2864 5120 3078 5175 infecta!
3094 5128 3374 5189 pastorum
3394 5119 3596 5187 impro-

2036 5210 2212 5266 bitate
2261 5208 2571 5277 petulantes
2605 5217 2912 5271 evaserant,
2941 5208 3256 5277 pastoribus
3286 5205 3421 5274 ipsis
3455 5205 3598 5257 exsi-

2038 5301 2205 5357 scatis
2249 5312 2380 5353 oves
2458 5312 2610 5353 meas
2648 5298 2713 5353 “.
2757 5317 2776 5349 ι
2843 5297 3048 5353 Deinde
3092 5298 3299 5367 colligit
3339 5314 3352 5349 :
3386 5315 3403 5346 ι
3464 5296 3600 5351 Ecce

3236 5429 3248 5442 .
3313 5388 3581 5458 propheta

2032 5572 2077 5606 ”
2111 5573 2269 5627 llebr.
2314 5588 2415 5631 ιιι.
2453 5574 2511 5627 2.
2618 5574 2665 5605 ⁶⁰
2700 5571 2940 5642 Philipp.
2980 5590 3041 5633 ιι,
3076 5576 3131 5639 9,
3173 5576 3257 5631 lt).
3360 5579 3400 5610 ε’
3450 5576 3595 5631 Ρςεδι.

360 5633 561 5694 uxxv,
594 5627 649 5683 9.
726 5632 770 5663 “
792 5630 991 5688 Ezech.
1029 5645 1214 5701 XXXIV,
1254 5633 1344 5687 l7.
1397 5627 1612 5696 r"ibid.
1655 5641 1737 5694 13.
1817 5642 1861 5674 ⁸³
1902 5644 1938 5698 ιι

2070 5643 2280 5707 9.0.21.
2360 5627 2631 5701 ιεἘιεριι.
2668 5659 2725 5711 ιι,
2763 5643 2815 5696 5.
2851 5627 3099 5705 ’ἒσίιῑάῖ
3121 5627 3256 5702 ἰυ·”
3294 5627 3597 5702 cumino.
