4032 6218
405 269 548 336 2343

1709 262 2066 325 PROCOPII
2109 259 2351 322 GAZIEI

3519 245 3666 310 23a
3696 200 3703 207 ’

405 382 450 435 Α
480 380 649 434 multa
679 379 874 449 gloria,
918 387 969 434 et
1017 380 1075 433 in
1120 380 1311 434 robore
1359 375 1715 446 fortitudinis,
1758 375 1891 428 nihil
1934 383 1981 427 te

2090 410 2101 429 .
2144 414 2158 429 .
2201 411 2217 426 .
2262 412 2275 427 .
2321 408 2337 425 .
2382 410 2397 427 .
2442 409 2457 427 .
2506 410 2519 424 .
2563 409 2579 424 .
2622 409 2637 422 .
2680 367 2992 439 προφήτης.
3042 364 3171 419 Ἀπὸ
3212 362 3448 429 πολλῆς
3476 362 3673 430 δόξης

407 473 557 526 latet.
616 470 833 525 Dictum
860 477 947 524 est
1004 468 1151 523 enim
1216 469 1418 523 alicubi
1468 484 1483 522 :
1537 483 1558 518 ι
1602 463 1980 520 Numerabiles

406 570 534 619 sunt
559 561 609 618 ei
642 570 806 632 gutta:
838 561 1036 632 pluviae
1062 561 1128 617 ⁸⁸.
1162 579 1181 613 ι

480 733 642 806 M7
678 732 844 789 Vens.
874 733 1067 791 26-31.
1094 733 1219 789 Non
1241 735 1377 789 enim
1397 731 1762 800 dicasteob,
1780 745 1827 788 et
1854 733 1980 804 quid

406 826 611 879 locutus
642 843 723 890 es,
780 826 1010 881 Israel?
1038 827 1361 881 Abscondita
1402 837 1481 883 est
1508 828 1591 882 via
1626 844 1747 882 mea
1778 844 1811 881 a
1845 826 1978 891 Deo,

404 927 455 971 et
487 918 628 973 Deus
669 934 814 972 meus
850 918 1121 988 judicium
1152 919 1396 991 abstulit,
1426 928 1476 973 et
1506 920 1744 983 recessit,
1766 929 1816 972 et
1844 934 1981 973 nunc

407 1013 575 1065 nescis
599 1012 624 1064 ?
652 1010 713 1065 Si
732 1026 835 1064 non
867 1010 1105 1074 audisti,
1135 1010 1277 1065 Deus
1333 1020 1585 1073 teternus,
1611 1010 1751 1065 Deus
1781 1011 1870 1081 qui
1896 1011 1982 1080 fa-

407 1104 643 1157 bricatus
669 1111 748 1157 est
784 1103 1037 1156 terminos
1069 1112 1223 1157 terra:
1249 1120 1352 1157 non
1379 1108 1597 1169 esuriet,
1629 1119 1731 1157 non
1763 1102 1982 1156 labora-

407 1193 505 1252 bit.
545 1208 707 1263 neque
723 1192 827 1246 erit
855 1194 1191 1262 investigatio
1212 1176 1487 1263 sapientia:
1508 1193 1693 1260 ipsius,
1729 1200 1837 1247 etc.

472 1365 640 1438 M8
668 1366 748 1420 Ita
785 1365 1184 1437 Symmachus:
1208 1364 1437 1435 Propter
1457 1365 1584 1436 quid
1606 1364 1764 1432 dicis,
1785 1364 1979 1433 Iacob,

402 1470 453 1512 et
491 1458 744 1527 loqueris,
772 1456 996 1511 Israel?
1020 1459 1182 1525 eique
1212 1456 1550 1527 reliquorum
1590 1458 1864 1511 consentit
1897 1457 1983 1509 in-

403 1550 747 1619 terpret-atio.
774 1547 977 1604 Verum
1010 1549 1263 1603 absoluto
1306 1550 1374 1604 de
1426 1548 1537 1603 Deo
1587 1561 1860 1610 sermone,
1899 1546 1982 1602 eis

400 1639 510 1710 jam
535 1648 842 1705 succenset,
867 1641 960 1710 qui
986 1656 1016 1695 e
1034 1642 1216 1710 priore
1246 1640 1449 1711 populo
1480 1653 1581 1694 sua
1615 1653 1779 1708 opera
1808 1636 1978 1692 Deum

2079 465 2180 519 καὶ
2202 465 2274 517 ἐν
2298 464 2495 532 κράτει
2524 460 2739 529 ἰσχύος
2758 456 2937 512 οὐδέν
2955 471 3030 510 σε
3050 457 3288 509 ἔλαθεν.
3307 455 3535 524 Εἴρηται
3556 455 3670 525 γὰρ

2079 554 2315 627 ἀλλαχοῦ
2353 571 2369 587 ·
2413 572 2434 606 ι
2474 551 2798 625 Ἀριθμηταί
2859 552 2998 603 εἰσιν
3058 546 3207 616 αὐτῷ
3265 547 3524 614 σταγόνες
3574 544 3671 599 ὑε-

2080 667 2196 704 του.
2230 667 2251 700 ι
2887 696 2891 700 .

2149 740 2357 806 κς-λαν.
2384 738 2482 807 Μὴ
2505 739 2615 807 γὰρ
2642 732 3086 803 εἷπῃς,’1ακώ6,
3113 732 3212 786 καὶ
3250 733 3309 785 τί
3329 732 3666 801 ἑλάλησας,

2093 830 2334 898 Ἰσραήλ
2350 869 2366 891 ,
2393 827 2701 895 ἀπεκρύϐη
2729 826 2768 892 ἢ
2804 825 2944 890 ὁδός
2970 840 3092 891 μου
3109 821 3229 876 ἀπὸ
3252 821 3358 876 τοῦ
3378 822 3545 886 Θεοῦ,
3568 823 3671 876 καὶ

2081 923 2115 975 ὁ
2146 920 2291 986 Θεός
2320 935 2438 989 μου
2477 916 2594 985 τὴν
2618 918 2820 985 κρίσιν
2855 913 3087 983 ἀφεῖλε,
3132 912 3232 966 καὶ
3278 911 3538 978 ἀπέστη,
3569 912 3673 966 καὶ

2080 1011 2197 1066 νῦν
2222 1012 2333 1064 οὐκ
2356 1009 2544 1078 ἔγνως
2562 1009 2659 1074 ;Εί
2673 1005 2760 1075 μὴ
2785 1005 3077 1073 ἤκουσας,
3098 1004 3241 1070 Θεὸς
3260 1002 3675 1069 αίώνιὸς,Θεὸς

2082 1105 2116 1157 ὁ
2134 1098 2600 1163 κατασκευάσας
2613 1099 2685 1151 τὰ
2702 1098 2855 1166 ἄκρα
2877 1095 2988 1164 τῆς
3013 1094 3147 1165 γῆς,
3173 1097 3244 1150 οὐ
3260 1093 3553 1160 πεινάσει,
3570 1096 3675 1147 οὐ·

2081 1178 2150 1242 δὲ
2192 1186 2490 1254 κοπιάσει,
2553 1188 2698 1242 οὐδὲ
2732 1186 2911 1240 ἔστιν
2933 1185 3244 1253 ἐξέρευσις
3287 1183 3398 1253 τῆς
3439 1185 3675 1254 φρονή-

2082 1293 2241 1345 σεως
2269 1277 2478 1343 αὐτοῦ,
2512 1293 2568 1333 κ.
2594 1294 2649 1332 τ.
2680 1276 2731 1331 λ.

2163 1367 2223 1421 Ὀ
2252 1368 2547 1439 Σύμμαχος
2564 1383 2580 1397 ο
2611 1366 2715 1419 Διά
2736 1366 2796 1419 τί
2820 1363 3279 1435 λέγεις,Ἶακὼ6,
3310 1361 3409 1418 καί
3433 1363 3672 1429 λαλεῖς,

2094 1459 2369 1526 Ἰσραήλς
2418 1458 2514 1512 καὶ
2560 1457 2610 1510 οἱ
2662 1454 2841 1509 λοιποὶ
2885 1452 3214 1525 συμφώνως.
3257 1453 3411 1506 Μετὰ
3456 1451 3515 1504 δὲ
3566 1451 3674 1522 τὴν

2082 1549 2441 1604 ἀποδοθεῖσαν
2492 1546 2795 1615 θεολογίαν,
2828 1547 3058 1617 ἐπιτιμᾷ
3083 1546 3200 1608 τοῖς
3251 1544 3327 1614 μὴ
3379 1540 3674 1613 νομίζουσι

2083 1640 2181 1702 τὰς
2205 1639 2417 1693 ἑαυτῶν
2445 1640 2674 1710 πράξεις
2703 1638 2905 1711 ἐφορᾷν
2933 1639 3023 1690 τὸν
3050 1636 3181 1690 Θεὸν
3203 1675 3219 1701 ,
3245 1636 3309 1688 ἐκ
3345 1633 3436 1686 τοῦ
3462 1634 3675 1704 προτέ-

404 1746 512 1785 uon
550 1732 749 1785 intueri
779 1731 1213 1786 arbitrabantur.
1274 1720 1441 1786 Putas
1471 1738 1541 1795 te,
1584 1728 1632 1784 si
1672 1729 1865 1794 lateas,
1895 1727 1983 1782 in-

2090 1749 2186 1804 ρου
2218 1731 2372 1786 λαοῦ.
2401 1730 2682 1801 Νομίζεις,
2710 1731 2865 1800 φησὶ,
2894 1728 3172 1783 λανθάνων
3223 1725 3299 1797 μὴ
3342 1724 3675 1779 ὑποκεῖσθαι

403 1821 545 1889 quit,
571 1820 668 1875 Dei
686 1820 896 1888 judicio
930 1822 1156 1877 minime
1181 1821 1491 1891 subiacere,
1526 1822 1778 1891 quamvis
1810 1834 1986 1889 nuper

404 1911 460 1967 in
486 1914 683 1968 robore
712 1913 1052 1969 fortitudinis
1081 1915 1215 1968 nihil
1233 1929 1358 1969 eum
1384 1915 1553 1968 latere
1584 1912 1844 1968 audieris.
1878 1910 1986 1968 Ve-

407 2020 530 2057 rum
569 2013 828 2074 tanquam
866 2006 1000 2059 illud
1030 2013 1193 2059 antea
1217 2020 1319 2061 nec
1348 2006 1551 2060 noveris
1580 2008 1720 2076 ipse,
1752 2020 1854 2060 nec
1882 2020 1987 2058 au-

404 2095 622 2161 diveris,
658 2097 813 2151 disce
840 2096 950 2166 jam
982 2115 997 2151 :
1031 2098 1085 2152 id
1118 2107 1223 2161 est,
1259 2098 1306 2152 si
1334 2105 1414 2162 tu,
1447 2096 1556 2151 nisi
1586 2095 1799 2161 audias,
1830 2095 1987 2166 igno-

407 2194 533 2234 rare
564 2188 616 2236 te
641 2181 782 2237 dicis
810 2223 826 2248 ,
851 2184 1015 2237 etiam
1052 2183 1457 2240 simulationem
1491 2192 1640 2238 tuam
1667 2183 1984 2251 admittens,

406 2271 608 2327 dicam.
647 2274 1029 2344 Respondebis
1052 2276 1349 2342 nimirum,
1382 2277 1641 2346 ignorare
1685 2286 1759 2331 te.
1793 2275 1985 2346 Atqui,

407 2366 454 2419 si
473 2365 666 2429 nescis,
696 2368 826 2420 audi
860 2384 1008 2423 nunc
1028 2368 1195 2423 Deum
1220 2385 1331 2424 esse
1360 2378 1639 2435 internum,
1658 2383 1837 2439 neque
1872 2381 1988 2424 cm-

406 2454 522 2509 lum
572 2455 755 2521 modo,
785 2458 880 2512 sed
913 2467 1110 2512 terram
1150 2460 1464 2515 universam
1503 2473 1721 2529 quoque
1746 2457 1988 2528 comple-

407 2547 816 2615 cti.Quomodo
854 2550 1039 2620 itaque
1080 2552 1255 2620 ipsum
1292 2550 1462 2606 latere
1490 2550 1701 2621 queas?
1728 2548 1835 2606 Sed
1866 2549 1983 2617 ubi,

407 2655 516 2691 non
542 2639 825 2707 laborabit,
862 2641 1124 2697 habemus
1148 2680 1165 2709 ,
1195 2642 1307 2707 alii,
1335 2643 1548 2698 minime
1568 2642 1861 2697 dissolutus
1885 2653 1985 2708 est,

409 2729 867 2800 interpretantur.
898 2730 1163 2799 Rursum,
1190 2742 1557 2803 praeterquam
1602 2730 1751 2801 quod
1779 2731 1987 2786 nullam

408 2837 651 2893 unquam
686 2823 1001 2892 inﬁrmitate
1032 2824 1263 2891 laborat,
1297 2840 1477 2895 neque
1499 2824 1802 2879 bumanum
1855 2823 1989 2894 quid

406 2919 614 2987 patitur
653 2959 668 2984 ,
699 2934 763 2974 ea
790 2921 980 2985 etiam,
1015 2936 1137 2991 qua:
1157 2922 1541 2992 comprehendi
1562 2921 1775 2992 nequit,
1800 2920 1991 2991 cogni-

408 3012 560 3066 tione
591 3012 854 3081 prteditus
877 3023 983 3078 est,
1016 3028 1113 3083 per
1143 3026 1307 3083 quam
1363 3012 1432 3068 ad
1526 3013 1740 3083 singula
1815 3027 1990 3080 usque

409 3102 654 3170 ejusdem
691 3101 1029 3171 providentia
1051 3116 1374 3166 excurrens,
1396 3116 1665 3171 pauperes
1694 3099 1989 3170 aliquando

408 3193 547 3248 bene
577 3193 840 3247 habentes
859 3191 1059 3254 reddit,
1081 3194 1214 3247 luxu
1238 3196 1487 3261 autemet
1506 3190 1703 3261 opibus
1739 3190 1987 3244 dimueno

409 3292 496 3338 tes
539 3283 826 3338 doloribus
848 3293 903 3338 et
933 3285 1087 3338 curis
1112 3284 1233 3337 vitae
1281 3282 1447 3351 hujus
1490 3282 1705 3337 multat.
1738 3280 1990 3336 Immittit

411 3385 541 3431 vero
574 3382 627 3430 et
657 3375 727 3429 iis
774 3374 963 3440 ctiam,
1000 3374 1095 3444 qui
1141 3384 1270 3429 sunt
1307 3374 1361 3428 in
1388 3373 1521 3428 ﬂore
1550 3371 1748 3435 astatis,
1796 3372 1988 3425 uirium

410 3465 828 3521 imbecillitatem
889 3479 987 3535 per
1014 3466 1236 3521 morbos
1267 3479 1283 3517 :
1315 3479 1461 3529 cum,
1486 3464 1580 3534 qui
1637 3462 1988 3519 saevientibus

412 3558 748 3613 adversariis
780 3557 952 3633 Deum
983 3559 1039 3613 in
1072 3558 1355 3630 martyriis
1409 3564 1465 3612 et
1514 3556 1988 3627 persecutionibus

413 3659 745 3719 exspectant,
778 3650 1131 3720 quantumvis
1152 3652 1206 3705 in
1229 3652 1335 3707 bac
1363 3651 1472 3706 vita
1485 3651 1806 3721 inﬁrmiores
1828 3651 1982 3720 ﬁant,

412 3757 479 3796 ea
520 3756 701 3796 rerum
745 3742 1051 3796 mutatione
1077 3756 1204 3795 mox
1230 3742 1485 3807 beentur,
1519 3752 1580 3795 ut
1600 3739 1759 3796 liberi
1791 3741 1846 3795 in
1874 3755 1989 3795 ete-

416 3833 527 3889 lum
559 3832 798 3888 evolent.
820 3831 920 3888 Est
958 3834 1105 3889 enim
1143 3832 1436 3888 altivolans
1462 3834 1644 3903 aquila
1669 3839 1763 3896 ;et
1790 3831 1984 3887 adver-

415 3938 513 3978 sus
553 3923 687 3980 solis
722 3923 910 3979 radios
946 3924 1234 3979 oculorum
1262 3923 1435 3978 aciem
1468 3923 1723 3990 intendit,
1751 3932 1989 3979 naturae-

413 4031 520 4087 que
563 4015 777 4070 senium
810 4015 964 4071 exuit
998 4016 1192 4086 ,juxta
1220 4015 1355 4071 illud
1391 4032 1406 4070 :
1439 4035 1459 4068 ι
1494 4014 1866 4089 Renovabitur
1925 4022 1989 4070 ut

416 4107 619 4177 aquilae
666 4108 928 4177 juventus
972 4116 1066 4162 tua
1108 4109 1229 4159 θ’.»
1258 4135 1331 4149 —
1365 4126 1396 4159 ι
1426 4108 1698 4177 Operatur
1748 4123 1987 4178 namque

2086 1824 2280 1892 κρίσει
2304 1821 2452 1876 Θεοῦ
2472 1859 2488 1887 ,
2521 1822 2699 1875 καίτοι
2726 1820 2929 1891 ἀρτίως
2960 1820 3157 1890 ἤκουες
3190 1816 3328 1886 πρὸς
3353 1816 3486 1870 Θεὸν
3512 1816 3676 1887 εἰρη-

2088 1916 2268 1986 μένον,
2284 1915 2374 1969 Ἐν
2398 1913 2590 1985 κράτει
2622 1913 2803 1984 ἰσχύος
2820 1911 2971 1965 οὐδέν
3002 1927 3060 1963 σε
3087 1908 3294 1963 ἔλαθεν.
3327 1907 3472 1979 Πλὴν
3494 1908 3542 1961 εί
3570 1910 3675 1961 καὶ

2089 2009 2166 2082 μὴ
2209 2008 2479 2081 πρότερον
2533 2008 2673 2079 μήτε
2716 2006 2940 2078 ἔγνως,
2992 2007 3130 2077 μήτε
3178 2003 3474 2072 ἤκουσας,
3523 2000 3672 2072 μάθε

2086 2101 2181 2158 νῦν
2200 2119 2213 2133 ·
2243 2103 2430 2173 ηγουν,
2457 2100 2506 2153 ει
2527 2101 2584 2153 δὲ
2608 2099 2713 2171 φὴς
2740 2100 2813 2170 μὴ
2837 2097 3147 2168 γινώσκειν,
3167 2098 3215 2150 εί
3244 2096 3319 2167 μὴ
3340 2093 3669 2157 ἀκούσειαςο

2086 2194 2152 2265 τῇ
2185 2194 2249 2263 σῇ
2282 2193 2642 2263 προσποιήσει
2676 2190 2982 2261 συντρέχων
3011 2187 3389 2258 ὲρῶ.Ἦγουν,
3421 2186 3565 2254 ἐρεῖς
3588 2183 3671 2247 ὡς

2085 2287 2187 2340 οὐκ
2221 2286 2414 2354 ἔγνως.
2448 2281 2759 2346 Οὑκοῦν,“εί
2778 2282 2863 2351 μὴ
2893 2280 3185 2348 ἤκουσας,
3220 2277 3328 2331 ἴσθι
3360 2277 3437 2342 ὡς
3462 2279 3496 2330 ὁ
3517 2270 3671 2341 Θεὸς

2088 2381 2122 2434 ὁ
2150 2378 2390 2445 αίώνιος
2412 2416 2427 2441 ,
2462 2378 2524 2431 οὐ
2558 2376 2717 2446 μόνον
2750 2372 2999 2445 οὐρανὸν,
3038 2372 3176 2427 ἀλλὰ
3207 2370 3304 2424 καὶ
3332 2371 3509 2423 πᾶσαν
3540 2384 3665 2421 συν⁹

2090 2470 2208 2540 έχει
2235 2470 2353 2537 τὴν
2376 2467 2514 2538 γῆν.
2544 2467 2655 2522 Καὶ
2687 2467 2806 2530 πῶς
2833 2465 3036 2535 δυνήσῃ
3061 2462 3250 2517 τοῦτον
3278 2459 3460 2515 λαθεῖν
3484 2457 3670 2525 ;’Δντὶ

2088 2561 2145 2615 δὲ
2172 2559 2289 2626 τοῦ,
2319 2562 2392 2615 οὐ
2425 2556 2724 2622 κοπιάσει,
2759 2558 2871 2611 οὐκ
2898 2553 3349 2621 ἑξελύθη,φασὶν
3384 2551 3432 2604 οἱ
3465 2549 3666 2604 λοιποί.

2089 2653 2234 2725 Πρὸς
2259 2652 2335 2723 τῷ
2365 2652 2422 2705 δὲ
2457 2651 2533 2723 μὴ
2556 2648 2860 2715 ἀσθενεῖν,
2891 2646 3026 2719 μηδέ
3067 2663 3119 2699 τι
3153 2643 3296 2716 ἔχειν
3330 2640 3671 2713 ἀνθρώπινον

2089 2745 2185 2798 καλΙ
2212 2742 2596 2813 ἀκατάληπτον
2644 2739 2757 2810 ἔχει
2800 2738 2900 2807 τὴν
2933 2734 3155 2804 γνῶσιν,
3190 2734 3257 2788 δι’
3279 2726 3346 2804 ἧς
3379 2732 3538 2804 μέχρι
3568 2731 3672 2784 καὶ

2088 2836 2197 2890 τῶν
2218 2833 2361 2889 κατὰ
2384 2833 2548 2905 μέρος
2572 2833 2607 2902 ἡ
2637 2829 2827 2884 τούτου
2857 2828 3127 2899 διέρχεται
3157 2827 3402 2896 πρόνοια,
3426 2822 3671 2875 εὐεκτεῑν

2094 2929 2192 3001 μὲν
2226 2926 2339 2981 ἐσθ’
2378 2928 2467 2980 ὅτε
2517 2923 2745 2978 ποιοῦσα
2789 2922 2917 2983 τοὺς
2950 2921 3210 2989 πένητας,
3244 2916 3343 2987 τὴν
3369 2913 3428 2968 δὲ
3456 2912 3670 2983 τρυφὴν

2090 3020 2199 3074 τῶν
2230 3021 2290 3072 ὲν
2318 3017 2535 3086 πλούτῳ
2569 3014 2872 3080 κολάζουσα
2900 3010 3049 3083 λύπῃ
3087 3010 3182 3063 καὶ
3207 3005 3453 3079 φροντίσι
3482 3003 3670 3074 βιωτιο

2095 3109 2567 3177 καῖς.Ἐπι6άλλει
2592 3108 2650 3161 δὲ
2683 3107 2918 3169 καὶτοῖς
2947 3106 3004 3157 ἒν
3030 3104 3181 3173 ἀκμῇ
3225 3101 3327 3171 τὴν
3371 3096 3434 3163 ἐξ
3484 3096 3672 3166 ἀρρω-

2097 3222 2195 3276 στη
2206 3204 2391 3275 μάτων
2416 3198 2739 3257 ἀσθένειαν
2754 3215 2769 3229 °
2791 3200 2856 3251 ἐκ
2886 3196 2944 3250 δὲ
2972 3196 3080 3249 τῶν
3109 3193 3366 3247 ἐναντίων
3388 3192 3438 3244 οί
3459 3189 3593 3243 Θεὸν
3612 3190 3674 3239 ἐν

2098 3293 2424 3366 μαρτυρίαις
2466 3292 2500 3365 ἢ
2543 3291 2805 3360 διωγμοῖς
2853 3285 3329 3356 ὑπομείναντες,
3382 3280 3523 3335 κατὰ
3570 3277 3674 3349 τὴν

2096 3385 2378 3459 παροῦσαν
2418 3382 2834 3448 ’ἀσθενοῦντες
2885 3380 3050 3450 ζωὴν,
3082 3376 3353 3446 τοσαύτης
3396 3370 3675 3437 ἀξιοῦνται

2056 3490 2061 3493 ’
2097 3477 2422 3551 μεταϐολῆς,
2452 3477 2528 3541 ὡς
2560 3474 2877 3545 ἐλευθέρους
2904 3470 3356 3544 προσαναπτῆναι
3394 3462 3528 3536 πρὸς
3573 3462 3677 3515 οὐ·
3786 3530 3789 3531 ν

2095 3573 2277 3643 ρανόν.
2294 3570 2352 3623 Ὀ
2379 3568 2488 3641 γὰρ
2518 3568 2695 3634 ἀετὸς
2718 3565 2987 3636 ὑψιπέτης
3013 3562 3149 3627 ἐστὶ,
3178 3560 3272 3614 καὶ
3295 3557 3534 3612 ἀντωπεῖ
3551 3556 3679 3619 ταῖς

2090 3662 2187 3717 τοῦ
2231 3660 2385 3734 ἡλίου
2430 3659 2842 3732 μαρμαρυγαῖς,
2874 3654 3051 3727 γῆράς
3095 3669 3155 3705 τε
3183 3652 3245 3704 τὸ
3278 3647 3502 3719 φυσικὸν
3534 3647 3673 3699 ἀπο-

2091 3755 2276 3810 δύεται
2302 3753 2445 3808 κατά
2469 3752 2533 3806 τό
2551 3768 2567 3785 ο
2600 3771 2618 3803 ι
2641 3747 3185 3817 Ἀνακαινισθήσεται
3210 3742 3286 3806 ὡς
3313 3740 3470 3795 ἀετοῦ
3498 3739 3532 3808 ἡ
3558 3738 3681 3790 v26-

2090 3865 2192 3918 της
2242 3864 2356 3901 σου.
2388 3863 2409 3898 ι
2441 3875 2512 3903 —.-
2542 3863 2562 3897 ι
2591 3839 3007 3913 Κατεργάζεται
3038 3838 3148 3909 γὰρ
3194 3838 3229 3907 ἡ
3279 3834 3377 3905 μὲν
3425 3828 3677 3901 ὑπομονὴ

2090 3935 2319 4006 δοκιμήν
2341 3950 2355 3964 '
2383 3936 2417 4005 ἡ
2466 3933 2524 3987 δὲ
2565 3930 2763 4002 δοκιμὴ
2809 3929 3000 3984 ἐλπίδα
3022 3944 3038 3960 ⁸
3084 3928 3118 3997 ἡ
3155 3926 3214 3979 δὲ
3246 3923 3400 3987 ἐλπὶς
3422 3923 3485 3975 οὐ
3534 3937 3680 3974 κατ-

2092 4025 2356 4095 αισχύνει.
2383 4043 2402 4077 ι
2442 4022 2533 4075 Διὸ
2560 4021 2654 4075 καὶ
2684 4022 2800 4090 τὴν
2826 4019 3012 4088 ισχὺν
3048 4015 3393 4079 ἀλλάξουσι
3419 4011 3509 4065 τὸν
3543 4009 3679 4080 θνη-

2090 4114 2182 4168 τὸν
2215 4115 2328 4185 βίον
2358 4110 2771 4184 μεταϐαλόντες,
2800 4111 2895 4164 καὶ
2927 4112 3007 4174 είς
3033 4105 3333 4177 ἀγγελικὴν
3365 4102 3677 4176 μεταστάν-

416 4200 677 4267 patientia
709 4200 1090 4269 probationem
1119 4200 1404 4268 ;probatio
1428 4208 1608 4255 autem
1633 4215 1784 4269 spem
1819 4216 1834 4265 ;
1860 4214 1985 4269 spes

2090 4221 2183 4268 τες
2211 4204 2378 4275 ζωήν.
2397 4204 2494 4256 Διά
2522 4203 2632 4272 γὰρ
2656 4201 2776 4255 τῶν
2799 4198 3010 4265 ἀετῶν,
3035 4200 3156 4262 ταῖς
3181 4196 3452 4269 οὐρανίοις
3473 4194 3677 4257 αὐτοὺς

416 4296 597 4344 autem
624 4289 1040 4344 non-confundit
1058 4290 1127 4342 '°.
1162 4309 1181 4342 ι
1206 4292 1399 4361 Itaque
1418 4292 1754 4346 commutatis
1785 4292 1985 4345 viribus

2091 4294 2381 4358 ἀπεικάζει
2407 4293 2723 4362 δυνάμεσιν,
2746 4291 2813 4355 ἃς
2835 4279 3152 4359 πτερωτοῖς
3175 4285 3677 4362 ἀφωμοίωσεν.βΔιὰ

414 4379 584 4433 vitam
632 4380 796 4434 istam
832 4395 961 4435 cum
1020 4381 1317 4435 immortali
1345 4383 1781 4447 commutabant,
1814 4391 1869 4437 et
1927 4383 1983 4436 in

2090 4384 2247 4437 τοῦτο
2278 4384 2387 4454 ἄρα
2429 4383 2656 4437 καὶτῶν
2696 4383 2756 4436 ὲν
2788 4381 2945 4435 ὕδασι
2977 4380 3198 4451 καθαρὰ
3242 4379 3318 4431 τὰ
3356 4376 3671 4445 πτερύγια.

417 4472 718 4542 angelicam
753 4473 1093 4526 transibunt.
1130 4471 1241 4527 Eos
1291 4474 1436 4527 enim
1488 4474 1791 4544 aquilarum
1843 4473 1985 4547 facta

2094 4472 2282 4535 Οὕτως
2310 4473 2419 4544 ἀρα
2449 4474 2552 4527 κάν
2570 4471 2650 4543 τῷ
2673 4472 2900 4543 παρόντι
2931 4470 3030 4541 βίῳ
3058 4468 3255 4541 μερικὴ
3283 4466 3485 4535 κρίσις
3511 4462 3675 4527 ἐστὶ,

415 4563 715 4627 mentione,
747 4577 873 4616 cum
912 4563 1228 4617 coelestibus
1262 4565 1626 4633 potestatibus
1655 4573 1935 4633 comparat
1969 4582 1984 4631 ;

2092 4568 2188 4622 καὶ
2212 4567 2475 4638 καθολικὴ
2505 4567 2563 4620 ὲν
2591 4567 2670 4638 τῷ
2703 4564 2972 4636 μέλλοντι,
3002 4564 3102 4618 κᾶν
3133 4562 3208 4633 μὴ
3236 4560 3395 4614 τοῦτο
3428 4560 3494 4612 σὺ
3523 4558 3677 4613 νενό-

417 4668 558 4722 quas
595 4653 759 4709 alatis
796 4646 1104 4722 persimiles
1136 4655 1324 4708 edicit.
1355 4654 1534 4724 Atque
1562 4656 1689 4710 inde
1725 4666 1810 4711 est
1859 4671 1985 4726 pro-

2096 4677 2284 4730 μικας,
2314 4658 2552 4730 Ἰσραήλ.
2580 4658 2672 4712 Διὸ
2715 4659 2799 4712 σοὶ
2834 4656 2932 4729 μὲν
2958 4655 3131 4711 ταῦτα
3153 4696 3168 4723 ,
3215 4657 3331 4718 τοῖς
3371 4653 3429 4708 δὲ
3464 4652 3677 4716 λοιποῖς

418 4743 582 4810 fectu,
601 4746 747 4813 quod
779 4760 900 4813 quae
929 4745 982 4798 in
1006 4744 1162 4814 aquis
1186 4746 1472 4815 degunt,si
1501 4749 1701 4816 primas
1730 4747 1984 4812 habeant,

2093 4748 2271 4802 ἔθνεσι
2299 4749 2608 4821 κατάλληλα
2631 4747 2956 4818 προσφωνεῖ).

416 4832 621 4888 munda
678 4848 801 4888 esse
822 4848 1113 4889 censemus
1136 4836 1204 4889 ἰ.
1239 4835 1330 4890 Sic
1357 4850 1489 4906 ergo
1518 4836 1765 4909 ωτι
1807 4838 1861 4892 in
1886 4838 1991 4893 hac
2028 4839 2140 4893 vita
2162 4840 2505 4911 singulorum
2569 4838 2845 4909 quoddam
2872 4836 3133 4907 judicium
3159 4842 3283 4900 est;
3348 4841 3409 4887 ut
3469 4831 3524 4885 in
3581 4830 3673 4885 fu-

418 4934 564 4989 tura,
591 4924 977 4979 [adversorum
1011 4942 1026 4991 ;
1055 4927 1220 4981 etiam
1252 4927 1298 4982 si
1326 4928 1554 4984 minime
1594 4930 1669 4983 ita
1738 4944 1862 4987 esse
1891 4930 2205 4999 arbitreris,
2284 4948 2319 4988 ο
2368 4932 2538 4988 Israel
2588 4950 2603 4987 :
2679 4931 2915 5002 indeque
2970 4929 3079 4985 ista
3143 4928 3265 4994 tibi,
3332 4924 3676 4996 reliquisque

417 5019 671 5091 gentibus
695 5033 938 5091 congrua
972 5019 1257 5075 denuntio.
2724 5057 2735 5068 ι
2888 5028 2895 5035 ’

1032 5109 1187 5165 CAP.
1234 5109 1373 5164 XLI.

2661 5109 2914 5165 ΚΕΦΑΛ.
2966 5108 3104 5163 MA'.

485 5202 654 5259 Vens.
703 5203 823 5258 1-7.
847 5201 1186 5258 Innovamini
1235 5203 1303 5256 ad
1344 5219 1443 5270 me,
1473 5204 1687 5259 insulae.
1718 5203 1985 5272 Principes

2165 5200 2300 5266 a-C’.
2336 5200 2770 5271 Ἔγκαινίζεσθε
2794 5202 2943 5269 πρός
2972 5217 3070 5271 με,
3107 5199 3306 5267 νῆσοι.
3347 5200 3414 5252 οι
3441 5196 3550 5267 γὰρ
3571 5196 3679 5265 ἆρ-

417 5294 556 5349 enim
605 5296 883 5349 mutabunt
938 5296 1274 5365 potentiam;
1311 5295 1564 5350 accedant
1611 5305 1661 5350 et
1711 5295 1985 5365 loquantur

2091 5306 2306 5361 χοντες
2324 5290 2702 5356 ἀλλὰξουσιν
2722 5293 2925 5360 ἰσχύν.
2943 5290 3411 5362 Ἕγγισάτωσαν,
3440 5290 3535 5343 καί
3563 5292 3677 5343 λα-

420 5386 626 5448 simul;
667 5397 790 5441 tunc
830 5386 1097 5456 judicium
1146 5388 1479 5442 anmmtient.
1527 5387 1659 5452 Quis
1716 5386 1985 5441 suscitavit

2095 5368 2462 5450 λησάτωσάν
2506 5383 2647 5453 ἅμα,
2692 5387 2828 5439 τότε
2873 5383 3087 5452 κρίσιν⁵
3118 5380 3674 5452 ἁνατγειλάτωσαν.

420 5478 483 5530 de
516 5478 715 5530 oriente
730 5478 1005 5545 justitiam
1030 5480 1056 5533 ?
1095 5481 1294 5533 vocavit
1327 5495 1444 5533 eam
1475 5476 1543 5531 ad
1580 5476 1734 5544 pedes
1764 5492 1909 5544 suos,
1936 5483 1985 5529 et

2099 5471 2201 5537 Τίς
2219 5474 2526 5545 ἐξήγειρεν
2544 5474 2661 5531 ἀπὸ
2681 5472 2991 5533 ἀνατολῶν
3014 5474 3433 5541 δικαιοσύνην,
3461 5471 3678 5525 ἐκάλε-

491 5654 535 5686 ⁶⁸
564 5652 736 5708 Εςοιὶ.
765 5668 805 5719 ι,
835 5653 890 5708 2.
967 5655 1011 5686 θ’
1034 5653 1180 5709 Psal.
1210 5656 1374 5721 cu,5.
1453 5655 1496 5689 "
1518 5655 1676 5710 Rom.
1697 5658 1822 5724 v,5.
1900 5655 1985 5711 '“I

2098 5665 2136 5711 ι.
2172 5673 2250 5725 x1,
2278 5659 2300 5713 l
2327 5673 2479 5730 seqq.
