4032 6218
413 341 554 405 2³3-ἱό

1549 341 2077 403 COMMENTARII
2112 342 2194 402 IN
2230 341 2512 402 ISAIAM.

3515 346 3609 409 2'3";
3622 350 3653 408 ῦ

412 474 526 511 σεν
567 457 762 524 αὐτὴν
813 453 962 510 κατὰ
1008 456 1200 522 πόδας
1241 455 1450 521 αὺτοῦ,
1487 460 1584 509 καὶ
1634 457 1974 525 πορεύεται,

2089 458 2270 516 cadet,
2301 455 2465 510 Dabit
2520 458 2571 510 in
2611 465 2889 525 conspectu
2925 457 3178 527 gentium,
3205 467 3253 510 et
3299 475 3439 525 reges
3473 459 3656 513 obstu-

411 549 596 602 Δώσει
633 549 911 602 ἐναντίον
952 546 1162 612 ἐθνῶν,
1210 547 1308 602 κοί
1348 547 1631 612 βασιλεῖς
1677 546 1984 611 ἐκστιήσει.

411 641 521 695 Kal
550 640 728 694 δώσει
767 642 854 705 εἰς
894 639 1013 709 γῆν
1054 638 1158 704 τὰς
1193 640 1486 708 μαχαίρας
1527 638 1746 702 αὐτῶν,
1784 637 1881 691 καὶ
1908 639 1987 703 ὡς

409 731 684 798 φρύγανα
715 731 1026 800 ἐξωσμένα
1063 730 1136 783 τὰ
1162 728 1306 794 τόξα
1341 728 1557 797 αὐτῶν,
1586 730 1681 784 καὶ
1718 729 1986 793 διώξεται

409 820 650 884 αὐτοὺς,
682 838 736 873 κ.
764 839 814 873 τ.
844 821 893 874 λ.

497 911 935 978 Ἐγκαινίζεσθε
973 913 1122 980 πρός
1148 928 1244 981 με,
1278 909 1477 978 νῆσοι,
1513 912 1630 965 ἀνθ’
1657 905 1718 967 οὗ
1751 911 1984 982 Σύμμα-

408 1022 504 1076 χος
533 1003 652 1072 μὲν,
703 1005 1114 1066 Δουλεύσατε,
1165 1003 1368 1072 φησὶν,
1420 1002 1512 1055 ἐπ’
1564 1003 1733 1072 ἐμοῦ,
1782 1003 1983 1070 νῆσοι,

423 1092 654 1154 ’Λκύλας
691 1092 752 1144 δὲ
792 1093 888 1144 καὶ
935 1091 1258 1154 Θεοδοτίων,
1291 1091 1646 1159 δ’ωφεύσατε
1698 1092 1848 1156 πρός
1887 1108 1983 1159 με.

407 1182 592 1252 Σιιιῖν
617 1183 725 1251 γὰρ
745 1183 937 1246 αὑταῖς
967 1184 1272 1247 ἐκέλευσεν,
1293 1181 1370 1244 ὡς
1399 1182 1463 1234 ἂν
1493 1181 1718 1250 ὲπήκουι
1748 1181 1987 1248 γένοιντο

405 1275 558 1337 θείας
602 1275 816 1342 ὁμιλίας
865 1275 958 1327 καὶ
1009 1274 1278 1343 σωτηρίου
1322 1269 1698 1341 κηρύγματος,
1753 1271 1988 1336 νήσους

404 1366 578 1432 λέγων
607 1367 701 1428 τὰς
731 1365 788 1425 ἐξ
817 1365 986 1418 ἐθνῶν
1019 1365 1340 1433 Ἐκκλησίας
1421 1373 1456 1396 ⁸·
1485 1364 1704 1435 ἁλμυρᾶ
1738 1363 1832 1416 τοῦ
1869 1363 1984 1433 βίου

404 1455 648 1526 περιέχει
687 1454 878 1517 κακία,
905 1455 998 1507 καὶ
1030 1452 1138 1505 τῶν
1164 1452 1610 1521 ἐπανισταμένων
1640 1453 1707 1505 τὰ
1740 1451 1982 1520 κύματα.

415 1546 556 1598 Ἀλλ’
587 1547 724 1597 είσὶν
753 1546 1014 1612 ἀσφαλεῖς
1034 1585 1048 1609 ,
1083 1546 1158 1608 ὼς
1188 1546 1280 1598 ἐπὶ
1313 1544 1538 1615 πέτραν,
1563 1544 1864 1613 βαίνουσαι,
1895 1544 1985 1597 τὸν

401 1637 654 1707 Χριστόν.
677 1636 768 1688 Διὸ
794 1638 853 1689 ού
880 1637 1374 1691 σαλεύονται.“Ἀνω
1396 1637 1452 1690 δὲ
1478 1635 1621 1701 τοὺς
1653 1635 1986 1704 ὑπομένον-

403 1744 510 1790 τας
558 1729 776 1793 Κύριον
811 1727 927 1794 τὴν
962 1727 1145 1796 ἰσχὺν
1175 1727 1471 1791 ἀλλάξειν
1519 1727 1711 1788 εἰπὼν,
1749 1725 1982 1779 ἐνταῦθα

2089 565 2294 619 pescere
2332 549 2486 618 faciet
2520 565 2538 601 .'
2561 557 2608 602 et
2628 547 2777 602 dabit
2804 549 2855 602 in
2894 557 3088 602 terram
3120 548 3324 619 gladios
3374 568 3576 616 eorum,
3608 564 3656 605 et

2089 643 2224 694 sicut
2251 642 2503 695 cremium
2534 658 2688 696 arcus
2727 657 2931 706 eorum,
2964 653 3012 695 et
3041 655 3378 712 persequetur
3407 661 3513 709 eos,
3547 655 3654 701 etc.

2161 906 2493 963 Innovamini
2539 909 2608 963 ad
2658 926 2758 976 me,
2822 908 3054 971 insulae;
3113 922 3210 977 pro
3242 907 3442 977 quibus
3497 908 3658 981 Sym-

2092 1000 2339 1063 machus,
2367 998 2565 1054 Servite
2583 999 3188 1066 miltiinsulce;Aquilas
3208 1007 3388 1052 autem
3415 998 3658 1053 etTheoo

2089 1089 2260 1149 dolio,
2297 1089 2483 1143 Tacete
2517 1089 2656 1159 apud
2693 1106 2790 1152 me,
2834 1089 3252 1142 transtulerunt.
3287 1087 3481 1142 Tacere
3513 1089 3657 1142 enim

2089 1197 2182 1238 eas
2223 1183 2398 1251 jubet.
2429 1195 2487 1238 ut
2543 1183 2780 1239 sermoni
2809 1191 2861 1237 et.
2895 1183 3118 1237 salutari
3182 1181 3551 1251 praedicationi
3603 1197 3661 1235 so

2088 1279 2322 1328 attentas
2351 1273 2626 1341 praebeant
2654 1291 2668 1340 ;
2695 1272 2987 1325 insularum
3042 1270 3282 1336 nomine,
3317 1269 3580 1324 conﬂatas
3631 1285 3660 1321 ρ

2088 1363 2339 1431 gentibus
2371 1363 2645 1418 Ecclesias
2703 1362 3030 1432 intelligens,
3065 1361 3117 1414 in
3150 1375 3288 1430 quas
3341 1361 3503 1429 huius
3541 1361 3660 1411 vitae

2089 1453 2354 1523 nequitia,
2386 1462 2642 1524 tanquam
2670 1454 2838 1508 maris
2877 1453 3152 1522 salsilago,
3214 1454 3376 1507 undis
3406 1462 3455 1506 et
3484 1450 3659 1505 ﬂueti—

2088 1542 2190 1596 bus
2232 1544 2470 1613 undique
2506 1545 2759 1616 insurgit.
2795 1542 2899 1598 Sed
2955 1551 3085 1596 tunc
3137 1543 3243 1597 illa:
3303 1552 3478 1607 sunt;
3539 1557 3659 1612 quae

2086 1632 2309 1688 Christo
2349 1620 2515 1704 lapidi
2553 1635 2778 1695 innixae.
2810 1633 3140 1690 commoveri
3182 1650 3287 1687 non
3319 1636 3556 1688 valeant.
3593 1635 3657 1686 At

2088 1726 2368 1794 superius,
2398 1740 2520 1779 cum
2553 1741 2666 1788 eos,
2703 1727 2793 1796 qui
2841 1725 3124 1779 Dominum
3187 1735 3512 1794 exspectant,
3567 1740 3661 1788 po-

401 1817 572 1885 λέγει,
612 1819 958 1886 Ἄρχοντες,
991 1820 1157 1889 ἦγουν
1188 1819 1315 1885 έθνη
1336 1860 1351 1883 ,
1383 1817 1767 1884 ἁλλαξάτωσαν
1807 1820 1974 1889 ἰσχὺν,

2091 1816 2306 1870 tentiam
2337 1826 2631 1870 mutaturos
2660 1832 2782 1872 esse
2832 1817 3081 1881 dixisset,
3117 1831 3261 1871 nunc
3291 1817 3572 1884 principes,
3607 1816 3658 1868 id

401 1911 542 1962 κατὰ
584 1909 880 1980 Σύμμαχον
919 1911 1142 1980 (ὃπεριι
1188 1909 1310 1975 τοῖς
1359 1910 1732 1979 ὑπομένουσι
1765 1913 1982 1979 Κύριον

398 2000 558 2053 τοῦτο
600 2004 784 2069 νήσοις
821 2002 1125 2054 ἐπιτάττων
1162 2001 1256 2054 καὶ
1303 1999 1558 2070 ἔθνεσιν),
1585 2001 1660 2064 ὡς
1703 2001 1769 2054 ἂν
1802 2003 1894 2054 ἐπὶ
1922 2002 1981 2055 τὸ

402 2095 646 2161 κρεῖττον
673 2093 770 2162 τὴν
799 2093 905 2146 ἀπὸ
935 2094 1178 2163 χείρονος
1211 2093 1364 2162 ἰσχὺν
1411 2092 1787 2162 μεταϐάλοιεν.
1825 2093 1981 2158 Τινὲς

398 2181 457 2234 δέ
506 2200 670 2250 φασιν
717 2183 791 2246 ὡς
841 2183 951 2235 ἐσθ’
975 2185 1064 2236 ὅτε
1110 2183 1294 2252 νῆσοι
1330 2184 1620 2237 καλοῦνται
1671 2185 1856 2248 πόλεις
1885 2187 1981 2238 καὶ

401 2274 607 2342 κῶμαι,
641 2273 902 2326 πλατεῖαν
933 2274 1152 2343 ἔχουσαι
1198 2273 1384 2344 κύκλῳ
1429 2276 1532 2345 γῆν
1576 2275 1855 2347 ἀνήρωτον
1888 2277 1982 2329 καὶ⁹

402 2363 854 2433 κεχερσωμένην,
884 2364 1002 2425 οἵας
1045 2365 1144 2427 τὰς
1180 2363 1494 2434 Ἰδουμαίων
1525 2364 1664 2417 εἷναί
1698 2382 1849 2434 φασι,
1886 2367 1981 2420 καὶ

401 2453 708 2506 Μωαϐιτῶν
729 2494 743 2517 ,
774 2455 848 2518 ὡς
879 2457 934 2507 ἐν
969 2457 1159 2525 ἐρήμῳ
1201 2457 1481 2525 κειμένας,
1528 2451 1619 2519 αἷς
1670 2462 1982 2526 προσφωνεῖ

402 2547 756 2614 παράδειγμα
805 2545 984 2600 λαϐὼν
1029 2547 1197 2610 «sca;
1227 2548 1324 2617 τῆς
1352 2547 1461 2599 τῶν
1488 2547 1662 2600 ἄλλων
1698 2549 1982 2602 εἰδωλολα-

399 2641 544 2710 τρῶν
583 2643 797 2710 μανίας,
831 2643 928 2711 τὴν
975 2643 1082 2696 τῶν
1129 2642 1295 2694 ἐθνῶν
1325 2642 1628 2713 πρόσληψιν
1673 2646 1735 2696 ἐκ
1777 2645 1978 2715 μέρους

398 2730 596 2796 δηλῶν,
624 2731 660 2785 ἃ.
689 2731 936 2801 βούλεται
984 2734 1118 2803 πρὸς
1151 2734 1450 2802 καινότητα
1483 2735 1782 2804 μεταῦἧναι
1832 2721 1978 2800 ζωῆς

399 2817 499 2889 τὴν
549 2819 942 2874 παλαιὼσασαν
992 2823 1132 2874 αὐτὰ
1181 2822 1581 2891 καταλείψαντα
1628 2825 1856 2895 πλάνην,
1890 2827 1978 2880 ἵνα

400 2910 663 2973 γένωνται
688 2911 955 2981 παρθένος
982 2911 1142 2982 ἁγνὴ,
1173 2913 1246 2982 μὴ
1271 2912 1490 2982 ἔχουσαι
1510 2914 1742 2986 σπίλονῆ
1769 2917 1974 2988 ῥυτίδα.

399 2995 501 3052 Ὧν
534 3005 584 3055 οἱ
614 3002 902 3070 ἄρχοντες
933 3002 1302 3055 ἀλλάττουσι
1331 3001 1446 3070 τὴν
1467 3003 1670 3071 ἰσχὺν,
1694 3005 1767 3068 ὡς
1793 3006 1898 3058 τῶν
1921 3008 1978 3058 ἐν

2084 1914 2167 1960 est
2189 1909 2711 1974 gentes,sccundum
2742 1905 3126 1976 Symmachum
3161 1910 3442 1975 (tanquam
3474 1905 3651 1958 Domi-

2085 2013 2209 2051 num
2237 2008 2599 2066 exspectantes
2635 1998 2844 2052 insulas
2867 2009 2920 2052 et
2960 2006 3149 2066 gentes
3187 1997 3545 2068 alloquatur),
3574 1998 3659 2051 id-

2085 2089 2260 2158 ipsum
2305 2089 2505 2152 facere,
2537 2089 2588 2142 id
2623 2097 2706 2144 est
2737 2089 2805 2143 ab
2840 2090 3178 2144 imbecilliori
3212 2091 3411 2145 virtute
3441 2093 3508 2146 ad
3559 2107 3658 2162 po-

2082 2181 2276 2233 tiorem
2311 2181 2542 2234 transire
2571 2181 2821 2250 imperat.
2848 2181 3013 2235 Aiunt
3061 2184 3308 2237 nonnulli
3359 2185 3656 2238 insularum

2085 2272 2446 2341 appellatione
2467 2274 2719 2328 civitates
2744 2283 2795 2327 et
2816 2289 2982 2344 pagos
3014 2275 3330 2344 aliquando,
3363 2277 3457 2346 qui
3488 2279 3656 2332 Vastis

2083 2363 2414 2434 incultisque
2442 2365 2604 2419 terris
2627 2365 2940 2418 ambiantur
2963 2367 3174 2436 (quales
3209 2367 3261 2420 in
3286 2367 3649 2422 ldutnzeorum

2082 2464 2135 2510 et
2180 2456 2539 2512 Moabitarum
2581 2458 2880 2514 solitudine
2908 2475 3029 2514 esse
3066 2459 3368 2532 dicuntur),
3402 2463 3652 2532 intelligi,

2082 2563 2222 2617 quos
2252 2549 2401 2603 velut
2448 2550 2499 2602 in
2530 2550 2838 2620 exemplum
2892 2561 3209 2605 cancrorum
3239 2552 3652 2607 idololatrarum

2083 2641 2333 2700 assumit,
2372 2647 2431 2693 ut
2458 2641 2700 2708 gentium
2737 2642 3171 2709 assumptionem
3199 2657 3264 2696 ex
3311 2653 3465 2712 parte
3514 2645 3658 2698 indi-

2084 2737 2190 2791 cet,
2213 2744 2350 2796 quas
2383 2745 2572 2784 errore
2601 2730 2769 2784 veleri
2806 2731 3016 2797 relicto,
3047 2742 3106 2785 ut
3132 2733 3281 2804 virgo
3305 2751 3461 2803 pura,
3501 2738 3649 2790 omni

2084 2819 2225 2883 labe,
2267 2821 2522 2891 omnique
2557 2837 2689 2891 ruga
2722 2831 2970 2878 carentes
3004 2824 3255 2888 evadant,
3290 2825 3355 2878 ad
3396 2827 3519 2881 vitae
3555 2843 3654 2880 no-

2083 2911 2300 2966 vitatem
2335 2915 2574 2968 transire
2611 2914 2903 2984 signiﬁcat,
2934 2918 3296 2985 principesque
3324 2917 3498 2986 ipsos,
3532 2925 3654 2970 tan-

2081 3020 2242 3074 quam
2265 3005 2352 3070 iis,
2375 3008 2468 3074 qui
2493 3007 2660 3075 legem
2683 3015 3009 3076 sequuntur,
3025 3009 3653 3078 superiores,etomniim

401 3092 551 3162 νόμῳ
603 3095 884 3163 κρείττους
932 3094 1248 3162 γενόμενοι,
1302 3095 1394 3147 καὶ
1446 3094 1700 3160 καθάπαξ
1753 3097 1974 3168 δυνάμει

2084 3097 2288 3150 virtute
2311 3096 2579 3167 spirituali
2610 3099 3022 3167 praestantiores
3041 3100 3336 3162 evaserint,
3361 3103 3650 3168 potentiam

405 3185 744 3251 πνευματικῇ
784 3183 1146 3254 διαφέροντες.
1183 3183 1336 3246 Τινὲς
1387 3183 1444 3236 δέ
1477 3203 1640 3254 φασιν
1673 3187 1748 3250 ὡς
1781 3187 1978 3258 ψυχαῖς

405 3273 830 3335 παλαιωθείσαις
858 3274 915 3325 ἐν
945 3273 1154 3342 ἡδοναῖς
1183 3274 1280 3336 τὰς
1306 3272 1545 3343 ψυχικὰς
1571 3274 1750 3328 αύτῶι
1781 3277 1978 3330 ἀναλα-

404 3363 521 3415 ϐεῖν
548 3363 902 3433 συμϐουλεύει
931 3365 1211 3434 δυνάμεις,
1232 3365 1646 3434 ἀπονιψαμένας
1671 3368 1731 3420 τὸ
1755 3368 1862 3420 τῶν
1876 3385 1979 3421 7:1-

399 3455 509 3508 θῶν
534 3456 798 3524 ἁλμυρὸν,
829 3456 973 3509 τοῦτ’
995 3457 1110 3509 ἐστι
1154 3458 1248 3510 τὸν
1288 3457 1517 3510 παλαιὸν
1550 3457 1852 3528 ἄνθρωπον,
1883 3460 1976 3513 καὶ

400 3546 490 3598 τὸν
517 3547 635 3599 νέον
664 3547 1048 3616 ἐνδυσαμένας,
1085 3548 1227 3601 κατὰ
1270 3548 1332 3601 τὸ
1378 3548 1575 3618 Παύλῳ
1610 3550 1816 3606 δοκοῦν.
1853 3548 1976 3604 Εἶθ’

399 3636 525 3706 ἑξῆς
547 3653 740 3707 φησιν’
770 3638 1217 3708 Ἐ’γγισὰτωσαν
1238 3639 1337 3692 καὶ
1357 3639 1808 3706 λαλησὰτωσαν
1833 3642 1972 3711 ἅμα,

397 3729 466 3781 τὰ
491 3729 618 3800 ἔθνη
643 3730 824 3783 καλῶν
857 3730 995 3798 πρὸς
1027 3732 1214 3784 ἑαυτὸν
1238 3731 1266 3783 ὁ
1294 3731 1447 3796 Θεὸς,
1479 3733 1572 3784 καὶ
1598 3734 1769 3786 ταῦτα
1795 3733 1975 3800 λέγειν

397 3836 457 3872 τε
499 3823 592 3874 καὶ
636 3825 852 3891 φρονεῖν
881 3824 937 3873 ἐν
973 3822 1265 3892 Ἐκκλησία
1293 3823 1592 3888 διδάσκων,
1632 3825 1976 3896 κεκριμένως

399 3926 456 3962 τε
491 3910 550 3962 τὸ
575 3909 814 3979 Χριστοῦ
850 3909 1242 3976 καταγγέλλειν
1277 3914 1597 3981 μυστήρινν.
1633 3911 1753 3964 Τῶν
1782 3914 1890 3984 γὰρ
1914 3914 1974 3977 ἐξ

409 4002 760 4072 Ἰερουσαλὴμ
809 4004 1012 4070 κρίσιν
1043 4002 1419 4071 ὀνομαζόντων
1445 4003 1534 4055 τὸν
1567 4003 1750 4074 νόμον,
1786 4004 1974 4070 ἀντεξο

394 4095 544 4161 ἀγων
584 4094 732 4162 αὐτῷ
765 4093 826 4146 τὸ
858 4093 1128 4162 σωτηρίον
1159 4094 1420 4163 κήρυγμα
1466 4097 1670 4162 κρίσιν
1691 4095 1966 4148 ἐκάλεσεν.

394 4187 471 4238 Ού
501 4185 613 4253 γὰρ
645 4183 985 4252 δικαιοσύνης
1011 4183 1124 4253 ἔχει
1161 4183 1340 4247 σκιὰν,
1374 4183 1511 4237 ἀλλὰ
1539 4183 1636 4255 τὴν
1665 4185 1840 4256 ἀληθῆ
1875 4186 1968 4238 τοῦ

393 4276 532 4330 Θεοῦ
556 4277 966 4348 δικαιοκρισίαν,
998 4276 1063 4346 ῆν
1090 4278 1140 4328 οἱ
1167 4277 1277 4329 νέοι
1311 4277 1462 4345 παρὰ
1497 4278 1735 4346 Χριστοῦ
1768 4278 1968 4347 μαθόν-

390 4383 484 4430 τες
516 4367 854 4420 διδάσκουσιν
885 4367 1175 4434 ἇρχοντες
1196 4405 1211 4431 ,
1249 4363 1502 4436 βούλησιν
1535 4364 1697 4419 οὖσαν
1717 4367 1809 4421 τοῦ
1830 4367 1965 4420 Θεοῦ

391 4459 486 4510 καὶ
527 4458 787 4526 Πατέρος.

461 4548 618 4611 Τινὲς
642 4549 697 4601 δέ
728 4565 910 4616 φασιν,
939 4547 1014 4611 ὡς
1037 4548 1126 4601 τὸν
1160 4548 1286 4619 περὶ
1311 4549 1561 4617 κρίσεως
1589 4549 1745 4618 λόγον
1772 4550 1958 4620 βούλε-

389 4655 476 4690 ται
506 4638 572 4690 τά
602 4638 727 4706 ἔθνη
759 4639 998 4707 μαθόντα
1030 4640 1121 4691 καὶ
1150 4640 1355 4704 ἑτέροις
1380 4639 1800 4708 ἀπαγγέλλειν,
1823 4642 1964 4710 γνῶ-

387 4729 476 4781 ναί
511 4745 568 4781 τε
602 4731 693 4793 τίς
714 4729 1020 4798 ἐξήγειρεν
1052 4731 1170 4785 ἀπὸ
1208 4730 1522 4784 ἀνατολῶν
1544 4730 1958 4799 δικαιοσύνην.

386 4821 783 4884 Δικαιοσύνης
813 4820 920 4888 γὰρ
944 4819 1102 4889 ἔργον
1124 4821 1183 4872 τὸ
1207 4821 1281 4890 μὴ
1306 4821 1468 4890 μόνον
1503 4821 1806 4886 Ἰουδαίους,
1828 4825 1963 4878 ἀλλὰ

387 4909 572 4961 καλ-τὰ
605 4909 766 4963 λοιπὰ
795 4910 903 4964 τῶν
935 4911 1103 4964 ἐθνῶν
1135 4911 1432 4978 ἐπιγνῶναι
1461 4912 1550 4964 τὸν
1579 4913 1800 4984 Κύριον.
1818 4915 1876 4967 ’0
1903 4916 1960 4967 δὲ

387 4998 528 5060 θεῖος
561 4999 882 5062 Ἀπόστολος
898 4999 992 5051 καὶ
1018 4999 1108 5052 τὸν
1132 4999 1364 5070 Χριστὸν
1390 4997 1786 5068 δικαιοσύνην
1806 5003 1961 5054 καλεί

384 5087 589 5154 λέγων’
633 5091 764 5151 (Ὃς
810 5089 1043 5159 ἐγενήθη
1080 5092 1208 5160 ἡμῖν
1240 5091 1397 5161 σοφία
1428 5093 1536 5144 ἀπὸ
1563 5093 1718 5156 Θεοῦ,
1747 5092 1954 5145 δικαιο-

385 5176 519 5246 σύνη
549 5193 607 5228 τε
637 5177 734 5228 καὶ
762 5178 1059 5248 ἁγιασμὸς,
1102 5180 1194 5232 καὶ
1225 5180 1622 5248 ἀπολύτρωσις.
1661 5200 1678 5232 ι
1714 5181 1868 5235 οὕτω
1897 5182 1954 5235 δὲ

382 5271 478 5323 καὶ
502 5268 590 5322 τὸν
621 5269 978 5336 εύαγγελικὸν
991 5273 1144 5323 καλεῖ
1169 5270 1348 5339 λόγον,
1381 5271 1554 5340 λέγων
1579 5288 1591 5300 ⁸
1624 5273 1698 5326 Ού
1723 5273 1830 5342 γὰρ
1857 5275 1953 5324 ἐπ-

383 5359 710 5429 αισχύνομαι
743 5360 804 5413 τὸ
837 5361 1164 5428 Εύαγγέλιον
1213 5360 1440 5432 δύναμιν
1469 5379 1529 5414 τε
1558 5363 1789 5424 καλέσας
1817 5362 1952 5415 Θεοῦ

451 5541 495 5570 τ’
525 5539 738 5598 Coloss.
764 5558 846 5606 ιιι,
889 5542 942 5608 9,
988 5543 1072 5597 10.
1149 5543 1237 5596 "l
1277 5543 1403 5597 Cor.
1440 5548 1596 5607 1,50.

2081 3197 2423 3242 commutare.
2452 3187 2691 3242 Censent
2715 3189 2806 3242 alii
2839 3189 3074 3254 animas,
3102 3205 3222 3259 qute
3252 3206 3310 3244 se
3347 3191 3437 3244 diu
3495 3193 3651 3246 volu-

2079 3280 2321 3348 ptatibus
2341 3279 2714 3345 exhauserint,
2735 3280 2800 3334 ad
2825 3281 2968 3334 vires
2992 3281 3097 3335 sibi
3137 3283 3491 3351 reparandas,
3517 3284 3650 3338 alie-

2079 3372 2432 3440 ctionumque
2465 3372 2832 3442 salsilagine'n
2866 3374 3174 3437 eluendam,
3204 3375 3254 3429 id
3293 3387 3375 3430 est
3407 3378 3470 3428 ad
3499 3387 3648 3431 vete-

2080 3475 2192 3517 rem
2250 3464 2548 3528 hominem,
2583 3469 2880 3520 secundum
2946 3465 3174 3520 Paulum
3210 3469 3274 3529 7',
3314 3472 3648 3535 eruendum,

2079 3569 2387 3624 novumque
2423 3557 2758 3612 induendum
2797 3558 3101 3613 adhortari.
3140 3558 3302 3613 Addit
3335 3577 3462 3616 vero
3493 3563 3648 3618 deiu-

2077 3660 2228 3714 ceps,
2259 3647 2534 3712 accedant,
2565 3658 2613 3702 et
2643 3650 2928 3719 loquantur
2949 3651 3128 3713 simul,
3167 3654 3319 3720 quasi
3347 3664 3536 3724 gentes
3581 3656 3646 3710 ad

2077 3736 2316 3805 seipsum
2346 3749 2568 3792 vocatas
2588 3741 2849 3793 eademin
2873 3733 3112 3795 Ecclesia
3142 3742 3325 3798 dicere
3354 3756 3407 3800 et
3434 3762 3646 3816 sapere.

2069 3830 2388 3898 judicioque
2438 3833 2686 3887 adhibito
2716 3834 2918 3888 Christi
2953 3837 3274 3905 mysterium
3317 3843 3646 3897 annuntiare

2079 3915 2221 3972 Deus
2245 3926 2483 3972 moneat.
2507 3919 2643 3985 Quia
2670 3921 2814 3975 enim
2849 3923 3018 3992 legem
3040 3926 3236 3992 judicii
3265 3930 3484 3989 nomine
3521 3931 3648 3986 Hie-

2076 4009 2448 4079 rosolymitani
2494 4015 2904 4082 nuncupabant,
2940 4014 2993 4068 in
3044 4018 3170 4080 eius
3220 4019 3399 4072 locum
3449 4023 3643 4090 salutis

2070 4100 2235 4174 550
2265 4103 2754 4174 promulgationem
2822 4107 3185 4171 substituens,
3216 4110 3462 4166 eamdem
3500 4113 3644 4182 judi-

2071 4197 2208 4248 cium
2233 4197 2466 4261 vocavit,
2500 4212 2620 4266 qua:
2643 4212 2748 4250 non
2777 4198 3006 4265 justitire
3031 4199 3300 4266 umbram,
3331 4205 3425 4258 sed
3458 4222 3638 4260 veram

2070 4283 2164 4338 Dei
2197 4288 2247 4339 in
2284 4286 2581 4355 iudicando
2636 4289 2903 4344 rationem
2958 4294 3356 4361 complectitur.
3394 4311 3551 4364 quam
3609 4316 3636 4352 a

2067 4373 2287 4428 Christo
2340 4383 2617 4444 acceptam
2655 4376 2806 4446 (quia
2847 4377 2937 4431 Dei
2965 4385 3020 4431 et
3067 4379 3244 4436 Patris
3303 4385 3635 4438 voluntatem

1992 4469 2038 4524 D
2067 4464 2288 4535 haheat)
2319 4469 2442 4518 novi
2469 4467 2726 4536 principes
2745 4467 3092 4540 proﬁtentur.

2140 4554 2336 4609 Putant
2359 4557 2448 4611 alii
2489 4559 2786 4626 postulare.
2839 4569 2896 4614 nt
2947 4562 3152 4630 (μιαιάο
3187 4563 3394 4630 judicio
3448 4575 3636 4634 gentes

2065 4646 2394 4708 didicerunt,
2425 4647 2545 4701 aliis
2575 4649 2738 4704 etiam
2789 4650 2921 4720 ipsa:
2947 4654 3279 4719 amtunticnt,
3311 4662 3476 4724 utque
3501 4661 3639 4725 quis-

2068 4755 2190 4791 nam
2213 4740 2278 4791 ab
2315 4740 2508 4792 oriente
2525 4741 2790 4807 justitiam
2816 4744 3111 4809 suscitavit,
3146 4757 3469 4816 agnoscant.
3498 4747 3638 4802 Fore

2067 4827 2212 4881 enim
2258 4826 2489 4896 justitia:
2541 4844 2712 4898 opus,
2748 4831 2792 4884 si
2845 4849 2954 4886 non
3006 4832 3179 4889 Judaei
3238 4844 3468 4902 tantum,
3541 4839 3634 4892 sed

2067 4919 2292 4986 reliqua:
2320 4929 2512 4989 gentes
2541 4920 2703 4974 etiam
2733 4921 2946 4976 Domini
2970 4927 3334 4994 cognitionem
3361 4928 3635 4996 adipisca-

2065 5015 2175 5062 tur.
2201 4998 2344 5074 Quiu
2366 5020 2420 5063 et
2452 5013 2949 5082 beatusApostolus
2969 5015 3249 5071 Christum
3277 5019 3635 5088 ipsumjnsti-

2064 5099 2193 5151 tiam
2221 5102 2574 5168 nuncupavit,
2606 5103 2735 5155 dum
2773 5105 2869 5166 ait,
2907 5124 2926 5156 ι
2953 5105 3056 5172 Qui
3111 5106 3288 5161 factus
3330 5117 3414 5162 est
3474 5110 3632 5162 nobis

2061 5188 2327 5257 sapientia
2355 5203 2382 5241 a
2417 5189 2548 5252 Deo,
2580 5203 2632 5247 et
2667 5191 2905 5261 justitia,
2933 5207 2985 5250 et
3028 5198 3416 5261 sanctiﬁcatio,
3448 5207 3502 5252 et
3548 5215 3633 5252 re-

2060 5273 2297 5341 demptio
2326 5277 2392 5330 τ’.
2426 5297 2444 5326 ι
2484 5278 2574 5333 Sic
2600 5291 2652 5335 et
2679 5281 2820 5336 idem
2884 5283 3265 5352 Evangelicum
3322 5301 3628 5344 sermonem

2063 5365 2314 5432 appellat,
2344 5366 2471 5420 dum
2506 5384 2565 5424 se
2604 5371 2950 5442 Evangelium
2993 5389 3102 5428 non
3150 5381 3476 5436 erubescere
3507 5397 3631 5450 pro-

1697 5660 1919 5714 fARi/E
1961 5661 2343 5720 LECTIONES

449 5734 484 5755 "
530 5741 615 5792 γρ.
650 5724 738 5784 ἃς.
817 5733 843 5762 ⁸
869 5743 957 5792 γρ.
990 5727 1192 5798 ὥσπερ.

695 5819 959 5878 ΡΑτιιοι..
997 5819 1110 5877 (in.
1154 5819 1518 5883 LXXXVII.
