4032 6218
413 285 552 346 2367

1742 301 2097 364 PItUCUI‘lI
2125 298 2387 364 GAZAEI'
2476 253 2478 255 b

3511 301 3659 366 2348

412 410 615 474 fessus,
652 405 908 463 virtutem
938 407 1030 463 Dei
1085 409 1322 482 idipsum
1371 427 1494 471 esse
1527 415 1820 487 adjicit,in
1875 435 1985 489 quo

2092 421 2278 490 ίπάγει
2297 438 2312 452 ο
2344 419 2664 490 Δικαιοσύνη
2695 420 2804 491 γὰρ
2844 417 2980 475 Θεοῦ
3012 419 3070 474 ἐν
3097 417 3244 492 αύτῷ
3273 421 3660 476 ἀποκαλύπτει

408 502 628 572 justitia
663 501 783 570 ejus
815 501 1114 565 reveletur,
1143 503 1236 572 qui
1275 504 1447 574 ipsam
1471 511 1535 561 ab
1561 509 1777 572 oriente,
1805 519 1864 564 ut
1903 511 1984 566 lu-

407 609 528 648 cem
559 593 916 660 sequentibus
948 593 1207 664 prmheat,
1225 599 1497 663 excitavit,
1523 609 1571 654 et
1598 601 1746 655 dedit
1777 604 1830 656 in
1859 619 1984 658 con-

410 693 642 753 spectum
669 685 924 752 gentium,
961 685 1105 740 unde
1133 689 1533 746 tumultuantes
1564 694 1802 762 primum
1826 709 1982 765 reges

410 776 466 828 in
498 787 614 838 eos,
651 773 746 843 qui
773 788 893 828 eam
947 774 1232 839 haberent,
1265 783 1705 847 persecutionem
1734 783 1981 854 quidem

412 881 648 930 movere,
683 865 776 920 sed
814 865 882 919 ab
912 867 1126 932 eadem,
1146 870 1446 926 auxiliante
1473 871 1603 938 Deo,
1639 875 1782 930 vinci
1807 885 1860 930 et
1886 891 1982 932 su-

412 957 590 1029 perari
626 959 876 1027 contigit.
905 955 1023 1026 Ipse
1052 959 1197 1012 enim
1253 960 1500 1018 hosticas
1533 979 1722 1019 eorum
1771 966 1983 1020 machi-

412 1063 538 1113 nas,
574 1057 834 1117 tanquam
891 1050 1142 1101 cremium
1184 1049 1510 1120 disperdidit
1555 1057 1792 1126 viamque
1833 1073 1985 1112 com-

411 1140 675 1212 planavit,
709 1140 763 1192 in
791 1155 918 1208 pace
951 1140 1104 1209 pedes
1133 1143 1248 1212 ejus
1283 1145 1590 1211 transirent,
1610 1148 1700 1216 qui
1709 1147 1983 1216 justitiam

411 1233 477 1287 ab
526 1234 639 1302 ipso
669 1233 1065 1301 generationum
1103 1234 1360 1303 principio
1419 1240 1646 1306 vocavit,
1685 1255 1784 1310 per
1816 1256 1982 1312 quam

412 1339 513 1380 nos
548 1324 843 1395 postremis
867 1322 1086 1376 tandem
1115 1325 1334 1380 sreculis
1358 1329 1714 1398 corruptione
1748 1331 1982 1387 diaboli-

413 1432 520 1488 que
556 1416 821 1470 aviditate
845 1423 901 1469 et
933 1414 1126 1470 fraude
1162 1416 1443 1481 liberatos,
1475 1433 1573 1488 per
1627 1419 1784 1476 tidem
1820 1423 1983 1479 deni-

414 1525 522 1580 que
559 1509 922 1573 illuminatos,
954 1522 1078 1562 cum
1138 1508 1193 1562 in
1240 1511 1482 1566 tenebris
1514 1514 1988 1583 versaremur,ju-

414 1603 692 1668 stiﬂcavit,
725 1600 818 1674 qui
849 1615 945 1671 per
981 1601 1303 1671 prophetam
1336 1601 1472 1656 dicit
1499 1620 1511 1656 :
1551 1623 1570 1656 ι
1603 1602 1670 1657 Et
1705 1606 1986 1661 exorietur

2080 513 2301 576 ται.⁶ος
2329 513 2424 564 καὶ
2455 513 2524 577 ἐξ
2555 511 2868 566 ἀνατολῶν
2895 513 3090 582 αὐτὴν
3118 513 3316 581 ἤγειρε
3341 513 3435 566 τοῦ
3478 513 3661 582 φωτὸς

2083 607 2162 667 εἰς
2188 604 2246 656 τὸ
2271 603 2499 656 ἔπεσθαι
2532 603 2702 671 αὐτῷ,
2733 603 2876 668 δοὺς
2901 603 3094 670 αὐτὴν
3120 603 3239 658 τῶν
3265 603 3455 658 ἐθνῶν
3484 605 3662 658 bear-

2082 698 2232 759 τιον,
2256 698 2332 758 ὡς
2360 695 2727 765 θορυϐηθῆναι
2748 695 2816 746 τὰ
2845 694 3036 764 πρῶτα
3057 696 3183 758 τοὺς
3215 696 3390 748 αὐτῶν
3417 695 3661 758 βασιλεῖς

2080 786 2356 855 διωγμοὺς
2382 787 2492 846 τοῖς
2523 784 2738 852 ἔχουσιν
2776 784 2944 854 αὐτὴν
2975 783 3386 850 ὲπεγείραντας,
3421 782 3662 851 ἡττηθῆο

2082 895 2173 933 ναι
2202 877 2257 930 δὲ
2291 875 2423 947 πρὸς
2456 875 2662 943 ταύτης
2693 873 3137 944 ὑπερμαχοῦντος
3165 873 3320 928 Θεοῦ.
3347 875 3516 935 Αὐτὸς
3547 872 3658 942 γὰρ

2080 969 2151 1023 τὰ
2173 967 2442 1036 πολεμικὰ
2469 965 2674 1018 τούτων
2700 965 3019 1034 φρυγάνων
3033 965 3188 1033 δίκην
3211 964 3493 1032 ἠφάνισεν,
3512 961 3662 1015 ὁδὸν

2082 1059 2370 1130 όμαλίσας,
2402 1057 2478 1120 ὡς
2513 1058 2584 1110 ἐν
2615 1057 2823 1124 ειρήνῃ
2857 1054 3115 1108 διελθεῖν
3151 1053 3290 1119 τοὺς
3331 1052 3520 1118 πόδας
3550 1054 3662 1106 ab-

2081 1151 2209 1212 τοῦ,
2241 1149 2357 1216 τὴν
2385 1148 2784 1214 δικαιοσύνην
2829 1147 2948 1201 ἀπὸ
2996 1145 3220 1216 γενεῶν
3249 1144 3516 1209 καλέσας
3550 1145 3661 1211 ἀρ-

2083 1242 2288 1312 χαίων,
2328 1241 2394 1294 δι’
2416 1236 2485 1312 ἧς
2525 1241 2611 1292 ἐπ’
2633 1239 2877 1308 ἐσχάτων
2913 1238 3214 1310 ῥυσάμενος
3242 1237 3388 1305 ἡμᾶς
3430 1235 3534 1288 ἀπὸ
3558 1234 3664 1302 τῆς

2083 1333 2426 1404 φθορᾶς,καὶ
2461 1331 2561 1400 τῆς
2589 1331 2682 1384 τοῦ
2717 1330 2961 1383 διαϐόλου
2991 1327 3334 1395 πλεονεξίας,
3373 1327 3664 1380 ἐδικαίωσε

2081 1422 2173 1478 διὰ
2222 1423 2456 1485 πίστεως
2509 1421 2750 1490 φωτίσας
2783 1421 3201 1490 ὲσκοτισμένους
3246 1420 3334 1472 διὰ
3380 1417 3665 1488 προφήτου

2081 1515 2294 1583 λέγων’
2351 1531 2371 1564 r
2402 1513 2513 1564 Καὶ
2557 1511 2810 1564 ἀνατελεῖ
2855 1511 2982 1578 ὑμῖν
3031 1512 3143 1570 τοῖς
3191 1507 3541 1578 φοϐουμένοις
3597 1505 3666 1558 τδ

2083 1605 2255 1674 ϐνομα
2301 1620 2402 1675 μου
2441 1603 2590 1674 ἥλιος
2620 1601 2992 1672 δικαιοσύνης.
3027 1619 3046 1654 ›
3097 1601 3270 1663 Αὐτὸς
3305 1597 3398 1653 οῦν
3446 1597 3666 1651 ἐκάλε-

414 1696 587 1762 vobis,
617 1694 710 1765 qui
750 1708 948 1748 nomen
978 1707 1156 1747 memn
1198 1694 1461 1758 metuitis,
1489 1693 1581 1750 Sol
1604 1696 1984 1764 justittae“-'.r

2092 1711 2201 1752 σεν
2228 1696 2422 1764 αὐτὴν
2449 1694 2847 1766 ἐμφανισθῆναι
2889 1696 3002 1757 τοῖς
3049 1694 3144 1746 ἐπὶ
3190 1691 3314 1762 γῆς,
3338 1691 3486 1744 τοῦτ’
3511 1691 3665 1742 ἐστιν

415 1785 535 1856 Ipse
569 1785 736 1854 igitur
772 1799 889 1836 eam
921 1781 1145 1846 vocavit,
1181 1783 1349 1848 utiis,
1372 1784 1465 1853 qui
1498 1785 1552 1840 in
1583 1759 1728 1841 terra
1755 1787 1983 1860 degunt,

2092 1787 2262 1842 ἐλθεῖν
2307 1785 2713 1858 παρεσκεύασε,
2739 1786 2815 1848 ὡς
2865 1785 2958 1836 καὶ
2991 1782 3320 1854 πορεύεσθαι
3350 1781 3490 1834 κατὰ
3523 1779 3667 1831 πόδα.

415 1885 701 1950 appareret
734 1891 750 1930 :
787 1875 840 1930 id
874 1882 986 1938 est,
1011 1873 1266 1929 veniendi
1305 1883 1500 1930 auctor
1525 1875 1646 1943 fuit,
1677 1886 1735 1932 ut
1785 1895 1988 1936 secun.

2092 1878 2180 1933 τοῦ
2227 1879 2577 1947 κεκληκότος.
2612 1878 2751 1932 Κατ’
2777 1876 2921 1946 ἴχνος
2967 1875 3078 1944 γὰρ
3122 1873 3336 1936 ἐϐάδιζε
3381 1870 3475 1923 τοῦ
3521 1867 3665 1922 Θεοῦ

416 1966 544 2020 dum
598 1965 740 2018 viam
767 1964 908 2033 ejus,
938 1963 1031 2032 qui
1062 1964 1298 2027 vocavit,
1333 1966 1657 2022 ambularet.
1703 1968 1795 2023 Dei
1841 1971 1986 2025 enim

415 2057 707 2126 Patrisque
763 2054 1009 2125 vestigiis
1061 2055 1377 2120 insistebat,
1412 2057 1506 2126 qui
1555 2059 1674 2128 ejus
1699 2074 1865 2130 opera
1892 2062 1988 2116 ad-

419 2152 675 2220 implens,
706 2162 805 2203 sua
832 2147 984 2201 illum
1014 2155 1234 2214 natura,
1259 2149 1348 2202 cui
1380 2151 1608 2220 aequalis
1665 2159 1772 2215 est,
1801 2153 1988 2223 expri-

417 2250 612 2299 meret.
641 2238 799 2296 Uude
835 2239 952 2294 ait:
991 2256 1008 2290 ι
1041 2238 1098 2294 Si
1127 2255 1234 2294 non
1280 2239 1422 2295 facio
1461 2256 1625 2311 opera
1658 2241 1836 2300 Patris
1859 2245 1987 2310 mei,

416 2334 590 2390 nolite
619 2332 749 2386 mihi
780 2329 1004 2386 credere
1033 2331 1075 2395 ’,
1116 2347 1134 2382 ι
1166 2339 1218 2386 et
1250 2345 1370 2401 qua:
1413 2341 1735 2402 sequuntur.
1758 2333 1986 2400 Deinde,

417 2443 548 2483 cum
578 2425 849 2480 voluntati
884 2424 1006 2493 ejus
1053 2424 1475 2493 obsequeretur,
1503 2427 1586 2480 vel
1625 2427 1827 2497 potius,
1863 2443 1988 2483 cum

417 2523 536 2590 ipse
573 2517 752 2571 Patris
787 2516 1042 2570 voluntas
1061 2516 1372 2580 exsisteret,
1407 2517 1480 2570 ita
1497 2514 1716 2572 Iudaeos
1747 2519 1990 2590 alloque-

422 2609 584 2663 batur
614 2623 627 2658 :
675 2623 693 2656 ι
724 2604 834 2660 Vos
875 2604 1176 2658 secundum
1202 2604 1360 2676 45],
1419 2621 1639 2662 carnem
1673 2608 1938 2678 judicatis
1972 2625 1988 2667 :

422 2715 524 2771 ego
553 2705 734 2752 autem
788 2711 897 2750 non
933 2695 1123 2766 judico
1144 2712 1495 2766 quemquam.
1537 2717 1556 2752 ι
1589 2699 1673 2766 Et,
1707 2718 1726 2752 ι
1765 2702 1810 2756 si
1846 2700 1991 2772 judi-

423 2805 488 2846 co
534 2803 658 2858 ego,
683 2786 952 2856 judicium
985 2802 1165 2842 meum
1210 2804 1398 2842 verum
1431 2798 1539 2852 est,
1569 2791 1826 2860 quoniam
1880 2807 1990 2847 non

419 2897 610 2952 quaero
628 2881 964 2934 voluntatem
1000 2894 1197 2943 meam,
1214 2881 1308 2934 sed
1326 2880 1446 2950 ejus
1469 2884 1727 2953 quintisit
1755 2900 1840 2940 me
1864 2886 1930 2950 ⁸⁸,
1967 2904 1986 2938 ι

423 2974 570 3042 quod
599 2972 790 3028 eodem
829 2971 954 3040 pede
985 2987 1108 3026 cum
1141 2969 1303 3026 Patre
1355 2989 1584 3045 pergere
1611 2991 1736 3032 vere
1765 2977 1991 3044 dixeris,

2086 1974 2181 2027 καὶ
2226 1973 2486 2044 Πατέρος,
2516 1971 2582 2024 τὰ
2619 1971 2830 2024 ἐκείνου
2881 1970 3018 2040 ἔργα
3065 1967 3308 2038 πληρῶν,
3356 1967 3413 2018 ὲν
3459 1964 3565 2034 ἰδίᾳ
3601 1977 3667 2016 τι

2084 2062 2275 2116 τοῦτον
2310 2062 2467 2132 φύσει
2496 2056 2841 2124 δεικνύς.Ἦν
2863 2060 2970 2130 γὰρ
2997 2060 3108 2121 ἴσος
3139 2057 3307 2127 αὐτῷ.
3339 2057 3428 2109 Διό
3460 2067 3664 2124 φησιν’

2095 2175 2114 2208 ι
2142 2155 2204 2209 Et
2233 2156 2294 2208 ού
2328 2154 2466 2208 ποιῶ
2497 2155 2566 2208 τὰ
2599 2153 2737 2224 ἔργα
2768 2151 2862 2205 τοῦ
2897 2153 3135 2220 Πατέρος
3162 2167 3283 2220 μου,
3311 2150 3384 2218 μὴ
3408 2145 3665 2200 πιστεύε-

2088 2249 2148 2301 τέ
2185 2265 2309 2318 μοι,
2344 2266 2362 2298 ι
2393 2247 2488 2300 καὶ
2517 2246 2586 2299 τὰ
2627 2245 2772 2313 ἑξῆς.
2801 2245 2878 2316 Τῇ
2910 2243 3074 2297 αὐτοῦ
3109 2243 3165 2294 δὲ
3195 2241 3410 2311 θελήσει
3440 2240 3669 2292 ἀκολου-

2090 2339 2238 2404 θῶν,
2281 2337 2480 2408 μᾶλλον
2534 2337 2589 2389 δὲ
2639 2337 2856 2406 θέλησις
2898 2335 2973 2388 ὢν
3006 2334 3101 2388 τοῦ
3151 2335 3428 2405 Πατέρος,
3478 2333 3667 2400 ἔλεγεν

2103 2431 2399 2491 Ἰουδαίοις·
2434 2447 2452 2480 ι
2474 2429 2664 2497 Ὑμεῖς
2692 2428 2831 2480 κατὰ
2855 2430 2952 2494 τὴν
2985 2427 3163 2495 σάρκα
3194 2426 3430 2495 κρίνετε,
3463 2421 3574 2488 ἐγὼ
3601 2421 3665 2474 οὐ

2091 2521 2262 2592 κρίνω
2309 2519 2518 2572 οὐδένα.
2550 2535 2568 2569 ι
2619 2515 2724 2569 Καί
2746 2535 2760 2547 ο
2801 2533 2820 2568 t
2843 2517 2968 2569 Ἐὰν
2999 2518 3169 2586 κρίνω
3195 2513 3325 2582 ἐγὼ,
3356 2516 3390 2584 η
3420 2512 3601 2581 κρίσις
3629 2511 3666 2580 ἡ

2093 2613 2200 2684 ἐμὴ
2238 2612 2424 2665 δικαία
2455 2610 2624 2674 ἐστὶν,
2659 2611 2741 2662 ὅτι
2783 2609 2845 2661 οὐ
2877 2607 3025 2678 ζητῶ
3057 2609 3117 2660 τὸ
3147 2607 3358 2676 θέλημα
3402 2607 3464 2659 τὸ
3510 2606 3667 2674 ἐμὸν,

2093 2705 2229 2759 ἀλλὰ
2260 2704 2322 2756 τὸ
2349 2703 2562 2772 θέλημα
2584 2700 2677 2754 τοῦ
2709 2701 3020 2769 πέμψαντός
3051 2717 3137 2770 με,
3161 2718 3179 2751 ι
3209 2701 3346 2767 ὅπερ
3381 2698 3494 2750 ἐστὶ
3515 2697 3670 2750 κατὰ

2094 2797 2249 2851 πόδα
2278 2797 2479 2866 χωρεῖν
2500 2793 2595 2846 τοῦ
2624 2795 2884 2862 Πατέρος,
2911 2791 3033 2845 ὅθεν
3061 2792 3270 2859 ἔλεγεν·
3309 2810 3326 2842 ι
3349 2788 3488 2858 Ἐγὼ
3508 2792 3566 2842 ὲν
3587 2788 3669 2860 τῷ

2094 2890 2331 2959 Πατέρι,
2366 2886 2462 2940 καὶ
2492 2886 2521 2936 ό
2554 2885 2744 2955 Πατὴρ
2773 2887 2831 2936 ὲν
2861 2883 3002 2954 ἐμοί.
3036 2901 3055 2934 ι
3090 2883 3234 2935 Καίο
3280 2900 3300 2934 ε
3322 2883 3378 2936 ’0
3405 2880 3669 2953 ἑωρακὼς

2094 2981 2213 3052 ἐμὲ,
2245 2979 2457 3049 ἑώρακε
2486 2976 2577 3029 τὸν
2602 2976 2840 3047 Πατέρα.
2873 2993 2892 3026 ι
2927 2973 3004 3026 Δι’
3029 2966 3104 3026 ὧν
3128 2973 3384 3026 ἁπάντων
3403 3013 3418 3035 ,
3449 2973 3574 3035 τοὺς
3608 2971 3672 3036 ἐξ

424 3067 548 3118 cum
603 3062 944 3127 scribatur,¢
983 3060 1093 3130 Ego
1151 3062 1204 3117 in
1265 3062 1444 3130 Patre,
1479 3074 1534 3120 et
1587 3066 1746 3121 Pater
1807 3067 1863 3122 in
1909 3084 1988 3125 me

2096 3071 2270 3140 ἀρχῆς
2299 3064 2894 3127 καταδυναστευθέντας
2923 3063 3028 3118 ὑπὸ
3067 3065 3174 3119 τῶν
3212 3066 3672 3133 κοσμοκρατόρων

424 3163 506 3208 est
537 3153 602 3206 υ.
645 3170 664 3202 ι
704 3150 808 3204 Et:
850 3170 869 3202 ι
897 3151 1002 3217 Qui
1031 3152 1180 3206 videt
1218 3169 1324 3217 me,
1356 3155 1504 3209 videt
1535 3166 1589 3211 et
1622 3156 1835 3212 Patrem
1867 3160 1930 3212 ".
1968 3178 1986 3212 ι

423 3242 638 3310 Quibus
668 3242 922 3296 omnibus
971 3257 1090 3306 eos,
1123 3243 1215 3312 qui
1251 3259 1280 3297 a
1304 3246 1578 3317 principio
1601 3248 1656 3302 in
1700 3249 1862 3318 hujus
1894 3266 1995 3307 sae-

427 3336 536 3393 culi
561 3335 1028 3404 tenebrarumque
1046 3335 1314 3405 principis
1341 3345 1668 3406 potestatem
1704 3350 1991 3407 venerant,

427 3427 671 3497 ejusdem
695 3426 985 3497 tyrannide
1008 3425 1277 3490 liberavit;
1309 3443 1448 3497 quos
1504 3429 1571 3484 ad
1607 3439 1813 3486 tantam
1870 3435 1995 3489 vitae

427 3519 908 3572 commutationem
936 3516 1354 3585 obstupesceutes
1382 3535 1538 3590 reges
1551 3521 1736 3578 dicere
1765 3525 1949 3582 valeas
1973 3542 1987 3592 ;

427 3608 521 3678 qui
555 3609 894 3671 intueantur,
932 3617 990 3662 ut
1015 3607 1119 3678 ipsi
1158 3609 1490 3674 ceciderant,
1519 3619 1576 3664 ut
1614 3613 1806 3668 cremio
1835 3615 1991 3672 siuti-

431 3700 509 3755 les
531 3708 821 3755 evaserant
847 3716 863 3766 ;
897 3709 956 3755 ut
983 3701 1164 3755 omnis
1187 3699 1425 3770 denique
1457 3703 1584 3757 mali
1623 3705 1806 3774 operis
1849 3710 1992 3764 ratio

427 3802 653 3860 propter
712 3791 982 3861 direptam
1041 3807 1138 3862 per
1189 3792 1471 3848 Christum
1525 3794 1831 3854 adversarii
1893 3817 1989 3856 su-

2093 3157 2187 3211 τοῦ
2221 3156 2444 3217 σκότους
2467 3153 2658 3206 τούτου
2691 3153 2790 3221 τῆς
2819 3153 3131 3224 τυραννίδος
3164 3151 3548 3217 ἀπήλλαξεν
3575 3151 3672 3214 οὓς

2093 3250 2267 3310 εἴποις
2295 3246 2364 3299 ἂν
2390 3244 2643 3315 βασιλέας
2670 3244 3074 3310 ἐξεστηκότος
3096 3246 3188 3295 ἐπὶ
3217 3246 3283 3313 τῇ
3311 3243 3545 3312 τοσαύτῃ
3569 3240 3669 3295 τοῦ

2097 3339 2213 3410 βίου
2253 3337 2544 3408 μεταϐολῇ,
2573 3337 2670 3405 τὴν
2702 3335 2909 3388 πτῶσιν
2937 3334 3177 3405 ὁρῶντας
3207 3334 3302 3404 τὴν
3327 3334 3552 3400 ἑαυτῶν,
3572 3333 3673 3386 καὶ

2095 3431 2170 3493 ὡς
2199 3425 2527 3498 φρυγάνοις
2573 3425 2678 3478 ίσοι
2723 3423 3033 3491 γεγόνασιν,
3068 3423 3162 3476 καὶ
3206 3423 3314 3484 πᾶς
3351 3420 3529 3474 αὐτῶν
3565 3437 3672 3472 κα-

2097 3519 2359 3591 κουργίας
2388 3517 2654 3588 ἠσθένησε
2683 3516 2905 3584 τρόπος,
2936 3512 3173 3584 Χριστοῦ
3194 3514 3261 3566 τὰ
3291 3514 3460 3580 σκεύη
3489 3509 3672 3563 αὐτῶν

2095 3613 2522 3686 διαρπάσαντος.
2566 3626 2585 3660 t
2619 3608 2693 3661 Οὑ
2724 3606 2830 3678 γὰρ
2855 3606 3147 3676 ὠφελήσει,
3177 3605 3360 3674 φησὶν,
3396 3603 3586 3674 ἐχθρὸς
3612 3603 3674 3654 ἐν

2098 3705 2266 3777 αύτῷ,
2299 3704 2396 3759 καὶ
2443 3703 2555 3764 υίδς
2584 3698 2814 3769 ἀνομίας
2843 3697 2903 3751 ού
2941 3696 3242 3769 προσθήσει
3276 3695 3371 3749 τοῦ
3418 3695 3676 3749 κακῶσαι

2097 3799 2283 3855 αὐτόν.
2317 3813 2336 3848 r

423 3885 752 3954 pellectilem
775 3887 1154 3959 elangueratu
1181 3886 1303 3943 Non
1342 3891 1489 3946 enim
1532 3893 1807 3964 proﬁciet,
1831 3897 2030 3970 inquit,
2076 3893 2430 3955 adversarius
2465 3889 2519 3946 in
2543 3903 2630 3956 eo,
2665 3893 2721 3944 et
2740 3886 2886 3943 ﬁlius
2933 3883 3244 3956 iniquitatis
3276 3898 3386 3940 non
3430 3889 3673 3954 apponet

429 3989 629 4030 nocere
667 3975 717 4031 ei
737 3977 823 4033 η’.
855 3989 876 4024 ι

499 4069 722 4139 Fugatis
761 4082 892 4139 ergo
934 4069 1217 4141 pulsisque
1263 4068 1618 4143 adversariis,
1668 4080 1752 4132 via
1801 4081 1992 4150 pedum

426 4162 538 4230 ejus
569 4161 718 4228 facta
759 4167 836 4213 est
881 4160 935 4212 in
958 4175 1109 4241 pace.
1163 4159 1308 4215 Nihil
1345 4164 1488 4217 enim
1526 4165 1648 4235 ipsi,
1699 4175 1995 4239 quominus

427 4268 512 4318 ea,
550 4268 672 4321 quae
705 4251 772 4304 ad
819 4266 920 4306 nos
964 4260 1236 4321 spectant,
1283 4253 1697 4312 administraret
1727 4276 1852 4318 esse
1892 4264 1995 4317 im-

421 4342 738 4408 pedimento
766 4341 964 4411 potuit.
1005 4341 1099 4396 Ille
1125 4341 1292 4410 igitur
1324 4343 1436 4397 ait:
1465 4344 1576 4415 Ego
1599 4364 1742 4414 sum,
1769 4353 1862 4421 qui
1896 4367 1990 4406 no.

2175 4069 2297 4124 Τῶν
2323 4061 2414 4121 οὖν
2440 4063 2648 4136 ἐχθρῶν
2674 4060 3070 4130 δεδιωγμένων,
3095 4060 3134 4128 ἠ
3163 4058 3302 4126 ὁδὸς
3328 4057 3448 4112 τῶν
3468 4055 3675 4112 ποδῶν

2102 4163 2288 4219 αὐτοῦ
2321 4145 2569 4231 γέγονεν
2599 4157 2670 4210 ἐν
2695 4153 2926 4222 ειρήνῃ.
2956 4153 3151 4220 Γέγονε
3173 4153 3282 4223 γὰρ
3319 4153 3469 4205 οὐδὲν
3499 4153 3674 4221 Cyrno-

2103 4256 2210 4310 δὼν
2240 4249 2609 4322 οἰκονομοῦντι
2643 4247 2710 4300 τὰ
2743 4246 2864 4300 καθ’
2892 4247 3060 4316 ἡμᾶς.
3097 4244 3238 4313 Ἐγὼ
3258 4245 3457 4308 τοίνυν,
3483 4245 3671 4312 φησὶν,

2101 4347 2130 4399 ό
2160 4349 2216 4398 ὲν
2263 4342 2476 4412 ἐσχάτῳ
2519 4338 2838 4402 καταδείξας
2879 4336 3058 4407 καιρῷ
3096 4335 3208 4402 τὴν
3255 4334 3672 4399 δικαιοσύνην,

429 4432 653 4486 vissima
718 4438 1041 4500 tempestate
1100 4432 1374 4500 justitiam
1429 4435 1848 4509 demonstravi;
1908 4460 1988 4510 qui

2104 4435 2411 4502 κεκληκὼς
2447 4430 2515 4483 δὲ
2536 4429 2732 4496 αὐτὴν
2757 4428 2873 4482 ἀπὸ
2904 4425 3124 4497 γενεῶν
3147 4427 3427 4494 ἀρχαίων.
3463 4423 3536 4475 Τὸ
3562 4423 3675 4494 γὰρ

425 4537 544 4575 eam
569 4537 600 4574 a
632 4520 1057 4591 generationibus
1086 4522 1317 4590 antiquis
1346 4527 1543 4578 vocavi.
1583 4526 1786 4582 Christi
1817 4531 1992 4599 siqui-

427 4608 551 4662 dem
605 4611 923 4679 mysterium
979 4609 1048 4662 ab
1093 4609 1209 4675 ipsa
1257 4611 1448 4664 mundi
1496 4615 1743 4683 origine;
1779 4632 1996 4688 quoque

427 4701 590 4753 modo
627 4700 839 4767 lapsqu
893 4698 1087 4753 Adami
1123 4713 1378 4768 reparare
1424 4700 1661 4772 deceret,
1708 4711 1998 4776 praescive-

430 4801 534 4846 rat.
567 4788 674 4842 Nec
706 4789 930 4852 mirum,
956 4788 1178 4857 quando
1199 4797 1252 4842 et
1274 4804 1464 4844 eorum
1510 4794 1694 4860 etiam,
1727 4799 1820 4867 qui
1857 4800 1994 4854 salvi

427 4896 524 4953 per
587 4881 744 4934 Iidem
822 4879 996 4934 futuri
1065 4889 1226 4945 sunt,
1298 4883 1636 4940 vocationem
1700 4891 1995 4957 praescivit.

435 4989 453 5022 ι
489 4971 639 5036 Quos
673 4968 822 5025 enim
862 4969 1156 5039 praescivit,
1191 4969 1289 5034 ait,
1321 4979 1375 5026 et
1414 4974 1820 5041 praedestinavit
1859 4983 1992 5035 can-

429 5061 760 5118 l'urmeslieri
781 5061 1000 5129 imagini
1024 5056 1148 5113 ΡΗιί
1180 5063 1264 5115 sui
1291 5102 1305 5126 ,
1337 5064 1558 5123 eosdem
1582 5075 1636 5120 et
1657 5069 1870 5122 vocavit
1892 5070 1953 5122 ".
1969 5090 1986 5122 ι

425 5155 595 5210 Multo
633 5156 806 5225 magis
833 5153 999 5223 igitur
1029 5163 1085 5207 et
1109 5151 1590 5226 illepmcognitus
1627 5167 1731 5222 est,
1758 5161 1848 5230 qui
1884 5161 1997 5215 sal-

426 5259 580 5303 vator
623 5262 742 5304 esse
781 5247 990 5301 debuit.
1038 5245 1115 5299 Ita
1168 5254 1350 5300 autem
1387 5248 1654 5306 dixerunt
1685 5255 1932 5308 nonnulli
1974 5274 1990 5312 :

427 5344 540 5410 ipse
574 5342 793 5410 quidem
836 5351 942 5408 est,
978 5340 1071 5410 qui
1111 5337 1252 5409 Cyro
1301 5341 1467 5396 etiam
1521 5344 1690 5400 robur
1736 5347 2000 5403 adversus

442 5475 538 5515 7‘-°
557 5474 790 5530 Malach.
832 5493 909 5538 tv,
951 5476 1003 5528 2.
1099 5475 1120 5506 '
1152 5475 1447 5545 Joan.xrv,
1483 5481 1572 5536 37.

429 5561 668 5602 Luxvttt
721 5546 814 5599 25.
893 5547 936 5576 ⁸³
983 5547 1140 5600 Rom.
1172 5561 1288 5610 vnt,
1321 5547 1411 5603 29.
1477 5605 1488 5608 _

499 5716 524 5743 ο
553 5722 638 5777 πρ.
671 5705 940 5778 προέγνω.
1015 5713 1039 5754 ι
1063 5705 1148 5757 ῖσ.
1193 5703 1314 5773 μέν.

1668 5483 1713 5516 ¹⁰
1749 5482 1910 5540 Joan.
1952 5485 2188 5553 vm,15,
2237 5487 2321 5541 16.

2102 4523 2339 4597 Χριστοῦ
2375 4521 2674 4592 μυστήριον
2695 4519 2801 4572 ἀπὸ
2825 4517 3029 4586 κόσμου
3067 4519 3316 4586 προέγνω
3341 4513 3672 4582 καταϐολῆς,

2103 4617 2200 4670 καὶ
2229 4614 2345 4677 πῶς
2371 4613 2480 4665 δέοι
2509 4612 2619 4681 τὴν·
2654 4609 2824 4678 Ἀδὰμ
2851 4607 3105 4676 γενέσθαι
3135 4605 3438 4676 διόρθωσιν.
3474 4603 3590 4656 Καὶ
3615 4606 3675 4656 ού

2103 4706 2438 4778 θαυμαστὸν,
2478 4705 2612 4757 ὅπου
2647 4703 2743 4756 καὶ
2789 4701 2898 4755 τῶν
2953 4699 3273 4768 σωζομένων
3306 4697 3406 4767 τὴν
3453 4697 3542 4750 διὰ
3588 4697 3680 4747 πί-

2106 4815 2275 4861 στεως
2305 4797 2622 4868 προέγνωκε
2673 4793 2889 4862 κλῆσιν.
2931 4809 2950 4843 ι
2985 4789 3092 4853 Οὓς
3125 4792 3234 4860 γὰρ
3265 4790 3406 4854 ἔγνω
3441 4797 3488 4850 ο,
3515 4790 3674 4857 φησι,

2107 4890 2203 4944 καὶ
2239 4889 2510 4959 προώρισε
2543 4885 2902 4956 συμμόρφους
2935 4881 3033 4952 τῆς
3053 4881 3258 4942 είκόνος
3294 4879 3387 4932 τοῦ
3420 4878 3548 4932 Υίοῦ
3571 4880 3676 4931 αύ-

2098 4981 2213 5046 τοῦ,
2248 4979 2472 5042 τούτους
2498 4977 2592 5030 καὶ
2619 4975 2896 5030 ἐκάλεσεν.
2927 4990 2946 5025 ι
2981 4972 3194 5026 Οὐκοῦν
3222 4971 3402 5041 πολλῷ
3422 4971 3623 5040 μᾶλλον
3649 4971 3678 5022 ὁ

2105 5075 2293 5130 σώσων
2361 5075 2731 5145 προέγνωστο.
2807 5067 2962 5130 Τινὲς
3007 5067 3065 5120 δὲ
3119 5066 3292 5129 οὕτως
3349 5068 3673 5136 εἰρήκασιν·

2107 5168 2280 5229 Αὐτὸς
2304 5165 2414 5236 γάρ
2433 5175 2460 5213 P
2490 5166 2634 5216 ἐστιν
2656 5162 2684 5214 ό
2717 5162 2811 5214 καὶ
2832 5159 3014 5229 Κῦρον
3034 5157 3341 5228 ἐνισχύσας,
3367 5158 3507 5210 κατὰ
3541 5157 3678 5210 πάν-

2103 5276 2212 5310 των
2265 5256 2454 5320 ἐθνῶν,
2507 5254 2567 5307 δν
2621 5252 2716 5306 καὶ
2763 5249 3158 5317 δικαιοσύνην
3206 5248 3440 5303 ἐνταῦθα
3494 5247 3673 5312 καλεῖ,

2101 5345 2549 5419 ἐλευθερώσαντα
2579 5344 2678 5416 μὲν
2699 5343 2790 5396 τὸν
2826 5340 3062 5412 Ἰσραὴλ,
3096 5342 3159 5394 ὲκ
3191 5338 3245 5393 δὲ
3285 5339 3386 5411 τῆς
3418 5339 3548 5411 περὶ
3573 5339 3678 5392 αύ-

2416 5482 2463 5518 ’ίι
2506 5481 2664 5540 Joan.
2717 5496 2774 5548 ι,
2848 5478 2935 5536 ιο.
3039 5470 3248 5537 “'ibid.
3286 5478 3342 5536 9.
3440 5477 3485 5513 “
3521 5475 3702 5558 Ρδοι..ε

1695 5587 1934 5700 ὙΑΒΙᾹΣ
1971 5639 2378 5699 LECTIONES.
