4032 6218
446 303 586 367 sua

1559 305 2104 369 COMMENTARII
2141 301 2226 364 IN
2266 301 2549 363 ISAIAM.

3581 298 3722 360 9:350

446 425 541 483 τοῦ
569 426 932 498 προρρήσεως
957 425 1329 498 κατειληφότα
1360 423 1461 496 τὴν
1488 424 1716 495 δύναμιν
1747 422 1842 477 τοῦ
1869 421 2029 477 Θεοῦ.

2157 433 2330 474 ιιιιιιεε
2369 426 2560 490 gentes
2589 415 3002 487 suppeditavit;
3035 429 3196 485 quem
3225 424 3284 468 et
3318 413 3408 466 hic
3451 413 3725 482 justitiam

449 521 561 574 Kal
593 519 670 582 ὡς
699 518 950 589 βουλήσει
985 517 1168 591 [Θεοῦ]
1201 518 1265 572 τὸ
1310 520 1454 573 κατά
1502 515 1612 570 τῶν
1651 515 1820 570 ἐθνῶν
1848 515 2040 584 ἀνεδή-

450 628 585 665 σατο
615 612 817 680 κράτος
853 612 944 664 ίσα
971 610 1302 679 φρυγάνοις
1345 609 1606 674 ἁλόντων,
1644 609 1740 662 καὶ
1772 608 1872 676 τὴν
1903 605 2041 676 πρὸς

449 700 612 754 αὑτὸν
661 701 816 767 ἄγειν
862 699 1323 767 ἀναγκασθέντων
1371 700 1615 769 εἰρήνην.
1670 698 1899 766 Εἴρηται
1943 695 2043 765 μὲν

449 786 544 844 οὖν
570 793 599 843 ὁ
631 789 815 862 Κῦρος
839 790 1195 857 δικαιοσύνη
1215 790 1302 843 διὰ
1333 789 1527 853 ταῦτα,
1559 794 1653 842 καὶ
1687 789 1772 841 ὅτι
1807 786 2048 851 δικαίως

451 883 616 936 αὑτὸν
667 881 948 952 ἐπήγειρε
999 883 1305 936 Βαϐυλῶνι.
1370 881 1429 935 '0
1469 882 1528 934 δὲ
1586 879 1770 934 καλῶν
1800 888 1831 927 ιι
1892 877 2048 930 τοῦδε

453 977 926 1048 συμπεράσματος
959 974 1071 1043 τῆς
1119 973 1518 1041 δικαιοσύνης
1550 973 1608 1024 ὲν
1659 969 1736 1042 τῷ
1769 968 1938 1040 Κύρῳ
1972 967 2047 1040 μὴ

457 1066 752 1138 Γσταμένου
781 1069 875 1120 ἐπὶ
899 1067 1002 1136 τὴν
1034 1067 1518 1136 αύτοδικαιοσύνην
1553 1062 1789 1134 Χριστὸν
1828 1063 1856 1114 ὁ
1887 1059 2046 1127 λόγος

452 1161 737 1228 ἀνάγεται,
774 1162 850 1224 ὡς
888 1160 985 1216 καὶ
1002 1161 1052 1213 oi
1085 1160 1312 1231 πονηροὶ
1335 1157 1621 1224 βασιλεῖς
1662 1157 1720 1208 ὲν
1749 1157 1815 1224 τῇ
1849 1153 2041 1222 Γραφῇ

455 1254 548 1305 ἐπὶ
575 1253 667 1305 τὸν
693 1253 1002 1323 ἀρχέκακον
1041 1252 1335 1320 ἀνάγονται
1373 1251 1630 1320 δαίμονα,
1662 1247 1763 1316 τῆς
1797 1245 2038 1316 ἀκράτου

455 1344 655 1407 κακίας
675 1346 734 1396 ὲν
759 1342 1034 1413 ἀνθρώπῳ
1063 1344 1138 1414 μὴ
1171 1342 1552 1414 χωρουμένης.

2139 510 2376 580 appellat
2409 526 2422 562 :
2463 508 2684 577 partim,
2713 506 2858 576 quod
2887 504 3144 560 lsraelem
3189 502 3245 556 in
3284 503 3594 558 libertatem
3636 520 3728 559 as-

2137 601 2343 666 seruit;
2387 599 2586 670 partim
2618 597 2817 661 etiam,
2865 597 3010 666 quod
3049 596 3116 651 ab
3153 596 3299 651 edita
3329 594 3396 650 de
3441 611 3500 650 se
3535 596 3732 665 prmdi-

2144 693 2328 747 ctione
2355 691 2612 744 virtutem
2649 686 2746 742 Dei
2793 695 3129 741 consecutus
3164 695 3268 741 est.
3301 684 3508 741 Deinde
3539 686 3728 749 etiam,

2139 783 2294 856 quod
2330 781 2602 838 voluntati
2631 779 3000 834 divinae-vires
3034 794 3162 834 suas
3192 789 3386 832 contra
3421 787 3612 849 gentes
3641 781 3732 833 al-

2147 874 2360 944 ligavit,
2391 887 2534 942 quas
2577 871 2771 925 crentio
2801 869 3012 924 similes
3035 870 3390 938 expugnavit,
3436 886 3734 940 pacemque

2143 963 2332 1035 petere
2357 964 2557 1031 coegit.
2594 961 2691 1015 Est
2720 961 2890 1031 igitur
2913 969 3136 1030 propter
3166 975 3266 1016 cas
3301 976 3499 1016 causas
3515 961 3736 1030 justitio

2143 1060 2321 1132 Cyrus
2347 1059 2676 1130 appellatus.
2713 1057 2918 1113 Deinde
2955 1059 3143 1122 etiam,
3184 1058 3330 1128 quod
3355 1059 3502 1127 juste
3537 1059 3736 1113 adver-

2143 1169 2240 1210 sus
2269 1151 2604 1221 Babylonem
2629 1153 2700 1205 sit
2730 1153 3016 1205 excitatus.
3047 1149 3178 1217 Quae
3206 1167 3374 1220 porro
3423 1151 3492 1204 ab
3525 1151 3614 1205 illa
3647 1151 3740 1220 ju-

2141 1245 2308 1299 stitiaz
2345 1243 2706 1314 perfectione,
2745 1258 2867 1312 qua
2905 1243 2958 1297 in
3003 1243 3149 1316 Cyro
3203 1259 3310 1298 non
3362 1243 3618 1308 habetur,
3673 1243 3739 1296 ad

2139 1335 2422 1390 Christum
2462 1331 2625 1404 452
2672 1347 2801 1388 vere
2836 1333 3112 1403 justitiam
3169 1350 3270 1390 nos
3325 1344 3482 1388 vocat
3524 1334 3739 1412 Oratio;

459 1436 700 1506 primum
747 1436 877 1489 mali
913 1444 1198 1492 auctorem
1226 1435 1530 1490 daemonem
1569 1431 1715 1503 (cum
1744 1441 1955 1484 summa
1979 1427 2037 1482 in
2081 1426 2363 1484 hominem
2391 1427 2598 1481 malitia
2632 1442 2742 1483 non
2773 1427 2956 1500 cadat)
2992 1444 3088 1498 per
3119 1429 3294 1484 malos
3356 1444 3498 1498 reges
3569 1427 3744 1497 signi-

459 1527 612 1581 ﬁcari
646 1529 843 1598 innuit.
1575 1589 1581 1598 γ

529 1619 668 1690 Περὶ
708 1620 766 1672 δὲ
795 1620 903 1674 τῶν
936 1621 1267 1692 μελλόντων,
1296 1621 1372 1686 ὡς
1397 1623 1702 1692 γεγονότων
1734 1621 1901 1692 φησί’
1946 1621 2042 1686 Τίς

2224 1612 2454 1679 Deinde,
2487 1612 2552 1667 de
2589 1611 2812 1677 futuris,
2848 1620 3109 1683 tanquam
3135 1612 3740 1684 prmteritisJoquitur,

459 1711 761 1780 ἐνήργησε
798 1713 894 1766 καὶ
943 1714 1196 1781 ἐποίησε
1237 1713 1460 1778 ταῦτα;
1511 1714 1730 1777 δεικνὺς
1778 1713 1854 1777 ὡς
1905 1713 2048 1784 άπερ

2157 1722 2278 1762 cum
2317 1707 2390 1759 ait
2423 1723 2436 1758 :
2467 1706 2605 1771 Quis
2629 1716 2876 1774 operatus
2909 1715 3010 1770 est,
3043 1717 3090 1760 et
3116 1707 3238 1775 fecit
3264 1707 3417 1760 Itwc?
3444 1708 3744 1762 ostendens

459 1801 628 1873 ὥρισε
662 1803 916 1870 γενέσθαι
941 1804 1094 1870 Θεὸς,
1129 1805 1302 1869 οὕτως
1330 1805 1506 1871 ἔσται,
1530 1806 1607 1870 ὡς
1631 1807 1730 1877 ήδη
1757 1806 2047 1875 γενόμενα·

459 1895 614 1947 οὐδὲν
645 1896 752 1963 γὰρ
785 1894 966 1950 αὐτῶν
1000 1898 1345 1952 διαπεσεῖται
1383 1898 1458 1970 μὴ
1493 1897 1630 1967 πρὸς
1661 1897 1821 1970 ἔργον
1858 1897 2045 1967 ἀχθέν.

460 1984 535 2037 Τὸ
566 1985 624 2038 δὲ
662 1985 767 2055 πρὸ
795 1986 1014 2039 πάντων
1044 1983 1183 2040 εἶναι
1215 1989 1449 2059 ἀναρχόν
1475 2005 1531 2040 τε
1566 1989 1660 2040 καὶ
1690 1986 2048 2057 ἀτελεύτητον

460 2075 593 2127 ὄντα
639 2075 875 2138 δεικνὺς,
920 2075 1068 2144 Ἐγὼ
1098 2077 1244 2144 Θεὸς
1276 2077 1526 2146 πρῶτος,
1562 2077 1717 2147 φησὶ,
1767 2077 1861 2130 καὶ
1912 2075 2052 2147 μετά

460 2164 659 2218 ταῦτα.
712 2166 885 2230 Αὐτὸς
938 2168 1047 2238 γὰρ
1091 2170 1118 2222 ὁ
1150 2169 1247 2222 καὶ
1295 2171 1405 2232 τοῖς
1445 2169 1506 2234 ἐξ
1548 2169 1725 2239 ἀρχῆς
1776 2167 2051 2237 θεοφιλέσι

463 2258 752 2325 γνωσθεὶς,
789 2259 882 2313 καὶ
927 2261 999 2330 ὀμ
1034 2260 1083 2331 [ὁ
1119 2261 1256 2331 μετὰ
1285 2261 1398 2332 τὸν]
1427 2263 1694 2334 πρότερον
1737 2260 1866 2316 λαὸν
1893 2265 1960 2332 τῇ
1991 2262 2051 2328 ἐξ

462 2347 636 2402 ἐθνῶν
679 2349 974 2430 Ἐκκλησία
1020 2353 1472 2422 πεπιστευμένος.
1509 2353 1673 2406 Ὅθεν
1721 2354 2047 2424 ἐπήνεγκεν·

470 2439 722 2494 Ἵδοσαν
739 2442 908 2508 ἔθνη,
927 2443 1022 2495 καὶ
1046 2443 1455 2512 ἐφοϐήθησαν.
1479 2446 1550 2497 Ἦ
1566 2446 1647 2498 ὅτι
1666 2444 1808 2498 οὕτω
1823 2445 2052 2515 διέθηκα

464 2529 558 2583 τὸν
575 2531 882 2601 Ἀσσύριον,
910 2536 1293 2604 ἐπαναστήσας
1319 2535 1468 2606 αὐτῷ
1493 2537 1695 2607 Κῦρον,
1719 2536 1795 2600 ῶς
1816 2537 2054 2605 ἀνόνητα

466 2622 724 2690 γενέσθαι
754 2625 970 2696 βοηθεῖν
995 2627 1189 2696 ἐκείνῳ
1224 2627 1542 2698 βουλόμενα,
1577 2629 1670 2681 καὶ
1701 2629 1799 2698 τῆς
1837 2627 1944 2680 τῶν
1976 2629 2054 2680 εί-

467 2715 650 2768 ad»me
684 2716 972 2782 ἀσθενείας
994 2719 1291 2790 καταὸοᾷν,
1319 2719 1414 2772 τοῦ
1443 2719 1578 2773 Θεοῦ
1605 2719 1666 2772 τὸ
1691 2719 1890 2789 κράτος
1922 2718 2054 2770 Θαυ-

474 2807 748 2877 μάζονταὲ
777 2809 812 2879 ἢ
840 2810 922 2862 ὅτι
960 2811 1060 2880 τῆς
1089 2811 1362 2882 προτέρας
1390 2810 1654 2879 άόλεψίας
1702 2809 2052 2879 παυσάμενα,

469 2897 716 2966 ἔγνωσαν
759 2898 854 2951 τὸν
892 2899 1153 2970 εἰρηκότα
1173 2913 1186 2929 ³
1216 2900 1361 2972 Ἐγὼ
1382 2899 1528 2964 Θεὸς
1560 2896 1793 2965 πρῶτος
1834 2897 1930 2950 καὶ
1966 2897 2055 2962 εις

469 2989 544 3044 τὰ
571 2992 962 3061 ἐπερχόμενα.
997 2991 1108 3047 Kal
1149 2993 1356 3048 ἰδόντα
1393 2991 1784 3061 ἐφοϐήθησαν
1823 2991 1880 3042 ὲν
1909 2989 2052 3060 ἀρχῇ

471 3083 740 3154 γενόμενα
761 3084 973 3151 σοφίας.
1001 3101 1021 3136 ι
1063 3084 1233 3154 Ἀρχὴ
1255 3084 1362 3156 γάρ
1382 3082 1574 3154 σοφίας
1591 3082 1753 3151 φόόος
1777 3080 2004 3150 Κυρίου.
2031 3098 2048 3130 ι

476 3176 583 3229 Kal
615 3177 780 3247 μέχρι
807 3176 916 3230 τῶν
947 3176 1198 3247 περάτων
1217 3178 1318 3247 τῆς
1347 3175 1471 3244 γῆς,
1499 3173 1595 3226 καὶ
1623 3172 1732 3225 τῶν
1765 3170 2058 3242 βαρϐαρω-

473 3266 652 3320 τάτων
681 3267 862 3337 διῆλθε
883 3268 946 3320 τδ
969 3269 1252 3340 κήρυγμα,
1283 3267 1378 3320 καὶ
1403 3265 1503 3336 τῆς
1530 3263 1860 3334 θεογνωσίας
1897 3265 1929 3316 ὀ
1952 3262 2059 3332 φό-

475 3357 578 3423 ϐος
631 3357 773 3410 κατὰ
823 3359 885 3411 τό
906 3375 921 3390 ·
969 3357 1440 3427 Ὲγτισὰτωσαν,
1476 3356 1577 3411 και
1606 3353 2061 3424 λαλησάτωσαν

475 3449 616 3518 ἅμα.
659 3449 797 3504 Ἀλλ’
830 3429 947 3503 ἐκεῖ
981 3451 1080 3520 μὲν
1109 3450 1424 3504 ἐκελεύοντο
1447 3451 1694 3522 ἀπαντᾷν
1729 3450 1826 3504 καὶ
1849 3449 2055 3516 λαλεῖν,

475 3538 718 3608 δηλονότι
749 3538 994 3603 δοξάζειν
1028 3539 1163 3592 Θεόν
1185 3557 1198 3571 ·
1235 3539 1470 3594 ἐνταῦθα
1497 3540 1576 3604 δὲ,
1618 3542 1926 3608 Ἦγγισαν,
1958 3537 2059 3591 καὶ

475 3625 666 3700 ἦλθον
698 3629 819 3698 ἅμα
861 3631 1082 3698 κρίνων
1109 3629 1366 3696 ἕκαστος
1407 3628 1487 3694 τῷ
1517 3631 1788 3696 πλησίον
1833 3626 2062 3696 βοηθῆ-

478 3735 603 3774 σαι.
634 3719 838 3784 Σώζειν
870 3720 979 3792 γάρ
1011 3722 1059 3774 οί
1094 3721 1364 3788 θεοφιλεῖς
1403 3720 1520 3790 μεθ’
1556 3720 1766 3774 ἑαυτῶν
1797 3721 1895 3774 καὶ
1918 3718 2062 3785 τοὺς

479 3815 748 3881 πλησίον
777 3814 1110 3883 ἐπείγονται,
1140 3815 1364 3884 ἀγάπης
1403 3796 1600 3876 αὐτοὺς
1626 3812 1775 3884 νόμῳ
1803 3814 1902 3882 τῆς
1929 3815 2062 3868 ἀπιο

483 3908 635 3971 στίας
660 3906 1002 3973 ὲξέλκοντεῇ
1027 3907 1282 3975 λέγοντες
1309 3906 1384 3970 ὡς
1409 3906 1520 3958 Kal
1551 3907 1712 3975 ἡμεῖς
1758 3900 2061 3976 ποτε-ἦμεν

431 4059 434 4062 ί
479 3995 644 4049 τέκνα
671 3997 864 4068 ὀργῆς,
887 3996 1304 4068 είδωλολατρείᾳ
1327 3995 1734 4066 προσκείμενοι,
1765 3993 1859 4046 νῦν
1881 3994 1937 4046 δὲ
1970 3994 2078 4046 τὸν·

478 4088 650 4151 ὅντως
691 4089 992 4154 ἐγνωκότες
1013 4088 1146 4141 Θεὸν
1174 4085 1408 4158 διεσώθη
1418 4103 1537 4157 μεν,
1567 4088 1667 4156 τῆς
1690 4085 1800 4138 τῶν
1829 4083 2062 4138 εἰδώλων

483 4177 768 4240 ἀσθενείας
819 4179 1228 4246 κατεγνωκότες
1260 4178 1530 4249 δεομένων
1567 4176 1663 4230 τοῦ
1708 4175 1844 4248 πρὸς
1875 4176 2064 4230 στάσιν

487 4268 855 4338 στηρίζοντος,
901 4271 1040 4342 ὅπερ
1088 4271 1189 4324 οὐκ
1232 4270 1448 4341 ἔχουσιν
1496 4268 1737 4324 οῖκοθεν·
1777 4267 1891 4322 ἀλλ’
1940 4267 2063 4320 οὐδὲ

2153 1798 2437 1861 nimirum,
2475 1812 2564 1861 ea,
2592 1814 2714 1868 qua:
2739 1798 2910 1853 semel
2943 1797 3059 1852 ﬁeri
3098 1797 3242 1852 Deus
3266 1799 3547 1861 statuerit,
3591 1815 3745 1868 mque

2153 1898 2300 1960 certa
2329 1904 2470 1953 esse,
2508 1903 2570 1943 ac
2606 1889 2651 1943 si
2680 1889 2793 1959 jam
2823 1889 2967 1943 facta
3003 1890 3145 1956 sint;
3174 1906 3352 1960 neque
3370 1906 3561 1944 eorum
3586 1891 3747 1960 Qilltl-

2153 1997 2340 2052 quam,
2373 1982 2516 2052 quod
2557 1997 2666 2036 non
2703 1982 2756 2034 in
2793 1997 2934 2050 opus
2969 1982 3274 2050 redigatur,
3309 1984 3743 2051 przetermissum

2154 2073 2242 2126 iri.
2277 2071 2512 2137 Deinde,
2547 2080 2607 2126 ut
2653 2079 2777 2126 ante
2813 2072 3000 2126 omnia
3024 2072 3318 2136 exsistere,
3366 2073 3746 2143 ρι’ἱιιρὶρὶοιμιο

2154 2173 2208 2218 et
2249 2163 2356 2217 line
2396 2177 2586 2218 carere
2626 2164 3062 2228 demonstraret,
3101 2163 3214 2234 Ego
3244 2162 3387 2217 Deus
3418 2165 3650 2234 primus,
3692 2173 3747 2218 rt

2154 2271 2276 2326 quae
2308 2265 2642 2325 sequuntur,
2673 2257 2903 2311 addidit.
2939 2256 3085 2310 Idem
3115 2258 3260 2310 enim
3291 2265 3397 2323 est,
3429 2268 3483 2312 et
3517 2259 3608 2328 qui
3639 2259 3746 2312 Deo

2154 2347 2555 2402 commendatis
2599 2349 2816 2418 piisque
2863 2349 3181 2405 hominibus
3225 2349 3386 2402 initio
3447 2352 3743 2419 cognitus;

2155 2447 2208 2492 et
2233 2440 2327 2507 qui
2371 2440 2554 2509 priore
2588 2440 2791 2508 rejueto
2827 2441 3027 2509 populo
3062 2441 3306 2509 gentium
3337 2439 3594 2493 Ecirlesim
3621 2456 3745 2496 cre-

2154 2529 2303 2584 ditus
2335 2537 2440 2584 est.
2487 2530 2665 2599 Atque
2702 2530 2828 2584 inde
2871 2539 2976 2595 est,
3014 2530 3159 2599 quod
3189 2531 3388 2601 adjecit
3432 2551 3443 2585 :
3490 2533 3745 2586 Viderunt

2153 2631 2353 2693 gentes,
2390 2631 2440 2675 et
2473 2609 2800 2687 timuerunt;
2839 2624 2921 2678 vel
2961 2623 3105 2694 quod
3139 2626 3210 2679 ita
3243 2641 3336 2694 per
3374 2641 3432 2680 se
3463 2628 3535 2680 sit
3560 2641 3747 2696 accep-

2157 2727 2246 2772 tus
2277 2718 2560 2788 Assyrius,
2593 2718 2686 2787 qui
2731 2717 2934 2790 Cyrum
2970 2720 3024 2774 iu
3055 2719 3307 2774 eumdem
3349 2720 3636 2790 insurgere
3669 2719 3747 2773 le-

2157 2810 2336 2875 cerit;
2373 2817 2432 2862 ut
2463 2825 2660 2863 vanum
2706 2820 2754 2864 et
2793 2810 2990 2865 inutile
3028 2810 3203 2866 fuisse
3238 2815 3578 2867 dctnons:rct
3612 2829 3744 2884 gen-

2158 2900 2295 2954 tium
2328 2915 2518 2955 earum
2552 2900 2836 2968 auxilium,
2872 2917 2992 2971 qua:
3021 2906 3165 2958 l'crre
3183 2903 3474 2958 voluerunt
3500 2920 3514 2969 ;
3544 2903 3748 2973 Deique

2159 2999 2467 3070 potentiam
2507 2997 2828 3065 admiratas,
2866 2999 3130 3056 adversus
3178 3000 3448 3055 idolorum
3495 3001 3746 3066 imbecil-

2160 3091 2371 3146 litatem
2405 3091 2738 3148 vociferatus
2773 3108 2896 3148 esse
2931 3110 2943 3146 :
2974 3093 3055 3147 vel
3091 3095 3236 3163 quod
3280 3095 3464 3164 priore
3497 3095 3748 3148 cazcitate

2159 3182 2424 3247 liberatae,
2463 3199 2588 3253 qua:
2611 3183 2758 3238 dicta
2783 3193 2910 3239 sunt
2940 3204 2954 3239 :
2983 3183 3094 3254 Ego
3118 3184 3260 3240 Deus
3285 3186 3579 3252 prinms,et
3611 3187 3662 3237 in
3685 3201 3750 3238 ea

2159 3291 2276 3344 qua:
2299 3284 2521 3346 ventura
2559 3285 2681 3329 sunt
2711 3275 2785 3329 ila
2817 3275 3020 3331 habere
3052 3286 3394 3346 repererunt.
3420 3277 3578 3342 Quod
3605 3287 3661 3330 ut
3695 3277 3749 3330 in

2161 3365 2282 3436 ipso
2353 3365 2639 3435 sapientiae
2708 3365 2983 3436 principio
3058 3367 3344 3430 uiderunt,
3433 3368 3741 3420 timuerunt.

2166 3471 2187 3505 ι
2234 3451 2456 3508 Initium
2484 3454 2634 3508 enim
2675 3443 2988 3524 sapientiae,
3039 3455 3325 3524 scribitur,
3370 3458 3538 3511 timor
3575 3457 3753 3510 Domi-

2162 3545 2219 3618 ni
2256 3546 2318 3597 ιδ.
2363 3564 2382 3597 ›
2423 3545 2631 3601 Deinde
2675 3547 2741 3599 ad
2787 3555 3070 3603 extremos
3099 3549 3251 3603 orbis
3304 3565 3479 3619 usque
3521 3549 3749 3612 limites,

2163 3645 2217 3692 et
2256 3637 2704 3706 gentesmaxime
2743 3637 3035 3701 barbaras,
3063 3639 3181 3709 ipsa
3198 3638 3476 3709 Evangelii
3501 3642 3750 3710 promul-

2163 3730 2333 3799 gatio,
2391 3726 2705 3798 divinaeque
2755 3729 3095 3798 cognitionis
3141 3731 3302 3782 timor
3351 3731 3516 3801 (sicut
3566 3734 3750 3788 verbis

2166 3820 2290 3875 istis
2329 3838 2344 3877 :
2376 3819 2665 3882 Accedant,
2702 3829 2749 3873 et
2788 3820 3074 3889 loquantur
3103 3822 3285 3888 simul,
3313 3823 3608 3896 innuitur),
3642 3841 3748 3895 pe-

2164 3920 2476 3969 netrarunt.
2512 3911 2581 3964 At
2609 3912 2684 3966 ibi
2722 3913 2973 3982 quidem,
3011 3911 3232 3968 obviam
3266 3915 3368 3980 ire,
3393 3924 3446 3971 et
3481 3919 3650 3986 loqui,
3697 3918 3751 3971 id

2164 4013 2271 4068 est,
2305 4001 2474 4058 Deum
2511 4003 2738 4058 laudare
2766 4003 3070 4071 jubebatur
3103 4023 3115 4058 :
3148 4005 3236 4060 hic
3262 4014 3470 4069 autem,
3495 4008 3753 4062 accessiso

2165 4111 2242 4156 se,
2279 4103 2326 4148 et
2358 4093 2562 4147 venisse
2605 4093 2769 4146 simul
2793 4094 3044 4162 judicans
3079 4097 3456 4166 unusquisque,
3486 4107 3539 4148 ut
3563 4097 3752 4165 proxi-

2165 4202 2250 4237 mo
2283 4182 2593 4247 auxiliatur,
2634 4181 2916 4238 dicuntur.
2953 4183 3187 4239 Servare
3210 4185 3356 4239 enim
3397 4202 3584 4240 secum
3624 4188 3751 4240 vici-

2166 4289 2262 4326 nos
2287 4271 2455 4326 etiam
2485 4272 2578 4341 qui
2612 4272 2688 4341 pii
2731 4281 2886 4333 sunt,
2922 4283 3199 4327 conantur
3231 4289 3405 4342 acum
3434 4275 3750 4329 dilectionis

485 4362 749 4416 σταθέντα
781 4364 1050 4419 κινεῖσθαι
1087 4365 1403 4436 δυνήσεται.
1433 4364 1545 4418 Καὶ
1594 4363 1711 4428 πῶς
1753 4361 1834 4415 ἔτι
1883 4360 2054 4415 ταῦτα

2171 4377 2364 4418 norma
2394 4362 2707 4432 provocati,
2737 4363 2805 4416 ab
2838 4363 3164 4418 inlidelitate
3205 4365 3426 4420 eosdem
3459 4367 3704 4436 eripiunt
3732 4385 3750 4428 ;

482 4452 629 4518 Osci;

2172 4468 2446 4508 memores
2473 4466 2531 4508 se
2559 4453 2725 4506 etiam
2754 4453 3054 4522 aliquando
3085 4453 3228 4510 filios
3254 4455 3349 4509 ἰτιιξ
3379 4458 3661 4514 exstitisse
3683 4461 3748 4526 “‘,

481 4554 536 4598 et
571 4546 898 4604 idololatria:
937 4549 1293 4615 incubuisse,
1339 4565 1488 4604 nunc
1531 4557 1713 4604 autem
1747 4549 1919 4605 Deum
1942 4563 2072 4605 vere
2110 4555 2497 4618 agnoscentes,
2537 4553 2590 4601 et
2615 4545 2848 4600 salutem
2891 4556 3247 4611 consecutos,
3312 4548 3582 4606 idolorum
3647 4553 3752 4607 im-

484 4638 845 4698 becillitatem
871 4642 1173 4707 damnare;
1210 4657 1334 4712 qua:
1372 4659 1478 4698 non
1508 4643 1618 4697 alio
1657 4643 1835 4698 solum
1862 4642 1930 4696 ad
1982 4650 2187 4698 statum
2243 4639 2348 4696 sibi
2421 4639 2884 4702 conﬁrmandum,
2956 4655 3120 4709 quem
3161 4655 3190 4693 a
3233 4657 3294 4698 se
3338 4659 3448 4699 non
3526 4647 3750 4716 habent,

480 4731 642 4805 553
669 4743 898 4805 egeant:
925 4737 1020 4791 sed
1045 4751 1170 4791 cum
1197 4738 1473 4802 steterint,
1510 4753 1578 4792 ne
1611 4737 1817 4792 moveri
1839 4735 2060 4806 quidem
2095 4734 2337 4791 valeant.
2374 4732 2478 4800 Qui
2510 4733 2678 4803 igitur
2711 4734 2894 4788 adhuc
2937 4734 3063 4800 ista,
3093 4735 3167 4790 dii
3202 4753 3326 4792 esse
3362 4745 3614 4810 queant?

553 4826 740 4880 Ταῦτα
781 4827 839 4880 δὲ
887 4823 958 4899 ἦν
1011 4828 1155 4900 ᾶπερ
1201 4829 1388 4898 ἔλεγεν
1426 4830 1576 4883 ἀνω·
1604 4828 2066 4899 Λαλησάτωσαν

481 4916 623 4986 ἅμα,
673 4917 812 4986 μετὰ
859 4917 920 4970 τὸ
963 4917 1220 4988 ἐγγίσαι,
1255 4919 1451 4989 μηκέτι
1500 4918 1588 4971 διὰ
1640 4919 1738 4989 τὴν
1789 4917 2067 4988 ἁμαρτίαν

479 5008 645 5071 ὄντες,
663 5008 904 5080 μακράν,
933 5011 1242 5078 οἰκειότητα
1262 5011 1318 5063 δὲ
1342 5011 1602 5074 λαϐόντες
1632 5010 1983 5082 πνευματικά
2014 5021 2065 5065 ι’.

480 5099 814 5170 Γευσάμενοι
845 5101 955 5170 γάρ
989 5103 1228 5172 συνῆκαν
1263 5103 1346 5156 ὅτι
1374 5103 1612 5174 Χριστὸς
1650 5105 1678 5156 ό
1714 5103 1938 5174 Κύριος,
1970 5103 2066 5156 καὶ

479 5190 543 5243 τὸ
581 5191 776 5255 κάλλος
805 5192 903 5263 τῆς
933 5193 1192 5263 ἀληθείας
1224 5193 1448 5259 ἰδόντες,
1486 5195 1586 5265 οὐχ
1610 5196 1820 5258 ἑαυτοῖς
1851 5197 1945 5248 καὶ
1972 5195 2067 5265 μό-

479 5297 595 5344 νοις
641 5281 918 5354 ὲτήρησαν
973 5284 1318 5348 διδάσκοντες
1376 5285 1628 5353 ἑτέρους,
1695 5287 1776 5347 ὡς
1841 5287 2065 5356 ισχυσε

350 5360 356 5365 ’
395 5393 400 5398 ·
479 5373 705 5430 τέκτων
741 5375 901 5444 ἀνὴρ
927 5377 1024 5431 καί
1061 5378 1349 5448 χαλκεύς.
1394 5379 1519 5444 Πῶς
1551 5379 1610 5432 δὲ
1643 5381 1956 5448 ἵσχυσαν;
2003 5380 2063 5433 Ὀ

560 5547 601 5578 ⁸³
647 5554 798 5612 Psal.
849 5572 935 5626 ex,
969 5558 1058 5613 i0.
1142 5561 1185 5591 "
1233 5557 1435 5629 Ephes.
1476 5575 1537 5625 ιι,
1566 5560 1620 5613 ’5.

2240 4828 2418 4896 Atq‘ue
2457 4827 2572 4881 haec
2609 4834 2788 4892 erant,
2843 4843 2966 4897 quae
3021 4831 3278 4898 superius
3336 4836 3572 4903 volebat,
3623 4855 3746 4895 cum

2166 4918 2413 4974 diceret:
2471 4916 2782 4986 Loquantur
2832 4917 2994 4971 simul
3044 4928 3336 4990 postquam
3371 4939 3749 4994 accesserunt;

2165 5010 2218 5065 id
2253 5017 2359 5072 est,
2393 5015 2681 5078 postquam
2728 5008 2944 5063 sublata
2996 5011 3208 5079 peccati
3259 5013 3546 5081 distantia,
3591 5019 3752 5073 taurii-

2165 5099 2458 5157 liaritatem
2510 5099 2656 5154 inter
2709 5115 2770 5155 se
2829 5099 3168 5170 spiritualem
3228 5104 3492 5160 inierunt.
3550 5107 3745 5164 Statim

2165 5195 2315 5249 enim
2351 5202 2515 5261 atque
2539 5205 2658 5245 eam
2690 5189 3072 5260 degustarunt,
3124 5191 3408 5247 Christum
3451 5194 3744 5254 Dominum

2165 5292 2528 5356 agnoverunt,
2575 5283 2939 5352 veritatisque
2985 5285 3451 5352 pulchritudinem
3503 5301 3754 5347 contem-

2165 5379 2322 5450 plati,
2355 5395 2465 5433 non
2493 5392 2612 5433 eam
2646 5377 2748 5434 sibi
2787 5385 3001 5432 tantum
3051 5392 3442 5452 reservarunt,
3477 5381 3574 5443 sed
3626 5389 3746 5443 aliis

1723 5679 1732 5687 ρ
1794 5651 2032 5708 τιιιιιλε
2077 5614 2480 5710 moriones.

550 5749 578 5792 «ι
615 5757 704 5811 γρ.
745 5741 872 5799 ἀπό.

975 5754 995 5783 τ
1041 5763 1129 5814 rp.
1173 5746 1578 5817 πνευματικήν.
