4032 6218
313 273 443 335 flii)!

1506 278 1511 283 ’
1606 271 1956 333 PROCOPII
1988 271 2234 334 ϐΑΖιΕῐ

3422 262 3569 333 23.32

315 383 545 449 potiores
609 385 842 452 artiﬁces
897 372 1208 439 etararios
1259 382 1502 439 evasisse
1556 382 1882 437 docuerunt.

2006 383 2091 437 ιέν
2133 384 2350 448 συνθεὶς
2373 386 2468 439 καὶ
2500 386 2801 459 διαγλύψας
2832 388 3048 443 εἴδωλον
3068 386 3232 458 τέχνῃ
3258 384 3569 456 τεκτονικῇ,

318 471 422 526 Sed
460 472 550 542 qui
583 472 802 526 tandem
854 473 1124 540 potiores?
1170 471 1316 537 Quia
1367 469 1621 526 conlecto
1666 472 1885 541 quidem

314 572 367 616 et
400 564 679 633 insculpta
717 573 836 617 arte
865 579 962 617 sua
994 564 1143 618 idolo
1174 564 1348 631 alius;
1381 563 1524 618 alius
1548 572 1729 617 autem
1754 562 1893 616 mal-

318 653 383 706 lei
421 666 523 720 ope
557 652 821 705 fabricata
867 660 1073 715 statua,
1120 652 1380 721 deceptos
1425 651 1677 705 homines
1713 650 1768 704 in
1809 665 1893 705 re-

316 743 546 809 probum
578 757 804 797 sensum
839 754 1181 813 rapuerunt,
1223 744 1354 797 dum
1419 758 1519 797 sua
1567 757 1662 797 eos
1707 757 1893 811 opera,

315 834 405 903 qui
434 833 500 887 ad
541 833 835 903 imaginem
870 835 964 888 Dei
1002 835 1173 889 creati
1224 842 1437 898 essent,
1475 833 1708 887 adorare
1741 848 1893 887 com-

319 926 608 992 pulerunt;
642 924 904 994 idipsutn,
961 925 1108 995 quod
1142 941 1181 991 a.
1204 941 1263 981 se
1294 925 1608 980 confectura
1635 933 1775 989 erat,
1810 933 1896 978 so-

318 1014 630 1067 tidationem
679 1015 894 1079 bonam,
944 1025 1204 1083 tanquam
1256 1014 1397 1069 bene
1467 1015 1587 1070 suis
1644 1015 1894 1084 partibus

318 1115 497 1174 aptam
530 1113 586 1159 et
633 1104 1023 1167 coharentem,
1076 1104 1437 1175 appellantes.
1492 1107 1560 1158 At
1624 1111 1753 1159 sunt
1800 1104 1894 1174 qui

319 1206 487 1250 tutam
528 1197 771 1267 priorum
805 1197 1098 1251 verborum
1150 1197 1346 1251 seriem
1386 1197 1440 1251 in
1485 1196 1633 1252 hunc
1663 1196 1890 1250 modum

318 1287 679 1357 explicarunt.
724 1283 1019 1354 Postquam
1050 1286 1185 1340 satis
1214 1285 1281 1339 de
1329 1286 1570 1355 gentium
1608 1284 1896 1339 vocatione

319 1376 601 1438 disseruit,
639 1375 707 1429 ad
764 1375 1041 1431 lsraelitas
1094 1389 1401 1429 sermonem
1453 1375 1717 1430 traducit.
1756 1372 1893 1428 Cum

319 1470 464 1525 enim
498 1469 551 1521 in
587 1467 767 1537 lapide
808 1466 1125 1522 oll'ensionis
1171 1466 1547 1532 oll‘endissent,
1581 1473 1635 1521 et
1662 1482 1691 1520 a
1721 1466 1896 1522 salute

325 1562 479 1630 longe
505 1558 761 1613 abessent
783 1597 799 1623 ,
825 1564 947 1627 post
983 1555 1120 1627 legis
1163 1559 1415 1611 umbram
1449 1556 1671 1611 inducta
1698 1572 1794 1627 per
1829 1555 1896 1611 ti-

321 1651 444 1707 dem
477 1659 561 1727 est
624 1650 824 1719 gratia.
885 1647 1300 1702 Murmurahant
1357 1655 1537 1703 autem
1587 1647 1833 1702 dicentes
1876 1665 1890 1701 :

1996 477 2025 529 6
2050 477 2106 529 δὲ
2130 477 2358 547 ποιήσας
2381 477 2670 548 ἀνδριάντα
2694 479 3056 551 σφυρήλατον,
3080 478 3420 546 ἀπεκόμισαν
3440 474 3571 536 τοὺς

1994 567 2380 636 ἠπατημένους
2433 570 2512 630 εἰς
2562 568 2818 638 ἀδόκιμον
2875 568 3036 631 νοῦν,
3088 568 3411 637 ποιήσαντες
3459 564 3573 618 τῶν

1998 656 2142 710 ἰδίων
2173 656 2349 727 ἔργων
2375 658 2756 728 προσκυνητὰς
2780 659 2904 722 τοὺς
2930 659 3048 711 κατ’
3075 656 3260 710 εἰκόνα
3278 655 3574 723 γεγονότας

1993 746 2153 811 Θεοῦ,
2189 748 2539 812 ἐπαινοῦντες
2565 749 2627 802 τδ
2648 750 2828 822 ἔργον,
2855 751 2950 804 καὶ
2987 751 3314 819 σύμϐλημα
3340 744 3573 799 καλοῦν-

1995 854 2085 902 τες
2118 838 2335 902 καλὸν,
2367 840 2444 903 ὡς
2473 841 2654 902 καλῶς
2685 844 2749 894 ἐκ
2774 841 2881 895 τῶν
2914 841 3059 894 ἰδίων
3095 839 3442 910 ἡρμοσμένον
3472 853 3572 907 με·

1997 924 2127 994 ρῶν.
2158 926 2271 995 Τῆς
2301 925 2360 978 δὲ
2406 927 2586 998 πάσης
2614 929 2826 999 ρήσεως
2864 928 2935 981 τά
2978 929 3173 999 πρῶτά
3215 944 3359 989 τινες
3395 926 3573 988 οὕτως

1998 1016 2361 1085 ἐρμήνευσαψ
2398 1018 2535 1089 Περὶ
2564 1019 2664 1089 τῆς
2691 1020 2800 1073 ἀπὸ
2830 1021 2938 1073 τῶν
2968 1019 3137 1071 ἐθνῶν
3162 1018 3404 1089 κλήσεως
3434 1014 3573 1070 αὗτ-

1993 1105 2178 1176 αρκῶς
2220 1104 2433 1170 εἰπὼν,
2498 1098 2609 1161 ἐπὶ
2660 1109 2788 1172 τοὺς
2842 1109 2903 1174 ἐξ
2960 1108 3173 1180 Ἰσραὴλ
3257 1107 3571 1178 μεταὸἑϐη-

1994 1212 2109 1251 κεν.
2153 1196 2582 1267 Προσκοψάντων
2629 1198 2738 1270 γὰρ
2770 1199 2949 1253 αὐτῶν
2991 1199 3071 1269 τῷ
3103 1198 3237 1268 λίθῳ
3267 1198 3362 1251 τοῦ
3392 1214 3574 1269 προσ-ι

1994 1286 2309 1356 κόμματος,
2386 1289 2485 1342 καῖ
2556 1288 2658 1358 τῆς
2731 1290 3011 1360 σωτηρίας
3085 1290 3387 1358 γεγονότων
3462 1305 3577 1358 μα-

1994 1373 2156 1440 κράν,
2195 1375 2336 1444 μετὰ
2362 1376 2467 1445 τῆς
2493 1376 2635 1429 κατὰ
2680 1376 2846 1447 νόμον
2888 1380 3073 1441 σκιᾶς.
3106 1379 3442 1448 άντεισήχθη
3472 1378 3580 1447 μὲν

1996 1465 2029 1535 ἡ
2061 1463 2150 1517 διὰ
2176 1466 2413 1528 πίστεως
2438 1468 2617 1537 χάρις.
2642 1468 3003 1537 Διεγόγγυζον
3037 1469 3094 1522 δέ
3124 1469 3406 1537 λέγοντεςο
3446 1468 3581 1522 Ἅπ-

1994 1557 2211 1624 εκρύϐη
2233 1557 2270 1623 ἡ
2290 1556 2428 1625 ὁδός
2444 1575 2565 1627 μου
2588 1558 2710 1613 ἀπὸ
2736 1559 2842 1613 τοῦ
2874 1560 3023 1614 Θεοῦ
3038 1577 3054 1593 ο
3077 1559 3224 1612 τοῦτ’
3250 1561 3415 1623 ἐστιν,
3440 1560 3578 1613 οὒκ-

1997 1647 2079 1701 έτι
2116 1650 2184 1719 τῇ
2227 1649 2369 1702 κατὰ
2423 1650 2588 1721 νόμον
2614 1652 2895 1723 ,προσέχει
2945 1652 3197 1725 λατρεία.
3244 1651 3469 1722 Ἀφεῖλε
3505 1651 3581 1706 δέ

324 1739 649 1795 Abscondita
669 1747 745 1791 est
780 1738 863 1791 ria
895 1752 1011 1791 mea
1038 1754 1070 1791 a
1104 1737 1213 1793 Deo
1234 1780 1250 1803 ,
1276 1739 1327 1793 id
1360 1746 1446 1793 est
1478 1756 1491 1792 :
1522 1736 1642 1792 Non
1665 1737 1900 1806 amplius

2006 1757 2113 1809 μου
2147 1739 2261 1808 τὴν
2291 1742 2513 1810 κρίσιν,
2548 1743 2645 1796 καί
2682 1744 2918 1813 ἀπέστη
2943 1757 2958 1773 ⁸
2998 1744 3146 1797 τοῦτ’
3179 1744 3346 1809 ἐστιν,
3371 1744 3584 1797 ἔπαυσε

326 1833 460 1904 legis
492 1831 698 1886 cultum
740 1829 1120 1899 amplectitur;
1170 1831 1264 1885 sed
1290 1846 1321 1883 α
1363 1846 1446 1883 me
1468 1829 1739 1899 judicium
1770 1828 1897 1882 aba-

327 1919 446 1973 tulit
508 1927 559 1972 et
612 1920 851 1981 recessit,
897 1916 950 1971 id
987 1925 1093 1982 est,
1150 1918 1320 1988 legem
1361 1934 1579 1975 cessare
1618 1917 1774 1972 fecit.
1808 1918 1901 1972 Sic

326 2016 470 2071 enim
519 2025 569 2069 et
622 2013 789 2067 David
838 2012 1086 2069 cecinit:
1139 2033 1160 2066 ι
1202 2014 1479 2071 Judicium
1530 2024 1586 2070 et
1631 2014 1899 2086 justitiam

328 2106 380 2159 in
416 2104 583 2159 Jacob
618 2104 795 2158 fecisti
840 2104 919 2169 ης
961 2124 981 2157 ι
1034 2107 1180 2175 quod
1222 2105 1363 2160 idem
1401 2107 1561 2176 plane
1607 2114 1712 2170 est,
1750 2120 1814 2159 ac
1852 2104 1899 2162 si

328 2197 500 2266 legem
537 2211 660 2249 eum
720 2210 815 2265 per
869 2195 1056 2252 Mosen
1116 2198 1367 2252 sanxisse
1422 2197 1592 2251 dicat.
1645 2196 1789 2263 Quin
1844 2206 1901 2252 et

328 2287 506 2343 llascs
535 2288 651 2357 ipse
680 2287 734 2341 in
771 2287 915 2340 hunc
966 2286 1185 2341 modum
1224 2289 1448 2341 scribit:
1492 2306 1511 2339 ι
1569 2286 1635 2341 Et
1671 2288 1820 2343 dedit
1849 2285 1898 2343 ei

322 2380 528 2449 judicia
585 2380 739 2451 legis.
782 2396 802 2430 ›
855 2375 1186 2433 Umbrarum
1233 2376 1452 2441 deinde.
1506 2379 1707 2447 quibus
1769 2379 1899 2433 olim

329 2472 747 2533 involvebatur,
801 2485 1004 2541 scopus
1060 2471 1445 2541 praetigebatur
1499 2469 1788 2537 Christus,
1843 2478 1901 2524 ut

328 2567 447 2634 ipse
482 2566 665 2629 docet,
705 2562 791 2617 his
836 2563 1064 2617 verbis:
1119 2580 1138 2614 ι
1200 2562 1257 2616 Si
1303 2563 1603 2618 crederetis
1662 2562 1815 2626 Mosi,
1847 2568 1901 2617 et

2003 1831 2095 1885 τὸν
2131 1832 2314 1902 νόμον.
2359 1835 2469 1887 Καὶ
2494 1834 2658 1887 Δαϐὶδ
2699 1837 2806 1906 γάρ
2855 1852 3011 1905 φησι·
3043 1855 3062 1886 ι
3099 1836 3297 1905 Κρίσιν
3347 1836 3441 1888 καὶ
3494 1835 3582 1888 διο

2005 1924 2298 1994 καιοσύνην
2332 1925 2392 1976 ἐν
2434 1924 2627 1979 Ἰακὼϐ
2667 1926 2731 1979 σὺ
2758 1928 3042 1999 ἐποίησας,
3077 1946 3096 1978 ι
3126 1927 3366 1997 δηλονότι
3401 1928 3465 1979 σὺ
3484 1926 3584 1979 τὶν

2004 2014 2093 2067 διὰ
2142 2015 2385 2080 Μωσέως
2416 2017 2580 2085 νόμον
2616 2018 2895 2091 διώρισας.
2951 2018 3059 2071 Kal
3085 2019 3287 2087 Μωσῆς
3322 2017 3378 2070 δέ
3412 2032 3581 2088 φησι.⁹

2011 2121 2031 2153 ι
2067 2104 2176 2157 Καὶ
2207 2104 2404 2158 ἔδωκεν
2426 2107 2577 2177 αὐτῷ
2603 2108 2951 2180 δικαιώματα
2980 2110 3167 2179 νόμου.
3200 2127 3221 2161 ι
3254 2109 3429 2162 Πάλαι
3453 2125 3583 2161 σκο-

2007 2193 2105 2258 πὸς
2145 2194 2202 2248 δὲ
2248 2192 2427 2250 αὐτῶν
2469 2190 2543 2251 ὧν
2581 2192 2695 2269 εἶχε
2730 2200 2921 2267 σκιῶν,
2966 2201 3024 2253 ἐν
3075 2193 3166 2262 αἷς
3204 2199 3583 2270 προετυποῦτο

2005 2290 2262 2371 Χριστὸς.
2304 2290 2380 2355 ὡς
2419 2293 2581 2357 αὐτός
2618 2311 2808 2364 φησιν’
2851 2314 2873 2347 ι
2910 2296 2971 2348 Εἰ
3015 2295 3327 2348 ἐπιστεύετε
3369 2292 3581 2358 Μωσεῖ,

2009 2383 2325 2437 ἐπιστεύετε
2350 2384 2416 2438 ἂν
2442 2385 2583 2456 ἐμοί.
2615 2405 2633 2437 ι
2665 2387 2776 2442 Καὶ
2802 2388 3098 2457 προφητῶν
3118 2387 3175 2440 δὲ
3196 2387 3345 2454 λόγοι
3370 2386 3430 2438 τὸ
3452 2384 3583 2453 μέλ-

2004 2472 2097 2527 λον
2165 2474 2404 2545 Χριστοῦ
2477 2478 2775 2548 μυστήριον
2838 2479 3350 2548 προκατήγγειλαν,
3408 2478 3485 2538 εἰς
3552 2472 3585 2525 ὃ

2009 2568 2287 2638 καταντᾷν
2319 2567 2550 2637 ἤμελλεν
2584 2570 2618 2639 ἡ
2649 2568 2743 2623 τοῦ
2775 2570 2942 2639 νόμου
2987 2570 3229 2632 Μωσέως
3279 2564 3583 2636 οἰκονομία.

329 2658 463 2712 mihi
494 2659 657 2710 etiam
700 2656 999 2710 crederetis
1041 2652 1108 2709 ¹’.
1150 2674 1169 2708 ι
1224 2655 1301 2709 Ad
1337 2655 1474 2720 haec,
1512 2654 1898 2726 prophetarum

2006 2657 2171 2727 Πλὴν,
2188 2656 2363 2727 ὠςμὴ
2381 2660 2725 2725 ἀκηκοότων
2751 2663 2883 2734 ἐρῶ,
2908 2662 2983 2725 ὡς
3027 2660 3090 2721 '0
3120 2661 3263 2726 Θεὸς
3287 2661 3358 2714 οὐ
3376 2656 3586 2713 πεινά-

329 2765 609 2805 sermones
651 2750 807 2820 longe.
845 2758 970 2803 ante
1018 2748 1261 2811 futurum
1308 2747 1514 2802 Christi
1555 2749 1896 2818 mysterium,

2007 2765 2122 2803 σει.
2150 2750 2240 2818 Μὴ
2268 2751 2507 2820 δεομένῳ
2532 2752 2639 2821 γάρ
2673 2769 2764 2821 μοι
2795 2752 2895 2815 τὰς
2925 2752 3067 2806 κατὰ
3108 2751 3273 2822 νόμον
3307 2749 3587 2820 προσῆγες

330 2842 475 2914 quod
507 2841 622 2912 ipsa
650 2840 924 2895 Mosaicae
971 2839 1107 2908 legis
1136 2849 1429 2909 exceptura
1477 2848 1625 2896 esset
1672 2853 1899 2893 (Econo-

2006 2836 2263 2910 λατρείας
2294 2841 2600 2910 συμφώνως
2636 2842 2716 2912 τῷ
2737 2858 2751 2872 ⁸
2787 2862 2806 2894 ι
2840 2843 2931 2911 Μὴ
2977 2843 3241 2911 φάγωμαι
3276 2841 3411 2911 κρέα
3450 2838 3586 2890 tad—

332 2934 461 2998 mia,
495 2933 914 2988 denuntiarunt.
968 2928 1196 2992 Verum,
1251 2939 1512 3000 tanquam
1563 2947 1669 2985 non
1716 2929 1903 2984 audie-

2008 2946 2140 2999 ρων,
2189 2930 2222 3002 ἥ
2283 2926 2423 3001 αἷμα
2469 2932 2690 3002 τράγων
2740 2933 2982 3003 πίωμαι;
3023 2952 3042 2985 ι
3076 2931 3202 2994 Πῶς
3250 2931 3358 3002 γὰρ
3399 2928 3587 2998 ἐνδεὴς

333 3026 470 3092 ritis,
519 3028 696 3083 dicam
736 3044 750 3081 :
786 3024 923 3080 Deus
964 3042 1067 3079 non
1101 3023 1320 3079 esu'riet.
1362 3022 1550 3094 Neque
1582 3027 1726 3080 enim
1770 3024 1903 3078 mihi

2006 3019 2121 3088 ἐγὼ
2148 3021 2376 3087 τούτων,
2404 3023 2644 3088 αἰώνιος
2664 3025 2923 3095 ὑπάρχων
2954 3024 3049 3077 καὶ
3080 3023 3387 3095 ἄφθαρτοςς
3410 3022 3448 3092 ᾖ
3474 3021 3587 3074 πά-

334 3128 591 3188 tanquam
634 3118 958 3187 indigerem,
1003 3118 1142 3187 legis
1187 3118 1391 3171 cultum
1424 3125 1477 3171 et
1508 3116 1777 3172 sacriﬁcia
1805 3131 1903 3171 ex-

2007 3109 2096 3174 θος
2116 3111 2453 3181 ἀνθρώπινον
2478 3115 2731 3186 πείσομαι
2749 3133 2765 3182 ;
2784 3116 2942 3169 ’Δλλὰ
2958 3115 3169 3189 λογίζῃ,
3199 3121 3387 3185 φησὶν.
3409 3111 3483 3175 ὡς
3513 3111 3585 3165 Εἰ

335 3213 591 3279 hihuisti;
653 3211 810 3280 juxta
873 3211 1006 3265 illud
1059 3228 1073 3266 :
1127 3229 1146 3262 ι
1206 3208 1325 3265 Non
1384 3226 1580 3264 vescor
1618 3218 1903 3264 taurorum

2007 3201 2244 3271 κρείττω
2270 3203 2342 3256 τὰ
2369 3205 2464 3258 νέα
2493 3203 2601 3258 τῶν
2630 3206 2823 3271 πάλαι,
2848 3206 2903 3259 τί
2941 3206 3076 3269 ὅλως
3109 3205 3218 3258 ἔδει
3246 3205 3343 3274 τῆς
3363 3200 3589 3272 πρώτης

336 3298 502 3376 454
536 3302 818 3364 carnibus,
848 3310 938 3355 aut
968 3301 1249 3356 hircorum
1288 3301 1416 3356 bibo
1448 3303 1770 3371 sanguinem
1805 3302 1902 3356 ¹⁸.›

2007 3293 2332 3363 νομοθεσίας
2354 3312 2370 3364 ;
2402 3296 2478 3368 μὴ
2505 3297 2628 3351 τότε
2657 3297 2714 3351 δὲ
2741 3296 3084 3368 κηρυχθῆναι
3111 3297 3180 3349 τά
3204 3296 3333 3362 νῦνς
3365 3295 3589 3361 ἀγνοεῖς

338 3393 438 3459 Qui
488 3406 709 3462 possum
747 3404 848 3459 ego
881 3388 1001 3447 istis
1042 3391 1306 3459 indigere,
1350 3389 1441 3460 qui
1494 3407 1614 3445 sum
1648 3401 1903 3458 wternus,

2006 3383 2284 3453 γὰρ’Θεοῦ
2336 3389 2529 3456 σοφίας
2575 3389 2912 3460 οἰκονομίαν,
2958 3389 3024 3459 ῆν
3072 3387 3260 3458 μαθὼν
3301 3387 3329 3438 6
3376 3382 3592 3447 Παῦλός

340 3483 472 3537 nulli
509 3482 881 3553 corruptioni,
927 3481 1064 3536 nulli
1097 3483 1353 3551 denique,
1396 3497 1547 3539 more
1600 3482 1903 3551 hominum,

2007 3489 2194 3543 φησιν,
2229 3477 2311 3531 ὅτι
2347 3477 2534 3548 Νόμος
2563 3479 2930 3551 παρεισῆλθεν
2966 3479 3054 3532 ἵνα
3082 3477 3349 3550 πλεονάσῃ
3376 3475 3435 3529 τδ
3477 3491 3592 3528 πα-

341 3576 582 3643 passioni
639 3573 948 3629 obnoxius?
1004 3572 1109 3628 Sed
1166 3582 1346 3627 tecum
1401 3573 1473 3628 ita
1536 3574 1903 3642 ratiocinaris,

2011 3570 2303 3640 ράπτωμα.
2336 3573 2446 3626 Kal.
2479 3572 2672 3628 πάλινο
2708 3572 3026 3626 Συνέκλεισε
3050 3572 3159 3641 γὰρ
3188 3574 3220 3641 ἡ
3252 3567 3443 3640 Γραφὴ
3460 3567 3593 3629 τοὺς

344 3666 559 3734 inquit:
604 3663 660 3718 Si
699 3663 972 3718 veteribus
1019 3671 1326 3733 praestant,
1376 3677 1496 3732 quae
1550 3676 1692 3716 nova
1750 3672 1903 3731 sunt;

2021 3664 2231 3726 πάντας
2254 3665 2346 3733 ὑφ’
2379 3666 2673 3737 ἁμαρτίαν,
2711 3666 2798 3719 ἵνα
2826 3666 2951 3727 τοὺς
2980 3664 3183 3726 πάντας
3229 3663 3452 3732 ἐλεήσῃ.

345 3754 472 3824 quid
508 3754 731 3809 omnino
766 3754 976 3824 priores
1016 3753 1158 3809 l‘erre
1191 3754 1334 3824 leges
1364 3769 1503 3824 opus
1525 3751 1733 3808 fuerat?
1767 3770 1892 3810 num
1918 3764 2050 3812 tunc
2089 3756 2274 3810 doceri
2306 3756 2501 3819 satius,
2527 3772 2648 3825 qua:
2680 3770 2829 3810 nunc
2844 3752 3298 3825 promulganturl
3327 3759 3398 3806 At
3435 3752 3594 3820 igno-

344 3862 433 3902 ras
480 3846 673 3902 divinae
718 3846 996 3916 sapientia:
1044 3847 1427 3912 meonomiam,
1477 3845 1637 3913 cujus
1658 3847 1972 3917 cognitione
2005 3848 2265 3917 praeditus
2305 3848 2620 3916 Apostolus,
2652 3846 2826 3916 legem
2863 3845 3175 3909 introduci,
3209 3851 3268 3896 ut
3306 3851 3589 3911 peccatum

344 3940 669 4001 abundaret,
705 3935 991 3990 aliirmavit
1017 3936 1118 3990 ἠε
1154 3934 1370 3999 deinde,
1411 3936 1747 3992 conclusisse
1774 3934 2115 4008 Scriptqram
2161 3951 2356 3992 omnes
2408 3936 2511 3990 sub
2540 3943 2785 4006 peccato,
2842 3942 2900 3989 ut
2947 3932 3192 3989 omnium
3217 3930 3590 3985 misereretur.

412 4049 605 4119 Arguit
634 4049 801 4120 igitur
848 4048 1126 4123 hominum
1170 4047 1598 4103 imbecillitatem
1630 4048 1714 4104 lex
1764 4048 1903 4119 ipsa,

2084 4051 2345 4119 Ἔλεγχος
2374 4049 2484 4120 ἄρα
2526 4050 2625 4119 τῆς
2656 4047 2962 4120 ἀνθρώπων
3011 4047 3302 4107 ἀσθενείας
3330 4044 3360 4096 6
3403 4045 3591 4112 νόμος,
3635 4076 3644 4082 -

346 4157 454 4196 non
480 4156 576 4198 eos
609 4139 943 4210 justiﬁcans,
992 4137 1087 4194 sed
1130 4139 1416 4204 damnans,
1482 4154 1626 4208 quos
1662 4139 1903 4194 Christus

2009 4141 2072 4195 οὐ
2121 4140 2371 4203 δικαιῶν,
2404 4140 2541 4196 ἀλλὰ
2587 4139 2957 4211 κατακρίνων,
3003 4136 3099 4201 οὓς
3135 4138 3165 4189 ὁ
3197 4135 3433 4207 Χριστὸς
3478 4133 3594 4187 ἐδι-

338 4234 521 4302 gratia
551 4229 1040 4304 justilicavit.lpse
1077 4231 1221 4283 enim
1252 4238 1359 4294 est,
1396 4230 1513 4296 qui,
1549 4240 1903 4300 praterquau:

2012 4231 2220 4285 καίωσε
2240 4232 2441 4301 χάριτι.
2467 4231 2636 4293 Αὐτὸς
2663 4229 2772 4299 γάρ
2791 4231 2820 4283 6
2847 4229 2943 4283 καὶ
2973 4228 3108 4299 πρὸς
3132 4225 3210 4296 τῷ
3236 4225 3323 4295 μὴ
3348 4220 3589 4289 πεινᾷν.

350 4326 623 4394 quodnon
651 4325 840 4390 esurit,
883 4322 949 4378 iis
1000 4322 1188 4381 etiam.
1239 4319 1334 4389 qui
1373 4317 1645 4389 justitiam
1678 4321 1903 4374 exuritur

2014 4326 2131 4385 τοῖς
2180 4321 2432 4376 πεινῶσι
2477 4321 2578 4393 τὴν
2628 4320 2977 4391 δικαιοσύνην
3031 4317 3215 4387 ἰσχὺν
3266 4318 3445 4379 διδοὺς
3495 4316 3595 4386 τὴν

348 4414 632 4485 spirituale
679 4412 842 4466 robur
891 4413 1118 4481 largitur
1170 4411 1264 4479 ὀς
1315 4426 1590 4480 sensuque
1627 4411 1903 4465 destituto:

2019 4415 2418 4483 πνευματικὴν,
2445 4413 2473 4465 6
2506 4413 2601 4465 καὶ
2634 4414 2766 4476 τοὺς
2796 4411 3155 4480 ἀναισθήτους
3189 4411 3269 4472 εἰς
3307 4407 3591 4475 συναίσθη-

350 4505 598 4560 immisso
640 4518 896 4567 tumrore,
947 4502 1244 4556 vindictam
1298 4512 1645 4571 peccatorum
1688 4516 1903 4571 persen-

2027 4520 2110 4563 σιν
2165 4502 2317 4570 ἄγων
2376 4502 2665 4573 ὀδυνηρὰν,
2708 4503 2794 4570 ἐφ’
2823 4495 2902 4564 οἷς
2953 4499 3334 4572 ἁμαρτηκότες
3385 4495 3595 4550 τίσουσι

353 4609 458 4652 ure
494 4595 645 4650 facit.
679 4594 831 4650 Solet
880 4593 1026 4648 enim
1061 4592 1126 4646 ad
1159 4592 1391 4645 salutem
1433 4608 1664 4663 num-qr,
1696 4592 1788 4661 qui
1834 4606 1921 4647 se-

352 4686 593 4739 cundum
627 4684 796 4737 Deum
845 4690 949 4744 est.
1002 4682 1379 4753 pmuitentiam
1429 4684 1645 4754 cperari
1698 4685 1922 4740 minime

356 4775 727 4848 pmnitcndam
768 4774 812 4807 “
841 4793 853 4827 :
898 4774 977 4827 vel
1003 4783 1148 4827 certe
1179 4789 1451 4830 tumorem
1484 4791 1607 4831 eum
1642 4776 1729 4831 hie
1759 4776 1923 4831 intel-

354 4869 494 4940 ligit,
521 4882 681 4940 quem
719 4865 787 4920 ab
831 4866 987 4921 urbis
1018 4866 1423 4936 expugnatione
1465 4866 1627 4922 iidem
1655 4881 1923 4938 percepe-

356 4968 501 5024 runt,
535 4957 630 5030 qui
680 4957 908 5029 sanguis
959 4958 1079 5027 ejus
1138 4972 1302 5027 super
1352 4974 1452 5014 nos
1484 4965 1538 5013 et
1571 4972 1736 5028 super
1783 4959 1924 5015 illius

358 5058 577 5107 nostros
630 5049 997 5105 inclamarnnt
1027 5050 1094 5105 “.
1158 5048 1236 5103 llli
1277 5050 1424 5105 enim
1478 5051 1747 5122 spirituali
1798 5052 1925 5107 cibo

354 5142 626 5209 destituti,
683 5140 882 5196 inﬁrmi
933 5150 1228 5196 evaserunt
1272 5183 1289 5207 ,
1350 5141 1726 5212 quantumvis,
1765 5150 1925 5197 antea

355 5236 550 5292 robore
592 5240 962 5303 praestarent:
1013 5248 1136 5288 cum
1197 5244 1419 5304 propter
1466 5232 1922 5297 imbecillitatem,

354 5323 816 5392 tliaboliopedibus
866 5331 1056 5391 gentes
1101 5324 1484 5385 calcarentur;
1516 5322 1923 5392 praeceptisque

353 5415 621 5486 legalibus
678 5414 933 5472 educati.
994 5415 1166 5483 gratia
1229 5414 1484 5484 gentibus
1551 5413 1918 5479 adventante,

2024 4593 2201 4656 δίκας.
2244 4593 2310 4647 Ἠ
2346 4593 2454 4662 γάρ
2483 4593 2625 4647 κατὰ
2653 4592 2805 4648 Θεὸν
2841 4592 3005 4657 λύπη
3044 4591 3332 4660 μετάνοιαν
3369 4589 3447 4649 εἰς
3491 4602 3592 4639 σω-

2017 4685 2216 4755 τηρίαν
2251 4684 2663 4755 ἀμεταμέλητον
2705 4681 3101 4753 κατεργάζεται
3124 4695 3140 4712 ’
3180 4681 3348 4753 ἤγουν
3387 4679 3592 4742 λύπην

2020 4776 2196 4837 διδοὺς
2225 4776 2325 4846 τὴν
2357 4778 2421 4829 ἐκ
2462 4779 2561 4844 τῆς
2607 4774 2861 4838 ἁλώσεως
2905 4775 3015 4836 τοῖς
3060 4770 3310 4825 εἰποῦσιθ
3350 4770 3423 4822 Τὸ
3458 4761 3592 4834 αἷμα

2025 4864 2192 4919 αὐτοῦ
2225 4863 2309 4933 ἐφ’
2334 4866 2482 4935 ἡμᾶς
2508 4865 2602 4918 καλ⁸
2640 4866 2732 4919 ἐπὶ
2773 4863 2841 4916 τά
2877 4861 3044 4916 τέκνα
3081 4860 3255 4930 ἡμῶν.
3292 4859 3355 4912 οι
3377 4858 3472 4911 καὶ
3496 4856 3593 4924 τῆς

2025 4959 2400 5028 πνευματικῆς
2438 4957 2792 5028 ἐστερημένοι
2819 4954 3024 5025 τροφῆς
3054 4951 3366 5012 ἀσθενοῦσι,
3396 4948 3491 5025 καί
3512 4963 3592 5001 τοι

2026 5050 2291 5122 πρότερον
2339 5050 2644 5121 ἐρρωμένοι
2675 5047 3056 5118 τυγχάνοντες,
3092 5046 3183 5098 ὅτε
3226 5044 3294 5096 τὰ
3323 5040 3450 5109 ἔθνη
3484 5040 3593 5101 τοῖς

2024 5140 2347 5205 διαϐολικοίς
2397 5141 2454 5207 ἐξ
2498 5138 2780 5202 ἀσθενείας
2826 5134 3213 5198 ὑποπεπτώκει
3265 5132 3448 5194 ποσὶν,
3501 5130 3591 5181 καὶ

2022 5234 2145 5295 ταῖς
2180 5230 2421 5293 ἐντολαῖς
2471 5233 2590 5293 ταῖς
2624 5228 2766 5282 κατὰ
2795 5228 2962 5298 νόμον
3011 5225 3355 5296 τρεφόμενοι,
3397 5221 3495 5291 τῆς
3537 5219 3596 5271 δὲ

2024 5323 2245 5395 χάριτος
2275 5319 2533 5390 ἐλθούσης
2566 5320 2675 5381 τοῖς
2710 5317 2943 5383 ἔθνεσιν,
2974 5316 3128 5370 αὐτοὶ
3160 5311 3598 5395 μετέστησαν

2027 5412 2206 5484 λιμὸν,
2223 5411 2281 5466 ὃν
2308 5410 2687 5464 ἐπεσπάσαντο
2713 5409 2946 5475 ἑαυτοῖς,
2963 5407 3023 5461 οὐ
3054 5405 3233 5477 λιμὸν
3262 5406 3448 5468 ἄοτου,
3474 5398 3599 5455 οἰὸὲ

429 5607 866 5691 ’χρετιίιςιίξιιιῖ
896 5604 950 5659 ι.
1028 5605 1071 5636 ⁸⁷
1100 5601 1258 5691 {9.3m
1294 5623 1342 5665 v.
1379 5604 1467 5661 ιϐ.
1544 5605 1749 5663 "Psal.
1801 5619 1903 5661 XLI!

2015 5606 2071 5663 3.
2148 5605 2189 5640 “
2226 5603 2381 5660 Rom.
2417 5618 2470 5663 ν.
2504 5600 2589 5661 15.
2668 5599 2712 5633 ⁸⁸
2742 5592 2932 5653 Hatth.
2968 5609 3023 5660 v,
3055 5591 3109 5648 6.
3185 5591 3229 5624 ²¹
3261 5587 3302 5645 ll
3334 5587 3459 5645 Cor.
3494 5601 3594 5653 τις,

392 5676 448 5734 9.
488 5677 566 5731 to.
643 5677 686 5707 "
722 5675 1094 5731 :‘laltlt.t§utt.
1120 5672 1210 5725 ’25.

3498 5708 3515 5737 ρ
3611 5704 3625 5734 \
