4032 6218
901 287 931 296 ο

343 350 489 412 9ἔίῦὸ

1681 372 2035 438 PBOCOPII
2074 379 2319 442 GAZzEI

3469 384 3616 450 2356

414 460 658 524 Censen!
685 464 961 571 nonnulli,
983 471 1268 547 postquam
1291 488 1488 549 gentes
1509 487 1792 555 mysteriis
1821 488 1929 545 ini-

2104 492 2263 555 Τινὲς
2316 492 2376 546 δέ
2411 492 2697 562 λέγουσιν,
2753 494 2837 571 ὡς
2889 498 3333 570 μυσταγωγήσας
3376 503 3502 567 τοὺς
3553 505 3615 570 ἐξ

341 559 551 622 tiztssct,
579 562 857 631 apostolos
900 563 1008 633 iam
1050 571 1333 639 proposito
1363 576 1657 641 sermonis,
1693 586 1747 633 et
1777 590 1931 636 cate-

339 650 566 706 cheseos
578 663 929 724 argumento,
948 657 1227 716 conlidere
1239 662 1454 732 jubere,
1471 674 1803 740 patrumque
1817 671 1928 724 vir-

340 752 533 805 tu:em,
571 746 733 814 cujus
782 748 861 802 illi
905 752 1130 809 nomine
1160 752 1274 810 Deo
1303 755 1485 813 dilecti
1524 774 1840 826 evaserant,
1870 764 1927 819 in

339 831 655 886 memoriam
709 850 973 893 revocare
1018 857 1030 893 :
1064 840 1298 899 Dilectos
1329 858 1597 917 praeterea
1636 859 1694 907 et
1734 853 1926 910 electos

339 930 522 989 patres
564 939 753 982 eorum
787 929 1098 999 nominare,
1132 941 1193 990 ut
1220 950 1286 992 ex
1322 939 1561 1010 ingenua
1604 952 1661 999 et
1709 943 1927 1002 liberali

337 1014 509 1085 stirpe
543 1021 850 1090 propagali,
881 1025 1131 1092 patribus
1183 1026 1295 1084 ﬁeri
1349 1032 1578 1101 similes,
1624 1049 1933 1108 eorumque

327 1108 593 1190 pietatem
656 1112 860 1169 imitari
915 1117 1196 1175 studeant.
1254 1122 1550 1192 Abraham,
1588 1127 1789 1199 inquit,
1837 1146 1931 1185 as-

339 1204 558 1270 sumpsi,
608 1220 801 1261 vorans
830 1224 949 1262 eum
978 1210 1043 1264 ab
1087 1217 1337 1271 extremis
1364 1227 1541 1285 terra,
1570 1220 1660 1277 his
1690 1222 1876 1278 verbis
1906 1242 1935 1278 ε’

348 1308 365 1340 ι
408 1290 680 1358 Egredere
707 1293 778 1350 de
811 1302 955 1351 terra
991 1308 1105 1368 tua,
1137 1312 1188 1377 et
1222 1302 1289 1359 de
1315 1308 1646 1376 cognatione
1673 1317 1769 1365 tua
1799 1311 1868 1365 ³³.
1900 1329 1920 1363 ι

344 1379 569 1447 Deinde,
623 1399 653 1437 a
700 1387 1098 1444 summitatibus
1146 1393 1260 1459 ait;
1308 1396 1440 1464 quia
1497 1406 1750 1455 montosa
1806 1414 1930 1457 esse

340 1470 718 1531 Chaldaeorum
738 1485 882 1535 terra
903 1490 1161 1538 narratur
1185 1502 1199 1551 ;
1220 1488 1362 1543 unde
1383 1488 1691 1546 idololatria
1709 1508 1927 1550 summa

341 1562 629 1621 laborasse
658 1567 956 1625 Abrahami
985 1581 1237 1643 posteros
1261 1578 1609 1647 signiﬁcavit.
1634 1582 1923 1655 Deinceps,

344 1667 604 1727 tanquam
626 1659 704 1716 de
736 1663 995 1720 universo
1052 1667 1251 1725 lsraele
1306 1670 1560 1741 locutus;
1616 1654 1747 1730 Dixi
1804 1654 1925 1745 tibi,

343 1749 513 1815 addit,
543 1766 674 1820 puer
703 1770 846 1810 meus
876 1772 953 1812 es.
991 1756 1088 1814 Est
1118 1762 1266 1816 enim
1293 1769 1348 1817 et
1378 1763 1497 1834 ipse
1529 1767 1927 1839 pritnogenilus

2029 582 2221 648 ἐθνῶν,
2256 582 2671 656 παραθαρρύνει
2693 586 2821 650 τοὺς
2848 587 3203 654 ἀποστόλους,
3236 589 3306 643 δι’
3344 582 3420 645 ὧν
3451 590 3618 664 ἤμελ-

2027 672 2202 726 λετδν
2245 673 2347 742 τῆς
2398 674 2759 747 κατηχήσεως
2781 677 3066 731 ,ποιεῖσθαι
3140 679 3331 748 λόγον*
3378 683 3473 734 καὶ
3511 685 3615 754 τῆς

2026 763 2140 818 τῶν
2169 764 2425 835 πατέρων
2471 767 2671 829 αὐτοὺς
2719 766 3035 837 ὑπέμνησεν
3056 769 3278 840 ἀρετῆς,
3307 771 3365 837 ἐξ
3408 765 3558 844 ἥπερ
3586 781 3611 809 ⁸

2027 856 2346 926 ἠγαπῶντο
2366 855 2696 927 παρὰθεοῦ.
2733 858 3104 928 Ἀγαπητοὺς
3127 860 3184 913 δέ
3210 861 3304 914 καὶ
3331 862 3616 933 ἐκλελεγ-

2022 950 2252 1021 μένους
2281 949 2409 1013 τοὺς
2452 951 2698 1019 πατέρας
2746 950 2966 1015 καλῶν,
3004 951 3080 1015 ὡς
3134 953 3198 1006 ἐκ
3242 953 3400 1024 ῥίζης
3450 954 3616 1018 ὄντας

2028 1043 2156 1106 τοὺς
2192 1042 2253 1107 ἐξ
2297 1042 2481 1097 αὐτῶν
2538 1042 2794 1110 εὐγενοῦς
2830 1042 2852 1080 ί
2909 1042 3152 1114 ζηλῶσαι
3195 1044 3324 1110 ’τοίη⁵
3372 1049 3617 1119 πατέρας

2030 1132 2359 1203 παρακαλεῖ,
2391 1132 2488 1188 καὶ
2524 1133 2625 1205 τὴν
2671 1135 2897 1190 ἐκείνων
2926 1135 3211 1190 εὐσέϐειαν
3235 1152 3251 1166 ³
3289 1137 3347 1190 λε
3360 1153 3487 1205 γων,
3535 1138 3614 1201 ὡς

2028 1226 2137 1281 τοῦ
2200 1227 2453 1296 Ἀϐραὰμ
2494 1225 2887 1289 ἀντελάϐετο,
2943 1227 3212 1294 καλέσας
3264 1228 3480 1283 τοῦτον
3541 1229 3615 1295 ἐξ

2027 1316 2213 1388 ἄκρου
2236 1318 2346 1387 τῆς
2381 1317 2514 1388 γῆς,
2544 1318 2720 1371 είπὼν
2739 1334 2755 1350 ο
2801 1318 3060 1384 ιἜξελθε
3090 1320 3197 1373 ἀπὸ
3228 1321 3327 1391 τῆς
3360 1320 3465 1391 γῆς
3493 1339 3615 1388 σου,

2027 1411 2122 1463 καὶ
2161 1408 2268 1462 ἀπὸ
2300 1411 2398 1478 τῆς
2429 1406 2750 1475 συγγενείας
2789 1424 2906 1462 σου.
2941 1427 2961 1461 s
3010 1408 3288 1463 Σκοπιῶν
3324 1410 3379 1463 δέ
3423 1428 3614 1482 φησιν,

2027 1499 2330 1571 ἐπειδήπερ
2361 1497 2582 1569 ὀρεινὴν
2618 1493 2879 1570 εἶναιτὴν
2902 1499 3173 1554 Χαλδαίαν
3206 1503 3511 1575 ἱστόρηται,
3548 1506 3618 1558 δι’

2028 1583 2104 1645 ὧν
2136 1590 2193 1643 ἐν
2223 1588 2380 1659 ἄκρῳ
2421 1588 2522 1658 τῆς
2567 1587 3014 1660 εἰδωλολατρείας
3050 1585 3191 1645 εῖναι
3221 1591 3313 1646 τὸν
3362 1592 3636 1663 ’Δϐραάμο

2029 1683 2378 1755 ἐσημαίνετο.
2431 1676 2567 1735 Εἷτά
2621 1697 2787 1752 φησιν
2845 1682 2922 1745 ὡς
2955 1683 3085 1754 περὶ
3128 1684 3332 1747 παντὸς
3373 1684 3617 1756 Ἰσραὴλ,

2029 1776 2112 1831 ὃτι
2143 1772 2299 1830 Εἷπά
2329 1788 2459 1828 σοι’
2488 1772 2638 1840 Παῖς
2664 1790 2787 1842 μου
2822 1769 2895 1828 εἶ.
2935 1774 3291 1844 Πρωτότοκος
3321 1776 3430 1845 γὰρ
3482 1775 3620 1829 ὠνό-

342 1851 715 1934 nuncupatus,
774 1861 951 1918 neque
1001 1865 1033 1904 a
1075 1849 1208 1916 Deo,
1258 1868 1290 1907 a
1328 1832 1437 1924 quo
1479 1832 1673 1912 electus
1709 1832 1925 1927 luerat,

2033 1884 2256 1940 μασται.
2292 1866 2560 1935 Γεγονότα
2594 1832 2865 1921 τετοῦτον
2911 1832 3619 1937 ἀπ’όλεκτοννούκῡέγκατ-

344 1929 669 2003 derelictus;
694 1953 819 1994 cum
849 1942 918 1996 ab
937 1942 1131 1998 eodem
1164 1946 1351 2000 audiat
1378 1965 1391 2001 :
1419 1946 1502 2003 Ne
1525 1951 1730 2016 timeas,
1764 1970 1928 2025 neque

342 2045 506 2084 erres.
539 2028 650 2100 Ego
677 2032 817 2086 enim
850 2050 967 2088 sum
1001 2034 1144 2091 Deus
1187 2048 1332 2106 tatus,
1378 2043 1469 2110 qui
1514 2043 1813 2111 eoufartavi
1844 2056 1927 2112 te;

342 2136 408 2175 eo
441 2129 684 2193 tempore
730 2124 1015 2191 nimirum,
1051 2142 1160 2197 quo
1203 2128 1407 2200 ipsum,
1454 2132 1576 2204 lege
1621 2137 1927 2208 proposita,

343 2213 512 2270 Deum
564 2231 755 2281 unum.
804 2225 860 2272 et
894 2219 1184 2276 Dominum
1232 2238 1399 2288 unum
1449 2239 1593 2293 esse,
1629 2229 1790 2298 eique
1821 2232 1927 2286 soli

277 2337 281 2340 ν
342 2307 689 2363 serviendum
715 2308 938 2378 docuit;
971 2327 1099 2368 cum
1129 2313 1365 2386 denique
1392 2315 1670 2390 Uuigeniti
1704 2321 1929 2379 dextera

342 2400 685 2457 devictarum
715 2404 959 2473 gentium
987 2405 1362 2465 haereditatem
1393 2409 1550 2467 adire
1571 2412 1722 2469 iecit.

418 2493 514 2547 Sin
549 2504 734 2550 autem
763 2497 829 2552 ad
858 2497 1097 2568 priorem
1122 2499 1636 2572 interpretationem
1657 2507 1923 2577 respicis:

346 2586 417 2640 ab
466 2586 581 2656 ipsa
637 2588 851 2645 seminis
894 2590 1125 2648 Abralm
1172 2596 1470 2663 mentione,
1516 2596 1583 2652 ad
1635 2601 1927 2669 apostolici

342 2678 498 2733 chori
528 2678 853 2734 electionem
889 2681 1092 2738 iterum
1116 2688 1452 2755 revertitur;
1482 2690 1574 2759 qui
1622 2705 1751 2759 puer
1780 2707 1925 2747 meus

341 2768 525 2838 dicat;
555 2778 652 2825 aut
680 2770 850 2844 558
896 2775 1200 2832 secundum
1246 2776 1564 2850 Symmachi
1599 2781 1927 2855 interpreta-

345 2859 549 2915 tionem
583 2877 763 2918 servus
815 2879 982 2929 meus,
1023 2880 1130 2935 qua
1179 2869 1393 2925 ratione
1439 2879 1498 2926 et
1532 2869 1735 2929 Paulus
1779 2872 1926 2929 servi

345 2952 610 3019 nomine,
674 2964 932 3026 tauquam
989 2959 1264 3028 praeclarae
1311 2960 1594 3033 dignitatis
1650 2964 1923 3036 alicujus,

348 3043 631 3119 gloriatur.
676 3047 819 3114 Quin
845 3056 898 3105 et
928 3053 1070 3120 apud
1113 3052 1435 3123 prophetam
1468 3066 1657 3125 postea
1705 3072 1720 3109 :
1757 3075 1777 3108 ι
1813 3056 1928 3111 Ma-

2029 1960 2215 2015 ἐλιπεν
2254 1962 2283 2014 ὁ
2322 1958 2474 2021 Θεός.
2510 1958 2671 2031 Πρὸς
2726 1958 2786 2012 ὃν
2830 1974 3003 2027 φησι·
3058 1958 3154 2027 Μὴ
3195 1958 3405 2029 φοϐοῦ,
3457 1959 3620 2029 μηδὲ

2029 2051 2276 2106 πλανῶο
2311 2048 2428 2120 ἐγὼ
2465 2047 2580 2119 γάρ
2627 2051 2746 2119 ειμι
2778 2051 2812 2103 ό
2857 2049 3003 2115 Θεός
3040 2062 3180 2114 σου,
3217 2053 3250 2104 ὁ
3276 2050 3620 2119 ἐνωχύσας

2027 2159 2123 2200 σε.
2163 2142 2391 2209 Διδάξας
2420 2141 2584 2196 αὑτὸν
2631 2140 2722 2195 διὰ
2755 2139 2851 2194 τοῦ
2897 2141 3088 2212 νόμου,
3122 2141 3207 2195 ὅτι
3243 2142 3338 2195 καὶ
3374 2140 3505 2204 Θεὸς
3533 2136 3619 2206 εἷς

2027 2237 2167 2301 ἐστι,
2194 2235 2288 2289 καὶ
2316 2233 2523 2306 Κύριος
2554 2227 2654 2296 εἷς,
2680 2232 2778 2286 καὶ
2804 2232 2954 2303 αύτῷ
2989 2231 3097 2305 χρὴ
3131 2232 3279 2304 μόνῳ
3305 2232 3617 2304 λατρεύειν,
3662 2248 3681 2253 ·

2026 2328 2116 2385 διὰ
2175 2331 2276 2400 τῆς
2321 2325 2456 2390 ιδίας
2502 2322 2709 2392 δεξιᾶς
2750 2323 2847 2379 τοῦ
2877 2324 3218 2394 Μονογενοῦς
3277 2326 3619 2399 κληρονόμον

2029 2418 2158 2489 ποιὴ
2167 2434 2267 2481 σας
2296 2415 2470 2470 ἐθνῶν
2502 2414 2852 2486 ἡττημένων.

2098 2504 2256 2560 Κατά
2296 2503 2356 2557 δέ
2392 2504 2496 2575 τὴν
2538 2502 2765 2574 πρώτην
2801 2503 3084 2575 ἐξήγησιν,
3129 2504 3237 2559 τοῦ
3271 2505 3622 2575 σπέρματος

2040 2592 2289 2665 Ἀϐραὰμ
2315 2592 2720 2665 μνημονεύσας,
2758 2592 2853 2645 ἐπὶ
2879 2592 2980 2664 τὴν
3002 2591 3096 2647 τοῦ
3129 2592 3488 2647 ἀποστολικοῦ
3517 2611 3621 2665 χο-

2030 2684 2127 2759 ροῦ
2177 2684 2340 2740 πάλιν
2385 2684 2695 2756 ἀνέδραμεν
2746 2682 3003 2753 ἐκλογὴν,
3069 2681 3212 2747 παῖς
3242 2700 3364 2753 μου
3416 2684 3618 2752 λέγων,

2027 2777 2172 2832 κατά
2202 2777 2260 2831 δέ
2288 2777 2416 2840 τοὺς
2436 2776 2678 2842 λοιποὺς,
2699 2773 2903 2843 δοῦλε,
2936 2777 3024 2846 ἐφ’
3049 2770 3094 2847 ᾧ
3114 2777 3210 2833 καὶ
3230 2774 3441 2841 Παῦλος
3470 2776 3621 2847 μέγα

2029 2868 2265 2941 φρονῶν,
2296 2868 2498 2947 δοῦλον.
2514 2867 2729 2935 ἑαυτὸν,
2756 2867 2832 2932 ὼς
2856 2868 2967 2922 ἀπό
2990 2886 3136 2935 τινος
3165 2870 3426 2924 ἐκάλεσεν
3447 2868 3621 2933 ἀξιώ-

2031 2980 2221 3035 ματος.
2253 2963 2364 3017 Καὶ
2396 2960 2605 3034 προϊὼν
2645 2960 2756 3034 γὰρ
2789 2961 2818 3014 ό
2869 2962 3158 3033 προφήτης
3210 2964 3360 3033 ἐρεῖ·
3404 2979 3422 3013 ι
3453 2962 3626 3028 Μέγα

2029 3056 2113 3109 σοί
2138 3056 2256 3108 ἐστι
2281 3053 2377 3107 τοῦ
2403 3052 2671 3124 κληθῆναί
2711 3068 2773 3105 σε
2803 3051 2971 3106 παῖδᾶ
3005 3045 3126 3122 μου.
3172 3072 3191 3106 s
3228 3052 3522 3107 Κάνταῦθα
3555 3052 3622 3105 δέ

344 3152 510 3201 unum
543 3137 639 3191 tibi
672 3148 756 3193 est
784 3141 973 3195 vocari
1007 3157 1224 3197 servum
1272 3160 1476 3213 meum,
1506 3146 1758 3202 invenias
1786 3148 1855 3203 ³³.
1902 3169 1921 3202 s

2036 3145 2198 3200 πάλιν
2225 3143 2337 3213 τῆς
2382 3143 2648 3213 ἐκλογῆς
2692 3142 2808 3211 τὴν·
2834 3141 3121 3199 δουλείαν
3148 3144 3470 3217 προέταξεν.
3496 3145 3626 3198 ’Πα-

348 3228 412 3282 Et
439 3228 526 3284 hic
550 3238 814 3299 prmterea
840 3232 1102 3295 electioni.
1132 3236 1435 3290 servitutem
1475 3238 1766 3307 praeponit,
1804 3240 1934 3294 Ele-

348 3323 574 3376 ctionem
616 3337 747 3377 vero
781 3322 847 3378 ad
886 3322 1245 3394 Evangelium
1276 3328 1535 3396 gentibus
1575 3330 1933 3402 promulgan-

299 3440 302 3449 ν
357 3415 485 3470 dum
509 3415 779 3480 excitans,
814 3414 945 3471 Noli
968 3426 1213 3484 metuere,
1241 3420 1444 3490 inquit,
1473 3437 1565 3492 ego
1596 3432 1765 3476 rerum
1790 3440 1928 3480 sum.

355 3516 521 3573 Juxta
557 3511 723 3567 illud:
751 3529 770 3564 ι
793 3508 941 3568 Ecce
956 3528 1058 3583 ego
1087 3512 1371 3569 vobiscum
1391 3528 1512 3570 sum
1531 3516 1791 3572 omnibus
1820 3515 1936 3571 die»

349 3609 473 3672 bus,
527 3620 704 3676 usque
745 3605 814 3661 ad
871 3606 1406 3660 consummationem
1453 3605 1642 3661 saeculi
1664 3607 1731 3661 ³⁵.
1766 3624 1787 3660 ι
1825 3606 1931 3664 Sed

349 3702 493 3763 vide,
544 3716 608 3755 ne
656 3714 821 3763 erres,
877 3697 1095 3767 adjicit;
1131 3699 1227 3770 qui
1271 3706 1366 3753 tua
1414 3705 1468 3754 te
1510 3699 1678 3757 unius
1726 3700 1935 3758 virtute

348 3801 516 3849 tautae
564 3791 992 3863 promulgationi
1039 3792 1177 3847 satis
1224 3805 1351 3848 esse
1398 3806 1562 3863 posse
1620 3792 1929 3851 arbitreris.

350 3887 489 3954 Quid
513 3885 661 3942 enim
685 3901 773 3941 me
805 3885 1052 3951 absente,
1085 3882 1297 3955 tibique
1323 3883 1475 3940 vires
1504 3883 1774 3941 adversus
1805 3892 1932 3940 tan-
1989 3933 1997 3940 .

351 3990 437 4035 tas
471 3979 727 4036 miserias
758 3994 866 4033 non
901 3977 1313 4049 suppeditante,
1347 3976 1604 4035 facturus
1626 3977 1797 4034 eras?
1821 3976 1935 4049 Ego

349 4072 495 4129 enim
520 4081 593 4137 te,
630 4086 699 4128 ne
748 4084 1058 4141 praeconem
1115 4069 1298 4139 agenti
1334 4068 1639 4141 quidquam
1668 4067 1932 4137 oliiceret,

349 4172 615 4231 tanquam
664 4159 923 4229 praesidio
959 4159 1296 4215 muniebam.
1351 4158 1546 4230 Itaque
1585 4166 1716 4215 tuos
1747 4158 1935 4214 adver-

351 4254 524 4308 sarios
548 4251 709 4307 nihili
737 4249 931 4307 facias.
975 4250 1150 4305 Erunt
1179 4251 1319 4305 enim
1354 4251 1513 4320 quasi
1542 4266 1651 4306 non
1675 4251 1807 4315 sint,
1836 4250 1934 4321 qui

352 4358 461 4397 non
502 4342 577 4396 ita
606 4340 819 4411 pridem
867 4340 1156 4396 saevientes
1187 4339 1397 4411 aliquid
1427 4353 1554 4397 esse
1578 4340 1932 4416 videbantur,

2038 3236 2396 3310 ραθαρρύνων
2423 3235 2480 3289 δὲ
2507 3235 2623 3305 τὴν
2650 3235 2917 3306 ἐκλογὴν
2940 3235 3075 3306 πρὸς
3113 3237 3174 3289 τὸ
3200 3238 3334 3291 πᾶσι
3358 3237 3419 3290 τὸ
3446 3236 3624 3306 Εὐαγ-

2034 3330 2217 3399 γέλιον
2246 3327 2484 3400 κηρύξαι
2510 3330 2625 3392 τοῖς
2643 3327 2890 3381 ἔθνεσιν·
2916 3327 3014 3397 Μὴ
3044 3328 3255 3397 φοϐοῦ,
3286 3328 3447 3400 φησί’
3465 3331 3625 3399 μετὰ

2034 3420 2153 3476 σοῦ
2181 3419 2292 3490 γάρ
2327 3423 2465 3490 ειμι.
2492 3418 2654 3474 Κατά
2682 3419 2765 3473 τό’
2808 3436 2827 3472 ι
2853 3419 2981 3475 Ἰδοὺ
3012 3418 3126 3488 ἐγὼ
3156 3420 3276 3490 μεθ’
3307 3420 3463 3490 ὑμῶν
3502 3421 3626 3491 είμι

2035 3512 2217 3576 πάσας
2246 3511 2347 3575 τὰς
2380 3512 2613 3583 ἡμέρας,
2643 3511 2751 3573 ἕως
2780 3511 2881 3580 τῆς
2908 3510 3218 3575 συντελείας
3246 3511 3338 3564 τοῦ
3362 3511 3581 3574 αἰῶνος.
3602 3531 3622 3571 s

2048 3604 2212 3660 Ἀλλά
2242 3605 2400 3677 μηδὲ
2454 3601 2686 3670 salarii),
2728 3605 2916 3676 φησὶν,
2969 3604 3196 3675 νομίσας
3253 3604 3359 3675 ἰδίᾳ
3391 3603 3627 3672 δυνάμει

2035 3698 2175 3772 πρὸς
2225 3698 2481 3753 τοσοῦτον
2523 3697 2820 3769 ἐξαρκέσαι
2868 3696 2930 3750 τὸ
2983 3697 3264 3766 κήρυγμα.
3300 3696 3366 3748 Τί
3415 3695 3526 3767 γάρ
3552 3695 3628 3750 ἂν

2035 3788 2304 3861 ἔπραξας,
2341 3787 2416 3862 μὴ
2447 3788 2718 3861 παρόντος
2751 3786 2907 3858 ἐμοῦ,
2944 3786 3040 3841 καὶ
3073 3788 3210 3857 πρὸς
3246 3785 3629 3856 ταλαιπωρίας

2036 3878 2335 3950 καρτερίαν
2394 3876 2808 3949 ἐμύάλλοντοςγ
2842 3874 2955 3947 ἐγώ
3025 3892 3085 3929 σε
3131 3876 3241 3948 γὰρ
3297 3876 3626 3947 ἐφρούρουν,

2035 3971 2176 4042 πρὸς
2207 3970 2269 4024 τὸ
2326 3969 2496 4041 μηδὲν
2554 3967 2808 4041 ἐμποδῶν
2841 3982 2923 4022 σοι
2977 3968 3232 4036 γενέσθαι
3273 3967 3624 4039 κηρύττοντι.

2041 4059 2168 4117 Τῶν
2209 4053 2306 4115 οὖν
2354 4057 2808 4128 ἀνθισταμένων
2860 4057 3066 4128 μηδένα
3117 4056 3386 4127 πεποίησο
3439 4056 3624 4124 λόγον.

2040 4152 2329 4207 Ἔσονται
2354 4150 2468 4220 τὰρ
2494 4151 2584 4216 είς
2607 4148 2809 4214 οὐδὲν,
2833 4149 2886 4202 oi
2922 4148 3061 4219 πρὸς
3090 4147 3270 4216 ὀλίγον
3307 4148 3365 4200 ἐν
3391 4144 3469 4217 τῷ
3486 4144 3629 4199 διῶ-

2037 4255 2159 4297 κειν
2189 4236 2332 4295 εἶναί
2362 4258 2415 4295 τι
2443 4239 2717 4307 δόξαντες,
2746 4233 2823 4293 ὧν
2859 4237 2921 4292 τὸ
2962 4240 3117 4303 τέλος
3152 4237 3420 4293 ἀπώλεια.
3461 4237 3630 4295 Κατὰ

2034 4332 2119 4387 τό·
2156 4352 2177 4387 ο
2208 4329 2365 4386 Εἶδον
2396 4330 2489 4385 τὸν
2529 4328 2702 4401 ἀσιδῆ
2756 4328 3229 4402 ὑπερυψούμενον,
3280 4328 3378 4383 καὶ⁸
3408 4329 3629 4400 παρῆλο

352 4450 477 4487 eum
509 4433 581 4489 sit
616 4446 809 4487 eorum
861 4430 989 4485 ﬁnis
1019 4431 1307 4498 interitus;
1337 4430 1496 4501 juxta
1528 4430 1666 4486 illud
1696 4448 1711 4485 :
1750 4448 1770 4481 ι
1809 4429 1930 4486 Vidi

2038 4423 2153 4492 θον,
2182 4422 2406 4478 καὶίδοὺ
2429 4424 2531 4477 οὐκ
2548 4418 2638 4495 ἦν.
2673 4440 2692 4475 s
2716 4450 2784 4463 --
2806 4441 2825 4473 ι
2852 4421 2917 4476 0i
2935 4421 3046 4494 γὰρ
3079 4419 3429 4492 φρονοῦντες,
3461 4421 3623 4492 φησὶ,

351 4526 578 4594 impium
599 4522 903 4578 exaltatum
928 4522 1187 4588 maxime,
1213 4531 1268 4577 et
1290 4522 1544 4587 transivi,
1568 4529 1623 4577 et
1652 4535 1784 4577 ecce
1822 4535 1930 4578 non

2038 4516 2110 4571 τὰ
2135 4515 2339 4587 ὑψηλὰ,
2369 4515 2549 4587 δεινὴν
2579 4513 2675 4570 καὶ
2717 4514 2985 4585 ἀδόκητον
3035 4514 3367 4584 ὑπομένουσι
3407 4530 3629 4583 συντρι-

352 4622 470 4670 erat
496 4613 563 4667 ³⁸.
604 4630 624 4665 ι
668 4630 686 4663 ι
720 4610 827 4676 Qui
862 4610 1010 4666 enim
1041 4610 1215 4666 altum
1275 4610 1525 4681 sapiunt,
1564 4610 1772 4681 inquit,
1802 4625 1930 4683 gra-

2034 4607 2157 4679 6ήν.
2199 4624 2219 4660 s
2254 4605 2367 4660 Kal.
2412 4604 2576 4678 πάλιν
2602 4623 2616 4637 ’
2659 4606 2793 4669 ιὋς
2841 4604 3047 4675 ὑψηλὸν
3086 4607 3234 4658 ποιεί
3278 4603 3371 4657 τὸν
3428 4602 3628 4656 ἑαυτοῦ

354 4717 473 4760 vem
518 4707 574 4756 et
623 4700 1057 4770 inexspectatam
1102 4700 1320 4754 ruinam
1370 4700 1655 4771 patiuntur
1682 4700 1751 4755 ⁸⁸.
1806 4719 1826 4753 s
1868 4699 1930 4756 Et

2033 4693 2202 4765 οῐκον,
2228 4697 2386 4768 ζητεῖ
2407 4695 2720 4767 συντρισήν.
2747 4714 2767 4747 s
2794 4695 2869 4748 Τδ
2894 4695 2975 4759 δέ,
3003 4694 3148 4764 Ἐγὼ
3168 4690 3474 4763 ἐϐοήθησά
3499 4707 3623 4760 σοι,

354 4808 574 4849 rursum
610 4810 624 4847 :
666 4783 835 4857 (Qui
884 4790 1134 4846 excelsas
1177 4790 1323 4851 aedes
1368 4791 1664 4859 construit,
1713 4791 1930 4847 ruinam

2033 4788 2114 4860 μὴ
2166 4787 2377 4859 φοϐοῦ,
2412 4784 2663 4854 σκώληξ
2702 4784 2930 4851 Ἰακὼϐ,
2970 4786 3032 4840 οὐ
3085 4789 3265 4842 κεῖται
3308 4786 3462 4855 παρά
3510 4788 3629 4849 τοῖς

353 4892 510 4956 perat
553 4883 616 4938 ³⁷.
671 4901 692 4937 s
726 4884 796 4939 At
834 4882 969 4938 illud
1017 4901 1032 4938 :
1084 4881 1198 4952 Ego
1229 4882 1530 4938 auxiliatus
1558 4899 1679 4938 sum
1714 4882 1831 4948 tibi,
1863 4900 1927 4939 ne

2041 4880 2465 4951 Ἐσδομήκοντα.
2492 4877 2784 4945 Extis/lnam
2830 4876 2888 4930 δέ
2916 4877 3357 4949 προσηγόρευσεν
3390 4878 3450 4932 δν
3490 4892 3629 4947 προσ

355 4979 564 5042 timeas,
594 4976 783 5032 vermis
815 4973 1005 5039 Iacob,
1030 4988 1137 5030 non
1165 4972 1486 5045 agnoscitur
1517 4974 1587 5031 ab
1620 4974 1930 5043 interpreti<

2040 4970 2221 5026 λαϐὼν
2252 4969 2513 5023 ἐκάλεσεν
2536 4966 2848 5029 ἐκλεκτὸν,
2873 4965 2965 5020 διὰ
3006 4965 3067 5019 τὸ
3115 4964 3435 5035 σκώληκος
3464 4966 3628 5035 δίκην

354 5065 458 5120 bus
501 5062 886 5134 Septuaginta.
949 5060 1160 5118 Deinde
1211 5063 1405 5117 vermis
1460 5062 1605 5120 idem
1671 5064 1930 5131 nomine,

2035 5062 2148 5116 τῶν
2183 5060 2433 5116 ἀπίστων
2465 5058 2563 5121 τὰς
2611 5058 2800 5121 πόλεις
2843 5057 3216 5128 ὑποδυόμενον
3251 5057 3353 5128 τὴν
3379 5055 3629 5111 δεισιδαί-

353 5155 497 5226 quod
523 5154 675 5211 electi
722 5165 906 5220 antea,
937 5154 1291 5225 signiﬁcavit,
1326 5154 1447 5210 sive
1471 5154 1620 5225 quod
1647 5156 1844 5211 vermis
1877 5155 1930 5212 in

2038 5170 2179 5225 μονα
2209 5152 2422 5221 πλάνην
2469 5148 2531 5216 ἐξ
2577 5149 2744 5204 αὐτοῦ
2796 5148 2997 5220 βάθους
3025 5150 3129 5219 τῆς
3182 5149 3292 5202 τῶν
3316 5147 3626 5220 ἀνθρώπων

356 5246 575 5302 modum
628 5246 1037 5303 iucredulorum
1071 5245 1236 5302 urbes
1293 5247 1707 5321 subingressus,
1741 5263 1930 5320 super-

2036 5242 2387 5317 ἐξαφανίζειν
2425 5244 2627 5314 ψυχῆς,
2675 5244 2769 5298 καὶ
2795 5245 2879 5297 ὃτι
2910 5260 3018 5314 περ
3041 5243 3257 5307 εὐτελὲς
3295 5244 3390 5297 καὶ
3426 5241 3626 5296 ίδιωτι-

356 5339 600 5394 stitionis
649 5354 893 5395 errorem
927 5338 1181 5394 funditus
1218 5352 1286 5394 ex
1336 5339 1623 5396 hominum
1661 5341 1930 5397 mentibus

2046 5340 2142 5394 κδν
2170 5339 2281 5392 τῶν
2321 5336 2637 5392 ἀποστόλων
2668 5337 2905 5408 ὑπάρχει
2952 5336 3013 5390 τὸ
3061 5336 3345 5408 κήρυγμα.
3385 5333 3544 5389 οὕτω
3570 5335 3629 5405 γ’

355 5429 671 5499 erstirparit
724 5448 737 5486 :
784 5431 901 5487 sive
959 5430 1108 5503 quod
1161 5430 1315 5486 humi
1348 5445 1581 5504 serpens
1621 5434 1740 5504 ipsa
1769 5433 1930 5489 etiam

2045 5428 2140 5488 οῦν
2173 5430 2271 5487 καὶ
2296 5430 2457 5494 αὐτὸς
2487 5429 2545 5483 ἐν
2582 5426 2785 5500 ψαλμῷ
2830 5442 2996 5499 φησιν
3032 5426 3062 5479 ό
3090 5425 3308 5497 Σωτήρ
3346 5441 3366 5477 ι
3389 5422 3530 5495 Ἐγὼ
3565 5423 3627 5478 δέ

428 5625 473 5658 ³²
511 5623 647 5681 Gen.
675 5642 772 5693 xit,
802 5630 854 5683 l.
918 5627 962 5659 “
1000 5629 1103 5686 lsa.
1136 5630 1355 5695 xux,6.
1434 5631 1478 5665 “
1515 5631 1708 5690 Matth.
1746 5631 2051 5696 xxvut,20.
2125 5631 2170 5665 ⁸³
2210 5630 2358 5687 Psal.
2395 5647 2577 5698 xxxvr,
2635 5627 2726 5685 55.
2797 5628 2841 5662 "
2874 5627 3039 5684 Prov.
3066 5642 3199 5694 xvu,
3243 5625 3332 5682 l9.
3407 5624 3452 5658 "
3485 5620 3623 5679 ibid.

382 5716 468 5771 lli.
1667 5720 1896 5803 vani/ta
1931 5742 2335 5804 LECTIONES.

430 5822 453 5849 ς
481 5831 568 5884 π),
598 5807 863 5889 ἐφ’ᾖπερ,
956 5818 973 5853 τ
1012 5832 1102 5885 γρ.
1137 5816 1402 5885 εὐγενεῖς.
1560 5876 1617 5886 ψ,
1798 5844 1805 5849 '
2362 5832 2367 5837 ’
