4032 6218
408 317 548 382 9357

1460 389 1465 394 ,
1535 329 2068 391 COMMENTARII
2103 328 2186 390 IN
2232 328 2521 390 ISAIAM.

3520 315 3659 378 2358

399 447 514 504 ειμι
547 432 787 504 σκώληξ,
841 435 935 489 καὶ
981 437 1080 491 οὐκ
1112 436 1420 510 ἄνθρωπος.
1459 459 1478 492 ι
1540 441 1893 512 Ὀλιγοστὸν
1924 443 2036 504 ὃένΑ

2113 450 2231 499 ηεεοι
2257 441 2632 512 apostolorum
2683 437 3021 510 praedicatio.
3050 437 3143 492 Sic
3170 432 3336 505 igitur
3368 440 3422 488 et
3451 433 3569 502 ipse
3602 433 3658 485 in
3723 460 3728 464 τ

399 523 556 576 καλεῖ
594 525 704 577 τὸν
749 524 989 593 Ἰσραὴλ
1029 526 1120 580 διὰ
1145 527 1208 580 τὸ
1242 527 1352 582 τῶν
1393 528 1652 600 μαθητῶν
1677 529 1980 601 εὐαρίθμη-

397 635 510 670 τον.
545 617 794 670 «Δώδεκα
841 618 949 688 γὰρ
975 614 1136 689 ἦσαν,
1172 621 1220 673 οί
1251 620 1308 672 δὲ
1343 621 1462 691 μετ’
1502 622 1726 684 αὐτοὺς,
1756 621 1982 690 ἐὸδομή-

399 724 585 761 κοντα.
617 727 638 758 ι
689 707 747 761 ’0
797 708 853 760 δὲ
888 708 1184 778 Σύμμαχος
1232 692 1514 777 ἐξέδωκεν,
1564 712 1812 780 ἀριθμὸς
1865 711 1982 766 Ἰσ-

392 801 578 869 ραήλ.
620 801 676 854 '0
726 801 783 854 δέ
815 800 1066 865 Ἀκύλας,
1118 801 1434 867 τεθνεῶτες
1487 802 1758 872 Ἰσραήλ.
1822 802 1880 854 ὐ
1927 801 1984 854 δὲ

399 893 714 958 Θεοδοτίων,
746 895 949 963 νεκροί
973 911 988 926 ο
1015 894 1094 965 τῷ
1119 895 1462 966 ἀποστολικῴ
1485 895 1792 965 συμφώνως
1816 909 1832 925 ⁶
1866 893 1985 947 «Ζῶ

399 983 456 1035 δέ
487 983 669 1036 οὐκέτι
695 983 829 1050 ἐγὼ,
858 984 925 1055 ζῇ
949 984 1008 1036 δὲ
1039 986 1095 1038 ἐν
1126 986 1251 1054 ἐμοὶ
1287 986 1542 1054 Χριστός.
1573 1004 1593 1038 s
1627 986 1771 1039 Καίο
1804 1004 1822 1036 ι
1848 983 1986 1038 Καθ’

403 1074 616 1144 ἡμέραν
656 1073 1013 1145 ἀποθνήσκω,
1058 1076 1122 1145 νὴ
1175 1077 1274 1146 τὴν
1324 1075 1622 1148 ὑμετέραν
1644 1077 1931 1148 καύχησιν.
1963 1093 1982 1126 s

415 1161 576 1216 Ἀλλά
651 1164 854 1235 καίπερ
929 1163 1179 1231 σκώληξ
1281 1163 1403 1228 ὢν,
1470 1164 1686 1231 νεκρός
1761 1180 1822 1218 τε
1889 1161 1991 1216 καί

409 1255 746 1322 ὀλιγοστὸς,
779 1257 866 1324 μὴ
895 1255 1104 1325 φοϐοῦ,
1139 1255 1227 1308 διὰ
1257 1256 1356 1327 τὴν
1387 1255 1446 1319 ἐξ
1473 1255 1606 1326 ἐμοῦ
1644 1253 1987 1324 συμμαχίαν,

405 1347 474 1398 δι’
512 1339 579 1417 ἧς
609 1345 897 1411 ἁλοήσεις
927 1345 1034 1398 τῶν
1069 1346 1311 1398 ἀπίστων
1354 1346 1523 1399 ἐθνῶν
1568 1344 1667 1418 τὴν
1714 1344 1990 1409 ἀσέϐειαν,

408 1436 515 1505 ὄρη
541 1437 640 1488 καὶ
681 1437 953 1502 ,βουνοὺς
980 1435 1152 1504 λέγων
1183 1438 1280 1501 τὰς
1307 1438 1686 1507 ἀντικειμένας
1712 1438 1991 1507 δυνάμεις,

409 1527 483 1589 ὼς
515 1526 886 1596 ἐπαιρομένας
942 1525 1084 1578 κατά
1116 1527 1214 1597 τῆς
1265 1525 1521 1595 γνώσεως
1572 1527 1664 1579 τοῦ
1707 1527 1862 1592 Θεοῦ,
1886 1527 1996 1581 τῶν

2083 535 2296 604 psalmo
2324 533 2568 603 loquitur
2597 533 2890 587 Salvator:
2919 549 2936 582 ι
2992 529 3105 600 Ego
3155 541 3276 582 sum
3327 524 3550 588 vermis,
3604 531 3660 578 et

2082 641 2192 681 non
2247 627 2413 679 homo
2456 625 2523 679 ³⁸.
2568 642 2586 674 ι
2621 624 2778 688 Quod
2850 630 3030 676 autem
3108 619 3452 688 perexiguum
3499 625 3662 670 vocat

2085 717 2366 779 lsraelem,
2399 717 2466 770 ad
2513 729 2739 785 parvum
2800 713 3191 781 discipulorum
3251 723 3542 764 numerum
3574 723 3663 762 re—

2087 808 2286 879 spexit.
2327 827 2344 859 ι
2379 808 2546 861 Erant
2573 807 2718 862 enim
2765 803 3165 866 duodeciin;et
3197 801 3264 855 ab
3309 800 3395 855 his
3441 807 3664 868 septua-

2086 902 2234 972 ginta
2265 899 2421 953 alteri
2455 899 2521 952 ³⁹.
2569 916 2590 950 ›
2644 899 2711 950 At
2763 893 3126 966 Symmachus
3169 907 3417 944 numerus
3463 886 3660 952 Israel,

2087 990 2315 1060 Aquilas
2345 995 2532 1043 aut-cm
2565 994 2618 1041 et
2651 983 2981 1045 Theodotio,
3024 981 3218 1035 mortui
3249 979 3448 1041 Israel,
3495 979 3664 1032 inter-

2092 1089 2405 1152 pretantur;
2463 1079 2594 1132 nihil
2644 1083 2793 1132 certe
2843 1074 2910 1129 ab
2963 1072 3212 1143 Apostoli
3253 1071 3437 1124 verbis
3477 1069 3663 1133 alieni,

2091 1169 2184 1240 qui
2227 1168 2372 1224 dicat
2408 1183 2422 1222 ι
2461 1185 2479 1218 ι
2525 1165 2658 1222 Vivo
2708 1171 2890 1219 autem
2944 1177 3053 1216 non
3109 1159 3347 1230 amplius
3391 1171 3527 1226 ego;
3571 1156 3665 1210 sed

2093 1261 2228 1314 vivit
2268 1259 2324 1313 in
2380 1273 2467 1312 me
2502 1257 2757 1312 Christus
2779 1255 2847 1307 ‘°.
2909 1272 2928 1305 ι
2984 1252 3084 1306 Et:
3118 1249 3414 1316 cQuotidie
3465 1248 3669 1301 morior

2095 1354 2318 1418 propter
2349 1345 2578 1414 gloriam
2614 1353 2850 1415 vestram
2868 1342 2935 1399 “.
2966 1361 2985 1393 ι
3009 1340 3307 1402 Cancrum,
3342 1338 3466 1391 licet
3483 1335 3696 1390 vermis.-

2094 1435 2262 1508 459
2285 1437 2379 1499 sis,
2431 1436 2630 1504 inquit,
2679 1443 2729 1488 et
2775 1442 3041 1496 mortuus,
3069 1441 3116 1484 et
3144 1444 3474 1499 perpaucas;
3496 1437 3672 1483 .cessa

2097 1538 2281 1582 tamen
2309 1513 2520 1579 auxilio
2540 1534 2734 1580 nostro
2757 1524 2930 1580 fretus
2959 1534 3206 1587 metuere,
3230 1520 3322 1591 qui
3354 1534 3420 1573 eo
3452 1516 3674 1586 adjutus

412 1615 838 1686 ὐποᾶεὸηκότων
872 1618 1202 1687 πνευμάτων
1251 1617 1559 1688 λεγομένων
1581 1617 1828 1682 βουνῶν
1855 1635 1869 1649 °
1921 1610 1996 1672 ὧν

2113 1615 2400 1672 inﬁdelium
2459 1615 2705 1684 gentium
2755 1613 3091 1682 impietatem
3154 1611 3508 1663 trituraturus
3563 1603 3674 1669 sis;

410 1706 760 1776 ἀπολομένων
813 1708 1201 1778 εὐφρανθήσῃ
1260 1709 1342 1762 σὺ
1396 1709 1468 1762 ἐν
1521 1710 1736 1778 Κυρίῳ.
1790 1709 1996 1762 Δέδωκε

2113 1717 2305 1763 montes
2343 1715 2395 1761 et
2433 1708 2593 1759 colles
2627 1703 2973 1773 adversarius
3005 1707 3308 1771 potestates
3347 1697 3628 1766 appellans
3657 1713 3698 1749 ς.

416 1798 528 1868 γὰρ
557 1800 690 1869 ημῖν
725 1811 751 1838 ιι
793 1799 1041 1864 ἐξουσίαν
1074 1803 1264 1854 πατεῖν
1290 1802 1478 1854 ἐπάνω
1503 1802 1680 1871 ὀφέων
1708 1802 1804 1856 καὶ
1834 1817 1995 1871 σκορ-
2027 1782 2036 1836 J

2113 1810 2366 1869 ianquam
2409 1812 2534 1868 quae
2583 1796 2846 1850 adversus
2893 1794 2985 1849 Dei
3045 1791 3328 1853 notitiam,
3382 1787 3702 1856 spirituum-

413 1890 573 1955 πίων,
606 1891 700 1944 καὶ
722 1892 815 1944 ἐπὶ
841 1893 1022 1946 πᾶσαν
1047 1891 1145 1963 τὴν
1166 1892 1400 1962 δύναμιν
1426 1891 1520 1946 τοῦ
1549 1892 1768 1963 ἐχθροῦ.

2113 1886 2415 1943 ministerio
2454 1887 2548 1955 qui
2596 1884 2755 1938 colles
2809 1884 3186 1944 nominantur,
3224 1875 3627 1932 insurrexeriut
3661 1891 3676 1926 :

412 1979 614 2049 quibus
649 1982 1002 2050 pereuntibus
1037 1991 1091 2036 tu
1135 1984 1190 2036 in
1228 1982 1456 2038 Domino
1491 1984 1780 2039 laetaberis.
1864 1980 2026 2037 Dedit
2097 1979 2248 2034 enim
2314 1978 2472 2033 vobis
2533 1975 2853 2031 facultatem
2910 1979 3196 2042 serpentes
3247 1976 3303 2023 et
3356 1965 3702 2035 scorpiones.

416 2077 800 2142 conculcandi,
857 2087 912 2133 et
955 2079 1220 2134 adversus
1266 2095 1487 2135 omnem
1541 2079 1779 2135 hostium
1809 2085 2134 2147 potestatem
2165 2074 2234 2128 ".

487 2171 680 2232 Ei'mt;
723 2168 768 2221 δ’
805 2168 871 2222 ἂν
911 2169 1018 2237 ὄρη
1045 2171 1137 2223 καὶ
1159 2171 1432 2237 ,βουνοὺς
1471 2171 1565 2224 καὶ
1604 2172 1733 2235 τοὺς
1761 2172 1818 2224 ἐν
1839 2170 1998 2226 δυνα-

417 2259 622 2323 στείαις
673 2260 962 2330 κοσμικαῖς
1012 2261 1128 2322 τοῖς
1193 2261 1515 2324 ἀποστόλοις
1567 2261 1998 2324 ἐπαναστάντας.

428 2350 592 2405 Ἀλλά
625 2351 718 2405 καὶ
741 2351 943 2405 τούτων
996 2351 1422 2425 καθῃρημένων,
1472 2353 1554 2407 σὺ
1609 2352 2000 2422 εὐφρανθήσῃ

417 2443 486 2495 ἐν
544 2440 669 2508 τοῖς
725 2441 916 2508 ἁγίοις
988 2441 1277 2511 Ἰσραὴλ,
1322 2443 1603 2512 ἐντρυφῶν
1653 2444 1728 2496 ὅτ’
1771 2442 1838 2497 ἂν
1888 2441 2002 2510 ἴδῃς

419 2532 647 2596 πολλοὺς
683 2531 972 2600 γεγονότας
1018 2533 1249 2600 ἁγίους,
1304 2535 1400 2586 καὶ
1462 2537 1522 2586 ἐν
1561 2533 1713 2598 υἱοῖς
1761 2532 2007 2600 Ἰσραὴλ

420 2623 814 2693 τεταγμένους.
851 2641 869 2674 ι
904 2625 978 2678 Οὐ
1024 2625 1134 2695 γὰρ
1167 2625 1373 2689 πάντες
1414 2627 1465 2678 οἱ
1497 2625 1556 2693 ἐξ
1598 2626 1835 2698 Ἰσραὴλ,
1860 2621 2007 2681 οὗτοι

435 2715 673 2788 Ἰσραήλ.
714 2735 732 2768 ι
773 2717 1209 2790 Τοιοῦτον-παρά
1238 2718 1317 2788 τῷ
1343 2719 1652 2789 Ἀποστόλῳ
1690 2721 1773 2784 τὸ,
1808 2739 1826 2770 ι
1851 2720 2009 2790 Χαρά

425 2809 516 2859 καὶ
547 2807 810 2876 στέφανός
851 2826 975 2880 μου.
1016 2829 1034 2861 s
1073 2810 1259 2864 Ταῦτα
1307 2812 1437 2880 περὶ
1481 2810 1591 2864 τῶν
1631 2809 1948 2863 ἀποστόλων
1979 2811 2008 2863 ὁ

428 2901 765 2969 προφητικδς
796 2900 952 2969 λόγος
984 2900 1171 2967 εἰπὼν,
1210 2903 1270 2967 ἐξ
1301 2903 1496 2972 ἐτέρας
1523 2903 1698 2973 ἀρχῆς
1736 2903 1862 2972 περὶ
1909 2902 2007 2971 τῆς

429 2991 537 3042 τῶν
583 2991 750 3044 ἐθνῶν
804 2993 1138 3064 ἐπιστροφῆς
1190 2994 1357 3063 λέγει·
1413 2992 1902 3064 Ἀγαλλιάσονται
1953 2995 2008 3047 οἱ

430 3079 673 3147 πτωχοὶ,
709 3081 806 3134 καὶ
859 3085 912 3135 οί
939 3083 1184 3148 ἐνδεεῖς.
1227 3085 1531 3139 Ὠδέλισται
1554 3085 1610 3138 δέ
1636 3084 1696 3137 τὸ
1724 3082 2010 3153 ἀγαλλιὰ-

433 3185 665 3225 σονταιο
703 3172 853 3242 παρά
879 3173 987 3244 γὰρ
1014 3176 1126 3238 τοῖς
1149 3175 1354 3240 λοιποῖς
1381 3176 1614 3246 εἴρηται·
1655 3179 1719 3230 Ol
1757 3175 2003 3244 πτωχοὶ,

438 3261 538 3315 καί
575 3264 627 3316 oi
678 3261 906 3329 ἐνδεεῖς
944 3261 1312 3331 ζητήσουσιν
1340 3265 1518 3334 ὕδωρ.
1553 3266 1649 3320 καὶ
1679 3266 1790 3318 οὐκ
1815 3265 2008 3319 ἔσται.

450 3353 609 3406 Ἀλλά
623 3353 796 3406 ταῦτα
824 3352 990 3407 πάλαι
1019 3354 1343 3410 πεπόνθασι.
1369 3355 1482 3408 Νῦν
1509 3356 1588 3420 δὲ,
1618 3357 1742 3409 Οὐκ
1760 3355 2013 3424 ἐγκαταο

437 3444 628 3512 λείψω
660 3443 903 3510 αὐτοὺς,
937 3445 1072 3499 ἀλλ’
1118 3446 1320 3511 ἀνάξω
1343 3455 1370 3485 ν
1402 3447 1501 3500 ἐπὶ
1537 3444 1652 3498 τῶν
1689 3445 1876 3514 ὀρέων
1907 3460 2016 3496 πο-

439 3534 683 3604 ταμοὺς,
719 3536 814 3598 καὶ
837 3535 905 3588 τὰ
936 3536 1082 3606 ἑξῆς.
1123 3539 1190 3590 Δί
1221 3537 1329 3607 γὰρ
1359 3537 1527 3591 πάλαι
1555 3536 1724 3608 ψυχαὶ
1773 3538 1870 3606 τῆς
1920 3535 2017 3588 τοῦ

439 3623 576 3675 Θεοῦ
611 3622 862 3692 γνώσεως
885 3626 1103 3692 ἐνδεεῖς,
1134 3627 1208 3688 ὡς
1252 3627 1350 3698 τὴν
1379 3625 1671 3696 γλῶσσαν
1699 3627 1900 3692 αὐτῶν,
1924 3628 2020 3680 καὶ

443 3715 533 3769 τὸν
563 3715 720 3783 λόγον
767 3716 1094 3784 ἐξηράνθαι
1122 3717 1214 3771 τὸν
1259 3718 1327 3772 δι’
1375 3718 1543 3787 αὐτῆς
1588 3717 2017 3788 προφερόμενον,

450 3809 635 3878 ῥανίδα
665 3807 910 3878 πόματος
935 3809 1037 3861 οὐκ
1067 3808 1256 3878 ἔχοντα
1290 3808 1544 3876 ζωτικοῦ,
1589 3802 1748 3862 αὗται
1769 3807 1899 3878 παρ’
1935 3807 2022 3859 ἐλ-

452 3897 609 3960 πίδας
653 3899 897 3968 σωτήρια
955 3897 1169 3952 πίνουσι
1221 3898 1308 3954 διὰ
1357 3902 1458 3971 τῆς
1511 3899 1735 3969 χάριτος
1781 3898 2019 3968 νάματα,

448 3988 595 4041 κατά
619 3988 678 4041 τὸ
714 3987 1045 4059 προρρηθένο
1085 4007 1103 4040 ι
1128 3989 1236 4042 Καὶ
1263 3988 1479 4041 πίονται
1513 3988 1658 4058 ὕδωρ
1691 3987 1755 4039 ἐκ
1777 3985 1886 4039 τῶν
1912 4002 2024 4056 πη-

446 4077 562 4145 γῶν
590 4075 683 4130 τοῦ
719 4076 1008 4148 σωτηρίου.
1043 4095 1063 4129 ›
1113 4078 1224 4132 Καὶ
1260 4077 1387 4150 μὴν,
1424 4077 1519 4132 καὶ¹
1559 4077 1667 4132 άπὸ
1695 4075 1887 4147 πηγῶν
1925 4075 2027 4128 Ἰσ-

452 4167 612 4238 ραὴλ,
661 4168 801 4221 κατά
837 4169 897 4222 τὸ
939 4171 998 4222 ἐν
1045 4169 1295 4239 Ψαλμοῖς
1327 4185 1342 4200 ·
1399 4167 1528 4222 (Ἐν
1569 4168 1888 4238 ἐκκλησίαις
1935 4165 2026 4219 εὐ-

450 4260 659 4326 λογεῖτε
684 4259 775 4313 τὸν
804 4259 934 4312 Θεὸν
965 4261 1168 4330 Κύριον
1205 4261 1269 4312 ἐκ
1294 4259 1488 4330 πηγῶν
1525 4259 1763 4329 Ἰσραήλ.
1802 4276 1821 4310 s
1854 4256 2027 4312 Τοῦτο

452 4347 511 4402 δέ
547 4351 660 4402 ἐστι
688 4347 750 4402 τὸ
794 4348 1018 4420 Πνεῦμα
1059 4350 1119 4402 τὸ
1148 4350 1324 4415 ἅγιον,
1371 4349 1432 4401 τὸ
1463 4348 1711 4418 πηγάζον
1740 4349 1799 4400 ἐν
1829 4347 2026 4417 ἐκκλη-

455 4437 594 4500 σίαις
624 4437 792 4492 ὕδατα
824 4439 1051 4504 ζωτικά,
1083 4439 1149 4492 ἐκ
1177 4440 1273 4509 τῆς
1303 4439 1526 4508 Γραφῆς
1545 4437 1648 4508 τῆς
1669 4455 1728 4491 τε
1761 4438 2024 4502 Παλαιᾶῦ

453 4530 546 4584 καὶ
579 4529 818 4598 Καινῆς·
877 4528 1004 4582 ἔνθα
1059 4529 1156 4583 καὶ
1210 4529 1464 4598 ποταμοὶ
1505 4527 1696 4598 ἄνδρες
1731 4527 1879 4597 ἅγιοι
1928 4526 2026 4599 τὴν
2059 4563 2103 4618 D

453 4620 584 4691 πρὶν
611 4619 820 4690 ἔρημον
848 4620 1275 4685 κατακλύζουσιν
1303 4619 1410 4674 ἀπὸ
1430 4619 1524 4674 τοῦ
1548 4619 1784 4691 μεγάλου
1816 4619 2028 4691 ῥέοντες

2179 2163 2396 2220 Dixeris
2418 2178 2548 2221 vero
2571 2171 2774 2217 montes
2797 2169 2846 2215 et
2877 2159 3036 2216 colles
3055 2173 3150 2215 eos
3173 2159 3360 2222 etiam,
3403 2156 3496 2227 qui
3526 2168 3685 2208 mun-

2108 2255 2270 2310 danis
2307 2254 2480 2310 evecti
2536 2252 2950 2321 magistratibus
2993 2249 3258 2320 apostolis
3300 2245 3680 2314 insurgebant.

2110 2347 2217 2402 Sed
2246 2358 2301 2403 et
2331 2347 2416 2402 his
2454 2347 2619 2417 etiam
2647 2344 2896 2408 sublatis,
2927 2339 3191 2394 ltetabert's
3245 2339 3301 2392 in
3359 2336 3560 2391 sanctis
3595 2333 3683 2388 Is.-

2107 2439 2243 2504 rael,
2283 2453 2481 2508 magna
2505 2447 2620 2492 tum
2649 2437 2870 2490 demum
2911 2433 3124 2497 laetitia,
3153 2438 3208 2485 et
3229 2430 3508 2497 voluptate
3541 2427 3684 2494 potii-

2109 2541 2218 2596 tus,
2243 2545 2366 2583 cum
2399 2536 2625 2583 sanctos
2654 2526 2899 2581 evasisse
2929 2523 3252 2593 permultos,
3281 2528 3337 2574 et
3358 2520 3416 2572 in
3447 2517 3689 2577 tiliorum

2107 2621 2330 2678 lsraelis
2393 2619 2646 2675 ordinem
2711 2615 2981 2669 transisse
3021 2610 3348 2666 intueberis.
3416 2627 3435 2660 ι
3496 2607 3684 2675 Neque

2109 2713 2255 2768 enim
2279 2723 2496 2773 omnes,
2526 2706 2620 2776 qui
2647 2721 2713 2762 ex
2751 2705 2950 2760 lsraele
2971 2711 3122 2766 sunt,
3152 2702 3188 2755 ii
3226 2710 3352 2757 sunt
3376 2696 3619 2753 Israel“.
3661 2713 3682 2746 ι

2115 2803 2248 2858 Tale
2272 2809 2358 2857 est
2411 2810 2466 2856 et
2517 2792 2862 2854 Pauli'illnd
2903 2813 2920 2852 :
2986 2814 3006 2848 ι
3057 2793 3328 2848 Gaudium
3381 2799 3438 2846 et
3484 2801 3686 2844 corona

2113 2893 2319 2952 mea“.
2360 2911 2378 2945 ι
2405 2893 2583 2962 Atque
2614 2891 2728 2944 haec
2759 2887 2979 2959 quidem
3015 2886 3083 2942 de
3116 2883 3380 2956 apostolis
3409 2895 3532 2936 cum
3560 2893 3690 2948 pro-

2116 2986 2277 3057 pheta
2307 2984 2574 3048 dixisset,
2618 2989 2879 3051 tanquam
2928 2978 3074 3032 facto
3123 2975 3346 3030 aliunde
3396 2972 3688 3043 principio,

2115 3079 2182 3133 de
2220 3077 2468 3148 gentium
2498 3073 2867 3129 conversione
2895 3083 3203 3126 sermonem
3235 3065 3572 3137 aggreditur,
3605 3062 3692 3116 bis

2115 3171 2296 3226 verbis
2314 3187 2328 3227 :
2347 3165 2710 3223 Exsultabunt
2738 3178 2992 3234 pauperes
3015 3171 3064 3216 et
3082 3163 3283 3230 inopes.
3313 3156 3486 3213 Obelo
3512 3164 3692 3210 autem

2111 3261 2434 3319 confoditur
2488 3259 2714 3315 verbum
2763 3254 3128 3311 exsultabant.
3185 3251 3228 3304 A
3283 3248 3500 3306 caeteris
3546 3244 3694 3302 enim

2115 3356 2349 3413 dicitur:
2381 3351 2648 3420 Pauperes
2673 3349 2812 3403 enim
2847 3357 2895 3400 et
2929 3344 3080 3415 egeni
3115 3348 3350 3409 quaerent
3382 3352 3597 3407 aquam,
3645 3344 3695 3387 et

2117 3464 2222 3503 non
2274 3445 2397 3502 erit.
2461 3443 2568 3497 Sed
2619 3441 2722 3495 ista
2785 3437 2990 3492 dudum
3034 3433 3278 3505 perpessi
3329 3437 3480 3486 sunt.
3540 3425 3697 3479 Nunc

2117 3543 2326 3598 autem,
2357 3546 2462 3585 non
2487 3527 2851 3597 derelinquam
2876 3541 2989 3587 eos,
3019 3521 3109 3578 sed
3142 3521 3380 3590 aperiam
3418 3517 3472 3568 in
3501 3513 3697 3567 monti-

2119 3625 2215 3678 bus
2245 3621 2493 3691 ﬂumina,
2525 3625 2580 3671 et
2613 3630 2737 3685 quae
2791 3613 3073 3680 deinceps.
3107 3608 3318 3661 Animae
3377 3602 3700 3691 enim,qua:

2123 3712 2200 3766 ita
2232 3688 2328 3763 Dei
2365 3704 2684 3778 cognitione
2713 3701 2992 3755 destitutae
3016 3706 3192 3760 erant,
3229 3701 3287 3747 ut
3343 3693 3524 3760 lingua
3555 3688 3708 3758 ipsa,

2123 3801 2363 3872 ipsoque
2395 3807 2676 3857 sermone,
2713 3791 2806 3859 qui
2845 3804 2943 3858 per
2977 3802 3096 3842 eam
3121 3785 3416 3856 proiertur,
3443 3790 3701 3850 tanquam

2126 3889 2315 3944 vitalis
2367 3883 2551 3957 poculi
2597 3880 2918 3951 irrigatione
2976 3879 3247 3938 carentes,
3305 3882 3700 3931 exarescerent,

2125 3978 2352 4042 easdem,
2407 3976 2651 4044 inquam,
2703 3969 3039 4026 salutaribus
3089 3967 3200 4036 jam
3257 3964 3496 4034 Spiritus
3527 3963 3701 4017 sancti

2128 4069 2387 4126 laticibus
2437 4065 2722 4119 fruuntur.
2790 4059 2932 4114 Hinc
2994 4056 3130 4111 illud
3196 4053 3486 4123 superius:
3567 4069 3585 4101 ι
3642 4048 3707 4102 Et

2129 4160 2335 4214 bibunt
2359 4169 2556 4226 aquam
2621 4150 2689 4207 de
2722 4148 2972 4207 fontibus
3027 4142 3416 4200 Salvatoris“.
3456 4160 3474 4194 ι
3513 4139 3626 4195 lino
3653 4148 3707 4192 et

2129 4254 2198 4307 de
2229 4248 2472 4304 fontibus
2519 4244 2709 4310 Israel,
2734 4242 2896 4312 juxta
2939 4237 3077 4293 illud
3129 4237 3184 4291 in
3221 4234 3458 4290 Psalmis
3509 4249 3522 4286 :
3591 4251 3608 4282 ι
3651 4229 3706 4283 ln

2133 4339 2398 4397 Ecclesiis
2452 4336 2767 4393 benedicite
2840 4330 3075 4388 Domino
3142 4327 3256 4382 Deo
3327 4326 3395 4381 de
3465 4322 3708 4378 fontibus

2131 4429 2379 4489 Israel“.
2424 4448 2444 4481 ι
2485 4425 2697 4494 Quibus
2721 4421 2944 4495 quidem
2969 4419 3211 4489 Spiritus
3250 4422 3478 4471 sanctus
3529 4411 3709 4465 innui-

2131 4529 2246 4586 tur,
2277 4517 2374 4588 qui
2406 4514 2604 4570 vitales
2644 4525 2820 4582 aquas
2849 4511 2907 4564 in
2956 4506 3259 4562 Ecclesiam
3286 4519 3351 4560 ex
3406 4500 3610 4556 veteris
3658 4503 3721 4552 et”

2131 4608 2371 4667 recentis
2389 4605 2688 4675 Scriptura:
2721 4601 2962 4657 fontibus
3023 4597 3276 4662 elfundit,
3299 4595 3393 4650 ubi
3437 4593 3712 4648 desertam

455 4683 740 4781 ποταμοῦ,
788 4705 851 4764 οὗ
894 4683 978 4766 ea
1025 4683 1323 4784 ὁρμήματά
1365 4683 1721 4782 εὐφραίνουσι
1750 4683 1850 4779 τὴν
1880 4709 2036 4765 πόλιν

2137 4712 2298 4759 antea
2326 4698 2430 4754 viri
2456 4696 2632 4754 sancti
2656 4694 2939 4764 ﬂuviorum
2964 4690 3162 4754 instar,
3187 4703 3217 4742 a
3236 4701 3433 4757 magno
3467 4683 3558 4739 illo
3587 4697 3714 4752 pro-

452 4805 548 4859 τοῦ
599 4805 756 4870 Θεοῦ,
805 4805 870 4858 δι’
924 4805 982 4858 ὃν
1029 4773 1278 4878 είρηται·
1324 4823 1344 4858 ι
1372 4773 1714 4873 Ὀυποταμὸς
1760 4773 1853 4856 τοῦ
1897 4802 2033 4858 Θεοῦ

2132 4796 2423 4848 manantes
2449 4787 2612 4844 etiam
2645 4783 2894 4854 irrigant,
2921 4779 3088 4852 460
3115 4778 3277 4848 cujus
3317 4776 3552 4846 impetus
3577 4773 3715 4827 laeti-

455 4897 751 4970 ἐπληρώθη
778 4897 1006 4952 ὑδάτων.
1043 4916 1064 4951 ι

533 5075 688 5128 Ἐστι
717 5073 827 5147 γάρ
861 5073 989 5127 ἰδεῖν
1036 5073 1135 5145 τὴν
1162 5072 1427 5142 ἄνυδρον
1468 5072 1641 5127 πάλαι
1673 5072 1772 5144 τὴν
1807 5067 2037 5138 Ἐκκλη-

461 5163 605 5231 σίαν,
632 5164 729 5233 τὴν
782 5163 988 5236 ἔρημον
1036 5163 1172 5218 Θεοῦ
1215 5166 1309 5218 καὶ
1341 5164 1539 5228 παντὸς
1588 5161 1817 5234 ἀγαθοῦ,
1849 5159 1944 5214 νῦν
1975 5161 2040 5212 ἐκ

460 5255 732 5310 τοσούτων
786 5255 1023 5310 ὑδάτων
1094 5256 1274 5326 ψυχὰς
1325 5259 1596 5325 ἔχουσαν
1641 5254 1889 5315 εὐθαλεῖς
1946 5251 2041 5304 καὶ

462 5347 917 5419 ὑπεροψουμένας
948 5349 1045 5419 τῆς
1075 5349 1198 5419 γῆς,
1231 5349 1370 5404 κατά
1396 5349 1464 5401 τὰ
1484 5348 1627 5418 φυτὰ
1658 5346 1727 5400 τά
1750 5348 1808 5398 ἐν
1834 5343 2042 5398 ὑδάτων

533 5453 579 5486 ³⁸
621 5467 762 5520 Psal.
792 5484 908 5530 χιι,
943 5467 992 5520 7.
1102 5467 1146 5498 ”
1182 5465 1312 5521 Luc.
1343 5484 1398 5528 κ,
1436 5468 1488 5521 1.

463 5535 506 5566 ⁵⁸
540 5534 736 5607 Philip.
772 5555 844 5603 iv,
873 5537 923 5592 1.
1002 5535 1048 5568 ⁸⁸
1074 5533 1176 5592 lsa.
1217 5552 1316 5602 su,
1351 5537 1402 5591 5.
1480 5537 1523 5570 ⁸⁸
1549 5536 1693 5594 Psal.
1723 5549 1890 5588 van.
1921 5531 2014 5584 Ἦ.

1582 5467 1627 5498 ⁸ο
1667 5462 1844 5517 Galat.
1877 5478 1936 5520 ll.
1971 5459 2063 5514 ‘20.
2159 5459 2202 5489 “
2245 5459 2265 5510 l
2299 5459 2428 5512 Cor.
2464 5459 2669 5519 xv,5l.
2764 5459 2808 5479 "
2852 5459 2983 5500 Luc.
3014 5461 3068 5510 ι,
3097 5459 3156 5500 ut

1582 5536 1693 5592 ’sal.
1723 5549 1890 5588 van.
1921 5531 2014 5584 Ἦ.
2087 5529 2129 5561 ⁸⁷
2169 5527 2312 5584 Psal.
2341 5542 2468 5592 xu,
2498 5526 2551 5582 5.
2627 5522 2671 5555 ’⁸⁸
2710 5518 2854 5577 Psal.
2887 5532 3030 5586 thv,
3069 5516 3156 5574 10.

2134 4882 2304 4937 licant
2343 4880 2624 4936 civitatem
2677 4875 2770 4931 Dei
2790 4874 2868 4940 ιτς
2902 4874 2970 4929 de
3021 4887 3132 4942 quo
3164 4870 3328 4924 etiam
3349 4886 3367 4922 :.
3431 4883 3450 4917 ι
3490 4859 3716 4918 Fluvius

2143 4971 2235 5026 Dei
2269 4970 2514 5042 repletus
2529 4976 2614 5023 est
2657 4965 2817 5036 aquis
2838 4963 2904 5028 “,
2940 4980 2958 5012 ι
2999 4961 3283 5018 scribitur.

2209 5063 2412 5117 Videas
2432 5061 2578 5115 enim
2613 5058 2914 5114 Ecclesium
2943 5054 3096 5126 aquis
3124 5051 3279 5116 olim,
3299 5057 3352 5105 ct
3371 5049 3502 5114 Deo,
3533 5044 3714 5100 omni-

2140 5169 2248 5225 que
2278 5154 2425 5208 bono
2452 5150 2793 5213 destitutam,
2823 5147 3042 5202 abunde
3073 5158 3216 5200 nunc
3241 5142 3522 5210 irriguum,
3551 5151 3715 5206 vege—

2139 5254 2224 5300 tas
2256 5245 2494 5306 animas,
2518 5248 2573 5297 et
2599 5239 2859 5295 sublimes
2882 5246 3078 5292 eterra
3111 5233 3397 5290 attollere:
3425 5246 3532 5286 non
3560 5228 3716 5283 aliter

2140 5353 2306 5410 quam
2337 5342 2559 5408 prepter
2587 5346 2852 5402 aquarum
2882 5328 3098 5398 copiam
3133 5326 3248 5382 ﬁeri
3280 5324 3421 5381 solet
3454 5323 3510 5379 in
3549 5321 3715 5378 arbo-

2159 5458 2202 5489 "
2245 5457 2265 5510 Ι
2299 5455 2428 5512 Cor.
2464 5451 2669 5519 xv,5l.
2764 5444 2983 5519 ",Luc.
3014 5445 3184 5519 x,_l_9.
3285 5442 3515 5500 "llom.
3547 5455 3626 5507 is,
3661 5437 3726 5493 6.

1731 5643 1963 5706 VARI/IS
1997 5639 2403 5698 LECTIONES.

445 5698 449 5703 I
535 5728 559 5756 "
593 5722 852 5793 γρ.ὑμῖν.
927 5730 953 5756 ν
995 5717 1327 5790 induciae.
