4032 6218
315 256 476 318 9359

1589 330 1593 335 .
1647 268 1965 335 PROCOPI
1977 274 1996 332 Ι
2035 270 2277 331 ῦΑΖΕί

2416 196 2507 223 ,ηπ
2563 216 2625 240 δι’

3417 264 3565 330 2350

315 378 493 438 ribus.
531 391 764 447 quarum
791 375 897 432 hoc
935 376 1056 432 loco
1089 375 1357 445 meminit.
1392 376 1465 433 De
1492 394 1632 447 aqua
1688 379 1795 433 ista
1828 384 1885 432 et

2004 379 2150 446 μόνον
2183 378 2378 450 πλήθει
2410 379 2798 451 συνεστηκότα.
2831 376 3049 431 Τούτων
3104 377 3214 449 γάρ
3268 375 3562 449 μέμνηται-

316 466 568 523 tLhristus
597 469 712 538 ipse
739 470 886 523 hunc
931 468 987 521 in
1048 467 1271 523 modum
1317 470 1677 540 loquebatur:
1730 487 1749 521 ι
1783 468 1890 535 Qui

317 562 516 615 biberit
537 575 735 630 aquam
760 576 826 615 ex
887 561 1052 625 me“,
1096 580 1114 613 ι
1161 571 1469 631 creteraque
1523 561 1802 632 deinceps.
1829 560 1893 617 Et

319 666 543 706 rursus:
578 669 595 703 ι
632 650 733 717 Qui
759 666 955 722 aquam
984 653 1204 718 biberit,
1232 636 1397 723 quam
1447 669 1548 722 ego
1596 652 1756 719 dabo,
1792 653 1895 709 ﬁu-

320 741 464 795 mina
486 740 555 796 de
585 750 775 797 ventre
812 742 934 813 ejus
966 742 1136 798 ﬁuent
1164 760 1320 814 aqua:
1354 745 1589 799 viventis
1611 746 1679 800 ⁸ο.
1711 763 1731 797 ι
1781 744 1894 801 Hoc

319 841 499 884 autem
530 831 749 886 dicebat
769 832 836 887 de
875 834 1094 903 spiritu,
1153 850 1314 903 quem
1376 838 1660 904 accepturi
1715 842 1892 897 erant,

320 920 411 988 qui
445 920 500 974 in
537 920 719 991 ipsum
745 923 1065 989 credebant,
1108 923 1269 992 cujus
1292 925 1561 979 beneﬁcio
1611 923 1817 994 vigere,
1839 932 1894 978 et

321 1006 375 1060 ln
428 1008 601 1080 altum
658 1010 818 1082 erigi,
877 1027 1266 1082 nunquamque
1325 994 1663 1084 putrescere,
1706 1013 1894 1069 odoris

319 1097 561 1172 denique
586 1105 913 1159 suavitatem
960 1110 1211 1160 emittere
1259 1106 1549 1162 credentes
1593 1121 1896 1160 consueve-

323 1202 470 1247 runt.
505 1191 637 1248 Olea
684 1195 878 1265 igitur,
910 1202 966 1251 et
995 1197 1197 1266 palma,
1240 1206 1294 1252 et
1337 1197 1464 1253 ritis
1500 1198 1554 1251 in
1607 1196 1894 1269 Scriptura

325 1284 539 1342 fructus
589 1286 855 1343 Ecclesiae
904 1288 1184 1344 denotant.
1222 1289 1325 1345 Hie
1372 1301 1554 1345 autem
1614 1304 1737 1360 quae
1793 1306 1895 1344 no-

324 1377 608 1433 minantur
640 1379 891 1445 arbores,
951 1396 1164 1447 eorum,
1222 1382 1316 1452 qui
1371 1382 1425 1436 in
1482 1396 1546 1437 ea
1605 1382 1897 1453 proﬁciunt

326 1468 655 1535 ubertatem,
725 1472 1069 1526 altitudinem
1097 1513 1113 1539 ,
1165 1475 1494 1529 novitatem‘
1529 1484 1586 1528 et
1651 1475 1894 1545 vigorem

325 1559 744 1631 demonstrant;
782 1565 926 1633 quod
953 1565 1008 1619 in
1034 1564 1238 1620 deserto
1297 1566 1417 1621 ﬁeri
1447 1566 1666 1621 videtur
1718 1565 1898 1622 admi-

328 1652 522 1708 rabile.
553 1652 732 1724 Atque
764 1655 889 1711 inde
918 1671 1026 1736 εει..
1056 1657 1203 1727 quod
1261 1672 1477 1710 manum
1524 1656 1744 1710 Domini
1791 1658 1897 1712 ista

1994 472 2130 539 Περὶ
2157 470 2349 525 τούτου
2383 475 2478 526 καὶ
2505 475 2535 526 ὁ
2580 472 2771 542 Σωτὴρ
2797 471 2891 524 τοῦ
2918 468 3137 535 ὕδατος
3164 468 3348 537 ἔλεγεν
3367 486 3382 500 ·
3414 486 3433 520 ι
3467 471 3569 533 ’ος

1992 563 2039 618 δ’
2070 563 2136 618 ἂν
2165 564 2265 637 πίῃ
2317 567 2382 619 ὲκ
2428 562 2523 618 τοῦ
2572 562 2710 635 ἐμοῦ
2756 563 2970 627 ὕδατος,
3004 581 3024 615 ι
3060 563 3156 616 καὶ
3177 562 3246 615 τὰ
3276 562 3423 629 ἑξῆς.
3454 561 3570 615 Καὶ

1996 654 2179 708 πάλιν⁸
2221 675 2239 706 ι
2260 656 2320 709 Ὁ
2365 655 2533 709 πίνων
2562 657 2626 709 ὲκ
2658 652 2751 708 τοῦ
2782 654 2991 717 ὓδατος,
3037 647 3098 708 οὗ
3137 650 3247 721 ἐγὼ
3278 650 3433 705 δώσω
3467 653 3570 705 αὑ-

1993 743 2093 814 τῷ,
2131 745 2363 815 ποταμοὶ
2395 746 2460 797 ὲκ
2487 745 2586 815 τῆς
2613 744 2818 808 κοιλίας
2855 742 3019 797 αὑτοῦ
3058 742 3338 813 ῥεύσουσιν
3376 741 3572 806 ὓδατος

1995 834 2219 900 ζῶντος.
2279 855 2298 889 ι
2360 835 2532 889 Τοῦτο
2576 837 2633 890 δὲ
2683 837 2838 906 ἔλεγε
2897 836 3023 908 περὶ
3081 834 3176 889 τοῦ
3230 833 3568 905 Πνεύματος,

1996 928 2134 999 ὅπερ
2174 927 2408 999 ἤμελλον
2458 929 2759 1000 λαμϐάνειν
2794 930 2844 982 οἱ
2881 927 3225 992 πιστεύοντες
3259 928 3340 990 είς
3380 926 3571 990 αὐτὸν,

1970 1008 2057 1072 “ea
2089 1019 2315 1083 εὐθαλὲς
2342 1038 2402 1074 τε
2437 1021 2531 1075 καὶ
2577 1021 2797 1091 ὑψηλὸν,
2845 1020 3086 1092 ἄσηπτόν
3135 1036 3195 1072 τε
3229 1018 3323 1072 καὶ
3370 1016 3573 1080 εὑῶδες

1997 1114 2110 1176 τοῖς
2134 1113 2524 1166 πεπιστευκόσι
2553 1098 2935 1184 χαριζομένου.
2972 1110 3158 1164 Ἑλαία
3203 1110 3303 1181 μὲν
3329 1107 3444 1173 οὖν,
3476 1107 3574 1161 καὶ

1998 1206 2194 1274 φοῖνιξ,
2233 1206 2329 1261 καὶ
2351 1207 2596 1277 ἄμπελος
2625 1210 2683 1260 ἐν
2709 1210 2775 1277 τῇ
2810 1206 2998 1276 Γραφῇ
3035 1204 3163 1267 τοὺς
3194 1202 3438 1276 καρποὺς
3471 1201 3575 1269 τῆς

2011 1299 2335 1369 Ἐκκλησίας
2365 1299 2712 1369 σημαίνουσι.
2746 1299 2789 1351 Τ
2792 1299 2826 1351 ἀ
2855 1297 2911 1351 δὲ
2938 1296 3031 1351 νῦν
3064 1295 3344 1366 λεχθέντα,
3394 1294 3454 1347 τὸ
3485 1293 3572 1346 ei»

2001 1388 2183 1454 θαλὲς,
2214 1392 2308 1443 καὶ
2332 1391 2665 1462 διῃρημένον
2690 1404 2740 1456 ι,
2764 1389 2960 1462 νεαρόν
2980 1406 3039 1443 τε
3083 1389 3178 1442 καὶ⁵
3206 1389 3440 1458 ἀκμαῖον
3462 1385 3576 1439 τῶν

1999 1482 2059 1534 ὲν
2107 1483 2243 1554 αὐτῇ
2287 1484 2762 1554 προσκοπτόντων,
2814 1483 2952 1553 ὅπερ
2992 1483 3051 1535 ὲν
3097 1474 3292 1549 ἐρήμῳ
3321 1477 3572 1548 γενέσθαι

2000 1574 2326 1646 παράδοξον.
2365 1576 2455 1628 Διό
2487 1591 2642 1646 φησι,
2674 1573 2808 1643 Χεὶρ
2838 1574 3059 1642 Κυρίου
3096 1573 3346 1637 ἐποίησε
3364 1569 3574 1631 ταῦτα,

1999 1664 2141 1719 ὥστε
2164 1665 2293 1730 τοὺς
2324 1666 2419 1719 ἐπὶ
2451 1666 2555 1736 γῆς
2596 1664 3014 1737 ὲρῤιζωμένους,
3047 1665 3104 1716 ὲν
3133 1661 3211 1733 τῷ
3253 1660 3430 1731 θνητῷ
3480 1662 3579 1713 καὶ

325 1744 561 1812 eiecisse
587 1744 812 1814 subiicit
839 1767 854 1803 :
892 1731 1088 1818 nempe
1118 1757 1177 1803 ut
1199 1748 1293 1819 qui
1328 1749 1550 1804 interra
1575 1749 1811 1812 radices,
1844 1749 1896 1805 id

2004 1757 2329 1828 ἀνθρωπίνῳ
2356 1731 2785 1826 βίῳνπρδςύψος
2805 1731 3135 1823 ⁷ἀνατρέχειν
3163 1731 3431 1823 οὐράνιον,
3474 1747 3577 1817 τῆς

326 1846 432 1899 est,
466 1840 727 1894 caducam
753 1850 808 1896 et
828 1841 1126 1897 humanam
1150 1842 1316 1896 vitam
1349 1852 1595 1913 agerent,
1627 1842 1683 1896 in
1728 1842 1899 1897 cmle-

220 1931 223 1934 ’
327 1930 436 1984 stia
468 1931 706 2001 fastigia,
739 1946 837 2002 spe
863 1932 1017 2004 regni
1046 1933 1374 1988 immortalis
1413 1933 1609 1998 evecti,
1634 1933 1901 1989 ascende-

327 2030 471 2075 rent.
511 2021 663 2078 Adeo
717 2022 822 2079 fuit
882 2025 994 2089 illa,
1059 2040 1223 2097 quam
1288 2026 1345 2080 in
1404 2025 1663 2094 gentibus
1727 2025 1902 2080 edidit

328 2113 613 2178 Dominus,
675 2115 1039 2171 admiratione
1105 2115 1267 2186 digna
1330 2115 1640 2171 conversio.
1693 2114 1902 2171 Deinde

330 2220 483 2275 aqua:
506 2206 761 2261 ductuum
779 2209 1023 2274 nomine,
1046 2208 1308 2263 Ecclesia
1328 2206 1584 2264 doctores
1615 2207 1898 2276 indicavit,

328 2296 420 2365 qui
462 2298 717 2353 haustum
751 2299 934 2354 animo
978 2298 1048 2354 de
1078 2297 1362 2367 Scriptura
1409 2299 1679 2353 divinitus
1728 2297 1903 2367 inspi-

330 2399 446 2444 rata
482 2391 578 2446 Dei
641 2392 867 2447 verbum
908 2394 965 2447 in
1018 2393 1158 2447 alios
1206 2390 1628 2454 trausl‘undunt,
1666 2398 1728 2444 ut
1779 2391 1904 2445 vitae

326 2481 550 2549 quidem
583 2481 836 2538 instituto
882 2482 1070 2540 odoris
1125 2484 1460 2547 bonitatem;
1496 2482 1902 2538 mundanarum

329 2580 509 2628 autem
540 2573 882 2644 voluptatum
942 2575 1091 2646 fuga,
1128 2576 1599 2645 incorruptionem
1648 2574 1902 2643 adipisci,

333 2665 491 2721 ﬁrmo
513 2665 752 2736 denique
781 2674 835 2721 et
859 2667 1043 2722 stabili
1090 2668 1145 2722 in
1187 2669 1352 2724 rebus
1402 2667 1663 2722 omnibus
1711 2666 1904 2723 habitu

332 2765 670 2826 comparato,
717 2758 935 2813 radices
986 2774 1173 2830 agere,
1223 2751 1620 2815 et'ventorum
1665 2759 1905 2827 impetus

331 2849 571 2918 perferre
623 2852 859 2908 valeant.
887 2850 1189 2907 Conﬁrmat
1217 2853 1362 2907 enim
1397 2851 1574 2921 justos
1603 2850 1902 2918 Dominus;

331 2959 566 3013 eumque
599 2945 758 3001 decet
794 2949 1023 3001 istorum
1054 2954 1333 3001 auctorem
1364 2954 1418 3001 et
1445 2960 1670 3000 causam
1698 2960 1906 3017 cogno-

330 3052 505 3101 scere,
535 3054 644 3093 non
677 3053 870 3110 sponte
891 3050 944 3093 et
962 3037 1190 3094 fortuito
1220 3037 1471 3093 accidere
1498 3046 1715 3108 putare.

402 3124 538 3179 Sunt
572 3142 702 3182 vero
747 3129 841 3199 qui
883 3136 996 3184 tota
1057 3129 1160 3184 ista
1195 3128 1489 3184 verborum
1543 3128 1689 3184 serie
1732 3125 1903 3182 Deum

335 3214 531 3271 Israeli
564 3219 1342 3292 secundumprogressionem
1377 3228 1569 3288 putent
1599 3220 1656 3274 in
1700 3233 1907 3272 memo-

333 3312 469 3365 riam
505 3325 766 3366 revocare
798 3325 907 3382 quo
972 3312 1091 3366 loco
1141 3326 1355 3380 semper
1390 3311 1536 3380 apud
1575 3325 1636 3365 se
1683 3309 1906 3368 habitus

334 3401 635 3470 sit;quem
669 3400 790 3456 orbi
823 3402 1106 3463 universo,
1148 3400 1316 3454 veluti
1378 3413 1669 3454 accensam
1712 3401 1907 3454 divini:

334 3490 651 3560 cognitionis
681 3490 879 3556 facem,
905 3490 1207 3560 praelucere
1241 3489 1499 3544 voluerit.
1542 3488 1906 3544 Abrahamum

333 3583 531 3638 deinde
575 3584 642 3638 ab
686 3582 846 3656 461
879 3584 1142 3638 extremis
1194 3589 1354 3637 terrm
1385 3580 1585 3638 ﬁnibus
1622 3583 1905 3651 evocavit;

333 3674 569 3745 .Egypto
609 3674 868 3743 denique,
909 3672 1086 3727 altero
1115 3680 1275 3727 terrae
1316 3680 1576 3739 extremo,
1617 3673 1905 3743 eripuerit,

330 3763 568 3831 ﬁliorum
597 3765 720 3820 loco
751 3763 1026 3818 habuerit.
1068 3762 1294 3819 Conﬁdo
1321 3762 1505 3834 igitur,
1559 3765 1758 3834 inquit,
1811 3765 1905 3835 qui

335 3865 413 3911 tot
444 3855 786 3910 admirabilia
809 3864 1068 3926 expertus
1087 3854 1200 3923 sis;
1222 3869 1402 3924 neque
1422 3870 1587 3921 erres,
1611 3864 1907 3925 quantum-

334 3948 416 4002 vis
449 3957 501 4001 te
523 3948 731 4002 circum
775 3957 966 4017 gentes
1014 3947 1302 4016 permultae
1328 3947 1592 4001 ambiant.
1624 3947 1739 4019 Ego
1758 3950 1903 4004 enim

334 4049 622 4113 postquam
655 4042 721 4096 de
768 4042 879 4096 tuis
909 4040 1162 4096 hostibus
1208 4041 1538 4112 supplicium
1593 4055 1906 4111 sumpsero,

332 4135 684 4206 quantumvis
715 4134 975 4203 prodeant
1011 4133 1128 4200 alii,
1163 4134 1215 4188 in
1257 4133 1501 4188 nihilum
1530 4141 1714 4189 tamen
1746 4149 1909 4205 repu-

331 4227 617 4279 tabuntur.
650 4222 756 4280 Sed
803 4222 990 4279 forsan
1052 4223 1175 4279 ideo
1230 4224 1441 4291 metuis,
1496 4223 1641 4293 quod
1688 4234 1907 4280 tuorum

335 4319 696 4389 paucitatem;
739 4331 927 4371 eorum
958 4322 1172 4380 contra,
1194 4316 1286 4386 qui
1324 4324 1374 4372 te
1400 4315 1671 4381 ambiunt,
1718 4317 1907 4388 ingen-

2004 1844 2276 1916 βασιλείας
2303 1847 2409 1900 τῶν
2440 1844 2688 1916 οὐρανῶν
2714 1845 2815 1907 τὰς
2855 1843 3063 1896 ἑαυτῶν
3095 1838 3443 1911 ἀναρτῶντας
3480 1835 3577 1890 ἐλ-

2002 1938 2181 2001 πίδας.
2214 1936 2372 1991 Οὕτω
2401 1935 2719 2007 θαυμαστὴν
2741 1938 2769 1989 ό
2793 1934 2926 1995 Θεὸς
2951 1936 3007 1987 ὲν
3036 1932 3248 1984 ἔθνεσιν
3275 1930 3446 1981 ὲποιει
3479 1942 3581 1997 με-

2000 2032 2252 2101 ταϐολήν.
2300 2028 2710 2100 Ὑδραγωγυὺς
2755 2026 2813 2080 δὲ
2845 2028 2972 2088 τοὺς
3002 2024 3102 2095 τῆς
3145 2019 3466 2091 Ἐκκλησίας
3493 2017 3580 2071 δι-

2000 2125 2307 2188 δασκάλους
2360 2124 2641 2187 ἐκάλεσεν,
2691 2120 2742 2175 oi
2785 2119 3036 2189 καθάπερ
3063 2118 3127 2170 ὲκ
3165 2113 3358 2186 πηγῶν
3385 2126 3441 2164 τε
3476 2109 3581 2165 καὶ

2001 2219 2287 2289 ποταμῶν,
2317 2216 2410 2271 τὸν
2430 2216 2528 2287 τῆς
2559 2212 2920 2269 θεοπνεύστου
2946 2210 3168 2282 Γραφῆς
3195 2206 3276 2269 εἰς
3307 2202 3433 2259 νοῦν
3461 2204 3580 2255 ala-

2002 2310 2353 2380 οικησάμενοι
2409 2308 2599 2377 λόγον,
2649 2307 2744 2360 καὶ
2795 2305 2876 2368 εἰς
2926 2303 3145 2371 ἑτέρους
3187 2296 3348 2351 αὑτὸν
3397 2310 3584 2363 παρα-
3662 2358 3677 2371 .

2002 2399 2336 2470 πέμπουσιν,
2398 2396 2474 2461 ὡς
2528 2398 2597 2451 ἂν
2646 2395 2820 2466 ἔχοιεν
2864 2391 2950 2446 διὰ
3009 2390 3108 2459 μὲν
3158 2385 3450 2446 πολιτείας,
3512 2381 3583 2435 τι

2004 2490 2236 2562 εὔοσμον
2265 2506 2279 2520 ·
2307 2489 2396 2542 διὰ
2434 2488 2493 2542 δὲ
2522 2489 2623 2559 τῆς
2663 2485 2875 2556 ἀποχῆς
2902 2482 3011 2536 τῶν
3038 2476 3318 2550 κοσμικῶν
3338 2473 3583 2547 ,ἡδονῶη

2001 2585 2064 2638 τὸ
2087 2585 2161 2655 μὴ
2188 2581 2507 2654 φθείρεσθαι
2531 2599 2546 2614 ο
2572 2580 2660 2635 διὰ
2689 2579 2746 2633 δὲ
2771 2578 2873 2648 τῆς
2901 2572 3201 2635 εὐσταθοῦς
3231 2571 3325 2624 καὶ
3355 2566 3582 2640 βεόαίας

2003 2677 2064 2732 ἐν
2105 2675 2310 2730 ἅπασιν
2352 2673 2540 2739 ἕξεως,
2574 2674 2636 2725 τὸ
2687 2668 3039 2743 ἐρριζῶσθαι,
3091 2663 3186 2718 καὶ
3239 2662 3425 2733 φέρειν
3465 2659 3584 2712 τῶν

2006 2765 2336 2836 πνευμάτων
2368 2764 2466 2825 τὰς
2514 2759 2842 2833 προσϐολάς.
2888 2751 3274 2823 Ὑποστηρίζει
3315 2750 3423 2819 γάρ
3448 2748 3583 2811 τοὺς

2005 2850 2249 2919 δικαίους
2277 2855 2305 2908 ό
2333 2855 2554 2924 Κύριος.
2607 2852 2715 2905 καὶ
2759 2850 2841 2903 δεῖ
2867 2846 3059 2901 τοῦτον
3101 2844 3271 2898 αἴτιον
3301 2837 3581 2912 ἡγεῖσθαι,

2007 2950 2106 3008 καὶ
2141 2948 2215 3021 μὴ
2242 2946 2414 3002 ταῦτα
2445 2944 2687 3018 νομίζειν
2716 2942 3016 3012 αὐτόματα.

2077 3131 2234 3193 Τινὲς
2266 3129 2323 3184 δὲ
2353 3129 2481 3199 περὶ
2508 3127 2608 3198 τῆς
2631 3125 2811 3194 πάσης
2844 3122 3054 3193 ἔφασαν
3086 3119 3314 3189 ρήσεως,
3342 3114 3415 3178 ὼς
3444 3112 3584 3166 om.

2010 3226 2309 3295 μιμνήσκει
2364 3222 2498 3284 Θεὸς
2543 3219 2637 3273 τὸν
2679 3217 2821 3271 κατὰ
2850 3211 3131 3287 προκοπὴν
3167 3207 3411 3277 Ἰσραὴλ
3457 3205 3583 3258 οἵαν

2009 3316 2098 3371 ἀεὶ
2122 3315 2257 3385 πρὸς
2281 3313 2444 3368 αὑτὸν
2467 3312 2565 3384 τὴν
2599 3309 2784 3382 σχέσιν
2810 3306 3105 3377 ἐκτήσατο,
3131 3301 3319 3355 τοῦτον
3365 3296 3587 3363 άνάψας

2161 3407 2324 3461 παντὶ⁸
2382 3405 2574 3476 κόσμῳ
2655 3401 2905 3469 καθάπερ
2976 3396 3108 3467 δᾷδα
3175 3391 3538 3482 θεοπωαίας
3562 3407 3583 3423 ·

2023 3481 2282 3570 Ἀϐραὰμ
2334 3499 2433 3571 μὲν
2459 3496 2697 3558 καλέσας
2727 3493 2821 3549 ἀπ’
2852 3491 3022 3561 ἄκρου
3062 3488 3161 3558 τῆς
3201 3484 3304 3555 γῆς
3332 3526 3347 3551 ,
3396 3481 3453 3548 ἐξ
3483 3483 3586 3571 Αί-

2006 3591 2218 3663 γύπτου
2245 3590 2304 3645 δὲ
2328 3570 2550 3652 τούτους
2592 3585 2780 3657 ἑτέρου
2832 3580 3146 3650 ἐξελόμενος
3184 3576 3368 3642 ἄκρου
3397 3571 3501 3663 καί
3521 3570 3587 3622 ὲν

2008 3662 2161 3739 πᾶσι
2190 3690 2220 3731 Y
2246 3680 2621 3750 λογισάμενος.
2651 3672 2934 3730 Τοσούτων
2955 3667 3047 3725 οὖν
3071 3665 3310 3737 γεγονὼς
3332 3665 3390 3716 ὲν
3413 3662 3581 3732 πείρᾳ

2009 3771 2327 3843 θαυμάτων,
2357 3769 2548 3842 θάρρει
2568 3783 2583 3798 ·
2617 3767 2724 3821 κᾶν
2770 3762 2942 3818 πολλά
2967 3778 3026 3815 σε
3060 3759 3186 3829 ἔθνη
3234 3752 3577 3826 περικυκλοῖ,

2012 3865 2087 3938 μὴ
2116 3862 2345 3920 πλον-ὧ.
2390 3859 2532 3930 Ἐγὼ
2578 3859 2687 3930 γὰρ
2735 3858 2764 3911 ό
2793 3855 2920 3919 τοὺς
2953 3854 3076 3914 σοὺς
3131 3847 3358 3920 ἐχθροὺς
3389 3844 3576 3915 μετελ.

2004 3955 2139 4021 θὼν,
2182 3953 2288 4008 κᾶν
2332 3954 2510 4022 ἕτεροι
2556 3950 2795 4018 φανεῖεν,
2851 3945 2933 4008 εἰς
2958 3944 3108 3998 οὐδὲν
3147 3939 3572 4009 λογισθήσονται.

2021 4045 2162 4101 Ἀλλ’
2207 4045 2337 4107 toto;
2381 4038 2632 4109 δειλιᾷς,
2662 4037 2762 4109 τὴν
2793 4037 2893 4106 σὴν
2923 4033 3209 4103 ὀλιγότητα
3243 4029 3450 4100 βλέπων
3481 4025 3581 4080 καὶ

2002 4138 2117 4194 ’τῶν
2142 4130 2488 4193 κυκλούντων
2514 4130 2576 4184 τὸ
2621 4128 2846 4197 πλῆθος.
2886 4123 3045 4178 Ἀλλά
3074 4123 3171 4192 τὴν
3214 4118 3351 4190 ἐμὴν
3385 4117 3580 4171 σκόπει

2004 4228 2321 4296 βοήθειαν,
2354 4224 2421 4279 δι’
2449 4217 2518 4295 ἧς
2541 4219 2879 4289 κατακόψετε
2905 4215 3031 4277 τοὺς
3077 4210 3199 4267 καθ’
3234 4208 3389 4279 ὑμῶν
3406 4209 3588 4296 ἐπαρ-

2006 4294 2221 4383 θέντας,
2248 4316 2325 4380 ὡς
2372 4294 2535 4382 ὄρεσι
2564 4309 2658 4365 καὶ
2677 4306 2932 4374 βουνοῖς
2963 4297 3375 4363 άπεικάζεσθαι.
3402 4294 3587 4365 Ὅπερ

335 4387 441 4464 tem
491 4407 894 4463 multitudinem
938 4406 1192 4461 intueris.
1236 4403 1438 4461 Verum
1491 4406 1559 4460 ad
1598 4387 1904 4463 meumire-

2008 4408 2105 4461 ἐπὶ
2126 4406 2232 4460 τῶν
2280 4409 2398 4475 ρπε⁹
2431 4400 2680 4473 χιλιάδων
2722 4398 2830 4451 τῶν
2874 4391 3170 4463 ’Δσσυρίων
3213 4387 3447 4455 ἐγένετο,
3480 4400 3588 4456 μη·-

334 4500 487 4569 spice
543 4499 839 4563 auxilium;
878 4511 989 4566 quo
1040 4495 1286 4564 adjutus,
1341 4495 1688 4565 insurgentes
1744 4498 1798 4552 in
1853 4510 1906 4557 te

330 4593 524 4648 hostes
549 4591 816 4645 montibus
839 4586 976 4656 ipsis
1021 4596 1076 4641 et
1111 4584 1336 4640 collibus
1379 4594 1727 4655 comparatos
1783 4604 1910 4646 con-

332 4680 559 4737 feceris.
604 4677 759 4732 Sicut
807 4678 888 4731 in‘
918 4672 1204 4730 CLXXXV
1259 4673 1612 4743 Assyriorum
1664 4677 1909 4736 millibus

333 4772 530 4848 patrui,
554 4768 648 4840 qui
672 4776 725 4823 te
740 4783 809 4823 ne
829 4766 1115 4821 adoriente
1142 4765 1384 4834 quidem,
1413 4777 1533 4818 mea
1557 4766 1719 4822 unius
1741 4783 1906 4837 opera

250 4874 257 4915 ὲ
336 4862 740 4923 ceciderunt".
774 4858 1027 4915 Ostendit
1080 4872 1245 4928 porro
1277 4870 1400 4925 quae
1461 4856 1660 4911 damna
1723 4859 1913 4920 hostes

242 5002 253 5027 ,
336 4965 486 5031 ipsos
521 4953 771 5011 invasuri
792 4953 905 5009 sint
926 4968 942 5019 ;
967 4966 1090 5006 cum
1112 4949 1426 5018 (retenturos
1446 4949 1664 5019 quidem
1694 4964 1910 5021 aquam,

337 5052 429 5110 sed
459 5065 562 5105 non
593 5056 890 5116 reperturas
929 5041 1201 5112 adjunxit.
1224 5040 1293 5094 At
1329 5040 1474 5111 quod
1508 5039 1575 5096 de
1600 5041 1911 5111 ﬂuminibus

336 5141 495 5205 dixit,
526 5140 602 5195 ita
640 5135 846 5192 factum
878 5149 1020 5199 esse,
1051 5133 1226 5196 aiunt,
1265 5132 1510 5187 historiae
1560 5133 1668 5189 illa:
1702 5145 1910 5193 testan-

338 5242 451 5293 tur.
480 5247 601 5304 qua:
631 5229 700 5287 de
741 5226 1038 5300 praeruptis
1059 5223 1233 5296 petris
1263 5238 1434 5294 aquas
1461 5239 1754 5282 emanasse
1783 5243 1912 5282 nar-

341 5334 490 5381 rant:
523 5337 582 5378 ut
616 5332 668 5379 et
697 5322 888 5391 ﬂuvios
915 5317 1221 5385 defecisse;
1247 5329 1369 5370 cum
1406 5330 1436 5370 a
1470 5316 1675 5386 popqu
1717 5315 1910 5373 Iorda-

2014 4497 2073 4550 δὲ
2124 4494 2532 4564 πολεμήσαντος
2569 4487 2804 4560 Ἰσραήλ.
2853 4484 2935 4539 Τὰ
2963 4484 3019 4537 δὲ
3056 4482 3182 4545 τοὺς
3228 4477 3452 4549 ἐχθροὺς
3487 4476 3587 4528 αὺ-

2012 4587 2123 4641 1τῶν
2175 4581 2596 4654 καταληψόμενα
2651 4577 2797 4649 πάθη
2858 4575 3009 4645 δηλοτ
3071 4572 3132 4625 τό
3155 4588 3169 4602 ·
3198 4567 3589 4637 Ζητήσουσιν

2013 4680 2191 4748 ὕδωρ,
2242 4678 2335 4732 καὶ
2357 4678 2469 4744 οὐχ
2503 4671 2854 4741 εὑρήσουσι.
2887 4668 2969 4720 Τὰ
3013 4665 3069 4718 δὲ
3097 4663 3222 4735 περὶ
3259 4660 3379 4715 τῶν
3405 4671 3591 4748 πυτατ

2010 4746 2143 4843 μῶνζ
2171 4770 2265 4823 καὶ
2303 4767 2398 4822 ἐπὶ
2438 4764 2539 4834 τῆς
2565 4761 2809 4832 ἱστορίας
2836 4756 3119 4828 γεγονέναι
3144 4753 3331 4823 φασὶν,
3376 4749 3453 4843 ῶς
3490 4746 3588 4843 καὶ

2013 4835 2219 4932 πέτρας
2247 4857 2588 4930 ἀκροτόμους
2624 4853 2926 4924 ἐκραγῆναι
2955 4850 3093 4917 πρὸς
3130 4845 3296 4898 ὕδατα
3318 4860 3335 4875 ο
3364 4840 3465 4932 viai
3488 4835 3589 4932 ait:

2014 4952 2097 5016 θις
2123 4925 2737 5020 ’ποταμοὺςήὲκλιπεῖψ
2773 4942 2849 5005 ὡς
2890 4938 2980 4993 τὸν
3021 4935 3292 5007 Ἰορδάνην
3322 4929 3415 4984 τοῦ
3453 4925 3586 5020 iacti

2011 5017 2398 5102 διαϐαίνοντος.
2434 5038 2499 5090 ’0
2522 5034 2622 5089 xiiii
2647 5036 2682 5105 ἡ
2706 5031 2948 5088 θάλασσα
2976 5025 3247 5089 παθοῦσα,
3270 5021 3406 5092 πρὸς
3435 5017 3589 5073 ἀναί-

2015 5152 2162 5211 ρεσιν
2195 5130 2351 5196 αὖθις
2378 5133 2486 5186 τῶν
2513 5125 2825 5197 Αἰγυπτίων
2876 5122 3091 5195 ὲχέετο·
3123 5117 3173 5172 οῗ
3203 5117 3297 5170 καὶ
3324 5110 3590 5211 εξεδράσι

2023 5205 2198 5294 σοντο,
2256 5228 2355 5282 οὐκ
2418 5226 2497 5287 εἰς
2560 5222 2728 5292 ἄμφω
2801 5218 2899 5288 τῆς
2954 5212 3225 5280 θαλάσσης
3283 5205 3352 5259 τά
3408 5205 3587 5273 μέρη,

2022 5324 2136 5378 ἀλλ’
2182 5321 2310 5376 ἔνθα
2364 5315 2433 5390 ἦν
2474 5313 2727 5389 Ἰσραήλο
2756 5312 2831 5374 ὡς
2882 5307 2948 5363 ἂν
2992 5302 3227 5378 ὁρῶντες
3271 5296 3589 5367 θαρῤήσωσι

413 5506 457 5538 ’⁸
487 5506 645 5562 Juan.
666 5521 739 5569 tv,
782 5505 868 5560 15.
943 5506 988 5539 ⁸ο
1015 5506 1174 5560 Joan.
1199 5520 1294 5568 vir,
1318 5504 1407 5560 58.
1484 5506 1528 5539 ⁸¹
1556 5506 1663 5561 lsa.
1694 5518 1901 5566 xxxvii,
1923 5503 2012 5558 56.

1646 5614 1876 5671 γΛῑιιίΕ
1913 5608 2314 5668 LECTIONES.

414 5711 437 5740 ι
470 5714 560 5766 γρ.
582 5691 893 5764 διηρμένον.
970 5699 996 5739 3'
1024 5707 1108 5758 γρ.
1132 5689 1188 5741 ὲν
1213 5687 1391 5743 παισί.
