4032 6218
339 328 474 393 93:21

1469 347 1999 410 COMMENTARII
2035 352 2112 412 IN
2145 354 2428 418 ISAIAM.

3447 372 3593 436 2362

333 441 585 510 λέγοντες
610 457 624 472 ο
665 434 833 506 υῦτός
902 459 1004 513 μου
1061 445 1193 511 Θεὸς
1251 450 1280 501 6
1343 451 1606 523 πρότερον
1657 455 1902 509 ἀπιστούη

2022 473 2119 512 nes
2148 461 2265 528 ipse
2321 463 2589 532 trajectus
2635 473 2738 521 est.
2803 469 2950 523 idem
3003 483 3262 538 praeterea
3322 482 3376 527 et
3438 491 3588 530 mare

337 548 519 602 μενος.

2019 563 2241 618 passum
2269 568 2420 620 esse,
2443 571 2564 608 cum
2604 573 2820 610 rursum
2857 559 2923 612 ad
2981 560 3243 617 delendas
3297 563 3589 636 Aigyptius

333 627 562 720 etl'usum
586 638 692 691 est,
717 631 811 699 qui
847 647 956 686 non
979 641 1211 704 utroque
1254 636 1423 691 maris
1465 635 1670 700 littore.
1702 639 1796 694 sed
1825 654 1888 696 ea
1929 651 2140 699 tantum
2175 655 2348 715 parte,
2402 649 2455 703 in
2507 666 2611 719 qua
2662 662 2774 704 tum
2854 656 3217 708 versabantur
3305 627 3586 720 Israelita,

333 717 919 817 ebullierunt”;quo
962 738 1074 778 rem
1132 727 1484 796 contemplati
1551 729 1914 796 conﬁderent,
1955 750 2190 805 eumque
2217 738 2328 807 jam
2392 717 2562 794 Deum
2615 756 2775 796 suum
2847 757 2992 807 esse,
3071 746 3158 798 cui
3211 744 3370 798 tidem
3437 717 3590 817 prius

333 809 690 881 denegarant,
735 817 1140 881 proﬁterentur.

390 901 606 956 κα’-κο’.
650 902 891 970 Ἕγγίζει
937 905 976 972 ἡ
1007 906 1202 972 κρίσις
1225 907 1409 974 ὑμῶν.
1431 909 1592 978 λέγει
1620 913 1834 978 Κύριος
1876 915 1910 967 δ

336 993 496 1056 Θεός.
536 993 831 1060 Ἥτγισαν
867 998 926 1046 αι
957 996 1182 1058 ,βουλαὶ
1237 997 1424 1066 ὑμῶν,
1468 1001 1629 1070 λέγει
1671 1007 1703 1056 ὁ
1725 1005 1911 1067 ,βασι-

2076 914 2238 985 462
2259 915 2422 970 Vens.
2445 916 2634 971 21-29.
2655 917 3316 986 Appropinqualjudicium
3340 933 3585 984 vestrum,

2007 1005 2135 1058 dicit
2169 1006 2426 1060 Dominus
2483 1007 2642 1060 Deus.
2676 1011 3172 1079 Appropinquarunt
3217 1012 3438 1064 consilia
3504 1030 3589 1067 ve-

331 1083 478 1148 λεὺς
529 1083 744 1137 Ἰακώϐ.
789 1085 1232 1154 Ἐγγισὰτωσαν
1255 1091 1350 1142 καί
1381 1092 1902 1161 ἁναγγειλὰτωσαν

2008 1107 2143 1157 stra,
2167 1097 2296 1150 dicit
2338 1114 2428 1150 rex
2455 1097 2641 1150 Jacob.
2682 1099 3128 1167 Appropinqnent,
3165 1109 3212 1152 et
3271 1103 3586 1156 annuntient

333 1173 477 1242 ὑμῖν
509 1171 547 1227 ἄ
581 1175 972 1242 συμϐήσεται,
1020 1176 1058 1245 ἢ
1110 1180 1180 1231 τὰ
1223 1183 1515 1251 πρᾶτερον
1560 1186 1692 1238 τίνα
1721 1184 1800 1256 ἦν
1827 1189 1910 1241 εἴ·

336 1277 506 1327 ποτε,
539 1263 638 1316 καὶ
680 1265 1092 1334 ἐπιστήσομεν
1130 1268 1236 1320 τὸν
1255 1269 1426 1333 νοῦν,
1455 1272 1553 1324 καὶ
1596 1275 1910 1344 γνωσώμεο

335 1359 428 1417 θα,
469 1357 526 1407 τί
552 1355 623 1409 τὰ
657 1357 908 1424 ἔσχατα,
935 1359 1032 1412 καί
1064 1359 1135 1414 τὰ
1166 1362 1554 1431 ἐπερχόμενα,
1587 1383 1640 1419 κ.
1669 1383 1720 1419 τ.
1751 1369 1801 1420 λ.

408 1450 591 1502 Εἰπὼν
621 1450 722 1519 τῆς
776 1452 904 1521 πρὶν
934 1455 1142 1523 ἐρήμου
1171 1456 1268 1526 τὴν
1310 1459 1403 1509 ἐπὶ
1434 1458 1494 1510 τὸ
1535 1463 1779 1529 κρεῖττον
1810 1479 1908 1530 με-

335 1540 590 1612 ταὸολὴν,
642 1541 724 1607 ἐφ’
769 1542 954 1613 ἕτερον
1009 1545 1322 1614 μεταϐαίνει
1367 1547 1574 1617 τάγμα,
1614 1550 1642 1602 δ
1690 1554 1756 1621 τῇ
1797 1552 1906 1604 τῶν

337 1630 570 1683 εἰδώλων
600 1633 953 1700 ὲγκατέμεινε
999 1634 1194 1704 πλάνῃ.
1235 1635 1308 1705 μὴ
1343 1639 1640 1707 ἐπιστῆσαν
1667 1640 1750 1692 ὃτι
1785 1641 1906 1710 χεὶρ

2011 1187 2154 1240 vobis
2171 1203 2287 1256 qut?
2311 1198 2524 1240 ventura
2552 1199 2696 1251 sunt,
2723 1199 2814 1242 aut
2839 1192 3018 1257 priora
3048 1207 3163 1258 qum
3191 1202 3361 1254 erant,
3407 1194 3586 1258 dicite,

2016 1288 2064 1331 et
2099 1292 2321 1331 utentem
2353 1278 2700 1342 adrertemus,
2735 1292 2787 1333 ct
2829 1295 3193 1350 cognoscemus
3220 1298 3334 1350 quw
3377 1283 3586 1349 ultima,

2015 1382 2065 1423 ct
2095 1387 2211 1439 qua:
2240 1381 2479 1432 uentura,
2505 1378 2610 1424 etc.

2087 1458 2215 1512 Post
2233 1460 2542 1512 absolutum
2568 1457 2636 1511 de
2658 1457 2878 1526 regione
2902 1472 3206 1511 sermonem
3233 1472 3354 1525 qua:
3374 1459 3588 1511 deserta

2016 1548 2144 1601 olim
2173 1548 2285 1615 jam
2319 1547 2513 1600 melior
2557 1555 2846 1609 evaserat;
2881 1546 2946 1598 ad
2992 1547 3158 1599 alium
3196 1563 3384 1601 eorum
3445 1563 3590 1603 nunc

2015 1637 2212 1691 transit
2240 1636 2508 1700 ordinem,
2539 1636 2630 1703 qui
2661 1634 2930 1688 idolorum
2957 1651 3143 1690 errore
3170 1636 3406 1690 nondum
3442 1640 3588 1706 posi-

337 1721 541 1791 Κυρίου
574 1723 828 1792 ἐποίησεν
867 1722 1058 1778 ταῦτα.
1117 1725 1280 1778 Οὐδὲν
1317 1722 1411 1780 οὖν
1461 1729 1587 1796 ὑμῖν
1641 1730 1674 1801 ἢ
1734 1733 1902 1786 κατά·

2010 1735 2084 1790 ιο,
2131 1727 2233 1781 ista
2294 1741 2456 1778 manu
2500 1725 2710 1779 Domini
2767 1725 2909 1779 facta
2944 1741 3066 1780 esse
3119 1727 3428 1796 ignorabat.
3470 1726 3588 1782 Una

333 1827 514 1881 κρισις
563 1811 833 1873 λείπεται,
869 1812 968 1882 τῆς
1017 1813 1284 1880 τοσαύτης
1331 1818 1761 1890 ἁναισθητήσασι
1807 1824 1906 1892 χά-

335 1918 499 1971 ριτος.
547 1902 637 1955 Διὸ
685 1903 961 1969 ἐπιλέγει·
998 1903 1291 1974 Ἤγγισαν
1334 1911 1394 1962 αἱ
1441 1911 1665 1973 ,ϐουλαὶ
1717 1912 1899 1981 ὑμῶν.

343 1991 486 2044 'Avii‘
533 1993 598 2047 οὗ
631 1993 941 2062 Σύμμαχος·
988 1995 1310 2065 Ἐγγισατε,
1344 2001 1499 2070 φησὶ,
1560 2003 1632 2055 τὰ
1683 2004 1904 2072 Ισχιφὰ

330 2079 516 2148 ὑμῶν.
558 2082 614 2135 ’0
647 2083 703 2136 δὲ
753 2085 1082 2139 Θεοδοτίων·
1138 2088 1214 2142 Τὰ
1259 2091 1686 2161 κραταιώματα.
1734 2094 1792 2148 '0
1846 2096 1903 2150 δὲ

343 2172 577 2236 ’Δκύλας
613 2191 630 2206 ο
695 2175 1045 2242 Ὀστεώσεις
1084 2187 1156 2222 τοι
1183 2180 1332 2233 τοῦτ’¹
1376 2182 1514 2247 ἔστι,
1559 2188 1685 2247 τοὺς
1741 2185 1900 2250 θεοὺς

331 2265 486 2334 ὑμῶν
543 2267 623 2329 εἰς
682 2266 744 2320 τὸ
829 2268 993 2338 μέσον
1058 2271 1317 2340 ἀγάγετε.
1390 2273 1575 2338 Οὕτως
1638 2277 1906 2348 ἑρμηνευ-

333 2371 550 2410 σαν.....

334 2441 348 2452 ’
516 2465 520 2470 δ
910 2451 1158 2507 ΚΕΦΑΛ.
1201 2455 1332 2508 MB'.
1392 2510 1397 2515 .

391 2537 532 2591 a'-0'.
579 2539 793 2592 Ἰακὼϐ
820 2544 852 2594 o’
893 2542 1034 2608 παῖς
1057 2562 1198 2611 μου,
1250 2546 1656 2617 (ir-turmatim
1693 2551 1901 2607 αὐτοῦ.

343 2627 590 2696 Ἰσραὴλ
631 2631 968 2699 ὁὲκλεκτός
993 2652 1135 2702 μου,
1196 2637 1601 2703 προσεδέξατο
1647 2644 1833 2694 αὑτὸν
1866 2644 1904 2710 ἠ

332 2722 502 2791 ψυχή
531 2740 673 2790 μου.
700 2724 934 2778 Ἔδωκα
996 2726 1060 2779 τὸ
1123 2729 1360 2798 πνεῦμά
1385 2747 1503 2798 μου
1556 2732 1648 2784 ἐπ’
1697 2733 1903 2798 αὑτὸν,

333 2812 534 2877 κρίσιν
561 2812 686 2877 τοῖς
723 2813 964 2866 ἔθνεσιν
1013 2815 1266 2878 ἐξοίσει·
1299 2821 1371 2871 οὐ
1417 2819 1788 2887 κεκράξεται,
1834 2824 1906 2876 οὐ

333 2900 402 2954 δὲ
429 2901 666 2970 ἀνήσει,
697 2903 840 2957 οὐδὲ
867 2904 1312 2972 ἀκουσθήσεται
1355 2909 1472 2974 ἔξω
1524 2911 1562 2979 ή
1605 2913 1775 2981 φωνὴ
1803 2915 1910 2967 αὺ-

334 2991 464 3055 τοῦ,
500 3009 554 3045 κ.
580 3009 632 3046 τ.
675 2993 724 3047 λ.
1063 3061 1065 3063 _
1233 3034 1242 3042 .

604 3123 619 3137 .
698 3085 1144 3154 προεπήγγελται
1223 3088 1429 3163 λέγων·
1508 3092 1707 3161 ’Δρχὴν
1753 3090 1903 3144 ’Σιὼν

333 3171 507 3225 δώσω.
544 3173 655 3225 Καὶ
681 3174 810 3226 ποῖα
835 3191 917 3236 τις
957 3174 1119 3245 αὕτη,
1153 3178 1339 3245 σαφῶς
1366 3181 1714 3248 ἐπενήνοχεν.
1743 3181 1905 3247 Λέγε-

332 3281 422 3316 ται
449 3264 556 3334 γὰρ
579 3266 670 3316 ἐπὶ
699 3264 794 3334 τὴν
835 3265 1161 3336 Ἐκκλησίαν
1183 3271 1262 3330 είς
1283 3270 1456 3338 ἀρχὴν
1483 3271 1751 3338 δεδόσθαι,
1771 3273 1904 3324 καθὸ

334 3355 556 3422 γέγονεν
585 3354 892 3424 ἄνθρωπος,
945 3359 1004 3409 τὸ
1038 3360 1174 3410 κατὰ
1206 3359 1422 3410 πάντων
1471 3363 1669 3430 κράτος
1700 3362 1900 3431 λαχών.

334 3445 424 3499 Διὸ
477 3447 568 3498 καὶ
616 3445 814 3499 Ἰακὼϐ
867 3448 1050 3512 αὐτὴν,
1091 3447 1164 3512 ὡς
1195 3449 1254 3514 ἐξ
1298 3450 1527 3518 αἵματος
1575 3452 1822 3518 Ἰσραὴλ
1845 3453 1904 3504 τὸ

334 3537 474 3590 κατὰ
504 3537 680 3606 σάρκα
728 3539 993 3605 γεγονότα
1029 3538 1198 3591 καλεῖ.
1247 3541 1676 3608 Ἀντιλήψομαι
1701 3541 1780 3603 δὲ,
1802 3560 1903 3610 φη-

335 3630 439 3691 σὶν,
471 3629 679 3682 αὑτοῦ.
742 3629 1133 3698 Συνειργάζετο
1184 3630 1293 3700 γὰρ
1333 3633 1362 3683 6
1414 3632 1598 3701 Πατὴρ
1623 3632 1794 3701 αὐτῷ,
1829 3633 1903 3694 ὼς

332 3719 419 3773 διὰ
451 3720 730 3788 δυνάμεως
769 3721 904 3782 ιδίας
929 3720 1339 3790 μεγαλουργῶν.
1363 3722 1515 3774 Ἔστι
1545 3722 1601 3774 δὲ
1630 3723 1724 3775 καὶ
1753 3723 1902 3776 ἁπό-

333 3810 563 3871 λεκτος,
591 3809 672 3861 ὅτι
697 3808 793 3860 καὶ
822 3810 1017 3878 ὡραῖος
1067 3809 1252 3863 κάλλει
1283 3811 1430 3880 παρὰ
1463 3812 1585 3873 τοὺς
1625 3813 1770 3874 υἱοὺς
1796 3811 1903 3864 τῶν

335 3895 654 3965 ἀνθρώπων.
692 3899 800 3950 Καὶ
853 3899 1240 3966 παράδεκτος,
1268 3901 1341 3962 ὡς
1375 3901 1747 3970 ἠγαπημένος.
1798 3901 1902 3953 Eia-

334 3985 525 4054 δόκησε
550 3987 658 4056 γὰρ
679 3989 707 4039 6
740 3986 926 4057 Πατὴρ
983 3988 1041 4038 ὲν
1076 3987 1225 4056 αὐτῷ
1271 3989 1438 4056 λέγων
1459 4005 1472 4019 ·
1505 4007 1522 4039 ι
1564 3982 1730 4051 Οὗτός
1755 3992 1902 4043 ἐστιν

331 4079 358 4130 6
384 4077 506 4140 Υἱός
540 4095 642 4147 μου
669 4081 696 4131 6
730 4079 1031 4147 ἀγαπητὸς,
1090 4081 1147 4133 ἐν
1177 4075 1220 4147 ᾧ
1263 4081 1548 4152 εὐδόκησα.
1583 4081 1904 4150 ι’Χρισοεὶς

334 4169 413 4232 δὲ,
457 4171 598 4221 κατὰ
651 4169 711 4222 τὸ
769 4169 1126 4239 ἀνθρώπινον,
1173 4172 1569 4240 μετεσχηκέναι
1601 4171 1696 4223 τοῦ
1747 4171 1901 4238 ἁγίου

336 4262 652 4329 Πνεύματυς
683 4261 922 4328 λέγεται,
959 4264 1136 4314 καίτοι
1165 4262 1226 4314 τὸ
1262 4261 1504 4330 Πνεῦμα
1541 4262 1769 4328 διδοὺς,
1808 4263 1904 4316 καὶ

2006 1817 2168 1886 igitur
2200 1816 2375 1880 vobis,
2411 1816 2606 1884 inquit,
2641 1825 2887 1883 superest
2939 1814 3339 1879 condemnatio,
3367 1818 3460 1886 qui
3520 1818 3589 1872 ad

2006 1912 2210 1961 tantam
2235 1903 2462 1971 gratiam
2503 1902 2924 1970 obstupescatis.
2951 1902 3126 1971 Atque
3153 1904 3278 1958 hinc
3310 1915 3410 1969 est,
3441 1905 3588 1974 quod

2005 1994 2493 2062 appropinquarunt
2520 1993 2745 2047 consilia
2777 2004 2948 2047 castra
2975 1995 3291 2064 subjungit;
3328 2010 3425 2064 pro
3465 1997 3588 2066 qui-

2005 2087 2106 2140 bus
2137 2087 2551 2154 appropinquate
2584 2087 2748 2153 fortia
2769 2095 2941 2138 vestra
2973 2085 3367 2155 Symmachus;
3397 2087 3585 2155 ﬁrma-

2010 2189 2184 2231 menta
2199 2177 2536 2243 Theodotio;
2560 2177 2866 2243 fulcimenta
2887 2179 3132 2246 Aquilus,
3153 2178 3579 2232 transtulerunt:

2009 2270 2166 2339 quasi
2197 2268 2332 2323 Deos
2364 2270 2420 2324 in
2447 2271 2682 2325 medium
2721 2269 2968 2340 proferre
3011 2269 3264 2338 jubeant.
3290 2267 3380 2324 Sic
3416 2270 3584 2323 inter-

2004 2361 2377 2430 pretatisunt.
2420 2401 2435 2415 .
2481 2400 2496 2414 .
2540 2399 2556 2416 .
2599 2397 2614 2413 .
2656 2397 2673 2412 .

2604 2447 2758 2502 CAP.
2799 2447 2962 2501 XLII.

2077 2541 2234 2611 ωε
2273 2539 2438 2594 Vens.
2476 2539 2592 2594 1-9.
2645 2538 2813 2592 Jacob
2869 2553 3000 2606 puer
3052 2547 3240 2602 meus‘,
3303 2537 3586 2604 suscipiant

2005 2649 2155 2696 eum;
2186 2631 2360 2685 Israel
2385 2632 2576 2686 electus
2611 2647 2778 2692 meus,
2807 2630 3035 2698 suscepit
3071 2644 3189 2681 cum
3237 2629 3415 2680 anima
3447 2644 3585 2682 mea.

2011 2722 2142 2776 Dedi
2185 2725 2428 2790 spiritum
2457 2738 2626 2775 meum
2666 2735 2822 2788 super
2860 2737 2998 2773 euut.
3021 2718 3292 2772 Iudicium
3344 2717 3584 2788 gentibus

2007 2813 2209 2867 educet.
2232 2811 2354 2866 Non
2376 2814 2647 2877 clamabit,
2685 2807 2846 2883 n'eque
2883 2813 3130 2877 dimittet,
3154 2828 3313 2881 neque
3343 2813 3588 2865 audietur

2009 2905 2141 2973 foris
2172 2918 2270 2958 vox
2301 2905 2437 2972 ejus,
2468 2915 2577 2958 etc.

2079 3085 2244 3156 464
2290 3123 2304 3138 .
2349 3124 2364 3138 .
2411 3125 2426 3139 .
2471 3124 2484 3138 .
2540 3082 2928 3138 Ριίιξηυηιίιινίι
2977 3083 3165 3135 dicens
3216 3100 3230 3136 :
3293 3080 3586 3150 Imperium

2010 3180 2160 3234 Sioni
2197 3179 2360 3232 dabo.
2405 3175 2605 3230 Deinde
2664 3174 2941 3243 quodnam
3004 3173 3138 3226 illud
3184 3179 3352 3234 esset,
3399 3179 3586 3240 aperte

2008 3271 2208 3324 intulit.
2239 3268 2446 3323 Dicitur
2470 3268 2612 3320 enim
2654 3266 2719 3318 ad
2763 3263 3025 3318 Ecclesia:
3074 3264 3364 3332 imperium
3400 3263 3584 3325 datus,

2007 3373 2274 3431 quatenus
2303 3361 2467 3413 homo
2509 3357 2684 3412 factus
2717 3371 2984 3410 summam
3015 3355 3067 3408 in
3108 3369 3298 3408 omnes
3344 3363 3586 3423 potesta-

2007 3463 2112 3505 tein
2133 3451 2386 3505 obtinuit.
2421 3449 2605 3516 Itaque
2636 3456 2688 3501 et
2729 3446 2893 3501 Iacob
2947 3448 3147 3515 ipsum,
3183 3455 3437 3514 tanquam
3493 3447 3584 3514 qui

2009 3544 2076 3597 de
2109 3542 2377 3610 sanguine
2402 3539 2578 3593 Israel
2606 3539 2908 3592 secundum
2949 3552 3170 3591 carnem
3203 3547 3362 3590 natus
3417 3547 3586 3600 esset,

2005 3631 2319 3700 appellavit.
2370 3628 2573 3681 Deinde
2626 3628 2908 3693 suscipiam
2963 3641 3082 3678 eum
3132 3625 3351 3693 adjecit.
3413 3623 3587 3677 Simul

2005 3725 2148 3778 enim
2181 3737 2304 3776 cum
2335 3720 2589 3787 eoPater
2634 3721 2996 3787 operabatur;
3055 3727 3312 3787 tanquam
3365 3718 3587 3786 propria

2006 3818 2208 3868 virtute
2235 3822 2288 3866 et
2318 3812 2557 3880 potentia
2611 3827 2700 3865 res
2737 3825 2963 3878 magnas
3016 3817 3255 3876 pararet.
3300 3810 3394 3863 Est
3457 3823 3588 3862 vero

2005 3906 2169 3959 etiam
2190 3905 2409 3966 electus,
2473 3911 2733 3970 tanquam
2791 3899 2882 3968 qui
2937 3898 3123 3951 farina:
3175 3897 3587 3966 pulchritudine

2005 3996 2264 4050 mortales
2296 4009 2491 4048 omnes
2515 4000 2907 4060 exsuperaret;
2945 3999 2998 4042 ει
3033 3999 3295 4055 acceptus,
3327 3996 3586 4054 tanquam

2005 4089 2097 4158 qui
2138 4088 2470 4154 diligeretur.
2511 4085 2718 4137 Placuit
2753 4083 2899 4137 enim
2948 4080 3119 4143 Patri,
3162 4083 3252 4148 qui
3285 4081 3352 4133 de
3405 4093 3470 4132 eo
3529 4079 3584 4130 in

2003 4180 2150 4234 hunc
2179 4177 2398 4230 modum
2425 4176 2638 4229 locutus
2674 4188 2797 4228 esse
2821 4173 3054 4241 legitur:
3101 4189 3116 4219 ι
3163 4169 3262 4223 llic
3286 4178 3370 4223 est
3413 4167 3585 4222 Filius

2007 4283 2160 4322 meus
2190 4267 2445 4329 dilectus.
2482 4266 2534 4317 in
2567 4280 2678 4333 quo
2721 4258 3426 4330 coiuplaeui"-”.illnc-tus
3484 4272 3582 4308 au-

335 4353 576 4419 ἀγιάξων
607 4353 702 4421 τὴν
726 4353 919 4406 κτίσιν.
983 4352 1343 4406 Βαπτισοέντι
1374 4355 1482 4423 γὰρ
1529 4355 1589 4406 τὸ
1632 4354 1896 4422 Πνεῦμα,

2008 4368 2135 4421 tem,
2168 4357 2467 4412 secundum
2502 4352 2918 4414 humanitatem,
2952 4349 3190 4419 Spiritus
3214 4345 3387 4402 sancti
3419 4347 3582 4400 etiam

335 4445 519 4513 (moly,
557 4445 938 4511 ἐπεφοίτησεν.
979 4443 1234 4513 Ἐχρίσοη
1269 4443 1322 4495 δὲ
1338 4445 1540 4512 κρίσιν
1559 4444 1760 4508 ὲξοῖσαι
1788 4448 1900 4507 τοῖς

2008 4449 2274 4519 particops
2296 4463 2420 4502 esse
2457 4446 2700 4508 dicitur;
2744 4456 3053 4511 quanquam
3095 4447 3150 4492 et
3199 4439 3439 4504 spiritum
3471 4434 3584 4487 lar-

332 4535 558 4592 ἐϐνεσιν,
592 4536 620 4586 ὅ
647 4537 760 4587 ὲστι
788 4535 1208 4605 δικαιοκρισίαν.
1234 4535 1564 4588 Δεδικαίωκε
1617 4537 1726 4607 γὰρ
1764 4537 1902 4590 αὐτὰ

2008 4541 2118 4610 giri,
2152 4555 2276 4594 cum
2307 4547 2486 4593 creata
2518 4537 2843 4598 sanctiﬁcat,
2885 4534 3120 4586 dicatur.
3158 4530 3213 4583 In
3245 4545 3369 4582 eum
3415 4529 3582 4590 enim,

331 4626 664 4694 κατακρίνας
725 4625 806 4679 τὸν
863 4626 1330 4696 πλεονεκτήσαντα
1380 4627 1647 4690 Σατανᾶν,
1680 4627 1854 4694 λέγων
1884 4642 1898 4657 °

335 4736 353 4766 ι
393 4717 508 4770 Νῦν
535 4717 711 4787 κρίσις
741 4718 858 4769 ἐστὶ
893 4717 985 4769 τοῦ
1034 4719 1238 4785 κόσμου
1282 4717 1494 4772 τούτου.
1528 4717 1643 4770 Νῦν
1665 4720 1693 4770 6
1721 4718 1905 4786 ἄρχων

328 4806 425 4860 τοῦ
481 4808 687 4876 κόσμου
735 4807 924 4859 τούτου
979 4807 1378 4878 ἐκϐληθήσεται
1423 4810 1548 4875 ἔξω.
1595 4809 1764 4878 Κάγὼ
1810 4811 1906 4863 ἐὰν

331 4898 532 4966 ὑψωθῶ
553 4901 616 4951 ὲκ
631 4900 754 4968 γῆς,
784 4898 992 4962 πάντας
1015 4897 1227 4952 ἑλκύσω
1251 4902 1383 4970 πρὸς
1407 4901 1667 4971 ἐμαυτόν.
1698 4920 1717 4951 s
1743 4899 1902 4967 Εἶτα,

244 5057 247 5059 ἓ
331 4989 632 5058 ἐπειδήπερ
678 4988 917 5058 ἡσύχως,
946 4991 1040 5042 καὶ
1071 4991 1260 5058 πράως
1287 4992 1379 5044 τὸν
1407 4992 1750 5062 ἀνθρώπινον
1780 4993 1903 5046 διώ-

328 5079 484 5133 δευσε
517 5079 651 5148 βίον,
686 5082 744 5134 ὲν
773 5081 960 5148 ὑφέσει
991 5081 1182 5150 πολλῇ,
1235 5082 1366 5152 μηδὲ
1411 5088 1522 5146 τοῖς
1558 5083 1905 5154 θραπευομέ-

329 5189 440 5233 νοις
463 5171 733 5241 φανεροῦν
764 5175 1075 5242 ἐπιτρέπων
1109 5174 1294 5239 αὑτὸν,
1316 5177 1434 5230 Οὐκ
1453 5176 1686 5241 ἀνήσει,
1721 5177 1906 5244 φησὶν,

330 5260 474 5315 οὐδὲ
497 5262 940 5327 ἀκουσθήσεται
975 5264 1091 5327 ἔξω
1126 5264 1164 5330 ἠ
1211 5266 1380 5332 φωνὴ
1414 5268 1616 5321 αὑτοῦ.
1654 5267 1908 5335 Οὐδαμοῦ

331 5351 440 5422 γὰρ
463 5353 568 5416 ἔξω
591 5356 688 5424 τῆς
725 5355 985 5419 Ἰουδαίας
1010 5357 1103 5409 καὶΙ
1119 5356 1418 5422 Ταλιλαίας
1438 5357 1907 5430 διέτριψεν.Ἦλοε

325 5517 666 5582 ’⁵¹-⁸³Μιιιι1ι.
702 5546 782 5595 ιιι,
816 5531 922 5598 17;
964 5531 1096 5596 xvn,
1123 5533 1174 5588 5.
1252 5533 1470 5589 "Joan.
1506 5551 1603 5601 xu,
1639 5535 1726 5599 5|,
1753 5535 1840 5590 52.

2000 4649 2124 4686 cum
2165 4633 2490 4700 tingeretur.
2519 4631 2614 4689 ait,
2663 4627 2896 4694 Spiritus
2951 4626 3178 4693 illapsus
3220 4629 3326 4678 est.
3373 4617 3583 4674 Unctus

2011 4729 2094 4775 est
2121 4738 2244 4774 vero
2277 4729 2337 4774 ut
2366 4720 2521 4788 justo
2547 4719 2752 4787 judicio
2788 4725 2979 4786 gentes
3011 4715 3064 4768 in
3089 4715 3393 4767 libertatem
3428 4725 3582 4764 asse-

2011 4818 2192 4863 reret:
2227 4809 2373 4876 quod
2409 4807 2476 4860 ab
2503 4823 2568 4860 co
2596 4808 2796 4860 factum
2823 4818 2928 4869 εει,
2967 4819 3092 4858 cum
3127 4802 3582 4856 contumeliosum

2008 4912 2064 4956 et
2091 4901 2496 4956 fraudulentum
2527 4899 2784 4952 Satanam
2814 4896 3198 4951 condemnavit
3231 4895 3314 4947 his
3351 4891 3528 4945 verbis
3568 4906 3580 4941 :

2013 5014 2033 5047 ι
2062 4993 2219 5048 Nune
2256 4992 2528 5063 judicium
2558 5000 2641 5046 est
2685 4991 2848 5056 hujus
2878 4987 3085 5041 mundi.
3125 4985 3282 5039 Nunc
3332 4986 3584 5053 princeps

2009 5085 2175 5155 hujus
2222 5084 2409 5138 mundi
2459 5082 2707 5150 ejicietur
2762 5079 3028 5138 foras._i€t
3058 5092 3179 5145 ego,
3205 5077 3251 5130 si
3313 5074 3584 5127 CanlzttltS

2013 5175 2165 5229 fuero
2200 5190 2230 5228 a
2264 5184 2429 5235 terra.
2461 5186 2653 5226 omnes
2692 5169 2901 5223 traham
2949 5169 3015 5222 ad
3065 5183 3150 5220 me
3177 5167 3243 5237 5?.
3287 5184 3304 5215 ι
3355 5161 3578 5224 Deinde,

2011 5265 2269 5336 quoniam
2302 5263 2513 5334 placide
2563 5271 2616 5317 et
2668 5270 2950 5315 mansuete
2977 5260 3140 5312 vitam
3165 5259 3322 5311 istam
3380 5255 3582 5320 exegit,

2012 5372 2206 5426 magna
2258 5355 2523 5412 modestia
2556 5368 2623 5409 ne
2673 5353 2740 5409 iis
2801 5350 3019 5422 quidem
3059 5364 3199 5418 quos
3269 5357 3578 5410 sanaverat,

1605 5645 1837 5701 VARI/ii
1879 5644 2280 5702 LECTIONES.

405 5719 426 5747 ι
452 5729 536 5778 γρ,
573 5713 775 5785 στερεὼ
787 5731 910 5777 mg.
