4032 6218
435 249 576 310 2-3ϋ3

1751 267 2068 329 PROCOPI
2077 271 2103 329 Ι
2142 269 2385 330 GAZEI

3546 262 3696 328 ﬁlii!

433 353 493 421 se
521 366 636 437 ipse
668 366 844 436 palam
881 365 1060 422 facere
1113 371 1453 438 permittens,
1485 377 1606 428 non?
1634 374 1884 441 dimittet,
1913 377 2009 442 ait,

2130 380 2170 433 ie
2198 382 2290 434 καὶ
2315 380 2476 452 μέχρι
2504 379 2612 434 τῶν
2639 380 2804 450 ὁρίων
2833 378 3011 450 Τύρου
3043 377 3140 433 καὶ
3178 376 3425 440 Σιδῶνος,
3458 377 3555 429 καὶ
3585 376 3694 443 τῆς

433 475 593 526 neque
620 459 869 512 audietur
892 474 990 514 vox
1013 460 1147 529 ejus.
1180 461 1379 518 anlibi
1405 466 1548 520 cnim
1578 476 1732 522 extra
1762 466 2004 524 Judaeain

433 557 488 602 et
519 548 796 604 Galilazam
821 551 964 621 egit;
1003 553 1094 608 sed
1122 554 1187 606 ad
1220 553 1345 624 Tyri
1389 571 1585 626 usque,
1651 567 1706 612 et
1761 560 2003 625 Sidonis,

436 655 647 695 necnon
706 640 984 708 Cazsareze,
1023 660 1144 712 quae
1199 643 1428 716 Philippi
1494 649 1715 713 dicitur,
1771 651 2011 706 conﬁnia

437 739 670 796 tantum,
699 735 1082 800 prmtermissis
1128 736 1554 806 alienigenarum
1596 740 1846 804 urbibus,
1882 758 2009 810 pro-

436 837 656 892 gressus
699 833 782 877 est
812 826 877 878 ⁸⁸.
913 826 1062 879 Adeo
1106 837 1309 892 autem,
1339 829 1536 898 inquit,
1579 833 1732 885 nullo
1781 835 2009 902 strepitu

437 915 814 983 pertransibit,
849 924 906 968 ut
938 917 1188 972 inlirmus
1218 921 1472 985 maxime,
1508 929 1562 976 et
1595 923 1665 976 ob
1690 923 1741 976 id
1783 926 2014 978 contrito

352 1006 360 1014 ’
442 1009 649 1057 calamo
672 1018 1040 1080 comparatus,
1065 1009 1251 1064 dolore
1290 1012 1398 1066 ullo
1428 1029 1536 1068 non
1568 1015 1836 1071 alliciatur
1859 1061 1872 1085 ,
1909 1021 2017 1073 imo

441 1112 508 1151 ne
543 1097 708 1150 linum
738 1099 956 1168 quidem
991 1100 1280 1170 fumigans,
1305 1103 1357 1157 id
1388 1114 1472 1160 est
1523 1108 1872 1174 comburens,
1922 1126 2016 1164 ex-

443 1190 785 1259 stinguatur;
819 1196 962 1261 quod
994 1195 1082 1247 alii
1111 1195 1390 1250 evanidum
1445 1198 1822 1254 reddiderunt.
1852 1202 2020 1256 Aiunt

446 1295 572 1334 vero
604 1298 698 1350 per
767 1283 1032 1352 fumigans
1088 1286 1255 1338 linum
1309 1303 1430 1340 eum
1485 1289 1870 1356 demonstrari,
1925 1291 2018 1359 qui

446 1386 626 1429 mente
683 1377 866 1430 carnis
890 1392 1003 1430 suae
1060 1385 1261 1432 temere
1307 1379 1656 1436 intumescat.
1691 1382 1809 1438 Non
1873 1383 2018 1438 enim

444 1483 633 1522 omnes
658 1476 974 1523 mansuetus
997 1476 1048 1521 et
1083 1469 1302 1524 humilis
1327 1471 1491 1526 corde
1515 1471 1635 1526 fuit.

513 1556 675 1628 465
723 1555 839 1612 Non
889 1557 1107 1624 desunt,
1143 1562 1236 1628 qui
1292 1561 1388 1615 lini
1424 1563 1736 1634 fumigantis
1780 1566 2020 1635 appella-

446 1647 616 1710 tione,
655 1654 932 1700 terrenum
990 1648 1270 1703 hominem
1325 1652 1496 1706 velint
1553 1654 1876 1725 signiﬁcari,
1925 1655 2018 1725 qui

447 1738 668 1792 virtutis
701 1739 880 1794 adhuc
910 1747 1004 1792 aut
1035 1741 1252 1809 pietatis
1291 1744 1584 1799 scintillam
1624 1748 1874 1818 exiguam
1915 1748 2017 1804 sibi

447 1829 712 1898 reliquam
761 1829 910 1885 fecit.
944 1829 1101 1886 Hunc
1136 1835 1282 1887 enim
1318 1837 1641 1893 consolatus
1688 1853 1839 1908 spem
1885 1839 2024 1908 abji-

448 1933 573 1974 cere
622 1934 731 1973 non
775 1920 941 1984 sinit,
985 1923 1078 1990 qui
1126 1924 1401 1991 volentem
1458 1929 1771 1997 septuagies
1822 1932 2024 2000 septies

449 2009 516 2061 ad
570 2009 952 2078 paenitentiam
1013 2012 1410 2069 admittendum
1467 2018 1640 2073 edixit
1685 2021 1765 2086 ⁸⁶;
1820 2022 2025 2090 quique

451 2117 647 2171 magna
679 2103 896 2157 dicendi
935 2104 1183 2161 libertate
1211 2108 1281 2161 de
1297 2107 1505 2176 judicio
1531 2108 1626 2164 Dei
1665 2111 1808 2181 apud
1836 2128 2025 2169 omnes

450 2195 785 2263 disputavit;
819 2209 996 2265 neque
1027 2197 1178 2265 prius
1204 2199 1433 2264 destitit,
1461 2199 1636 2255 donec
1663 2201 1801 2256 lucis
1828 2203 2023 2269 instar,

452 2299 549 2352 per
587 2285 1046 2341 resurrectionem
1081 2302 1147 2342 ex
1187 2291 1421 2344 mortuis
1457 2292 1820 2359 splenduerit,
1862 2310 2026 2363 quam

455 2385 512 2428 ιιι
547 2376 816 2442 innueret,
844 2378 1194 2446 respondebit,
1217 2389 1266 2433 et
1298 2395 1400 2435 non
1430 2391 1730 2436 conteretur
1757 2385 2025 2452 adjunxit.

453 2466 636 2537 Ipsum
673 2472 817 2524 enim
857 2483 1143 2539 conterere,
1179 2484 1233 2528 et
1277 2477 1610 2546 exstinguere
1647 2477 1848 2548 (morte
1881 2479 2025 2533 enim

458 2558 708 2613 homines
739 2564 1121 2631 conteruntur),
1154 2565 1246 2632 qui
1283 2566 1434 2619 necis
1473 2566 1591 2631 ejus
1622 2575 1877 2622 auctores
1914 2568 2030 2621 fue-

460 2657 611 2712 runt,
645 2650 826 2703 conati
865 2659 993 2704 sunt
1031 2653 1164 2706 :sed
1197 2669 1338 2707 unus
1375 2655 1630 2710 Christus
1662 2666 1837 2712 morte
1867 2672 2030 2726 supe-

460 2737 574 2789 rior
608 2741 800 2792 evasit.
837 2737 950 2793 lmo
989 2740 1260 2808 splendere
1297 2756 1406 2796 non
1452 2743 1637 2809 desiit,
1685 2743 1846 2798 donec
1874 2745 2032 2814 judi-

461 2822 601 2875 cium
648 2840 803 2891 super
854 2833 1050 2878 terram
1109 2837 1356 2894 poneret,
1411 2829 1462 2882 id
1514 2838 1618 2895 est,
1660 2830 1920 2886 Ecclesiae
1975 2833 2029 2886 in

465 2928 605 2972 terra
669 2920 1197 2974 administrationem
1257 2929 1311 2975 et
1354 2921 1654 2991 judicium,
1707 2926 1850 2996 quod
1914 2927 2031 2983 suis

2109 471 2376 524 Φιλίππου
2411 470 2766 540 Καισαρείας.
2842 470 2980 522 Ἀλλ’
3009 470 3110 523 οὐκ
3164 467 3343 522 αὐτῶν
3363 466 3544 536 ῖπέϐη
3575 465 3693 518 τῶν

2111 561 2424 630 ἀλλοφύλων
2451 562 2679 614 πόλεων.
2705 559 2862 612 Οὕτω
2887 559 2968 624 δέ,
2992 560 3176 630 φησιν,
3212 559 3453 628 ἀψοφητὶ
3481 556 3695 610 διελεύ-

2115 669 2290 719 σεται,
2324 653 2400 716 ὡς
2445 653 2578 722 μηδέ
2637 651 2881 720 λυπῆσαι
2912 647 3013 704 τὸν
3045 650 3453 711 ἀσθενέστατον,
3477 649 3571 702 καὶ
3601 646 3697 700 διὰ

2115 745 2274 798 τοῦτο
2301 743 2566 812 καιάμῳ,
2607 745 2702 796 καὶ
2733 743 2908 811 τούτῳ
2944 741 3328 810 τεθλασμένῳ
3359 735 3696 810 παρεικαζό-

2121 853 2298 906 μενον.
2339 835 2477 888 Ἀλλ’
2501 835 2623 888 ούδέ
2649 835 2824 889 ,λίνον
2841 833 3196 888 κατασϐέσει
3236 831 3689 898 καπνιζόμενον.

2120 926 2289 979 Τοῦτο
2319 927 2426 995 γὰρ
2460 926 2520 979 τὸ
2557 928 2915 996 τυφόμενον,
2955 925 3092 995 ὅπερ
3142 924 3388 994 ἄμανρον
3423 922 3697 986 ἐξέδωκαν

2113 1019 2164 1072 oi
2195 1017 2393 1070 λοιποί.
2421 1017 2627 1087 Δηλοῦν
2647 1017 2702 1069 δέ
2727 1016 2794 1068 τὸ
2847 1015 3023 1069 λίνον
3046 1015 3179 1083 φασὶ
3209 1014 3276 1066 τὸ
3326 1012 3693 1080 τυφόμενον,

2115 1111 2206 1164 τὸν
2241 1111 2363 1180 είκῆ
2388 1110 2748 1180 φυσιούμενον
2783 1107 2886 1160 ὑπὸ
2906 1106 3000 1161 τοῦ
3029 1108 3145 1169 νοὸς
3160 1105 3258 1176 τῆς
3284 1104 3485 1175 σαρκὸς
3503 1099 3697 1156 αὑτοῦ.

2124 1200 2198 1253 Οὐ
2229 1201 2479 1253 ταπεινὸν
2500 1200 2610 1271 γὰρ
2633 1197 2998 1267 ἐλύπησεν,ού
3027 1195 3292 1268 μετῆλθεν
3323 1195 3698 1263 ὑπερήφανον,

2126 1293 2265 1363 πρὸς
2291 1293 2498 1357 πάντας
2521 1291 2596 1344 ὢν
2634 1292 2829 1362 πρᾶος,
2859 1289 2953 1344 καὶ
2984 1276 3238 1350 ταπεινὸς
3269 1290 3333 1358 τῇ
3370 1285 3587 1356 καρδία.

2058 1392 2150 1438 aut
2182 1385 2438 1440 humilem
2464 1385 2627 1448 laesit,
2658 1391 2752 1438 aut
2778 1382 3072 1454 superbum
3136 1381 3282 1435 ultus
3337 1387 3442 1445 est,
3490 1379 3582 1449 qui
3642 1377 3699 1433 in

2197 1564 2356 1627 Τινὲς
2382 1563 2440 1618 δέ
2466 1562 2645 1618 λίνον
2688 1563 3046 1631 τυφόμενον,
3105 1559 3195 1612 τὸν
3243 1559 3431 1628 γήϊνον
3489 1558 3702 1626 ἔφασαν

2127 1656 2437 1728 ἄνθρωπον,
2469 1655 2561 1709 τὸν
2589 1653 2791 1725 ἀρετῆς
2821 1653 2854 1723 ἢ
2906 1651 3217 1714 θεοσεϐείας
3263 1649 3538 1719 σπινθῆρα
3570 1649 3705 1721 βραο

2054 1727 2095 1785 Β
2123 1727 2240 1817 χὺνί
2277 1744 2636 1809 διασώζοντα.
2677 1740 2880 1796 Τοῦτον
2921 1742 3058 1812 γὰρ’
3091 1737 3447 1810 παρακαλῶν,
3493 1740 3594 1792 οὐκ
3635 1739 3705 1810 ἐᾷ

2125 1839 2324 1910 χωρεῖν
2367 1838 2448 1899 εἰς
2503 1834 2836 1901 ἀπόγνωσιν,
2905 1831 3004 1894 τὰς
3059 1829 3516 1899 ἑϐδομηκοντάκις
3563 1828 3708 1881 ἑπτὰ

2130 1927 2418 2000 μετανοίας
2479 1923 2817 1995 νομοθετῶνο
2876 1921 2973 1974 σὺν
3029 1921 3316 1992 παρρησίᾳ
3367 1919 3421 1978 δὲ
3471 1922 3603 1973 πᾶσι
3633 1919 3708 1971 τὰ

2126 2020 2258 2092 περ)⁹
2289 2021 2388 2089 τῆς
2416 2017 2509 2070 τοῦ
2535 2015 2672 2069 Θεοῦ
2703 2013 3036 2067 διεστέλλετο
3058 2014 3331 2081 κρίσεως.
3356 2011 3469 2064 Καὶ
3489 2010 3551 2063 ού
3571 2009 3708 2079 πρό-

2125 2129 2282 2184 τερον
2321 2107 2679 2177 ἐπαύσατο,ἦ
2713 2105 2890 2174 φωτὸς
2940 2104 3103 2173 δίκην
3148 2102 3451 2171 ἐκλάμψαι
3489 2101 3576 2154 διὰ
3603 2101 3711 2169 τῆς

2127 2207 2192 2260 ἐκ
2243 2205 2449 2276 νεκρῶν
2493 2200 2888 2264 ἀναστάσεως,
2935 2199 3002 2268 ἦν
3058 2195 3450 2266 αίνιττόμενος,
3508 2191 3704 2261 φησίν·

2129 2297 2523 2366 Ἀναλιὶμψει,
2573 2295 2672 2348 καὶ
2704 2294 2776 2347 οὺ
2815 2288 3282 2359 θραυσθήσεται.
3317 2283 3581 2354 Θραῢσαι
3608 2281 3712 2351 μὲν

2128 2389 2238 2458 γὰρ
2268 2388 2430 2440 αὑτὸν
2460 2385 2554 2439 καὶ
2573 2383 2914 2438 ἀποσϐέσαι
2943 2378 3303 2448 πεπείρανται
3343 2377 3393 2429 οἱ
3425 2374 3518 2426 τὸν
3545 2373 3709 2426 θάνα-

2129 2496 2219 2532 τον
2246 2477 2394 2544 αύτῷ
2450 2473 2981 2534 κατασκευάσαντες.
3031 2469 3260 2537 Θανάτῳ
3289 2465 3397 2535 γὰρ
3427 2463 3715 2532 ἄνθρωποι

2131 2570 2470 2636 θραύονται.
2524 2567 2702 2627 Μόνος
2765 2564 2823 2616 δὲ
2880 2561 3115 2633 Χριστὸς
3159 2559 3393 2612 Θανάτου
3437 2556 3715 2626 κρείττων

2133 2661 2368 2727 ἐγένετο.
2404 2657 2763 2726 Ἐλλάμψας
2791 2656 2848 2708 δέ
2904 2654 3003 2708 οὐκ
3031 2651 3332 2714 ἐπαύσατο,
3363 2649 3474 2712 ἕως
3505 2644 3582 2712 θῇ
3608 2644 3715 2698 ἐπι

2131 2752 2244 2819 τῆς
2270 2750 2384 2820 τῆς
2434 2750 2657 2818 κρίσιν,
2702 2747 2846 2800 τοῦτ’
2898 2745 3034 2810 ἔστι,
3081 2744 3210 2813 πρὶν
3249 2741 3344 2794 ἐπὶ
3381 2738 3494 2808 γῆς
3523 2735 3718 2790 διατά-

2135 2843 2326 2910 ξασθαι
2383 2841 2484 2911 τὴν
2547 2838 2676 2908 περὶ
2728 2839 2827 2907 τῆς
2867 2833 3195 2904 Ἐκκλησίας
3235 2827 3505 2896 διοίκησίν
3527 2841 3586 2876 τε
3617 2820 3719 2875 καὶ

2136 2935 2361 3001 κρίσιν,
2389 2931 2457 3000 ἣν
2480 2933 2594 2992 τοῖς
2649 2927 2818 2982 αὑτοῦ
2856 2925 3142 2996 παρέδωκε
3188 2919 3474 2990 μαθηταῖς.
3500 2915 3721 2982 Κρίσιν

467 3010 755 3078 discipulis
815 3012 1109 3076 commisit,
1151 3013 1451 3069 ordinaret.
1505 3015 1734 3071 Videtur
1776 3020 1919 3073 enim
1975 3021 2028 3073 in

2138 3025 2242 3096 γὰρ
2271 3024 2445 3077 ἔοικεν
2481 3023 2538 3074 ἐν
2567 3020 2773 3081 τούτοις
2805 3017 2896 3070 τὸν
2934 3016 3098 3084 νόμον
3130 3012 3337 3072 καλεῖν,
3372 3008 3447 3070 ὡς
3497 3007 3720 3075 εἴρηται

467 3103 589 3157 istis
613 3103 806 3171 judicii
840 3104 1058 3158 nomine
1086 3106 1256 3175 legem
1289 3107 1621 3176 signiﬁcare,
1660 3119 1717 3163 ut
1749 3112 1815 3166 de
1839 3113 2029 3168 lsraele

2145 3113 2386 3186 περὶτοῦ
2425 3112 2662 3181 Ἰσραὴλ,
2693 3111 2774 3164 ὅτι
2815 3110 2929 3161 ἐκεῖ
2955 3107 3156 3159 ἔδωκεν
3185 3103 3335 3170 αὐτῷ
3373 3101 3724 3166 δικαιώματα

469 3195 675 3248 dictitat
699 3203 802 3260 est,
833 3211 957 3250 eum
992 3197 1063 3250 ibi
1087 3197 1509 3264 iustiﬁcationes
1539 3209 1592 3254 et
1619 3201 1886 3270 judicium
1918 3219 2029 3260 esse

2144 3207 2238 3260 καὶ
2265 3204 2466 3274 κρίσιν.
2503 3203 2612 3256 Καὶ
2637 3200 2834 3254 πάλινο
2887 3197 3086 3268 Κρίσιν
3149 3193 3243 3247 καὶ
3280 3189 3630 3258 δικαιοσύνην
3661 3189 3727 3240 ἐν

474 3289 729 3343 voluisse.
759 3287 824 3341 Et
853 3304 1069 3353 rursus,
1102 3287 1376 3342 Judicium
1408 3299 1460 3344 et
1488 3291 1757 3359 justitiam
1786 3295 1839 3347 in
1868 3293 2029 3350 Jacot

2160 3293 2351 3347 Ἰακὼὸ
2377 3292 2437 3344 τὸ
2463 3304 2489 3332 ι
2517 3291 2801 3356 ἐποίησας.
2834 3286 2944 3340 Καί
2985 3283 3117 3354 φασί
3138 3299 3304 3344 τινες,
3335 3281 3410 3342 ὡς
3439 3278 3528 3331 τὸν
3557 3275 3726 3344 νόμον

473 3378 722 3434 effecisse
749 3381 817 3430 ⁸⁷.
853 3369 1022 3434 Aiunt
1051 3379 1246 3434 deinde
1281 3382 1524 3434 nonnulli
1555 3384 1723 3452 legem
1751 3386 1803 3438 in
1830 3389 2029 3441 umhris

2148 3389 2206 3439 ἐν
2234 3383 2567 3445 σκιαῖς-ὅντα
2598 3380 2692 3434 καὶ
2719 3378 2931 3439 τύποις,
2969 3377 3048 3437 είς
3095 3372 3354 3443 ἀλήθειαν
3383 3366 3605 3432 ἐξοίσει,
3633 3365 3728 3417 διὰ

473 3480 528 3524 et
549 3471 692 3540 typis
714 3468 1146 3534 deliteSuentem,
1171 3471 1407 3525 decretis
1431 3472 1760 3540 evangelicis
1785 3473 1837 3526 in
1865 3475 2040 3528 lucem

475 3577 598 3616 esse
634 3562 982 3616 educturum.
1019 3561 1207 3631 Neque
1241 3577 1368 3616 vero
1404 3565 1671 3631 particula
1705 3563 1868 3618 donec
1904 3581 2040 3635 prae-

481 3653 691 3705 linitum
751 3654 1011 3722 temporis
1067 3655 1360 3707 terminum
1415 3655 1652 3724 aliquem
1705 3671 1814 3725 quo
1861 3657 2048 3725 elapso

2149 3474 2256 3528 τῶν
2308 3469 2681 3539 εὐαγγελικῶν
2738 3465 3146 3533 θεσπισμάτων.
3202 3462 3275 3514 Τὸ
3303 3461 3382 3525 δέ,
3423 3460 3552 3524 ἕως,
3613 3456 3727 3529 [οὗ]

2151 3563 2343 3633 καιροῦ
2397 3560 2736 3631 προθεσμίαν
2783 3558 2953 3627 δηλοῖ,
2991 3555 3110 3625 μεθ’
3139 3555 3206 3623 ἣν
3255 3550 3728 3621 θραυσθήσεται,

2153 3656 2266 3710 ἀλλ’
2292 3657 2373 3708 δτι
2403 3655 2668 3724 κρατήσει
2698 3650 2950 3704 τοσοῦτον
2975 3666 2989 3679 ·
3027 3647 3166 3700 ὥστε
3206 3645 3300 3698 καὶ
3355 3645 3424 3697 ἐν
3451 3643 3620 3709 πάσῃ
3652 3638 3734 3709 τῇ

479 3743 824 3797 conterendus
869 3746 959 3807 sit,
1011 3745 1236 3812 indicat,
1292 3747 1384 3800 sed
1441 3755 1650 3801 tantum
1703 3748 2046 3815 effecturum,

483 3843 540 3888 ut
569 3835 621 3888 in
648 3843 756 3890 toto
787 3837 908 3891 orbe
927 3837 1191 3907 judicium
1219 3839 1334 3908 ejus
1359 3849 1650 3893 statuatur.
1683 3839 1844 3894 Juxta
1879 3841 2046 3896 illud:

2154 3746 2231 3817 τῇ
2258 3746 2442 3800 θεῖναι
2468 3747 2583 3810 τὴν
2612 3743 2832 3810 κρίσιν.
2867 3739 3027 3794 Κατὰ
3065 3738 3144 3791 τό·
3182 3756 3200 3788 ι
3235 3735 3421 3788 Κάθου
3452 3735 3515 3786 ἐκ
3537 3732 3734 3796 δεξιῶν

2160 3855 2281 3906 μου.
2311 3837 2416 3898 ἕως
2467 3835 2534 3889 ἂν
2569 3834 2719 3905 θήσω
2742 3833 2867 3895 τοὺς
2919 3829 3150 3900 ἐχθρούς
3181 3845 3275 3881 σου
3310 3826 3600 3880 ὑποπόδιον
3621 3824 3734 3876 τῶν

487 3945 506 3980 ι
547 3927 687 3984 Sede
718 3945 745 3982 a
779 3930 990 3986 dextris
1025 3933 1181 3995 meis,
1208 3932 1384 3986 donec
1414 3947 1610 4002 ponam
1644 3934 1895 3988 inimicos
1928 3943 2029 3987 tuo:

2158 3927 2332 3981 ποδῶν
2360 3943 2475 3980 σου.
2497 3943 2515 3976 ι
2544 3924 2656 3978 Καὶ
2683 3925 2776 3976 τόο
2813 3939 2832 3974 ι
2879 3921 3012 3974 ’ἰδοὺ
3067 3919 3177 3988 ἐγὼ
3224 3917 3341 3988 μεθ’
3381 3916 3559 4018 ὑμῶν-
3593 3917 3733 3985 εἰμι,

483 4021 781 4075 scabellum
824 4021 1021 4091 pedum
1069 4031 1286 4078 tuorum
1327 4023 1394 4078 ⁸⁸.
1437 4043 1456 4077 ›
1514 4024 1580 4079 Ει
1628 4025 1760 4079 illud
1798 4042 1812 4079 :
1855 4041 1872 4076 ι
1915 4025 2029 4080 Eccl

2158 4023 2262 4085 ἕως
2291 4021 2390 4091 τῆς
2418 4016 2728 4079 συντελείας
2761 4014 2857 4068 τοῦ
2885 4013 3100 4076 αἰῶνος.
3138 4029 3157 4062 ι
3193 4009 3350 4062 υῦτω
3381 4008 3474 4062 καὶ
3500 4008 3594 4060 νῦν
3623 4008 3738 4058 τῶν

486 4127 588 4180 ego
624 4113 908 4168 vobiscum
947 4129 1069 4168 sum
1112 4114 1288 4176 donec
1331 4116 1518 4170 saeculi
1566 4115 1659 4169 ﬁat
1703 4130 2026 4170 consumma

2160 4114 2326 4169 αὑτοῦ
2351 4110 2743 4180 θεσπισμάτων
2766 4107 2826 4158 τδ
2853 4103 3095 4176 appara;
3111 4101 3261 4171 δηλοί
3295 4101 3388 4202 καὶ
3415 4097 3736 4202 ἀσάλευτον.

487 4205 564 4253 tio
587 4203 654 4256 '9.
686 4221 706 4253 ι
749 4202 840 4257 Sic
884 4212 938 4259 et
981 4220 1127 4259 nunc
1177 4205 1520 4260 decretorum
1567 4218 1795 4259 suorum
1845 4214 2029 4259 certau

2161 4207 2474 4277 Γέγραπται
2506 4201 2634 4271 γάρ·
2672 4215 2695 4251 ‹
2736 4197 2800 4250 Ἦ
2826 4193 3138 4262 δικαιοσύνη
3167 4208 3283 4255 σου,
3313 4189 3630 4260 δικαιοσύνη
3658 4189 3740 4250 είς

487 4301 541 4346 et
567 4293 958 4350 immutabilem
989 4297 1357 4350 constantiam
1387 4295 1752 4350 demonstrat.
1783 4295 2024 4349 Scribitu

2163 4297 2254 4351 τὸν
2291 4295 2484 4360 αἰῶνα,
2513 4291 2606 4345 καὶ
2634 4288 2664 4342 ὁ
2693 4287 2857 4359 νόμος
2886 4302 2980 4338 σου
3012 4283 3261 4353 ἀλήθεια.
3303 4297 3322 4332 ι

489 4385 673 4438 enim:
713 4402 730 4436 ι
774 4383 994 4439 Iustitia
1043 4395 1157 4448 tua,
1199 4385 1414 4454 justitia
1463 4385 1518 4439 in
1559 4392 1847 4457 internum,
1885 4391 1938 4439 et
1970 4386 2054 4440 lex
2088 4388 2134 4444 D
3123 4397 3126 4400 ’

479 4485 582 4528 tua
613 4475 816 4528 veritas
849 4475 913 4527 ⁸⁸.
953 4493 973 4527 ι

2479 4554 2494 4561 ρ
2677 4552 2689 4561 ι
2815 4549 2827 4561 ι
2869 4549 2928 4561 ..Α
3030 4547 3042 4561 I
3100 4545 3113 4561 ι
3187 4546 3213 4558 Ρ
3266 4545 3278 4561 ο
3339 4545 3353 4561 1
3408 4558 3468 4561 Α.--
3527 4541 3704 4561 ..Ι-κε

564 4564 859 4632 Sperartmt
902 4579 1031 4618 vero
1065 4575 1115 4619 et
1161 4573 1338 4634 gentes
1389 4565 1442 4617 in
1489 4568 1697 4619 nomine
1735 4565 1874 4634 ejus,
1911 4575 2029 4636 post

2240 4554 2534 4616 Ἥλπισέν
2549 4570 2612 4622 γε
2633 4552 2740 4622 μὴν
2767 4549 2841 4604 τὰ
2862 4549 3005 4616 ἔθνη
3019 4545 3116 4602 ἐπὶ
3140 4546 3220 4611 τῷ
3247 4545 3489 4613 ὀνόματι
3516 4545 3742 4636 αὑτοῦ,

493 4668 656 4722 quam
713 4653 880 4707 Deum
963 4668 1088 4707 esse
1145 4652 1492 4718 didicerunt,
1535 4653 1748 4708 etiamsi
1791 4654 1845 4707 in
1895 4669 2026 4707 carn

2167 4651 2299 4704 Θεὸν
2349 4644 2487 4701 εἶναι
2525 4643 2788 4714 μαθόντα,
2817 4641 2864 4693 εί
2889 4640 2985 4692 καὶ
3032 4638 3270 4707 πέφηνεν
3303 4636 3361 4688 ἐν
3395 4633 3743 4737 σαρκί.’Καὶ

497 4741 830 4808 apparuerit.
889 4739 1033 4805 Quin
1087 4749 1143 4794 et
1198 4740 1495 4796 secundum
1554 4738 1814 4793 Davidem
1871 4758 1885 4792 :
1942 4759 1961 4790 ι
2005 4739 2029 4791 1η

2169 4741 2310 4797 κατὰ
2340 4740 2431 4792 τὸν
2451 4733 2630 4788 Δαϐίδ·
2673 4751 2693 4784 ι
2743 4733 2832 4785 Ἐν
2853 4729 2932 4801 τῷ
2955 4730 3178 4800 ὀνόματι
3196 4726 3359 4780 αὑτοῦ
3385 4722 3744 4792 ἁγαλλιάσονσ

498 4832 718 4887 nomine
767 4833 942 4902 ipsius
993 4831 1343 4887 exsultabunt
1399 4839 1512 4885 tota
1563 4830 1652 4886 die
1699 4831 1766 4884 δι.
1806 4850 1824 4882 ι
1874 4831 1956 4885 Ab
2001 4846 2029 4886 e

2171 4851 2260 4887 ται
2288 4833 2417 4899 ὅλην
2440 4829 2537 4899 τὴν
2570 4825 2804 4896 ἡμέραν.
2842 4841 2861 4874 ι
2903 4819 3232 4889 Κεκλήμεθα
3267 4818 3375 4889 γὰρ
3403 4813 3741 4886 Χριστιανοὶ,

2176 4924 2270 4977 καὶ
2299 4921 2384 4973 ἐπ’
2413 4916 2563 4984 αὐτῷ
2592 4917 2770 4969 πᾶσαν
2797 4913 2994 4984 ἔχομεν
3024 4911 3120 4981 τὴν
3171 4909 3384 4964 ἐλπίδα.
3406 4907 3482 4959 Τὸ
3525 4905 3745 4973 Ἐὃραῖο

2171 5015 2266 5068 κδν
2289 5012 2365 5075 δὲ,
2395 5009 2489 5061 καὶ
2510 5010 2558 5061 οἱ
2600 5004 2798 5066 λοιποὶ,
2831 5003 2951 5056 ἀντὶ
2993 5001 3085 5054 τοῦ
3119 5000 3284 5066 ἔθνη,
3317 4996 3520 5064 νῆσοι,
3555 4993 3740 5062 φασίν.

495 4924 643 4982 enim
672 4923 972 4980 Christiani
1002 4938 1405 4992 nuncnpamur,
1433 4930 1488 4976 et
1516 4923 1568 4977 in
1593 4938 1658 4978 eo
1691 4938 1818 4994 spes
1846 4930 2064 4978 nostras

491 5028 690 5068 omnes
739 5013 1037 5068 collocatas
1093 5013 1378 5068 habemus.
1441 5012 1708 5068 Caeterum
1777 5028 1886 5083 quo
1944 5013 2064 5066 loco

495 5115 674 5177 gentes
705 5106 990 5169 habemus.
1028 5103 1284 5160 Hebraeos
1328 5106 1477 5174 ipsos
1519 5116 1854 5174 cmterosque
1896 5105 2066 5158 inter-

499 5212 704 5267 pretes,
761 5199 951 5252 insula:
1003 5196 1167 5269 466
1221 5197 1406 5252 videas
1456 5197 1671 5267 legere;
1728 5197 1818 5251 ubi
1869 5193 2069 5249 deinde

490 5296 729 5356 nomine,
763 5290 923 5360 legem
960 5290 1222 5344 scribere.
1259 5288 1569 5343 [mularum
1620 5303 1784 5358 porro
1829 5289 2072 5356 appella-

577 5403 620 5434 ⁵⁸
663 5401 849 5456 Matth.
881 5419 970 5466 xv,
1003 5403 1092 5466 29,
1127 5404 1215 5456 ³50.
1291 5404 1336 5435 ⁸⁸
1368 5403 1562 5455 Matth.
1598 5419 1747 5462 xvtn.
1784 5403 1875 5457 22.
1951 5405 1995 5435 ⁸⁷
2027 5404 2029 5455 ζ

2136 5403 2172 5456 l.
2211 5414 2396 5462 xcvm,
2429 5397 2481 5450 ι.
2557 5394 2601 5427 ⁸³
2633 5391 2906 5455 Psal.c1x,
2939 5391 2990 5458 1,
3012 5390 3065 5444 2.
3142 5389 3186 5420 ⁸⁹
3215 5385 3403 5440 Matth.
3435 5396 3625 5471 xxvnt,
3651 5379 3741 5435 20.

506 5474 554 5509 6°
586 5471 727 5524 l’sal.
757 5486 942 5539 cxvtu,
979 5473 1096 5525 H2.
1138 5475 1179 5504 ⁶¹
1215 5471 1354 5527 Psal.
1401 5487 1666 5538 Lxxsvut,
1699 5476 1782 5527 17.

1811 5583 2038 5638 VAlibE
2073 5577 2474 5637 LICC'I‘IONES.

2170 5194 2466 5264 ἐκκλησίας
2500 5190 2731 5257 λέγομεν
2782 5187 2887 5240 ὑπὸ
2930 5185 3037 5239 τῶν
3073 5184 3337 5246 ἀπίστων,
3371 5181 3446 5242 ὡς
3497 5177 3602 5231 ὑπὸ
3635 5175 3734 5228 θα⁸

2179 5286 2376 5353 λάττης
2411 5276 2852 5346 κεκυκλωμένας.
2911 5276 3105 5343 Νόμος
3140 5272 3194 5326 δὲ
3215 5270 3308 5324 τοῦ
3335 5264 3743 5341 προφητεύομέ-

580 5651 728 5719 ‘dy.
775 5650 850 5702 τό,

2173 5105 2284 5158 Καὶ
2347 5073 2467 5155 avri.
2513 5095 2643 5161 τοῦ,
2695 5096 2961 5163 ὀνόματι,
3012 5093 3190 5162 νόμῳ.
3254 5089 3499 5152 Νήσους
3550 5087 3606 5138 δὲ
3647 5084 3743 5147 τὰς
3846 5073 3850 5076 “
