4032 6218
324 363 469 427 εδει»

1473 360 2009 424 COMMENTABII
2047 362 2131 423 IN
2172 364 2461 429 ISHIAM.

3423 374 3564 437 2366

322 487 417 524 νου
443 486 528 532 τις
558 468 706 539 παρὰ
737 470 828 523 τὸν
851 468 1143 525 Μωσαῖκδν
1163 470 1370 543 ἔτερος,
1405 472 1545 541 πλὴν
1564 472 1683 541 τῆς
1705 470 1890 541 καινῆς

2002 474 2169 539 tione,
2207 476 2484 533 Ecclesiae
2510 465 2683 547 ipsas,
2707 493 2830 549 qua:
2859 494 2888 535 a
2923 481 3030 537 fide
3057 480 3272 545 alieuis,
3304 490 3562 551 tanquam

322 558 609 627 διαθήκης,
645 558 773 628 περὶ
804 552 872 630 ἦς
913 557 1180 631 Ἱερεμίας
1229 560 1395 631 φησί’
1438 578 1456 611 ι
1496 559 1605 614 Kal
1633 559 1890 630 διαθήσο-

326 663 425 716 μαι
457 647 642 709 αὐτοῖς
674 645 941 719 διαθήκην
989 647 1204 720 καινὴν,
1234 649 1295 701 οὐ
1320 648 1463 702 κατὰ
1499 649 1602 720 τὴν
1625 648 1892 721 διαθήκην

322 738 390 807 ην
414 735 671 805 διεθέμην
700 738 810 799 τοῖς
868 737 1139 806 πατράσιν
1188 736 1390 790 αὐτῶν.
1430 756 1448 790 ι
1483 738 1630 807 Ἔφη
1650 738 1708 791 δὲ
1737 739 1831 791 καὶ
1861 739 1891 791 ὁ

323 825 513 894 παρὼν
546 827 849 897 προφήτηςο
884 844 904 878 ι
950 827 1043 880 Ἐκ
1065 828 1172 898 γὰρ
1195 827 1334 880 Σιὼν
1363 827 1704 894 ἐξελεύσεται
1728 828 1894 896 νόμος

322 918 413 970 καὶ
436 916 593 984 λόγος
638 917 842 987 Κυρίου
886 915 948 981 ἐξ
996 917 1382 989 Ἰερουσαλήμ.
1424 937 1443 969 ι
1484 917 1701 987 Ἐπειδὴ
1740 917 1795 970 δὲ
1824 919 1890 987 τῇ

321 1005 663 1079 προκειμένῃ
693 1008 847 1079 ρήσει
878 1008 1090 1079 ἀθρόως
1116 1008 1381 1062 ὲπέὁαλεν
1434 1008 1626 1073 είπὼν,
1687 1006 1899 1063 Ἰακὼὸ

320 1105 354 1157 ὁ
368 1102 511 1167 παῖς
518 1120 661 1169 μου,
690 1104 764 1172 μὴ
785 1102 1024 1173 διορίσας
1045 1104 1106 1157 τὸ
1124 1102 1415 1173 πρόσωπον
1436 1117 1449 1131 ·
1472 1101 1567 1154 νῦν
1589 1102 1891 1170 ἐπήγαγεν,

324 1191 521 1256 οὕτως
533 1192 698 1259 λέγει
715 1192 931 1258 Κύριος
957 1194 990 1246 ό
1009 1191 1172 1257 Θεὸς,
1194 1191 1253 1256 ἐξ
1273 1191 1437 1245 αὑτοῦ
1450 1189 1623 1259 δηλῶν
1640 1188 1893 1260 εἰρῆσθαι

318 1282 386 1334 τά
441 1281 842 1352 τεθεσπισμένα
901 1282 1032 1353 περὶ
1086 1282 1346 1353 Χριστοῦ.
1397 1280 1502 1335 Τοῦ
1539 1281 1595 1333 δὲ
1645 1280 1895 1348 λέγοντος

321 1375 556 1446 ἀοράτου
581 1360 960 1444 τυγχάνοντος,
1001 1374 1101 1445 τὴν
1127 1374 1314 1427 οὐσίαν
1346 1370 1533 1435 αὑτοῦ,
1557 1371 1650 1424 καὶ
1676 1369 1775 1440 τὴν
1804 1369 1896 1422 δύ·-

319 1482 487 1533 ναμιν
516 1468 581 1518 ὲκ
612 1465 875 1535 μεγέθους
900 1466 1196 1536 παρίστησι
1256 1465 1596 1534 κτισμάτων,
1634 1462 1773 1515 κατὰ
1795 1460 1893 1532 τὴν

321 1553 531 1607 Παύλου
554 1556 760 1626 φωνην.
796 1556 912 1610 Τὸν
963 1556 1224 1626 οὐρανὸν
1267 1554 1335 1608 δὲ
1367 1552 1674 1624 πεπῆχθαι
1706 1570 1890 1622 φησιν.

333 1644 425 1710 Ἐξ
450 1644 638 1709 ὓδατος
669 1646 778 1717 γὰρ
805 1647 1056 1716 συνέστη,
1085 1646 1226 1699 κατὰ
1251 1645 1350 1715 τὴν
1378 1645 1619 1708 Μωσέως
1650 1642 1888 1713 γραφὴν,

317 1739 419 1791 οὒκ
450 1738 516 1790 ὲκ
546 1738 736 1810 πυρὸς,
765 1739 908 1792 κατά
948 1741 1075 1802 τοὺς
1131 1738 1236 1804 ἔξω
1270 1737 1488 1807 σοφούς-
1541 1738 1736 1818 Τὴνςδὶ
1773 1735 1892 1805 γῆν

314 1809 732 1894 ἐστερεῶσθαι,
762 1828 848 1882 διὰ
893 1828 954 1881 τὸ
1008 1829 1178 1899 μέσην
1227 1827 1393 1881 οὖσαν
1442 1809 1698 1897 ἀκίνητον
1727 1822 1886 1889 εἶναι,
1921 1809 1964 1867 Β

316 1920 437 1971 ἀντὶ
457 1918 514 1971 δὲ
531 1918 648 1984 τοῦ,
665 1918 764 1973 καί
784 1919 853 1972 τὰ
868 1920 939 1973 ἐν
953 1917 1141 1986 αὐτῇ;
1175 1918 1273 1971 καί
1309 1920 1382 1970 τὰ
1402 1917 1772 1985 πορευόμενα
1795 1916 1887 1969 ἐπ’

246 2036 254 2042 ι
316 2008 506 2076 αὐτῆς
533 2012 593 2062 ὁ.
623 2010 919 2080 Σύμμαχος
963 2010 1200 2080 εἴρηκεν.
1231 2009 1365 2062 Τίνα
1406 2008 1463 2061 δὲ
1524 2005 1695 2061 ταῦτα
1741 2006 1888 2073 λέγει

315 2102 349 2154 ὸ
371 2099 578 2165 διδοὺς
604 2101 802 2169 πνοὴν
834 2098 915 2165 τῷ
950 2097 1078 2164 λαῷ
1116 2097 1196 2164 τῷ
1233 2098 1324 2152 ἐπ’
1350 2096 1538 2165 αὐτῆς
1564 2113 1584 2161 ;
1616 2098 1754 2150 ιΙᾶσι
1777 2096 1888 2168 γάρ

272 2177 283 2186 ’
315 2190 627 2259 ἀνθρώποις
655 2191 745 2244 διὰ
784 2192 875 2244 τοῦ
915 2189 1341 2262 πρωτοπλάστου
1369 2192 1450 2253 είς
1480 2189 1658 2259 ψυχὴν
1691 2188 1888 2257 ἐνεφύ-

318 2298 451 2351 σησε
478 2282 680 2347 ζῶσαν,
718 2281 814 2336 τοῦ
840 2283 897 2335 δὲ
912 2284 1252 2353 πνεύματος
1280 2282 1342 2335 οὐ
1392 2283 1527 2334 πᾶσι
1561 2281 1883 2351 μετέδωκεν,

316 2372 452 2426 ἀλλὰ
505 2373 619 2434 τοῖς
671 2371 931 2425 πατοῦσι
970 2370 1084 2437 τὴν
1126 2368 1262 2440 γῆν,
1293 2370 1598 2440 κρείττοσιν
1638 2365 1758 2424 οῦσι
1790 2369 1883 2424 τοῦ

317 2461 553 2531 γεώδους
584 2463 950 2533 φρυνήματος.
1010 2460 1198 2526 Εἵποις
1222 2460 1267 2514 δ’
1322 2459 1389 2514 ἂν
1438 2460 1534 2515 καὶ
1581 2462 1691 2514 πᾶν
1729 2460 1886 2529 γένος

313 2553 608 2626 δηλοῦσθαι
662 2555 817 2619 ζώων
864 2554 1083 2623 λογικόν
1114 2570 1174 2606 τε
1205 2553 1301 2608 καὶ
1339 2553 1552 2621 ἄλογον.
1584 2552 1803 2606 Πολλῶν
1830 2553 1888 2606 δὲ

311 2645 778 2716 ψευδοπροφητῶν
824 2645 1131 2719 γεγονᾴτων
1184 2646 1241 2698 ὲν
1313 2643 1555 2716 Ἰσραὴλ,
1606 2643 1888 2697 συνέϐαινε

316 2735 504 2789 λοιπὸν
535 2736 630 2788 καὶ
661 2734 787 2798 τοὺς
819 2733 1037 2804 ἀληθεῖς
1089 2732 1439 2787 ἀπιστεῖσθαι
1475 2733 1780 2801 προφήτας,
1813 2731 1889 2795 ὡς

317 2828 415 2882 καὶ
459 2825 623 2880 αὑτὸν
694 2822 1062 2893 ἀπιστηθῆναι
1122 2821 1298 2875 καίτοι
1369 2820 1890 2892 θαυματουργοῦντα

316 2918 572 2989 Χριστόν.
621 2914 1077 2984 Ἐκὸάλλειν-γὰρ
1128 2912 1291 2968 αὐτὸν
1311 2913 1553 2981 ἔφασκον
1582 2915 1639 2965 ὲν
1662 2911 1887 2977 Βεελςε-

317 3010 525 3066 σοῦλτὰ
546 3009 817 3079 δαιμόνια.
840 3006 1024 3075 ἔλεγόν
1043 3023 1102 3059 τε
1123 3020 1137 3036 ⁸
1166 3024 1186 3057 r
1215 3006 1275 3058 Et
1298 3001 1366 3076 ἦν
1387 2998 1539 3067 οὗτος
1566 3005 1707 3075 παρὰ
1732 3003 1888 3068 Θεοῦ,

316 3104 417 3157 οῦκ
476 3101 600 3155 ἔλυε
648 3099 709 3163 τὸ
743 3098 1041 3151 Σάϐϐατον.
1072 3115 1090 3148 ι
1130 3096 1329 3167 Διόπερ
1367 3096 1605 3164 ἔφασκεν
1650 3096 1832 3159 αὐτοῖς
1860 3097 1891 3149 ὁ

1997 564 2157 627 mari,
2186 564 2430 634 undique
2473 566 2818 629 obsidentur,
2848 567 3236 638 intelligimus;
3278 568 3437 638 legem
3465 580 3565 620 au-

1997 663 2126 717 tem,
2149 655 2312 709 aliam
2342 656 2411 711 ab
2438 672 2522 721 ea,
2556 671 2680 726 quae
2712 656 2815 711 fuit
2844 673 2940 727 per
2971 657 3157 713 Mosen
3182 658 3561 728 proinulgats:

1995 744 2047 798 id
2079 752 2183 811 est,
2222 753 2608 801 testamentum
2647 746 2785 802 illud
2817 762 3029 812 recens,
3065 749 3131 801 de
3174 763 3281 817 quo
3323 748 3381 802 in
3420 748 3566 802 hunc

1996 834 2216 889 modum
2257 836 2498 904 loquitur
2528 834 2792 892 Jeremias
2821 855 2833 891 :
2871 854 2892 887 ι
2931 836 2994 891 Et
3021 838 3262 892 testabor
3288 838 3366 893 eis
3398 846 3566 893 testa-

1995 934 2238 981 mentum
2265 943 2498 993 novum;
2531 943 2637 982 non
2666 928 2966 982 secundum
2993 928 3146 993 illud,
3173 928 3316 997 quod
3344 928 3564 983 condidi

1995 1017 2242 1086 patribus
2271 1033 2460 1071 eorum
2493 1020 2557 1075 ⁶¹.
2599 1038 2618 1071 ι
2656 1018 2745 1073 Ait
2776 1034 2906 1074 vero
2954 1029 3011 1073 et
3062 1027 3254 1074 uoster
3303 1020 3392 1073 hic
3440 1034 3566 1088 pro-

1995 1107 2157 1175 pheta
2187 1124 2202 1160 :
2243 1126 2261 1159 ι
2292 1106 2369 1161 De
2409 1107 2541 1161 Sion
2574 1108 2745 1162 exibit
2776 1108 2884 1174 lex,
2919 1116 2975 1161 et
3004 1108 3229 1162 verbum
3263 1105 3475 1160 Domini
3498 1106 3587 1168 de,

1993 1196 2293 1253 Jerusalem
2321 1199 2388 1255 ⁸³.
2423 1217 2441 1251 ι
2480 1198 2769 1262 ϐωιετιιιιι,
2799 1201 2929 1269 quia
2954 1198 3250 1269 propositae
3274 1196 3564 1251 verborum

1995 1286 2179 1347 seriei,
2210 1286 2363 1341 nulla
2401 1302 2647 1355 persona:
2683 1288 2960 1357 l0quentis
3009 1285 3154 1340 facta
3188 1286 3566 1350 distinctione,
3620 1300 3645 1307 "

1992 1374 2161 1430 Iacob
2204 1376 2349 1444 ﬁlius
2380 1373 2529 1431 "meus
2569 1377 2862 1433 confertim
2901 1377 3256 1447 adjnnxerat,
3292 1390 3459 1440 nunc,
3491 1377 3566 1431 ita

1995 1466 2285 1523 Dominum
2328 1468 2497 1524 Deum
2536 1470 2765 1532 dixisse,
2804 1480 3064 1540 tanquam
3115 1469 3184 1523 ab
3218 1467 3408 1522 eodetn
3447 1482 3567 1536 pro-

1993 1560 2159 1616 deant
2187 1575 2308 1630 quas
2350 1560 2420 1614 de
2455 1561 2680 1616 Christo
2720 1559 2906 1614 futura
2952 1568 3267 1625 narrantur,
3300 1557 3566 1613 ostendit.

1992 1651 2218 1717 Deinde,
2248 1653 2376 1722 quia
2421 1655 2477 1706 in
2520 1653 2804 1707 oculorum
2852 1666 3075 1707 sensum
3122 1665 3229 1705 non
3271 1651 3439 1714 cadit,
3471 1649 3567 1719 qui

1991 1742 2255 1813 loquitur,
2305 1741 2553 1812 ejusdem
2613 1742 2910 1797 essentiam
2977 1750 3033 1795 et
3102 1740 3246 1795 vires
3294 1754 3324 1792 a
3380 1751 3565 1793 rerum

1994 1843 2306 1888 creatarum
2365 1833 2771 1905 magnitudine,
2823 1833 2900 1886 uti
2947 1838 3003 1886 et
3055 1830 3293 1895 Paulus,
3341 1830 3570 1885 demon-

1996 1934 2135 1979 strat
2166 1923 2232 1979 “.
2268 1922 2413 1978 Dixit
2462 1924 2627 1994 igitur
2677 1923 2864 1977 calum
2920 1923 3089 1992 ﬁxum
3136 1937 3248 1975 esse
3265 1936 3285 1985 ;
3319 1928 3379 1974 ut
3426 1932 3567 1988 aqua

1994 2025 2269 2081 constare,
2292 2015 2591 2071 secundum
2620 2014 2785 2070 Mosa:
2814 2014 3142 2071 sententiam
3168 2014 3212 2046 "
3236 2031 3253 2080 ;
3285 2026 3391 2068 non
3418 2012 3565 2081 igne,

1996 2110 2138 2166 sicut
2185 2107 2429 2178 profanae
2488 2107 2772 2176 sapientiae
2822 2106 3100 2177 magistris
3152 2106 3364 2175 placet,
3413 2103 3566 2173 judi-

1996 2211 2165 2256 caret.
2215 2199 2361 2253 Dixit
2407 2206 2463 2253 et
2510 2198 2719 2266 firmari
2760 2207 2960 2252 terram
3007 2196 3149 2262 ideo,
3185 2203 3380 2265 putant
3426 2210 3567 2249 non-

1997 2291 2155 2356 nulli,
2180 2287 2326 2358 quod
2354 2289 2413 2342 in
2441 2288 2561 2358 ipso
2590 2288 2778 2342 mundi
2813 2288 2994 2341 medio
3020 2287 3218 2340 librata
3250 2290 3567 2355 permaneat

1998 2378 2520 2436 immobilisNerum
2538 2393 2647 2448 quo
2671 2379 2812 2441 loco,
2829 2387 2877 2431 et
2911 2394 3026 2447 quw
3050 2377 3102 2430 in
3124 2377 3261 2444 ipsa,
3279 2374 3562 2440 habemus,

1997 2473 2066 2527 Et
2089 2490 2206 2543 quae
2226 2474 2281 2526 in
2304 2474 2423 2541 ipsa
2445 2470 2744 2536 ambulant,
2770 2470 3162 2539 interpretatur
3183 2465 3562 2537 Symmachus.

1994 2566 2063 2620 At
2097 2578 2346 2633 quaenam
2380 2570 2530 2626 sunt,
2564 2576 2686 2630 qua:
2722 2560 2899 2615 verbis
2939 2559 3080 2622 istis,
3128 2556 3234 2623 Qui
3273 2555 3418 2609 dedit
3458 2556 3565 2624 ﬂa-

1996 2665 2110 2709 tum
2146 2652 2360 2726 populo,
2395 2650 2498 2717 Qui
2526 2651 2581 2704 in
2610 2667 2675 2704 ea
2707 2658 2807 2713 est,
2839 2648 3132 2718 intelligit?
3162 2646 3388 2702 Cunctis
3417 2648 3565 2701 enim

1994 2742 2313 2797 hominibus
2343 2754 2438 2808 per
2480 2736 2881 2806 protoplastum
2919 2735 2973 2790 in
3015 2737 3255 2789 animam
3294 2734 3566 2788 viventem

1995 2831 2287 2903 inspiravit
2330 2829 2574 2900 quidem,
2606 2844 2719 2882 non
2748 2838 2933 2882 autem
2969 2841 3160 2881 omnes
3190 2826 3410 2894 spiritus
3444 2839 3569 2894 par-

1996 2926 2190 2994 ticipes
2219 2922 2440 2987 effecit;
2482 2921 2576 2975 sed
2615 2934 2713 2974 eos
2752 2926 2985 2981 tantum,
3015 2916 3107 2986 qui
3146 2914 3379 2970 terrenis
3421 2916 3568 2983 cogl-

1996 3016 2294 3072 tationibus
2343 3013 2660 3083 superiores
2710 3010 2924 3071 effecti,
2980 3019 3177 3062 terram
3226 3004 3565 3061 conculcant.

1999 3108 2161 3162 Dicas
2194 3120 2323 3160 vero
2363 3103 2546 3158 omnia
2586 3101 2752 3156 etiam
2798 3099 3157 3153 animantium
3190 3111 3414 3166 genera,
3451 3095 3568 3149 sive

535 3213 549 3227 ·
583 3216 602 3249 ι
649 3160 707 3249 Ὀ
737 3196 975 3264 κλέπτης
1031 3195 1131 3248 οὐκ
1159 3154 1420 3263 ἔρχεταιί
1450 3195 1497 3247 εἱ
1541 3192 1615 3264 μὴ
1648 3193 1734 3247 ῐνα
1771 3154 1890 3246 κλέ-

1998 3199 2209 3255 ratione
2255 3196 2522 3266 polleant,
2554 3194 2668 3247 sive
2700 3192 2886 3245 eadem
2931 3189 3320 3251 destituantur,
3357 3184 3569 3259 signifi-

314 3285 415 3360 ψῃ,
456 3286 546 3340 καὶ
570 3284 740 3355 θύσῃ,
775 3284 868 3336 καὶ⁵
888 3282 1148 3355 ἀπολέσῃ.
1216 3283 1355 3349 Ἐγὼ
1381 3278 1544 3353 ἦλθον
1610 3283 1697 3337 ἴνα
1729 3282 1874 3355 ζωὴν

316 3377 535 3448 ἔχωσιν.
570 3395 588 3428 ι
633 3375 741 3428 Kal
808 3373 1006 3427 aditur
1048 3392 1067 3426 ι
1114 3372 1253 3443 Ἐγὼ
1282 3370 1445 3446 ἦλθον
1483 3374 1541 3428 ὲν
1570 3373 1646 3447 τῷ
1668 3375 1890 3447 ὀνόματι

314 3468 409 3523 τοῦ
439 3468 682 3537 Πατίρος
714 3483 841 3537 μου.
882 3485 901 3519 ι

1996 3289 2131 3343 cari.
2177 3287 2469 3348 Cancrum,
2506 3282 2633 3351 quia
2683 3280 2835 3334 falsis
2886 3278 3240 3333 abundabant
3285 3274 3568 3346 praphetis

1997 3379 2273 3437 Israelita,
2322 3375 2523 3430 factum
2573 3380 2657 3427 est
2704 3370 2945 3432 tandem,
2991 3378 3050 3422 nt
3094 3369 3238 3422 veris
3280 3367 3413 3421 fides
3456 3381 3566 3419 non
3658 3430 3665 3441 I

1996 3468 2347 3523 adhiberetur
2380 3481 2395 3519 :
2429 3464 2537 3517 imo
2573 3476 2642 3516 ne
2673 3459 2892 3515 Christo
2934 3458 3176 3529 quidem,
3218 3456 3567 3526 quantumvis

316 3561 576 3615 miracula
613 3566 875 3630 patraret.
920 3556 1058 3612 Eum
1090 3557 1234 3613 enim
1270 3567 1324 3614 et
1357 3568 1570 3628 sumpta
1602 3574 1632 3613 a
1660 3560 1948 3616 Beelzehul
1980 3568 2249 3632 potestate
2280 3556 2552 3611 daemonia
2584 3554 2805 3623 ejicere.
2833 3561 2909 3615 et,
2972 3552 3017 3607 si
3080 3567 3145 3606 es
3218 3551 3325 3606 Deo
3393 3559 3563 3614 esset,

317 3649 621 3706 Sabbatum
664 3666 945 3721 nunquam
986 3651 1294 3706 soluturum
1358 3651 1532 3706 fuisse
1582 3651 1836 3707 dicebant
1868 3654 1929 3708 “.
1991 3653 2131 3706 Hinc
2179 3651 2270 3705 illa
2322 3647 2669 3702 Salvatoris:
2709 3663 2727 3696 ι
2771 3642 2884 3698 Fur
2946 3657 3059 3697 non
3102 3644 3277 3709 venit,
3348 3641 3456 3696 nisi
3506 3647 3566 3693 ut

317 3741 548 3807 furetur,
575 3753 799 3809 mactet,
825 3740 986 3813 467
1019 3748 1075 3798 et
1100 3742 1318 3812 perdat;
1348 3756 1449 3813 ego
1480 3750 1662 3798 autem
1694 3742 1874 3811 venio‘,
1916 3753 1974 3799 ut
2026 3744 2191 3799 vitam
2247 3740 2486 3795 habeant
2515 3739 2579 3792 ⁸⁷.
2620 3755 2639 3791 ι
2685 3736 2753 3792 Et
2782 3755 2797 3790 :
2826 3753 2840 3787 ι
2866 3736 2978 3805 Ego
3021 3737 3147 3792 veni
3232 3736 3285 3790 in
3343 3734 3568 3789 nomine

319 3830 500 3890 Patris
527 3836 630 3889 mei
658 3835 723 3888 ⁸⁸.
754 3853 775 3886 s

394 3923 553 3979 Ὅθεν
589 3925 739 3995 αῦτῷ
764 3928 798 3996 ἡ
822 3924 1130 3996 προφητεία
1166 3924 1543 3997 μαρτυροῦντα
1557 3928 1647 3981 τὸν
1671 3928 1888 3998 Πατέρα

315 4017 481 4079 ποιεῖ,
515 4015 591 4078 ὡς
638 4016 860 4083 κληθεὶς
888 4012 1072 4086 ἦλθεν,
1103 4016 1217 4069 ἀλλ’
1244 4017 1345 4069 οῦκ
1384 4018 1703 4087 αὐτόμολος,
1744 4019 1890 4073 κατὰ

312 4105 441 4166 τοὺς
461 4104 568 4156 ἀπὸ
596 4106 822 4171 καρδίας
883 4105 1201 4170 λαλοῦντας,
1260 4105 1376 4159 ἀλλ’
1410 4107 1479 4160 ἐν
1503 4106 1885 4176 δικαιοσύνῃ,

315 4195 439 4249 κατ’
483 4194 637 4258 ἀξίαν
675 4195 785 4265 ,τὴν
836 4193 1280 4263 κλῆσιν’λα6ών,
1324 4196 1433 4249 Kal.
1477 4195 1581 4249 τῶν
1608 4196 1891 4262 δυνάμεων

315 4284 431 4340 ὄντι
459 4285 648 4356 Κυρίῳ
705 4287 986 4356 συνεργεῖν
1036 4284 1457 4352 ἐπαγγέλλεται,
1486 4284 1575 4338 διὰ
1608 4285 1678 4340 τὰ
1709 4288 1887 4357 μέτρα

312 4377 412 4446 τῆς
433 4375 870 4448 άνθρωπότητος,
926 4376 984 4429 δν
1012 4376 1107 4428 καὶ
1131 4375 1264 4429 Θεὸν
1294 4374 1530 4439 δεικνὺς,
1556 4378 1651 4428 καὶ
1678 4375 1791 4446 φῶς
1818 4379 1885 4429 ὲκ

313 4468 514 4538 φωτὸς,
534 4469 613 4530 εἰς
643 4467 769 4536 φῶς
793 4467 955 4519 αὑτὸν
1005 4465 1197 4519 ἐθνῶν
1235 4465 1426 4536 ῶσπερ
1471 4483 1521 4519 τι
1545 4466 1715 4536 δῶρον
1738 4466 1884 4520 δεδό-

2064 3923 2199 3978 llinc
2218 3934 2438 3977 rursum
2468 3917 2649 3973 Patris
2679 3917 3055 3974 testimonium
3085 3918 3350 3988 propheta
3377 3928 3569 3972 noster

1990 4016 2235 4081 adhibet,
2266 4026 2506 4081 eumque
2542 4024 2651 4065 non
2701 4018 2918 4079 sponte,
2971 4019 3032 4064 ut
3080 4010 3442 4078 transfugam,
3471 4017 3567 4064 aut

1989 4122 2179 4165 eorum
2228 4104 2490 4174 aliquem,
2527 4101 2622 4171 qui
2674 4101 2744 4155 de
2802 4116 2905 4155 suo
2951 4109 3163 4154 tantum
3220 4101 3442 4171 ingenio
3486 4101 3568 4155 Io-

1989 4205 2264 4269 quuntur,
2292 4193 2387 4249 sed
2424 4194 2527 4248 rite
2561 4199 2814 4246 vocatum
2855 4192 2910 4244 in
2944 4190 3152 4254 iustitia
3186 4191 3472 4254 accedere,
3508 4198 3568 4245 et

1990 4302 2114 4344 cum
2142 4285 2485 4342 exercituum
2519 4282 2770 4346 Domino,
2804 4297 2905 4353 pro
2938 4282 3302 4337 humanitatis
3332 4284 3563 4345 ratione,

1990 4377 2275 4447 cooperari
2322 4376 2633 4438 conﬁrmat,
2678 4373 2964 4444 Deumque
2999 4367 3157 4436 esse,
3180 4382 3235 4427 et
3278 4373 3458 4428 lumen
3499 4376 3567 4427 de

1989 4469 2218 4534 lumine,
2245 4476 2300 4523 et
2323 4469 2490 4522 lucem
2514 4464 2769 4537 gentium,
2793 4474 3054 4536 tanquam
3086 4465 3290 4519 donum
3318 4464 3563 4533 aliquod,

313 4536 439 4612 σθαι
459 4559 643 4628 φησὶν.
684 4560 764 4621 εις
801 4557 1100 4624 Διαθήκην
1125 4556 1331 4627 Καινὴν
1356 4556 1455 4625 τῆς
1494 4556 1763 4627 προτέρας
1785 4553 1881 4626 τὴν

1994 4561 2047 4617 in
2100 4569 2466 4615 testamentum
2514 4536 2741 4622 novum,
2780 4560 2983 4614 veteris
3033 4557 3225 4612 umbra
3276 4556 3563 4621 divinitus,

314 4648 474 4700 σκιὰν
524 4646 841 4716 θεοπρεπῶς
883 4646 1326 4715 καταργήσαντα.
1371 4645 1500 4705 Kal,
1529 4644 1757 4714 ἐπείπερ
1787 4642 1884 4697 αῦ-

1994 4661 2042 4709 ut
2089 4666 2190 4723 par
2230 4659 2369 4714 erat,
2422 4649 2689 4720 dissipata
2728 4650 2794 4703 ".
2849 4648 3118 4714 Quoniam
3171 4646 3371 4702 deinde
3419 4646 3564 4701 idem

308 4737 401 4800 τὸς
428 4731 557 4808 ﬂvit
579 4736 861 4803 Διαθήκη,
886 4737 1114 4806 μεσίτης
1165 4735 1241 4789 ὢν
1270 4734 1404 4788 Θεοῦ
1438 4736 1534 4787 καὶ
1557 4735 1882 4806 ἀνθρώπων,

1994 4759 2097 4815 pse
2143 4750 2519 4797 testamentum
2567 4749 2686 4794 erat
2732 4739 3015 4811 (tanquam
3066 4736 3245 4792 factus
3292 4735 3563 4791 mediator

309 4825 432 4880 οὐδὲ
465 4827 705 4898 γραφὴν,
755 4827 875 4880 οὐδὲ
923 4825 1146 4895 βιϐλίον,
1179 4825 1380 4896 ὁμοίως
1427 4824 1653 4889 ἐξέδωκε
1675 4827 1884 4879 Μωσεί·

1994 4833 2076 4889 Dei
2109 4843 2164 4890 et
2197 4831 2500 4896 hominum)
2534 4846 2709 4902 neque
2744 4831 3100 4900 scripturam,
3132 4842 3307 4898 neque
3338 4827 3557 4891 librum,

310 4918 370 4971 ιν
399 4916 549 4988 αῦτῷ
610 4918 668 4971 δὲ
720 4919 814 4971 καὶ
855 4918 963 4971 τῶν
1015 4917 1183 4971 πάλαι
1222 4914 1469 4984 τυφλῶν
1501 4915 1599 4978 τὰς
1627 4914 1805 4985 ψυχὰς
1834 4919 1889 4971 οι

1994 4925 2151 4979 veluti
2198 4924 2399 4990 Moses,
2450 4925 2667 4980 edidit:
2701 4923 2796 4980 sed
2845 4924 2900 4979 in
2953 4927 3075 4994 ipso
3124 4939 3315 4979 eorum
3369 4924 3556 4987 etiam,

309 5009 599 5077 ὀφθαλμοὶ
668 5008 1071 5077 διανοίγονται
1132 5007 1268 5079 πρὸς
1320 5006 1521 5074 γνῶσιν
1579 5006 1712 5059 Θεοῦ
1735 5047 1751 5070 ,
1822 5004 1882 5071 ἐξ

1994 5016 2082 5085 qui
2128 5017 2402 5085 quondam
2461 5015 2769 5069 animorum
2819 5017 3055 5071 caecitate
3105 5015 3447 5077 laborabant,
3489 5013 3558 5066 ad

282 5152 289 5159 ,
309 5097 535 5166 ἀγνοίας
560 5099 657 5169 τῆς
686 5100 814 5170 περὶ
833 5099 1027 5153 εἴδωλά
1044 5115 1104 5150 τε
1131 5098 1225 5152 καὶ
1249 5097 1532 5165 δαίμονας,
1552 5091 1630 5160 οἷς
1660 5097 1720 5149 τὸ
1743 5096 1883 5150 θεῖον

1994 5108 2097 5177 ηοξ,
2121 5108 2454 5177 agnitionem
2492 5107 2634 5160 oculi
2680 5109 3010 5174 aperiuntur.
3037 5107 3091 5161 id
3139 5115 3225 5161 est
3263 5107 3332 5160 ab
3373 5105 3555 5167 idolis,

310 5192 477 5267 σέϐας
523 5192 667 5264 ἅπερ
697 5195 827 5264 ἐμόν
857 5194 909 5248 ιι.
964 5193 1022 5246 ὐ
1054 5193 1110 5247 δὲ
1162 5192 1322 5253 αὐτὸς
1359 5191 1455 5244 καὶ
1492 5194 1602 5255 τοῖς
1636 5193 1691 5244 ὲν
1730 5190 1882 5262 ᾅδου,

1994 5195 2191 5265 quibus
2249 5195 2495 5248 divinum
2552 5193 2759 5248 cultum
2815 5194 3152 5256 tribuebant,
3208 5200 3559 5249 revocantur.

308 5286 751 5354 καθειργμένοις
774 5285 845 5339 ἐν
879 5285 1025 5351 οἴκῳ
1062 5281 1346 5354 φυλακῆς
1375 5282 1607 5355 ἐκήρυξε
1634 5283 1881 5352 πνεύμα-

310 5389 417 5439 σιν,
445 5376 508 5428 ὲκ
531 5374 771 5445 δεσμῶν
815 5375 1061 5446 ἀνάγκης
1108 5376 1317 5436 πάντας
1374 5375 1544 5438 ἀνείς.
1591 5372 1757 5444 Ὁμοῦ
1798 5374 1877 5442 δὲ,

1988 5284 2135 5341 idem
2168 5299 2298 5338 vero
2327 5292 2378 5339 ct
2409 5285 2475 5339 iis
2500 5284 2664 5338 etiam
2697 5284 3004 5351 spiritibus,
3028 5284 3122 5353 qui
3153 5282 3293 5351 apud
3325 5281 3557 5347 inferos,

1989 5379 2045 5431 in
2074 5378 2298 5431 carceris
2325 5375 2480 5430 domo
2507 5376 2779 5430 constricti
2811 5375 3139 5452 tenebantur
3169 5374 3236 5442 '°,
3262 5375 3328 5431 dc
3355 5390 3413 5431 se
3440 5374 3559 5444 ipso

381 5488 427 5518 "
458 5486 662 5543 Jerem.
701 5503 851 5547 xm.
878 5488 968 5550 31,
995 5487 1085 5540 '52.
1160 5487 1205 5520 "
1243 5486 1349 5542 lsa.
1375 5486 1511 5547 ".5.
1588 5487 1634 5555 οξ
1673 5486 1833 5543 Rom.
1859 5500 1899 5547 ι.
1941 5484 2032 5540 20.
2112 5485 2156 5517 ⁸⁸
2186 5485 2321 5539 Gen.
2360 5501 2397 5547 I,
2428 5486 2482 5541 6.
2562 5485 2606 5519 ⁸⁸
2633 5485 2765 5541 Luc.
2798 5500 2873 5553 st,
2910 5484 2996 5554 Η,
3032 5485 3127 5555 l5;
3163 5484 3318 5543 Juan.
3355 5501 3430 5551 Ix,
3467 5482 3557 5542 l6.

311 5557 356 5589 ⁸⁷
381 5555 541 5613 Joan.
582 5573 636 5623 ι,
668 5558 753 5623 l0,
789 5558 861 5613 ll.
952 5557 995 5590 “
1028 5555 1185 5613 Joan.
1222 5573 1273 5624 v,
1306 5556 1394 5613 ιδ.
1473 5557 1517 5588 ⁶⁹
1547 5555 1565 5610 l
1600 5552 1759 5612 Joan.
1793 5571 1855 5620 ιι,
1887 5564 1890 5602 ὲ

2017 5558 2061 5589 ²⁰
2092 5556 2109 5611 l
2140 5556 2286 5612 Petr.
2316 5572 2402 5624 tu,
2438 5557 2502 5615 l9

1566 5658 1799 5720 VARUE
1829 5663 2234 5724 LECTIONES.

383 5738 410 5778 ιι
453 5754 538 5805 γρ.
580 5735 865 5804 ἀπένεμεν.
