4032 6218
295 300 439 366 ’2363

1365 302 1896 365 COMMENTARII
1940 302 2018 363 IN
2062 301 2341 362 ISAIAM.

3403 299 3546 365 2370

300 412 466 466 λεύων
491 411 656 464 πᾶσιν
698 409 1009 481 ἀνθρώποις
1036 411 1229 482 ὕμνον
1253 403 1443 481 ᾅδειν,
1480 414 1515 485 ἢ
1559 412 1700 467 κατὰ
1749 414 1866 474 τοὺς

1976 411 2096 477 dit;
2133 412 2226 481 qui
2265 410 2541 481 hymnum,
2576 412 2660 467 vel
2699 414 2965 468 canticum
3007 414 3100 485 (ut
3126 415 3309 471 caueri
3358 426 3546 477 trans-

301 500 542 565 λοιποὺς,
567 496 750 571 ᾆσμαο
790 500 977 571 ἐπειδὴ
1005 502 1043 569 ἡ
1074 501 1224 572 ἀρχὴ
1251 504 1416 557 αὑτοῦ
1460 505 1555 557 καὶ
1609 501 1872 573 καθολικὴ

301 590 519 656 ἐξουσία
554 589 677 644 καθ’
708 591 836 662 ὅλης
893 591 1198 661 ἐδοξάσθη
1227 596 1326 665 τῆς
1354 597 1476 666 γῆς.
1512 595 1872 665 Πεπλήρωται

295 682 406 753 γὰρ
434 681 542 735 τῶν
575 681 686 735 ἁπδ
734 682 834 753 τῆς
873 684 1114 754 Χριστοῦ
1156 687 1527 757 προσηγορίας
1564 686 1872 757 λεγομένων

295 773 657 846 Χριστιανῶν.
700 774 788 827 Ἐν
836 774 1055 847 καθαρᾷ
1089 776 1149 831 δὲ
1180 778 1384 848 θεωρίᾳ
1414 779 1524 832 τῶν
1571 762 1872 847 μελλόντων

295 868 326 920 ὁ
352 867 635 937 προφήτης
666 865 939 929 ἑστιαθεὶς
960 867 1061 937 τὴν
1092 868 1290 940 ψυχὴν,
1331 871 1707 940 συνεορτάζειν
1724 868 1872 940 αύτῷ

295 958 389 1012 καὶ
417 957 545 1017 τοὺς
570 954 764 1019 ἄλλους
800 956 1126 1025 παρακαλεῖ,
1164 958 1273 1011 τῶν
1315 958 1536 1025 ἀγαθῶν
1568 959 1872 1026 ὑμνοῦντας

291 1048 353 1101 τὸ
381 1049 576 1101 αίτιον.
608 1046 1061 1115 Παρηκολούθουν
1088 1048 1200 1119 γάρ
1248 1049 1298 1101 οἱ
1350 1053 1624 1120 προφῆται
1667 1052 1777 1111 τοῖς
1811 1049 1871 1115 ἐξ

290 1137 505 1192 ἑαυτῶν
544 1135 882 1205 λεγομένοις,
909 1136 984 1200 ὡς
1006 1137 1138 1190 ποτε
1178 1138 1277 1208 μὲν
1299 1139 1707 1210 παραιτεῖσθαι,
1737 1141 1870 1192 ποτὲ

287 1228 347 1282 δὲ
381 1229 594 1298 χαίρειν
642 1228 734 1280 ἐπὶ
764 1229 876 1290 τοῖς
910 1227 1063 1298 παρὰ
1112 1228 1248 1283 Θεοῦ
1286 1229 1620 1301 λεγομένοις.
1658 1233 1723 1283 Ὃ
1774 1230 1870 1284 καὶ

289 1320 388 1373 νῦν
423 1320 624 1389 πάσχει
655 1318 749 1372 τοῦ
779 1319 1033 1387 Σωτῆρος
1063 1320 1505 1394 τὴνᾼπαρουσίαν
1530 1323 1693 1394 ὁρῶν,
1723 1322 1869 1379 διδά-

294 1428 440 1467 σκων
470 1412 588 1482 ἄμα
610 1411 685 1475 ὡς
705 1412 735 1464 ὁ
766 1412 1143 1482 φανησόμενος
1170 1392 1379 1483 Κύριος
1406 1413 1467 1466 ού
1502 1392 1622 1468 τότε
1653 1414 1869 1485 πρῶτον

289 1502 479 1571 ἄρξει,
520 1502 737 1572 κρατῶν
783 1502 842 1556 δὲ
884 1502 1122 1567 πάντων,
1171 1501 1248 1567 ὡς
1290 1503 1446 1567 Θεὸς,
1486 1504 1581 1559 καὶ
1615 1507 1726 1567 τοῖς
1768 1505 1866 1559 ἐπι

293 1592 409 1663 τῆς
463 1593 723 1662 ὑπάρχων
765 1590 1006 1656 τοιοῦτος
1035 1593 1507 1664 φανερωθήσεται,
1553 1612 1868 1665 προκαταρ-

292 1683 496 1751 χόντων
524 1681 690 1735 αὐτοῦ
738 1682 837 1750 τῆς
875 1680 1130 1750 γνώσεως
1164 1683 1274 1737 τῶν
1320 1685 1703 1767 ἐργαζομένων
1734 1688 1867 1739 ἁπο-

294 1772 500 1826 στόλων
523 1772 623 1842 τὴν
645 1771 968 1837 θάλατταν,
996 1774 1062 1844 ἢν
1085 1773 1278 1829 ἔπλεον
1306 1774 1632 1839 ἁλιεύοντες.
1652 1777 1867 1844 Καινὸς

287 1863 347 1917 δέ
389 1864 576 1933 ὕμνος
619 1866 688 1936 τῇ
739 1864 850 1917 τῶν
897 1865 1240 1936 πραγμάτων
1290 1868 1493 1939 πρέπει
1539 1870 1865 1939 καινότητι.

290 1956 362 2010 Εἴ
387 1974 471 2020 τις
499 1957 608 2029 γὰρ
637 1960 696 2011 ἐν
728 1956 969 2029 Χριστῷ,
1004 1956 1183 2026 καινὴ
1212 1957 1410 2022 κτίσις,
1448 1959 1543 2013 καὶ
1565 1960 1640 2013 τὰ
1664 1963 1869 2031 ἀρχαῖα

290 2045 597 2117 παρῆλθεν·
624 2047 810 2114 γέγονε
837 2045 894 2098 δὲ
923 2046 1103 2101 πάντα
1123 2046 1318 2101 καινά.
1350 2049 1734 2120 Πνευματικῆς
1759 2051 1868 2123 γάρ

286 2137 558 2200 δουλείας,
588 2138 649 2191 ού
686 2137 979 2207 σαρκικῆς,
1006 2138 1150 2192 κατὰ
1187 2138 1280 2191 τὸν
1326 2139 1560 2211 Ἰσραὴλ,
1596 2141 1866 2213 λελυτρὼ-

291 2228 437 2298 μεθα
458 2246 472 2260 ·
508 2228 604 2283 καὶ
634 2231 756 2283 ἀντὶ
792 2229 1094 2294 πλινθείας,
1127 2230 1236 2283 τῶν
1276 2232 1342 2284 ἐκ
1371 2232 1735 2305 νφιλοσαρκίας
1762 2235 1868 2302 ἔξω

286 2320 598 2390 γεγόναμεν
659 2319 953 2391 μολυσμῶν
977 2359 993 2385 ,
1044 2323 1307 2391 φυγόντες
1356 2323 1457 2376 οὐκ
1502 2326 1865 2395 ἐργοδιωκτὰς

289 2411 658 2478 Λξγυπτίους,
691 2412 813 2465 οὐδὲ
860 2412 1125 2482 τύραννον
1158 2414 1466 2485 ἄνθρωπον,
1495 2419 1620 2482 τοὺς
1652 2419 1710 2474 δὲ
1739 2439 1866 2476 συν-

286 2500 564 2565 ωθοῦντας
625 2504 706 2566 είς
756 2504 1034 2575 ἁμαρτίαν
1088 2506 1238 2575 ἡμᾶς
1285 2505 1570 2576 δαίμονας,
1623 2512 1716 2565 καὶ
1772 2513 1863 2566 τὸν

285 2591 501 2657 τούτοις
544 2595 885 2664 ἐφεστηκότα
920 2595 1187 2663 διάϐολον,
1237 2597 1314 2661 ὡς
1354 2598 1608 2670 διασῆναι
1650 2603 1749 2674 τὴν
1799 2606 1865 2659 ἐκ

285 2682 415 2745 τοῦ,
446 2683 562 2754 βίου
616 2684 846 2756 τύρδην,
877 2686 953 2747 ὡς
985 2685 1309 2754 θάλατταν,
1358 2691 1452 2743 καὶ
1498 2696 1690 2761 φαγεῖν
1745 2696 1866 2749 ἀντὶ

289 2777 488 2844 μάννα,
516 2774 606 2828 τὸν
636 2776 799 2855 άρτον
826 2778 916 2829 τδν
936 2777 996 2842 ἐξ
1022 2778 1254 2850 ούρανοῦ
1280 2781 1374 2834 καὶ
1401 2778 1549 2851 ζωὴν
1576 2782 1654 2853 τῷ
1674 2783 1867 2856 κόσμῳ

288 2866 603 2936 παρέχοντα
626 2882 642 2897 ·
672 2854 908 2931 καὶτοῖς
930 2870 994 2922 ἐκ
1016 2870 1252 2940 Χριστοῦ
1280 2871 1381 2942 τῆς
1404 2873 1626 2940 πέτρας
1647 2854 1867 2945 ὲνετρύξ-

288 2973 474 3027 φησαν
504 2966 529 2995 ⁸
552 2957 660 3028 μὲν
690 2958 918 3028 νάμασι,
950 2961 1205 3030 τυχόντες
1248 2978 1309 3015 τε
1340 2962 1435 3015 τοῦ
1473 2963 1617 3017 θείου
1663 2965 1864 3034 βαπτί-

1973 501 2249 570 tulerunt)
2287 500 2548 555 mortales
2592 515 2784 556 omnes
2821 518 3008 558 canere
3059 505 3379 574 pracipiut;
3417 524 3543 565 cum

1972 592 2306 659 principatus
2337 590 2483 660 ejus,
2515 605 2844 659 summaque
2876 594 2928 646 in
2958 609 3153 650 omnes
3185 608 3428 666 potestas
3450 615 3547 669 per

1972 684 2163 737 orbem
2191 684 2508 738 universum
2539 681 2892 752 gloriﬁcetur.
2914 684 2984 737 iis
3013 687 3159 740 enim
3196 697 3346 749 lotus
3374 693 3546 746 refcr-

1973 777 2063 825 tns
2091 778 2195 833 cst,
2226 772 2317 839 qui
2349 770 2418 825 de
2442 769 2648 825 Christi
2680 771 2902 824 nomine
2929 771 3230 828 Christiani
3259 779 3544 845 appellan-

1972 870 2081 916 tur.
2117 860 2408 930 Postquam
2434 869 2615 915 autem
2663 876 2798 930 pura
2830 876 3015 915 rerum
3065 863 3372 920 futurarum
3413 884 3545 922 cott-

1972 951 2322 1020 templatione
2377 953 2619 1005 animum
2655 967 2817 1007 suum
2876 954 3095 1005 satiavit
3144 959 3440 1025 propheta;
3474 960 3544 1014 ad

1969 1041 2187 1095 easdem
2211 1041 2324 1109 jam
2355 1042 2547 1109 epulas
2567 1050 2620 1095 et
2645 1042 2785 1095 alios
2804 1041 2967 1094 etiam
2997 1041 3213 1109 invitat,
3237 1062 3544 1115 secumque

1970 1130 2241 1184 bonorum
2273 1139 2552 1185 auctorem
2589 1134 2874 1187 celebrare
2933 1134 3275 1191 adhortatur.
3333 1138 3545 1194 Intelli-

1970 1222 2171 1291 gebant
2199 1218 2351 1276 enini
2373 1223 2651 1292 propheta:
2682 1238 2803 1292 qua:
2827 1238 2855 1277 a
2898 1239 2958 1279 se
2990 1226 3350 1295 dicebantur;
3384 1231 3542 1284 inde-

1970 1326 2075 1380 que
2153 1326 2249 1366 eos
2303 1311 2590 1382 deprecari
2643 1313 2962 1382 aliquando,
3024 1316 3318 1385 aliquando
3376 1320 3542 1374 etiam

1968 1405 2266 1473 postulare,
2298 1405 2468 1459 laetari
2494 1405 2734 1474 denique
2765 1422 3163 1476 nonnunquam
3194 1407 3286 1463 Dei
3314 1420 3545 1479 respon-

1967 1511 2031 1551 so
2060 1496 2250 1551 videas
2289 1514 2302 1550 :
2341 1497 2486 1566 quod
2520 1509 2574 1552 et
2604 1513 2752 1552 nunc
2787 1500 2993 1568 patitur
3025 1495 3216 1564 Isaias,
3262 1502 3356 1569 qui
3386 1517 3541 1556 com-

1968 1586 2154 1639 munis
2185 1586 2429 1639 omnium
2457 1588 2757 1643 Salvatoris
2788 1590 3083 1644 adventum
3116 1590 3360 1654 intuens,
3388 1606 3543 1647 cum-

1968 1675 2092 1731 dem
2160 1677 2346 1742 simul,
2413 1693 2538 1731 cum
2605 1681 2910 1749 apparebit,
2964 1696 3071 1734 non
3122 1688 3238 1735 tum
3306 1683 3541 1751 primum

1970 1766 2246 1835 importuni
2308 1784 2470 1824 suum
2529 1770 2986 1838 auspicaturum,
3042 1772 3162 1834 sed,
3215 1772 3308 1840 qui
3375 1771 3538 1843 471

1970 1860 2215 1914 onminm
2249 1861 2489 1929 potiatur
2517 1870 2779 1928 tanquam
2818 1861 2984 1924 Deus,
3013 1862 3080 1917 iis
3127 1863 3314 1927 etiam,
3360 1865 3453 1931 qui
3484 1864 3541 1917 in

1970 1962 2113 2007 terra
2148 1961 2464 2016 versantur,
2497 1954 2659 2007 talem
2692 1970 2753 2009 se
2779 1956 3061 2022 praelibata
3103 1956 3187 2011 sui
3219 1955 3538 2024 cognitione

1968 2060 2064 2113 per
2094 2045 2394 2114 apostolos,
2427 2044 2515 2114 qui
2553 2046 2903 2114 piscatoriam
2935 2046 3103 2099 vitam
3140 2053 3363 2115 agentes
3390 2060 3539 2098 mare

1968 2138 2271 2208 fatigabant
2301 2139 2369 2201 ",
2399 2149 2751 2195 ostensurum
2776 2138 2959 2193 docet.
2994 2137 3162 2192 Decet
3192 2153 3322 2192 vero
3350 2153 3536 2192 rerum

1968 2230 2251 2285 nouitatem
2281 2241 2333 2284 et
2356 2229 2536 2299 hymni
2565 2245 2785 2298 quoque
2811 2231 3037 2283 novitas.
3071 2228 3128 2283 Si
3158 2230 3284 2297 quis
3306 2231 3450 2283 enim
3482 2230 3539 2283 in

1967 2320 2186 2377 Christo
2217 2328 2322 2383 est,
2349 2331 2598 2375 creatura
2640 2338 2774 2374 nova
2809 2332 2924 2386 est;
2959 2321 3366 2388 antiquatisque
3388 2329 3539 2375 vete-

1968 2413 2142 2477 ribus,
2169 2430 2300 2467 nava
2328 2409 2405 2466 illi
2440 2412 2625 2468 omnia
2657 2411 2915 2464 abierunt
2944 2410 3012 2464 7".
3046 2409 3333 2478 Spirituali
3365 2413 3540 2482 siqni-

1966 2506 2116 2570 dem,
2156 2521 2265 2560 non
2290 2504 2497 2559 carnali
2525 2503 2811 2561 servitute.
2850 2509 2909 2554 ut
2934 2500 3101 2556 Israel
3138 2502 3405 2571 redempti
3444 2518 3537 2557 su-

1967 2612 2091 2651 mus
2120 2614 2135 2661 ;
2170 2611 2349 2664 neque
2390 2597 2618 2649 lati-rum
2655 2593 3028 2657 confectione,
3072 2593 3166 2648 sed
3196 2594 3381 2648 carnis
3413 2594 3537 2648 ille-

1966 2689 2145 2744 cebris
2167 2686 2708 2756 inquinamentisque
2733 2686 2973 2752 liberati,
2999 2701 3104 2740 non
3130 2686 3290 2741 modo
3311 2703 3536 2756 opermn

1966 2789 2249 2837 exactores
2270 2778 2576 2849 Egyptios.
2598 2785 3002 2849 tyrannumque
3026 2779 3225 2847 ipsum,
3246 2781 3339 2834 sed
3361 2782 3538 2834 malos

1965 2873 2261 2937 damones,
2281 2885 2582 2940 eorumque
2600 2872 2924 2940 principem,
2949 2886 2980 2924 a
3002 2872 3204 2940 quibus
3228 2872 3295 2925 ad
3321 2874 3531 2927 scelera

1966 2963 2333 3033 rapiebamur,
2369 2960 2692 3030 effugimus;
2727 2963 2956 3030 vitaeque
3008 2963 3191 3028 istius,
3266 2972 3530 3033 tanquam

288 3064 498 3118 σματος
530 3048 623 3102 τὸν
665 3049 933 3121 Ἰορδάνην
960 3049 1237 3122 διέϐημεν,
1286 3054 1364 3116 εἰς
1395 3054 1498 3123 γῆν
1537 3056 1865 3122 εἰσελθόντες

1968 3055 2132 3109 maris
2184 3059 2565 3123 tempestatem
2623 3051 2928 3107 incolumes
2970 3052 3284 3118 evasimus;
3334 3064 3388 3108 et
3438 3068 3539 3123 pro

288 3139 391 3211 τὴν
421 3142 532 3203 τοῖς
573 3140 746 3209 ἁγίοις
780 3141 1218 3215 ἐπηγγελμένην,
1246 3145 1314 3216 ἢν
1347 3148 1397 3200 oi
1434 3150 1866 3221 μακαριζόμενοι

289 3229 692 3301 κληρονομοῦσι
745 3236 972 3302 πραεῖς·
1030 3234 1116 3304 ἐφ’
1163 3230 1243 3301 οἷς
1300 3237 1408 3291 ἔδει
1464 3240 1717 3308 γενέσθαι
1772 3244 1866 3297 τὸν

287 3322 486 3391 ὕμνον
512 3323 631 3393 Θεῷ
661 3325 821 3394 παρὰ
846 3324 960 3393 τῆς
988 3326 1180 3396 ἀρχῆς
1198 3330 1407 3397 αὐτοῦ,
1430 3332 1540 3385 τῶν
1560 3332 1651 3385 ὐπ’
1674 3334 1862 3399 αὐτοῦ,

289 3412 437 3485 καθά
467 3413 603 3483 φασί
632 3431 798 3480 τινες,
826 3416 1141 3486 ἀρχομένων
1162 3419 1222 3473 οὐ
1266 3424 1408 3475 κατὰ
1436 3423 1533 3493 τὴν
1580 3425 1859 3492 Ἰουδαίαν,

291 3505 432 3559 κατὰ
458 3505 515 3557 δὲ
549 3507 733 3560 πᾶσαν
765 3506 882 3575 τὴν
918 3506 1055 3576 γῆν.
1102 3510 1177 3564 Ού
1218 3511 1327 3582 γάρ
1355 3512 1430 3575 ὡς
1472 3514 1643 3568 πάλαι
1704 3516 1764 3569 ἐν
1793 3518 1860 3587 τῇ

302 3593 532 3666 Ἰουδαίᾳ
552 3596 791 3664 γνωστὸς
814 3598 843 3650 ὁ
875 3597 1111 3667 Κύριος,
1149 3599 1244 3652 καὶ
1268 3602 1327 3653 ἐν
1359 3601 1504 3672 μόνῳ
1527 3604 1606 3672 τῷ
1647 3604 1865 3675 Ἰσραὴλ

289 3685 353 3739 τὸ
381 3686 550 3756 δνομα
576 3687 763 3742 αὐτοῦ.
798 3688 1018 3761 Πλήρης
1045 3689 1100 3742 δέ
1130 3689 1224 3743 νῦν
1258 3693 1287 3745 ὀ
1325 3693 1552 3763 οὐρανὸς
1598 3696 1692 3747 καὶ
1723 3698 1756 3767 ἡ
1789 3698 1861 3769 γῆ

288 3776 390 3847 τῆς
417 3775 571 3846 δόξης
590 3776 781 3833 αὑτοῦ.
813 3779 922 3831 Καὶ
956 3778 1119 3833 Δαδὶδ
1150 3778 1206 3833 δέ
1239 3797 1400 3851 φησν
1437 3782 1860 3856 Πληρωθήσεται

289 3867 392 3936 τῆς
420 3866 574 3938 δόξης
603 3869 769 3923 αὐτοῦ
794 3871 947 3923 πᾶσα
979 3872 1012 3942 ἡ
1047 3870 1142 3941 γῆ.

1970 3160 2192 3210 manna,
2221 3157 2413 3212 panem
2445 3142 2513 3196 de
2536 3141 2701 3207 caelo,
2730 3141 2820 3211 qui
2859 3141 3065 3196 inundo
3099 3143 3267 3196 vitam
3306 3145 3531 3213 pmbet,

1968 3238 2185 3293 edimus
2209 3238 2275 3291 ⁷⁸.
2308 3236 2424 3291 lmo
2453 3243 2510 3289 et
2536 3234 2814 3297 laticibus,
2849 3235 2944 3304 qui
2992 3234 3061 3289 de
3114 3237 3424 3304 petro"',id
3449 3242 3537 3290 est

1967 3329 2210 3392 Christo,
2246 3335 2559 3393 manarunt,
2590 3322 2656 3380 ad
2682 3326 2909 3382 delicias
2939 3341 3114 3395 usque
3153 3326 3284 3396 poti,
3313 3334 3537 3379 sancto-

1968 3438 2075 3493 que
2100 3419 2430 3492 baptismate
2460 3418 2660 3481 abluti,
2692 3417 2925 3486 ttajeeto
2956 3415 3198 3472 Jordane
3220 3418 3275 3471 in
3301 3419 3537 3487 promis-

1968 3529 2086 3573 sam
2121 3522 2321 3569 terram
2350 3509 2778 3582 penetravimus.
2814 3524 2979 3577 quam
3010 3510 3105 3579 qui
3148 3509 3293 3565 beati
3336 3508 3538 3577 pradi-

1966 3616 2184 3670 cantur,
2213 3605 2374 3658 mites
2417 3608 2837 3671 consequuntur
2864 3602 2930 3657 ⁷⁸.
2990 3601 3235 3667 Quorum
3290 3603 3535 3665 nomine,

1963 3696 2216 3767 hymnum
2255 3692 2364 3746 Deo
2391 3691 2456 3746 ab
2482 3693 2595 3761 ejus
2627 3693 2952 3761 principatu,
2986 3688 3040 3745 id
3068 3700 3177 3756 est,
3199 3700 3259 3746 ut
3287 3692 3535 3746 nonnulli

1964 3794 2178 3857 putant,
2199 3784 2269 3838 ab
2290 3783 2411 3851 ejus
2433 3782 2690 3845 subditis,
2717 3796 2825 3835 non
2851 3782 2905 3835 in
2925 3779 3135 3846 Iudaea,
3162 3780 3254 3835 sed
3282 3781 3535 3836 universa

1963 3886 2128 3937 terra,
2163 3870 2374 3928 cantari
2405 3870 2608 3925 decuit.
2634 3867 2752 3923 Non
2791 3869 2960 3931 enim,
2986 3877 3044 3922 nt
3088 3870 3218 3923 olim
3262 3870 3315 3923 in
3348 3869 3534 3925 Juda-a

293 3970 458 4016 notus
488 3962 754 4020 Dominus
786 3965 866 4029 τ’,
891 3966 972 4020 sic
997 3974 1052 4020 et
1090 3979 1240 4020 nunc
1284 3966 1339 4020 in
1391 3967 1594 4024 lsraele
1650 3978 1861 4027 tantum
1902 3971 2219 4027 celebratur
2249 3979 2448 4024 nomen
2481 3964 2625 4032 ejus,
2656 3965 2753 4019 sed
2788 3962 3038 4032 ejusdem
3102 3964 3264 4018 laude
3331 3965 3537 4020 celum

287 4060 345 4106 et
380 4059 546 4117 terra,
585 4051 970 4119 Davidetcste,
1006 4055 1336 4123 redundant,
1377 4055 1468 4127 qui
1518 4057 1637 4127 ejus
1685 4058 1855 4129 gloria
1897 4068 2097 4116 terram
2128 4070 2344 4113 omnem
2377 4054 2637 4123 repletam
2673 4052 2740 4106 iri
2773 4052 3101 4106 vaticinatus
3119 4061 3197 4107 est
3233 4052 3302 4103 ".

359 4143 518 4207 Τίνες
548 4143 603 4196 δέ
634 4144 681 4197 οἱ
716 4145 841 4208 τοὺς
874 4143 1098 4217 ᾅδοντας
1118 4146 1209 4198 τὸν
1235 4146 1446 4201 καινὸν
1466 4147 1659 4217 ὕμνον
1687 4149 1870 4204 ἱστάν-

2044 4148 2269 4214 Verum,
2307 4146 2531 4216 quinam
2554 4151 2704 4205 sunt,
2736 4145 2827 4211 qui
2862 4142 3029 4196 allato
3071 4158 3197 4196 nova
3235 4142 3429 4213 hymno
3469 4142 3535 4196 ad

288 4250 405 4301 τες,
441 4235 535 4287 καλ⁴
568 4236 704 4306 πρὸς
737 4237 897 4307 χορὸν
932 4237 1333 4305 συγκαλοῦντες
1362 4241 1770 4311 πνευματικόνς
1801 4243 1865 4296 οι

1973 4238 2258 4309 spirituale
2298 4234 2595 4303 tripudium
2639 4231 3036 4286 cohortantan
3075 4232 3318 4301 Apostoti
3368 4233 3535 4287 nimi-

287 4325 389 4394 τὴν
413 4324 716 4381 θάλατταν
754 4326 1041 4393 πλέοντες
1070 4327 1160 4380 διὰ
1187 4328 1284 4398 τὴν
1314 4329 1511 4402 τέχνην
1548 4331 1858 4386 ἀπόστολοι.

1970 4344 2114 4393 rum,
2154 4327 2247 4396 qui
2287 4324 2570 4395 navigandi
2610 4323 2803 4393 peritia
2844 4338 2990 4375 mare
3024 4330 3379 4393 superarunt.
3431 4322 3537 4387 Qui

288 4416 404 4470 Καὶ
432 4419 514 4470 ὃτι
542 4418 639 4486 τὴν
659 4416 783 4471 καθ’
805 4419 951 4490 ἡμᾶς
974 4419 1357 4490 περιπλέοντες
1378 4421 1700 4487 θάλατταν,
1730 4423 1862 4477 ποτὲ

1970 4436 2118 4474 mare
2146 4417 2347 4473 deinde
2378 4416 2540 4471 nobis
2569 4414 2963 4470 circumfusum
2998 4414 3341 4476 aberrantes.
3372 4413 3533 4470 Chri-

291 4507 396 4577 μέν
434 4508 743 4577 ἐννήσοις
781 4511 1098 4580 ἐκήρυττον,
1134 4510 1264 4563 ποτέ
1290 4510 1461 4582 δὲτῆς
1502 4513 1729 4577 Ἰταλίας
1767 4515 1861 4567 καὶ

1968 4524 2111 4568 suum
2142 4508 2360 4580 quidem
2407 4507 2546 4561 alias
2593 4506 2648 4559 in
2714 4505 2927 4569 insulis,
2986 4506 3124 4561 alias
3176 4506 3341 4561 etiam
3394 4508 3538 4560 ultra

301 4597 579 4662 Ἱσπανίας
620 4599 896 4655 ἐπέκεινα.
927 4601 1194 4654 "Esther
1245 4600 1302 4654 δὲ
1331 4603 1426 4655 καὶ
1471 4602 1562 4656 τοῦ
1615 4605 1730 4675 βίον
1762 4605 1860 4674 τὴν

1968 4600 2193 4665 Italiam,
2230 4598 2481 4666 ultraque
2528 4593 2845 4664 Hispaniam
2877 4592 3320 4663 promulgarunt.
3368 4590 3539 4644 Navi-

288 4688 614 4756 θάλατταν,
642 4690 713 4745 ἐν
745 4689 962 4758 νήσοις
1002 4694 1121 4756 ταῖς
1162 4692 1272 4746 τῶν
1316 4693 1487 4748 ἐθνῶν
1515 4695 1864 4765 Ἐκκλησίαις

1968 4700 2156 4764 parum
2187 4704 2319 4746 vero
2352 4696 2406 4743 et
2447 4688 2570 4741 vitae
2603 4685 2764 4741 istius
2792 4686 3030 4755 pelagus,
3077 4684 3206 4739 dum
3258 4683 3538 4738 Ecclesias

287 4781 654 4853 κηρύττοντες
702 4780 797 4835 τοῦ
861 4782 975 4852 βίον
1028 4785 1124 4847 τὰς
1170 4785 1494 4855 προσϐολὰς,
1535 4788 1609 4852 ὡς
1644 4787 1863 4858 κύματα

1968 4785 2376 4857 Βεηιὶιιιιι,-ιιιιιε
2398 4782 2525 4835 vitae
2555 4779 2719 4849 hujus
2745 4780 3057 4841 insultibus,
3085 4787 3343 4849 tanquam
3375 4776 3537 4831 undis

288 4873 590 4942 φερούσαις
618 4875 713 4926 καὶ
765 4873 1073 4943 πνεύματα,
1114 4876 1243 4946 περὶ
1285 4870 1353 4946 ἦς
1388 4893 1550 4946 φησιν
1597 4880 1624 4931 ό
1667 4879 1860 4934 Δαϐίδ·

1968 4886 2018 4933 et
2042 4878 2242 4940 ventis,
2272 4874 2689 4947 quatiebantur,
2723 4872 2778 4925 in
2812 4870 3008 4925 insulis
3049 4870 3395 4924 docuerunt:
3428 4882 3538 4936 quo

295 4980 313 5015 ι
338 4961 488 5034 Ᾱῦτη
538 4965 572 5034 ἡ
617 4962 863 5018 θάλασσα
898 4964 932 5033 ἠ
988 4965 1197 5036 μεγάλη
1234 4966 1327 5019 καὶ
1360 4967 1686 5041 εὐρύχωρος,
1718 4988 1735 5021 ι
1773 4971 1867 5024 καὶ

286 5052 359 5105 τὰ
377 5053 588 5118 τούτοις
621 5054 883 5125 ἑπόμενα.
903 5047 1073 5108 ’Ἐπεὶ
1094 5055 1301 5110 καὶτοῦ
1325 5056 1440 5127 βίου
1470 5060 1535 5112 τὰ
1566 5060 1867 5132 πράγματα

286 5143 352 5197 τὸ
379 5144 727 5215 ἀστάθμητον
760 5145 973 5216 ἔχοντα,
1005 5147 1116 5202 ἄνω
1152 5149 1303 5202 κάτω
1336 5150 1594 5221 συγχύσει
1631 5155 1860 5206 κινεῖται

286 5236 484 5308 πολλῇ,
516 5240 583 5309 ῆν
616 5238 966 5292 διαπλέουσιν
1015 5241 1063 5293 oi
1095 5240 1171 5310 μὴ
1211 5241 1348 5310 πρὸς
1388 5243 1558 5311 αὐτῆς
1606 5243 1863 5313 βαπτιζό-

290 5346 468 5400 μενοι,
494 5328 604 5384 τῶν
639 5332 695 5385 δὲ
723 5330 932 5402 ταύτης
970 5332 1233 5403 κυμάτων
1283 5334 1732 5408 ύπερανέχοντες,
1772 5337 1866 5407 δη-

354 5442 402 5473 "
435 5441 735 5506 Matth.-tv,
763 5443 847 5497 18.
924 5443 969 5475 "
997 5443 1037 5497 ll
1066 5443 1191 5499 Cor.
1223 5462 1277 5511 ν,
1313 5446 1401 5501 l7.

285 5527 446 5577 an,
477 5514 534 5567 2.
610 5512 656 5543 ’⁸
686 5512 829 5569 Psal.
861 5528 1085 5582 CXLVIII,
1131 5515 1185 5584 4,
1207 5516 1254 5572 7.
1284 5516 1333 5549 ⁷⁹
1367 5515 1514 5574 Psal.
1548 5532 1664 5581 ent,
1693 5517 1785 5572 25.

1512 5448 1556 5479 ⁷⁸
1584 5446 1739 5501 Joan.
1770 5462 1844 5510 vt,
1872 5445 2054 5511 5|,53.
2079 5444 2138 5475 ⁷³⁸
2160 5441 2317 5497 lCnr.
2355 5456 2409 5507 ι,
2434 5441 2488 5504 5,
2519 5439 2570 5493 ι.

1965 4970 2034 5025 de
2060 4978 2113 5025 et
2154 4968 2244 5023 illa
2276 4974 2409 5024 sunt
2439 4964 2662 5019 Davidis
2692 4983 2703 5017 :
2738 4981 2755 5014 ι
2825 4961 2938 5015 Hoc
2982 4976 3134 5016 mare
3185 4974 3442 5041 magnum
3482 4963 3540 5011 et

1966 5067 2271 5137 spatiosum
2306 5063 2372 5127 η,
2418 5079 2437 5112 s
2474 5067 2781 5125 cateraqne
2820 5068 2940 5123 qua
2969 5059 3295 5123 sequuntur.
3325 5049 3536 5103 Incerta

1966 5158 2162 5214 deinde
2212 5162 2268 5208 et
2317 5148 2691 5207 inconstantia
2743 5157 2872 5201 sunt
2920 5145 3088 5214 bnjus
3145 5144 3267 5199 vita:
3293 5139 3532 5211 negotia,

1967 5256 2277 5312 magnaque
2322 5255 2424 5295 nos
2475 5236 2800 5293 confusione
2846 5249 3067 5290 sursum
3109 5233 3366 5287 deorsum
3426 5226 3539 5295 agi-

1967 5342 2108 5401 tant,
2136 5333 2337 5404 quibus
2364 5346 2422 5385 se
2450 5329 2548 5384 soli
2576 5327 2876 5399 explicant,
2911 5325 3004 5396 qui
3043 5325 3151 5379 illis
3180 5321 3345 5395 472
3394 5335 3539 5374 nun-

2721 5436 2767 5469 ⁷⁸
2801 5434 2990 5489 Matth.
3026 5448 3077 5499 v,
3117 5434 3169 5488 4.
3266 5446 3271 5453 ‘
3319 5434 3360 5464 ⁷⁷
3386 5427 3534 5485 Psal-

1514 5660 1523 5665 ν
1569 5627 1803 5687 ΥΜΠᾸἻ
1842 5627 2004 5685 LECT
2024 5625 2245 5684 IONES.

361 5702 381 5727 '
406 5699 493 5753 ἵσ.
535 5696 797 5769 ἕνετρύῖη
807 5713 923 5767 μιν.
