4032 6218
477 219 619 283 2379

1807 215 2157 277 PROCOPII
2185 211 2426 274 GAZ.’I§I

3559 211 3684 278 2380

473 324 834 382 extollendam
865 337 883 377 :
912 323 1116 394 quibus
1162 331 1347 393 aperte
1376 322 1442 379 de
1491 322 1696 380 Judteis
1743 339 2051 380 sermonem

2157 325 2363 392 νόμον,
2409 321 2505 376 καὶ
2558 320 2857 390 θαυμάσαι
2887 336 2898 350 ·
2941 316 3126 388 σαφῶς
3159 317 3329 389 δηλῶν
3354 320 3424 384 ὡς
3453 325 3687 394 περὶτῶν

475 431 600 472 esse
637 414 1058 469 demonstravit.
1104 413 1211 468 Sed
1260 413 1388 482 ipsi.
1419 415 1620 484 inquit,
1653 415 1809 471 intus
1844 415 2051 470 habent

476 491 723 578 laqueum
774 505 1029 559 latentem
1072 504 1126 558 in
1166 505 1333 558 animi
1379 507 1676 574 sensibus,
1720 521 1862 578 quos
1897 506 2034 560 inito

476 599 740 653 adversus
774 595 1057 650 Christum
1108 595 1343 651 consilio
1391 597 1745 652 occultarum.
1782 596 1900 662 Vel,
1943 611 2050 649 non

476 688 885 758 perpenderunt
931 699 1040 754 quo
1085 693 1248 755 pacto
1293 685 1400 740 sibi
1450 687 1516 741 de
1553 685 1717 741 domo
1769 685 2053 740 servitutis

476 782 701 852 ereptis,
732 781 849 848 lege
886 789 1148 848 tanquam
1179 779 1494 849 paedagogo,
1545 778 1864 833 moderatus
1904 791 2026 830 sum

473 873 734 943 Alioquin
773 871 917 926 enim
948 870 1142 940 gratiis
1176 870 1314 924 mihi
1361 871 1658 940 persolutis
1687 869 1898 923 tandem
1931 885 2050 922 ma-

472 965 833 1036 gniﬁcassent,
870 964 963 1033 qui
994 977 1142 1016 nunc
1181 961 1250 1016 ad
1295 962 1688 1027 idolulatriam,
1727 962 2051 1032 sceleraque

472 1059 658 1112 omnia
687 1070 809 1111 sese
851 1061 1265 1110 converterunt.
1292 1051 1480 1123 Itaque
1507 1052 1726 1107 dicebat
1757 1069 1771 1106 ι
1795 1070 1814 1104 t
1843 1051 2050 1121 Exspe-

473 1151 618 1207 ctavi
652 1160 710 1205 ut
743 1150 950 1205 faceret
983 1165 1181 1215 uvam;
1216 1147 1343 1202 fecit
1374 1157 1558 1202 autem
1595 1147 1781 1216 spinas
1799 1145 1839 1200 ⁸.
1864 1165 1883 1198 ι
1911 1144 2051 1198 Hinc

472 1255 524 1298 et
558 1258 621 1297 ea
643 1244 808 1297 etiam
861 1242 971 1297 illis
1001 1243 1054 1296 in
1086 1241 1403 1295 memoriam
1436 1247 1681 1304 revocat,
1711 1254 1834 1308 qua:
1878 1237 2050 1307 patri-

473 1336 575 1388 bus
629 1334 744 1388 suis
803 1334 1174 1404 contigerunt.
1229 1332 1397 1402 478
1441 1329 1554 1400 Ego
1597 1330 1771 1392 enim,
1834 1327 2047 1395 inquit,

470 1425 582 1479 vidi
616 1426 946 1494 impietatem
970 1441 1186 1479 eorum.
1231 1423 1437 1492 Ilirepti
1472 1421 1744 1491 siquidem
1776 1420 2047 1489 {actisunt

472 1517 524 1568 in
550 1521 785 1584 pratttam
823 1517 1083 1571 hostibus.
1118 1515 1362 1586 Laqueus
1393 1517 1534 1570 enim
1565 1531 1748 1569 eorum
1781 1516 1834 1567 in
1868 1513 2050 1566 cubili-

473 1605 566 1660 bus
601 1607 807 1676 ubique.
835 1606 900 1660 Et
928 1609 982 1659 in
1018 1607 1262 1661 domibus
1297 1606 1459 1662 simul
1502 1606 1893 1660 absconderant
1923 1621 2047 1668 eos;

471 1697 602 1752 deos
627 1697 883 1751 nimirum
918 1697 1242 1753 conﬂatiles.

541 1791 645 1856 Qui
685 1792 831 1846 enim
888 1793 1090 1860 populo
1133 1790 1638 1861 pi'azerant,paiam
1693 1805 1752 1844 se
1801 1805 1866 1844 ex
1914 1789 2050 1858 legis

473 1882 736 1937 instituto
767 1882 933 1935 vitam
971 1899 1130 1952 agere
1155 1883 1434 1952 ﬁngebant
1464 1883 1710 1952 quidem,
1739 1883 1833 1937 sed
1865 1881 2049 1935 animo

470 1971 808 2052 impietatem
845 1974 1234 2038 occultabant;
1270 1974 1437 2041 inque
1465 1973 1754 2026 domorum
1789 1979 2047 2040 penetra-

471 2057 616 2110 libus
653 2057 796 2110 idola
833 2058 1128 2123 habebant,
1153 2075 1274 2128 quae
1297 2059 1572 2113 colebant.
1605 2059 1790 2128 Itaque
1809 2059 1888 2112 sic
1913 2059 2056 2134 Eze-I

467 2149 702 2203 cliielem
729 2149 1031 2217 alloquitur
1062 2150 1330 2204 Dominus
1366 2168 1380 2204 :
1423 2168 1440 2200 ι
1484 2148 1587 2204 Fili
1620 2150 1882 2228 hominis.
1921 2164 2050 2219 per.-

471 2239 614 2306 fora,
649 2247 703 2295 et
737 2241 1013 2310 perforari
1043 2242 1343 2310 parietem,
1371 2253 1424 2297 et
1447 2243 1579 2297 vidi.
1614 2242 1677 2296 Et
1711 2257 1842 2297 ecce
1866 2244 2049 2298 omnis

471 2333 770 2390 similitudo
795 2335 1096 2404 reptilis,et
1113 2335 1369 2404 jumenti,
1393 2345 1447 2391 et
1470 2337 1653 2390 omnia
1681 2337 1825 2391 idola
1850 2337 2048 2390 domus

467 2424 636 2481 Israel
665 2425 944 2495 descripta
975 2426 1027 2480 in
1053 2442 1119 2481 eo
1141 2427 1370 2482 circum.
1401 2429 1464 2482 Et
1485 2429 1704 2483 dixitad
1734 2444 1820 2483 me
1848 2429 2048 2483 :Certe

469 2515 524 2572 vi
547 2515 678 2580 lisli,
701 2517 772 2570 [ili
800 2517 1062 2580 hominis,
1085 2533 1151 2571 an
1183 2533 1348 2590 parva
1367 2529 1495 2575 Sunt
1513 2520 1696 2574 domui
1723 2521 1913 2588 Israel,
1931 2536 2050 2592 quae

471 2606 1054 2676 faciuntsiuguliclam
1078 2610 1128 2662 iu
1158 2610 1416 2667 cubiculo
1448 2627 1550 2667 suo
1576 2613 1630 2665 ⁷⁸1
1650 2633 1667 2664 ι
1697 2613 1828 2668 Inde
1847 2627 1926 2668 est
1949 2615 2056 2684 igi-

473 2706 584 2763 tur,
604 2697 748 2765 quod
775 2711 871 2751 eos
907 2713 965 2752 se
997 2697 1050 2750 in
1081 2701 1439 2767 captivitatem
1480 2702 1765 2757 tradidisse
1799 2705 2042 2774 subiicit.

475 2787 517 2840 υ
541 2804 584 2842 -ο
602 2797 782 2843 autem
808 2789 1116 2856 deserente,
1136 2793 1261 2861 quis
1279 2800 1383 2857 est,
1409 2795 1500 2863 qui
1531 2802 1769 2863 tueatur,
1795 2798 1887 2868 qui
1912 2798 2053 2852 dire-

470 2886 563 2946 pta
579 2888 806 2950 repetat,
827 2895 953 2935 cum
972 2879 1202 2935 deorum
1226 2883 1436 2946 nullus,
1457 2899 1598 2953 quos
1622 2885 1726 2954 ipsi
1759 2888 1968 2950 colunt,
1995 2888 2048 2941 id

2166 411 2433 466 Ἰουδαίων
2459 414 2486 464 ὁ
2520 411 2675 479 λόγος
2703 429 2718 444 ’
2755 409 2880 464 Λλλ⁹
2911 410 3083 477 αὐτοὶ,
3136 411 3320 479 φησιν,
3359 410 3496 467 ἔνδον
3521 413 3684 485 ἔχουσι

2152 503 2267 570 τὴν
2293 503 2513 572 παγῖδα
2541 505 2599 555 ἐν
2629 505 2741 564 τοῖς
2768 503 3071 570 λογισμοῖς,
3116 501 3209 564 οὓς
3238 501 3526 570 ἔκρυπτον
3562 509 3691 561 κατὰ

2155 595 2252 647 τοῦ
2311 594 2553 663 Χριστοῦ
2603 593 2998 664 βουλευόμενοι.
3036 595 3238 662 ’ίιγουν
3266 595 3363 648 οὐκ
3409 583 3692 665 ἐλογίσαντο

2153 683 2270 747 πῶς
2300 684 2570 762 ἐξήγαγον
2619 684 2816 747 αὐτοὺς
2845 685 2902 748 ἐξ
2929 684 3078 738 οἴκου
3137 684 3398 753 δουλείας,
3447 691 3534 742 καὶ
3560 691 3693 761 νόμῳ

2154 777 2641 847 πεπαιδαγώγηκα.
2675 778 2745 829 Ἦ
2803 779 2910 846 γὰρ
2935 775 3000 829 ἂν
3041 775 3408 845 ἐιιεγάιὶυνον
3455 780 3690 848 αινεσιε,

2154 867 2519 938 προσάγοντες
2560 884 2649 937 μοι
2681 868 2748 920 τὰ
2776 867 3128 937 χαριστήρια.
3182 866 3296 919 Νῦν
3324 867 3380 919 δὲ
3406 868 3533 937 πρὸς
3557 870 3689 923 εἰδω-

2152 961 2467 1031 λολατρείαν
2537 962 2632 1014 καὶ
2681 963 2862 1014 πᾶσαν
2897 960 3109 1012 ἀδικίαν
3156 960 3487 1032 ἀπέστησαν.
3516 964 3692 1034 Διόπερ

2153 1053 2336 1122 ἔλεγεν
2365 1070 2378 1085 ο
2397 1075 2414 1105 ι
2441 1054 2743 1122 Ύπέμεινα
2773 1050 2866 1105 τοῦ
2899 1055 3122 1122 ποιῆσαι
3144 1053 3436 1122 σταφυλὴν,
3461 1054 3692 1124 ἐποίησεν

2151 1147 2206 1200 δὲ
2237 1147 2498 1210 ἀκάνθας.
2538 1165 2555 1198 ι
2584 1146 2748 1199 Ὅθεν
2773 1146 2968 1208 αὐτοὺς
2997 1147 3075 1206 εἰς
3099 1144 3398 1215 ἀνάμνησιν
3423 1145 3570 1213 φέρει
3599 1146 3693 1198 τῶν

2150 1242 2263 1302 τοῖς
2329 1240 2568 1309 πατράσι
2614 1237 3057 1306 συμϐεϐηκότων.
3109 1235 3253 1302 Ἐγὼ
3314 1237 3408 1306 μὲν
3438 1239 3541 1306 γὰρ
3573 1231 3694 1289 εἶδον

2149 1335 2246 1396 τὰς
2268 1333 2522 1394 ἀσεϐείας
2550 1331 2750 1384 αὐτῶν.
2789 1329 2962 1384 Αὐτοὶ
2996 1329 3063 1382 δὲ
3103 1327 3523 1397 διηρπασμένα
3547 1331 3694 1399 ferr!-

2151 1441 2294 1480 νασι
2345 1425 2434 1489 εἷς
2462 1441 2524 1477 τε
2547 1422 2856 1492 προνομὴν
2890 1421 3009 1487 τοῖς
3057 1420 3309 1489 ἐχθροῖς.
3359 1419 3424 1474 Ἡ
3455 1419 3557 1489 γὰρ
3593 1436 3694 1474 πα-

2154 1518 2266 1587 γίς,
2299 1517 2483 1586 φησὶν,
2512 1515 2580 1567 ἐν
2610 1514 2735 1579 τοῖς
2797 1513 3074 1587 ταμιείοις
3123 1511 3433 1580 πανταχοῦ
3463 1529 3477 1542 ο
3523 1513 3610 1567 καί
3635 1513 3696 1566 ἐν

2151 1585 2368 1673 οἴκοις
2404 1607 2523 1675 ἅμα
2559 1606 2835 1674 ἔκρυψαν
2899 1585 3143 1669 αὐτοὺς,
3194 1604 3434 1675 δηλονότι
3462 1604 3578 1668 τοὺς
3599 1593 3693 1675 χε...

2149 1699 2390 1762 νευτούς.

2221 1792 2283 1844 Οί
2308 1790 2417 1857 γὰρ
2436 1788 2726 1860 ἡγούμενοι
2746 1787 2838 1841 τοῦ
2865 1786 2993 1840 λαοῦ
3035 1786 3288 1857 φανερῶς
3321 1786 3419 1856 μὲν
3450 1783 3547 1856 ζῇν
3571 1785 3694 1839 κατὰ

2147 1883 2238 1934 τὸν
2273 1882 2435 1952 νόμον
2467 1881 2811 1946 ἐπλάττοντο,
2842 1881 2900 1933 ἐν
2934 1878 3009 1949 νῷ
3037 1879 3092 1932 δὲ
3117 1878 3219 1949 τὴν
3237 1879 3486 1932 ἀσέϐειαν
3517 1878 3694 1948 Erupe-

2151 1993 2304 2029 πτον.
2363 1973 2473 2030 Καὶ
2521 1977 2578 2026 ἐν
2623 1974 2795 2036 οἴκοις
2841 1973 3054 2043 ἔχοντες
3105 1971 3396 2042 ἀγάλματα
3438 1971 3600 2040 λάθρα
3645 1972 3699 2024 τὸ

2150 2069 2310 2131 σέϐας
2342 2067 2700 2138 προσέφερον.
2729 2066 2820 2119 Διὸ
2850 2066 2985 2136 πρὸς
3025 2064 3283 2135 Ἰεζεκιήλ
3317 2083 3476 2136 φησιν
3504 2068 3531 2118 ό
3561 2065 3693 2125 Θεός·

2158 2179 2174 2210 ι
2203 2159 2296 2211 Υἱὲ
2319 2155 2964 2228 ἀνθρώπου,δρυξον.Καὶ
2987 2153 3169 2226 ὥρυξα
3189 2154 3251 2225 δὴ
3278 2157 3336 2206 ἐν
3360 2154 3434 2224 τῷ
3448 2154 3598 2223 τοίχῳ
3617 2153 3697 2205 καὶ

2150 2248 2304 2304 εἶδον.
2340 2250 2448 2302 Καὶ
2486 2248 2592 2302 ἰδοὺ
2613 2249 2760 2300 πάσα
2790 2247 3047 2317 ὁμοίωσις
3071 2246 3327 2316 ἑρπετοῦ,
3351 2247 3443 2298 καὶ
3469 2246 3695 2315 κτήνους,

2151 2344 2244 2396 καὶ
2277 2341 2456 2395 πάντα
2487 2334 2553 2393 τά
2585 2319 2779 2393 εἴδωλά
2825 2337 2976 2392 οἴκου
3023 2338 3239 2410 Ἰσραὴλ
3273 2339 3698 2410 διαγεγραμμένα

2149 2436 2237 2489 ἐπ’
2269 2433 2435 2488 αὑτοῦ
2467 2434 2669 2504 κύκλῳ.
2702 2433 2808 2486 Καὶ
2834 2428 2987 2486 εἶπεν
3008 2433 3142 2504 πρός
3179 2448 3270 2503 με’
3306 2433 3596 2503 Ἑώρακας,
3625 2433 3698 2483 υἱὲ

2149 2525 2458 2599 ἀνθρώπου.
2511 2526 2602 2594 Μὴ
2652 2525 2822 2596 μικρὰ
2876 2525 2954 2596 τῷ
3007 2527 3140 2595 οἴκῳ
3174 2525 3450 2596 Ἰσραὴλά
3479 2525 3701 2576 ποιοῦσιν

2150 2619 2377 2681 ἕκαστος
2400 2618 2457 2671 ἐν
2474 2617 2549 2688 τῷ
2567 2617 2782 2670 κοιτῶνι
2797 2617 2972 2670 αὐτῶν
3000 2617 3076 2687 τῷ
3098 2617 3362 2688 κρυπτῴς
3385 2637 3402 2668 ι
3434 2618 3512 2671 διό
3535 2633 3696 2687 φησιν,

2150 2711 2359 2774 Αὐτοὺς
2406 2714 2484 2776 εις
2521 2712 2940 2779 αἰχμαλωσίαν
2982 2711 3316 2777 παρέδωκα.
3347 2711 3479 2763 Θεοῦ
3505 2711 3555 2762 δὲ
3585 2727 3698 2778 προ-

2149 2806 2348 2870 δόντος,
2384 2803 2466 2866 τίς
2499 2802 2564 2856 ἂν
2592 2804 2827 2873 προέστη
2857 2801 2923 2855 τά
2947 2801 3366 2872 διηρπασμένα
3419 2803 3700 2872 πραττόμεσ

2149 2913 2258 2961 νος,
2310 2895 2536 2967 μηδενὸς
2588 2893 2748 2947 τοῦτο
2818 2893 3078 2963 πράττειν
3104 2894 3409 2962 δυναμένου
3432 2893 3534 2946 τῶν
3569 2909 3698 2960 νομι-

476 2980 736 3037 praestare
759 2972 970 3027 valeat?
1000 2969 1306 3028 Prudenter
1325 2983 1572 3030 autemet
1603 2977 1898 3032 commode
1924 2993 2046 3032 cum

2158 2984 2389 3038 σθέντων
2437 2983 2606 3054 θεῶνῇ
2634 2983 2992 3054 οἰκονομικῶς
3013 2983 3069 3035 δὲ
3095 2984 3232 3052 μετά
3287 2985 3385 3056 τὴν
3421 2984 3523 3038 τῶν
3553 2983 3701 3036 ἐθνῶν

475 3070 593 3132 post
627 3065 868 3132 gentium
907 3065 1250 3120 vorationem
1292 3066 1572 3122 Israelitas
1599 3069 1807 3137 ejiciat,
1829 3085 2052 3124 causam

473 3168 591 3206 eam
622 3152 866 3216 adducit,
899 3169 1060 3223 quam
1089 3164 1148 3209 et
1173 3154 1352 3210 Moses
1382 3158 1498 3226 ipse
1528 3159 2053 3226 demonstravit,ubi

475 3246 548 3297 ait
591 3262 604 3297 :
663 3261 681 3292 ι
733 3242 838 3312 Ipsi
888 3247 954 3296 ad
1004 3247 1408 3301 mmulatiouem
1461 3264 1546 3302 me
1592 3263 2052 3318 provocaveruut,

476 3345 736 3404 tanquam
773 3338 916 3391 Deus
951 3352 1060 3390 non
1093 3353 1270 3393 essent
1297 3356 1310 3405 ;
1339 3356 1439 3408 ego
1473 3349 1776 3408 autemeos
1792 3359 2056 3414 provoca-

476 3432 566 3494 bo,
603 3438 864 3500 tauquam
907 3445 1044 3500 gens
1086 3446 1194 3484 non
1243 3433 1314 3485 sit
1363 3433 1404 3485 ⁸.
1439 3451 1459 3483 ›
1511 3431 1574 3485 Et
1599 3433 1806 3488 David:
1848 3454 1866 3486 ι
1911 3435 2051 3491 Exa-

475 3523 838 3578 cerbaverunt
885 3537 1009 3575 cum
1051 3522 1104 3576 in
1141 3523 1398 3579 fictilibus
1423 3525 1539 3579 suis
1565 3526 1607 3591 ⁸,
1648 3545 1667 3578 ι
1719 3536 1773 3582 et
1802 3544 1923 3598 qua:
1961 3544 2051 3584 se-

387 3687 394 3690 _
475 3625 741 3684 qauntur.
771 3613 911 3668 Sunt
950 3615 1134 3683 itaque
1166 3615 1462 3685 diligenter
1496 3617 1806 3672 animorum
1845 3620 2049 3674 vitandi

475 3708 669 3778 laquei,
705 3724 774 3764 ne
820 3708 1026 3762 nostris
1067 3708 1172 3778 ipsi
1207 3709 1602 3779 cnpiditatibus
1636 3712 1804 3782 capti,
1847 3712 2047 3768 daemoo

476 3802 584 3856 niis
626 3802 678 3855 in
731 3801 1093 3872 depastionem
1129 3796 1437 3868 tradantur,
1485 3802 1644 3871 juxta
1692 3805 1826 3860 illud
1871 3822 1884 3859 :
1929 3824 1947 3857 ι
1993 3803 2048 3859 Si

475 3893 704 3961 spiritus
745 3894 1086 3949 dominantis
1131 3895 1186 3948 in
1239 3902 1290 3948 te
1343 3895 1628 3959 ascendat,
1682 3895 1862 3950 locum
1897 3906 2050 3949 tuum

474 4000 541 4039 ne
565 3985 787 4039 deseras
818 3985 884 4040 ‘°.
923 4005 940 4037 υ
971 3983 1196 4050 Deinde,
1241 3994 1502 4054 tauquam
1541 3987 1607 4038 ad
1647 3991 1838 4040 surdos
1873 3987 2053 4056 loque—

472 4084 645 4138 retur,
665 4074 1082 4130 etauditoribus
1107 4084 1345 4141 careret,
1371 4076 1505 4146 ipsis
1531 4075 2048 4133 auditoribusdicit:

473 4165 608 4231 Quis
639 4176 714 4220 est
739 4168 791 4220 in
823 4168 989 4230 vobis,
1018 4168 1107 4238 qui
1137 4167 1248 4221 Ita'c
1276 4167 1510 4222 audiat?
1547 4167 1659 4223 Etsi
1691 4169 1837 4223 enim
1865 4185 2047 4224 rerum

469 4263 700 4311 eventus
731 4258 971 4314 nondum
1009 4265 1239 4313 secutus
1267 4268 1372 4321 est,
1403 4269 1555 4312 certo
1575 4267 1756 4312 tamen
1790 4258 1842 4311 in
1870 4268 2049 4328 poste-

2155 3075 2368 3144 κλῆσιν,
2421 3073 2516 3143 τὴν
2567 3074 2744 3128 αἰτίαν
2809 3073 2914 3143 ἔφη
2946 3075 3043 3143 τῆς
3082 3074 3359 3146 ἀποϐολῆς
3401 3075 3699 3146 Ἰσραὴλ,ἥν

2153 3165 2330 3235 δηλῶν
2383 3165 2534 3232 ἔλεγε
2578 3165 2802 3234 Μωσῆς·
2841 3183 2858 3215 ι
2891 3165 3055 3218 Αὐτοὶ
3113 3165 3510 3237 παρεζήλωσάν
3536 3183 3597 3236 με
3625 3167 3701 3218 ἐπ’

2151 3259 2212 3310 οὐ
2239 3257 2378 3326 Θεῷ,
2434 3256 2590 3324 κάγὼ
2619 3257 2998 3326 παραζηλώσω
3025 3259 3218 3322 αὐτοὺς
3254 3260 3347 3311 ἐπ’
3375 3261 3474 3313 οὐκ
3511 3259 3656 3312 ἔθνει.
3679 3278 3694 3307 ι

2154 3351 2264 3404 Καὶ
2305 3349 2470 3404 Δαϐὶδ
2501 3350 2557 3402 δέ
2591 3365 2746 3419 (metu
2787 3369 2804 3399 ι
2832 3351 3256 3420 Παρεπίκραναν
3321 3351 3480 3406 αὐτὸν
3517 3349 3572 3405 ἐν
3605 3354 3702 3412 τοῖς

2151 3443 2408 3512 γλυπτοῖς
2467 3441 2666 3506 αὐτῶν,
2693 3461 2710 3492 ι
2747 3443 2842 3495 καὶ
2895 3442 2964 3496 τὰ
3013 3442 3164 3511 ἑξῆς.
3213 3443 3306 3497 Διὸ
3339 3443 3590 3514 φευκτέον
3619 3443 3701 3504 τὰς

2152 3534 2294 3586 κατὰ
2329 3533 2453 3587 νοῦν
2486 3531 2765 3601 παγίδας,
2799 3532 2886 3584 ἴνα
2933 3532 3006 3603 μὴ
3022 3532 3240 3602 δαίμοσι
3273 3533 3554 3604 γενώμεθα
3581 3547 3703 3601 προσ

2150 3626 2327 3695 νομὴ,
2361 3626 2450 3678 διὰ
2478 3625 2585 3678 τῶν
2618 3627 2675 3676 ἐν
2702 3625 2832 3693 ἡμῖν
2867 3625 3200 3693 κινουμένων
3220 3626 3430 3690 παθῶν,
3467 3625 3596 3678 κατὰ
3616 3625 3666 3676 τό
3686 3638 3700 3652 ⁵

2157 3740 2175 3772 ι
2210 3720 2334 3773 Ἐὰν
2389 3717 2608 3788 πνεῦμα
2671 3717 3074 3780 ἐξουσιάζοντος
3109 3717 3285 3788 ἀναϐῇ
3332 3719 3422 3771 ἐπὶ
3451 3719 3524 3781 οὲ,
3556 3716 3700 3768 τόπον

2152 3829 2244 3864 σου
2277 3810 2351 3880 μὴ
2373 3811 2536 3881 ἀφῇς.
2567 3828 2584 3860 ι
2639 3804 2790 3874 Εἶτα,
2825 3807 3123 3878 ἐπειδήπερ
3159 3808 3234 3871 ὡς
3267 3809 3488 3878 κωφοῖς
3519 3807 3696 3867 ἐλάλει,

2149 3903 2370 3974 ἀπορῶν
2393 3901 2679 3972 ἀκροατῶν
2709 3903 2767 3953 ἐν
2793 3901 2976 3963 αὐτοῖς
3000 3899 3170 3968 λέγει’
3214 3902 3391 3966 Τίςὲν
3421 3901 3558 3971 ὑμῖν
3578 3899 3700 3952 ἐνω-

2148 3995 2353 4050 τιεῖται
2381 3994 2568 4046 ταῦτα
2589 4009 2605 4055 ;
2623 3993 2684 4045 Ei
2708 3992 2818 4062 γὰρ
2837 3991 2931 4044 καλ⁸
2947 3993 3114 4062 μήπω
3139 3993 3376 4062 πάρεστι
3397 3993 3506 4046 τῶν
3536 4005 3696 4060 πραγ-

2154 4086 2338 4156 μάτων
2393 4086 2426 4154 ή
2459 4082 2705 4145 ἔκϐασις,
2759 4081 2872 4135 ἀλλ’
2918 4083 3108 4144 ἐντοῖς
3160 4082 3442 4135 ἐπιοῦσιν
3479 4081 3696 4135 ἐπιτελεο

2149 4177 2408 4247 σθήσεται
2469 4175 2722 4245 χρόνοις·
2756 4175 2840 4236 τίς
2896 4169 2988 4226 οὖν
3048 4171 3271 4244 ζητήσει
3296 4175 3357 4229 τὸ
3387 4177 3553 4229 αἴτιον
3605 4172 3698 4237 τῆς

2149 4265 2477 4336 διαρπαγῆς
2509 4264 2599 4318 τοῦ
2663 4264 2817 4329 λαοῦ,
2866 4263 3006 4317 ὥστε
3057 4264 3232 4316 εἰπεῖν
3258 4265 3343 4331 τὸ,
3380 4267 3473 4330 Τίς
3501 4265 3700 4318 ἔδωκεν

470 4361 590 4400 rum
619 4363 682 4402 ea
713 4348 828 4418 ipsa
864 4349 1046 4403 l’utura
1079 4357 1230 4404 sunt.
1255 4347 1392 4414 Quis
1424 4349 1592 4416 igitur
1623 4364 1844 4404 causam
1899 4350 2042 4403 dire-

2150 4360 2196 4410 εί
2206 4379 2236 4423 ς
2294 4353 2633 4422 διαρπαγὴν
2670 4351 2881 4406 Ἰακὼϐ
2899 4367 2918 4416 ;
2944 4351 3114 4414 οὐδεὶς
3141 4351 3196 4405 δὲ
3223 4351 3384 4405 τοῦτο
3421 4354 3698 4422 πέπρακεν,

474 4441 672 4506 ptionis
696 4441 880 4510 pepuli
924 4443 996 4496 ita
1027 4453 1256 4512 quaeret,
1301 4450 1360 4497 ut
1399 4443 1544 4498 dicat
1588 4459 1602 4496 :
1635 4442 1764 4508 Quis
1803 4443 1946 4496 dedit
1992 4444 2046 4495 in

467 4531 809 4600 direptionem
827 4531 1038 4588 Iacob?
1067 4534 1321 4590 Nondum
1340 4536 1484 4590 enim
1514 4535 1564 4589 id
1601 4537 1892 4606 quisquam
1922 4535 2048 4590 fecit

467 4631 662 4690 praeter
711 4622 862 4675 illum
898 4623 952 4675 in
988 4639 1136 4690 quem
1165 4633 1532 4690 peccaverunt,
1570 4625 1625 4676 in
1661 4627 1914 4693 cujusque
1947 4624 2048 4677 viis

468 4711 740 4764 ambulare
792 4711 1094 4765 noluerunt.
1147 4711 1340 4767 Vocati
1391 4716 1536 4769 enim
1590 4715 1655 4768 ad
1700 4716 2047 4786 evaltgelicas

468 4803 600 4865 vias,
635 4817 736 4854 non
766 4802 1137 4856 auscultarunt
1170 4819 1186 4857 :
1215 4819 1393 4872 neque
1435 4815 1710 4859 recentem
1751 4807 1913 4876 legem
1943 4823 2043 4859 au-

465 4894 580 4946 dire
607 4893 893 4947 voluerunt
923 4909 937 4958 ;
964 4893 1107 4948 unde
1139 4893 1305 4966 479
1329 4893 1524 4947 bellum
1555 4895 1610 4948 in
1630 4911 1718 4948 eos
1741 4896 2042 4964 prcevaluit.

466 4983 606 5039 Olim
640 4984 785 5038 enim
822 4983 955 5038 bello
979 4987 1163 5054 aliquo
1199 5002 1374 5056 usque
1424 4988 1616 5050 vexati,
1652 4989 1728 5043 ita
1757 5003 1816 5043 se
1863 4997 2047 5043 tamen

470 5081 846 5146 repararunt,
887 5085 948 5129 ut
998 5085 1052 5131 et
1081 5077 1299 5139 urbem,
1346 5086 1401 5130 et
1451 5078 1713 5146 templum
1736 5078 1901 5131 etiam
1964 5079 2049 5131 iu-

465 5177 711 5224 staurata
739 5169 1004 5224 baberent
1037 5179 1131 5223 :at
1163 5185 1311 5223 nunc
1339 5184 1404 5223 ex
1432 5185 1541 5239 quo
1574 5170 1714 5239 pulsi
1745 5178 1897 5235 sunt,
1920 5180 2042 5223 tan-

467 5267 581 5312 tum
611 5262 862 5314 adversus
891 5277 978 5315 eos
1019 5261 1320 5315 animorum
1356 5260 1549 5313 bellant
1581 5262 1842 5326 invaluit,
1881 5271 1938 5314 ut
1977 5277 2044 5315 ue

467 5351 828 5405 adulatorum
867 5352 1089 5423 quidem
1123 5355 1356 5409 istorum
1393 5368 1619 5409 causam
1657 5353 1968 5407 advertant.

544 5465 563 5494 ‘
593 5458 696 5514 Isa.
722 5477 796 5527 ut,
827 5465 882 5517 4.
958 5465 975 5495 ⁷
1012 5463 1207 5519 Ezech.
1242 5479 1359 5531 vm,
1386 5465 1542 5520 8-I0.
1619 5467 1641 5497 ⁸
1674 5464 1831 5520 Deut.
1881 5479 2055 5530 xuii,
2110 5466 2200 5520 2|.

2144 4449 2178 4519 ἢ
2207 4447 2368 4508 αὐτὸς
2395 4439 2443 4512 ᾧ
2472 4443 2844 4512 ἡμὰρτοοναν,
2868 4448 2964 4495 καὶ
3002 4444 3112 4496 οὐκ
3135 4442 3457 4497 ἐϐούλοντο
3491 4442 3560 4495 ἐν
3588 4437 3698 4504 ταῖς

2145 4539 2307 4605 ὁδοῖς
2351 4536 2539 4591 αὑτοῦ
2569 4537 2949 4603 πορεύεσθαι.
2985 4534 3329 4605 Καλούμενοι
3373 4535 3480 4605 γὰρ
3509 4536 3580 4596 είς
3614 4533 3698 4592 τὰς

2145 4627 2508 4698 εὐαγγελικὰς
2565 4626 2767 4690 ὀδοὺς,
2812 4627 2926 4694 οὐχ
2971 4625 3286 4691 ὑπήκουον
3320 4643 3334 4657 ’
3365 4623 3590 4679 οὐδὲτοῦ
3613 4623 3699 4690 τῆς

2147 4723 2354 4791 Καινῆς
2379 4719 2654 4788 Διαθήκης
2683 4718 2929 4771 ἀκούειν
2979 4718 3169 4790 ῆθελον
3212 4721 3426 4788 νόμου.
3455 4719 3544 4770 Διὸ
3579 4730 3700 4768 κατ-

2149 4815 2406 4883 ίσχυσεν
2425 4809 2516 4863 ἐπ’
2545 4808 2767 4874 αὐτοὺς
2791 4810 3075 4877 πόλεμος.
3113 4807 3285 4861 Πάλαι
3321 4810 3420 4877 μὲν
3452 4808 3554 4877 γάρ
3580 4804 3698 4874 πρὸς

2148 4905 2337 4974 καιρόν
2353 4918 2474 4953 τινα
2517 4899 2974 4967 πολεμούμενοι,
3009 4895 3164 4961 αὖθις
3195 4898 3566 4966 ἀνελάμϐανον
3597 4897 3704 4946 ἐαυ·

2147 4997 2294 5058 τοὺς,
2318 4995 2392 5055 ὡς
2421 4992 2515 5045 καὶ
2565 4990 2665 5059 τὴν
2709 4989 3082 5060 Ἰερουσαλὴμ,
3122 4991 3215 5042 καὶ
3236 4989 3298 5042 τὸ
3322 4991 3382 5043 ἐν
3410 4991 3543 5058 αὐτῇ
3589 5002 3700 5036 συν-

2150 5087 2368 5139 εστάναι
2400 5081 2686 5152 βασίλειον.
2720 5080 2834 5132 Νῦν
2863 5081 2948 5144 δὲ,
2978 5080 3064 5132 ὅτε
3125 5079 3291 5144 ἔξωθε
3319 5079 3366 5144 i,
3423 5079 3513 5132 utsi
3541 5079 3571 5130 ό
3599 5071 3701 5127 τῶν

2151 5173 2369 5245 ψυχῶν
2386 5169 2722 5235 ἐπάὺτοὺς
2776 5171 3104 5237 κατίσχυκε
3131 5173 3412 5234 πόλεμος,
3470 5166 3560 5220 καὶ
3607 5159 3700 5214 τῶν

2153 5268 2338 5323 κακῶν
2367 5265 2570 5320 τούτων
2596 5264 2694 5315 οὐκ
2720 5260 3034 5329 ὲλογὶσαντο
3056 5261 3152 5331 τὴν
3183 5262 3377 5315 αἰτίαν.

2276 5467 2296 5496 ³
2328 5462 2476 5518 Psal.
2517 5475 2721 5526 Lxxvu,
2765 5461 2853 5514 40.
2936 5461 2977 5490 “‘
3033 5458 3214 5514 Eccle.
3259 5474 3313 5523 κ,
3350 5458 3406 5513 ὁ.

1735 5582 1958 5636 varum
1995 5551 2410 5637 LECTIOi‘iEs:

535 5649 552 5700 ί
587 5651 670 5702 ἵσ.
703 5648 1042 5717 ἐξώσθησαν.
