4032 6218
371 283 506 348 2381

1469 285 2003 348 COMMENTARII
2041 285 2119 348 IN
2161 284 2442 347 ISAIAM.

3523 292 3626 355 382

445 393 600 455 Τινὲς
625 393 681 445 δὲ
709 382 802 445 καὶ
835 393 1006 446 ταῦτα
1035 393 1194 448 πάλιν
1247 395 1338 448 ἐπὶ
1387 396 1486 467 τῆς
1519 399 1606 449 ἐπ’
1650 397 1948 468 ’Δσσυρίων

2127 396 2382 452 Nonnulli
2420 413 2546 453 vero
2591 405 2645 454 et
2695 401 2811 456 haec
2851 404 3015 458 ctiam
3066 403 3131 459 ad
3163 419 3304 467 eam,
3350 421 3511 474 quam
3559 408 3626 458 ab

371 483 626 545 ἁλώσεως
675 483 883 548 ἔλαϐον,
919 484 970 536 οἳ
998 487 1091 539 καὶ
1119 486 1178 539 τὸ
1210 488 1308 555 μὲν
1359 488 1600 543 ἀκούειν
1619 528 1632 551 ,
1689 489 1748 541 τὸ
1769 488 1953 558 ιιίνιλῶς

373 577 679 646 ἀκροᾶσθαί
726 592 877 645 φασι.
916 579 989 630 Τὸ
1015 578 1072 631 δὲ
1101 579 1523 645 ἐνωτίσασθαι,
1555 581 1617 633 τὸ
1645 584 1711 651 τῇ
1745 580 1955 650 διανοίᾳ

291 685 294 688 λ
372 667 847 736 παραπέμψασθαι
871 667 1027 740 λόγον
1059 669 1346 738 ἐμφρόνως
1377 670 1696 734 ἀκούοντας,
1736 670 1954 732 ὁποίους

371 757 467 810 νῦν
492 758 770 828 ἀκροατὰς
791 760 818 811 ὁ
837 761 1126 830 προφήτης
1149 758 1322 830 ζητεῖ,
1347 761 1487 813 κατὰ.
1513 759 1726 813 Παῦλον
1749 760 1953 821 εἰδότας

370 849 454 902 ὅτι
511 849 758 911 τυπικῶς
811 852 1043 913 ἐκείνοις
1094 851 1430 916 συνέϐαινεν,
1488 850 1702 920 ἐγράφη
1731 850 1787 902 δὲ
1819 849 1956 921 πρὸς

371 942 656 1007 νουθεσίαν
709 942 888 1011 ἡμῶν,
916 944 1065 1007 ὅπως
1117 942 1183 996 ἂν
1214 944 1273 996 τὸ
1300 947 1410 1007 τοῖς
1441 945 1575 1008 ῐσοις
1618 943 1822 996 ἁλῶναι
1850 963 1952 1013 φυ-

370 1034 672 1098 λάξωνται.
737 1035 823 1088 Ἐν
871 1036 1105 1105 ὲμφάσει
1153 1035 1209 1088 δέ
1260 1053 1443 1106 φησιν,
1492 1036 1572 1089 ὅτι
1610 1035 1956 1104 παρέδωκεν

383 1127 687 1190 Ἰακὼ6,ὃν
717 1127 775 1194 ἐξ
805 1127 1078 1195 Αἰγύπτου
1121 1127 1378 1181 διέσωσεν
1427 1129 1565 1198 ὑπὲρ
1611 1123 1671 1184 οὑ
1717 1128 1954 1182 τοσαῦτα

370 1218 494 1270 κατ’
519 1217 730 1288 ὲχθρῶν
751 1219 964 1285 ἐγένετο
992 1217 1270 1286 θαύματα.
1302 1219 1404 1271 Τὸν
1428 1220 1523 1272 οὖν
1548 1220 1774 1274 εἰωθότα
1797 1223 1953 1290 νικᾷν

370 1307 466 1370 τίς
502 1307 802 1359 ὑποπεσεῖν
856 1307 1084 1375 ἐποίησε
1119 1311 1230 1369 τοῖς
1291 1309 1524 1378 ἐχθροῖς,
1553 1311 1647 1362 καὶ
1675 1309 1760 1370 διὰ
1793 1310 1953 1363 ποίαν

371 1399 552 1452 αἰτίαν
578 1417 593 1464 ;
622 1402 653 1470 ἡ
677 1400 736 1452 δὲ
764 1398 859 1452 τοῦ
887 1403 978 1468 τίς
1006 1401 1293 1472 ἐρώτησις,
1324 1401 1612 1470 ὁμολογίαν
1632 1401 1744 1472 ἔχει
1779 1403 1950 1472 σαφῆ,

372 1488 448 1551 ὡς
481 1491 611 1552 Θεὸς
639 1493 667 1543 ό
694 1491 919 1560 δράσας,
953 1493 1066 1545 ἀνθ’
1093 1485 1167 1545 ὧν
1201 1492 1363 1545 αὑτὸν
1394 1493 1771 1559 ἐγκατέλιπον.
1809 1495 1953 1563 Πλὴν

372 1579 491 1633 δέον
516 1581 712 1644 αὐτοὺς
751 1581 825 1651 μὴ
852 1583 1136 1652 ἁμαρτεῖν,
1198 1581 1324 1635 οὑδὲ
1356 1581 1621 1645 παθόντες
1667 1582 1954 1655 ἐνουθετή-

375 1671 564 1741 θησαν.
603 1672 680 1724 Δι’
708 1671 800 1735 οὓς
838 1673 1104 1744 Ἱερεμίας
1135 1673 1268 1743 φησί
1293 1688 1306 1702 ⁶
1334 1692 1352 1724 ι
1383 1673 1581 1744 Κύριε,
1603 1675 1650 1724 oi
1682 1675 1952 1745 ὀφθαλμοί

2057 487 2302 557 Assyriis
2352 490 2499 557 passi
2556 497 2717 554 sunt,
2767 495 3228 562 expugnationem
3276 495 3624 560 retulerunt;

2057 577 2221 632 iidem
2269 579 2454 631 audire
2505 580 2826 649 simpliciter
2881 600 2979 652 pro
3030 586 3342 640 auscultarc
3385 586 3626 655 positum

2056 669 2429 734 arbitrantur;
2490 670 2710 723 auribus
2767 681 2946 726 autem
3000 679 3297 744 percipere,
3355 691 3450 744 pro
3507 691 3628 746 quae

2057 761 2298 814 audieris
2332 771 2514 815 mente
2545 763 2844 831 prudenter
2879 765 3088 834 agitare
3129 770 3321 835 quales
3353 783 3498 821 nunc
3529 782 3628 820 au-

2054 847 2263 904 ditores
2297 851 2560 918 prOpheta
2591 853 2852 920 postulat,
2907 854 3026 922 qui,
3057 853 3214 922 juxta
3270 855 3497 910 Paulum
3559 858 3624 920 “,

2055 939 2233 992 sciant
2289 940 2470 993 omnia
2521 943 2577 994 in
2635 938 2804 1011 ﬁgura
2860 942 2968 997 illis
3020 944 3318 1014 contigisse
3363 964 3378 1000 :
3425 947 3626 1016 scripta

2057 1037 2236 1082 autem
2271 1044 2394 1084 esse
2431 1030 2484 1082 in
2520 1030 2949 1085 admonitionem
2981 1041 3251 1101 nostram,
3291 1041 3352 1088 ut
3401 1044 3628 1089 caveant

2058 1137 2125 1174 ne
2157 1137 2184 1174 a
2219 1121 2498 1176 similibus
2531 1123 2901 1194 decipiantur.
2959 1125 3282 1196 Emphatice
3313 1136 3492 1181 autem
3521 1125 3625 1178 Ja-

2056 1209 2148 1268 cob
2183 1211 2364 1280 ipsum
2399 1212 2688 1264 tradidisse
2712 1215 2867 1276 dixit,
2899 1215 2990 1283 qui
3023 1215 3276 1270 eumdem
3305 1231 3370 1270 ex
3392 1214 3627 1285 [Egypto

2054 1309 2300 1370 ereptum
2354 1303 2609 1365 scrvarit,
2661 1303 2891 1372 ejusque
2928 1305 3152 1358 nomine
3207 1312 3283 1357 tot
3341 1303 3392 1356 in
3445 1304 3630 1358 hostes

2055 1398 2307 1460 portenta
2359 1391 2615 1446 ediderit.
2665 1391 2795 1456 Quis
2851 1409 2973 1448 eum
3000 1395 3186 1462 igitur,
3227 1395 3321 1464 qui
3349 1401 3466 1449 erat
3508 1395 3629 1447 vin-

2055 1496 2178 1535 cere
2215 1481 2440 1547 solitus,
2493 1482 2742 1539 hostibus
2791 1484 3067 1554 subjecit;
3115 1499 3303 1554 quaeve
3338 1484 3500 1554 hujus
3549 1485 3630 1538 rei

2055 1573 2314 1628 occasio?
2339 1575 2406 1626 At
2431 1575 2578 1630 enim
2604 1576 2739 1630 satis
2773 1577 2931 1631 docet
2966 1576 3629 1647 interrogandi'particula

2058 1664 2161 1718 ista
2203 1664 2312 1718 illis
2338 1665 2523 1719 omnia
2548 1664 2659 1720 Deo
2690 1675 2919 1722 auctore
2949 1669 3019 1722 ob
3047 1668 3098 1722 id
3127 1669 3446 1738 contigisse,
3483 1668 3629 1737 quod

377 1779 469 1816 σου
508 1764 585 1824 εἰς
619 1762 818 1816 πίστιν.
867 1764 1284 1834 Ἐμαστίγωσας
1311 1763 1525 1828 αὐτοὺς,
1561 1765 1656 1816 καὶ
1677 1767 1778 1818 οὐκ
1827 1766 1948 1835 ἡθέ·

2058 1755 2308 1810 eumdem
2346 1756 2709 1825 reliquerunt.
2761 1757 2868 1813 Sed
2912 1774 3012 1814 cos
3044 1775 3151 1814 non
3189 1774 3444 1828 peccasse
3478 1761 3631 1829 prius

371 1855 542 1923 λησαν
601 1854 855 1918 δέξασθαι
887 1855 1154 1909 παιδείαν.
1194 1875 1213 1907 ι
1239 1851 1333 1908 me
1358 1856 1454 1908 καὶ
1485 1856 1736 1922 λέγοντος
1787 1856 1951 1910 αὑτοῦ

370 1946 482 2006 τοῖς
536 1944 939 2014 ὑπολειφθεῖσιν
965 1947 1029 1999 ἐκ
1070 1947 1172 2018 τῆς
1234 1945 1485 2008 ἁλώσεως
1540 1947 1614 2017 μὴ
1673 1948 1953 2000 κατελθεῖν

370 2033 452 2093 εἰς
481 2032 600 2101 ’τὴν
632 2032 928 2099 Αἴγυπτον,
957 2035 1012 2086 αἱ
1039 2033 1244 2087 τούτων
1305 2037 1559 2102 γυναῖκες
1606 2037 1951 2108 ἀναισθήτως

370 2120 592 2190 ἔχουσαι
622 2125 718 2192 τῆς
769 2125 962 2194 ὀργῆς,
1026 2127 1202 2178 ὲόόων
1233 2143 1247 2158 ο
1273 2128 1386 2179 Οὑκ
1417 2128 1708 2181 ἀπέστειλέ
1749 2146 1806 2180 σε
1837 2129 1948 2182 Κύ-

373 2228 510 2282 ριος.
538 2215 928 2285 Προσέφασκον
948 2216 1024 2282 δὲ,
1062 2217 1277 2287 Ἐπειδὴ
1302 2217 1612 2290 διελίπομεν
1646 2220 1948 2294 θύουσαιτῇ

373 2301 659 2376 βασιλίσσῃ
708 2305 804 2358 τοῦ
832 2307 1087 2378 οὐρανοῦ,
1147 2309 1475 2380 κατείληφεν
1505 2312 1653 2382 ἡμᾶς
1684 2312 1750 2365 τὰ
1777 2314 1944 2366 κακά.

370 2391 558 2457 Οὕτως
596 2395 939 2467 ἀναισθήτως
989 2394 1162 2469 εἶχον,
1216 2402 1699 2470 κατισχύσαντος
1750 2403 1950 2458 αὐτῶν

371 2486 476 2538 τοῦ
505 2486 797 2556 πολέμου,
819 2488 1056 2542 καὶτῶν
1087 2491 1288 2554 κύκλῳ
1315 2492 1818 2562 καταφλεγόντων
1841 2497 1948 2546 αὺ-

369 2579 530 2642 τούς.
567 2578 653 2640 Ὠς
700 2580 795 2632 καὶ
850 2579 1092 2684 ἁλλαχοι)
1138 2599 1300 2649 φησιν
1335 2582 1363 2633 ὁ
1394 2581 1587 2652 παρὼν
1640 2584 1943 2652 προφήτης·

373 2669 470 2721 «Αἱ
490 2669 670 2733 πόλεις
689 2671 840 2742 ὑμῶν
862 2669 1276 2742 πυρίκιῐυστοι.»
1293 2674 1357 2725 "A
1384 2673 1448 2743 δή
1475 2690 1607 2743 φησι
1636 2673 1730 2725 νῦν
1752 2675 1948 2736 αὑτοὺς

371 2759 724 2821 πεπονθέναι,
774 2763 873 2815 οὑκ
908 2762 1305 2832 ἀσθενήσαντος
1347 2761 1540 2826 σώζειν
1586 2764 1785 2826 αὑτοὺς
1844 2764 1940 2816 τοῦ

353 2848 528 2904 θεοῦ.
576 2850 737 2920 Δηλοῖ
765 2852 821 2905 δὲ
841 2851 912 2907 τὰ
941 2852 1223 2922 φθάσαντα
1265 2852 1538 2922 θαύματα.
1583 2853 1722 2906 Ἀλλ’
1778 2855 1896 2908 οὐδὲ
1918 2857 1946 2897 ιι

373 2937 895 3010 δικαιοπραγοῦντες
941 2943 1295 3005 πεπόνθασιν,
1357 2943 1472 2996 ἀλλ’
1521 2943 1602 2997 ὅτι
1631 2944 1723 2999 τὸν
1762 2947 1946 3009 αὑτοῖς

370 3028 595 3083 δοθέντα
643 3033 808 3102 νόμον
853 3033 1193 3105 παρέϐησαν,
1228 3037 1292 3088 ’0
1325 3035 1400 3106 μὴ
1429 3035 1700 3100 νοοῦντες,
1737 3037 1946 3105 ἐμείνα-

369 3134 452 3186 te,
480 3123 635 3191 φησὶ,
664 3126 776 3188 τοῖς
805 3124 998 3189 δεινοῖς
1018 3126 1388 3197 συνεχόμενοι.

2057 1849 2325 1916 oportuit,
2370 1863 2440 1902 ne
2495 1861 2845 1917 peccatorum
2880 1851 3088 1905 ultione
3116 1851 3181 1904 ad
3214 1850 3424 1920 frugem
3477 1865 3631 1904 revo-

2055 1939 2167 1990 cari
2223 1953 2282 1991 se
2313 1945 2367 1990 et
2397 1939 2600 2008 corripi
2650 1955 2758 1993 non
2806 1939 3096 2007 dolerent;
3131 1954 3363 2009 quorum
3411 1939 3632 1994 nomine

2055 2028 2135 2082 sie
2153 2029 2398 2099 loquitur
2424 2028 2732 2086 Jeremias:
2771 2051 2789 2082 ι
2823 2031 3070 2092 Domine.
3093 2033 3238 2086 oculi
3262 2032 3340 2086 tui
3366 2033 3419 2084 in
3446 2031 3627 2086 ﬁdem.

2055 2118 2366 2187 Flagellasti
2416 2137 2534 2187 eos,
2595 2131 2649 2178 et
2715 2124 3014 2179 noluerunt
3071 2126 3324 2194 amplecti
3383 2123 3629 2193 discipli-

2054 2224 2176 2262 nam
2211 2211 2275 2262 “.
2306 2228 2324 2261 ι
2353 2211 2531 2281 Atque
2563 2213 2689 2268 hinc
2721 2225 2828 2279 est,
2857 2215 3001 2284 quod
3035 2229 3157 2268 cum
3190 2215 3277 2276 iis,
3310 2215 3425 2283 qui,
3461 2229 3628 2281 expu.
3691 2260 3693 2263 .

2052 2310 2216 2372 gnata
2248 2303 2473 2359 civitate
2503 2316 2904 2369 remanserant,
2956 2323 3023 2360 ne
3070 2307 3124 2360 iu
3155 2306 3448 2376 IEgyptum
3501 2304 3629 2360 des-

2051 2393 2373 2458 cenderent,
2396 2394 2535 2450 idem
2568 2397 2863 2463 suaderet;
2893 2397 3210 2451 eorumdem
3232 2398 3630 2465 uxoresimpo-

2054 2486 2186 2540 tenti
2227 2486 2410 2541 furore
2444 2489 2686 2566 percitae,
2723 2505 2751 2541 a
2803 2486 3034 2543 Domino
3061 2489 3288 2544 missum
3345 2502 3452 2542 non
3505 2501 3630 2542 esse

2051 2577 2445 2632 inclamabant.
2512 2579 2636 2634 Ideo
2688 2580 2834 2634 enim
2886 2593 2947 2634 se
2998 2579 3164 2634 tantis
3223 2579 3629 2633 calamitatibus

2051 2669 2243 2738 premi,
2302 2670 2450 2738 quod
2511 2673 2715 2740 reginae
2769 2673 2893 2726 σοιιί
2943 2671 3256 2727 sacriﬁcare
3300 2670 3626 2732 desiissent,

2050 2764 2386 2819 clamabunt.
2421 2765 2570 2820 Adeo
2621 2766 2730 2821 illis
2775 2782 2975 2822 sensus
3043 2768 3466 2837 obstupuerant,
3501 2777 3625 2819 cum

2048 2856 2364 2922 prrvvaleret,
2405 2856 2656 2910 adversus
2685 2873 2777 2911 eos
2801 2859 3018 2925 bellum,
3046 2870 3094 2913 et
3125 2861 3215 2928 qui
3254 2858 3624 2913 comburebaut

2050 2963 2137 2999 eos
2173 2947 2228 2999 in
2281 2947 2535 3000 circuitu.
2566 2946 2725 3012 Quod
2751 2949 2953 3003 alicubi
3003 2952 3166 3004 etiam
3202 2960 3390 3004 noster
3443 2949 3647 3004 indicat

2050 3037 2339 3105 prOpheta,
2370 3036 2498 3089 dum
2533 3037 2700 3092 urbes
2727 3053 2915 3092 eorum
2948 3039 3125 3108 ignem
3160 3040 3477 3109 populatum
3504 3055 3626 3093 esse

1977 3119 2019 3176 C
2060 3126 2372 3196 signiﬁcat;
2419 3127 2547 3180 talia
2575 3137 2723 3183 certe
2752 3135 2806 3182 et
2845 3129 2996 3198 ipsos
3031 3130 3192 3183 etiam
3235 3144 3382 3183 nunc
3435 3144 3627 3198 passos

367 3230 496 3270 esse
545 3219 712 3280 dicit;
771 3221 896 3274 licet
939 3235 967 3274 a
995 3220 1108 3276 Deo
1151 3237 1259 3274 non
1289 3219 1450 3289 eripi,
1481 3221 1801 3292 servarique
1831 3236 1938 3276 non
1977 3221 2310 3290 potuissent.
2352 3218 2559 3274 Iudicat
2604 3230 2783 3275 autem
2847 3220 3218 3288 praecedentes
3262 3220 3624 3283 calamitates,

369 3311 508 3367 quas
541 3314 646 3352 non
669 3297 896 3364 iustitiae
916 3302 1189 3371 operibus,
1214 3303 1306 3358 sed
1341 3304 1472 3372 legis
1502 3305 1712 3359 tradita:
1762 3304 2056 3359 violatione
2083 3306 2325 3372 perpessi
2359 3313 2488 3361 sunt
2523 3324 2536 3361 :
2570 3309 2635 3364 ad
2661 3309 2807 3379 quod
2842 3308 2967 3379 quia
2999 3324 3105 3365 non
3164 3302 3491 3372 advenistis,
3545 3307 3628 3364 iu-

370 3389 512 3455 quit,
535 3388 751 3444 damnis
777 3401 829 3443 et
851 3388 1250 3446 calamitatibus
1277 3394 1574 3448 etiamnum
1606 3393 1835 3464 opprimi
1863 3409 1968 3446 non
2000 3393 2293 3450 desivistis.
2331 3427 2354 3441 .-

967 3480 1218 3536 ΚΕΦΑΛ.
1252 3482 1384 3536 Ml".

444 3581 599 3644 α-ιγ’.
652 3575 760 3629 Καὶ
812 3574 930 3628 νῦν
975 3574 1164 3638 οὕτως
1215 3576 1377 3643 λέγει
1423 3574 1639 3640 Κύριος
1679 3575 1712 3627 ό
1753 3573 1954 3636 Θεὸςό

2657 3485 2812 3544 CAP.
2843 3485 3029 3543 XLlll.

2124 3571 2293 3644 480
2324 3573 2491 3628 Vsus.
2544 3574 2695 3628 1-15.
2747 3571 2814 3627 Ει
2848 3591 2985 3628 nunc
3037 3585 3116 3629 tta
3167 3577 3296 3628 dicit
3347 3575 3627 3638 Dominus.

373 3663 633 3729 ποιήσας
649 3679 744 3725 σε,
773 3664 1000 3730 Ἰακὼό,
1030 3664 1129 3718 καὶ
1146 3667 1178 3718 d
1194 3663 1440 3730 πλάσας
1458 3681 1551 3728 σε,
1573 3663 1841 3743 ἰσροήλο
1861 3663 1948 3731 Μὴ

2055 3665 2146 3732 qui
2186 3664 2312 3733 fecit
2359 3674 2428 3726 te,
2457 3664 2650 3728 Jacob,
2684 3674 2734 3719 et
2767 3667 2858 3736 qui
2893 3666 3141 3734 formavit
3182 3677 3252 3732 te,
3291 3666 3465 3721 Israel
3495 3684 3512 3721 :
3549 3667 3631 3722 Ne

372 3753 580 3822 φοϐοῦ,
605 3754 694 3807 ὅτι
718 3753 1157 3824 ἐλυτρωσάμην
1179 3769 1275 3818 σε,
1298 3752 1566 3808 ἐκάλεσοὶ
1590 3772 1664 3808 σε
1682 3753 1748 3806 τὸ
1773 3755 1948 3824 ὄνομά

2059 3755 2276 3817 timeas,
2310 3756 2558 3824 quoniam
2611 3756 2806 3808 redemi
2847 3765 2917 3821 te,
2968 3758 3147 3809 rocavi
3194 3767 3242 3810 te
3277 3759 3484 3811 nomine
3519 3767 3626 3810 tuo.

373 3860 510 3898 σου.
551 3846 718 3914 Ἐμύς
768 3841 825 3900 εἷ
853 3846 955 3899 σύ.
985 3846 1095 3900 Καὶ
1119 3845 1229 3900 ἐὰν
1275 3845 1587 3914 διαϐαίνῃς
1615 3844 1692 3898 δι’
1719 3845 1956 3910 ὕδατος,

2059 3841 2212 3898 Meus
2242 3861 2296 3898 es
2327 3855 2402 3898 tu.
2440 3843 2509 3896 Ιιι
2536 3845 2582 3898 si
2605 3846 2880 3898 transieris
2912 3862 3006 3913 per
3041 3863 3258 3917 aquam,
3295 3856 3463 3902 tecum
3488 3865 3626 3911 sum,

366 3934 516 4002 μετὰ
527 3935 643 3990 σοῦ
659 3939 796 4005 ειμι,
814 3937 911 3991 καὶ
929 3937 1177 4006 ποταμοὶ
1191 3941 1261 3991 οὑ
1282 3938 1722 4005 συγκλείσουσί
1740 3953 1833 3992 σε.
1849 3936 1948 3990 Καὶ

2053 3946 2104 3988 et
2157 3935 2382 4002 ﬂumina
2431 3953 2536 3988 non
2585 3937 2882 4004 cooperient
2928 3947 2995 3992 te.
3031 3937 3099 3991 Et
3130 3940 3177 3994 si
3217 3942 3495 3994 transieris
3538 3956 3629 4007 per

368 4028 477 4082 ἐὰν
490 4027 734 4097 διέλθῃς
753 4029 851 4083 διὰ
880 4029 1088 4097 πυρὸς.
1112 4032 1182 4083 οὐ
1199 4027 1284 4098 μὴ
1319 4027 1721 4096 κατακαυθῇς,
1745 4046 1799 4084 κ.
1823 4047 1873 4082 τ.
1902 4029 1951 4082 λ.

453 4117 728 4170 Ἀνοίκεια
775 4117 950 4171 ταῦτα
987 4116 1096 4171 τῶν
1128 4118 1258 4188 περὶ
1313 4115 1408 4169 τοῦ
1439 4119 1502 4170 ὲκ
1531 4117 1832 4189 περιτομῆς
1851 4119 1951 4187 ἁρ-

365 4206 499 4268 τίως
553 4208 858 4277 εἰρημένων
896 4207 1048 4272 λαοῦ,
1097 4206 1191 4270 οὓς
1244 4207 1506 4261 ἀπεκάλει
1554 4208 1811 4276 τυφλοὺς,
1855 4209 1951 4261 καὶ

2052 4025 2244 4094 ignem,
2270 4042 2370 4080 non
2403 4026 2748 4091 combureris,
2769 4028 2988 4096 ﬂamma
3015 4046 3118 4083 non
3153 4029 3419 4083 comburat
3438 4043 3505 4092 lc,
3519 4039 3624 4086 etc.

2120 4116 2276 4188 481
2318 4116 2540 4171 Diversa
2572 4128 2702 4173 sunt
2735 4119 2849 4172 haec
2879 4119 2946 4171 ab
2981 4119 3111 4182 illis,
3144 4117 3266 4189 qua:
3292 4119 3361 4173 de
3387 4118 3625 4174 circum-

2052 4209 2171 4262 ciso
2229 4210 2430 4278 populo
2467 4225 2638 4278 nuper
2686 4210 3034 4274 dicebantur,
3099 4225 3222 4265 cum
3279 4225 3455 4265 caacos
3507 4225 3622 4274 eos,

368 4297 609 4365 κωφοὺς,
637 4303 730 4352 καὶ
755 4301 1215 4371 διηρπασμένους.
1244 4300 1452 4353 Οὐκοῦν
1479 4300 1573 4353 νῦν
1595 4303 1621 4354 ό
1646 4301 1799 4368 λόγος
1820 4302 1946 4371 περὶ

2050 4302 2242 4356 surdos
2278 4310 2331 4355 et
2360 4303 2604 4372 direptos
2634 4302 2964 4356 nominaret.
2996 4299 3114 4354 Jam
3143 4302 3311 4371 igitur
3335 4317 3519 4357 sermo
3540 4315 3626 4356 est

366 4387 462 4440 τοῦ
497 4390 804 4460 κρείττονος
843 4392 1125 4461 τάγματος
1163 4393 1273 4446 τῶν
1298 4396 1361 4446 ἐκ
1389 4392 1689 4464 περιτομῆς
1718 4409 1944 4445 πιστευ-

2051 4394 2120 4447 de
2153 4396 2521 4462 prmstantiori
2555 4395 2648 4448 illo
2670 4395 3128 4449 circumcisorum
3149 4404 3320 4460 coetu,
3341 4395 3432 4463 qui
3467 4394 3622 4448 ﬁdi-ni

367 4480 597 4536 σάντων.
631 4482 693 4536 Εἰ
715 4483 824 4553 γὰρ
881 4484 1152 4549 κάκεῖνοι,
1184 4486 1340 4556 φησι,
1379 4483 1610 4542 τοιοῦτοι
1639 4486 1942 4553 γεγονότες,

361 4571 591 4625 τοιαῦτα
644 4574 1013 4639 πεπόνθασιν,
1082 4575 1200 4629 ἀλλ’
1272 4578 1430 4647 ὑμεῖς
1480 4579 1530 4630 oi
1596 4576 1686 4628 τὸν
1737 4577 1945 4628 ἑαυτῶν

367 4664 603 4733 ποιητὴν
629 4665 722 4717 καὶ
772 4665 1018 4734 πλάστην
1051 4667 1386 4733 ἐπιγνόντες,
1416 4665 1708 4731 ἀκούσατε,
1738 4666 1947 4735 ποίημά

360 4769 419 4803 τε
449 4755 541 4804 καὶ
564 4754 792 4822 πλάσμα
817 4755 876 4808 τὸ
905 4758 963 4808 ὲν
992 4757 1120 4826 ὑμῖν
1147 4761 1512 4828 τετηρηκότες
1546 4757 1848 4826 ἀλὼὅητον,
1871 4758 1947 4822 ὡς

359 4844 576 4906 οἰκείως
617 4845 836 4898 ἀκούειν
876 4847 1075 4901 Ἰακώϐ
1095 4865 1157 4901 τε
1208 4851 1304 4902 καὶ
1345 4849 1601 4916 Ἰσραήλ.
1637 4848 1778 4917 Ἐγὼ
1837 4851 1945 4920 γὰρ

359 4937 392 4986 ό
420 4934 686 5003 ποιήσας
747 4937 846 5007 μέν
879 4953 954 4991 σε
1002 4940 1144 4992 κατὰ
1204 4939 1381 5010 ψυχὴν
1434 4941 1531 5007 τὴν
1586 4940 1704 4993 κατ’
1762 4941 1945 4994 εἰκόνα

359 5027 762 5097 πεποιημένην,
819 5028 1065 5095 πλάσας
1095 5029 1152 5084 δέ
1189 5046 1284 5082 σου
1335 5035 1427 5084 καὶ
1453 5031 1511 5082 τὸ
1536 5032 1601 5083 ἐκ
1629 5033 1732 5100 γῆς
1783 5031 1943 5100 σῶμα

356 5112 584 5183 ληφθὲν.
617 5117 676 5180 ὃς
706 5121 798 5171 καὶ
838 5117 978 5188 αἷμα
1029 5121 1330 5191 παρασχὼν
1385 5123 1526 5192 ὑπὲρ
1583 5121 1678 5174 σοῦ
1706 5122 1766 5175 τὺ
1788 5122 1940 5192 ἐμὸν,

355 5204 792 5278 ἑλυτρωσάμην
853 5229 909 5263 σε
956 5213 1142 5282 κτῆμα
1205 5213 1334 5266 ἴδιον
1394 5214 1782 5284 ποιησάμενος.
1840 5210 1937 5266 Ὧν

352 5296 662 5367 ἠξιωμένος
693 5299 874 5369 βάδιζε
899 5303 964 5372 ἢν
983 5303 1276 5374 ὲκελεὺθης
1296 5305 1412 5358 ὁδὸν
1432 5304 1932 5375 εὐαγγελιζόμενος.

353 5389 474 5442 Κᾶν
500 5390 622 5443 ἁνθι
642 5392 809 5445 στῶσί
840 5411 1007 5459 τινες,
1028 5397 1228 5464 θάρῥει
1257 5398 1330 5466 μὴ
1361 5395 1585 5462 δεδιώς.
1628 5417 1645 5447 ι
1670 5397 1798 5449 Ἰδοὺ
1828 5398 1935 5466 γὰρ

423 5505 468 5537 ⁸³
510 5504 677 5560 lCor.
713 5524 766 5572 χ,
807 5509 894 5562 Η.
971 5511 1014 5542 ⁸³
1047 5508 1247 5565 Jerem.
1279 5526 1330 5574 γ,
1364 5511 1415 5563 5.

2046 4482 2283 4551 amplexi
2309 4492 2458 4537 sunt.
2499 4481 2557 4537 Si
2583 4484 2727 4537 enim
2755 4493 2809 4538 ct
2838 4483 2937 4547 illi,
2960 4483 3056 4546 ait,
3085 4484 3212 4552 quia
3247 4484 3384 4538 tales
3413 4492 3623 4542 essent.

2044 4573 2314 4642 ejusmodi
2351 4577 2496 4644 passi
2528 4585 2676 4640 sunt,
2701 4590 2799 4630 Vos
2832 4575 2931 4643 ipsi
2965 4575 3183 4638 saltem,
3219 4575 3312 4644 qui
3339 4572 3626 4628 Factorem

2046 4673 2286 4719 vestrum
2321 4667 2644 4737 agnovistis,
2697 4667 2915 4730 audite,
2965 4666 3172 4731 audite,
3232 4668 3476 4734 inquam,
3532 4667 3626 4737 qui

2044 4773 2184 4827 opus
2218 4759 2396 4826 ipsum
2442 4766 2496 4813 et
2547 4761 2891 4829 ﬁgmentum,
2925 4758 3073 4829 quod
3104 4758 3158 4812 in
3193 4758 3348 4812 vobis
3396 4767 3502 4823 est,
3554 4746 3625 4812 ita

2049 4853 2169 4905 sine
2213 4853 2334 4906 labe
2363 4854 2753 4916 conservastis,
2800 4862 2859 4905 ut
2909 4851 3176 4920 peculiari
3209 4850 3428 4906 nomine
3456 4849 3623 4904 Iacob

2045 4955 2094 4997 et
2127 4943 2304 4998 Israel
2327 4945 2582 5000 audiatis.
2618 4944 2730 5015 Ego
2755 4946 2901 5000 enim
2929 4961 3050 5000 sum
3080 4945 3170 5015 qui
3208 4945 3309 5012 feci
3341 4953 3410 5009 te,
3441 4945 3624 4998 animo

2044 5037 2262 5105 quidem
2312 5035 2378 5089 ad
2429 5052 2607 5089 uictum
2659 5039 2940 5106 exemplar
2973 5047 3026 5092 et
3070 5037 3136 5091 ad
3188 5038 3479 5107 imaginem
3525 5049 3621 5088 ex-

2045 5140 2272 5189 presso;
2312 5139 2544 5194 corpore
2585 5135 2762 5180 autem
2781 5129 2848 5182 de
2867 5136 3008 5182 terra
3042 5136 3222 5180 creato
3243 5137 3295 5181 et
3317 5131 3618 5192 assumpto.

2045 5214 2179 5284 Ego,
2236 5219 2478 5283 inquam,
2513 5218 2606 5284 qui
2639 5229 2692 5270 et
2719 5219 3040 5286 sanguinem
3077 5232 3256 5269 meum
3308 5224 3399 5267 tua
3447 5227 3616 5268 causa

2044 5304 2351 5369 etfnndcns,
2389 5307 2585 5360 redemi
2637 5317 2717 5371 te;
2753 5311 3137 5378 peculiumque
3162 5308 3430 5362 exsistere
3479 5307 3615 5362 mihi

2046 5398 2212 5451 volui.
2245 5398 2342 5453 llis
2374 5415 2503 5470 ergo
2537 5415 2631 5470 per
2667 5416 2752 5454 me
2782 5401 2980 5470 dignus
3022 5401 3263 5468 habitus,
3311 5415 3473 5474 perge
3502 5414 3614 5470 quo

1661 5601 1894 5656 V'ARIA‘Z
1933 5601 2335 5657 LECTIONES.

427 5665 454 5706 ⁸
482 5685 569 5734 γρ.
608 5669 907 5741 παθήματα
945 5672 1086 5745 ἆπῑρ
1128 5673 1302 5728 οὐδέν.
