4032 6218
3476 166 3505 177 -ι

497 244 639 308 2333
1837 235 2192 298 PROCOPII
2230 234 2474 296 GAZEI
3598 244 3722 308 233;

487 352 705 427 juheris
733 340 937 409 itinere
964 349 1238 423 proﬁcisci
1275 348 1626 419 Evangelium
1673 348 2066 417 depraedicans.

2181 343 2284 413 ἐγὼ
2338 345 2457 415 μεθ’
2507 344 2660 415 ὑμῶν
2706 346 2822 415 εἰμι
2875 346 3053 413 πάσας
3103 348 3201 415 τὰς
3249 350 3476 425 ἡμέρας,
3514 352 3607 419 ἕως
3633 360 3721 428 τῆς

493 445 653 513 Quod
707 447 753 502 si
809 446 1099 514 insurgant
1141 442 1412 507 nonnulli,
1449 440 1678 511 conﬁde,
1734 440 1872 495 nihil
1929 440 2075 511 quid

2190 437 2499 502 συντελείας
2519 436 2613 491 τοῦ
2645 437 2861 503 αἰῶνος.
2901 461 2919 492 ι
2946 441 3130 511 Μιμού
3139 460 3296 512 μενος
3320 443 3489 499 τοίνυν
3515 446 3624 515 ἐμὲ,
3644 464 3724 502 τον

494 556 659 612 quam
691 539 911 594 veritus.
949 555 968 588 ι
999 534 1142 591 Ecce
1173 534 1320 591 enim
1342 549 1445 606 ego
1469 534 1751 589 vobiscum
1786 547 1909 589 sum
1969 534 2075 587 dict

2188 528 2472 598 ἄλλαγμὰ
2486 547 2579 583 σου
2604 530 2666 583 τὺ
2688 527 2827 602 αἷμα
2846 532 2908 585 τὸ
2924 535 2948 586 ὲ
2956 534 3056 604 μὸν
3077 536 3455 606 ποιησάμενον,
3476 537 3725 609 ἄλλαγμα

494 647 687 689 omnes
716 630 785 684 ad
814 622 1349 685 consummationem
1381 640 1560 695 usque
1583 623 1794 679 saeculi.
1824 643 1843 676 ι
1871 622 1956 677 Me
1982 622 2075 692 igi-

2188 624 2350 691 γένου
2383 625 2479 677 καὶ
2506 624 2669 689 αὐτὸς
2721 624 2832 678 τῶν
2857 625 2947 680 διὰ
2972 626 3066 680 σού
3089 626 3429 698 καλουμένων
3456 629 3725 685 ἀσεϐεστά-

499 736 587 779 tor
619 723 890 786 inuitatus,
940 719 1035 790 qui
1085 717 1411 789 sanguinem
1459 732 1639 772 meum
1691 715 2075 785 redemptionit

2189 732 2298 769 των
2321 732 2380 768 τε
2418 716 2511 769 καὶ
2554 717 2716 788 μέχρι
2767 717 2876 773 τῶν
2924 719 3169 791 ἐσχάτων
3193 717 3475 772 οἰκούντων
3499 720 3590 790 τῆς
3616 723 3722 792 γῆς.

496 824 599 869 tuae
629 810 1074 879 propitiationem
1108 824 1232 864 esse
1272 808 1439 873 volui,
1483 805 1581 861 [ias
1611 814 1664 861 et
1696 811 1754 860 tu
1793 804 2075 873 impiorum

2188 799 2291 858 Ὧν
2326 807 2431 860 τῶν
2464 808 2564 876 μὲν
2589 811 2921 877 Αἰγύπτιοι,
2948 809 3056 863 τῶν
3084 810 3140 863 δὲ
3174 810 3446 877 Αἰθίοπές
3481 830 3535 865 τε
3579 815 3663 866 καὶ
3681 816 3724 867 οί

493 901 844 972 propitiatio,
884 899 979 970 qui
1020 914 1119 968 per
1176 907 1226 954 te
1258 898 1459 961 vocati,
1489 895 1556 950 ad
1596 902 1888 950 extremas
1936 892 2075 947 orbi:

2184 901 2283 969 τὴν
2314 899 2562 968 Συήνην
2613 902 2885 965 οἰκοῦντες
2931 902 3306 974 παράδειγμα.
3361 904 3515 958 Σαϐὰ
3539 905 3592 958 δὲ
3617 908 3722 959 ἀντὶ

496 1004 682 1065 partes
705 999 1079 1064 propagentur
1101 1009 1115 1046 :
1142 1006 1378 1060 quorum
1397 988 1495 1043 tibi
1514 986 1828 1056 exemplum
1845 982 2075 1055 Egypti

2185 990 2396 1059 Συήνης
2415 989 2683 1054 ἐξέδωκαν
2698 994 2745 1072 οι
2765 992 2939 1046 λοιποί
2966 1009 2980 1023 ’
3000 992 3141 1047 οὕτω
3169 996 3276 1065 γὰρ
3309 994 3627 1063 ἐδυξὰσθης
3653 997 3716 1050 δι’

495 1086 602 1156 ipsi
628 1084 1034 1156 «Ethiopesque,
1054 1092 1110 1139 ct
1138 1084 1228 1153 qui
1260 1083 1466 1153 Syenen
1500 1080 1771 1145 incolunt,
1807 1079 1890 1133 vel
1919 1077 2067 1133 Saba

2182 1078 2427 1148 ἀγάπην
2458 1081 2616 1150 ἐμὴν
2642 1082 2724 1149 ὠς
2747 1082 2844 1137 διὰ
2867 1082 2984 1137 σοῦ
3012 1086 3219 1149 πάντας
3252 1085 3532 1156 κληθῆναι.
3582 1087 3725 1141 Σαϐὰ

494 1188 559 1253 ut
582 1180 767 1235 caeteri
791 1178 1216 1243 transtulerunt,
1241 1175 1406 1248 482
1437 1188 1561 1230 esse
1592 1179 1818 1244 queant.
1842 1170 2075 1225 Tantum

2181 1170 2239 1223 δὲ
2271 1170 2423 1235 ἔθνος
2467 1172 2739 1227 Αἰθιόπων
2790 1169 2851 1228 οὗ
2882 1175 2914 1245 ἡ
2949 1172 3236 1244 βασίλισσα
3286 1177 3422 1248 πρὸς
3462 1177 3727 1248 Σολομῶνα

493 1273 638 1327 enim
670 1288 701 1326 a
735 1287 841 1337 me,
869 1288 965 1341 pro
994 1286 1118 1324 mea
1146 1269 1201 1323 in
1250 1277 1298 1322 te
1343 1267 1699 1321 benevolentia
1742 1264 2075 1336 gloriﬁcatua

2181 1262 2541 1332 παρεγένετο.

492 1381 546 1419 es
568 1404 583 1429 ,
632 1374 692 1419 nt
735 1372 967 1418 catcros
1006 1377 1198 1417 omnes
1233 1374 1327 1428 per
1360 1367 1412 1414 te
1444 1356 1632 1412 vocari
1661 1355 1952 1411 voluerim.
1988 1350 2084 1406 Est
2124 1366 2255 1408 vero
2281 1362 2331 1407 et
2365 1352 2510 1407 Saba
2557 1369 2694 1425 gens
2732 1355 2825 1410 illa
2853 1355 3167 1428 (Ethiopian,
3229 1373 3295 1414 ex
3360 1373 3468 1429 qua
3510 1358 3724 1430 reginam

493 1455 562 1509 ad
598 1453 947 1511 Salomonem
979 1468 1103 1509 esse
1140 1449 1446 1531 profectam
1479 1449 1715 1521 legimus
1746 1448 1810 1501 ι’.

570 1546 676 1603 Eos
704 1547 874 1617 igitur
894 1561 1106 1611 omnes,
1130 1558 1242 1615 prte
1272 1550 1346 1607 te,
1377 1544 1462 1599 vel
1484 1558 1583 1612 pro
1617 1549 1693 1610 te,
1717 1537 2071 1610 inquit,mihi

2252 1533 2488 1598 Τούτους
2514 1530 2606 1590 οὖν
2635 1537 2776 1607 ὑπὲρ
2803 1536 2920 1603 σού,
2949 1536 2982 1609 ἢ
3008 1537 3124 1592 ἀντὶ
3148 1536 3267 1603 σοῦ,
3296 1538 3499 1603 πάντας
3519 1539 3729 1609 ἐκτησά-

492 1609 791 1708 assumpsi.
824 1639 893 1691 At
920 1636 1044 1701 illos
1062 1609 1202 1691 male
1224 1609 1582 1706 perdam,qui
1608 1609 1728 1698 tibi,
1750 1609 1868 1689 sive
1899 1630 2075 1703 pepuli

2193 1637 2322 1692 μην.
2390 1621 2666 1677 Ἀπολέσω
2698 1623 2755 1677 δὲ
2797 1626 2947 1700 τοὺς,
2987 1626 3393 1697 πολεμήσοντας
3450 1644 3507 1681 σε
3555 1628 3637 1682 διὰ
3678 1628 3728 1681 τὸ

493 1730 607 1785 sive
624 1729 891 1799 principes
908 1728 1204 1791 exsistant,
1224 1725 1630 1797 praedicationis
1648 1723 1869 1779 nomine
1886 1718 2077 1775 adver-

493 1823 606 1878 sari
636 1822 935 1879 audebunt.
966 1819 1189 1890 Conﬁde
1214 1834 1368 1890 ergo.
1396 1819 1534 1874 Nam
1559 1817 1748 1887 etipse
1764 1814 1905 1886 ﬁlios
1935 1820 2074 1874 tuos,

493 1930 648 1985 quos,
684 1913 796 1968 Deo
827 1912 1158 1981 cpitulante,
1180 1926 1278 1981 per
1306 1911 1496 1965 orbem
1526 1907 1847 1962 universum
1876 1917 2076 1974 propa-

493 2013 660 2075 gastt,
691 2004 747 2058 in
781 2018 956 2058 meam
1003 2004 1285 2058 caelestem
1332 2002 1611 2056 civitatem
1669 1998 1935 2055 sublimes
1981 2009 2076 2066 per

492 2111 674 2150 acrem
710 2094 974 2164 angelicis
1007 2093 1330 2156 virtutibus,
1362 2090 1626 2163 tanquam
1672 2089 1898 2160 pennis,
1943 2086 2076 2141 sub-‘

496 2191 655 2243 nixos
709 2185 1062 2257 congregabo.
1118 2185 1270 2241 Meos
1324 2186 1494 2249 enim,
1541 2184 1702 2253 quia
1752 2180 1907 2236 vobis
1960 2172 2075 2233 nati

493 2280 965 2347 regenerationem
998 2276 1054 2330 in
1087 2275 1334 2331 Ecclesia
1376 2275 1561 2345 adepti
1596 2280 1746 2338 sunt,
1778 2270 1922 2340 ﬁlios
1952 2282 2076 2324 esse

492 2370 649 2435 volo;
677 2376 732 2423 cl
764 2366 1114 2422 Christianos
1145 2381 1339 2421 omnes
1367 2365 1435 2419 de
1464 2380 1578 2418 meo
1611 2362 1823 2418 nomine
1861 2372 2077 2414 nuncu-

492 2460 634 2532 pari,
663 2459 793 2532 quia
832 2458 1093 2513 Christus
1124 2441 1243 2526 ipse
1273 2470 1418 2518 sum,
1449 2468 1612 2522 quem
1647 2451 1804 2506 vobis
1842 2451 1943 2503 ista
1982 2462 2077 2518 per

494 2552 817 2624 prophetam
869 2550 1264 2603 vaticinantem
1309 2546 1532 2600 auditis.
1566 2545 1638 2597 At
1695 2557 1807 2613 quo
1852 2541 1975 2596 loco
2020 2540 2076 2593 in

491 2644 722 2714 gloriam
752 2656 927 2695 meam
963 2638 1399 2708 pra'paravieum
1426 2635 1718 2699 habemus,
1748 2630 1842 2687 alii
1874 2631 1929 2685 in
1958 2630 2075 2701 glo-

492 2735 633 2788 riam
682 2748 852 2786 meam
896 2729 1071 2784 creavi
1104 2744 1227 2783 eum
1279 2729 1755 2796 interpretantur:
1787 2723 2075 2787 nimirum,

495 2835 555 2879 ut
583 2840 689 2889 me,
717 2823 809 2895 qui
844 2837 941 2893 per
972 2835 1067 2876 vos
1100 2828 1186 2877 est
1212 2827 1440 2875 vocatus
1466 2817 1704 2888 populus
1729 2815 2072 2887 gloriﬁcam-

493 2918 678 2989 ipsum
733 2916 907 2982 enim,
964 2929 1089 2969 cum
1148 2912 1402 2968 moribus
1453 2918 1599 2966 esset
1650 2907 2070 2977 incompositis,

491 3008 811 3080 eﬂ‘ormavi,
865 3014 921 3060 et
967 3020 1092 3059 cum
1144 3004 1197 3058 in
1249 3000 1574 3074 ignorantiae
1620 2997 1861 3054 tenebris
1916 3004 2074 3050 antea

491 3108 828 3164 versaretur,
860 3100 913 3150 in
952 3097 1120 3163 lucent
1151 3092 1334 3148 eduxi.
1366 3089 1690 3162 Cuiusmodi
1717 3096 1894 3158 gentes
1945 3088 2077 3157 ipsa:

492 3191 854 3251 exstiterunt,
878 3202 1019 3256 quas
1059 3185 1113 3238 in
1153 3200 1308 3240 suam
1338 3183 1638 3238 Ecclesiam
1662 3182 1887 3236 coivisse
1917 3181 2073 3241 dicit,

493 3296 560 3335 ex
585 3278 786 3349 quibus
814 3286 869 3331 et
894 3276 1156 3346 principes
1189 3273 1242 3326 iu
1271 3272 1365 3325 Dei
1392 3271 1593 3342 populo
1613 3269 1899 3325 constituti
1924 3278 2073 3325 sunt.

496 3371 725 3437 Deinde,
774 3382 1036 3439 tanquam
1069 3381 1283 3429 eorum,
1321 3379 1443 3433 qua:
1468 3362 1805 3416 vaticinatus
1844 3369 1949 3424 est,
1979 3361 2077 3415 ad-

495 3463 787 3518 miratione
816 3459 1078 3530 propheta
1109 3466 1399 3526 caperetur
1421 3475 1430 3507 :
1450 3453 1586 3520 Qui:
1617 3459 1721 3517 est,
1752 3453 1949 3521 inquit,
1978 3455 2074 3523 qui

495 3552 917 3628 praedictionum
954 3549 1184 3604 istarum
1215 3544 1589 3600 eventus'suis
1624 3544 1804 3598 oculis
1835 3558 2074 3613 usurpa-

2182 1714 2469 1785 κήρυγμα,
2489 1714 2651 1780 λαούς
2666 1732 2724 1769 τε
2744 1718 2838 1770 καὶ
2859 1716 3195 1799 ἄρχοντας..
3211 1719 3420 1789 Θάρρει
3445 1718 3725 1792 τοιγαροῦν.

2184 1804 2294 1858 Καὶ
2325 1806 2393 1860 τὰ
2423 1805 2491 1858 σὰ
2520 1805 2627 1877 γὰρ
2683 1806 2885 1872 τέκνα,
2908 1808 2946 1862 ἁ
2972 1810 3112 1864 κατὰ
3162 1809 3296 1863 Θεὸν
3346 1810 3587 1883 σπείρας,
3623 1811 3729 1865 καθ’

2181 1896 2312 1966 ὅλης
2328 1898 2426 1966 τῆς
2451 1900 2777 1970 οἰκουμένης
2801 1901 3118 1971 ἐγέννησας,
3141 1904 3222 1965 είς
3243 1903 3398 1957 πόλιν
3425 1920 3521 1974 μου
3543 1902 3729 1968 συνάξω

2183 1988 2280 2059 τὴν
2313 1991 2657 2061 ἐπουράνιον,
2704 1992 3013 2063 μετεώρους
3040 1995 3107 2047 δι’
3129 1995 3289 2065 ἀέρος
3313 1995 3638 2061 ἀναλαϐὼν,
3665 1992 3728 2060 ὡς

2185 2083 2406 2150 πτηνοῖς
2437 2082 2972 2155 ύποκουφιζομένους
3003 2087 3248 2157 ἀνέμοις,
3282 2092 3403 2151 ταῖς
3438 2087 3725 2156 ἁγγελικαίς

2182 2172 2425 2250 δηλονότι
2478 2173 2760 2244 δυνάμεσι.
2817 2178 2955 2242 Τοὺς
2997 2178 3066 2232 δι’
3095 2179 3250 2247 ὑμῶν
3302 2180 3413 2251 γὰρ
3466 2178 3725 2250 τεχθέντας

2185 2265 2353 2335 ἐμοὺς
2391 2262 2535 2321 εἶναι
2563 2268 2784 2336 παῖδας
2816 2271 3091 2340 ὁρίζομαι,
3129 2272 3225 2342 τῆς
3248 2275 3308 2326 ἐν
3343 2272 3626 2342 Ἐκκλησία
3645 2287 3725 2322 τυ-

2183 2355 2379 2426 χόντας
2428 2361 2864 2432 ἀναγεννήσεως,
2898 2363 2948 2416 οἳ
2983 2364 3075 2418 καὶ
3108 2363 3189 2429 τῷ
3226 2363 3351 2432 ἐμῷ
3402 2364 3728 2434 κληθήσονται

2184 2450 2386 2513 πάντες
2412 2451 2654 2520 ὀνόματι
2691 2455 3008 2523 Χριστιανοὶ
3043 2456 3585 2527 προσαγορευόμενοι.
3613 2456 3727 2523 Χρι-

2186 2541 2308 2604 στος
2330 2540 2438 2614 γὰρ
2465 2545 2494 2596 ὁ
2519 2544 2691 2598 ταῦτα
2733 2545 2821 2599 διὰ
2847 2546 2943 2600 τοῦ
2973 2548 3255 2618 προφήτου
3289 2548 3565 2611 θεσπίσας.
3605 2545 3730 2599 ’Δντὶ

2183 2632 2240 2687 δὲ
2269 2634 2384 2699 τοῦ,
2411 2635 2483 2707 ἐν
2501 2636 2609 2707 γὰρ
2623 2637 2695 2706 τῇ
2719 2636 2870 2705 δόξῃ
2894 2655 3013 2708 μου
3032 2620 3428 2693 εἱατέσπευσα
3462 2637 3479 2677 1
3528 2637 3693 2692 αὐτόν
3713 2650 3728 2667 ⁸

2183 2728 2270 2790 εις
2290 2724 2406 2792 τὴν
2427 2725 2618 2791 δόξαν
2630 2745 2750 2796 μου
2778 2728 2995 2783 ἐκτισα
3023 2730 3231 2796 αὐτὸν,
3262 2729 3533 2796 ἐξέδωκαν
3563 2729 3609 2781 οἱ
3633 2726 3723 2779 λοι·

2186 2815 2296 2868 ποί.
2347 2814 2434 2880 Ὧς
2459 2817 2526 2871 ἂν
2555 2819 2603 2870 οι
2625 2829 2666 2857 ω
2698 2817 2766 2871 δι’
2793 2819 2947 2889 ὑμῶν
3002 2820 3223 2890 κληθεὶς
3273 2819 3488 2889 δοξάζῃ
3512 2836 3573 2891 με
3602 2817 3726 2879 λαός.

2188 2909 2473 2965 Ἐπλασα
2495 2911 2606 2983 γὰρ
2631 2912 2793 2967 αὐτὸν
2843 2913 3118 2968 ἄπλαστον
3142 2914 3273 2969 ὅντα
3329 2917 3443 2980 τοῖς
3510 2914 3727 2985 τρόποις,

2182 3000 2448 3069 ἐφώτισά
2502 3020 2560 3056 τε
2612 3003 2791 3075 σκότῳ
2842 3005 2943 3075 τῆς
2972 3006 3192 3074 ἀγνοίας
3211 3005 3729 3075 τυφλῶττοντα.Τοιο

2183 3089 2323 3144 αὔτα
2345 3091 2399 3143 δὲ
2433 3091 2502 3144 τὰ
2532 3091 2701 3160 ἔθνη,
2730 3092 2767 3148 ἃ
2793 3094 2931 3165 πρὸς
2957 3095 3055 3165 τὴν
3086 3095 3224 3150 ίδίαν
3259 3096 3580 3167 Ἐκκλησίαν
3609 3108 3730 3148 συν-

2183 3180 2368 3250 ῆχθαι
2421 3200 2609 3254 φησιν,
2669 3185 2728 3251 ἐξ
2758 3180 2833 3241 ὧν
2882 3187 2977 3242 καὶ
3020 3187 3314 3258 ἄρχοντες
3365 3191 3455 3243 ἐπὶ
3493 3190 3578 3242 τιν
3625 3187 3728 3240 tam

2184 3273 2525 3344 κατέστησαν
2576 3277 2669 3330 τοῦ
2713 3276 2871 3332 Θεοῦ.
2930 3276 3063 3334 Εἶτα
3087 3283 3116 3335 ὁ
3144 3284 3437 3354 προφήτης
3486 3281 3728 3350 θαύματος

2183 3365 2269 3432 ἐφ’
2295 3360 2377 3427 οἷς
2398 3364 2652 3419 ἐθέσπισε
2684 3367 3018 3439 πληρωθεὶς,
3045 3372 3140 3436 Τίς
3169 3370 3280 3442 ἄρα
3308 3373 3485 3435 ἔσται,
3516 3372 3679 3441 φησιν,
3703 3369 3728 3419 ὁ

2186 3455 2393 3524 μέλλων
2449 3458 2579 3510 ποτὲ
2608 3458 2813 3512 τούτων
2835 3461 2944 3514 τῶν
2969 3465 3318 3533 πραγμάτων
3341 3465 3631 3535 ὀφθαλμοῖς
3645 3461 3728 3523 τὰς

2184 3550 2439 3615 ἐκῗὰσεις
2496 3553 2669 3623 ορᾷν,
2722 3556 2816 3608 καὶ
2870 3555 2980 3609 τῶν
3022 3557 3497 3630 ’ἀποτελεσμάτων
3537 3555 3712 3611 ἐσεσθα

495 3658 678 3708 turus,
735 3642 986 3711 testisque
1020 3638 1241 3693 futurus
1278 3636 1385 3692 sit?
1435 3633 1817 3705 Iusti/iocatur
1871 3635 1963 3706 qui
2000 3644 2075 3688 tc-

2181 3640 2411 3710 μάρτυς
2437 3660 2456 3708 ;
2479 3645 2973 3715 Δικαιωθήτωσαν
2982 3648 3482 3719 μαρτυρήσαντες
3507 3658 3550 3711 ⁸,
3568 3646 3726 3715 ἐπειδὴ

494 3735 809 3792 alimonium
840 3731 1003 3786 laturi
1031 3739 1194 3795 sunt;
1218 3729 1480 3800 quoniam
1500 3727 1684 3797 etipse
1714 3727 1867 3781 testis
1883 3740 2073 3780 eorum

494 3827 717 3882 futurus
747 3838 892 3891 sum,
923 3832 973 3878 et
1004 3822 1173 3892 ﬁlius,
1207 3835 1359 3890 quem
1389 3818 1555 3888 elegi;
1586 3817 1654 3872 de
1682 3833 1792 3888 quo
1815 3818 2031 3873 dicebat
2056 3835 2070 3870 :

501 3935 521 3970 ι
558 3916 699 3972 Ecce
749 3930 883 3987 puer
937 3928 1117 3981 meus,
1148 3927 1308 3982 quem
1341 3911 1476 3983 elegi
1512 3909 1578 3970 “.
1619 3929 1638 3961 ι
1676 3909 1820 3975 Quin
1866 3917 1922 3965 et
1952 3908 2070 3964 Sal-

391 4047 400 4055 .
493 4016 651 4062 vatur
678 4014 867 4062 noster
891 4005 967 4059 ait
1001 4020 1017 4058 :
1055 4024 1074 4054 ι
1111 4000 1213 4069 Qui
1243 4001 1536 4057 confessus
1565 4015 1653 4055 me
1690 4000 1856 4054 luerit.
1886 4014 2072 4054 coram

494 4095 832 4162 hominibus,
884 4092 1186 4148 conﬁtebor
1212 4100 1269 4148 ct
1307 4092 1461 4146 illum
1507 4105 1691 4146 coram
1728 4088 1888 4144 Patre
1928 4103 2070 4155 meo,

493 4188 588 4257 qui
628 4188 681 4240 in
720 4186 881 4241 cretis
916 4196 1001 4239 est
1032 4183 1096 4237 ι’.
1141 4202 1161 4235 ι
1193 4181 1273 4236 Ad
1309 4183 1529 4236 eosdem
1576 4179 1796 4234 dicebat
1826 4195 2021 4234 rursus
2052 4195 2066 4231 :

500 4302 519 4334 ι
561 4280 671 4336 Vos
702 4279 864 4336 eritis
900 4278 1033 4332 mihi
1067 4284 1238 4331 testes
1270 4274 1324 4328 in
1371 4272 1616 4334 Galilma,
1650 4279 1705 4325 et
1757 4270 1813 4326 in
1860 4268 2069 4332 Judtea,

494 4383 550 4427 et
586 4370 1011 4440 liicrosolymis,
1065 4375 1118 4421 et
1165 4365 1233 4420 ad
1271 4373 1549 4420 extremos
1577 4364 1732 4420 orbis
1764 4378 1939 4433 usque
1972 4372 2081 4417 ter-

496 4461 678 4515 minos
712 4458 777 4514 “.
819 4476 837 4509 ›
862 4456 993 4511 Utro
1016 4463 1220 4519 autem,
1253 4454 1349 4516 ait,
1382 4452 1603 4522 faciant,
1634 4461 1888 4520 testesque
1917 4467 2080 4513 meos,

496 4562 548 4607 et
570 4552 797 4607 Puerum
826 4566 1019 4615 meum,
1057 4564 1210 4618 quem
1236 4548 1392 4617 elegi,
1424 4547 1639 4600 mittam
1675 4543 1840 4616 483
1866 4544 2083 4598 cunctis

499 4645 840 4709 hominibus,
898 4654 955 4697 ut
1008 4643 1214 4702 sciatis.
1257 4650 1308 4695 et
1351 4638 1621 4704 credatis,
1671 4649 1721 4691 et
1767 4636 2081 4705 intelligatt’s

495 4736 622 4805 quia
652 4750 742 4804 ego
788 4750 934 4797 sum,
968 4741 1022 4786 et
1059 4730 1334 4802 principio
1367 4743 1588 4790 carens,
1628 4736 1683 4782 et
1713 4727 1866 4782 solus
1914 4724 2079 4780 Deus.

496 4827 633 4881 Nam
695 4833 750 4878 et
784 4824 1043 4880 Christus
1103 4824 1245 4892 ipse,
1290 4828 1345 4875 et
1403 4819 1638 4890 apostoli
1696 4820 1984 4875 scientiam
2019 4818 2083 4874 de

500 4920 633 4987 Deo,
661 4916 906 4989 ejusdem
940 4914 1120 4986 fidem.
1156 4922 1214 4970 et
1241 4911 1492 4968 netitiam
1540 4911 1950 4969 annuntiarunt.
1988 4911 2085 4965 Est

496 5027 628 5068 vero
663 5011 801 5066 Deus
829 5025 995 5074 unus,
1029 5007 1191 5062 Pater
1211 5006 1351 5078 ipse,
1383 5018 1485 5088 nec
1515 5004 1679 5059 aliam
1710 5005 1779 5060 ab
1815 5019 1881 5060 eo
1903 5004 2083 5059 virtu-

498 5114 607 5158 tem
647 5101 999 5175 peculiariter
1023 5099 1242 5155 obtinet
1266 5091 1539 5162 qttiFilius
1563 5104 1666 5153 est.
1693 5095 1916 5167 Ut'ergo
1935 5095 2083 5151 testis

2181 3732 2337 3801 κάγὼ
2378 3733 2613 3805 μάρτυς
2659 3738 2843 3790 αὐτῶν
2885 3742 3225 3811 γενήσομαι,
3267 3742 3371 3797 καὶ
3423 3746 3457 3796 ὁ
3497 3740 3627 3806 παῖς
3673 3737 3733 3792 ὃν

2181 3824 2580 3897 ἐξελεξάμην.
2611 3828 2747 3899 Περὶ
2777 3824 2946 3902 οὗπερ
2969 3830 3155 3901 ἔλεγεν
3180 3848 3196 3863 ⁸
3239 3853 3256 3884 ι
3283 3834 3417 3888 Ἰδοὺ
3445 3836 3472 3887 ὀ
3500 3834 3619 3895 παῖς
3646 3846 3729 3900 μου

2182 3918 2241 3969 ὃν
2294 3920 2543 3990 ᾑρέτισα.
2574 3939 2593 3970 ι
2621 3921 2733 3974 Καὶ
2752 3924 2781 3974 ὁ
2810 3923 2998 3995 Σωτὴρ
3023 3923 3079 3977 δέ
3115 3942 3279 3996 φησιν
3304 3943 3317 3956 ·
3362 3945 3382 3978 ι
3411 3928 3509 3990 ὐς
3538 3926 3598 3979 ἂν
3620 3925 3729 3992 ὀμο-

2183 4007 2464 4077 λογήσειεν
2487 4012 2610 4081 ἐμοὶ
2636 4012 2949 4083 ἔμπροσθεν
2966 4017 3074 4069 τῶν
3096 4017 3422 4089 ἀνθρώπιον,
3443 4018 3729 4090 ὁμολογήσω

2182 4100 2338 4169 κάγὼ
2358 4104 2417 4155 ἐν
2450 4104 2599 4175 αύτῷ
2631 4103 2940 4176 ἔμπροσθεν
2993 4107 3087 4161 τοῦ
3138 4109 3383 4180 Πατέρος
3420 4127 3541 4181 μου,
3569 4107 3653 4162 τοῦ
3677 4107 3723 4158 ὲν

2181 4195 2294 4255 τοῖς
2339 4192 2607 4264 οὐρανοῖς.
2641 4214 2660 4245 ι
2709 4196 2853 4267 Πρὸς
2889 4196 2982 4260 οὓς
3039 4198 3244 4268 ἔφασκε
3275 4201 3477 4254 πάλινο
3514 4218 3533 4251 ‹
3571 4198 3725 4267 Ὑμεῖς

2116 4321 2156 4374 D
2181 4281 2238 4374 δε
2270 4280 2459 4374 ἔσεσθέ
2529 4301 2620 4354 μοι
2671 4287 2949 4358 μάρτυρες
2976 4289 3033 4341 ἔν
3061 4307 3120 4344 τε
3151 4293 3216 4361 τῇ
3245 4291 3526 4363 Γαλιλαίᾳ,
3577 4286 3728 4354 καὶτῇ

2194 4371 2443 4444 Ἰουδαίᾳ..
2500 4378 2595 4429 καὶ
2623 4380 2688 4448 τῇ
2730 4379 3107 4451 Ἰερουσαλὴμ,
3132 4384 3226 4436 καὶ
3249 4383 3359 4448 ἕως
3384 4385 3606 4454 ἐσχάτου
3647 4379 3729 4447 τῆς

2183 4465 2305 4534 γῆςο
2344 4483 2362 4515 ι
2401 4466 2592 4520 Ταῦτα
2620 4469 2699 4531 δὲ,
2727 4472 2881 4542 φησι,
2906 4473 3161 4541 ποιήσω,
3190 4476 3443 4543 καὶτοὺς
3461 4470 3731 4546 μάρτυράς

2177 4572 2319 4623 μου,
2355 4556 2454 4610 καί
2481 4557 2587 4611 τὸν
2607 4559 2797 4615 nam
2818 4580 2963 4631 μου,
2987 4563 3063 4617 ὃν
3096 4564 3493 4636 ἐξελεξάμην,
3524 4567 3728 4618 ἀποστε-

2179 4646 2257 4699 λῶ
2284 4650 2450 4701 πᾶσιν
2478 4649 2809 4720 ἀνθρώποις,
2830 4654 2932 4708 ἵνα
2967 4655 3175 4723 γνῶτε,
3227 4659 3325 4712 καὶ
3374 4657 3726 4719 πιστεύσητε.

2191 4739 2280 4793 cal
2314 4739 2570 4808 συνῆτε,
2597 4742 2684 4796 ὅτι
2721 4745 2836 4814 ἐγὼ
2861 4746 3096 4818 ἄναρχός
3145 4766 3203 4802 τε
3255 4751 3349 4803 καὶ
3385 4751 3542 4819 μόνος
3589 4745 3726 4809 Θεό(-

2183 4835 2294 4887 Καὶ
2321 4835 2555 4906 Χριστὸς
2578 4836 2710 4908 γὰρ,
2748 4839 2842 4890 και⁵
2872 4839 3159 4893 ἀπόστολοι
3175 4840 3273 4911 τὴν
3306 4840 3414 4895 τοῦ
3443 4839 3584 4894 Θεοῦ
3614 4833 3731 4905 γνῶ·

2184 4943 2270 4979 σιν
2316 4927 2647 4996 ἐκήρυξαν,
2676 4931 2887 4984 πίστιν
2918 4948 2974 4984 τε
3021 4933 3115 4984 καὶ
3143 4930 3240 5000 τὴν
3277 4934 3407 5004 περὶ
3439 4929 3595 4986 αὑτοῦ
3625 4926 3729 4978 σύν-

2184 5032 2324 5068 εσιν.
2358 5011 2452 5081 Εἷς
2472 5018 2531 5071 δὲ
2567 5021 2703 5085 Θεὸς
2734 5021 2763 5073 ὁ
2789 5021 2997 5092 Πατὴρ,
3031 5021 3130 5091 οὐχ
3150 5021 3346 5093 ἐτέρας
3385 5020 3551 5092 οὔσης
3587 5010 3730 5071 αὐτοῦ

2178 5108 2279 5176 τῆς
2310 5107 2447 5172 ἰδίας
2499 5110 2785 5181 δυνάμεως
2824 5113 2882 5176 ὃς
2914 5115 3061 5167 ἔστιν
3098 5113 3127 5165 ὁ
3159 5114 3306 5178 Υἱός.
3356 5110 3644 5184 Τοιγαροῦν
3667 5105 3730 5167 ὡς

498 5205 581 5250 est
615 5197 729 5266 ipse
754 5194 915 5250 Pater
950 5201 1005 5249 ct
1037 5190 1179 5247 Deus
1220 5188 1504 5256 Salvator,
1539 5188 1613 5244 ita
1630 5190 1681 5240 et
1699 5182 1895 5254 Filius,
1927 5203 2075 5258 quem

2181 5197 2411 5268 μάρτυς
2430 5202 2458 5253 ὁ
2485 5201 2675 5273 Πατὴρ
2710 5204 2805 5258 καὶ
2836 5203 2979 5271 Θεὸς
3008 5202 3229 5272 σώζων,
3257 5203 3401 5261 οὕτω
3423 5182 3726 5263 xui-611630

497 5285 671 5352 elegit.

2181 5289 2257 5342 ὃν
2276 5291 2349 5356 ἐξ
2351 5290 2625 5356 ελέξατο.

572 5397 617 5428 u
660 5397 725 5454 ιιι
756 5396 925 5469 ’ῃρεε
962 5415 1016 5463 χ,
1059 5398 1084 5451 ί
1119 5412 1275 5468 seqq,
1340 5395 1384 5426 ἰ
1404 5393 1511 5448 lsa.
1548 5409 1682 5460 xui,
1720 5394 1772 5448 l.
1853 5396 1897 5428 ³⁸
1935 5397 2075 5456 Mattl

2181 5419 2213 5471 .',
2248 5405 2337 5460 52.
2418 5407 2462 5439 ¹⁶
2497 5408 2619 5463 Act.
2652 5423 2688 5474 ι,
2721 5408 2774 5463 8.

1809 5509 1894 5564 VA
1906 5508 2044 5567 ΒΙΑΞ
2084 5512 2484 5575 LECTIONES.

526 5642 545 5647 -
573 5635 705 5693 ιιγρ,
747 5624 1149 5681 κατεσκεύασα.
1223 5635 1262 5664 ιιι
1307 5643 1396 5693 γρ.
1439 5625 1485 5678 ὸ.
1562 5633 1588 5661 ’³
1630 5625 1713 5677 τσο
1761 5630 2224 5700 μαρτυρήσοντεςο
