4032 6218
361 412 498 477 £385

1486 416 2017 479 COMMENTARII
2054 418 2136 479 IN
2178 419 2463 479 ISAIAM.

3468 413 3609 485 2386

431 522 632 593 Διόπερ
651 522 708 576 ἐν
742 522 948 593 ἑτέροις
978 522 1008 575 ό
1038 520 1227 594 παρὼν
1258 527 1544 597 προφήτης
1570 527 1735 599 φησι·
1775 547 1793 578 ι
1824 528 1933 582 Καὶ

2105 528 2289 599 ltaque
2328 536 2381 584 et
2408 527 2534 582 alibi
2562 528 2643 582 sic
2673 527 2917 599 loquitur
2958 539 3144 585 noster
3177 529 3265 584 hic
3302 531 3561 600 prepheta
3591 544 3607 582 :

359 613 649 669 ἀποστελεί
677 613 880 685 Κύριος
908 613 1092 677 αὐτοῖς
1121 617 1362 686 σωτῆρα,
1399 616 1459 678 ὃς
1513 614 1676 670 σώσει
1715 617 1932 681 αὐτούς.

361 706 582 778 Κρίνων
608 706 771 759 σώσει
789 706 1004 769 αύτούς.
1028 725 1047 758 ι
1083 706 1228 760 Ἀντὶ
1252 708 1309 761 δὲ
1324 709 1417 762 τοῦ
1447 707 1746 771 ὠνείδισα,
1764 710 1937 778 ἠκού-

364 798 504 852 τισά
535 813 699 867 φασιν
721 798 770 850 οἱ
800 796 999 851 λοιποί.
1044 798 1309 853 Ἀκουστὰ
1328 801 1437 869 γὰρ
1464 799 1638 854 ταῦτα
1668 802 1935 871 κατέστη-

281 924 298 941 .
366 906 434 942 σα
459 886 748 957 προλαϐὼν
776 888 964 955 μόνος
1006 887 1081 941 ὣν
1129 890 1186 941 ὲν
1236 889 1367 957 ὑμῖν
1396 888 1562 955 θεὸς,
1617 889 1712 943 καὶ
1763 889 1939 953 οὐδεὶς

365 978 569 1045 παρῆν
608 994 707 1045 μοι
766 977 945 1042 ξένος
992 978 1162 1031 ταῦτα
1196 979 1507 1043 θεσπίζοντι
1534 980 1622 1034 διὰ
1646 981 1752 1034 τῶν
1790 983 1939 1051 ὲμῶν

363 1051 661 1141 προφητῶν
684 1110 699 1134 ,
742 1068 820 1133 ὡς
866 1070 1037 1138 ὑμεῖς
1084 1071 1254 1125 αὐτοὶ
1294 1072 1579 1141 γεγόνατε
1620 1073 1936 1141 μάρτυρες.

361 1160 607 1231 Μάρτυς
637 1160 695 1215 δὲ
723 1160 906 1230 κάγὼ,
938 1161 1037 1215 καὶ
1087 1164 1121 1215 ό
1163 1161 1306 1229 Παῖς
1351 1166 1385 1217 ό
1433 1165 1594 1233 ἐμός.
1633 1165 1807 1234 Συνῆν
1831 1166 1940 1234 γάρ

366 1270 459 1326 μοι
489 1250 819 1317 θεσπίζοντι,
873 1253 979 1323 πρὸ
1007 1254 1106 1318 τῆς
1129 1253 1330 1323 σαρκὸς
1366 1253 1507 1322 ἔχων
1532 1256 1630 1326 τὴν
1680 1253 1937 1328 ὕπαρξιν.

376 1343 517 1397 Ἀλλ’
554 1343 697 1413 ειπερ
728 1341 798 1407 ἐξ
818 1341 1001 1412 ἀρχῆς
1032 1341 1227 1414 ὥρισα,
1249 1344 1419 1397 ταῦτα
1443 1344 1728 1422 δννήσεται
1759 1364 1937 1419 παρα-

367 1434 618 1487 σαλεύειν
652 1431 848 1496 οὐδείς.
870 1431 1054 1486 Ταῦτα
1096 1433 1347 1488 λέλεκται
1396 1436 1495 1506 μὲν
1541 1438 1621 1500 εἰς
1652 1437 1941 1509 πρόσωπον

379 1523 583 1579 Ἰακώϐ
606 1542 665 1577 τε
698 1525 793 1578 καὶ
828 1524 1097 1592 Ἰσραὴλ,
1131 1526 1210 1588 εἰς
1240 1526 1295 1579 δὲ
1328 1527 1418 1579 τὸν
1450 1528 1805 1582 άποστολικδν
1849 1547 1942 1599 χο·-

375 1613 465 1684 ρδν
501 1613 855 1683 ἀναφέρεται,
892 1612 989 1665 καὶ
1019 1614 1110 1666 ἐπὶ
1135 1613 1343 1678 πάντας
1399 1618 1523 1682 τοὺς
1574 1617 1634 1682 ἐξ
1677 1619 1942 1673 Ἰουδαίων

372 1707 596 1768 πιστοὺς
633 1704 729 1758 τοῦ
784 1704 941 1772 λόγου
990 1705 1288 1775 διήκοντος.
1333 1708 1490 1772 Τινὲς
1545 1710 1602 1763 δέ
1653 1729 1834 1780 φασιν,
1867 1713 1942 1777 ώς

370 1798 570 1867 ἀγαθὸς
597 1794 673 1849 ὢν
702 1797 730 1849 6
756 1796 908 1860 Θεὸς,
944 1796 1039 1861 οὓς
1073 1798 1345 1852 παιδεύων
1389 1799 1629 1854 ἀπέϐαλε
1653 1842 1669 1867 ,
1722 1802 1942 1868 τούτους

2048 640 2067 674 ι
2107 621 2169 675 Et
2206 620 2381 675 mittet
2413 619 2546 691 ipsis
2588 619 2936 684 salvatorem,
2967 620 3060 690 qui
3083 621 3254 676 salvet
3294 635 3421 686 eos;
3452 617 3606 688 judi-

2042 729 2176 770 cans
2206 714 2435 768 salvabit
2486 727 2583 769 eos
2614 712 2678 765 ".
2733 730 2751 763 ι
2800 712 2867 765 At
2900 728 2998 781 pro
3036 711 3369 781 exprobrari,
3404 710 3602 781 reliqui

2043 805 2229 859 audire
2253 805 2354 876 feci
2384 806 2836 875 interpretantur.
2873 801 2980 858 Ista
3022 806 3168 859 enim
3208 820 3303 860 vos
3337 816 3463 860 ante
3492 818 3613 857 om-

2043 909 2140 948 nes
2172 893 2356 959 docui,
2385 892 2477 961 qui
2508 890 2646 945 Deus
2668 907 2803 943 unus
2835 890 2886 943 in
2915 892 3069 945 vobis
3100 890 3242 961 sint;
3274 907 3449 960 neque
3480 890 3612 944 milii

2042 986 2215 1054 adfuit
2263 986 2487 1047 alienus,
2524 998 2649 1038 cum
2693 982 2796 1038 ista
2847 997 2945 1053 per
2982 981 3277 1053 prOphetas
3320 998 3471 1037 meos
3515 997 3613 1036 va-

2044 1072 2336 1141 ticinarer;
2387 1059 2847 1143 quemadmodum
2910 1088 2998 1125 vos
3060 1071 3189 1125 mihi
3246 1080 3401 1125 testes
3432 1074 3613 1125 estis:

2048 1163 2194 1217 testis
2255 1164 2382 1219 item
2441 1172 2491 1218 et
2541 1179 2655 1233 ego,
2686 1158 2953 1233 Fitiusqtte
3009 1177 3174 1216 meus.
3229 1160 3418 1215 Adfuit
3467 1162 3615 1216 enim

2046 1262 2099 1310 ct
2132 1254 2250 1324 ipse
2300 1269 2535 1318 mecum,
2571 1269 2693 1308 cum
2729 1253 2833 1308 ista
2888 1254 3264 1324 prmdicerem,
3318 1270 3442 1309 cum
3490 1263 3618 1309 ante

2046 1345 2226 1401 carnis
2264 1347 2695 1414 assumptionem
2731 1347 3039 1401 exsisteret.
3074 1344 3179 1400 Sed
3220 1362 3341 1415 qua:
3370 1348 3434 1399 ab
3464 1347 3616 1401 initio

2047 1437 2121 1491 ita
2155 1435 2270 1491 fore
2309 1436 2549 1498 decrevi,
2601 1446 2815 1491 mutare
2845 1447 2900 1491 et
2934 1452 3150 1492 movere
3192 1452 3353 1492 nemo
3401 1447 3487 1491 est
3521 1440 3614 1506 qui

2049 1528 2240 1597 possit.
2290 1527 2464 1596 Atque
2523 1525 2636 1580 haec
2692 1523 2913 1594 quidem
2961 1525 3016 1579 in
3066 1523 3258 1579 Jacobi
3302 1535 3357 1581 et
3398 1526 3618 1580 Israelis

2048 1617 2275 1686 gratiam
2307 1614 2585 1680 dicuntur,
2622 1631 2742 1687 quae
2767 1625 2945 1670 tamen
2983 1614 3048 1668 ad
3090 1618 3453 1686 apostolicum
3486 1621 3620 1671 clm-

2050 1723 2191 1768 rum,
2228 1716 2281 1760 et
2318 1707 2383 1762 ad
2413 1722 2508 1763 eos
2535 1707 2696 1761 etiam
2735 1721 2950 1768 omnes,
2977 1706 3069 1776 qui
3107 1721 3184 1762 ‘ex
3207 1705 3415 1761 Judzcis
3459 1705 3619 1761 ﬁdem

2050 1798 2280 1868 amplexi
2316 1806 2465 1865 sunt,
2492 1799 2888 1853 extenduntur.
2932 1796 3133 1852 Volunt
3164 1813 3325 1868 porro
3369 1798 3618 1853 nonnulli

372 1889 759 1961 προσκαλεῖται
788 1888 855 1940 δι’
887 1888 1054 1954 ἔλεον,
1090 1889 1228 1960 λήθῃ
1274 1892 1660 1962 παραπέμπων
1699 1893 1767 1947 τὰ
1810 1895 1944 1964 πρό-

2051 1888 2215 1943 Deum
2248 1888 2451 1960 ipsum,
2488 1888 2581 1959 qui
2615 1905 2714 1959 pro
2745 1906 2843 1945 sua
2885 1889 3152 1956 bonitate,
3186 1906 3323 1960 quos
3354 1906 3382 1943 a
3429 1905 3487 1945 se
3528 1906 3622 1943 ca-

368 1999 523 2051 τερα,
554 1983 649 2034 καὶ
697 1980 972 2051 προτιθεὶς
1012 1983 1186 2052 ἀρχὴν
1212 1982 1401 2052 ἑτέρου
1447 1982 1661 2051 καιροῦ,
1698 1984 1836 2037 κατὰ
1866 1984 1943 2051 τὸ,

377 2094 397 2126 ι
430 2074 675 2146 Σήμερον
726 2074 823 2128 ἐὰν
846 2075 947 2143 τῆς
992 2076 1175 2145 φωνῆς
1206 2092 1308 2146 μου
1354 2075 1647 2147 ἀκούσητε,
1689 2096 1708 2129 ι
1742 2077 1837 2129 καὶ
1880 2077 1948 2130 τὰ

370 2166 457 2235 ἐφ’
490 2165 636 2235 ἑξῆς.
683 2166 771 2229 Ὠς
789 2166 899 2237 γὰρ
920 2167 1037 2220 ἐκεῖ
1064 2167 1122 2220 τδ
1174 2168 1478 2235 σήμερον,
1508 2167 1681 2233 οὕτως
1715 2169 1948 2225 ἐνταῦθα

369 2263 432 2312 τὸ
455 2258 593 2326 νῦν,
627 2260 964 2329 ἀμνηστείας
992 2259 1112 2330 ἔχον
1150 2259 1434 2321 ὑπόθεσιν,
1474 2262 1570 2315 καὶ
1605 2261 1948 2331 πραγμάτων

372 2349 575 2418 ἑτέρων
598 2348 770 2419 ἀρχὴν
794 2347 1068 2417 ἐσομένων
1092 2351 1241 2419 παρὰ
1266 2348 1403 2402 Θεοῦ
1432 2349 1506 2421 μὴ
1540 2349 1949 2420 συγχωροῦντος

372 2440 512 2507 ἄγαν
542 2439 792 2509 ἀθυμεῖν,
826 2438 900 2502 ώς
925 2439 1145 2505 ἕξοντας
1172 2440 1281 2492 τῶν
1304 2441 1588 2513 παρόντων
1625 2441 1946 2512 μεταϐολὴν,

374 2531 630 2585 ἁπάντων
669 2529 972 2600 ἀνθρώπων
998 2530 1067 2584 δι’
1108 2532 1339 2600 αἵματος
1382 2532 1766 2603 λυτρουμένων
1813 2535 1853 2587 Χ
1867 2552 1947 2604 ρι-

356 2610 526 2677 στοῦ.
560 2622 842 2692 Ηύδόκησε
880 2622 990 2694 γὰρ
1020 2624 1048 2676 6
1082 2622 1213 2686 Θεὸς
1253 2622 1835 2693 ἀνακεφαλαιώσασθαι
1881 2628 1949 2681 τὰ

375 2714 555 2768 πάντα
585 2714 642 2765 ἐν
670 2712 840 2784 αὐτῷ,
872 2714 1012 2768 κατά
1036 2717 1135 2786 τὴν
1174 2715 1389 2768 Παύλου
1435 2718 1642 2787 φωνὴν,
1673 2716 1796 2781 δοὺς
1820 2721 1952 2789 ἡμῖν

376 2805 472 2857 καὶ
498 2804 560 2858 τὸ
586 2804 769 2858 καινὸν
794 2804 963 2874 ὄνομα
985 2806 1221 2876 Χριστοῦ
1251 2807 1310 2860 τὸ
1346 2805 1642 2876 ἐπικληθὲν
1674 2809 1758 2877 ἐφ’
1781 2811 1948 2879 ἡμᾶς.

377 2892 445 2947 Τί
464 2892 519 2946 δὲ
541 2892 834 2960 τοῦνομα;
874 2894 1048 2959 Ἐμὸς
1065 2890 1120 2949 εἷ
1138 2895 1240 2949 σύ.
1265 2896 1500 2966 Χριστοῦ
1524 2897 1631 2965 γὰρ
1654 2891 1793 2953 εἶναι
1819 2901 1953 2953 παν-

377 2999 469 3044 τες
493 2981 763 3053 λεγόμεθα
794 2984 892 3054 τῆς
921 2985 1051 3055 πρὶν
1083 2983 1189 3052 ἔξω
1208 2987 1493 3054 γεγονότες
1525 2987 1949 3060 ἀλλοτριώσεως,

378 3073 447 3143 ἢν
475 3072 706 3143 ἔσχομεν
731 3074 1158 3145 ἁμαρτάνοντες,
1193 3077 1373 3133 καίτοι
1412 3077 1554 3135 κατὰ
1599 3081 1760 3153 φύσιν
1802 3083 1954 3148 ὄντες

377 3163 538 3219 Θεοῦ.
577 3164 737 3219 Ἀ).λὰ
764 3166 925 3219 πάλιν
961 3160 1110 3238 ἡμᾶς
1137 3169 1224 3224 διὰ
1253 3171 1347 3225 τοῦ
1395 3173 1709 3246 Πνεύματος
1741 3176 1951 3230 ὠκειώ-

2047 1982 2276 2050 stigatos
2312 1982 2535 2051 repulit,
2568 1980 2800 2037 invitare
2844 1997 3061 2047 rursus,
3113 1989 3167 2036 et
3215 1983 3618 2052 praeteritorum

2046 2073 2295 2129 oblivisci
2342 2073 2543 2138 soleat,
2600 2072 2862 2144 temporis
2902 2073 3069 2128 etiam
3123 2072 3357 2129 alterius
3411 2072 3619 2142 princi-

2048 2166 2194 2234 pium
2231 2166 2321 2220 hic
2358 2180 2706 2240 proponere:
2748 2165 2912 2233 quale
2952 2173 3038 2220 est
3082 2165 3214 2221 illud
3247 2184 3260 2220 :
3308 2185 3327 2218 ι
3368 2163 3541 2221 llodie
3573 2167 3620 2220 si

2047 2270 2232 2310 vocem
2267 2269 2441 2310 meam
2467 2253 2844 2320 audieritis",
2875 2271 2894 2305 ι
2935 2262 2989 2309 et
3021 2270 3145 2324 quae
3176 2262 3504 2324 sequuntur.
3551 2252 3621 2308 Ut

2046 2346 2188 2400 enim
2236 2345 2310 2400 ibi
2350 2346 2504 2401 hodie
2564 2346 2889 2400 vocabulum
2918 2386 2931 2406 ,
2981 2345 3061 2399 sic
3103 2353 3156 2399 et
3216 2344 3305 2398 hic
3352 2345 3618 2415 particula

2048 2452 2185 2489 nunc
2214 2434 2510 2491 oblivionis
2546 2446 2931 2504 argumentum
2982 2434 3250 2498 continet,
3288 2441 3342 2486 et
3371 2434 3620 2489 ostendit

2050 2525 2160 2581 Deo
2207 2536 2433 2581 auctore
2478 2538 2660 2579 rerum
2710 2522 2828 2579 fore
2862 2524 3092 2579 aliarum
3133 2524 3486 2594 principium,
3524 2525 3619 2595 qui

2051 2632 2149 2671 nos
2179 2616 2423 2670 animum
2474 2615 2817 2687 despondere
2872 2631 3153 2687 nunquam
3206 2617 3453 2686 patitur:
3500 2624 3624 2671 tau-

2048 2724 2207 2779 quam
2244 2707 2444 2763 Christi
2472 2707 2740 2777 sanguiue
2766 2705 3064 2777 redemptis
3096 2706 3353 2762 omnibus
3382 2722 3621 2776 praesen-

2050 2799 2185 2852 tium
2215 2812 2395 2853 rerum
2440 2797 2723 2853 immineat
2774 2797 3161 2853 commutatio.
3209 2796 3424 2853 Placuit
3474 2799 3620 2853 enim

2053 2888 2182 2954 Deo,
2212 2895 2351 2944 teste
2383 2888 2551 2944 Paulo
2599 2890 2679 2954 ",
2732 2888 2917 2943 omnia
2953 2889 3007 2942 in
3044 2901 3109 2941 eo
3153 2889 3483 2947 instaurare.
3528 2889 3620 2957 qui

2051 2981 2458 3050 largituruobis
2503 2989 2778 3037 recentem
2817 2981 2980 3036 etiam
3030 2980 3096 3035 de
3125 2978 3358 3035 -Cliristi
3401 2983 3624 3035 nomine

2051 3072 2488 3142 appellationem,
2522 3070 2667 3141 quod
2709 3072 3020 3126 invocatum
3054 3076 3137 3123 est
3189 3084 3355 3141 super
3395 3084 3500 3124 nos
3553 3070 3618 3123 ".

2051 3162 2334 3230 Quodnam
2370 3163 2535 3234 igitur
2592 3178 2775 3216 nomen
2826 3160 2951 3217 est?
3005 3158 3156 3214 Meus
3184 3176 3238 3215 es
3285 3170 3363 3214 tu.
3415 3159 3622 3215 Christi

381 3271 514 3308 σατο
544 3257 775 3326 ποιήσας
796 3258 1103 3322 ἀναλώτους
1132 3262 1295 3316 παντὶ
1344 3266 1655 3335 πειρασμῷ.
1694 3269 1945 3335 Ποταμοῖ

2055 3253 2323 3325 siquidem
2356 3267 2547 3309 omnes
2580 3266 2702 3308 esse
2730 3252 2987 3316 dicimur,
3026 3250 3117 3321 qui
3158 3260 3309 3306 extra
3333 3251 3627 3306 alienatio-

378 3346 490 3417 γὰρ
525 3350 618 3401 καὶ
644 3348 798 3416 ὕδωρ
825 3351 920 3403 καὶ
942 3355 1184 3421 φλόγες,
1214 3354 1314 3417 τὰς
1343 3344 1643 3422 πολυειδεῖς
1690 3358 1797 3412 τῶν
1833 3377 1953 3413 πει-

383 3436 611 3506 ρασμῶν
650 3437 873 3507 ἐφόδους
914 3443 1403 3513 κατασημαίνουσι.
1448 3446 1762 3517 Γέγραπται
1809 3450 1952 3519 γάρ·

387 3545 406 3576 ι
444 3527 565 3580 Ὀτι
591 3527 790 3591 πάντες
836 3532 884 3583 oi
928 3531 1174 3597 θέλοντες
1215 3533 1315 3605 ζῇν
1356 3536 1593 3601 εὐσεϐῶς
1641 3541 1698 3590 ἐν
1736 3541 1955 3613 Χριστῷ

393 3616 589 3687 Ἰησοῦ,
631 3619 1043 3691 διωχθήσονται.
1086 3644 1103 3675 ι
1158 3626 1265 3678 Καὶ
1303 3630 1417 3690 τοῖς
1458 3629 1811 3685 πιστεύσασιν
1851 3634 1953 3704 ἔφη

378 3708 610 3777 Χριστός
632 3725 646 3739 ο
671 3729 690 3761 ι
718 3711 912 3782 Θλίψιν
928 3712 1078 3784 ἔχετε
1102 3717 1158 3768 ὲν
1175 3716 1251 3787 τῷ
1266 3717 1473 3790 κόσμῳ.
1516 3739 1535 3771 ι
1552 3723 1661 3777 Καὶ
1678 3725 1735 3776 ὲν
1755 3729 1818 3797 τῇ
1849 3743 1955 3779 πα-

380 3799 581 3872 ραϐολῇ
610 3800 665 3854 δὲ
693 3803 794 3870 τῆς
844 3805 936 3857 ἐπὶ
984 3809 1082 3877 τῆς
1113 3811 1320 3879 πέτρας
1370 3810 1844 3886 τεθεμελιωμένης
1873 3819 1949 3870 oi-

380 3887 536 3953 κίαςο
576 3908 595 3942 ι
629 3892 739 3946 Καὶ
780 3893 1006 3964 κατέϐη,
1038 3896 1289 3969 φησὶν,ὴ
1329 3898 1517 3971 βροχὴ,
1563 3905 1660 3957 καὶ
1703 3899 1868 3975 ἦλθον
1904 3908 1955 3960 οἱ

380 3980 635 4049 ποταμοὶ,
663 3982 761 4036 καὶ
788 3981 1055 4038 ἔπνευσαν
1079 3990 1127 4040 oi
1161 3987 1373 4058 ἄνεμοι,
1408 4010 1427 4042 ι
1455 3993 1581 4056 τοὺς
1614 3997 1955 4065 πειρασμοὺς

375 4070 467 4123 διὰ
517 4072 723 4126 τούτων
778 4074 974 4142 δηλῶν.
1006 4078 1079 4131 T6
1097 4078 1178 4143 δὲ,
1221 4081 1477 4149 ἐποίησά
1530 4086 1955 4158 συνάλλαγμα

375 4161 704 4228 Αἴγυπτον,
741 4164 892 4235 δηλοῖ
914 4165 990 4230 ώς
1014 4167 1135 4221 ἀντλ⁵
1164 4170 1262 4239 τῆς
1300 4172 1529 4243 ἐκϐολῆς
1555 4178 1955 4247 περιεποιησά-

381 4266 490 4320 μην
522 4250 589 4304 τὰ
621 4250 768 4323 ἔθνη,
796 4248 871 4307 ὧν
892 4256 1085 4328 πρώην
1121 4258 1487 4324 ἀσεϐούντων,
1532 4265 1692 4332 μόνος
1736 4267 1953 4338 Ἰσραὴλ

376 4340 580 4409 κλῆρος
632 4343 842 4417 ὑπῆρχε
901 4346 1058 4403 Θεοῦ.
1122 4349 1237 4403 Νῦν
1288 4352 1346 4406 δὲ
1393 4356 1800 4426 μετέστραπται
1845 4359 1953 4414 τῶν

376 4434 721 4502 πραγμάτων
748 4439 781 4507 ἡ
821 4437 993 4503 τάξις,
1028 4438 1118 4492 ὅτε
1150 4440 1242 4494 τὸν
1281 4442 1576 4515 Λυτρωτὴν
1625 4447 1953 4501 ἀπέκτειναν

389 4527 652 4641 Ἰουδαῖοι.
689 4527 937 4641 ιθρεάονω
962 4530 1151 4635 δόσει,
1183 4533 1338 4603 φησὶ,
1394 4535 1533 4604 μετὰ
1578 4536 1737 4591 τοῦτό
1779 4538 1947 4606 τιμή·
1984 4588 2001 4641 Ι

375 4631 514 4682 σας.
567 4617 914 4687 κληθήσεται
958 4620 1067 4690 γὰρ
1120 4622 1211 4674 καὶ
1243 4622 1408 4688 αὐτὸς
1435 4628 1570 4693 μετὰ
1602 4626 1702 4698 τὴν
1743 4628 1949 4682 εἴσοδον

375 4708 486 4763 τῶν
538 4709 729 4775 ἰθνῶν,
778 4711 940 4781 ἡνίκα
990 4712 1158 4766 ποιῶν
1213 4715 1353 4785 ὑπὲρ
1394 4717 1510 4777 σοῦ,
1536 4722 1806 4787 πολλοὺς
1849 4737 1951 4776 σοι

375 4798 550 4853 δώσω
567 4800 919 4865 διδασκάλους
947 4804 1042 4857 καὶ
1070 4805 1367 4875 ἄρχοντας
1387 4808 1539 4876 ὑπὲρ
1569 4810 1680 4878 τῆς
1712 4813 1833 4883 σῆς
1861 4815 1950 4869 λέ-

376 4906 571 4957 γοντας
604 4891 895 4962 κεφαλῆς.
927 4897 1170 4964 Κεφαλὴ
1190 4897 1247 4951 δὲ
1271 4899 1379 4953 τῶν
1400 4902 1608 4955 πιστῶν
1634 4904 1662 4955 ό
1692 4905 1947 4974 Χριστὸς,

376 4980 513 5051 ὅπερ
534 4982 674 5050 ὑπὲρ
713 4983 829 5051 σοῦ,
871 4985 963 5039 καὶ
995 4987 1093 5057 τῆς
1114 4988 1213 5059 σῆς
1235 4989 1506 5059 ὠφελείας
1529 4994 1836 5064 γενήσεται.
1868 4998 1946 5068 Τῇ

375 5071 434 5125 δὲ
460 5072 570 5126 τῶν
629 5074 899 5130 Ἰουδαίων
959 5078 1296 5149 ὑπισχνεῖται
1348 5082 1646 5156 Συναγωγῇ
1701 5088 1950 5153 συνάξειν

376 5163 547 5232 αὐτῆς
575 5165 647 5220 τὰ
672 5164 871 5221 τέκνα.
907 5166 1084 5222 Σῶσαι
1116 5169 1225 5242 γὰρ
1255 5171 1323 5225 τά
1344 5172 1662 5228 ἀπολωλότα
1698 5178 1949 5248 πρόϐατα

373 5251 540 5326 ἦλθεν
575 5257 809 5330 Ἰσραήλ.
844 5259 952 5313 Καὶ
981 5259 1048 5313 τὰ
1079 5262 1355 5332 πανταχοῦ
1400 5264 1773 5335 διεσπαρμένα
1804 5270 1947 5340 λόγῳ

372 5346 734 5419 δημιουργίας
771 5350 954 5404 τέκνα
984 5350 1155 5419 Θεοῦ,
1206 5353 1333 5417 τοὺς
1379 5351 1439 5421 ἐξ
1474 5356 1645 5412 ἐθνῶν
1677 5358 1944 5429 δηλονότι,

374 5431 469 5497 οὓς
497 5434 778 5502 πλανήσας
805 5438 1083 5508 ἀπέστησε
1104 5439 1241 5494 Θεοῦ
1261 5442 1618 5508 διασκεδάσας
1634 5449 1662 5500 6
1682 5448 1944 5513 Σατανᾶς.

372 5523 468 5578 Διὸ
495 5526 741 5591 εἰπόντος
771 5529 1014 5598 Καῖάφα,
1061 5549 1079 5584 ι
1113 5531 1388 5605 Συμφιρει
1415 5536 1502 5589 ἵνα
1535 5531 1614 5603 εἷς
1660 5538 1951 5613 ἄνθρωπος

375 5616 622 5690 ἀποθάνῃ
660 5620 799 5692 ὑπὲρ
826 5620 921 5679 τοῦ
954 5622 1106 5685 λαοῦ,
1147 5643 1164 5675 ι
1194 5626 1359 5697 φησὶν
1393 5630 1846 5705 ὁεύαγγελιστὴς,
1875 5634 1951 5697 ὡς

448 5731 491 5762 ⁸⁷
518 5733 635 5809 lia.
662 5736 918 5809 δεξεμ-ι.
995 5738 1037 5770 ¹⁸
1078 5736 1219 5809 Psal.
1261 5760 1402 5809 χειν,
1426 5746 1478 5799 8.

372 5816 482 5871 vn,
512 5801 603 5857 ετ.
680 5804 725 5837 η
757 5805 954 5877 Ephcs.
990 5824 1042 5871 v,
1077 5808 1170 5863 εδ.

2058 3361 2178 3401 nem
2211 3345 2407 3408 simus,
2464 3360 2628 3416 quam
2694 3351 2984 3413 peccantes
3041 3342 3195 3411 prius
3250 3342 3623 3407 habebamus,

2055 3437 2409 3509 quantumvis
2440 3434 2608 3507 m
2635 3449 2663 3488 a
2695 3435 2802 3489 Deo
2851 3442 3045 3486 natura
3076 3446 3351 3489 essemus.
3384 3431 3490 3487 Sed
3524 3450 3628 3488 nos

2056 3544 2276 3586 rursum
2302 3529 2421 3599 ipse
2448 3528 2553 3583 sibi
2581 3525 2901 3582 conciliavit
2927 3543 2941 3585 :
2973 3540 3096 3579 cum
3133 3524 3424 3595 quibusvis
3449 3535 3628 3581 tenta-

2057 3620 2292 3676 tionibus
2310 3616 2756 3689 inexpugnabiles
2776 3616 3036 3672 reddidit.
3056 3615 3309 3671 Flumina
3330 3606 3625 3686 siquidem,

2054 3721 2106 3765 et
2144 3717 2379 3781 aqua,et
2408 3709 2575 3780 ignes,
2618 3708 2800 3762 varios
2847 3707 3206 3761 tentationum
3261 3709 3499 3766 insultus
3532 3708 3627 3765 de-

2056 3804 2294 3871 s’gnant.
2333 3798 2606 3855 Scribitur
2634 3799 2779 3853 enim
2811 3815 2825 3852 :
2862 3815 2881 3849 ι
2928 3795 3132 3853 Omnes
3189 3800 3278 3871 qui
3322 3802 3410 3870 pie
3437 3804 3630 3857 Volunt

2056 3896 2111 3951 in
2124 3895 2256 3951 Jesu
2277 3895 2497 3951 Christo
2527 3894 3161 3964 vivereperscmttionem
3191 3896 3473 3966 patientur
3493 3899 3557 3951 ³⁸.
3594 3918 3613 3949 ι

2053 3987 2259 4042 Christi
2300 3985 2497 4041 deinde
2520 3984 2586 4038 ad
2617 3985 2788 4055 ipsos,
2819 3985 2913 4056 qui
2947 3984 3108 4039 (idem
3147 3984 3385 4056 amplexi
3423 3997 3625 4049 essent,

2053 4078 2222 4133 verba
2251 4094 2361 4133 non
2391 4076 2615 4138 desunt,
2644 4077 2846 4147 quibus
2878 4093 2973 4133 eos
3016 4077 3067 4129 in
3114 4078 3216 4132 hoc
3247 4078 3450 4133 saeculo
3490 4079 3629 4134 allii-

2053 4169 2260 4241 gendos
2288 4185 2409 4226 esse
2448 4170 2696 4235 monuit;
2733 4171 2787 4223 in
2829 4184 2890 4223 ea
2922 4179 3181 4239 praeterea
3224 4172 3420 4228 domus
3470 4187 3629 4243 para-

2056 4263 2200 4328 bola,
2237 4262 2393 4331 cujus
2432 4259 2579 4329 jacta
2629 4276 2794 4332 super
2845 4270 3053 4332 petram
3116 4262 3473 4320 hunlatnenta
3505 4265 3626 4321 fue-

2054 4362 2178 4409 rant
2213 4371 2225 4408 :
2259 4372 2277 4405 ι
2316 4352 2378 4408 Et
2421 4353 2724 4419 descendit,
2778 4351 2973 4424 inquit,
3026 4354 3221 4421 imber,
3256 4363 3310 4410 et
3356 4368 3628 4412 venerunt

2053 4445 2221 4511 ﬂuvii,
2244 4452 2299 4500 et
2326 4443 2595 4499 ilaverunt
2633 4446 2777 4499 venti
2813 4446 2896 4511 ";
2933 4465 2951 4496 ι
3015 4444 3218 4515 quibus
3267 4446 3402 4501 nihil
3452 4449 3623 4515 aliud,

2054 4552 2219 4607 quam
2262 4535 2594 4593 tentationes
2641 4537 2988 4609 signiﬁcavit.
3027 4539 3095 4590 At
3124 4539 3273 4606 quod
3321 4552 3625 4595 commuta-

2056 4631 2245 4684 tionem
2275 4639 2421 4683 tuam
2450 4629 2553 4699 feci
2579 4628 2893 4700 zEgyptum,
2935 4630 3031 4691 ait,
3059 4637 3247 4700 gentes
3277 4645 3337 4687 se
3370 4632 3425 4687 in
3462 4648 3627 4704 repu-

2055 4723 2329 4780 diaturum
2366 4722 2545 4777 locum
2602 4723 2703 4777 sibi
2764 4722 3057 4791 adoptasse
3102 4725 3363 4791 ostendit,
3422 4727 3624 4795 quibus

2057 4814 2221 4885 impie
2257 4814 2581 4887 degentibus
2623 4824 2805 4882 antea,
2864 4817 3014 4871 solus
3061 4817 3157 4873 Dei
3210 4834 3333 4874 sors
3373 4832 3626 4876 evaserat

2058 4907 2244 4962 Israel.
2279 4906 2436 4962 Nunc
2475 4916 2653 4963 autem
2681 4923 2860 4962 rerum
2898 4918 2981 4963 est
3014 4910 3151 4964 ordo
3181 4910 3525 4976 immutatus,
3558 4926 3625 4967 ex

2057 5013 2165 5067 quo
2195 4995 2612 5065 Redemptorem
2648 4996 2817 5051 Ιυιιιεί
2859 4998 3019 5052 morti
3050 5000 3266 5055 tradere
3305 5002 3426 5056 ausi
3474 5013 3623 5057 sunt.

2056 5091 2125 5142 At
2152 5088 2463 5159 gloriﬁcatoo
2487 5097 2557 5151 te,
2592 5087 2787 5155 inquit,
2820 5088 3020 5142 honore
3049 5098 3233 5157 postea
3256 5104 3621 5160 prosequens.

2058 5178 2355 5233 Vocabitur
2391 5177 2540 5233 enim
2585 5183 2640 5231 et
2683 5178 2791 5240 ille,
2846 5188 3129 5247 postquam
3183 5177 3405 5233 fuerunt
3433 5189 3624 5251 gentes

2057 5269 2333 5338 ingressa.
2380 5267 2603 5337 quando
2635 5279 2858 5337 prepter
2901 5275 2953 5322 te
2985 5267 3256 5323 excitatos
3286 5269 3485 5325 multos
3529 5272 3626 5326 tibi

2054 5360 2190 5414 dabo
2222 5358 2478 5415 doctores
2508 5370 2562 5413 et
2591 5360 2871 5428 principes,
2904 5359 2995 5428 qui
3027 5373 3123 5425 pro
3146 5372 3235 5414 ttto
3256 5362 3431 5432 capite
3453 5363 3617 5418 verba

2056 5451 2278 5505 faciant.
2318 5450 2412 5504 Est
2456 5463 2588 5503 vero
2616 5447 2957 5502 credentium
3006 5459 3164 5515 caput
3225 5448 3485 5506 Christus
3535 5450 3618 5515 ⁸³,

2056 5541 2148 5611 qui
2182 5555 2278 5609 pro
2307 5548 2388 5603 te,
2422 5539 2475 5593 id
2505 5538 2662 5593 estin
2691 5548 2838 5590 tuam
2870 5551 2983 5592 rem
3013 5548 3275 5610 tuamque
3331 5542 3622 5598 utilitatem

2058 5630 2239 5685 omnia
2277 5629 2520 5686 facturus
2570 5636 2677 5684 est.
2716 5625 2943 5684 Videtur
2993 5640 3173 5684 autem
3233 5631 3474 5701 polliceri
3528 5629 3621 5685 Ju—

1578 5748 1618 5780 "
1652 5746 1852 5818 Ephcs.
1893 5766 1906 5803 ι
1934 5790 1946 5813 ,

2053 5789 2066 5803 .
2144 5748 2187 5781 ’⁸
2217 5745 2414 5805 Jerem.
2452 5764 2503 5815 t,
2544 5748 2629 5804 li.
2704 5748 2745 5780 "
2787 5746 2832 5801 ll
2863 5744 3007 5803 Tim.
3044 5763 3080 5803 ιι
3108 5762 3145 5811 l,
3172 5747 3256 5802 l3.
3340 5750 3383 5779 ”
3425 5746 3616 5802 Matth.
