4032 6218
408 327 543 390 2337
1738 342 2090 409 PROCOPII
2126 350 2372 411 GAZr’EI
3522 348 3669 412 2388

402 439 645 495 decorum
678 441 1001 517 Synagogae,
1026 448 1146 519 ejus
1170 463 1229 504 se
1250 449 1391 517 ﬁlios
1430 464 1552 505 esse
1580 452 1973 512 collecturum.

2093 462 2374 534 ἀρχιερεὺς
2412 462 2487 516 ὢν
2516 464 2952 534 προεφήτευσεν,
3004 463 3087 518 ὅτι
3137 463 3375 533 ἤμελλεν
3423 462 3663 529 Ἰησοῦς

403 531 565 589 Venit
595 535 741 590 enim
779 547 836 592 ut
864 538 1178 609 depcrditas
1209 555 1339 596 oves
1370 541 1591 599 Israelis
1648 543 1881 601 salvaret
1903 546 1970 611 “,

2093 531 2442 625 ίιποθν-ήσκειν
2476 531 2616 627 ὑπερ
2646 531 2742 610 τού
2795 555 3003 619 ἔθνους.
3053 531 3189 610 Καί
3222 555 3322 625 οὐχ
3376 554 3516 626 ὑπὲρ
3566 552 3669 608 τοῦ

401 637 454 679 et
486 642 581 683 eas
619 629 805 693 etiam,
841 645 962 701 qua:
994 632 1192 702 ubique
1223 633 1505 703 dispersae,
1551 637 1848 692 creationis
1883 654 1974 693 ra-

2093 645 2265 710 Ξθνους
2308 648 2487 718 μόνον,
2511 649 2623 703 ἀλλ’
2672 650 2760 703 ἵνα
2791 651 2886 703 καὶ
2936 648 3010 702 τὰ
3056 647 3240 702 τέκνα
3276 647 3385 701 τοῦ
3423 645 3571 701 Θεοῦ
3594 647 3670 699 τὰ

402 720 551 775 tione
580 722 686 791 ﬁlii
722 721 817 777 Dei
838 722 1166 778 dicebantur
1195 724 1240 756 ¹⁸
1262 765 1278 789 ,
1308 725 1360 780 id
1391 734 1475 780 est
1504 737 1716 799 gentes,
1744 744 1884 801 quas
1921 732 1974 785 in

2093 739 2539 812 ῑιεσκορπισμένα
2568 741 2883 810 συναγάγῃ
2918 742 3000 803 εἰς
3032 738 3114 792 ἓν.
3165 730 3354 801 Εἵποις
3383 736 3428 790 δ’
3460 735 3527 790 ἂν
3570 735 3671 789 καὶ

400 826 643 867 errorem
682 812 913 870 Satanas
950 814 1218 871 inducens
1246 830 1273 868 a
1315 815 1425 871 Deo
1460 829 1744 875 avocarat.
1792 822 1974 892 Atque

2093 832 2204 895 τοὺς
2224 834 2286 899 ,ἐξ
2320 833 2491 887 ὲθνῶν
2519 834 2686 887 τέκνα
2708 830 2977 887 εἶναιτῶν
3005 831 3064 896 ἐξ
3105 830 3348 903 Ἰσραὴλ,
3376 830 3435 894 ἐξ
3465 822 3538 883 ὧν
3562 829 3668 899 τῆς

403 902 532 958 hinc
561 913 667 968 est,
699 905 864 973 quod,
896 921 1020 961 cum
1065 907 1297 964 dixisset
1339 908 1601 978 Caiphas,
1657 911 1835 968 Unum
1868 915 1973 969 ho-

2093 924 2316 989 πίστεως
2342 926 2740 997 παρέλαϐον-τὰ
2771 924 3086 997 μαθήματα,
3122 919 3401 995 πανταχοῦ
3427 921 3535 975 τῶν
3561 920 3667 990 τῆς

403 994 603 1049 minem
635 1010 734 1065 pro
766 996 966 1065 populo
1008 1001 1146 1053 mori
1180 1001 1523 1067 conducere,
1573 1003 1754 1058 statim
1791 1004 1980 1074 subje-

2093 1017 2407 1086 ιίκουμένης
2425 994 2831 1087 διεσπαρμένοι
2860 994 3165 1085 κλιμάτων,
3222 1014 3318 1067 καὶ
3369 1013 3507 1082 πρὸς
3536 1012 3670 1082 μίαν

402 1087 854 1156 citevaugelista,
882 1104 947 1143 eo
991 1090 1134 1161 ipso,
1177 1092 1322 1162 quod
1357 1108 1609 1148 summus
1646 1104 1797 1150 esset
1842 1111 1980 1166 pon—

2093 1109 2419 1178 Ἐκκλησίαν
2453 1108 2812 1179 συναχθέντες
2843 1106 3160 1177 καθολικὴν,
3191 1104 3499 1166 κωλύοντος
3530 1102 3671 1155 Θεοῦ

400 1176 553 1243 tifex,
591 1177 772 1232 Jesttm
826 1195 924 1250 pro
990 1192 1150 1252 gente
1203 1184 1533 1238 moriturum
1590 1186 1975 1256 prophetasse.

2093 1200 2176 1267 τὴν
2195 1176 2300 1253 τῶν
2321 1200 2531 1269 ἀγρίων
2560 1176 2655 1253 καὶ
2684 1197 2942 1269 πονηρῶν
2977 1196 3305 1266 πνευμάτων
3325 1194 3671 1256 ἀντίστασιν,

398 1266 585 1359 Neque
611 1270 786 1324 solum
816 1287 915 1341 pro
942 1283 1123 1344 gente,
1153 1275 1249 1330 sed
1285 1284 1344 1329 ut
1371 1276 1516 1345 ﬁlios
1550 1276 1676 1345 Dei,
1702 1279 1796 1349 qui
1816 1289 1977 1335 erant

2093 1288 2125 1340 ›ἰ
2148 1288 2277 1358 πρὶν
2297 1287 2692 1359 τυραννοῦντες
2721 1286 3005 1343 ἀνανεύειν
3042 1288 3121 1348 εἰς
3146 1284 3281 1338 Θεὸν
3309 1284 3411 1338 οὐκ
3441 1283 3675 1352 επέτρε-

399 1358 657 1429 dispersi,
709 1374 1049 1435 congregaret
1101 1366 1156 1421 in
1211 1383 1403 1423 unum.
1456 1368 1617 1426 Dicas
1672 1379 1728 1426 et
1781 1383 1975 1442 gentes

2093 1396 2204 1433 πον.
2249 1358 2424 1445 Υἱοὺς
2455 1379 2511 1434 δὲ
2541 1379 2643 1434 καὶ
2680 1378 3014 1449 θυγατέρας
3045 1377 3249 1442 καλῶν,
3279 1375 3378 1446 τήν
3410 1375 3496 1428 διὰ
3533 1375 3676 1445 Χρι-

398 1467 518 1507 esse
539 1450 907 1510 lsraelitarum
944 1456 1108 1524 ﬁlios,
1154 1472 1184 1512 a
1215 1459 1419 1528 quibus
1465 1459 1590 1515 ﬁdei
1622 1460 1974 1532 disciplinam

2093 1468 2215 1522 στοῦ
2246 1470 2356 1523 τῶν
2398 1471 2607 1525 πιστῶν
2649 1470 2926 1525 υἱοθεσίαν
2970 1470 3339 1541 παρίστησιν,
3373 1459 3433 1521 οὗ
3465 1466 3528 1538 δὴ
3576 1465 3676 1519 καὶ

398 1557 758 1615 acceperunt;
810 1550 899 1620 qui
939 1551 1141 1621 ubique
1185 1561 1458 1609 terrarum
1509 1556 1743 1627 dispersi
1793 1566 1974 1621 antea,

2093 1559 2357 1629 τοῦνομα
2381 1560 2608 1627 πάντες
2629 1561 3098 1630 ἐπιγραφόμεθα.

399 1640 451 1692 in
486 1655 648 1694 uram
702 1644 816 1711 jam
848 1643 1150 1705 Ecclesiam
1205 1648 1533 1704 catholicam
1579 1665 1609 1704 a
1660 1649 1774 1704 Deo
1824 1648 2002 1705 coacti
2042 1658 2194 1714 sunt,
2228 1666 2256 1705 a
2289 1668 2399 1723 quo
2426 1655 2593 1708 etiam
2628 1653 2869 1708 ferorum
2939 1652 3325 1720 malorumque
3379 1647 3677 1719 spirituum

398 1739 628 1787 conatus
691 1736 927 1805 repressi
973 1747 1122 1802 sunt,
1179 1754 1413 1809 quorum
1468 1740 1755 1814 tyrannide
1826 1738 1992 1812 485
2105 1750 2266 1797 antea
2303 1744 2368 1799 ad
2421 1742 2592 1798 Deum
2643 1745 2776 1815 erigi
2833 1743 3059 1797 minime
3108 1741 3360 1795 dabatur.
3421 1739 3496 1793 Eo
3546 1742 3674 1810 ipso

396 1822 613 1890 deinde,
645 1827 788 1895 quod
838 1827 1073 1896 ﬁliorum
1124 1840 1176 1884 et
1220 1829 1462 1898 ﬁliarum
1524 1831 1794 1897 meminit,
1826 1843 1971 1893 eam,
2014 1845 2136 1899 qua:
2167 1847 2262 1902 per
2295 1834 2574 1891 Christum
2641 1844 2748 1897 est,
2797 1834 3033 1889 ﬁdelium
3108 1831 3452 1902 adeptionem
3529 1833 3680 1888 indi-

396 1927 506 1983 cat,
533 1918 690 1988 cujns
715 1922 923 1976 nomine
953 1938 1127 1977 omnes
1158 1939 1551 1993 nuncupantur.

464 2010 558 2063 Ait
589 2019 766 2065 autem
794 2012 1052 2081 populum
1083 2027 1137 2066 se
1165 2013 1442 2077 creavisse,
1466 2028 1575 2082 quo
1597 2012 1759 2069 modo
1784 2012 1983 2083 legitur

2160 2010 2363 2065 Τοῦτον
2390 2010 2446 2064 δὲ
2473 2010 2564 2064 τὸν
2593 2010 2719 2063 λαὸν
2769 2007 3068 2063 ἐκτικέναι
3123 2007 3280 2078 φησὶ,
3333 2005 3477 2060 κατὰ
3524 2007 3587 2059 τὸ
3612 2005 3679 2060 ἐν

397 2103 450 2157 in
491 2102 769 2159 Psalmis:
811 2120 831 2154 ι
872 2103 933 2157 Ει
995 2110 1250 2175 populus,
1303 2104 1395 2176 qui
1454 2115 1695 2170 creatur,
1746 2104 1993 2160 laudabit

398 2192 689 2247 Dominum
721 2193 788 2248 ³⁸.
817 2213 835 2246 ι
876 2193 1032 2261 Quod
1066 2195 1207 2251 idem
1240 2195 1401 2267 plane
1440 2207 1527 2252 est
1554 2212 1619 2252 ac
1656 2197 1701 2253 si
1740 2196 1980 2252 recreari

395 2296 449 2340 et
473 2286 547 2340 ita
578 2287 644 2340 ad
685 2287 975 2357 imaginem
1006 2286 1098 2343 Dei
1138 2291 1383 2344 revocari
1418 2288 1671 2353 dixisset,
1709 2300 1768 2344 ut
1819 2290 1990 2345 veteri

396 2377 619 2433 homine
649 2379 898 2448 deposito
937 2396 1113 2435 novus
1141 2383 1358 2437 evadat.
1385 2382 1479 2438 Est
1505 2384 1651 2437 enim
1685 2384 1739 2437 in
1770 2382 1991 2440 Christo

396 2483 536 2522 nova
568 2469 814 2542 quaedam
848 2472 1054 2526 creatio
1079 2472 1237 2542 juxta
1286 2474 1417 2527 illud
1455 2492 1467 2527 :
1512 2493 1530 2525 ι
1565 2474 1746 2530 Nolite
1771 2474 1993 2531 confor-

398 2560 538 2614 inari
578 2560 707 2615 huic
729 2540 979 2627 ’saeculo,
1048 2564 1141 2619 sed
1205 2563 1584 2621 reformamini
1637 2566 1691 2620 in
1751 2568 1991 2622 novitate

397 2645 598 2707 sensus
654 2654 916 2708 Vrstri".
958 2674 976 2705 ι
1010 2654 1166 2722 Quod
1208 2666 1360 2712 certe
1414 2673 1514 2714 sua
1562 2673 1622 2714 se
1645 2657 1759 2728 jam
1817 2659 1992 2728 gloria

398 2745 722 2813 praestitisse
751 2746 1042 2817 signiﬁcat.
1071 2745 1165 2804 Est
1201 2763 1331 2804 vero
1360 2748 1541 2804 Patris
1563 2750 1736 2820 gloria
1787 2747 1989 2814 Filius,

397 2853 495 2907 per
524 2852 686 2909 quem
716 2839 994 2902 nimirum,
1033 2848 1087 2896 et
1125 2842 1177 2895 in
1202 2856 1313 2911 quo
1351 2841 1527 2913 gloria
1559 2842 1807 2912 afﬁcitur,
1863 2857 1989 2897 cum

281 2930 289 2936 '
398 2929 535 2984 dixit
571 2948 584 2984 :
638 2950 658 2982 ι
688 2930 801 3003 Ego
835 2931 1134 3003 gloriﬁcavi
1172 2942 1225 2989 te
1248 2935 1303 2989 iu
1338 2944 1483 2990 terra
1516 2933 1585 2990 '°.
1624 2953 1643 2986 ι
1676 2934 1780 2989 Per
1827 2950 1988 3003 quem

394 3025 646 3091 populum
677 3040 873 3079 meum
912 3025 966 3079 in
1003 3026 1179 3081 lucem
1224 3025 1537 3086 eduxit,Est
1560 3026 1704 3081 enim
1760 3024 1992 3096 iustitiae

401 3116 516 3180 Sol,
539 3132 717 3186 neque
739 3132 870 3171 suos
898 3117 1105 3187 patitur
1136 3119 1313 3173 noctis
1346 3125 1401 3173 et
1444 3118 1792 3173 tenebrarum
1828 3117 1988 3181 ﬁlios,

399 3203 493 3256 sed
520 3202 679 3266 lucis,
712 3204 891 3272 inquit
919 3203 1218 3273 Apostolus
1238 3205 1307 3269 ",
1346 3206 1635 3261 exsistere.
1668 3205 1824 3270 Quod
1886 3221 1988 3259 au-

400 3303 506 3347 tem
542 3295 844 3364 congregati
876 3304 998 3347 sunt
1030 3293 1167 3349 dixit
1215 3296 1344 3363 quia
1381 3294 1623 3349 nondum
1679 3293 1813 3349 illud
1854 3309 1989 3349 con-

2094 2102 2344 2174 Ψαλμοίς
2363 2118 2377 2132 ·
2409 2122 2427 2154 ι
2463 2103 2573 2157 Καὶ
2601 2101 2730 2166 λαὸς
2761 2103 2789 2155 ὀ
2819 2100 3137 2170 κτιζόμενος
3183 2098 3388 2152 αἰνέσει
3433 2097 3523 2150 τδν
3554 2097 3677 2150 Κύ-

2096 2212 2231 2267 ριον.
2268 2213 2286 2245 ι
2325 2194 2483 2248 Τοῦτ’
2512 2194 2661 2246 ἔστιν
2694 2193 3141 2262 ἀνακτιςὸμενος,
3175 2192 3274 2245 καὶ
3302 2191 3437 2262 πρὸς
3464 2190 3526 2245 τὸ
3552 2193 3697 2246 κατ’

2095 2286 2282 2340 εἰκόνα
2316 2286 2482 2339 πάλιν
2536 2283 2874 2351 ἐπανελθὼν,
2928 2283 3112 2346 καινὸς
3146 2282 3407 2352 γεγονὼς,
3437 2282 3535 2336 καὶ
3578 2282 3679 2336 τὸν

2095 2376 2324 2429 παλαιὸν
2359 2375 2806 2445 ἀπεκδυσάμενος
2858 2372 3162 2444 ἄνθρωπον.
3220 2372 3370 2453 Eine
3414 2380 3439 2408 °
3472 2373 3578 2444 γὰρ
3612 2376 3679 2427 ὲν

2093 2468 2315 2540 Χριστῷ
2354 2467 2515 2539 καινὴ
2544 2467 2742 2533 κτίσις,
2783 2466 2928 2520 κατὰ
2954 2466 3043 2528 τὸ,
3088 2484 3107 2517 ι
3149 2465 3241 2536 Μὴ
3273 2463 3681 2536 συσχηματίζε-

2095 2560 2189 2615 σθε
2211 2561 2290 2633 τῷ
2311 2561 2468 2613 αἰῶνι
2494 2561 2689 2628 τούτῳ,
2716 2559 2853 2612 ἀλλὰ
2887 2557 3339 2629 μεταμορφοῦσθε
3361 2559 3426 2627 τῇ
3449 2558 3682 2611 ἀνακαι-

2093 2653 2253 2706 νώσει
2284 2652 2376 2706 τοῦ
2421 2650 2541 2715 νοὸς
2579 2651 2758 2720 ὑμῶν.
2799 2669 2817 2702 ι
2858 2651 2923 2703 Ὃ
2956 2649 3022 2719 δὴ
3056 2648 3153 2702 νῦν
3203 2647 3562 2716 πεποιηκέναι
3602 2650 3677 2718 τῇ

2097 2743 2202 2817 ἰδίᾳ
2230 2743 2381 2812 δόξῃ
2400 2743 2564 2813 φησί·
2599 2741 2750 2804 δόξα
2770 2741 2827 2795 δὲ
2848 2739 3095 2811 Πατέρος
3120 2742 3153 2794 ό
3183 2737 3338 2805 Υἱὸς,
3372 2736 3442 2791 δι’
3469 2733 3551 2802 οὗ,
3577 2738 3682 2791 καὶ

2094 2837 2151 2889 ἐν
2245 2834 2552 2899 δοξάζεται
2579 2834 2791 2902 λέγοντι
2816 2849 2829 2863 ·
2875 2852 2893 2884 ι
2936 2831 3077 2898 Ἐγὼ
3107 2830 3337 2895 ἐδόξασα
3366 2847 3427 2883 σε
3453 2831 3549 2883 ἐπὶ
3572 2829 3679 2899 τῆς

2092 2926 2218 2996 γῆς.
2261 2946 2281 2977 ι
2316 2927 2393 2979 Δι’
2423 2920 2484 2980 οὗ
2513 2926 2670 2979 λαὸν
2708 2923 2945 2993 τυφλὸν
2973 2923 3232 2992 ἐξήγαγε
3258 2922 3395 2993 πρὸς
3431 2922 3494 2975 τὸ
3535 2922 3674 2989 φῶς.

2096 3018 2285 3081 Ἥλιος
2311 3018 2419 3088 γὰρ
2462 3012 2530 3087 ἦν
2574 3015 2922 3085 δικαιοσύνης
2975 3014 3051 3085 μὴ
3094 3015 3455 3085 συγχωρήσας
3479 3012 3682 3078 νυκτὸς

2092 3111 2186 3164 καὶ
2216 3110 2440 3173 σκύτους
2473 3109 2739 3179 ὑπάρχειν
2760 3109 2929 3172 υἱοὺς,
2959 3108 3172 3178 ἡμέρας
3199 3106 3259 3160 δὲ
3287 3106 3509 3177 μᾶλλον,
3532 3107 3683 3160 κατὰ

2090 3201 2184 3255 τὸν
2249 3201 2392 3254 θεῖον
2461 3201 2803 3254 Ἀπόστο).ον.
2874 3199 3061 3253 Εἰπὼν
3121 3199 3181 3253 δὲ
3228 3197 3681 3266 συνήχθησαν,

2093 3292 2282 3364 ἐπειδὴ
2311 3293 2480 3363 μήπω
2516 3292 2676 3345 τοῦτο
2710 3292 2924 3361 γεγόνει
2955 3301 3004 3357 P,
3038 3289 3397 3363 προφητικῶς
3420 3288 3683 3360 εἰρῆσθαι

400 3385 540 3454 tigit,
584 3357 902 3455 prophetico
944 3400 1095 3441 more
1119 3357 1337 3446 extulit,
1388 3393 1447 3439 ut
1504 3395 1878 3456 congregatum
1917 3385 1988 3438 iri

2093 3357 2349 3456 δήλων-τὸ
2374 3357 2426 3449 ἒι,
2448 3384 2559 3436 Καὶ
2591 3357 3112 3452 συναχθήσονται..
3270 3357 3539 3449 γεγονότα
3567 3379 3685 3450 γὰρ

400 3477 760 3533 demonstret.
789 3475 865 3532 De
899 3477 1097 3532 luturis
1142 3479 1312 3544 enim,
1345 3485 1609 3548 tanquam
1672 3479 1985 3549 praeteritis,

401 3570 603 3625 usitate
632 3569 917 3638 Scriptura
945 3568 1223 3639 loquitur;
1258 3569 1422 3639 cujus
1455 3570 1673 3640 generis
1700 3579 1786 3625 est
1810 3570 1944 3626 illud
1971 3614 1985 3648 ε

406 3686 425 3718 ι
452 3663 684 3720 Dorsum
718 3678 897 3719 meum
936 3663 1138 3733 praebui
1175 3663 1230 3718 in
1290 3663 1501 3734 ﬂagella
1534 3663 1600 3718 ³ο,
1642 3682 1660 3714 ι
1696 3662 1761 3717 Ει
1813 3664 1943 3721 illud
1973 3684 1987 3719 :

406 3779 425 3833 ι
461 3757 654 3813 Partiti
695 3764 826 3813 sunt
848 3756 949 3810 sibi
978 3756 1301 3812 vestimenta
1331 3756 1528 3810 mea".
1561 3776 1580 3809 ι
1602 3753 1835 3812 Futuras
1889 3773 1990 3812 au-

402 3863 508 3909 tem
546 3860 600 3908 et
626 3852 883 3924 gentibus
916 3850 971 3904 in
1010 3848 1254 3905 Ecclesia
1294 3850 1557 3920 principes
1587 3850 1788 3919 innuit,
1830 3852 1987 3922 juxta

398 3945 535 4001 illud
563 3944 782 4000 Davidis
814 3961 828 3996 :
872 3962 890 3996 ι
923 3942 1078 3998 Sicut
1117 3944 1354 4000 tenebrae
1399 3943 1540 4013 ejus,
1573 3943 1648 3998 ita
1686 3952 1746 4000 et
1803 3945 1991 4000 lumen

400 4038 520 4109 cjus
576 4038 641 4091 ⁸¹.
673 4055 694 4089 ι
744 4035 998 4091 Dcalbata
1039 4035 1185 4090 enim
1244 4042 1351 4098 est,
1404 4051 1527 4105 qutc
1585 4036 1739 4106 nigra
1791 4034 1989 4093 fuerat.

405 4128 611 4184 Deinde
648 4148 661 4182 :
695 4148 713 4179 ι
740 4125 841 4182 Ubi
872 4125 1172 4180 abundavit
1194 4133 1501 4195 peccatmu,
1538 4123 1615 4177 ibi
1643 4123 1990 4195 superabun-

402 4222 555 4276 davit
591 4226 644 4275 et
674 4218 851 4290 gratia
890 4217 956 4272 ³³.
993 4235 1010 4268 ι
1048 4214 1174 4271 llaec
1211 4214 1378 4285 igitur
1428 4214 1647 4268 locutus
1686 4220 1775 4269 est
1827 4212 1992 4278 Deus,

404 4327 664 4385 tanquam
693 4311 787 4383 qui
822 4311 889 4367 de
925 4326 1116 4366 eorum
1156 4318 1377 4374 eventu,
1411 4322 1534 4378 quae
1572 4305 1841 4377 praedicit,
1909 4306 1994 4359 ni-

404 4405 482 4460 hil
512 4405 753 4475 ambigat
779 4422 793 4459 :
817 4389 941 4457 cum
976 4400 1252 4455 daamones
1276 4397 1584 4453 futurorum
1615 4396 1991 4467 praedictione,

402 4513 503 4554 vos
536 4499 591 4554 iu
622 4495 868 4551 fraudem
904 4493 1188 4548 inducant.
1222 4489 1319 4546 His
1339 4490 1483 4546 enim
1515 4489 1766 4545 ethnicos
1789 4490 1995 4555 erudit,

2091 3477 2158 3530 τὰ
2192 3477 2413 3539 πάντως
2444 3475 2683 3541 ἐσόμενα
2707 3475 2887 3544 λέγειν
2918 3474 3153 3544 σύνηθες
3190 3476 3254 3542 τῇ
3287 3473 3505 3542 Γραφῇ.
3544 3465 3680 3524 υἷόν

2090 3570 2238 3623 ἐστι’
2279 3587 2298 3619 ι
2339 3568 2444 3620 Τὸν
2473 3566 2642 3620 νῶτόν
2665 3582 2767 3636 μου
2793 3565 3003 3619 δέδωκα
3050 3565 3132 3629 εἰς
3173 3564 3468 3634 μάστιγας.
3506 3582 3526 3614 ι
3568 3562 3687 3616 Καὶ

2090 3661 2171 3725 τὸ,
2208 3678 2226 3711 ι
2266 3660 2656 3731 Διεμερίσαντο
2705 3656 2777 3709 τὰ
2833 3654 3030 3726 ἱμάτιά
3079 3671 3181 3725 μου
3238 3655 3475 3715 ἑαυτοῖς.
3513 3669 3531 3703 ι
3583 3651 3690 3704 Ἐκ

2091 3754 2191 3826 τῆς
2232 3754 2288 3808 δὲ
2334 3753 2442 3807 τῶν
2472 3750 2644 3804 ἐθνῶν
2706 3747 3034 3818 Ἐκκλησίας
3066 3747 3366 3816 ἄρχοντας
3404 3746 3687 3807 ἔσεσθαι,

2095 3846 2259 3916 φησὶν
2295 3844 2384 3898 ἐπ’
2413 3844 2607 3914 αὐτῆς.
2637 3841 2795 3897 Κατὰ
2819 3842 2927 3913 γὰρ
2958 3840 3122 3895 Δαόίδ
3144 3857 3157 3871 ·
3204 3859 3223 3890 ι
3273 3839 3360 3902 Ὡς
3386 3838 3448 3889 τὸ
3489 3837 3692 3898 σκότος

2094 3938 2285 4006 αὐτῆς,
2321 3937 2463 3991 οὕτω
2489 3936 2671 3989 καὶτὸ
2694 3934 2809 4005 φῶς
2838 3935 3029 4004 αὐτῆς.
3068 3951 3086 3984 ι
3118 3931 3316 4001 Γέγονε
3348 3930 3456 4001 γὰρ
3499 3931 3533 3998 ή
3571 3929 3640 3998 μέ
3660 3956 3693 3969 -

2093 4031 2251 4084 λαινα
2279 4026 2800 4098 λελευκανθισμένη.
2852 4026 2983 4090 Καὶ,
3023 4043 3042 4075 ι
3083 4019 3158 4078 Ob
3204 4022 3599 4093 ἐπερίσσευσεν
3648 4022 3689 4089 ἠ

2096 4124 2340 4196 ἁμαρτία
2366 4165 2381 4188 ,
2414 4120 2951 4193 ὑπερεπερίσσευσεν
3001 4118 3037 4187 ἡ
3059 4117 3240 4186 χάρις.
3277 4133 3296 4165 ι
3347 4111 3533 4165 Ταῦτα
3582 4110 3688 4182 μὲν

2096 4214 2189 4272 οὖν
2203 4217 2306 4286 ἔφη
2334 4215 2482 4280 Θεὸς
2508 4205 2581 4266 ὧν
2605 4208 2970 4283 προαγορεύει
2990 4207 3279 4278 γινώσκων
3304 4204 3371 4259 τὰ
3395 4203 3686 4273 μέλλοντα.

2097 4310 2221 4362 6εοί
2253 4307 2311 4362 δὲ
2343 4304 2562 4377 ψευδεῖς
2591 4304 2743 4366 ὄντες
2768 4303 2817 4354 οἰ
2842 4293 3309 4371 δαίμονεξμάτην
3346 4296 3491 4366 ὑμᾶς
3537 4293 3704 4363 ἠπα-

2097 4418 2208 4455 των
2236 4398 2388 4454 ούδὲν
2434 4398 2590 4450 αὐτοὶ
2623 4393 3114 4464 προγινώσκοντες.
3166 4392 3410 4460 Κατηχεί
3448 4386 3559 4458 γὰρ
3592 4385 3691 4440 διὰ

2097 4491 2304 4545 τούτων
2334 4489 2459 4553 τοὺς
2491 4486 2758 4551 ὲθνικοὺς,
2783 4484 2875 4548 οὓς
2906 4485 2986 4547 εἰς
3015 4483 3108 4536 τὸν
3151 4482 3308 4549 λόγον
3361 4481 3688 4550 παρήγαγε,

402 4590 533 4645 dum
563 4605 658 4645 cus
678 4589 732 4642 in
757 4600 1068 4642 sermonem
1102 4584 1369 4638 inducens
1410 4581 1595 4636 futura
1625 4596 1683 4635 se
1719 4596 1989 4649 praenosse

2104 4584 2389 4655 μάρτυρας
2415 4579 2590 4648 λέγων
2617 4578 2762 4649 ἔχειν
2813 4576 2906 4630 τοῦ
2941 4573 3251 4646 προειδέναι
3296 4571 3366 4624 τὰ
3419 4570 3693 4641 μέλλοντα

405 4680 798 4751 prophetarum
848 4692 1074 4734 suorqu
1105 4673 1418 4729 testimonio
1464 4672 1825 4728 demonstrat.
1852 4671 1988 4739 Quis

2093 4678 2219 4741 τοὺς
2250 4675 2409 4739 ἰδίους
2448 4673 2750 4745 προφήτας.
2780 4670 2904 4734 Τοῖς
2930 4669 2986 4721 δὲ
3016 4666 3237 4737 δαίμοσι
3273 4665 3359 4727 τίς
3382 4659 3694 4758 mrum}

405 4780 586 4828 autem
620 4769 963 4829 daemonibus
990 4768 1138 4822 testis
1173 4766 1298 4831 erit,
1344 4765 1452 4821 tale
1507 4763 1714 4834 aliquid
1787 4778 1886 4820 eos
1925 4779 1989 4819 ex

2093 4786 2278 4834 σειεν,
2309 4767 2385 4830 ὡς
2414 4765 2482 4819 δι’
2508 4762 2674 4817 αὐτοῦ
2709 4772 2731 4800 ι
2763 4779 2817 4815 τι
2849 4759 3210 4832 προειρηκόσι
3240 4758 3369 4826 περί
3407 4755 3508 4822 τῆς
3544 4754 3691 4823 Χρι-

405 4881 534 4924 sese
563 4865 629 4920 de
647 4861 851 4919 Christi
874 4860 1135 4925 adventu,
1163 4860 1339 4930 deque
1360 4874 1460 4915 suo
1490 4857 1735 4929 ipsorum
1767 4857 1989 4912 interitu

2095 4862 2223 4918 στοῦ
2250 4856 2574 4931 παρουσίας,
2595 4855 2691 4909 καὶ
2715 4853 2815 4923 τῆς
2832 4852 3020 4905 αὐτῶν
3040 4849 3445 4919 καθαιρέσεως;
3480 4845 3690 4899 Οὐδένα

407 4954 775 5032 praedixisse?
809 4954 1032 5009 Nullum
1063 4953 1208 5009 enim
1228 4967 1286 5008 se
1314 4967 1434 5007 vera
1468 4950 1788 5023 praedixisse
1816 4958 1989 5005 testem

2094 4956 2223 5028 γὰρ,
2251 4953 2326 5016 ὼς
2351 4948 2550 5017 ἁληθῆ
2584 4945 2964 5017 προειπόντες,
2996 4941 3178 5013 έχουσι
3194 4938 3484 5032 μάρτυρα,
3619 4934 3689 4988 ἂν

406 5026 579 5107 citare
630 5054 857 5121 queant,
889 5059 951 5103 ut
1002 5061 1063 5102 se
1100 5045 1193 5115 qui
1253 5044 1538 5099 audierunt
1602 5050 1989 5113 sequerentur;

2098 5026 2284 5108 αὐτοῖς
2332 5039 2679 5096 ἀκολουθοῖεν
2729 5036 3061 5098 ἀκούοντες
3109 5030 3289 5086 αὐτῶν
3312 5068 3324 5082 .
3362 5027 3520 5082 Τοῦτ’
3542 5026 3686 5088 ἐστι.

410 5146 462 5202 id
496 5152 604 5208 est,
644 5114 703 5198 ut
761 5142 1068 5205 laudarent,
1094 5114 1150 5194 et
1201 5137 1684 5208 amplecterentur,
1738 5141 1989 5203 tauquam

2114 5133 2492 5196 σνδναινοῦντές
2509 5147 2568 5184 τε
2591 5129 2686 5184 καὶ
2716 5125 3050 5196 πειθόμενοι,
3069 5122 3145 5187 ὡς
3174 5119 3440 5191 ἐγνωκόσι
3465 5117 3536 5172 τὰ
3558 5114 3692 5186 μέλα

413 5232 746 5291 luturorum'
781 5233 1059 5305 praescios,
1112 5227 1282 5302 εδδ
1327 5228 1586 5298 justeque
1630 5227 1685 5282 in
1721 5226 1900 5296 pretio
1950 5235 1989 5280 οι

2112 5230 2292 5292 λοντα,
2318 5226 2411 5280 καὶ
2444 5221 2779 5295 τιμωμένοις
2799 5218 3051 5281 δικαίως.

413 5328 622 5383 honore
651 5327 886 5383 habitus.

485 5441 534 5473 ’⁸
575 5439 765 5493 Matth.
800 5456 887 5502 xv,
926 5440 1017 5494 24.
1099 5439 1143 5470 ’⁸
1181 5434 1343 5489 Joan.
1368 5449 1455 5497 XI,
1487 5433 1576 5488 5'2.
1634 5431 1700 5502 7"
1725 5429 1870 5502 Psal_.
1897 5444 1973 5497 cn,

2180 5430 2226 5461 ’⁷
2252 5395 2407 5502 Rom.
2436 5423 2625 5502 χερί-2.
2705 5423 2751 5456 ⁸⁸
2780 5420 2941 5502 lugu.
2976 5435 3107 5487 xm,
3162 5419 3213 5475 4.
3316 5417 3362 5449 ⁸⁸
3396 5412 3602 5484 Ephes.
3626 5421 3686 5478 ν,

414 5507 471 5568 8.
547 5491 770 5565 "illam.
794 5491 1117 5575 stitit—,IS.
1196 5509 1238 5539 ³⁸
1274 5504 1415 5560 Psal.
1443 5491 1556 5567 im,
1591 5501 1693 5563 19..
1754 5501 1804 5533 "
1839 5491 1987 5556 Psal'.

2093 5515 2282 5563 xxvut,
2319 5499 2409 5554 12.
2486 5497 2531 5530 ³³
2560 5493 2716 5552 Rom.
2758 5508 2814 5559 ν,
2843 5491 2939 5548 20.

1721 5640 1808 5696 VA
1821 5640 1957 5695 llle
1991 5636 2401 5695 LECTIONES.

498 5775 522 5803 °
555 5788 645 5841 rp.
685 5768 797 5823 ἔστι
824 5782 929 5830 τις.
1022 5771 1159 5833 Pw.
1199 5761 1407 5831 γέγονε.
1483 5769 1512 5811 *ι
1553 5777 1644 5829 γρ.
1663 5758 1814 5829 δηλοῖ
1841 5757 1920 5811 τό.
1999 5767 2020 5797 τ
2047 5774 2135 5827 πο.
2160 5755 2225 5809 δι’
2248 5751 2450 5810 αὐτῶν.
