4032 6218
392 384 533 450 2389

1516 385 2046 447 COMMENTARII
2110 386 2188 444 IN
2251 386 2539 446 ISAIAM.

3506 378 3650 443 2390

477 497 638 551 Ἀλλὰ
669 497 840 550 ταῦτα
873 499 1212 568 μὲνέκεῖνοι⁴
1249 501 1404 570 ὑμεῖς
1444 501 1522 561 δὲ.
1569 494 1614 552 ὦ
1661 500 1959 570 προφῆται,

2140 497 2242 552 Sed
2284 498 2360 551 illi
2417 499 2634 568 quidem
2693 501 2792 552 ista
2829 519 2840 552 :
2873 516 2973 554 vos
3005 507 3211 562 autem,
3249 515 3282 552 ο
3344 497 3652 568 prophetam

389 589 642 660 τένδσθέ
669 606 771 658 μοι
821 587 1114 657 μάρτυρες
1140 608 1153 621 ο
1188 591 1552 659 μαρτυρήσω
1580 590 1642 644 δὲ
1685 591 1808 644 σὺν
1868 588 1971 654 Υιῷ

393 679 574 748 κάγὼ,
611 679 800 750 φησιν,
831 679 1318 750 ἐμαυτῷ.Ἔλεγεν
1346 682 1454 751 γὰρ
1486 684 1514 734 ὁ
1548 683 1768 752 Σωτήρ’
1790 700 1807 733 ι
1846 680 1972 734 Ἐὰν

391 774 506 840 ἐγὼ
536 771 799 843 μαρτυρῶ
833 771 962 841 περὶ
983 771 1242 838 ἐμαυτοῦ,
1273 773 1306 840 ἡ
1337 771 1612 841 μαρτυρία
1639 789 1738 842 μου
1767 771 1974 842 ἀληθής

391 867 566 924 ἐστιν,
621 865 703 917 ὅτι
746 858 864 916 οἶδα
893 862 1057 914 πόθεν
1085 863 1219 932 είμὶ,
1257 864 1352 915 καὶ
1404 863 1506 914 ποῦ
1550 862 1764 930 ὑπάγω.
1796 881 1814 914 ι
1868 864 1974 916 Καὶ

399 955 593 1009 πάλινο
635 975 652 1006 ι
705 954 849 1022 Ἐγὼ
886 955 1149 1025 μαρτυρῶ
1179 956 1308 1026 περὶ
1335 955 1597 1025 ἐμαυτοῦ,
1624 955 1717 1008 καὶ
1764 971 1972 1025 μαρτυ-

398 1049 482 1116 ρεῖ
519 1049 648 1114 περὶ
678 1045 810 1115 ἐμοῦ
837 1047 864 1099 ὁ
895 1046 1117 1114 πέμψας
1154 1063 1219 1114 με
1247 1047 1458 1116 Πατήρ,
1497 1045 1667 1098 Ταυτὶ
1699 1044 1777 1107 δὲ,
1808 1044 1968 1114 φησι,

395 1138 670 1206 λελάληκα
717 1139 867 1208 ὑμῖν,
916 1137 1018 1191 ἵνα
1063 1137 1271 1206 γνῶτε,
1304 1136 1402 1190 καί
1448 1137 1836 1202 πιστεύσητε.
1879 1135 1978 1188 καὶ

394 1227 630 1297 συνῆτε
668 1229 755 1282 ὅτι
785 1229 898 1299 ἐγώ
945 1232 1082 1295 εἰμι.
1116 1247 1134 1280 ι
1166 1230 1262 1282 Διὰ
1284 1229 1393 1301 γὰρ
1423 1229 1676 1298 γνώσεως
1698 1231 1730 1297 ὴ
1771 1228 1973 1290 πίστις.

400 1323 501 1376 Διὰ
527 1323 583 1376 δέ
606 1323 706 1392 τῆς
730 1323 988 1385 πίστεως,
1022 1323 1054 1392 ἡ
1091 1320 1328 1384 σύνεσις.
1389 1339 1406 1372 ι
1465 1320 1589 1374 Ἐὰν
1625 1321 1731 1390 γὰρ
1761 1320 1833 1390 μὴ
1882 1327 1975 1371 πι-

405 1403 694 1485 στέύσητε,
735 1416 844 1468 οὐδ’
881 1415 942 1467 οὐ
980 1415 1054 1484 μὴ
1083 1413 1301 1482 συνῆτε,
1335 1433 1352 1465 ι
1381 1413 1564 1482 φησίν.
1602 1413 1697 1466 Ὧν
1729 1411 1785 1465 δὲ
1811 1410 1977 1474 ἀΐδιός

398 1510 515 1578 ειμι
542 1508 636 1560 καὶ
664 1508 876 1578 Σωτήρ.
933 1507 1042 1560 Καὶ
1089 1509 1350 1576 προεῖπον
1391 1505 1480 1558 ὅτι
1529 1503 1713 1568 σώζω,
1763 1505 1856 1557 καὶ
1889 1501 1977 1555 διὰ

400 1597 634 1670 Χριστοῦ
661 1597 796 1668 πρὸς
826 1598 986 1669 ἔργον
1011 1599 1216 1668 ἢγαγον
1274 1596 1570 1650 Ὠνείδισα
1586 1596 1662 1658 δὲ,
1681 1596 1835 1665 φησὶ,
1867 1597 1980 1658 τοῖς

399 1688 459 1752 ἐξ
501 1687 738 1758 Ἰσραὴλ,
765 1688 846 1740 ὅτι
877 1687 1149 1757 φιλήδονοι
1189 1687 1390 1756 μᾶλλον
1417 1685 1592 1748 ὅντες,
1627 1685 1658 1754 ἦ
1716 1683 1976 1753 φιλόθεοι,

397 1781 490 1832 τὸν
515 1777 646 1848 ἐμὸν
676 1777 1009 1848 παρέϐαινον
1053 1779 1238 1848 νόμον.
1282 1776 1424 1846 Ἐγὼ
1469 1778 1527 1831 δέ
1583 1777 1670 1829 διὰ
1701 1776 1978 1846 πολεμίων

397 1867 585 1935 ἐφόδου
641 1866 863 1930 τούτους
903 1867 1209 1932 ἐπαίδευον,
1264 1868 1353 1920 ὅτε
1391 1868 1483 1920 καὶ
1535 1866 1636 1937 τὴν
1667 1867 1796 1936 παρ’
1839 1866 1974 1937 ἐμοῦ

397 1958 673 2029 σωτηρίαν
713 1960 961 2028 ἐζήτουν.
999 1961 1180 2032 ’Ὅπερ
1223 1960 1404 2022 αὐτοῖς
1433 1960 1714 2013 ὼνείδισα
1756 1959 1846 2012 διὰ
1881 1961 1980 2029 τῆς

411 2051 676 2119 Ἱερεμίου
712 2051 898 2120 φωνῆς
927 2051 1101 2119 λέγων
1119 2067 1132 2081 ·
1174 2071 1191 2102 ι
1233 2051 1322 2104 Ἐν
1342 2050 1421 2122 τῷ
1451 2051 1628 2122 καιρῷ
1657 2051 1764 2102 τῶν
1791 2051 1980 2104 κακῶν

392 2142 577 2196 αὐτῶν
616 2142 857 2212 ἐροῦσιν,
899 2143 1158 2208 Ἀνάστα,
1218 2145 1312 2196 καὶ
1358 2143 1532 2196 σῶσον
1592 2145 1758 2212 ἡμᾶς.
1799 2162 1817 2194 ι
1851 2141 1977 2207 Καὶ,

403 2254 422 2285 ι
455 2234 564 2287 Ποῦ
588 2235 730 2287 εἰσιν
776 2236 825 2288 oi
858 2234 969 2287 θεοί
1025 2251 1139 2298 σου,
1177 2235 1268 2298 οὓς
1325 2234 1588 2304 ἐποίησας
1637 2234 1883 2304 σεαυτῷ;
1934 2235 1982 2286 εἰ

396 2329 796 2390 ἀναστήσονται
820 2328 913 2382 καὶ
937 2327 1170 2380 σώσουσί
1199 2345 1256 2380 σε
1281 2331 1337 2382 ὲν
1362 2327 1540 2398 καιρῷ
1562 2327 1662 2397 τῆς
1682 2326 1980 2389 κακώσεως

399 2435 495 2470 σου
517 2434 532 2483 ;
574 2437 591 2470 ι
625 2417 790 2478 Σώζω
816 2419 998 2473 τοίνυν
1013 2421 1202 2488 μόνος
1225 2420 1357 2489 ἐγὼ,
1385 2420 1460 2484 ὡς
1480 2419 1740 2473 δύνασθαι
1778 2419 1983 2491 μηδένα

395 2509 508 2562 τῶν
572 2508 732 2578 ἐμῶν
776 2509 1114 2577 ἐξαρπάσαι
1169 2509 1385 2579 χειρῶν
1439 2510 1546 2563 τὸν
1606 2509 1978 2578 σωζόμενον·

397 2600 656 2670 ποιήσω.
683 2603 778 2656 καί
819 2602 906 2668 τίς
927 2602 1330 2670 ἀποστρέψεις
1365 2603 1530 2665 αὐτὸς
1567 2602 1759 2656 ἔδωκα
1788 2603 1895 2673 γὰρ
1916 2603 1982 2656 τὰ

398 2694 553 2764 ἔθνη,
587 2696 680 2748 καὶ
733 2695 818 2758 τίς
845 2693 1005 2747 τοῦτο
1061 2693 1361 2763 μεταϐαλεῖ
1425 2696 1561 2764 πρὸς
1597 2696 1656 2748 τὸ
1697 2696 1772 2764 μὴ
1811 2694 1985 2757 οὕτως

399 2786 582 2855 ἐχεινς
613 2787 695 2839 διὸ
751 2787 883 2854 περὶ
911 2787 1022 2838 τῶν
1050 2784 1246 2838 ἐαυτοῦ
1278 2786 1569 2855 προϐάτων
1597 2785 1782 2853 ἔλεγεν
1814 2788 1841 2838 ὁ
1873 2786 1984 2838 Σω-

401 2881 536 2946 τήρο
573 2897 590 2929 ι
619 2876 795 2944 Κάγὼ
820 2878 1009 2947 δίδωμι
1038 2877 1222 2939 αὐτοῖς
1251 2875 1398 2947 ζωὴν
1428 2877 1668 2936 αἰώνιον,
1695 2879 1790 2928 καὶ
1821 2878 1882 2928 οὐ
1911 2876 1985 2946 μὴ

400 2970 713 3024 ἀπόλωνται
759 2971 838 3032 είς
893 2969 984 3022 τὸν
1039 2969 1234 3022 αἰῶνα.
1294 2969 1406 3020 Καὶ
1451 2967 1514 3020 οὑ
1551 2968 1624 3036 μὴ
1653 2969 1878 3040 ἁρπάσῃ
1901 2985 1986 3031 τις

403 3062 546 3116 αὐτὰ
573 3065 638 3116 ἐκ
671 3065 771 3132 της
800 3062 982 3132 χειρός
1016 3079 1140 3132 μου.
1189 3059 1247 3113 Ὀ
1273 3061 1483 3130 Πατὴρ,
1528 3059 1585 3124 ὃς
1635 3059 1836 3113 δέδωκέ
1872 3078 1983 3129 μοι,

2073 596 2234 641 estote
2279 588 2408 641 mihi
2453 597 2626 640 testes.
2662 588 2779 656 Ipse
2817 604 2940 642 vero
3001 589 3131 642 mihi
3180 604 3298 641 cum
3328 583 3460 640 Filio
3509 589 3655 641 testis

2077 675 2249 732 fuero.
2286 676 2505 731 Dicebat
2531 678 2675 730 enim
2703 675 2952 730 Salvator
2985 696 2996 729 :
3024 696 3041 728 ι
3073 677 3129 731 Si
3154 692 3256 746 ego
3281 675 3655 730 testimonium

2077 771 2334 840 pcrhiheo
2365 771 2432 825 de
2471 787 2557 824 me
2611 773 2754 841 ipso,
2786 773 3157 828 testimonium
3220 786 3400 826 meum
3468 787 3656 825 verum

2075 870 2159 917 est
2191 877 2205 914 :
2239 864 2365 930 quia
2401 877 2502 932 ego
2531 864 2653 916 novi
2683 861 2826 916 unde
2855 878 2999 923 sum,
3031 872 3082 917 et
3117 879 3225 933 quo
3253 863 3394 916 vado
3423 861 3490 915 “.
3529 881 3546 913 ι
3591 861 3658 916 Ει

2079 970 2314 1008 rursus:
2357 973 2374 1004 ι
2402 953 2514 1025 Ego
2579 955 2952 1009 testimonium
3007 955 3265 1023 perhibeo
3295 957 3360 1009 de
3423 955 3656 1024 meipso,

2077 1052 2131 1098 ct
2187 1052 2415 1100 testatur
2453 1045 2519 1100 de
2571 1060 2678 1110 me,
2717 1045 2809 1114 qui
2871 1045 3018 1100 misit
3063 1061 3146 1100 me
3201 1045 3360 1100 l‘ater
3409 1047 3474 1102 ³³.
3537 1045 3660 1101 llazc

2080 1147 2261 1192 autem
2304 1139 2518 1192 loeutus
2547 1154 2666 1193 sum
2693 1139 2866 1202 vobis,
2899 1147 2955 1191 ut
2983 1139 3190 1204 sciatis,
3222 1150 3270 1192 et
3293 1141 3545 1201 credatis.
3607 1151 3656 1193 et

2079 1229 2409 1299 intelligetis,
2440 1231 2564 1300 quia
2593 1247 2684 1299 ego
2707 1247 2844 1284 sunt.
2890 1249 2908 1282 ι
2954 1230 3115 1284 Fides
3149 1230 3292 1285 enim
3327 1232 3660 1302 cognitione,

2081 1321 2186 1376 ﬁde
2230 1330 2410 1376 autem
2465 1323 2823 1392 intelligentia
2872 1333 3245 1393 comparatur.
3292 1340 3310 1372 ι
3343 1322 3458 1377 Nisi
3517 1324 3661 1376 enim

2081 1413 2444 1479 credideritis,
2474 1415 2667 1484 inquit,
2705 1430 2811 1468 non
2840 1415 3150 1485 intelligetis
3176 1415 3240 1468 ⁸⁸.
3273 1434 3290 1467 ι
3324 1415 3428 1481 Qui
3482 1425 3663 1468 autem

2082 1522 2202 1562 sum
2233 1514 2491 1570 aeternus,
2516 1522 2636 1560 sum
2661 1507 2801 1561 idem
2826 1514 2881 1559 et
2912 1505 3184 1561 Salvator.
3207 1505 3272 1560 Et
3300 1508 3392 1576 qui
3426 1496 3664 1576 prazmisi
3736 1570 3742 1577 ,

2081 1599 2290 1652 salvare
2318 1615 2424 1664 me,
2468 1598 2520 1652 id
2553 1599 2842 1668 etiam‘per
2866 1597 3150 1652 Christum
3184 1613 3375 1667 reapse
3410 1597 3662 1668 praestiti.

2082 1690 2416 1759 Exprobravi
2445 1699 2649 1755 autem,
2691 1690 2888 1761 inquit,
2932 1690 3142 1756 lsraeli,
3170 1705 3295 1744 eum
3340 1689 3514 1758 ipsum
3565 1704 3666 1744 vo-

2084 1784 2377 1853 luptatum,
2405 1797 2568 1853 quam
2629 1781 2718 1837 Dei
2742 1797 2863 1837 esse
2904 1781 3306 1848 amantiorem;
3341 1781 3433 1852 qui
3496 1783 3664 1850 legem

2085 1891 2258 1930 meam
2292 1874 2640 1945 praetergredi
2679 1891 2786 1930 non
2824 1873 3116 1929 dubitarit.
3145 1874 3248 1928 Sed
3318 1872 3537 1929 eosdem
3569 1886 3667 1941 ego

2084 1969 2368 2023 invasione
2425 1969 2665 2024 hostium
2721 1967 2983 2037 castigavi
3011 2007 3025 2033 ,
3062 1981 3184 2021 cum
3215 1981 3243 2019 a
3307 1982 3390 2020 me
3438 1965 3666 2019 salutem

2083 2066 2410 2131 quaererent,
2463 2061 2734 2128 sicut,per
2766 2056 3056 2113 Jeremiam
3091 2055 3404 2127 exprobravi
3431 2055 3515 2110 bis
3545 2070 3668 2108 ver-

2085 2155 2169 2210 bis
2204 2172 2260 2208 τι
2293 2154 2612 2223 lntempore
2653 2152 2918 2206 malorum
2961 2167 3185 2206 suorum
3214 2151 3420 2212 dicent,
3457 2149 3666 2201 Exsur-

2083 2261 2169 2314 ge,
2197 2253 2250 2298 et
2292 2246 2440 2300 salva
2479 2259 2576 2297 nos
2605 2245 2668 2284 ³⁷-
2705 2261 2724 2294 ι
2767 2240 2869 2296 Et:
2912 2261 2931 2294 ι
2967 2240 3071 2296 Ubi
3101 2249 3231 2296 sunt
3289 2240 3365 2294 dii
3396 2239 3494 2304 tui,
3530 2252 3669 2306 quos

2085 2332 2288 2386 frustra
2319 2329 2495 2386 fecisti
2542 2329 2691 2384 tibi?
2723 2346 2851 2383 num
2888 2337 3115 2398 surgent
3162 2338 3215 2383 et
3254 2329 3564 2382 liberabunt
3617 2335 3670 2380 te

2085 2423 2140 2478 in
2181 2433 2423 2493 tempore
2456 2423 2769 2476 aillictionis
2798 2429 2904 2476 tuae
2933 2421 3016 2474 “'2
3044 2439 3060 2472 ι
3099 2420 3326 2474 Salvabo
3382 2419 3546 2488 igitur
3575 2433 3670 2487 ego

2085 2517 2270 2582 solus;
2305 2531 2404 2569 nec
2439 2515 2639 2584 poterit
2659 2515 2959 2583 quisquam
2999 2513 3250 2566 manibus
3283 2513 3410 2564 meis
3464 2527 3668 2567 eruere.

2086 2625 2246 2678 quem
2297 2608 2504 2660 salvare
2558 2614 2822 2662 statuero.
2882 2603 3127 2668 Faciam,
3178 2611 3227 2656 et
3281 2606 3398 2672 quis
3436 2605 3674 2656 avertet?

2088 2703 2208 2772 Ipse
2249 2701 2449 2754 salvari
2475 2707 2684 2770 gciites,
2717 2709 2771 2751 et
2805 2697 2930 2767 quis
2963 2707 3063 2761 est,
3102 2696 3194 2766 qui
3266 2711 3378 2750 rem
3432 2697 3505 2748 ita
3561 2711 3670 2747 non

2089 2793 2292 2848 habere
2318 2793 2498 2857 dicat;
2529 2797 2622 2844 aut
2658 2789 2914 2844 infectam
2955 2789 3195 2843 reddat?
3225 2787 3363 2841 llinc
3392 2796 3476 2841 est
3505 2789 3671 2856 igitur

2091 2883 2244 2945 illud,
2271 2883 2411 2952 quod
2456 2881 2526 2936 de
2556 2881 2674 2934 suis
2724 2881 2918 2934 ovibus
2949 2880 3164 2950 dicebat
3207 2879 3498 2932 SaIVator:
3545 2897 3562 2928 ι
3610 2876 3674 2931 Ει

2091 2993 2192 3048 ego
2224 2976 2346 3031 dedi
2380 2975 2461 3029 eis
2491 2973 2657 3026 vitam
2691 2974 3105 3041 sempiternam,
3143 2985 3316 3038 neque
3340 2969 3590 3038 peribunt
3616 2968 3669 3020 in

2093 3067 2374 3128 saaculum,
2419 3078 2596 3133 neque
2624 3077 2717 3117 eas
2771 3061 3004 3130 abripiet
3047 3059 3336 3129 quisquam
3389 3058 3456 3112 de
3508 3073 3673 3112 manu

407 3156 626 3208 πάντων
658 3154 858 3224 μείζων
891 3154 1029 3217 ἐστί,
1061 3153 1156 3206 καὶ
1179 3151 1355 3212 οὐδεὶς
1375 3151 1600 3204 δύναται
1631 3151 1902 3220 ἁρπάζειν
1925 3155 1983 3204 ἐκ

2096 3173 2235 3212 mea.
2272 3155 2453 3220 Pater,
2481 3156 2573 3224 qui
2613 3153 2761 3209 dedit
2793 3153 2946 3217 mihi,
2976 3153 3221 3205 omnium
3244 3158 3328 3205 est
3357 3149 3666 3220 potentissi-

406 3248 507 3317 τῆς
537 3247 715 3317 χειρὸς
745 3247 841 3300 τοῦ
867 3247 1107 3318 Πατὲρος
1147 3263 1270 3314 μου.
1330 3265 1348 3296 ι
1387 3245 1545 3314 Φωνὴ
1595 3245 1704 3313 γὰρ
1748 3244 1884 3314 αὑτὴ
1925 3247 1988 3314 τῇ

409 3340 748 3411 προκειμένῃ
778 3339 1100 3408 συνᾴδουσα.
1133 3335 1292 3399 Τινὲς
1324 3335 1380 3387 δὲ
1419 3335 1482 3387 τὸ
1507 3374 1520 3399 ,
1571 3335 1827 3401 ἐποίησα
1881 3333 1991 3386 ἆλ-

406 3431 609 3500 λαγμὰ
641 3447 758 3486 σου
785 3431 1111 3500 Αἴγυπτον,
1147 3431 1226 3492 είς
1260 3429 1570 3500 ὑπόμνησιν
1611 3425 1866 3496 είρῆσθαι
1895 3427 1992 3496 τῆς

408 3526 468 3590 ἐξ
499 3524 777 3592 Αἰγύπτου
802 3526 964 3593 φασὶν
993 3525 1331 3594 ἐλευθερίας.
1354 3528 1493 3582 Ὄλα
1525 3528 1635 3597 γὰρ
1662 3526 1790 3595 ἔθνη
1819 3543 1991 3594 τιμω-

414 3612 727 3682 ρησάμενος
762 3611 918 3683 ὑμῶν
948 3615 1519 3686 ἀντικατηλλαξάμην.
1566 3615 1869 3686 Τοιγαροῦν
1896 3616 1994 3666 ἐπ-

413 3705 555 3772 άγειο
575 3704 700 3774 Ἀφ’
721 3701 793 3762 οὗ
811 3705 1052 3776 ἔντιμος
1073 3707 1289 3778 ἐγένου
1317 3708 1576 3761 ἐνώπιον
1599 3708 1766 3776 ἐμοῦ,
1787 3705 1995 3769 ἐδοξάο

409 3801 585 3863 σθης.
617 3799 691 3850 Οὐ
721 3797 830 3869 γὰρ
848 3799 1025 3871 οἰκείᾳ
1055 3800 1372 3871 δυνάμειτὰ
1395 3799 1524 3870 ἔθνη
1549 3799 1858 3869 νενίκηκας,
1888 3800 1992 3868 ἐμῇ

409 3887 467 3939 δὲ
489 3887 650 3961 ῥώμῃ
680 3905 742 3941 τε
774 3892 868 3942 καὶ
901 3891 1209 3961 συμμαχία,
1233 3893 1326 3944 καὶ
1349 3891 1417 3943 τὰ
1440 3891 1574 3961 πρὸς
1599 3890 1788 3960 χρείαν
1803 3890 1888 3942 ἀεὶ
1902 3906 1992 3958 χο-

413 3979 779 4050 ρηγήσαντος,
807 3980 878 4044 ὡς
903 3984 970 4034 τὰ
1000 3981 1161 4053 πέριξ
1195 3982 1321 4053 ἔθνη
1349 3981 1651 4052 Θαυμὰςειν
1681 3980 1995 4050 καταπλητ-

409 4070 633 4140 τόμενα.
660 4073 770 4126 Καὶ
804 4073 899 4126 νῦν
937 4073 994 4127 δὲ
1031 4074 1215 4142 δράσω
1237 4073 1304 4126 τὰ
1340 4074 1716 4144 παραπλήσια.
1749 4073 1867 4126 Κᾶν
1888 4071 1996 4142 γὰρ

409 4159 486 4221 ὼς
522 4159 766 4212 ἁλουσῶν
793 4161 900 4216 τῶν
942 4161 973 4215 ι’
1003 4163 1188 4230 φυλῶν
1221 4163 1582 4226 ὑπεκλύεσοε,
1633 4162 1740 4233 χρὴ
1775 4164 1996 4214 σκοπεῖν

410 4249 489 4312 ὡς
531 4251 582 4302 εί
634 4253 895 4323 γενοίμην
947 4255 1078 4324 ὑμῖν
1133 4255 1389 4326 εὐμενὴς,
1421 4256 1758 4325 πανταχόθεν
1794 4253 1998 4318 πάντες

409 4339 772 4410 συνάγεσθε,
801 4346 893 4398 καὶ
925 4346 986 4398 τὸ
1013 4346 1112 4414 τὴν
1159 4347 1459 4419 ἀνάκλησιν
1503 4348 1789 4401 κωλύσον
1819 4346 1994 4400 οὐδέν.

410 4432 523 4485 Καὶ
557 4433 657 4503 τὴν
688 4435 861 4507 ἀρχὴν
889 4436 998 4508 γὰρ
1021 4435 1171 4506 ἐμῆς
1194 4439 1358 4492 ἕνεκα
1392 4438 1577 4505 δόξης
1605 4437 1997 4509 περιεποιησά-

2096 3266 2247 3313 inus;
2271 3265 2369 3304 nec
2408 3255 2587 3318 potest
2615 3246 2903 3316 quisquam
2953 3259 3146 3312 rapere
3187 3243 3254 3297 de.
3285 3258 3447 3296 manu
3496 3240 3676 3295 Patris

2096 3343 2288 3398 inci”.
2327 3361 2344 3393 ι
2379 3339 2664 3394 Consentit
2714 3337 2857 3391 enim
2914 3350 3014 3389 vox
3079 3334 3203 3396 iSta,
3261 3349 3382 3387 cum
3435 3334 3503 3388 iis
3556 3347 3678 3402 quae

2095 3435 2253 3489 nobis
2318 3446 2346 3484 a
2401 3430 2665 3500 propheta
2726 3433 3128 3498 proponuntur.
3186 3424 3443 3501 Nonnulli
3493 3435 3672 3479 autem

2094 3525 2238 3596 quod
2275 3524 2375 3594 {cci
2397 3523 2862 3576 commutationem
2908 3529 3054 3572 tuam
3086 3515 3376 3588 (Egyptian:
3407 3517 3561 3579 dixit,
3593 3517 3678 3571 id—

2097 3619 2313 3688 ipsum;
2349 3624 2407 3668 ut
2438 3629 2497 3668 se
2544 3611 2865 3683 Egyptiaca
2920 3612 3182 3665 servitute
3245 3609 3503 3663 liberatos
3557 3624 3678 3660 esse

2099 3706 2465 3768 meminerint,
2500 3703 2811 3772 appositum
2841 3701 3225 3764 arbitrantur;
3257 3701 3413 3769 quasi
3460 3708 3677 3768 sumpta

2095 3800 2163 3855 de
2198 3797 2449 3869 gentibus
2473 3795 2741 3848 universis
2772 3793 2976 3846 ultione
3002 3793 3124 3846 illos
3165 3792 3217 3845 in
3245 3793 3471 3845 istorum
3500 3792 3677 3844 locum

2096 3905 2156 3945 se
2193 3886 2544 3942 substituisse
2573 3885 2738 3937 dicat.
2775 3880 2961 3951 Itaque
2988 3880 3175 3950 adjicit
3212 3897 3226 3932 :
3259 3881 3332 3935 Ex
3383 3898 3483 3950 qua
3517 3883 3682 3934 hono-

2097 3981 2287 4035 rabilis
2317 3978 2490 4046 [αι-ωε
2517 3993 2570 4030 es
2596 3976 2652 4028 in
2676 3984 2952 4038 conspectu
2983 3989 3113 4040 meo,
3141 3972 3474 4042 gloriﬁcatus
3513 3973 3678 4044 487

2064 4089 2172 4125 .es.
2211 4068 2394 4138 Neque
2425 4066 2570 4121 enim
2603 4073 2696 4118 ttia
2719 4064 2943 4128 virtute,
2978 4063 3070 4117 sed
3103 4063 3240 4118 meis
3275 4063 3501 4125 viribus,
3528 4079 3680 4118 meo-

2097 4175 2203 4231 que
2225 4157 2433 4212 auxilio
2462 4163 2654 4228 gentes
2690 4155 2985 4224 superasti.
3019 4153 3110 4223 qui
3141 4153 3274 4206 nulli
3308 4162 3358 4208 te
3381 4153 3542 4208 rebus
3559 4171 3680 4226 ege-

2100 4269 2158 4308 re
2187 4265 2382 4322 passus
2414 4250 2516 4304 siin
2546 4265 2561 4302 :
2596 4246 2736 4301 unde
2770 4253 2824 4300 et
2858 4246 3053 4301 vicinis
3093 4245 3333 4316 undique
3366 4246 3682 4314 regionibus

2098 4353 2306 4411 magnae
2336 4353 2445 4392 non
2481 4334 2831 4390 admirationi
2883 4345 3114 4397 tantum,
3143 4335 3236 4392 sed
3274 4337 3470 4391 terrori
3520 4338 3682 4391 etiam

2099 4430 2378 4490 exstitisti.
2433 4429 2594 4498 Atqui
2635 4427 2746 4483 illis
2773 4427 3074 4482 etiamnum
3131 4427 3289 4499 plane
3345 4427 3544 4483 similia
3587 4428 3684 4481 ad-

413 4539 522 4596 μην
551 4525 716 4597 ὑμᾶς,
746 4529 840 4581 καὶ
869 4528 937 4580 τὰ
964 4529 1100 4600 πρὸς
1133 4530 1234 4600 ἐμὲ
1281 4530 1738 4600 τυφλώττονττας
1774 4529 1983 4583 ἐλευθε-

2100 4527 2369 4581 missurus
2392 4522 2518 4577 sim.
2549 4519 2667 4575 Etsi
2693 4519 2840 4574 enim
2900 4526 3160 4590 tanquam
3195 4520 3372 4590 captis
3430 4519 3684 4575 tribubus

413 4617 535 4686 ρίας
588 4619 820 4687 ἠξίωσα.
861 4623 934 4675 Οὐ
996 4622 1106 4692 γὰρ
1157 4621 1372 4676 οἴκοθεν
1410 4621 1657 4692 κινηθεὶς
1706 4619 1991 4690 ᾠκειώοης

407 4710 553 4780 ἐμοί.
578 4711 643 4765 Τί
665 4709 758 4766 οῦν
786 4714 925 4784 μετὰ
948 4711 1222 4786 τοσαύτην
1246 4719 1465 4787 πεῖραν,
1487 4715 1563 4777 ὡς
1597 4715 1733 4785 μήτε
1763 4715 1985 4779 ἰδόντες,

411 4801 554 4872 μήτε
597 4804 704 4873 μην
729 4806 1028 4875 ἀκηκοότες
1063 4807 1480 4876 τυφλώττετε;

2098 4621 2309 4684 decem,
2366 4631 2534 4687 prope
2586 4612 2842 4674 dcticitis.
2913 4628 3021 4667 non
3090 4613 3342 4684 ignorare
3374 4627 3470 4667 vos
3528 4609 3686 4665 decet

2096 4722 2302 4772 tamen,
2324 4723 2432 4773 me,
2465 4707 2510 4763 si
2542 4705 2788 4777 placidus
2811 4718 2936 4760 esse
2959 4719 3199 4773 cmpero,
3233 4720 3421 4759 omnes
3445 4703 3688 4773 undique

2097 4813 2427 4866 coacturum,
2459 4814 2638 4868 neque
2671 4795 2964 4852 revocandi
3018 4795 3332 4850 institutum
3387 4794 3686 4866 quidquam

409 4907 534 4947 esse
585 4895 994 4962 prohibiturum.
1035 4897 1169 4951 Nam
1217 4909 1270 4953 et
1333 4915 1430 4954 vos
1463 4900 1532 4954 ab
1590 4898 1749 4953 initio
1803 4897 1987 4968 gloria:
2027 4917 2152 4954 mea:
2183 4898 2430 4952 serviens
2491 4891 2624 4947 mihi
2678 4889 2968 4959 acquisivi,
3003 4895 3057 4942 et
3080 4888 3435 4957 quantumvis
3490 4888 3544 4940 in
3602 4903 3688 4942 nie

361 4975 741 5041 'cwcutiemes
800 4989 963 5068 etigm
1028 4990 1280 5045 libertate
1329 4990 1552 5044 donavi.
1611 4988 1799 5059 Neque
1850 4992 1996 5045 enim
2038 5000 2227 5060 tuopte
2261 4986 2499 5058 ingenio,
2558 4991 2763 5050 tuaque
2803 4988 3013 5033 tantum
3068 4978 3267 5036 ductus
3338 4979 3504 5032 animi
3563 4995 3687 5046 pro-

410 5081 677 5150 pensitate
709 5083 842 5138 mihi
878 5083 1179 5140 adlttesisti.
1214 5083 1352 5150 Quid
1385 5083 1552 5154 igitur
1614 5090 1763 5136 tanta
1827 5084 2062 5153 experti,
2105 5093 2364 5153 tanquam
2429 5075 2566 5130 nihil
2621 5073 2930 5135 audieritis,
2965 5071 3213 5139 nihilque
3251 5069 3516 5132 videritis,
3579 5069 3682 5138 ipsi
3754 5078 3759 5083 '

410 5174 674 5228 ca'ctttitis
698 5175 722 5228 ?

493 5264 932 5339 ’Υπομιμνήσκει
959 5270 1018 5324 δέ
1049 5271 1270 5337 αὐτοὺς,
1295 5270 1370 5336 ὡς
1401 5272 1497 5325 καὶ
1541 5270 1718 5324 πάντα
1767 5269 1834 5323 τὰ
1870 5268 1983 5321 ἔθνει

2178 5269 2362 5335 Neque
2394 5277 2525 5317 vero
2548 5275 2645 5315 eos
2675 5258 2885 5329 patitur
2906 5253 3188 5318 oblivisci,
3221 5251 3680 5322 quemadmmluin

416 5359 514 5411 σὺν
571 5358 880 5429 Ἀσσυρίοις
934 5363 1381 5432 ἐπεστράτευσαν
1456 5363 1816 5433 Ἰερουσαλὴμ
1865 5362 1983 5431 bap-

2101 5367 2155 5411 et
2188 5363 2379 5426 gentes
2406 5365 2621 5412 omnes,
2655 5347 2863 5417 junctis
2890 5361 3016 5398 cum
3049 5343 3280 5414 Assyrio
3309 5341 3543 5403 viribus,
3571 5342 3685 5396 bel-

419 5449 618 5520 ροῦντα
647 5454 760 5515 τοῖς
792 5454 942 5518 ἰδίοις
969 5455 1134 5521 Θεοῖς,
1159 5457 1292 5527 παρ’
1321 5449 1397 5510 ὧν
1425 5456 1487 5508 οὐ
1532 5456 1783 5526 βοήθειαν
1815 5455 1993 5524 ἔσχον,

415 5543 477 5594 οὐ
509 5543 606 5606 τὰς
657 5545 959 5614 μελλούσας
1005 5549 1362 5620 προέγνωσαν
1413 5549 1624 5610 ἑαυτοῖς
1681 5547 1986 5617 συμφοράς.

431 5635 792 5707 Ὀγδυηκοντα
819 5640 978 5695 πέντε
1003 5643 1110 5714 γὰρ
1137 5643 1372 5712 χιλιάδες
1396 5641 1598 5696 τούτων
1624 5639 1994 5693 πεπτώκασιν.

489 5811 531 5844 ⁸³
565 5813 699 5870 Joan
756 5831 874 5878 vm,
913 5815 991 5871 Η.
1074 5817 1117 5849 ³⁸
1147 5816 1276 5873 ibid.
1317 5816 1398 5870 l8.
1479 5816 1520 5848 ”
1564 5814 1665 5872 lsa.
1703 5828 1794 5872 vn,
1826 5814 1879 5866 9.

1958 5813 2020 5881 ’7_
2045 5807 2222 5863 Jcrcin
2279 5823 2316 5869 ι,
2347 5806 2432 5860 '37.

2108 5449 2156 5500 Io
2183 5440 2490 5499 Jerusalem
2521 5436 2769 5506 aggressi
2806 5440 2958 5494 sunt,
2993 5448 3118 5487 cum
3152 5431 3259 5484 iliis
3291 5431 3406 5485 suis
3435 5430 3678 5484 conlide-

2101 5545 2250 5598 rcnt;
2288 5551 2317 5590 a
2354 5533 2555 5604 quibus
2597 5543 2772 5597 neque
2824 5525 3089 5580 auxilium
3130 5526 3300 5578 ullum
3363 5530 3682 5599 senserunt,

2111 5643 2286 5698 neque
2320 5625 2425 5681 sibi
2464 5621 2802 5678 calamitates
2835 5617 3150 5688 impendere
3179 5615 3568 5686 praeviderunt.
3609 5610 3684 5665 Ex

2513 5803 2555 5835 ³⁸
2591 5803 2725 5857 ibid.
2758 5801 2847 5855 “28.
2933 5801 2975 5831 δ’
3003 5797 3139 5854 Juan
3203 5815 3253 5856 tt,
3286 5796 3376 5854 ‘28,
3410 5792 3434 5820 ⁷
