4032 6218
475 304 608 368 2391
1807 315 2159 378 PROCOPII
2194 318 2435 379 GAZZEI
3581 316 3719 380 2392

472 420 542 476 iis
574 435 718 475 enim
751 419 816 474 ad
859 420 1141 493 octoginta
1171 422 1414 495 quinque
1443 426 1611 493 millia
1660 427 2042 486 internecione

2172 434 2374 488 Ἡκέτω
2401 429 2495 488 οὖν
2528 452 2618 499 τις
2643 433 2828 488 ταῦτα
2853 435 2983 507 παρ’
3029 433 3249 487 ἐκείνων
3297 433 3570 501 ἀκηκοὼς
3605 433 3717 489 τῶν

471 512 632 568 deleti
676 523 829 568 sunt.
862 514 1098 569 Accedat
1142 516 1310 587 igitur
1333 517 1445 584 jam
1479 519 1675 591 aliquis
1721 522 1813 592 qui
1865 524 2052 577 istna’c

2172 524 2302 578 θεῶν
2331 527 2474 596 ἅπερ
2505 525 2666 590 ίδετε,
2694 526 2822 595 περὶ
2852 518 2927 579 ὧν
2963 526 3108 595 ὑμᾶς
3152 525 3317 595 ἐχρῆν
3348 524 3596 592 γενέσθαι
3632 527 3720 579 καὶ

471 605 541 660 al)
574 622 765 661 eorum
793 606 899 660 diis
930 607 1216 671 audiverit,
1258 625 1380 679 qua:
1407 611 1624 668 vidistis
1652 632 1666 679 ;
1698 625 1932 683 thrum
1956 630 2052 669 vos

2172 617 2449 686 ιάρτυρας
2476 615 2941 687 ἐπιψηφιζομένου
2983 615 3183 686 κάμοῦ.
3212 617 3272 669 El
3297 616 3356 668 δὲ
3386 617 3519 686 πρὸς
3554 615 3716 685 τοῦτο,

471 698 543 752 eti
563 716 632 751 im
666 714 751 753 me
778 701 1170 766 comprobante
1196 712 1350 756 testes
1374 718 1499 758 esse
1528 708 1791 775 oportuit.
1825 706 1978 771 Quod
2006 709 2052 763 si

2172 708 2337 773 ρησὶν,
2367 705 2684 769 ἀναδύεσθε,
2732 707 2760 758 ὁ
2790 709 3087 776 μονογενὴς
3122 723 3222 775 μου
3276 706 3548 775 παρέσται
3594 709 3715 776 Υίὸς

473 793 707 860 iilipsum
746 803 1008 864 praestare
1034 797 1334 859 recusatis,
1361 799 1442 851 vel
1470 799 1586 868 ipse
1622 800 1750 855 mihi
1780 817 1886 856 non
1927 804 2055 857 dee-

2172 796 2260 850 ῖῶν
2299 797 2577 868 ὑμετέρων
2625 797 3003 867 ἐλλειμμάτων
3031 798 3113 860 είς
3140 798 3555 868 ἀναπλήρωσιν,
3584 803 3610 855 ὀ
3631 804 3715 856 καὶ

471 885 541 937 rit
577 884 745 940 Filius
798 888 1136 956 unigenitus,
1185 889 1276 958 qui
1322 889 1600 944 defectum
1646 900 1892 946 vestrum
1923 909 2055 963 sup-

2172 887 2247 939 επὶ
2278 887 2503 940 Ποντίου
2530 887 2768 941 Πιλάτου
2796 887 2895 959 τὴν
2930 888 3103 956 καλὴν
3132 891 3493 960 μαρτυρήσας
3510 907 3717 958 papa)-

472 978 637 1044 plent,
674 995 784 1048 quo
818 990 1060 1049 tempore
1096 981 1355 1035 nimirum
1389 982 1713 1052 praeclarum
1759 983 1890 1038 illud
1928 995 2055 1039 ante

2172 978 2308 1031 κάν.
2350 979 2541 1031 Καίτοι
2565 978 3012 1047 μαρτυροῦντες
3059 978 3357 1049 ὠφελεῖσθε
3400 980 3468 1033 τὰ
3502 981 3713 1050 μέγιστα

473 1069 728 1124 Pontium
763 1071 998 1125 Pilatum
1018 1071 1087 1127 de
1114 1088 1200 1128 me
1236 1075 1595 1128 testimonium
1632 1074 1822 1129 edidit.
1869 1074 2050 1142 Quan-

2172 1067 2290 1138 τρδς
2346 1069 2674 1141 κατανόησιν
2703 1070 2815 1123 τῶν
2870 1069 3193 1140 μελλόντων,
3229 1072 3325 1123 καὶ
3368 1070 3600 1141 Θεωρίαν
3630 1068 3731 1143 τῆξ

472 1178 635 1230 quam
664 1164 709 1216 si
751 1164 884 1217 mihi
925 1173 1080 1218 testes
1109 1180 1233 1220 esse
1258 1166 1448 1230 vultis,
1480 1181 1587 1220 non
1619 1181 1815 1237 parum
1855 1175 1910 1223 et
1947 1168 2054 1238 ipsi

2172 1160 2296 1231 ιμῆς
2335 1159 2610 1232 θεότητος,
2661 1160 3069 1233 όμματούμενοι
3098 1161 3175 1225 ὼς
3201 1162 3296 1214 καὶ
3343 1161 3508 1222 σώζω
3542 1163 3713 1227 θέλων,

473 1256 631 1310 vobis
658 1256 723 1309 ad
758 1254 1069 1312 futurorum
1092 1260 1459 1329 cognitionem
1481 1259 1898 1330 divinitatisque
1918 1274 2053 1315 mea:

2172 1255 2245 1308 tat
2277 1254 2476 1325 δρᾶσαι
2511 1254 2716 1325 μέλλων
2738 1254 3013 1325 προλέγω,
3049 1253 3210 1307 τοῦτο
3254 1253 3485 1325 μηδενὸς
3520 1256 3718 1309 ποιοῦνο

473 1346 992 1415 contemplationem
1036 1346 1314 1418 profuturi
1350 1347 1515 1411 estis;
1557 1348 1651 1417 qui
1696 1362 1908 1401 servare
1948 1364 2050 1413 me,

2172 1362 2241 1409 τος
2268 1345 2374 1399 τῶν
2392 1345 2700 1414 λεγομένων
2730 1344 2887 1397 θεῶν.
2938 1343 3097 1407 Τινὲς
3124 1343 3188 1409 ⁴δὲ
3225 1344 3287 1396 τὸ
3307 1342 3539 1413 μάρτυς
3563 1346 3718 1399 ἔσται

474 1453 598 1490 cum
632 1438 785 1502 libet.
818 1439 1017 1495 vestris
1052 1439 1157 1510 ipsi
1185 1441 1363 1494 oculis
1396 1440 1582 1495 intuiti
1615 1439 1752 1494 estis
1786 1455 1800 1504 ;
1831 1447 1884 1494 et
1913 1455 2051 1508 prie-

2172 1440 2187 1492 i
2224 1437 2368 1505 παῖς
2393 1454 2530 1506 μου,
2577 1437 2811 1506 Χριστός
2840 1453 3006 1504 φασιν
3037 1436 3182 1507 ἔργῳ
3222 1437 3445 1507 πληρῶν
3482 1437 3517 1491 ἃ
3550 1442 3718 1509 προεῖ.

474 1528 679 1591 dicere.
710 1531 931 1601 quando
957 1547 1076 1586 sum
1115 1532 1319 1602 aliquid
1357 1533 1700 1589 admissurus
1738 1551 1752 1588 :
1794 1532 1940 1603 quod
1981 1533 2050 1586 ab

2172 1546 2255 1582 τον
2281 1529 2421 1599 ὑπὲρ
2463 1528 2698 1599 Ἰσραὴλ,
2729 1530 2824 1581 καὶ
2854 1526 2998 1581 κατὰ
3016 1528 3125 1580 τῶν
3149 1528 3384 1599 ἐχθρῶν.

474 1634 665 1673 eorum
702 1623 940 1701 nemine,
989 1623 1082 1692 qui
1123 1624 1199 1679 dii
1227 1632 1507 1694 putantur,
1557 1625 1807 1694 prmstari
1857 1630 2053 1693 potest.
2095 1620 2212 1677 Non
2271 1621 2475 1676 d:sunt
2509 1623 2602 1691 qui
2653 1620 2809 1686 illud,
2866 1622 3016 1673 testis
3069 1620 3171 1673 erit
3212 1620 3361 1688 ﬁlius
3431 1635 3591 1683 meus,
3657 1620 3714 1673 ad

475 1708 752 1764 Christum
780 1711 1050 1774 referant:
1084 1724 1520 1785 tanquameum,
1555 1729 1675 1784 quae
1706 1714 1773 1771 de
1818 1714 2039 1778 lsraele,
2112 1722 2167 1767 et
2239 1714 2507 1768 adversus
2562 1713 2787 1776 hostes,
2838 1709 2979 1767 Deus
3050 1712 3337 1781 praulixit,
3385 1712 3716 1782 impleturum

476 1802 815 1859 existiment.

542 1897 911 1971 ᾆδε-439
933 1899 1094 1953 VERS.
1117 1900 1298 1956 ill-28.
1331 1900 1419 1956 Sic
1456 1892 1583 1956 dicit
1617 1903 1871 1958 Dominus
1896 1904 2053 1971 Deus,

2231 1902 2413 1971 ιδ-κη’.
2460 1898 2659 1963 Οὕτως
2687 1897 2849 1966 λέγει
2888 1899 3101 1966 Κύριος
3133 1899 3165 1950 ό
3206 1896 3375 1961 Θεὸς,
3426 1899 3458 1950 ό
3485 1896 3718 1964 λυτρού-

474 1988 567 2058 qui
598 1988 818 2041 redemit
843 2005 956 2056 vos,
986 1998 1204 2062 sanctus
1239 1989 1445 2044 Israel:
1477 1992 1704 2061 Propter
1730 2010 1820 2047 vos
1847 1994 2057 2046 mittam

2172 2012 2339 2061 [ιενος
2364 1991 2539 2061 ὑμᾶς,
2558 1978 2603 2044 ’ὁ
2625 1991 2791 2059 ἅγιος
2818 1990 2922 2045 τοῦ
2966 1990 3212 2058 Ἰσραήλ
3232 2005 3247 2019 ⁸
3281 1990 3529 2043 Ἕνεκεν
3573 1989 3718 2058 ὑμῶν

477 2082 533 2134 in
572 2080 918 2151 Babylonem,
951 2092 998 2135 et
1026 2083 1293 2138 suscitabo
1316 2084 1573 2155 fugientes
1599 2102 1800 2149 omnes,
1827 2095 1875 2140 et
1894 2086 2056 2141 Chal-

2172 2080 2477 2140 ὑποστελῶ
2502 2085 2589 2147 είς
2614 2080 2961 2142 Βαϐυλῶνα,
2995 2080 3094 2133 καὶ
3120 2078 3384 2149 ἐπεγερῶ
3409 2080 3717 2148 φεύγοντας

477 2174 583 2227 diei
619 2174 863 2227 manibus
897 2176 1213 2231 vincientur.
1250 2176 1349 2247 Egi
1387 2176 1640 2230 Dominus
1657 2177 1814 2237 Deus,
1845 2188 2056 2231 sanctus

2172 2176 2430 2243 πάντας,
2480 2176 2579 2229 καὶ
2622 2174 2908 2229 Χαλδαῖοι
2945 2175 3014 2227 ἐν
3070 2176 3309 2240 πλοίοις
3356 2174 3710 2243 δεθήσονται.

478 2278 665 2333 vester,
706 2270 797 2337 qui
832 2269 1043 2323 ostendi
1084 2268 1262 2325 Israel
1300 2286 1472 2342 regem
1520 2282 1769 2324 vestrum.
1803 2268 1894 2324 Sic
1926 2269 2059 2323 d'cit

2173 2270 2320 2339 Ἐγὼ
2350 2270 2563 2338 Κύριος
2597 2271 2628 2321 ό
2661 2268 2823 2333 Θεὸς.
2855 2270 2888 2321 ὀ
2916 2266 3082 2337 ἅγιος
3101 2266 3291 2336 ὑμῶν,
3327 2270 3360 2320 ὀ
3388 2266 3715 2331 καταδείξας

479 2356 759 2419 Dominus.
790 2361 989 2430 quidat
1020 2363 1073 2415 in
1106 2363 1245 2415 mari
1272 2362 1432 2425 viam,
1465 2373 1513 2416 et
1545 2362 1595 2414 in
1628 2377 1765 2431 aqua
1791 2361 2057 2415 vehemen-

481 2453 518 2503 ti
552 2452 818 2515 semitam,
851 2454 939 2522 qui
963 2455 1149 2508 (duxit
1181 2471 1395 2519 currus,
1431 2464 1477 2509 et
1502 2470 1709 2525 equum,
1736 2466 1783 2508 et
1818 2455 2058 2508 multitu-

479 2545 653 2597 dinem
677 2544 971 2609 robustam,
1006 2556 1111 2601 etc.

555 2636 685 2703 Vos,
725 2641 922 2708 inquit,
952 2656 1073 2695 cum
1110 2658 1309 2712 magno
1332 2650 1514 2698 vestro
1551 2644 1845 2700 commodo
1879 2645 2059 2701 corri-

482 2743 615 2799 pere
653 2731 997 2795 statuissem,
1047 2730 1361 2801 Babyloniis
1412 2731 1632 2805 tradidi.
1681 2731 1877 2788 Postea
1932 2749 2061 2788 vero

480 2840 604 2878 cum
629 2824 683 2878 in
712 2822 1015 2878 libertatem
1047 2838 1372 2887 assererem,
1394 2832 1445 2877 et
1473 2839 1568 2880 eos
1595 2825 1781 2891 etiam,
1801 2841 1830 2879 a
1861 2826 2061 2896 quibus

486 2915 745 2984 injuriam
788 2916 933 2986 passi
972 2916 1164 2978 eratis,
1201 2916 1353 2971 ultus
1383 2931 1505 2971 sum
1539 2934 1552 2969 :
1591 2915 1858 2973 Chaldwis
1901 2917 2059 2987 ipsis,

482 3009 575 3076 qui
620 3007 772 3076 juxta
805 3007 1075 3068 habitant,
1110 3007 1305 3077 partim
1342 3007 1560 3077 quidem
1599 3008 1654 3063 in
1700 3009 1881 3079 fugam
1927 3024 2062 3064 con-

488 3094 684 3158 versis,
731 3096 932 3163 partim
961 3110 1093 3148 vero
1123 3098 1334 3163 vinctis,
1375 3105 1430 3150 et
1474 3098 1711 3152 navibus
1752 3102 1804 3152 in
1829 3099 2063 3168 captivi-

487 3194 652 3240 tatem
688 3185 966 3249 ahdumis,
1017 3202 1142 3240 cum
1190 3188 1561 3257 potentiorum
1593 3189 1856 3257 impetum
1889 3190 2061 3245 susti-

487 3293 615 3330 nere
646 3294 751 3331 non
783 3288 1028 3346 possent.
1060 3280 1224 3333 Aiunt
1256 3281 1505 3334 nonnulli
1541 3279 1744 3351 Cyrum
1772 3281 1944 3345 illum,
1965 3281 2059 3350 qui

490 3365 812 3435 Babylonem
856 3369 1213 3438 expugnavit.
1246 3369 1445 3422 uinctos
1477 3368 1530 3422 in
1577 3369 1833 3422 exsilium
1882 3369 2063 3426 classe

487 3459 764 3528 deportari
794 3459 1031 3529 jussissc
1057 3478 1070 3524 ;
1114 3460 1330 3529 Dquue
1351 3471 1574 3515 auctore
1599 3460 1673 3514 ita
1700 3460 1905 3515 factum
1935 3476 2061 3519 esse

491 3561 550 3602 ut
581 3549 663 3604 sui
716 3552 831 3619 ipse
864 3550 1031 3623 490
1062 3552 1209 3622 regni
1265 3551 1565 3623 potentiam
1605 3553 1933 3608 mortalibus
1980 3571 2065 3608 os-

488 3640 742 3696 tenderet.
775 3647 844 3696 At
868 3658 978 3714 quo
1011 3644 1152 3708 loco,
1178 3645 1267 3713 qui
1314 3643 1523 3699 ostendi
1552 3640 1723 3698 Israel
1767 3660 1939 3715 regem
1981 3662 2061 3700 ue-

489 3744 661 3789 strum
714 3736 977 3792 habemus
1003 3776 1018 3798 ι
1055 3740 1127 3791 ita
1170 3736 1533 3807 Symmachus
1573 3753 1587 3790 :
1630 3736 1743 3807 Ego
1801 3738 2065 3794 Dominus

492 3837 706 3881 sanctus
729 3836 918 3891 vester,
946 3827 1191 3882 conditor
1206 3825 1399 3889 Israel,
1422 3842 1513 3881 rea:
1538 3837 1722 3883 vester.
1740 3825 2064 3899 Quanquam

491 3923 746 3988 equidem
781 3924 1059 3978 Christum
1110 3939 1283 3993 regem
1326 3922 1689 3978 constitutum
1736 3936 1859 3977 esse
1895 3920 2065 3974 videri

490 4025 653 4083 queat
684 4015 935 4080 iuuucre,
975 4030 1137 4085 quem
1178 4012 1463 4078 Israelem,
1511 4022 1567 4068 et
1607 4012 1895 4077 Iacobum,
1922 4012 2075 4086 sicut

491 4118 541 4159 ιιι
578 4107 836 4163 Daviilem
865 4110 1058 4173 etiam,
1087 4116 1349 4179 tanquam
1378 4107 1471 4177 qui
1500 4108 1570 4161 ab
1609 4107 1824 4162 illorum
1857 4105 2069 4159 semine

492 4201 777 4271 prodierit,
800 4202 852 4256 in
884 4201 1172 4274 Scriptura
1193 4201 1465 4256 nominari
1495 4200 1766 4255 videmus.
1792 4198 2067 4265 Quoniam

491 4294 637 4348 enim
672 4294 871 4350 futura:
902 4294 1199 4364 peculiaris
1240 4292 1528 4363 cujusdam
1576 4291 1868 4362 Babylonis
1892 4331 1908 4356 ,
1950 4304 2073 4359 Quae

493 4399 578 4442 est
624 4406 652 4442 a
683 4390 825 4463 Cyro
868 4397 1206 4460 oppugnata,
1256 4386 1632 4451 redemptionis
1661 4384 1951 4447 meminit;
2005 4382 2073 4437 de

493 4497 603 4551 qua
650 4482 814 4536 ctiau
861 4482 1141 4552 propheta:
1177 4479 1468 4550 cujusdam
1514 4479 1682 4533 verba
1732 4477 1839 4530 ista
1887 4483 2016 4529 sunt
2056 4492 2068 4527 :

2172 2362 2422 2431 Ἰσραὴλ
2456 2360 2721 2426 βασιλέα
2760 2360 2957 2428 ὑμῶν.
3002 2360 3202 2426 Οὕτως
3228 2360 3394 2427 λέγει
3440 2361 3659 2427 Κύριος,
3687 2361 3715 2411 ὁ

2160 2454 2364 2520 διδοὺς
2417 2454 2486 2506 ἐν
2533 2450 2819 2519 θαλάσσῃ
2849 2451 3014 2515 ὁδὸν,
3040 2450 3140 2504 καί
3169 2451 3238 2504 ἐν
3276 2450 3446 2505 ὕδατι
3504 2448 3711 2520 ἰσχυρῷ

2162 2550 2382 2618 τρίϐον,
2414 2565 2468 2602 κ.
2500 2563 2550 2600 τ.
2580 2545 2630 2599 λ.

2232 2640 2549 2711 Εὐεργετῶν
2584 2640 2748 2710 ὑμᾶς,
2778 2638 2932 2708 φησὶ,
2961 2638 3055 2691 καὶ⁵
3079 2638 3370 2692 παιδεῦσαι
3397 2636 3711 2707 βουλόμενος,

2162 2734 2565 2798 Βαϐυλωνίοις
2623 2729 2936 2800 παρέδωκα.
2986 2725 3121 2782 Εἶτα
3171 2730 3355 2797 δείξας
3402 2727 3710 2797 ἐλευθέρους,

2160 2818 2285 2898 δίκῃ
2319 2824 2583 2896 μετῆλθον
2609 2824 2733 2892 τοὺς
2762 2822 2889 2892 ὑμῖν
2919 2822 3337 2894 ἐνυϐρίσαντας,
3379 2820 3450 2886 ὡς
3471 2821 3569 2873 τῶν
3592 2819 3714 2888 παρ’

2161 2921 2344 2981 αὐτοῖς
2376 2915 2689 2971 Χαλδαίων
2720 2915 2847 2974 τοὺς
2883 2912 2983 2983 μὲν
3013 2912 3248 2982 φυγεῖν,
3274 2913 3403 2976 τοὺς
3433 2912 3487 2965 δὲ
3514 2908 3714 2978 δεσμώ-

2163 3030 2268 3078 τας
2310 3011 2398 3065 διὰ
2441 3009 2540 3077 si;
2570 3007 2701 3078 παρ’
2727 3005 2911 3069 αὐτοῖς
2942 3004 3174 3075 ἀχθῆναι
3209 3005 3500 3075 θαλάττης,
3535 3002 3714 3071 ἐτέρων

2164 3103 2344 3163 αὐτοῖς
2379 3099 2743 3170 ἰσχυροτέρων
2773 3096 3132 3167 ἐπιθεμένων.
3170 3096 3328 3160 Τινὲς
3370 3096 3427 3149 δέ
3468 3111 3617 3164 φασιν
3653 3091 3715 3152 ὡς

2166 3193 2348 3264 Κῦρος
2383 3194 2411 3246 ὀ
2445 3188 2776 3245 Βαϐυλῶνα
2805 3188 2986 3243 λαϐὼν
3010 3231 3023 3254 ,
3059 3188 3369 3258 δεσμώτας
3398 3187 3584 3246 αὐτοὺς
3615 3185 3714 3237 δια-

2169 3286 2416 3347 ποντξους
2441 3284 2535 3346 si;
2552 3281 2853 3352 ὑπερορίαν
2883 3280 3213 3349 ἐξέπεμψεν,
3245 3280 3393 3350 ᾰπερ
3419 3276 3612 3348 ἔπραξα
3635 3275 3714 3342 τὴν

2167 3378 2306 3447 ἐμὴν
2348 3373 2657 3444 ἀνθρώποις
2690 3371 3017 3436 ,βασιλείαν
3063 3370 3567 3440 ἐπιδεικνύμενος.
3594 3365 3715 3416 Ἀντὶ

2168 3467 2226 3521 δὲ
2265 3465 2382 3529 τοῦ,
2416 3468 2449 3519 ό
2497 3463 2855 3530 καταδείξας
2892 3463 3139 3531 Ἰσραὴλ
3182 3461 3453 3527 βασιλέα
3506 3456 3715 3529 animi

2171 3559 2487 3629 Σύμμαχος·
2525 3555 2694 3627 Ἐγὼ,
2727 3558 2880 3628 φησὶ,
2915 3557 3128 3624 Κύριος
3149 3558 3182 3609 ὀ
3215 3553 3384 3625 ἅγιος
3418 3551 3592 3622 ὑμῶν,
3615 3547 3715 3600 κτί-

2167 3668 2319 3720 στης
2352 3650 2624 3719 Ἰσραὴλ,
2676 3648 2978 3714 ,βασιλεὺς
3028 3646 3214 3717 ὑμῶν.
3271 3648 3335 3702 El
3386 3647 3458 3718 μὴ
3506 3644 3601 3713 ἄρα
3641 3639 3715 3691 τδν

2170 3741 2402 3811 Χριστὸν
2434 3741 2735 3793 αἰνίττεται
2771 3724 3037 3804 βασιλέα
3077 3737 3493 3798 καθεστακέναι,
3522 3733 3575 3785 δν
3599 3726 3715 3782 οἶδεν

2181 3833 2420 3900 Ἰσραὴλ
2471 3834 2567 3885 καὶ
2612 3829 2822 3886 Ἰακὼϐ
2868 3829 3053 3883 καλεῖν
3089 3831 3121 3900 ἡ
3155 3829 3194 3881 Γ
3199 3830 3349 3900 ραςρὴ
3375 3871 3390 3893 ,
3423 3826 3600 3893 ὥσπερ
3639 3818 3714 3873 οὖν

2171 3928 2263 3981 καὶ
2289 3926 2476 3990 Δαὸὶδ,
2498 3925 2571 3988 ὡς
2600 3926 2663 3977 ἐκ
2686 3924 2779 3977 τοῦ
2807 3923 3126 3993 σπέρματος
3148 3920 3332 3975 αὐτῶν
3359 3917 3712 3985 καταγόμενον.

2184 4017 2403 4087 Ἐπειδὴ
2429 4016 2538 4085 γὰρ
2571 4013 2807 4084 μερικῆς
2832 4012 3080 4083 ἐμνήσθη
3107 4012 3467 4080 λυτρώσεως
3506 4007 3595 4074 τῆς
3617 4006 3714 4056 ἐσο⁸

2176 4108 2342 4179 μένης
2368 4108 2431 4159 ἐκ
2467 4101 2844 4167 Βαϐυλῶνος,
2878 4101 3043 4171 ἡνίκα
3076 4100 3282 4169 ταύτην
3312 4093 3454 4152 εἷλεν
3490 4098 3517 4148 ό
3540 4089 3709 4190 Κῦροξι

2175 4200 2310 4269 πρὸς
2341 4200 2408 4268 ἢν
2438 4215 2521 4261 τις
2549 4195 2652 4265 ἔφη
2685 4192 3008 4264 προφήτης·
3051 4211 3069 4243 ι
3101 4189 3299 4254 Καθὼς
3327 4188 3579 4256 ὲ⁴¹τ⁰ίτι⁶³⁵ιε
3597 4221 3610 4246 ³
3640 4188 3714 4274 τ’θῖ

2173 4307 2279 4353 τως
2311 4288 2462 4343 ἔσται
2487 4289 2547 4342 τὸ
2565 4284 2916 4355 ἀνταπόδομὰ
2945 4299 3039 4337 σου
3058 4300 3072 4315 ·
3104 4301 3123 4336 ι
3159 4283 3252 4337 ἐπὶ
3278 4283 3378 4353 τὴν
3398 4280 3486 4334 διὰ
3510 4277 3712 4344 Χριστου

2175 4382 2265 4437 τὸν
2287 4381 2443 4449 λόγον
2472 4379 2820 4446 τελειοτάτην
2839 4374 3084 4445 ἀνήγαγε
3112 4374 3401 4444 λύτρωσιν,
3437 4371 3534 4424 οὐκ
3558 4363 3716 4419 ἔθνους

2176 4474 2315 4539 ἑνδς.
2345 4472 2597 4542 καθάπερ
2630 4470 2691 4525 τδ
2718 4472 3015 4543 πρότερον,
3047 4469 3346 4538 καθολικὴν
3369 4467 3424 4521 δὲ
3453 4463 3577 4516 πᾶσι
3610 4452 3715 4525 μέλ·

500 4543 525 4624 ί
555 4543 1030 4638 Quemadmodan
1052 4573 1254 4637 fecisti,
1274 4573 1356 4627 sic
1375 4571 1482 4627 erit
1515 4569 1809 4625 retributio
1837 4576 1929 4621 tua
1949 4566 2017 4630 ⁸ος
2049 4585 2065 4616 ι

2177 4566 2376 4620 λουσαν
2419 4563 2795 4619 ἐσεσθαι.”οτι
2822 4563 2878 4619 δὲ
2908 4563 3043 4630 πρὸς
3088 4561 3259 4631 ἄμφω
3290 4556 3510 4616 δυνατὸς
3538 4551 3563 4603 ὁ
3586 4543 3713 4604 Θεδςο

495 4665 562 4717 ad
597 4665 872 4731 eamjam,
899 4679 1019 4732 qine
1047 4679 1143 4734 per
1177 4663 1458 4718 Christum
1508 4662 1712 4732 ipsum.
1757 4675 1867 4714 non
1892 4658 2071 4729 gentis

498 4754 685 4818 unius,
718 4763 779 4808 ut
807 4764 967 4809 antea
996 4772 1012 4817 ;
1043 4753 1137 4810 sed
1162 4754 1473 4809 communis
1499 4752 1750 4807 omnium
1785 4751 2070 4822 perfectis-

497 4846 637 4901 sima
676 4844 857 4900 futura
885 4856 989 4912 est,
1021 4847 1328 4900 orationem
1359 4846 1653 4901 convertit.
1684 4843 1853 4898 Deum
1889 4855 2073 4898 autem

497 4939 551 4992 iu
579 4947 812 5009 utraque
840 4938 1017 4994 valere
1040 4937 1304 5001 ostendit,
1333 4952 1457 4991 eum
1487 4936 1598 5008 Ego
1624 4936 1882 4991 Dominus
1912 4935 2076 4999 Deus,

496 5033 764 5102 adjungit.
799 5033 1002 5089 Deinde
1038 5040 1302 5101 tanquam
1330 5031 1604 5102 integrann
1637 5030 1947 5085 orationem
1995 5028 2078 5082 in-

497 5120 686 5191 cipiat,
733 5123 871 5177 dixit
904 5141 915 5176 :
966 5121 1057 5178 Sic
1094 5123 1171 5175 ait
1208 5120 1465 5176 Dominus
1509 5121 1649 5176 Deus
1688 5119 1888 5177 Israel.
1938 5119 2077 5174 Deus

500 5216 642 5267 enim
673 5223 869 5270 natura
894 5230 1018 5272 cum
1049 5214 1141 5279 sit,
1176 5212 1305 5284 quid
1343 5229 1450 5268 non
1476 5212 1634 5268 facile
1669 5212 1908 5268 elliciat?
1950 5210 2078 5266 Haec

499 5302 667 5373 igitur
689 5305 974 5379 Babylonii
1003 5325 1089 5365 me
1115 5319 1341 5365 auctore
1368 5310 1586 5379 passuri
1616 5318 1762 5374 sunt,
1782 5323 1904 5377 quae
1937 5322 2078 5361 nou-

500 5394 628 5449 dum
662 5402 1035 5472 contigerunt,
1064 5404 1191 5459 licet
1227 5403 1344 5475 ipse
1380 5419 1490 5459 non
1522 5417 1669 5457 nunc
1705 5402 1942 5473 primum
1965 5416 2072 5472 .po-

570 5574 616 5609 "'
657 5574 798 5630 Abd.
834 5577 924 5631 13.

2172 4659 2443 4727 δεδήλωκε
2477 4658 2684 4726 φήσας·
2721 4654 2864 4726 Ἐγὼ
2892 4657 3104 4724 Κύριος
3126 4657 3160 4708 ό
3190 4653 3355 4718 Θεός.
3378 4649 3484 4705 Καὶ
3503 4645 3593 4713 τῆς
3610 4641 3715 4727 ὅλη(

2174 4752 2229 4804 δὲ
2242 4725 2376 4821 ἀρχό
2383 4725 2547 4820 μενοςί
2556 4750 2621 4819 of;
2630 4765 2767 4810 σεως
2778 4725 2982 4815 ἔλεγεν,
2992 4746 3155 4800 οὕτω
3163 4743 3327 4814 λέγει
3342 4735 3584 4810 Κύριοςό
3597 4725 3714 4788 Θεὸς

2187 4820 2447 4910 Ἰσραήλ.
2479 4840 2623 4905 Θεὸς
2650 4840 2760 4909 γὰρ
2788 4836 2864 4891 ὢν
2878 4838 3061 4906 φύσει,
3082 4837 3136 4889 τί
3172 4837 3246 4907 μὴ
3273 4836 3486 4903 ποιήσει
3512 4820 3712 4896 ρᾳδέωςὶ

2181 4934 2365 4988 Ταῦτα
2399 4932 2499 5000 μὲν
2527 4928 2619 4985 οὖν
2643 4931 2798 4984 ἔσται
2840 4928 3239 4993 Βαϐυλωνίοις
3272 4927 3438 4999 μήπω
3463 4913 3711 5000 radit-£va

2185 5036 2206 5062 ³
2249 5027 2309 5079 οὐ
2339 5024 2434 5078 νῦν
2465 5023 2772 5096 ἀρξαμένου
2805 5038 2906 5092 μου
2934 5021 3030 5091 τὴν
3054 5020 3293 5089 ἐμαυτοῦ
3315 4996 3714 5102 δυναστείανῐήν

2182 5136 2240 5172 τε
2293 5119 2420 5189 περὶ
2475 5118 2616 5187 ὑμᾶς
2658 5114 3105 5167 ἐπιδείκνυσθαι
3148 5111 3421 5182 πρόνοιαν.
3458 5087 3714 5189 Καὶ-παλῆ⁸

2184 5210 2291 5279 γὰρ
2310 5186 2380 5274 ἐξ
2402 5186 2702 5277 Αἰγύπτου
2731 5203 2819 5257 διὰ
2839 5201 3108 5272 θαλάττης
3120 5200 3416 5270 ’διήγαγον

2186 5267 2423 5375 βίῷαςέν
2440 5267 2612 5371 ταύτῃ
2633 5298 2729 5369 τὴν
2753 5297 3005 5368 δύναμιν,
3028 5267 3108 5359 ως
3133 5267 3514 5365 κοιχιηϐένέας
3528 5282 3579 5333 ὲν
3595 5267 3714 5343 βύθῳ

2178 5374 2390 5468 μηκέτι
2425 5396 2610 5449 λοιπὸν
2644 5389 3000 5460 ἀναστῆναι,
3026 5388 3126 5443 καὶ
3173 5387 3249 5451 ὥς
3281 5402 3341 5441 τε
3387 5374 3534 5453 φλογὶ
3563 5374 3712 5432 MF”

1797 5672 2029 5729 VARIJZ
2070 5668 2477 5729 LECTIONES.
2518 5664 2527 5671 ’

571 5774 590 5799 ε·
631 5762 720 5818 ίσ.
752 5760 844 5816 καί
880 5779 1005 5832 περ.
