4032 6218
296 376 440 442 2393

1403 389 1927 455 COMMENTARI]
1993 397 2076 457 IN
2136 398 2421 460 ISAIAM.

3425 404 3564 471 239i

293 486 557 562 πλησίους
577 491 927 562 ἐσϐεσμένφ
952 494 1397 564 παραϐάλλεσθαι
1416 496 1568 565 ,λίνῳ
1587 498 1664 569 τῷ
1687 501 1887 572 ρᾳδίως

2003 506 2217 560 tentiam
2270 522 2470 572 meam,
2514 516 2569 563 et
2609 509 2871 579 quamde
2906 509 3066 567 vobis
3108 525 3299 567 curam
3340 512 3565 570 habeam

289 582 656 652 ἀναπτομένῳ
690 585 782 636 καὶ
813 584 1197 654 σϐεννυμένῳ
1235 588 1398 657 τυχδν
1425 588 1555 659 ψιλῇ
1605 593 1699 643 καὶ
1746 594 1884 666 μόνῃ

288 675 459 747 χειρί.
488 678 785 746 Ann-arar
811 676 868 731 δὲ
898 679 1097 747 τρίϐον
1122 680 1318 743 αὐτοὺς
1344 680 1417 734 ἐν
1447 681 1617 735 ὕδατι
1652 684 1786 752 πρὸς
1817 688 1881 756 τῇ

292 765 580 835 θαλάσσῃ
602 769 698 820 καὶ
730 764 820 821 τδν
851 770 1096 839 ποταμὸν
1132 771 1497 842 Ἰορδάνην.¹’0
1531 776 1628 828 καὶ
1669 775 1886 847 θαυμά-

294 859 402 923 ζων
419 860 586 929 φησὶν
601 861 630 913 ὁ
646 858 812 912 Δαὸίδ
825 876 838 889 ο
874 878 902 910 ι
922 860 986 912 Τί
1009 861 1092 914 σοί
1115 863 1253 928 ἐστι,
1272 862 1540 930 θάλασσα,
1557 867 1639 920 ὅτι
1657 866 1881 936 ἔφυγες,

295 954 392 1007 καὶ
427 955 519 1016 σὺ,
554 952 815 1022 Ἰορδάνῃ,
842 953 925 1007 ὃτι
953 956 1230 1027 ἐστράφης
1274 960 1354 1021 εἰς
1375 958 1443 1012 τά
1473 959 1684 1027 ὀπίσω;
1718 979 1737 1012 ι
1776 963 1886 1016 Καὶ

294 1044 492 1099 πάλιν·
532 1062 551 1095 ι
578 1042 638 1097 Ὀ
674 1045 1068 1116 μεταστρέφων
1109 1045 1209 1116 τὴν
1250 1047 1525 1125 θάὶασσαν
1563 1051 1643 1114 εἰς
1691 1049 1883 1122 ξηρὰν,

292 1136 354 1188 ὲν
418 1134 648 1206 ποταμῷ
691 1134 1055 1191 διελεύσονται
1100 1136 1240 1191 ποδί.
1267 1157 1286 1188 ι
1337 1137 1461 1203 Πῶς
1504 1138 1563 1192 δὲ
1589 1141 1753 1204 αὐτὸς
1791 1141 1887 1205 ἐξ·

293 1225 519 1295 ἢγαγεν
552 1225 785 1295 ἅρματα
821 1226 919 1280 καί
949 1227 1175 1294 intuor;
1201 1228 1371 1296 Δῆλον
1409 1228 1520 1300 γὰρ
1551 1229 1628 1294 ὼς
1657 1230 1748 1285 τὸν
1785 1232 1886 1284 Ἰσ-

296 1315 441 1387 ραὴλ
467 1316 647 1388 οἰκεία
667 1318 986 1387 προαιρέσει
1005 1318 1204 1389 Φαραὼ
1230 1319 1572 1386 κατεδίωξεν,
1589 1322 1887 1392 ἐπειδήπερ

296 1408 513 1478 εἴρηται
543 1407 696 1476 παρά
726 1407 863 1461 Θεοῦ
885 1409 1022 1476 πρὸς
1040 1409 1222 1463 αὐτόν’
1260 1428 1279 1462 ι
1316 1408 1412 1472 El;
1440 1411 1599 1465 τοῦτο
1626 1412 1888 1486 ἐξήγειρά

300 1515 360 1552 σε
404 1501 553 1563 ὅπως
602 1500 923 1571 ἐνδείξωμαι
976 1502 1033 1554 ὲν
1086 1502 1171 1554 σοὶ
1208 1500 1306 1573 τὴν
1338 1501 1569 1574 δύναμίν
1623 1522 1758 1575 μου,
1795 1506 1887 1559 καὶ

299 1592 449 1656 ὅπως
473 1593 733 1664 διαγγελῇ
756 1594 816 1647 τι
840 1593 1011 1665 δνομά
1043 1611 1147 1663 μου
1179 1596 1238 1648 ὲν
1270 1595 1420 1667 πάσῃ
1449 1599 1513 1667 τῇ
1545 1599 1639 1668 γῇ.
1675 1617 1693 1650 ι
1731 1598 1888 1652 Οὕτω

299 1683 357 1735 δὲ
392 1684 487 1736 καὶ
513 1685 639 1747 τοὺς
668 1683 972 1752 φεύγοντας
1013 1684 1113 1757 τὴν
1160 1684 1293 1756 περὶ
1332 1687 1402 1741 τά
1433 1688 1594 1759 γήϊνα
1625 1688 1883 1759 σπουδὴν,

302 1776 410 1830 ὑπό
452 1794 509 1829 τε
549 1776 640 1829 τοῦ
686 1777 934 1831 διαϐόλου
985 1777 1346 1848 διωκομένους
1375 1778 1539 1844 σώζει
1569 1781 1887 1852 παραδόξως

1992 593 2220 649 ostendi.
2257 594 2396 649 Olim
2433 596 2706 666 siquidem
2743 606 2799 653 et
2837 612 2939 671 ego
2973 608 3026 656 te
3050 615 3116 655 ea:
3147 600 3383 673 Egypto
3405 604 3571 658 eduxi

1990 701 2085 755 per
2110 702 2284 751 mare,
2306 689 2359 740 in
2384 688 2530 758 quod
2556 687 2866 745 Pharaonis
2882 695 3189 748 exercitum
3212 696 3287 771 ita
3308 694 3568 762 demersi,

1993 788 2054 832 ut
2086 779 2139 833 in
2166 779 2438 849 profundo
2464 782 2700 851 sepultus
2741 782 2870 839 inde
2898 793 3089 852 postea
3125 802 3227 839 non
3249 788 3567 844 surrexerit.

1991 868 2113 933 Quo
2139 865 2345 924 factum
2379 879 2485 935 est,
2520 881 2579 926 ut
2611 871 2842 929 ﬂamma:
2867 888 2976 928 non
3007 876 3289 933 absimiles
3306 879 3569 933 exstincto

1993 958 2103 1013 lino
2127 971 2559 1029 comparentur;
2593 963 2739 1033 quod
2761 972 2820 1036 ut
2842 965 3003 1020 facile
3037 966 3353 1021 incendium
3385 970 3573 1023 conci-

1993 1051 2099 1120 pit,
2126 1053 2198 1105 ita
2234 1053 2388 1107 nullo
2421 1055 2649 1122 negotio
2672 1054 2908 1112 fortasse
2932 1055 3078 1111 nuda
3111 1066 3323 1113 tantum
3346 1062 3573 1130 solaque

1993 1156 2155 1194 manu
2186 1144 2551 1213 restinguitur.
2571 1143 2835 1208 Ateduxi,
2856 1146 3054 1216 inquit,
3074 1163 3184 1201 non
3214 1149 3353 1203 mari
3371 1150 3571 1213 solum;

1994 1234 2090 1289 sed
2122 1250 2217 1304 per
2262 1252 2415 1304 aqute
2452 1238 2696 1291 semitam
2730 1240 2918 1303 etiam,
2962 1239 3015 1294 id
3050 1248 3157 1306 est,
3198 1254 3294 1310 per
3314 1239 3575 1299 Jordanis

1993 1326 2255 1401 ﬂuvium;
2295 1328 2440 1397 quod
2486 1328 2794 1384 admiratus
2832 1328 3006 1383 David
3044 1331 3192 1386 hunc
3239 1330 3293 1385 in
3353 1330 3573 1386 modum

1993 1422 2194 1477 cecinit
2228 1440 2242 1478 :
2274 1441 2293 1474 ι
2316 1421 2454 1489 Quid
2491 1431 2577 1479 est
2604 1426 2724 1489 tibi,
2756 1440 2925 1490 mare,
2962 1425 3108 1496 quod
3141 1425 3367 1496 fugisti;
3402 1435 3456 1481 et
3491 1436 3571 1491 tu,

1991 1508 2417 1582 Jurdanis,quia
2447 1527 2751 1570 conversus
2779 1529 2839 1570 es
2863 1524 3168 1571 retrorsum
3204 1515 3285 1569 “?
3317 1535 3335 1569 ι
3367 1516 3434 1570 Ει
3455 1533 3577 1570 rur-

1993 1611 2157 1653 sum:
2198 1618 2216 1649 ι
2258 1596 2362 1664 Qui
2404 1602 2679 1657 convertit
2721 1617 2872 1658 mare
2913 1604 2969 1657 in
3018 1604 3265 1672 siccum;
3300 1605 3355 1660 in
3407 1605 3575 1660 ﬂuvio

1994 1695 2412 1761 pertransibunt
2462 1695 2597 1765 pede
2626 1700 2693 1751 δ’.
2730 1717 2749 1748 ›
2790 1696 2911 1764 Quo
2952 1698 3117 1753 modo
3167 1709 3349 1755 autem
3392 1699 3579 1754 eduxit

1995 1802 2206 1850 currus,
2240 1797 2291 1843 et
2318 1805 2500 1859 equum
2521 1790 2547 1844 .9
2579 1790 2869 1846 Enimvero
2894 1796 3107 1845 certum
3132 1799 3218 1846 est
3236 1790 3577 1846 Pharaonem

299 1869 435 1933 Θεὸς
462 1869 737 1938 βάσιμον
773 1870 957 1933 αὐτοῖς
988 1870 1306 1938 ἀποφαίνων
1336 1871 1431 1924 τοῦ
1467 1873 1736 1944 παρόντος
1766 1874 1885 1945 βίου

2003 1884 2087 1934 tua
2131 1888 2346 1935 tantum
2386 1881 2666 1938 voluntate
2711 1881 2967 1938 lsraelem
3023 1892 3371 1954 persecutum
3414 1898 3576 1945 esse.

299 1961 393 2015 τὸν
426 1960 695 2025 κλύδωνα,
715 1965 829 2025 τοῖς
849 1961 1043 2015 τούτου
1076 1965 1483 2034 περισπασμοῖς
1503 1965 1565 2017 ού
1590 1965 1891 2035 συγχωρῶν

2003 1984 2115 2024 :um
2151 1986 2182 2024 a
2221 1970 2334 2027 Deo
2370 1974 2493 2043 ipse
2526 1976 2581 2030 in
2625 1975 2771 2030 hunc
2813 1978 3346 2033 modum'audiverit
3390 1995 3405 2031 :
3457 1996 3474 2030 ι
3518 1978 3578 2032 ln

300 2053 766 2122 κατακλύζεσθαι,
795 2053 959 2108 οίονε)⁸
986 2053 1407 2127 καταξηραίνων
1427 2057 1554 2119 τοὺς
1574 2058 1895 2111 ἐπιπίπτον-

2003 2069 2095 2118 hoc
2117 2065 2352 2120 excitavi
2389 2074 2464 2132 te,
2497 2074 2557 2121 ut
2586 2067 2966 2124 demonstrem
3007 2069 3168 2141 49],
3215 2070 3267 2124 in
3303 2077 3355 2124 te
3382 2079 3579 2139 poten-

300 2164 400 2209 τας
423 2148 787 2217 πειρασμοὺς,
807 2146 875 2200 ἵν’
890 2146 1172 2218 ίσχύσειαν
1194 2148 1264 2202 ἐν
1280 2147 1359 2216 τῇ
1387 2148 1673 2216 γεγονότες
1696 2149 1894 2220 ἐρήμῳ

2003 2154 2122 2207 Liam
2164 2170 2379 2221 meam;
2423 2166 2477 2213 et
2529 2168 2587 2214 ut
2640 2159 3002 2214 annuntietur
3045 2175 3246 2215 nomen
3288 2175 3469 2214 meum
3526 2161 3580 2211 in

301 2237 393 2289 νοῦ
427 2238 786 2307 καταστάσει,
810 2237 1035 2308 σχολαία
1080 2238 1176 2291 καὶ
1207 2236 1426 2308 καθαρᾷ
1454 2238 1543 2291 τὸν
1577 2239 1636 2303 ἐξ
1658 2240 1889 2311 ούρανοῦ

2003 2245 2256 2301 universa
2287 2256 2434 2302 terra
2463 2250 2531 2302 ".
2571 2267 2589 2300 ι
2627 2247 2720 2303 Sic
2747 2262 2876 2303 vero
2909 2259 2962 2304 et
2998 2264 3094 2303 eos
3136 2251 3324 2314 etiam,
3352 2250 3443 2317 qui
3494 2264 3580 2301 re—

304 2329 405 2398 μὲν
434 2328 597 2398 ἄρτον
625 2331 835 2397 φαγεῖν,
868 2330 930 2383 τὸ
950 2329 1007 2383 δὲ
1036 2331 1103 2382 ὲκ
1127 2328 1334 2400 πέτρας
1360 2329 1520 2398 ὕδωρ
1549 2332 1694 2384 πιεῖν
1716 2347 1728 2360 '
1752 2333 1890 2413 ὅπερ

2003 2350 2120 2389 ιίιιιι
2149 2336 2517 2393 humanarum
2538 2354 2705 2395 curas
2728 2340 2965 2411 fugiunt,
2986 2341 3075 2393 vel
3105 2340 3225 2407 ipso
3256 2341 3584 2408 insequente

301 2422 453 2474 ἐστὶν
484 2420 543 2473 ὲν
580 2419 793 2491 μεθέξει
824 2419 1079 2488 γενέσθαι
1104 2420 1346 2493 Χριστοῦ
1367 2465 1382 2488 ,
1410 2420 1639 2476 διελθεῖν
1694 2440 1753 2475 τε
1798 2422 1890 2476 τὸν

2003 2425 2262 2493 diabolo,
2317 2429 2719 2485 admirabiliter
2786 2429 3042 2485 liberabit
3091 2426 3270 2495 Deus;
3326 2430 3406 2484 sic
3454 2430 3582 2483 item

315 2514 590 2586 Ἰορδάνην
615 2514 709 2566 καὶ
742 2512 846 2582 γῆς
873 2512 974 2581 τῆς
1002 2513 1425 2584 ἐπηγγελμένης
1453 2515 1661 2585 τυχεῖν.

2003 2516 2167 2586 hujus
2184 2517 2310 2571 vita:
2336 2517 2457 2580 iter,
2481 2530 2738 2588 tanquam
2766 2521 2935 2574 maris
2949 2519 3196 2584 aestuosi,
3221 2534 3289 2573 ne
3317 2518 3581 2574 ﬂuctibus

302 2607 425 2675 ejus
446 2607 840 2662 absorbeantur
860 2643 876 2669 ,
899 2604 1192 2661 desiccatis
1217 2619 1339 2674 qua:
1364 2613 1665 2661 occurrunt
1685 2605 2101 2671 tentationibus,
2135 2608 2378 2676 pervium
2407 2608 2606 2673 faciet,
2644 2616 2705 2662 ut
2768 2610 2821 2663 iu
2877 2618 3019 2663 terra
3078 2609 3307 2676 deserta,
3396 2611 3585 2678 quieto

301 2711 362 2759 et
387 2718 523 2771 puro
552 2701 749 2756 mentis
778 2708 924 2755 statu
951 2713 1146 2770 panem
1171 2697 1240 2754 de
1265 2698 1407 2754 celo
1438 2698 1621 2764 edere,
1655 2714 1949 2770 aquamque
1978 2698 2049 2755 de
2106 2708 2260 2770 petra
2286 2702 2506 2770 bibere;
2535 2702 2585 2757 id
2650 2711 2757 2768 est,
2811 2700 3017 2759 Christi
3083 2703 3377 2775 participes
3441 2701 3581 2770 fieri,

302 2795 367 2840 el
396 2794 632 2850 lordane
669 2791 901 2861 trajectu
937 2791 1211 2861 promissa
1247 2801 1393 2845 terra
1429 2790 1591 2861 potiri
1631 2792 1867 2845 valeant.

390 2886 532 2940 ’Δλν
564 2885 657 2939 ἐπὶ
700 2883 800 2954 τὴν
849 2881 1092 2953 ἱστορίαν
1122 2880 1677 2953 παλινδρομήσωμεν.
1708 2881 1897 2937 Ταῦτα

310 2977 413 3048 μὲν
432 2970 546 3039 οὖν,
566 2972 719 3043 φησι,
740 2971 910 3027 πάλαι
927 2971 1228 3042 πεποίηκα.
1245 2970 1381 3024 Νυνὶ
1399 2970 1457 3024 δὲ
1478 2972 1547 3025 τὰ
1565 2972 1623 3024 ὲν
1642 2970 1903 3041 Αἰγύπτῳ

310 3064 407 3118 καὶ
434 3059 744 3117 Βαϐυλῶνι
770 3062 837 3132 τῇ
862 3060 972 3114 τῶν
1004 3060 1271 3115 ἐπιόντων
1299 3059 1574 3132 ὑπερϐολῇ
1608 3059 1905 3132 σιγηθήσε-
1951 3072 1962 3081 ’

309 3172 426 3210 ται.
442 3155 584 3209 Ἀντι
602 3154 659 3208 δὲ
674 3151 767 3206 τοῦ
789 3151 1241 3223 συλλογίζεσθε,
1264 3153 1557 3224 Σύμμαχος
1574 3134 1915 3220 ἐννοεῖσθε,

2073 2876 2182 2933 Sed
2214 2878 2279 2931 ad
2322 2875 2608 2932 historiam
2651 2886 3009 2931 revertamur.
3045 2874 3170 2932 Haec
3218 2879 3439 2948 quidem
3483 2883 3582 2947 ait,

2003 2968 2132 3024 olim
2165 2983 2195 3023 a
2223 2983 2312 3022 me
2341 2965 2534 3022 ell‘ecta
2569 2978 2719 3022 sunt.
2765 2966 2985 3033 Verum,
3022 2968 3069 3024 si
3100 2983 3222 3038 qua:
3274 2969 3328 3023 in
3351 2969 3590 3042 Egypto

2003 3070 2057 3116 et
2095 3059 2374 3130 Babylone
2405 3061 2638 3129 patravi,
2671 3074 2797 3113 cum
2843 3060 2933 3125 iis,
2974 3075 3098 3132 qua:
3130 3069 3439 3130 sequuntur
3461 3078 3588 3116 con.

2008 3154 2294 3218 ferantur,
2335 3153 2583 3221 priorum
2632 3151 2954 3205 memoriam
2987 3151 3324 3207 oblitterabit
3354 3154 3589 3207 istorum

311 3243 468 3314 φησί.
499 3243 630 3297 Τίνα
660 3242 716 3297 δὲ
747 3240 817 3297 τὰ
841 3244 1039 3306 καινὰ,
1068 3241 1108 3297 ἃ
1137 3243 1281 3295 κατά
1307 3242 1399 3295 τὸν
1433 3243 1623 3314 καιρὸν
1648 3243 1740 3296 τὸν
1769 3243 1900 3296 ἴδιον

2010 3242 2357 3315 magnitudo.
2397 3243 2468 3297 At
2507 3241 2654 3313 quod
2683 3241 2773 3297 hic
2814 3241 3049 3312 colligite
3091 3243 3379 3308 habemus,
3416 3244 3592 3298 consi-

310 3338 654 3410 11-60'80'08;
699 3336 803 3389 Ἑν
829 3332 905 3403 τῇ
935 3332 1133 3403 ἐρήμῳ
1162 3332 1399 3402 ποιήσω
1433 3333 1677 3388 odor/ll
1706 3335 1815 3406 γὰρ
1839 3335 1897 3401 ἐξ

2003 3338 2186 3392 derate
2210 3336 2353 3392 dixit
2396 3333 2786 3407 Symmachus.
2819 3333 2925 3389 Sed
2965 3349 3089 3404 quae
3134 3351 3270 3390 nova
3302 3336 3393 3391 illa
3438 3345 3589 3399 sunt.

312 3427 488 3481 ὲθνῶν
528 3424 823 3495 Ἐκκλησία
847 3423 1114 3494 πρότερον
1151 3422 1376 3491 ἕρημος
1410 3418 1547 3477 οὖσα
1572 3424 1719 3479 Θεοῦ
1749 3423 1897 3493 γνώ-

313 3537 471 3585 σεως
520 3517 761 3591 (ταύτης
793 3516 905 3587 γὰρ
951 3515 1001 3569 οἱ
1047 3512 1378 3579 διδάσκαλοι,
1414 3515 1714 3584 φάσκοντες
1758 3512 1898 3570 εἶναι

316 3612 493 3684 σοφοὶ,
520 3608 949 3682 ἐμωράνθησαν)
981 3607 1137 3679 ἔσχεν
1168 3606 1314 3662 ὀδόν
1340 3607 1432 3660 τὸν
1456 3607 1688 3677 Χριστὸν
1715 3607 1898 3660 εἰπόν-

314 3722 385 3758 τα
403 3722 416 3736 ·
450 3723 471 3756 ι
508 3703 647 3773 Ἐγώ
675 3705 789 3774 εἰμι
817 3701 1009 3773 ἡόδός·
1030 3719 1050 3753 ι
1085 3700 1117 3769 ἢ
1149 3700 1245 3752 καὶ
1272 3698 1337 3752 τὸ
1361 3699 1624 3769 κήρυγμα
1645 3698 1707 3751 τὺ
1736 3699 1901 3767 εύαγ-

315 3796 535 3865 γελικδν
565 3797 657 3849 καὶ
682 3795 969 3864 σωτήριον.
1009 3791 1121 3864 Τὴν
1151 3791 1212 3846 δὲ
1254 3791 1384 3863 πρὶν
1431 3791 1612 3845 αὐτῶν
1662 3790 1899 3860 ἐρημίαν

320 3888 586 3960 ἔδηλωσεν
612 3888 641 3940 ό
669 3884 834 3940 Δασὶδ
865 3884 1065 3953 λέγων*
1107 3901 1127 3935 t
1160 3883 1276 3937 Οὐκ
1314 3882 1431 3935 ἐστι
1471 3881 1639 3935 ποιῶν
1665 3881 1900 3952 χρηστό-

320 3996 480 4049 τητα,
498 3980 598 4033 οὐκ
625 3978 772 4032 ἐστιν
799 3975 903 4040 ἕως
931 3975 1069 4041 ἑνός.
1101 3975 1345 4044 »Ὠσπερ
1371 3973 1429 4025 δὲ
1450 3973 1563 4027 ἀνω
1583 3975 1648 4026 ὲκ
1669 3972 1901 4043 μερικῆς

317 4072 673 4140 λιτρώσεως
704 4070 797 4123 ἐπὶ
824 4070 925 4131 τὴν
956 4066 1185 4122 καθόλου
1219 4063 1473 4137 μετῆλθε,
1504 4064 1605 4131 τὴν
1633 4061 1902 4126 ἀνάδειξιν

317 4161 493 4216 εἰπὼν
544 4159 640 4215 τοῦ
692 4158 955 4228 βασιλέως
986 4155 1249 4228 Χριστοῦ,
1278 4153 1423 4208 οὕτω
1470 4153 1568 4206 καὶ
1612 4151 1708 4205 νῦν
1756 4151 1902 4206 ὀδοῦ

322 4250 588 4323 μνησθεὶς
611 4246 725 4317 τῆς
750 4250 822 4304 ἐν
852 4250 1043 4315 ὕδατι,
1080 4249 1172 4301 ἐπὶ
1217 4246 1285 4300 τὸ
1307 4243 1550 4318 Χριστοῦ
1602 4246 1902 4323 μυστήριον

324 4320 611 4411 μετῆλθεν.
641 4340 732 4393 Διὸ
769 4338 910 4412 λήθῃ
940 4338 1008 4392 τὰ
1048 4336 1240 4410 πρῶτα
1271 4334 1609 4406 παραδοῦναί
1643 4320 1773 4405 φησι
1805 4333 1901 4387 τοῦ

324 4430 664 4503 βραχυτέρου
708 4429 1121 4501 καλυπτομένου
1164 4428 1244 4501 τῷ
1301 4425 1529 4500 μείζονι,
1559 4428 1741 4481 ὁποῖόν
1785 4428 1902 4479 ἐστι

321 4523 419 4578 καὶ
444 4522 533 4575 τόο
569 4540 587 4574 ι
611 4521 707 4576 Ἐκ
748 4522 947 4593 μέρους
984 4518 1471 4590 γινώσκομεν.⁴’οτ’
1502 4516 1568 4572 ἂν
1597 4517 1652 4570 δὲ
1685 4516 1814 4589 ἔλθη
1841 4517 1902 4571 τὸ

2002 3441 2123 3496 qua:
2165 3441 2266 3482 suo
2301 3434 2545 3494 tempore
2595 3423 2864 3494 cognituri
2900 3423 3027 3477 estis
3051 3424 3078 3478 .9
3110 3421 3176 3477 In
3209 3423 3416 3479 deserto
3452 3427 3588 3479 viam
3660 3475 3667 3481 .

2001 3516 2223 3585 faciam.
2257 3512 2377 3584 Ipsa
2408 3511 2680 3584 siquidem
2713 3512 2956 3582 gentium
2992 3511 3241 3569 Ecclesia
3274 3511 3369 3568 Dei
3406 3515 3593 3583 cogni-

2003 3611 2146 3664 tione
2176 3618 2336 3661 antea
2370 3605 2654 3669 destituta,
2690 3611 2745 3658 et
2764 3603 2976 3658 deserta
3001 3604 3192 3675 (hujus
3214 3606 3362 3661 enim
3394 3606 3593 3661 docto-

2001 3715 2113 3765 res,
2160 3714 2287 3754 cum
2340 3714 2400 3754 se
2434 3699 2714 3768 sapientes
2764 3711 2890 3753 esse
2940 3697 3213 3763 dicerent,
3251 3699 3410 3755 stulti
3465 3698 3592 3754 facti

2002 3798 2133 3848 sunt
2164 3790 2234 3861 “)
2270 3789 2554 3846 Christum
2595 3792 2797 3859 ipsum,
2846 3789 2942 3858 qui
2985 3802 3045 3844 se
3079 3789 3220 3842 riunt
3257 3803 3382 3844 esse
3424 3796 3594 3844 testa-

2003 3889 2092 3937 tur
2120 3881 2186 3948 “,
2219 3880 2697 3951 evangelieamqne
2724 3889 2778 3933 et
2805 3879 3107 3934 salutarem
3137 3878 3592 3948 praedicationem

2002 3972 2227 4028 habuit:
2259 3987 2494 4043 quorum
2527 3969 2926 4041 praecedentem
2949 3969 3303 4025 solitudinem
3352 3968 3592 4037 explica-

2002 4062 2308 4139 vit.David.
2350 4077 2477 4117 cum
2517 4062 2626 4116 ait:
2667 4058 2846 4115 rNon
2888 4067 2975 4116 est
3019 4060 3112 4130 qui
3157 4059 3322 4113 faciat
3356 4058 3587 4123 bonum,

1998 4171 2113 4221 non
2150 4163 2448 4223 estusque
2481 4153 2551 4207 ad
2600 4166 2771 4205 unum
2804 4151 2872 4204 “.
2921 4169 2941 4202 ι
2974 4150 3243 4205 Caeterum
3279 4162 3391 4203 non
3425 4146 3586 4201 aliter

2004 4262 2168 4319 quam
2198 4246 2459 4316 superius
2481 4260 2510 4296 a
2537 4242 2805 4313 singulari
2838 4239 3219 4309 redemptione,
3259 4237 3325 4293 ad
3350 4252 3597 4293 commu-

2004 4354 2128 4394 nem
2171 4346 2225 4393 et
2264 4335 2578 4398 universam
2607 4332 2854 4397 transiit,
2905 4346 3035 4387 cum
3087 4329 3155 4384 de
3193 4327 3404 4385 Christi
3447 4326 3595 4398 regis

2006 4431 2241 4485 adventu
2276 4425 2576 4493 disseruit,
2608 4425 2681 4478 ita
2721 4433 2777 4480 et
2812 4438 2986 4489 nunc,
3012 4433 3302 4492 postquam
3331 4421 3450 4487 vita,
3474 4434 3598 4491 quae

2005 4525 2062 4578 in
2113 4539 2251 4593 aqua
2295 4529 2403 4583 est,
2459 4518 2837 4580 meminisset,
2898 4516 2968 4572 ad
3008 4515 3215 4572 Christi
3271 4513 3595 4585 mysterium

320 4614 549 4682 τέλειον,
569 4614 631 4668 τὸ
660 4615 727 4668 ὲκ
756 4613 956 4685 μέρους
980 4610 1485 4683 καταργηθήσεται.
1520 4629 1539 4661 ι
1574 4610 1773 4663 Λοιπὸν
1797 4612 1900 4674 τοῖς

2013 4612 2317 4669 orationem
2358 4609 2662 4665 transtulit.
2712 4609 2893 4679 Atque
2924 4608 3052 4663 hinc
3092 4615 3181 4662 est
3237 4604 3383 4676 quod
3416 4602 3597 4658 mino-

323 4708 496 4762 πάλαι
528 4707 789 4778 μεγάλοις
818 4703 1165 4773 ἀντεξετάζει
1193 4703 1263 4757 τά
1293 4702 1472 4773 πολλῴ
1500 4701 1610 4756 τῶν
1626 4701 1808 4771 μέσων
1834 4719 1914 4756 νι-

324 4798 530 4852 κῶντα.
545 4798 632 4861 Ὠς
649 4793 1309 4869 γάρὲποίησα.φησὶν,ὲπ“
1348 4792 1617 4864 Ἐρυθρᾶς
1645 4793 1917 4865 θαλάττης

326 4889 494 4953 ὁδὸν,
535 4888 711 4953 οὕτως
735 4890 808 4943 ἐν
830 4887 904 4959 τῇ
928 4889 1126 4959 ἐρήμῳ
1148 4889 1485 4957 ποιήσαιμι,
1510 4888 1607 4941 καὶ
1629 4888 1916 4959 ῥεύσουσιν

325 4983 386 5037 ἑν
415 4982 557 5052 αύτῇ
587 4982 861 5051 ποταμοὶ,
900 4983 1150 5054 καθάπερ
1178 4983 1271 5035 ἐπὶ
1298 4981 1578 5046 Μωσέως,
1630 4982 1689 5034 ὲν
1735 4980 1918 5052 ἐκείνῃ

329 5075 397 5144 τῇ
446 5072 893 5143 πρότερον.Ἀλλ’
928 5075 1049 5127 ἐκεῖ
1101 5073 1200 5143 μὲν
1253 5070 1511 5136 ὑδάτων,
1545 5074 1603 5125 ὲν
1637 5073 1696 5125 δὲ
1741 5071 1916 5144 ταύτῃ

326 5164 679 5228 δ.δασκαλίας
728 5163 825 5218 τοῦ
871 5164 1212 5234 Πνεύματος.
1255 5163 1318 5217 0i
1370 5163 1481 5234 γάρ
1532 5161 1739 5231 ταύτην
1785 5178 1919 5233 προ-

328 5255 549 5325 χέοντες
597 5255 990 5324 εύαγγελισταὶ
1043 5255 1138 5309 καὶ
1185 5254 1496 5322 ἀπόστολοι,
1549 5254 1664 5308 ὅσοι
1698 5269 1756 5305 τε
1786 5252 1919 5306 κατ’

342 5344 673 5415 Ἐκκλησίαν
700 5345 1060 5413 μυσταγωγοὶ
1087 5345 1340 5414 ποταμοί
1360 5342 1789 5416 χρηματίζουσι.
1810 5342 1921 5395 Καὶ

330 5435 475 5493 κατά
503 5435 594 5490 τὸν
608 5436 779 5492 Δαοὶδ
799 5437 1081 5509 εἰρηκότα,
1105 5455 1125 5489 t
1155 5438 1394 5508 Ἑπῆραν
1406 5439 1455 5491 oi
1474 5435 1711 5507 ποταμοὶ
1739 5436 1922 5506 φωνὰς

331 5531 533 5587 αὐτῶν.
548 5551 568 5586 ι
602 5532 755 5586 Ἐπεὶ
776 5532 922 5586 καθά
939 5548 1104 5601 φησιν
1114 5532 1275 5594 αὐτὸς
1294 5530 1479 5595 πάλιν,
1506 5531 1600 5595 Εἰς
1624 5533 1804 5585 πᾶσαν
1822 5529 1919 5600 τὴν

333 5624 437 5693 γῆν
469 5623 693 5694 ἐξῆλθεν
717 5625 744 5677 ὀ
765 5621 1001 5692 φθόγγος
1027 5622 1226 5676 αὐτῶν.

2014 4706 2168 4762 ribus
2196 4720 2291 4776 per
2316 4703 2523 4773 majora
2542 4702 2862 4767 occultatis,
2884 4700 3068 4771 priora
3100 4698 3366 4754 oblivioni
3395 4695 3599 4750 tradita

2012 4815 2136 4858 esse
2165 4799 2339 4860 dixit,
2363 4797 2527 4867 quale
2554 4803 2640 4851 est
2692 4802 2747 4849 et
2796 4794 2967 4849 illud:
3003 4812 3022 4845 ι
3066 4790 3142 4846 Ex
3176 4801 3329 4860 parte
3392 4804 3599 4861 cogno-

2014 4891 2240 4955 scimus.
2281 4890 2416 4945 Cum
2435 4898 2619 4944 autem
2672 4886 2886 4942 venerit
2918 4882 3066 4955 quod
3118 4880 3439 4967 perfectum
3493 4890 3580 4937 est

2015 4984 2161 5055 quod
2214 4999 2281 5040 ex
2315 4992 2468 5054 parte
2515 4990 2602 5037 est
2629 4979 2992 5036 evacuabitur
3017 4977 3062 5009 "
3095 4994 3145 5032 ,ι
3198 4975 3272 5029 lis
3314 4973 3600 5041 deinceps,

2015 5092 2138 5149 quae
2168 5089 2364 5146 magna
2396 5072 2679 5144 quondam
2708 5071 2959 5136 fuerunt,
2994 5069 3103 5123 alia
3135 5065 3386 5136 opponit,
3418 5077 3450 5116 a
3481 5062 3602 5131 qui-

2016 5169 2122 5225 bus
2168 5167 2331 5236 longe
2379 5166 2495 5235 ipsa
2536 5173 2895 5235 superantur.
2931 5160 3003 5217 Ut
3030 5160 3176 5215 enim
3210 5155 3364 5221 mihi,
3416 5154 3515 5216 ait,
3547 5153 3604 5207 in

2019 5257 2154 5315 mari
2188 5256 2377 5311 Rubro
2406 5256 2546 5310 viam
2577 5256 2803 5325 aperui,
2836 5254 2917 5310 sic
2947 5258 3002 5308 et
3033 5252 3084 5304 in
3107 5248 3319 5302 deserto
3352 5245 3602 5314 facturus

2018 5366 2157 5412 sum,
2190 5355 2241 5404 et
2270 5347 2570 5402 manabunt
2609 5361 2675 5401 ex
2700 5360 2765 5401 ea
2809 5343 2985 5414 ﬂuvii,
3018 5356 3128 5396 non
3163 5337 3325 5393 aliter
3355 5351 3523 5408 quam
3549 5335 3606 5392 iu

2022 5442 2205 5512 priore
2256 5438 2372 5502 illo,
2427 5437 2569 5493 duce
2596 5434 2766 5499 Mose,
2820 5432 3023 5488 factum
3056 5427 3313 5485 audistis.
3349 5426 3453 5482 Sed
3483 5433 3607 5497 qua:

2029 5532 2101 5585 ibi
2152 5518 2416 5599 aquarum
2468 5526 2695 5582 nuntina
2725 5524 2965 5590 fuerant,
3006 5523 3097 5578 hic
3132 5527 3298 5578 erunt
3338 5519 3610 5576 doctrina:

2030 5619 2267 5690 Spiritus
2317 5617 2482 5690 592
2517 5612 2725 5675 sancti.’
2754 5612 2897 5670 Sunt
2935 5613 3107 5681 enim,
3150 5626 3180 5667 a
3218 5611 3421 5682 quibus
3458 5625 3608 5665 ema-

397 5795 437 5828 ⁸¹
470 5795 616 5853 Psal.
645 5797 859 5862 cxnt,5.
900 5797 943 5828 ³¹
964 5794 1309 5865 Psal.ux,6.
1341 5795 1384 5828 “
1413 5795 1584 5855 Exod.
1609 5797 1777 5863 tx,l6.
1803 5797 1845 5830 “
1870 5795 2027 5853 liom.
2054 5814 2089 5863 ι,
2114 5797 2205 5854 22.
2235 5794 2447 5853 "Joan.
2469 5810 2583 5864 xlv,
2608 5792 2661 5849 6.
2699 5792 2743 5827 “
2773 5791 2917 5850 l‘sal.
2937 5788 3112 5858 xnt,5.
3149 5789 3193 5822 "
3227 5790 3244 5844 l
3275 5787 3399 5844 Cor.
3423 5780 3599 5877 ιιιιῗῡ.
