4032 6218
533 355 570 418 2
589 359 676 422 295

1848 365 2202 425 I'ROCUPII
2237 365 2486 424 GAZ.E[

3629 363 3750 423 “23336

535 483 689 537 nant,
720 475 1066 544 evangelista:
1094 483 1148 528 et
1181 477 1437 545 apostoli,
1471 476 1763 546 caeterique
1793 492 1984 533 omnes
2008 479 2060 531 in
2087 475 2331 530 Ecclesia
2356 489 2680 529 arcanorum
2717 474 3061 543 interpretes,
3079 471 3358 540 ﬂuviorum
3383 475 3605 540 nomine,
3630 490 3750 546 quos

533 563 706 622 David
731 565 894 621 etiam
921 580 1108 622 vocem
1137 569 1416 636 extulisse,
1455 568 1548 624 ubi
1587 569 1740 632 item,
1776 568 1832 622 iu
1863 583 2082 624 omnem
2111 575 2314 623 terram
2345 565 2579 622 exivisse
2611 580 2805 622 sonum
2833 578 3022 620 eorum
3050 564 3244 620 asserit
3271 564 3339 620 ⁸⁸.

623 653 744 704 Ideo
773 665 900 702 aves
930 659 1190 718 praeterea
1224 655 1493 720 quasdam
1515 652 2125 724 dulciloquas(Sireuus

548 741 828 812 appellat),
855 750 1094 795 externae
1132 742 1400 798 doctrina:
1451 744 1796 813 professores
1849 746 2124 799 sermonis

547 829 804 884 facundia
844 839 898 884 et
935 832 1119 899 lepore
1177 834 1475 902 praeditos.
1528 836 1621 904 qui
1689 835 1856 892 Deum
1917 837 2124 906 ample-

549 919 670 972 xuri
737 927 964 984 essent,
1018 919 1301 974 indicavit.
1351 922 1456 978 Per
1521 925 1843 979 struthioues
1913 935 2118 991 autem,

547 1009 683 1069 sive,
748 1017 808 1062 ut
835 1009 929 1063 alii
984 1015 1214 1075 malum,
1295 1014 1763 1083 struthocamelos,
1839 1032 1955 1081 eos,
2025 1018 2119 1089 qui

547 1105 602 1154 in
669 1100 892 1154 desertis
923 1109 980 1164 et
1029 1103 1422 1159 solitudinibus
1474 1105 1644 1163 Deum
1709 1108 1980 1164 laudaturi
2033 1125 2123 1167 es-

547 1201 704 1257 sent;
764 1194 928 1263 cujus
985 1196 1062 1248 rei
1105 1211 1278 1250 causa
1339 1197 1678 1268 fuerit,quod
1714 1200 1894 1254 datam
1925 1219 2121 1263 aquam

547 1283 775 1337 biberint
805 1301 824 1340 .'
855 1287 998 1341 unde
1022 1302 1146 1341 cum
1193 1289 1390 1344 bestiis
1438 1293 1553 1360 agri
1591 1292 1841 1361 deposita
1903 1293 2122 1349 feritate

547 1379 602 1433 in
657 1381 1038 1435 humaniorem
1101 1390 1156 1436 et
1205 1384 1402 1438 rationi
1473 1384 1646 1453 magis
1698 1387 2114 1440 convenientem

547 1482 798 1524 naturam
841 1475 1185 1539 transibunt;
1253 1491 1499 1544 measque
1553 1477 1796 1540 virtutes,
1854 1479 1970 1532 sive.
2010 1481 2119 1531 late

545 1563 660 1626 des.
735 1572 793 1618 ut
842 1564 1205 1636 Symmachus
1257 1568 1676 1636 interpretatur,
1737 1586 1964 1624 narrare
2031 1571 2118 1623 di-

545 1665 734 1720 scent,
800 1659 892 1727 qui
953 1661 1117 1712 etiam
1182 1676 1344 1728 genus
1427 1662 1653 1714 electum
1722 1661 1893 1716 futuri
1956 1673 2119 1728 sunt,

545 1764 683 1816 quos
751 1749 805 1802 in
845 1750 991 1805 hunc
1028 1751 1246 1804 modum
1303 1754 1604 1822 alloquitur
1637 1753 1831 1810 Petrus
1874 1772 1888 1808 :
1931 1774 1950 1807 ι
2012 1754 2122 1810 Vos

2301 648 2457 712 Εἶτα,
2497 651 2586 703 διὰ
2621 667 2782 703 τινων
2830 653 3029 721 ὀρνέων
3066 652 3378 720 ήδυφώνων,
3442 652 3474 704 ἃ
3500 654 3752 722 Σειρῆνας

2226 743 2451 796 ἐκάλεσε
2479 784 2495 809 ,
2551 743 2850 813 παρίστησι
2906 740 3016 794 τῶν
3056 742 3159 809 ἔξω
3187 743 3337 805 τινὰς
3381 747 3565 813 σοφοὺς
3619 748 3753 818 insi;

2225 831 2673 900 κεκοσμημένους
2721 831 2856 901 πρὸς
2909 831 3040 883 Θεὸν
3088 834 3542 902 ἐπιστρέψοντας-
3595 835 3674 888 διὰ
3707 837 3754 890 δὲ

2223 920 2533 988 στρουθῶν
2554 963 2570 988 ,
2633 923 2798 992 ἤγουν
2861 913 3410 990 στρουθοκαμήλων
3470 925 3602 976 κατὰ
3650 927 3753 990 coit,-

2222 1010 2621 1078 λοιποὺς,τοὺς
2675 1016 2733 1066 ὲν
2786 1013 3053 1081 ἐρημίαις
3115 1014 3209 1066 καὶ
3268 1013 3468 1084 χώραις
3515 1015 3754 1084 ἀοικήτοις

2224 1101 2315 1153 τὸν
2350 1101 2486 1154 Θεὸν
2532 1101 2924 1171 εὐλογήσοντας
2947 1119 2960 1134 ⁸
2990 1093 3160 1170 οὗπερ
3185 1103 3358 1155 αἴτιον
3384 1105 3443 1155 τὸ
3465 1103 3552 1156 τοῦ
3583 1103 3756 1157 δοθέν-

2224 1209 2326 1258 τος
2375 1192 2594 1258 ὕδατος
2641 1195 2996 1246 πεπωκέναι.
3045 1195 3121 1245 Δι’
3153 1187 3212 1245 οὗ
3249 1193 3346 1246 σὺν
3393 1194 3590 1265 θηρίοις
3613 1197 3754 1267 ἀγροῦ

2225 1283 2361 1351 πρὸς
2413 1284 2575 1351 φύσιν
2607 1283 2830 1354 λογικὴν
2863 1284 3227 1352 μεταϐαλοῦσι
3273 1285 3370 1336 καὶ
3401 1287 3595 1356 ἥμερον
3616 1290 3654 1351 ί,
3683 1289 3757 1340 καὶ

2230 1373 2338 1438 τὰς
2382 1373 2528 1441 ἐμὰς
2575 1373 2788 1440 ἀρετὰς
2841 1373 3144 1442 διηγεῖσθαι
3197 1375 3546 1445 μαθήσονται,
3596 1377 3626 1448 ἢ
3673 1381 3758 1432 τὸν

2227 1465 2418 1534 ὕμνον
2443 1467 2584 1518 κατὰ
2623 1465 2714 1518 τὸν
2758 1465 3073 1535 Σύμμαχον,
3110 1467 3159 1519 οἳ
3191 1469 3283 1520 καὶ
3308 1468 3585 1522 ἐκλεκτὸν
3609 1471 3759 1541 ὑπάρ-

2227 1557 2379 1623 ξουσι
2410 1557 2602 1626 γένος.
2637 1557 2780 1626 Πρὸς
2823 1557 2916 1621 οὓς
2961 1561 2990 1610 ὁ
3043 1558 3242 1629 Πέτρος
3270 1559 3447 1627 φησιν’
3482 1560 3686 1630 «Ὑμεῖς
3713 1563 3758 1614 δὲ

2228 1651 2380 1716 γένος
2407 1648 2959 1718 ὲκλεκτὸν,βασίλειον
2983 1649 3026 1700 is
3037 1649 3302 1718 ρὰτευμα.
3322 1651 3468 1713 ἔθνος
3494 1651 3758 1718 ἆγιον,λαδς

2227 1742 2306 1804 είς
2336 1741 2704 1811 περιποίησιν,
2733 1741 2818 1794 ἵνα
2846 1741 2946 1806 τὰς
2993 1743 3196 1810 ἀρετὰς
3240 1742 3579 1810 ἐξαγγείλητε
3605 1741 3684 1794 τοῦ
3709 1745 3760 1795 ἐκ

547 1847 727 1892 autem
791 1854 962 1907 genus
1010 1841 1265 1907 electum,
1310 1846 1495 1912 regale
1557 1847 1951 1908 sacerdotium,
1997 1864 2125 1918 gens

2234 1832 2456 1896 σκότους
2501 1833 2644 1902 ὑμᾶς
2693 1832 3021 1896 καλέσαντος
3066 1833 3159 1885 ἐπὶ
3190 1834 3252 1885 τὸ
3283 1832 3580 1903 θαυμαστὸν
3623 1831 3757 1886 αὑτοῦ

547 1940 760 1990 sancta,
792 1929 1026 1999 pepulus
1068 1931 1472 2000 acquisitionis,
1498 1945 1555 1988 ut
1595 1938 1827 1993 virtutes
1870 1939 1990 2008 ejus
2021 1955 2120 1992 an-

546 2019 841 2083 nuntietis,
875 2022 967 2088 qui
1001 2035 1099 2074 vos
1124 2037 1153 2075 e
1186 2024 1428 2079 tenebris
1453 2031 1671 2080 vocavit
1709 2027 1762 2082 in
1804 2029 2124 2086 admirabile

547 2108 730 2161 lumen
764 2125 920 2163 Suum
949 2128 962 2164 :
996 2113 1087 2181 qui
1113 2113 1409 2182 aliquando
1436 2132 1541 2170 non
1576 2119 1832 2187 populus,
1858 2137 2002 2174 nunc
2023 2137 2123 2174 au-

550 2207 654 2252 tem
687 2201 916 2269 populus
953 2202 1006 2255 in
1047 2201 1278 2257 Domino
1308 2207 1375 2258 δ’.
1411 2225 1430 2257 ι
1468 2205 1564 2262 His
1626 2209 1792 2278 igitur
1839 2211 1911 2263 ita
1949 2211 2126 2264 admi-

549 2287 795 2342 rabiliter
813 2291 1003 2358 gestis,
1036 2289 1134 2354 Tu,
1157 2309 1186 2344 ο
1207 2290 1397 2358 Jucob,
1429 2294 1689 2366 indignus
1721 2315 1836 2351 mea
1859 2301 2125 2354 vocatione

549 2377 759 2445 fueris;
801 2391 893 2433 aut
918 2382 1222 2436 secundum
1262 2384 1679 2454 Symmachum,
1718 2389 1842 2442 Non
1873 2406 1952 2444 nte
1980 2392 2126 2444 invo-

547 2477 703 2539 casti,
733 2474 901 2529 Iacob
927 2493 943 2538 ;
971 2477 1025 2531 in
1055 2481 1342 2548 quoetiam
1367 2493 1419 2538 et
1449 2484 1641 2538 caneri-
1661 2487 2014 2540 consentiunt
2043 2487 2126 2541 in-

548 2577 837 2635 terpretes.
874 2569 1010 2623 Cum
1033 2573 1180 2625 enim
1209 2574 1341 2627 milii
1411 2573 1540 2641 ferte
1562 2579 1708 2643 ipstc,
1745 2587 1793 2631 et
1824 2581 2044 2642 sirenas,
2077 2588 2126 2633 et

547 2657 870 2711 struthioues
894 2660 1057 2711 etiam
1079 2660 1463 2730 benedicereut,
1497 2667 1716 2722 taeuisﬁ
1743 2683 1923 2735 unus;
1949 2686 2128 2739 meque

548 2749 776 2802 omnino
801 2765 903 2804 tton
940 2767 1054 2804 esse
1078 2753 1431 2808 invocandum
1466 2759 1753 2814 censuisti.
1795 2759 1897 2814 Sed
1929 2762 2127 2831 defati-

545 2849 701 2908 gatus
729 2856 784 2893 es
813 2857 938 2911 ergo
981 2859 1082 2904 me,
1120 2843 1295 2914 inquit
1337 2845 1738 2917 Symmachus:
1776 2853 1879 2917 vel,
1916 2861 1973 2906 ttt
2011 2855 2126 2920 alii,

549 2935 601 2982 in
633 2948 711 2984 me
743 2932 1020 2998 (aborasti,
1056 2937 1151 3004 qui
1188 2938 1284 2992 tibi
1319 2941 1598 3010 negotium
1625 2951 1808 2998 tamen
1843 2959 1952 2999 non
1975 2947 2131 3000 exhi-

542 3023 660 3090 bui.
697 3024 817 3080 Tibi
849 3029 994 3082 enim
1019 3045 1362 3102 quaecunque
1389 3018 1622 3089 laborem
1647 3052 1839 3106 parere
1871 3039 2130 3094 videban-

548 3122 660 3179 tur,
692 3119 998 3185 repudiavi.
1023 3123 1115 3190 qui
1170 3121 1283 3176 dixi
1318 3133 1516 3179 antea:
1555 3145 1574 3176 ι
1604 3124 1746 3192 Quid
1778 3129 1909 3182 mihi
1939 3131 2126 3184 multi-

2233 1923 2348 1993 φῶς
2373 1967 2387 1988 ,
2413 1925 2460 1976 oi
2489 1924 2617 1976 ποτὲ
2641 1925 2700 1976 ού
2731 1923 2856 1986 λαὸς
2875 1964 2889 1988 ,
2916 1923 3012 1977 νῦν
3043 1924 3100 1976 δὲ
3124 1925 3250 1987 λαὸς
3279 1927 3336 1976 ὲν
3368 1925 3569 1995 Κυρίῳ.
3600 1945 3614 1975 ι
3646 1923 3759 1977 Τού-

2222 2033 2332 2068 των
2353 2015 2408 2068 δὲ
2440 2013 2916 2084 παραδόξως-οὓτω
2942 2015 3346 2086 γεγενημένων,
3373 2016 3472 2078 Σὺ,
3492 2011 3534 2068 ὦ
3569 2013 3755 2078 Ἰακὼϐ,

2226 2110 2326 2162 οὐκ
2375 2107 2523 2173 ἄξιος
2553 2110 2758 2176 γενήσῃ
2805 2107 2906 2176 τῆς
2955 2109 3092 2177 ὲμῆς
3139 2109 3510 2175 κλήσεως.Ἢ
3539 2106 3664 2160 κατὰ
3687 2107 3758 2159 τὸν

2225 2198 2554 2268 Σύμμαχον·
2597 2199 2678 2251 Ob
2717 2197 2786 2250 δὲ
2825 2197 2929 2266 ἐμὲ
2954 2197 3280 2263 ἐκάλεσας,
3322 2197 3539 2265 Ἰακώϐ.
3587 2199 3681 2250 Καὶ
3719 2197 3757 2248 οἱ

2225 2290 2403 2342 λοιποὶ
2429 2289 2487 2342 δὲ
2519 2290 2842 2359 συμφώνως.
2873 2289 3308 2358 Εὑλοππούντων
3338 2289 3444 2358 γάρ
3467 2306 3530 2358 με
3553 2286 3657 2341 τῶν
3674 2292 3755 2354 θη·

2219 2383 2371 2450 pitur
2403 2381 2500 2435 καί
2545 2379 2841 2448 σειρήνων
2873 2379 2970 2432 καὶ
3004 2377 3336 2448 στρουθῶν,
3369 2381 3466 2433 οὐκ
3503 2379 3756 2450 εὐλόγησας

2229 2473 2412 2537 αὐτὸς,
2445 2472 2586 2527 οὑδέ
2605 2488 2683 2540 με
2697 2470 2905 2525 καλεῖν·
2921 2471 3058 2535 ὅλως
3084 2471 3350 2542 ἠξίωσας.
3368 2473 3695 2539 Ἔκοπιὰθης
3712 2469 3757 2522 δὲ

2228 2569 2315 2631 είς
2343 2564 2620 2634 submitted
2649 2563 2980 2635 Σύμμαχονο
3031 2565 3064 2636 ἢ
3114 2564 3258 2618 κατὰ
3291 2565 3415 2630 τοὺς
3447 2565 3621 2626 ἄλλους
3641 2602 3654 2628 ,
3693 2563 3757 2615 ὅτι

2227 2658 2560 2723 ἐκοπίασας
2593 2657 2660 2711 ἐν
2686 2657 2838 2726 ἐμοὶ,
2871 2655 3048 2710 καίτοι
3077 2657 3270 2711 οὐδένα
3307 2674 3389 2710 σοι
3415 2654 3756 2726 προξενήσαντι

2229 2750 2593 2805 κόπον.”οσα
2616 2750 2725 2820 γάρ
2753 2766 2834 2801 σοι
2864 2749 3123 2820 παρέχειν
3145 2749 3426 2818 ἐνομίζετο
3445 2749 3616 2812 κόπον,
3642 2762 3758 2816 παρ-

2229 2843 2440 2913 ῄτημαι
2492 2842 2759 2911 πρότερον
2811 2839 3016 2893 εἰπών’
3057 2861 3073 2892 ε
3108 2841 3173 2894 Τί
3207 2858 3299 2911 μοι
3351 2839 3545 2910 πλῆθος
3593 2837 3756 2892 θυσιῶν

2231 2933 2406 3004 ὑμῶν,
2437 2933 2584 3002 λέγει
2611 2933 2840 3002 Κύριοςς
2887 2933 3107 3003 Πλήρης
3139 2934 3278 3004 εἰμὶ,
3312 2952 3330 2984 ι
3366 2933 3456 2986 καὶ
3486 2932 3550 2985 τὰ
3578 2931 3651 2985 ἐπ’
3677 2929 3756 2982 αὖα

2229 3031 2359 3092 τοῖς.
2386 3028 2502 3080 Κάν
2523 3029 2587 3096 τῇ
2617 3027 2790 3095 Καινῇ
2819 3025 2875 3077 δὲ
2902 3025 3143 3094 Διαθήκῃ
3170 3025 3409 3079 τοιοῦτον
3433 3024 3572 3078 οὐδὲν
3596 3019 3755 3075 διὰτοῦ

2217 3105 2438 3182 Παιδὸς,
2487 3118 2546 3169 ὃν
2593 3117 2942 3187 ἐξελεξάμην,
2970 3117 3145 3187 ᾔτησα
3183 3116 3339 3186 παρὰ
3385 3110 3754 3168 σοῦ.’Δλλόύτε

550 3205 682 3256 tudo
708 3207 1108 3262 sacriﬁciorum
1136 3224 1468 3278 vestrorum,
1500 3217 1578 3269 ait
1606 3217 1908 3273 Dominus?
1928 3221 2124 3289 plenus

2231 3209 2294 3260 σύ
2329 3225 2415 3278 μοι
2451 3209 3063 3278 προσήνεγκας.Ἒτερα
3109 3207 3166 3260 δὲ
3214 3207 3334 3261 ἀνθ’
3359 3207 3548 3278 ἑτέρων
3571 3205 3752 3263 ἐποίεις.

548 3291 752 3357 sum”,
812 3311 830 3343 ι
867 3302 920 3348 et
949 3311 1071 3364 qua:
1097 3305 1310 3363 postea.
1343 3298 1497 3354 Novo
1529 3302 1726 3358 deinde
1748 3303 2120 3374 Testamento,

549 3379 686 3433 nihil
726 3381 1000 3450 ejusmodi
1059 3400 1088 3437 a
1131 3395 1182 3440 te
1216 3401 1314 3456 per
1351 3387 1576 3452 Filium,
1605 3406 1772 3458 quem
1799 3392 1958 3462 elegi,
2023 3409 2124 3463 po-

545 3469 771 3526 stulavi.
798 3470 911 3527 lmo
939 3489 1007 3528 ne
1037 3483 1093 3528 tu
1144 3477 1274 3532 mihi
1321 3478 1542 3550 quidem
1572 3482 1820 3537 obtulisti
1852 3501 1864 3536 :
1901 3485 1992 3538 sed
2019 3486 2125 3538 alia

543 3560 785 3614 aliorum
830 3562 952 3618 loco
983 3563 1244 3622 faciebas.
1282 3567 1348 3623 In
1390 3575 1620 3638 peccatis
1677 3575 1816 3626 enim
1865 3575 1970 3628 tuis
2002 3584 2124 3630 ante

543 3666 630 3704 me
658 3653 854 3706 stetisti
877 3670 898 3718 ;
934 3664 1051 3716 aut.
1085 3659 1384 3714 secundum
1427 3661 1586 3728 alios,
1613 3665 1665 3715 in
1705 3663 1868 3734 493
1893 3668 2122 3733 peccatis

550 3743 654 3797 tuis
677 3743 934 3800 invocasti
974 3764 1072 3802 me.
1105 3749 1340 3806 Adverte
1361 3762 1542 3808 autem
1564 3762 1618 3808 et
1647 3755 1698 3808 iu
1722 3757 2122 3826 superioribus,

543 3843 607 3887 ut
631 3834 838 3892 deserto
864 3838 987 3910 ipsi,
1022 3851 1076 3896 et
1133 3842 1260 3912 [erit
1307 3845 1400 3914 qui
1461 3847 1514 3900 in
1568 3861 1634 3901 eo
1666 3857 1815 3912 sunt,
1853 3849 2120 3903 bonorum

545 3941 700 3995 spem
734 3931 1049 3997 annuntiet;
1081 3935 1342 4002 populum
1413 3951 1540 3990 vero
1566 3937 1955 3993 circumcisum
1996 3955 2124 4008 pro-

544 4025 671 4086 pter
701 4017 1038 4089 impietatem
1077 4033 1293 4094 arguat,
1322 4043 1482 4096 quem
1514 4027 1658 4081 nuda
1691 4037 1902 4084 tantunt
1932 4029 2124 4087 Jacobi

543 4119 596 4162 et
628 4107 852 4166 Israelie
876 4115 1264 4184 appellatione,
1295 4132 1402 4172 non
1423 4120 1591 4184 servi,
1629 4129 1722 4173 aut
1751 4121 1931 4187 electi,
1958 4138 2120 4191 quam

2244 3301 2345 3352 ‘Er
2395 3299 2503 3368 γὰρ
2555 3298 2684 3364 ταῖς
2734 3298 2871 3365 σαῖς
2917 3298 3229 3367 ἁμαρτίαις
3267 3296 3555 3366 προέστης
3574 3291 3752 3364 μου.Ἧ

2230 3391 2370 3443 κατὰ
2401 3390 2526 3452 τοὺς
2551 3389 2792 3453 λοιποὺς,
2825 3391 2894 3442 ἐν
2915 3390 3220 3458 ἁμαρτίαις
3248 3403 3368 3444 σου
3395 3383 3666 3449 ἐκάλεσάς
3679 3397 3752 3451 με.

2232 3482 2372 3550 Ὅρα
2415 3480 2470 3533 δὲ
2506 3485 2606 3533 κάν
2641 3482 2752 3544 τοῖς
2786 3481 3196 3551 προκειμένοις,
3225 3480 3304 3543 ὼς
3353 3482 3417 3549 τῇ
3467 3477 3557 3549 μὲν
3598 3473 3756 3542 ἐρήμῳ

2229 3575 2324 3628 καὶ
2353 3577 2463 3637 τοῖς
2491 3574 2550 3625 ὲν
2579 3563 2724 3642 αὐτῇ
2747 3575 2970 3640 θηρίοις
2999 3571 3220 3640 ἀγαθῶν
3268 3571 3488 3632 ἐλπίδας
3503 3561 3754 3635 ,εὐαγγελί-

2230 3667 2402 3732 ζεται,
2437 3669 2528 3718 τὸν
2557 3665 2614 3718 δὲ
2660 3665 2788 3718 λαὸν
2831 3666 2922 3718 τὸν
2967 3666 3032 3718 ἐκ
3076 3664 3382 3735 περιτομῆς
3417 3662 3502 3716 ἐπ’
3527 3657 3753 3714 ἀσεϐείαις

2230 3757 2462 3825 ἐλέγχει,
2507 3754 2566 3808 ὃν
2612 3754 2769 3807 καλεῖ
2820 3754 3004 3825 ξηροῖς
3047 3755 3308 3824 ὀνόμασιν
3343 3750 3543 3808 Ἰακώό
3579 3765 3632 3802 τε
3678 3743 3753 3798 καί

2241 3848 2508 3916 Ἰσραὴλ,
2537 3845 2660 3900 οὔτε
2690 3846 2897 3901 δοῦλον.
2925 3846 3048 3899 οὔτε
3097 3846 3356 3900 ἐκλεκτὸν
3399 3843 3577 3898 τοῦτον
3600 3839 3752 3902 siam,

2230 3941 2372 4010 ἅπερ
2401 3939 2584 4007 ἔλεγεν
2616 3939 2710 3992 ἐπὶ
2745 3938 2839 3992 τοῦ
2887 3939 3195 4010 κρείττονος
3222 3931 3660 4008 τάγματο;.’Δλλ⁹
3682 3929 3754 3981 οὐ·

2226 4028 2314 4082 ὁὲν
2341 4022 2502 4099 ἦττον
2523 4028 2721 4090 αὐτοὺς
2745 4027 3068 4099 ἐπιστρέψαι
3085 4029 3415 4100 παρακαλεῖ,
3434 4023 3756 4096 συγχωρήσειν

2228 4123 2409 4183 αὐτοῖς
2446 4120 2552 4186 τὰς
2579 4121 2867 4190 ἁμαρτίας
2889 4121 3382 4191 ἐπαγγελλόμενος.

545 4205 986 4271 praestandorum
1033 4207 1216 4262 ordini
1265 4211 1554 4276 attribuit,
1607 4213 1959 4284 nuncupavit.
2007 4215 2112 4270 Sed
2167 4215 2525 4270 nihilominus
2581 4228 2677 4269 eos
2735 4213 2798 4268 ad
2837 4213 3250 4270 conversionem
3308 4216 3634 4276 adhortatur,
3681 4210 3752 4277 qui

542 4309 647 4348 sua
681 4295 791 4351 illis
819 4312 878 4352 se
900 4308 1118 4367 peccata
1148 4301 1591 4358 eondonaturum
1621 4304 1926 4360 denuntiet.

614 4406 849 4473 Quidam
885 4421 1066 4466 autem
1102 4413 1268 4470 illud:
1299 4414 1422 4470 Non
1446 4434 1582 4472 nunc
1607 4422 1786 4474 vocavi
1817 4432 1886 4485 te,
1915 4419 2106 4484 Iacob,

2289 4419 2443 4482 Τινὲς
2476 4416 2534 4471 δὲ
2561 4416 2642 4482 τὸ,
2675 4419 2757 4471 Οὐ
2783 4415 2902 4470 νῦν
2944 4415 3210 4470 ἑκάλεσά
3249 4434 3341 4483 σε,
3384 4417 3594 4479 Ἰακὼϐ,
3616 4413 3751 4472 οὓτως

547 4501 624 4553 ita
664 4502 1032 4570 explicarunt.
1063 4503 1359 4575 Postquam
1406 4523 1622 4571 eorum,
1654 4511 1747 4578 qui
1798 4512 2032 4565 salutem
2065 4511 2120 4568 in

543 4591 766 4646 Christo
794 4596 1072 4648 consecuti
1123 4606 1274 4659 sunt,
1301 4597 1550 4669 Novique
1577 4599 1919 4657 Testamenti
2007 4619 2123 4660 tne-

548 4682 727 4745 tninit,
762 4697 900 4751 quos
935 4685 986 4738 ei
1020 4685 1379 4743 benedictum:
1405 4690 1718 4755 alllrmavit,
1760 4707 1890 4748 cum
1923 4693 2120 4750 bestias

547 4770 666 4839 agri
710 4773 1044 4841 nuncupavit
1096 4775 1202 4845 (est
1255 4787 1439 4831 autem
1492 4779 1800 4848 spiritualis
1859 4784 2119 4852 sacrificii

548 4859 746 4914 modus
775 4859 895 4930 ipsa
944 4863 1121 4920 laudis
1177 4867 1537 4940 praedicatio),
1573 4885 1718 4926 nunc
1763 4888 1824 4928 se
1859 4871 2120 4929 Israelem

545 4948 873 5021 Egyptiaca
895 4955 1176 5020 servitute,
1205 4973 1314 5012 non
1344 4965 1403 5012 ut
1424 4960 1692 5030 sanguine
1719 4971 1773 5016 et
1800 4960 1948 5016 fumo
1996 4963 2122 5016 lita-

547 5051 632 5098 ret
691 5044 846 5114 (sunt
903 5047 1050 5102 enim
1103 5051 1389 5120 repudiata
1448 5052 1575 5118 ista,
1617 5059 1672 5107 et
1731 5055 1942 5108 umbrae
1997 5054 2117 5110 loco

547 5137 755 5208 habita)
787 5139 1051 5196 liberasse
1075 5142 1385 5212 persuadet.
1438 5146 1618 5216 Atque
1661 5144 1787 5202 inde
1815 5154 1921 5214 est,
1971 5147 2118 5218 quod

541 5229 719 5285 dixit:
754 5228 877 5287 Non
905 5249 1067 5299 nunc,
1091 5233 1313 5305 quando
1342 5236 1645 5302 sacriﬁcas,
1704 5241 1885 5293 vocavi
1941 5247 2027 5303 te;
2061 5237 2116 5292 id

543 5328 651 5386 est,
679 5318 803 5377 Non
834 5332 883 5378 te
903 5327 1102 5393 uocaui,
1137 5327 1267 5382 dum
1329 5327 1599 5396 sacriﬁcia
1630 5329 1884 5397 offerres,
1933 5345 2005 5386 ne
2063 5338 2118 5385 te

2225 4512 2533 4567 ἀπέδωκανο
2565 4508 2686 4561 Τῶν
2725 4511 2782 4561 ὲν
2808 4507 3030 4578 Χριστῷ
3057 4507 3400 4579 σωζομένων,
3426 4510 3514 4562 καὶ
3537 4509 3626 4576 τῆς
3645 4505 3750 4557 Και-

2222 4601 2322 4672 νῆς
2354 4600 2629 4669 Διαθήκης
2665 4600 2942 4670 μνησθεὶς,
2974 4598 3067 4662 οὒς
3097 4599 3259 4656 αὑτὸν
3283 4600 3627 4668 εὐλογήσειν
3649 4595 3746 4660 ἔφη.

2223 4695 2398 4760 θηρία
2432 4692 2665 4755 καλέσας
2709 4689 2894 4761 ἀγροῦ
2922 4689 3326 4760 (πνευματικῆς
3367 4691 3424 4744 δὲ
3465 4689 3646 4759 τρόπος
3667 4686 3747 4737 θν-

2222 4784 2362 4848 σίας
2400 4785 2432 4853 ἡ
2483 4780 2816 4850 δοξολογία),
2861 4779 2955 4834 νῦν
2985 4780 3160 4834 πείθει
3189 4781 3299 4833 τὸν
3334 4779 3586 4847 Ἰσραὴλ,
3612 4776 3674 4836 ὡς
3698 4771 3748 4838 δὴ

2220 4871 2552 4944 λελύτρωται
2577 4870 2678 4940 τῆς
2713 4873 2772 4923 ὲν
2805 4869 3063 4942 Αἰγύπτῳ
3096 4870 3340 4942 θητείας,
3365 4873 3460 4941 οὐχ
3501 4871 3577 4920 ἵνα
3605 4865 3662 4917 τὰ
3687 4859 3750 4913 δι’

2214 4963 2448 5032 αἵματος
2503 4961 2654 5032 αύτῷ
2687 4964 3015 5030 προσάγοιεν
3059 4965 3152 5016 καὶ
3207 4962 3430 5017 καπνῶν
3457 4976 3471 4990 ⁶
3511 4956 3748 5022 ἀπόσλητα

2215 5055 2324 5126 γὰρ
2353 5053 2523 5107 ταῦτα
2569 5055 2664 5107 καὶ
2696 5053 2833 5127 πρὸς
2885 5055 3044 5118 σκιᾶς
3081 5056 3453 5126 παρείληπται
3483 5049 3650 5104 τύπον.
3675 5041 3746 5096 Διό

2213 5147 2510 5216 φησινοού
2539 5144 2674 5209 νῦν,
2710 5145 2797 5198 ὅτε
2847 5144 3016 5209 θύεις,
3062 5145 3326 5201 ἐκάλεσα
3372 5162 3462 5213 σε,
3519 5133 3746 5215 ἤγουνοῠ

2217 5237 2564 5310 προσάγοντά
2614 5253 2672 5290 σε
2723 5237 2939 5305 θυσίας
2968 5239 3254 5305 ἐκάλεσα,
3301 5239 3374 5304 ὡς
3410 5238 3482 5310 μή
3514 5232 3671 5288 δοκεῖν
3697 5237 3744 5276 σε

2217 5329 2470 5402 καθάπερ
2494 5329 2804 5387 ἁντέκτισίν
2829 5348 2952 5387 τινα
2977 5332 3076 5404 τῆς
3114 5331 3475 5404 προσαγωγῆς
3499 5319 3746 5399 ἐσχηκέναι

613 5490 830 5551 “Psal.
877 5515 1030 5569 xvttt,
1072 5503 1126 5558 ὅ.
1203 5501 1285 5557 ’³1
1332 5501 1481 5560 Petr.
1524 5519 1586 5573 tt,
1625 5503 1790 5571 9,10.
1868 5504 1915 5537 ”
1968 5503 2078 5558 lsa.
2113 5518 2152 5568 ι,
2197 5502 2285 5556 Η.

1817 5661 2050 5722 VARUE
2088 5663 2496 5721 LECTIONES.

623 5747 642 5783 ⁸
676 5763 765 5815 γρ.
787 5748 848 5802 τὸ
871 5750 1042 5820 ἁνήμε
1054 5766 1164 5820 ρον.
