4032 6218
299 380 438 446 2397

1470 379 2005 442 COMMENTARII
2041 378 2123 438 ΙΝ
2161 378 2450 439 ΙΞΑΙΑΜ.

3417 370 3561 434 23138

298 496 400 567 τὴν
442 491 733 564 λύτρωσιν.
787 491 1208 563 Είδωλολατρῶν
1257 491 1337 556 δὲ,
1384 491 1614 562 δι’ὲμὴν
1669 493 1886 562 ἀγάπην

2001 487 2454 557 redemptionem,
2475 483 2641 538 veluti
2659 483 2938 554 quoddam
2961 481 3265 538 oblalionis
3285 485 3573 554 przemium

295 585 460 656 χάριν
489 582 648 654 ἔσχες
675 583 776 650 τὴν
808 583 1176 652 corrupta.va
1214 581 1271 635 δὲ
1321 582 1461 652 μετά
1505 582 1678 636 ταῦτα
1709 599 1884 654 προσν

294 677 557 742 ήνεγκας,
594 672 749 725 οὐδὲν
776 673 910 742 πρὸς
934 673 1053 742 ἐμὲ.
1079 673 1287 736 Μόναις
1314 673 1425 744 γὰρ
1447 675 1567 738 ταῖς
1595 674 1653 740 ἐξ
1678 674 1888 744 ἀρετῶν

294 763 543 831 λογικαίς
571 763 976 833 εύαρεστοῦμαι
1011 762 1241 827 θυσίαις.
1277 765 1392 818 Kal.
1439 765 1507 819 δι’
1540 766 1803 837 Ἰερεμίου
1829 763 1887 818 δὲ

293 855 699 927 τοῦπροφήτου
743 856 908 927 φησί’
946 875 963 906 ι
992 855 1072 910 Τὰ
1099 856 1529 929 ὁλοκαυτώματα
1563 859 1716 928 ὑμῶν
1749 858 1888 927 μετὰ

295 948 407 1003 τῶν
437 947 638 1000 θυσιῶν
672 947 827 1017 ὑμῶν
854 950 1216 1018 συναγάγετε,
1254 951 1348 1003 καὶ
1383 949 1586 1019 φάγετε
1620 949 1777 1020 κρέα,
1805 949 1888 1002 ὅτι

293 1041 396 1094 οὐκ
429 1039 670 1111 ἐλάλησα
700 1039 838 1112 πρός
868 1042 996 1105 τοὺς
1029 1043 1274 1113 πατέρας
1303 1043 1460 1112 ὑμῶν
1495 1042 1624 1112 περὶ
1663 1041 1889 1095 ὁλοκαυ-

292 1132 564 1201 τωμάτων
613 1131 709 1184 καλ⁵
740 1133 943 1185 θυσιῶν
963 1173 978 1198 ,
1010 1135 1068 1186 ὲν
1093 1135 1280 1206 ἡμέρᾳ
1381 1135 1656 1204 ἀνήγαγον
1687 1132 1888 1196 αὐτοὺς

293 1223 361 1276 ὲκ
390 1225 496 1290 γῆς
527 1224 827 1291 Αἰγύπτου.
874 1244 891 1276 ι
940 1225 1054 1280 Καὶ
1099 1226 1369 1296 ἀλλαχοῦ*
1411 1228 1561 1280 ι”Ῑνα
1591 1227 1644 1279 τί
1681 1244 1770 1297 μοι
1812 1223 1892 1278 λί-

295 1317 458 1371 ϐανον
489 1317 554 1370 ἐκ
582 1315 729 1369 Σάδα
765 1317 982 1386 φέρετε,
1016 1318 1111 1370 καὶ
1157 1319 1510 1389 κιννάμωμον
1539 1320 1603 1371 ὲκ
1630 1319 1732 1386 γῆς
1779 1335 1884 1388 μα-

293 1407 525 1478 κρόθενς
563 1408 643 1460 Τὰ
669 1408 1096 1480 ὁλοκαυτώματα
1127 1409 1284 1480 ὑμῶν
1324 1411 1423 1463 ούκ
1455 1411 1561 1464 εἰσὶ
1590 1411 1773 1473 δεκτά,
1793 1410 1890 1464 καὶ

294 1499 350 1550 αἱ
381 1497 561 1551 θυσίαι
598 1499 753 1569 ὑμῶν
782 1499 880 1570 οὐχ
907 1499 1110 1570 ἥδυνάν
1140 1518 1249 1570 μοι.
1285 1521 1304 1552 ι
1357 1503 1468 1554 Καὶ
1499 1501 1589 1554 διὰ
1615 1501 1708 1555 τοῦ
1735 1502 1888 1555 Ψαλ-

261 1641 264 1644 r
299 1589 403 1659 μοῦ
451 1587 506 1643 δέ
556 1606 751 1660 φησιν’
795 1608 813 1641 ι
849 1592 922 1644 Οὐ
958 1591 1180 1662 δέξομαι
1222 1595 1286 1648 ὲκ
1335 1592 1430 1646 τοῦ
1476 1594 1626 1648 οἴκου
1659 1613 1753 1648 σου
1787 1596 1886 1666 μό-

297 1697 490 1750 σχους,
525 1681 644 1734 οὐδὲ
681 1685 745 1734 ἐκ
805 1681 913 1734 τῶν
953 1684 1222 1753 ποιμνίων
1255 1701 1348 1738 σου
1381 1687 1706 1758 χιμάρρους.
1741 1705 1760 1739 ›
1795 1688 1888 1741 Δι’

290 1765 368 1826 ὧν
413 1773 707 1844 ἀφίστησιν
757 1774 953 1838 αὐτοὺς
1005 1774 1115 1828 τῶν
1146 1775 1335 1829 τύπων
1367 1778 1448 1841 είς
1477 1778 1575 1850 τὴν
1607 1779 1884 1833 πολιτείαν

289 1865 390 1934 τὴν
428 1865 792 1936 εύαγγελικὴν
821 1865 1099 1922 συνωθῶν.
1148 1868 1371 1940 Πνεῦμα
1397 1870 1506 1942 γὰρ
1591 1871 1723 1934 Θεὸς
1741 1911 1759 1935 ,,
1789 1872 1883 1925 καὶ
1919 1845 1960 1901 Β

287 1956 416 2018 τοὺς
441 1957 884 2027 προσκυνοῦντας
925 1957 1105 2025 αὐτὸν,
1131 1961 1188 2012 ὲν
1221 1961 1492 2031 πνεύματι
1527 1965 1622 2017 καὶ
1655 1965 1886 2038 ἀληθείᾳ

289 2048 372 2100 δεῖ
388 2051 732 2119 προσκυνεῖν.
751 2049 894 2118 Ἐγὼ
922 2051 1020 2122 μὲν
1050 2048 1166 2116 οὖν,
1196 2054 1384 2125 φησὶν,
1407 2056 1482 2119 ὡς
1511 2057 1712 2125 ἀγαθὸς
1748 2059 1885 2111 ἑτοί-

292 2156 410 2208 μους
440 2140 546 2210 ἔχω
579 2157 658 2194 σοι
695 2147 1019 2214 συγχωρεῖν.
1063 2146 1152 2198 Σοὶ
1192 2147 1248 2199 δὲ
1298 2148 1356 2202 τὸ
1395 2149 1739 2219 μεμνῆσθαι
1767 2150 1884 2204 τῶν

285 2230 590 2300 ἁμαρτιῶν
623 2236 863 2304 ἀσφαλὲς
891 2238 1025 2307 πρὸς
1068 2238 1129 2292 τὸ
1178 2240 1253 2312 μὴ
1281 2242 1506 2305 ταύταις
1533 2243 1610 2296 ἔτι
1648 2259 1879 2315 περιπε-

291 2325 425 2376 σεῖν.
448 2325 534 2391 Ἐξ
559 2319 619 2379 οὗ
645 2329 740 2381 καὶ
760 2329 1103 2383 δικαιοῦσθαι
1135 2324 1442 2402 συμὸαίνει.
1487 2353 1504 2385 ι
1535 2335 1751 2398 Δίκαιος
1774 2339 1883 2406 γὰρ

289 2413 485 2467 ἑαυτοῦ
511 2418 816 2490 κατήγορος
845 2421 901 2473 ὲν
931 2422 1293 2496 πρωτολογίᾳ.
1325 2443 1342 2476 ι
1375 2425 1485 2477 Καὶ
1511 2425 1784 2481 δείκνυσιν
1807 2427 1884 2491 ὡς

288 2508 391 2560 οὶκ
422 2503 528 2561 οἶδε
562 2509 846 2581 καθαίρειν
881 2515 913 2584 η
950 2514 1094 2568 κατὰ
1128 2517 1293 2585 νόμον
1331 2516 1576 2589 λατρεία.
1596 2518 1883 2573 Ἀδύνατον

288 2599 398 2671 γὰρ
431 2595 570 2672 αἷμα
601 2602 818 2675 ταύρων
851 2608 944 2660 καὶ
975 2607 1195 2678 τράγων
1225 2610 1480 2680 ἀφαιρεῖν
1508 2612 1806 2681 ἁμαρτίας.

364 2877 477 2930 Καὶ
507 2878 672 2932 πάλιν
707 2879 836 2950 περλ⁸
864 2879 974 2933 τῶν
1009 2881 1072 2934 ἐκ
1105 2883 1410 2952 περιτομῆς
1441 2884 1886 2938 πεπιστευκότων

291 2969 456 3038 φησίν
484 2985 495 2996 ·
539 2989 556 3020 ι
587 2971 798 3035 Είδότες
831 2973 885 3026 δὲ
926 2974 1006 3026 ὃτι
1051 2974 1112 3026 ού
1159 2974 1464 3028 δικαιοῦται
1515 2974 1802 3046 ἄνθρωπος
1829 2979 1888 3044 ἐξ

290 3057 470 3127 ἔργων
513 3060 701 3130 νόμον,
735 3063 831 3115 ἐὰν
885 3063 962 3134 μὴ
1011 3064 1100 3119 διὰ
1137 3063 1374 3126 πίστεως
1414 3066 1589 3135 Ἰησοῦ
1621 3069 1884 3138 Χριστοῦ·

289 3151 386 3204 καὶ
425 3152 584 3220 ἡμεῖς
615 3155 694 3216 είς
721 3155 953 3225 Χριστὸν
989 3156 1199 3227 Ἰησοῦν
1236 3157 1643 3229 ἐπιστεύσαμεν
1678 3160 1765 3215 ἵνα
1807 3162 1885 3214 δι-

289 3243 620 3312 καιωθῶμεν
647 3247 705 3297 ὲν
736 3245 901 3316 αύτῷ.
935 3267 952 3298 ι
989 3250 1180 3302 ΘυσΙα
1212 3249 1393 3303 τοίνυν
1417 3253 1562 3321 ὑμᾶς
1595 3251 1655 3306 ού
1689 3253 1884 3307 καθαί-

264 3352 396 3406 ρει,
431 3335 546 3406 ἐγὼ
592 3337 648 3389 δὲ
683 3337 842 3407 μόνος
878 3340 905 3391 ὁ
939 3341 1121 3407 ἀφιεὶς
1163 3342 1450 3410 ἁμαρτίας
1491 3344 1670 3417 δωρεᾷ
1701 3363 1760 3398 τε
1792 3347 1886 3399 καὶ

288 3427 494 3496 χάριτι.
529 3447 545 3478 ι
579 3429 990 3499 Δεδικαιώμεθα
1025 3431 1132 3504 γάρ
1164 3436 1264 3487 οὐκ
1296 3436 1352 3501 ἐξ
1385 3436 1561 3504 ἔργων
1604 3439 1882 3491 δικαιοσύ-

289 3533 388 3587 νης
431 3509 506 3571 ὧν
550 3517 888 3590 ἐποιήσαμεν
918 3522 1098 3592 ἡμεῖς,
1133 3523 1269 3577 ἀλλά
1315 3527 1456 3578 κατὰ
1487 3527 1546 3579 τὸ
1574 3528 1708 3582 πολὺ
1740 3530 1886 3592 ἔλεος

291 3609 479 3664 αὑτοῦ.
515 3631 533 3662 ι
574 3611 722 3683 Αὕτη
751 3612 858 3683 γὰρ
904 3613 1136 3684 ἀσθενὴς
1168 3617 1306 3686 πρὸς
1336 3619 1432 3686 τὴν
1470 3618 1539 3670 δι’
1569 3619 1747 3691 ἔργων
1781 3639 1884 3674 σω-

291 3701 486 3772 τηρίαν
532 3703 566 3773 ἡ
615 3702 795 3771 φύσις.
815 3705 1118 3775 Ἐπιμελῶς
1149 3705 1258 3777 γὰρ
1292 3707 1536 3775 ἔγκειται
1589 3713 1620 3780 ἡ
1676 3711 1886 3765 διάνοια

291 3793 386 3846 τοῦ
413 3794 697 3864 ἀνθρώπου
717 3796 810 3849 ἐπὶ
832 3797 899 3850 τὰ
929 3798 1142 3869 πονηρά
1169 3800 1231 3850 ὲκ
1256 3799 1533 3870 νεότητος,
1561 3801 1708 3854 καθά
1733 3803 1885 3872 δηλοῖ

295 3884 392 3937 καὶ
438 3886 603 3940 Δαϐὶδ
640 3887 844 3957 λέγων·
885 3909 902 3940 ι
926 3891 1052 3943 Ἐἀν
1085 3892 1314 3961 ἀνομίας
1345 3894 1732 3964 παρατηρήσῃ.
1773 3893 1887 3945 Κύ-

299 3995 400 4049 ριε,
425 3979 616 4050 Κύριε,
635 3981 720 4045 τίς
741 3983 1142 4054 ύποστήσεται;
1167 3985 1289 4037 Ὀτι
1316 3984 1467 4055 παρά
1493 3986 1578 4038 σοὶ
1605 3988 1632 4038 ὁ
1663 3987 1888 4056 ἱλασμός

292 4069 458 4123 ἐστιν.
493 4090 509 4122 ι
533 4072 699 4125 Ἑλεῶ
726 4078 825 4144 μὲν
846 4069 936 4127 οὖν
965 4075 1145 4139 αὑτός.
1174 4071 1244 4129 Εὖ
1272 4075 1328 4128 δὲ
1356 4077 1692 4140 πεπονθότας
1723 4077 1890 4131 ἐθέλω

285 4163 633 4232 μεμνῆσθαι
665 4167 757 4219 καὶ
784 4167 874 4220 τὸν
909 4168 1138 4238 Σωτῆρα
1168 4168 1256 4221 διὰ
1298 4169 1497 4232 παντὸς
1532 4169 1887 4239 ἁνυμνείν.Ὃ

293 4256 359 4327 δὴ
394 4257 488 4309 καὶ
517 4257 714 4327 δρῶσιν
741 4261 791 4313 οἱ
824 4260 1003 4328 ἅγιοι,
1031 4261 1107 4324 ὼς
1139 4260 1290 4331 δηλοί
1330 4261 1492 4314 πάλιν
1524 4261 1552 4314 ὁ
1583 4263 1756 4332 μέγας
1783 4259 1886 4313 Δαέ

295 4347 402 4412 615',
435 4349 563 4402 ποτὲ
617 4351 715 4419 μὲν
742 4351 941 4404 εἰπών’
996 4353 1149 4406 «Ὅτι
1203 4352 1302 4423 τὴν
1349 4353 1581 4422 ἀνομίαν
1632 4371 1734 4423 μου
1779 4353 1890 4422 ἐγὼ

292 4440 568 4510 γινώσκω,
600 4444 696 4496 καὶ
740 4445 773 4514 ἡ
814 4445 1061 4516 ἁμαρτία
1098 4463 1198 4514 μου
1231 4445 1461 4500 ἐνώπιόν
1493 4447 1591 4515 μού
1624 4447 1740 4498 ἐστι
1771 4446 1888 4499 δια-

1990 593 2350 636 consecutum
2371 593 2499 634 esse
2540 584 2784 648 putares.
2821 575 2927 630 Sed
2963 591 3087 630 cum
3138 573 3283 630 idola
3331 579 3565 642 celeres,
3627 585 3634 593 '

1993 687 2114 725 mea
2137 672 2304 727 unius
2333 673 2389 726 in
2424 679 2478 725 te
2510 668 2894 724 benevolentia
2938 670 3170 738 gratiam
3225 677 3280 724 et
3332 668 3570 723 salutem
3656 724 3662 730 _

1989 764 2222 834 adeptus
2262 779 2343 820 es.
2409 762 2541 830 Quae
2577 771 2760 816 autem
2818 759 3074 830 deinceps
3113 761 3387 828 obtulisti,
3435 761 3574 816 nihil

1991 853 2083 905 illa
2115 852 2182 904 ad
2225 866 2330 913 me,
2355 853 2448 921 qui
2484 846 2620 905 selis
2653 849 2921 903 virtutum
2952 849 3316 904 ration-ilibus
3357 848 3574 904 sacriﬁ-

1989 943 2383 998 ciisoblector.
2417 943 2562 1009 Quin
2600 951 2652 995 ct
2675 939 2930 995 Ieremia:
2963 940 3148 995 verbis
3179 942 3232 994 in
3274 941 3420 996 hunc
3451 953 3574 994 mo-

1989 1033 2119 1088 dum
2154 1032 2445 1102 loquitur:
2488 1052 2504 1083 ι
2546 1029 2877 1084 Ηυίοοευειε
2919 1037 3101 1084 vestra
3121 1029 3303 1084 addite
3331 1029 3574 1085 victimis

1990 1125 2214 1189 vestris,
2251 1132 2305 1178 et
2333 1124 2600 1178 comedite
2635 1136 2836 1176 carnes
2859 1138 2873 1186 ;
2900 1120 3030 1185 quia
3073 1137 3178 1175 non
3207 1136 3326 1175 sum
3355 1122 3576 1176 locutus

1989 1215 2242 1284 patrihus
2274 1216 2473 1269 vestris
2497 1218 2561 1268 de
2588 1213 2929 1269 holocaustis
2950 1221 3005 1267 et
3043 1212 3355 1278 sacrificiis,
3403 1212 3457 1266 in
3485 1212 3575 1268 die

1989 1321 2096 1376 qua
2130 1305 2294 1359 eduxi
2325 1321 2421 1358 eos
2451 1305 2520 1359 de
2547 1303 2785 1376 A‘Igyplu
2841 1304 2944 1357 ⁵⁸.»
2985 1303 3050 1357 Ει
3087 1304 3254 1358 alibi:
3322 1322 3341 1356 ι
3374 1303 3575 1372 thuid

1991 1400 2122 1452 mihi
2149 1399 2355 1453 thusde
2395 1397 2560 1459 Saba,
2593 1406 2647 1451 et
2675 1397 3086 1451 cinnamomum
3107 1395 3174 1451 de
3193 1405 3339 1450 terra
3359 1394 3574 1464 longin-

1988 1489 2140 1560 qua?
2171 1488 2490 1542 holocausta
2518 1497 2702 1542 vestra
2739 1503 2846 1540 non
2880 1493 3011 1540 sunt
3041 1492 3291 1553 accepta.
3323 1492 3377 1538 et
3417 1486 3577 1540 victi-

1991 1594 2090 1634 ma:
2129 1588 2323 1634 vestra:
2355 1594 2464 1633 non
2499 1578 2824 1648 placuerunt
2850 1577 2982 1630 mihi
3039 1577 3108 1630 ⁸¹.
3157 1596 3175 1628 ι
3219 1575 3285 1630 Et
3337 1576 3389 1630 in
3419 1574 3574 1631 Psal-

1989 1688 2076 1726 mo
2101 1674 2266 1728 etiam
2291 1694 2302 1727 :
2334 1690 2352 1724 ι
2395 1672 2513 1726 Non
2545 1671 2812 1741 accipiam
2836 1669 2904 1723 de
2927 1670 3090 1723 domo
3108 1677 3200 1722 tua
3219 1670 3444 1733 vitulos,
3473 1683 3575 1723 ne-

1986 1780 2092 1834 que
2116 1766 2184 1820 de
2217 1766 2478 1835 gregibus
2500 1765 2613 1819 tuis
2632 1765 2818 1818 hircos
2841 1763 2925 1828 ⁶³;
2965 1782 2984 1814 ι
3034 1762 3236 1827 quibus
3269 1777 3362 1816 eos
3381 1777 3410 1816 a
3437 1761 3574 1830 ligu-

1993 1859 2072 1914 ris
2102 1872 2316 1920 arcere,
2347 1858 2496 1912 et‘ad
2552 1857 2928 1927 evangelicam
2970 1855 3096 1910 vitae
3124 1855 3393 1909 rationem
3422 1869 3578 1908 com-

1992 1951 2196 2020 pellere
2237 1959 2468 2006 conatur
2511 1963 2523 1998 :
2562 1950 2806 2019 Spiritus
2837 1949 2984 2003 enim
3048 1946 3193 2003 Dens
3243 1954 3348 2012 est,
3389 1954 3446 2000 et
3481 1946 3577 2016 qui

1991 2055 2116 2094 cum
2153 2039 2407 2100 adorant,
2436 2039 2488 2093 in
2522 2039 2723 2108 spiritu
2763 2046 2819 2093 et
2857 2039 3091 2093 veritate
3123 2037 3281 2092 decet
3320 2036 3577 2092 adorare.

1992 2132 2105 2203 Ego
2131 2132 2321 2202 igitur,
2353 2133 2554 2202 inquit,
2586 2146 2686 2202 pro
2726 2145 2844 2186 mea
2875 2131 3145 2194 bonitate,
3191 2130 3256 2183 ad
3289 2129 3578 2198 indulgen-

1990 2224 2120 2278 dum
2155 2221 2656 2278 et-condonandnm
2689 2229 2915 2290 paratus
2944 2235 3087 2275 smn.
3130 2217 3234 2272 Sed
3272 2217 3368 2272 tibi
3393 2231 3580 2285 pecca-

1992 2327 2165 2372 torum
2193 2317 2493 2371 meminisse
2521 2315 2603 2370 vel
2629 2331 2694 2371 eo
2719 2315 3013 2386 profuerit,
3040 2327 3108 2367 ne
3136 2312 3190 2366 in
3218 2311 3406 2365 eadem
3431 2309 3576 2363 rela-

1994 2408 2365 2482 baris,59ﬁ.
2434 2423 2463 2462 a
2524 2409 2728 2478 quibus
2781 2405 3010 2461 excitari
3064 2410 3118 2457 te
3174 2400 3578 2469 iustificarique

1991 2505 2288 2574 contigit.r
2350 2501 2543 2556 Justus
2585 2500 2757 2565 enim,
2814 2499 2909 2562 ait,
2967 2497 3120 2566 prior
3148 2502 3246 2548 .est
3283 2500 3578 2548 accusator

1992 2596 2075 2650 sui
2107 2593 2175 2648 “.
2215 2613 2232 2646 ι
2290 2593 2452 2647 Cultu
2487 2600 2745 2663 praeterea
2801 2588 2958 2659 legali
3007 2587 3282 2642 neminem
3322 2581 3576 2637 mundari

1994 2688 2243 2758 potuisse
2271 2685 2533 2746 ostendit,
2556 2698 2680 2738 cum
2714 2693 2998 2736 taurorum
3031 2685 3085 2733 et
3133 2677 3418 2732 hircorum
3448 2687 3579 2730 sau-

1993 2780 2158 2849 guine
2185 2779 2293 2834 elui
2333 2785 2556 2849 peccata
2593 2780 2875 2844 nequeant
2899 2773 2970 2826 ³⁵.

2067 2870 2293 2931 Deinde,
2344 2867 2490 2923 etde
2525 2865 2610 2920 his
2663 2864 2854 2927 etiam,
2884 2860 2980 2931 qui
3038 2875 3104 2915 ex
3151 2853 3579 2912 circumcisione

1996 2961 2371 3024 crediderant,
2413 2959 2517 3012 ait:
2566 2976 2583 3008 ι
2624 2955 2876 3010 Scientes
2923 2960 3129 3015 autem,
3169 2941 3318 3018 quod
3348 2959 3456 2999 non
3484 2943 3580 3012 ju-

1998 3053 2272 3107 stilicatur
2307 3051 2474 3104 homo
2513 3064 2579 3102 ex
2611 3043 2872 3115 operibus
2915 3043 3072 3109 legis,
3103 3041 3210 3095 nisi
3265 3055 3360 3110 per
3412 3037 3574 3092 lldcm

1996 3143 2124 3199 Iesu
2148 3142 2353 3198 Christi
2376 3163 2389 3198 :
2412 3149 2458 3196 et
2483 3155 2583 3196 nos
2609 3140 2662 3193 in
2685 3137 2872 3192 Jesum
2904 3134 3186 3190 Christum
3213 3129 3573 3194 credidimus,

1992 3243 2050 3290 ut
2078 3234 2451 3304 justillcemur
2486 3234 2538 3286 in
2565 3232 2685 3300 ipso
2719 3228 2819 3283 “J
2860 3225 2978 3280 Non
3008 3241 3107 3280 vos
3161 3223 3328 3293 igitur
3361 3220 3577 3288 sacriﬁ-

1992 3327 2132 3379 cium
2169 3324 2380 3388 laverit,
2409 3321 2503 3378 sed
2539 3337 2632 3390 ego
2681 3320 2854 3383 solus,
2908 3315 2999 3384 qui
3049 3326 3275 3384 possum
3321 3309 3495 3380 gratia
3527 3316 3582 3360 et

1996 3422 2324 3478 liberalitate
2352 3425 2572 3487 peccata
2619 3413 2919 3470 remittere.
2958 3429 2976 3460 ι
3019 3405 3399 3463 Justilicamur
3432 3400 3578 3457 enim

1991 3530 2099 3570 non
2131 3529 2196 3568 ex
2234 3511 2495 3580 cperihus
2523 3506 2753 3577 iustitia:
2789 3516 2912 3572 quae
2950 3499 3186 3554 fecimus
3221 3511 3346 3559 nos,
3371 3493 3464 3549 sed
3489 3506 3580 3546 se-

1989 3607 2229 3662 cundum
2265 3605 2491 3657 multam
2522 3600 2641 3670 cjus
2667 3593 3106 3652 misericordiam
3133 3592 3232 3644 ⁵⁷.»
3271 3588 3388 3659 Ipsa
3425 3601 3550 3641 nam

1991 3712 2097 3764 que
2133 3694 2196 3748 ad
2227 3693 2462 3747 salutem
2493 3687 2757 3757 operibus
2789 3679 3236 3752 consequendam
3289 3675 3580 3730 imbecillis

1991 3798 2074 3843 est
2111 3796 2164 3840 et
2196 3787 2411 3838 inlirma
2445 3790 2673 3844 natura;
2708 3791 2833 3832 cum
2855 3777 2912 3828 in
2931 3789 3020 3827 res
3053 3772 3227 3825 malas
3257 3770 3324 3824 ab
3356 3772 3579 3834 ineunte

1989 3888 2151 3934 aetate
2183 3875 2422 3931 hominis
2461 3886 2677 3940 semper
2721 3866 3002 3922 incumbat
3030 3863 3294 3933 cogitatio
3316 3861 3403 3927 ";
3434 3862 3582 3916 sicut

1993 3988 2147 4027 mens
2182 3969 2374 4029 David,
2409 3966 2494 4021 his
2522 3965 2742 4018 verbis:
2776 3979 2794 4012 ι
2849 3959 2907 4014 Si
2943 3958 3267 4027 iniquitates
3315 3955 3587 4008 observa--

1993 4071 2158 4132 veris,
2183 4064 2430 4124 Domine,
2471 4057 2878 4125 Domine.‘quis
2899 4049 3242 4108 sustinebit?
3274 4048 3414 4113 Quia
3436 4045 3582 4116 apud

1993 4169 2044 4213 te
2067 4155 2382 4228 propitiatio
2396 4159 2479 4205 est
2513 4151 2613 4200 ⁸³.»
2649 4147 2913 4201 Misereor
2937 4159 3069 4214 ergo
3089 4140 3463 4212 ipsequidem,
3493 4139 3580 4190 in-

1990 4245 2231 4320 quit;sed
2250 4260 2367 4302 eos.
2388 4244 2455 4298 de
2469 4242 2672 4312 quibus
2691 4239 2829 4293 bene
2845 4235 3078 4290 meritus
3101 4228 3586 4293 summieminiue,

1993 4349 2371 4411 perpetuoque
2403 4334 2749 4389 Salvatorem
2782 4327 3067 4384 celebrare
3119 4325 3358 4394 postulo.
3405 4326 3585 4390 Atque

1993 4434 2229 4502 idipsum
2266 4437 2368 4492 est,
2419 4426 2565 4496 quod
2613 4423 2790 4478 sancti
2841 4428 3099 4491 prmstare
3142 4432 3249 4472 non
3294 4415 3583 4474 desinunt,

242 4543 248 4548 '
294 4535 528 4597 παντός·
559 4555 576 4588 ι
607 4539 733 4590 ποτὲ
765 4537 822 4589 δέ
848 4553 860 4566 °
888 4539 1043 4590 (Ὅτι
1070 4539 1167 4608 τὴν
1197 4538 1426 4609 ἀνομίαν
1455 4557 1554 4607 μου
1582 4539 1882 4606 ἁναγγελῶ,

1993 4534 2132 4582 teste
2163 4537 2359 4593 magno
2405 4519 2626 4582 Davide,
2654 4516 2744 4571 ubi
2770 4517 2845 4569 ait
2866 4527 2937 4566 ττι
2963 4510 3234 4578 Quoniam
3258 4523 3356 4578 ego
3378 4505 3582 4574 iniqui-

294 4628 389 4679 καὶ
423 4630 750 4698 μεριμνήσω
781 4629 921 4702 ὑπὲρ
953 4629 1052 4700 τῆς
1085 4631 1359 4702 ἁμαρτίας
1396 4650 1496 4702 μου
1522 4647 1534 4659 ’
1567 4652 1583 4682 ι
1619 4631 1762 4684 κατά
1791 4634 1848 4684 τό
1874 4649 1888 4663 ο

301 4739 318 4770 ι
350 4720 440 4790 Μὴ
487 4722 790 4792 αἰσχυνθῇς
834 4722 1169 4792 ὁμολογῆσαι
1213 4725 1635 4796 ἐφ’ἀμαρτίαις.
1669 4745 1686 4777 ι
1726 4727 1790 4777 "O
1828 4724 1891 4797 δὴ

297 4812 374 4880 μὴ
410 4815 640 4882 ποιήσας
677 4815 776 4884 μὲν
804 4816 831 4866 ὁ
859 4815 1154 4883 Φαρισαῖος
1186 4816 1506 4887 κατεκρίθη.
1546 4817 1765 4886 Δράσας
1821 4833 1888 4885 γε

298 4899 405 4970 μὴν
435 4902 464 4954 ὁ
491 4901 728 4973 τελώνης
760 4903 970 4973 ἀπῆλθε
999 4902 1356 4971 δικαιωθείς.
1378 4906 1548 4960 Τοῦτο
1575 4907 1685 4960 δεῖν
1715 4907 1888 4963 εἰπὼν

293 4995 323 5047 ὁ
369 4993 502 5057 Θεὸς
525 4995 775 5065 ποιῆσαι,
807 4997 956 5068 Πλὴν
1008 4996 1137 5059 ῐσθι,
1161 4999 1348 5069 φησιν,
1381 4999 1454 5062 ὼς
1503 5000 1573 5052 ἐκ
1616 5003 1890 5069 πατέρων

295 5081 430 5150 ἔφυς
459 5084 804 5152 ἁμαρτωλὸς,
835 5086 929 5138 καὶ
956 5085 1068 5138 ὅσοι
1096 5085 1239 5139 κατά
1263 5089 1486 5154 καιροὺς
1519 5088 1672 5157 ὑμῶν
1693 5084 1888 5161 ἦρξαν,

292 5173 451 5243 ὴνόμ
461 5191 621 5244 ησαν
650 5178 738 5242 εις
769 5176 890 5245 ἐμέ.
912 5175 1059 5229 Ἀντὶ
1077 5175 1134 5229 δὲ
1153 5175 1246 5229 τοῦ
1268 5174 1578 5246 ἄρχοντες,
1613 5179 1890 5248 ἑρμηνεῖς

307 5265 538 5324 Ἀκύλας
563 5265 669 5336 ἔφη
700 5267 794 5320 καὶ
816 5265 1135 5336 Σύμμαχος,
1153 5264 1293 5337 Τρία
1312 5266 1367 5320 δὲ
1396 5267 1578 5336 τίθησι
1608 5269 1886 5340 τάγματαο

294 5356 579 5426 πατέρας,
601 5359 694 5412 καὶ
711 5358 1007 5428 ἑρμηνεῖς,
1030 5359 1124 5411 καὶ
1149 5354 1574 5428 ἇρχονταςΪΩν
1590 5361 1636 5413 οἱ
1667 5360 1764 5430 μὲν
1789 5356 1890 5431 ἧρ-

299 5465 414 5518 χον,
439 5451 488 5503 οἱ
507 5449 564 5503 δὲ
589 5450 699 5504 τῶν
726 5452 764 5503 Γ
771 5450 958 5522 ραφῶν
987 5446 1126 5518 ἦσαν
1150 5451 1437 5521 ἐξηγηταὶ,
1459 5454 1506 5505 oi
1533 5452 1589 5505 δὲ
1611 5453 1688 5523 τῷ
1707 5453 1886 5524 χρόνῳ

299 5539 706 5612 προϐεϐηκότες
745 5541 1062 5611 ἐτύγχανον.
1109 5542 1187 5593 Δι’
1216 5540 1310 5604 οὓς
1350 5541 1688 5596 ἀπολωλέναι
1735 5543 1883 5612 λέγει

367 5678 409 5712 ⁸¹
440 5673 640 5730 Jerem.
677 5693 771 5730 vn.
799 5676 889 5738 2|,
925 5675 1014 5730 22.
1091 5677 1138 5707 "
1167 5674 1450 5734 Jeremm,
1486 5676 1575 5730 20.
1651 5679 1696 5713 “
1729 5676 1877 5734 Psal.
1920 5695 2069 5746 xux,
2092 5680 2144 5735 9.
2223 5682 2270 5713 ⁸⁵
2303 5677 2464 5746 Prov.
2498 5671 2762 5746 xvrtt.l7.

1663 5749 1706 5781 ’9
1740 5748 1880 5805 l’sal.
1924 5766 2112 5817 οπως,
2141 5751 2252 5817 3,4.

301 5748 393 5801 lat.
430 5765 490 5807 II,
522 5747 605 5801 16.
683 5748 726 5778 ⁵⁷
762 5746 970 5809 'l‘it.tn,
1004 5747 1056 5800 5.
1134 5748 1177 5778 ⁵⁸
1204 5745 1338 5799 Gen.
1372 5762 1467 5809 sn,
1495 5748 1584 5802 ει.

304 5820 348 5850 ⁸⁸
376 5817 546 5874 Eccli.
582 5832 659 5885 ιν,
702 5818 789 5872 51.
871 5819 914 5850 ⁸³
943 5817 1074 5874 Luc.
1115 5832 1268 5883 xvm,
1310 5816 1484 5872 ltl-l-l.

1994 4622 2160 4672 tatem
2202 4629 2377 4668 meam
2433 4625 2702 4682 agnosco,
2745 4616 2796 4663 et
2834 4614 3121 4677 peccatum
3174 4615 3353 4654 meum
3389 4605 3585 4652 contra

1992 4727 2077 4767 me
2133 4719 2219 4767 est
2269 4724 2487 4779 semper
2516 4706 2615 4758 ⁸ο.»
2653 4702 2716 4756 Et
2764 4721 2777 4757 :
2840 4720 2858 4751 ι
2913 4682 3186 4766 Quoniam
3233 4695 3584 4767 iniquitatem

1990 4821 2167 4861 meam
2200 4801 2630 4864 annuntiaho,et
2651 4792 3028 4851 meditaborin
3046 4792 3286 4863 peccatis
3328 4786 3584 4853 meis“;h

1982 4901 2138 4970 juxta
2162 4897 2328 4952 illud:
2366 4914 2384 4947 ι
2427 4893 2546 4949 Non
2577 4892 2879 4948 erubescas
2930 4886 3185 4942 confiteri
3224 4894 3448 4954 peccata
3481 4881 3583 4932 “.3

1997 4991 2153 5059 Quod
2190 5005 2316 5046 cum
2352 4988 2578 5042 minime
2613 4985 2837 5040 fecisset
2867 4979 3202 5041 Pharisazus,
3246 4975 3586 5059 condemna-

1977 5057 2089 5140 "tus
2111 5095 2226 5140 est:
2255 5089 2449 5137 contra
2470 5087 2676 5142 autem,
2699 5076 3038 5145 justiﬁcatua
3068 5071 3399 5140 publicanus
3423 5062 3488 5114 ⁸³.
3524 5057 3582 5113 ld

1996 5193 2129 5248 ergo
2159 5189 2283 5230 cum
2318 5172 2564 5243 praestari
2587 5180 2843 5241 oportere
2874 5165 3180 5221 monuisset
3200 5160 3365 5220 Deus,
3401 5164 3456 5210 et
3483 5153 3583 5208 bu~

1991 5245 2104 5340 jus,
2138 5269 2302 5325 etiam
2337 5266 2536 5336 inquit,
2564 5262 2886 5320 memineris
2920 5274 3046 5313 esse
3073 5269 3125 5312 te
3149 5270 3183 5308 α
3207 5249 3451 5321 patribus
3474 5245 3587 5340 tuis

1995 5339 2344 5433 peccatorem
2373 5357 2602 5420 editum,
2636 5369 2844 5424 eosque
2871 5346 3198 5416 omnes,qui
3223 5343 3322 5399 tibi
3350 5339 3587 5409 singulis

1993 5451 2334 5522 temporibus
2399 5445 2756 5517 praaluerunt,
2793 5448 2845 5497 in
2888 5457 2968 5495 me
2997 5453 3200 5500 semper
3231 5434 3440 5505 iniquos
3473 5447 3587 5487 seu

1993 5544 2338 5617 praestitisse.
2363 5539 2550 5611 Neque
2593 5552 2723 5592 vero
2769 5531 3135 5590 omittendum
3185 5535 3292 5594 est,
3323 5524 3582 5596 Aquilam

2876 5670 2921 5701 ⁵⁸
2958 5666 3124 5720 llebr.
3150 5681 3206 5734 ι,
3233 5665 3286 5718 4.
3399 5661 3446 5694 ⁵⁸
3476 5656 3583 5734 (:11-

2913 5741 2953 5771 “
3018 5737 3166 5795 l‘sal.
3191 5728 3432 5815 aut“.
3483 5728 3578 5790 19.

2368 5749 2412 5781 ⁸ο
2444 5745 2589 5802 Psal.
2627 5760 2675 5811 L,
2743 5743 2796 5798 5.
