4032 6218
325 282 460 349 2401

1505 275 2042 341 COMMENTARII
2081 275 2164 336 IN
2195 275 2483 340 ISAIAM.

3454 277 3594 342 2402

323 401 383 454 τὸ
427 398 620 468 νεαρόν
662 412 722 448 τε
753 393 847 447 καὶ
871 392 1120 456 ἀειθαλὲς
1158 393 1253 447 τοῦ
1312 394 1504 464 φυτοῦ.
1530 397 1742 465 Πηγαῖς
1796 393 1900 462 γὰρ

2011 407 2275 461 aquarum
2306 433 2321 457 ,
2353 402 2404 446 et
2433 393 2569 446 sicut
2604 391 2750 446 salix
2785 393 2945 462 juxta
2978 392 3387 464 prater-ﬁnem“
3427 410 3594 464 aqua:

321 490 408 544 ἀεὶ
434 487 530 542 καὶ
554 487 820 556 ποταμοῖς
850 484 1267 553 παραπέφυκεν.

2011 482 2242 549 intulit;
2293 494 2352 537 ut
2402 499 2499 554 per
2552 483 2796 548 salicem,
2833 483 3049 539 vitalem
3110 482 3447 544 facultatem.
3484 501 3593 553 qua

321 595 496 654 genus
536 579 640 632 hoc
677 576 874 646 plantas
905 584 1193 631 recreatur
1221 591 1439 647 semper
1469 585 1523 633 et
1556 576 1722 643 viret,
1769 569 2060 631 indicaret.
2095 575 2363 632 Fontibus
2431 577 2577 630 enim
2646 584 2911 646 perpetuo
2978 585 3031 632 et
3091 575 3380 632 ﬂuviorum
3459 576 3588 647 ripis

323 669 674 725 alnascitur.

391 761 550 823 Τινὲς
602 759 658 812 δὲ
684 759 821 830 πρὸς
872 760 1000 822 τοὺς
1019 760 1218 823 αὐτοὺς
1255 760 1351 814 καὶ
1376 761 1444 814 τά
1492 761 1612 815 νῦν
1645 761 1898 834 εἰρῆσθαί

321 867 475 919 φασι.
544 847 654 919 Τὴν
721 848 832 918 γὰρ
859 834 1038 902 cxi-rich
1087 850 1187 917 τῆς
1217 850 1497 914 ἀπωλείας
1517 849 1708 915 εἰπὼν,
1740 852 1902 905 πάλιν

319 942 502 1002 αὐτοῖς
551 939 610 992 τὸ
666 942 1023 1010 μνησικακεῖν
1102 940 1517 1009 ἐπαγγέλλεται.
1557 943 1788 1014 Ἕτερον
1809 943 1907 995 αὺ-

317 1034 431 1094 τοῖς
483 1031 604 1088 ἀντὶ
648 1031 742 1083 τοῦ
806 1031 1169 1100 προλαϐόντος
1199 1032 1395 1102 ὁρίζων
1453 1035 1643 1105 καιρὸν
1683 1035 1746 1088 τὸ
1787 1036 1906 1087 νῦν

317 1121 514 1189 λέγων,
538 1120 614 1183 ὡς
648 1121 743 1172 καὶ
769 1121 831 1173 τό
861 1137 874 1151 ·
916 1140 934 1172 ι
976 1122 1227 1192 Σήμερον
1257 1123 1352 1175 ὲὰν
1375 1124 1472 1193 τῆς
1524 1125 1709 1193 φωνῆς
1737 1125 1900 1179 αὐτοῦ

318 1210 615 1278 ἀκούσητε.
663 1230 679 1262 ι
713 1211 1018 1280 Προτρέπει
1051 1211 1160 1282 γὰρ
1185 1213 1346 1266 αὑτὸν
1405 1213 1755 1268 ἐπιλαθέσθαι
1805 1216 1904 1286 μὲν

317 1301 427 1353 τῶν
456 1293 646 1355 πάλαι.
676 1301 799 1353 Ὅτι
832 1301 889 1352 δὲ
954 1302 1142 1355 αὐτοῦ
1199 1302 1343 1368 παῖς
1383 1304 1680 1375 ὠνομάσθη
1704 1315 1753 1364 ιι.
1782 1323 1909 1360 σκο-

319 1397 442 1446 πεῖν
477 1393 572 1446 καὶ
599 1393 675 1456 ὠς
708 1395 772 1446 ἐκ
793 1393 1009 1445 πάντων
1033 1392 1370 1455 ἐξείλεκται
1413 1394 1523 1447 τῶν
1551 1396 1741 1461 ἐθνῶν,
1765 1398 1907 1450 κατὰ

317 1485 379 1536 τό
409 1499 421 1513 ·
451 1501 470 1535 ι
506 1485 635 1536 Ὅτε
669 1477 978 1552 διεμέριζεν
997 1481 1026 1532 ὁ
1052 1482 1317 1550 "Nata-ro;
1355 1483 1506 1554 ἔθνη,
1535 1502 1554 1535 ι
1585 1486 1682 1538 καὶ
1709 1484 1777 1538 τὰ
1817 1485 1904 1554 ἐφ’

318 1575 466 1646 ἑξῆς.
521 1574 584 1628 Εἰ
611 1573 666 1627 δὲ
691 1575 865 1627 νοοῖτο
902 1573 1158 1644 περὶτῶν
1205 1573 1262 1640 ἐξ
1294 1574 1485 1639 ἐθνῶν,
1535 1576 1774 1647 τοσαύτη
1819 1595 1905 1642 τις

319 1666 474 1719 ἔσται
502 1665 647 1731 τότε,
667 1665 822 1734 φησὶ,
848 1664 1099 1735 προκοπὴ
1125 1665 1221 1718 καὶ
1248 1665 1554 1730 Θεοσεϐείας
1570 1668 1908 1738 κατόρθωσις

2069 753 2189 810 Non
2236 756 2454 817 desunt.
2496 756 2589 826 qui
2630 762 2686 810 et
2729 754 2834 809 ista
2889 755 3053 808 etiam
3105 755 3180 810 ad
3209 755 3427 810 eosdem
3481 751 3592 814 dici

2000 847 2338 901 existiment.
2389 845 2687 916 Postquam
2715 846 2861 899 enim
2913 845 3172 900 interitus
3199 861 3421 902 causam
3448 859 3592 902 altua

2002 938 2182 1003 lisset,
2210 939 2415 994 eisdem
2453 953 2649 994 rursus
2686 938 3016 1008 injuriarum
3052 940 3277 994 minime
3323 955 3382 996 se
3415 956 3595 996 recor-

2007 1027 2270 1083 daturum
2300 1030 2614 1100 pollicetur.
2640 1038 2692 1085 et
2722 1030 2775 1084 in
2809 1031 3070 1101 praeteriti
3121 1031 3321 1096 locum,
3378 1040 3591 1102 tempus

2002 1120 2147 1174 aliud
2183 1120 2391 1185 dellnit,
2451 1136 2576 1174 cum
2631 1138 2771 1175 nunc
2827 1124 3093 1187 assumit;
3149 1122 3455 1192 cuiusmodi
3509 1130 3594 1177 est

2001 1211 2171 1267 illud:
2220 1231 2238 1264 ι
2272 1211 2442 1266 Hodie
2478 1215 2523 1266 si
2564 1229 2752 1268 vocem
2781 1214 2899 1282 ejus
2925 1213 3212 1268 audieritis
3241 1214 3306 1267 ¹¹.
3355 1231 3374 1264 ι
3411 1215 3592 1284 Ipsum

2003 1305 2175 1368 enim,
2226 1312 2285 1358 ut
2327 1320 2518 1360 eorum
2595 1321 2718 1374 quae
2785 1306 3163 1375 praeterierunt
3209 1305 3589 1371 obliviscatur,

2006 1395 2354 1450 adhortatur.
2429 1395 2527 1449 Est
2553 1411 2684 1450 vero
2713 1397 2950 1465 qualiter
2992 1398 3106 1465 ejus
3132 1411 3259 1464 puer
3299 1398 3588 1462 nominari,

2006 1500 2072 1540 ex
2110 1487 2477 1555 omnibusque
2517 1487 2776 1556 gentibus
2811 1488 2948 1556 eligi
3001 1487 3220 1542 dicatur
3244 1528 3260 1552 ,
3305 1489 3592 1544 adverten-

2015 1575 2167 1632 dum.
2201 1576 2332 1632 Tale
2361 1585 2411 1633 et
2447 1579 2580 1632 illud
2620 1589 2744 1634 est:
2794 1597 2812 1630 ι
2845 1579 3077 1646 Quando
3111 1582 3386 1636 dividebat
3418 1581 3590 1636 Altis-

2007 1669 2181 1725 simus
2208 1680 2398 1734 gentes
2423 1670 2493 1737 τ’,
2531 1690 2548 1723 ι
2595 1679 2649 1725 et
2679 1687 2802 1742 quae
2853 1682 3182 1742 sequuntur.
3226 1675 3381 1740 Quod
3433 1675 3479 1729 si
3520 1674 3590 1729 de

321 1758 430 1809 τῶν
468 1757 762 1809 οἰκούντων
792 1756 960 1809 πάλαι
993 1755 1092 1826 τὴν
1123 1756 1352 1826 ἔρημόν
1391 1775 1448 1810 τε
1489 1759 1585 1812 καὶ
1613 1758 1900 1828 ἄνυδρον,

2013 1761 2272 1829 gentibus
2323 1761 2669 1832 intelligitur,
2711 1773 2824 1817 tum
2879 1779 3115 1835 magnus
3157 1766 3292 1820 adeo
3337 1767 3463 1830 erit,
3503 1766 3588 1819 ln-

321 1849 397 1912 ὼς
462 1846 794 1917 ἁμιλλᾶσθαι
840 1847 974 1918 πρὸς
1042 1849 1302 1914 ἀλλήλους
1335 1849 1410 1912 ὡς
1463 1852 1524 1902 ὲν
1563 1849 1748 1920 δρόμῳ
1812 1851 1906 1904 τοῦ

320 1938 454 1992 Θεοῦ
486 1943 583 2010 τὴν
642 1939 803 2009 χάριν
864 1939 1136 2011 ἁρπάζειν
1198 1943 1627 2011 ἐπειγομένους,
1676 1943 1769 1995 καὶ
1816 1942 1907 1995 τὸν

323 2030 421 2099 μὲν
450 2032 557 2083 Τοῦ
601 2031 771 2095 Θεοῦ,
796 2031 997 2099 λέγειν,
1032 2031 1168 2099 εἰμὶ,
1234 2031 1324 2084 τὸν
1389 2032 1448 2085 δὲ
1498 2033 1760 2100 τοῦνομα
1801 2032 1907 2087 τοῦ

333 2119 544 2174 Ἰακὼὸ
605 2120 1029 2189 ἐπιγράφεσθαι,
1081 2121 1258 2175 καίτοι
1339 2121 1416 2192 μὴ
1483 2122 1622 2186 ,ὄντα
1689 2122 1754 2175 ὲκ
1811 2121 1906 2175 τοῦ

335 2210 562 2276 Ἰακὼϐ,
622 2213 684 2264 ὲκ
730 2211 787 2264 δὲ
833 2212 930 2281 τῆς
958 2213 1188 2282 ἐρήμου
1212 2215 1309 2282 τῆς
1336 2214 1623 2284 πρότερον.
1667 2211 1814 2265 Ἀντὶ
1850 2213 1907 2265 δὲ

316 2301 413 2355 τοῦ
466 2302 783 2368 βοήσεται,
828 2304 1200 2371 κληθήσεται
1271 2305 1568 2376 Σύμμαχος
1622 2304 1824 2376 ἔφησεν
1853 2313 1902 2343 ν·

317 2392 500 2457 τοῦτο,
543 2395 730 2462 φασιν,
762 2397 819 2446 ὲν
850 2397 962 2456 τοῖς
989 2394 1098 2449 τῶν
1122 2396 1380 2467 διωγμῶν
1414 2398 1626 2467 καιροῖς
1681 2394 1906 2448 ἐθεασά-

324 2483 486 2552 μεθα,
520 2485 752 2548 πολλοὺς
773 2485 881 2537 τῶν
939 2485 1168 2539 ἐθνικῶν
1214 2487 1313 2550 τὰς
1343 2487 1453 2540 τῶν
1499 2486 1672 2554 ἁγίων
1696 2486 1906 2558 ἀνδρῶν

319 2577 697 2646 προσηγορίας
753 2579 969 2639 ἑαυτοῖς
1035 2579 1476 2645 ὑφαρπάζοντας.
1541 2577 1756 2631 Ἐκάλει
1796 2577 1904 2648 γάρ

320 2665 513 2717 ἑαυτὸν
564 2666 594 2717 ὁ
649 2666 748 2736 μὲν
803 2665 1023 2730 Ἰακὼϐ,
1093 2668 1122 2718 6
1191 2667 1249 2719 δὲ
1302 2665 1569 2735 Ἰσραὴλ,
1621 2666 1799 2737 ἕτεροι
1849 2667 1906 2719 δὲ

335 2753 609 2824 Ἰερεμίαν
671 2772 729 2807 τε
801 2755 897 2808 καὶ
933 2754 1184 2818 Ἡσαΐαν,
1241 2754 1336 2807 καὶ
1363 2755 1583 2825 Δανιήλ.
1641 2753 1778 2807 Μεθ’
1831 2747 1906 2806 ὧν

319 2845 600 2916 ὀνομάτων
627 2848 721 2899 ἐπὶ
756 2847 826 2900 τὰ
859 2845 1138 2918 μαρτύρια
1179 2845 1477 2916 προθύμως
1527 2847 1753 2908 ἑαυτοὺς
1802 2849 1902 2899 ἐπ-

321 2937 588 2990 εδίδοσαν.
617 2936 693 2990 Τὸ
738 2937 795 2990 δὲ
831 2936 904 3004 τῇ
927 2939 1102 3006 χειρὶ,
1141 2937 1229 2989 διὰ
1246 2935 1318 3011 ,τδ
1348 2934 1549 2999 στίζειν
1596 2935 1726 2999 ἴσως
1779 2937 1906 2990 πολ-

321 3027 445 3090 λοὺς
475 3029 566 3080 ἐπὶ
599 3028 908 3099 καρπῶν,ἢ
962 3027 1325 3099 βραχιόνωνῆ
1397 3024 1493 3081 τοῦ
1547 3027 1783 3097 σταυροῦ
1846 3028 1906 3081 τὸ

2010 1852 2149 1920 quit,
2213 1867 2559 1922 progressus,
2605 1863 2900 1925 tantusque
2943 1857 2998 1910 in
3070 1858 3268 1927 pietate
3309 1857 3589 1926 profectus

2007 1956 2220 2007 eorum,
2251 1943 2343 2012 qui
2377 1942 2612 1998 desertas
2639 1946 2766 1998 olim
2817 1957 2872 1999 et
2921 1948 3207 2016 inaquosas
3262 1949 3588 2003 solitudines

2010 2031 2361 2096 habitabant,
2398 2041 2457 2086 ut
2485 2035 2629 2088 inter
2665 2050 2746 2101 se,
2780 2044 3040 2106 tanquam
3067 2053 3256 2103 cursu,
3305 2039 3372 2093 de
3411 2040 3589 2109 adipi-

2012 2126 2212 2178 scenda
2251 2125 2342 2179 Dei
2371 2127 2547 2194 gratia
2575 2141 2772 2198 magna
2809 2130 3164 2185 contentione
3184 2131 3490 2199 de'certent;
3536 2141 3588 2184 ct

2008 2213 2095 2266 hic
2125 2213 2371 2283 quidem,
2407 2215 2506 2268 Dei
2541 2233 2681 2281 sum,
2711 2217 2889 2271 dicat:
2929 2217 3017 2272 ille
3053 2228 3233 2273 autem
3270 2221 3370 2274 sibi
3403 2220 3592 2274 Jacobi

2007 2321 2197 2358 nomen
2247 2293 2539 2372 ascribat,
2593 2308 2947 2376 quantumvis
2984 2323 3051 2361 ex
3095 2307 3300 2362 Jacobo
3333 2325 3437 2363 non
3485 2311 3585 2369 sit.

2008 2395 2104 2450 sed
2135 2412 2198 2450 ex
2226 2398 2432 2453 deserto
2459 2409 2587 2453 ante
2620 2399 2912 2468 prodierit.
2950 2397 3151 2453 Verum
3188 2415 3287 2468 pro
3315 2402 3585 2464 clamabit,

2007 2489 2280 2540 vocabitur
2314 2487 2476 2543 habet
2507 2487 2892 2558 Symmachus.
2921 2492 3099 2560 Atque
3123 2489 3379 2560 idipsum,
3410 2491 3584 2553 aiunt,

2007 2577 2267 2631 saeviente
2296 2579 2700 2647 persecutionis
2720 2586 2989 2648 tempore,
3011 2581 3262 2651 contigit,
3285 2595 3394 2649 quo
3409 2580 3590 2635 ethnis

2006 2680 2102 2720 cos
2138 2666 2338 2721 multos
2369 2677 2686 2722 sanctorum
2727 2668 3008 2724 hominum
3059 2671 3453 2741 appellationes
3482 2671 3586 2726 sibi

2007 2759 2253 2828 arripere
2299 2758 2561 2813 vidimus.
2608 2757 2679 2814 Se
2729 2760 2876 2814 enim
2928 2759 3190 2815 Jacobum
3231 2762 3397 2827 alius,
3448 2763 3589 2816 alius

2007 2848 2134 2902 item
2166 2847 2422 2903 lsraelem
2446 2891 2460 2911 .
2492 2850 2583 2904 alii
2620 2850 2782 2906 etiam
2814 2850 3142 2921 Jeremiatn,
3179 2861 3232 2908 et
3272 2853 3495 2918 Isaiam,
3534 2865 3588 2908 et

2006 2937 2281 2992 Danielem
2315 2940 2744 3009 nuncupabant:
2784 2943 2988 3011 quibus
3037 2944 3339 3013 assumptis
3401 2945 3589 3014 appel-
3627 3009 3640 3020 ι

2007 3027 2302 3084 lationibus
2334 3029 2503 3083 alacri
2531 3041 2585 3085 et
2625 3028 2754 3085 forti
2809 3032 2995 3087 animo
3029 3032 3096 3087 ad
3131 3034 3392 3105 martyria
3426 3049 3586 3090 acce-

323 3119 628 3189 σημεῖον,ἦ
661 3118 760 3189 τὴν
807 3119 1044 3190 Χριστοῦ
1099 3119 1498 3190 προσηγορίαν.
1557 3120 1764 3187 "ll-{0w
1808 3121 1898 3172 ἐπὶ

2009 3119 2234 3173 debant.
2299 3118 2456 3186 Quod
2525 3129 2708 3176 autem
2777 3139 2941 3176 manu
2999 3125 3166 3192 dixit,
3207 3124 3330 3182 ideo
3399 3126 3585 3183 forsan

321 3205 402 3272 τῷ
429 3208 694 3276 ὀνόματι,
731 3209 915 3278 φησιν,
972 3209 1158 3275 ἐπειδὴ
1211 3207 1398 3275 ὄνομα
1445 3208 1558 3270 τοῖς
1612 3207 1671 3270 ἐξ
1709 3207 1901 3260 Ἰακὼϐ

321 3295 610 3364 σχοίνισμα
672 3299 766 3349 καὶ
789 3297 988 3368 κλῆρος
1017 3296 1174 3350 Θεοῦ.
1224 3296 1342 3350 Οὐκ
1390 3298 1457 3368 ἐᾷ
1487 3297 1564 3362 δὲ,
1597 3298 1752 3366 φασὶ,
1774 3297 1901 3360 τοὺς

320 3385 698 3455 ἀσεϐήσαντας
755 3390 953 3457 χωρεῖν
980 3391 1059 3450 είς
1087 3387 1420 3455 ἀπόγνωσιν,
1474 3387 1550 3450 ὡς
1589 3388 1664 3459 μὴ
1721 3389 1901 3442 δοκεῖν

320 3475 603 3548 ὁλόρριζον
650 3477 970 3530 ἀπολεῖσθαι
1015 3477 1105 3530 τὸν
1171 3477 1406 3547 Ἰσραὴλ,
1456 3478 1899 3546 ἀποστραφέντος

321 3567 402 3628 εἱς
455 3568 600 3620 ἅπαν
644 3568 840 3631 αὐτοὺς
895 3568 986 3620 τοῦ
1045 3568 1199 3621 Θεοῦ.
1258 3567 1539 3620 Καταλέαν
1572 3570 1621 3620 εί
1648 3577 1675 3605 ι
1707 3570 1763 3622 δὲ
1787 3575 1901 3634 τοῖς

322 3659 403 3721 εἰς
425 3659 581 3711 αὑτὸν
601 3659 915 3712 πιστεύουσι
957 3659 1057 3729 τὴν
1081 3659 1181 3728 τῆς
1209 3661 1484 3729 σωτηρίας
1517 3660 1658 3716 ὁδόν.

2006 3209 2229 3278 adjecit,
2266 3210 2410 3278 quod
2471 3211 2674 3268 Christi
2732 3227 2930 3270 nomen
2998 3217 3275 3286 permulti,
3319 3218 3400 3272 vel
3455 3233 3586 3274 cru-

2005 3299 2086 3355 cis
2140 3300 2355 3369 signum
2418 3300 2470 3353 in
2528 3301 2748 3370 palmis,
2798 3315 2892 3359 aut
2959 3307 3204 3363 brachiis
3267 3309 3414 3363 inuri
3479 3309 3586 3364 sibi

2005 3397 2284 3443 curarent.
2347 3388 2445 3444 Vel
2495 3400 2648 3446 certe
2690 3391 2742 3446 in
2798 3398 3010 3450 nomine
3042 3397 3164 3452 ideo
3219 3397 3382 3464 dixit,
3419 3399 3584 3472 497

2004 3482 2150 3550 quod
2195 3481 2264 3535 iis
2327 3480 2419 3549 qui
2471 3481 2538 3535 de
2568 3480 2776 3537 Jacobo
2813 3489 3155 3555 prodierunt,
3210 3489 3489 3546 funiculus
3530 3503 3586 3546 et

2007 3575 2298 3629 haereditas
2330 3571 2429 3626 Dei
2461 3590 2650 3628 nomen
2685 3580 2958 3633 exstiterit
2981 3580 3049 3634 ⁷³.
3082 3578 3270 3651 Neque
3317 3598 3444 3638 vero
3486 3597 3586 3638 eos

2011 3665 2238 3734 patitur,
2268 3662 2547 3730 inquiunt,
2580 3667 2672 3733 qui
2699 3667 2864 3736 impie
2887 3681 3138 3739 egerunt,
3170 3673 3236 3726 ad
3261 3674 3374 3743 spei
3411 3689 3586 3744 usque

321 3750 720 3818 projectionem
759 3750 1037 3814 devenire,
1072 3766 1140 3805 ne
1205 3748 1343 3804 velle
1386 3749 1636 3804 videatur
1683 3752 1938 3810 lsraelem
2005 3762 2176 3808 totum
2208 3754 2459 3821 stirpitus
2510 3753 2771 3821 interire;
2837 3768 3094 3827 tanquam
3152 3763 3372 3818 eosdem
3424 3765 3582 3835 plane

338 3847 489 3903 Deus
521 3858 853 3904 aversetur:
895 3852 986 3903 sed
1021 3851 1111 3913 iis,
1153 3853 1245 3919 qui
1282 3851 1333 3904 in
1371 3867 1493 3904 cum
1537 3855 1912 3921 crediderunt,
1952 3856 2146 3912 salutis
2176 3855 2318 3908 viam
2348 3853 2740 3923 expeditiorem
2775 3863 2829 3907 et
2860 3853 3118 3908 leniorem
3156 3855 3302 3909 facit.

398 3943 622 3995 Ἑαυτὸν
645 3943 702 3997 δὲ
731 3943 903 4012 λέγων
935 3944 1169 4010 Κύριον,
1203 3944 1298 3996 καὶ
1340 3942 1505 4004 Θεὸν,
1533 3944 1790 4011 ποιητήν
1841 3963 1900 3999 τε

319 4034 416 4087 καὶ
441 4033 751 4102 πλάστην,
783 4032 1067 4104 ἐμφαίνειν
1092 4034 1266 4087 ἔοικεν
1295 4035 1377 4087 ὅτι
1419 4035 1511 4087 καὶ
1535 4035 1896 4105 πεπλάνηται,

315 4123 376 4175 τὸ
430 4124 532 4191 τῆς
562 4125 842 4189 θεότητος
895 4123 1083 4190 ὄνομα
1121 4122 1335 4191 Ἰσραὴλ
1383 4123 1628 4192 περιθεὶς
1689 4125 1896 4193 ἑτέροις

315 4216 428 4275 τοῖς
453 4213 554 4266 οὐκ
585 4209 703 4266 οὖσι
735 4216 896 4278 θεοῖς,
928 4215 1022 4267 καὶ
1050 4213 1148 4282 τῆς
1187 4214 1244 4279 ἐξ
1284 4213 1460 4283 ἀρχῆς
1491 4214 1582 4266 τοῦ
1606 4215 1893 4285 ἀνθρώπου

315 4304 676 4375 δημιουργίας
695 4306 1030 4376 ὑπέμνησεν,
1061 4305 1381 4376 ἀχαριστίας
1411 4305 1778 4376 γραφόμενος,
1802 4310 1890 4360 ei!

2077 3946 2234 4012 Quod
2267 3954 2452 4000 autem
2494 3945 2780 3998 Dominum
2813 3960 2872 3998 se
2903 3953 2954 3999 et
2979 3943 3167 4009 Deum,
3201 3946 3576 4018 (actoremque,

2001 4047 2056 4097 et
2091 4039 2468 4106 plasmatorem
2502 4038 2747 4089 nominat
2781 4053 2796 4101 ;
2828 4037 3116 4090 aberrasse
3131 4036 3376 4105 ctipsum
3406 4038 3577 4092 Israc-

2001 4129 2128 4192 lem,
2170 4129 2265 4198 qui
2304 4127 2399 4181 Dei
2432 4143 2620 4180 nomen
2679 4127 2824 4191 aliis,
2847 4126 2938 4194 qui
2978 4126 3051 4179 dii
3085 4142 3190 4180 non
3242 4137 3390 4192 sunt,
3423 4130 3578 4189 auri.-

2001 4217 2202 4281 buerit,
2227 4216 2442 4271 videtur
2466 4215 2734 4279 indicare,
2757 4227 2810 4269 et
2836 4217 3012 4295 posita
3039 4225 3162 4271 ante
3186 4218 3378 4272 oculos
3403 4220 3573 4288 prima

1999 4310 2163 4379 hujus
2223 4309 2607 4372 fabricatione,
2657 4309 3072 4376 ingratitudinis
3128 4325 3374 4378 arguere,
3430 4315 3572 4379 quod

315 4397 514 4463 γονέας
569 4395 744 4465 τιμῶν
777 4397 901 4459 τοὺς
922 4400 1000 4459 εἰς
1043 4398 1140 4466 τὴν
1180 4397 1392 4465 γένεσιν
1423 4398 1898 4467 ὑπουργήσαντας,

2005 4401 2403 4470 procreationis
2437 4400 2724 4455 ministros
2763 4410 3016 4470 parentes
3039 4403 3252 4466 colens,
3292 4401 3341 4455 F
3344 4413 3574 4459 actorem

314 4487 480 4541 αὑτὸν
526 4489 848 4559 ἀπεστράφη
895 4489 984 4542 τὸν
1014 4489 1291 4556 ποιητὴν,
1327 4489 1355 4542 ὃ
1423 4489 1515 4542 καὶ
1547 4489 1614 4541 δι’
1646 4491 1761 4552 ἐνὸς
1783 4489 1887 4561 ἔφη

312 4576 422 4629 τῶν
448 4577 744 4648 προφητῶν
777 4594 790 4610 ·
831 4596 849 4629 ι
880 4578 1007 4642 Υἱὸς
1041 4579 1252 4642 δοξάζει
1280 4580 1513 4649 πατέρα,
1569 4580 1662 4632 καὶ
1705 4579 1888 4641 δοῦλος

311 4669 405 4720 τὸν
473 4669 662 4740 κύριον
713 4669 899 4722 αὑτοῦ.
932 4688 950 4720 ι
996 4671 1104 4722 Καί
1138 4687 1152 4701 ο
1191 4689 1207 4720 ι
1248 4671 1310 4722 Εἰ
1359 4671 1550 4740 Πατήρ
1602 4672 1717 4740 εἰμι
1757 4669 1886 4737 ἐγὼ,

315 4761 419 4814 ποῦ
446 4763 652 4832 ὲστινὴ
687 4761 813 4825 δόξα
846 4778 985 4832 μου;
1018 4781 1035 4813 ι
1070 4754 1175 4814 Καί
1198 4777 1213 4792 ο
1251 4780 1269 4813 ι
1307 4761 1367 4814 Et
1394 4761 1595 4830 Κύριός
1625 4760 1886 4830 είμιὲγὼ,

315 4851 418 4904 ποῦ
449 4853 597 4904 ἐστιν
623 4853 651 4904 ὁ
675 4853 838 4921 φόϐος
871 4870 971 4922 μου
998 4869 1012 4917 ;
1045 4852 1410 4928 λέγειΚύριος
1439 4852 1882 4923 παντοκράτωρ.»

314 4941 534 5008 Κύριος
594 4942 694 5010 μὲν
753 4943 861 5014 γάρ
885 4945 1052 5006 ἐστιν,
1110 4943 1185 5006 ὡς
1218 4944 1323 4996 ὑπὸ
1345 4942 1514 5010 χεῖρα
1559 4941 1658 5012 τὴν
1716 4941 1892 4994 κτίσιν

315 5032 555 5100 κρατῶν,
579 5034 772 5103 Πατὴρ
798 5034 874 5098 δὲ,
890 5035 965 5098 ὡς
991 5034 1262 5101 ποιητής.
1295 5034 1368 5085 Τὸ
1391 5033 1447 5085 δὲ
1479 5033 1560 5084 ἔτι
1580 5032 1888 5101 βοηθήσῃ,

315 5121 650 5192 παρίστησιν
694 5124 769 5186 ὡς
835 5125 1046 5195 ἥμερος
1124 5124 1236 5192 ἐγὼ
1294 5125 1389 5177 καὶ
1452 5123 1589 5193 πρὸς
1636 5123 1893 5176 τοσοῦτον

213 5246 218 5252 .
319 5213 700 5283 ἡμαρτηκότα.
755 5216 995 5269 ’Δνωθεν
1043 5216 1100 5269 δέ
1145 5233 1289 5278 τινες
1339 5215 1470 5284 περὶ
1499 5215 1595 5283 τῆς
1629 5215 1756 5283 ὅλης
1791 5215 1892 5284 ΜΓ

318 5317 458 5364 σεως
490 5303 722 5372 ἔφασαν,
754 5305 829 5368 ὡς
860 5307 1069 5374 ὲνάγων
1099 5306 1298 5367 αὐτοὺς
1362 5306 1443 5368 είς
1508 5304 1732 5369 ἔνδειξιν
1793 5303 1892 5372 τῆς

1997 4490 2176 4559 ipsum
2210 4497 2496 4544 aversatus
2536 4492 2629 4556 sit,
2675 4491 2820 4561 quod
2852 4507 2950 4559 per
3011 4493 3298 4561 quemdam
3336 4496 3574 4566 prophe-

1994 4588 2104 4634 tam
2138 4581 2192 4634 in
2227 4580 2372 4635 hunc
2399 4581 2622 4636 modum
2643 4583 2719 4636 ait
2747 4599 2762 4636 :
2793 4602 2811 4634 ι
2847 4580 3021 4639 Filius
3039 4585 3306 4653 gloriﬁcat
3338 4586 3573 4649 Patrem.

1994 4682 2048 4726 et
2076 4687 2269 4727 servus
2302 4673 2586 4728 dominum
2625 4691 2785 4730 suum
2815 4677 2904 4730 ⁷³·.
2936 4696 2954 4728 ι
3003 4677 3110 4732 Et:
3157 4697 3175 4729 ι
3213 4676 3268 4732 Si
3303 4688 3452 4748 pater
3471 4695 3574 4749 ego

1997 4779 2142 4828 sum,
2179 4763 2272 4819 ubi
2303 4773 2389 4819 est
2419 4767 2592 4835 gloria
2650 4783 2767 4823 mea
2815 4770 2906 4823 7‘?
2945 4789 2962 4821 ι
2996 4771 3062 4824 Et
3095 4789 3108 4825 :
3140 4788 3158 4822 ι
3204 4769 3259 4824 Si
3313 4771 3575 4831 Dominus

2000 4867 2122 4906 sum
2157 4863 2275 4923 ego.
2315 4855 2411 4909 ubi
2447 4857 2580 4911 mihi
2603 4857 2826 4916 debitus
2851 4861 3034 4926 timor,
3063 4861 3139 4914 ait
3169 4859 3431 4917 Dominus
3456 4878 3574 4917 om-

1997 4943 2356 5013 nipotens"?
2385 4946 2645 5004 Dominus
2710 4952 2854 5005 enim
2881 4966 3022 5005 unus
3049 4961 3166 5018 est;
3201 4959 3461 5022 tanquam
3477 4953 3571 5022 qui

1997 5041 2203 5088 cuncta
2240 5047 2427 5090 creata
2489 5056 2652 5093 manu
2685 5043 3084 5111 complectatur
3118 5060 3132 5109 ;
3175 5041 3334 5097 Pater
3366 5051 3571 5109 autem,

1997 5133 2261 5194 tanquam
2297 5127 2392 5195 qui
2424 5129 2616 5184 eadem
2659 5131 2862 5199 fecerit.
2894 5132 3049 5199 Quod
3076 5149 3206 5189 vero
3249 5135 3429 5189 adlmc
3470 5150 3572 5187 au-

1995 5215 2188 5268 xilium
2215 5215 2524 5271 habiturum
2553 5220 2715 5285 dixit,
2752 5222 2804 5275 in
2835 5239 2958 5277 eum
2985 5239 3044 5277 se
3077 5223 3291 5277 facilem
3331 5234 3385 5278 et
3419 5237 3571 5277 man-

1997 5316 2235 5374 suetum,
2259 5308 2351 5379 qui
2385 5309 2521 5364 adeo
2547 5313 2815 5382 peccavit,
2841 5315 3100 5370 ostendit.
3132 5313 3388 5370 Nonnulli
3407 5329 3570 5388 porro

388 5414 435 5450 "
469 5417 616 5472 Psal.
641 5432 784 5484 χειν,
814 5419 867 5472 8.
945 5421 991 5451 ⁷³
1015 5419 1169 5472 Deut.
1211 5433 1382 5480 rxxu,
1415 5417 1466 5470 8.
1545 5419 1592 5449 ⁷⁸
1622 5417 1752 5470 ibid.
1785 5417 1838 5470 9.

2020 5417 2250 5474 Malach.
2287 5437 2325 5485 t,
2360 5420 2412 5474 6.
2491 5423 2535 5454 ⁷⁵
2565 5423 2694 5478 ibid.
2773 5425 2815 5455 ⁷⁸
2855 5424 2985 5478 ibid.

1603 5532 1841 5589 VARIJE
1876 5532 2284 5590 LECTIONES.

395 5657 425 5686 ι
463 5647 549 5704 id.
578 5649 691 5703 εστι
726 5652 765 5720 ἣ
793 5654 1060 5724 προσήκει
1099 5655 1137 5724 ἣ
1165 5656 1404 5710 toti-tor
1428 5673 1502 5711 tt.
1579 5665 1606 5696 ν
1634 5674 1722 5726 γρ.
1755 5655 1880 5725 ἔφη.
1915 5657 2029 5709 καί.

2113 5671 2137 5697 κ
2175 5676 2262 5727 π).
2289 5660 2658 5724 καταλεαὶνει.
2737 5671 2766 5710 1
2796 5679 2884 5733 ιη).
2911 5662 2985 5725 ὡς
3017 5663 3053 5730 ἢ
3078 5663 3180 5718 ὅτι.
