4032 6218
219 258 362 324 2405

1362 251 1904 317 COMMENTARII
1946 250 2031 314 IN
2071 249 2364 315 ISAIAM.

3359 253 3513 324 2406

214 374 334 440 γὸς,
385 368 451 422 ἐκ
498 364 777 438 μεγέθους
821 366 917 420 καὶ
966 363 1233 435 καλλονῆς
1289 362 1611 433 κτισμάτων
1651 360 1808 415 νοού-

1935 358 2062 415 :nim
2098 373 2223 414 cum
2265 360 2362 421 sit,
2389 356 2750 431 ejusdemque
2809 368 3044 427 naturae,
3074 367 3131 418 et
3173 360 3278 417 sibi
3326 363 3516 417 colur-

219 476 400 532 μενος.
449 456 603 513 Θεοῦ
658 455 717 508 δὲ
761 454 915 518 ὄντος
962 455 1176 527 ἑτέρου,
1232 453 1331 508 καὶ
1379 455 1585 525 κόσμος
1622 452 1809 523 ἕτερος

216 548 576 622 νοηθήσεται·
614 546 751 613 ὅπερ
782 546 848 598 ἐκ
881 543 1143 598 πλειόνων
1166 544 1242 608 ὡς
1290 544 1492 597 ἄτοπον
1523 542 1808 613 ιῖίξελήλεγ⁸

216 661 364 698 κται.
422 640 499 694 To
540 638 600 693 δὲ
653 635 879 703 στήτω,
908 637 1055 690 τοῦτ’
1098 636 1214 689 ἐστι
1287 635 1505 705 πρῶτον
1579 632 1814 703 ὓπαρξιν

217 730 483 788 δεικνύτω
516 730 616 800 τὴν
644 725 864 790 ἑαυτοῦ,
892 728 990 782 καὶ
1010 727 1085 790 ὡς
1131 728 1190 780 ὲν
1247 725 1441 789 οὐσίας
1490 725 1640 779 ἐστὶν
1673 725 1810 777 ὐπο-

165 829 171 835 ’
222 826 430 885 στάσει,
463 821 561 875 καὶ
584 820 659 883 ὡς
682 821 768 890 ἐφ’
805 819 999 874 ἑαυτοῦ
1030 818 1185 889 μένει
1248 818 1345 872 καὶ
1392 812 1835 888 ἓστηκεν.Ἐῖτα-

222 919 406 988 φωνὴν
428 916 587 984 ἀφεὶς
618 912 846 983 λογικὴν
874 913 970 966 καὶ
999 910 1121 981 Θεῷ
1144 913 1492 983 πρέπουσαν,
1529 910 1812 978 dra-ﬂet-

220 1007 381 1065 λὰτω
411 1006 619 1076 πρῶτα
641 1003 741 1059 καί
765 1003 1022 1072 ἔσχατα,
1063 1002 1155 1073 ἀφ’
1206 996 1270 1057 οὗ
1325 1003 1436 1056 τὸν
1491 1000 1815 1070 ἄνθρωπον

221 1101 485 1163 ἔκλασα,
524 1096 689 1168 μέχρι
720 1094 816 1148 τοῦ
842 1092 1111 1164 παρόντος
1170 1092 1389 1164 καιροῦ,
1424 1092 1457 1164 ἢ
1488 1094 1580 1147 καὶ
1602 1093 1683 1146 ἐτι
1703 1090 1812 1146 τοῦ

216 1193 577 1263 μέλλοντος,
624 1188 877 1259 καθάπερ
930 1184 1042 1254 εγὼ
1066 1183 1136 1239 τὰ
1200 1185 1302 1255 μὲν
1348 1182 1671 1253 πρῶταδιὰ
1688 1182 1817 1237 Μω-

225 1284 384 1348 σέως,
406 1282 476 1336 τὰ
503 1283 561 1336 δὲ
593 1282 693 1353 τῆς
719 1279 815 1334 τοῦ
848 1278 1087 1350 Χριστοῦ
1161 1277 1491 1348 παρουσίας.
1530 1275 1598 1330 δι’
1644 1272 1814 1328 αὑτοῦ

222 1393 282 1430 τε
317 1355 413 1431 καὶ
450 1374 562 1428 τῶν
583 1373 758 1427 ἄλλων
789 1373 1036 1443 ἐμήνυσα
1076 1366 1399 1441 προφητῶν.
1427 1364 1552 1430 Θεῷ
1602 1365 1711 1435 γὰρ
1738 1364 1818 1435 τῷ

225 1465 561 1535 κατὰφύσιν
608 1465 786 1519 πάντα
836 1465 1101 1532 πάρεστιν
1163 1462 1223 1514 ὲν
1273 1457 1560 1530 ἀμερίστῳ
1613 1456 1815 1526 γνώσει

226 1559 322 1613 καὶ
340 1558 410 1611 τὰ
431 1558 609 1629 χρόνῳ
641 1555 986 1627 διεστηκότα.

1918 465 2048 507 reus
2082 447 2324 506 mundus
2366 448 2608 514 ;unicus
2650 464 2873 520 quoque
2935 461 2991 507 et
3044 451 3166 522 ejus
3226 450 3411 521 opifex
3443 466 3514 507 ex

1920 542 2298 614 magnitudine
2324 541 2512 610 operis
2541 548 2595 595 et
2627 541 3034 610 pulchritudine
3059 543 3400 613 intelligatur
3418 558 3516 598 ne-

1920 651 2078 692 cesse
2103 642 2190 691 est
2217 652 2232 701 ;
2263 633 2729 705 quemadmodum
2748 644 2802 688 et
2830 637 3069 691 mundus
3099 626 3263 699 alius,
3294 638 3343 690 si
3373 634 3515 690 Dens

1923 725 2067 781 alius
2105 742 2118 779 :
2145 725 2296 795 quod
2326 726 2518 781 multis
2544 726 2861 782 rationibus
2893 726 3199 782 absurdum
3232 742 3358 783 esse
3381 745 3517 784 coii-

1923 818 2272 874 viucitur.At
2293 818 2439 889 quod
2473 828 2618 874 stare
2645 817 2901 888 imperat,
2935 820 3181 889 postulat
3212 821 3513 891 imprimis,

1921 920 1983 966 ut
2013 928 2170 969 suam
2224 914 2316 968 ille
2373 913 2765 969 exsistenliam
2803 912 3167 981 demonstret,
3204 915 3425 982 deinde,
3450 924 3514 969 ut

1923 1013 2010 1066 sit,
2042 1004 2097 1058 in
2151 1003 2413 1060 essentia:
2458 1002 3053 1075 hypostasi,denique,
3091 1013 3151 1058 ut
3214 1006 3269 1059 in
3330 1006 3516 1075 seipso

1920 1102 2139 1150 maneat
2168 1104 2222 1151 et
2250 1104 2483 1151 constet.
2507 1096 2651 1150 Voce
2682 1103 2947 1166 praeterea
2978 1110 3112 1151 usus
3132 1097 3368 1151 rationis
3387 1112 3517 1166 par-

1918 1188 2106 1257 ticipe,
2142 1185 2363 1257 Deoque
2400 1188 2779 1252 conveniunti,
2820 1204 2939 1257 quo:
2981 1189 3158 1257 prima
3184 1205 3401 1259 qumque
3430 1191 3517 1243 ιιι-ο

1922 1279 2078 1343 lima,
2127 1279 2330 1347 inquit,
2374 1277 2677 1343 annuntiat,
2721 1278 2790 1332 ab
2848 1293 2916 1333 eo
2961 1286 3207 1349 tempore
3259 1293 3518 1344 exorsus,

1921 1383 2032 1436 quo
2070 1366 2334 1422 hominem
2374 1367 2606 1437 formavi
2663 1367 2733 1422 ad
2791 1384 3037 1438 presens
3081 1384 3278 1440 usque,
3302 1378 3359 1424 et
3396 1386 3526 1440 quas

1923 1466 2144 1512 ventura
2176 1460 2365 1524 etiam,
2407 1457 2876 1529 quemadmodum
2908 1461 2958 1514 ei
2993 1461 3112 1531 ipse
3165 1463 3341 1530 prima
3390 1458 3521 1531 quia

1931 1547 2057 1602 dem
2090 1564 2189 1619 per
2223 1554 2429 1612 Mosen,
2459 1558 2657 1603 caetera
2709 1557 2892 1604 autem
2927 1550 2998 1605 de
3028 1549 3234 1607 Christi
3275 1552 3514 1630 adventu

231 1664 329 1721 per
354 1647 632 1712 eumdem,
665 1646 1075 1716 preplietasque
1118 1641 1258 1696 alios
1311 1637 1526 1709 aperui.
1549 1634 1614 1691 Ei
1646 1635 1945 1706 siquidem,
1979 1638 2075 1707 qui
2133 1646 2333 1693 natura
2369 1637 2512 1693 Deus
2570 1638 2666 1703 sit,
2738 1641 3030 1709 praesentia
3102 1650 3234 1697 sunt
3300 1641 3509 1704 omnia,

230 1740 493 1808 nulloque
534 1737 637 1809 ipsi
668 1731 1366 1806 eoguitionis'discritnine
1395 1743 1459 1784 ea
1487 1732 1678 1793 etiam,
1706 1742 1829 1797 qua:
1868 1736 2117 1798 tempore
2149 1729 2591 1800 distinguuntur,
2621 1738 2972 1808 separantur.

317 1805 475 1886 Ἀλλὰ
501 1805 612 1899 γάρ
638 1839 662 1866 ι
690 1805 766 1899 μή
789 1824 1266 1898 συσχηματίζεσθε
1290 1821 1831 1895 ἐγκαλυπτόμενοι,

2010 1818 2203 1876 Videte
2250 1822 2422 1892 igitur
2454 1805 2660 1877 ne'alii
2746 1821 3170 1877 conformemini
3222 1819 3523 1876 abscondiii

229 1926 307 1990 ὡς
327 1924 531 1987 ειδότες
564 1921 664 1992 μέν
705 1937 780 1986 τι,
806 1918 882 1990 μὴ
904 1917 1220 1990 βουλόμενοι
1243 1915 1301 1969 δὲ
1321 1914 1524 1984 λέγειν.
1582 1914 1666 1967 Οὐ
1719 1911 1830 1982 γὰρ

229 2018 553 2089 ἠκούσατε,
580 2014 768 2085 φησὶν,
790 2010 895 2066 ἀπ’
926 2009 1144 2079 ἀρχῆς,
1175 2007 1299 2061 οὐδὲ
1356 2007 1559 2075 ἔγνωτε
1586 2002 1829 2058 τοιοῦτον

231 2106 401 2167 οὐδὲν,
426 2105 502 2169 ὡς
526 2102 639 2173 ἐγὼ
661 2100 973 2174 πρόγνωσίν
991 2115 1052 2152 τε
1077 2097 1178 2168 τὴν
1199 2097 1340 2168 ἐμὴν
1381 2095 1475 2149 καὶ
1500 2093 1691 2156 θεῖκὰς
1733 2093 1833 2145 ὲπ-

153 2180 160 2185 Ι
245 2196 425 2264 ιδειξα
448 2193 700 2265 πράξεις.
724 2187 826 2245 Ὧν
856 2192 1013 2262 ὑμεῖς
1040 2189 1339 2260 μάρτυρες,
1366 2188 1482 2241 ὅσοι
1502 2184 1571 2239 τὰ
1588 2182 1832 2244 Μωσέως

231 2287 455 2347 καὶτῶν
490 2283 609 2355 μετ’
639 2282 807 2337 αὐτὸν
831 2280 1112 2350 ἐγνώκατε
1135 2279 1317 2347 λόγια,
1342 2276 1413 2330 τὰ
1464 2277 1524 2330 ὲν
1570 2273 1835 2342 Αἰγύπτῳ

233 2375 511 2447 Θαύματα,
542 2375 639 2427 καὶ
672 2372 812 2443 μετὰ
832 2370 1041 2440 ταύτην
1063 2369 1427 2438 ἀγγέλλοντα,
1459 2366 1555 2419 καὶ
1586 2365 1688 2434 τῆς
1710 2362 1831 2416 κτί-

235 2484 374 2530 σεως
422 2467 594 2537 αὐτῆς
634 2464 709 2527 ὡς
756 2464 823 2531 δὴ
888 2463 1140 2534 Δεσπότῃ
1197 2458 1621 2530 συγκινηθείσης
1687 2454 1829 2526 ὲμοί.

235 2557 421 2614 Ταῦτα
468 2558 579 2627 γὰρ
621 2554 758 2618 ἰδίας
812 2553 1075 2608 ἐκάλεσεν
1117 2553 1340 2623 ἀρετὰς,
1397 2551 1464 2613 ἃς
1517 2548 1833 2619 ὲνεργοῦντι

234 2649 440 2703 τούτων
461 2644 529 2719 ἦν
557 2648 734 2711 οὐδεὶς
761 2646 860 2700 σὺν
897 2645 1045 2716 ἐμοὶ,
1068 2644 1184 2697 ἀλλ’
1208 2643 1331 2695 οὐδὲ
1382 2642 1491 2711 πρὸ
1536 2642 1629 2694 τοῦ
1669 2656 1835 2693 κατα·

236 2741 506 2811 κλυσμοῦ,
538 2741 628 2793 ὅτε
660 2737 795 2810 μηδὲ
839 2737 950 2792 τῶν
999 2735 1238 2791 εἰδώλων
1299 2730 1440 2805 ἦσαν
1486 2732 1832 2804 δημιουργοὶ,

239 2834 490 2903 καθάπερ
521 2833 637 2885 ἴστε
669 2830 767 2884 καὶ
784 2830 964 2900 ὑμεῖς,
988 2828 1066 2893 ὼς
1097 2827 1169 2882 ἐν
1197 2824 1357 2896 ἀρχῇ
1378 2823 1472 2879 τοῦ
1493 2823 1690 2894 θνητοῦ
1717 2822 1834 2893 βίου

238 2926 444 2979 τούτων
472 2923 720 2995 ὑπῆρχεν
742 2922 915 2975 οὐδέν.
955 2923 1019 2973 Ol.
1054 2921 1111 2973 δὲ
1145 2920 1289 2990 μετὰ
1320 2917 1496 2972 ταῦτα
1548 2915 1836 2985 γενόμενοι

243 3018 546 3073 παύσονται
572 3015 672 3086 τῆς
699 3015 906 3084 πλάνης
933 3012 1476 3085 ἐγκαλυπτόμενοι.
1516 3009 1836 3080 Ἐπιμένον-

244 3125 334 3174 τες
360 3110 419 3165 δὲ
445 3109 589 3164 κατὰ
616 3110 709 3163 τὸν
747 3109 846 3170 τῆς
879 3107 1212 3178 ἐκδικήσεως
1262 3103 1586 3158 ἀπολοῦνται
1618 3101 1833 3171 καιρόν.

1935 1920 2198 1985 tanquam
2243 1915 2482 1972 scientes
2515 1914 2740 1985 quidem
2778 1915 3011 1985 aliquid,
3047 1916 3142 1969 sed
3189 1914 3389 1970 ell'erre
3420 1931 3520 1969 no-

1932 2007 2129 2062 lentes.
2194 2003 2320 2060 Non
2378 2007 2519 2061 enim
2572 2007 2882 2073 audivistis,
2938 2006 3151 2077 inquit,
3214 2006 3280 2058 ab
3327 2006 3523 2070 initio,

1897 2155 1900 2158 .
1932 2115 2114 2171 neque
2156 2102 2499 2171 cognovistis
2532 2101 2811 2171 ejusmodi
2841 2102 3169 2172 quidquam,
3203 2112 3368 2172 atque
3393 2114 3526 2169 ego,

1935 2195 2027 2264 qui
2083 2201 2141 2249 et
2205 2193 2388 2248 futura
2447 2195 2516 2248 de
2562 2207 2649 2247 me
2695 2195 2968 2263 praescivi.
3014 2201 3071 2246 et
3118 2192 3302 2247 divina
3355 2207 3521 2261 opera

1935 2283 2108 2348 edidi,
2143 2298 2382 2354 quorum
2402 2299 2502 2340 vos
2534 2299 2728 2340 omnes
2748 2284 2867 2354 ipse
2891 2291 3060 2339 testes
3094 2284 3332 2353 appello,
3361 2292 3522 2352 quot-

1936 2385 2071 2447 quot
2128 2377 2296 2432 Mosis
2351 2378 2599 2441 oracula,
2645 2386 2699 2431 et
2752 2392 2879 2446 qua!
2932 2384 3123 2446 postea
3173 2376 3319 2430 edita
3368 2382 3520 2436 sunt,

1935 2469 2241 2533 evolvistis,
2276 2469 2330 2523 in
2361 2469 2561 2538 quibus
2582 2483 2705 2540 qua!
2734 2468 2800 2530 in_
2824 2466 3167 2538 JEgypto,'et
3198 2466 3459 2535 deinceps
3491 2480 3522 2519 τι

1937 2576 2024 2617 me
2054 2571 2270 2631 patrata
2300 2568 2452 2626 sunt,
2511 2575 2636 2615 cum
2671 2568 2858 2615 creata
2888 2559 3071 2613 omnia
3109 2558 3243 2613 inibi
3283 2557 3523 2621 Domino

1937 2654 2342 2717 subservirent,
2400 2653 2712 2723 reperietis.
2778 2651 2906 2707 Haec
2946 2653 3093 2708 enim
3123 2653 3377 2722 proprias
3406 2650 3519 2704 vir-

1936 2753 2084 2801 tutes
2139 2746 2435 2815 appellavit
2495 2763 2509 2799 :
2563 2743 2714 2810 Quas
2748 2760 2873 2800 cum
2924 2760 3029 2816 ego
3076 2759 3360 2814 operarer,
3424 2745 3512 2797 iu-

1936 2839 2078 2906 quit,
2142 2850 2358 2890 mecum
2393 2837 2580 2891 nullus
2610 2837 2736 2902 l‘uit,
2785 2837 2897 2891 imo
2927 2852 2999 2892 ne
3050 2847 3179 2891 ante
3210 2836 3520 2891 eluvioucm

1937 2926 2161 2998 quidem
2221 2941 2348 2981 cum
2405 2928 2652 2983 nondum
2702 2935 2893 2984 essent
2933 2927 3208 2983 idolorum
3238 2926 3465 2996 opiﬁces
3500 2943 3517 2979 :

1938 3022 2082 3076 sicut
2112 3028 2167 3074 et
2198 3033 2296 3073 vos
2353 3019 2408 3073 in
2465 3020 2585 3089 ipso
2645 3019 2900 3073 mortalis
2929 3019 3055 3073 vita-
3084 3018 3352 3085 principio
3385 3016 3524 3070 nihil

1938 3110 2138 3165 horum
2171 3108 2477 3179 quidquam
2505 3109 2681 3163 visum
2706 3123 2830 3163 esse
2859 3123 2968 3162 non
3002 3107 3290 3177 ignoratis.
3319 3103 3523 3160 Verum

255 3198 449 3271 Ὑμεῖς
495 3197 564 3251 δὲ
612 3197 752 3261 τέως
788 3195 843 3249 τί
891 3196 966 3266 μὴ
1005 3194 1310 3263 λογίζεσθε,
1355 3193 1437 3256 τίς
1467 3192 1575 3247 τῶν
1608 3191 1832 3262 ἀψύχων

1941 3201 2038 3272 qui
2069 3177 2265 3270 postea
2306 3177 2421 3253 nati
2455 3208 2609 3263 sunt,
2641 3197 2710 3251 ab
2738 3211 2930 3252 errore
2961 3196 3265 3253 cessabunt
3299 3195 3526 3250 abscon-

242 3292 578 3363 ἀγαλμάτων
621 3291 658 3361 ἠ
722 3288 929 3358 φύσιςς
970 3289 1033 3341 Εἰ
1086 3288 1195 3358 γὰρ
1233 3282 1379 3359 εἶχόν
1406 3303 1529 3341 τινα
1580 3286 1833 3357 δύναμιν,

247 3388 491 3460 ἧρκεσαν
514 3383 580 3437 ἂν
610 3385 725 3445 τοῖς
750 3381 1097 3447 Αἰγυπτίοις,
1121 3380 1217 3433 καὶ
1245 3380 1434 3443 τοῖςἈ
1445 3379 1735 3452 μορῤαίοις
1756 3380 1837 3441 εὶς

249 3477 527 3549 σωτηρίαν
554 3477 676 3539 ταῖς
709 3476 869 3544 ὲμαῖς
896 3472 1198 3544 ἐνεργείαις
1226 3471 1677 3542 ἀντιταττόμενα.
1702 3471 1840 3524 Novi.

248 3571 306 3626 δὲ
363 3572 460 3624 σὺν
507 3569 694 3631 αὐτοῖς
733 3566 850 3638 ἥλω
890 3567 1000 3629 τοῖς
1046 3563 1415 3636 προσκυνοῦσι
1456 3566 1554 3617 καὶ
1603 3564 1741 3634 πυρὶ
1771 3563 1837 3617 δι’

250 3662 404 3734 ὑμῶν
437 3659 810 3731 παραδέδοται.
846 3657 973 3721 Πῶς
1000 3652 1094 3734 οὖν
1127 3655 1286 3727 ὑμεῖς
1337 3656 1388 3707 οί
1429 3654 1840 3724 κατεγνωκότες

248 3731 513 3823 γεγόνατε
567 3750 778 3803 τούτων
823 3731 1173 3818 δημιουργοὶ,
1230 3746 1329 3800 καὶ
1376 3746 1552 3800 ταῦτα
1594 3744 1838 3809 Μωσέως

251 3843 608 3907 ἀκούσαντες,
643 3841 719 3905 ὼς
748 3840 869 3911 Θεῷ
902 3839 1052 3909 μόνῳ
1088 3837 1426 3909 λατρεύσεις,
1454 3838 1550 3891 καὶ
1582 3838 1644 3890 οὐ
1684 3836 1843 3907 ποιή-

257 3952 371 3997 σεις
404 3932 615 4004 σεαυτῷ
641 3931 902 3997 εῑδωλον;
928 3928 1074 3983 οὕτω
1117 3929 1379 3998 γεγόνατε
1413 3929 1638 3998 μάταιοι
1664 3929 1732 3980 τὰ
1765 3927 1841 3999 μὴ

254 4024 384 4079 εντα
412 4024 753 4095 ποθήσαντες
781 4039 797 4088 ;
831 4020 907 4076 Τὸ
940 4021 998 4075 δὲ
1033 4020 1478 4089 ἑξηράνθησαν,
1525 4021 1573 4073 εί
1609 4019 1708 4090 μὲν
1748 4022 1842 4073 ἐπὶ

252 4115 375 4173 τῶν
407 4114 698 4187 τλυπτῶν
730 4117 925 4178 νοοῖτο,
949 4113 1071 4167 ἀντὶ
1098 4112 1194 4166 τοῦ
1242 4112 1526 4166 ἀπώλοντο
1575 4113 1838 4166 κείσεται.

257 4211 321 4266 El.
353 4210 412 4265 δὲ
445 4210 539 4263 ἐπὶ
564 4208 676 4262 τῶν
696 4197 1109 4270 τεκταινόντων,
1149 4205 1224 4270 ὡς
1252 4205 1342 4258 ἐπὶ
1364 4204 1548 4273 φυτῶν
1576 4205 1843 4277 ἀκάρπων

257 4301 454 4374 ῥηθείη
486 4297 957 4369 ξηραινομένων,
982 4289 1058 4351 ὧν
1086 4298 1148 4351 τὸ
1180 4297 1334 4361 τέλος
1365 4300 1447 4360 εἰς
1494 4295 1711 4351 καῦσιν.
1770 4297 1845 4349 Τὸ

253 4393 315 4447 δὲ
340 4392 535 4462 κωφοί
566 4392 685 4445 ἀπὸ
713 4388 1041 4457 ἀνθρώπων
1054 4387 1176 4442 ἀντὶ
1196 4387 1290 4442 τοῦ
1314 4387 1596 4450 τελοῦντες
1622 4387 1721 4458 μὲν
1750 4387 1843 4440 οὑ-

255 4483 446 4555 δαμῶς
497 4484 577 4546 είς
640 4480 999 4553 ἀνθρώπους,
1057 4479 1375 4548 ἀναίσθητοι
1424 4478 1482 4532 δὲ
1510 4519 1527 4543 ,
1584 4479 1729 4533 κατὰ
1762 4480 1842 4533 τό·

1876 4529 1923 4584 D

1938 3292 2039 3348 diti
2077 3308 2094 3347 :
2134 3293 2229 3363 qui
2275 3306 2408 3346 vero
2460 3291 2791 3356 institerint,
2844 3289 2968 3361 ipso
3015 3290 3243 3345 ultionis
3280 3298 3527 3360 tempore

1942 3387 2295 3458 deperibunt.
2338 3383 2446 3439 Vos
2499 3393 2684 3439 autem
2738 3383 2961 3438 interim
3024 3383 3158 3455 quid
3208 3396 3317 3438 non
3365 3380 3526 3452 502

1942 3477 2336 3543 consideratis,
2360 3490 2612 3546 quamam
2650 3474 2724 3532 sit
2752 3476 2873 3547 ipsa
2921 3476 3194 3531 idolorum
3223 3476 3405 3531 anima
3432 3491 3527 3531 ca-

1940 3570 2178 3623 rentium
2200 3576 2399 3622 natura
2420 3567 2443 3621 2
2461 3566 2517 3620 Si
2549 3581 2713 3637 quam
2736 3566 2883 3620 enim
2917 3566 3216 3635 potentiam
3241 3565 3526 3627 baberent,

1948 3659 2224 3731 Egyptiis
2254 3667 2307 3711 et
2332 3658 2691 3721 Amorrhmis,
2718 3659 2809 3727 qui
2845 3672 2911 3712 ea
2949 3658 3160 3712 \irilnts
3190 3658 3329 3713 meis
3355 3672 3528 3728 oppo-

1943 3759 2120 3818 nunt,
2196 3752 2262 3806 ad
2332 3751 2566 3806 salutem
2623 3748 2835 3820 aliquid
2890 3747 3147 3804 conferre
3199 3750 3527 3820 potuissent.

1941 3847 2010 3898 At
2035 3858 2185 3898 nunc
2210 3857 2338 3898 eum
2362 3842 2494 3899 .suis
2531 3841 2650 3911 ipsa
2686 3841 3080 3896 adoratoribus
3112 3852 3271 3910 capta
3298 3856 3396 3912 per
3426 3856 3528 3896 vos

1944 3938 1998 3991 in
2030 3939 2212 4007 ignem
2242 3934 2492 4005 conjecta
2516 3942 2670 3991 sunt.
2703 3932 2811 3999 Qui
2843 3949 2944 3989 vos
2976 3934 3163 4004 igitur,
3195 3949 3334 4002 quos
3360 3933 3533 3988 latere

1944 4028 2061 4093 ipsa
2096 4038 2204 4078 non
2233 4029 2551 4094 potuerunt,
2586 4036 2779 4076 eorum
2819 4020 3046 4091 opiﬁces
3072 4020 3394 4083 exstitistis,
3435 4020 3529 4089 qui

1943 4118 2131 4174 Mosen
2168 4117 2279 4173 Deo
2328 4117 2424 4171 uni
2452 4115 2830 4179 serviendum,
2864 4128 3045 4184 neque
3102 4112 3246 4166 idola
3280 4111 3535 4167 facienda

1945 4211 2235 4265 docentem
2272 4208 2612 4263 audivistis?
2648 4208 2718 4261 At
2748 4222 2814 4262 eo
2861 4206 2968 4277 ipsi
3042 4206 3314 4261 vecordiae
3347 4204 3533 4260 evasi-

1947 4301 2069 4368 stis,
2093 4312 2151 4355 ut
2181 4316 2370 4355 earum
2391 4315 2576 4354 rerum
2606 4313 2813 4361 amore,
2832 4314 2954 4369 qua:
2974 4313 3083 4353 non
3112 4306 3263 4362 sunt,
3290 4297 3536 4353 insania-

1950 4394 2045 4449 tis.
2109 4378 2381 4448 Caeterum
2435 4392 2585 4462 quod
2643 4399 2973 4445 exaruerunt
3031 4391 3302 4457 habetur,
3362 4390 3411 4447 si
3468 4389 3539 4443 de

1952 4484 2293 4555 sculptilibus
2342 4484 2719 4554 intelligatur;
2752 4482 2895 4537 idem
2930 4482 3115 4552 plane,
3157 4482 3303 4553 quod
3356 4481 3539 4553 perie-

265 4593 286 4627 ι
320 4577 540 4645 Ὅμοιοι
571 4576 759 4639 αὐτοῖς
783 4575 1029 4644 γένοιντο
1052 4574 1103 4626 οἱ
1135 4573 1413 4636 ποιοῦντες
1447 4571 1608 4627 αὐτά.
1646 4589 1665 4622 ι
1716 4567 1832 4623 Εἶτά

1958 4583 2113 4641 runt,
2143 4576 2456 4645 signiﬁcare
2487 4572 2796 4644 putandum
2820 4582 2907 4628 est
2940 4592 2954 4628 :
2990 4573 3076 4628 sin
3099 4580 3280 4628 autem
3316 4574 3384 4627 ad
3419 4584 3543 4637 eos,

260 4686 418 4741 φησι,
442 4667 941 4738 συναχθήτωσαν
960 4665 1205 4733 πάντες,
1223 4665 1299 4729 ὡς
1328 4664 1397 4719 ἂν
1420 4664 1614 4726 κοινῶς
1641 4664 1852 4730 ἐντρα-

259 4764 429 4819 πεῒεν
473 4765 525 4818 oi.
586 4764 695 4818 τῶν
742 4761 1008 4817 εἰδώλων
1066 4760 1403 4832 θεραπευταὶ
1449 4762 1518 4831 τῇ
1562 4757 1853 4829 δυσσεϐείᾳ

260 4860 535 4911 συνειπεῖν
555 4856 659 4911 οὑκ
688 4854 990 4926 ἰσχύοντες.

1961 4668 2059 4738 qui
2085 4682 2151 4722 ea
2186 4666 2441 4721 fabricati
2491 4672 2643 4731 sunt,
2675 4662 2988 4728 referatur;
3018 4671 3278 4732 tanquam
3303 4660 3372 4717 de
3418 4678 3542 4716 cre—

1959 4760 2231 4815 scentibus
2277 4758 2571 4813 arboribus
2605 4757 2843 4820 dicetur,
2882 4770 3118 4826 quorum
3154 4755 3281 4810 linis
3313 4755 3431 4827 ipsa
3458 4765 3542 4810 est
3591 4792 3600 4799 -

1961 4852 2297 4908 combustio.
2327 4850 2484 4917 Quod
2522 4859 2704 4903 autem
2737 4848 2926 4903 surdos
2951 4848 3017 4902 ab
3036 4849 3338 4902 hominibus
3368 4847 3543 4913 dixit,

261 4952 408 5007 idem
439 4954 625 5021 plane,
657 4964 723 5005 ac
775 4952 825 5005 si
868 4949 1021 5005 nullo
1056 4949 1220 5005 modo
1276 4949 1422 5005 inter
1449 4947 1706 5006 homines
1737 4955 2085 5012 numeratos,
2120 4958 2173 5002 et
2239 4963 2405 5003 sensu
2476 4945 2778 5000 destitutos
2856 4942 3108 5009 dixisset,
3174 4942 3546 5020 signiﬁcavit;

260 5044 429 5114 quale
469 5053 555 5099 est
595 5043 728 5097 illud
763 5060 779 5108 ;
816 5062 836 5095 ι
875 5044 1099 5100 Similes
1148 5044 1221 5100 iis
1340 5043 1471 5098 (iant
1496 5082 1511 5108 ,

1633 5044 1731 5113 qui
1763 5042 1976 5097 iaciunt
2008 5058 2074 5099 ea
2105 5042 2176 5097 ".
2222 5061 2241 5093 ι
2311 5038 2522 5095 Deinde
2602 5047 2988 5109 congregantur
3056 5053 3257 5098 omnes,
3333 5035 3543 5103 adjicit,

265 5143 328 5190 ut
357 5149 556 5191 omnes
587 5135 755 5190 simul
790 5133 1062 5191 idolorum
1092 5136 1361 5202 cultores,
1398 5150 1525 5190 cum
1572 5135 1627 5189 in
1656 5136 1945 5205 impietate
2012 5133 2331 5188 consentire
2402 5146 2512 5184 non
2572 5138 2803 5200 queant,
2869 5128 3071 5198 pudore
3125 5125 3549 5196 confundantur.

337 5225 473 5284 Εἶτα
510 5230 784 5300 μέμνηται
842 5230 953 5288 τῶν
994 5231 1270 5303 ὀργάνων,
1310 5229 1378 5283 δι’
1424 5225 1500 5285 ὧν
1539 5228 1607 5283 τὰ
1642 5228 1862 5283 εἴδωλα

277 5320 696 5388 ιιατεσκεύαζον,
719 5322 808 5376 ἵνα
832 5321 934 5395 τὴν
968 5323 1099 5396 περ).
1152 5321 1568 5393 ταῦτατέχνην
1606 5336 1854 5391 προσκυ-

340 5503 387 5535 ”
426 5502 571 5561 Psal.
605 5518 761 5568 cxttt,
792 5505 847 5558 8.

2042 5227 2544 5282 instrumentorum
2580 5233 2863 5295 prmterea,
2899 5224 3105 5293 quibus
3138 5218 3285 5275 idola
3321 5218 3552 5287 ﬂebant,

1967 5320 2256 5386 meminit;
2308 5327 2367 5373 ut
2408 5326 2592 5372 autem
2648 5330 2745 5371 eos
2799 5314 3032 5369 adorare
3077 5312 3447 5370 demonstret.
3485 5310 3550 5367 Si

1555 5593 1638 5649 VA
1649 5592 1784 5648 Rl/E
1823 5587 2225 5647 LECTlONES.

343 5696 369 5730 ⁸
398 5689 485 5746 ισ.
513 5689 657 5761 ἄλλῳ
682 5659 838 5757 γοῦν.
