4032 6218
440 234 579 299 94οἸ
1593 217 1599 222 ’
1644 242 1649 245 ·
1751 210 2042 282 PROCOP

2153 219 2248 280 GA
2257 218 2399 280 ΖΕΙ
3552 208 3698 269 2408

441 351 589 406 enim
617 347 820 419 lignum
849 347 1033 418 ipsum
1067 344 1210 401 Deus
1239 348 1426 409 esset,
1482 340 1624 396 idem
1668 348 1721 395 ct
1750 339 1871 395 sine
1902 346 2020 393 arte

2145 336 2348 398 νοῦντας
2373 333 2569 396 αὐτοὺς
2591 331 2866 402 ἀποφήνῃ.
2899 329 2962 382 Εἰ
2993 327 3101 398 γὰρ
3135 322 3202 398 ἦν
3228 322 3358 378 αὐτὸ
3405 323 3466 376 τὸ
3513 325 3709 388 ξύλον

446 441 589 498 Deus
610 412 925 499 exsisteret.
946 440 1130 495 Artem
1163 439 1348 506 itaque
1379 435 1537 489 dcam
1557 431 2024 502 ell‘ecerunt,qute

2145 426 2279 491 986;,
2306 425 2399 479 uad.
2418 423 2590 494 χωρὶς
2613 423 2678 476 ἂν
2700 420 2901 493 τέχνής
2935 418 3148 487 ὑπῆρχε
3179 415 3342 480 Θεός.
3368 413 3579 466 Οὐκοῦν
3608 412 3709 484 τήν

444 547 530 592 est
550 533 792 589 hominis
805 530 1009 586 inﬁrmi
1023 538 1081 586 et
1096 528 1436 597 corruptioni
1455 524 1857 581 obnoxii.Alias
1874 523 2023 579 enim

2145 517 2319 586 τέχνην
2350 512 2704 583 ὲθεοποίησαν
2725 507 2987 571 ἀσθενοῦς
3015 506 3181 560 οὖσαν
3204 503 3395 574 ἀνδρὸς
3419 503 3514 555 καὶ
3535 502 3711 571 φθαρ-

446 626 571 682 cibo
588 634 643 679 et
666 633 793 694 potu
815 638 925 677 non
955 623 1243 691 indigeret.
1278 616 1715 686 Interrogatione
1752 613 2021 685 siquidem

2145 606 2242 661 τοῦ.
2263 607 2338 659 Οὐ
2367 605 2476 677 γὰρ
2494 605 2561 659 ἂν
2589 604 2760 656 ἐδεῖτο
2785 599 2994 672 τροφῆς
3010 597 3106 651 καὶ
3130 594 3318 651 ποτοῦ.
3360 595 3449 646 Ἐν
3498 592 3711 663 ἐρωτή-

448 719 615 773 verba
640 717 746 771 ista
769 731 782 767 :
803 714 928 769 Non
951 714 1088 767 bibet
1107 726 1324 782 aquam,
1339 705 1729 779 distinguenda
1745 720 1867 762 esse
1878 704 2026 759 arbi-

449 818 683 864 tramur.
702 807 822 874 Quo
841 814 998 876 pacto
1014 820 1145 875 ergo
1157 803 1250 873 qui
1268 802 1651 871 corrumpitur
1668 800 2019 867 incorrupta;

450 910 506 955 et
544 901 638 970 qui
662 890 914 961 moritur,
943 894 1273 949 immortalia
1315 892 1553 949 elﬁciat?
1596 889 1863 945 Nonnulli
1898 902 2028 943 vero

450 995 616 1048 etiam
636 991 703 1046 de
731 990 892 1045 idolis
919 997 1092 1041 totum
1125 986 1180 1041 id
1208 991 1561 1056 acceperunt,
1583 983 1785 1054 quibus
1816 981 2027 1037 hostias

450 1083 772 1139 oﬂ'ercbant.
803 1080 996 1136 Utrum
1022 1094 1153 1134 vero
1170 1078 1395 1133 minime
1411 1076 1861 1133 sacriﬁcantibus
1872 1074 2029 1130 vobis

451 1183 506 1230 et
539 1174 756 1236 esuriet,
788 1180 838 1225 et
874 1169 1240 1239 inﬁrmabitur
1279 1169 1376 1238 qui
1433 1166 1576 1221 Deus
1608 1166 1728 1222 est?
1752 1165 1945 1221 Nonne
1975 1172 2031 1219 et

454 1282 648 1336 aquam
676 1263 850 1326 bibere
882 1263 962 1317 illi
995 1278 1224 1318 necesse
1249 1261 1440 1327 fuerit,
1475 1261 1521 1315 si
1552 1260 1677 1314 istis
1725 1267 1913 1330 egeat;
1964 1272 2032 1313 ne

453 1354 584 1424 quid
603 1352 828 1408 omnino
859 1352 1007 1421 quod
1040 1350 1108 1404 ad
1157 1365 1348 1405 eorum
1385 1348 1797 1404 accusationem
1845 1345 2030 1411 faciat,

454 1446 547 1516 qui
600 1458 897 1514 corporcas
957 1442 1066 1495 Deo
1114 1440 1329 1496 hostias
1380 1438 1639 1502 oﬁerunt,
1683 1436 1887 1507 quibus
1918 1436 2035 1506 ipse

453 1551 562 1591 non
592 1535 824 1606 indiget,
848 1531 1104 1588 omittat?
1128 1531 1320 1601 Neque
1349 1530 1495 1586 enim
1540 1536 1737 1583 natura
1764 1525 1908 1582 Deus
1928 1524 2034 1581 sibi

453 1628 725 1685 sacriﬁcia
752 1627 867 1682 ﬁeri
900 1641 964 1681 ex
998 1623 1247 1694 professo
1282 1621 1597 1691 imperavit.
1629 1618 1878 1675 Sollicite
1906 1632 2036 1671 vero

454 1723 509 1776 in
545 1722 780 1775 istorum
814 1716 1299 1789 reprehensionem
1330 1728 1479 1769 nunc
1518 1714 1846 1768 immoratus
1872 1709 2034 1781 503
2070 1697 2106 1748 Β

453 1821 540 1870 est
567 1813 853 1883 propheta,
909 1819 967 1865 ut
1014 1809 1145 1863 facti
1176 1808 1426 1863 saniores
1454 1806 1521 1860 ad
1572 1820 1759 1859 verum
1793 1802 1887 1858 Dei
1919 1803 2036 1857 cul-

457 1916 572 1960 tum
623 1914 1049 1960 reverterentur.
1089 1899 1288 1954 Verum
1341 1897 1487 1967 quod
1544 1896 1611 1950 ad
1658 1896 1759 1949 viri
1807 1895 2035 1964 formam

454 1998 616 2063 dixit,
649 2012 807 2053 suam
845 1997 995 2065 ipsos
1019 1993 1254 2063 formam
1289 1999 1400 2044 tam
1429 1990 1588 2059 longe
1617 2004 1648 2041 a
1672 2002 1798 2042 vera
1831 1985 2039 2041 disrre-

458 2097 680 2160 pantem
728 2092 961 2141 adorare
1005 2085 1304 2155 signiﬁcat,
1337 2090 1606 2152 quantum
1639 2078 1708 2133 ab
1735 2076 2039 2146 exemplari

458 2179 693 2237 dissidet
748 2176 1009 2233 imitatio.
1044 2176 1232 2243 Itaque
1270 2188 1384 2229 suae
1429 2173 1580 2242 ipsos
1611 2177 1840 2233 naturae,
1871 2181 2036 2239 quam

458 2274 514 2327 in
553 2271 715 2341 lignis
761 2279 813 2323 et
862 2268 1018 2322 saxis
1070 2270 1484 2335 expresserunt,
1542 2260 1804 2330 injuriam
1835 2259 2039 2321 facere,

458 2362 555 2433 qui
584 2377 716 2416 certe
743 2362 932 2429 forma:
954 2356 1251 2427 imaginem
1284 2362 1632 2426 praeponam,
1668 2351 1828 2420 eique
1861 2349 2037 2405 hono-

460 2469 574 2510 rem
604 2452 877 2509 del‘erant.
914 2447 1119 2504 Deinde
1139 2461 1266 2501 cum
1296 2444 1556 2500 statuisse
1577 2444 1629 2497 in
1654 2442 1811 2497 domo
1829 2442 2040 2512 adjicit,

462 2546 517 2599 in
554 2544 761 2623 templo
800 2542 1098 2612 signiﬁcat,
1142 2540 1198 2593 in
1249 2538 1398 2607 quod
1434 2536 1602 2605 petita
1633 2551 1702 2590 ex
1741 2534 1890 2589 saltu
1922 2548 2042 2587 ma-

462 2637 600 2691 teria
633 2634 855 2689 inducta
884 2641 990 2688 est.
1035 2630 1194 2697 Quod
1225 2629 1320 2700 qui
1354 2627 1595 2689 noverit,
1636 2640 1707 2680 ne
1737 2640 1798 2680 se
1821 2625 2042 2693 quidem

462 2728 815 2783 ethnicorum
846 2728 1009 2796 nugis
1058 2722 1201 2777 tueri
1228 2721 1453 2784 audeat,
1487 2719 1582 2788 qui
1615 2717 1757 2772 uelo
1804 2715 2046 2786 delapsis

464 2819 780 2875 simulacris
803 2817 1208 2889 gloriabantur.
1250 2811 1348 2868 Est
1376 2826 1511 2881 ergo
1545 2809 1680 2864 cinis
1708 2824 1803 2863 cor
1831 2823 2046 2870 eorum;

467 2926 644 2981 neque
666 2913 949 2983 quisquam
981 2909 1039 2963 in
1083 2908 1136 2961 id
1166 2905 1378 2959 animas
1403 2918 1587 2957 eorum
1622 2903 1910 2972 prolapsas
1937 2902 2047 2954 eri-

2128 716 2211 753 σει
2245 699 2354 769 γὰρ
2407 694 2793 760 ὑποστίζοντες
2838 692 2920 757 τὸ,
2947 691 3031 744 Οὐ
3073 688 3161 757 μὴ
3208 687 3318 754 πίῃ
3353 685 3530 753 ὕδωρ,
3580 686 3713 736 ἁνα-

2129 788 2472 860 τνωσόμεθα.
2511 787 2636 850 Πῶς
2669 780 2763 840 οῦν
2791 786 2820 838 ὁ
2867 781 3106 852 φθαρτὸς
3133 777 3411 848 ἄφθαρτα,
3442 776 3547 839 καὶ,
3571 775 3710 828 ὰ.θὰ-

2103 895 2267 935 ινατα.
2321 879 2601 950 ποιήσειεν
2646 879 2677 931 ὁ
2747 873 2978 944 θνητός;
3020 870 3165 933 τινὲς
3213 867 3269 921 δὲ
3315 866 3409 920 καὶ
3469 865 3562 920 ἐπὶ
3602 866 3713 917 τῶν

2129 976 2365 1030 εἰδώλων
2397 974 2458 1027 τδ
2489 973 2613 1027 ὅλον
2645 968 2914 1035 ἐδέξαντο.
2952 965 3339 1038 ιιροσαγάγετε
3372 974 3399 1003 ι
3443 960 3551 1029 γὰρ
3589 960 3714 1014 τού-

2129 1088 2241 1133 τοις
2273 1070 2487 1132 θυσίας.
2532 1069 2677 1137 Ἀρα
2701 1067 2730 1106 δ
2751 1060 2845 1119 οὖν
2872 1063 2947 1133 μὴ
2974 1061 3210 1114 θυόντων
3240 1058 3415 1128 ὑμῶν,
3438 1055 3712 1109 πεινὰσει

2131 1162 2231 1214 καί
2257 1160 2592 1225 ἀσθενήσει
2618 1157 2942 1228 ἐνυπάρχων
2969 1155 3153 1220 Θεός;
3201 1150 3398 1205 οὐκοῦν
3432 1150 3527 1204 καὶ
3551 1148 3712 1218 ὕδωρ

2132 1253 2339 1323 ὀφείλει
2385 1251 2563 1316 πιεῖν,
2606 1252 2655 1304 εἰ
2692 1249 2901 1303 τούτων
2930 1247 3080 1301 ἐστὶν
3112 1244 3319 1315 ἐνδεής,
3360 1243 3449 1297 ἵνα
3492 1241 3718 1312 διαϐάλ-

2133 1343 2217 1397 λει
2255 1342 2488 1397 καθόλου
2538 1344 2665 1405 τοὺς
2707 1340 2828 1410 Θεῷ
2865 1356 2919 1390 τι
2977 1336 3392 1409 προσφέροντας
3423 1334 3627 1397 ὑλικὸν,
3653 1326 3718 1387 οῦ

2138 1435 2216 1507 μή
2249 1435 2492 1502 πέφυκεν
2522 1432 2740 1502 ὲνδεήςς
2790 1432 2853 1484 οὐ
2887 1430 2943 1484 δὲ
2981 1429 3093 1500 γὰρ
3125 1431 3154 1482 ὁ
3199 1427 3358 1496 φύσει
3400 1425 3545 1495 Θεὸς,
3588 1441 3722 1495 προ-

2135 1528 2458 1599 ηγουμένως
2484 1525 2584 1589 τὰς
2639 1525 2835 1590 Θυσίας
2884 1522 3170 1588 ἐπέταξεν.
3223 1508 3624 1592 Ἐντρεπτικῶς
3663 1517 3722 1569 δὲ

2137 1619 2231 1673 νῦν
2259 1623 2287 1674 ὁ
2323 1620 2611 1690 προφήτης
2655 1619 2769 1682 τοῖς
2823 1617 2950 1688 περὶ
2992 1615 3200 1669 τούτων
3246 1613 3491 1682 ἐνέμεινε
3518 1611 3721 1677 λόγοις,

2139 1712 2214 1775 ὡς
2240 1711 2308 1764 ἂν
2345 1712 2716 1780 φρονήσαντες
2766 1709 3153 1778 ἐπιστραφεῖεν
3204 1705 3338 1775 πρὸς
3387 1702 3722 1756 θεοσέϐειαν.

2140 1803 2214 1856 Τὸ
2247 1803 2305 1856 δὲ
2333 1803 2410 1865 ώς
2436 1802 2685 1872 μορφὴν
2720 1801 2960 1870 ἀνδρὸς,
3001 1798 3332 1873 παρίστησιν
3358 1795 3435 1859 ώς
3462 1796 3557 1865 τὴν
3591 1794 3725 1847 ἰδίαν

2141 1894 2507 1966 προσκυνοῦσι
2547 1894 2793 1964 μορφὴν
2853 1891 3106 1946 τοσοῦτον
3145 1890 3480 1962 ἀπᾴδουσαν,
3530 1888 3666 1940 ὅσων
3697 1896 3720 1926 ⁸

2140 1987 2523 2057 ἀρχετύπωνή
2562 1988 2814 2055 μίμησις.
2846 1986 2959 2038 Καὶ
3000 1983 3099 2055 τὴν
3153 1982 3363 2036 ἑαυτῶν
3407 1978 3728 2048 αἰσχύνουσι

2142 2075 2304 2145 φύσιν
2332 2076 2433 2143 τὴν
2461 2076 2518 2127 ὲν
2544 2074 2739 2138 λίθοις
2765 2072 2864 2126 καί
2887 2071 3099 2136 ξύλοις
3123 2069 3307 2123 εἰκόνα
3331 2064 3440 2133 τῆς
3459 2061 3730 2130 ἀληθοῦς

2141 2165 2521 2237 προτιμῶντες
2560 2163 2821 2234 μορφῆς,
2853 2163 2948 2217 καὶ
2987 2161 3146 2227 δόξαν
3190 2159 3376 2231 ὲκείνῂ
3425 2155 3732 2227 προσάγον-

2141 2276 2254 2323 τες.
2284 2259 2359 2312 Τὸ
2385 2258 2442 2311 δὲ
2474 2259 2726 2326 ἵστησιν
2748 2258 2819 2311 ἑν
2847 2257 3010 2322 οτκῳ,
3061 2253 3215 2325 δηλοῖ
3243 2253 3326 2305 ὅτι
3355 2250 3469 2321 ναῷ
3495 2250 3558 2301 ὲκ
3587 2246 3703 2316 δρυ
3727 2276 3735 2285 ι

2137 2352 2259 2422 μοῦ
2319 2351 2420 2420 τὴν
2468 2350 2603 2419 ὓλην
2649 2348 2852 2402 λαϐών.
2906 2349 3087 2417 Ὅπερ
3137 2344 3293 2407 εἰδὼς
3344 2342 3447 2396 οὐκ
3504 2341 3568 2395 ἂν
3615 2339 3733 2409 ἔχοι

2142 2449 2344 2516 λέγειν,
2404 2446 2547 2501 κατὰ
2595 2446 2721 2507 τοὺς
2778 2441 3051 2512 Ἑλλήνων
3095 2439 3328 2510 λήρους,
3391 2431 3610 2500 διοπετῆ
3660 2429 3734 2481 τὰ

2145 2541 2462 2610 ἀγάλματα.
2510 2537 2743 2603 Σποδὸς
2775 2533 2868 2589 οὖν
2914 2534 3023 2605 ἄρα
3066 2533 3105 2601 ἠ
3149 2529 3363 2600 καρδία
3388 2522 3607 2588 αὐτῶν,
3637 2522 3736 2575 καὶ

2145 2631 2348 2698 οὐδεὶς
2397 2632 2465 2687 ἂν
2511 2630 2782 2695 ἐξέλοιτο
2830 2629 2935 2693 τὰς
2980 2626 3090 2678 τῶν
3134 2624 3215 2686 εἰς
3256 2619 3416 2674 τοῦτο
3455 2618 3734 2671 πεσόντων

2147 2725 2375 2794 ψυχὰς,
2407 2723 2548 2795 πλὴν
2576 2723 2606 2777 ὃ
2632 2723 2722 2794 ήτι
2745 2720 2772 2758 ά
2809 2720 2969 2790 μόνος
2999 2718 3159 2787 εἰπερ
3188 2714 3363 2768 ὲθέλοι
3412 2711 3545 2774 Θεὸς
3571 2711 3600 2762 ὁ
3632 2724 3734 2778 με·

2149 2815 2526 2884 τασκευὰζων,
2549 2816 2624 2879 ὡς
2651 2813 2924 2885 βούλεται,
2954 2810 3154 2873 πάντα,
3176 2806 3273 2861 καὶ
3299 2803 3550 2873 φωτίζων
3573 2802 3736 2854 ἐσκο-

2148 2908 2403 2978 τισμένα.

464 3005 598 3081 piat,
663 2998 1026 3075 praeterquam
1080 2998 1224 3054 Deus
1277 3011 1440 3061 unus,
1518 2998 1614 3065 qui
1689 2994 1875 3048 omnia
1942 3008 2044 3064 pro
2108 3001 2322 3055 arbitrii
2380 3000 2466 3056 sui
2517 2999 2733 3054 ratione
2798 2999 3209 3053 transmittare,
3262 2989 3632 3054 tenebrasque
3685 2981 3744 3036 in

466 3097 644 3149 linem
687 3104 900 3148 vertere
934 3097 1121 3159 queat.

542 3186 807 3254 Sequitur
832 3182 1040 3244 videte;
1084 3179 1136 3232 id
1166 3185 1274 3242 est,
1302 3176 1558 3244 cogitate.
1596 3173 1664 3228 Et
1718 3191 1821 3245 npn
1853 3175 2042 3230 dicetis

2223 3177 2434 3238 Ἴδετε.
2473 3172 2619 3227 τοῦτ’
2663 3171 2780 3224 ἔστι
2815 3167 3213 3237 κατανοήσατε,
3248 3164 3347 3219 καὶ
3386 3164 3499 3219 οὐκ
3557 3160 3749 3228 ἐρεῖτε

472 3280 671 3351 falsum
716 3289 830 3328 esse
862 3274 915 3324 in
946 3269 1166 3323 dextera
1200 3281 1341 3331 mea,
1374 3266 1617 3327 dexterae
1653 3267 1802 3320 enim
1833 3268 2049 3320 nomine

2162 3271 2251 3323 ὅτι
2284 3266 2516 3337 ψεῦδος
2572 3266 2643 3319 ἐν
2693 3261 2768 3331 τῇ
2819 3259 2990 3328 δεξιῇ
3011 3277 3153 3329 μου,
3186 3255 3432 3325 συνήθως
3482 3252 3626 3307 οὕτω
3655 3252 3749 3305 τὸν

473 3366 820 3438 unigenitum
844 3358 1047 3413 Filium
1076 3358 1276 3413 usitate
1295 3355 1590 3424 appellavit
1613 3373 1630 3409 :
1650 3354 1744 3424 qui
1765 3355 1881 3412 sive
1920 3356 2062 3411 Deus

474 3464 591 3518 sive
643 3456 935 3517 Dominus,
968 3452 1087 3506 sive
1111 3451 1228 3515 lux,
1265 3452 1379 3504 sive
1403 3448 1606 3517 virtus,
1635 3447 1752 3504 sive
1792 3462 1916 3513 rex,
1947 3449 2064 3503 sive

477 3550 668 3606 mundi
684 3545 890 3618 Opiiex,
913 3545 1030 3599 sive
1066 3542 1174 3596 vita
1214 3540 1554 3604 nominetur,
1581 3554 1727 3605 vere,
1752 3547 1807 3595 et
1839 3540 2065 3610 proprie

476 3642 602 3698 istis
615 3639 875 3694 omnibus
898 3633 1267 3704 signiﬁcatur,
1287 3647 1410 3701 quae
1426 3631 1769 3687 daemonibus
1785 3640 1879 3685 aut
1901 3632 2064 3687 idolis

400 3760 403 3767 ι
480 3733 621 3789 falso
640 3730 985 3785 tribuuntur.
1019 3724 1229 3780 Natura
1260 3724 1405 3778 cnim
1437 3739 1504 3777 ex
1539 3720 1811 3779 DeoDeus
1833 3722 2062 3794 cst.0p-

480 3827 613 3881 time
644 3838 777 3879 vero
808 3821 864 3875 in
896 3818 1226 3876 obliviosum
1266 3814 1524 3870 Israelem
1548 3826 1806 3872 memento
1834 3817 2063 3872 verbum

481 3914 793 3985 usurpavit.
821 3909 1116 3964 Formatus
1138 3908 1275 3962 enim
1310 3907 1364 3960 in
1383 3906 1559 3976 ﬁlium
1586 3922 1693 3962 non
1712 3907 1903 3963 debuit
1920 3906 2065 3961 idola

482 4016 634 4062 muta
663 4001 942 4073 amplecti,
978 4010 1040 4055 ut
1086 3998 1372 4071 dignitatis
1425 3998 1867 4055 oblivisceretur.
1905 4017 1924 4051 ι
1958 3998 2063 4065 Qui

480 4100 625 4153 enim
653 4098 807 4151 novit
821 4093 1156 4147 voluntatem
1178 4089 1414 4153 Domini,
1441 4104 1546 4144 nec
1565 4088 1699 4144 facit
1730 4105 1875 4156 eam,
1895 4105 2065 4159 vapu-

482 4189 619 4246 labit
644 4186 830 4241 multis
879 4184 946 4238 7‘.
991 4203 1011 4235 ι
1051 4182 1255 4237 Eorum
1288 4182 1568 4251 deinccps,
1598 4197 1720 4251 qua:
1751 4181 2062 4247 admiseris,

481 4278 896 4351 quantumlibet
943 4276 1133 4330 eadem
1163 4273 1429 4329 oblivioni
1467 4290 1555 4328 me
1581 4273 1912 4328 traditurum
1946 4273 2066 4343 pol-

2168 3360 2437 3429 μονογενῆς
2459 3357 2696 3418 καλέσας
2732 3354 2870 3408 Υἰὸν
2894 3395 2909 3420 ,
2938 3352 2997 3416 ὃς
3025 3352 3135 3404 εῐτε
3170 3348 3335 3414 Θεὸς,
3365 3348 3476 3401 εἴτε
3507 3346 3750 3413 Κύριος,

2165 3454 2274 3507 εἴτε
2300 3451 2437 3521 φῶς,
2494 3450 2529 3521 ἢ
2573 3448 2824 3518 δύναμις,
2857 3445 2891 3517 ἢ
2920 3441 3272 3516 τβασιλεὺς,ή
3316 3438 3681 3510 Δημιουργδς.
3713 3436 3750 3508 ἢ

2166 3545 2280 3614 ζωὴ
2308 3544 2543 3611 λέγοιτο,
2586 3539 2765 3594 πάντα
2791 3536 2995 3608 κυρίως
3025 3533 3175 3587 ἐστὶν
3204 3532 3262 3598 ἐξ
3306 3530 3560 3601 ἀληθείας
3590 3528 3751 3597 λεγό-

2170 3652 2350 3707 μενος,
2382 3634 2493 3687 τῶν
2538 3630 2776 3686 εἰδώλων
2816 3630 2850 3700 ἦ
2884 3626 3157 3696 δαιμόνων
3193 3622 3406 3694 ψευδῶς
3434 3620 3609 3675 ταῦτα
3657 3620 3752 3672 λεο

2165 3730 2435 3800 γομένων.
2475 3726 2639 3779 Φύσει
2683 3723 2793 3793 γὰρ
2845 3720 2978 3783 Θεὸς
3005 3719 3168 3782 αὐτὸς
3192 3719 3258 3771 ἐκ
3281 3714 3436 3770 Θεοῦ.
3481 3714 3567 3777 Ὠς
3625 3715 3753 3766 ἐπι-

2165 3820 2397 3891 λήσμονι
2424 3816 2480 3869 δὲ
2512 3816 2592 3888 τῷ
2634 3812 2884 3882 Ἰσραὴλ
2927 3811 2988 3865 τὸ
3011 3809 3313 3880 μνήσθητι
3343 3805 3523 3867 καλῶς
3548 3805 3754 3873 ἐπενή-

2167 3927 2343 3981 νοχεν.
2398 3905 2702 3970 Πλασθείς
2738 3905 2848 3973 γὰρ
2893 3905 2981 3967 εἰς
3028 3898 3231 3959 παῖδα,
3265 3898 3368 3950 οὐκ
3397 3895 3600 3964 ὀφείλει
3645 3893 3755 3962 τῆς

2166 4001 2325 4066 ἀξίας
2385 3998 2685 4068 ὑπεριδεῖν,
2747 3993 2967 4063 κωφοῖς
3013 3989 3281 4052 εἰδώλοις
3330 3985 3751 4056 προσκείμενος.

2173 4112 2191 4145 ι
2213 4094 2272 4146 Ὀ
2298 4093 2407 4163 γὰρ
2438 4089 2596 4152 εἰδώς
2636 4089 2696 4141 τὸ
2733 4088 2944 4158 θέλημα
2969 4085 3063 4139 τοῦ
3094 4082 3300 4155 Κυρίου
3331 4079 3519 4144 αὐτοῦ,
3548 4078 3643 4132 καὶ⁵
3672 4076 3754 4147 μὴ

2166 4186 2420 4257 ποιήσας,
2449 4183 2748 4253 δαρήσεται
2791 4179 3012 4241 πολλάς.
3051 4195 3070 4229 s
3128 4175 3345 4239 Λοιπὸν,
3390 4167 3467 4226 ὧν
3501 4171 3753 4241 ἥμαρτες

2162 4275 2459 4346 μέμνησο,
2494 4273 2600 4327 κᾶν
2628 4271 2741 4340 ἐγώ
2771 4288 2854 4324 σοι
2895 4269 3102 4323 τούτων
3128 4265 3462 4343 ἀμνηστείαν
3504 4261 3752 4333 χαρίζω-

484 4380 679 4443 liccar,
728 4376 897 4431 etiam
929 4381 984 4427 te
1041 4370 1167 4423 volo
1220 4366 1540 4421 meminisse.
1590 4365 1802 4419 Dicitur
1842 4379 1972 4418 vero
2009 4364 2049 4417 ir

2170 4384 2287 4435 μαι.
2338 4362 2693 4418 Πεπλιίσθαι
2729 4362 2786 4415 δὲ
2837 4361 3057 4424 λέγεται
3099 4359 3190 4411 διὰ
3242 4356 3337 4409 τοῦ
3383 4355 3550 4425 νόμου
3598 4350 3754 4420 πρὸς

486 4470 659 4527 filium
685 4483 780 4538 per
823 4467 995 4534 legem
1047 4460 1333 4531 formatus.
1385 4455 1451 4511 Ut
1482 4456 1627 4512 enim
1659 4454 1905 4510 Adamus
1948 4456 2049 4525 ἰιιεε

2170 4457 2375 4512 παῖδα.
2429 4457 2516 4520 Ὠς
2566 4456 2674 4527 γὰρ
2721 4454 2895 4523 Ἀδὰμ
2934 4455 2998 4505 ἐκ
3046 4453 3170 4523 γῆς,
3208 4449 3304 4504 καὶ
3332 4449 3438 4501 πᾶν
3467 4447 3524 4499 ὲν
3547 4444 3756 4515 γαστρὶ

484 4562 552 4616 de
574 4535 745 4623 terra,
774 4554 1068 4623 omnisque
1097 4550 1366 4619 deinceps
1407 4547 1464 4600 in
1493 4553 1650 4601 utero
1670 4545 1938 4614 formatus
1978 4559 2049 4602 εει

2170 4549 2493 4604 πλάττεται
2522 4547 2754 4618 βρέφος*
2785 4545 2960 4608 οὕτως
2987 4546 3034 4597 οἱ
3070 4545 3128 4596 ὲν
3154 4540 3377 4613 Χριστῷ
3404 4538 3492 4591 διὰ
3516 4535 3757 4607 μετοχῆς

484 4648 693 4709 iulans.
755 4645 838 4700 sic
864 4651 919 4699 et
943 4643 1038 4713 qui
1077 4640 1131 4694 in
1161 4638 1394 4694 Christo
1431 4636 1657 4706 degunt,
1692 4652 1790 4706 per
1819 4636 2064 4706 Spiritus
2170 4642 2268 4696 τοῦ
2311 4642 2469 4710 ἁγίου
2494 4641 2856 4694 πλάττονται
2886 4635 3207 4706 Ιινεύματος
3246 4635 3327 4695 εἰς
3366 4626 3503 4693 εἶδος
3527 4628 3588 4681 τὸ
3617 4629 3757 4695 πρὸς

446 4794 449 4799 ,
489 4736 667 4794 sancti
717 4734 1198 4808 participationem
1242 4731 1297 4785 in
1344 4729 1591 4799 ejusdem
1627 4729 1870 4798 speciem
1906 4730 2049 4799 σπου-ι

2173 4735 2356 4801 αὑτὸν,
2388 4731 2533 4786 κατὰ
2576 4732 2637 4785 τό
2664 4746 2678 4760 ·
2721 4750 2740 4781 ι
2764 4730 2987 4791 Τεκνία,
3018 4726 3113 4791 οὓς
3153 4725 3316 4779 πάλιν
3360 4722 3538 4776 ὠδίνω
3590 4720 3760 4789 μέχρι

490 4834 748 4894 utantur,-
775 4822 933 4893 juxta
973 4818 1111 4875 illud
1145 4837 1157 4873 :
1210 4837 1229 4870 ι
1264 4817 1469 4882 Filioli,
1501 4833 1639 4887 quos
1684 4818 1885 4872 iterum
1935 4833 2049 4889 par-

2179 4824 2443 4897 μορφωθῇ
2474 4823 2706 4895 Χριστὸς
2761 4824 2820 4875 ὲν
2872 4823 3020 4889 ὑμῖν.
3052 4839 3072 4873 s
3117 4819 3227 4873 Kal.
3257 4815 3438 4871 πάλιν
3477 4832 3495 4864 ‹
3529 4812 3620 4880 Μὴ
3663 4826 3761 4863 συ-

490 4917 663 4980 turio,
718 4915 896 4970 donec
947 4912 1275 4969 informetur
1319 4910 1572 4968 Christus
1616 4912 1671 4966 in
1713 4912 1872 4969 vobis
1914 4914 1979 4967 ⁷⁸.
2040 4933 2049 4964 ι

2178 4917 2583 4989 σχηματίζεσθε
2625 4914 2703 4985 τῷ
2755 4914 2911 4968 αἰῶνι
2946 4912 3140 4982 τούτῳ,
3187 4909 3302 4964 ἀλλ’
3334 4899 3761 4977 ἀναμορφοῦσθε

494 5011 558 5065 Et
588 5022 813 5065 rursum
848 5024 862 5061 :
907 5023 926 5058 ι
960 5003 1143 5059 Nolite
1174 5000 1512 5058 conformari
1547 5003 1750 5058 saeculo
1785 5002 1937 5068 huic,
1969 5019 2049 5060 sec

2175 5006 2242 5074 τῇ
2265 5002 2628 5058 ἀνακαινώσει
2650 5002 2746 5056 τοῦ
2776 5002 2896 5065 νοδς
2933 5000 3107 5072 ὑμῶν,
3163 5000 3242 5062 εἰς
3269 4997 3332 5051 τὸ
3363 4995 3682 5066 δοκιμάζειν
3705 4992 3761 5048 τί

495 5097 875 5159 rcl'ormamini
907 5098 961 5154 in
993 5096 1239 5152 novitate
1267 5110 1467 5152 sensus
1499 5096 1693 5160 vestri,
1726 5105 1786 5151 ut
1825 5097 2049 5168 probeti:

2177 5094 2240 5148 τὸ
2267 5094 2477 5166 θέλημα
2511 5094 2606 5148 τοῦ
2649 5093 2786 5148 Θεοῦ
2836 5094 2897 5147 τὸ
2929 5091 3155 5161 ἀγαθον,
3188 5090 3285 5145 καὶ
3314 5088 3630 5159 εὐάρεστον,
3664 5088 3763 5141 καὶ

494 5211 620 5265 quae
666 5194 738 5249 sit
793 5191 1052 5247 voluntas
1089 5189 1184 5245 Dei
1227 5188 1395 5268 bona,
1440 5195 1496 5242 et
1537 5189 1676 5246 bene
1724 5190 1967 5261 placens,
2016 5206 2045 5246 e

2162 5187 2406 5266 τέλειον.
2442 5208 2460 5239 ι
2516 5188 2625 5242 Καὶ
2658 5186 2841 5242 πάλιν·
2885 5204 2903 5237 ι
2928 5185 3120 5256 Ἡμεῖς
3168 5183 3225 5237 δὲ
3252 5180 3761 5250 ἀνακεκαλυμμένῳ

498 5284 738 5348 perfecta
757 5284 828 5349 ἕο.
875 5305 892 5336 ι
927 5282 1211 5353 Itemque:
1251 5300 1269 5333 ι
1300 5279 1412 5336 Nos
1440 5289 1623 5337 autem
1662 5281 1900 5345 revelata
1931 5281 2049 5337 facit

2180 5279 2460 5351 προσώπῳ
2500 5279 2598 5351 τὴν
2646 5279 2815 5351 αὐτὴν
2861 5278 3045 5332 εἰκόνα
3098 5272 3548 5347 μεταμορφοῦσθε
3591 5272 3643 5312 d‘
3688 5274 3762 5342 τῇ
3814 5282 3831 5289 ·

568 5421 617 5454 ⁷⁸
662 5422 799 5478 Luc.
833 5439 933 5489 xu,
965 5423 1053 5478 47.
1129 5424 1175 5455 ⁷⁸
1214 5420 1391 5476 Galat.
1423 5438 1498 5488 Iv,
1540 5422 1628 5477 19.
1703 5419 1751 5453 ⁸ο
1791 5415 1948 5474 Rom.
1983 5433 2078 5483 xu,
2114 5417 2169 5471 2.

1773 5536 2007 5596 VARIIE
2041 5533 2445 5591 LECTlONES.

1904 5664 1929 5692 ο
1966 5668 2058 5721 γρ.
2086 5650 2183 5705 ὅτι.
2262 5650 2323 5689 ἀ*
2351 5667 2437 5718 γρ.
2471 5644 2987 5720 μεταμορφούμεθα.

587 5655 611 5680 ³
649 5665 738 5721 πρ.
772 5651 1044 5720 προσήγχ.
1125 5652 1151 5690 ιι
1190 5671 1277 5719 πρ.
1312 5649 1440 5723 ἆρα.
1521 5668 1542 5692 ι’
1575 5672 1659 5723 yp.
1686 5654 1827 5708 ὅσον.
