4032 6218
343 329 494 396 12409

354 443 720 500 ἀνακαινώσει
752 444 845 498 τοῦ
879 444 996 508 νοὸς
1031 443 1189 516 ὑμῶν
1219 456 1266 510 e,

354 536 606 604 καθάπερ
639 536 746 600 ἀπὸ
774 535 980 607 Κυρίου
1025 535 1368 606 Πνεύματος.
1405 555 1426 590 ι
1471 536 1611 589 Ἀλλ’
1647 538 1807 607 ἡμεῖς
1834 536 1934 605 μὲν

353 625 517 682 οὕτω.
551 627 677 690 Τοῖς
699 628 757 680 έν
795 627 946 697 νόμῳ
989 626 1046 680 δὲ
1083 627 1286 698 πρέπει
1315 627 1562 692 δουλείας
1595 626 1814 697 πνεῦμα
1841 627 1936 681 λα-

355 713 512 768 ϐοῦσι
540 715 601 768 τὸ
632 715 711 778 είς
740 715 960 787 οἰκέτην
993 717 1087 769 καὶ
1133 715 1318 770 παῖδα
1345 716 1710 772 πεπλάσθαι.
1746 717 1937 786 Παρα-

357 804 640 868 δαίνοντας
672 805 780 873 γὰρ
828 806 858 858 ό
887 805 1073 876 νόμος,
1113 806 1188 870 ὡς
1231 806 1445 870 οἰκέτας
1477 804 1752 870 ἐκόλαζεν.
1787 805 1850 859 Ἦ
1877 807 1936 860 ὲν

357 895 580 967 Χριστῷ
609 896 666 949 δὲ
707 894 938 961 κλάσις
971 896 1118 961 υίούς
1161 914 1221 950 τε
1258 898 1354 951 καὶ
1384 897 1741 969 συμμόρφους
1769 896 1937 968 ἐργά-

359 987 536 1052 ζεται.
561 986 606 1040 Τ
608 986 654 1058 ᾧ
695 988 761 1058 δὴ
797 983 890 1042 οὖν
921 988 1193 1058 Ἰσραὴλ,
1245 988 1336 1059 Μὴ
1372 987 1780 1043 ἐπιλανθάνου
1812 1005 1936 1059 μου,

358 1078 516 1150 φησὶ,
545 1079 884 1150 τρεπόμενος
930 1082 1010 1144 είς
1065 1080 1344 1134 ἀσέϐειαν.
1401 1079 1544 1152 Πρὸς
1585 1079 1644 1133 δν
1699 1077 1937 1150 ἀλλαχοῦ

360 1183 526 1237 φησιν
546 1185 562 1200 ο
601 1188 619 1220 ι
641 1169 830 1240 Ὑμεῖς
861 1173 910 1225 oi
940 1170 1427 1241 ὲπιλανθανόμενοί
1452 1187 1576 1242 μου,
1604 1170 1698 1225 καὶ
1722 1170 1940 1243 ἑτοιμά-

362 1256 549 1322 ζοντες
577 1259 655 1328 τῷ
702 1260 963 1333 δαιμονίῳ
1003 1259 1307 1333 τράπεζαν,
1355 1262 1450 1315 καὶ
1497 1261 1831 1332 πληροῦντες
1867 1264 1936 1335 τῇ

361 1348 501 1420 τύχῃ
534 1349 810 1422 κέρασμα.
840 1371 860 1406 ι

435 1525 621 1591 Οὕτως
670 1528 778 1600 ἄρα
827 1529 986 1599 λήθη
1043 1529 1202 1596 Θεοῦ,
1235 1530 1297 1584 τὸ
1336 1529 1705 1600 ἁποφοιτῆσαι
1746 1527 1939 1583 τούτου

366 1617 532 1688 δηλοῖ.
569 1621 901 1692 Προτρέπων
939 1623 997 1676 δὲ
1045 1623 1296 1678 σπεύδειν
1345 1623 1441 1677 ἐπὶ
1474 1621 1784 1693 μετάνοιαν,
1815 1622 1942 1674 ἐπι-

368 1710 692 1780 στρέφουσιν
722 1713 907 1777 αὐτοῖς
935 1715 1352 1786 ἁμαρτημάτων
1390 1715 1583 1784 ἄφεσιν
1609 1712 1940 1782 ἐπαγγέλλε-

364 1770 474 1862 ται,
505 1770 856 1872 blandarum,
886 1770 1081 1872 λέγ’ωνζ
1117 1770 1236 1859 ἀὶᾇτι
1271 1805 1365 1858 τοῦ
1393 1770 1742 1873 damma);
1765 1770 1937 1858 καθά·
1967 1770 2016 1833 Β

365 1905 471 1959 περ
494 1907 548 1942 τι
577 1891 738 1960 νέφος
760 1893 1023 1958 διαλύσας
1062 1893 1095 1964 ἢ
1128 1895 1344 1963 γνόφον.
1374 1893 1447 1947 Τὸ
1483 1893 1588 1965 γὰρ
1613 1893 1806 1964 μέλλον
1843 1892 1936 1947 τοῦ

365 1977 582 2048 χρόνου,
633 1981 694 2033 τὸ
745 1983 1126 2054 λυτρώσομαι
1173 2001 1247 2040 σε
1295 1985 1645 2056 παρίστησιν.
1677 1986 1802 2050 Πῶς
1830 1985 1938 2057 γὰρ

312 2149 316 2152 _
364 2067 707 2138 ἀπήλειψεν
733 2074 761 2125 ὁ
787 2073 970 2127 καλῶν
995 2076 1075 2139 είς
1101 2075 1498 2146 ἐπιστροφὴν,
1529 2079 1605 2142 ὡς
1620 2077 1940 2148 ἀπεστραμ-

368 2159 550 2228 μένον,
582 2162 689 2216 τὸν
708 2163 999 2234 Ἰσραήλ;
1028 2158 1116 2220 διὰ
1148 2167 1389 2238 Χριστοῦ
1417 2167 1524 2240 γὰρ
1546 2167 1748 2239 ἤμελλε
1771 2169 1938 2221 πᾶσιν

366 2249 400 2317 ἡ
440 2249 550 2304 τῶν
585 2251 997 2325 ἁμαρτημάτων
1048 2257 1244 2326 ἄφεσις
1296 2256 1532 2312 δίδοσθαι
1572 2274 1940 2330 συναναστρα-

367 2337 557 2403 φέντος
591 2342 721 2412 ἡμῖν
763 2343 862 2396 τοῦ
894 2344 1117 2415 Ἀμνοῦ,
1147 2346 1204 2409 ὃς
1234 2347 1378 2418 αἴρει
1411 2347 1511 2419 τὴν
1539 2349 1814 2420 ἁμαρτίαν
1844 2348 1937 2402 τοῦ

366 2428 597 2498 κόσμου.
640 2434 704 2485 '0
732 2433 795 2505 δὴ
825 2435 1060 2504 προϊδὼν
1093 2439 1121 2490 ό
1163 2440 1466 2510 προφήτης,
1503 2440 1596 2493 καὶ
1639 2441 1714 2504 ὡς
1753 2440 1940 2494 πολλοὶ

366 2520 572 2576 τούτων
607 2524 990 2580 πιστεύσουσιν
1036 2528 1115 2600 τῷ
1152 2529 1474 2600 προφητικῷ
1501 2532 1812 2602 πειθόμενοι
1853 2531 1943 2585 λό-

366 2628 470 2683 γῳ,
500 2614 712 2684 χαίρειν
736 2617 863 2680 τοὺς
903 2619 1200 2688 οὐρανοὺς
1227 2621 1591 2690 προσφωνεῖ,
1619 2623 1718 2686 τὰς
1762 2624 1941 2691 οὐρα-

365 2705 541 2769 νίους
570 2706 814 2777 δηλονότι
839 2709 1116 2781 δυνάμεις,
1164 2711 1240 2775 ὡς
1283 2712 1350 2765 ἂν
1391 2714 1569 2784 χαρᾶς
1606 2717 1665 2768 ὲν
1693 2698 1942 2785 οὐρανοῖς

366 2797 739 2866 γενησομένης
790 2799 882 2852 ἐπὶ
934 2803 1045 2864 τοῖς
1089 2804 1370 2871 μετανοεῖν
1419 2803 1724 2873 μέλλουσιν.
1776 2804 1943 2860 Ὅθεν

367 2886 606 2958 Χριστοῦ
633 2889 985 2960 γεννηθέντος
1023 2892 1341 2964 ἁνέκραζον·
1384 2911 1404 2944 ι
1429 2893 1565 2959 Δόξα
1596 2895 1654 2948 έν
1701 2895 1945 2966 ὑψίστοις

370 2976 511 3049 Θεῷ,
542 2979 636 3032 καὶ
664 2981 757 3034 ἐπὶ
790 2981 892 3052 γῆς
935 2984 1148 3053 εἰρήνη.
1177 3002 1195 3035 ι
1231 2983 1550 3045 Σαλπίζειν
1585 2986 1641 3039 δὲ
1673 2986 1945 3056 βούλεται,

1486 327 2024 391 COMMENTARII
2065 328 2146 390 IN
2186 329 2474 389 ISAIAM.

3460 331 3601 395 2410

1320 444 1424 497 ἀπὸ
1449 443 1609 514 δόξης
1649 446 1728 506 είς
1753 444 1932 508 δόξαν,

2043 442 2094 496 in
2127 443 2372 498 eamdem
2406 440 2694 511 imaginem
2727 440 2890 514 50E.
2919 440 3403 509 transformamur,
3449 461 3608 500 reno-
3702 427 3707 434 ’

2037 533 2252 588 vatione
2276 532 2474 588 mentis
2495 540 2715 598 nostrae,
2742 546 2771 586 a
2797 532 2968 604 gloria
2992 533 3045 588 in
3069 533 3319 603 gloriam,
3345 546 3605 605 tanquam

2037 636 2067 675 a
2098 620 2312 676 Domini
2341 622 2539 692 spiritu
2568 623 2635 674 ⁸⁸.
2671 641 2690 674 ι
2728 621 2907 693 Atque
2933 624 3006 678 ita
3031 639 3131 679 nos
3163 626 3405 696 quidem.
3442 625 3608 684 Decet

2035 726 2166 766 vero
2199 719 2250 766 et
2300 727 2414 778 eos,
2462 710 2556 780 qui
2587 709 2642 764 in
2684 711 2803 780 lege
2832 711 3115 768 servitutis
3149 715 3409 784 spiritum
3441 703 3604 773 acce-

2037 812 2254 873 perunt,
2293 802 2344 855 in
2377 815 2597 856 servum
2645 809 2699 856 et
2725 800 2896 869 ﬁlium
2924 800 3169 869 formari.
3198 804 3263 858 ‘ln
3295 815 3610 876 transgres-

2039 909 2194 950 sores
2220 894 2366 949 enim
2396 893 2507 958 lex,
2557 902 2814 962 tanquam
2846 893 2901 947 in
2939 908 3131 947 servos
3153 937 3166 959 ,
3201 895 3606 953 animadverte-

2037 985 2133 1040 bat
2191 1002 2205 1040 :
2272 1001 2396 1040 eum
2457 985 2572 1056 ipsa
2635 985 2690 1040 in
2744 985 2971 1039 Christo
3033 985 3285 1052 formatio
3345 987 3507 1053 ﬁlios,
3555 996 3610 1043 et

2039 1077 2351 1133 conformes
2375 1079 2421 1110 ⁸⁸
2466 1077 2680 1134 efficiat.
2729 1077 3069 1132 Adhortatur
3095 1093 3224 1148 ergo
3255 1077 3513 1132 Israelem
3546 1095 3613 1134 uo

2040 1171 2106 1225 ad
2129 1171 2386 1240 pietatem
2413 1185 2714 1226 conversus
2756 1170 2838 1225 sui
2889 1170 2979 1224 ille
3003 1170 3365 1225 obliviscatur.
3403 1169 3579 1240 Cujus
3599 1200 3611 1210 ο

2039 1259 2186 1315 modi
2219 1268 2346 1314 sunt
2381 1261 2484 1316 ista
2513 1259 2579 1314 ad
2608 1259 2859 1314 eumdem
2889 1260 3089 1314 alicubi
3123 1276 3136 1313 :
3163 1278 3183 1312 ι
3223 1259 3332 1316 Vos
3353 1262 3446 1332 qui
3472 1260 3612 1316 obli-

2037 1351 2314 1406 viscimini
2371 1351 2474 1406 mei
2535 1359 2588 1406 et
2636 1352 2843 1421 paratis
2894 1351 3166 1407 daemonio
3215 1367 3506 1420 mensam,
3558 1359 3615 1408 et

2039 1442 2280 1511 impletis
2310 1440 2564 1496 Fortunae
2593 1434 2832 1496 libamen
2851 1441 2918 1497 ".
2960 1460 2979 1494 ι

2109 1532 2187 1587 ita
2217 1533 2382 1605 igitur
2410 1532 2504 1587 Dei
2531 1531 2786 1595 oblivisci,
2820 1532 2888 1585 ab
2920 1531 3114 1587 eodem
3147 1531 3411 1588 recedere
3441 1531 3614 1603 signi-

2040 1622 2188 1678 ﬁcat.
2219 1623 2355 1676 Cum
2395 1631 2576 1676 autem
2602 1621 2668 1675 ad
2706 1621 3088 1691 paenitentiam
3127 1622 3389 1678 festinare
3417 1622 3618 1678 adhor-

2040 1723 2210 1778 tatur,
2241 1713 2470 1778 eisdem,
2528 1715 2575 1767 si
2618 1713 2974 1782 rcsipiscant,
3005 1721 3354 1783 peccatorum
3398 1712 3616 1766 veniam

2041 1805 2364 1871 denuntiat;
2432 1805 2526 1874 qui
2588 1803 2753 1858 delevi
2805 1803 3056 1868 verbum,
3098 1817 3199 1871 pro
3251 1800 3454 1867 delebo,
3505 1817 3617 1855 non

2041 1894 2204 1950 aliter
2241 1908 2405 1964 quam
2435 1894 2503 1948 de
2523 1893 2743 1956 nebula,
2777 1900 2870 1946 aut
2898 1892 3133 1963 caligine
3160 1891 3344 1961 aliqua
3375 1892 3616 1957 locutus,

2041 1994 2292 2058 usurpat.
2311 1986 2506 2042 Futuri
2536 1987 2809 2057 siquidem
2843 1986 3106 2056 temporis
3154 1985 3616 2055 signiﬁcationem

2040 2081 2332 2152 expressit,
2370 2095 2491 2134 cum
2520 2079 2777 2134 redimam
2822 2089 2871 2134 te
2897 2078 3170 2148 adjunxit.
3205 2077 3309 2145 Qui
3347 2079 3493 2133 enim
3525 2077 3619 2132 de-

2042 2168 2225 2222 levisse
2247 2173 2489 2236 putetur,
2523 2167 2618 2237 qui
2661 2174 2924 2236 tanquam
2970 2182 3227 2223 aversum
3255 2165 3514 2223 Israelem
3547 2169 3619 2222 ad

2040 2260 2426 2314 conversionem
2451 2258 2753 2328 provocat?
2784 2257 2968 2313 Danda
3003 2260 3275 2330 siquidem
3303 2258 3483 2315 fuerat
3506 2274 3623 2315 om-

2041 2347 2204 2403 nibus
2237 2349 2556 2403 delictorum
2587 2347 2840 2403 remissio
2871 2364 2966 2418 per
2985 2347 3291 2410 Christum,
3313 2349 3407 2418 qui
3437 2364 3616 2420 agnus

2043 2438 2328 2494 nobiscum
2384 2448 2631 2494 versatus
2677 2448 2900 2509 peccata
2937 2438 3125 2492 mundi
3164 2439 3410 2494 sustulit.
3458 2440 3620 2506 Quod

2042 2540 2192 2586 certe
2241 2547 2363 2587 cum
2398 2532 2558 2602 longe
2603 2540 2730 2586 ante
2777 2531 3039 2602 propheta
3073 2531 3304 2596 videret,
3337 2548 3403 2587 ex
3437 2533 3619 2602 iisque

2042 2618 2160 2674 fore
2190 2635 2299 2674 non
2331 2635 2556 2690 paucos,
2583 2619 3035 2690 quipmphetica:
3055 2620 3294 2675 orationi
3340 2619 3618 2676 credituri

2045 2718 2249 2776 essent,
2282 2711 2440 2765 ewlos
2481 2711 2652 2780 ipsos,
2682 2711 2736 2765 id
2774 2717 2859 2765 est
2903 2709 3152 2766 caelorum
3183 2711 3414 2767 virtutes
3443 2712 3624 2767 laetari

2045 2800 2402 2868 acclamavit,
2460 2811 2720 2875 tanquam
2789 2803 3046 2875 gaudium
3107 2803 3162 2858 in
3231 2805 3388 2860 caelis
3454 2819 3624 2874 super

2045 2902 2333 2964 peccatore
2362 2896 2740 2965 paenitentiam
2765 2903 2960 2949 acturo
2992 2893 3239 2950 futurum
3259 2895 3329 2950 sit
3351 2893 3420 2948 ⁸⁸.
3443 2896 3621 2964 Atque

2046 2986 2174 3041 inde
2205 2995 2310 3053 est,
2359 2986 2504 3056 quod
2541 2994 2671 3042 nato
2698 2985 2920 3042 Christo
2950 3003 2965 3041 :
2997 3005 3016 3039 ι
3044 2984 3238 3041 Gloria
3293 2986 3348 3040 in
3384 2985 3620 3041 excelsis
3667 3049 3672 3054 η

370 3071 467 3123 καὶ
494 3070 548 3123 εἰ
572 3070 717 3134 τινές
745 3071 874 3135 είσι,
919 3073 1014 3126 καὶ
1043 3073 1160 3141 τὴν
1185 3072 1302 3144 γῆν
1352 3075 1520 3146 αὐτὴν
1545 3075 1944 3148 ὑποστηρίζου-

2051 3079 2182 3145 Deo,
2213 3087 2268 3134 et
2293 3079 2346 3133 in
2395 3087 2541 3134 terra
2571 3095 2677 3151 pax
2704 3081 2776 3145 ⁸⁸,
2816 3097 2835 3131 ι
2869 3080 3050 3151 angeli
3101 3081 3445 3136 cecinerunt.
3493 3080 3624 3136 Vult

373 3178 466 3214 σαι
494 3160 635 3216 θεῖαι
656 3163 936 3234 δυνάμεις,
964 3165 1132 3236 ἤγουν
1159 3165 1480 3232 ἀλαλάξαι,
1511 3167 1653 3220 κατὰ
1673 3169 1802 3232 τοὺς
1836 3168 1948 3222 λοι-

371 3254 530 3320 ποὺς,
570 3255 738 3325 ὕμνον
774 3257 1202 3328 ἁναπεμπούσας
1250 3259 1388 3330 Θεῷ.
1424 3259 1584 3323 Είκὺς
1627 3260 1684 3314 δὲ
1709 3259 1950 3330 θεμέλια

374 3345 734 3415 χρηματίζειν
764 3348 894 3412 τοὺς
918 3348 1182 3418 θεοφιλεῖς
1214 3351 1421 3414 πάντας
1446 3353 1732 3422 προφήτας
1767 3369 1826 3404 τε
1856 3353 1951 3406 καὶ

372 3436 636 3503 δικαίους,
671 3440 812 3493 κατὰ
841 3440 935 3494 τὸν
971 3442 1296 3497 ’Δπόστολον
1317 3444 1566 3513 λέγονταο
1593 3463 1612 3496 ι
1647 3444 1951 3498 Ἐποικοδο-

379 3528 645 3600 μηθέντες
673 3531 767 3584 ἐπὶ
805 3531 884 3602 τῷ
934 3531 1168 3604 θεμελίῳ
1205 3535 1316 3588 τῶν
1351 3535 1666 3588 ἀποστόλων
1700 3536 1792 3589 καὶ
1818 3553 1952 3607 προ-

378 3619 586 3691 φητῶν.
612 3641 631 3674 ι
654 3623 779 3677 Ἐπὶ
792 3623 890 3695 τὴν
921 3625 1156 3696 Χριστοῦ
1185 3628 1294 3698 γὰρ
1327 3626 1516 3698 κλῆσιν
1552 3628 1951 3699 μεγαλοφώνως

379 3713 589 3778 πάντας
643 3707 932 3782 ἐκάλεσαν,
969 3720 1111 3773 κατὰ
1136 3719 1213 3790 ’τό
1243 3735 1257 3749 ⁸
1294 3720 1417 3783 «Et;
1461 3722 1642 3774 πᾶσαν
1688 3720 1786 3792 τὴν
1849 3721 1952 3791 γῆν

380 3805 599 3874 ἐξῆλθεν
622 3808 648 3859 ὁ
675 3808 912 3878 φθόγγος
943 3810 1143 3866 αὐτῶν.
1175 3829 1194 3862 ι
1244 3810 1524 3864 Ἁπάντων
1585 3813 1682 3881 μὲν
1729 3811 1836 3883 γὰρ
1863 3815 1953 3866 θε-

380 3886 586 3966 μέλιος
609 3899 638 3951 ὁ
660 3901 902 3972 Χριστὸς
928 3901 1135 3973 ἀνέχων
1174 3920 1231 3956 τε
1255 3903 1352 3964 ,καὶ
1379 3903 1688 3975 διακρατῶν
1717 3905 1785 3958 τὰ
1825 3907 1954 3977 ἐρη-

384 3990 666 4062 ρεισμένα.
713 3993 830 4046 Ἐπ’
879 3994 1028 4064 αύτῷ
1073 3995 1183 4064 γὰρ
1226 3996 1427 4059 πάντες
1454 3995 1953 4068 ὲποικοδομούμεθα

379 4074 528 4143 οἶκος
552 4083 937 4153 πνευματικός.
986 4087 1247 4139 Κατοικεί
1274 4087 1382 4156 γὰρ
1430 4090 1488 4142 ὲν
1533 4091 1650 4152 ταῖς
1704 4089 1953 4159 καρδίαις

380 4170 538 4239 ἡμῶν
565 4171 654 4225 διὰ
681 4173 938 4237 πίστεως.
973 4175 1239 4245 Θεμέπιοι
1286 4177 1343 4230 δὲ
1375 4178 1815 4251 προσεχέστεροι,
1860 4182 1956 4235 καὶ

381 4261 550 4327 ἐγγὺς
583 4263 801 4332 μᾶλλον,
838 4265 870 4335 ἢ
901 4266 1022 4320 καθ’
1069 4269 1238 4338 ἡμᾶς,
1289 4269 1340 4321 οί
1387 4269 1672 4335 αὐτόπται,
1714 4270 1807 4324 καὶ
1849 4271 1956 4325 ὑπ-

386 4351 589 4423 ηρέται
621 4355 716 4408 τοῦ
753 4355 933 4424 λόγου.
966 4359 1212 4412 Γίνονται
1240 4359 1350 4429 γὰρ
1373 4362 1505 4431 ἡμῖν
1530 4361 1617 4414 διὰ
1641 4361 1750 4418 τῶν
1776 4379 1955 4433 παρα-

2051 3178 2232 3226 autem
2281 3180 2336 3226 et
2382 3173 2615 3227 virtutes
2665 3171 2902 3238 divinas,
2954 3171 3001 3227 Si
3031 3186 3152 3241 qua:
3206 3181 3402 3227 terram
3445 3171 3619 3243 ipsam

2051 3260 2301 3328 fulciant,
2353 3263 2477 3315 tuba
2504 3278 2728 3327 canere;
2764 3263 2918 3329 sive,
2969 3269 3030 3317 ut
3076 3263 3170 3316 alii
3198 3263 3621 3327 transtulerunt,

2037 3347 2269 3424 hymnis
2321 3353 2376 3407 in
2425 3353 2596 3409 Deum
2644 3354 2934 3408 exsultare.
2980 3352 3078 3410 Est
3124 3355 3288 3409 etiam
3335 3366 3629 3411 consenta-

2050 3458 2213 3498 neum
2242 3443 2709 3514 fundamentorum
2739 3445 2960 3500 nomine
2996 3445 3118 3517 pios
3150 3460 3362 3509 omnes,
3388 3447 3628 3516 prophe-

2052 3545 2260 3605 tasque,
2309 3545 2362 3592 et
2389 3537 2571 3607 justos
2595 3537 2861 3606 intelligi;
2897 3537 3012 3608 qui,
3061 3538 3294 3594 docente
3323 3537 3619 3608 Apostoio,

2053 3627 2423 3694 apostolorum
2464 3638 2519 3680 et
2565 3629 2952 3696 prophetarum
3013 3625 3629 3698 fundamentislsuper-

2053 3716 2250 3770 structi
2296 3715 2414 3769 sint
2453 3717 2519 3770 ⁸⁸.
2555 3715 2637 3769 Ad
2669 3715 2876 3772 Christi
2923 3717 3072 3771 enim
3126 3731 3326 3772 nomen
3370 3725 3628 3772 contenta

2053 3820 2184 3860 voce
2212 3815 2482 3860 vocarunt
2525 3819 2753 3871 omnes;
2801 3807 2960 3874 juxta
3005 3805 3138 3860 illud
3188 3822 3203 3861 :
3239 3807 3275 3858 ἰ
3319 3804 3378 3860 In
3409 3821 3627 3862 omnem

2055 3909 2255 3953 terram
2286 3897 2454 3952 exivit
2484 3912 2653 3952 sonus
2679 3913 2870 3952 eorum
2892 3897 2966 3952 ⁸⁷.
3012 3915 3031 3949 ι
3055 3893 3321 3951 Omnium
3355 3897 3631 3968 siquidem

2054 3989 2459 4060 fundamentum
2488 3987 2748 4043 Christus
2772 3997 2890 4056 est;
2923 3987 3016 4058 qui
3048 4001 3171 4056 quae
3202 3986 3423 4041 admota
3476 3997 3624 4050 sunt,

2055 4081 2159 4134 ﬁxa
2209 4080 2472 4150 ﬁrmaque
2525 4079 2797 4134 sustineat
2839 4090 2893 4134 et
2956 4079 3379 4149 complectatur.
3415 4079 3470 4132 In
3509 4079 3628 4149 ipso

2031 4172 2325 4242 siquidem
2369 4187 2563 4226 omnes
2618 4169 2954 4226 aediﬁcamur
2997 4171 3194 4225 domus
3227 4169 3532 4240 spiritualis
3557 4169 3625 4223 ⁸³.
3691 4204 3695 4209 -

2053 4260 2216 4330 505
2245 4260 2462 4314 Habitat
2481 4260 2626 4314 enim
2653 4259 2706 4312 in
2727 4257 2988 4314 cordibus
3021 4259 3225 4313 nostris
3246 4273 3343 4328 per
3377 4255 3535 4311 ﬁdem
3558 4257 3627 4312 ".

2055 4351 2431 4405 Fundamenta
2484 4351 2652 4406 etiam
2706 4351 2888 4405 vicina
2938 4351 3113 4421 magis
3171 4359 3224 4405 et
3288 4354 3625 4420 pmpinqua,

379 4443 582 4497 δόσεων
635 4447 714 4509 είς
758 4447 1037 4519 ἑδραίωμα
1086 4450 1360 4516 πίστεως,
1414 4451 1554 4504 κατὰ
1597 4452 1696 4505 τόο
1753 4454 1870 4507 «Σὺ
1903 4448 1945 4506 εί

2057 4461 2219 4513 quam
2253 4454 2445 4500 nostro
2478 4444 2700 4506 saeculo,
2728 4443 2832 4515 ipsi
2867 4444 3088 4498 fuerunt
3135 4442 3336 4497 oculati
3382 4450 3545 4496 testes
3578 4452 3633 4496 et

382 4533 610 4605 Πέτρος,
663 4538 758 4590 καὶ
806 4540 899 4591 ἐπὶ
939 4539 1113 4612 ταύτῃ
1157 4545 1224 4612 τῇ
1251 4541 1426 4613 πέτρᾳ
1467 4543 1807 4613 οἰκοδομήσω
1848 4561 1945 4613 μου

2059 4537 2301 4592 ministri
2337 4537 2520 4601 verbi;
2554 4537 2647 4607 qui
2692 4537 2852 4591 nobis
2900 4547 3130 4606 *pmptcr
3179 4534 3524 4600 traditiones,
3574 4533 3628 4587 in

378 4622 480 4694 τὴν
521 4625 861 4696 Ἐκκλησίαν.
893 4645 912 4678 ι
953 4627 1026 4680 Τὸ
1063 4628 1170 4698 γὰρ
1204 4629 1303 4698 τῆς
1351 4628 1514 4681 αὐτοῦ
1552 4630 1787 4690 πίστεως
1818 4629 1945 4683 ἀσά-

2061 4627 2183 4682 ﬁdei
2216 4628 2650 4683 stabilimentum
2675 4628 3042 4693 exstiterunt,
3071 4628 3225 4699 juxta
3273 4625 3404 4679 illud
3442 4644 3455 4680 :
3492 4645 3508 4675 ι
3547 4621 3630 4677 Tu

379 4711 565 4766 λευτον
601 4715 962 4786 ὑπεδήλωσεν.
1001 4717 1164 4786 Λέγει
1199 4717 1256 4770 δὲ
1287 4716 1383 4771 καὶ
1411 4716 1605 4770 Δαδίδ’
1645 4735 1666 4767 ι
1699 4719 1760 4770 Οἱ
1791 4717 1945 4787 θεμέ-

2057 4734 2118 4774 es
2150 4718 2370 4782 Petrus,
2405 4729 2457 4775 et
2485 4734 2652 4790 super
2699 4719 2841 4774 hanc
2892 4727 3099 4790 petram
3133 4717 3412 4773 aediﬁcabo
3443 4715 3632 4772 Eccle-

380 4805 677 4860 λιοιαύτοῦ
713 4809 770 4860 ὲν
817 4812 931 4871 τοῖς
979 4809 1128 4879 ὄρεσι
1179 4811 1292 4872 τοῖς
1337 4809 1532 4876 ἁγίοις,
1586 4827 1604 4858 ι
1659 4810 1788 4880 περὶ
1842 4809 1945 4863 τῶν

2061 4813 2198 4868 siam
2231 4827 2408 4868 meam
2440 4811 2507 4864 ’°.
2543 4812 2812 4867 r‘lndicat
2849 4814 2994 4867 enim
3029 4811 3276 4881 ejusdem
3300 4810 3429 4864 fidei
3467 4809 3630 4864 certi-

380 4895 560 4950 αύτῶν
613 4895 806 4966 λέγων.
855 4899 920 4952 Ὁ
965 4899 1063 4968 μὲν
1102 4894 1193 4952 οὖν
1227 4900 1431 4970 Μωσῆς
1484 4899 1812 4969 ἰσχνόφωνος
1861 4896 1945 4971 ἦν.

2057 4903 2306 4958 tudinem
2354 4909 2408 4957 et
2457 4903 2846 4957 constantiam.
2887 4904 3031 4970 Quin
3083 4914 3136 4958 et
3183 4903 3322 4973 apud
3374 4902 3629 4956 Davidem

392 4985 452 5039 Ὀ
483 4986 588 5058 γὰρ
615 4988 777 5058 νόμος
805 4987 871 5057 ῆν
898 4993 1010 5053 τοῖς
1034 4993 1092 5044 ὲν
1133 4990 1358 5061 Ἰουδαίᾳ.
1393 4991 1574 5061 μόνοις
1606 4991 1945 5056 ἐξάκουστος.

2067 4995 2300 5065 legimus
2343 5011 2356 5046 :
2421 5012 2440 5044 ι
2481 4993 2858 5048 Fundamenta
2909 4994 3030 5064 ejus
3076 4995 3130 5048 in
3180 4992 3457 5048 montibus
3510 5005 3640 5045 sau-

381 5080 716 5134 Σαλπισταί
769 5082 824 5134 δὲ
885 5082 981 5135 κα)⁸
1042 5081 1416 5151 μεγαλόφωνοι
1456 5083 1696 5152 κήρυκες
1757 5083 1807 5134 οἱ
1862 5082 1945 5135 τὸν

2043 5087 2134 5142 :tis
2159 5087 2226 5152 “,
2267 5104 2286 5137 ι
2325 5099 2450 5139 cum
2485 5085 2548 5138 de
2578 5084 2787 5138 eisdem
2837 5086 3102 5154 loquitur.
3147 5083 3296 5139 “Voce
3332 5095 3463 5151 ergo
3503 5078 3630 5134 exili

379 5169 614 5241 Χριστὸν
646 5172 925 5242 πανταχοῦ
952 5173 1378 5240 διαγγέλλοντες.

2058 5185 2112 5230 et
2129 5173 2422 5244 prmpedita
2454 5171 2476 5225 ί
2479 5173 2555 5225 uit
2576 5171 2752 5228 Moses
2770 5174 2841 5240 ",
2866 5175 3010 5244 quod
3037 5176 3208 5244 legem
3236 5173 3290 5227 in
3308 5170 3496 5225 Indica
3515 5179 3604 5222 tan
3619 5203 3635 5214 .

381 5265 498 5314 tum
544 5262 792 5316 examliri
826 5279 1057 5318 necesse
1089 5272 1267 5326 esset;
1303 5263 1406 5333 ipsi
1460 5272 1640 5320 autem
1666 5280 1958 5335 ..pra':cones
1997 5265 2201 5323 Christi
2219 5266 2616 5330 bucoinatores,
2664 5280 2970 5336 magnaque
3011 5273 3064 5320 et
3124 5263 3232 5318 alta
3303 5277 3436 5319 voce
3497 5276 3634 5332 prae-

379 5353 504 5419 diti,
549 5362 607 5407 ut
636 5371 758 5408 eum
793 5358 996 5428 ubique
1031 5360 1448 5415 annuntiarent.

451 5442 847 5516 'itﬂctil'.‘lll,
880 5449 966 5503 18.
1059 5448 1105 5480 ⁸⁸
1146 5450 1304 5505 Rom.
1345 5451 1580 5514 vnt,%9.
1654 5453 1702 5484 ³⁸
1741 5451 1844 5510 lsa.
1879 5467 2010 5516 Lvn,
2041 5449 2095 5504 6.
2171 5449 2220 5480 ‘“
2259 5445 2390 5501 Luc.
2448 5459 2570 5516 ιχ.
2601 5443 2654 5501 7.
2751 5442 2796 5475 ³⁸
2835 5441 2973 5516 Luc.
3026 5457 3108 5516 ιι.
3148 5443 3236 5516 ιι.

3341 5443 3388 5476 ⁸⁸
3425 5446 3628 5516 Epiros.

1695 5521 1743 5554 ⁸⁸
1805 5523 1825 5576 l
1875 5513 2022 5578 Petr.
2081 5537 2141 5586 ιι,
2217 5519 2273 5573 5.
2393 5515 2438 5548 ⁸⁸
2477 5514 2681 5586 Ephes.
2728 5528 2809 5570 ιιι.
2871 5513 2960 5571 17.

382 5510 581 5586 tt,_20._
642 5514 685 5545 ⁸⁷
723 5513 866 5570 Psal.
896 5519 1135 5585 xvnl,5;
1196 5521 1354 5574 Rom.
1407 5510 1462 5586 x,
1503 5522 1588 5577 18.
1633 5538 1651 5547 ί
1695 5521 1743 5554 ⁸⁸
1805 5523 1825 5576 l
1875 5523 1945 5578 Pe

2081 5537 2141 5586 ιι,
2217 5519 2273 5573 5.
2393 5515 2438 5548 ⁸⁸
2477 5514 2681 5586 Ephes.
2728 5528 2809 5570 ιιι.
2871 5513 2960 5571 i7.
3067 5514 3116 5548 ’⁸
3155 5513 3346 5571 Matth.
3401 5510 3511 5582 xvi,
3542 5520 3624 5573 id.

377 5579 426 5612 ⁹¹
461 5578 606 5636 Psal.
659 5599 881 5654 Lxxxvt,
912 5588 962 5644 1.
1037 5578 1134 5622 ’π’
1154 5590 1327 5646 Exod.
1353 5609 1428 5657 t-v,
1449 5578 1551 5646 '10.

462 5757 580 5813 ,γρ
642 5741 800 5816 ἡμῶν
868 5644 880 5654 1
1225 5644 1259 5646 ἡ
1475 5644 1522 5646 γέ
1652 5681 1945 5739 VARM'II

2043 5644 2332 5737 :TiONES.

703 5837 975 5900 Pnnon.
1025 5838 1143 5900 Gn.
1169 5837 1544 5902 LXXXVII.
3183 5839 3264 5903 76
