4032 6218
433 301 564 366 2411

432 516 628 556 rursus
663 505 983 572 appellavit.
1022 503 1200 576 Opere
1239 507 1511 577 siquidem
1543 517 1596 562 et
1627 510 1794 564 verbo
1822 513 2010 566 excel-

439 596 698 660 luerunt,
730 603 782 648 et
845 595 912 648 ad
947 612 1043 650 eos
1075 599 1166 651 illa
1219 607 1396 653 sunt:
1441 619 1458 650 ι
1512 599 1571 654 ln
1631 610 1869 668 montem
1918 618 2015 657 ex-

433 681 640 736 celsum
693 682 953 751 ascende,
1011 685 1106 754 qui
1155 686 1504 758 erangelizas
1551 686 1685 742 Sion
1733 690 1801 744 ⁸⁸.
1857 708 1876 742 ι
1949 689 2012 744 Et

433 788 668 828 rursum
708 774 845 844 legis
879 783 932 829 et
964 776 1152 845 gratia:
1177 792 1534 849 permagnum
1567 777 1886 837 discrimen.
1919 779 2012 834 Illa

435 865 728 933 siquidem,
758 879 884 919 cum
935 867 1199 922 ultionem
1247 870 1754 940 transgressoribus
1786 870 2013 924 minita-

433 967 610 1020 retur,
652 956 871 1010 nonnisi
913 958 1198 1013 tristitiam
1231 975 1500 1015 summam
1555 963 1925 1030 personabat;
1959 971 2012 1019 at

413 1044 596 1112 'hujus
642 1061 922 1114 praecones
953 1049 1074 1103 orbi
1124 1060 1392 1105 terrarum
1441 1051 1684 1106 lwtitiam
1719 1052 2015 1108 denuntia-

372 1172 381 1180 .
414 1142 603 1200 runt;
637 1150 762 1188 cum
812 1146 1160 1206 peccatorum
1197 1141 1446 1206 veniam,
1496 1157 1619 1197 cum
1657 1142 2015 1210 justificatio-

415 1239 555 1280 nem
587 1223 640 1277 in
673 1223 798 1288 fide,
838 1240 962 1280 cum
1001 1226 1239 1298 Spiritus
1270 1229 1447 1284 sancti
1506 1231 2012 1302 participationem,

429 1331 556 1372 cum
581 1317 888 1386 adoptionis
910 1319 1253 1392 dignitatem,
1289 1339 1415 1378 cum
1446 1338 1677 1396 regnum
1705 1328 2007 1389 caalorum,

423 1425 558 1465 cum
599 1411 747 1466 omni
803 1412 1041 1482 denique
1087 1415 1425 1484 cogitatione
1478 1419 1686 1488 majora
1742 1418 1907 1484 bona,
1958 1419 2012 1474 id

435 1510 540 1564 est,
585 1510 790 1554 certam
825 1511 878 1555 et
910 1503 1130 1558 minime
1164 1505 1411 1560 fallacem
1458 1506 1580 1562 lidei
1633 1509 1831 1578 legem,
1891 1525 2009 1579 pro-

415 1593 781 1662 ~ruulgarunt.
809 1592 982 1648 Colles
1009 1606 1190 1650 autem
1225 1604 1280 1650 ct
1301 1597 1522 1652 eosdem
1548 1599 1710 1653 etiam
1737 1599 2014 1669 appellare

432 1669 649 1753 queas‘;
691 1685 784 1754 qui
818 1703 849 1738 ιι
885 1695 1026 1739 terra
1051 1688 1272 1742 exaltati
1305 1690 1638 1758 supradictis
1667 1702 1848 1746 tamen
1882 1698 2014 1746 sunt

1756 310 2107 372 PROCOPII
2140 314 2384 377 GAZ/EI

503 411 651 476 Quos
689 423 949 482 prmterea
1002 423 1162 471 teme
1215 417 1560 486 fundamenta
1597 419 1756 487 dixit,
1809 432 2010 477 montes
2039 441 2086 499 Α

3537 315 3682 384 ειιε

2189 427 2254 480 ’Δ
2283 428 2340 480 δὲ
2399 429 2642 499 θεμέλια
2705 431 2806 500 γῆς
2856 430 2984 500 ἔφη,
3039 429 3145 498 ὄρη
3181 429 3343 486 πάλιν
3372 427 3678 501 ὠνόμασεν.

2119 519 2304 590 Ἐργῳ
2351 521 2458 590 γὰρ
2507 517 2650 592 ἦσαν
2683 525 2778 577 καὶ⁵
2830 523 2974 594 λόγῳ
3024 524 3367 594 διαπρεπεῖς,
3413 523 3548 596 πρὸς
3587 523 3685 589 οὓς

2113 611 2372 679 ἔφασκενσ
2411 631 2429 664 ι
2451 613 2568 666 Ἐπ’
2602 615 2726 685 ὅρος
2755 613 2956 686 ὑψηλὸν
2986 613 3242 686 ἀνάϐηθι,
3282 611 3310 668 ὁ
3339 614 3684 684 εὐαγγελιζό-

2117 719 2276 773 μενος
2314 702 2473 759 Σιών.
2505 719 2524 756 ο
2567 705 2743 776 Πολλὴ
2791 705 2850 758 δὲ
2891 704 3054 759 πάλιν
3089 705 3189 775 τῆς
3227 705 3448 776 χάριτος
3479 707 3512 772 ἡ
3547 697 3686 775 πρδς

2113 793 2205 845 τὸν
2243 793 2408 864 νόμον
2444 794 2695 868 διαφορά.
2751 796 2808 851 '0
2857 797 2954 868 μὲν
3002 797 3112 867 γὰρ
3156 798 3409 860 κολάσεις
3446 795 3687 849 ἀπειλῶν

2112 887 2226 949 τοῖς
2275 886 2705 956 παραϐαίνουσιν
2751 889 2882 942 ἐϐόα
2921 891 3244 960 κατήφειαν.
3280 891 3343 943 οι
3388 889 3446 942 δε
3481 889 3684 960 ταύτης

2115 975 2355 1046 κήρυκες
2397 979 2794 1046 εὐφροσύνην
2815 977 2892 1048 τῷ
2929 980 3122 1050 κόσμῳ
3143 977 3537 1050 κατήγγειλαν,
3583 976 3688 1043 ἀφ-

2114 1082 2230 1119 εσιν
2265 1066 2498 1136 βοῶντες
2549 1069 2854 1140 ἁμαρτιῶν,
2895 1071 2989 1124 καὶ
3036 1070 3319 1124 δικαίωσιν
3374 1071 3433 1124 ἐν
3482 1069 3684 1131 πίστει,

2115 1153 2268 1222 ἁγίου
2297 1171 2356 1209 τε
2389 1155 2702 1226 Πνεύματος
2741 1157 2984 1228 μέθεξιν,
3019 1159 3113 1212 καὶ
3139 1157 3411 1221 υἱοθεσίας
3438 1158 3685 1230 λαμπρά⁴

2112 1261 2272 1312 τητα,
2307 1245 2552 1316 οὐρανῶν
2601 1265 2661 1301 τε
2709 1248 3007 1320 βασιλείαν,
3061 1249 3156 1303 καὶ⁸
3211 1250 3320 1302 τῶν
3374 1249 3515 1318 ὑπὲρ
3562 1249 3688 1302 νοῦν

2114 1338 2336 1407 ἀγαθῶν
2365 1340 2424 1392 οὐ
2457 1341 2904 1414 κατεψευσμένην
2961 1342 3170 1397 ἐλπίδα.
3225 1342 3497 1407 Dom-oi);-
3542 1341 3585 1394 δ’
3621 1342 3690 1395 ἂν

2114 1429 2291 1494 εἴποις
2318 1433 2444 1494 τοὺς
2478 1433 2571 1485 καὶ
2607 1434 2805 1496 αὐτοὺς
2838 1435 3254 1504 ὑπερηρμένους
3281 1433 3392 1499 τῆς
3410 1431 3539 1500 γῆς,
3577 1433 3690 1485 τῶν

2113 1515 2169 1570 δὲ
2192 1516 2492 1586 λεχθέντων
2525 1518 2680 1588 ὀρῶν
2709 1521 2857 1592 ὅμως
2884 1522 3190 1584 ἐλάττονας.
3225 1522 3393 1574 Ξύλα
3425 1522 3502 1586 δὲ,
3531 1521 3599 1573 τὰ
3633 1523 3692 1574 ἐν

2114 1607 2298 1672 αὐτοῖς
2325 1611 2421 1663 καὶ
2451 1610 2542 1663 ὑπ’
2567 1611 2747 1666 αὐτῶν
2779 1612 3156 1683 τεθραμμένα,
3182 1615 3230 1665 οί
3272 1613 3339 1666 δι’
3369 1613 3544 1665 αὐτῶν
3594 1629 3690 1665 m-

2117 1699 2458 1766 στεύσαντες,
2490 1701 2584 1755 καὶ
2627 1701 2816 1772 ὥσπερ
2845 1702 3250 1770 ἀναϐεϐηκότες
3293 1704 3374 1765 είς
3406 1701 3574 1771 ἄνδρα
3597 1701 3692 1754 τί·

435 1775 708 1828 mantibus
741 1773 1066 1841 inferiores;
1099 1777 1241 1846 ligna
1265 1793 1391 1832 vero
1429 1781 1480 1832 in
1519 1781 1748 1849 ipsis,et
1779 1781 1847 1836 ab
1877 1780 2012 1848 ipsis

2119 1789 2256 1842 λειον
2280 1791 2378 1844 καὶ
2405 1794 2634 1862 καρποῖς
2662 1793 2942 1862 κομῶντες
2969 1795 3386 1864 πνευματικοῖς,
3410 1792 3504 1844 καὶ
3535 1791 3694 1844 αὐτοὶ

417 1867 699 1928 οηιιιι-ἰιο,
729 1883 825 1923 eos
852 1869 1000 1938 ipsos
1036 1884 1135 1937 per
1160 1885 1298 1940 quos
1330 1871 1487 1927 fidem
1535 1873 1738 1942 adepti,
1788 1881 1842 1928 et
1884 1880 2008 1927 tan-

434 1974 597 2027 quam
631 1960 685 2012 in
719 1960 867 2013 viros
898 1959 1170 2028 perfectos
1200 1962 1397 2042 evecti,
1425 1962 1696 2019 fructibus
1724 1965 2009 2020 abundant

433 2045 858 2114 spiritualibus;
894 2046 986 2117 qui
1019 2047 1183 2100 etiam
1232 2045 1492 2103 Ecclesia:
1531 2048 1784 2106 doctores
1829 2065 2013 2106 evase-

432 2147 585 2202 runt,
607 2153 814 2206 eosque
833 2137 1111 2192 fructuum
1134 2139 1400 2205 ubertate,
1421 2139 1513 2210 qui
1539 2139 1605 2194 ad
1629 2156 1688 2196 se
1718 2143 2007 2211 accedunt,

423 2225 710 2282 reficiunt.
750 2219 1208 2293 [laetanturverm
1249 2229 1402 2297 quia,
1457 2237 1823 2300 praeterquam
1861 2235 2009 2302 quod

422 2321 732 2387 redemptus
771 2328 854 2375 est
877 2319 1069 2386 Iacob,
1105 2321 1221 2390 ipse
1255 2321 1418 2376 etiam
1451 2320 1780 2391 glori/iratus
1815 2332 1888 2377 est
1922 2321 2012 2377 Is-

421 2411 548 2466 rael
579 2410 672 2464 Dei
705 2405 880 2464 Filius
915 2410 1165 2474 effectus,
1197 2411 1428 2488 ejusque
1461 2411 1651 2478 frater,
1690 2412 1784 2482 qui
1815 2423 2010 2468 natura

430 2514 487 2562 et
517 2520 646 2560 vere
684 2502 858 2558 Filius
902 2513 1005 2559 est.
1066 2505 1215 2557 Alias
1269 2519 1400 2558 vero
1442 2513 1496 2558 et
1529 2505 1790 2559 mundum
1845 2506 2008 2560 etiam

419 2599 638 2667 ipsum,
679 2596 905 2664 ejusque
964 2602 1150 2665 partes
1205 2593 1273 2648 ad
1326 2593 1513 2662 gloriae
1564 2595 2008 2664 prrcdicationem

435 2688 559 2743 ideo
594 2687 916 2757 compellit:
975 2687 1115 2751 Quia
1149 2685 1367 2739 redemit
1408 2683 1544 2738 Deus
1596 2683 1788 2749 Jacob,
1829 2695 1878 2740 et
1926 2684 2012 2738 ls-

433 2779 550 2834 rael
579 2777 1005 2848 gloriﬁcabitur,
1053 2778 1188 2841 sive,
1224 2785 1280 2830 ut
1326 2776 1450 2829 aliis
1485 2777 1662 2842 placet
1706 2775 2016 2846 interpreti-

435 2871 559 2935 bus,
583 2871 635 2922 in
666 2866 837 2922 Israel
858 2867 1266 2939 gloriﬁcabilur.
1293 2868 1455 2940 506
1475 2867 1629 2934 Quod
1654 2875 1768 2921 tum
1793 2867 2010 2922 demum

435 2957 688 3014 cﬂ‘ectum
725 2966 830 3021 est,
884 2973 1009 3011 cum
1046 2973 1112 3012 ex
1149 2956 1333 3027 priore
1390 2959 1616 3029 populo,
1681 2957 2015 3026 prophetica:

429 3050 705 3104 orationis
748 3049 1042 3102 utilitatem
1075 3049 1306 3118 experti,
1337 3049 1560 3119 rejectis
1601 3047 1768 3104 idolis
1803 3047 1866 3102 ad
1893 3048 2012 3118 pie-

429 3152 604 3196 tatem
637 3155 696 3194 se
726 3139 1100 3194 contulerunt.
1153 3129 1412 3194 Nonnulli
1461 3155 1628 3210 porro
1659 3139 1825 3195 verba
1868 3139 1968 3194 ista
2002 3156 2015 3192 :
2045 3124 2088 3183 (ἶ

441 3233 508 3286 Et
537 3245 640 3283 non
674 3239 824 3283 erant
855 3229 1110 3299 ﬁngentes
1150 3226 1342 3294 Deum,
1377 3237 1426 3284 et
1464 3231 1757 3296 sculpentes
1780 3230 2019 3296 inutilia,

437 3323 809 3392 explicarunt,
861 3335 967 3374 non
1020 3319 1168 3388 quod
1219 3321 1422 3376 vellent
1477 3336 1586 3374 non
1637 3336 1778 3384 esse,
1813 3321 1906 3390 qui
1958 3336 2020 3375 ea

439 3412 812 3467 co:il‘ecissent
840 3451 856 3477 ,
910 3409 1004 3464 sed
1049 3409 1196 3480 quod
1248 3411 1336 3475 iis,
1380 3425 1408 3463 a
1451 3413 1651 3481 quibus
1692 3410 2019 3475 colerentur,

428 3520 603 3574 opem
635 3502 778 3558 ferre
810 3517 918 3557 non
949 3509 1214 3572 possent;
1255 3513 1514 3572 tanquam
1545 3517 1612 3556 eo
1641 3510 1884 3571 tempore
1914 3517 2024 3556 non

439 3600 660 3657 essent,
689 3609 814 3646 cum
852 3593 1083 3647 istorum
1139 3591 1341 3662 fugatis
1393 3591 1781 3672 adoratoribus
1830 3590 2022 3646 lsraeli

440 3702 648 3744 terram
695 3686 927 3757 largitus
954 3695 1058 3741 est.
1094 3686 1198 3752 Qui
1234 3688 1402 3758 igitur
1447 3703 1554 3742 non
1599 3703 1774 3742 vanus
1800 3687 1892 3751 sit,
1929 3686 2023 3756 qui

447 3787 600 3833 tanta
637 3777 901 3833 beneficia
947 3791 1230 3848 expertus,
1278 3779 1423 3835 idola
1458 3781 1651 3843 coluit,
1704 3790 1760 3834 et
1807 3780 2022 3834 arbitrii

448 3872 705 3927 libertate
727 3872 867 3927 male
889 3871 1098 3928 abusus
1115 3873 1235 3928 est?
1260 3891 1278 3925 ι
1311 3873 1425 3929 Etsi
1446 3875 1592 3928 enim
1617 3874 1800 3928 omnia
1827 3873 2015 3940 licent,

453 3979 565 4019 non
598 3963 785 4019 omnia
813 3973 993 4020 tamen
1037 3965 1376 4034 expediunt;
1413 3981 1590 4035 neque
1618 3981 1716 4038 ego
1745 3969 1798 4020 in
1836 3965 2019 4028 ullius,

462 4056 664 4124 inquit,
703 4055 912 4126 redigat
960 4063 1286 4125 potestatem
1335 4056 1418 4120 “;
1458 4075 1478 4109 ι
1511 4058 1564 4110 id
1595 4067 1717 4113 est:
1759 4057 1863 4124 Qui
1890 4057 2022 4111 mihi

451 4145 758 4217 imperandi
791 4156 1119 4216 potestatem
1151 4147 1360 4217 accepi,
1397 4148 1442 4203 si
1474 4149 1610 4204 meis
1655 4149 1772 4219 ipse
1806 4147 2024 4218 cupidi-

455 4239 656 4293 tatibus
693 4253 935 4308 parcam,
981 4238 1093 4308 jam
1145 4239 1318 4309 ipsam
1356 4239 1661 4309 imperandi
1711 4240 2021 4296 facultatem

444 4330 654 4396 .amisi;
703 4328 796 4400 qui
851 4345 916 4385 eo
951 4330 1070 4400 ipso
1103 4345 1133 4384 a
1190 4331 1443 4386 libertate
1504 4332 1818 4396 defecerim,
1877 4330 2022 4402 quod

2112 1881 2213 1952 τῆς
2247 1883 2571 1954 Ἐκκλησίας
2614 1883 2765 1947 ὄντες
2797 1883 3129 1949 διδάσκαλοι,
3183 1885 3296 1938 καὶ·
3324 1886 3444 1948 ταῖς
3472 1883 3694 1952 νοηταῖς

2115 1975 2443 2045 εὐκαρπίαις
2490 1979 2618 2040 τοὺς
2666 1980 2998 2048 προσιόντας
3047 1977 3230 2041 αὐτοῖς
3294 1974 3691 2044 ἀνακτώμενοι.

2116 2067 2378 2135 Χαίρουσι
2406 2068 2485 2130 δὲ,
2519 2057 2604 2122 ὅτι
2633 2069 2770 2139 πρὸς
2795 2069 2874 2139 τῷ
2889 2068 3271 2138 λυτρωθῆναι
3291 2067 3400 2121 τὸν
3443 2065 3694 2134 Ἰσραὴλ

2115 2161 2210 2213 καὶ
2237 2159 2596 2222 δεδόξασται
2637 2159 2853 2214 ⁸⁸·Θεοῦ
2881 2162 3230 2232 χρηματίσας
3290 2161 3444 2223 Υἱὸς,
3463 2157 3696 2225 ἀδελφός

2115 2266 2173 2304 τε
2205 2248 2298 2304 τοῦ
2346 2251 2505 2321 φύσει
2552 2253 2646 2305 καὶ
2694 2252 2909 2322 ἀληθῶς
2942 2253 3099 2306 me.
3150 2253 3259 2306 Kal.
3293 2251 3470 2313 ἄλλως
3513 2248 3569 2302 δὲ
3600 2247 3696 2301 τὸν

2115 2343 2341 2412 κόσμον,
2376 2343 2471 2396 καὶ
2513 2341 2583 2397 τά
2616 2343 2808 2397 τούτου
2845 2344 2985 2416 μέρη
3017 2343 3154 2414 πρὸς
3182 2342 3486 2410 δοξολογίαν
3528 2341 3695 2403 κινεῖ,

2115 2433 2197 2486 ὅτι
2229 2432 2606 2500 ἐλυτρώσατο
2639 2436 2672 2488 ό
2721 2433 2866 2499 Θεὸς
2900 2434 3008 2487 τὸν
3055 2433 3282 2494 Ἰακὼϐ,
3310 2431 3408 2486 καί
3447 2428 3700 2498 Ἰσραὴλ

2116 2519 2581 2588 δοξασθήσεται,
2644 2521 2678 2592 ἢ
2727 2523 2870 2575 κατὰ.
2912 2523 3040 2585 τοὺς
3094 2521 3463 2584 λοιποὺς,καὶ
3517 2518 3702 2583 ἐντῷ

2129 2610 2377 2678 Ἰσραὴλ
2413 2611 2877 2678 δοξασθήσεται.
2913 2613 3093 2682 Ὅπερ
3141 2611 3352 2680 ἐγίνετο
3383 2611 3543 2679 ἡνίκα
3584 2609 3702 2662 τῶν

2117 2703 2182 2756 ὲκ
2232 2701 2327 2756 τοῦ
2406 2703 2674 2774 προτέρου
2722 2701 2851 2758 λαοῦ
2907 2703 3097 2757 πολλοὶ
3147 2705 3273 2767 τοὺς
3319 2702 3702 2774 προφητικοὺς

2117 2793 2310 2862 λόγους
2338 2793 2684 2866 ὠφελημένοι
2727 2796 2866 2867 πρὸς
2913 2795 3203 2852 εὐσέϐειαν
3249 2794 3486 2865 ἐχώρουν
3523 2810 3706 2847 κατι-

2118 2886 2368 2950 λιπόντες
2399 2888 2468 2941 τὰ
2511 2887 2726 2942 εἴδωλα.
2759 2885 2916 2951 Τινὲς
2946 2888 3002 2940 δὲ
3029 2889 3108 2952 τὸ,
3146 2887 3255 2941 Καὶ
3295 2888 3404 2942 οὐκ
3431 2883 3594 2956 ἦσαν
3645 2889 3704 2940 τι

2119 2977 2485 3044 πλάττοντες
2506 2978 2666 3033 Θεὸν
2693 2977 2792 3032 καί
2827 2980 3164 3049 τλύφοντες
3194 2976 3495 3047 ἀνωφελῆ,
3522 2977 3706 3039 οὕτως

2121 3069 2458 3140 ἐξηγήσαντο
2478 3088 2492 3102 ·
2525 3071 2600 3124 Οὐ
2625 3071 2776 3142 παρά
2805 3073 2868 3125 τὸ
2899 3073 2973 3142 μὴ
3009 3065 3298 3135 εἶναιτοὺς
3329 3070 3499 3123 ταῦτα
3533 3071 3708 3140 ἐργα-

2123 3151 2405 3222 ζομένους,
2437 3154 2591 3226 παρὰ
2623 3155 2680 3209 δὲ
2733 3156 2796 3208 τὸ
2835 3157 2910 3227 μὴ
2950 3155 3210 3210 δύνασθαι
3266 3154 3528 3225 βοηθῆσαι
3581 3155 3705 3218 τοῖς

2121 3242 2260 3296 αὐτὰ
2307 3242 2723 3314 θεραπεύουσιν,
2765 3248 2842 3310 ὡς
2894 3247 3030 3318 μηδὲ
3078 3249 3208 3302 ὄντα
3240 3249 3401 3318 ήνίκα
3453 3247 3552 3318 τὴν
3592 3246 3705 3317 γῆν

2120 3333 2548 3406 ὲκληροδότησεν
2587 3337 2804 3408 Ἰσραὴλ
2834 3340 2960 3402 τοὺς
2988 3339 3195 3393 τούτων
3219 3339 3497 3402 ἀπελάσας
3529 3355 3707 3407 προσ-

2125 3428 2384 3499 κυνητάς.
2435 3429 2559 3492 Πῶς
2605 3429 2698 3483 οῦν
2736 3431 2797 3483 οὐ
2840 3431 3068 3501 μάταιος
3114 3432 3252 3501 μετά
3291 3431 3558 3501 τοσαύτην
3588 3433 3707 3484 πεῖ-

2125 3534 2223 3588 ραν
2253 3517 2717 3589 εἰδωλολατρήσας
2766 3520 2948 3596 αὐτὸς,
2983 3522 3078 3573 καὶ
3117 3519 3194 3590 τῷ
3238 3521 3568 3590 αὑτεξουσίῳ
3601 3537 3706 3573 κα-

2124 3609 2235 3673 κῶς
2267 3609 2644 3680 χρησάμενοςς
2682 3631 2700 3664 ι
2723 3612 2783 3666 Εί
2829 3612 2940 3684 γὰρ
2962 3616 3057 3667 καὶ
3101 3613 3278 3667 πάντα
3318 3613 3547 3676 ἔξεστιν.
3582 3609 3704 3665 ἀλλ⁹

2123 3701 2185 3754 οὺ
2237 3703 2414 3759 πάντα
2461 3705 2747 3774 συμφέρει.
2780 3705 2913 3758 Οὐδὲ
2957 3706 3476 3778 ἐξουσιασθήσομαι,
3505 3707 3702 3776 φησὶν,

2125 3793 2229 3845 ὑπό
2282 3810 2451 3858 τινος.
2489 3812 2507 3845 ι
2561 3795 2718 3848 Τοῦτ’
2752 3795 2919 3861 ἔστιν,
2949 3797 3172 3866 ’Δρχειν
3225 3795 3404 3866 λαχὼν
3457 3795 3704 3866 ἐμαυτοῦ

2124 3884 2218 3936 ἐὰν
2251 3884 2581 3954 ὑποταγείην
2609 3888 2720 3949 τοῖς
2752 3886 2971 3950 πάθεσι,
2996 3887 3173 3940 καὶτὸ
3198 3889 3388 3957 ἄρχειν
3418 3886 3700 3952 ἀπώλεσα,

2123 3977 2224 4045 τῆς
2257 3975 2572 4046 ἐλευθερίας
2615 3978 2874 4042 ἀποστὰς,
2918 3978 2984 4032 δι’
3031 3971 3105 4032 ὧν
3138 3977 3373 4047 ἐμαυτὸν
3432 3977 3705 4031 ὑπέϐαλον

2124 4064 2362 4135 ἐξουσίᾳ.
2395 4066 2568 4120 Τοῦτο
2617 4067 2675 4121 δὲ
2709 4068 2852 4123 κατὰ
2898 4070 3094 4142 μικρὸν
3143 4069 3326 4122 ὁδεῦον
3357 4070 3423 4140 τῇ
3454 4069 3558 4120 τῶν
3585 4068 3705 4135 ἡδο-

2123 4152 2230 4205 νῶν
2261 4154 2521 4226 συνηθείᾳ
2561 4156 2697 4226 πρὸς
2734 4157 2990 4211 ἀσέϐειαν
3033 4157 3269 4227 ἔρχεται.
3302 4155 3551 4227 Πονηρὼς
3588 4155 3705 4225 γὰρ

2125 4243 2380 4307 ὑπονοίας
2402 4245 2581 4298 τίκτει
2615 4247 2758 4300 κατά
2784 4247 2942 4311 Θεοῦ,
2978 4248 3054 4310 ὡς
3087 4248 3161 4318 μὴ
3213 4247 3413 4309 εἰδότος
3445 4246 3516 4299 τὰ
3561 4245 3707 4313 γινὸ-

2129 4349 2288 4403 μενα,
2324 4333 2356 4404 ἢ
2420 4334 2517 4387 καὶ
2565 4334 2981 4405 ἀδιαφοροῦντος
3025 4336 3117 4390 ἐπ’
3162 4337 3363 4398 αὐτοῖς.
3396 4337 3486 4386 Aci
3521 4333 3708 4385 τοίνυν

452 4426 682 4478 aliorum
733 4425 988 4495 potestati
1050 4439 1139 4478 me
1192 4425 1307 4493 ipse
1363 4424 1718 4493 subjecerim.
1756 4423 1808 4479 Id
1843 4425 2019 4495 ipsum

2127 4423 2211 4492 ἐφ’
2239 4423 2474 4494 ἑκάστης
2508 4423 2780 4494 ἁμαρτίας
2819 4424 2888 4478 τά
2917 4441 2975 4477 τε
3018 4426 3158 4495 μέρη
3191 4426 3433 4488 σκοπεῖν,
3464 4423 3559 4475 καὶ
3603 4421 3708 4492 τὴν

453 4526 635 4572 autem
670 4517 716 4571 si
756 4519 1018 4587 paulatim
1070 4515 1484 4587 progrediatur,
1519 4517 1857 4586 voluptatum
1898 4526 2020 4571 tan-

449 4610 573 4662 dem
617 4608 1016 4663 consuetudine
1050 4608 1118 4662 ad
1166 4607 1503 4676 impietatem
1539 4608 1806 4676 pervenit.
1859 4606 2022 4661 Nefa-

455 4699 568 4751 rias
604 4698 749 4751 enim
775 4700 842 4751 de
871 4696 984 4751 Deo
1021 4697 1387 4766 cogitationes
1425 4694 1602 4765 parit;
1639 4702 1897 4764 tanquam
1939 4709 2022 4761 ea,
2056 4731 2063 4738 .

2127 4511 2357 4565 ἀτοπίαν
2373 4512 2465 4566 τοῦ
2485 4513 2695 4579 τέλους,
2718 4514 2809 4568 καὶ⁵
2828 4513 3178 4584 συναίσθησιν
3208 4514 3470 4576 λαϐόντας
3487 4514 3708 4579 αίσχύ-

2129 4605 2340 4655 νεσθαι
2397 4603 2504 4674 πρό
2547 4619 2611 4672 γε
2651 4605 2760 4657 τῶν
2816 4605 2992 4660 ἄλλων
3049 4606 3295 4669 ἑαυτούς.
3359 4603 3529 4666 Αὐτὸς
3595 4602 3710 4673 γὰρ

2135 4692 2312 4763 ἑαυτῷ
2363 4710 2445 4758 τις
2502 4695 2571 4750 τὰ
2625 4696 2810 4750 εἰκότα
2859 4697 3236 4769 διαλεγόμενος
3301 4695 3590 4766 ὠφελεῖται
3639 4693 3711 4748 τὰ

455 4803 576 4856 qua:
604 4787 758 4851 fiunt,
789 4788 874 4841 vel
907 4788 1142 4858 ignoret,
1181 4787 1265 4842 vel
1301 4802 1407 4841 non
1455 4796 1629 4842 curet.
1671 4785 1836 4842 Decet
1863 4786 2031 4856 igitur
2139 4786 2393 4857 μέγιστα.

453 4880 664 4951 peccati
696 4880 965 4949 cujusque
1005 4889 1210 4950 partes.
1247 4881 1531 4951 ipsamque
1563 4880 1686 4938 finis
1756 4881 2156 4937 absurditatem
2251 4882 2492 4950 intueri;
2552 4886 2710 4941 decet
2763 4895 2818 4940 et
2890 4887 3010 4956 ejus
3063 4886 3430 4958 cognitionem
3482 4879 3707 4950 adeptos

455 4976 629 5031 nostri
657 4975 924 5046 imprimis
966 4994 1064 5032 nos
1097 4975 1488 5046 pudoreafﬁci.
1519 4975 1704 5048 Neque
1751 4978 1893 5032 enim
1934 4992 2124 5048 parum
2155 4977 2384 5047 juvatur
2447 4982 2698 5053 quisquis
2765 4999 2886 5054 qute
2907 4984 3102 5038 rationi
3169 4990 3534 5038 consentanea
3600 4993 3704 5047 pu-

461 5080 560 5138 tat,
592 5085 776 5126 secnm
817 5073 934 5140 ipse
972 5071 1164 5138 agitat.

533 5161 692 5233 507
731 5161 897 5217 Vens.
927 5161 1118 5218 ἰαί-28.
1150 5161 1240 5218 Sic
1263 5162 1393 5217 dicit
1444 5164 1719 5226 Dominus,
1751 5165 1842 5234 qui
1881 5165 2026 5218 rede-

458 5255 555 5307 mit
593 5263 662 5317 te,
701 5268 748 5308 et
784 5254 1032 5323 [armarit
1068 5259 1120 5307 te
1147 5269 1212 5308 ea:
1242 5263 1392 5308 utero
1423 5269 1440 5307 :
1472 5254 1581 5324 Ego
1622 5253 1906 5318 Dominus,
1937 5257 2029 5324 qui

454 5345 692 5413 compleo
733 5347 932 5399 omnia.
984 5344 1215 5400 Extendi
1263 5345 1449 5400 caelum
1506 5346 1676 5411 solus,
1713 5355 1762 5399 et
1816 5345 2028 5415 ﬁrmavi

525 5462 568 5492 ’³
615 5473 716 5529 lsa.
750 5493 836 5539 τι,
869 5479 924 5532 ί).
997 5475 1049 5510 ’⁸³
1080 5476 1254 5532 lCor.
1291 5495 1375 5544 vt,
1416 5478 1504 5534 19.

2205 5161 2283 5216 κδ’
2285 5169 2418 5231 -κη’.
2455 5161 2618 5216 Οὕτω
2639 5165 2798 5230 λέγει
2837 5161 3052 5229 Κύριος
3091 5163 3125 5214 ὁ
3161 5156 3563 5226 λυτρούμενός
3607 5163 3704 5215 σε,

2134 5257 2232 5309 καὶ
2271 5255 2570 5310 πλάσσων
2597 5270 2672 5308 σε
2699 5254 2768 5306 ἐκ
2795 5254 3056 5318 κοιλίας-ο
3102 5251 3249 5322 Ἐγὼ
3271 5249 3484 5318 Κύριος
3503 5251 3535 5302 ὀ
3563 5260 3711 5299 συν·

2135 5343 2326 5400 τελῶν
2359 5343 2585 5400 πάνταο
2623 5343 2891 5408 ἐξέτεινα
2926 5344 3029 5397 τόν
3079 5338 3339 5408 οὐρανὸν
3373 5337 3580 5407 μόνος,
3611 5330 3712 5386 και

1778 5593 2004 5669 venor,
2041 5592 2436 5649 LECTIONES.

545 5713 599 5752 ο·
628 5728 720 5782 τρ.
750 5710 839 5762 τδν
864 5709 1081 5777 Ἰακὼϐ,
1110 5712 1200 5763 καί
1243 5712 1460 5782 Ἰσραὴλ
1489 5711 1819 5778 δεδόξασται.
