4032 6218
371 371 512 439 2413

1498 368 2035 433 COMMENTARII
2063 369 2148 430 ΙΝ
2188 367 2479 429 ISAIAM.

3470 356 3615 423 24M

370 483 713 558 ἐστερέωσα
765 481 881 552 τὴν
950 481 1087 553 γῆν.
1153 482 1247 548 Τίς
1298 480 1501 550 ἕτερος
1554 478 1947 536 διασκεδάσει

2063 486 2267 532 'crram.
2312 476 2446 544 Quis
2503 474 2644 529 alius
2692 473 2972 544 dissipabit
2998 474 3149 545 signa
3205 469 3512 542 pythonum,
3565 478 3617 525 et

371 576 592 647 σημεῖα
631 574 1138 646 ἐγγαστριμύθων,
1179 573 1277 628 καί
1324 571 1608 642 μαντείας
1654 571 1773 627 ἀπὸ
1810 585 1951 639 καρ-

371 666 549 734 δίας-ς
577 684 632 721 κ.
657 682 709 723 τ.
734 666 789 720 λ.

447 758 708 831 Ἔλεγχον
755 754 1204 826 είδωλολατρείας
1250 752 1655 828 προεκθέμενος
1706 753 1736 807 ό
1769 752 1949 823 λόγος,

374 852 471 907 καὶ
497 850 573 915 ὠς
604 848 903 903 παύσονται
947 846 1153 919 ταύτης
1189 845 1244 899 οί
1285 845 1384 913 τὴν
1418 842 1761 916 προφητικὴν
1798 843 1950 897 διδα-

376 943 604 999 σκαλίαν
630 939 973 1011 ὠφελημένοι
994 955 1011 970 ⁸
1049 937 1143 993 νῦν
1166 936 1268 1010 τὴν
1313 937 1378 991 ἐκ
1412 935 1731 1000 Βαϐυλῶνος
1777 934 1955 991 ἀπαλ-

374 1036 549 1107 λαγὴν
600 1032 1033 1103 ἐπαγγέλλεται,
1075 1032 1157 1093 είς
1205 1029 1387 1101 ἥνπερ
1437 1027 1955 1100 είδωλολατροῦντες

378 1125 742 1198 ἀπήχθησαν,
789 1115 961 1193 οὗπερ
1003 1121 1055 1175 εί
1103 1120 1409 1174 παύσαιντο
1462 1118 1591 1186 νῦν,
1639 1118 1955 1191 ἐλευθερίαν

377 1217 668 1288 ὑπέσχετο.
754 1213 981 1285 Ἐπειδὴ
1027 1212 1085 1266 δέ
1117 1212 1246 1285 περὶ
1283 1212 1626 1284 πραγμάτων
1682 1212 1955 1283 μεγίστων

376 1309 615 1363 ἐποιεῖτο
638 1306 768 1370 τοὺς
785 1304 1002 1375 λόγους,
1023 1302 1120 1357 καὶ
1146 1299 1216 1374 ἦν
1241 1303 1389 1367 εἰκὸς
1420 1301 1768 1357 ἀπιστεῖσθαι
1804 1301 1957 1373 παρά

375 1414 558 1462 τινων,
579 1395 810 1461 εἰκότως
837 1395 936 1467 τὴν
961 1393 1097 1449 ίδίαν
1124 1391 1430 1467 ἀνεκήρυξε
1450 1392 1706 1464 δύναμιν.
1731 1393 1957 1447 Πάντων

378 1489 489 1560 γάρ
513 1487 590 1542 ὢν
636 1487 890 1559 ποιητὴς,
919 1487 1015 1540 καὶ
1060 1485 1328 1557 παράγων
1365 1485 1424 1552 ἐξ
1452 1484 1555 1538 οὐκ
1597 1482 1789 1551 όντων,
1836 1482 1957 1547 πῶς

380 1583 481 1636 οὐκ
524 1580 592 1636 ἂν
644 1580 758 1650 έχοι
807 1578 1005 1652 ῥᾳδίως
1040 1578 1180 1650 ὅπερ
1220 1577 1286 1632 ἄν
1317 1577 1490 1631 ἐθέλοι
1521 1579 1731 1643 ποιείν;
1772 1578 1867 1642 Ὠς
1898 1576 1957 1632 δέ

378 1671 638 1726 τοιούτων
665 1669 964 1740 ἐσομένων,
988 1668 1083 1723 καὶ
1109 1667 1223 1723 ἀνω
1258 1667 1667 1739 παρεκελεύετο
1688 1671 1755 1740 τῇ
1780 1667 1958 1723 κτίσει

378 1762 681 1831 δοξολογεῖν
723 1760 817 1814 τὸν
855 1759 1011 1825 Θεὸν,
1054 1755 1138 1822 οἷς
1175 1759 1486 1825 ἀκολούθως
1538 1760 1703 1832 φησίν
1724 1774 1743 1792 ο
1795 1758 1959 1813 οὕτω

378 1858 543 1927 λέγει
568 1856 784 1922 Κύριος
830 1855 863 1908 ὁ
900 1851 1367 1921 λυτρωσάμενός
1415 1869 1489 1907 σε
1531 1851 1628 1906 καὶ
1658 1850 1960 1906 πλάσσων

380 1965 456 2003 σε
483 1949 552 2002 ἐκ
597 1946 851 2011 κοιλίας·
909 1942 1091 2016 [ὅπερ]
1142 1941 1415 2014 Ἱερεμίας
1452 1942 1722 2014 ἐδήλωσεν
1762 1940 1956 1998 είπών.

364 2043 410 2097 ἰ
432 2040 543 2094 Καὶ
572 2037 790 2108 ἐγένετο
811 2037 970 2106 λόγος
998 2034 1204 2107 Κυρίου
1230 2034 1372 2105 πρός
1405 2051 1473 2105 με
1501 2032 1695 2103 λέγων·
1728 2031 1842 2105 Πρὸ
1863 2028 1958 2086 τοῦ

384 2146 455 2201 με
504 2127 713 2182 πλάσαι
762 2143 820 2179 σε
874 2127 940 2180 ἐκ
992 2123 1202 2187 κοιλίας
1244 2122 1545 2195 ἐπίσταμαί
1597 2138 1689 2176 σε’
1721 2142 1741 2176 ι
1802 2121 1961 2191 λόγον

380 2218 554 2273 εἰπὼν
582 2217 788 2289 Κυρίου
816 2216 907 2271 τὸν
928 2215 1037 2271 τῶν
1065 2215 1208 2269 κατά
1236 2215 1470 2287 γαστρὸς
1501 2214 1959 2286 κυοφορουμένων

382 2308 748 2381 Δημιουργόν.
776 2303 890 2362 Εἶτ’
921 2306 1109 2377 ἐπειδὴ
1150 2307 1280 2378 περὶ
1310 2305 1620 2376 ἐλευθερίας
1674 2305 1960 2378 πρόκειται

382 2401 542 2470 λόγος
563 2416 580 2433 ⁸
643 2400 1057 2470 λυτρούμενον
1120 2398 1313 2452 ἑαυτὸν
1364 2398 1593 2463 εἰκότως
1644 2396 1956 2467 ὠνόμασεν,

384 2489 706 2561 σωματικὴν
756 2487 990 2544 πλάσιν
1012 2486 1091 2551 ὡς
1120 2486 1186 2559 δὴ
1234 2489 1566 2558 σωματικοῖς
1609 2486 1790 2554 λέξας.
1815 2483 1960 2561 Ἐγώ

384 2582 524 2651 ειμι,
556 2560 740 2652 φησὶν,
779 2578 811 2632 ό
836 2579 900 2633 ἐκ
939 2577 1138 2649 μικροῦ
1170 2595 1230 2631 σε
1272 2576 1516 2644 πλάσας
1573 2560 1957 2645 ὑποκειμένου,

385 2673 483 2728 καὶ
528 2673 604 2736 ὡς
656 2672 723 2724 ἐκ
784 2670 1052 2742 σπηλαίου
1118 2668 1264 2732 τινὸς
1324 2667 1609 2738 ἐξαγαγὼν
1658 2667 1957 2733 σκοτεινοῦ,

391 2763 560 2836 μηδὲν
595 2762 723 2835 περὶ
746 2762 940 2816 τούτου
976 2761 1085 2816 τῶν
1113 2760 1317 2830 γονέων
1348 2760 1596 2825 είδότων,
1633 2759 1768 2831 ἐμοῦ
1801 2760 1861 2814 δὲ
1900 2759 1962 2816 τὸ

388 2855 666 2909 amet»
721 2854 1143 2925 ὕποστήσαντος.
1190 2853 1254 2907 Et
1299 2853 1356 2906 δὲ
1405 2852 1637 2924 σμικρόν
1666 2837 1771 2906 ’σοι
1802 2852 1962 2907 τοῦτο

386 2945 529 3018 πρὸς
559 2945 712 2999 θείαν
743 2946 994 3016 φαίνεται
1030 2943 1281 3014 δύναμιν,
1313 2944 1505 2998 σκόπει
1532 2943 1630 2997 τοῦ
1658 2944 1865 3015 κόσμου
1893 2945 1963 3001 τά

394 3030 842 3107 μέγιστα’πόθεν
887 3034 1014 3106 ἔσχε
1061 3034 1160 3106 τὴν
1191 3034 1449 3106 ὓπαρξιν,
1482 3034 1629 3089 καθά
1678 3051 1811 3105 φησι
1865 3036 1962 3091 καὶ

1991 1812 2036 1867 Β

2051 566 2400 623 divinationes
2427 566 2493 620 de
2524 563 2681 620 corde
2701 566 2727 619 ?
2755 571 2865 619 etc.

2124 760 2289 834 508
2321 759 2583 832 Exposita
2616 758 2771 829 prius
2804 754 3123 812 idololatria:
3170 748 3619 825 reprehensrone.
3674 738 3677 741 ’

2054 867 2214 926 quam
2234 852 2479 908 relicturi
2506 860 2656 915 sunt,
2677 850 2767 920 qui
2800 847 3120 920 prophetica
3144 846 3431 915 disciplina
3467 844 3616 898 aucti

2056 950 2209 1011 sunt,
2252 941 2578 1015 Babylonica
2609 940 2723 1011 jam
2757 955 2853 995 eos
2880 938 3162 1001 servitute,
3182 936 3235 990 in
3265 951 3369 1005 qua
3398 942 3623 1006 propter

2055 1036 2329 1092 idolorum
2362 1036 2573 1092 cultum
2590 1032 2997 1096 detinebantur,
3014 1027 3061 1082 si
3081 1026 3624 1087 eodemabstineant.

2054 1127 2347 1183 liberatum
2392 1127 2493 1192 iri,
2549 1124 2882 1194 domumque
2937 1132 3261 1176 reversuros
3316 1116 3624 1188 pollicetur.

2057 1217 2328 1285 Quoniam
2358 1226 2539 1273 autem
2573 1214 2830 1270 maximis
2880 1211 2948 1267 de
2979 1209 3145 1266 rebus
3176 1223 3483 1265 sermonem
3524 1206 3626 1261 ha-

2057 1308 2290 1373 buerat,
2335 1321 2435 1363 nec
2468 1321 2660 1363 omnes
2711 1303 3022 1359 credituros
3060 1316 3184 1357 esse
3208 1299 3322 1356 sibi
3360 1298 3624 1369 putabat.

2059 1413 2217 1454 suam
2246 1398 2362 1469 ipse
2388 1397 2584 1453 merito
2617 1393 2941 1466 potentiam,
2976 1406 3217 1461 suasque
3247 1389 3394 1444 vires
3418 1389 3627 1459 deprate

2058 1487 2281 1545 dicavit.
2302 1487 2440 1543 Cum
2473 1488 2620 1543 enim
2651 1498 2835 1541 rerum
2878 1482 3121 1538 omnium
3151 1489 3345 1535 auctor
3380 1480 3472 1542 sit,
3504 1493 3628 1532 eas-

2058 1594 2167 1650 que
2210 1578 2278 1635 de
2326 1577 2499 1633 nihilo
2551 1574 2893 1648 produxerit,
2943 1571 3037 1644 qui
3072 1587 3181 1628 non
3230 1571 3433 1641 possit,
3479 1568 3628 1640 quod

2058 1668 2211 1734 velit,
2256 1668 2472 1724 edicere
2496 1665 2707 1732 Iacile?
2736 1664 3019 1734 Tanquam
3043 1670 3226 1716 autem
3251 1670 3436 1715 essent
3462 1675 3628 1714 even-

2061 1772 2182 1819 tura
2217 1762 2365 1826 talia,
2398 1760 2563 1815 etiam
2594 1773 2760 1828 supra
2793 1755 2859 1810 ad
2890 1755 2985 1811 Dei
3028 1754 3220 1810 laudes
3247 1751 3629 1824 praedicanda:

2063 1866 2368 1912 creaturam
2407 1852 2730 1907 adhortatus
2780 1856 2909 1905 est:
2970 1848 3171 1918 quibus
3196 1846 3312 1916 jam
3363 1847 3508 1899 bono
3539 1859 3631 1899 or-

2061 1946 2191 2001 dine
2224 1943 2416 2014 adjicit
2444 1962 2458 1999 :
2505 1941 2596 1998 Sic
2622 1941 2751 1995 dicit
2787 1940 3075 2005 Dominus,
3106 1939 3193 2008 qui
3230 1937 3448 1990 redemit
3480 1944 3547 2003 te,
3579 1945 3631 1991 et

2061 2038 2151 2109 qui
2173 2036 2422 2109 formavit
2442 2043 2492 2089 te
2519 2049 2585 2089 ea:
2612 2045 2783 2088 utero.
2830 2030 2987 2098 Quod
3028 2028 3298 2086 Jeremias
3348 2026 3630 2090 indicavit.

2063 2145 2188 2184 cum
2223 2130 2339 2183 ait:
2385 2146 2406 2180 ι
2446 2125 2514 2182 Ει
2552 2126 2755 2181 factum
2780 2132 2866 2180 est
2894 2123 3122 2179 verbum
3168 2120 3385 2176 Domini
3432 2120 3498 2175 ad
3546 2132 3635 2174 me

2062 2221 2250 2276 dicens
2278 2237 2291 2273 :
2326 2219 2633 2289 Antequam
2663 2231 2766 2286 ego
2800 2214 3097 2270 formarem
3120 2220 3177 2267 te
3207 2227 3272 2267 ex
3294 2222 3470 2274 utero,
3506 2211 3633 2264 novi

2026 2318 2027 2321 “
2062 2323 2116 2371 te
2133 2316 2217 2381 ⁹⁸;
2256 2333 2274 2366 ›
2314 2315 2539 2368 verbum
2575 2309 2792 2365 Domini
2839 2308 2984 2363 enim
3021 2305 3326 2376 appellans,
3377 2305 3471 2373 qui
3535 2318 3633 2358 eo-

2062 2420 2206 2470 rum,
2247 2405 2339 2475 qui
2372 2412 2631 2457 matrum
2658 2409 2816 2455 utero
2858 2397 3191 2452 clauduntur
3231 2396 3409 2450 adhuc
3445 2396 3636 2451 condi-

2065 2506 2149 2552 tor
2186 2495 2278 2550 sit.
2314 2494 2537 2557 Deinde,
2579 2491 2840 2562 quoniam
2889 2488 3242 2544 de'libertate
3295 2501 3477 2542 sermo
3524 2496 3633 2550 est.

2060 2584 2444 2653 redemptorem
2476 2596 2535 2636 se
2570 2580 2766 2634 merito
2811 2576 3144 2647 appellavit;
3179 2575 3358 2644 deque
3385 2577 3636 2643 corporis

2063 2676 2382 2746 formatione
2418 2673 2655 2734 locutus,
2687 2670 2814 2740 quia
2845 2682 2972 2723 cum
3014 2666 3296 2737 corporeis
3324 2665 3434 2737 agit
3467 2684 3480 2719 :
3519 2664 3638 2735 Ipse

2064 2782 2210 2832 sum,
2245 2765 2444 2834 inquit,
2478 2763 2569 2833 qui
2599 2770 2653 2817 te
2683 2776 2749 2817 ex
2783 2775 2952 2831 parvo
2986 2746 3252 2829 principio
3295 2757 3542 2827 formavi,
3576 2767 3640 2811 et

2064 2866 2323 2928 tanquam
2369 2856 2437 2911 de
2466 2855 2759 2910 tenebroso
2792 2867 2959 2922 specu
3013 2851 3200 2921 aliquo
3224 2849 3439 2913 eduxi;
3487 2851 3636 2919 quod

2065 2951 2283 3022 penitus
2309 2949 2631 3019 ignorarunt
2669 2943 3057 3015 progenitores
3090 2943 3210 3007 tui;
3251 2956 3377 2996 cum
3416 2941 3634 2996 interim

2063 3041 2209 3113 quod
2234 3041 2521 3109 formatam
2552 3043 2673 3092 erat
2706 3036 3094 3108 producet-em.
3133 3032 3289 3100 Quod
3320 3034 3367 3088 si
3400 3033 3497 3088 tibi
3521 3033 3637 3088 leve

388 3126 591 3181 Δαόίδο
636 3144 659 3180 ι
703 3126 762 3181 '0
793 3126 1051 3181 ἐκτείνων
1095 3126 1187 3179 τὸν
1233 3124 1463 3197 οὐρανὸν
1503 3126 1635 3181 ὡσεὶ
1685 3126 1890 3198 ὃέρριν.
1938 3146 1958 3180 ι

2067 3132 2211 3188 istud
2242 3129 2310 3185 ad
2361 3127 2560 3183 divinae
2593 3125 2813 3181 virtutis
2861 3124 3319 3195 signiﬁcationem
3374 3130 3594 3192 putatur
3618 3160 3635 3185 ,

389 3218 502 3272 Kal.
527 3217 709 3272 πάλιν·
738 3235 760 3270 ι
782 3216 1141 3288 Ἐθεμελίωσε
1163 3218 1263 3288 τὴν
1288 3217 1390 3287 γῆν
1410 3218 1504 3271 ἐπὶ
1540 3218 1640 3288 τὴν
1661 3218 1963 3287 ἀσφάλειαν

390 3308 583 3381 αὐτῆς.
615 3328 637 3363 ι
687 3308 839 3363 ’Δντὶ
893 3308 953 3363 δὲ
1010 3309 1105 3363 τοῦ
1146 3312 1189 3363 ό
1233 3309 1567 3376 συντελῶν,
1614 3314 1648 3365 ό
1701 3311 1965 3379 ποιήσας

390 3400 667 3466 ἐξέδωκαν
698 3402 748 3453 0t
781 3399 979 3455 λοιποί.
1008 3418 1027 3452 ι
1052 3400 1235 3454 Πάντα
1270 3401 1378 3472 γὰρ
1418 3402 1486 3456 δι’
1514 3403 1681 3457 αὐτοῦ
1725 3404 1962 3474 ἐγένετο,

390 3494 487 3549 καὶ
509 3494 678 3564 χωρὶς
704 3492 870 3547 αὐτοῦ
890 3493 1107 3562 ἐγένετο
1137 3493 1313 3549 οὐδέν.
1343 3512 1362 3545 ι
1397 3495 1542 3560 Ὅτι,
1575 3514 1594 3547 ι
1617 3496 1790 3561 Αὐτὸς
1818 3494 1962 3565 εἷπε,

389 3585 486 3638 καὶ
519 3584 881 3655 ἐγενήθησαν.
910 3584 1087 3649 Ait-rb;
1117 3584 1440 3651 ἐνετείλατο,
1462 3587 1557 3639 καὶ
1572 3586 1959 3659 ἐκτίσθησαν.»

400 3674 462 3730 '0
479 3676 535 3730 δέ
562 3675 817 3739 τοσοῦτος
844 3676 898 3729 τί
920 3676 1176 3747 ἐποίησεν
1191 3676 1333 3730 κατὰ
1358 3676 1584 3749 καιροὺς
1615 3680 1961 3751 ἐπενήνοχεν,

386 3765 466 3831 ὡς
509 3768 703 3823 ἀπολεῖ
744 3768 842 3831 τὰς
876 3768 1154 3838 πανταχοῦ
1182 3770 1469 3837 μαντείας
1502 3768 1597 3822 καὶ
1622 3769 1690 3823 τά
1726 3773 1965 3843 χρηστή-

395 3873 488 3928 ρια
532 3857 600 3911 δι’
651 3853 726 3913 ὧν
775 3860 826 3912 οί
873 3859 1127 3930 δαίμονες
1175 3858 1496 3929 ἐφενάκιζεν
1549 3861 1673 3924 τοὺς
1718 3862 1827 3932 πρὸ
1866 3863 1966 3934 τῆς

392 3947 630 4019 Χριστοῦ
667 3949 990 4017 παρουσίας,
1017 3950 1217 4004 ειδέναι
1237 3950 1298 4004 τὸ
1343 3949 1537 4021 μέλλον
1583 3952 1964 4024 πλαττόμενοι,

395 4038 488 4092 καὶ
513 4039 587 4093 τὰ
613 4040 734 4103 ταῖς
769 4038 1021 4110 καρδίαις
1048 4040 1395 4111 ἐπερχόμενα
1417 4039 1667 4109 λέγοντες
1690 4056 1704 4070 ·
1736 4043 1864 4112 περὶ
1890 4036 1966 4096 ὧν

390 4130 636 4200 ἔφασκεν
719 4131 983 4204 Ἰεζεκιήλ
1029 4152 1047 4169 ο
1100 4150 1121 4186 ι
1164 4133 1304 4188 0ὒαὶ
1355 4138 1467 4199 τοῖς
1526 4135 1962 4206 προφητεύουσιν

393 4222 506 4276 ἀπὸ
551 4220 777 4292 καρδίας
832 4222 1015 4278 αὐτῶν
1039 4263 1055 4290 ,
1123 4223 1221 4278 καὶ
1298 4225 1360 4279 τὸ
1412 4223 1643 4279 καθόλου
1707 4225 1781 4299 μὴ
1844 4225 1967 4297 βλέ-

394 4312 582 4366 nouat!
616 4330 638 4364 ι
1485 4339 1488 4342 ~

462 4581 827 4636 Διεσκέδασε
883 4580 943 4634 δέ
986 4582 1159 4638 ταῦτα
1204 4584 1297 4652 καὶ
1345 4582 1425 4654 τῷ
1471 4584 1702 4651 παῦσαι,
1751 4586 1848 4639 καὶ
1886 4585 1964 4657 τῷ

391 4676 570 4728 ποιεῖν
597 4674 634 4729 ἀ
657 4675 807 4729 ἐστιν
832 4673 1065 4739 ἐκείνοις
1093 4674 1437 4747 ἀτέκμαρτα,
1463 4678 1556 4731 καὶ
1577 4676 1960 4749 άπρόγνωστα.

2066 3224 2303 3278 maxima
2336 3222 2451 3283 illa,
2481 3235 2604 3291 quae
2632 3220 2687 3272 in
2721 3217 2926 3272 mundo
2961 3224 3113 3281 sunt,
3162 3215 3310 3271 unde
3343 3214 3635 3277 exsistant,

2067 3316 2305 3371 intuere.
2335 3313 2476 3368 Audi
2530 3311 2803 3367 dicentem
2844 3308 3148 3364 Davidem:
3189 3324 3209 3359 ι
3242 3307 3351 3373 Qui
3386 3307 3638 3364 extendis

2066 3406 2288 3473 caelum,
2336 3408 2481 3460 sicut
2531 3403 2726 3473 pellem
2769 3400 2839 3455 ³⁸.
2889 3419 2907 3452 ι
2937 3399 3068 3455 Item
3106 3416 3120 3453 :
3157 3417 3177 3451 ι
3227 3398 3336 3465 Qui
3390 3398 3640 3453 fundavit

2068 3507 2270 3554 terram
2302 3511 2469 3566 super
2497 3494 2853 3549 stabilitatem
2893 3506 3048 3548 suam
3098 3490 3173 3547 θ’.
3227 3509 3247 3543 ι
3286 3490 3409 3557 Quo
3437 3491 3641 3549 deinde

2064 3591 2208 3655 loco,
2238 3590 2328 3660 qui
2357 3587 2590 3655 compleo
2622 3586 2910 3646 habemus,
2953 3584 3044 3654 qui
3070 3583 3171 3654 feci
3206 3584 3640 3655 interpretantur

2067 3681 2183 3736 alii.
2222 3699 2241 3733 ι
2282 3680 2480 3734 Omnia
2512 3679 2658 3734 enim
2710 3691 2805 3746 per
2833 3677 3008 3746 ipsum
3036 3675 3178 3730 facta
3227 3686 3376 3743 sunt,
3426 3687 3479 3732 et
3517 3677 3641 3733 sine

2069 3772 2190 3842 ipso
2221 3772 2422 3825 factum
2451 3777 2535 3824 est
2562 3769 2697 3823 nihil
2728 3768 2793 3832 ⁸⁸,
2830 3785 2849 3817 ι
2884 3769 3148 3837 quoniam
3177 3787 3196 3819 ι
3241 3769 3363 3838 Ipse
3392 3768 3556 3834 dixit,
3586 3777 3641 3824 et

2069 3864 2209 3918 facta
2255 3870 2421 3925 sunt;
2466 3863 2581 3930 ipse
2613 3859 2913 3923 mandavit,
2970 3865 3025 3913 et
3084 3867 3272 3915 creata
3324 3872 3453 3916 sunt
3504 3863 3571 3915 ”.
3616 3880 3635 3910 ι

2067 3954 2277 4009 Tantus
2312 3960 2493 4007 autem
2532 3950 2666 4019 quid
2711 3948 2982 4018 deinceps
3030 3949 3375 4019 praestiterit,
3412 3951 3638 4006 intulit:

2067 4058 2193 4099 cum
2225 4060 2306 4110 se,
2349 4059 2473 4114 qute
2499 4041 2707 4112 ubique
2736 4040 3553 4111 essent—divinationes,“509
3583 4050 3642 4096 et

2067 4136 2290 4192 oracula
2323 4135 2628 4190 delaturum
2680 4131 3058 4202 signiﬁcavit:
3112 4132 3315 4201 quibus
3364 4131 3641 4188 dietnoues

2068 4236 2195 4285 ante
2223 4225 2428 4284 Christi
2468 4226 2760 4280 adventum
2803 4223 2984 4278 futura
3024 4240 3104 4288 se,
3142 4226 3453 4295 mentisque
3490 4226 3642 4296 cogi-

2070 4321 2307 4377 tationes
2357 4319 2658 4389 intelligere
2709 4316 3004 4388 ﬁngebant.
3043 4316 3118 4371 De
3181 4317 3385 4387 quibus
3434 4327 3491 4372 et
3547 4319 3639 4374 illa

2069 4418 2198 4466 sunt
2235 4407 2584 4464 Ezechielis:
2635 4425 2654 4459 ι
2695 4404 2788 4461 Vae
2846 4405 3304 4477 prophetantibus
3354 4406 3423 4462 de
3474 4408 3643 4462 corde

1993 4480 2038 4536 θ
2069 4515 2190 4565 suo,
2218 4506 2275 4555 et
2306 4496 2529 4553 omnino
2564 4511 2672 4551 non
2699 4494 3014 4551 videntibus
3045 4498 3087 4550 ’l
3125 4514 3143 4546 ι

2138 4592 2247 4647 ista
2275 4603 2403 4645 vero
2454 4588 2728 4656 dissipavit
2759 4601 2778 4641 :
2808 4587 3004 4656 partim
3064 4586 3191 4656 quia
3217 4601 3439 4645 cessare
3492 4587 3643 4651 fecit.

2065 4685 2264 4757 partim
2288 4678 2435 4754 quod
2464 4697 2527 4737 ea
2553 4687 2810 4751 operatus
2829 4685 2934 4745 est,
2960 4693 3083 4749 qua
3126 4678 3226 4749 ipsi
3287 4680 3452 4735 nullis
3509 4693 3645 4736 con-

410 4763 922 4835 ’Λπεστράφησακ
947 4765 1005 4821 δέ
1030 4766 1127 4821 καὶ
1157 4768 1448 4837 φρόνιμοι.
1481 4767 1783 4839 Φρονίμους
1806 4769 1959 4823 καλεί

2063 4773 2294 4845 jecturis
2327 4771 2544 4842 assequi
2572 4778 2629 4826 et
2658 4770 2917 4842 praescire
2959 4779 3276 4840 potuerunt.
3300 4770 3485 4827 Aversi
3521 4784 3644 4829 sunt

387 4857 515 4920 τοὺς
546 4856 677 4930 παρ’
708 4856 937 4931 Ἕλλησι
959 4860 1179 4928 σοφοὺς,
1211 4852 1290 4914 ὧν
1312 4859 1611 4930 ἀπρήκτων-εν
1636 4860 1736 4931 τὴν
1765 4861 1959 4930 σοφίαν

387 4946 468 5017 τῷ
506 4948 604 5018 τῆς
645 4948 906 5017 ἀληθείας
936 4950 1279 5020 διαμαρτεῖν,
1319 4951 1589 5023 ἀχρήστου
1629 4952 1732 5022 τῆς
1767 4954 1827 5007 ἐν
1855 4952 1957 5007 αὐ·

385 5041 501 5103 τοῖς
524 5039 943 5111 ἀποδειχθείσης
985 5041 1423 5115 σοφίας⁶ψυχικὴ
1452 5043 1563 5115 γὰρ
1588 5039 1680 5114 ἦν,
1709 5046 1804 5099 καὶ⁸
1830 5047 1959 5100 ἐπί-

388 5145 559 5199 γειος,
610 5130 993 5202 δαιμονιώδης,
1024 5132 1091 5204 ἣν
1136 5133 1231 5187 καὶ
1271 5135 1300 5186 ὁ
1346 5133 1555 5198 Παῦλος
1601 5137 1963 5208 μεμωράνθαι

387 5221 574 5292 φησίν·
601 5223 772 5295 ἠγουν
833 5225 962 5289 τοὺς
993 5225 1223 5296 μάγους.
1253 5226 1460 5296 Σοφοὺς
1487 5231 1595 5298 γάρ
1620 5229 1716 5283 καὶ
1738 5229 1963 5295 τούτους

384 5311 637 5371 ἐκάλουν.
683 5313 871 5368 Ταῦτα
913 5314 1011 5385 μὲν
1041 5312 1135 5369 οῦν
1163 5314 1521 5372 διασκεδάσω.
1563 5318 1670 5373 Τοῦ
1715 5319 1773 5374 δὲ
1815 5321 1962 5391 ἐμοῦ

396 5403 533 5457 ΥΙοῦ
564 5405 656 5458 καὶ
682 5404 945 5477 Χριστοῦ,
979 5408 1107 5479 περὶ
1127 5398 1189 5460 οὗ
1220 5408 1390 5463 πολλὰ
1409 5412 1682 5477 προεῖπον,
1714 5413 1814 5469 καί
1843 5413 1963 5467 τῶν

385 5494 658 5565 ἀγγέλων
676 5498 866 5553 αὐτοῦ
893 5498 1004 5553 τῶν
1032 5500 1372 5568 ἀποστόλων,
1402 5503 1612 5569 στήσω
1632 5505 1704 5560 τὰ
1721 5506 1963 5577 ῥήματά

386 5603 450 5640 τε
477 5589 573 5642 καὶ
604 5590 722 5659 τὴν
744 5592 1012 5662 βουλήν.
1052 5592 1315 5663 Ῥήματα
1340 5594 1396 5649 δὲ
1427 5597 1664 5670 Χριστοῦ
1701 5600 1764 5654 τὺ
1785 5603 1965 5673 σωτή-

2066 4881 2233 4937 porro
2256 4874 2308 4920 et
2334 4865 2655 4934 prudentes;
2683 4879 2792 4934 quo
2816 4863 3037 4919 nomine
3067 4861 3380 4920 Graecorum
3420 4868 3643 4937 sapien-

2064 4968 2147 5014 tes
2170 4956 2441 5027 intelligit,
2468 4971 2701 5026 quorum
2729 4953 3056 5024 sapientiam
3110 4970 3177 5009 eo
3230 4954 3351 5024 ipso
3377 4957 3521 5026 quod
3550 4971 3644 5010 ve-
3748 5025 3752 5029 ς

2058 5051 2226 5105 ritate
2253 5048 2593 5112 exciderunt,
2623 5047 2679 5099 in
2703 5046 2993 5100 stultitiam
3019 5049 3362 5101 commutavit
3392 5064 3412 5111 ;
3440 5048 3491 5103 id
3535 5058 3658 5113 est.-

2067 5140 2311 5198 inutilem
2338 5154 2464 5195 esse
2486 5137 2877 5194 demonstravit
2893 5135 3044 5209 (Erat
3071 5138 3219 5193 enim
3250 5138 3507 5193 animalis
3528 5140 3641 5211 illa,

2065 5245 2303 5298 terrena,
2331 5239 2386 5287 et
2439 5230 2706 5286 diabolica
2748 5231 2795 5296 ¹,
2849 5245 3010 5301 quam
3060 5228 3265 5283 Paulus
3322 5228 3643 5290 infatuatam
3696 5218 3699 5221 γ

2065 5340 2189 5381 esse
2212 5322 2483 5393 signiﬁcat
2508 5322 2552 5393 ³)
2588 5341 2601 5376 :
2631 5322 2717 5376 vel
2739 5331 2889 5377 certe
2920 5334 3105 5391 magos
3142 5316 3294 5384 illos,
3324 5336 3462 5393 quos
3511 5325 3645 5385 item

2067 5419 2341 5488 sapientes
2363 5413 2857 5485 appellabanthta
2891 5412 3076 5483 igitur,
3102 5412 3303 5482 inquit,
3342 5416 3644 5490 dissipabo.

2070 5508 2303 5579 Filiique
2327 5509 2449 5571 mei,
2480 5507 2531 5561 id
2566 5514 2651 5561 est
2679 5503 2884 5561 Christi
2917 5502 3008 5575 (de
3035 5518 3144 5575 quo
3173 5509 3430 5577 superius
3471 5527 3502 5565 a
3556 5528 3647 5570 me

2068 5611 2202 5660 sunt
2238 5602 2385 5657 dicta
2408 5600 2699 5672 permulta)
2729 5608 2775 5653 et
2802 5597 3106 5668 angelorum
3138 5601 3290 5670 ejus;
3321 5602 3375 5657 id
3404 5610 3489 5659 est
3510 5619 3645 5676 apo-

457 5703 830 5790 f'_’cren};l,
859 5707 955 5790 ξπ,
991 5709 1041 5741 ⁹⁶
1065 5708 1377 5790 Ρετιιλλοιιι,
1419 5713 1473 5768 2.
1587 5717 1632 5750 ’⁷
1685 5718 1816 5775 ibid.
1858 5721 1912 5776 5.
2010 5722 2060 5755 ⁸⁸
2084 5721 2244 5779 Joan.
2281 5737 2338 5788 ι,
2376 5722 2430 5777 5.
2506 5721 2551 5752 ’⁸
2590 5718 2736 5776 Psal.
2782 5733 2930 5774 χχχιι
2954 5759 2968 5786 ,
2997 5718 3049 5773 9.
3130 5719 3145 5749 ¹
3184 5717 3383 5775 Ezech.
3411 5736 3542 5790 xm,
3576 5721 3646 5777 Π

388 5771 659 5840 ’Jac.ttt,
696 5774 783 5832 i5.
818 5771 822 5772 ν
859 5778 880 5809 ³
917 5776 1076 5834 Rom.
1108 5795 1148 5845 ι,
1185 5779 1276 5835 28.
