  <div class='ocr_page' id='page_1' title='image "/cluster/home/n/w/nwhite01/storage/ocr_20150623/87:2/hvd.32044073502205/445.png"; bbox 0 0 4032 6218; ppageno 0'>
   <div class='ocr_carea' id='block_1_1' title="bbox 416 300 558 392">
    <p class='ocr_par' dir='ltr' id='par_1_1' title="bbox 416 300 558 392">
     <span class='ocr_line' id='line_1_1' title="bbox 416 300 558 392; baseline -0.007 0"><span class='ocrx_word' id='word_1_1' title='bbox 416 300 558 392; x_wconf 69' lang='lat' dir='ltr'><strong>suis</strong></span> 
     </span>
    </p>
   </div>
   <div class='ocr_carea' id='block_1_2' title="bbox 1749 338 2396 402">
    <p class='ocr_par' dir='ltr' id='par_1_2' title="bbox 1749 338 2396 402">
     <span class='ocr_line' id='line_1_2' title="bbox 1749 338 2396 402; baseline 0.005 -4"><span class='ocrx_word' id='word_1_2' title='bbox 1749 338 2095 399; x_wconf 81' lang='lat' dir='ltr'><strong>PROCOPII</strong></span> <span class='ocrx_word' id='word_1_3' title='bbox 2161 341 2396 402; x_wconf 82' lang='lat' dir='ltr'><strong>GAZ.El</strong></span> 
     </span>
    </p>
   </div>
   <div class='ocr_carea' id='block_1_3' title="bbox 3535 342 3686 407">
    <p class='ocr_par' dir='ltr' id='par_1_3' title="bbox 3535 342 3686 407">
     <span class='ocr_line' id='line_1_3' title="bbox 3535 342 3686 407; baseline -0.007 -1"><span class='ocrx_word' id='word_1_4' title='bbox 3535 342 3686 407; x_wconf 74' lang='grc'><strong>2416</strong></span> 
     </span>
    </p>
   </div>
   <div class='ocr_carea' id='block_1_4' title="bbox 411 442 2002 518">
    <p class='ocr_par' dir='ltr' id='par_1_4' title="bbox 411 442 2001 512">
     <span class='ocr_line' id='line_1_4' title="bbox 411 442 2001 512; baseline 0.003 -18"><span class='ocrx_word' id='word_1_5' title='bbox 411 444 704 508; x_wconf 77' lang='lat' dir='ltr'><strong>stolarum,</strong></span> <span class='ocrx_word' id='word_1_6' title='bbox 725 445 888 497; x_wconf 53' lang='lat' dir='ltr'><strong>verba</strong></span> <span class='ocrx_word' id='word_1_7' title='bbox 917 453 965 497; x_wconf 84' lang='lat' dir='ltr'><strong>et</strong></span> <span class='ocrx_word' id='word_1_8' title='bbox 987 442 1265 496; x_wconf 78' lang='lat' dir='ltr'><strong>consilium</strong></span> <span class='ocrx_word' id='word_1_9' title='bbox 1289 443 1537 512; x_wconf 77' lang='lat' dir='ltr'><strong>ﬁrmabo.</strong></span> <span class='ocrx_word' id='word_1_10' title='bbox 1563 443 1664 499; x_wconf 87' lang='lat' dir='ltr'><strong>Ubi</strong></span> <span class='ocrx_word' id='word_1_11' title='bbox 1691 460 1795 511; x_wconf 85' lang='lat' dir='ltr'><strong>.per</strong></span> <span class='ocrx_word' id='word_1_12' title='bbox 1824 446 2001 510; x_wconf 84' lang='lat' dir='ltr'><strong>verba,</strong></span> 
     </span>
    </p>
   </div>
   <div class='ocr_carea' id='block_1_5' title="bbox 2105 442 3690 518">
    <p class='ocr_par' dir='ltr' id='par_1_5' title="bbox 2107 446 3690 518">
     <span class='ocr_line' id='line_1_5' title="bbox 2107 446 3690 518; baseline 0.004 -20"><span class='ocrx_word' id='word_1_13' title='bbox 2107 462 2223 516; x_wconf 86' lang='grc' dir='ltr'>ριον</span> <span class='ocrx_word' id='word_1_14' title='bbox 2266 449 2549 518; x_wconf 79' lang='grc' dir='ltr'>κήρυγμα.</span> <span class='ocrx_word' id='word_1_15' title='bbox 2583 446 2787 516; x_wconf 66' lang='lat' dir='ltr'><strong>Bauli]</strong></span> <span class='ocrx_word' id='word_1_16' title='bbox 2821 447 2876 502; x_wconf 86' lang='grc' dir='ltr'>δὲ</span> <span class='ocrx_word' id='word_1_17' title='bbox 2924 447 3031 500; x_wconf 87' lang='grc' dir='ltr'><strong>τῶν</strong></span> <span class='ocrx_word' id='word_1_18' title='bbox 3075 447 3343 518; x_wconf 74' lang='grc' dir='ltr'>ἀγγέλων</span> <span class='ocrx_word' id='word_1_19' title='bbox 3390 451 3600 516; x_wconf 82' lang='grc' dir='ltr'>αὐτοῦ,</span> <span class='ocrx_word' id='word_1_20' title='bbox 3625 452 3690 504; x_wconf 78' lang='grc' dir='ltr'>τὸ</span> 
     </span>
    </p>
   </div>
   <div class='ocr_carea' id='block_1_6' title="bbox 416 533 2006 606">
    <p class='ocr_par' dir='ltr' id='par_1_6' title="bbox 416 533 2006 606">
     <span class='ocr_line' id='line_1_6' title="bbox 416 533 2006 606; baseline 0.002 -17"><span class='ocrx_word' id='word_1_21' title='bbox 416 537 710 590; x_wconf 77' lang='lat' dir='ltr'><strong>salutarem</strong></span> <span class='ocrx_word' id='word_1_22' title='bbox 770 533 972 588; x_wconf 86' lang='lat' dir='ltr'><strong>Clu-isti</strong></span> <span class='ocrx_word' id='word_1_23' title='bbox 1031 533 1476 602; x_wconf 68' lang='lat' dir='ltr'><strong>prmdicationem</strong></span> <span class='ocrx_word' id='word_1_24' title='bbox 1543 536 1853 600; x_wconf 77' lang='lat' dir='ltr'><strong>intellexit;</strong></span> <span class='ocrx_word' id='word_1_25' title='bbox 1911 552 2006 606; x_wconf 89' lang='lat' dir='ltr'><strong>per</strong></span> 
     </span>
    </p>
   </div>
   <div class='ocr_carea' id='block_1_7' title="bbox 415 626 2004 699">
    <p class='ocr_par' dir='ltr' id='par_1_7' title="bbox 415 626 2004 699">
     <span class='ocr_line' id='line_1_7' title="bbox 415 626 2004 699; baseline 0.001 -19"><span class='ocrx_word' id='word_1_26' title='bbox 415 627 695 682; x_wconf 77' lang='lat' dir='ltr'><strong>consilium</strong></span> <span class='ocrx_word' id='word_1_27' title='bbox 723 635 902 681; x_wconf 89' lang='lat' dir='ltr'><strong>autem</strong></span> <span class='ocrx_word' id='word_1_28' title='bbox 931 627 1237 696; x_wconf 82' lang='lat' dir='ltr'><strong>angelorum</strong></span> <span class='ocrx_word' id='word_1_29' title='bbox 1270 626 1405 696; x_wconf 85' lang='lat' dir='ltr'><strong>ejus,</strong></span> <span class='ocrx_word' id='word_1_30' title='bbox 1433 627 1564 682; x_wconf 89' lang='lat' dir='ltr'><strong>illud</strong></span> <span class='ocrx_word' id='word_1_31' title='bbox 1602 628 1802 699; x_wconf 90' lang='lat' dir='ltr'><strong>ipsum,</strong></span> <span class='ocrx_word' id='word_1_32' title='bbox 1836 629 2004 697; x_wconf 89' lang='lat' dir='ltr'><strong>quod,</strong></span> 
     </span>
    </p>
   </div>
   <div class='ocr_carea' id='block_1_8' title="bbox 416 717 2003 782">
    <p class='ocr_par' dir='ltr' id='par_1_8' title="bbox 416 717 2003 782">
     <span class='ocr_line' id='line_1_8' title="bbox 416 717 2003 782; baseline -0.002 -6"><span class='ocrx_word' id='word_1_33' title='bbox 416 719 624 776; x_wconf 80' lang='lat' dir='ltr'><strong>scelere</strong></span> <span class='ocrx_word' id='word_1_34' title='bbox 649 726 704 774; x_wconf 93' lang='lat' dir='ltr'><strong>et</strong></span> <span class='ocrx_word' id='word_1_35' title='bbox 734 733 922 773; x_wconf 91' lang='lat' dir='ltr'><strong>errore</strong></span> <span class='ocrx_word' id='word_1_36' title='bbox 950 717 1180 782; x_wconf 75' lang='lat' dir='ltr'><strong>relictis,</strong></span> <span class='ocrx_word' id='word_1_37' title='bbox 1209 718 1274 772; x_wconf 89' lang='lat' dir='ltr'><strong>ad</strong></span> <span class='ocrx_word' id='word_1_38' title='bbox 1333 719 1605 772; x_wconf 76' lang='lat' dir='ltr'><strong>veritatem</strong></span> <span class='ocrx_word' id='word_1_39' title='bbox 1635 727 1688 774; x_wconf 91' lang='lat' dir='ltr'><strong>et</strong></span> <span class='ocrx_word' id='word_1_40' title='bbox 1746 720 2003 774; x_wconf 88' lang='lat' dir='ltr'><strong>virtutem</strong></span> 
     </span>
    </p>
   </div>
   <div class='ocr_carea' id='block_1_9' title="bbox 415 810 2004 882">
    <p class='ocr_par' dir='ltr' id='par_1_9' title="bbox 415 810 2004 882">
     <span class='ocr_line' id='line_1_9' title="bbox 415 810 2004 882; baseline 0.002 -19"><span class='ocrx_word' id='word_1_41' title='bbox 415 826 605 866; x_wconf 87' lang='lat' dir='ltr'><strong>onmes</strong></span> <span class='ocrx_word' id='word_1_42' title='bbox 631 818 1012 866; x_wconf 80' lang='lat' dir='ltr'><strong>occurrerunt.</strong></span> <span class='ocrx_word' id='word_1_43' title='bbox 1049 810 1156 882; x_wconf 77' lang='lat' dir='ltr'><strong>Ego</strong></span> <span class='ocrx_word' id='word_1_44' title='bbox 1195 826 1347 876; x_wconf 91' lang='lat' dir='ltr'><strong>vero,</strong></span> <span class='ocrx_word' id='word_1_45' title='bbox 1399 811 1601 882; x_wconf 89' lang='lat' dir='ltr'><strong>inquit,</strong></span> <span class='ocrx_word' id='word_1_46' title='bbox 1635 811 1727 880; x_wconf 90' lang='lat' dir='ltr'><strong>qui</strong></span> <span class='ocrx_word' id='word_1_47' title='bbox 1780 811 1884 867; x_wconf 91' lang='lat' dir='ltr'><strong>ista</strong></span> <span class='ocrx_word' id='word_1_48' title='bbox 1921 810 2004 866; x_wconf 80' lang='lat' dir='ltr'><strong>ia-</strong></span> 
     </span>
    </p>
   </div>
   <div class='ocr_carea' id='block_1_10' title="bbox 414 901 2004 974">
    <p class='ocr_par' dir='ltr' id='par_1_10' title="bbox 414 901 2004 974">
     <span class='ocr_line' id='line_1_10' title="bbox 414 901 2004 974; baseline -0.001 -16"><span class='ocrx_word' id='word_1_49' title='bbox 414 912 602 958; x_wconf 89' lang='lat' dir='ltr'><strong>cturus</strong></span> <span class='ocrx_word' id='word_1_50' title='bbox 629 918 773 966; x_wconf 89' lang='lat' dir='ltr'><strong>sum,</strong></span> <span class='ocrx_word' id='word_1_51' title='bbox 805 903 918 971; x_wconf 89' lang='lat' dir='ltr'><strong>jam</strong></span> <span class='ocrx_word' id='word_1_52' title='bbox 957 902 1082 957; x_wconf 88' lang='lat' dir='ltr'><strong>inde</strong></span> <span class='ocrx_word' id='word_1_53' title='bbox 1111 903 1426 973; x_wconf 56' lang='lat' dir='ltr'><strong>praenuntia</strong></span> <span class='ocrx_word' id='word_1_54' title='bbox 1463 911 1517 959; x_wconf 89' lang='lat' dir='ltr'><strong>et</strong></span> <span class='ocrx_word' id='word_1_55' title='bbox 1547 903 1812 974; x_wconf 91' lang='lat' dir='ltr'><strong>polliceor</strong></span> <span class='ocrx_word' id='word_1_56' title='bbox 1839 901 2004 958; x_wconf 81' lang='lat' dir='ltr'><strong>Jeru-</strong></span> 
     </span>
    </p>
   </div>
   <div class='ocr_carea' id='block_1_11' title="bbox 414 993 2005 1066">
    <p class='ocr_par' dir='ltr' id='par_1_11' title="bbox 414 993 2005 1066">
     <span class='ocr_line' id='line_1_11' title="bbox 414 993 2005 1066; baseline 0.001 -17"><span class='ocrx_word' id='word_1_57' title='bbox 414 996 579 1050; x_wconf 85' lang='lat' dir='ltr'><strong>salem</strong></span> <span class='ocrx_word' id='word_1_58' title='bbox 631 1011 717 1050; x_wconf 87' lang='lat' dir='ltr'><strong>me</strong></span> <span class='ocrx_word' id='word_1_59' title='bbox 744 1010 773 1048; x_wconf 91' lang='lat' dir='ltr'><strong>a</strong></span> <span class='ocrx_word' id='word_1_60' title='bbox 802 993 1114 1066; x_wconf 79' lang='lat' dir='ltr'><strong>Babyloniis</strong></span> <span class='ocrx_word' id='word_1_61' title='bbox 1179 1011 1448 1062; x_wconf 81' lang='lat' dir='ltr'><strong>eversam,</strong></span> <span class='ocrx_word' id='word_1_62' title='bbox 1481 995 1741 1066; x_wconf 87' lang='lat' dir='ltr'><strong>ipsasque</strong></span> <span class='ocrx_word' id='word_1_63' title='bbox 1796 993 2005 1051; x_wconf 75' lang='lat' dir='ltr'><strong>Judcetc</strong></span> 
     </span>
    </p>
   </div>
   <div class='ocr_carea' id='block_1_12' title="bbox 415 1087 2005 1158">
    <p class='ocr_par' dir='ltr' id='par_1_12' title="bbox 415 1087 2005 1158">
     <span class='ocr_line' id='line_1_12' title="bbox 415 1087 2005 1158; baseline 0 -16"><span class='ocrx_word' id='word_1_64' title='bbox 415 1089 652 1142; x_wconf 81' lang='lat' dir='ltr'><strong>civitates</strong></span> <span class='ocrx_word' id='word_1_65' title='bbox 688 1088 1135 1152; x_wconf 87' lang='lat' dir='ltr'><strong>instauraturum,</strong></span> <span class='ocrx_word' id='word_1_66' title='bbox 1159 1087 1410 1158; x_wconf 84' lang='lat' dir='ltr'><strong>ejusque,</strong></span> <span class='ocrx_word' id='word_1_67' title='bbox 1441 1095 1701 1158; x_wconf 90' lang='lat' dir='ltr'><strong>tanquam</strong></span> <span class='ocrx_word' id='word_1_68' title='bbox 1741 1102 1768 1141; x_wconf 91' lang='lat' dir='ltr'><strong>a</strong></span> <span class='ocrx_word' id='word_1_69' title='bbox 1802 1088 2005 1158; x_wconf 87' lang='lat' dir='ltr'><strong>princi-</strong></span> 
     </span>
    </p>
   </div>
   <div class='ocr_carea' id='block_1_13' title="bbox 407 1177 2018 1248">
    <p class='ocr_par' dir='ltr' id='par_1_13' title="bbox 407 1177 2018 1248">
     <span class='ocr_line' id='line_1_13' title="bbox 407 1177 2018 1248; baseline -0.001 -16"><span class='ocrx_word' id='word_1_70' title='bbox 407 1178 528 1248; x_wconf 80' lang='lat' dir='ltr'><strong>pio,</strong></span> <span class='ocrx_word' id='word_1_71' title='bbox 559 1178 768 1233; x_wconf 86' lang='lat' dir='ltr'><strong>deserta</strong></span> <span class='ocrx_word' id='word_1_72' title='bbox 803 1180 1166 1233; x_wconf 71' lang='lat' dir='ltr'><strong>restituturum</strong></span> <span class='ocrx_word' id='word_1_73' title='bbox 1192 1195 1212 1232; x_wconf 87' lang='lat'><strong><em>:</em></strong></span> <span class='ocrx_word' id='word_1_74' title='bbox 1248 1177 1356 1232; x_wconf 91' lang='lat' dir='ltr'><strong>imo</strong></span> <span class='ocrx_word' id='word_1_75' title='bbox 1386 1178 1639 1233; x_wconf 91' lang='lat' dir='ltr'><strong>vitiorum</strong></span> <span class='ocrx_word' id='word_1_76' title='bbox 1690 1177 2018 1248; x_wconf 82' lang='lat' dir='ltr'><strong>multiplici-&#39;</strong></span> 
     </span>
    </p>
   </div>
   <div class='ocr_carea' id='block_1_14' title="bbox 415 1269 2000 1340">
    <p class='ocr_par' dir='ltr' id='par_1_14' title="bbox 415 1269 2000 1340">
     <span class='ocr_line' id='line_1_14' title="bbox 415 1269 2000 1340; baseline -0.001 -15"><span class='ocrx_word' id='word_1_77' title='bbox 415 1278 602 1334; x_wconf 85' lang='lat' dir='ltr'><strong>tatem,</strong></span> <span class='ocrx_word' id='word_1_78' title='bbox 642 1287 763 1340; x_wconf 70' lang='lat' dir='ltr'><strong>qua:</strong></span> <span class='ocrx_word' id='word_1_79' title='bbox 787 1270 967 1340; x_wconf 87' lang='lat' dir='ltr'><strong>abyssi</strong></span> <span class='ocrx_word' id='word_1_80' title='bbox 1015 1271 1238 1325; x_wconf 83' lang='lat' dir='ltr'><strong>nomine</strong></span> <span class='ocrx_word' id='word_1_81' title='bbox 1293 1269 1660 1339; x_wconf 79' lang='lat' dir='ltr'><strong>signiﬁcatur,</strong></span> <span class='ocrx_word' id='word_1_82' title='bbox 1718 1269 2000 1326; x_wconf 86' lang='lat' dir='ltr'><strong>desolatu-</strong></span> 
     </span>
    </p>
   </div>
   <div class='ocr_carea' id='block_1_15' title="bbox 412 1347 2001 1434">
    <p class='ocr_par' dir='ltr' id='par_1_15' title="bbox 412 1347 2001 1434">
     <span class='ocr_line' id='line_1_15' title="bbox 412 1347 2001 1434; baseline 0 -18"><span class='ocrx_word' id='word_1_83' title='bbox 412 1378 578 1429; x_wconf 84' lang='lat' dir='ltr'><strong>rum;</strong></span> <span class='ocrx_word' id='word_1_84' title='bbox 620 1362 1057 1434; x_wconf 83' lang='lat' dir='ltr'><strong>Bahylonemque</strong></span> <span class='ocrx_word' id='word_1_85' title='bbox 1092 1363 1293 1418; x_wconf 80' lang='lat' dir='ltr'><strong>civium</strong></span> <span class='ocrx_word' id='word_1_86' title='bbox 1354 1362 1596 1432; x_wconf 89' lang='lat' dir='ltr'><strong>alioquin</strong></span> <span class='ocrx_word' id='word_1_87' title='bbox 1637 1347 1817 1433; x_wconf 89' lang='lat' dir='ltr'><strong>copia,</strong></span> <span class='ocrx_word' id='word_1_88' title='bbox 1875 1370 2001 1416; x_wconf 82' lang='lat' dir='ltr'><strong>tan-</strong></span> 
     </span>
    </p>
   </div>
   <div class='ocr_carea' id='block_1_16' title="bbox 412 1453 2000 1524">
    <p class='ocr_par' dir='ltr' id='par_1_16' title="bbox 412 1453 2000 1524">
     <span class='ocr_line' id='line_1_16' title="bbox 412 1453 2000 1524; baseline 0.001 -17"><span class='ocrx_word' id='word_1_89' title='bbox 412 1470 574 1521; x_wconf 83' lang='lat' dir='ltr'><strong>quam</strong></span> <span class='ocrx_word' id='word_1_90' title='bbox 595 1454 750 1522; x_wconf 87' lang='lat' dir='ltr'><strong>aquis</strong></span> <span class='ocrx_word' id='word_1_91' title='bbox 771 1453 920 1522; x_wconf 83' lang='lat' dir='ltr'><strong>ﬂuvii</strong></span> <span class='ocrx_word' id='word_1_92' title='bbox 938 1453 1332 1516; x_wconf 86' lang='lat' dir='ltr'><strong>abundantem.</strong></span> <span class='ocrx_word' id='word_1_93' title='bbox 1348 1455 1565 1524; x_wconf 87' lang='lat' dir='ltr'><strong>penitus</strong></span> <span class='ocrx_word' id='word_1_94' title='bbox 1584 1454 2000 1512; x_wconf 74' lang='lat' dir='ltr'><strong>exsiccaturum.</strong></span> 
     </span>
    </p>
   </div>
   <div class='ocr_carea' id='block_1_17' title="bbox 407 1545 1999 1618">
    <p class='ocr_par' dir='ltr' id='par_1_17' title="bbox 407 1545 1999 1618">
     <span class='ocr_line' id='line_1_17' title="bbox 407 1545 1999 1618; baseline 0 -18"><span class='ocrx_word' id='word_1_95' title='bbox 407 1545 669 1600; x_wconf 77' lang='lat' dir='ltr'><strong>Nonnulli</strong></span> <span class='ocrx_word' id='word_1_96' title='bbox 706 1555 884 1601; x_wconf 89' lang='lat' dir='ltr'><strong>tamen</strong></span> <span class='ocrx_word' id='word_1_97' title='bbox 914 1562 1009 1614; x_wconf 87' lang='lat' dir='ltr'><strong>per</strong></span> <span class='ocrx_word' id='word_1_98' title='bbox 1039 1546 1318 1617; x_wconf 80' lang='lat' dir='ltr'><strong>abyssum,</strong></span> <span class='ocrx_word' id='word_1_99' title='bbox 1357 1548 1540 1618; x_wconf 86' lang='lat' dir='ltr'><strong>populi</strong></span> <span class='ocrx_word' id='word_1_100' title='bbox 1609 1547 1999 1617; x_wconf 82' lang='lat' dir='ltr'><strong>frequentiam,</strong></span> 
     </span>
    </p>
   </div>
   <div class='ocr_carea' id='block_1_18' title="bbox 413 1637 2000 1709">
    <p class='ocr_par' dir='ltr' id='par_1_18' title="bbox 413 1637 2000 1709">
     <span class='ocr_line' id='line_1_18' title="bbox 413 1637 2000 1709; baseline -0.001 -18"><span class='ocrx_word' id='word_1_101' title='bbox 413 1638 507 1707; x_wconf 90' lang='lat' dir='ltr'><strong>qui</strong></span> <span class='ocrx_word' id='word_1_102' title='bbox 538 1637 835 1708; x_wconf 80' lang='lat' dir='ltr'><strong>Babylonia</strong></span> <span class='ocrx_word' id='word_1_103' title='bbox 865 1638 1272 1703; x_wconf 83' lang='lat' dir='ltr'><strong>continebatur,</strong></span> <span class='ocrx_word' id='word_1_104' title='bbox 1311 1639 1466 1694; x_wconf 91' lang='lat' dir='ltr'><strong>innui</strong></span> <span class='ocrx_word' id='word_1_105' title='bbox 1499 1646 1828 1709; x_wconf 88' lang='lat' dir='ltr'><strong>putaverunt</strong></span> <span class='ocrx_word' id='word_1_106' title='bbox 1859 1656 1872 1692; x_wconf 93' lang='lat'>:</span> <span class='ocrx_word' id='word_1_107' title='bbox 1905 1652 2000 1707; x_wconf 91' lang='lat' dir='ltr'><strong>per</strong></span> 
     </span>
    </p>
   </div>
   <div class='ocr_carea' id='block_1_19' title="bbox 399 1730 2002 1802">
    <p class='ocr_par' dir='ltr' id='par_1_19' title="bbox 399 1730 2002 1802">
     <span class='ocr_line' id='line_1_19' title="bbox 399 1730 2002 1802; baseline 0.002 -20"><span class='ocrx_word' id='word_1_108' title='bbox 399 1732 602 1802; x_wconf 75' lang='lat' dir='ltr'><strong>ﬂuvios</strong></span> <span class='ocrx_word' id='word_1_109' title='bbox 635 1739 840 1792; x_wconf 84' lang='lat' dir='ltr'><strong>autem,</strong></span> <span class='ocrx_word' id='word_1_110' title='bbox 869 1742 1057 1801; x_wconf 80' lang='lat' dir='ltr'><strong>gentes</strong></span> <span class='ocrx_word' id='word_1_111' title='bbox 1086 1731 1140 1785; x_wconf 90' lang='lat' dir='ltr'><strong>in</strong></span> <span class='ocrx_word' id='word_1_112' title='bbox 1174 1730 1418 1786; x_wconf 88' lang='lat' dir='ltr'><strong>eamdem</strong></span> <span class='ocrx_word' id='word_1_113' title='bbox 1471 1731 1828 1794; x_wconf 79' lang='lat' dir='ltr'><strong>conﬂuentes.</strong></span> <span class='ocrx_word' id='word_1_114' title='bbox 1866 1745 2002 1800; x_wconf 87' lang='lat' dir='ltr'><strong>quas</strong></span> 
     </span>
    </p>
   </div>
   <div class='ocr_carea' id='block_1_20' title="bbox 2111 533 3690 613">
    <p class='ocr_par' dir='ltr' id='par_1_20' title="bbox 2111 533 3690 613">
     <span class='ocr_line' id='line_1_20' title="bbox 2111 533 3690 613; baseline 0.004 -22"><span class='ocrx_word' id='word_1_115' title='bbox 2111 533 2500 610; x_wconf 80' lang='grc' dir='ltr'>παυσαμένους</span> <span class='ocrx_word' id='word_1_116' title='bbox 2540 541 2749 603; x_wconf 80' lang='grc' dir='ltr'><strong>πάντας</strong></span> <span class='ocrx_word' id='word_1_117' title='bbox 2786 538 2986 602; x_wconf 78' lang='grc' dir='ltr'>κακίας</span> <span class='ocrx_word' id='word_1_118' title='bbox 3026 541 3122 594; x_wconf 78' lang='grc' dir='ltr'>καὶ</span> <span class='ocrx_word' id='word_1_119' title='bbox 3154 542 3364 613; x_wconf 82' lang='grc' dir='ltr'><strong>πλάνης</strong></span> <span class='ocrx_word' id='word_1_120' title='bbox 3410 543 3690 613; x_wconf 85' lang='grc' dir='ltr'>προσδρα-</span> 
     </span>
    </p>
   </div>
   <div class='ocr_carea' id='block_1_21' title="bbox 2112 628 3693 701">
    <p class='ocr_par' dir='ltr' id='par_1_21' title="bbox 2112 628 3693 701">
     <span class='ocr_line' id='line_1_21' title="bbox 2112 628 3693 701; baseline 0.003 -21"><span class='ocrx_word' id='word_1_121' title='bbox 2112 631 2233 698; x_wconf 84' lang='grc' dir='ltr'>μεῖν</span> <span class='ocrx_word' id='word_1_122' title='bbox 2277 630 2531 696; x_wconf 78' lang='grc' dir='ltr'><strong>ἀ.1ηοείᾳ</strong></span> <span class='ocrx_word' id='word_1_123' title='bbox 2558 630 2653 681; x_wconf 77' lang='grc' dir='ltr'>καὶ</span> <span class='ocrx_word' id='word_1_124' title='bbox 2699 629 2887 700; x_wconf 79' lang='grc' dir='ltr'>ἀρετῇ.</span> <span class='ocrx_word' id='word_1_125' title='bbox 2938 629 3081 698; x_wconf 83' lang='grc' dir='ltr'>Ἐγὼ</span> <span class='ocrx_word' id='word_1_126' title='bbox 3119 628 3178 683; x_wconf 87' lang='grc' dir='ltr'><strong>δέ</strong></span> <span class='ocrx_word' id='word_1_127' title='bbox 3209 632 3238 684; x_wconf 86' lang='grc' dir='ltr'><strong>ὁ</strong></span> <span class='ocrx_word' id='word_1_128' title='bbox 3276 630 3446 685; x_wconf 85' lang='grc' dir='ltr'>ταῦτα</span> <span class='ocrx_word' id='word_1_129' title='bbox 3478 631 3693 701; x_wconf 78' lang='grc' dir='ltr'><strong>μέλλων</strong></span> 
     </span>
    </p>
   </div>
   <div class='ocr_carea' id='block_1_22' title="bbox 2109 719 3692 791">
    <p class='ocr_par' dir='ltr' id='par_1_22' title="bbox 2109 719 3692 791">
     <span class='ocr_line' id='line_1_22' title="bbox 2109 719 3692 791; baseline 0.002 -19"><span class='ocrx_word' id='word_1_130' title='bbox 2109 722 2307 786; x_wconf 84' lang='grc' dir='ltr'>ποιεῖν,</span> <span class='ocrx_word' id='word_1_131' title='bbox 2343 719 2594 774; x_wconf 77' lang='grc' dir='ltr'>ἐντεῦθεν</span> <span class='ocrx_word' id='word_1_132' title='bbox 2619 719 2720 791; x_wconf 70' lang='grc' dir='ltr'>ἤδη</span> <span class='ocrx_word' id='word_1_133' title='bbox 2747 719 3002 791; x_wconf 85' lang='grc' dir='ltr'><strong>προλέγω</strong></span> <span class='ocrx_word' id='word_1_134' title='bbox 3022 719 3117 774; x_wconf 71' lang='grc' dir='ltr'>καὶ</span> <span class='ocrx_word' id='word_1_135' title='bbox 3154 721 3589 791; x_wconf 75' lang='grc' dir='ltr'><strong>ἐπαγγέλλομαι,</strong></span> <span class='ocrx_word' id='word_1_136' title='bbox 3610 720 3692 784; x_wconf 82' lang='grc' dir='ltr'>ὡς</span> 
     </span>
    </p>
   </div>
   <div class='ocr_carea' id='block_1_23' title="bbox 2107 811 3691 884">
    <p class='ocr_par' dir='ltr' id='par_1_23' title="bbox 2107 811 3691 884">
     <span class='ocr_line' id='line_1_23' title="bbox 2107 811 3691 884; baseline 0 -17"><span class='ocrx_word' id='word_1_137' title='bbox 2107 812 2519 884; x_wconf 81' lang='grc' dir='ltr'><strong>ἀνοικοδομήσω</strong></span> <span class='ocrx_word' id='word_1_138' title='bbox 2553 812 2651 882; x_wconf 76' lang='grc' dir='ltr'>τὴν</span> <span class='ocrx_word' id='word_1_139' title='bbox 2696 811 3096 882; x_wconf 79' lang='grc' dir='ltr'>Ἰερουσαλὴμ</span> <span class='ocrx_word' id='word_1_140' title='bbox 3127 813 3194 884; x_wconf 79' lang='grc' dir='ltr'>ἢν</span> <span class='ocrx_word' id='word_1_141' title='bbox 3228 813 3249 852; x_wconf 71' lang='grc' dir='ltr'><em>τ</em></span> <span class='ocrx_word' id='word_1_142' title='bbox 3291 813 3398 867; x_wconf 82' lang='grc' dir='ltr'><strong>ὑπὸ</strong></span> <span class='ocrx_word' id='word_1_143' title='bbox 3427 813 3691 868; x_wconf 84' lang='grc' dir='ltr'>Βαϐυλω-</span> 
     </span>
    </p>
   </div>
   <div class='ocr_carea' id='block_1_24' title="bbox 2106 904 3688 974">
    <p class='ocr_par' dir='ltr' id='par_1_24' title="bbox 2106 904 3688 974">
     <span class='ocr_line' id='line_1_24' title="bbox 2106 904 3688 974; baseline 0.002 -18"><span class='ocrx_word' id='word_1_144' title='bbox 2106 904 2235 958; x_wconf 84' lang='grc' dir='ltr'>νίων</span> <span class='ocrx_word' id='word_1_145' title='bbox 2281 904 2704 974; x_wconf 79' lang='grc' dir='ltr'><strong>καθῃρημένην</strong></span> <span class='ocrx_word' id='word_1_146' title='bbox 2736 904 2836 959; x_wconf 78' lang='grc' dir='ltr'>καὶ</span> <span class='ocrx_word' id='word_1_147' title='bbox 2863 905 2971 973; x_wconf 85' lang='grc' dir='ltr'>τὰς</span> <span class='ocrx_word' id='word_1_148' title='bbox 3012 906 3223 972; x_wconf 70' lang='grc' dir='ltr'>πόλεις</span> <span class='ocrx_word' id='word_1_149' title='bbox 3238 905 3349 974; x_wconf 83' lang='grc' dir='ltr'>τῆς</span> <span class='ocrx_word' id='word_1_150' title='bbox 3377 904 3688 972; x_wconf 80' lang='grc' dir='ltr'><strong>Ἰουδαίας,</strong></span> 
     </span>
    </p>
   </div>
   <div class='ocr_carea' id='block_1_25' title="bbox 2105 991 3690 1069">
    <p class='ocr_par' dir='ltr' id='par_1_25' title="bbox 2105 991 3690 1069">
     <span class='ocr_line' id='line_1_25' title="bbox 2105 991 3690 1069; baseline -0.005 -9"><span class='ocrx_word' id='word_1_151' title='bbox 2105 991 2172 1068; x_wconf 83' lang='grc' dir='ltr'><strong>ἦς</strong></span> <span class='ocrx_word' id='word_1_152' title='bbox 2196 997 2271 1061; x_wconf 79' lang='grc' dir='ltr'>ὡς</span> <span class='ocrx_word' id='word_1_153' title='bbox 2311 996 2369 1062; x_wconf 79' lang='grc' dir='ltr'>ἐξ</span> <span class='ocrx_word' id='word_1_154' title='bbox 2400 997 2575 1069; x_wconf 80' lang='grc' dir='ltr'>ἀρχῆς</span> <span class='ocrx_word' id='word_1_155' title='bbox 2601 996 2673 1051; x_wconf 80' lang='grc' dir='ltr'>τὰ</span> <span class='ocrx_word' id='word_1_156' title='bbox 2694 999 2882 1068; x_wconf 78' lang='grc' dir='ltr'>ἔρημα</span> <span class='ocrx_word' id='word_1_157' title='bbox 2905 997 3067 1052; x_wconf 84' lang='grc' dir='ltr'>πάλιν</span> <span class='ocrx_word' id='word_1_158' title='bbox 3087 999 3485 1065; x_wconf 80' lang='grc' dir='ltr'><strong>συστήσεται.</strong></span> <span class='ocrx_word' id='word_1_159' title='bbox 3524 998 3690 1052; x_wconf 79' lang='grc' dir='ltr'>Ἀλλὰ</span> 
     </span>
    </p>
   </div>
   <div class='ocr_carea' id='block_1_26' title="bbox 2075 1086 3691 1159">
    <p class='ocr_par' dir='ltr' id='par_1_26' title="bbox 2075 1086 3691 1159">
     <span class='ocr_line' id='line_1_26' title="bbox 2075 1086 3691 1159; baseline -0.001 -17"><span class='ocrx_word' id='word_1_160' title='bbox 2075 1087 2201 1156; x_wconf 27' lang='grc' dir='ltr'>,καὶ</span> <span class='ocrx_word' id='word_1_161' title='bbox 2247 1086 2346 1158; x_wconf 80' lang='grc' dir='ltr'>τὴν</span> <span class='ocrx_word' id='word_1_162' title='bbox 2389 1086 2766 1158; x_wconf 76' lang='grc' dir='ltr'><strong>πολυπληθίαν</strong></span> <span class='ocrx_word' id='word_1_163' title='bbox 2803 1089 2902 1158; x_wconf 84' lang='grc' dir='ltr'>τῆς</span> <span class='ocrx_word' id='word_1_164' title='bbox 2931 1089 3128 1152; x_wconf 80' lang='grc' dir='ltr'><strong>κακίας</strong></span> <span class='ocrx_word' id='word_1_165' title='bbox 3167 1088 3444 1143; x_wconf 80' lang='grc' dir='ltr'>ἄϐυσσον</span> <span class='ocrx_word' id='word_1_166' title='bbox 3481 1089 3691 1159; x_wconf 80' lang='grc' dir='ltr'>ὀνομαο</span> 
     </span>
    </p>
   </div>
   <div class='ocr_carea' id='block_1_27' title="bbox 2068 1177 3691 1251">
    <p class='ocr_par' dir='ltr' id='par_1_27' title="bbox 2068 1177 3691 1251">
     <span class='ocr_line' id='line_1_27' title="bbox 2068 1177 3691 1251; baseline 0.001 -19"><span class='ocrx_word' id='word_1_167' title='bbox 2068 1178 2345 1248; x_wconf 77' lang='grc' dir='ltr'>,ζομὲνην</span> <span class='ocrx_word' id='word_1_168' title='bbox 2395 1177 2602 1249; x_wconf 75' lang='grc' dir='ltr'>ἔρημον</span> <span class='ocrx_word' id='word_1_169' title='bbox 2659 1179 3008 1250; x_wconf 84' lang='grc' dir='ltr'>καταστήσω.</span> <span class='ocrx_word' id='word_1_170' title='bbox 3059 1180 3172 1232; x_wconf 72' lang='grc' dir='ltr'><strong>Καὶ</strong></span> <span class='ocrx_word' id='word_1_171' title='bbox 3228 1179 3326 1251; x_wconf 78' lang='grc' dir='ltr'>τὴν</span> <span class='ocrx_word' id='word_1_172' title='bbox 3366 1180 3691 1240; x_wconf 86' lang='grc' dir='ltr'>Βαϐυλῶνα.</span> 
     </span>
    </p>
   </div>
   <div class='ocr_carea' id='block_1_28' title="bbox 2102 1268 3682 1343">
    <p class='ocr_par' dir='ltr' id='par_1_28' title="bbox 2102 1268 3682 1343">
     <span class='ocr_line' id='line_1_28' title="bbox 2102 1268 3682 1343; baseline 0.001 -21"><span class='ocrx_word' id='word_1_173' title='bbox 2102 1269 2203 1340; x_wconf 81' lang='grc' dir='ltr'>τὴν</span> <span class='ocrx_word' id='word_1_174' title='bbox 2240 1268 2502 1338; x_wconf 73' lang='grc' dir='ltr'>πλήθεσιν</span> <span class='ocrx_word' id='word_1_175' title='bbox 2545 1269 2848 1341; x_wconf 75' lang='grc' dir='ltr'>οἰκητόρων</span> <span class='ocrx_word' id='word_1_176' title='bbox 2877 1270 2953 1334; x_wconf 87' lang='grc' dir='ltr'><strong>ὡς</strong></span> <span class='ocrx_word' id='word_1_177' title='bbox 2991 1271 3280 1340; x_wconf 79' lang='grc' dir='ltr'>ποταμοῖς</span> <span class='ocrx_word' id='word_1_178' title='bbox 3326 1271 3682 1343; x_wconf 65' lang='grc' dir='ltr'>διαρρέουσαι</span> 
     </span>
    </p>
   </div>
   <div class='ocr_carea' id='block_1_29' title="bbox 2107 1360 3680 1434">
    <p class='ocr_par' dir='ltr' id='par_1_29' title="bbox 2107 1360 3680 1434">
     <span class='ocr_line' id='line_1_29' title="bbox 2107 1360 3680 1434; baseline 0.001 -18"><span class='ocrx_word' id='word_1_179' title='bbox 2107 1360 2366 1431; x_wconf 81' lang='grc' dir='ltr'>ξηρανῶ,</span> <span class='ocrx_word' id='word_1_180' title='bbox 2409 1363 2583 1434; x_wconf 89' lang='grc' dir='ltr'>πέρας</span> <span class='ocrx_word' id='word_1_181' title='bbox 2609 1362 2794 1428; x_wconf 77' lang='grc' dir='ltr'>αὐτοῖς</span> <span class='ocrx_word' id='word_1_182' title='bbox 2844 1362 3073 1427; x_wconf 81' lang='grc' dir='ltr'>ἐπιθείς.</span> <span class='ocrx_word' id='word_1_183' title='bbox 3106 1363 3264 1428; x_wconf 85' lang='grc' dir='ltr'>Τινές</span> <span class='ocrx_word' id='word_1_184' title='bbox 3305 1364 3363 1418; x_wconf 69' lang='grc' dir='ltr'><strong>δέ</strong></span> <span class='ocrx_word' id='word_1_185' title='bbox 3397 1364 3680 1419; x_wconf 61' lang='grc' dir='ltr'>ἄϐυσσοι</span> 
     </span>
    </p>
   </div>
   <div class='ocr_carea' id='block_1_30' title="bbox 2109 1453 3691 1527">
    <p class='ocr_par' dir='ltr' id='par_1_30' title="bbox 2109 1453 3691 1527">
     <span class='ocr_line' id='line_1_30' title="bbox 2109 1453 3691 1527; baseline 0.001 -20"><span class='ocrx_word' id='word_1_186' title='bbox 2109 1454 2208 1524; x_wconf 84' lang='grc' dir='ltr'>μὲν</span> <span class='ocrx_word' id='word_1_187' title='bbox 2227 1453 2288 1507; x_wconf 76' lang='grc' dir='ltr'>τὸ</span> <span class='ocrx_word' id='word_1_188' title='bbox 2311 1455 2742 1527; x_wconf 81' lang='grc' dir='ltr'>πολυάνθρωπον</span> <span class='ocrx_word' id='word_1_189' title='bbox 2767 1455 3020 1526; x_wconf 74' lang='grc' dir='ltr'>εἰρῆσθαι</span> <span class='ocrx_word' id='word_1_190' title='bbox 3039 1455 3141 1526; x_wconf 82' lang='grc' dir='ltr'>τῆς</span> <span class='ocrx_word' id='word_1_191' title='bbox 3165 1455 3509 1520; x_wconf 82' lang='grc' dir='ltr'>Βαϐυλωνίας</span> <span class='ocrx_word' id='word_1_192' title='bbox 3532 1457 3691 1525; x_wconf 76' lang='grc' dir='ltr'>φασί,</span> 
     </span>
    </p>
   </div>
   <div class='ocr_carea' id='block_1_31' title="bbox 2104 1548 3692 1622">
    <p class='ocr_par' dir='ltr' id='par_1_31' title="bbox 2104 1548 3692 1622">
     <span class='ocr_line' id='line_1_31' title="bbox 2104 1548 3692 1622; baseline -0.001 -20"><span class='ocrx_word' id='word_1_193' title='bbox 2104 1548 2417 1619; x_wconf 81' lang='grc' dir='ltr'>Ποταμοὺς</span> <span class='ocrx_word' id='word_1_194' title='bbox 2447 1548 2526 1615; x_wconf 89' lang='grc' dir='ltr'><strong>δέ,</strong></span> <span class='ocrx_word' id='word_1_195' title='bbox 2559 1549 2631 1602; x_wconf 83' lang='grc' dir='ltr'><strong>τὰ</strong></span> <span class='ocrx_word' id='word_1_196' title='bbox 2662 1551 2742 1612; x_wconf 80' lang='grc' dir='ltr'><strong>εις</strong></span> <span class='ocrx_word' id='word_1_197' title='bbox 2760 1549 2932 1620; x_wconf 84' lang='grc' dir='ltr'>αὐτὴν</span> <span class='ocrx_word' id='word_1_198' title='bbox 2962 1549 3289 1622; x_wconf 73' lang='grc' dir='ltr'>ἐπιρρέοντα</span> <span class='ocrx_word' id='word_1_199' title='bbox 3337 1550 3443 1602; x_wconf 87' lang='grc' dir='ltr'><strong>τῶν</strong></span> <span class='ocrx_word' id='word_1_200' title='bbox 3491 1548 3692 1613; x_wconf 88' lang='grc' dir='ltr'>ἐθνῶν,</span> 
     </span>
    </p>
   </div>
   <div class='ocr_carea' id='block_1_32' title="bbox 2104 1639 3694 1712">
    <p class='ocr_par' dir='ltr' id='par_1_32' title="bbox 2104 1639 3694 1712">
     <span class='ocr_line' id='line_1_32' title="bbox 2104 1639 3694 1712; baseline 0 -18"><span class='ocrx_word' id='word_1_201' title='bbox 2104 1639 2140 1694; x_wconf 80' lang='grc' dir='ltr'>ἃ</span> <span class='ocrx_word' id='word_1_202' title='bbox 2175 1640 2338 1711; x_wconf 82' lang='grc' dir='ltr'>πέριξ</span> <span class='ocrx_word' id='word_1_203' title='bbox 2363 1641 2534 1710; x_wconf 81' lang='grc' dir='ltr'>αὐτῆς</span> <span class='ocrx_word' id='word_1_204' title='bbox 2557 1640 2687 1695; x_wconf 75' lang='grc' dir='ltr'>ὄντα</span> <span class='ocrx_word' id='word_1_205' title='bbox 2718 1640 2854 1710; x_wconf 79' lang='grc' dir='ltr'>πρὸς</span> <span class='ocrx_word' id='word_1_206' title='bbox 2877 1641 3202 1712; x_wconf 77' lang='grc' dir='ltr'>ἐπικουρίαν</span> <span class='ocrx_word' id='word_1_207' title='bbox 3223 1639 3502 1705; x_wconf 80' lang='grc' dir='ltr'><strong>ἐκάλεσεν,</strong></span> <span class='ocrx_word' id='word_1_208' title='bbox 3533 1640 3694 1704; x_wconf 78' lang='grc' dir='ltr'>ἔθους</span> 
     </span>
    </p>
   </div>
   <div class='ocr_carea' id='block_1_33' title="bbox 2105 1727 3693 1802">
    <p class='ocr_par' dir='ltr' id='par_1_33' title="bbox 2105 1727 3693 1802">
     <span class='ocr_line' id='line_1_33' title="bbox 2105 1727 3693 1802; baseline 0.001 -20"><span class='ocrx_word' id='word_1_209' title='bbox 2105 1729 2256 1794; x_wconf 74' lang='grc' dir='ltr'>ὄντος</span> <span class='ocrx_word' id='word_1_210' title='bbox 2285 1729 2564 1802; x_wconf 83' lang='grc' dir='ltr'>Γραφικοῦ</span> <span class='ocrx_word' id='word_1_211' title='bbox 2602 1729 2922 1800; x_wconf 80' lang='grc' dir='ltr'>ποταμοὺς</span> <span class='ocrx_word' id='word_1_212' title='bbox 2940 1730 3036 1783; x_wconf 74' lang='grc' dir='ltr'><strong>καὶ</strong></span> <span class='ocrx_word' id='word_1_213' title='bbox 3061 1728 3340 1794; x_wconf 82' lang='grc' dir='ltr'>θαλάσσας</span> <span class='ocrx_word' id='word_1_214' title='bbox 3368 1729 3462 1782; x_wconf 73' lang='grc' dir='ltr'>καὶ</span> <span class='ocrx_word' id='word_1_215' title='bbox 3493 1727 3693 1790; x_wconf 77' lang='grc' dir='ltr'>ὕδατα.</span> 
     </span>
    </p>
   </div>
   <div class='ocr_carea' id='block_1_34' title="bbox 412 1801 2002 1894">
    <p class='ocr_par' dir='ltr' id='par_1_34' title="bbox 412 1824 2002 1892">
     <span class='ocr_line' id='line_1_34' title="bbox 412 1824 2002 1892; baseline 0.001 -16"><span class='ocrx_word' id='word_1_216' title='bbox 412 1825 652 1892; x_wconf 87' lang='lat' dir='ltr'><strong>undique</strong></span> <span class='ocrx_word' id='word_1_217' title='bbox 710 1825 761 1877; x_wconf 90' lang='lat' dir='ltr'><strong>in</strong></span> <span class='ocrx_word' id='word_1_218' title='bbox 803 1824 1064 1877; x_wconf 78' lang='lat' dir='ltr'><strong>auxilium</strong></span> <span class='ocrx_word' id='word_1_219' title='bbox 1123 1825 1529 1890; x_wconf 88' lang='lat' dir='ltr'><strong>accersiverat;</strong></span> <span class='ocrx_word' id='word_1_220' title='bbox 1571 1839 1694 1879; x_wconf 78' lang='lat' dir='ltr'><strong>curn</strong></span> <span class='ocrx_word' id='word_1_221' title='bbox 1740 1825 1794 1878; x_wconf 92' lang='lat' dir='ltr'><strong>in</strong></span> <span class='ocrx_word' id='word_1_222' title='bbox 1850 1838 2002 1878; x_wconf 90' lang='lat' dir='ltr'><strong>more</strong></span> 
     </span>
    </p>
   </div>
   <div class='ocr_carea' id='block_1_35' title="bbox 2105 1801 3694 1894">
    <p class='ocr_par' dir='ltr' id='par_1_35' title="bbox 2110 1801 3694 1894">
     <span class='ocr_line' id='line_1_35' title="bbox 2110 1801 3694 1894; baseline -0.003 -18"><span class='ocrx_word' id='word_1_223' title='bbox 2110 1821 2285 1876; x_wconf 86' lang='grc' dir='ltr'>πολλά</span> <span class='ocrx_word' id='word_1_224' title='bbox 2311 1801 2499 1876; x_wconf 86' lang='grc' dir='ltr'>καλεῖν</span> <span class='ocrx_word' id='word_1_225' title='bbox 2523 1821 2672 1894; x_wconf 76' lang='grc' dir='ltr'>ἔθνη.</span> <span class='ocrx_word' id='word_1_226' title='bbox 2687 1822 2851 1892; x_wconf 84' lang='grc' dir='ltr'>Λέγει</span> <span class='ocrx_word' id='word_1_227' title='bbox 2887 1823 2997 1894; x_wconf 78' lang='grc' dir='ltr'>γὰρ</span> <span class='ocrx_word' id='word_1_228' title='bbox 3029 1823 3122 1876; x_wconf 71' lang='grc' dir='ltr'>καὶ</span> <span class='ocrx_word' id='word_1_229' title='bbox 3147 1821 3334 1876; x_wconf 86' lang='grc' dir='ltr'>Δαϐίδ·</span> <span class='ocrx_word' id='word_1_230' title='bbox 3360 1840 3379 1874; x_wconf 76' lang='grc' dir='ltr'><strong>ι</strong></span> <span class='ocrx_word' id='word_1_231' title='bbox 3399 1821 3555 1893; x_wconf 76' lang='grc' dir='ltr'>Φωνὴ</span> <span class='ocrx_word' id='word_1_232' title='bbox 3575 1824 3694 1875; x_wconf 70' lang='grc' dir='ltr'><strong>κν-</strong></span> 
     </span>
    </p>
   </div>
   <div class='ocr_carea' id='block_1_36' title="bbox 400 1915 1998 1985">
    <p class='ocr_par' dir='ltr' id='par_1_36' title="bbox 400 1915 1998 1985">
     <span class='ocr_line' id='line_1_36' title="bbox 400 1915 1998 1985; baseline 0.002 -22"><span class='ocrx_word' id='word_1_233' title='bbox 400 1916 698 1985; x_wconf 83' lang='lat' dir='ltr'><strong>.Scriptura</strong></span> <span class='ocrx_word' id='word_1_234' title='bbox 721 1916 939 1980; x_wconf 88' lang='lat' dir='ltr'><strong>haheat,</strong></span> <span class='ocrx_word' id='word_1_235' title='bbox 961 1915 1280 1984; x_wconf 76' lang='lat' dir='ltr'><strong>ﬂuviorum,</strong></span> <span class='ocrx_word' id='word_1_236' title='bbox 1315 1915 1614 1984; x_wconf 87' lang='lat' dir='ltr'><strong>marisque,</strong></span> <span class='ocrx_word' id='word_1_237' title='bbox 1647 1922 1702 1968; x_wconf 91' lang='lat' dir='ltr'><strong>et</strong></span> <span class='ocrx_word' id='word_1_238' title='bbox 1731 1927 1998 1982; x_wconf 81' lang='lat' dir='ltr'><strong>aquarum</strong></span> 
     </span>
    </p>
   </div>
   <div class='ocr_carea' id='block_1_37' title="bbox 411 2002 2001 2075">
    <p class='ocr_par' dir='ltr' id='par_1_37' title="bbox 411 2002 2001 2075">
     <span class='ocr_line' id='line_1_37' title="bbox 411 2002 2001 2075; baseline -0.001 -15"><span class='ocrx_word' id='word_1_239' title='bbox 411 2007 654 2072; x_wconf 78' lang='lat' dir='ltr'><strong>neruine,</strong></span> <span class='ocrx_word' id='word_1_240' title='bbox 689 2005 1010 2074; x_wconf 89' lang='lat' dir='ltr'><strong>populormu</strong></span> <span class='ocrx_word' id='word_1_241' title='bbox 1060 2004 1466 2059; x_wconf 76' lang='lat' dir='ltr'><strong>multitudinem</strong></span> <span class='ocrx_word' id='word_1_242' title='bbox 1523 2003 1858 2075; x_wconf 80' lang='lat' dir='ltr'><strong>signiﬁcare.</strong></span> <span class='ocrx_word' id='word_1_243' title='bbox 1909 2002 2001 2058; x_wconf 86' lang='lat' dir='ltr'><strong>Sic</strong></span> 
     </span>
    </p>
   </div>
   <div class='ocr_carea' id='block_1_38' title="bbox 395 2094 2001 2165">
    <p class='ocr_par' dir='ltr' id='par_1_38' title="bbox 395 2094 2001 2165">
     <span class='ocr_line' id='line_1_38' title="bbox 395 2094 2001 2165; baseline 0.001 -17"><span class='ocrx_word' id='word_1_244' title='bbox 395 2099 556 2153; x_wconf 74' lang='lat' dir='ltr'><strong>,cnim</strong></span> <span class='ocrx_word' id='word_1_245' title='bbox 582 2107 634 2149; x_wconf 85' lang='lat' dir='ltr'><strong>et</strong></span> <span class='ocrx_word' id='word_1_246' title='bbox 668 2095 868 2150; x_wconf 81' lang='lat' dir='ltr'><strong>David:</strong></span> <span class='ocrx_word' id='word_1_247' title='bbox 909 2114 927 2146; x_wconf 80' lang='grc' dir='ltr'><strong>ι</strong></span> <span class='ocrx_word' id='word_1_248' title='bbox 959 2094 1071 2150; x_wconf 79' lang='lat' dir='ltr'><strong>Vox</strong></span> <span class='ocrx_word' id='word_1_249' title='bbox 1107 2094 1317 2149; x_wconf 89' lang='lat' dir='ltr'><strong>Domini</strong></span> <span class='ocrx_word' id='word_1_250' title='bbox 1382 2110 1548 2164; x_wconf 88' lang='lat' dir='ltr'><strong>super</strong></span> <span class='ocrx_word' id='word_1_251' title='bbox 1578 2109 1750 2165; x_wconf 89' lang='lat' dir='ltr'><strong>aquas</strong></span> <span class='ocrx_word' id='word_1_252' title='bbox 1777 2095 1818 2149; x_wconf 71' lang='grc'>⁸.</span> <span class='ocrx_word' id='word_1_253' title='bbox 1861 2094 2001 2150; x_wconf 88' lang='lat' dir='ltr'><strong>Deus</strong></span> 
     </span>
    </p>
   </div>
   <div class='ocr_carea' id='block_1_39' title="bbox 412 2186 2003 2258">
    <p class='ocr_par' dir='ltr' id='par_1_39' title="bbox 412 2186 2003 2258">
     <span class='ocr_line' id='line_1_39' title="bbox 412 2186 2003 2258; baseline -0.002 -14"><span class='ocrx_word' id='word_1_254' title='bbox 412 2191 598 2253; x_wconf 65' lang='lat' dir='ltr'><strong>gloriae</strong></span> <span class='ocrx_word' id='word_1_255' title='bbox 629 2189 871 2244; x_wconf 88' lang='lat' dir='ltr'><strong>intonuit</strong></span> <span class='ocrx_word' id='word_1_256' title='bbox 900 2207 948 2256; x_wconf 79' lang='grc' dir='ltr'>;ι</span> <span class='ocrx_word' id='word_1_257' title='bbox 979 2196 1038 2244; x_wconf 89' lang='lat' dir='ltr'><strong>ut</strong></span> <span class='ocrx_word' id='word_1_258' title='bbox 1071 2189 1309 2243; x_wconf 86' lang='lat' dir='ltr'><strong>salutare</strong></span> <span class='ocrx_word' id='word_1_259' title='bbox 1347 2187 1606 2243; x_wconf 89' lang='lat' dir='ltr'><strong>nimirum</strong></span> <span class='ocrx_word' id='word_1_260' title='bbox 1632 2186 1836 2242; x_wconf 83' lang='lat' dir='ltr'><strong>Christi</strong></span> <span class='ocrx_word' id='word_1_261' title='bbox 1865 2201 2003 2258; x_wconf 79' lang='lat' dir='ltr'><strong>pra:-</strong></span> 
     </span>
    </p>
   </div>
   <div class='ocr_carea' id='block_1_40' title="bbox 406 2279 2002 2352">
    <p class='ocr_par' dir='ltr' id='par_1_40' title="bbox 406 2279 2002 2352">
     <span class='ocr_line' id='line_1_40' title="bbox 406 2279 2002 2352; baseline -0.001 -15"><span class='ocrx_word' id='word_1_262' title='bbox 406 2283 655 2348; x_wconf 81' lang='lat' dir='ltr'><strong>couium,</strong></span> <span class='ocrx_word' id='word_1_263' title='bbox 717 2281 862 2352; x_wconf 91' lang='lat' dir='ltr'><strong>quod</strong></span> <span class='ocrx_word' id='word_1_264' title='bbox 920 2282 1029 2334; x_wconf 81' lang='lat' dir='ltr'><strong>ulla</strong></span> <span class='ocrx_word' id='word_1_265' title='bbox 1093 2296 1226 2336; x_wconf 87' lang='lat' dir='ltr'><strong>voce</strong></span> <span class='ocrx_word' id='word_1_266' title='bbox 1276 2281 1626 2346; x_wconf 23' lang='lat' dir='ltr'><strong>rintonuerat,</strong></span> <span class='ocrx_word' id='word_1_267' title='bbox 1687 2279 1755 2334; x_wconf 87' lang='lat' dir='ltr'><strong>ad</strong></span> <span class='ocrx_word' id='word_1_268' title='bbox 1813 2288 2002 2350; x_wconf 84' lang='lat' dir='ltr'><strong>gentes</strong></span> 
     </span>
    </p>
   </div>
   <div class='ocr_carea' id='block_1_41' title="bbox 395 2370 2003 2446">
    <p class='ocr_par' dir='ltr' id='par_1_41' title="bbox 395 2370 2003 2446">
     <span class='ocr_line' id='line_1_41' title="bbox 395 2370 2003 2446; baseline -0.005 -12"><span class='ocrx_word' id='word_1_269' title='bbox 395 2383 732 2446; x_wconf 83' lang='lat' dir='ltr'><strong>.penetrasse</strong></span> <span class='ocrx_word' id='word_1_270' title='bbox 783 2373 1024 2428; x_wconf 81' lang='lat' dir='ltr'><strong>doceret.</strong></span> <span class='ocrx_word' id='word_1_271' title='bbox 1063 2371 1195 2428; x_wconf 73' lang='lat' dir='ltr'><strong>Tale</strong></span> <span class='ocrx_word' id='word_1_272' title='bbox 1229 2380 1313 2428; x_wconf 86' lang='lat' dir='ltr'><strong>est</strong></span> <span class='ocrx_word' id='word_1_273' title='bbox 1378 2381 1432 2428; x_wconf 90' lang='lat' dir='ltr'><strong>et</strong></span> <span class='ocrx_word' id='word_1_274' title='bbox 1476 2372 1652 2428; x_wconf 88' lang='lat' dir='ltr'><strong>illud:</strong></span> <span class='ocrx_word' id='word_1_275' title='bbox 1696 2390 1716 2424; x_wconf 78' lang='grc' dir='ltr'><strong>ι</strong></span> <span class='ocrx_word' id='word_1_276' title='bbox 1746 2370 2003 2427; x_wconf 86' lang='lat' dir='ltr'><strong>Elevave—</strong></span> 
     </span>
    </p>
   </div>
   <div class='ocr_carea' id='block_1_42' title="bbox 411 2463 2001 2536">
    <p class='ocr_par' dir='ltr' id='par_1_42' title="bbox 411 2463 2001 2536">
     <span class='ocr_line' id='line_1_42' title="bbox 411 2463 2001 2536; baseline -0.003 -16"><span class='ocrx_word' id='word_1_277' title='bbox 411 2476 541 2520; x_wconf 82' lang='lat' dir='ltr'><strong>runt</strong></span> <span class='ocrx_word' id='word_1_278' title='bbox 572 2465 733 2535; x_wconf 79' lang='lat'><strong>510</strong></span> <span class='ocrx_word' id='word_1_279' title='bbox 763 2464 986 2518; x_wconf 86' lang='lat' dir='ltr'><strong>ﬂumina</strong></span> <span class='ocrx_word' id='word_1_280' title='bbox 1012 2479 1175 2520; x_wconf 87' lang='lat' dir='ltr'><strong>voces</strong></span> <span class='ocrx_word' id='word_1_281' title='bbox 1204 2478 1333 2520; x_wconf 88' lang='lat' dir='ltr'><strong>snas</strong></span> <span class='ocrx_word' id='word_1_282' title='bbox 1357 2464 1398 2517; x_wconf 83' lang='grc'>⁸.</span> <span class='ocrx_word' id='word_1_283' title='bbox 1433 2483 1452 2516; x_wconf 79' lang='grc' dir='ltr'><strong>ι</strong></span> <span class='ocrx_word' id='word_1_284' title='bbox 1487 2464 1693 2536; x_wconf 64' lang='lat' dir='ltr'><strong>Magna!</strong></span> <span class='ocrx_word' id='word_1_285' title='bbox 1730 2463 2001 2534; x_wconf 83' lang='lat' dir='ltr'><strong>siquidem</strong></span> 
     </span>
    </p>
   </div>
   <div class='ocr_carea' id='block_1_43' title="bbox 407 2555 2002 2628">
    <p class='ocr_par' dir='ltr' id='par_1_43' title="bbox 407 2555 2002 2628">
     <span class='ocr_line' id='line_1_43' title="bbox 407 2555 2002 2628; baseline 0.001 -17"><span class='ocrx_word' id='word_1_286' title='bbox 407 2575 536 2613; x_wconf 80' lang='lat' dir='ltr'><strong>cum</strong></span> <span class='ocrx_word' id='word_1_287' title='bbox 562 2565 748 2614; x_wconf 88' lang='lat' dir='ltr'><strong>essent</strong></span> <span class='ocrx_word' id='word_1_288' title='bbox 771 2557 1144 2628; x_wconf 87' lang='lat' dir='ltr'><strong>apostolorum</strong></span> <span class='ocrx_word' id='word_1_289' title='bbox 1189 2570 1375 2622; x_wconf 91' lang='lat' dir='ltr'><strong>voces,</strong></span> <span class='ocrx_word' id='word_1_290' title='bbox 1404 2555 1565 2612; x_wconf 80' lang='lat' dir='ltr'><strong>facile</strong></span> <span class='ocrx_word' id='word_1_291' title='bbox 1597 2557 1728 2626; x_wconf 72' lang='lat' dir='ltr'><strong>ipsa:</strong></span> <span class='ocrx_word' id='word_1_292' title='bbox 1779 2557 2002 2612; x_wconf 82' lang='lat' dir='ltr'><strong>exaudi-</strong></span> 
     </span>
    </p>
   </div>
   <div class='ocr_carea' id='block_1_44' title="bbox 394 2637 2004 2722">
    <p class='ocr_par' dir='ltr' id='par_1_44' title="bbox 394 2637 2004 2722">
     <span class='ocr_line' id='line_1_44' title="bbox 394 2637 2004 2722; baseline 0.004 -23"><span class='ocrx_word' id='word_1_293' title='bbox 394 2662 480 2706; x_wconf 72' lang='grc' dir='ltr'>,ιω</span> <span class='ocrx_word' id='word_1_294' title='bbox 511 2637 818 2722; x_wconf 71' lang='lat' dir='ltr'><strong>agnitaeque</strong></span> <span class='ocrx_word' id='word_1_295' title='bbox 876 2661 1024 2706; x_wconf 88' lang='lat' dir='ltr'><strong>sunt.</strong></span> <span class='ocrx_word' id='word_1_296' title='bbox 1058 2649 1268 2704; x_wconf 89' lang='lat' dir='ltr'><strong>Dicitur</strong></span> <span class='ocrx_word' id='word_1_297' title='bbox 1293 2665 1422 2705; x_wconf 88' lang='lat' dir='ltr'><strong>vero</strong></span> <span class='ocrx_word' id='word_1_298' title='bbox 1451 2652 1614 2706; x_wconf 89' lang='lat' dir='ltr'><strong>etiam</strong></span> <span class='ocrx_word' id='word_1_299' title='bbox 1637 2650 1704 2706; x_wconf 92' lang='lat' dir='ltr'><strong>de</strong></span> <span class='ocrx_word' id='word_1_300' title='bbox 1727 2649 2004 2722; x_wconf 87' lang='lat' dir='ltr'><strong>Babylone</strong></span> 
     </span>
    </p>
   </div>
   <div class='ocr_carea' id='block_1_45' title="bbox 401 2739 1996 2814">
    <p class='ocr_par' dir='ltr' id='par_1_45' title="bbox 401 2739 1996 2814">
     <span class='ocr_line' id='line_1_45' title="bbox 401 2739 1996 2814; baseline -0.003 -16"><span class='ocrx_word' id='word_1_301' title='bbox 401 2757 464 2798; x_wconf 72' lang='lat' dir='ltr'><strong>et</strong></span> <span class='ocrx_word' id='word_1_302' title='bbox 490 2745 686 2799; x_wconf 84' lang='lat' dir='ltr'><strong>Ninive</strong></span> <span class='ocrx_word' id='word_1_303' title='bbox 715 2761 731 2799; x_wconf 88' lang='lat'><strong>:</strong></span> <span class='ocrx_word' id='word_1_304' title='bbox 767 2762 784 2795; x_wconf 81' lang='grc' dir='ltr'><strong>ι</strong></span> <span class='ocrx_word' id='word_1_305' title='bbox 813 2739 1100 2810; x_wconf 84' lang='lat' dir='ltr'><strong>Tanquam</strong></span> <span class='ocrx_word' id='word_1_306' title='bbox 1135 2758 1290 2813; x_wconf 74' lang='lat' dir='ltr'><strong>aqua:</strong></span> <span class='ocrx_word' id='word_1_307' title='bbox 1317 2743 1550 2814; x_wconf 77' lang='lat' dir='ltr'><strong>piscina,</strong></span> <span class='ocrx_word' id='word_1_308' title='bbox 1585 2758 1742 2814; x_wconf 77' lang='lat' dir='ltr'><strong>aqua:</strong></span> <span class='ocrx_word' id='word_1_309' title='bbox 1763 2742 1884 2813; x_wconf 86' lang='lat' dir='ltr'><strong>ejus</strong></span> <span class='ocrx_word' id='word_1_310' title='bbox 1906 2744 1946 2797; x_wconf 82' lang='grc'>⁸.</span> <span class='ocrx_word' id='word_1_311' title='bbox 1978 2760 1996 2793; x_wconf 76' lang='grc' dir='ltr'><strong>ι</strong></span> 
     </span>
    </p>
   </div>
   <div class='ocr_carea' id='block_1_46' title="bbox 409 2834 2006 2904">
    <p class='ocr_par' dir='ltr' id='par_1_46' title="bbox 409 2834 2006 2904">
     <span class='ocr_line' id='line_1_46' title="bbox 409 2834 2006 2904; baseline 0 -13"><span class='ocrx_word' id='word_1_312' title='bbox 409 2836 528 2891; x_wconf 83' lang='grc' dir='ltr'>Νοιι</span> <span class='ocrx_word' id='word_1_313' title='bbox 557 2836 758 2890; x_wconf 83' lang='lat' dir='ltr'><strong>desunt</strong></span> <span class='ocrx_word' id='word_1_314' title='bbox 777 2844 964 2890; x_wconf 82' lang='lat' dir='ltr'><strong>tamen</strong></span> <span class='ocrx_word' id='word_1_315' title='bbox 989 2835 1080 2904; x_wconf 90' lang='lat' dir='ltr'><strong>qui</strong></span> <span class='ocrx_word' id='word_1_316' title='bbox 1105 2836 1284 2904; x_wconf 80' lang='lat' dir='ltr'><strong>abyssi</strong></span> <span class='ocrx_word' id='word_1_317' title='bbox 1313 2835 1552 2902; x_wconf 83' lang='lat' dir='ltr'><strong>nomine,</strong></span> <span class='ocrx_word' id='word_1_318' title='bbox 1577 2834 1824 2891; x_wconf 78' lang='lat' dir='ltr'><strong>Rubrum</strong></span> <span class='ocrx_word' id='word_1_319' title='bbox 1857 2849 2006 2891; x_wconf 84' lang='lat' dir='ltr'><strong>mare</strong></span> 
     </span>
    </p>
   </div>
   <div class='ocr_carea' id='block_1_47' title="bbox 413 2926 2001 2998">
    <p class='ocr_par' dir='ltr' id='par_1_47' title="bbox 413 2926 2001 2998">
     <span class='ocr_line' id='line_1_47' title="bbox 413 2926 2001 2998; baseline -0.001 -16"><span class='ocrx_word' id='word_1_320' title='bbox 413 2929 742 2997; x_wconf 79' lang='lat' dir='ltr'><strong>intelligunt,</strong></span> <span class='ocrx_word' id='word_1_321' title='bbox 783 2926 928 2997; x_wconf 90' lang='lat' dir='ltr'><strong>quod</strong></span> <span class='ocrx_word' id='word_1_322' title='bbox 979 2927 1182 2998; x_wconf 89' lang='lat' dir='ltr'><strong>populo</strong></span> <span class='ocrx_word' id='word_1_323' title='bbox 1237 2926 1548 2996; x_wconf 77' lang='lat' dir='ltr'><strong>trajiciente</strong></span> <span class='ocrx_word' id='word_1_324' title='bbox 1577 2926 1814 2984; x_wconf 88' lang='lat' dir='ltr'><strong>divisum</strong></span> <span class='ocrx_word' id='word_1_325' title='bbox 1869 2935 2001 2982; x_wconf 80' lang='lat' dir='ltr'><strong>est:</strong></span> 
     </span>
    </p>
   </div>
   <div class='ocr_carea' id='block_1_48' title="bbox 397 3018 2004 3092">
    <p class='ocr_par' dir='ltr' id='par_1_48' title="bbox 397 3018 2004 3092">
     <span class='ocr_line' id='line_1_48' title="bbox 397 3018 2004 3092; baseline 0 -17"><span class='ocrx_word' id='word_1_326' title='bbox 397 3023 555 3076; x_wconf 77' lang='lat' dir='ltr'><strong>sicut</strong></span> <span class='ocrx_word' id='word_1_327' title='bbox 589 3036 685 3090; x_wconf 88' lang='lat' dir='ltr'><strong>per</strong></span> <span class='ocrx_word' id='word_1_328' title='bbox 713 3019 1007 3074; x_wconf 86' lang='lat' dir='ltr'><strong>desiccatos</strong></span> <span class='ocrx_word' id='word_1_329' title='bbox 1050 3020 1257 3089; x_wconf 79' lang='lat' dir='ltr'><strong>ﬂuvios,</strong></span> <span class='ocrx_word' id='word_1_330' title='bbox 1291 3018 1608 3086; x_wconf 75' lang='lat' dir='ltr'><strong>Iordanem,</strong></span> <span class='ocrx_word' id='word_1_331' title='bbox 1637 3021 1731 3092; x_wconf 91' lang='lat' dir='ltr'><strong>qui</strong></span> <span class='ocrx_word' id='word_1_332' title='bbox 1769 3020 1822 3074; x_wconf 92' lang='lat' dir='ltr'><strong>in</strong></span> <span class='ocrx_word' id='word_1_333' title='bbox 1857 3019 2004 3089; x_wconf 83' lang='lat' dir='ltr'><strong>ejus-</strong></span> 
     </span>
    </p>
   </div>
   <div class='ocr_carea' id='block_1_49' title="bbox 2109 1913 3698 1987">
    <p class='ocr_par' dir='ltr' id='par_1_49' title="bbox 2109 1913 3698 1987">
     <span class='ocr_line' id='line_1_49' title="bbox 2109 1913 3698 1987; baseline 0.003 -19"><span class='ocrx_word' id='word_1_334' title='bbox 2109 1913 2224 1986; x_wconf 77' lang='grc' dir='ltr'>ρεου</span> <span class='ocrx_word' id='word_1_335' title='bbox 2247 1915 2462 1968; x_wconf 76' lang='grc' dir='ltr'>ἐπὶτῶν</span> <span class='ocrx_word' id='word_1_336' title='bbox 2480 1914 2708 1969; x_wconf 80' lang='grc' dir='ltr'>ὑδάτων.</span> <span class='ocrx_word' id='word_1_337' title='bbox 2728 1915 2786 1968; x_wconf 86' lang='lat'><strong>&#39;0</strong></span> <span class='ocrx_word' id='word_1_338' title='bbox 2807 1913 2938 1979; x_wconf 82' lang='grc' dir='ltr'>Θεὸς</span> <span class='ocrx_word' id='word_1_339' title='bbox 2955 1915 3054 1984; x_wconf 81' lang='grc' dir='ltr'>τῆς</span> <span class='ocrx_word' id='word_1_340' title='bbox 3073 1913 3232 1986; x_wconf 80' lang='grc' dir='ltr'>δόξης</span> <span class='ocrx_word' id='word_1_341' title='bbox 3251 1915 3605 1987; x_wconf 84' lang='grc' dir='ltr'>ἐϐρόντησεν,</span> <span class='ocrx_word' id='word_1_342' title='bbox 3621 1936 3698 1974; x_wconf 76' lang='grc' dir='ltr'>»τι</span> 
     </span>
    </p>
   </div>
   <div class='ocr_carea' id='block_1_50' title="bbox 2108 2003 3694 2076">
    <p class='ocr_par' dir='ltr' id='par_1_50' title="bbox 2108 2003 3694 2076">
     <span class='ocr_line' id='line_1_50' title="bbox 2108 2003 3694 2076; baseline -0.001 -19"><span class='ocrx_word' id='word_1_343' title='bbox 2108 2005 2374 2074; x_wconf 84' lang='grc' dir='ltr'>σωτήριον</span> <span class='ocrx_word' id='word_1_344' title='bbox 2412 2005 2677 2076; x_wconf 83' lang='grc' dir='ltr'>κήρυγμα</span> <span class='ocrx_word' id='word_1_345' title='bbox 2713 2003 2937 2060; x_wconf 82' lang='grc' dir='ltr'>διὰ-τῶν</span> <span class='ocrx_word' id='word_1_346' title='bbox 2979 2004 3151 2058; x_wconf 80' lang='grc' dir='ltr'>ἐθνῶν</span> <span class='ocrx_word' id='word_1_347' title='bbox 3189 2004 3566 2076; x_wconf 81' lang='grc' dir='ltr'>κεχωρηκέναι</span> <span class='ocrx_word' id='word_1_348' title='bbox 3594 2003 3694 2073; x_wconf 64' lang='grc' dir='ltr'>δην</span> 
     </span>
    </p>
   </div>
   <div class='ocr_carea' id='block_1_51' title="bbox 2104 2094 3684 2167">
    <p class='ocr_par' dir='ltr' id='par_1_51' title="bbox 2104 2094 3684 2167">
     <span class='ocr_line' id='line_1_51' title="bbox 2104 2094 3684 2167; baseline -0.002 -18"><span class='ocrx_word' id='word_1_349' title='bbox 2104 2095 2211 2149; x_wconf 90' lang='grc' dir='ltr'><strong>λῶν</strong></span> <span class='ocrx_word' id='word_1_350' title='bbox 2233 2094 2409 2166; x_wconf 81' lang='grc' dir='ltr'>ὑψηλῇ</span> <span class='ocrx_word' id='word_1_351' title='bbox 2435 2094 2737 2167; x_wconf 78' lang='grc' dir='ltr'>βροντῆσαν</span> <span class='ocrx_word' id='word_1_352' title='bbox 2781 2098 2956 2167; x_wconf 71' lang='grc' dir='ltr'>φωνῇ.</span> <span class='ocrx_word' id='word_1_353' title='bbox 2977 2095 3231 2149; x_wconf 80' lang='grc' dir='ltr'>Τοιοῦτον</span> <span class='ocrx_word' id='word_1_354' title='bbox 3275 2095 3371 2148; x_wconf 80' lang='grc' dir='ltr'>καὶ</span> <span class='ocrx_word' id='word_1_355' title='bbox 3391 2096 3472 2162; x_wconf 80' lang='grc' dir='ltr'>τὸ,</span> <span class='ocrx_word' id='word_1_356' title='bbox 3503 2113 3522 2146; x_wconf 80' lang='grc' dir='ltr'><strong>ι</strong></span> <span class='ocrx_word' id='word_1_357' title='bbox 3561 2095 3684 2147; x_wconf 75' lang='grc' dir='ltr'>Ἐπι</span> 
     </span>
    </p>
   </div>
   <div class='ocr_carea' id='block_1_52' title="bbox 2103 2186 3692 2258">
    <p class='ocr_par' dir='ltr' id='par_1_52' title="bbox 2103 2186 3692 2258">
     <span class='ocr_line' id='line_1_52' title="bbox 2103 2186 3692 2258; baseline -0.001 -19"><span class='ocrx_word' id='word_1_358' title='bbox 2103 2187 2244 2257; x_wconf 79' lang='grc' dir='ltr'>ἦραν</span> <span class='ocrx_word' id='word_1_359' title='bbox 2267 2187 2316 2240; x_wconf 84' lang='grc' dir='ltr'>οἱ</span> <span class='ocrx_word' id='word_1_360' title='bbox 2349 2187 2586 2258; x_wconf 79' lang='grc' dir='ltr'>ποταμοὶ</span> <span class='ocrx_word' id='word_1_361' title='bbox 2613 2186 2798 2257; x_wconf 83' lang='grc' dir='ltr'>φωνὰς</span> <span class='ocrx_word' id='word_1_362' title='bbox 2822 2186 3023 2240; x_wconf 83' lang='grc' dir='ltr'>αὐτῶν.</span> <span class='ocrx_word' id='word_1_363' title='bbox 3041 2206 3059 2239; x_wconf 76' lang='grc' dir='ltr'><strong>ι</strong></span> <span class='ocrx_word' id='word_1_364' title='bbox 3088 2187 3340 2255; x_wconf 84' lang='grc' dir='ltr'>Μεγάλαι</span> <span class='ocrx_word' id='word_1_365' title='bbox 3371 2187 3479 2258; x_wconf 80' lang='grc' dir='ltr'><strong>γὰρ</strong></span> <span class='ocrx_word' id='word_1_366' title='bbox 3499 2187 3555 2238; x_wconf 72' lang='grc' dir='ltr'>αἱ</span> <span class='ocrx_word' id='word_1_367' title='bbox 3581 2187 3692 2239; x_wconf 84' lang='grc' dir='ltr'><strong>τῶν</strong></span> 
     </span>
    </p>
   </div>
   <div class='ocr_carea' id='block_1_53' title="bbox 2104 2273 3690 2350">
    <p class='ocr_par' dir='ltr' id='par_1_53' title="bbox 2104 2273 3690 2350">
     <span class='ocr_line' id='line_1_53' title="bbox 2104 2273 3690 2350; baseline -0.001 -18"><span class='ocrx_word' id='word_1_368' title='bbox 2104 2277 2421 2332; x_wconf 71' lang='grc' dir='ltr'>ἀποστόλων</span> <span class='ocrx_word' id='word_1_369' title='bbox 2453 2273 2611 2332; x_wconf 81' lang='grc' dir='ltr'>οὖσαι</span> <span class='ocrx_word' id='word_1_370' title='bbox 2647 2280 2822 2348; x_wconf 69' lang='grc' dir='ltr'>φωναὶ</span> <span class='ocrx_word' id='word_1_371' title='bbox 2845 2278 3106 2346; x_wconf 86' lang='grc' dir='ltr'>γεγόνασι</span> <span class='ocrx_word' id='word_1_372' title='bbox 3134 2277 3424 2349; x_wconf 82' lang='grc' dir='ltr'>γνώριμοι.</span> <span class='ocrx_word' id='word_1_373' title='bbox 3457 2277 3690 2350; x_wconf 78' lang='grc' dir='ltr'>Εἴρηται</span> 
     </span>
    </p>
   </div>
   <div class='ocr_carea' id='block_1_54' title="bbox 2105 2368 3694 2442">
    <p class='ocr_par' dir='ltr' id='par_1_54' title="bbox 2105 2368 3694 2442">
     <span class='ocr_line' id='line_1_54' title="bbox 2105 2368 3694 2442; baseline -0.001 -20"><span class='ocrx_word' id='word_1_374' title='bbox 2105 2368 2164 2422; x_wconf 82' lang='grc' dir='ltr'>δὲ</span> <span class='ocrx_word' id='word_1_375' title='bbox 2210 2370 2306 2422; x_wconf 77' lang='grc' dir='ltr'>καὶ</span> <span class='ocrx_word' id='word_1_376' title='bbox 2350 2369 2478 2440; x_wconf 72' lang='grc' dir='ltr'>περὶ</span> <span class='ocrx_word' id='word_1_377' title='bbox 2528 2369 2848 2433; x_wconf 87' lang='grc' dir='ltr'>Βαϐυλῶνος</span> <span class='ocrx_word' id='word_1_378' title='bbox 2904 2370 3075 2442; x_wconf 82' lang='grc' dir='ltr'>αὐτῆς</span> <span class='ocrx_word' id='word_1_379' title='bbox 3125 2370 3217 2423; x_wconf 74' lang='grc' dir='ltr'>καὶ</span> <span class='ocrx_word' id='word_1_380' title='bbox 3260 2369 3501 2441; x_wconf 83' lang='grc' dir='ltr'>Νηνευὴ,</span> <span class='ocrx_word' id='word_1_381' title='bbox 3539 2389 3557 2420; x_wconf 77' lang='grc' dir='ltr'><strong>ι</strong></span> <span class='ocrx_word' id='word_1_382' title='bbox 3601 2369 3694 2431; x_wconf 82' lang='grc' dir='ltr'>Ὠς</span> 
     </span>
    </p>
   </div>
   <div class='ocr_carea' id='block_1_55' title="bbox 2106 2451 3695 2533">
    <p class='ocr_par' dir='ltr' id='par_1_55' title="bbox 2106 2451 3695 2533">
     <span class='ocr_line' id='line_1_55' title="bbox 2106 2451 3695 2533; baseline -0.003 -16"><span class='ocrx_word' id='word_1_383' title='bbox 2106 2451 2464 2533; x_wconf 80' lang='grc' dir='ltr'>κολυμϐήθρα</span> <span class='ocrx_word' id='word_1_384' title='bbox 2520 2462 2713 2526; x_wconf 80' lang='grc' dir='ltr'>ὓδατος</span> <span class='ocrx_word' id='word_1_385' title='bbox 2765 2461 2835 2516; x_wconf 83' lang='grc' dir='ltr'><strong>τά</strong></span> <span class='ocrx_word' id='word_1_386' title='bbox 2891 2461 3060 2516; x_wconf 78' lang='grc' dir='ltr'>ὕδατα</span> <span class='ocrx_word' id='word_1_387' title='bbox 3109 2462 3298 2532; x_wconf 80' lang='grc' dir='ltr'>αὐτῆς.</span> <span class='ocrx_word' id='word_1_388' title='bbox 3349 2480 3368 2513; x_wconf 76' lang='grc' dir='ltr'><strong>ι</strong></span> <span class='ocrx_word' id='word_1_389' title='bbox 3423 2461 3578 2524; x_wconf 80' lang='grc' dir='ltr'>Τινὲς</span> <span class='ocrx_word' id='word_1_390' title='bbox 3635 2461 3695 2514; x_wconf 79' lang='grc' dir='ltr'>δὲ</span> 
     </span>
    </p>
   </div>
   <div class='ocr_carea' id='block_1_56' title="bbox 2107 2554 3700 2627">
    <p class='ocr_par' dir='ltr' id='par_1_56' title="bbox 2107 2554 3700 2627">
     <span class='ocr_line' id='line_1_56' title="bbox 2107 2554 3700 2627; baseline 0 -19"><span class='ocrx_word' id='word_1_391' title='bbox 2107 2557 2384 2610; x_wconf 83' lang='grc' dir='ltr'>ἄϐυσσον</span> <span class='ocrx_word' id='word_1_392' title='bbox 2424 2556 2681 2627; x_wconf 72' lang='grc' dir='ltr'>εἰρήκασι</span> <span class='ocrx_word' id='word_1_393' title='bbox 2723 2557 2824 2627; x_wconf 84' lang='grc' dir='ltr'><strong>τὴν</strong></span> <span class='ocrx_word' id='word_1_394' title='bbox 2850 2554 3122 2626; x_wconf 83' lang='grc' dir='ltr'>Ἐρυθρὰν</span> <span class='ocrx_word' id='word_1_395' title='bbox 3165 2554 3443 2610; x_wconf 82' lang='grc' dir='ltr'>θάλασσαν</span> <span class='ocrx_word' id='word_1_396' title='bbox 3469 2555 3700 2626; x_wconf 80' lang='grc' dir='ltr'>ἐρημωο</span> 
     </span>
    </p>
   </div>
   <div class='ocr_carea' id='block_1_57' title="bbox 2107 2648 3695 2721">
    <p class='ocr_par' dir='ltr' id='par_1_57' title="bbox 2107 2648 3695 2721">
     <span class='ocr_line' id='line_1_57' title="bbox 2107 2648 3695 2721; baseline 0 -19"><span class='ocrx_word' id='word_1_397' title='bbox 2107 2648 2314 2714; x_wconf 82' lang='grc' dir='ltr'>θεῖσαν,</span> <span class='ocrx_word' id='word_1_398' title='bbox 2337 2649 2426 2704; x_wconf 75' lang='grc' dir='ltr'>ὅτε</span> <span class='ocrx_word' id='word_1_399' title='bbox 2451 2649 2636 2720; x_wconf 83' lang='grc' dir='ltr'>διέστη</span> <span class='ocrx_word' id='word_1_400' title='bbox 2667 2649 2960 2720; x_wconf 82' lang='grc' dir='ltr'>παριόντος</span> <span class='ocrx_word' id='word_1_401' title='bbox 2983 2649 3156 2721; x_wconf 80' lang='grc' dir='ltr'>αὐτὴν</span> <span class='ocrx_word' id='word_1_402' title='bbox 3185 2648 3281 2704; x_wconf 80' lang='grc' dir='ltr'><strong>τοῦ</strong></span> <span class='ocrx_word' id='word_1_403' title='bbox 3308 2648 3439 2704; x_wconf 83' lang='grc' dir='ltr'>λαοῦ</span> <span class='ocrx_word' id='word_1_404' title='bbox 3464 2664 3477 2678; x_wconf 90' lang='grc'><strong>·</strong></span> <span class='ocrx_word' id='word_1_405' title='bbox 3503 2651 3695 2702; x_wconf 87' lang='grc' dir='ltr'>Ποτα-</span> 
     </span>
    </p>
   </div>
   <div class='ocr_carea' id='block_1_58' title="bbox 2100 2740 3692 2812">
    <p class='ocr_par' dir='ltr' id='par_1_58' title="bbox 2100 2740 3692 2812">
     <span class='ocr_line' id='line_1_58' title="bbox 2100 2740 3692 2812; baseline -0.001 -16"><span class='ocrx_word' id='word_1_406' title='bbox 2100 2742 2255 2812; x_wconf 79' lang='grc' dir='ltr'>μοὺς</span> <span class='ocrx_word' id='word_1_407' title='bbox 2283 2741 2342 2795; x_wconf 82' lang='grc' dir='ltr'>δὲ</span> <span class='ocrx_word' id='word_1_408' title='bbox 2363 2741 2900 2811; x_wconf 77' lang='grc' dir='ltr'>ξηρανθέντας,τὸν</span> <span class='ocrx_word' id='word_1_409' title='bbox 2937 2740 3212 2812; x_wconf 82' lang='grc' dir='ltr'>Ἰορδάνην</span> <span class='ocrx_word' id='word_1_410' title='bbox 3239 2741 3692 2811; x_wconf 81' lang='grc' dir='ltr'>ἀναχαιτίσαντα.</span> 
     </span>
    </p>
   </div>
   <div class='ocr_carea' id='block_1_59' title="bbox 2105 2823 3756 2900">
    <p class='ocr_par' dir='ltr' id='par_1_59' title="bbox 2105 2823 3756 2900">
     <span class='ocr_line' id='line_1_59' title="bbox 2105 2823 3756 2900; baseline -0.002 -15"><span class='ocrx_word' id='word_1_411' title='bbox 2105 2833 2183 2885; x_wconf 87' lang='grc' dir='ltr'><strong>Δι’</strong></span> <span class='ocrx_word' id='word_1_412' title='bbox 2204 2823 2278 2886; x_wconf 82' lang='grc' dir='ltr'>ὧν</span> <span class='ocrx_word' id='word_1_413' title='bbox 2300 2830 2598 2885; x_wconf 76' lang='grc' dir='ltr'>ὑποϐάλλει</span> <span class='ocrx_word' id='word_1_414' title='bbox 2614 2832 2779 2897; x_wconf 79' lang='grc' dir='ltr'>νοεῖν,</span> <span class='ocrx_word' id='word_1_415' title='bbox 2795 2829 2872 2894; x_wconf 85' lang='grc' dir='ltr'><strong>ὡς</strong></span> <span class='ocrx_word' id='word_1_416' title='bbox 2899 2829 2968 2885; x_wconf 74' lang='grc' dir='ltr'><strong>Εἴ</strong></span> <span class='ocrx_word' id='word_1_417' title='bbox 2997 2847 3087 2900; x_wconf 90' lang='grc' dir='ltr'><strong>μοι</strong></span> <span class='ocrx_word' id='word_1_418' title='bbox 3112 2830 3340 2894; x_wconf 79' lang='grc' dir='ltr'>ἑαυτοὺς</span> <span class='ocrx_word' id='word_1_419' title='bbox 3363 2829 3695 2899; x_wconf 84' lang='grc' dir='ltr'>ἐπιδὼσητε,</span> <span class='ocrx_word' id='word_1_420' title='bbox 3753 2823 3756 2826; x_wconf 59' lang='grc'><strong>’</strong></span> 
     </span>
    </p>
   </div>
   <div class='ocr_carea' id='block_1_60' title="bbox 2105 2915 3701 2990">
    <p class='ocr_par' dir='ltr' id='par_1_60' title="bbox 2105 2915 3701 2990">
     <span class='ocr_line' id='line_1_60' title="bbox 2105 2915 3701 2990; baseline -0.005 -14"><span class='ocrx_word' id='word_1_421' title='bbox 2105 2922 2233 2985; x_wconf 79' lang='grc' dir='ltr'>τοὺς</span> <span class='ocrx_word' id='word_1_422' title='bbox 2286 2920 2585 2990; x_wconf 77' lang='grc' dir='ltr'>λογισμοὺς</span> <span class='ocrx_word' id='word_1_423' title='bbox 2627 2917 2782 2990; x_wconf 85' lang='grc' dir='ltr'>ὑμῶν</span> <span class='ocrx_word' id='word_1_424' title='bbox 2831 2916 3068 2988; x_wconf 81' lang='grc' dir='ltr'>κοιμίσω</span> <span class='ocrx_word' id='word_1_425' title='bbox 3113 2916 3553 2988; x_wconf 84' lang='grc' dir='ltr'>κυμαινομένους</span> <span class='ocrx_word' id='word_1_426' title='bbox 3594 2915 3701 2970; x_wconf 60' lang='grc' dir='ltr'><strong>καλ⁹</strong></span> 
     </span>
    </p>
   </div>
   <div class='ocr_carea' id='block_1_61' title="bbox 2099 3007 3700 3084">
    <p class='ocr_par' dir='ltr' id='par_1_61' title="bbox 2099 3007 3700 3084">
     <span class='ocr_line' id='line_1_61' title="bbox 2099 3007 3700 3084; baseline -0.004 -16"><span class='ocrx_word' id='word_1_427' title='bbox 2099 3012 2348 3081; x_wconf 78' lang='grc' dir='ltr'>ξηρανῶ</span> <span class='ocrx_word' id='word_1_428' title='bbox 2378 3011 2822 3084; x_wconf 83' lang='grc' dir='ltr'>πλημμυρούσας</span> <span class='ocrx_word' id='word_1_429' title='bbox 2866 3010 2967 3074; x_wconf 82' lang='grc' dir='ltr'>τὰς</span> <span class='ocrx_word' id='word_1_430' title='bbox 2996 3009 3212 3080; x_wconf 74' lang='grc' dir='ltr'>ἡδονάς.</span> <span class='ocrx_word' id='word_1_431' title='bbox 3243 3009 3355 3063; x_wconf 73' lang='grc' dir='ltr'><strong>Καὶ</strong></span> <span class='ocrx_word' id='word_1_432' title='bbox 3386 3007 3560 3062; x_wconf 82' lang='grc' dir='ltr'>ταῦτα</span> <span class='ocrx_word' id='word_1_433' title='bbox 3591 3009 3700 3078; x_wconf 82' lang='grc' dir='ltr'>μὲν</span> 
     </span>
    </p>
   </div>
   <div class='ocr_carea' id='block_1_62' title="bbox 336 3101 2002 3198">
    <p class='ocr_par' dir='ltr' id='par_1_62' title="bbox 336 3113 2002 3184">
     <span class='ocr_line' id='line_1_62' title="bbox 336 3113 2002 3184; baseline 0.001 -17"><span class='ocrx_word' id='word_1_434' title='bbox 336 3121 339 3124; x_wconf 85' lang='grc'><em>’</em></span> <span class='ocrx_word' id='word_1_435' title='bbox 398 3113 534 3168; x_wconf 64' lang='lat' dir='ltr'><strong>,dcm</strong></span> <span class='ocrx_word' id='word_1_436' title='bbox 563 3113 793 3183; x_wconf 86' lang='lat' dir='ltr'><strong>gratiam</strong></span> <span class='ocrx_word' id='word_1_437' title='bbox 820 3121 1132 3168; x_wconf 87' lang='lat' dir='ltr'><strong>retroactus</strong></span> <span class='ocrx_word' id='word_1_438' title='bbox 1159 3129 1383 3169; x_wconf 88' lang='lat' dir='ltr'><strong>cursum</strong></span> <span class='ocrx_word' id='word_1_439' title='bbox 1409 3114 1696 3184; x_wconf 89' lang='lat' dir='ltr'><strong>suspendit</strong></span> <span class='ocrx_word' id='word_1_440' title='bbox 1719 3114 1766 3169; x_wconf 85' lang='lat'><strong>&#39;.</strong></span> <span class='ocrx_word' id='word_1_441' title='bbox 1794 3114 2002 3180; x_wconf 84' lang='lat' dir='ltr'><strong>Quibus</strong></span> 
     </span>
    </p>
   </div>
   <div class='ocr_carea' id='block_1_63' title="bbox 2105 3101 3698 3198">
    <p class='ocr_par' dir='ltr' id='par_1_63' title="bbox 2106 3101 3698 3175">
     <span class='ocr_line' id='line_1_63' title="bbox 2106 3101 3698 3175; baseline -0.004 -16"><span class='ocrx_word' id='word_1_442' title='bbox 2106 3101 2276 3159; x_wconf 71' lang='grc' dir='ltr'>οὗτοι.</span> <span class='ocrx_word' id='word_1_443' title='bbox 2312 3105 2395 3158; x_wconf 79' lang='grc' dir='ltr'><strong>Τὰ</strong></span> <span class='ocrx_word' id='word_1_444' title='bbox 2424 3104 2482 3158; x_wconf 79' lang='grc' dir='ltr'>δὲ</span> <span class='ocrx_word' id='word_1_445' title='bbox 2527 3103 2652 3159; x_wconf 87' lang='grc' dir='ltr'>καθ’</span> <span class='ocrx_word' id='word_1_446' title='bbox 2687 3103 2834 3175; x_wconf 78' lang='grc' dir='ltr'>ὑμᾶς</span> <span class='ocrx_word' id='word_1_447' title='bbox 2873 3119 2936 3157; x_wconf 74' lang='grc' dir='ltr'><strong>τε</strong></span> <span class='ocrx_word' id='word_1_448' title='bbox 2968 3103 3062 3158; x_wconf 77' lang='grc' dir='ltr'>καὶ</span> <span class='ocrx_word' id='word_1_449' title='bbox 3098 3101 3478 3165; x_wconf 78' lang='grc' dir='ltr'>Βαϐυλωνίους</span> <span class='ocrx_word' id='word_1_450' title='bbox 3511 3101 3698 3154; x_wconf 79' lang='grc' dir='ltr'>πάντα</span> 
     </span>
    </p>
   </div>
   <div class='ocr_carea' id='block_1_64' title="bbox 411 3188 2002 3272">
    <p class='ocr_par' dir='ltr' id='par_1_64' title="bbox 411 3202 2002 3272">
     <span class='ocr_line' id='line_1_64' title="bbox 411 3202 2002 3272; baseline 0.004 -18"><span class='ocrx_word' id='word_1_451' title='bbox 411 3203 630 3272; x_wconf 79' lang='lat' dir='ltr'><strong>quidem</strong></span> <span class='ocrx_word' id='word_1_452' title='bbox 670 3202 856 3269; x_wconf 80' lang='lat' dir='ltr'><strong>Deum,</strong></span> <span class='ocrx_word' id='word_1_453' title='bbox 890 3203 935 3258; x_wconf 90' lang='lat' dir='ltr'><strong>si</strong></span> <span class='ocrx_word' id='word_1_454' title='bbox 969 3220 1068 3259; x_wconf 90' lang='lat' dir='ltr'><strong>nos</strong></span> <span class='ocrx_word' id='word_1_455' title='bbox 1100 3204 1149 3258; x_wconf 87' lang='lat' dir='ltr'><strong>ei</strong></span> <span class='ocrx_word' id='word_1_456' title='bbox 1177 3204 1636 3268; x_wconf 83' lang='lat' dir='ltr'><strong>commiserimus,</strong></span> <span class='ocrx_word' id='word_1_457' title='bbox 1670 3203 2002 3260; x_wconf 84' lang='lat' dir='ltr'><strong>ﬂuctuantes</strong></span> 
     </span>
    </p>
   </div>
   <div class='ocr_carea' id='block_1_65' title="bbox 2105 3188 3700 3272">
    <p class='ocr_par' dir='ltr' id='par_1_65' title="bbox 2111 3188 3700 3268">
     <span class='ocr_line' id='line_1_65' title="bbox 2111 3188 3700 3268; baseline -0.003 -17"><span class='ocrx_word' id='word_1_458' title='bbox 2111 3197 2346 3268; x_wconf 83' lang='grc' dir='ltr'>ποιήσω,</span> <span class='ocrx_word' id='word_1_459' title='bbox 2390 3196 2548 3266; x_wconf 62' lang='grc' dir='ltr'>φησι,</span> <span class='ocrx_word' id='word_1_460' title='bbox 2597 3195 2836 3266; x_wconf 84' lang='grc' dir='ltr'>διακόνῳ</span> <span class='ocrx_word' id='word_1_461' title='bbox 2861 3196 3213 3267; x_wconf 86' lang='grc' dir='ltr'>χρησάμενος</span> <span class='ocrx_word' id='word_1_462' title='bbox 3262 3195 3439 3266; x_wconf 73' lang='grc' dir='ltr'>ἀνδρὶ,</span> <span class='ocrx_word' id='word_1_463' title='bbox 3485 3188 3547 3249; x_wconf 72' lang='grc' dir='ltr'><strong>οὗ</strong></span> <span class='ocrx_word' id='word_1_464' title='bbox 3597 3194 3700 3247; x_wconf 75' lang='grc' dir='ltr'>καὶ</span> 
     </span>
    </p>
   </div>
   <div class='ocr_carea' id='block_1_66' title="bbox 397 3284 2002 3365">
    <p class='ocr_par' dir='ltr' id='par_1_66' title="bbox 397 3293 2002 3365">
     <span class='ocr_line' id='line_1_66' title="bbox 397 3293 2002 3365; baseline 0.002 -19"><span class='ocrx_word' id='word_1_465' title='bbox 397 3294 584 3350; x_wconf 80' lang='lat' dir='ltr'><strong>animi</strong></span> <span class='ocrx_word' id='word_1_466' title='bbox 612 3293 975 3364; x_wconf 83' lang='lat' dir='ltr'><strong>cogitationes</strong></span> <span class='ocrx_word' id='word_1_467' title='bbox 1010 3307 1070 3349; x_wconf 89' lang='lat' dir='ltr'><strong>se</strong></span> <span class='ocrx_word' id='word_1_468' title='bbox 1117 3294 1395 3359; x_wconf 90' lang='lat' dir='ltr'><strong>daturum,</strong></span> <span class='ocrx_word' id='word_1_469' title='bbox 1437 3303 1490 3348; x_wconf 90' lang='lat' dir='ltr'><strong>et</strong></span> <span class='ocrx_word' id='word_1_470' title='bbox 1524 3295 1866 3365; x_wconf 80' lang='lat' dir='ltr'><strong>voluptatum</strong></span> <span class='ocrx_word' id='word_1_471' title='bbox 1901 3310 2002 3349; x_wconf 79' lang='lat' dir='ltr'><strong>un-</strong></span> 
     </span>
    </p>
   </div>
   <div class='ocr_carea' id='block_1_67' title="bbox 2105 3284 3699 3365">
    <p class='ocr_par' dir='ltr' id='par_1_67' title="bbox 2107 3284 3699 3359">
     <span class='ocr_line' id='line_1_67' title="bbox 2107 3284 3699 3359; baseline -0.002 -17"><span class='ocrx_word' id='word_1_472' title='bbox 2107 3287 2349 3359; x_wconf 75' lang='grc' dir='ltr'>τοῦνομα</span> <span class='ocrx_word' id='word_1_473' title='bbox 2372 3285 2624 3358; x_wconf 79' lang='grc' dir='ltr'>προλέγω</span> <span class='ocrx_word' id='word_1_474' title='bbox 2644 3285 2845 3355; x_wconf 85' lang='grc' dir='ltr'>Κῦρον</span> <span class='ocrx_word' id='word_1_475' title='bbox 2871 3285 3074 3352; x_wconf 86' lang='grc' dir='ltr'>καλῶν,</span> <span class='ocrx_word' id='word_1_476' title='bbox 3097 3286 3158 3340; x_wconf 82' lang='grc' dir='ltr'><strong>δν</strong></span> <span class='ocrx_word' id='word_1_477' title='bbox 3183 3287 3565 3358; x_wconf 81' lang='grc' dir='ltr'>προστήσομαι</span> <span class='ocrx_word' id='word_1_478' title='bbox 3587 3284 3699 3339; x_wconf 85' lang='grc' dir='ltr'><strong>τῶν</strong></span> 
     </span>
    </p>
   </div>
   <div class='ocr_carea' id='block_1_68' title="bbox 410 3377 2002 3456">
    <p class='ocr_par' dir='ltr' id='par_1_68' title="bbox 410 3383 2001 3456">
     <span class='ocr_line' id='line_1_68' title="bbox 410 3383 2001 3456; baseline -0.001 -18"><span class='ocrx_word' id='word_1_479' title='bbox 410 3387 530 3450; x_wconf 87' lang='lat' dir='ltr'><strong>das,</strong></span> <span class='ocrx_word' id='word_1_480' title='bbox 564 3385 766 3454; x_wconf 85' lang='lat' dir='ltr'><strong>quibus</strong></span> <span class='ocrx_word' id='word_1_481' title='bbox 794 3383 1193 3454; x_wconf 81' lang='lat' dir='ltr'><strong>immergimur,</strong></span> <span class='ocrx_word' id='word_1_482' title='bbox 1243 3385 1642 3438; x_wconf 71' lang='lat' dir='ltr'><strong>exsiccaturunt</strong></span> <span class='ocrx_word' id='word_1_483' title='bbox 1702 3383 2001 3456; x_wconf 76' lang='lat' dir='ltr'><strong>significari</strong></span> 
     </span>
    </p>
   </div>
   <div class='ocr_carea' id='block_1_69' title="bbox 2105 3377 3705 3456">
    <p class='ocr_par' dir='ltr' id='par_1_69' title="bbox 2109 3377 3705 3452">
     <span class='ocr_line' id='line_1_69' title="bbox 2109 3377 3705 3452; baseline -0.003 -18"><span class='ocrx_word' id='word_1_484' title='bbox 2109 3381 2258 3452; x_wconf 85' lang='grc' dir='ltr'>ἐμῶν</span> <span class='ocrx_word' id='word_1_485' title='bbox 2301 3379 2683 3450; x_wconf 85' lang='grc' dir='ltr'>βουλευμάτων</span> <span class='ocrx_word' id='word_1_486' title='bbox 2724 3378 2992 3444; x_wconf 84' lang='grc' dir='ltr'>διάκονον,</span> <span class='ocrx_word' id='word_1_487' title='bbox 3045 3379 3345 3448; x_wconf 72' lang='grc' dir='ltr'>φρόνησιν</span> <span class='ocrx_word' id='word_1_488' title='bbox 3396 3377 3547 3448; x_wconf 79' lang='grc' dir='ltr'>αὐτῷ</span> <span class='ocrx_word' id='word_1_489' title='bbox 3593 3395 3705 3431; x_wconf 84' lang='grc' dir='ltr'>πα-</span> 
     </span>
    </p>
   </div>
   <div class='ocr_carea' id='block_1_70' title="bbox 400 3467 2002 3546">
    <p class='ocr_par' dir='ltr' id='par_1_70' title="bbox 400 3474 2002 3546">
     <span class='ocr_line' id='line_1_70' title="bbox 400 3474 2002 3546; baseline 0.001 -17"><span class='ocrx_word' id='word_1_490' title='bbox 400 3478 604 3531; x_wconf 92' lang='lat' dir='ltr'><strong>.voluit.</strong></span> <span class='ocrx_word' id='word_1_491' title='bbox 629 3475 806 3546; x_wconf 85' lang='lat' dir='ltr'><strong>Atque</strong></span> <span class='ocrx_word' id='word_1_492' title='bbox 836 3476 941 3531; x_wconf 91' lang='lat' dir='ltr'><strong>ista</strong></span> <span class='ocrx_word' id='word_1_493' title='bbox 999 3475 1216 3546; x_wconf 84' lang='lat' dir='ltr'><strong>quidem</strong></span> <span class='ocrx_word' id='word_1_494' title='bbox 1268 3474 1368 3529; x_wconf 92' lang='lat' dir='ltr'><strong>illi.</strong></span> <span class='ocrx_word' id='word_1_495' title='bbox 1402 3474 1669 3531; x_wconf 65' lang='lat' dir='ltr'><strong>Caeterum</strong></span> <span class='ocrx_word' id='word_1_496' title='bbox 1731 3477 1874 3546; x_wconf 87' lang='lat' dir='ltr'><strong>quod</strong></span> <span class='ocrx_word' id='word_1_497' title='bbox 1933 3475 2002 3530; x_wconf 89' lang='lat' dir='ltr'><strong>ad</strong></span> 
     </span>
    </p>
   </div>
   <div class='ocr_carea' id='block_1_71' title="bbox 2105 3467 3775 3546">
    <p class='ocr_par' dir='ltr' id='par_1_71' title="bbox 2115 3467 3775 3544">
     <span class='ocr_line' id='line_1_71' title="bbox 2115 3467 3775 3544; baseline -0.002 -19"><span class='ocrx_word' id='word_1_498' title='bbox 2115 3471 2334 3544; x_wconf 88' lang='grc' dir='ltr'>ρασχὼν</span> <span class='ocrx_word' id='word_1_499' title='bbox 2369 3471 2590 3541; x_wconf 79' lang='grc' dir='ltr'>εὐσεϐῆ,</span> <span class='ocrx_word' id='word_1_500' title='bbox 2639 3469 2716 3534; x_wconf 84' lang='grc' dir='ltr'><strong>ὡς</strong></span> <span class='ocrx_word' id='word_1_501' title='bbox 2743 3471 2812 3525; x_wconf 81' lang='grc' dir='ltr'><strong>τά</strong></span> <span class='ocrx_word' id='word_1_502' title='bbox 2843 3469 2985 3524; x_wconf 84' lang='grc' dir='ltr'>κατὰ</span> <span class='ocrx_word' id='word_1_503' title='bbox 3025 3469 3346 3533; x_wconf 87' lang='grc' dir='ltr'>Βαϐυλῶνος</span> <span class='ocrx_word' id='word_1_504' title='bbox 3393 3467 3702 3538; x_wconf 83' lang='grc' dir='ltr'>ἐπιγνῶναι</span> <span class='ocrx_word' id='word_1_505' title='bbox 3771 3487 3775 3491; x_wconf 73' lang='grc'><strong>”</strong></span> 
     </span>
    </p>
   </div>
   <div class='ocr_carea' id='block_1_72' title="bbox 409 3565 2000 3638">
    <p class='ocr_par' dir='ltr' id='par_1_72' title="bbox 409 3565 2000 3638">
     <span class='ocr_line' id='line_1_72' title="bbox 409 3565 2000 3638; baseline 0.002 -20"><span class='ocrx_word' id='word_1_506' title='bbox 409 3582 509 3622; x_wconf 83' lang='lat' dir='ltr'><strong>.vos</strong></span> <span class='ocrx_word' id='word_1_507' title='bbox 554 3565 990 3637; x_wconf 69' lang='lat' dir='ltr'><strong>Ballylouiosque</strong></span> <span class='ocrx_word' id='word_1_508' title='bbox 1053 3568 1270 3634; x_wconf 87' lang='lat' dir='ltr'><strong>attinet,</strong></span> <span class='ocrx_word' id='word_1_509' title='bbox 1303 3581 1466 3623; x_wconf 90' lang='lat' dir='ltr'><strong>omne</strong></span> <span class='ocrx_word' id='word_1_510' title='bbox 1489 3582 1592 3638; x_wconf 79' lang='lat' dir='ltr'><strong>ego</strong></span> <span class='ocrx_word' id='word_1_511' title='bbox 1621 3567 1776 3632; x_wconf 90' lang='lat' dir='ltr'><strong>illud,</strong></span> <span class='ocrx_word' id='word_1_512' title='bbox 1801 3568 2000 3636; x_wconf 88' lang='lat' dir='ltr'><strong>inquit,</strong></span> 
     </span>
    </p>
   </div>
   <div class='ocr_carea' id='block_1_73' title="bbox 412 3659 2004 3730">
    <p class='ocr_par' dir='ltr' id='par_1_73' title="bbox 412 3659 2004 3730">
     <span class='ocr_line' id='line_1_73' title="bbox 412 3659 2004 3730; baseline 0.001 -16"><span class='ocrx_word' id='word_1_513' title='bbox 412 3662 517 3714; x_wconf 71' lang='lat' dir='ltr'><strong>viri</strong></span> <span class='ocrx_word' id='word_1_514' title='bbox 552 3675 686 3714; x_wconf 89' lang='lat' dir='ltr'><strong>usus</strong></span> <span class='ocrx_word' id='word_1_515' title='bbox 725 3659 1032 3715; x_wconf 85' lang='lat' dir='ltr'><strong>ministerio</strong></span> <span class='ocrx_word' id='word_1_516' title='bbox 1055 3660 1389 3730; x_wconf 58' lang='lat' dir='ltr'><strong>praestitero,</strong></span> <span class='ocrx_word' id='word_1_517' title='bbox 1421 3659 1581 3730; x_wconf 86' lang='lat' dir='ltr'><strong>cujus</strong></span> <span class='ocrx_word' id='word_1_518' title='bbox 1609 3674 1808 3715; x_wconf 82' lang='lat' dir='ltr'><strong>nomen</strong></span> <span class='ocrx_word' id='word_1_519' title='bbox 1845 3659 2004 3730; x_wconf 88' lang='lat' dir='ltr'><strong>longe</strong></span> 
     </span>
    </p>
   </div>
   <div class='ocr_carea' id='block_1_74' title="bbox 413 3749 2003 3822">
    <p class='ocr_par' dir='ltr' id='par_1_74' title="bbox 413 3749 2003 3822">
     <span class='ocr_line' id='line_1_74' title="bbox 413 3749 2003 3822; baseline 0 -18"><span class='ocrx_word' id='word_1_520' title='bbox 413 3763 540 3806; x_wconf 73' lang='lat' dir='ltr'><strong>ante</strong></span> <span class='ocrx_word' id='word_1_521' title='bbox 573 3751 727 3806; x_wconf 85' lang='lat' dir='ltr'><strong>vobis</strong></span> <span class='ocrx_word' id='word_1_522' title='bbox 753 3766 876 3806; x_wconf 79' lang='lat' dir='ltr'><strong>esse</strong></span> <span class='ocrx_word' id='word_1_523' title='bbox 904 3752 1148 3822; x_wconf 84' lang='lat' dir='ltr'><strong>ignotum</strong></span> <span class='ocrx_word' id='word_1_524' title='bbox 1174 3766 1281 3807; x_wconf 89' lang='lat' dir='ltr'><strong>non</strong></span> <span class='ocrx_word' id='word_1_525' title='bbox 1313 3751 1516 3822; x_wconf 86' lang='lat' dir='ltr'><strong>patior,</strong></span> <span class='ocrx_word' id='word_1_526' title='bbox 1561 3749 1760 3822; x_wconf 83' lang='lat' dir='ltr'><strong>Cyrum</strong></span> <span class='ocrx_word' id='word_1_527' title='bbox 1819 3751 2003 3822; x_wconf 85' lang='lat' dir='ltr'><strong>appel-</strong></span> 
     </span>
    </p>
   </div>
   <div class='ocr_carea' id='block_1_75' title="bbox 403 3843 2003 3913">
    <p class='ocr_par' dir='ltr' id='par_1_75' title="bbox 403 3843 2003 3913">
     <span class='ocr_line' id='line_1_75' title="bbox 403 3843 2003 3913; baseline -0.003 -13"><span class='ocrx_word' id='word_1_528' title='bbox 403 3849 569 3907; x_wconf 84' lang='lat' dir='ltr'><strong>Jaus;</strong></span> <span class='ocrx_word' id='word_1_529' title='bbox 601 3859 762 3913; x_wconf 86' lang='lat' dir='ltr'><strong>quem</strong></span> <span class='ocrx_word' id='word_1_530' title='bbox 797 3843 1154 3898; x_wconf 89' lang='lat' dir='ltr'><strong>consiliorum</strong></span> <span class='ocrx_word' id='word_1_531' title='bbox 1186 3858 1431 3899; x_wconf 71' lang='lat' dir='ltr'><strong>meorum</strong></span> <span class='ocrx_word' id='word_1_532' title='bbox 1462 3843 1772 3897; x_wconf 91' lang='lat' dir='ltr'><strong>ministrum</strong></span> <span class='ocrx_word' id='word_1_533' title='bbox 1824 3843 2003 3913; x_wconf 62' lang='lat' dir='ltr'><strong>praeﬂ-</strong></span> 
     </span>
    </p>
   </div>
   <div class='ocr_carea' id='block_1_76' title="bbox 413 3936 2002 4008">
    <p class='ocr_par' dir='ltr' id='par_1_76' title="bbox 413 3936 2002 4008">
     <span class='ocr_line' id='line_1_76' title="bbox 413 3936 2002 4008; baseline 0.001 -21"><span class='ocrx_word' id='word_1_534' title='bbox 413 3939 578 3998; x_wconf 71' lang='lat' dir='ltr'><strong>i-iam.</strong></span> <span class='ocrx_word' id='word_1_535' title='bbox 612 3937 974 4006; x_wconf 79' lang='lat' dir='ltr'><strong>sapientiaque</strong></span> <span class='ocrx_word' id='word_1_536' title='bbox 1000 3942 1054 3991; x_wconf 91' lang='lat' dir='ltr'><strong>et</strong></span> <span class='ocrx_word' id='word_1_537' title='bbox 1083 3936 1285 4008; x_wconf 86' lang='lat' dir='ltr'><strong>pietate</strong></span> <span class='ocrx_word' id='word_1_538' title='bbox 1315 3937 1558 4003; x_wconf 86' lang='lat' dir='ltr'><strong>ornabo;</strong></span> <span class='ocrx_word' id='word_1_539' title='bbox 1586 3945 1644 3990; x_wconf 87' lang='lat' dir='ltr'><strong>ut</strong></span> <span class='ocrx_word' id='word_1_540' title='bbox 1678 3951 1798 4006; x_wconf 69' lang='lat' dir='ltr'><strong>qua:</strong></span> <span class='ocrx_word' id='word_1_541' title='bbox 1813 3937 2002 3990; x_wconf 89' lang='lat' dir='ltr'><strong>adver-</strong></span> 
     </span>
    </p>
   </div>
   <div class='ocr_carea' id='block_1_77' title="bbox 404 4028 2001 4099">
    <p class='ocr_par' dir='ltr' id='par_1_77' title="bbox 404 4028 2001 4099">
     <span class='ocr_line' id='line_1_77' title="bbox 404 4028 2001 4099; baseline -0.001 -16"><span class='ocrx_word' id='word_1_542' title='bbox 404 4045 508 4083; x_wconf 72' lang='lat' dir='ltr'><strong>sus</strong></span> <span class='ocrx_word' id='word_1_543' title='bbox 533 4029 862 4099; x_wconf 77' lang='lat' dir='ltr'><strong>Babylonem</strong></span> <span class='ocrx_word' id='word_1_544' title='bbox 889 4029 998 4098; x_wconf 78' lang='lat' dir='ltr'><strong>agi,</strong></span> <span class='ocrx_word' id='word_1_545' title='bbox 1019 4028 1112 4098; x_wconf 90' lang='lat' dir='ltr'><strong>qui</strong></span> <span class='ocrx_word' id='word_1_546' title='bbox 1148 4029 1386 4098; x_wconf 90' lang='lat' dir='ltr'><strong>populus</strong></span> <span class='ocrx_word' id='word_1_547' title='bbox 1427 4028 1672 4094; x_wconf 81' lang='lat' dir='ltr'><strong>liberari,</strong></span> <span class='ocrx_word' id='word_1_548' title='bbox 1698 4029 1794 4098; x_wconf 91' lang='lat' dir='ltr'><strong>qui</strong></span> <span class='ocrx_word' id='word_1_549' title='bbox 1843 4029 2001 4084; x_wconf 66' lang='lat' dir='ltr'><strong>deuio</strong></span> 
     </span>
    </p>
   </div>
   <div class='ocr_carea' id='block_1_78' title="bbox 413 4121 2001 4194">
    <p class='ocr_par' dir='ltr' id='par_1_78' title="bbox 413 4121 2001 4194">
     <span class='ocr_line' id='line_1_78' title="bbox 413 4121 2001 4194; baseline 0.001 -20"><span class='ocrx_word' id='word_1_550' title='bbox 413 4138 520 4191; x_wconf 84' lang='lat' dir='ltr'><strong>que</strong></span> <span class='ocrx_word' id='word_1_551' title='bbox 547 4121 1013 4194; x_wconf 84' lang='lat' dir='ltr'><strong>Jerosolymorum</strong></span> <span class='ocrx_word' id='word_1_552' title='bbox 1039 4122 1237 4178; x_wconf 82' lang='lat' dir='ltr'><strong>civitas</strong></span> <span class='ocrx_word' id='word_1_553' title='bbox 1262 4123 1551 4194; x_wconf 82' lang='lat' dir='ltr'><strong>ipsumque</strong></span> <span class='ocrx_word' id='word_1_554' title='bbox 1584 4124 1841 4192; x_wconf 89' lang='lat' dir='ltr'><strong>templum</strong></span> <span class='ocrx_word' id='word_1_555' title='bbox 1911 4123 2001 4176; x_wconf 81' lang='lat' dir='ltr'><strong>in-</strong></span> 
     </span>
    </p>
   </div>
   <div class='ocr_carea' id='block_1_79' title="bbox 415 4212 2006 4282">
    <p class='ocr_par' dir='ltr' id='par_1_79' title="bbox 415 4212 2006 4282">
     <span class='ocr_line' id='line_1_79' title="bbox 415 4212 2006 4282; baseline 0.003 -18"><span class='ocrx_word' id='word_1_556' title='bbox 415 4213 650 4266; x_wconf 79' lang='lat' dir='ltr'><strong>stuurari</strong></span> <span class='ocrx_word' id='word_1_557' title='bbox 701 4212 958 4278; x_wconf 87' lang='lat' dir='ltr'><strong>debeant,</strong></span> <span class='ocrx_word' id='word_1_558' title='bbox 1013 4212 1298 4282; x_wconf 72' lang='lat' dir='ltr'><strong>intelligat.</strong></span> <span class='ocrx_word' id='word_1_559' title='bbox 1361 4212 1532 4268; x_wconf 81' lang='lat' dir='ltr'><strong>Habet</strong></span> <span class='ocrx_word' id='word_1_560' title='bbox 1570 4230 1697 4268; x_wconf 88' lang='lat' dir='ltr'><strong>vero</strong></span> <span class='ocrx_word' id='word_1_561' title='bbox 1747 4214 1800 4268; x_wconf 89' lang='lat' dir='ltr'><strong>in</strong></span> <span class='ocrx_word' id='word_1_562' title='bbox 1857 4213 2006 4270; x_wconf 89' lang='lat' dir='ltr'><strong>hunc</strong></span> 
     </span>
    </p>
   </div>
   <div class='ocr_carea' id='block_1_80' title="bbox 414 4304 2004 4376">
    <p class='ocr_par' dir='ltr' id='par_1_80' title="bbox 414 4304 2004 4376">
     <span class='ocr_line' id='line_1_80' title="bbox 414 4304 2004 4376; baseline 0.003 -20"><span class='ocrx_word' id='word_1_563' title='bbox 414 4304 634 4358; x_wconf 83' lang='lat' dir='ltr'><strong>modum</strong></span> <span class='ocrx_word' id='word_1_564' title='bbox 703 4304 1020 4374; x_wconf 74' lang='lat' dir='ltr'><strong>Symmachi</strong></span> <span class='ocrx_word' id='word_1_565' title='bbox 1059 4304 1476 4375; x_wconf 82' lang='lat' dir='ltr'><strong>interpretatio:</strong></span> <span class='ocrx_word' id='word_1_566' title='bbox 1521 4306 1625 4371; x_wconf 83' lang='lat' dir='ltr'><strong>Qui</strong></span> <span class='ocrx_word' id='word_1_567' title='bbox 1655 4306 1784 4360; x_wconf 80' lang='lat' dir='ltr'><strong>dicit</strong></span> <span class='ocrx_word' id='word_1_568' title='bbox 1823 4306 2004 4376; x_wconf 82' lang='lat' dir='ltr'><strong>Cyro:</strong></span> 
     </span>
    </p>
   </div>
   <div class='ocr_carea' id='block_1_81' title="bbox 414 4392 2005 4468">
    <p class='ocr_par' dir='ltr' id='par_1_81' title="bbox 414 4392 2005 4468">
     <span class='ocr_line' id='line_1_81' title="bbox 414 4392 2005 4468; baseline 0.004 -22"><span class='ocrx_word' id='word_1_569' title='bbox 414 4392 616 4448; x_wconf 81' lang='lat' dir='ltr'><strong>Pastor</strong></span> <span class='ocrx_word' id='word_1_570' title='bbox 646 4412 810 4449; x_wconf 83' lang='lat' dir='ltr'><strong>meus.</strong></span> <span class='ocrx_word' id='word_1_571' title='bbox 850 4396 915 4448; x_wconf 83' lang='lat' dir='ltr'><strong>Et</strong></span> <span class='ocrx_word' id='word_1_572' title='bbox 971 4395 1166 4450; x_wconf 81' lang='lat' dir='ltr'><strong>iterum</strong></span> <span class='ocrx_word' id='word_1_573' title='bbox 1202 4414 1214 4450; x_wconf 92' lang='lat'>:</span> <span class='ocrx_word' id='word_1_574' title='bbox 1247 4395 1518 4465; x_wconf 78' lang='lat' dir='ltr'><strong>Templum</strong></span> <span class='ocrx_word' id='word_1_575' title='bbox 1553 4409 1725 4454; x_wconf 88' lang='lat' dir='ltr'><strong>autem</strong></span> <span class='ocrx_word' id='word_1_576' title='bbox 1757 4399 2005 4468; x_wconf 81' lang='lat' dir='ltr'><strong>[undabi-</strong></span> 
     </span>
    </p>
   </div>
   <div class='ocr_carea' id='block_1_82' title="bbox 2112 3563 3703 3639">
    <p class='ocr_par' dir='ltr' id='par_1_82' title="bbox 2112 3563 3703 3639">
     <span class='ocr_line' id='line_1_82' title="bbox 2112 3563 3703 3639; baseline -0.004 -17"><span class='ocrx_word' id='word_1_577' title='bbox 2112 3569 2386 3639; x_wconf 83' lang='grc' dir='ltr'>πρακτέα,</span> <span class='ocrx_word' id='word_1_578' title='bbox 2403 3565 2499 3620; x_wconf 79' lang='grc' dir='ltr'>τοῦ</span> <span class='ocrx_word' id='word_1_579' title='bbox 2519 3583 2578 3619; x_wconf 83' lang='grc' dir='ltr'><strong>τε</strong></span> <span class='ocrx_word' id='word_1_580' title='bbox 2602 3564 2736 3620; x_wconf 79' lang='grc' dir='ltr'>λαοῦ</span> <span class='ocrx_word' id='word_1_581' title='bbox 2753 3565 2854 3636; x_wconf 81' lang='grc' dir='ltr'>τὴν</span> <span class='ocrx_word' id='word_1_582' title='bbox 2879 3566 3088 3632; x_wconf 77' lang='grc' dir='ltr'>ἄνεσιν,</span> <span class='ocrx_word' id='word_1_583' title='bbox 3109 3565 3203 3620; x_wconf 77' lang='grc' dir='ltr'><strong>καὶ</strong></span> <span class='ocrx_word' id='word_1_584' title='bbox 3224 3566 3323 3638; x_wconf 85' lang='grc' dir='ltr'>τῆς</span> <span class='ocrx_word' id='word_1_585' title='bbox 3338 3563 3703 3637; x_wconf 76' lang='grc' dir='ltr'>Ἰερουσαλὴμ</span> 
     </span>
    </p>
   </div>
   <div class='ocr_carea' id='block_1_83' title="bbox 2111 3656 3702 3730">
    <p class='ocr_par' dir='ltr' id='par_1_83' title="bbox 2111 3656 3702 3730">
     <span class='ocr_line' id='line_1_83' title="bbox 2111 3656 3702 3730; baseline -0.004 -15"><span class='ocrx_word' id='word_1_586' title='bbox 2111 3663 2211 3715; x_wconf 80' lang='grc' dir='ltr'>σὺν</span> <span class='ocrx_word' id='word_1_587' title='bbox 2245 3660 2324 3730; x_wconf 80' lang='grc' dir='ltr'>τῷ</span> <span class='ocrx_word' id='word_1_588' title='bbox 2355 3659 2470 3729; x_wconf 86' lang='grc' dir='ltr'>ναῷ</span> <span class='ocrx_word' id='word_1_589' title='bbox 2511 3660 2610 3730; x_wconf 81' lang='grc' dir='ltr'>τὴν</span> <span class='ocrx_word' id='word_1_590' title='bbox 2641 3658 2948 3714; x_wconf 81' lang='grc' dir='ltr'>ἀνάκτισιν.</span> <span class='ocrx_word' id='word_1_591' title='bbox 2994 3658 3055 3712; x_wconf 83' lang='lat'><strong>&#39;0</strong></span> <span class='ocrx_word' id='word_1_592' title='bbox 3083 3658 3141 3712; x_wconf 85' lang='grc' dir='ltr'><strong>δέ</strong></span> <span class='ocrx_word' id='word_1_593' title='bbox 3171 3657 3471 3729; x_wconf 82' lang='grc' dir='ltr'><strong>Σύμμαχος</strong></span> <span class='ocrx_word' id='word_1_594' title='bbox 3499 3656 3702 3720; x_wconf 62' lang='lat' dir='ltr'><strong>istst».</strong></span> 
     </span>
    </p>
   </div>
   <div class='ocr_carea' id='block_1_84' title="bbox 2109 3747 3706 3820">
    <p class='ocr_par' dir='ltr' id='par_1_84' title="bbox 2109 3747 3706 3820">
     <span class='ocr_line' id='line_1_84' title="bbox 2109 3747 3706 3820; baseline -0.003 -14"><span class='ocrx_word' id='word_1_595' title='bbox 2109 3767 2226 3806; x_wconf 86' lang='grc' dir='ltr'>κεν·</span> <span class='ocrx_word' id='word_1_596' title='bbox 2245 3751 2307 3803; x_wconf 89' lang='lat'><strong>&#39;0</strong></span> <span class='ocrx_word' id='word_1_597' title='bbox 2337 3749 2527 3819; x_wconf 69' lang='grc' dir='ltr'>λέγων</span> <span class='ocrx_word' id='word_1_598' title='bbox 2553 3751 2745 3820; x_wconf 85' lang='grc' dir='ltr'><strong>Κύρῳ,</strong></span> <span class='ocrx_word' id='word_1_599' title='bbox 2778 3749 3010 3819; x_wconf 78' lang='grc' dir='ltr'>Ποιμήν</span> <span class='ocrx_word' id='word_1_600' title='bbox 3026 3766 3166 3820; x_wconf 82' lang='grc' dir='ltr'>μου.</span> <span class='ocrx_word' id='word_1_601' title='bbox 3201 3750 3308 3804; x_wconf 81' lang='grc' dir='ltr'><strong>Καὶ</strong></span> <span class='ocrx_word' id='word_1_602' title='bbox 3335 3748 3518 3802; x_wconf 81' lang='grc' dir='ltr'>πάλιν·</span> <span class='ocrx_word' id='word_1_603' title='bbox 3549 3750 3612 3801; x_wconf 91' lang='lat'><strong>&#39;0</strong></span> <span class='ocrx_word' id='word_1_604' title='bbox 3633 3747 3706 3801; x_wconf 79' lang='grc' dir='ltr'>δὲ</span> 
     </span>
    </p>
   </div>
   <div class='ocr_carea' id='block_1_85' title="bbox 2109 3843 3704 3915">
    <p class='ocr_par' dir='ltr' id='par_1_85' title="bbox 2109 3843 3704 3915">
     <span class='ocr_line' id='line_1_85' title="bbox 2109 3843 3704 3915; baseline -0.001 -17"><span class='ocrx_word' id='word_1_605' title='bbox 2109 3845 2257 3911; x_wconf 78' lang='grc' dir='ltr'>ναὸς</span> <span class='ocrx_word' id='word_1_606' title='bbox 2303 3843 2829 3914; x_wconf 77' lang='grc' dir='ltr'>θεμελιωθήσεται.</span> <span class='ocrx_word' id='word_1_607' title='bbox 2871 3844 3311 3915; x_wconf 86' lang='grc' dir='ltr'>Τελευτήσαντος</span> <span class='ocrx_word' id='word_1_608' title='bbox 3357 3844 3467 3914; x_wconf 79' lang='grc' dir='ltr'><strong>γάρ</strong></span> <span class='ocrx_word' id='word_1_609' title='bbox 3497 3843 3704 3911; x_wconf 81' lang='grc' dir='ltr'>Κύρου</span> 
     </span>
    </p>
   </div>
   <div class='ocr_carea' id='block_1_86' title="bbox 2110 3936 3708 4008">
    <p class='ocr_par' dir='ltr' id='par_1_86' title="bbox 2110 3936 3708 4008">
     <span class='ocr_line' id='line_1_86' title="bbox 2110 3936 3708 4008; baseline -0.003 -16"><span class='ocrx_word' id='word_1_610' title='bbox 2110 3938 2416 3992; x_wconf 81' lang='grc' dir='ltr'>κεκώλυται</span> <span class='ocrx_word' id='word_1_611' title='bbox 2442 3938 2543 4007; x_wconf 76' lang='grc' dir='ltr'>μὲν</span> <span class='ocrx_word' id='word_1_612' title='bbox 2571 3936 2635 3990; x_wconf 78' lang='grc' dir='ltr'>ἐκ</span> <span class='ocrx_word' id='word_1_613' title='bbox 2659 3954 2821 3992; x_wconf 79' lang='grc' dir='ltr'>τινων</span> <span class='ocrx_word' id='word_1_614' title='bbox 2854 3937 3158 4007; x_wconf 79' lang='grc' dir='ltr'>βασκανίας</span> <span class='ocrx_word' id='word_1_615' title='bbox 3185 3939 3217 4008; x_wconf 83' lang='grc' dir='ltr'>ὴ</span> <span class='ocrx_word' id='word_1_616' title='bbox 3240 3937 3351 3989; x_wconf 83' lang='grc' dir='ltr'><strong>τῶν</strong></span> <span class='ocrx_word' id='word_1_617' title='bbox 3375 3936 3556 4005; x_wconf 68' lang='grc' dir='ltr'>ἔργων</span> <span class='ocrx_word' id='word_1_618' title='bbox 3579 3936 3708 3989; x_wconf 78' lang='grc' dir='ltr'>ἐπί-</span> 
     </span>
    </p>
   </div>
   <div class='ocr_carea' id='block_1_87' title="bbox 2110 4025 3703 4100">
    <p class='ocr_par' dir='ltr' id='par_1_87' title="bbox 2110 4025 3703 4100">
     <span class='ocr_line' id='line_1_87' title="bbox 2110 4025 3703 4100; baseline -0.004 -16"><span class='ocrx_word' id='word_1_619' title='bbox 2110 4031 2257 4094; x_wconf 81' lang='grc' dir='ltr'>δοσις</span> <span class='ocrx_word' id='word_1_620' title='bbox 2285 4031 2441 4100; x_wconf 72' lang='grc' dir='ltr'>παρὰ</span> <span class='ocrx_word' id='word_1_621' title='bbox 2471 4029 2570 4083; x_wconf 84' lang='grc' dir='ltr'>τοῦ</span> <span class='ocrx_word' id='word_1_622' title='bbox 2609 4029 2725 4100; x_wconf 75' lang='grc' dir='ltr'>μετ’</span> <span class='ocrx_word' id='word_1_623' title='bbox 2774 4029 2938 4084; x_wconf 81' lang='grc' dir='ltr'>αὐτὸν</span> <span class='ocrx_word' id='word_1_624' title='bbox 2971 4028 3394 4092; x_wconf 79' lang='grc' dir='ltr'>βασιλεύσαντος</span> <span class='ocrx_word' id='word_1_625' title='bbox 3431 4029 3528 4080; x_wconf 82' lang='grc' dir='ltr'>τοῦ</span> <span class='ocrx_word' id='word_1_626' title='bbox 3566 4025 3703 4079; x_wconf 70' lang='grc' dir='ltr'>ναοῦ</span> 
     </span>
    </p>
   </div>
   <div class='ocr_carea' id='block_1_88' title="bbox 2112 4116 3705 4192">
    <p class='ocr_par' dir='ltr' id='par_1_88' title="bbox 2112 4116 3705 4192">
     <span class='ocr_line' id='line_1_88' title="bbox 2112 4116 3705 4192; baseline -0.004 -15"><span class='ocrx_word' id='word_1_627' title='bbox 2112 4124 2404 4190; x_wconf 74' lang='grc' dir='ltr'>θεμελίων</span> <span class='ocrx_word' id='word_1_628' title='bbox 2425 4122 2516 4174; x_wconf 68' lang='grc' dir='ltr'>ἐπὶ</span> <span class='ocrx_word' id='word_1_629' title='bbox 2533 4121 2730 4190; x_wconf 82' lang='grc' dir='ltr'>Κύρου</span> <span class='ocrx_word' id='word_1_630' title='bbox 2756 4119 3170 4192; x_wconf 85' lang='grc' dir='ltr'>προκαταϐεϐλη</span> <span class='ocrx_word' id='word_1_631' title='bbox 3181 4118 3381 4189; x_wconf 82' lang='grc' dir='ltr'>μένων,</span> <span class='ocrx_word' id='word_1_632' title='bbox 3403 4116 3705 4188; x_wconf 78' lang='grc' dir='ltr'>ἐπληρώθη</span> 
     </span>
    </p>
   </div>
   <div class='ocr_carea' id='block_1_89' title="bbox 2111 4207 3710 4283">
    <p class='ocr_par' dir='ltr' id='par_1_89' title="bbox 2111 4207 3710 4283">
     <span class='ocr_line' id='line_1_89' title="bbox 2111 4207 3710 4283; baseline -0.006 -16"><span class='ocrx_word' id='word_1_633' title='bbox 2111 4215 2166 4268; x_wconf 83' lang='grc' dir='ltr'>δὲ</span> <span class='ocrx_word' id='word_1_634' title='bbox 2197 4213 2336 4283; x_wconf 84' lang='grc' dir='ltr'>μετὰ</span> <span class='ocrx_word' id='word_1_635' title='bbox 2363 4212 2538 4267; x_wconf 80' lang='grc' dir='ltr'>ταῦτα</span> <span class='ocrx_word' id='word_1_636' title='bbox 2565 4211 2817 4282; x_wconf 87' lang='grc' dir='ltr'>βουλήσει</span> <span class='ocrx_word' id='word_1_637' title='bbox 2853 4209 3011 4264; x_wconf 80' lang='grc' dir='ltr'>Θεοῦ.</span> <span class='ocrx_word' id='word_1_638' title='bbox 3047 4211 3158 4263; x_wconf 78' lang='grc' dir='ltr'><strong>Καὶ</strong></span> <span class='ocrx_word' id='word_1_639' title='bbox 3184 4208 3360 4262; x_wconf 82' lang='grc' dir='ltr'>ταῦτα</span> <span class='ocrx_word' id='word_1_640' title='bbox 3401 4207 3710 4278; x_wconf 78' lang='grc' dir='ltr'>δεδήλωκεν</span> 
     </span>
    </p>
   </div>
   <div class='ocr_carea' id='block_1_90' title="bbox 2111 4301 3712 4376">
    <p class='ocr_par' dir='ltr' id='par_1_90' title="bbox 2111 4301 3712 4376">
     <span class='ocr_line' id='line_1_90' title="bbox 2111 4301 3712 4376; baseline -0.002 -19"><span class='ocrx_word' id='word_1_641' title='bbox 2111 4309 2144 4374; x_wconf 82' lang='grc' dir='ltr'>ἠ</span> <span class='ocrx_word' id='word_1_642' title='bbox 2179 4306 2392 4376; x_wconf 82' lang='grc' dir='ltr'>Γραφή.</span> <span class='ocrx_word' id='word_1_643' title='bbox 2425 4306 2535 4358; x_wconf 70' lang='grc' dir='ltr'>Καὶ</span> <span class='ocrx_word' id='word_1_644' title='bbox 2552 4304 2813 4374; x_wconf 80' lang='grc' dir='ltr'>Ἰώσηπος</span> <span class='ocrx_word' id='word_1_645' title='bbox 2836 4305 2893 4356; x_wconf 87' lang='grc' dir='ltr'><strong>ἐν</strong></span> <span class='ocrx_word' id='word_1_646' title='bbox 2919 4309 2968 4356; x_wconf 85' lang='grc' dir='ltr'>α’</span> <span class='ocrx_word' id='word_1_647' title='bbox 2994 4305 3018 4344; x_wconf 72' lang='grc'><strong>⁸</strong></span> <span class='ocrx_word' id='word_1_648' title='bbox 3046 4303 3143 4373; x_wconf 83' lang='grc' dir='ltr'>τῆς</span> <span class='ocrx_word' id='word_1_649' title='bbox 3166 4302 3606 4374; x_wconf 74' lang='grc' dir='ltr'>Ἀρχαιολογὶας,</span> <span class='ocrx_word' id='word_1_650' title='bbox 3630 4301 3712 4365; x_wconf 84' lang='grc' dir='ltr'><strong>ὡς</strong></span> 
     </span>
    </p>
   </div>
   <div class='ocr_carea' id='block_1_91' title="bbox 2115 4392 3710 4468">
    <p class='ocr_par' dir='ltr' id='par_1_91' title="bbox 2115 4392 3710 4468">
     <span class='ocr_line' id='line_1_91' title="bbox 2115 4392 3710 4468; baseline -0.006 -17"><span class='ocrx_word' id='word_1_651' title='bbox 2115 4399 2520 4468; x_wconf 83' lang='grc' dir='ltr'>ἐπιδειχθείσης</span> <span class='ocrx_word' id='word_1_652' title='bbox 2567 4395 2723 4467; x_wconf 75' lang='grc' dir='ltr'>παρὰ</span> <span class='ocrx_word' id='word_1_653' title='bbox 2772 4395 2881 4448; x_wconf 84' lang='grc' dir='ltr'><strong>τῶν</strong></span> <span class='ocrx_word' id='word_1_654' title='bbox 2930 4393 3292 4464; x_wconf 79' lang='grc' dir='ltr'>αἰχμαλώτων</span> <span class='ocrx_word' id='word_1_655' title='bbox 3343 4393 3442 4463; x_wconf 84' lang='grc' dir='ltr'><strong>τῆς</strong></span> <span class='ocrx_word' id='word_1_656' title='bbox 3476 4392 3710 4446; x_wconf 73' lang='grc' dir='ltr'>Ἡσαΐου</span> 
     </span>
    </p>
   </div>
   <div class='ocr_carea' id='block_1_92' title="bbox 417 4483 2002 4562">
    <p class='ocr_par' dir='ltr' id='par_1_92' title="bbox 417 4485 2002 4556">
     <span class='ocr_line' id='line_1_92' title="bbox 417 4485 2002 4556; baseline 0.006 -20"><span class='ocrx_word' id='word_1_657' title='bbox 417 4497 522 4541; x_wconf 85' lang='lat' dir='ltr'><strong>tur.</strong></span> <span class='ocrx_word' id='word_1_658' title='bbox 559 4485 696 4556; x_wconf 87' lang='lat' dir='ltr'><strong>Cyro</strong></span> <span class='ocrx_word' id='word_1_659' title='bbox 753 4489 899 4542; x_wconf 90' lang='lat' dir='ltr'><strong>enim</strong></span> <span class='ocrx_word' id='word_1_660' title='bbox 953 4498 1196 4554; x_wconf 88' lang='lat' dir='ltr'><strong>mortuo,</strong></span> <span class='ocrx_word' id='word_1_661' title='bbox 1230 4491 1619 4545; x_wconf 86' lang='lat' dir='ltr'><strong>nonnullorum</strong></span> <span class='ocrx_word' id='word_1_662' title='bbox 1685 4493 1913 4555; x_wconf 88' lang='lat' dir='ltr'><strong>invidia,</strong></span> <span class='ocrx_word' id='word_1_663' title='bbox 1942 4491 2002 4546; x_wconf 86' lang='lat' dir='ltr'><strong>ad</strong></span> 
     </span>
    </p>
   </div>
   <div class='ocr_carea' id='block_1_93' title="bbox 2105 4483 3713 4562">
    <p class='ocr_par' dir='ltr' id='par_1_93' title="bbox 2119 4483 3713 4562">
     <span class='ocr_line' id='line_1_93' title="bbox 2119 4483 3713 4562; baseline -0.005 -19"><span class='ocrx_word' id='word_1_664' title='bbox 2119 4490 2459 4562; x_wconf 60' lang='grc' dir='ltr'>προφητείας</span> <span class='ocrx_word' id='word_1_665' title='bbox 2487 4489 2565 4559; x_wconf 80' lang='grc' dir='ltr'>τῷ</span> <span class='ocrx_word' id='word_1_666' title='bbox 2595 4488 2786 4557; x_wconf 83' lang='grc' dir='ltr'>Κύρῳ,</span> <span class='ocrx_word' id='word_1_667' title='bbox 2811 4486 2983 4542; x_wconf 79' lang='grc' dir='ltr'>ταῦτά</span> <span class='ocrx_word' id='word_1_668' title='bbox 3016 4503 3074 4539; x_wconf 87' lang='grc' dir='ltr'><strong>τε</strong></span> <span class='ocrx_word' id='word_1_669' title='bbox 3119 4486 3302 4555; x_wconf 74' lang='grc' dir='ltr'>γνοὺς,</span> <span class='ocrx_word' id='word_1_670' title='bbox 3334 4489 3429 4538; x_wconf 76' lang='grc' dir='ltr'>καὶ</span> <span class='ocrx_word' id='word_1_671' title='bbox 3464 4483 3552 4537; x_wconf 81' lang='grc' dir='ltr'>ἐπ’</span> <span class='ocrx_word' id='word_1_672' title='bbox 3584 4483 3713 4536; x_wconf 85' lang='grc' dir='ltr'>ὀνό-</span> 
     </span>
    </p>
   </div>
   <div class='ocr_carea' id='block_1_94' title="bbox 412 4579 2006 4651">
    <p class='ocr_par' dir='ltr' id='par_1_94' title="bbox 412 4579 2006 4651">
     <span class='ocr_line' id='line_1_94' title="bbox 412 4579 2006 4651; baseline 0.004 -21"><span class='ocrx_word' id='word_1_673' title='bbox 412 4579 694 4646; x_wconf 83' lang='lat' dir='ltr'><strong>sequentis</strong></span> <span class='ocrx_word' id='word_1_674' title='bbox 727 4579 869 4649; x_wconf 84' lang='lat' dir='ltr'><strong>regis</strong></span> <span class='ocrx_word' id='word_1_675' title='bbox 895 4579 1208 4634; x_wconf 87' lang='lat' dir='ltr'><strong>mandatum</strong></span> <span class='ocrx_word' id='word_1_676' title='bbox 1262 4582 1447 4650; x_wconf 72' lang='lat' dir='ltr'><strong>operis</strong></span> <span class='ocrx_word' id='word_1_677' title='bbox 1477 4583 1779 4651; x_wconf 84' lang='lat' dir='ltr'><strong>interrupta</strong></span> <span class='ocrx_word' id='word_1_678' title='bbox 1818 4599 2006 4638; x_wconf 77' lang='lat' dir='ltr'><strong>cessa-</strong></span> 
     </span>
    </p>
   </div>
   <div class='ocr_carea' id='block_1_95' title="bbox 414 4669 2000 4744">
    <p class='ocr_par' dir='ltr' id='par_1_95' title="bbox 414 4669 2000 4744">
     <span class='ocr_line' id='line_1_95' title="bbox 414 4669 2000 4744; baseline 0.009 -27"><span class='ocrx_word' id='word_1_679' title='bbox 414 4669 491 4718; x_wconf 78' lang='lat' dir='ltr'><strong>vit</strong></span> <span class='ocrx_word' id='word_1_680' title='bbox 519 4670 791 4735; x_wconf 88' lang='lat' dir='ltr'><strong>promotio</strong></span> <span class='ocrx_word' id='word_1_681' title='bbox 817 4687 831 4736; x_wconf 90' lang='lat'><strong>;</strong></span> <span class='ocrx_word' id='word_1_682' title='bbox 862 4686 986 4724; x_wconf 91' lang='lat' dir='ltr'><strong>cum</strong></span> <span class='ocrx_word' id='word_1_683' title='bbox 1022 4680 1231 4727; x_wconf 88' lang='lat' dir='ltr'><strong>tantum</strong></span> <span class='ocrx_word' id='word_1_684' title='bbox 1257 4673 1394 4743; x_wconf 82' lang='lat' dir='ltr'><strong>Cyro</strong></span> <span class='ocrx_word' id='word_1_685' title='bbox 1416 4675 1708 4742; x_wconf 84' lang='lat' dir='ltr'><strong>superstite</strong></span> <span class='ocrx_word' id='word_1_686' title='bbox 1734 4675 1882 4744; x_wconf 84' lang='lat' dir='ltr'><strong>jacta</strong></span> <span class='ocrx_word' id='word_1_687' title='bbox 1909 4691 2000 4730; x_wconf 87' lang='lat' dir='ltr'><strong>es-</strong></span> 
     </span>
    </p>
   </div>
   <div class='ocr_carea' id='block_1_96' title="bbox 415 4760 1998 4829">
    <p class='ocr_par' dir='ltr' id='par_1_96' title="bbox 415 4760 1998 4829">
     <span class='ocr_line' id='line_1_96' title="bbox 415 4760 1998 4829; baseline 0.007 -19"><span class='ocrx_word' id='word_1_688' title='bbox 415 4766 535 4811; x_wconf 67' lang='lat' dir='ltr'><strong>sent</strong></span> <span class='ocrx_word' id='word_1_689' title='bbox 566 4760 750 4828; x_wconf 82' lang='lat' dir='ltr'><strong>templi</strong></span> <span class='ocrx_word' id='word_1_690' title='bbox 779 4761 1124 4829; x_wconf 79' lang='lat' dir='ltr'><strong>fundamenta</strong></span> <span class='ocrx_word' id='word_1_691' title='bbox 1151 4805 1162 4818; x_wconf 95' lang='lat'><strong>.</strong></span> <span class='ocrx_word' id='word_1_692' title='bbox 1197 4763 1303 4818; x_wconf 88' lang='lat' dir='ltr'><strong>Sed</strong></span> <span class='ocrx_word' id='word_1_693' title='bbox 1330 4775 1413 4820; x_wconf 90' lang='lat' dir='ltr'><strong>est</strong></span> <span class='ocrx_word' id='word_1_694' title='bbox 1435 4765 1619 4820; x_wconf 89' lang='lat' dir='ltr'><strong>divina</strong></span> <span class='ocrx_word' id='word_1_695' title='bbox 1653 4766 1870 4821; x_wconf 88' lang='lat' dir='ltr'><strong>tandem</strong></span> <span class='ocrx_word' id='word_1_696' title='bbox 1905 4782 1998 4821; x_wconf 87' lang='lat' dir='ltr'><strong>vo-</strong></span> 
     </span>
    </p>
   </div>
   <div class='ocr_carea' id='block_1_97' title="bbox 2117 4573 3711 4652">
    <p class='ocr_par' dir='ltr' id='par_1_97' title="bbox 2117 4573 3711 4652">
     <span class='ocr_line' id='line_1_97' title="bbox 2117 4573 3711 4652; baseline -0.007 -16"><span class='ocrx_word' id='word_1_697' title='bbox 2117 4599 2290 4652; x_wconf 82' lang='grc' dir='ltr'>ματος</span> <span class='ocrx_word' id='word_1_698' title='bbox 2336 4581 2527 4634; x_wconf 80' lang='grc' dir='ltr'>ἐαυτὸν</span> <span class='ocrx_word' id='word_1_699' title='bbox 2567 4577 2909 4648; x_wconf 83' lang='grc' dir='ltr'>κεκλημένον</span> <span class='ocrx_word' id='word_1_700' title='bbox 2951 4574 3129 4648; x_wconf 79' lang='grc' dir='ltr'>εὑρὼν</span> <span class='ocrx_word' id='word_1_701' title='bbox 3159 4576 3265 4646; x_wconf 80' lang='grc' dir='ltr'>πρὸ</span> <span class='ocrx_word' id='word_1_702' title='bbox 3292 4575 3427 4629; x_wconf 80' lang='grc' dir='ltr'>δέκα</span> <span class='ocrx_word' id='word_1_703' title='bbox 3464 4575 3562 4627; x_wconf 71' lang='grc' dir='ltr'>καὶ</span> <span class='ocrx_word' id='word_1_704' title='bbox 3589 4573 3711 4626; x_wconf 82' lang='grc' dir='ltr'>δια-</span> 
     </span>
    </p>
   </div>
   <div class='ocr_carea' id='block_1_98' title="bbox 2114 4666 3716 4742">
    <p class='ocr_par' dir='ltr' id='par_1_98' title="bbox 2114 4666 3716 4742">
     <span class='ocr_line' id='line_1_98' title="bbox 2114 4666 3716 4742; baseline -0.006 -14"><span class='ocrx_word' id='word_1_705' title='bbox 2114 4675 2314 4729; x_wconf 88' lang='grc' dir='ltr'>κοσίων</span> <span class='ocrx_word' id='word_1_706' title='bbox 2339 4674 2496 4739; x_wconf 87' lang='grc' dir='ltr'>ἐτῶν,</span> <span class='ocrx_word' id='word_1_707' title='bbox 2528 4672 2625 4726; x_wconf 84' lang='grc' dir='ltr'>σὺν</span> <span class='ocrx_word' id='word_1_708' title='bbox 2654 4671 2826 4742; x_wconf 81' lang='grc' dir='ltr'>πολλῇ</span> <span class='ocrx_word' id='word_1_709' title='bbox 2851 4669 3130 4742; x_wconf 79' lang='grc' dir='ltr'>προθυμίᾳ</span> <span class='ocrx_word' id='word_1_710' title='bbox 3151 4668 3221 4722; x_wconf 78' lang='grc' dir='ltr'><strong>τὰ</strong></span> <span class='ocrx_word' id='word_1_711' title='bbox 3251 4666 3716 4740; x_wconf 81' lang='grc' dir='ltr'>προστεταγμένα</span> 
     </span>
    </p>
   </div>
   <div class='ocr_carea' id='block_1_99' title="bbox 2107 4767 2428 4838">
    <p class='ocr_par' dir='ltr' id='par_1_99' title="bbox 2107 4767 2428 4838">
     <span class='ocr_line' id='line_1_99' title="bbox 2107 4767 2428 4838; baseline 0 -17"><span class='ocrx_word' id='word_1_712' title='bbox 2107 4767 2428 4838; x_wconf 81' lang='grc' dir='ltr'>πεποίηκεν.</span> 
     </span>
    </p>
   </div>
   <div class='ocr_carea' id='block_1_100' title="bbox 416 4848 3710 4930">
    <p class='ocr_par' dir='ltr' id='par_1_100' title="bbox 416 4848 3710 4930">
     <span class='ocr_line' id='line_1_100' title="bbox 416 4848 3710 4930; baseline 0.001 -29"><span class='ocrx_word' id='word_1_713' title='bbox 416 4848 628 4904; x_wconf 87' lang='lat' dir='ltr'><strong>luntate</strong></span> <span class='ocrx_word' id='word_1_714' title='bbox 653 4857 837 4919; x_wconf 87' lang='lat' dir='ltr'><strong>postea</strong></span> <span class='ocrx_word' id='word_1_715' title='bbox 870 4852 1168 4916; x_wconf 81' lang='lat' dir='ltr'><strong>perfectum</strong></span> <span class='ocrx_word' id='word_1_716' title='bbox 1203 4853 1645 4925; x_wconf 87' lang='lat' dir='ltr'><strong>absolutumque.</strong></span> <span class='ocrx_word' id='word_1_717' title='bbox 1683 4857 1862 4926; x_wconf 85' lang='lat' dir='ltr'><strong>Atque</strong></span> <span class='ocrx_word' id='word_1_718' title='bbox 1890 4860 2002 4913; x_wconf 73' lang='lat' dir='ltr'><strong>haec</strong></span> <span class='ocrx_word' id='word_1_719' title='bbox 2042 4858 2158 4930; x_wconf 90' lang='lat' dir='ltr'><strong>ipsa</strong></span> <span class='ocrx_word' id='word_1_720' title='bbox 2203 4858 2423 4926; x_wconf 87' lang='lat' dir='ltr'><strong>quidem</strong></span> <span class='ocrx_word' id='word_1_721' title='bbox 2453 4865 2604 4922; x_wconf 88' lang='lat' dir='ltr'><strong>sunt,</strong></span> <span class='ocrx_word' id='word_1_722' title='bbox 2635 4871 2758 4926; x_wconf 71' lang='lat' dir='ltr'><strong>qua:</strong></span> <span class='ocrx_word' id='word_1_723' title='bbox 2787 4854 3074 4926; x_wconf 86' lang='lat' dir='ltr'><strong>Scriptura</strong></span> <span class='ocrx_word' id='word_1_724' title='bbox 3139 4856 3277 4925; x_wconf 89' lang='lat' dir='ltr'><strong>ipsa,</strong></span> <span class='ocrx_word' id='word_1_725' title='bbox 3340 4868 3464 4923; x_wconf 64' lang='lat' dir='ltr'><strong>quae</strong></span> <span class='ocrx_word' id='word_1_726' title='bbox 3547 4849 3710 4907; x_wconf 80' lang='lat' dir='ltr'><strong>Jose—</strong></span> 
     </span>
    </p>
   </div>
   <div class='ocr_carea' id='block_1_101' title="bbox 417 4929 3712 5020">
    <p class='ocr_par' dir='ltr' id='par_1_101' title="bbox 417 4929 3712 5020">
     <span class='ocr_line' id='line_1_101' title="bbox 417 4929 3712 5020; baseline -0 -26"><span class='ocrx_word' id='word_1_727' title='bbox 417 4929 560 5012; x_wconf 87' lang='lat' dir='ltr'><strong>phus</strong></span> <span class='ocrx_word' id='word_1_728' title='bbox 583 4941 748 4996; x_wconf 87' lang='lat' dir='ltr'><strong>etiam</strong></span> <span class='ocrx_word' id='word_1_729' title='bbox 775 4942 1181 5009; x_wconf 86' lang='lat' dir='ltr'><strong>innuunt,cum</strong></span> <span class='ocrx_word' id='word_1_730' title='bbox 1215 4945 1685 5018; x_wconf 81' lang='lat' dir='ltr'><strong>isteAntiquitatis</strong></span> <span class='ocrx_word' id='word_1_731' title='bbox 1755 4949 2048 5006; x_wconf 89' lang='lat' dir='ltr'><strong>undecimo</strong></span> <span class='ocrx_word' id='word_1_732' title='bbox 2120 4949 2324 5020; x_wconf 87' lang='lat' dir='ltr'><strong>Cyrum</strong></span> <span class='ocrx_word' id='word_1_733' title='bbox 2391 4948 2490 5013; x_wconf 86' lang='lat' dir='ltr'><strong>ait,</strong></span> <span class='ocrx_word' id='word_1_734' title='bbox 2527 4955 2883 5017; x_wconf 90' lang='lat' dir='ltr'><strong>posteaquam</strong></span> <span class='ocrx_word' id='word_1_735' title='bbox 2946 4947 3107 5002; x_wconf 75' lang='lat' dir='ltr'><strong>istam</strong></span> <span class='ocrx_word' id='word_1_736' title='bbox 3160 4947 3311 5001; x_wconf 62' lang='lat' dir='ltr'><strong>Isaim</strong></span> <span class='ocrx_word' id='word_1_737' title='bbox 3365 4943 3712 5013; x_wconf 84' lang='lat' dir='ltr'><strong>prOphetiam</strong></span> 
     </span>
    </p>
   </div>
   <div class='ocr_carea' id='block_1_102' title="bbox 416 5037 3714 5116">
    <p class='ocr_par' dir='ltr' id='par_1_102' title="bbox 416 5037 3714 5116">
     <span class='ocr_line' id='line_1_102' title="bbox 416 5037 3714 5116; baseline -0 -24"><span class='ocrx_word' id='word_1_738' title='bbox 416 5037 523 5092; x_wconf 84' lang='lat' dir='ltr'><strong>sibi</strong></span> <span class='ocrx_word' id='word_1_739' title='bbox 581 5051 610 5089; x_wconf 89' lang='lat' dir='ltr'><strong>a</strong></span> <span class='ocrx_word' id='word_1_740' title='bbox 664 5037 898 5108; x_wconf 87' lang='lat' dir='ltr'><strong>captivis</strong></span> <span class='ocrx_word' id='word_1_741' title='bbox 943 5039 1371 5106; x_wconf 80' lang='lat' dir='ltr'><strong>demonstratam</strong></span> <span class='ocrx_word' id='word_1_742' title='bbox 1426 5042 1670 5115; x_wconf 81' lang='lat' dir='ltr'><strong>legisset,</strong></span> <span class='ocrx_word' id='word_1_743' title='bbox 1727 5044 1842 5101; x_wconf 70' lang='lat' dir='ltr'><strong>hazc</strong></span> <span class='ocrx_word' id='word_1_744' title='bbox 1895 5047 2012 5116; x_wconf 88' lang='lat' dir='ltr'><strong>ipsa</strong></span> <span class='ocrx_word' id='word_1_745' title='bbox 2051 5045 2364 5116; x_wconf 84' lang='lat' dir='ltr'><strong>agnovisse,</strong></span> <span class='ocrx_word' id='word_1_746' title='bbox 2392 5058 2650 5114; x_wconf 88' lang='lat' dir='ltr'><strong>eumque,</strong></span> <span class='ocrx_word' id='word_1_747' title='bbox 2677 5044 2770 5113; x_wconf 89' lang='lat' dir='ltr'><strong>qui</strong></span> <span class='ocrx_word' id='word_1_748' title='bbox 2795 5057 2898 5099; x_wconf 90' lang='lat' dir='ltr'><strong>suo</strong></span> <span class='ocrx_word' id='word_1_749' title='bbox 2919 5059 2980 5098; x_wconf 86' lang='lat' dir='ltr'><strong>se</strong></span> <span class='ocrx_word' id='word_1_750' title='bbox 3041 5043 3263 5098; x_wconf 89' lang='lat' dir='ltr'><strong>nomine</strong></span> <span class='ocrx_word' id='word_1_751' title='bbox 3326 5047 3454 5095; x_wconf 85' lang='lat' dir='ltr'><strong>ante</strong></span> <span class='ocrx_word' id='word_1_752' title='bbox 3503 5038 3714 5093; x_wconf 88' lang='lat' dir='ltr'><strong>ducen-</strong></span> 
     </span>
    </p>
   </div>
   <div class='ocr_carea' id='block_1_103' title="bbox 417 5129 2994 5212">
    <p class='ocr_par' dir='ltr' id='par_1_103' title="bbox 417 5129 2994 5212">
     <span class='ocr_line' id='line_1_103' title="bbox 417 5129 2994 5212; baseline 0.003 -28"><span class='ocrx_word' id='word_1_753' title='bbox 417 5137 505 5185; x_wconf 87' lang='lat' dir='ltr'><strong>tos</strong></span> <span class='ocrx_word' id='word_1_754' title='bbox 532 5137 584 5184; x_wconf 80' lang='lat' dir='ltr'><strong>et</strong></span> <span class='ocrx_word' id='word_1_755' title='bbox 607 5129 792 5186; x_wconf 88' lang='lat' dir='ltr'><strong>decem</strong></span> <span class='ocrx_word' id='word_1_756' title='bbox 818 5146 993 5186; x_wconf 88' lang='lat' dir='ltr'><strong>annos</strong></span> <span class='ocrx_word' id='word_1_757' title='bbox 1020 5147 1143 5187; x_wconf 88' lang='lat' dir='ltr'><strong>esse</strong></span> <span class='ocrx_word' id='word_1_758' title='bbox 1174 5135 1505 5204; x_wconf 86' lang='lat' dir='ltr'><strong>appellatum</strong></span> <span class='ocrx_word' id='word_1_759' title='bbox 1543 5137 1751 5194; x_wconf 81' lang='lat' dir='ltr'><strong>videret</strong></span> <span class='ocrx_word' id='word_1_760' title='bbox 1802 5153 1998 5212; x_wconf 79' lang='lat' dir='ltr'><strong>magna</strong></span> <span class='ocrx_word' id='word_1_761' title='bbox 2039 5139 2325 5195; x_wconf 87' lang='lat' dir='ltr'><strong>alacritate</strong></span> <span class='ocrx_word' id='word_1_762' title='bbox 2352 5138 2620 5208; x_wconf 88' lang='lat' dir='ltr'><strong>imperata</strong></span> <span class='ocrx_word' id='word_1_763' title='bbox 2652 5137 2994 5208; x_wconf 57' lang='lat' dir='ltr'><strong>praestitisse.</strong></span> 
     </span>
    </p>
   </div>
   <div class='ocr_carea' id='block_1_104' title="bbox 1051 5225 2002 5287">
    <p class='ocr_par' dir='ltr' id='par_1_104' title="bbox 1051 5225 1410 5287">
     <span class='ocr_line' id='line_1_104' title="bbox 1051 5225 1410 5287; baseline 0.011 -4"><span class='ocrx_word' id='word_1_764' title='bbox 1051 5225 1206 5283; x_wconf 87' lang='lat' dir='ltr'><strong>CAP.</strong></span> <span class='ocrx_word' id='word_1_765' title='bbox 1248 5227 1410 5287; x_wconf 84' lang='lat' dir='ltr'><strong>XLV.</strong></span> 
     </span>
    </p>
   </div>
   <div class='ocr_carea' id='block_1_105' title="bbox 2105 5225 3120 5287">
    <p class='ocr_par' dir='ltr' id='par_1_105' title="bbox 2707 5231 3120 5286">
     <span class='ocr_line' id='line_1_105' title="bbox 2707 5231 3120 5286; baseline 0 -2"><span class='ocrx_word' id='word_1_766' title='bbox 2707 5232 2958 5286; x_wconf 75' lang='grc' dir='ltr'>ΚΕΦΑΛ.</span> <span class='ocrx_word' id='word_1_767' title='bbox 2986 5231 3120 5286; x_wconf 83' lang='lat' dir='ltr'><strong>ME’.</strong></span> 
     </span>
    </p>
   </div>
   <div class='ocr_carea' id='block_1_106' title="bbox 491 5311 2002 5398">
    <p class='ocr_par' dir='ltr' id='par_1_106' title="bbox 491 5311 2002 5381">
     <span class='ocr_line' id='line_1_106' title="bbox 491 5311 2002 5381; baseline 0.011 -15"><span class='ocrx_word' id='word_1_768' title='bbox 491 5311 658 5369; x_wconf 74' lang='lat' dir='ltr'><strong>Vens.</strong></span> <span class='ocrx_word' id='word_1_769' title='bbox 686 5315 805 5370; x_wconf 69' lang='lat'><strong>1-8.</strong></span> <span class='ocrx_word' id='word_1_770' title='bbox 843 5316 932 5372; x_wconf 85' lang='lat' dir='ltr'><strong>Sic</strong></span> <span class='ocrx_word' id='word_1_771' title='bbox 959 5317 1089 5373; x_wconf 85' lang='lat' dir='ltr'><strong>dicit</strong></span> <span class='ocrx_word' id='word_1_772' title='bbox 1143 5319 1401 5376; x_wconf 84' lang='lat' dir='ltr'><strong>Dominus</strong></span> <span class='ocrx_word' id='word_1_773' title='bbox 1448 5322 1591 5378; x_wconf 88' lang='lat' dir='ltr'><strong>Deus</strong></span> <span class='ocrx_word' id='word_1_774' title='bbox 1641 5325 1840 5380; x_wconf 81' lang='lat' dir='ltr'><strong>eltristo</strong></span> <span class='ocrx_word' id='word_1_775' title='bbox 1896 5342 2002 5381; x_wconf 83' lang='lat' dir='ltr'><strong>mea</strong></span> 
     </span>
    </p>
   </div>
   <div class='ocr_carea' id='block_1_107' title="bbox 2105 5311 3714 5398">
    <p class='ocr_par' dir='ltr' id='par_1_107' title="bbox 2175 5319 3714 5398">
     <span class='ocr_line' id='line_1_107' title="bbox 2175 5319 3714 5398; baseline -0.005 -20"><span class='ocrx_word' id='word_1_776' title='bbox 2175 5330 2302 5398; x_wconf 82' lang='grc' dir='ltr'>α’-η’</span> <span class='ocrx_word' id='word_1_777' title='bbox 2326 5367 2339 5381; x_wconf 94' lang='grc'><strong>.</strong></span> <span class='ocrx_word' id='word_1_778' title='bbox 2363 5327 2526 5380; x_wconf 82' lang='grc' dir='ltr'>Οὕτω</span> <span class='ocrx_word' id='word_1_779' title='bbox 2563 5325 2724 5394; x_wconf 71' lang='grc' dir='ltr'>λέγει</span> <span class='ocrx_word' id='word_1_780' title='bbox 2755 5324 2970 5391; x_wconf 79' lang='grc' dir='ltr'>Κύριος</span> <span class='ocrx_word' id='word_1_781' title='bbox 2996 5326 3028 5378; x_wconf 86' lang='grc' dir='ltr'><strong>ό</strong></span> <span class='ocrx_word' id='word_1_782' title='bbox 3061 5325 3206 5389; x_wconf 84' lang='grc' dir='ltr'>Θεὸς</span> <span class='ocrx_word' id='word_1_783' title='bbox 3233 5321 3312 5387; x_wconf 84' lang='grc' dir='ltr'>τῷ</span> <span class='ocrx_word' id='word_1_784' title='bbox 3339 5319 3564 5391; x_wconf 82' lang='grc' dir='ltr'>χριστῷ</span> <span class='ocrx_word' id='word_1_785' title='bbox 3589 5335 3714 5388; x_wconf 84' lang='grc' dir='ltr'><strong>μου</strong></span> 
     </span>
    </p>
   </div>
   <div class='ocr_carea' id='block_1_108' title="bbox 422 5404 2002 5489">
    <p class='ocr_par' dir='ltr' id='par_1_108' title="bbox 422 5404 2002 5489">
     <span class='ocr_line' id='line_1_108' title="bbox 422 5404 2002 5489; baseline 0.008 -30"><span class='ocrx_word' id='word_1_786' title='bbox 422 5404 582 5475; x_wconf 77' lang='lat' dir='ltr'><strong>Cyro,</strong></span> <span class='ocrx_word' id='word_1_787' title='bbox 615 5409 765 5476; x_wconf 85' lang='lat' dir='ltr'><strong>cujus</strong></span> <span class='ocrx_word' id='word_1_788' title='bbox 797 5412 1116 5480; x_wconf 82' lang='lat' dir='ltr'><strong>apprehendi</strong></span> <span class='ocrx_word' id='word_1_789' title='bbox 1140 5413 1434 5481; x_wconf 65' lang='lat' dir='ltr'><strong>dexteram,</strong></span> <span class='ocrx_word' id='word_1_790' title='bbox 1473 5427 1530 5470; x_wconf 91' lang='lat' dir='ltr'><strong>ut</strong></span> <span class='ocrx_word' id='word_1_791' title='bbox 1566 5419 1845 5489; x_wconf 79' lang='lat' dir='ltr'><strong>subjiciunt</strong></span> <span class='ocrx_word' id='word_1_792' title='bbox 1891 5430 2002 5472; x_wconf 76' lang='lat' dir='ltr'><strong>antt</strong></span> 
     </span>
    </p>
   </div>
   <div class='ocr_carea' id='block_1_109' title="bbox 2105 5404 3715 5489">
    <p class='ocr_par' dir='ltr' id='par_1_109' title="bbox 2118 5409 3715 5487">
     <span class='ocr_line' id='line_1_109' title="bbox 2118 5409 3715 5487; baseline -0.006 -15"><span class='ocrx_word' id='word_1_793' title='bbox 2118 5419 2306 5487; x_wconf 69' lang='grc' dir='ltr'>Κιὲρῳ,</span> <span class='ocrx_word' id='word_1_794' title='bbox 2341 5415 2414 5475; x_wconf 83' lang='grc' dir='ltr'>οὗ</span> <span class='ocrx_word' id='word_1_795' title='bbox 2451 5417 2756 5487; x_wconf 80' lang='grc' dir='ltr'>ἐκράτησα</span> <span class='ocrx_word' id='word_1_796' title='bbox 2790 5415 2901 5485; x_wconf 79' lang='grc' dir='ltr'>τῆς</span> <span class='ocrx_word' id='word_1_797' title='bbox 2949 5415 3171 5483; x_wconf 77' lang='grc' dir='ltr'>δεξιᾶς,</span> <span class='ocrx_word' id='word_1_798' title='bbox 3223 5412 3558 5468; x_wconf 76' lang='grc' dir='ltr'>ἐπακοῦσαι</span> <span class='ocrx_word' id='word_1_799' title='bbox 3605 5409 3715 5479; x_wconf 76' lang='grc' dir='ltr'><strong>ἔμ-</strong></span> 
     </span>
    </p>
   </div>
   <div class='ocr_carea' id='block_1_110' title="bbox 496 5561 2002 5642">
    <p class='ocr_par' dir='ltr' id='par_1_110' title="bbox 496 5561 2002 5642">
     <span class='ocr_line' id='line_1_110' title="bbox 496 5561 2002 5642; baseline -0.003 -14"><span class='ocrx_word' id='word_1_800' title='bbox 496 5563 517 5593; x_wconf 71' lang='grc'><strong><em>⁶</em></strong></span> <span class='ocrx_word' id='word_1_801' title='bbox 546 5561 690 5618; x_wconf 68' lang='grc' dir='ltr'><strong>Ρεελίο</strong></span> <span class='ocrx_word' id='word_1_802' title='bbox 728 5579 934 5628; x_wconf 63' lang='lat' dir='ltr'><strong>XXVI”,</strong></span> <span class='ocrx_word' id='word_1_803' title='bbox 968 5566 1022 5620; x_wconf 82' lang='grc'>5.</span> <span class='ocrx_word' id='word_1_804' title='bbox 1104 5569 1124 5599; x_wconf 83' lang='grc'><em>⁸</em></span> <span class='ocrx_word' id='word_1_805' title='bbox 1165 5567 1311 5642; x_wconf 79' lang='lat' dir='ltr'><strong>Psal.</strong></span> <span class='ocrx_word' id='word_1_806' title='bbox 1343 5587 1472 5636; x_wconf 79' lang='lat' dir='ltr'><strong>XCII,</strong></span> <span class='ocrx_word' id='word_1_807' title='bbox 1509 5574 1560 5627; x_wconf 80' lang='grc'>5.</span> <span class='ocrx_word' id='word_1_808' title='bbox 1643 5574 1662 5604; x_wconf 74' lang='grc'>⁸</span> <span class='ocrx_word' id='word_1_809' title='bbox 1695 5573 1906 5627; x_wconf 80' lang='lat' dir='ltr'><strong>Nalmm</strong></span> <span class='ocrx_word' id='word_1_810' title='bbox 1977 5590 2002 5626; x_wconf 88' lang='lat' dir='ltr'><strong>ll</strong></span> 
     </span>
    </p>
   </div>
   <div class='ocr_carea' id='block_1_111' title="bbox 2105 5561 2826 5642">
    <p class='ocr_par' dir='ltr' id='par_1_111' title="bbox 2107 5573 2826 5642">
     <span class='ocr_line' id='line_1_111' title="bbox 2107 5573 2826 5642; baseline 0 -16"><span class='ocrx_word' id='word_1_811' title='bbox 2107 5613 2118 5626; x_wconf 93' lang='lat'><strong>.</strong></span> <span class='ocrx_word' id='word_1_812' title='bbox 2201 5574 2217 5601; x_wconf 78' lang='grc'><strong>⁷</strong></span> <span class='ocrx_word' id='word_1_813' title='bbox 2251 5573 2414 5626; x_wconf 78' lang='lat' dir='ltr'><strong>.losne</strong></span> <span class='ocrx_word' id='word_1_814' title='bbox 2481 5589 2563 5638; x_wconf 85' lang='grc' dir='ltr'>ιιι,</span> <span class='ocrx_word' id='word_1_815' title='bbox 2591 5576 2650 5631; x_wconf 77' lang='lat' dir='ltr'><strong>l3</strong></span> <span class='ocrx_word' id='word_1_816' title='bbox 2677 5588 2826 5642; x_wconf 71' lang='lat' dir='ltr'><strong>seqq.</strong></span> 
     </span>
    </p>
   </div>
   <div class='ocr_carea' id='block_1_112' title="bbox 1641 5688 2426 5744">
    <p class='ocr_par' dir='ltr' id='par_1_112' title="bbox 1641 5688 2426 5744">
     <span class='ocr_line' id='line_1_112' title="bbox 1641 5688 2426 5744; baseline 0.005 -4"><span class='ocrx_word' id='word_1_817' title='bbox 1641 5722 1646 5724; x_wconf 93' lang='lat'><strong>-</strong></span> <span class='ocrx_word' id='word_1_818' title='bbox 1742 5688 1969 5742; x_wconf 64' lang='lat' dir='ltr'><strong>V.\lil-li</strong></span> <span class='ocrx_word' id='word_1_819' title='bbox 2017 5689 2426 5744; x_wconf 67' lang='lat' dir='ltr'><strong>LECTIONES.</strong></span> 
     </span>
    </p>
   </div>
   <div class='ocr_carea' id='block_1_113' title="bbox 506 5766 1166 5841">
    <p class='ocr_par' dir='ltr' id='par_1_113' title="bbox 506 5766 1166 5841">
     <span class='ocr_line' id='line_1_113' title="bbox 506 5766 1166 5841; baseline 0.003 -19"><span class='ocrx_word' id='word_1_820' title='bbox 506 5766 527 5810; x_wconf 73' lang='grc' dir='ltr'>ί</span> <span class='ocrx_word' id='word_1_821' title='bbox 566 5786 652 5838; x_wconf 56' lang='grc' dir='ltr'>πρ.</span> <span class='ocrx_word' id='word_1_822' title='bbox 684 5767 808 5840; x_wconf 77' lang='grc' dir='ltr'>τήν,</span> <span class='ocrx_word' id='word_1_823' title='bbox 890 5773 912 5809; x_wconf 71' lang='grc' dir='ltr'>ε</span> <span class='ocrx_word' id='word_1_824' title='bbox 952 5789 1039 5841; x_wconf 81' lang='grc' dir='ltr'><strong>γρ.</strong></span> <span class='ocrx_word' id='word_1_825' title='bbox 1079 5776 1166 5824; x_wconf 80' lang='grc' dir='ltr'>ια’.</span> 
     </span>
    </p>
   </div>
  </div>
