4032 6218
348 295 489 362 sm
521 260 525 264 ’

1478 313 2015 377 COMMENTARII
2051 318 2133 379 IN
2167 318 2454 381 ISAIAM.

3460 323 3603 387 25.18

342 411 609 502 xpoa’oer
640 409 830 467 αὐτοῦ
866 415 1034 484 ἔθνη,
1062 417 1163 473 καί
1205 418 1388 490 ἰσχὺν
1410 421 1725 485 ,βασιλέων
1757 425 1923 496 alap-

2026 426 2210 497 faciem
2237 427 2352 497 ejus
2370 437 2571 499 gentes,
2593 439 2641 482 et
2670 430 2801 484 vires
2831 446 3008 502 regum
3056 428 3324 500 frangam.
3354 430 3606 500 Aperiunt

336 500 524 569 ῥήξω.
571 501 820 569 ’Δνοιξω
841 507 1186 578 ἔμπροσθεν
1214 512 1406 568 αὑτοῦ
1436 514 1641 586 θύρας,
1673 518 1774 572 καὶ
1809 519 1921 574 πό-

338 594 469 660 λεις
495 594 569 650 οὐ
600 599 1221 669 συγκλεισθήσονται,
1244 620 1299 657 κ.
1325 622 1377 659 τ.
1417 605 1470 661 λ.

415 686 515 740 Ὃν
544 687 639 741 καὶ
663 689 922 757 χριστὸν
965 692 1143 762 καλεῖ,
1172 694 1317 750 οὕτω
1357 698 1488 772 παρ’
1529 698 1805 773 Ἑϐραίοις
1826 703 1919 757 λε-

342 775 592 848 γομένων
629 778 741 834 τῶν
786 781 893 837 ὑπὸ
928 783 1064 838 Θεοῦ
1112 789 1611 862 προχειρισθέντων
1645 795 1727 858 είς
1763 794 1919 866 βασι-

342 866 513 921 λείαν.
563 866 780 943 ’Ἐλαίῳ
839 872 949 944 γὰρ
1008 874 1195 941 αὐτοῖς
1244 880 1295 933 oi
1352 880 1596 951 βασιλεῖς
1653 884 1921 941 εἰώθεσαν

341 961 617 1028 χρίεσθαι
663 961 801 1033 πρὸς
831 963 932 1036 τὴν
964 965 1147 1041 ἀρχὴν
1181 970 1595 1043 καθιστάμενοι.
1629 977 1922 1048 Τροπικῶς

339 1048 400 1138 δε
428 1050 523 1104 καὶ
561 1053 690 1116 τοὺς
730 1053 920 1123 ἁγίους
949 1055 1096 1113 οὕτω
1134 1062 1299 1132 φησιν
1326 1063 1361 1134 ἠ
1401 1064 1612 1138 Γραφή.
1664 1070 1921 1138 Χριστὸν

341 1135 434 1195 οὖν
456 1142 621 1198 αὐτὸν
650 1145 929 1215 ἐκάλεσεν,
953 1148 1032 1216 ὥς
1065 1154 1132 1207 ὲκ
1152 1153 1287 1209 Θεοῦ
1323 1157 1461 1227 πρὸς
1485 1135 1588 1231 τὴν
1617 1135 1791 1232 ἀρχὴν
1826 1179 1920 1215 κε-

341 1231 442 1321 κλη
451 1233 632 1303 μένον.
650 1235 739 1301 Ὦς
752 1237 808 1292 δὲ
827 1242 1127 1310 τοιούτου,
1148 1246 1337 1316 φησὶν,
1356 1249 1760 1320 ἐπαγγέλλομαι
1779 1268 1923 1321 κρα-

342 1319 523 1389 τῆσαι
548 1322 661 1394 τῆς
682 1324 892 1392 δεξιᾶς
923 1330 1065 1402 πρὸς
1085 1332 1148 1386 τὸ
1181 1332 1256 1405 μὴ
1281 1319 1752 1407 παρατρέπεσθαι,
1781 1319 1920 1411 μηδὲ

342 1413 635 1505 νικηθῆναι
676 1418 832 1505 παρα
856 1436 1000 1485 τινος
1029 1422 1357 1493 κρείττονος.
1404 1428 1764 1500 Ἀντιλήψεως
1802 1426 1920 1504 γὰρ

342 1502 500 1557 τοῦτο
550 1502 809 1577 σημεῖον,
835 1509 982 1565 καθά
1031 1529 1198 1586 φησιν
1232 1517 1289 1570 ἐν
1334 1517 1616 1589 Ψαλμοῖς·
1657 1538 1677 1572 ι
1724 1502 1921 1592 Ἐκρα-

344 1610 513 1664 τησας
559 1598 658 1667 τῆς
689 1597 872 1671 χειρὸς
898 1603 1001 1673 τῆς
1031 1602 1213 1670 δεξιᾶς
1258 1622 1383 1676 μου,
1426 1610 1520 1663 καὶ
1561 1612 1620 1663 ὲν
1650 1613 1717 1682 τῇ
1752 1612 1916 1684 βουλῇ

338 1688 441 1737 ’σου
469 1684 761 1757 ὠδήγησάς
790 1706 880 1761 με.
914 1709 934 1744 ι
968 1692 1299 1763 Ύποτάξας
1330 1696 1389 1751 δὲ
1432 1698 1722 1763 πλείστους
1747 1701 1915 1773 αὐτῷ,

2020 535 2202 574 coram
2226 536 2286 574 eo
2308 529 2511 588 portas,
2535 530 2583 575 et
2613 521 2763 575 urbes
2795 538 2899 576 non
2929 522 3263 589 claudentur,
3288 533 3390 579 etc.

2090 704 2161 757 At
2193 700 2338 773 quod
2392 701 2652 757 Christum
2684 699 2996 771 appellant,
3041 700 3110 755 ad
3142 700 3496 758 Hebra'xrum
3524 700 3610 756 lo-

2019 795 2223 865 quendi
2251 793 2706 850 consuetudinem
2742 793 2948 854 retulit,
2981 792 3073 862 qui
3118 795 3222 849 sibi
3280 792 3602 864 designatos
3668 788 3679 799 ’

2022 900 2051 939 a
2087 885 2196 953 Deo
2253 901 2408 957 reges
2464 885 2541 940 ita
2574 883 2989 954 nuncupabant.
3026 882 3161 938 Oleo
3221 885 3491 955 siquidem
3539 885 3610 941 de

2022 996 2172 1035 more
2203 995 2300 1036 eos
2333 979 2668 1049 inungebant,
2697 979 2788 1049 qui
2827 965 3012 1035 essent
3042 978 3108 1033 ad
3141 980 3291 1049 regni
3330 980 3609 1048 guberna-

2021 1068 2143 1123 cula
2176 1068 2401 1124 admoti.
2430 1066 2689 1138 Figurate
2709 1082 2836 1123 vero
2861 1077 2914 1122 et
2964 1072 3187 1122 sanctus
3235 1069 3317 1122 sic
3373 1068 3609 1137 appellat

2022 1158 2327 1227 Scriptura.
2359 1158 2628 1215 Christum
2658 1160 2843 1230 itaque
2894 1174 3020 1214 eum
3070 1158 3307 1224 vocavit,
3350 1167 3609 1228 tanquam

2020 1252 2111 1319 qui
2141 1256 2286 1304 esset
2320 1263 2350 1302 a
2402 1248 2512 1305 Deo
2535 1249 2602 1303 ad
2643 1249 2930 1319 imperium
2979 1256 3232 1304 vocatus.
3259 1248 3418 1318 511
3473 1248 3611 1303 Cum

2022 1340 2145 1395 talis
2165 1346 2345 1394 autem
2376 1340 2467 1404 sit,
2500 1339 2699 1409 inquit,
2733 1339 2968 1409 ejusdem
3026 1357 3106 1394 me
3134 1338 3432 1405 dexteram,
3474 1356 3542 1393 ne
3577 1357 3610 1394 ει

2021 1444 2297 1501 quoquam
2321 1437 2619 1497 avertatur,
2653 1438 2746 1483 aut
2779 1430 3073 1498 potentiori
3134 1430 3480 1494 succumbat,
3513 1445 3613 1497 ap-

2019 1518 2351 1589 prehendisse
2384 1518 2663 1588 profiteor.
2692 1518 2806 1583 Hoc
2844 1521 2987 1576 enim
3019 1522 3357 1578 defensionis
3388 1521 3607 1591 signum
3656 1558 3665 1567 .

2020 1621 2124 1675 est,
2153 1612 2294 1667 sicut
2323 1611 2414 1666 illo
2440 1611 2738 1679 iudicatur,
2771 1612 2919 1681 quod
2978 1613 3034 1667 in
3061 1613 3298 1669 Psalmis
3354 1614 3557 1684 legitur
3592 1634 3606 1668 :

2027 1702 2314 1759 «Tenuisti
2354 1717 2576 1757 manum
2638 1702 2919 1758 dexteram
2968 1719 3167 1769 meam,
3208 1713 3262 1759 et
3316 1704 3370 1758 in
3424 1705 3609 1758 consin

344 1773 523 1867 πᾶσαν
559 1774 860 1846 mappam
905 1781 1006 1854 τὴν
1037 1784 1096 1838 ὲν
1125 1787 1236 1849 τοῖς
1274 1785 1482 1854 λοιποῖς
1521 1789 1704 1845 ἔθνεσι
1733 1791 1914 1847 δυνα-

2026 1795 2093 1850 lio
2149 1806 2240 1850 tuo
2294 1794 2569 1849 deduxisti
2629 1810 2716 1849 me
2758 1795 2800 1849 ⁸.
2834 1813 2855 1848 s
2910 1795 3046 1850 Cum
3105 1804 3288 1851 autem
3342 1796 3610 1867 plurimos

307 1915 314 1921 .
339 1866 574 1958 στείαν,
604 1868 757 1958 οὐδὲν
777 1870 979 1927 ἄσατον
1004 1873 1175 1938 ἐάσας
1194 1876 1367 1948 αὐτῷ,
1406 1878 1526 1933 καθ’
1560 1874 1637 1935 ὧν
1663 1882 1730 1937 ἂν
1754 1883 1914 1958 ἐθέλῃ

341 1956 565 2023 χωρεῖν.
615 1956 777 2013 Ἀλλὰ
801 1959 907 2016 κᾶν
934 1959 968 2037 ᾗ
1015 1979 1069 2017 τι
1100 1963 1325 2021 δυνατὸν
1364 1969 1636 2040 ἐμποδὼν,
1672 1972 1749 2037 ὡς
1777 1956 1917 2043 ὅρος

341 2047 645 2119 γινόμενον,
673 2051 777 2107 κᾶν
808 2055 1029 2129 ίσχυρδν
1051 2057 1131 2122 ῶς
1161 2059 1391 2129 χαλκὸς
1421 2058 1478 2134 ᾗ,
1514 2064 1609 2118 καὶ
1639 2065 1912 2135 σίδηρος,

342 2138 523 2195 πάντα
571 2145 897 2203 ταπεινώσω
937 2148 1034 2203 καὶ
1052 2149 1220 2217 λύσω,
1274 2152 1350 2217 ὡς
1391 2155 1527 2225 μηδὲ
1569 2158 1913 2226 θησαυροὺς

340 2229 637 2302 ἀοράτους
664 2239 776 2302 τοῖς
814 2240 944 2311 πρὶν
975 2239 1254 2312 βασιλεῦσι
1275 2242 1462 2299 τοῦτον
1485 2245 1777 2304 διαλαθεῖν.

2020 1884 2195 1941 eidem
2251 1881 2540 1953 subjecero,
2572 1882 2744 1952 addit,
2786 1899 3003 1940 omnem
3058 1884 3320 1956 deinceps
3378 1884 3612 1954 reliqua-

2020 1993 2141 2034 rum
2190 1978 2432 2049 gentium
2469 1979 2763 2047 potentiam
2813 1979 3083 2050 frangam,
3139 1994 3318 2048 neque
3365 1979 3413 2035 ei
3458 1976 3613 2048 quid-

2020 2082 2205 2139 quam,
2236 2082 2346 2139 quo
2394 2082 2621 2139 pergere
2645 2068 2897 2136 voluerit,
2929 2086 3035 2126 non
3085 2070 3332 2140 pervium
3364 2068 3610 2123 eiliciam.

2019 2156 2160 2221 lmo,
2222 2160 2267 2213 si
2306 2158 2604 2230 quidquam
2664 2160 2943 2231 potentius
2995 2161 3289 2226 obstiterit,
3326 2167 3379 2214 et
3420 2160 3611 2212 manlis

2020 2247 2277 2303 instarin
2341 2263 2465 2304 eum
2522 2250 2824 2319 attollatur,
2881 2250 3098 2306 etiamsi
3157 2267 3260 2304 a're
3326 2258 3419 2303 aut
3469 2249 3613 2319 {erro

341 2322 575 2381 validius
627 2325 722 2393 sit,
746 2328 879 2386 illud
918 2331 1174 2403 dejiciam
1218 2343 1398 2395 tamen
1434 2350 1489 2397 et
1523 2339 1796 2414 frangam,
1832 2351 2009 2413 neque
2041 2340 2370 2408 reconditos,
2404 2340 2787 2413 prioribusque
2843 2341 3065 2412 regibus
3103 2340 3305 2411 ignotos
3338 2338 3608 2394 thesauros

343 2426 469 2467 eum
509 2415 678 2474 latere
709 2420 912 2490 patiar.

412 2506 572 2573 Τινὲς
602 2510 661 2565 δὲ
688 2513 1033 2586 θησαυρούς
1068 2537 1200 2590 φασι
1228 2526 1355 2590 τοὺς
1397 2527 1512 2581 ὅσοι
1541 2512 1654 2585 καί
1677 2528 1910 2600 μάλιστα

340 2597 562 2690 δυνατοὶ
591 2603 747 2676 παρὰ
783 2608 885 2678 τὴν
916 2608 1106 2680 ἔφοδον
1132 2618 1331 2685 Κύρου
1357 2619 1646 2690 σπηλαίοις
1670 2597 1911 2689 ἐγκατα-

2074 2518 2331 2577 Nonnulli
2377 2532 2474 2591 per
2532 2518 2844 2585 thesauros,
2890 2532 2987 2575 eos
3043 2519 3194 2573 innui
3250 2517 3611 2584 arbitrantur,

2008 2611 2098 2683 qui
2134 2610 2215 2666 vel
2240 2609 2475 2664 maxime
2496 2616 2765 2679 potentes,
2797 2606 2937 2678 Cyro
2966 2622 3092 2661 cum
3116 2607 3358 2682 exercitu
3411 2605 3615 2663 adven-

342 2689 532 2758 δύντες
561 2694 872 2755 ἐλάνθανον.
902 2702 970 2756 Ὃ
997 2702 1063 2776 δὴ
1091 2706 1295 2776 μαθὼν,
1330 2709 1493 2779 δᾷδας
1521 2709 1769 2775 ἐξάπτων
1791 2712 1917 2776 τοὺς

2026 2710 2184 2768 .aute,
2216 2701 2269 2755 in
2306 2700 2581 2772 speluncis
2638 2715 2760 2756 sese
2795 2699 3241 2765 abdiderunt;in
3306 2698 3508 2767 quibus
3558 2709 3615 2754 et

343 2780 546 2874 ανδρας
594 2785 941 2860 ἀνεύρισκεν.
995 2794 1171 2850 Γνῶθι
1211 2797 1271 2852 δὲ
1312 2799 1342 2840 ιι
1386 2800 1593 2857 τούτων
1643 2802 1919 2874 ἐσομένων

2026 2795 2142 2867 ipsi,
2169 2810 2293 2849 cum
2321 2809 2502 2863 regem
2547 2793 2719 2865 latere
2746 2809 2853 2847 non
2890 2793 3225 2863 potuissent,
3258 2789 3470 2847 facibus
3514 2806 3608 2845 ac-

345 2870 517 2942 ὅστις
550 2877 693 2948 ειμι,
719 2881 748 2934 ό
784 2882 892 2955 πρὸ
916 2885 1186 2943 τοσούτων
1210 2889 1418 2960 χρόνων
1443 2891 1559 2961 τὴν
1585 2892 1712 2963 σὴν
1735 2870 1920 2963 κροσ-

343 2967 595 3059 ηγοριαν
635 2971 842 3028 statim.
886 2976 1023 3047 Είμὶ
1067 2978 1178 3053 γὰρ
1225 2982 1371 3049 Θεὸς
1434 2984 1696 3054 Ἰσραὴλ,
1737 2985 1796 3040 δν
1841 2984 1920 3059 μὴ

345 3055 569 3124 ἀγνόει.
597 3059 678 3113 Δι’
715 3061 879 3118 αὐτὸν
909 3065 1019 3139 γάρ
1062 3085 1146 3124 σοι
1177 3072 1449 3143 τοσαύτην
1483 3073 1805 3129 δυναστείαν
1832 3055 1921 3130 δελ

2024 2885 2206 2941 censis
2232 2883 2445 2954 quaesiti
2497 2883 2806 2954 repertique
2828 2894 2974 2939 sunt.
3016 2883 3175 2938 Disce
3218 2899 3345 2938 vero
3366 2922 3380 2947 ,
3410 2882 3611 2953 inquit,

2024 2995 2093 3038 ex
2124 2977 2246 3032 istis
2275 2974 2439 3030 rebus
2464 2974 2663 3030 futuris
2692 2977 2937 3044 quisnam
2974 2974 3088 3044 ipse
3117 2975 3261 3038 sim,-
3296 2975 3386 3044 qui
3418 2985 3468 3029 te
3503 2986 3613 3029 tam

2025 3071 2190 3139 longo
2229 3075 2352 3120 ante
2378 3066 2644 3135 temporis
2674 3063 2960 3117 intervallo
2983 3071 3073 3117 tuo
3096 3065 3305 3117 nomine
3337 3080 3629 3133 nuncupa-

345 3147 623 3220 δώρημαι.
666 3150 839 3224 Ἐμὸς
871 3134 1152 3229 γαρ-ἔστιν
1183 3163 1249 3215 ὲκ
1278 3134 1498 3218 πάντων
1522 3165 1791 3236 eraderet;-
1817 3166 1923 3221 τῶν

2027 3134 2148 3215 tim:
2183 3157 2295 3229 Ego
2319 3134 2603 3212 enimsunt
2658 3153 2800 3209 Deus
2834 3153 3032 3221 Israel,
3060 3170 3221 3225 quem
3288 3163 3338 3209 te
3391 3153 3616 3208 minimc

349 3238 521 3295 ἐθνῶν
555 3245 624 3314 τῇ
677 3245 817 3317 πρὸς
859 3249 989 3312 τοὺς
1035 3249 1217 3308 αὐτῶν
1250 3253 1498 3326 πατέρας
1536 3258 1693 3327 τιμῇ.
1737 3257 1830 3311 Διό
1854 3272 1928 3312 σε

350 3335 788 3411 προσεδεξάμην,
836 3340 915 3406 ῶς
960 3341 1202 3414 ῑμαυτοῦ
1258 3346 1480 3414 οἰκεῖον,
1546 3348 1749 3421 καίπερ
1815 3350 1928 3404 οὐκ

348 3426 652 3495 ἐγνωκότα
664 3448 764 3500 με,
783 3434 851 3505 τῇ
879 3432 937 3487 δὲ
949 3435 1019 3489 ὲκ
1039 3435 1297 3509 πατέρων
1326 3437 1737 3511 εἰδωλολατρεία
1757 3455 1926 3511 προστ

351 3518 629 3589 κείμενον.
677 3520 765 3586 Ὠς
791 3523 861 3577 ἂν
899 3524 977 3596 μὴ
1016 3525 1181 3598 δοκῇς
1216 3524 1599 3599 προλαδούσης
1646 3528 1926 3592 εὐσεϐείας

349 3609 493 3682 γέρα
535 3628 618 3665 σοι
644 3612 820 3668 ταῦτα
844 3614 1112 3671 δεδόσθαι.
1156 3617 1296 3670 Ἀλλ’
1339 3619 1388 3672 εί
1432 3619 1527 3671 καὶ
1557 3617 1633 3687 μὴ
1662 3617 1926 3698 πρότερον

348 3699 545 3771 ἔγνως,
575 3703 658 3757 δτι
681 3704 874 3774 μόνος
901 3707 1019 3776 aut!
1049 3706 1204 3772 Θεὸς,
1240 3706 1380 3778 μάθε
1412 3709 1466 3777 γ’
1495 3707 1588 3762 οὖν
1621 3707 1680 3774 ἐξ
1708 3702 1783 3764 ὧν
1809 3710 1926 3762 δια-

350 3792 655 3862 πράξομαι,
685 3795 755 3850 δι⁹
776 3789 854 3852 ὧν
881 3799 1083 3863 πάντες
1110 3799 1349 3855 εἴσονται
1383 3801 1534 3856 Θεὸν
1563 3797 1927 3871 εἶναιμόνον

347 3885 477 3955 ἐμὲ,
506 3888 601 3942 καὶ
628 3888 694 3942 δι’
740 3889 1083 3962 ἀλλοφύλων,
1121 3892 1215 3947 καί⁸
1259 3893 1360 3964 τῆς
1406 3894 1546 3964 ἐμῆς
1594 3892 1761 3958 ξένων
1789 3893 1925 3965 θρη-

351 3977 560 4045 σκείας,
588 3980 660 4034 τὰ
692 3981 956 4037 δοκοῦντα
983 3982 1471 4057 διαπραττόμενον.
1496 3985 1608 4039 Καὶ
1640 3984 1707 4038 δι’
1727 3978 1803 4039 ὧν
1833 3985 1925 4039 τὸν

349 4070 484 4141 ιμδν
527 4071 680 4135 λαὸν,
716 4074 884 4143 ἡνίκα
930 4076 1028 4147 μὲν
1074 4075 1324 4147 παιδείας
1364 4071 1433 4149 ἦν
1479 4077 1692 4148 καιρὸς,
1735 4076 1925 4150 ὥσπερ

348 4160 501 4231 ὀργῇ
526 4163 622 4215 καὶ
651 4165 852 4231 σκότῳ
879 4166 969 4220 διὰ
995 4166 1098 4236 τῆς
1127 4166 1378 4230 παιδείας
1418 4167 1721 4238 κατήφειαν
1779 4185 1923 4240 παρ-

347 4250 551 4307 έδωκα.
597 4252 794 4308 Ἦνίκα
826 4255 885 4309 δὲ
911 4254 1106 4321 σώζειν
1138 4257 1245 4310 ἔδει
1275 4256 1639 4328 διορθωθέντα
1673 4258 1801 4328 φῶς
1830 4259 1924 4314 καὶ

344 4341 600 4410 είρήνην
626 4344 713 4396 ἐπ’
743 4345 908 4413 αὐτὸν
939 4348 1218 4402 ἀνατεῖλαι
1265 4347 1565 4417 πεποίηκα,
1600 4348 1688 4402 διὰ
1730 4350 1827 4421 τὴν
1859 4353 1923 4403 ἐκ

2026 3252 2151 3307 ideo
2179 3250 2337 3306 decet
2368 3249 2639 3318 ignorare,
2679 3244 2823 3317 quod
2874 3256 3094 3318 propter
3148 3247 3350 3316 ipsum,
3407 3253 3612 3299 tantam

2026 3344 2123 3400 tibi
2151 3341 2446 3414 potentiam
2473 3340 2704 3410 largitus
2734 3354 2874 3394 sum.
2909 3338 3002 3394 Est
3027 3341 3172 3395 enim
3204 3339 3296 3394 ille
3322 3338 3451 3392 mihi
3473 3355 3609 3393 cuu-

2027 3436 2131 3492 ctis
2158 3451 2188 3492 e
2211 3434 2466 3506 gentibus
2500 3443 2718 3503 patrum
2753 3447 2979 3488 suorum
3020 3429 3189 3502 gloria
3218 3439 3272 3486 et
3334 3446 3609 3485 commcn-

2028 3528 2250 3583 datlone
2281 3527 2524 3581 selectus.
2553 3524 2682 3580 Inde
2708 3539 2808 3595 ego
2835 3531 2889 3579 te
2921 3523 3085 3579 veluti
3125 3522 3442 3577 familiarem
3482 3522 3613 3574 mli

2028 3633 2152 3673 cum
2185 3618 2287 3673 mei
2323 3617 2484 3686 plane
2519 3617 2733 3685 ignarus
2780 3630 2921 3668 esses
2955 3623 3008 3667 et
3073 3615 3232 3668 avita:
3289 3612 3616 3668 idOlOlullliB

2029 3719 2282 3773 sectator,
2311 3706 2626 3775 assumpsi;
2652 3720 2720 3758 ne
2753 3710 2859 3758 tua:
2893 3703 2997 3759 ista
3026 3704 3268 3773 pristinae
3305 3703 3495 3772 pietati
3528 3701 3615 3755 d‘e-

2026 3800 2138 3855 bita
2169 3797 2391 3869 rependi
2424 3792 2881 3866 putares.Verum
2914 3794 3263 3861 quantumvis
3289 3803 3343 3847 tu
3367 3810 3445 3847 me
3475 3808 3616 3847 non-~

2028 3891 2153 3945 dum
2180 3889 2352 3945 solum
2373 3904 2485 3942 esse
2518 3887 2685 3941 Deum
2733 3886 3035 3952 didiceris;
3073 3888 3155 3940 vel
3185 3900 3253 3939 ex
3303 3886 3387 3941 his
3444 3895 3614 3950 certe,

2027 3995 2149 4051 quae
2217 3985 2472 4049 gesturus
2520 3992 2641 4032 sum
2694 3976 2792 4030 tibi
2840 3976 3121 4046 patuerit;
3172 3975 3372 4045 quibus
3423 3990 3616 4031 omnes

2025 4087 2188 4125 unum
2212 4085 2294 4124 me
2313 4084 2445 4132 esse,
2468 4080 2671 4139 perque
2688 4075 2927 4132 exteros,
2946 4076 2999 4122 et
3027 4083 3059 4121 a
3091 4082 3210 4121 meo
3234 4066 3380 4121 cultu
3407 4067 3615 4124 alienos

2025 4177 2147 4234 qua:
2185 4161 2344 4217 libuit
2383 4160 2618 4227 ellicere,
2649 4160 2912 4215 credituri
2940 4170 3065 4215 sunt
3093 4177 3109 4227 ;
3136 4159 3229 4230 qui
3262 4174 3357 4229 per
3390 4153 3617 4214 eosdem

2025 4253 2186 4309 etiam
2220 4252 2485 4323 populum
2514 4266 2717 4313 meum,
2750 4249 2972 4320 quando
3016 4264 3154 4321 opus
3187 4249 3310 4315 fuit,
3358 4261 3619 4320 tanquam

2025 4346 2123 4399 ira:
2178 4352 2233 4399 et
2287 4343 2537 4410 tenebris,
2594 4349 2819 4414 propter
2868 4334 3231 4414 correptionis
3289 4343 3619 4408 molestiam,

342 4432 451 4538 τῖἱς
487 4433 736 4501 ἀφέσεως
770 4436 880 4490 τῶν
916 4436 1132 4508 δεσμῶν
1161 4436 1523 4510 εὐφροσύνην.
1554 4440 1666 4492 Καὶ
1703 4441 1811 4510 γὰρ
1840 4442 1921 4494 εί-

2026 4434 2392 4493 tradiderim:
2448 4449 2573 4489 cum
2621 4443 2801 4488 autem
2854 4442 3001 4490 recte
3073 4442 3322 4504 agentem
3398 4449 3619 4488 scrvare

336 4518 540 4587 ρήνης
569 4521 687 4590 είμὶ
736 4523 831 4576 καὶ
880 4525 1076 4593 φωτὸς
1127 4526 1386 4596 χορηγὸς,
1425 4527 1690 4593 σκότους
1734 4544 1793 4581 τε
1826 4530 1921 4581 καὶ

2028 4525 2234 4593 decuit,
2265 4525 2320 4579 in
2345 4524 2593 4579 eumdem
2652 4530 2876 4594 propter
2930 4523 3139 4594 adepta:
3180 4524 3449 4581 libertatis
3485 4524 3623 4577 laeti-

341 4608 456 4662 τῶν
485 4610 766 4682 λυπηρῶν,
795 4612 832 4668 ἃ
852 4613 917 4687 δὴ
945 4616 1128 4670 καλεῖν
1156 4616 1305 4670 κακὰ
1331 4616 1487 4687 φίλον
1512 4618 1630 4671 ἐστὶ
1654 4620 1769 4682 τοῖς
1794 4619 1922 4673 πολ·
1966 4646 1974 4655 -

343 4699 481 4766 λοῖς,
512 4695 588 4756 ὧν
621 4704 732 4772 ἐγὼ
757 4705 988 4776 ποιητὴς
1026 4706 1163 4777 πρὸς
1191 4707 1289 4778 τὴν
1311 4707 1470 4776 ἀξίαν
1498 4709 1638 4763 αὐτὰ
1666 4709 1920 4781 χορηγῶν

343 4793 436 4846 ἐπ’
467 4791 707 4867 ὠφελείᾳ
729 4794 842 4851 τῶν
873 4797 1199 4869 δεχομένων.

2026 4621 2183 4688 tiam,
2216 4619 2385 4675 lucem
2440 4629 2489 4674 et
2517 4634 2696 4687 pacem
2751 4617 2955 4673 exoriri
2992 4617 3236 4674 fecerim.
3288 4616 3421 4673 Sum
3465 4620 3613 4674 enim

2022 4712 2170 4780 pacis
2203 4710 2430 4780 largitor
2462 4720 2511 4764 et
2548 4710 2723 4775 lueis;
2771 4708 3105 4762 tenebrarum
3138 4707 3358 4773 deinde,
3413 4720 3465 4763 et
3522 4723 3617 4761 eo-

2023 4818 2169 4867 rum,
2211 4799 2372 4871 512
2400 4815 2520 4872 qua:
2550 4802 2792 4856 dolorem
2819 4797 3097 4861 adferunt,
3122 4814 3242 4868 qua:
3280 4800 3441 4869 vulgo
3476 4798 3621 4851 mala

344 4885 527 4941 solent
550 4889 847 4959 appellari;
874 4906 1106 4962 quorum
1143 4908 1243 4964 ego
1270 4908 1373 4965 pro
1417 4872 1594 4952 meriti
1655 4895 1923 4967 cujusque
1961 4896 2199 4962 ratione,
2226 4895 2282 4950 in
2311 4910 2498 4951 eorum
2520 4895 2886 4957 commodum,
2959 4891 3049 4963 qui
3122 4893 3250 4948 talia
3313 4894 3616 4963 patiuntur.

342 4975 570 5033 effector
597 4991 651 5037 et
681 4989 875 5037 auctor
909 4984 1025 5055 ipse
1044 5000 1187 5042 sum.

418 5067 578 5133 Τινὲς
617 5071 677 5125 δὲ
707 5072 834 5142 φῶς
877 5077 973 5129 καὶ
1017 5079 1259 5148 σκότος,
1297 5082 1512 5155 ἡμέραν
1549 5085 1806 5156 εἰρήκασι
1834 5088 1930 5141 καὶ

343 5158 544 5217 νύκτα.
566 5163 632 5216 Οἳ
654 5166 750 5219 καὶ
773 5167 921 5223 κακὰ
942 5168 1012 5223 τὰ
1040 5172 1401 5244 ἐπενεχθέντα
1428 5179 1541 5240 τοῖς
1570 5177 1930 5242 Βιδυλωνίοις

345 5250 507 5317 φασὶ,
537 5250 608 5304 δι’
635 5255 701 5323 ἢν
735 5255 1082 5324 ἐπεδείξαντο
1104 5264 1245 5315 κατὰ
1275 5263 1384 5318 τῶν
1420 5264 1481 5330 ἐξ
1528 5264 1743 5337 Ἰσραὴλ
1784 5267 1929 5336 ἡλω-

345 5338 526 5394 κότων
561 5343 844 5415 ὠμότητα,
876 5348 952 5413 ὡς
991 5350 1079 5406 διὰ
1107 5353 1377 5426 Ζαχαρίου
1416 5356 1509 5411 τὸν
1541 5356 1674 5410 Θεὸν
1713 5359 1929 5428 εἰρηκὲ-

412 5519 434 5553 ⁸
476 5519 627 5576 Psal.
662 5540 831 5590 Lxxn,
857 5527 951 5583 Ἡ.

2109 5081 2228 5138 Non
2257 5080 2456 5135 desunt
2485 5085 2691 5140 tamen,
2724 5075 2817 5144 qui
2846 5075 2980 5128 lucis
3010 5082 3063 5129 et
3090 5073 3420 5128 tenebrarum
3440 5072 3620 5124 nomi-

2036 5190 2127 5241 ne,
2160 5173 2304 5227 diem
2336 5178 2390 5224 et
2425 5177 2639 5221 noctem
2666 5172 2856 5236 putent
2880 5164 3201 5235 signiﬁcari,
3226 5179 3399 5234 eaque
3421 5167 3618 5218 damna

2034 5267 2221 5329 etiam,
2258 5277 2379 5333 quze
2408 5259 2694 5330 Babylonii
2738 5256 3047 5327 patiuntur,
3081 5254 3204 5309 ideo
3235 5254 3445 5320 inferri,
3473 5258 3617 5323 quod

2037 5358 2091 5411 in
2125 5355 2373 5424 captivos
2411 5350 2693 5408 lsraclitas
2728 5347 2957 5403 nimium
2987 5362 3046 5402 se
3077 5345 3371 5402 crudeliter
3427 5361 3616 5419 gessc.

1678 5628 1909 5686 VARM‘I
1966 5625 2376 5684 LECTIONES.

450 5709 478 5752 ιι
509 5710 594 5764 Ϊσ.
629 5712 791 5766 λείπ.
832 5714 917 5768 ἐκ.
