4032 6218
457 317 600 384 2419

456 437 563 486 rint

457 530 678 584 modum
712 521 1076 600 signiﬁcatum
1106 548 1118 583 :
1163 548 1179 581 ι
1219 529 1438 585 Zelatus
1463 546 1584 586 sum
1621 530 1950 597 Jerusalem,
1983 541 2040 588 et

453 602 591 671 Sion
634 618 751 672 zelo
786 632 1012 688 magno,
1041 627 1094 673 et
1119 617 1198 672 ira
1239 634 1433 689 magna
1465 621 1679 676 irascor
1727 621 1783 675 in
1830 630 2040 690 gentes,

352 715 357 747 τ
450 719 574 775 quae
606 719 701 760 eas
727 705 1064 762 invaserunt.
1125 706 1264 774 Quia
1294 725 1395 778 ego
1443 710 1618 767 iratus
1659 726 1780 766 sum
1813 725 2036 781 parum;

324 840 344 858 ,
452 797 586 869 ipsa:
620 805 803 852 autem
841 799 908 850 ad
938 800 1076 853 mala
1109 799 1497 869 adjecerunt’.
1539 821 1558 854 ι
1589 801 1730 868 Quin
1759 811 1813 858 et
1865 803 2041 873 Baby-

449 888 632 943 lonem
668 890 719 942 in
752 889 898 944 hunc
930 891 1152 944 modum
1198 891 1493 960 alloquitur
1531 909 1544 946 :
1580 912 1598 944 ι
1641 892 1754 963 Ego
1789 891 1917 948 dedi
1948 908 2043 949 eos

449 979 506 1033 in
565 995 762 1034 manus
816 989 980 1046 tuas;
1035 989 1093 1034 tu
1142 990 1323 1035 autem
1354 983 1434 1037 eis
1466 983 1900 1040 misericordiam
1928 999 2042 1038 non

362 1087 371 1096 ·
450 1068 648 1122 dedisti
677 1070 739 1122 '°.
779 1089 798 1123 ι
830 1070 964 1125 Inde
1004 1071 1170 1140 igitur
1208 1080 1260 1125 et
1290 1070 1539 1128 Ieremia:
1571 1089 1702 1128 voce
1730 1075 1803 1128 ita
1832 1073 2040 1145 Cyrum

452 1159 754 1227 alloquitur
785 1161 1090 1216 :cAscende
1128 1162 1194 1216 ad
1247 1163 1446 1233 ipsam,
1508 1173 1561 1218 et
1614 1163 1927 1221 habitantes
1983 1166 2042 1220 in

451 1266 536 1305 ea.
575 1249 851 1307 Ulciscere
882 1252 1083 1321 gladio,
1109 1263 1162 1308 et
1212 1253 1398 1324 perde,
1447 1255 1581 1309 dicit
1639 1253 1946 1323 Dominus;
1989 1265 2044 1312 et

452 1338 541 1395 {ac
581 1340 885 1396 sccundmn
941 1342 1148 1403 omnia,
1201 1359 1322 1412 qua:
1375 1344 1632 1412 praecipio
1683 1345 1890 1411 tibi“;
1936 1365 1953 1399 ι
1989 1349 2044 1402 et

451 1449 676 1488 rursum
713 1451 727 1487 :
767 1452 786 1486 ι
817 1434 1043 1504 Aperuit
1085 1433 1346 1490 Dominus
1376 1435 1692 1490 thesaurum
1753 1451 1936 1505 suum,
1989 1443 2042 1492 et

453 1527 686 1597 protulit
716 1541 844 1582 vasa
887 1527 984 1582 irae
1021 1544 1173 1594 suae;
1207 1529 1334 1598 quia
1364 1543 1506 1599 opus
1558 1537 1645 1584 est
1696 1529 1926 1586 Domino
1986 1531 2044 1587 in

451 1627 599 1673 terra
659 1620 1084 1684 Chaldaeorum;
1142 1615 1403 1690 quoniam
1469 1630 1734 1676 venerunt
1794 1628 2044 1691 tempora

451 1710 590 1779 ejus.
648 1711 873 1778 Aperite
933 1712 1228 1782 apothecas
1282 1713 1421 1782 ejus,
1477 1712 1843 1781 pervestigate
1892 1727 2037 1780 eam,

451 1809 714 1871 tanquam
745 1803 1065 1871 speluncam
1098 1804 1270 1867 ¹²·¹³,›
1294 1814 1348 1858 et
1377 1819 1499 1874 quae
1527 1805 1805 1873 deinceps.
1827 1803 1964 1872 Quin
1985 1815 2038 1861 et

1791 324 2140 386 PROCOPII
2174 325 2420 386 GAZ/El

608 453 622 502 ;
687 436 830 490 sicut
877 445 963 492 cst
1013 453 1051 491 a
1096 437 1206 494 Deo
1254 453 1353 508 per
1401 438 1718 494 Zachariam
1781 441 1836 495 in
1895 440 2044 495 hunc

2151 459 2268 496 ναι·
2327 464 2345 494 ι
2395 443 2677 514 Ἐζήλωκα
2719 441 2817 512 τὴν
2873 438 3232 509 Ἰερουσαλὴμ
3287 437 3380 490 καὶ
3425 434 3524 506 τὴν
3576 436 3716 490 Σιὼν

3566 317 3715 384 2420

2145 534 2309 605 ζῆλον
2341 536 2539 605 μέγαν,
2589 535 2684 588 καὶ
2728 532 2887 603 θυμῷ
2928 530 3148 602 μεγάλῳ
3184 528 3474 616 ὀργίζομαι
3526 526 3619 579 ἐπὶ
3648 528 3719 581 τὰ

2143 627 2268 698 ἔθνη
2299 628 2369 680 τὰ
2403 627 2880 697 συνεπιτιθέμενα,
2906 623 3021 679 ἀνθ’
3052 617 3128 677 ὧν
3153 620 3266 690 ἐγὼ
3311 620 3409 691 μὲν
3438 618 3718 689 ὠργίσθην

2143 719 2321 788 ὀλίγα.
2350 720 2516 773 Αὐτοὶ
2560 719 2620 773 δὲ
2665 716 3020 772 συνεπέθεντο
3051 717 3132 778 εἰς
3176 712 3346 768 κακά.
3385 730 3406 764 ι
3441 710 3554 765 Καὶ
3578 709 3718 780 πρὸς

2143 811 2312 881 αὐτὴν
2345 810 2402 864 δὲ
2445 808 2742 864 Βαϐυλῶνά
2778 822 2976 879 φησιν’
3015 825 3036 858 ι
3079 805 3224 872 Ἐγὼ
3265 802 3476 857 δέδωκα
3517 800 3719 864 αὐτοὺς

2144 900 2226 962 εἰς
2247 899 2345 962 τὰς
2371 899 2560 970 χεῖράς
2588 916 2705 954 σου.
2738 899 2811 952 Σὺ
2834 897 2894 951 δὲ
2916 897 3018 950 οὐκ
3047 895 3254 957 ἔδωκας
3275 893 3458 955 αὐτοῖς
3486 892 3655 953 ἕλεος.
3691 909 3710 942 ι

2143 991 2221 1061 Δις
2254 991 2391 1061 ὅπερ
2419 990 2522 1059 ἔφη
2545 991 2634 1044 διὰ
2672 989 2938 1060 Ἱερεμίου
2967 981 3047 1055 τῷ
3066 985 3265 1057 Κύρῳ·
3299 1003 3317 1036 ι
3349 982 3601 1053 Ἐπίόηθι
3629 982 3718 1035 ἐπ’

2143 1056 2335 1152 αδτὴν,
2359 1056 2472 1134 *καί
2514 1056 2611 1135 ἐπὶ
2636 1056 2764 1144 τοὺς
2806 1056 3288 1141 κατοικοῦνταςὲν
3336 1077 3497 1144 αὐτῇ.
3539 1073 3720 1127 Ἐκδί-

2144 1189 2313 1241 κησον
2340 1172 2619 1243 μάχαιραν
2639 1173 2733 1226 καὶ
2769 1170 3078 1241 ἀφανισμόν
3113 1170 3160 1232 ί,
3179 1168 3331 1236 λέγει
3362 1167 3590 1235 Κύριος,
3625 1163 3721 1218 καὶ

2144 1262 2292 1314 ποίει
2330 1263 2470 1316 κατὰ
2508 1262 2686 1315 πάντα
2717 1262 2817 1314 ὅσα
2841 1258 3161 1328 ἐντέλλομαί
3196 1275 3302 1310 σοι.
3335 1275 3354 1308 ι
3392 1255 3500 1308 Καὶ
3531 1253 3716 1307 nam-

2150 1372 2169 1405 ι
2218 1353 2465 1419 Ἦνοιξεν
2512 1353 2718 1422 Κύριος
2753 1351 2847 1405 τὸν
2895 1349 3173 1420 θησαυρὸν
3221 1344 3412 1411 αὐτοῦ,
3480 1343 3574 1396 καὶ
3625 1341 3721 1406 ἐξ·
3751 1336 3763 1344 ’

2145 1445 2345 1515 ήνεγκε
2390 1443 2460 1496 τά
2489 1441 2658 1512 σκεύη
2691 1441 2790 1512 τῆς
2813 1440 2985 1510 ὀργῆς
3016 1435 3205 1501 αὐτοῦ,
3228 1436 3309 1489 ὅτι
3343 1436 3501 1502 ἔργον
3528 1431 3726 1502 Κυρίῳ

2145 1537 2203 1589 ἐν
2239 1538 2308 1605 γῇ
2354 1534 2658 1598 Χαλδαίων,
2699 1533 2783 1585 ὅτι
2826 1528 3150 1600 ἐληλύθασιν
3197 1528 3246 1579 οί
3295 1524 3480 1595 καιροὶ
3523 1522 3722 1592 αὐτῆς.

2159 1626 2428 1690 ’Ᾱνοίξατε
2466 1624 2565 1688 τὰς
2614 1623 2899 1694 ἀποθήκας
2937 1621 3128 1690 αὐτῆς,
3159 1618 3486 1690 ὲρευνήσατε
3523 1614 3722 1684 αὐτὴν,

2145 1720 2221 1783 ὡς
2245 1719 2529 1788 σπήλαιον,
2563 1735 2583 1768 ι
2621 1715 2719 1771 καὶ
2759 1716 2828 1769 τά
2861 1713 3008 1783 ἑξῆς.
3044 1712 3157 1765 Kal.
3190 1709 3279 1764 διά
3311 1707 3402 1762 τοῦ
3447 1705 3726 1777 παρόντος

2141 1810 2198 1863 δὲ
2234 1809 2516 1880 προφήτου
2566 1807 2805 1880 appr-seno
2848 1825 2867 1858 ι
2919 1802 3202 1873 Ἐπεγερῶ
3247 1801 3379 1871 ὑμῖν
3425 1801 3553 1863 τοὺς
3599 1797 3726 1868 Μή-

451 1893 596 1962 apud
626 1893 771 1947 hunc
802 1893 1122 1964 prophetam
1165 1895 1427 1950 scribitur
1456 1913 1468 1949 :
1516 1915 1532 1943 ι
1565 1893 1835 1951 Excitabo
1879 1897 2036 1952 vobis

2151 1900 2282 1965 5ους,
2317 1919 2338 1952 ι
2372 1899 2467 1968 καὶ
2499 1899 2567 1952 τά
2596 1898 2688 1952 ἐπὶ
2706 1896 2940 1959 τούτοις.
2969 1895 3080 1966 Τὴν
3110 1894 3168 1948 δὲ
3216 1892 3516 1965 μέλλουσαν
3551 1889 3726 1943 ὲπάν-

450 1982 639 2039 Medos
671 1983 732 2051 “',
783 2003 801 2035 ι
831 1993 884 2039 et
916 2000 1037 2054 quae
1071 1995 1278 2054 postea.
1339 1984 1630 2052 Caeterum,
1680 1996 2037 2057 posteaquam

2151 1991 2253 2046 »δον
2282 1990 2652 2061 προθεσπίσας
2690 1992 2719 2042 ὁ
2746 1989 2902 2057 λόγος
2932 1987 3029 2052 ὡς,
3074 1986 3161 2040 ἐπ’
3214 1983 3562 2053 εὐαγγελίοις
3591 1981 3721 2052 χαί-

453 2073 694 2127 futuram
725 2076 1094 2131 reversiOnem
1133 2075 1384 2145 praedixit
1411 2076 1609 2142 oratio,
1666 2085 1926 2147 tauquam
1982 2077 2040 2131 in

2151 2100 2256 2154 ρειν
2309 2078 2466 2146 αὖθις
2518 2064 2844 2135 ἐντέλλεται
2873 2078 3004 2145 ταῖς
3053 2078 3361 2146 οὐρανίαις
3401 2075 3720 2144 δυνάμεσιν,

377 2237 383 2242 ι
451 2165 785 2234 Evangeliis,
815 2166 1047 2220 cwiestex
1081 2167 1312 2220 virtutes
1343 2164 1542 2222 rursus
1569 2167 1637 2223 ad
1670 2169 1929 2238 gaudium
1985 2177 2042 2224 et

2151 2175 2235 2228 καὶ
2261 2174 2392 2238 ταῖς
2420 2173 2705 2242 νεφέλαις
2729 2173 2851 2235 ταῖς
2877 2171 3149 2239 λογικαῖς,
3175 2168 3242 2232 ἃς
3264 2166 3567 2221 ἐνετείλατο
3588 2163 3728 2233 πρό-

450 2253 698 2310 lmtitiam
753 2264 1058 2325 provocat,
1119 2257 1445 2327 nubibusque
1507 2259 1722 2314 ratione
1797 2259 2042 2329 praeditis

2151 2283 2298 2337 τερον
2321 2267 2478 2320 ὑετὸν
2510 2268 2590 2331 εἰς
2612 2265 2703 2319 τὸν
2733 2263 3036 2336 ἀμπελῶνα
3068 2263 3142 2333 μὴ
3175 2260 3389 2332 βρέξαι,
3422 2257 3728 2313 δικαιοσύ-

452 2347 613 2417 (quas
645 2347 699 2400 in
739 2347 953 2401 vineam
1009 2346 1162 2416 prius
1217 2348 1480 2418 depluere
1528 2350 1723 2418 vetuit)
1757 2351 1892 2420 ipsis
1923 2351 2039 2420 jam

454 2449 610 2500 terra:
645 2440 838 2494 incolis
871 2439 1144 2508 justitiam
1187 2441 1542 2510 suppeditare
1577 2444 1842 2512 prmcipit.
1878 2445 2045 2498 Terra

453 2541 657 2594 autem,
686 2531 885 2600 inquit,
915 2530 967 2582 id
999 2539 1105 2593 est,
1145 2531 1390 2600 ejusdem
1419 2531 1642 2606 deserta:
1673 2533 1847 2602 prius,
1866 2534 2044 2588 'inco-

453 2624 540 2683 lar,
572 2622 940 2676 misericordia
967 2632 1016 2676 et
1059 2622 1295 2691 justitia,
1327 2624 1547 2693 pietatis
1599 2623 1872 2680 fructibus
1930 2624 2047 2679 edi-

455 2716 547 2782 tis,
574 2714 891 2771 renovettl‘r.
928 2714 1043 2769 Ista
1072 2714 1344 2784 siquidem
1366 2714 1658 2772 conditore
1687 2724 1806 2778 tuo,
1843 2715 2044 2786 inquit,

453 2805 764 2876 imperante
785 2805 970 2858 futura
1006 2813 1155 2871 sunt,
1215 2805 1310 2874 qui
1344 2802 1604 2875 facillime
1659 2806 1806 2876 quod
1853 2821 1916 2860 ex
1970 2807 2050 2860 ni-

458 2899 573 2954 hilo
603 2899 832 2961 creavit,
863 2913 1130 2952 renovare
1155 2905 1340 2968 queat.
1392 2897 1560 2952 Aiunt
1601 2897 1847 2952 nonnulli
1904 2897 2051 2952 Scri-

456 3003 676 3063 pturam
706 3005 812 3049 suo
846 3005 996 3045 more
1027 3005 1058 3043 a
1114 2989 1350 3060 singulis
1396 2990 1463 3043 ad
1524 2991 1778 3046 universa
1839 3005 2048 3044 sermo-

459 3096 586 3137 nem
616 3079 938 3135 transferre.
971 3080 1046 3133 De
1101 3078 1240 3149 Cyro
1277 3079 1448 3143 enim,
1478 3080 1544 3134 de
1601 3078 1898 3150 Babylone.
1953 3078 2047 3134 de-

459 3171 779 3243 que‘reditu
812 3172 1050 3230 locutus.
1077 3170 1142 3223 ad
1169 3169 1445 3224 Christum
1489 3169 1602 3239 jam
1655 3184 1875 3232 eorum,
1929 3184 2050 3239 quae

463 3262 608 3318 dicta
671 3270 818 3326 sunt,
851 3261 1186 3317 intellectum
1245 3270 1484 3325 revocat,
1541 3260 1634 3330 qui
1676 3275 1705 3314 a
1733 3259 1893 3313 Patre
1930 3259 2052 3314 ideo

465 3357 671 3412 missus
706 3363 813 3418 est,
850 3362 910 3408 ut
939 3354 1176 3424 captivis
1210 3353 1544 3415 libertatem,
1578 3360 1639 3405 ut
1668 3353 1831 3407 caecis
1864 3353 2049 3408 lumen

467 3447 751 3501 annuntiet
785 3446 849 3510 η’,
884 3453 943 3498 ιιι
974 3459 1070 3499 eos
1092 3443 1351 3512 denique,
1387 3442 1479 3512 qui
1508 3452 1860 3512 peccatorum
1897 3450 2050 3500 cate-

466 3540 551 3594 nis
578 3539 1057 3606 constringuntur,
1099 3536 1302 3590 diaboli
1356 3535 1650 3606 tyrannide
1705 3544 1924 3606 ereptos
1981 3536 2052 3592 ad

467 3639 776 3687 se-revocet
827 3629 986 3700 513
1025 3629 1119 3699 qui
1149 3643 1306 3683 suum
1336 3627 1454 3698 ipse
1511 3629 1796 3698 templum,
1859 3627 1911 3682 id
1969 3639 2053 3686 est

469 3723 773 3778 Ecclesiam
830 3721 1118 3786 excitavit,
1179 3734 1343 3790 quam
1371 3720 1473 3776 sibi
1508 3720 1771 3790 virginem
1819 3727 2051 3786 castam,

468 3829 713 3885 rugaque
774 3821 835 3869 et
860 3812 1074 3868 macula
1104 3818 1403 3876 carentem,
1435 3821 1618 3866 astare
1643 3811 1813 3866 voluit
1851 3811 1913 3865 ¹⁸.
1955 3809 2054 3866 'Ex

468 3906 556 3962 his
584 3921 881 3978 ergo,,qu:e
933 3920 962 3959 a
988 3904 1127 3975 Cyro
1161 3910 1311 3974 gesta
1347 3911 1496 3968 sunt,
1547 3912 1804 3974 tanquam
1880 3903 2050 3972 ﬁgura

469 3999 673 4069 aliqua,
711 4013 832 4069 quae
855 3998 908 4052 in
937 4013 1129 4064 omnes
1163 3997 1360 4053 collata
1405 4005 1554 4061 sunt,
1585 3999 1813 4052 munera
1879 3997 2054 4066 signi-

469 4089 706 4145 ﬁcantur
741 4107 769 4144 ιη
790 4104 1020 4160 quorum
1046 4089 1264 4145 nomine
1295 4089 1399 4159 ipsi
1435 4089 1664 4160 spiritus
1695 4089 1858 4144 etiam
1883 4089 2051 4144 cwle-

469 4190 583 4238 stes
607 4183 859 4236 lwtaiztur
882 4197 912 4235 ε·
933 4181 1028 4252 qui
1051 4184 1136 4238 vel
1160 4197 1270 4236 uno
1299 4188 1508 4236 tantum
1541 4188 1830 4251 peccatore
1875 4181 2051 4250 paeni-

471 4274 698 4330 tentiam
747 4282 939 4343 agente
993 4274 1232 4343 gaudere
1293 4273 1607 4328 scribuntur
1663 4272 1757 4326 ":
1823 4271 2052 4342 ideoque

472 4366 638 4419 etiam
671 4366 831 4420 nubes
860 4365 1080 4422 eosdem
1122 4365 1382 4436 appellat,
1422 4364 1567 4436 quod
1603 4379 1698 4435 per
1727 4363 1876 4436 ipsos
1929 4363 2050 4433 Spi-

2142 2377 2260 2428 νην
2295 2357 2602 2429 χορηγῆσαι
2629 2358 2740 2420 τοῖς
2762 2355 2972 2408 οἰκοῦσι
3000 2353 3115 2421 τὴν
3147 2350 3283 2422 γῆν.
3315 2349 3426 2404 Καὶ
3466 2347 3505 2414 ἠ
3542 2343 3616 2414 τῆ
3638 2343 3722 2408 δι,

2144 2452 2277 2522 φησί
2318 2450 2511 2522 (λέγων
2561 2448 2688 2510 τοὺς
2735 2445 3128 2505 κατοικοῦντας
3157 2443 3274 2510 τὴν
3311 2439 3476 2512 γῆν),
3519 2439 3553 2507 ἡ
3587 2435 3726 2506 πρὶν

2143 2542 2383 2611 ἕρημος,
2432 2537 2778 2594 ἀνανεούσθω
2827 2535 3072 2605 φέρουσα
3123 2531 3437 2593 θεοσεϐείας
3474 2525 3728 2595 καρποὺς

2145 2633 2317 2698 ἕλεος
2363 2630 2463 2686 καί
2514 2627 2936 2694 δικαιοσύνην.
2967 2625 3154 2679 Ταῦτα
3202 2623 3261 2676 δὲ
3311 2621 3468 2673 Eat-at
3493 2616 3586 2671 τοῦ
3625 2612 3726 2668 σοῦ

2147 2725 2367 2780 κτίστου
2415 2719 2843 2793 προστάξαντος.
2881 2715 2974 2785 Τῷ
3006 2716 3116 2786 γὰρ
3151 2713 3210 2779 ἐξ
3239 2712 3342 2766 οὐκ
3359 2711 3528 2764 ὅντων
3575 2723 3729 2775 παρ-

2146 2815 2408 2885 αγαγόντι
2449 2832 2508 2867 σε
2589 2812 2820 2881 δυνάμει
2874 2809 3131 2878 ποιητικῇ
3178 2807 3375 2875 ῥᾷστον
3420 2796 3732 2854 ἁνανεῶσαι

2147 2907 2210 2961 τό
2257 2906 2672 2977 δημιούργημα.
2699 2903 2856 2964 Τινὲς
2890 2901 2948 2954 δέ
2999 2915 3164 2970 φασιν
3211 2897 3287 2958 ὡς
3318 2894 3383 2966 δὴ
3415 2891 3662 2961 συνήθως
3693 2889 3731 2958 ἡ
3803 2953 3808 2958 ,

2150 2997 2342 3069 Γραφὴ
2373 2997 2436 3048 ἐκ
2465 2995 2574 3049 τῶν
2602 2993 2747 3048 κατὰ
2777 2992 2944 3063 μέρος
2986 2992 3065 3053 εις
3088 2989 3148 3042 τδ
3186 2986 3416 3041 καθόλου
3444 2983 3534 3036 τὸν
3569 2981 3732 3047 λόγον
3781 2978 3810 3010 ,;

2077 3126 2120 3183 c
2153 3090 2445 3158 ἀνήγαγεν.
2485 3084 2673 3140 Εἰπὼν
2721 3085 2830 3153 γάρ
2864 3083 2934 3136 τά
2981 3080 3124 3136 κατά
3157 3076 3373 3183 Κῦρὶον,
3407 3076 3500 3177 καί
3551 3071 3736 3172 Βαῦμ-
3805 3119 3807 3121 ,

2154 3181 2322 3241 λῶνα,
2354 3178 2447 3232 καὶ
2487 3177 2583 3248 τὴν
2631 3176 2914 3236 ἐπάνοδον.
2953 3173 3046 3226 ἐπὶ
3093 3168 3328 3242 Χριστὸν
3367 3164 3589 3236 μετάγει
3620 3160 3734 3214 τῶν

2154 3267 2460 3340 εἰρημένων
2495 3269 2595 3337 τὴν
2625 3266 2858 3328 ἔννοιαν,
2883 3263 2942 3327 ὃς
2990 3261 3274 3329 ἀπεστάλη
3305 3255 3456 3326 παρὰ
3481 3252 3574 3306 τοῦ
3614 3252 3731 3340 Ha?

2153 3338 2312 3428 τέρος
2358 3357 2596 3428 κηρύξαι
2645 3353 3014 3424 αἰχμαλώτοις
3056 3351 3275 3418 ἄφεσιν,
3331 3345 3423 3398 καὶ
3455 3338 3720 3413 νεκροῖςύἱ

2153 3446 2471 3517 ἀνάϐλεψιν,
2521 3447 2618 3501 καὶ
2691 3445 2819 3507 τοὺς
2867 3441 3076 3512 σειραῖς
3130 3433 3544 3507 ἁμαρτημάτων
3602 3445 3737 3482 κατ-

2155 3537 2517 3606 εσφιγμένους
2559 3531 2839 3601 ἐξελέσθαι
2876 3532 2974 3602 τῆς
3019 3527 3115 3582 τοῦ
3155 3525 3369 3580 Σατανᾶ
3394 3519 3734 3592 τυραννίδος,

2154 3628 2538 3700 παλινδρομεῖν
2559 3643 2618 3679 τε
2651 3623 3070 3694 παρασκευάσαι
3091 3621 3227 3691 πρὸς
3257 3615 3446 3672 ἑαυτὸν
3465 3655 3481 3680 ,
3531 3613 3608 3698 ὃς.
3640 3611 3735 3665 τὸν

2156 3719 2352 3774 ἑαυτοῦ
2383 3718 2532 3782 ναδν,
2569 3716 2668 3789 τὴν
2711 3715 3042 3785 Ἐκκλησίαν
3089 3713 3406 3782 ἀνήγειρεν,
3443 3701 3738 3774 παραστή-

2156 3827 2254 3874 σας
2298 3807 2478 3878 ὲαυτῷ
2525 3805 2797 3878 παρθένον
2846 3803 3039 3874 ἀγνὴν,
3078 3800 3154 3872 μὴ
3201 3800 3431 3869 ἔχουσαν
3479 3791 3672 3846 σπίλον
3699 3791 3737 3861 ἦ

2157 3901 2364 3975 ῥυτίδα.
2395 3901 2472 3954 Δι’
2501 3895 2575 3954 ὧν
2605 3899 2697 3952 οῦν
2727 3896 2961 3969 ἔπραξεν
3007 3894 3220 3961 Κῦρος,
3248 3890 3324 3953 ὡς
3353 3888 3443 3942 διά
3477 3903 3626 3950 τινος
3659 3887 3740 3940 εἰ·

2154 3997 2311 4058 κόνος
2354 3994 2425 4046 τὰ
2453 3993 2588 4050 πᾶσι
2640 3987 2995 4061 δεδωρημένα
3037 3984 3388 4055 σημαίνεται,
3416 3980 3498 4049 ἐφ’
3524 3975 3607 4042 οἷς
3645 3977 3742 4032 ei»

2154 4085 2442 4156 φραίνεται
2471 4081 2566 4135 καὶ
2595 4080 2665 4134 τὰ
2688 4079 2916 4152 οὐράνια
2951 4075 3263 4146 πνεύματα,
3293 4075 3426 4141 εἴγε
3453 4071 3743 4140 χαίρουσι

2153 4176 2249 4229 καὶ
2284 4173 2465 4244 ἐφ’ἑνὶ
2489 4170 2636 4242 μόνῳ
2668 4169 3016 4241 μετανοοῦντι
3034 4162 3367 4236 ἁμαρτωλῷ,
3393 4160 3534 4216 ὃ.καί
3563 4156 3744 4228 νεφέ-

2150 4269 2267 4330 λας
2315 4264 2490 4329 καλεῖ,
2526 4262 2594 4316 δι’
2625 4255 2700 4316 ὧν
2736 4261 2794 4314 αἰ
2833 4258 2928 4313 τοῦ
2978 4258 3136 4326 ἀγίου
3187 4253 3508 4325 Πνεύματος
3557 4267 3743 4320 παρα-

2151 4358 2371 4430 κλήσεις
2403 4354 2560 4409 ὑετοῦ
2588 4353 2867 4408 καθίενται
2911 4351 3068 4421 δίκην
3096 4349 3177 4413 εἰς
3204 4347 3302 4411 τὰς
3323 4345 3432 4399 τῶν
3453 4342 3741 4396 πιστευόνο

476 4456 614 4512 ritus
643 4457 828 4513 sancti
853 4457 1279 4522 consolationes,
1309 4457 1456 4510 velut
1500 4454 1693 4518 imber,
1735 4455 1786 4508 in
1825 4454 2052 4510 creden-

2157 4467 2265 4504 των
2294 4447 2491 4518 ψυχάς.
2539 4447 2611 4500 Ἣ
2649 4445 2745 4499 καὶ
2789 4444 2917 4506 τοὺς
2962 4438 3358 4513 μυσταγωγοὺς
3395 4437 3522 4498 τοὺς
3574 4434 3742 4495 ὄντας

473 4547 610 4603 tium
634 4548 848 4603 animas
876 4547 1252 4602 demittantur.
1292 4547 1473 4613 Queas
1495 4554 1549 4601 et
1580 4545 1799 4599 nubium
1819 4545 2058 4614 appella-

475 4641 623 4692 tione
692 4637 996 4693 ‘sacrorum
1067 4637 1392 4706 interpretes
1440 4638 1496 4690 in
1550 4644 1694 4688 terra
1773 4634 2054 4704 degentes,

477 4729 775 4798 signiﬁcari
823 4728 1024 4793 dicere,
1063 4727 1158 4798 qui
1188 4737 1388 4783 terram
1421 4725 1722 4798 pervagati,
1750 4724 1952 4783 dill'uso
2002 4727 2054 4781 in

477 4827 667 4867 omnes
697 4813 884 4877 verbo,
917 4813 1220 4868 sitientium
1252 4813 1464 4870 animas
1524 4812 1843 4882 irrigarunt,
1879 4821 1932 4868 et
1989 4812 2057 4868 ad

479 4903 819 4972 spiritualem
857 4901 1131 4957 fructuum
1171 4903 1498 4970 ubertatem,
1525 4901 1723 4958 diaboli
1758 4902 2058 4960 seminibus

481 4994 698 5060 ablatis,
733 4993 1065 5058 excitarunt,
1099 5009 1330 5064 quarum
1368 5003 1530 5048 antea
1565 4993 1778 5048 fructus
1826 4993 2057 5049 exstite-

483 5095 565 5138 rat
591 5085 794 5145 nullus,
839 5098 1013 5154 neque
1057 5084 1148 5151 qui
1185 5083 1328 5154 quod
1361 5083 1559 5136 bonum
1617 5092 1792 5147 esset,
1836 5081 2058 5147 faceret,

481 5177 567 5232 vel
593 5191 736 5260 unus
767 5174 1010 5246 quidem.
1043 5175 1331 5229 Exsisutnt
1363 5183 1545 5229 autem
1579 5174 1817 5244 Spiritus
1847 5170 2061 5227 fructus

2161 4539 2257 4593 ἐπὶ
2303 4536 2414 4606 τῆς
2453 4535 2564 4607 γῆς
2597 4538 2656 4590 αἰ
2689 4533 2938 4604 νεφέλαι
2985 4529 3362 4601 σημαίνουσιν,
3397 4526 3447 4580 οἳ
3482 4540 3743 4593 περιφοι-

2161 4630 2362 4691 τῶντες
2393 4629 2490 4700 τὴν
2513 4629 2638 4698 γῆν,
2670 4626 2759 4680 τὸν
2783 4624 2926 4694 ἰερδν
2949 4624 3123 4678 ἀπασι
3153 4618 3560 4676 κατεσκέδασαν
3583 4615 3747 4680 λόγον

2162 4721 2522 4792 κατάρδοντες
2557 4719 2656 4782 τάς
2698 4716 2808 4772 τῶν
2845 4712 3126 4784 διψώντων
3163 4709 3342 4782 ψυχὰς
3371 4705 3510 4777 πρὸς
3535 4705 3745 4772 εὐκαρ-

2162 4815 2293 4868 πίαν
2332 4809 2711 4881 πνευματικὴν
2752 4805 3181 4877 ἀπηλλαγμένας
3216 4801 3328 4856 τῶν
3358 4797 3454 4855 τοῦ
3491 4795 3747 4850 διαϐόλου

2165 4903 2518 4976 σπερμάτων,
2546 4894 2622 4954 ὧν
2667 4901 2695 4954 ὁ
2731 4897 2944 4969 καρπὸς
2989 4894 3168 4958 οὐδεὶς
3195 4888 3287 4965 ἦν,
3318 4892 3348 4944 ό
3392 4885 3563 4976 ποιῶν
3604 4901 3747 4956 χρη-

2167 4974 2401 5063 στότητα
2425 4992 2526 5046 οὐκ
2547 4986 2615 5063 ἦν
2635 4989 2738 5052 ἕως
2777 4987 2917 5050 ἑνός.
2944 4985 3165 5056 Καρποὶ
3195 4981 3253 5036 δὲ
3290 4977 3385 5034 τοῦ
3423 4974 3751 5044 Πνεῦματος

2167 5086 2360 5152 ἕλεος,
2409 5083 2553 5138 τοῦτ’
2593 5080 2740 5136 ἔστιν
2780 5075 3298 5147 memmi,pr
3325 5071 3492 5138 νόμου
3541 5064 3749 5133 τυγχά-

2169 5193 2353 5243 νουσα,
2383 5174 2482 5246 τὴν
2509 5169 2871 5241 εὑαγγελικὴν
2905 5169 3027 5238 ἕχον
3069 5160 3507 5230 συνεζευγμένην
3537 5157 3738 5211 δικαιο-

486 5249 850 5324 ττιίεένίεονάὶα
889 5268 1031 5340 ipsa,
1064 5268 1116 5322 id
1143 5276 1228 5324 est
1281 5267 1524 5330 dilectio,
1560 5267 1614 5321 in
1667 5281 1773 5336 qua
1811 5273 2052 5320 versatur

2174 5268 2359 5340 σύνην.
2387 5269 2450 5321 Εἰ
2485 5267 2646 5338 μήτις
2675 5264 2823 5331 λέγοι
2849 5259 3242 5324 δικαιοσύνην
3273 5254 3340 5308 έκ
3369 5251 3482 5323 τῆς
3515 5246 3752 5340 ἀνατείῗ

488 5359 620 5430 legis
653 5359 953 5430 plenitudo,
987 5375 1106 5429 quae
1135 5359 1503 5430 cvangelicam
1551 5355 1818 5426 justitiam
1881 5369 2062 5411 secum

561 5471 582 5501 ’
613 5470 842 5526 Zachar.
871 5489 911 5533 ι,
953 5472 1048 5534 14,
1071 5472 1156 5525 15.
1235 5473 1278 5503 ¹⁰
1300 5472 1406 5526 lsa.
1433 5486 1596 5533 xevu,
1625 5470 1678 5524 6.
1760 5469 1795 5499 “
1815 5467 2016 5523 Jerem.
2050 5486 2101 5536 ι,
2130 5471 2220 5526 ει.

2171 5338 2376 5416 ducar
2403 5360 2566 5414 αὐτὸν
2599 5355 2739 5412 εἶναι
2765 5355 2991 5425 Κύριον,
3027 5352 3096 5408 δι’
3125 5343 3186 5404 οὗ
3216 5343 3526 5420 ἠλεήθημεν
3556 5357 3616 5394 τε
3650 5338 3758 5391 καὶ

2301 5472 2416 5506 u-u
2441 5472 2570 5528 ibid,
2593 5469 2776 5526 25.29.
2807 5467 2852 5502 ιι
2914 5463 3020 5520 Jer.
3057 5477 3131 5527 ιι,
3169 5456 3255 5511 ll.
3333 5459 3376 5494 η
3409 5458 3649 5518 lsa.m,
3679 5448 3753 5518 ις

491 5541 624 5597 an.
719 5557 794 5603 tv,
837 5541 924 5606 18,
954 5541 1038 5595 l9.
1119 5542 1160 5573 ⁸⁸
1186 5541 1387 5613 Ephes.
1423 5556 1474 5605 ν,
1509 5540 1599 5605 25,
1633 5540 1720 5592 27.
1801 5539 1844 5569 ⁸⁷
1871 5537 2115 5604 Luc.xv,
2153 5543 2206 5596 7.

1774 5631 2009 5687 VARI/Ii
2037 5633 2435 5696 LECTIONI‘JS.

569 5736 586 5766 ι
624 5739 710 5791 γρ.
750 5719 1011 5791 μαχαίρᾳ,
1047 5722 1136 5775 καὶ
1167 5720 1447 5790 ἀφάνισον.
1548 5735 1560 5772 1
1604 5725 1686 5778 ἷσ.
1721 5723 1959 5792 τυφλοῖς.
