4032 6218
348 294 484 360 2421

1468 305 2003 366 COMMENTARII
2040 304 2122 366 ΙΝ
2164 307 2452 370 ISAIAM.

3452 313 3614 398 ειη.

349 403 777 476 δεδικαιὼμεθα.
809 406 944 478 Περὶ
966 403 1027 462 οὗ
1059 427 1194 482 φησι
1216 396 1308 466 καὶ
1335 409 1500 464 Δαϐἱδ
1525 427 1538 442 ·
1577 429 1596 462 ι
1630 411 1938 480 Εῑργάσατο

2060 411 2205 466 labet
2231 414 2563 484 copulatam.
2596 414 2712 473 Nisi
2745 417 2791 474 si
2822 417 2948 488 quis
2963 421 3202 490 justitite-
3217 420 3282 490 de
3303 432 3450 478 terra
3505 396 3630 480 exc-

349 492 698 564 δικαιοσύνην
725 496 783 548 ὲν
819 495 972 566 μέσῳ
1001 500 1100 567 τῆς
1124 498 1248 570 γῆς.
1275 518 1294 552 s
1326 499 1422 568 Ἐκ
1447 499 1559 568 γῆς
1579 499 1688 571 γὰρ
1707 494 1929 570 εἷχετὴν

353 585 534 657 σάρκα
571 587 646 658 μὴ
680 587 1051 644 κατελθοῦσαν
1080 589 1151 656 ἐξ
1199 592 1490 662 οὐρανοῦ.

2038 503 2224 558 rientis
2293 506 2534 573 nomine,
2578 507 2871 565 Dominum
2927 512 3234 583 signiﬁcari
3293 517 3468 581 malit,
3531 533 3643 588 per

2037 608 2199 662 quem
2281 596 2716 653 misericordiam
2789 604 3092 668 consecuti,
3152 606 3398 678 justique
3449 606 3656 664 eﬁ‘ecti.

352 696 547 738 sumus
583 697 596 734 :
629 681 697 735 dc
724 695 834 754 quo
855 691 907 736 et
928 681 1151 741 Davidis
1170 682 1262 738 illa
1287 692 1414 743 sunt
1447 700 1462 737 :
1503 702 1521 738 ι
1550 683 1821 757 Operatus
1849 690 1936 740 est
1974 682 2209 740 salutem
2244 686 2300 741 in
2338 687 2520 744 medio
2551 689 2838 746 mundi“.
2872 710 2891 744 ι
2923 694 3052 774 quia
3089 711 3312 752 carnem
3366 701 3432 755 de
3489 707 3632 756 terra

355 790 464 832 non
492 774 622 832 calo
647 770 942 832 demissam
983 777 1194 833 habuit.

423 866 469 918 ϐ’
487 866 595 931 -ιζ’.
623 866 888 938 Ἐγὼειμι
903 870 1116 938 Κύριος
1127 873 1160 926 ὀ
1172 886 1238 924 ut
1247 871 1388 939 ίσας
1400 887 1494 937 σε,
1507 869 1946 937 ποιῶνβελτίω,

358 959 779 1015 κατεσκεύασα
808 961 888 1032 ὠς
910 963 1109 1030 πηλὸν
1137 964 1454 1033 κεραμέως.
1483 965 1578 1033 Μὴ
1604 969 1636 1019 o'
1663 962 1954 1034 ἀροτριῶν

358 1051 695 1121 ἀροτριάσει
721 1052 838 1127 τὴν
867 1054 984 1124 γῆν
1011 1056 1166 1124 ὅλην
1193 1057 1310 1126 τὴν
1327 1057 1591 1128 ἡμέραν;
1627 1056 1722 1125 Μὴ
1769 1057 1897 1126 ἐρεῖ
1918 1060 1952 1112 ὁ

361 1144 558 1209 πηλὸς
605 1142 685 1210 τῷ
734 1145 996 1216 κεραμεῖ,
1045 1149 1107 1203 Tl
1155 1150 1369 1217 ποιεῖς,
1419 1150 1507 1205 ὅτι
1551 1154 1664 1206 οὐκ
1710 1146 1946 1220 ἐργάζῃ»

360 1235 505 1288 οὐδὲ
546 1235 706 1305 ἔχεις
739 1239 979 1308 χεῖρας;
1015 1241 1160 1296 Οὐαὶ
1212 1246 1247 1302 d
1287 1244 1482 1314 λέγων
1503 1245 1584 1311 τῷ
1630 1244 1829 1314 πατρὶ,
1886 1245 1952 1298 Τί

362 1327 717 1397 Terr-ﬁcere;
749 1347 803 1384 κ.
835 1348 884 1387 τ.
920 1331 972 1387 λ.
1195 1317 1203 1324 ’

448 1423 738 1495 Ἐπιτιμᾷν
760 1427 788 1478 ὁ
817 1427 974 1493 λόγος
994 1427 1143 1484 δοκεῖ
1169 1432 1280 1495 τοῖς
1309 1433 1447 1503 μετὰ
1479 1432 1749 1505 τοσαύτην
1773 1433 1946 1503 ἑπαγ-

365 1513 550 1580 mm
584 1515 685 1586 τὴν
727 1517 985 1588 περὶτῆς
1027 1521 1383 1594 ἀνακλήσεως
1423 1524 1497 1596 μὴ
1549 1526 1947 1597 προσ-τρέχουσι

363 1605 444 1676 τῷ
475 1605 613 1677 Θεῷ,
646 1608 742 1660 καὶ
769 1608 844 1673 ὡς
871 1610 1091 1669 πάντων
1117 1614 1232 1668 ὄντι
1268 1603 1560 1684 Θεῷκατὰ
1600 1617 1791 1688 καιρὸν
1817 1634 1947 1670 παι-

366 1693 572 1750 δεύοντι
591 1695 682 1749 τὸν
702 1696 854 1761 λαὸν,
875 1701 971 1754 καὶ
989 1700 1152 1756 πάλιν
1175 1703 1867 1772 ἁναλαμϐάνοντι,βελτίω
1881 1721 1946 1759 τε

365 1785 457 1839 τὸν
491 1787 618 1855 ναον
646 1789 740 1841 καὶ
785 1788 883 1861 τὴν
919 1789 1078 1846 πόλιν
1117 1793 1625 1856 κατασκευάζοντι
1669 1795 1827 1866 δίκην
1857 1812 1949 1851 κε-

355 1877 596 1952 ραμέως
625 1879 693 1933 τὰ
717 1881 1075 1952 συντριϐέντα
1097 1884 1260 1942 πάλιν
1284 1887 1685 1957 ἀνανεουμένῳ,
1716 1890 1810 1944 καὶ
1839 1889 1947 1943 τῶν

366 1968 604 2041 πρώτων
646 1973 883 2043 κρείττω
927 1973 1199 2035 δεικνύντι
1232 1975 1302 2032 τὰ
1341 1976 1592 2048 δεύτερα.
1631 1979 1744 2049 Τὴν
1775 1979 1948 2052 αὐτὴν

365 2059 548 2114 λαϐὼν
579 2061 716 2127 Θεὸς
753 2064 850 2118 καὶ
879 2065 1016 2135 πρὸς
1058 2067 1329 2137 Ἰερεμίαν
1367 2068 1553 2123 εἰκόνα
1579 2070 1946 2141 προσέθηκεν

373 2171 394 2205 ι
417 2153 479 2209 Εἰ
503 2153 728 2222 καθὼςὸ
759 2158 1038 2226 κεραμεὺς
1069 2151 1223 2222 οὗτος
1251 2160 1312 2213 οὐ
1333 2160 1636 2232 δυνήσομαι
1659 2163 1755 2217 τοῦ
1782 2165 1950 2235 neti].-

371 2261 462 2299 σαι
496 2247 643 2316 ὑμᾶς
696 2245 845 2312 οἶκος
892 2249 1141 2322 Ἰσραήλ;
1184 2270 1202 2304 ι
1236 2253 1332 2307 καὶ
1371 2252 1468 2307 νῦν
1493 2254 1551 2307 δέ
1584 2272 1720 2325 φησι
1744 2255 1833 2310 διὰ
1854 2256 1949 2316 τοῦ

371 2337 642 2408 παρόντος
682 2341 986 2412 προφήτου,
1031 2343 1113 2396 ὅτι
1155 2344 1407 2408 βέλτιον
1435 2347 1463 2390 κ
1495 2349 1950 2418 κατεσκεύασα,

370 2430 465 2484 νῦν
511 2430 586 2498 ὡς
635 2433 838 2500 πηλὸν
887 2435 1190 2504 κεραμέως
1234 2437 1327 2492 τὸν
1381 2439 1550 2493 πάλαι
1598 2441 1954 2511 συντριϐέντα

368 2522 521 2585 λαόν.
569 2524 716 2579 Ἀντὶ
757 2526 815 2580 δὲ
855 2527 950 2581 τοῦ
1001 2529 1191 2583 ποιῶν
1221 2529 1478 2594 ,Βέλτιον
1507 2535 1951 2601 κατεσκεύασα,

373 2612 674 2697 Σύμμαχος
700 2615 933 2687 ἔφησεν
967 2618 1110 2673 Οὐαὶ
1131 2621 1165 2673 ό
1186 2619 1517 2690 ἀντιλέγων
1543 2622 1623 2688 τῷ
1649 2625 1957 2680 πλάσαντι

372 2707 582 2768 αὐτόν.
627 2709 775 2760 Ἀντὶ
821 2709 879 2762 δὲ
916 2709 1045 2762 τοῦ·
1091 2711 1187 2780 Μὴ
1219 2715 1253 2766 ό
1285 2712 1573 2782 ἀροτριῶν
1613 2716 1956 2785 ἁροτριάσει

370 2795 486 2865 τὴν
520 2798 634 2867 γῆν
657 2814 676 2862 ;
703 2801 731 2853 ὁ
781 2799 1100 2869 Θεοδοτιων,
1134 2804 1422 2873 ἀροτριῶν
1449 2807 1592 2873 τοὺς
1636 2809 1958 2878 ἀροτριῶν-

370 2905 478 2956 τας
502 2889 617 2956 τὴν
637 2889 775 2958 γῆν.
807 2891 948 2959 Ἐγὼ
969 2893 1100 2963 γὰρ,
1126 2895 1316 2964 φησὶν,
1347 2898 1375 2948 ὁ
1399 2898 1526 2962 τοὺς
1549 2899 1832 2966 οἰκοῦντας
1859 2901 1959 2970 τὴν

369 2981 476 3049 γῆν
504 2983 768 3051 γεωργῶν
795 2983 1109 3053 μετέπλασα
1135 2985 1227 3038 τὸν
1257 2986 1408 3041 λαόν.
1441 2988 1530 3058 Μὴ
1555 2989 1650 3043 οὖν
1681 2990 1962 3044 ἐναντιοῦ-

2127 866 2292 941 5ιᾶ.
2331 869 2492 926 Vens.
2525 872 2679 926 9-l7.
2724 870 2834 942 Ego
2867 889 2984 927 sum
3016 872 3179 939 Deus,
3217 875 3308 945 qui
3351 878 3522 932 creari
3562 887 3630 942 te,

2054 960 2258 1027 faciens
2289 964 2582 1028 meliorem,
2621 966 2920 1032 praparavi
2958 973 3015 1018 ut
3059 967 3227 1018 lutum
3273 967 3446 1037 ﬁguli.
3485 967 3634 1024 Num
3730 970 3732 973 ’

2051 1051 2144 1120 qui
2178 1060 2300 1104 arat
2339 1062 2558 1117 terram,
2591 1053 2774 1107 arabit
2810 1063 2920 1109 tota
2945 1055 3083 1109 die?
3116 1072 3239 1109 num
3279 1057 3414 1112 dicet
3465 1058 3634 1113 lutum

2053 1142 2218 1212 ﬁgulo
2241 1159 2260 1198 :
2279 1143 2421 1210 Quid
2440 1145 2598 1213 facis,
2627 1149 2878 1216 quoniam
2897 1163 3000 1201 non
3024 1150 3282 1217 operaris,
3299 1165 3460 1221 neque
3480 1149 3636 1208 habes

2051 1250 2242 1290 manus
2268 1237 2294 1291 2
2334 1234 2425 1291 Var
2453 1238 2543 1308 qui
2573 1237 2705 1292 dicit
2735 1241 2903 1308 patri,
2938 1239 3080 1306 Quid
3103 1241 3376 1311 generabis
3402 1245 3426 1300 ἵ
3456 1255 3559 1299 etc.

2125 1408 2240 1474 Illis
2269 1412 2450 1468 oratio
2497 1427 2834 1472 succensere
2870 1415 3108 1484 ridetur,
3156 1418 3249 1488 qui
3300 1427 3424 1488 post
3456 1427 3658 1478 tantas'

2053 1503 2455 1571 promissiones
2495 1506 2724 1562 adeum
2770 1522 2879 1562 non
2919 1507 3206 1573 festinant,
3239 1511 3331 1579 qui
3376 1520 3648 1588 tauquam

2054 1596 2302 1650 omnium
2353 1597 2521 1665 Deus,
2564 1614 2688 1654 cum
2745 1601 3006 1670 populum
3055 1603 3376 1672 aliquandiu
3424 1604 3636 1670 amisit,

2054 1685 2293 1748 admittit
2318 1705 2557 1757 rursum,
2589 1695 2903 1764 temploque
2930 1702 2984 1749 et
3018 1695 3154 1750 urbe
3180 1696 3234 1748 in
3279 1695 3470 1750 melius
3503 1693 3641 1765 prd-

2042 1779 2277 1846 .paratis,
2335 1796 2458 1848 qua:
2494 1784 2745 1856 contrita
2792 1783 3052 1850 fuerant,
3105 1800 3213 1838 non
3266 1787 3427 1839 aliter
3471 1802 3636 1856 quam

2048 1868 2272 1938 ﬁgulus,
2296 1855 2593 1936 instaurat,
2627 1881 2681 1927 et
2711 1876 2952 1929 secunda
2988 1875 3266 1944 pri0ribus
3298 1855 3525 1930 meliora
3556 1877 3640 1932 ef-

2047 1958 2185 2018 ﬁcit.
2211 1958 2312 2016 Est
2339 1977 2470 2016 vero
2507 1971 2562 2018 et
2602 1964 2746 2034 apud
2775 1962 3072 2018 Jeremiam
3103 1964 3293 2019 eadem
3338 1980 3474 2021 usus
3502 1965 3644 2020 ima-

2049 2051 2175 2121 gine
2203 2051 2370 2120 Deus,
2411 2071 2536 2113 cum
2558 2056 2636 2110 ait
2665 2071 2678 2108 :
2707 2074 2728 2108 ι
2759 2055 3044 2127 Nunquid,
3083 2057 3230 2113 sicut
3276 2058 3476 2129 ﬁgulus
3511 2059 3651 2126 istc,

2044 2160 2162 2206 non
2200 2155 2394 2216 potero
2435 2149 2592 2204 vobis
2627 2149 2831 2215 facere,
2859 2151 3249 2208 donmslsrael
3285 2152 3371 2205 "-‘3
3400 2170 3419 2204 ι
3455 2151 3546 2207 Sic
3584 2161 3641 2208 et

2050 2236 2220 2310 hujus
2250 2255 2311 2296 se
2335 2240 2450 2310 jam
2486 2244 2765 2312 prophette
2784 2258 2918 2298 voce
2943 2244 3246 2298 contritum
3266 2251 3507 2299 veterem
3543 2259 3640 2314 po.

2049 2330 2266 2398 pulum,
2310 2341 2563 2402 tanquam
2599 2333 2753 2402 ﬁguli
2788 2332 2960 2386 lutum
3007 2332 3170 2403 515
3202 2349 3501 2399 reparasse,
3531 2334 3640 2390 me?

2053 2419 2343 2491 lioremque
2379 2421 2626 2478 olfecisse
2673 2423 2968 2493 signiﬁcat.
3021 2423 3130 2479 Sed
3172 2425 3478 2480 notandum
3531 2434 3646 2491 est,

2053 2527 2166 2581 quo
2196 2514 2339 2579 loco,
2374 2516 2574 2584 faciens
2605 2515 2880 2571 meliorem
2912 2519 3214 2586 preparavi
3241 2519 3532 2589 habemus,
3565 2537 3643 2580 ea!

2062 2603 2155 2673 qui
2211 2604 2536 2664 contradicit
2592 2607 2773 2675 ﬁctori
2823 2623 2920 2661 suo
2969 2606 3362 2680 Symmachum
3425 2612 3656 2686 legere,

2055 2693 2276 2764 deinde,
2303 2712 2404 2767 pro
2434 2698 2672 2768 nunquid
2713 2715 2875 2754 orans
2913 2699 3092 2754 arabit
3127 2709 3347 2767 terram,
3387 2701 3642 2759 Theodno

2057 2785 2283 2851 tionem,
2320 2787 2412 2856 qui
2450 2794 2573 2842 arat
2603 2796 2821 2842 orantes
2856 2797 3079 2855 terram,
3116 2790 3495 2861 interpretari.
3518 2793 3649 2864 Ipse

2057 2876 2228 2941 enim,
2254 2875 2352 2939 ait,
2395 2877 2659 2946 populum
2697 2880 2755 2931 in
2809 2878 3042 2932 formam
3075 2878 3242 2933 aliam
3279 2883 3510 2948 mutavi,
3547 2885 3648 2953 qui-

2063 2977 2221 3026 teme
2247 2969 2482 3034 incolas,
2514 2984 2772 3039 agrorum
2814 2968 3010 3035 instar,
3033 2986 3285 3037 exerceo,
3334 2981 3387 3027 et
3419 2975 3641 3046 subigo.

377 3071 474 3126 σὸε
511 3075 632 3140 ταῖς
666 3075 826 3144 ἐμαῖς
878 3076 1236 3150 οἰκονομίαις,
1270 3079 1349 3144 ὡς
1381 3056 1528 3133 οὐδέ
1563 3083 1760 3148 ,πηλὸς
1791 3081 1954 3152 κερα-

2064 3056 2256 3114 Vidcte
2279 3058 2447 3126 igitur
2476 3074 2546 3114 ne
2571 3059 2826 3114 instituto
2866 3075 2989 3116 meo
3015 3065 3646 3134 meaque‘providentia

371 3164 487 3236 μεῐ.
529 3165 737 3232 Πηλοῦ
772 3167 880 3238 γὰρ
906 3168 1062 3235 λόγον
1097 3169 1166 3222 ἐκ
1196 3168 1308 3239 γῆς
1335 3171 1712 3238 πλασθέντες
1758 3173 1955 3244 ἔχομεν

371 3256 447 3318 ὡς
477 3259 614 3327 πρὸς
646 3258 904 3327 κεραμέα
932 3260 1023 3313 τὸν
1059 3261 1282 3316 πάντων
1307 3264 1669 3334 Δημιουργόν.
1713 3267 1826 3330 Πᾶς
1856 3267 1956 3336 μὲν

373 3347 466 3402 οὖν
493 3349 910 3421 ἐναντιούμενος
945 3351 1320 3416 ταλανίζεται,
1351 3355 1645 3426 ἐξαιρέτως
1690 3358 1747 3410 δὲ
1781 3360 1810 3411 ὁ
1842 3360 1954 3424 Πα-

372 3439 509 3508 τέρα
557 3438 742 3508 λαχὼν
792 3441 886 3495 τὸν
927 3441 1061 3494 Θεὸν
1100 3443 1251 3512 αὐτῷ
1294 3461 1354 3498 τε
1400 3445 1528 3508 λαὸς
1573 3448 1951 3518 ἀνακείμενος.

375 3532 522 3588 Οὐαὶ
559 3531 668 3602 γὰρ
698 3535 971 3604 ἀλέγων
1015 3535 1095 3601 τῷ
1122 3535 1328 3606 πατέρι
1377 3538 1591 3606 αὐτοῦ,
1631 3541 1692 3597 Tl
1720 3542 1952 3610 ,γεννή-

372 3637 545 3690 σεις;
573 3624 606 3695 ἢ
649 3626 790 3678 κατὰ
821 3626 1141 3699 Σύμμαχον,
1175 3631 1236 3682 Τί
1265 3629 1599 3699 ἐγέννησας
1610 3648 1630 3697 ;
1655 3634 1728 3686 Οὐ
1757 3633 1958 3686 παύον-

371 3731 462 3768 ται
491 3715 600 3786 γάρ
633 3732 780 3780 τινες
817 3715 1177 3785 ἐγκαλοῦντες
1207 3716 1328 3789 Θεῴ
1352 3732 1366 3748 ⁸
1407 3717 1471 3772 Τί
1501 3719 1610 3787 γὰρ
1635 3717 1742 3772 ἔδει
1764 3719 1955 3773 τούτου

371 3804 466 3867 τοῦ
499 3806 647 3876 Bion;
677 3808 772 3872 Τίς
803 3809 835 3879 ή
869 3809 1060 3864 τούτου
1092 3809 1396 3879 διοίκησιςς
1432 3809 1528 3869 καὶ
1554 3811 1636 3874 τίς
1667 3811 1891 3866 ἐκείνων
1923 3813 1956 3884 ἡ

375 3900 572 3972 χρείας
608 3902 779 3973 ἐχρῆν
803 3901 859 3960 δὲ
892 3900 1036 3972 οὕτω
1065 3901 1418 3974 γεγενῆσθαι.

341 4172 366 4234 ξ
446 4159 584 4217 Εἶτά
614 4146 802 4232 φησιν’
834 4161 1204 4230 Ἐρωτήσατέ
1223 4179 1300 4232 με
1339 4163 1473 4230 περὶ
1505 4162 1624 4216 τῶν
1647 4163 1793 4218 υἱῶν
1812 4182 1958 4235 μου,

376 4255 478 4318 καὶ
509 4255 641 4322 περὶ
671 4253 791 4318 τῶν
818 4253 1008 4323 ἔργων
1038 4253 1160 4318 τῶν
1185 4254 1548 4326 χειρῶνμου.
1583 4255 1684 4310 Διὰ
1709 4257 1808 4327 μὲν
1839 4256 1989 4329 τῶν,

376 4344 524 4410 υἱῶν
554 4343 835 4415 σημαίνων
866 4345 965 4415 τὴν
998 4346 1194 4417 vnain
1226 4346 1414 4399 οὐσίαν
1445 4347 1542 4400 καὶ
1573 4348 1824 4420 λογικήν.
1858 4351 1958 4410 Διὰ

377 4434 435 4489 δὲ
465 4433 582 4494 τῶν
639 4435 851 4504 ἔργων,
882 4435 950 4488 τὰ
991 4435 1132 4506 μέρη
1179 4435 1274 4500 τοῦ
1321 4435 1643 4506 κόσμου.Ει
1696 4438 1798 4509 μὲν
1846 4441 1954 4513 γὰρ

2061 4452 2222 4506 opera
2279 4443 2498 4498 autem,
2544 4433 2734 4489 mundi
2806 4441 2994 4503 partes
3064 4433 3354 4492 intellexit.
3406 4434 3465 4489 Si
3515 4437 3651 4507 quid
3750 4509 3754 4514 _

377 4524 523 4597 ἔχεις
550 4543 625 4590 τι,
651 4525 844 4596 φησὶν,
896 4526 1093 4593 εἰπεῖν,
1125 4526 1204 4588 εἰς
1236 4527 1445 4594 τούτων
1477 4527 1785 4599 διόρθωσιν,
1811 4530 1958 4599 λέγε.

377 4618 441 4672 El
467 4618 527 4683 δὲ
563 4617 759 4688 μαθεῖν
785 4634 871 4680 τις
903 4617 1078 4670 ἐθέλει
1108 4617 1234 4686 περὶ
1267 4619 1466 4684 αὐτῶν,
1518 4619 1606 4674 διὰ
1652 4619 1762 4674 τῶν
1808 4622 1960 4692 ἐμῶν

374 4709 646 4778 ἐρωτάτω
671 4726 740 4780 με
789 4710 1112 4780 προφητῶν,
1144 4709 1240 4775 καὶ
1271 4709 1542 4778 γνώσεται
1589 4712 1712 4766 τινα
1756 4713 1960 4782 τρόπον

356 4798 557 4866 ’πάντα
575 4803 747 4857 διέπω
772 4802 1094 4874 κηδόμενος.
1131 4801 1268 4858 Τίνα
1295 4802 1405 4873 γὰρ
1440 4802 1555 4874 ἔχει
1607 4804 1818 4876 μέμψιν
1849 4807 1961 4862 ἀν.

375 4895 622 4962 θρῴπον,
642 4882 1012 4964 δημιουργίας
1044 4895 1198 4950 ποῖον
1243 4893 1301 4947 δὲ
1325 4894 1572 4966 κάλλοςῆ
1599 4895 1830 4966 μέγεθος
1857 4899 1960 4953 οὐ.

368 4987 560 5058 ρανὸς
585 4988 649 5040 οὐ
676 4986 1016 5059 παρέρχεται
1039 5003 1053 5053 ;
1083 4988 1138 5039 τί
1161 4987 1217 5041 δὲ
1239 4987 1314 5057 μὴ
1335 4987 1470 5059 πρὸς
1496 4989 1686 5059 χρείαν
1711 4990 1960 5059 ὲγένετο;

371 5077 468 5146 Γῆ
503 5077 603 5149 μὲν
629 5077 843 5148 οῐκησιν
891 5077 1200 5147 ἀνθρώπῳ,
1225 5080 1318 5139 καὶ
1346 5078 1512 5148 φυτὰ,
1557 5079 1650 5134 καὶ
1679 5081 1794 5145 ζῶα
1824 5082 1963 5151 πρὸς

373 5171 476 5240 τὴν
496 5169 665 5234 αὐτοῦ
697 5174 919 5241 χρῆσιν,
973 5172 1314 5244 παρέχουσα.
1371 5173 1642 5240 Οὐρανοῦ
1666 5173 1724 5227 δὲ
1767 5173 1960 5245 ἄστρα

375 5259 474 5316 νῦν
507 5261 607 5331 μὲν
636 5262 788 5332 αὐτῷ
807 5262 1188 5333 δᾳδουχοῦντα·
1226 5262 1321 5317 νῦν
1350 5262 1407 5326 δὲ
1431 5263 1594 5328 πάλιν
1623 5266 1682 5319 ὲν
1710 5265 1959 5337 ἀρμονίῳ

376 5355 592 5424 κινήσει
644 5359 851 5426 σημεῖα
891 5358 985 5411 καὶ
1017 5356 1248 5427 χρόνους
1293 5357 1624 5422 ἀποτελέσαι
1659 5359 1956 5430 δυνάμενα.

377 5447 522 5519 Πρὸς
547 5447 604 5501 δὲ
633 5451 745 5512 τοῖς
771 5449 953 5514 ᾄλλοις
986 5449 1194 5516 καλοῖς,
1232 5451 1468 5522 Ἦτειρα
1490 5452 1584 5514 καὶ
1602 5451 1689 5505 διὰ
1716 5451 1808 5506 τὸν
1828 5452 1960 5524 ἐμὸν

451 5565 496 5597 ⁸⁸
518 5563 664 5621 Psal.
702 5582 907 5639 LXXIII,
938 5569 1026 5627 1‘2.
1107 5569 1149 5600 "
1183 5567 1382 5626 Jerem.
1427 5585 1582 5640 xvm,
1620 5571 1653 5627 6

2064 3150 2454 3216 adverseinini,
2480 3168 2583 3206 non
2608 3152 2777 3222 magis
2800 3167 2960 3222 quam
2994 3153 3167 3207 lutum
3204 3155 3392 3225 ﬁgulo.
3434 3155 3654 3214 Sumus

2050 3241 2204 3296 enim
2247 3242 2350 3296 luti
2385 3243 2582 3307 instar,
2621 3242 2715 3312 qui
2764 3243 2829 3297 de
2861 3251 3003 3297 terra
3042 3246 3318 3315 ﬁngimur,
3347 3246 3391 3300 si
3421 3247 3487 3302 ad
3521 3263 3644 3302 om-

2055 3334 2208 3396 nium
2255 3334 2508 3406 opificem
2561 3336 2784 3404 ﬁgulum
2833 3336 3184 3405 rcSpicimus.
3229 3336 3327 3393 Est
3373 3339 3646 3410 igiturin-

2057 3425 2186 3483 felix
2207 3427 2529 3497 quicunque
2555 3428 2734 3483 cidem
2765 3427 3114 3494 adversatur,
3140 3429 3236 3484 sed
3257 3429 3345 3483 ille
3372 3431 3650 3502 praecipue
3718 3493 3722 3496 ,

2056 3517 2152 3587 qui
2193 3517 2362 3573 Deum
2406 3519 2460 3573 in
2516 3519 2736 3575 Patrem
2784 3519 3035 3583 sortitus,
3084 3519 3372 3590 eidemque
3412 3523 3651 3593 populus

2056 3610 2288 3668 effectus
2350 3611 2457 3682 ipsi
2500 3627 2623 3667 sese
2667 3611 2833 3666 audet
2878 3627 3178 3681 opponere.
3222 3611 3314 3669 Vae
3355 3615 3500 3670 enim
3554 3616 3647 3684 qui

2058 3701 2186 3754 dicit
2212 3701 2354 3769 patri
2379 3717 2498 3763 suo,
2525 3701 2666 3766 Quid
2683 3701 2962 3770 generabis
2984 3705 3011 3758 2
3029 3710 3144 3767 aut,
3168 3704 3472 3759 secundum
3495 3705 3649 3777 Sym-

2059 3792 2338 3859 machum,
2359 3792 2498 3859 Quid
2522 3792 2750 3862 genuisti
2775 3793 2800 3845 ?
2830 3807 2940 3848 non
2965 3793 3226 3848 desinunt
3249 3795 3398 3850 enim
3429 3795 3540 3851 Deo
3565 3796 3649 3853 sic

2068 3885 2368 3942 conviciari
2415 3880 2694 3940 nonnulli':
2718 3883 3058 3955 Ecquidnam
3081 3886 3195 3942 vita
3227 3887 3329 3943 ista
3358 3902 3499 3958 opus
3513 3887 3654 3944 fuit?

2063 3977 2264 4048 ecquid
2301 3978 2496 4035 isthaee
2526 3977 2937 4034 administratio
2963 3978 2987 4032 ’ἒ
3011 3977 3198 4051 Ecqua
3232 3968 3456 4036 illorum
3489 3980 3647 4036 utili-
3716 4057 3719 4059 _

2063 4069 2186 4127 tas?
2217 4072 2286 4126 At
2308 4072 2384 4125 ita
2417 4069 2532 4125 ﬁeri
2558 4071 2831 4140 oportuit.

2134 4161 2339 4217 Deinde
2381 4160 2607 4228 subiicit
2633 4178 2646 4214 :
2672 4157 3007 4230 Interrogata
3041 4176 3122 4214 me
3149 4158 3216 4215 de
3251 4159 3380 4230 ﬁliis
3405 4161 3557 4225 meis,
3598 4172 3648 4217 et

2063 4255 2127 4310 de
2151 4252 2394 4322 operibus
2424 4266 2678 4308 manuum
2711 4266 2974 4304 mearum.
3005 4251 3108 4306 Ubi
3131 4251 3371 4320 ﬁliorum
3401 4252 3655 4322 nomine,

2065 4343 2433 4415 intelligendi,
2461 4341 2938 4412 ratiocinandique
2971 4356 3206 4410 capaces
3236 4350 3466 4400 naturas
3499 4360 3512 4410 ;
3554 4359 3651 4415 per

2061 4531 2207 4588 cnim
2233 4529 2382 4586 vales
2408 4528 2617 4594 dicere,
2644 4527 2843 4596 inquit,
2865 4535 2923 4581 tu
2950 4527 3087 4582 illud
3121 4529 3175 4582 in
3209 4528 3442 4584 istorum
3465 4543 3656 4585 emen-

2059 4624 2338 4684 dationem
2389 4620 2862 4691 directionemque
2914 4620 3227 4690 producito.
3299 4621 3398 4676 Sin
3457 4631 3645 4677 autent

2060 4716 2276 4774 discere
2323 4721 2380 4770 et
2431 4714 2625 4770 audire
2665 4713 2733 4770 de
2771 4713 2886 4769 illis
2930 4713 3230 4796 quisquam
3269 4713 3494 4785 cupiat,
3551 4729 3650 4785 per

2061 4824 2217 4868 meos
2263 4825 2353 4866 me
2386 4808 2686 4880 prophetas
2739 4808 3050 4877 interroget,
3086 4807 3265 4877 utqui
3306 4807 3491 4863 omnia
3531 4807 3660 4874 ipse

2067 4915 2268 4970 magna
2301 4915 2436 4955 cura
2479 4900 2700 4963 obeam,
2744 4898 3038 4967 intelligat.
3073 4895 3216 4963 Quid
3265 4897 3412 4951 enim
3458 4903 3544 4950 est
3591 4893 3649 4947 in

2068 4991 2298 5045 hominis
2325 4989 2558 5055 fabrica,
2588 4987 2735 5059 quod
2769 4988 3059 5057 quisquam
3084 4981 3656 5056 repreliendat‘tQuid

2068 5079 2358 5150 pulchrum
2404 5076 2562 5141 adeo,
2611 5075 2698 5131 vel
2730 5090 3017 5145 magnum,
3056 5074 3205 5144 quod
3259 5072 3552 5142 splendore
3594 5079 3653 5126 et

2067 5167 2428 5241 amplitudine
2456 5167 2644 5223 mlum
2687 5179 2796 5220 non
2831 5163 3094 5234 superet?
3121 5163 3266 5228 Quid
3313 5176 3422 5216 non
3463 5162 3519 5215 in
3557 5174 3652 5216 eo-

2068 5265 2190 5321 dem
2218 5263 2285 5317 ad
2311 5262 2606 5317 utilitatem
2647 5256 3062 5327 comparatum?
3097 5254 3263 5310 Terra
3285 5253 3509 5326 quidem
3527 5254 3647 5324 ipsa

2071 5357 2128 5412 in
2157 5353 2577 5415 habitationem,
2617 5359 2674 5404 ut
2708 5349 2930 5419 plantae,
2975 5355 3031 5402 et
3065 5346 3327 5402 animalia
3361 5347 3417 5401 in
3462 5360 3649 5408 usum,

2070 5446 2370 5504 hominibus
2392 5451 2683 5500 cesserunt
2711 5456 2725 5496 :
2750 5439 2868 5495 caeli
2883 5448 3066 5497 autem
3103 5448 3277 5506 astra,
3307 5439 3506 5514 partim
3528 5440 3651 5511 qui-

1700 5691 1935 5749 VARIE
1969 5686 2385 5748 LECTIONES.

467 5779 490 5816 ¹ι
511 5795 599 5848 π).
623 5774 838 5848 βελτίω.
