4032 6218
395 219 538 285 2427

1651 217 1666 233 ’
1727 229 2078 306 ΡΒΟΟΟΡΠ
2114 233 2361 307 ΟΑΖᾹΞῙ

3488 233 3645 302 2428

399 332 712 386 instaurare
751 330 844 401 qui
871 329 1150 388 condidit.
1178 331 1380 396 Filium
1413 334 1633 401 deinde,
1674 351 1774 407 per
1809 353 1961 410 quem

2074 338 2123 396 οἱ
2151 340 2371 411 οὐρανοὶ.
2391 341 2824 413 ἐστερεώθησαν,
2855 361 2878 395 ο
2907 343 2967 406 ὃς
2989 341 3085 406 καὶ
3117 343 3242 411 τοῖς
3269 344 3517 413 ἄστροις
3541 349 3640 407 ἆν-

398 436 429 475 a
457 437 516 476 sc
540 430 726 477 creata
758 430 886 477 sunt
925 424 1133 492 omnia,
1167 424 1287 494 ipso
1319 442 1506 482 manus
1552 430 1772 496 nomine
1813 431 1964 484 intel-

399 512 550 568 lexit.
571 511 781 568 «Verbo
805 513 1076 583 siquidem
1099 513 1313 570 Domini
1342 517 1469 572 οωιί
1491 518 1838 592 ﬁrmatisunt
1863 521 1965 578 ":J

397 619 572 673 eoque
603 605 764 660 astris
797 602 1108 670 mandante,
1148 604 1202 659 in
1237 605 1346 660 diei
1386 607 1609 678 quidem
1646 618 1970 680 potestatem

397 696 510 760 sol;
547 696 600 748 in
635 695 816 750 noctis
849 705 1057 764 autem,
1095 697 1225 752 luna
1259 699 1507 754 emicuit.
1539 698 1697 756 Unde
1737 702 1870 756 illud
1913 704 1972 764 in,

395 784 670 841 Psalmis:
705 805 723 838 ι
777 786 870 842 Sol
915 790 1172 858 cognovit
1215 805 1477 847 occasum
1526 808 1685 848 suum
1733 793 1797 849 “.
1841 813 1858 850 ι
1906 797 1970 850 Ει

394 876 594 940 iterum
631 893 645 931 :
681 894 700 928 ι
743 877 824 932 Tu
853 878 1162 934 fabricatus
1183 895 1242 935 es
1265 880 1436 935 solem
1464 890 1518 936 et
1545 883 1729 936 lunam
1762 883 1828 938 ³⁸.
1860 885 1970 942 »Δι

391 980 606 1030 eorum,
641 982 761 1036 qua:
795 977 1219 1037 praecesserunt,
1247 972 1500 1024 notitiam
1522 972 1824 1041 illustrant,
1848 992 1968 1044 qua:

392 1056 649 1126 deinceps
691 1067 1036 1127 SPqtlllntltl’;
1069 1061 1270 1128 quibus
1307 1061 1540 1130 justitia:
1580 1079 1673 1117 rea:
1711 1064 1968 1122 Christus

392 1147 742 1215 praedicatur,
987 1151 1328 1220 qui‘jttstitia
1385 1154 1503 1222 ipsa
1542 1165 1646 1209 est.
1696 1157 1784 1210 Ait
1823 1159 1966 1214 enim

389 1239 552 1292 etiam
579 1239 786 1292 alicubi
822 1257 835 1294 :
877 1258 894 1290 ι
938 1240 1081 1295 Ecce
1105 1250 1254 1296 certe
1285 1251 1478 1312 regnat
1509 1244 1736 1312 justitiae
1770 1262 1886 1311 rex,
1916 1258 1969 1303 et

389 1328 668 1398 principes
702 1346 824 1382 cum
849 1331 1061 1399 judicio
1096 1333 1446 1403 imperabunt
1470 1337 1539 1392 ³⁸.
1580 1357 1602 1390 ι
1645 1337 1777 1392 Nam
1829 1355 1968 1410 prae-

386 1421 638 1484 terquam
672 1419 814 1485 quod
841 1429 1036 1474 natura
1067 1436 1189 1475 cum
1221 1433 1372 1492 patre
1391 1440 1484 1478 rea:
1504 1433 1590 1480 est
1610 1468 1624 1491 ,
1652 1442 1748 1482 eos
1777 1429 1963 1494 etiam,

390 1507 484 1574 qui
515 1508 861 1572 defecerunt,
890 1521 1172 1579 assumpta
1204 1527 1372 1568 carne
1413 1514 1608 1569 iterum
1651 1517 1753 1572 sibi
1781 1519 1969 1587 subje-

385 1597 466 1650 cit
500 1614 512 1649 :
546 1599 651 1661 Qui
672 1601 780 1652 vias
815 1612 1004 1666 rectas,
1038 1601 1090 1655 id
1122 1610 1208 1658 est
1249 1601 1678 1672 Evangeliorum
1712 1609 1962 1676 oracula,

2069 433 2346 492 βτείλατο
2372 435 2629 502 διατάξας
2661 436 2751 489 τὸν
2780 436 2880 504 μὲν
2906 437 3057 506 ἥλιον
3081 438 3161 502 εἰς
3189 436 3362 507 ἀρχὰς
3388 441 3486 510 τῆς
3507 442 3644 510 qui.

2073 539 2196 594 ρας,
2248 525 2437 588 νυκτὸς
2461 526 2517 579 δὲ
2553 528 2651 598 τὴν
2707 527 2960 596 σελήνην.
3026 528 3117 581 Διό
3147 544 3310 598 φησιν
3333 528 3592 599 ὀψαλμάς
3629 550 3642 562 .

2080 632 2098 666 ι
2132 615 2190 668 ὐ
2218 616 2368 686 ἥλιος
2389 617 2530 686 ἔγνω
2572 619 2671 688 τὴν
2705 617 2764 670 δύ
2777 633 2860 671 σιν
2884 617 3070 670 αὑτοῦ.
3097 637 3116 674 ι
3149 618 3259 678 Καὶ
3288 619 3449 682 πάλιν
3468 636 3483 654 ο
3525 639 3542 671 ι
3568 622 3645 685 Σῦ

2072 705 2385 776 κατηρτίσω
2417 707 2568 778 ἥλιον
2598 707 2694 759 καὶ
2716 705 2967 778 σελήνην.
2993 725 3011 758 ι
3047 706 3160 778 Τὴν
3190 706 3248 760 δὲ
3275 707 3383 776 τῶν
3411 709 3648 776 φθασάνρ

2070 808 2178 844 των
2199 793 2408 847 ἔννοιαν
2432 795 2500 848 τὰ
2545 797 2686 865 μετὰ
2731 794 2902 850 ταῦτα
2957 795 3125 865 δηλοῖ,
3155 794 3220 848 δι’
3253 789 3326 849 ὧν
3348 798 3376 848 ὸ
3407 797 3642 870 Χριστὸς

2070 885 2371 950 Βασιλεὺς
2418 885 2809 952 δικαιοσύνης
2850 887 3180 956 κηρύττεται
3205 886 3464 956 ὑπάρχων
3487 889 3644 941 αὐτόν

2069 989 2260 1042 χρημα
2291 973 2671 1046 δικαιοσύνη·
2700 975 2809 1029 Καὶ
2830 973 3062 1044 ἀλλαχοῦ
3083 975 3190 1047 γάρ
3213 991 3409 1045 φησιν·
3449 993 3469 1030 ι
3511 976 3643 1032 Ἰδοὺ

2067 1062 2131 1133 δὴ
2161 1063 2416 1132 βασιλεὺς
2465 1064 2812 1133 δικαιοσύνης
2869 1064 3179 1136 βασιλεύει,
3237 1067 3332 1120 καὶ
3381 1066 3644 1140 ἄρχοντες

2067 1154 2210 1223 μετὰ
2241 1154 2473 1224 κρίσεως
2519 1155 2844 1226 ἄρξουσιν.»
2907 1157 3072 1210 Φύσει
3126 1157 3235 1224 γὰρ
3279 1154 3357 1208 ὢν
3413 1158 3510 1210 σὺν
3563 1156 3644 1227 τῷ

2065 1245 2272 1316 Πατέρι
2303 1246 2608 1313 βασιλεὺς
2656 1248 2785 1310 τοὺς
2829 1248 3173 1311 ἀποστάντας
3223 1245 3378 1324 αὖθις
3405 1247 3643 1324 ὑπέταξε

2070 1337 2394 1406 σαρκωθεὶς,
2415 1337 2596 1403 ὀδοὺς
2622 1338 2778 1407 ἔχων
2792 1340 3027 1404 εὐθείας
3055 1338 3124 1390 τὰ
3152 1337 3260 1391 τῶν
3295 1337 3643 1405 Εὑαγγελίων

2067 1425 2430 1496 θεσπίσματα.
2461 1429 2678 1488 Σκολιὸν
2694 1428 2804 1498 γὰρ
2821 1427 2971 1481 οὐδὲν
2988 1429 3045 1483 ὲν
3073 1428 3276 1490 αὐτοῖς.
3300 1427 3374 1478 Τὸ
3387 1428 3445 1480 δὲ
3457 1427 3636 1496 τραχὺ

2066 1517 2173 1570 τῶν
2203 1517 2444 1587 νομικῶν
2469 1520 2808 1586 ἐκπέφευγεν
2841 1519 3218 1590 ἐνταλμὰτων.
3253 1518 3634 1587 Τεθεμελίωκε

2067 1607 2126 1662 δὲ
2158 1609 2257 1680 τὴν
2291 1609 2622 1680 Ἐκκλησίαν
2681 1610 2844 1674 αὐτὸς
2899 1610 2976 1664 ὢν
3021 1611 3291 1680 θεμέλιος,
3339 1610 3455 1678 Ἐφ’
3479 1602 3522 1678 ᾧ
3547 1609 3646 1672 καὶ,

388 1686 443 1738 in
477 1687 676 1755 quibus
720 1691 854 1743 nihil
892 1707 1143 1760 pravum,
1177 1693 1421 1766 nihilque
1461 1696 1751 1759 sinuosum
1802 1715 1961 1769 repe-

2072 1703 2232 1772 ἡμεῖς
2261 1701 2764 1771 ὲποικοδομούμεθα
2779 1701 2855 1766 ὡς
2879 1701 3018 1754 λίθοι
3051 1703 3384 1764 πολυτελεῖς,
3409 1703 3486 1763 είς
3513 1701 3645 1756 ναὸν

383 1775 520 1841 rias,
573 1779 781 1846 edidit;
827 1782 920 1850 qui
963 1781 1102 1837 dura
1151 1784 1286 1856 legis
1330 1786 1586 1842 nmtdata
1633 1788 1954 1848 declinavit.

2075 1792 2250 1859 ἅγιον,
2280 1792 2360 1854 είς
2388 1793 2808 1863 κατοικητήριον
2863 1793 2957 1846 τοῦ
3011 1793 3144 1846 Θεοῦ
3173 1795 3230 1847 έν
3260 1780 3556 1862 Πνεύματι,
3584 1793 3647 1867 ὃς

381 1865 526 1924 Bene
554 1883 734 1925 autem
783 1873 1039 1930 Ecdesia:
1081 1875 1222 1936 idem
1271 1876 1625 1934 fundamenta
1666 1879 1819 1948 jecit,
1872 1882 1961 1952 qui

2073 1885 2146 1937 οὐ
2161 1882 2310 1953 μετὰ
2329 1882 2531 1952 δώρων
2544 1884 2640 1954 τὴν
2660 1885 2934 1958 ἡμετέραν
2953 1884 3329 1954 αἰχμαλωσίαν
3351 1865 3644 1956 ἐρρύσατοι

380 1959 802 2018 fundamentum
830 1975 937 2035 est,
971 1984 1139 2038 super
1168 1970 1316 2041 quod
1347 1980 1401 2027 et
1427 1971 1553 2040 ipsi,
1583 1980 1840 2042 tanquam
1878 1975 1960 2028 la,-

2069 1991 2090 2028 ε
2113 1975 2186 2028 Οὐ
2225 1975 2332 2046 γὰρ
2350 1975 2630 2048 φθαρτοῖς,
2645 1977 2832 2047 φησὶν,
2851 1975 3150 2048 ἀργυρίῳῆ
3179 1976 3386 2046 χρυσίῳ
3407 1977 3646 2046 ὲλυτρῶο

378 2053 533 2122 ρίιΙεε
573 2058 798 2124 pretiosi
836 2058 904 2124 "',
933 2060 986 2114 in
1013 2060 1390 2120 habitaculum
1422 2061 1516 2117 Dei
1547 2063 1601 2118 in
1637 2065 1834 2134 spiritu
1863 2080 1959 2120 su-

2067 2065 2240 2136 θημεν
2257 2067 2431 2136 ὲκτῆς
2456 2068 2695 2139 ματαίας
2711 2070 2744 2137 ἡ
2753 2069 2870 2139 μῶν
2896 2069 3244 2140 ἀναστροφῆς
3276 2084 3642 2140 πατροπαραιε

378 2148 748 2213 perstruimur
777 2169 791 2203 :
818 2151 908 2220 qui
927 2154 1096 2220 gratis
1119 2168 1220 2208 nos
1246 2154 1512 2214 servitute
1541 2155 1760 2226 eripuit.
1794 2175 1812 2208 ι
1850 2157 1961 2214 Ne-

2067 2155 2242 2220 δότου,
2302 2157 2440 2211 ἀλλὰ
2492 2157 2658 2228 τιμίῳ
2715 2158 2914 2228 αἵματι
2947 2157 3020 2222 ῶς
3043 2157 3217 2226 ἀμνοῦ
3265 2155 3496 2226 ἀμώμου
3542 2157 3643 2216 καὶ

377 2252 485 2306 que
523 2241 670 2294 enim
704 2245 1182 2313 corruptibilibus,
1211 2253 1461 2320 argento,
1493 2246 1725 2303 velauro
1747 2247 1961 2304 redem-

2067 2250 2294 2307 ἀσπίλου
2317 2251 2574 2322 Χριστοῦ.
2609 2270 2628 2303 ι
2667 2252 2781 2304 Οὐκ
2806 2249 2973 2322 ἐσμὲν
2993 2245 3085 2304 οῦν
3118 2249 3345 2316 ἑαυτῶν,
3374 2247 3511 2311 ἀλλὰ
3539 2246 3641 2308 τοῦ

377 2329 454 2398 pti
483 2346 699 2398 sumus,
731 2333 798 2388 de
844 2350 984 2388 vana
1016 2345 1206 2391 nostra
1247 2337 1676 2392 conversatione
1716 2349 1961 2406 paterna:
2061 2343 2387 2413 πριαμένου.

378 2422 716 2495 traditionis,
743 2425 835 2480 sed
861 2427 1104 2496 pretioso
1136 2427 1407 2496 sanguine
1430 2427 1589 2496 quasi
1612 2432 2094 2500 agniimmaculati
2125 2434 2332 2491 Christi
2383 2441 2439 2490 et
2495 2433 2913 2490 incontaminati
2947 2433 3011 2487 ³⁸.
3061 2452 3078 2488 ι
3114 2432 3234 2488 Non
3272 2448 3466 2490 sumus
3533 2435 3644 2512 igio

381 2521 470 2564 tur
501 2516 674 2568 nostri
703 2514 882 2584 juris;
919 2517 1014 2572 sed
1043 2518 1185 2587 ejus,
1211 2518 1306 2587 qui
1335 2532 1440 2572 nos
1471 2519 1720 2576 redemit.

450 2603 586 2656 Cum
619 2618 800 2659 autem
853 2606 1134 2660 Christum
1187 2607 1419 2662 dixisset
1452 2616 1614 2663 antea
1649 2625 1808 2666 suum
1859 2627 1958 2682 po-

382 2695 571 2762 pulum
608 2710 730 2750 esse
761 2711 1198 2766 conversurum;
1231 2702 1455 2770 quinam
1509 2706 1546 2760 ii
1605 2716 1814 2772 essent,
1863 2708 1956 2778 qui

383 2786 568 2838 vocari
635 2785 920 2851 deberent,
981 2787 1274 2844 confestim
1327 2792 1560 2858 addidit,
1615 2806 1832 2866 sumpto
1890 2797 1958 2852 ab

384 2872 705 2929 idololatria:
749 2875 1112 2932 deditissimis
1164 2881 1438 2950 exemplo,
1485 2898 1594 2952 quo
1640 2886 1954 2942 liberatoris

382 2966 559 3023 virtus
615 2969 790 3038 magis
827 2969 1175 3026 enitesceret.
1209 2969 1291 3027 Ad
1332 2989 1463 3030 oves
1493 2977 1663 3043 enim,
1718 2993 1838 3047 quae
1867 2994 1962 3049 pe-

2140 2608 2274 2680 [Ispi
2299 2608 2354 2662 δὲ
2377 2607 2471 2661 τοῦ
2535 2607 2771 2678 Χριστοῦ
2820 2608 3138 2678 προειπὼν,
3191 2610 3278 2677 ὅτι
3323 2611 3647 2684 ἐπιστρέψει

2062 2703 2155 2756 τδν
2193 2700 2320 2762 λαὸν
2351 2699 2540 2764 αὑτοῦ,
2594 2699 2798 2763 εὐθέως
2823 2701 3096 2769 ἐπήνεγκε
3119 2701 3265 2766 τίνες
3297 2704 3347 2756 οἱ
3373 2704 3649 2776 κληθησόο

2067 2807 2252 2860 μενοι,
2304 2788 2505 2857 δεῖγμα
2555 2787 2664 2840 τῶν
2716 2787 3116 2860 εἰδωλολατρῶν
3161 2792 3286 2854 τοὺς
3330 2791 3530 2860 ἄκρους
3583 2795 3648 2846 ὲν

2062 2880 2234 2952 ταύτῃ
2251 2879 2432 2932 λαϐὼν
2449 2880 2525 2941 είς
2541 2879 2765 2944 ἔνδειξιν
2784 2881 2878 2948 τῆς
2897 2878 2990 2932 τοῦ
3015 2881 3316 2946 σεσωκότος
3337 2882 3645 2954 δυνάμεως.

2080 2971 2385 3042 Ἀπεστάλη
2442 2970 2542 3040 μὲν
2589 2970 2697 3040 γὰρ
2750 2971 2886 3041 πρὸς
2921 2971 2988 3023 τὰ
3021 2971 3339 3026 ἀπολωλότα
3396 2975 3650 3043 πρόϐατα

707 3029 734 3038 ν
1448 3029 1455 3030 ί
1550 3029 1557 3030 ί
1648 3029 1663 3043 ν
1724 3029 1835 3047 1'"
1867 3029 1930 3049 r'

385 3059 593 3112 rierant
629 3059 696 3113 dc
757 3061 919 3115 domo
951 3060 1140 3128 lsrael,
1203 3065 1410 3122 missus
1465 3076 1583 3121 erat
1610 3071 1827 3138 quidem
1883 3071 1961 3138 ³⁹;

2069 3062 2222 3114 οἴκου
2269 3029 2509 3131 Ἰσραηλ.
2706 3060 2762 3114 δὲ
2795 3029 3184 3116 ’ἀπελάκτισεν
3207 3065 3235 3116 ὁ
3287 3029 3649 3149 ἠγαπημένος

380 3151 479 3201 'sed
508 3149 597 3201 ubi
628 3149 820 3203 eodem
853 3152 1131 3206 trucidato
1163 3156 1537 3211 recalcitravit
1567 3159 1822 3221 dilectus.
1853 3169 1965 3214 sta-

385 3241 480 3293 tim
510 3241 762 3308 gentibus
791 3242 988 3297 illuxit.
1015 3243 1278 3315 Intelligit
1304 3259 1485 3302 autem
1515 3264 1612 3316 per
1645 3248 1963 3320 Ait/iiopum

385 3328 806 3398 negotiationem,
827 3329 1213 3407 Thebanorum
1236 3335 1418 3401 urbes,
1439 3338 1644 3406 quibus
1679 3351 1732 3394 et
1764 3341 1844 3395 illi
1872 3341 1965 3397 ad-

378 3421 586 3489 jacent,
617 3423 704 3490 qui
737 3420 959 3484 Sabaim
988 3426 1366 3481 neminantur.
1423 3427 1550 3483 Ideo
1597 3446 1761 3500 porro
1818 3434 1964 3488 labo-

382 3530 529 3568 raase
557 3515 709 3576 dicit,
733 3517 878 3585 quod
903 3518 1280 3574 acerbissimis
1307 3521 1556 3590 tyrannis
1601 3522 1948 3592 inservirent,

383 3620 410 3658 a
438 3606 639 3674 quibus
673 3622 862 3659 eorum
894 3607 1052 3662 liberi
1079 3609 1132 3662 in
1163 3608 1432 3686 idolorum
1471 3614 1804 3668 sacriﬁcium
1844 3617 1962 3671 exi-

380 3697 688 3767 gebantur:
727 3698 832 3761 vel,
869 3707 928 3754 ut
958 3699 1238 3770 ingentem
1266 3703 1437 3759 fuisse
1463 3719 1653 3761 eorum
1692 3708 1960 3777 supersti-

383 3793 586 3846 tionem
621 3790 915 3855 indicaret,
943 3807 1064 3862 qua:
1089 3801 1348 3862 superata
1378 3794 1432 3852 in
1467 3796 1723 3864 pietatem
1769 3799 1957 3852 abivit.

383 3883 485 3937 Est
504 3883 646 3936 enim
681 3881 734 3936 id
767 3897 930 3937 omne
955 3883 1262 3948 sublatum,
1296 3883 1443 3954 quod
1475 3884 1566 3940 isti
1596 3885 1956 3956 repugnabat.

379 3974 546 4030 Nam:
595 3992 613 4026 ι
653 3973 755 4030 Ubi
787 3975 1088 4030 abundavit
1133 3985 1447 4046 peccatum,
1490 3976 1959 4046 superabundavit

377 4076 432 4121 et
467 4067 642 4136 gratia
673 4066 752 4122 “z
789 4085 808 4118 ι
857 4082 982 4122 cum
1037 4068 1240 4139 ubique
1293 4069 1438 4139 apud
1492 4085 1589 4126 eos
1627 4077 1958 4127 constrch

376 4158 642 4224 ecclesiae,
683 4167 831 4213 tanta
862 4161 1288 4226 monachorum,
1317 4169 1466 4216 tanta
1502 4160 1774 4232 virginum
1800 4177 1958 4218 exer-

375 4251 696 4306 citationum
734 4253 1014 4308 laboribus
1048 4252 1480 4307 incumbentium
1521 4250 1774 4306 examina
1832 4267 1956 4306 cer-

2073 3156 2399 3220 ἀποκτείνας
2425 3155 2612 3219 αὐτὸν,
2669 3153 2982 3224 ἐπέλαμψεν
3038 3154 3236 3208 αὐτίκα
3275 3160 3388 3219 τοῖς
3411 3157 3648 3212 ἔθνεσιν.

2067 3249 2362 3303 Αἰθιόπων
2387 3247 2444 3299 δέ
2494 3262 2659 3315 φησιν
2686 3247 2997 3314 ἐμπορίαν,
3028 3246 3124 3308 τὰς
3148 3246 3400 3316 Θηϐαίων
3439 3249 3644 3322 πόλεις,

2067 3334 2148 3402 οἷς
2164 3337 2353 3407 ὅμοροι
2384 3337 2660 3403 Σαϐαείμ.
2705 3336 3076 3389 Ἐκοπίασαν
3112 3337 3167 3389 δὲ
3200 3341 3414 3407 πικροῖς
3445 3339 3648 3408 τυράν-

2067 3446 2178 3492 νοις
2236 3426 2607 3492 δουλεύοντες,
2640 3427 2721 3490 sic;
2766 3425 2958 3489 θυσίας
3015 3427 3258 3480 αἰτοῦσιν
3296 3429 3444 3490 υἱοὺς
3465 3429 3648 3482 αὐτῶν

2067 3522 2161 3573 κα)⁸
2191 3518 2522 3589 θυγατέρας⁹
2553 3518 2724 3588 ἡγουν
2743 3517 2804 3569 τὸ
2833 3516 3048 3571 εὔτονον
3073 3519 3250 3572 αὐτῶν
3270 3520 3367 3589 τῆς
3391 3520 3649 3584 ἀσεϐείας

2067 3610 2336 3669 ἐνέδωκεν,
2375 3609 2610 3680 ἡττηθὲν
2649 3610 2731 3672 είς
2757 3608 3064 3662 εὐσέϐειαν.
3111 3610 3340 3680 Διελύθη
3371 3610 3482 3681 γὰρ
3521 3612 3649 3665 ὅσον

2066 3699 2212 3773 εἶχον
2241 3703 2377 3774 πρὸς
2408 3702 2612 3773 ταύτην
2645 3702 2982 3756 ὲνστατικόν.
3028 3721 3047 3754 ι
3076 3695 3152 3755 Ob
3184 3703 3294 3771 γὰρ
3317 3703 3647 3774 ἐπερίσσευ-

2068 3812 2158 3847 σεν
2186 3795 2218 3865 ἡ
2251 3793 2519 3863 ἁμαρτία,
2545 3793 3088 3863 ὑπερεπερίσσευσεν
3119 3795 3150 3863 ὴ
3180 3795 3362 3864 χάρις,
3389 3813 3408 3846 ι
3441 3811 3649 3848 παντα-

2065 3881 2163 3952 χοῦ
2219 3881 2628 3952 καθιδρυμένων
2654 3883 2711 3934 ὲν
2741 3881 2954 3944 τούτοις
3015 3881 3344 3952 ἐκκλησιῶν,
3371 3884 3648 3937 τοσούτων

2063 3990 2124 4026 τε
2159 3974 2290 4046 παρ’
2321 3975 2508 4036 αὐτοῖς
2571 3973 2866 4044 ὁρωμένων
2921 3973 3205 4043 μοναστῶν
3237 3974 3328 4026 καὶ
3357 3973 3648 4044 παρθένων

2063 4064 2246 4128 πόνοις
2279 4063 2646 4117 ὲναθλούντων
2678 4063 2983 4134 ἀσκήσεως.
3013 4063 3325 4130 Ὑψηλοὺς
3371 4063 3427 4116 δέ
3480 4080 3646 4133 φησιν

2063 4161 2279 4224 αὐτοὺς,
2330 4159 2407 4221 ὡς
2429 4159 2736 4228 ἐπισήμους
2768 4159 2828 4210 ὲν
2856 4156 3165 4230 δυσσεϐείᾳ.
3211 4157 3568 4226 Χειροπέδας
3586 4158 3647 4213 δὲ

2061 4251 2130 4304 τὰ
2147 4251 2320 4320 δεσμὰ
2369 4249 2469 4319 τῆς
2500 4249 2725 4318 ἀγάπης
2775 4251 2952 4312 καλεῖ,
2989 4250 3082 4301 καὶ⁸
3108 4249 3205 4312 τὰς
3241 4249 3344 4318 τῆς
3371 4249 3645 4317 φιλοθεῒας

376 4345 599 4396 nantur.
629 4337 881 4394 Excelsa:
921 4349 1102 4404 autem
1125 4355 1224 4396 eos
1259 4338 1418 4400 dicit,
1473 4347 1734 4408 tanquam
1771 4339 1958 4408 impie-

2067 4339 2271 4408 σειρὰς,
2296 4337 2371 4402 ὡς
2396 4337 2595 4406 λέγειν’
2639 4356 2658 4388 ι
2681 4337 2776 4400 Τίς
2797 4339 2942 4408 ἡμᾶς
2977 4337 3211 4408 χωρίσει
3238 4337 3346 4393 ἀπὸ
3385 4338 3483 4407 τῆς
3510 4338 3649 4405 ἀγά-

375 4435 486 4482 tate
523 4439 578 4484 et
613 4430 1005 4498 superstitione
1055 4429 1288 4489 nobiles.
1342 4427 1570 4493 Deinde,
1628 4430 1959 4484 manicarum

2067 4445 2176 4498 πης
2189 4427 2284 4480 τοῦ
2314 4426 2574 4500 Χριστοῦ,
2602 4446 2620 4478 ι
2649 4430 2728 4490 είς
2751 4427 2810 4480 ὃν
2836 4427 3054 4498 ἔρχεται
3087 4429 3196 4480 πᾶν
3220 4428 3394 4497 πέρας
3417 4426 3641 4495 εὐχ·ἦς;

375 4521 615 4585 nomine,
664 4521 977 4577 dilectionis
1025 4521 1271 4584 vincula,
1303 4520 1584 4591 divinique
1619 4522 1822 4575 amoris
1861 4537 1955 4575 ca-

376 4620 534 4666 tenas
565 4612 837 4684 intelligit.
868 4611 1112 4682 Indeque
1141 4613 1273 4667 illud
1326 4621 1432 4677 est,
1464 4609 1609 4682 quod
1656 4611 1952 4666 scribitur:

381 4719 400 4752 ι
437 4700 573 4766 Quis
628 4718 730 4758 nos
777 4704 1053 4774 separabit
1083 4719 1110 4756 a
1147 4703 1442 4766 dilectione
1497 4703 1700 4758 Christi
1733 4702 1798 4769 ",
1842 4722 1860 4755 ι
1899 4703 1954 4758 in

2078 4517 2167 4572 Ἐν
2197 4517 2420 4589 Χριστῷ
2443 4517 2550 4588 γὰρ
2572 4519 2833 4589 αἰτοῦμεν
2855 4519 3004 4587 παρὰ
3029 4517 3123 4571 τοῦ
3184 4518 3427 4589 Πατέρος
3455 4517 3525 4570 τὰ
3557 4518 3645 4569 αί-

2055 4610 2308 4682 τίλματα,
2343 4609 2404 4662 ὃν
2434 4611 2594 4679 ἔχων
2625 4611 2696 4663 ὲν
2743 4607 2957 4675 ἐαυτῷ,
3019 4608 3165 4676 Θεὸς
3216 4609 3421 4680 ὁμοίως
3470 4609 3642 4674 ἐστὶν,

2063 4701 2209 4756 καθά
2227 4718 2410 4774 φησιν’
2440 4721 2459 4754 τ
2493 4701 2550 4756 '0
2568 4701 2832 4773 ἑωρακὼς
2855 4703 2979 4772 ἐμὲ,
3002 4701 3215 4772 ἑώρακε
3245 4701 3336 4756 τὸν
3365 4701 3637 4772 Πατέρα.ι

383 4804 546 4858 quem
575 4793 757 4846 omnis
788 4793 1023 4858 precatio
1058 4792 1302 4848 desinit?
1336 4793 1390 4846 in
1427 4792 1648 4848 Christo
1683 4793 1951 4859 siquidem

2073 4793 2215 4862 Ἐγὼ
2235 4793 2330 4847 καὶ
2351 4794 2380 4845 ό
2410 4794 2600 4862 Πατὴρ
2624 4793 2682 4846 ’έν
2705 4795 2894 4864 ἐσμεν.
2923 4812 2944 4846 ι

263 4954 265 4956 η
375 4892 497 4952 quae
524 4900 553 4937 a
585 4883 748 4939 Patre
772 4886 1027 4950 petimus,
1061 4887 1425 4955 postulamus,
1457 4903 1614 4958 quem
1639 4886 1803 4960 520
1829 4903 1951 4942 cum
1991 4904 2046 4951 in
2075 4905 2131 4942 se
2158 4888 2369 4954 habeat,
2393 4901 2446 4944 et
2472 4888 2616 4943 Deus
2657 4889 2728 4943 sit
2756 4904 2977 4962 quoque
3006 4904 3235 4946 necesse.
3294 4897 3413 4956 est,
3482 4889 3640 4959 juxta

375 4978 540 5034 illud:
582 4997 600 5031 ι
635 4976 740 5045 Qui
769 4980 916 5034 videt
947 4995 1053 5043 me,
1082 4980 1227 5036 videt
1255 4990 1307 5036 et
1345 4978 1561 5036 Patrem
1593 4979 1659 5035 “.
1697 5000 1715 5032 ι
1779 4999 1798 5034 ι
1838 4979 1950 5053 Ego
1992 4990 2046 5037 et
2067 4980 2226 5038 Pater
2269 4998 2436 5039 unum
2477 4997 2668 5038 sumus
2699 4983 2765 5038 “.
2807 5000 2826 5034 ι

453 5067 680 5139 Deinde,
713 5072 857 5142 quod
889 5073 941 5126 iu
974 5081 1020 5128 te
1044 5073 1205 5137 Deus,
1225 5090 1271 5127 et
1290 5089 1393 5128 non
1412 5083 1490 5128 est
1520 5072 1657 5128 Deus
1681 5085 1873 5142 praeter
1897 5084 1964 5148 te,

376 5162 534 5230 dixit,
561 5166 772 5236 aequale
801 5175 887 5222 est
917 5167 1064 5234 huic,
1093 5166 1438 5223 rEtVerbnm
1465 5175 1584 5221 erat
1604 5167 1747 5237 apud
1769 5167 1960 5234 Deum,

378 5264 435 5308 et
463 5255 606 5312 Deus
628 5265 746 5313 erat
771 5259 1004 5315 Verbum
1033 5259 1130 5313 ⁸⁸.»
1157 5257 1424 5316 Praeterea
1450 5258 1831 5329 paenitendum
1861 5271 1958 5312 vo-

380 5361 500 5404 cem
534 5351 875 5420 exprimunt,
921 5368 1042 5425 qua:
1070 5353 1157 5408 bis
1207 5352 1426 5408 verbis:
1477 5347 1549 5413 Et
1577 5348 1954 5413 nesciebamus,

2149 5077 2222 5130 Τὸ
2271 5075 2348 5142 δὲ,
2392 5077 2488 5129 Ἐν
2516 5075 2614 5130 σοι
2643 5077 2809 5142 Θεὸς,
2832 5075 2930 5142 καὶ
2972 5077 3086 5130 οὐκ
3145 5075 3277 5130 ἐστι
3300 5075 3447 5144 Θεὸς
3475 5073 3642 5139 πλὴν

2073 5169 2210 5236 σοῦ,
2245 5169 2647 5240 ίσοδυναμείτῷ
2662 5183 2676 5199 ο
2713 5187 2733 5219 ι
2764 5167 2873 5221 Καὶ
2895 5169 2923 5218 ό
2947 5168 3118 5236 Λόγος
3142 5161 3209 5234 ἦν
3233 5167 3367 5237 πρὸς
3381 5166 3472 5220 τὸν
3491 5162 3641 5231 Θεὸν,

2066 5260 2162 5314 καὶ
2188 5260 2318 5324 Θεὸς
2335 5256 2404 5333 ἦν
2423 5261 2451 5313 ὁ
2472 5259 2664 5326 Λόγος.
2697 5277 2716 5311 ι
2739 5258 3161 5313 Μετανοούντων
3177 5257 3232 5310 δὲ
3255 5257 3405 5327 φωνὴ
3434 5257 3513 5321 τὸ,
3545 5255 3644 5315 καί

2063 5350 2176 5404 οὐκ
2197 5349 2453 5420 ᾔδειμεν.
2484 5349 2550 5403 Οἳ
2581 5349 2675 5402 καὶ
2696 5346 3049 5419 ὁμολογοῦσιν
3081 5348 3243 5403 αὐτὸν
3267 5345 3510 5416 Σωτῆρα
3537 5343 3645 5397 τοῦ

455 5480 689 5554 'f_Psal.
740 5502 911 5549 χχχιι.
942 5487 995 5541 6.
1073 5489 1119 5521 ³⁸
1158 5489 1302 5554 Psal.
1343 5503 1461 5553 cm,
1497 5487 1585 5544 i9.
1662 5489 1707 5522 ³⁵
1740 5481 1958 5554 Ρεοιηια

2071 5478 2179 5546 ,16.
2215 5485 2260 5520 ³ο
2292 5484 2497 5542 Jerem.
2535 5502 2693 5554 χχιιι,
2721 5485 2778 5550 5.
2855 5484 2944 5540 "l
2975 5484 3126 5548 Petr.
3157 5499 3217 5554 It.
3248 5485 3302 5541 5.
3379 5486 3425 5518 ³⁸
3450 5484 3468 5540 Ι
3491 5482 3639 5554 Pete.

389 5567 431 5628 ξι
471 5551 566 5628 .13.
599 5551 686 5607 19-
736 5556 806 5628 _”
836 5552 1240 5619 Maurum”.
1278 5560 1321 5591 ιο
1349 5551 1508 5614 Rom.
1540 5575 1594 5628 ν,
1640 5557 1731 5613 eo.
1844 5555 1886 5588 ιι
1923 5553 1961 5608 u

2069 5594 2086 5611 .
2134 5570 2252 5624 vm,
2315 5556 2405 5613 35.
2526 5557 2572 5592 “
2619 5551 2778 5614 Joan.
2827 5572 2937 5621 τιν,
2995 5555 3046 5611 9.
3151 5551 3201 5588 ⁸³
3250 5553 3406 5612 Joan.
3447 5571 3511 5626 ι,
3549 5551 3642 5609 $0.

393 5621 439 5654 “
461 5619 623 5678 Joan.
663 5638 701 5689 ι,
735 5624 788 5677 3.
