4032 6218
381 245 529 313 2429

1525 246 2056 308 COMMENTARII
2097 245 2179 306 IN
2219 246 2507 308 ISAIAM.

3503 241 3646 313 25.30

399 363 666 450 Ἰσραὴλ,
697 364 772 429 ὡς
805 365 970 419 πάλαι
991 365 1306 420 σεσωκότα
1372 363 1478 416 τὸν
1509 362 1770 432 Ἰσραήλ·
1792 363 1960 433 ἤγουν
1990 417 1993 425 ,

2093 364 2400 435 ,djiciuntur
2434 383 2448 418 :
2499 363 2708 433 quibus
2744 360 3058 416 salvatorem
3093 355 3313 410 Israelis
3357 370 3483 412 eum
3528 370 3648 410 esse

385 455 596 525 Ἰσραὴλ
613 441 844 526 ληπτέον
860 455 952 508 νῦν
977 455 1064 508 τον
1081 455 1292 523 ὁρῶντα
1310 455 1462 507 θεὸν.
1501 471 1519 505 t
1543 453 1614 504 Ού
1634 452 1742 523 γὰρ
1765 452 1967 517 πάντες

383 548 435 600 οἱ
459 546 518 612 ἐξ
561 545 839 615 Ἰσραὴλ,
869 540 1017 601 οῦτοι
1059 547 1303 617 Ἰσραήλ.
1347 563 1365 597 ι
1400 547 1460 598 Ui
1493 544 1548 598 δὲ
1578 543 1968 614 ἀνθεστηκότες

387 639 562 711 αὐτῷ,
605 640 704 709 τὴν
731 637 897 692 αὐτοῦ
931 639 1006 709 μὴ
1032 637 1392 708 ἀδικήσαντες
1413 635 1597 700 δόξαν,
1630 621 1966 704 αἰσχύνονέ

387 746 504 783 ται⁹
529 729 741 783 ἔσονται
769 730 877 803 γὰρ
915 731 994 792 εἰς
1019 729 1211 799 ὅρασιν
1230 729 1378 798 πάσῃ
1407 727 1593 798 σαρκί.
1629 727 1762 780 Ἀπὸ
1780 727 1836 780 δὲ
1854 725 1973 779 τῶν

392 822 730 890 Αἰγυπτίων
791 822 887 874 καὶ
923 819 1032 873 τῶν
1079 820 1318 891 ὁμόρων,
1365 820 1459 872 ἐπὶ
1495 819 1558 872 τδ
1599 817 1834 871 καθόλου
1865 818 1974 872 τῶν

395 913 564 967 ἐθνῶν
585 913 674 967 τὸν
689 911 847 981 λόγον
864 914 1130 984 ἀνήγαγε,
1155 912 1391 981 νήσους
1406 911 1586 965 καλῶν
1604 911 1703 975 τὰς
1725 910 1784 975 ἐξ
1802 910 1974 965 ἐθνῶν

409 1003 731 1075 Ἐκκλησίας
747 1003 855 1057 τῶν
868 1005 1136 1072 ’ἐγκεκαιν
1147 1021 1197 1056 ισ
1205 1004 1381 1074 μένων
1403 1005 1483 1066 εἰς
1497 1003 1790 1071 καινότητα
1806 1000 1970 1071 ζωῆς,

397 1097 754 1168 ἀποθεμένων
782 1097 878 1169 τὴν
896 1096 1256 1168 παλαιότητα,
1276 1095 1490 1149 Παύλου
1523 1094 1971 1166 προστάττοντος·

409 1188 738 1241 Ἐκδύσασθε
802 1188 891 1241 τὸν
951 1187 1182 1242 παλαιὸν
1256 1187 1573 1258 ἄνθρωποψ
1646 1187 1739 1239 καὶ
1791 1185 1973 1240 π’άλινο

407 1279 732 1333 Ἐνδύσασθε
790 1281 882 1333 τὸν
910 1281 1033 1334 νέον
1057 1281 1146 1334 τὸν
1167 1278 1626 1350 ἀνακαινούμενον
1657 1277 1774 1332 κατ’
1794 1278 1980 1331 εἰκόνα

398 1371 492 1424 τοῦ
546 1372 833 1436 κτίσαντος
856 1373 1038 1426 αὐτόν.
1073 1372 1186 1426 Καὶ
1216 1371 1377 1426 πάλιν
1400 1387 1415 1402 ο
1464 1368 1882 1425 Ἀνακαινοῦσθε
1911 1371 1978 1439 τῇ

400 1461 766 1514 ἀνακαινώσει
815 1463 908 1514 τοῦ
949 1462 1067 1526 νοὸς
1119 1461 1294 1532 ὑμῶν.
1340 1459 1765 1531 Ἐγκιιινισμὸς
1800 1455 1892 1513 οῦν
1914 1459 1983 1512 τὰ

403 1553 524 1605 καθ’
560 1554 720 1621 ἡμᾶς,
750 1571 768 1604 ι
802 1552 950 1616 εἴτις
977 1555 1033 1606 ἐν
1055 1553 1274 1625 Χριστῷ
1293 1552 1666 1624 καινὴκτίσις.
1703 1571 1722 1604 ι
1751 1551 1906 1612 Τινὲς
1926 1551 1982 1604 δέ

403 1644 509 1697 ἀπὸ
529 1644 644 1708 τοῦ,
666 1643 753 1713 μὴ
775 1647 809 1698 ὁ
833 1643 1139 1712 ἀροτριῶν,
1152 1643 1324 1708 οὕτως
1339 1642 1678 1714 ἐξηγήσαντο
1702 1659 1715 1672 ·
1738 1639 1981 1712 Παραϐο-

402 1734 570 1799 λικῶς
602 1737 973 1806 προτρέπεται
1008 1736 1207 1798 αὐτοὺς
1229 1735 1579 1805 δικαιοσύνης
1611 1734 1799 1804 φέρειν
1843 1749 1980 1802 καρ-

402 1827 557 1889 πούς.
605 1826 799 1880 Θέλετε
857 1827 964 1896 γάρ
992 1843 1081 1896 με,
1122 1828 1276 1895 φησὶ,
1314 1826 1475 1895 μόνον
1511 1821 1797 1894 ἀροτριᾷν
1827 1821 1980 1892 ὑμῶν

395 1917 502 1980 τὰς
525 1917 724 1988 ψυχὰς,
747 1916 960 1988 καρπὸν
981 1917 1186 1988 μηδένα
1213 1917 1570 1988 παρέχοντες.
1595 1910 1981 1968 Εἷταπαιδεύει

405 2011 603 2074 αὐτοὺς
633 2013 746 2077 τοῖς
775 2012 868 2064 τοῦ
904 2010 1038 2064 Θεοῦ
1076 2010 1204 2082 περὶ
1228 2011 1336 2063 τῶν
1357 2008 1527 2064 ἐθνῶν
1555 2009 1725 2061 εἴκειν
1761 2007 1984 2077 βουλεύ-

409 2118 563 2171 μασι,
595 2101 748 2171 mite
781 2102 982 2171 πηλοῦ
1008 2101 1403 2171 ἅνθισταμένου
1433 2100 1512 2166 τῷ
1539 2101 1801 2166 πλάστῃ,
1846 2101 1983 2170 μήτε

406 2193 602 2246 τέκνου
654 2193 885 2264 πατέρα
940 2193 1241 2258 κωλύοντος
1296 2192 1328 2265 ἢ
1371 2191 1595 2262 μητέρα
1659 2175 1984 2254 σπεύδοντας

409 2285 550 2358 προς
610 2285 786 2340 ἄλλων
844 2287 972 2340 υίῶν
1016 2286 1394 2349 παιδοποιίαν,
1454 2284 1588 2355 μηδέ
1629 2282 1835 2354 μέμψιν
1893 2282 1988 2335 ἐπὶ

409 2379 584 2450 τούτῳ
607 2379 1000 2451 προσάγοντος.
1034 2379 1092 2432 Ὀ
1115 2380 1346 2449 ποιήσας
1373 2378 1448 2443 δὲ,
1477 2377 1632 2446 φησὶ,
1656 2375 1727 2429 τὰ
1746 2375 1991 2445 ἐπερχό-

406 2489 562 2541 μενα
623 2473 714 2525 διὰ
751 2473 851 2542 τῆς
905 2471 1291 2541 προγνώσεως,
1335 2468 1602 2524 δυσωπῶν
1654 2469 1850 2533 αὐτοὺς
1912 2469 1991 2532 εἰς

412 2560 737 2628 κατανόησιν
791 2560 890 2629 τῆς
927 2560 1063 2620 ἰδίας
1110 2559 1417 2628 δυνάμεως.
1452 2558 1636 2611 Ἔστω
1665 2560 1796 2628 γὰρ,
1831 2559 1989 2628 φησὶ,

415 2649 686 2704 ποιοῦντι
734 2651 877 2721 ὑμᾶς
920 2651 1017 2705 καὶ
1063 2650 1392 2706 πλάττοντι
1433 2651 1493 2704 ού
1525 2650 1992 2721 παρηκολουθείτε

412 2743 479 2811 τῇ
504 2740 734 2809 γνώσει⁶
767 2741 839 2813 μὴ
862 2743 956 2795 καὶ
1003 2742 1427 2813 προαγορεύοντι
1451 2742 1520 2796 τὰ
1545 2742 1808 2812 μέλλοντα
1863 2741 1992 2794 ἁπι-

415 2833 641 2904 στήσετε
671 2849 686 2899 ;
728 2833 872 2886 κατὰ
895 2834 1058 2906 μέρος
1103 2835 1204 2905 μὲν
1248 2832 1357 2906 γὰρ
1378 2834 1668 2903 γίνεταιτὰ
1697 2833 1956 2904 γινόμενα
1977 2851 1991 2865 ’

415 2924 586 2996 ἀθρόα
609 2925 664 2978 δέ
691 2925 842 2994 αὐτῷ
866 2925 1190 2996 ω’ὴγνῶσίς
1225 2928 1344 2978 ἐστι
1370 2927 1500 2996 παρ’
1543 2925 1689 2996 ἐμοί.
1743 2925 1888 2996 Πλὴν
1921 2926 1994 2994 μὴ

2071 448 2331 527 tanquam
2391 455 2484 526 qui
2535 456 2720 525 ipsum
2769 455 2899 509 olim
2975 451 3230 514 servarit,
3299 448 3644 517 proﬁtentur.

2068 545 2185 602 Nisi
2246 546 2407 602 malis
2461 561 2611 601 nunc
2663 545 2886 599 lsraelis
2931 543 3314 613 appellatione.
3377 539 3647 608 eum.qni

2043 639 2242 694 ‘Deum
2276 638 2482 704 videat,
2527 636 2824 707 signiﬁcari
2885 643 3100 706 putare,
3126 648 3248 687 cum
3299 646 3409 686 non
3458 645 3650 685 omnes

2071 748 2196 789 esse
2239 732 2543 796 lsraelitas,
2580 730 2675 800 qui
2722 743 2786 782 ex
2827 726 3032 783 lsraele
3083 732 3235 789 sunt,
3271 724 3547 780 scribatur
3581 720 3647 774 “.

2074 820 2342 876 Caeterum
2375 821 2469 890 qui
2503 821 2553 875 ei
2603 817 2876 874 adversati
2929 825 3079 879 sunt,
3133 829 3256 869 cum
3305 812 3427 881 eius
3467 812 3655 882 g'oriae

2075 911 2294 968 ofﬁcere
2341 911 2708 980 nequiverint,
2760 905 3170 976 confundentur.
3205 904 3380 958 Erunt
3408 902 3554 958 enim
3598 901 3654 954 in

2077 1015 2432 1072 conspectum
2488 1005 2760 1057 universae
2812 1000 2999 1054 carni.
3055 997 3377 1051 Orationem
3421 1009 3554 1064 vero
3586 993 3656 1048 ab

2081 1092 2349 1164 Egyptiis
2369 1107 2668 1162 eorumque
2695 1090 2890 1145 vicinis
2934 1089 2999 1142 ad
3027 1086 3245 1158 generis
3291 1083 3532 1138 universi
3565 1097 3659 1136 na-

2078 1187 2255 1242 tiones
2285 1185 2584 1249 transtulit,
2623 1200 2746 1239 cum
2771 1182 3070 1236 insularum
3102 1178 3344 1239 nomine,
3391 1173 3658 1229 conﬂatos

2079 1294 2110 1334 e
2153 1278 2410 1347 gentibus
2457 1275 2758 1338 Ecclesias,
2790 1273 2883 1342 qui
2930 1271 3111 1342 posito
3169 1268 3340 1323 veteri
3375 1267 3572 1320 exnvio
3603 1266 3656 1318 in

2079 1369 2207 1424 vitae
2236 1369 2532 1424 novitatem
2562 1351 2806 1420 renovati
2855 1371 3007 1428 sunt,
3056 1377 3181 1416 cum
3225 1359 3390 1413 Paulo
3445 1355 3660 1425 signiﬁ-

2082 1461 2265 1526 cavit;
2306 1458 2387 1512 uti
2416 1467 2652 1512 veterem
2693 1455 2968 1509 hominem
3001 1466 3202 1523 ponere
3250 1448 3342 1518 qui
3371 1461 3572 1500 novum
3593 1442 3660 1498 ad

2083 1549 2362 1606 Creatoris
2409 1547 2702 1616 imaginem
2758 1544 3126 1599 instauratum
3166 1539 3393 1594 induere
3439 1535 3506 1598 “,
3567 1531 3663 1601 qui

2087 1641 2322 1711 denique
2371 1637 2628 1694 renovari
2683 1631 3293 1692 renovationementis,
3341 1629 3573 1696 imperat
3594 1621 3660 1676 ".

2085 1734 2196 1804 Ipsi
2225 1747 2355 1801 ergo
2385 1747 2566 1785 sumus
2603 1727 2862 1790 innovati,
2901 1725 2948 1780 si
2979 1737 3086 1792 qua
3142 1722 3195 1774 in
3247 1718 3470 1774 Christo
3524 1727 3666 1774 nova

2083 1833 2336 1878 creatura
2361 1821 2428 1876 ιθ.
2462 1819 2719 1873 Nonnulli
2753 1833 2782 1871 a
2812 1815 2994 1871 verbis
3025 1813 3167 1875 istis,
3199 1824 3371 1864 nonne
3399 1807 3490 1877 qui
3517 1815 3665 1872 arat,

2081 1912 2158 1967 ita
2196 1911 2498 1980 explicant,
2548 1915 2623 1962 ut,
2663 1906 3029 1962 similitudine
3058 1901 3124 1957 ad
3163 1899 3390 1971 iustitia:
3452 1897 3668 1952 fructus

2084 2004 2327 2059 edendos
2357 1999 2636 2054 adhortari
2681 1997 2873 2051 velint.
2907 1993 3091 2048 Vultis
3133 1991 3278 2046 enim
3319 2002 3426 2052 me,
3465 1986 3666 2054 inquit,

2085 2094 2299 2148 animas
2368 2102 2583 2146 vestras
2673 2101 2831 2141 arare
2897 2091 3150 2148 tantum;
3212 2079 3424 2134 fructus
3485 2083 3668 2136 autem
3711 2133 3722 2142 η,

2086 2187 2268 2244 nullos
2313 2182 2494 2240 edere.
2545 2180 2670 2238 illas
2721 2190 2939 2236 rursum
2990 2172 3086 2231 Dei
3117 2171 3376 2232 consilio,
3425 2166 3568 2239 quod
3602 2165 3671 2222 de

2063 2280 2355 2342 .Gentibus
2390 2277 2592 2342 innuit,
2634 2275 2830 2330 cedere
2868 2268 3165 2341 praecepit;
3223 2262 3458 2336 quando
3498 2276 3673 2330 neque

2091 2373 2260 2427 lutum
2291 2369 2453 2442 ﬁgulo
2485 2379 2789 2438 repugnare
2829 2362 3037 2424 soleat;
3071 2371 3250 2426 neque
3297 2363 3525 2424 patrem,
3577 2361 3670 2405 aut

2091 2468 2312 2520 inatrem
2369 2463 2438 2517 ad
2491 2476 2690 2517 novam
2743 2457 2981 2512 ﬁliorum
3036 2449 3472 2522 procreationem
3515 2444 3671 2500 l'csti-

2091 2565 2288 2614 nantes
2333 2553 2622 2624 impedire,
2669 2561 2904 2618 eamque
2951 2559 3066 2598 rem
3113 2540 3225 2595 illis
3282 2537 3417 2622 vitio
3462 2541 3678 2588 vertere

2093 2649 2260 2707 ﬁlius.
2318 2617 2474 2713 Quod
2523 2652 2707 2697 autem
2745 2617 2968 2695 ventura
3017 2633 3215 2690 fecisse
3252 2617 3411 2693 dixit,
3442 2625 3508 2680 ad
3542 2637 3681 2696 prte-

2093 2739 2384 2796 scientiam
2438 2735 2652 2797 retnlit,
2697 2740 2756 2787 ut
2791 2730 3004 2802 pudore
3044 2725 3285 2784 excitato
3342 2718 3566 2776 eosdem
3610 2714 3680 2770 ad

2049 2899 2051 2902 ,
2095 2849 2209 2898 suae
2236 2829 2460 2886 virtutis
2488 2825 3010 2894 contemplationem
3039 2821 3324 2889 provocet.
3346 2811 3480 2867 Esto
3509 2807 3678 2870 enim,

2097 2923 2314 2993 inquit,
2366 2921 2508 2991 ejus,
2545 2919 2638 2991 qui
2677 2932 2773 2971 vos
2811 2914 2960 2985 fecit,
2992 2918 3046 2966 et
3093 2905 3372 2978 formavit,
3405 2898 3680 2993 cognitio-

415 2986 699 3085 ἀπογνῶτε
750 2986 850 3089 την
909 2986 1207 3089 σωτηρίαν,
1230 3018 1306 3083 ὡς
1333 3018 1398 3072 ἄν
1430 2986 1495 3084 με
1533 2986 1718 3090 λαϐεῖν
1743 2986 1993 3088 ἅμαρτε-αξ

2099 3029 2222 3069 nem
2276 3027 2384 3067 non
2428 3010 2566 3066 estis
2599 3006 2864 3069 assecuti,
2916 3015 3102 3056 annon
3145 3005 3201 3052 et
3249 2995 3300 3050 ei
3361 2993 3552 3054 etiam,
3587 2986 3682 3057 qui

417 3125 595 3172 νοντες
629 3108 702 3179 μὴ
724 3107 1033 3178 δυνάμενοι.

2091 3106 2274 3162 futura
2324 3099 2615 3171 praedicit,
2674 3096 2836 3152 ﬁdem
2886 3085 3286 3160 denegabitis?
3345 3077 3683 3171 Singillatim

419 3200 561 3254 enim
590 3201 770 3255 omnia
795 3215 918 3269 quae
947 3200 1211 3266 existunt,
1252 3199 1557 3256 efﬁciantur
1598 3199 1858 3270 quidem;
1896 3199 1994 3254 sed
2032 3210 2222 3254 eorum
2251 3167 2541 3249 confertim
2573 3198 2687 3243 tota
2724 3186 2856 3240 mihi
2883 3186 2936 3238 in
2961 3183 3222 3253 promptu
3262 3181 3349 3230 est
3420 3167 3680 3240 cognitio.

420 3291 655 3347 Tantum
677 3294 780 3363 ipsi
813 3290 1010 3346 salutis
1044 3264 1332 3360 spem-non
1369 3290 1525 3361 521
1563 3264 1991 3362 abjiciatisv;qui
2030 3303 2100 3344 ne
2134 3300 2366 3357 peccare
2400 3283 2645 3354 quidem,
2674 3277 2822 3350 quod
2890 3290 2978 3329 me
3033 3273 3225 3334 lateat,
3254 3264 3466 3321 valetis.

490 3383 787 3452 Κρείττους
808 3382 864 3434 δὲ
885 3381 1167 3448 γεγονότες
1194 3382 1318 3450 ἐμοὶ
1342 3380 1410 3433 τὰ
1475 3380 1596 3435 καθ’
1638 3381 1834 3444 αὐτοὺς
1871 3381 1994 3433 ἐπι-
2071 3408 2086 3416 ο

421 3474 678 3546 τρέψατε.
735 3473 810 3526 Ού
858 3471 968 3542 γὰρ
1000 3471 1194 3542 δέομαι
1217 3472 1317 3540 τῆς
1350 3473 1407 3537 ἐξ
1427 3471 1580 3542 ὑμῶν
1612 3472 1995 3542 ὑπομνήσεως,

422 3564 496 3625 ὡς
520 3565 583 3618 ἂν
613 3563 773 3626 ὄντας
803 3561 914 3633 ἐμὰ
942 3563 1226 3632 ποιήματα
1253 3563 1343 3614 καὶ
1375 3565 1460 3628 εὶς
1481 3562 1653 3628 υἱοὺς
1683 3562 1779 3616 καὶ
1819 3565 1998 3631 θυγα-

425 3655 596 3724 τέρας
628 3653 1044 3725 λελογισμένους
1094 3651 1326 3718 ἀξιῶσαι
1382 3653 1658 3723 προνοίας.
1715 3651 1848 3706 Οὐδὲ
1893 3652 2001 3721 γὰρ

426 3745 651 3819 ἐμαυτῷ
679 3746 770 3799 τὸν
802 3744 1061 3814 οὐρανὸν
1078 3744 1314 3815 ἐποίησα
1353 3745 1447 3796 καὶ
1483 3744 1582 3815 τὴν
1615 3741 1752 3812 γῆν,
1809 3745 1889 3806 είς
1945 3743 2003 3796 δέ

431 3839 620 3910 χρείαν
672 3836 966 3909 ὑμετέραν.
1006 3837 1118 3890 Καὶ
1146 3835 1447 3904 γινομένων
1486 3834 1730 3906 ἀστέρων
1764 3833 2005 3904 ἐθαύμα-

423 3927 524 3995 -ζον
553 3927 800 3997 ἄγγελοι.
844 3925 1067 3982 Πάντων
1096 3921 1188 3980 οῦν
1211 3925 1304 3978 ὑπ’
1363 3923 1500 3994 ἐμοῦ
1550 3924 2003 3995 κυϐερνωμένων,

432 4021 552 4075 οὐδὲ
602 4020 670 4073 τὰ
734 4020 828 4072 ἐπὶ
905 4019 1010 4089 γῆς
1072 4017 1169 4086 τὴν
1212 4016 1350 4088 ἐμὴν
1395 4015 1656 4084 ἐκφεύγει
1721 4014 2004 4085 διοίκησιν.

435 4111 742 4183 Τοιγαροῦν
764 4111 860 4164 καὶ
879 4110 1074 4179 Κῦρος
1103 4107 1195 4162 ὑπ’
1218 4107 1355 4178 ἐμοῦ
1406 4106 1674 4178 κινηθεὶς,
1713 4107 1814 4160 οὐκ
1846 4105 2010 4170 αὐτὸς

439 4204 515 4260 ὣν
548 4205 796 4276 εὐσεϐὴς,
834 4203 901 4257 τὰ
921 4203 1042 4257 καθ’
1080 4202 1226 4272 ὑμᾶς
1259 4199 1637 4272 διορθώσεται.
1707 4199 1860 4253 Ἐπεὶ
1915 4197 2012 4253 καὶ

439 4297 704 4369 πρότερον
726 4296 869 4366 ὑμᾶς
888 4296 947 4361 ἐξ
965 4294 1295 4364 Αἰγύπτου,
1319 4293 1505 4365 φησὶν,
1533 4291 2013 4362 ἠλευθέρωσα,καὶ

441 4391 558 4453 ταῖς
607 4391 768 4458 ἐμαῖς
809 4387 1080 4458 ἀπείρηκε
1138 4384 1410 4455 μάστιξιν.
1474 4383 1663 4454 Ὑμεῖς
1725 4383 1783 4436 δὲ
1850 4383 2013 4438 πάλιν

442 4482 850 4552 ἁμαρτάνοντες
877 4479 978 4533 ούκ
1025 4475 1298 4532 ἐωύεσθε
1349 4475 1444 4528 καὶ
1521 4473 2015 4545 ματαιοπονοῦντες

443 4573 536 4628 ἐπὶ
559 4576 677 4636 ταῖς
703 4571 911 4626 ἐαυτῶν
937 4569 1271 4638 ἐμπορίαις.
1333 4566 1473 4621 Ἀλλ’
1517 4567 1668 4636 ὅμως
1737 4565 1840 4635 ἐμὲ
1865 4575 1893 4602 ιι
1923 4582 2018 4618 πι-

2172 3373 2276 3429 Ubi
2311 3382 2498 3428 autem
2533 3371 2798 3428 meliores
2830 3361 3160 3426 evaseritis;
3199 3371 3323 3427 quae
3347 3359 3527 3408 vestra
3559 3356 3684 3405 sunt

2098 3467 2236 3522 mihi
2296 3465 2621 3538 permittite.
2677 3460 2798 3518 Non
2843 3456 2990 3514 enim
3037 3459 3217 3508 vestra
3268 3449 3386 3516 ipse
3432 3441 3688 3500 admoni-

2101 3560 2251 3616 tione
2296 3533 2449 3630 vopus
2508 3557 2683 3612 habeo
2730 3563 2792 3610 ut
2833 3557 3103 3613 vestrum,
3139 3559 3282 3616 quos
3311 3542 3430 3611 ipse
3461 3535 3592 3600 feci,
3633 3533 3690 3589 in

2100 3650 2348 3719 ﬁliosque
2395 3656 2446 3701 et
2479 3647 2623 3714 ﬁlias
2658 3640 2938 3711 adoptavi,
2973 3636 3269 3700 recorder,
3306 3641 3539 3698 tneaque
3577 3637 3716 3694 pro-r

2101 3742 2346 3797 videntia
2370 3739 2566 3809 dignos
2597 3735 2868 3798 habeam;
2908 3729 3000 3800 qui
3036 3727 3223 3782 caelum
3257 3724 3316 3778 et
3347 3719 3559 3784 stellas,
3586 3731 3692 3770 an-

2104 3833 2256 3905 gelos
2294 3831 2348 3884 in
2382 3827 2802 3883 admirationem
2826 3822 3125 3891 rapientes,
3161 3824 3461 3882 terramque
3493 3811 3692 3877 ipsam,

2105 3896 2215 3978 non
2255 3921 2310 3975 in
2361 3933 2562 3981 meam,
2615 3913 2711 3971 sed
2759 3913 2814 3966 in
2857 3917 3095 3964 vestram
3131 3903 3423 3958 utilitatem
3450 3896 3694 3954 condidi.

2107 4014 2239 4080 Quae
2259 4011 2442 4068 omnia
2460 4023 2585 4066 cum
2609 4007 2676 4063 ad
2697 4018 2877 4060 meum
2903 4002 3069 4056 unius
3087 3995 3378 4053 arbitrium
3404 3997 3695 4062 regantur,

2108 4079 2218 4160 non
2251 4108 2485 4175 possunt
2512 4112 2634 4170 quae
2669 4097 2723 4154 in
2755 4102 2905 4150 terra
2934 4097 3082 4154 sunt,
3113 4101 3143 4144 a
3193 4097 3415 4140 menon
3465 4079 3701 4135 admini-

2111 4196 2298 4256 strari.
2329 4194 2519 4263 Itaque
2546 4198 2600 4248 et
2621 4189 2788 4261 Cyrus
2821 4187 2940 4258 ipse
2971 4199 3082 4240 non
3106 4182 3175 4238 ab
3207 4179 3336 4244 alio,
3358 4189 3524 4248 quam
3557 4189 3588 4228 a
3612 4185 3701 4227 me

2110 4271 2400 4350 incitatus,
2423 4297 2547 4340 cum
2601 4295 2793 4338 verum
2822 4276 2917 4334 Dei
2949 4273 3156 4330 cultum
3207 4286 3316 4326 non
3356 4271 3700 4338 agnosceret,

2113 4375 2342 4432 afﬂictas
2359 4389 2447 4430 res
2469 4379 2682 4428 vestras
2707 4377 2994 4425 erecturus
3013 4371 3122 4426 est,
3149 4361 3296 4418 sicut
3323 4367 3378 4414 et
3402 4371 3500 4411 vos
3543 4359 3705 4409 antea

2115 4466 2349 4537 .Egypto
2380 4461 2634 4524 liberavi.
2674 4475 2800 4516 cum
2837 4457 2973 4512 meis
3005 4455 3097 4510 illa
3146 4450 3344 4508 cedere
3381 4443 3708 4537 verberibus

2118 4534 2314 4616 coacta
2362 4563 2444 4612 est
2474 4572 2489 4608 :
2545 4567 2645 4607 vos
2675 4558 2856 4608 autem
2892 4560 3115 4608 rursum
3165 4555 3394 4614 peccare
3421 4545 3478 4594 et
3506 4534 3708 4592 vestris

445 4664 770 4726 στεύσαντες
802 4661 954 4728 ἕξετε
990 4659 1198 4724 πάντας
1232 4654 1993 4720 ύποσπόνδουςτοίιςένδόξους

2093 4646 2573 4722 lnegotiationibus
2618 4643 2857 4699 inaniter
2905 4637 3100 4710 agitari
3148 4650 3263 4690 non
3302 4628 3613 4689 destitistis.
3649 4626 3709 4682 In

444 4755 542 4810 καὶ
574 4755 922 4826 φρονήματος
957 4751 1248 4823 γέμοντας,
1315 4749 1412 4804 καὶ
1457 4749 1678 4816 ἀγάπης
1742 4745 2016 4818 δεδεμένοι

445 4845 693 4916 δεσμοῖς
740 4844 1170 4914 καταντήσουσιν
1221 4842 1299 4905 είς
1358 4839 1741 4912 Ἰερουσαλὴμ,
1791 4837 1866 4900 ὼς
1939 4838 2018 4900 είς

2122 4721 2208 4802 me
2239 4753 2420 4800 tamen
2448 4743 2558 4812 iam
2595 4737 2642 4792 si
2673 4734 2922 4798 creditis,
2953 4735 3246 4804 quotquot,
3289 4727 3453 4780 laude
3507 4721 3718 4791 aliqua,

2124 4836 2210 4892 vel
2241 4832 2548 4910 prudentia:
2573 4829 2800 4884 nomine
2835 4825 2971 4880 clari
3019 4828 3172 4885 sunt,
3203 4817 3502 4874 foederatos
3529 4821 3606 4868 ets:
3621 4824 3715 4910 so-

448 4897 758 4996 θεοσεϐείας
791 4897 1196 4996 διδασκαλεῖον,
1221 4930 1319 4983 καὶ
1362 4897 1736 5002 μακαριοῦσίν
1756 4897 1920 4996 ύμέις,
1947 4923 1992 4976 ὼ

2128 4897 2257 4982 εἰοέ
2275 4923 2517 4980 habituri
2545 4920 2708 4986 estis,
2735 4917 2826 4989 qni
2856 4913 3172 4971 dilectionis
3200 4908 3408 4964 vinculo
3437 4897 3713 4998 obstricti,

451 5025 574 5092 Θεῷ
600 5025 681 5092 τῷ
702 5027 868 5096 μόνῳ
913 5025 1337 5094 λατρεύοντας,
1395 5021 1470 5076 ὃν
1519 5020 1786 5092 ἠγνόουν
1832 5016 2024 5071 αὐτοί.

353 5165 362 5171 .
464 5119 649 5190 Ὑμῶν
709 5118 766 5172 δὲ
826 5117 964 5188 πρὸς
1017 5118 1308 5189 μετάνοιαν
1362 5111 1779 5185 ἀμελούντων,ό
1807 5125 2030 5180 μονογε-

2132 5017 2201 5073 ad
2231 5015 2564 5080 Jerusalem,
2605 4987 2869 5080 tanquam
2909 5004 2974 5059 ad
3011 5001 3230 5076 pietatis
3279 4995 3524 5053 scholam
3566 4987 3714 5080 vobis

2134 5108 2259 5165 ideo
2292 5077 2612 5165 occurrent,
2644 5077 2944 5165 beatosque
2976 5090 3376 5164 praedicabunt,
3405 5077 3715 5152 quod,Deo

461 5176 554 5282 θὴς
582 5227 684 5282 μου
734 5176 1184 5282 παρέσταιίΥἱὸς
1234 5176 1673 5277 ἰεροοσαλὴμο
1738 5176 1993 5273 γενόμενα

2136 5198 2238 5255 sali
2270 5194 2541 5257 serviatis,
2567 5207 2719 5262 quem
2753 5188 2856 5258 ipsi
2889 5184 3211 5244 nesciebant,
3256 5176 3353 5230 Sin
3385 5179 3564 5275 autem
3600 5180 3716 5271 ρω-

457 5260 554 5356 κὲιί
582 5260 907 5368 magis;
927 5260 1475 5370 ἰτπροέεύέοζρω
1538 5260 1608 5350 οξ
1647 5260 1902 5366 σφρὶιγῖέι
1933 5308 1993 5346 κο

2137 5291 2316 5346 nitere
2353 5260 2656 5360 negligitis,
2682 5280 2818 5338 mihi
2840 5276 3016 5334 Filius
3042 5287 3152 5332 non
3181 5267 3359 5326 deerit
3400 5260 3718 5335 unigenitus

541 5443 586 5476 "
615 5442 777 5498 Rom.
799 5457 880 5508 Ix,
908 5439 962 5497 6.
1023 5439 1070 5474 “
1092 5437 1304 5496 Coloss.
1337 5451 1418 5502 ιιι,
1449 5433 1504 5497 9,
1535 5429 1622 5486 l0.
1688 5425 1732 5456 "
1761 5424 1962 5496 Ephes.
1991 5441 1993 5448 ·

2095 5418 2186 5475 2‘5.
2253 5417 2299 5450 ⁸⁸
2321 5415 2364 5471 II
2393 5415 2526 5472 Cor.
2554 5427 2611 5483 ν,
2651 5407 2740 5468 17.

3134 5475 3146 5504 ι

1795 5519 2028 5581 ἾΑΠΙΔΕ
2068 5512 2472 5576 LECTIONES.

535 5646 600 5675 ἰ’
629 5662 720 5714 γρ.
749 5641 948 5698 αὐτῶν.
1024 5651 1051 5679 ³³
1088 5638 1174 5701 ῑσ.
1214 5631 1358 5703 hin“
1436 5639 1459 5667 ⁰
1498 5647 1590 5699 ΥΡ⁶
1631 5621 1872 5698 Ἰσραὴλ

2069 5765 2178 5774 -ωσ-
