3976 6220
311 216 447 281 2431

1627 223 1777 283 PRO
1787 221 1990 283 COPII
2017 223 2060 282 G
2075 221 2258 282 ΑΖᾹΞΙ

3411 209 3555 272 2432

316 329 510 395 Israel,
568 325 793 400 ipseque
830 331 1024 399 Iudas,
1059 334 1113 387 in
1164 351 1265 404 quo
1308 335 1554 400 orabunt,
1613 336 1882 405 cujusque

2002 332 2170 403 ίνδρες
2193 333 2420 402 πονηροὶ
2469 332 2564 383 καὶ
2611 329 2868 398 δαίμονες
2930 326 3353 399 ήττηθήσονται.
3390 322 3557 377 Ἰστο-

317 424 476 494 signo
507 432 559 476 et
585 425 836 479 scelerati
883 427 1157 491 homines,
1189 437 1242 483 et
1272 429 1549 484 dannones
1588 428 1692 498 ipsi
1726 443 1884 496 pros-

1989 423 2156 498 ρικῶς
2177 423 2233 477 δὲ
2263 425 2355 476 καὶ
2389 423 2482 475 ἐπὶ
2511 422 2694 492 Κύρου
2718 420 2972 492 ληπτέον,
2999 413 3047 487 ᾧ
3107 417 3225 483 πᾶς
3252 417 3543 470 ἐναντιού-

250 550 256 553 -
319 525 623 570 ternentur.
657 513 932 571 Historice
979 527 1160 572 autem
1209 519 1375 573 etiam
1411 519 1478 573 de
1526 518 1668 589 Cyro
1698 508 1886 572 isthiee

2002 533 2166 580 νενος
2211 514 2706 584 αἰσχυνθήσεται.
2735 513 2846 567 Καὶ
2891 513 2983 565 ἐπὶ
3029 510 3124 564 τοῦ
3155 507 3425 577 Ἰσραὴλ,
3481 508 3560 570 ὡς

316 607 494 675 (cuius
519 607 808 661 adversarii
836 626 1013 664 omnes
1049 610 1458 681 confundentur)
1491 619 1543 666 et
1573 610 1638 665 de
1665 609 1885 672 Israele,
1908 613 1916 626 '

315 697 410 764 qui
448 695 516 748 ab
549 698 750 752 exsilio
785 713 1062 764 reversus,
1105 701 1445 755 reluctantes
1501 714 1690 754 omnes
1721 713 1887 768 supe-

316 797 541 842 raturus
570 797 894 857 est,qneant
918 792 1195 861 usurpari.
1224 792 1488 858 Rursum,
1509 790 1653 862 quod
1683 791 1887 846 insulas

315 879 478 943 dixit,
518 879 821 938 Jerusalem
863 900 972 937 non
1024 884 1183 955 longe
1239 884 1489 939 dissitam
1541 883 1887 954 signiﬁcavit,

316 987 439 1040 qua:
469 973 710 1043 undique
755 975 1058 1030 vicinarum
1109 976 1348 1046 gentium
1399 977 1717 1041 insultibus,
1764 987 1888 1030 tan-o

317 1079 480 1134 quam
514 1064 676 1119 undis
709 1069 1033 1134 agitaretur,
1073 1084 1306 1137 quarum
1337 1068 1672 1135 impietatem
1721 1083 1890 1123 aemu-

317 1155 419 1210 lari
462 1155 658 1211 incolis
692 1158 930 1237 proclive
958 1173 1175 1237 semper
1232 1159 1354 1214 fuit.
1402 1161 1579 1229 Atque
1629 1159 1754 1214 hinc
1784 1169 1888 1224 est,

319 1247 466 1317 quod
484 1263 603 1302 eam
630 1235 900 1318 imprimis
923 1235 1266 1316 adhertatur,
1291 1253 1677 1315 utinnovetnr;
1703 1262 1893 1321 postea

318 1350 451 1390 vero
505 1350 600 1391 eos
633 1382 637 1386 .
667 1337 830 1391 etiam
906 1340 1090 1392 statim
1139 1343 1231 1409 qui
1278 1344 1345 1395 de
1400 1343 1654 1414 gentibus
1694 1342 1894 1410 ubique

317 1427 562 1481 iocorum
597 1426 690 1483 Dei
715 1429 1090 1497 cognitionem
1125 1431 1306 1501 adepti
1338 1443 1485 1487 sunt.
1535 1431 1591 1487 Si
1625 1436 1768 1487 enim
1799 1432 1893 1503 qui

317 1519 488 1574 tantis
531 1519 700 1575 rebus
746 1520 945 1590 dignus
996 1522 1216 1579 habitus
1273 1533 1390 1580 erat
1453 1524 1650 1593 Israel,
1692 1524 1896 1595 Deique

318 1618 548 1664 vocatus
579 1610 746 1674 lilius,
772 1611 1026 1667 desertor
1067 1621 1251 1669 tamen
1284 1615 1530 1685 ejusdem
1577 1615 1892 1688 benignita-

318 1707 428 1754 tem
459 1709 718 1770 expertus
748 1709 854 1767 est,
886 1713 1092 1772 quanto
1116 1707 1288 1775 magis
1321 1715 1375 1760 et
1403 1720 1499 1761 vos
1526 1706 1653 1776 ipsi,
1702 1708 1794 1778 qui
1827 1707 1895 1762 de

316 1788 524 1845 divinis
548 1790 765 1860 legibus
790 1793 921 1845 nihil
958 1793 1284 1848 audivistis?
1312 1793 1501 1848 Insula
1519 1795 1679 1865 522
1703 1811 1896 1851 rursus

321 1880 502 1934 omnis
533 1882 694 1936 etiam
737 1882 918 1935 anima
956 1881 1119 1952 hujus
1151 1885 1274 1938 vita:
1326 1887 1693 1957 voluptatibus
1722 1895 1777 1941 et
1799 1901 1896 1940 cn-

320 1982 510 2021 rarum
566 1970 933 2026 amaritudine
978 1972 1133 2040 prius
1188 1973 1451 2028 inundata
1502 1976 1736 2038 dicatur,
1775 1992 1897 2046 quas

323 2057 434 2127 Deo
467 2059 637 2112 semel
672 2061 877 2130 agnito,
925 2061 1304 2132 peccandique
1361 2064 1551 2119 relicta
1598 2075 1898 2120 consuetu-

322 2149 452 2203 dine
482 2149 693 2205 viribus
718 2153 1016 2222 resumptis
1044 2153 1348 2220 innovatur,
1380 2171 1611 2226 qumque
1646 2157 1715 2212 ab
1746 2158 1894 2212 omni

322 2239 652 2296 confusione
721 2249 972 2309 semota,
1039 2244 1292 2316 deposito
1349 2247 1524 2303 veteri
1578 2245 1892 2314 fermento,

321 2330 528 2386 Christi
561 2331 732 2385 forma
763 2334 1026 2390 induitur.

394 2419 562 2476 Vsus.
601 2422 786 2478 18-26.
823 2423 917 2479 Sic
941 2425 1073 2480 dicit
1108 2427 1386 2492 Dominus,
1421 2431 1512 2500 qui
1536 2433 1656 2502 fecit
1687 2434 1893 2488 cmlunt.

322 2510 431 2565 Iste
451 2511 718 2582 Deus,qui
743 2515 972 2568 ostendit
1005 2525 1223 2585 terram,
1253 2530 1303 2574 et
1333 2521 1453 2589 fecit
1478 2539 1615 2588 eam,
1648 2526 1757 2591 ipse
1786 2525 1898 2579 dis-

325 2601 485 2656 tinxit
517 2619 655 2658 eam.
691 2602 815 2659 Non
844 2606 1052 2675 frustra
1081 2609 1205 2677 fecit
1255 2628 1392 2676 eam,
1443 2613 1535 2667 sed
1585 2624 1640 2667 ut
1685 2615 1898 2671 habita-

323 2701 488 2756 retur,
545 2695 829 2764 plasmauit
883 2715 1032 2757 eam.-
1057 2700 1170 2771 Ego
1217 2719 1335 2756 sum
1374 2704 1650 2770 Dominus,
1700 2716 1749 2760 et
1794 2724 1897 2762 non

323 2792 401 2837 est
441 2784 603 2840 alius.
633 2784 760 2842 Non
801 2792 856 2844 in
888 2789 1199 2848 abscondito
1227 2793 1456 2863 locutus,
1489 2811 1651 2866 neque
1692 2797 1743 2851 in
1783 2798 1897 2854 loco

326 2877 621 2951 tenebroso,
651 2889 762 2937 etc.

1989 605 2382 669 ἐπανελθόντες
2414 607 2479 660 ἐκ
2530 606 2630 677 τῆς
2693 603 3074 674 αἰχμαλωσίας
3118 602 3249 665 τοὺς
3303 601 3561 654 ἀντιστα-

1987 701 2208 766 τοῦντας
2240 703 2573 773 νικήσουσιν.
2622 697 2755 752 Εἶτα
2799 698 3031 764 νήσους
3075 695 3269 763 εἰπὼν,
3292 695 3440 765 δηλοῖ
3463 695 3561 748 καὶ

1988 795 2087 867 τὴν
2118 795 2479 867 Ἰερουσαλὴμ
2502 793 2871 865 συνεχομένην
2895 790 2999 846 ὑπὸ
3033 790 3140 845 τῶν
3187 789 3354 862 αὐτὴν
3403 805 3562 859 περι-

1990 888 2334 943 κυκλούντων
2361 887 2532 942 ἐθνῶν
2557 884 3029 957 περικλυζομένην
3056 901 3158 949 τε,
3197 884 3305 938 τῶν
3341 883 3561 953 οἰκητό-

1993 997 2100 1052 ρων
2126 981 2240 1043 τοῖς
2267 979 2656 1049 ἁμαρτήμασιν
2673 977 2980 1047 ζηλούντων
3001 975 3090 1028 ἀεὶ
3106 975 3204 1054 τὴν
3233 974 3340 1026 τῶν
3353 991 3419 1026 πε
3429 989 3564 1042 ριοι-

1991 1069 2228 1123 κούντων
2255 1068 2526 1122 ἀσέϐειαν.
2571 1066 3006 1138 Προηγουμένως
3055 1059 3149 1118 οῦν
3186 1062 3354 1133 αὐτὴν
3412 1063 3562 1116 ἀνα-

1991 1161 2377 1229 καινισθῆναι
2414 1161 2804 1230 προτρέπεται.
2837 1157 2978 1227 ’Ἤδη
2999 1157 3054 1210 δὲ
3084 1156 3182 1210 καὶ
3243 1155 3420 1208 πάντα
3470 1153 3565 1204 τό·

1993 1272 2092 1307 πον
2121 1252 2288 1305 ἐθνῶν
2349 1251 2448 1321 τὴν
2479 1249 2573 1304 τοῦ
2627 1249 2761 1302 Θεοῦ
2799 1248 3064 1311 λαϐόντας
3118 1247 3432 1315 ἐπίγνωσιν.
3502 1244 3564 1295 El

1993 1344 2102 1415 γὰρ
2126 1344 2154 1395 ὁ
2215 1341 2481 1394 τοσούτων
2519 1340 2770 1406 ἀξιωθεὶς
2794 1339 3036 1406 Ἰσραὴλ
3085 1338 3181 1392 καὶ
3212 1335 3566 1407 χρηματίσας

1994 1437 2108 1500 υίὸς
2132 1434 2373 1498 ἀποστὰς
2418 1434 2574 1500 Θεοῦ,
2639 1432 3051 1503 φιλανθρωπίας
3107 1431 3369 1500 ἠξίωταιι
3409 1428 3568 1498 πόσῳ

2000 1529 2200 1600 μᾶλλον
2237 1528 2396 1598 ὑμεῖς
2423 1528 2474 1580 οἱ
2502 1526 2611 1580 τῶν
2637 1525 2800 1579 θείων
2846 1521 3069 1594 ἀνήκοοι
3107 1523 3317 1592 νόμων;
3368 1520 3570 1588 νῆσος

1997 1619 2054 1673 δὲ
2085 1619 2177 1673 καὶ
2206 1621 2357 1673 πᾶσα
2390 1617 2538 1687 ψυχὴ
2567 1614 3005 1688 περικλυζομένη
3064 1615 3183 1675 ταῖς
3210 1611 3420 1682 ἡδοναῖς
3469 1608 3570 1662 ἁλο

2001 1713 2200 1782 μυραῖς
2247 1727 2306 1762 τε
2353 1708 2674 1778 φαντασίαις
2725 1705 2820 1761 τοῦ
2879 1706 3020 1776 βίου.
3050 1705 3212 1766 Ἥτις
3266 1699 3570 1767 ἐπιγνοῦσα

1997 1801 2130 1856 Θεὸν
2177 1802 2274 1854 καὶ
2317 1800 2642 1872 παυσαμένη
2708 1798 2804 1852 τοῦ
2855 1795 3221 1867 πλημμελεῖν,
3254 1793 3568 1847 ἀνακαινι-

1997 1894 2291 1963 σθήσεται
2334 1894 2435 1956 τὰς
2504 1891 2702 1961 ἑαυτῆς
2773 1888 3118 1944 ἀναλαϐοῦσα
3151 1886 3430 1955 δυνάμεις,
3469 1884 3572 1938 καὶ

1998 1987 2234 2042 παλαιὰν
2256 1986 2433 2056 ζύμην
2455 1982 2787 2053 ἀποθεμένη,
2818 1981 3076 2050 γεγονυῖά
3131 1996 3190 2032 τε
3237 1978 3416 2047 πάσης
3480 1977 3573 2029 αί-

1999 2077 2198 2148 σχύνης
2226 2077 2401 2144 ἐκτὸς,
2434 2074 2530 2130 τοῦ
2551 2072 2789 2147 Χριστοῦ
2845 2072 2943 2144 τὴν
3000 2071 3283 2144 μόρφωσιν
3333 2068 3570 2141 περιφέ-

1999 2186 2191 2242 ρουσα.

2070 2439 2275 2513 ιη’-κς.
2315 2440 2512 2505 Οὕτως
2559 2437 2724 2506 λέγει
2770 2435 2986 2503 Κύριος
3043 2434 3076 2486 ό
3153 2428 3418 2497 ποιήσας
3464 2424 3580 2479 τὸν

1998 2537 2277 2605 οὐρανόν.
2305 2529 2493 2598 Οὗτος
2519 2534 2551 2585 ό
2587 2526 2751 2595 Θεὸς,
2787 2531 2819 2582 ό
2843 2521 3200 2588 καταδείξας
3267 2519 3381 2586 τὴν
3432 2515 3577 2587 γῆν,

1999 2628 2098 2683 καὶ
2129 2626 2390 2694 ποιήσας
2423 2621 2640 2689 αὐτὴν,
2668 2619 2850 2683 αὐτὸς
2883 2615 3161 2683 διώρισεν
3202 2611 3415 2675 αὐτὴν.
3448 2609 3578 2662 Οὐκ

1998 2720 2086 2783 εἰς
2111 2716 2292 2770 κενὸν
2336 2712 2625 2780 ἐποίησεν
2687 2707 2901 2776 αὐτὴν,
2954 2703 3115 2760 ἀλλὰ
3175 2699 3581 2755 κατοικεῖσθαι

1998 2811 2276 2864 ἔπλασεν
2302 2803 2516 2871 αὑτήν.
2549 2799 2700 2870 Ἐγώ
2727 2801 2842 2868 εἶμι
2876 2798 3110 2864 Κύριος,
3143 2793 3242 2846 καὶ
3272 2794 3382 2846 οὐκ
3402 2793 3580 2844 ἐστιν

2001 2898 2108 2952 ἔτι.
2142 2899 2263 2951 Οὐκ
2301 2895 2370 2947 ἐν
2416 2889 2615 2960 κρυφῇ
2651 2887 2986 2956 λελάληκα,
3013 2883 3157 2940 οὐδὲ
3179 2883 3248 2936 ἐν
3278 2882 3439 2946 τόπῳ
3463 2877 3582 2948 γῆς

1922 3007 1965 3065 ο
2005 2985 2312 3050 σκοτεινῷ,
2336 3002 2390 3037 κ.
2414 3000 2465 3036 τ.
2490 2981 2543 3034 λ.

398 3075 558 3146 523
594 3075 803 3134 Ordine
842 3081 944 3136 ista
981 3081 1090 3138 illis
1128 3082 1465 3148 inferuntur,
1505 3085 1706 3153 quibus
1741 3085 1900 3140 inno-

325 3171 443 3221 vari
489 3170 556 3222 ad
603 3185 662 3225 se
709 3172 945 3240 insulas,
975 3183 1174 3245 etquae
1217 3175 1476 3245 deinceps
1519 3184 1706 3230 secuta
1749 3184 1898 3242 sunt,

328 3261 639 3330 imperavit.
683 3261 785 3319 Ubi
825 3267 969 3320 enim
1006 3266 1074 3322 de
1110 3267 1400 3331 Ecclesiis,
1435 3268 1610 3337 deque
1639 3269 1902 3337 apostolis

327 3351 495 3404 verba
539 3351 751 3421 fecerit,
781 3355 914 3409 nihil
959 3373 1012 3410 se
1059 3357 1114 3410 in
1165 3356 1476 3413 abscondito
1517 3358 1747 3413 locutum
1790 3375 1904 3413 esse

329 3439 643 3512 subjunget.
705 3441 916 3500 Interea
973 3458 1105 3500 vero
1167 3445 1234 3500 ad
1295 3455 1460 3501 tantae
1518 3447 1904 3517 promissionis

328 3533 774 3600 persuasionem,
828 3536 922 3592 Dei
977 3536 1135 3591 ﬁdem
1193 3547 1249 3592 et
1295 3539 1680 3593 auctoritatem
1731 3540 1905 3594 inter-

330 3623 550 3690 miscet,
590 3632 645 3680 et
676 3641 786 3696 quo
817 3626 870 3682 in
903 3627 1129 3684 honoris
1160 3631 1331 3700 gradu
1371 3631 1686 3685 mortalium
1728 3646 1902 3700 genus

330 3715 475 3782 apud
523 3717 779 3772 eumdem
831 3718 904 3774 sit
943 3719 1057 3790 (qui
1113 3737 1208 3777 eos
1258 3723 1594 3778 vocationem
1643 3723 1903 3792 consequi

331 3803 628 3859 salutarem
681 3807 937 3879 voluerit)
982 3811 1177 3880 aperit.
1220 3811 1408 3883 Neque
1450 3827 1578 3868 vero
1623 3812 1904 3867 Dominum

332 3895 657 3966 simpliciter
713 3901 990 3969 appellat,
1047 3903 1192 3973 quod
1245 3920 1310 3960 eo
1368 3906 1588 3960 nomine
1639 3906 1792 3959 multi
1849 3906 1903 3959 in

332 3984 464 4039 cazlo
509 3995 562 4040 et
605 3994 746 4040 terra
795 4002 1198 4060 nuncupentur,
1243 3991 1339 4048 sed
1371 4007 1438 4048 ex
1477 3992 1566 4058 iis,
1603 4009 1721 4062 qua:
1754 3993 1901 4059 fecit,

332 4077 593 4146 quidnam
641 4079 760 4148 ipse
808 4081 901 4145 sit,
932 4081 1274 4138 demonstrat
1314 4099 1328 4138 :
1369 4099 1435 4140 ex
1473 4085 1614 4138 caelis
1657 4085 1903 4156 quidem,

2083 3073 2415 3135 Ἀκολούθως
2431 3071 2790 3139 ἐπενήνεκται
2814 3063 2986 3120 ταῦτα
3004 3062 3102 3133 τῷ,
3127 3080 3146 3114 t
3172 3056 3581 3128 Ἐγκαινίζεσθε

2001 3169 2138 3236 πρός
2163 3183 2251 3235 με,
2270 3166 2441 3233 νῆσοι,
2461 3181 2478 3212 ι
2507 3160 2602 3214 καὶ
2620 3161 2730 3221 τοῖς
2749 3157 2898 3227 ἐξῆς.
2930 3155 3065 3226 [Ιερλ⁵
3084 3154 3192 3222 γὰρ
3214 3151 3321 3204 τῶν
3349 3147 3582 3216 Ἐκκλην

2003 3259 2132 3312 σιῶν
2179 3257 2271 3309 καὶ
2298 3255 2405 3307 τῶν
2449 3251 2762 3306 ἀποστόλων
2820 3246 3011 3312 εἰπὼν,
3061 3245 3274 3299 ἐποίσει
3310 3243 3392 3306 τὺ,
3453 3242 3584 3294 Οὐκ

2001 3352 2072 3404 ἐν
2121 3345 2330 3416 κρυφῇ
2391 3345 2536 3414 ὑμῖν
2586 3340 3036 3408 λελαλήκατει).
3079 3337 3166 3401 Ὠς
3221 3335 3277 3389 δέ
3304 3333 3438 3403 πρὸς
3477 3333 3584 3400 τὴν

2002 3441 2271 3510 τοσαύτην
2309 3433 2640 3504 ἐπαγγελίαν
2665 3433 2725 3486 τὸ
2773 3431 3090 3497 ἀξιόπιστον
3141 3425 3439 3496 παρίστησι
3484 3419 3581 3473 τοῦ

2003 3531 2160 3593 Θεοῦ,
2193 3531 2288 3584 καὶ
2309 3528 2552 3582 διδάσκει
2584 3525 2751 3579 πόσον
2794 3521 2941 3590 αῦτῷ
2970 3519 3266 3588 τετίμηται
3329 3515 3438 3567 τῶν
3479 3514 3583 3566 άν-

2005 3623 2240 3694 θρώπων
2271 3618 2330 3672 τὸ
2363 3618 2541 3686 γένος,
2565 3615 2640 3678 ὡς
2663 3613 2759 3667 καὶ
2784 3611 3029 3688 κλήσεως
3065 3605 3336 3677 σωτηρίου
3371 3603 3580 3671 τυχεῖν.

2005 3715 2114 3768 Καὶ
2134 3713 2230 3781 οὐχ
2253 3709 2462 3772 ἁπλῶς,
2488 3707 2722 3774 Κύριος,
2748 3703 2882 3773 ιρησῖ¹
2907 3700 3172 3772 (πλεῖστοι
3201 3697 3311 3767 γὰρ
3335 3695 3584 3762 λέγονται

2002 3805 2210 3876 ψευδῶς
2240 3798 2578 3870 ἐνοὺρανῷ,
2613 3798 2707 3851 xui.
2741 3795 2809 3850 ἐν
2835 3793 2960 3864 τῇ),
2986 3792 3099 3846 ἀλλ’
3124 3793 3151 3844 ὁ
3192 3790 3258 3843 δι’
3288 3781 3363 3842 ὧν
3391 3783 3586 3853 ἐποίη-

2007 3915 2119 3963 σεν,
2157 3898 2292 3966 ὅπερ
2331 3893 2448 3946 ἐστὶ
2506 3889 2680 3958 δηλῶν
2707 3903 2722 3919 ο
2750 3885 3015 3953 οὐρανὸν
3067 3882 3166 3952 μὲν
3225 3881 3306 3941 είς
3333 3878 3582 3945 ἀγγέλων

2004 3987 2285 4059 διατριϐήν
2316 3998 2332 4016 ⁸
2383 3981 2500 4053 γῆν
2539 3980 2596 4032 δὲ
2617 3979 2729 4041 τοῖς
2781 3975 3088 4046 ἀνθρώποις
3107 3970 3388 4059 διαίτημα.
3409 3966 3583 4059 Οἴπερ

2005 4057 2267 4151 ἠδύναντο
2296 4071 2438 4130 εὖτε
2494 4072 2616 4142 ζῇν,
2647 4068 2742 4122 καὶ
2782 4065 3071 4135 γινώσκειν
3127 4061 3282 4125 Θεὸν,
3315 4058 3412 4112 ἅτε
3462 4057 3580 4107 κατ’

336 4169 426 4223 ubi
452 4168 712 4240 degerent
746 4173 954 4242 angeli;
985 4189 1052 4228 ea;
1082 4183 1222 4229 terra
1262 4181 1464 4242 autem,
1507 4177 1599 4232 ubi
1629 4177 1896 4244 homines,

2007 4146 2190 4224 εἰκόνα
2237 4167 2540 4235 γενόμενοι,
2570 4160 2711 4215 κάπὶ
2742 4158 2853 4229 τῆς
2877 4152 3036 4220 εἶναι,
3067 4156 3205 4224 ὅπερ
3238 4152 3351 4244 (ιγαὶ
3399 4146 3583 4244 vespa).

333 4257 427 4326 qui
464 4237 620 4313 beate
657 4268 713 4315 et
745 4237 975 4316 feliciter
1023 4261 1242 4334 degere,
1283 4237 1562 4335 Deumque
1600 4267 1800 4337 ipsum,
1837 4237 1896 4321 ad

2013 4261 2272 4331 δυνάμεις
2293 4257 2362 4311 ἐν
2394 4253 2652 4323 οὐρανῷ.
2685 4253 2795 4305 Καὶ
2827 4249 2943 4318 τὴν
2971 4247 3091 4317 γῆν
3123 4245 3232 4337 γὰρ
3264 4243 3334 4337 διῖ
3384 4237 3583 4337 αὐτούς

335 4350 495 4416 cujus
530 4350 820 4423 imaginem
864 4353 1069 4409 conditi
1111 4364 1262 4420 sunt,
1295 4371 1593 4428 agnoscere
1629 4364 1896 4427 poterant,

2009 4371 2119 4424 φησ
2146 4363 2165 4389 ι’
2210 4347 2700 4404 κατασκευάσασαν
2724 4354 2746 4382 ι
2780 4341 2908 4412 ἔφη,
2973 4340 3064 4394 ἵνα
3105 4336 3250 4390 κατὰ
3274 4334 3357 4428 τό’
3377 4351 3414 4428 Δι
3443 4331 3586 4428 Ξυν-

338 4449 634 4511 terramque
679 4443 876 4513 ipsam,
907 4461 1016 4500 non
1058 4448 1219 4503 aliter
1248 4463 1412 4517 quam
1449 4448 1637 4502 cretum
1676 4448 1896 4502 rationis

2006 4420 2224 4514 αγθήτω
2254 4439 2314 4492 τὸ
2345 4437 2491 4508 ὕδωρ
2541 4437 2621 4498 εἰς
2679 4429 3002 4500 συναγωγὴν
3060 4428 3208 4490 μίαν,
3254 4425 3347 4517 καλ
3367 4420 3586 4517 oga-liquo

337 4541 389 4584 et
419 4511 793 4602 intelligentiae
820 4550 1056 4604 capaces
1094 4511 1352 4603 virtutes,
1388 4538 1653 4593 incolere.
1689 4537 1896 4592 Terram

2008 4511 2054 4605 il
2069 4511 2214 4604 75717955
2245 4549 2259 4562 ⁹
2295 4549 2313 4582 ’
2347 4529 2422 4592 ὡς
2463 4524 2558 4581 οὖν
2597 4525 2723 4596 ἐμοὶ
2750 4523 2917 4593 τιμίῳ
2969 4523 2986 4557 ι
3018 4519 3113 4573 καὶ
3140 4518 3202 4570 τὸ
3252 4515 3348 4568 τοῦ
3408 4511 3585 4605 Εὐαγ-

337 4634 576 4688 namque
606 4623 769 4675 etiam
794 4632 1016 4692 propter
1041 4639 1138 4679 eos
1170 4624 1369 4681 factam
1403 4637 1763 4697 ornatamque
1790 4644 1896 4683 εδει

2009 4603 2186 4692 γελίου
2217 4619 2516 4690 δεδώρηται
2549 4617 2832 4687 κήρυγμα,
2859 4613 2994 4666 πᾶσι
3045 4609 3206 4663 τοῦτο
3270 4606 3395 4668 δοὺς
3420 4616 3470 4666 υ,

338 4716 574 4764 testatus
605 4719 710 4776 est,
738 4689 1062 4780 juxta'illud
1101 4732 1114 4768 :
1163 4735 1182 4766 ι
1221 4714 1634 4786 Congregentur
1663 4689 1817 4786 aqua:
1857 4719 1896 4773 ir

2011 4689 2226 4766 πάντων
2249 4689 2610 4778 Δημιουργδς,
2636 4705 2738 4758 οὐκ
2765 4701 3042 4762 Ἰουδαίοις
3087 4699 3181 4751 καὶ
3214 4707 3241 4735 ⁷
3271 4697 3472 4765 μόνοις.
3495 4689 3583 4786 Διό

341 4799 519 4853 locum
559 4817 748 4870 unum,
792 4814 847 4858 et
886 4816 1143 4874 appareat
1185 4805 1338 4860 arida
1383 4807 1452 4861 ⁸⁸.
1486 4827 1504 4858 ι
1547 4789 1720 4878 Igitur
1753 4809 1896 4876 mihi,

2017 4819 2200 4876 φησιν’
2231 4800 2373 4871 Ἐγώ
2389 4801 2503 4868 ειμι
2520 4799 2756 4866 Κύριος,
2775 4793 2874 4848 καὶ
2900 4794 3012 4847 οὐκ
3034 4790 3204 4845 ἔστιν
3226 4789 3334 4843 ἔτι.
3366 4787 3485 4839 Οὐλι
3516 4782 3583 4835 ἐν

341 4893 542 4961 inquit,
579 4909 708 4949 caro
751 4905 804 4951 et
848 4897 1112 4966 pretioso,
1156 4899 1283 4953 data
1328 4897 1607 4970 Evangelii
1646 4900 1896 4969 praedica-

2014 4896 2217 4967 κρυφῇ
2253 4892 2588 4960 λελάληκα.
2620 4891 2760 4942 Πᾶσι
2786 4887 2894 4959 γὰρ
2946 4885 3007 4939 τὸ
3055 4884 3199 4938 θεῖον
3259 4878 3583 4970 Εὑαγγέλιον

343 4985 419 5037 tio
459 5002 472 5038 :
511 4986 592 5040 sic
636 5001 753 5041 eam
806 4989 923 5058 ipse
973 4992 1247 5059 omnibus,
1290 4999 1549 5064 tanquam
1601 4994 1896 5049 communis

2016 4966 2265 5060 ἥπλωσα.
2291 4984 2488 5054 Διόπερ
2511 4983 2590 5045 είς
2609 4981 2787 5034 πᾶσαν
2819 4979 2922 5049 γῆν
2953 4975 3143 5047 ἐξῆλθε
3196 4972 3303 5064 τῶν
3361 4966 3581 5064 εἰρημέ-

342 5073 546 5142 opifex,
581 5090 691 5129 non
735 5075 939 5133 Iudaeis
993 5058 1239 5148 tantum,
1278 5058 1497 5153 largiar.
1551 5081 1729 5153 Atque
1780 5084 1896 5138 hinc

2018 5058 2124 5134 νων
2145 5075 2456 5132 ἀποστόλων
2485 5075 2512 5126 ὁ
2545 5071 2799 5140 φθόγγος.
2826 5066 2909 5121 Τὰ
2960 5068 3068 5137 γὰρ
3131 5061 3378 5123 Μωσέως
3432 5058 3584 5153 λόγια

343 5176 443 5228 est,
470 5167 614 5236 quod
647 5187 701 5224 se
724 5170 912 5236 Deum,
951 5188 1112 5241 neque
1142 5173 1306 5226 alium
1335 5183 1527 5241 prazter
1560 5190 1615 5228 se
1643 5190 1755 5228 esse
1789 5191 1896 5227 am-

2013 5171 2196 5244 κρυφῆ
2262 5167 2570 5236 λελάληται,
2622 5162 2838 5234 γλώττῃ
2903 5159 3000 5230 μὲν
3067 5155 3308 5226 Ἐϐραΐδι
3363 5151 3583 5244 καῖχαο

343 5253 502 5320 ptius,
524 5259 692 5313 autin
716 5262 918 5315 occulto
944 5240 1229 5332 quidquam
1254 5240 1484 5318 locutum
1505 5281 1616 5319 esse
1638 5263 1896 5334 adjmixit,

2018 5240 2285 5334 ρακτῆρσι
2314 5257 2596 5321 τοιούτοις,
2638 5256 2695 5308 ἐν
2729 5253 2916 5321 ἀϐάτῳ
2934 5269 2990 5305 τε
3014 5251 3202 5320 ἐρήμῳ
3228 5247 3322 5300 καὶ
3351 5240 3582 5311 ἀνύδρῳ.

373 5390 418 5423 ⁸⁸
451 5389 588 5447 Gen.
623 5410 663 5458 I,
704 5396 758 5450 9.

1612 5489 1841 5544 νΑῐὶΙίΕ
1873 5485 2274 5543 LECTIONES.

427 5580 456 5622 ν
489 5571 882 5650 ποηλελάληκα
906 5577 1068 5650 τέως..
1152 5589 1179 5628 ιι
1213 5597 1302 5648 γρ.
1338 5580 1546 5650 ὥσπερ.
1674 5591 1692 5618 ι
1739 5581 1839 5649 ἀφ.
1872 5581 2004 5650 φησὶ
2037 5581 2132 5634 καὶ
2187 5579 2294 5632 ἵνα.

1152 5589 1179 5628 ιι
1213 5597 1302 5648 γρ.
1338 5580 1546 5652 ὥσπερ.
1674 5591 1692 5618 ι
1739 5581 1839 5649 ἄρ.
1872 5581 2004 5650 φησι
2037 5581 2132 5634 καὶ
2187 5579 2294 5632 ἴνα.
2396 5585 2418 5614 ⁸
2453 5595 2541 5648 γρ.
2584 5573 3142 5632 κατασκευασθεῖσαν.
3247 5569 3268 5608 ⁸
3303 5566 3391 5622 Ζσ.
3425 5560 3576 5634 φησί.

359 5642 386 5675 ¹
421 5660 508 5712 rp.
541 5642 720 5700 δώσω.
792 5653 819 5686 Υ
847 5645 948 5714 (59:.
975 5646 1088 5700 καί,
