4014 6202
330 263 472 324 2ἱ33

1464 263 1609 324 COM
1618 265 1668 322 Μ
1677 264 1996 324 ΕΝΤΑΒΙΙ
2038 266 2120 326 IN
2164 265 2455 328 lSAIAM.

3452 271 3592 336 2434

330 377 403 428 Τὸ
419 375 475 427 δὲ
499 374 762 444 κήρυγμα
791 370 850 425 τὸ
865 369 1100 443 Χριστοῦ
1135 370 1281 442 πάσῃ
1302 370 1518 446 γλώττῃ
1539 373 1800 438 λαλεῖται,
1819 376 1912 427 καὶ

2028 375 2106 444 ιιιὶ
2143 375 2389 429 divinum
2424 374 2680 432 omnibus
2719 375 3068 450 Evangeliunt
3103 379 3385 450 explicuit.
3430 380 3588 440 Hinc.

331 467 466 519 πᾶσι
484 464 774 534 γράμμασι
801 461 1092 530 γράφεται.
1107 461 1180 514 Τὸ
1196 461 1250 514 δὲ
1268 464 1378 515 οὐκ
1399 455 1707 531 ἑνκρυφῇ,
1726 465 1913 517 τοῦτον

329 559 378 610 οἱ
405 555 622 618 πλείους
653 554 743 607 τὸν
785 553 984 624 τρόπον
1015 554 1377 624 έρμήνευσαν,
1434 553 1510 616 ὡς
1571 555 1637 608 ἂν
1677 553 1856 623 μήτις
1886 567 1912 595 ι

331 647 476 700 εἴποι
511 662 524 676 ’
565 645 698 707 Θεὸς
729 644 829 711 μέν
852 645 969 696 ἐστι
1001 645 1097 697 καὶ
1158 643 1320 714 μόνος
1371 643 1605 715 ἀληθῶς,
1638 645 1754 697 ἀλλ’
1783 642 1911 712 ἄδη-

329 737 420 790 λον
453 736 529 806 μὴ
586 734 682 787 καὶ
729 732 922 794 ἄλλους
945 731 1118 785 ἐθέλει
1146 730 1430 784 καλεῖσθαι
1471 731 1649 794 θεούς.
1723 731 1912 804 Νόμον

332 828 466 897 φησὶ
490 826 621 894 περὶ
645 823 838 877 τούτου
863 821 1084 887 διέταξα
1107 820 1300 889 λάθρα
1364 820 1649 890 λαλήσας
1718 823 1910 894 μηδέν.

330 914 556 983 Κατέϐη
605 913 715 984 γὰρ
762 912 790 964 ὁ
843 910 1048 982 Κύριος
1102 909 1196 963 ἐπὶ
1257 909 1319 963 τὸ
1372 911 1503 982 δρος
1538 912 1671 965 Σινᾶ
1693 915 1750 965 ὲν
1779 914 1912 970 εἴδει

331 1007 526 1077 πυρὸς,
551 1005 646 1059 καὶ
679 1002 1000 1072 σαλπίγγων
1023 1000 1142 1073 ἠχὼ
1159 1011 1208 1066 1,
1235 1003 1484 1075 βρονταῖς
1513 1021 1572 1056 τε
1597 1005 1690 1058 καὶ
1708 1006 1913 1078 ἀστρα-

332 1099 486 1162 παῖς,
515 1097 610 1150 καὶ
646 1090 770 1165 ἧνή
806 1095 1107 1166 οἰκουμένη
1146 1096 1296 1148 πᾶσα
1348 1096 1641 1165 μετέωρος,
1670 1098 1823 1168 ὑμῶν
1853 1116 1915 1152 τε

333 1187 647 1258 κληθέντων
674 1186 768 1240 καὶ
793 1187 893 1254 τῆς
923 1186 1239 1254 Αἰγυπτίων
1287 1188 1698 1259 καταδυομένης
1716 1189 1912 1260 ἀρχῆς,

333 1278 433 1348 οὐχ
492 1277 577 1330 ἵνα
629 1277 904 1346 ματαίοις
945 1275 1270 1346 δουλεύσητε
1302 1291 1318 1308 ο
1397 1277 1630 1346 μάταιον
1689 1277 1798 1348 γὰρ
1855 1278 1918 1332 τὸ

335 1367 550 1420 εἴδωλον
568 1365 777 1438 εἴρηκε·
800 1365 1052 1437 φανερῶς
1083 1365 1193 1436 γὰρ
1224 1365 1353 1436 ὑμῖν
1377 1366 1632 1438 ἐκήρυξε,
1665 1384 1683 1417 ι
1713 1367 1918 1437 Κύριον

335 1461 430 1514 τὸν
462 1460 592 1512 Θεόν
621 1475 714 1512 σου
739 1457 1157 1528 προσκυνήσεις,
1195 1457 1290 1510 καὶ
1314 1457 1464 1528 αὐτῷ
1519 1459 1664 1529 μόνῳ
1692 1457 1920 1530 λατρεύ-

340 1569 472 1615 σεις,
501 1550 592 1604 καὶ
617 1549 678 1604 οὐ
712 1549 961 1619 ποιήσεις
993 1548 1208 1621 σεαυτῷ
1234 1548 1480 1604 εἴδωλον.
1511 1568 1530 1602 ι
1561 1549 1830 1616 Πολλάκις
1864 1551 1922 1604 δὲ

2016 467 2263 536 inquam,
2295 468 2441 537 quod
2476 469 2530 523 in
2571 484 2792 524 omnem
2843 484 3041 527 terram
3092 488 3281 528 eorum
3321 473 3412 544 qui
3462 490 3596 542 apo-

2015 561 2141 615 stoli
2173 562 2524 628 dicebantur,
2550 564 2702 618 vocis
2728 579 2899 620 sonus
2929 566 3111 636 erupit
3143 566 3212 621 '°.
3249 567 3414 622 Mosis
3449 568 3596 622 enim

2014 654 2241 708 oracula
2269 669 2525 730 sermone
2556 655 2777 724 quidem
2804 664 2858 710 et
2889 656 3300 714 characteribus
3331 657 3596 723 Hebra-is,

2015 743 2154 798 locis
2207 744 2370 798 inviis
2425 753 2480 800 et
2523 759 2664 814 aqua
2717 745 3034 809 destitutis,
3089 748 3400 803 clanculum
3447 749 3596 804 edita

2014 832 2263 902 reperias
2294 849 2308 886 :
2340 833 2548 890 Christi
2589 840 2772 890 autem
2809 832 3160 906 Euangelium
3197 838 3441 890 omnium
3467 854 3599 905 gen-

2015 922 2151 976 tium
2203 923 2407 992 linguis
2458 933 2512 979 et
2550 924 2749 979 litteris
2795 924 3154 980 celebratum.
3193 925 3263 978 At
3305 927 3448 994 quod
3488 942 3598 982 nou

2017 1011 2179 1084 524
2208 1013 2262 1064 in
2297 1013 2607 1068 abscondito
2638 1015 2923 1081 scribitur,
2951 1015 3021 1069 ita
3047 1017 3326 1086 explicant
3353 1019 3599 1073 nonnulli

2017 1116 2082 1157 ac
2111 1104 2158 1158 si
2201 1104 2440 1170 dicatur,
2486 1106 2655 1161 Deum
2702 1107 2923 1178 quidem
2975 1109 3153 1163 solum
3200 1125 3260 1162 re
3294 1124 3423 1164 vera
3455 1126 3600 1177 esse,

2017 1196 2112 1250 sed
2161 1196 2464 1261 incertum,
2506 1214 2575 1252 an
2625 1208 2679 1254 et
2720 1199 2859 1255 alios
2910 1201 3076 1254 etiam
3136 1198 3269 1254 deos
3324 1201 3603 1272 appellare

2017 1286 2315 1356 permittat.
2361 1286 2582 1358 Legem,
2627 1289 2826 1358 inquit,
2864 1290 2966 1344 hac
3004 1291 3073 1345 de
3099 1306 3158 1345 re
3190 1290 3508 1361 tuli,neque
3546 1293 3602 1346 in

2019 1373 2328 1432 abscondito
2369 1378 2668 1448 quidquam
2715 1378 2924 1432 locutus
2950 1396 3088 1434 sum.
3128 1380 3422 1437 Descendit
3452 1384 3599 1436 enim

2019 1467 2073 1522 in
2108 1465 2239 1521 Sina
2283 1478 2523 1523 montem
2559 1469 2845 1533 Dominus,
2889 1471 2944 1524 in
2981 1472 3218 1543 speciem
3261 1474 3422 1543 ignis,
3452 1473 3600 1526 tubis

2019 1558 2406 1628 claugentibus
2436 1562 2506 1625 δι,
2540 1561 2715 1616 multo
2761 1563 2990 1627 tonitru,
3025 1565 3308 1636 multaque
3343 1582 3603 1622 corusca-

336 1642 418 1707 τδ,
445 1641 558 1710 ἐγώ
575 1644 714 1711 εἶμι,
741 1639 992 1695 λέλεκται
1025 1641 1464 1712 προτρεπτικῶς,
1492 1642 1570 1706 εἰς
1595 1643 1921 1713 κατανόησιν

2028 1646 2192 1714 tione,
2231 1648 2286 1702 in
2340 1649 2631 1704 sublimem
2685 1667 2913 1722 prorsus
2961 1661 3016 1708 et
3061 1656 3334 1710 excelsam
3373 1664 3600 1720 terram,

336 1734 430 1788 τοῦ
465 1735 626 1805 μόνου
659 1734 795 1787 Θεοῦ
837 1732 1029 1787 καὶτὰ
1053 1732 1220 1788 πάλαι
1285 1735 1612 1805 ποιήσαντος
1643 1734 1916 1805 Θαύματα.

2028 1739 2402 1808 exstinctaque
2434 1739 2816 1811 IEgyptiorum
2856 1759 3026 1815 regno
3057 1747 3238 1800 vocari
3277 1762 3375 1800 vos
3402 1755 3455 1800 et
3485 1761 3603 1802 scr-

337 1832 453 1885 vari
490 1831 690 1896 voluit;
735 1845 870 1895 non,
903 1837 962 1883 ut
1008 1828 1114 1899 ipsi
1160 1829 1327 1884 rebus
1361 1831 1532 1892 vanis,
1573 1830 1756 1900 qualia
1787 1839 1916 1884 sunt
1957 1842 2094 1902 quae'
2125 1833 2268 1887 idola
2316 1835 2689 1901 nominantur,
2732 1852 2830 1892 vos
2917 1840 3328 1909 manciparetis.
3404 1843 3606 1912 Aperte

338 1923 607 1992 siquidem
641 1921 841 1987 vobis,
880 1920 1169 1977 Dominum
1216 1919 1386 1976 Deum
1439 1921 1778 1976 adorandum
1854 1938 1999 1987 esse,
2040 1927 2198 1994 eique
2257 1926 2348 1980 uni
2405 1927 2796 1995 serviendum,
2846 1945 3023 2000 neque
3080 1932 3223 1987 idola
3287 1933 3604 1990 fabricanda

336 2013 531 2069 edixit.
583 2012 682 2067 Est
741 2026 871 2066 vero
929 2010 1367 2077 advertendum,
1427 2027 1673 2083 persaepe
1721 2011 1855 2067 illud
1903 2027 1919 2066 :
1964 2012 2074 2084 Ego
2105 2033 2224 2070 sum
2267 2016 2552 2084 Dominus,
2630 2019 3033 2080 exhortationis
3078 2024 3266 2089 modo,
3306 2027 3372 2082 ad
3446 2029 3605 2084 unius

342 2108 439 2164 Dei
474 2105 960 2175 signiﬁcationem,
997 2104 1090 2175 qui
1137 2105 1316 2175 prisca
1351 2105 1619 2160 miracula
1667 2107 1926 2176 patravit,
1961 2111 2240 2180 usurpari.

409 2197 625 2256 Λαλῶν
640 2197 1041 2266 δικαιοσύνην
1069 2197 1168 2250 καὶ
1195 2197 1587 2267 ἀναγγέλλων
1611 2199 1917 2264 ἀλήθειαν.

353 2291 594 2346 ὶιέταττε
646 2288 745 2359 μὲν
823 2288 930 2358 γὰρ
963 2290 991 2342 ὁ
1057 2288 1219 2359 νόμος
1254 2287 1324 2342 τὰ
1371 2289 1622 2358 πρακτέα
1650 2289 1872 2353 δικαίως
1903 2306 1918 2320 ³

341 2383 591 2455 ᾐνίττετο
618 2381 674 2434 δὲ
722 2381 818 2435 καὶ
850 2382 966 2443 ταῖς
997 2364 1178 2444 σκιαῖς
1231 2380 1348 2449 τὴν
1405 2379 1698 2446 ἀλήθειαν
1737 2382 1804 2434 τὰ
1863 2381 1922 2434 έν

341 2473 561 2546 Χριστῷ
592 2473 1080 2547 προτυπῶνηΠερλ⁸
1140 2472 1306 2526 αὐτοῦ
1349 2472 1458 2545 γὰρ
1517 2473 1748 2544 ὲλάλησε
1790 2474 1922 2527 Μω-

343 2564 464 2631 σῆς.
499 2562 605 2614 Kal
623 2561 797 2614 ταῦτα
825 2561 922 2631 μὲν
946 2555 1114 2614 οὗτοι.
1134 2561 1293 2613 Κατὰ
1315 2560 1372 2613 δὲ
1401 2561 1502 2631 τὴν
1537 2561 1764 2633 πρώτην
1834 2561 1924 2626 ἐξ·

341 2655 563 2724 ήγησιν,
598 2655 720 2706 Οὐκ
762 2649 936 2706 εἷπον
957 2651 1036 2717 τῷ
1067 2650 1366 2720 σπέρματι
1393 2652 1622 2718 Ἰακὼϐ,
1658 2653 1924 2707 Μάταιον

343 2743 655 2813 ζητήσατε.
684 2743 844 2795 Κατὰ
867 2741 926 2795 δὲ
962 2739 1276 2812 Σύμμαχον,
1309 2743 1573 2810 ματαίως
1629 2740 1926 2810 ζητήσατέ

337 2851 433 2904 με.
464 2834 622 2887 Κατὰ
646 2833 702 2886 δὲ
731 2833 856 2895 τοὺς
877 2831 1098 2894 ἄλλους,
1135 2829 1327 2898 κενῶς
1384 2830 1690 2900 ζητήσατέ
1727 2849 1825 2902 με.
1852 2831 1926 2886 Τὸ

344 2926 452 2995 γὰρ
475 2923 806 2992 Εὐαγγέλιον
828 2921 1066 2993 πρώτοις
1096 2923 1225 2993 ὑμῖν
1291 2921 1626 2994 ἀνεκήρυξα.
1691 2925 1803 2977 Kal
1850 2924 1926 2988 ὠς

345 3018 410 3072 ἂν
436 3017 509 3088 μὴ
538 3019 727 3089 δόξητε
754 3018 934 3089 μάτην
992 3015 1289 3084 Θεοσεϐεῖν,
1347 3015 1538 3088 μισθὸν
1593 3018 1722 3088 ὑμῖν
1783 3017 1927 3088 ζωήν

347 3109 759 3178 ἐπηγγειλάμην
788 3107 1027 3171 αἰώνιον,
1059 3107 1154 3160 καὶ
1211 3106 1247 3161 ἃ
1291 3105 1574 3177 ὀφθαλμὸς
1631 3106 1731 3159 οὐκ
1765 3101 1925 3172 εἶδεν,

348 3199 441 3252 xal
467 3199 535 3251 τὰ
566 3198 711 3268 ἑξῆς.
738 3197 962 3267 Ἐπειδὴ
987 3196 1055 3250 δὲ
1081 3198 1224 3264 Θεός
1250 3200 1367 3267 εἰμι
1381 3196 1589 3252 λαλῶν
1619 3195 1930 3250 δικαιοσύ-

348 3307 464 3356 νην
519 3289 620 3343 καὶ
677 3288 1074 3359 ἀναγγέλλων
1121 3288 1433 3353 ἀλήθειαν,
1488 3288 1627 3342 κατὰ
1674 3288 1768 3342 τὸν
1829 3286 1930 3356 τῆς

350 3378 754 3447 δικαιοσύνης
785 3377 962 3446 λόγον,
996 3377 1135 3449 μετὰ
1159 3378 1284 3442 τοὺς
1307 3380 1372 3431 ἐκ
1401 3379 1725 3449 περιτομῆς,
1780 3375 1929 3430 καλῶ

2095 2203 2355 2274 Sequitur
2407 2212 2590 2260 autem
2627 2223 2641 2260 :
2677 2205 2782 2273 Qui
2814 2206 3090 2276 justitiam
3131 2208 3384 2279 loquitur,
3421 2220 3468 2264 et
3520 2229 3606 2267 ue-

2023 2293 2238 2347 ritatem
2287 2295 2598 2348 annuntiat.
2633 2295 2945 2365 lmperabat
2987 2297 3132 2351 enim
3177 2298 3265 2352 lex
3301 2315 3423 2368 qua:
3457 2303 3607 2369 juSIc

2023 2381 2140 2437 ﬁeri
2183 2383 2385 2448 liceret,
2421 2383 2628 2438 umbris
2667 2392 2852 2438 autem
2892 2385 3165 2439 veritatem
3199 2386 3455 2454 innueus,
3486 2406 3606 2459 quae

2025 2473 2078 2527 in
2116 2474 2339 2529 Christo
2387 2483 2546 2530 erant
2592 2483 2721 2530 ante
2770 2477 3123 2546 depingebat,
3159 2478 3228 2533 de
3279 2495 3389 2549 quo
3429 2480 3608 2536 Moses

2025 2566 2241 2621 locutus
2290 2566 2466 2621 fuerat
2496 2569 2562 2619 ".
2601 2569 2779 2638 Atque
2833 2568 2948 2624 haec
3001 2570 3223 2640 quidem
3278 2572 3381 2639 illi,
3415 2587 3604 2627 verum

2026 2657 2326 2713 secundum
2359 2657 2594 2727 priorem
2620 2659 3044 2727 explicationem
3074 2679 3088 2716 :
3123 2659 3251 2716 Non
3280 2662 3394 2716 dixi
3419 2665 3610 2718 semini

2023 2746 2216 2810 Jacob,
2293 2745 2496 2802 Vanum
2541 2751 2762 2818 quwrite
2793 2765 2813 2813 ,°
2850 2751 3153 2805 secundum
3217 2752 3608 2822 Symmachum

2027 2845 2206 2892 autem
2261 2844 2316 2891 et
2365 2837 2528 2902 alios.
2567 2835 2803 2892 Frustra
2827 2840 3048 2909 quarrite
3093 2855 3196 2895 me.
3251 2839 3608 2912 Evangelium

2026 2927 2298 2996 siquidem
2346 2926 2505 2988 vobis
2556 2927 2674 2996 ipse
2716 2936 2844 2982 ante
2891 2942 3084 2983 onmes
3131 2928 3502 2998 promulgavi;
3544 2944 3608 2982 ac

2029 3031 2097 3071 ne
2132 3016 2384 3086 pietatem
2432 3015 2642 3071 frustra
2687 3016 2871 3071 colere
2917 3017 3260 3080 videremini,
3297 3017 3607 3072 mercedem

2027 3109 2194 3163 etiam
2245 3110 2408 3162 vitam
2463 3104 2761 3174 aeternam,
2798 3116 3108 3178 eteteraque
3154 3107 3284 3172 alia,
3330 3122 3454 3176 qua:
3507 3118 3609 3160 nec

2030 3197 2180 3251 auris
2207 3197 2436 3260 audivit,
2474 3211 2574 3251 nec
2606 3197 2802 3252 oculus
2839 3197 2996 3265 vidit,
3024 3212 3127 3252 nec
3154 3199 3210 3252 in
3241 3212 3338 3252 cor
3369 3197 3608 3253 hominis

2031 3287 2401 3340 ascenderunt
2433 3285 2500 3350 ⁸³,
2540 3299 2645 3355 ego
2687 3285 2970 3355 pollicitus
3001 3301 3147 3342 sum.
3184 3285 3289 3342 Sed
3323 3287 3435 3356 jam
3468 3302 3608 3356 quo-

2031 3376 2178 3430 niam
2212 3378 2322 3446 Ego
2345 3392 2466 3429 sum
2488 3375 2654 3442 Deus,
2678 3378 2770 3447 qui
2779 3377 3058 3447 justitiam
3078 3379 3288 3448 loquor,
3318 3387 3368 3432 et
3401 3395 3610 3433 annun-

350 3471 555 3535 πάντας
597 3471 1017 3540 πρὸςέμαυτδν,
1041 3469 1311 3542 κήρυγμά
1345 3487 1404 3522 τε
1432 3469 1696 3538 ποιοῦμαι
1727 3469 1924 3522 κοινόν.

2034 3471 2106 3522 tio
2139 3471 2411 3524 veritatem
2448 3471 2750 3525 secundum
2782 3469 3016 3539 justitia:
3052 3472 3313 3537 verbum;
3345 3480 3469 3541 post
3515 3469 3611 3524 Ju-

350 3562 700 3631 Συνάχθητε
728 3561 826 3615 καὶ
857 3561 1050 3630 ἣκετε,
1079 3561 1176 3614 καὶ
1219 3561 1651 3625 βουλεύσασθε
1704 3558 1825 3628 ἅμα
1877 3561 1932 3613 οἱ

350 3651 683 3723 σωζόμενοι
713 3651 833 3706 τῶν
859 3652 1240 3706 ὲθνῶν.Ἀντὶ
1271 3651 1329 3704 δὲ
1359 3650 1453 3705 τοῦ
1499 3651 1932 3716 ,βουλεύσασθε

351 3744 490 3812 ἅμα,
550 3743 866 3814 Σύμμαχος,
914 3742 1353 3812 προσεγγίσατέ
1435 3759 1560 3810 μοι,
1627 3743 1815 3812 φησὶν,
1874 3743 1931 3796 ol

352 3833 818 3904 δταπεερευγότες
869 3833 988 3887 τῶν
1042 3833 1261 3888 ἐθνῶν.
1336 3834 1410 3888 Τὸ
1480 3835 1537 3888 δὲ
1585 3835 1932 3904 συνάχθητε

353 3926 642 3990 καλοῦντὸς
666 3929 816 3980 ἐστιν
837 3925 929 3989 οὓς
961 3927 989 3978 ὁ
1041 3926 1290 3991 Σατανᾶς
1327 3926 1690 3982 διεσκέδασεν.
1726 3925 1931 3980 Ἐλθὼν

350 4016 506 4087 γὰρό
538 4017 731 4087 Σωτὴρ
767 4017 996 4070 θάνατον
1022 4017 1285 4088 ὑπέμεινε
1332 4018 1398 4071 δι’
1427 4018 1595 4088 ἡμᾶς,
1639 4018 1750 4085 ἵνα,
1790 4017 1933 4071 κατὰ

350 4109 442 4162 τὸν
471 4106 896 4180 εὐαγγελιστὴν,
940 4109 1008 4164 τὰ
1036 4110 1203 4162 τέκνα
1245 4107 1339 4161 τοῦ
1366 4108 1500 4162 Θεοῦ
1520 4107 1588 4161 τὰ
1617 4108 1932 4180 διεσκορπι-

355 4199 531 4268 σμένα
562 4199 842 4272 συναγάγῃ
881 4200 962 4261 εἰς
1006 4199 1066 4254 ἒν
1104 4199 1454 4263 συνδεθέντας
1512 4200 1790 4274 ὁμοψυχίᾳ
1837 4203 1958 4255 καὶ·

354 4289 557 4343 πίστει.
590 4290 702 4342 Kal
744 4289 819 4354 ὡς
872 4291 1089 4363 μακρὰν
1147 4286 1300 4344 οὖσιν
1348 4290 1523 4358 ἥκειν
1578 4291 1733 4362 φησι.
1793 4291 1929 4347 Θεοῦ

351 4380 462 4452 γὰρ
487 4379 746 4452 ἀφίστησι
800 4381 998 4452 πλάνη.
1034 4382 1126 4436 Διδ
1152 4382 1244 4436 καὶ
1289 4381 1504 4446 Παῦλός
1574 4399 1761 4454 φησιν,
1791 4403 1810 4436 ‹
1868 4385 1936 4438 Οἵ

352 4488 482 4525 ποτε
511 4471 666 4535 ὄντες
699 4473 938 4546 μακρὰν,
959 4475 1258 4546 ἐγενήθητε
1283 4474 1470 4543 ἐγγύς.
1509 4494 1528 4526 ι
1577 4477 1686 4528 Kal
1744 4476 1929 4543 πάλιν,

356 4581 376 4615 ι
405 4563 813 4634 Εὑηγγελίσατο
839 4566 1064 4636 εἰρήνην
1089 4566 1216 4636 ὑμῖν
1241 4567 1351 4630 τοῖς
1382 4568 1621 4638 μακρὰν,
1655 4569 1746 4622 καὶ
1778 4571 1930 4640 εἰρή-

349 4672 448 4726 νην
474 4659 585 4717 τοῖς
615 4656 804 4726 ἐγγύς.
843 4677 861 4710 ι
889 4659 999 4712 Kal
1024 4659 1311 4729 προφήτης
1360 4659 1420 4713 δέ
1468 4677 1654 4732 φησιν·
1695 4678 1715 4711 ι
1752 4661 1934 4730 Ἐγγί-

353 4763 481 4798 σατε
519 4747 598 4817 τῷ
623 4747 742 4819 Θεῷ
762 4749 854 4801 καὶ
882 4749 1058 4817 ὲγγιεί
1083 4749 1212 4819 ὑμῖν
1242 4767 1256 4782 ·
1307 4769 1326 4803 ι
1385 4751 1446 4803 τὸ
1475 4750 1532 4803 δὲ
1583 4751 1932 4816 ,ϐουλεύσαο

349 4841 462 4890 σθε
495 4835 632 4905 ἅμα,
659 4838 795 4906 πρὸς
826 4837 887 4891 τὸ
915 4840 1010 4892 σὺν
1037 4840 1294 4909 φρονήσει
1331 4839 1619 4911 προσιέναι
1676 4857 1930 4912 παρακα-

246 4977 264 4993 .
352 4923 454 4980 λεῖ.
487 4929 579 4980 Δεῖ
611 4928 718 4998 γὰρ
738 4929 918 4982 πᾶσαν
942 4928 1150 5000 πλάνην
1172 4931 1584 5001 ἀρνησαμένους
1613 4929 1757 4986 οὓτω
1775 4950 1932 5004 προσ-

356 5015 493 5069 ιέναι
523 5017 642 5091 Θεῷ
667 5019 791 5072 νοῦν
849 5019 1049 5089 εὐσεϐῆ
1079 5019 1177 5091 τῆς
1204 5021 1334 5092 πρὶν
1359 5021 1672 5093 ἀφροσύνης
1696 5022 1931 5088 ἀλλαξα-

359 5107 574 5172 μένους.

2034 3559 2206 3626 dicos,
2239 3560 2305 3614 ad
2335 3574 2422 3613 me
2454 3558 2731 3629 quoslibet
2765 3574 2866 3630 ego
2900 3561 3053 3615 nullo
3085 3561 3408 3617 discrimine
3451 3577 3611 3616 acce-

2031 3650 2182 3714 dere,
2215 3656 2269 3704 et
2313 3663 2606 3705 commune
2654 3651 2914 3704 omnibus
2957 3652 3237 3721 Evangelii
3279 3655 3610 3722 praeconium

2031 3755 2155 3796 esse
2200 3739 2393 3809 jubeo.
2454 3740 2860 3814 Congregamini
2913 3751 2966 3794 et
3026 3744 3195 3797 venite
3251 3753 3300 3797 et
3352 3745 3612 3799 consulite

2032 3834 2216 3900 simul,
2243 3835 2334 3904 qui
2361 3834 2646 3888 salvamini
2676 3835 2741 3888 de
2765 3835 3008 3906 gentibus
3031 3875 3047 3902 ,
3085 3836 3174 3890 ubi
3209 3852 3314 3906 pro
3357 3840 3613 3892 consu'ite

2032 3928 2214 3993 simul,
2266 3926 2514 3982 Accedite
2560 3925 2631 3980 ad
2682 3943 2762 3981 me
2810 3928 2902 3996 qui
2948 3927 3012 3981 de
3057 3929 3301 3996 gentibus
3353 3929 3610 4000 eﬁ'ugistis

2034 4014 2430 4084 interpretatur
2482 4013 2866 4084 Symmachus.
2905 4014 3037 4070 Ideo
3087 4025 3272 4074 autem
3318 4034 3612 4090 congrega-

2033 4108 2164 4161 mini
2195 4106 2354 4172 dixit,
2386 4113 2444 4160 ut
2481 4107 2728 4175 cogentis
2767 4108 2919 4178 ipsos
2950 4115 3004 4163 et
3032 4111 3394 4166 convocautis
3431 4126 3613 4179 perso-

2033 4211 2159 4250 nam
2187 4195 2347 4266 525
2379 4195 2732 4266 exprimeret,
2768 4198 2863 4268 qui
2895 4208 3054 4253 erant
3091 4214 3124 4252 a
3163 4201 3363 4254 Satana
3396 4200 3609 4270 disgra-

2033 4289 2166 4361 gati.
2193 4289 2332 4345 Cum
2364 4289 2608 4345 venisset
2633 4291 2781 4345 enim
2812 4305 2920 4346 non
2953 4291 3064 4360 sui,
3093 4293 3187 4347 sed
3213 4294 3388 4348 nostri
3417 4308 3611 4356 causa,

2033 4388 2266 4436 mortem
2301 4380 2469 4436 subiit
2503 4381 2778 4449 Salvator,
2808 4390 2868 4436 ut
2903 4384 3206 4438 secundum
3251 4384 3613 4455 Evangelistze

2034 4471 2198 4526 verba
2223 4471 2292 4535 ⁵⁸,
2321 4470 2412 4525 Dei
2443 4470 2606 4538 lilios,
2636 4473 2729 4541 qui
2756 4461 2914 4527 erant
2939 4473 3196 4545 dispersi,
3224 4475 3413 4530 eodem
3441 4477 3610 4530 animi

2034 4562 2270 4632 ﬁdeique
2310 4562 2532 4617 vinculo
2582 4579 2862 4620 connexos
2911 4565 2967 4619 in
3018 4582 3186 4639 unum
3233 4579 3608 4640 congregaret.

2036 4653 2243 4709 Deinde
2287 4661 2545 4724 tanquam
2583 4654 2740 4726 longe
2771 4656 2976 4725 absint,
3008 4668 3284 4714 venturum
3315 4676 3375 4717 se
3409 4662 3610 4717 innuit.

2039 4746 2202 4802 Arcet
2228 4746 2374 4803 enim
2394 4756 2449 4802 et
2475 4755 2694 4817 separat
2721 4763 2750 4802 a
2783 4747 2894 4804 Deo
2919 4765 3075 4806 error
3095 4752 3233 4821 ipse.
3259 4751 3496 4824 Indeque
3527 4761 3610 4806 cst

2041 4837 2196 4893 Pauli
2243 4839 2376 4893 illud
2425 4857 2440 4894 :
2491 4857 2509 4889 ι
2547 4837 2655 4904 Qui
2702 4827 2999 4908 aliquando
3050 4842 3218 4898 eratis
3266 4843 3445 4913 longe,
3481 4842 3608 4895 facti

2037 4932 2172 4988 estis
2217 4946 2387 5002 prope
2416 4933 2483 4984 ⁸⁸.
2521 4949 2539 4982 ι
2597 4930 2663 4984 Ει
2709 4947 2929 4988 rursum
2968 4953 2982 4988 :
3028 4953 3048 4986 ι
3084 4933 3486 5004 Evangelizavit
3518 4949 3611 5002 pa-

2034 5039 2151 5080 cem
2201 5023 2380 5087 vobis,
2422 5023 2514 5091 qui
2565 5022 2728 5092 longe
2783 5022 2993 5090 fuistis,
3029 5035 3084 5078 et
3139 5040 3326 5094 pacem
3377 5024 3464 5087 iis,
3515 5025 3609 5092 qui

2029 5130 2197 5186 prepe
2227 5114 2295 5168 ⁸⁶.
2334 5131 2352 5166 ι
2404 5113 2471 5166 Ει
2521 5113 2800 5184 propheta:
2849 5115 3013 5169 etiam
3047 5133 3060 5168 :
3104 5131 3120 5164 ι
3156 5113 3608 5183 Αριιτορίιιιιυειιε

359 5194 486 5263 Deo,
526 5207 580 5253 et
621 5200 1086 5271 appropinquabit
1115 5202 1273 5259 vobis
1305 5203 1363 5265 ⁸⁷,
1410 5221 1430 5256 ι
1461 5204 1526 5259 At
1559 5203 1703 5276 quod
1749 5206 2008 5260 consulite
2093 5205 2256 5258 simul
2308 5205 2464 5268 dicit,
2539 5207 2612 5259 ita
2668 5213 2829 5261 caute
2871 5213 2925 5260 et
2971 5204 3269 5274 prudenter
3351 5204 3612 5261 accedere

460 5379 504 5409 '°
538 5378 682 5431 Psal.
721 5392 879 5442 xvttt,
914 5378 977 5442 5;
1011 5379 1170 5432 Rom.
1217 5395 1270 5442 χ,
1311 5380 1398 5435 l8.

355 5463 415 5512 tt,
447 5451 500 5504 9.
579 5451 624 5481 ⁸³
654 5447 900 5514 Joanar,
942 5449 1032 5503 52.
1107 5449 1154 5482 ⁵⁵
1189 5449 1388 5519 Ephes.
1428 5467 1487 5514 tt,
1521 5452 1607 5506 15.

428 5664 452 5692 ⁸
498 5672 586 5724 περ.
631 5657 809 5718 εἴτις.
890 5664 915 5702 3'
953 5654 1040 5707 ἵσ.
1076 5653 1214 5723 ἤχῳ.

1511 5381 1555 5412 ⁸¹
1599 5382 1768 5436 Exod.
1809 5399 1920 5446 XIX,
1957 5384 1978 5436 1
2021 5399 2174 5451 seqq.

1721 5453 1768 5484 ⁵⁸
1801 5455 1931 5508 ibid.
1969 5455 2052 5507 Π.
2101 5450 2179 5483 ί⁵⁷
2208 5450 2321 5507 Jac.
2358 5469 2430 5516 tv,
2465 5453 2518 5506 8.

1645 5564 1872 5622 VARlJ‘I
1916 5566 2317 5622 LECTlUNliS.

2271 5384 2316 5413 δ’
2377 5380 2534 5436 Joan.
2601 5399 2652 5452 ν,
2689 5381 2777 5435 46.
2879 5379 3052 5437 "lsa.
3087 5395 3234 5446 Lttv,
3273 5379 3338 5447 4;
3396 5379 3416 5435 ι
3470 5380 3607 5444 Cor.
