3976 6220
300 264 306 270 “
379 303 522 370 atas

1672 288 2028 354 PROCOPII
2063 285 2304 346 GAZzEl

3487 265 3630 331 2436

382 419 728 471 adhortatur.
780 409 948 468 Decet
991 406 1135 463 enim
1190 421 1296 462 non
1344 404 1448 462 nisi
1490 405 1678 462 relicta
1725 418 1954 475 prorsus
1990 400 2251 472 Peccandi
2295 396 2718 462 consuetudine,
2751 395 2970 465 vitaque
3000 391 3052 444 in
3121 388 3316 446 melius
3383 399 3632 440 commu-

379 518 515 576 tata,
539 516 689 565 caste
716 515 770 564 et
800 507 888 578 pie
915 505 981 559 ad
1016 503 1185 560 Deum
1217 501 1499 558 accedere.

452 606 531 660 Ad
568 620 665 660 vos
713 603 880 674 igitur
909 600 1114 656 reversi
1153 597 1516 660 considerate,
1543 608 1708 666 quam
1741 591 1959 661 penitus

2134 582 2542 654 Συπρέψαντες
2581 579 2675 634 οὖν
2725 577 2950 640 ἑαυτοὺς
3001 577 3238 631 συνίδετε
3284 578 3359 642 ῶς
3412 579 3630 651 ἀνόητοι

383 696 645 752 vecordes
670 695 748 748 illi
771 694 901 757 sint,
925 691 1014 761 qui
1045 690 1243 760 lignum
1270 679 1694 754 sculpturaz'sua:
1719 682 1922 736 elevant
1939 723 1954 747 ,

384 787 438 842 id
481 796 586 850 est,
619 787 712 857 qui
761 785 835 838 ita
881 781 1171 847 extollunt,
1211 788 1270 834 ut
1307 777 1535 849 gloriam
1570 790 1688 846 qua:
1719 774 1814 829 uni
1850 772 1959 827 Deo

384 878 636 941 debetur,
679 877 825 946 ligno
859 873 1180 944 largiantur.
1223 869 1516 935 Nimirum,
1549 867 1752 940 quibus
1780 866 1960 936 placet

385 979 605 1037 portare
647 982 844 1021 sensus
878 966 1144 1034 expertia,
1172 970 1225 1016 et
1253 977 1374 1032 qua:
1402 976 1471 1015 ne
1498 961 1705 1015 moveri
1734 957 1957 1028 quidem

383 1062 626 1124 valeant,
657 1075 766 1128 quo
798 1067 958 1128 pacto
988 1057 1074 1110 vel
1114 1065 1279 1118 terra,
1313 1055 1394 1109 vel
1437 1053 1572 1108 mari
1612 1053 1715 1107 iter
1749 1051 1958 1105 facien-

381 1164 488 1217 tes,
517 1154 587 1208 ab
611 1151 878 1221 ejusmodi
910 1150 1172 1204 auxilium
1200 1147 1513 1216 postulant?
1538 1145 1692 1212 Quod
1723 1145 1767 1199 si
1801 1143 1960 1212 quid-

381 1259 544 1312 quam
583 1244 810 1302 habent,
839 1239 984 1310 quod
1033 1254 1131 1308 pro
1167 1238 1274 1291 diis
1309 1237 1430 1291 is1is
1461 1236 1668 1300 dicant,
1697 1233 1961 1290 accedant

344 1338 346 1341 '
381 1343 435 1386 et
461 1332 584 1399 ipsi.
613 1329 749 1384 Tum
781 1331 998 1383 demum
1039 1328 1182 1380 enim
1213 1342 1402 1382 verum
1438 1323 1607 1380 Deum
1639 1331 1959 1396 agnoscrnt,

381 1439 506 1476 cum
573 1423 798 1491 propius
856 1420 1216 1474 accesserint.
1276 1421 1472 1472 Annon
1545 1433 1802 1487 magnum
1877 1425 1962 1471 est

381 1513 600 1568 deitatis
637 1517 1042 1580 argumentum,
1079 1509 1224 1578 quod
1271 1523 1299 1562 a
1344 1507 1627 1578 prophetis
1670 1508 1784 1561 ista
1804 1507 1964 1579 longe

381 1615 508 1659 ante
539 1602 819 1674 praedicta,
860 1615 1024 1671 quam
1065 1599 1210 1653 laeta
1241 1607 1402 1663 sunt;
1439 1598 1625 1668 qualia
1659 1599 1960 1663 diemones,

381 1697 474 1763 qui
522 1693 835 1748 futurorum
895 1691 1145 1744 notitiam
1188 1691 1292 1745 sibi
1330 1699 1614 1758 arrogant,
1658 1705 1726 1763 ne
1773 1687 1960 1743 lucum

382 1762 602 1853 quidem
675 1781 924 1836 faciendo
997 1788 1260 1850 prmstare
1319 1788 1550 1857 queant;
1621 1762 1717 1832 sed
1785 1791 1964 1846 neque

381 1873 590 1926 Christi
633 1874 949 1933 adventum,
980 1871 1065 1923 vel
1113 1870 1393 1923 interitum
1444 1884 1601 1922 suum
1648 1869 1964 1937 prmnosse?

384 1965 454 2017 At
481 1977 544 2017 ea
578 1963 718 2032 ipse,
753 1963 876 2031 quia
907 1965 1090 2029 justus
1147 1969 1194 2013 et
1246 1957 1491 2013 Salvator
1528 1974 1666 2022 sum,
1700 1957 1962 2026 praedixi;

383 2054 480 2123 qui
508 2053 658 2121 justa
705 2052 959 2106 oratione
993 2057 1182 2119 gentes
1217 2065 1406 2104 omnes
1439 2049 1505 2103 ad
1538 2051 1774 2102 salutem
1806 2062 1962 2101 voco.

385 2144 442 2198 ld
495 2144 640 2198 enim
695 2158 760 2197 eo
811 2143 953 2211 ipso,
998 2142 1140 2210 quod
1198 2141 1260 2194 ab
1309 2141 1558 2195 extremis
1612 2149 1765 2194 terra:
1808 2138 1964 2206 dixit,

390 2232 745 2301 signiﬁcavit.
779 2230 923 2296 Quin
969 2238 1019 2285 et
1061 2231 1268 2300 justum
1317 2247 1375 2285 se
1421 2230 1558 2284 alias
1610 2231 1878 2293 nominat,
1911 2238 1983 2284 ut-

387 2320 721 2384 daemonum,
753 2319 846 2388 qui
881 2319 934 2372 in
967 2327 1218 2372 naturam
1247 2307 1493 2371 nostram
1523 2316 1592 2370 ita
1621 2322 1965 2386 grassantur,

387 2417 452 2464 ut
483 2411 552 2465 ab
587 2409 845 2463 humanis
893 2409 1092 2463 hostiis
1141 2424 1250 2462 non
1301 2408 1633 2466 abstineant.
1660 2405 1969 2461 distinctio-

390 2515 514 2554 nem
574 2500 854 2553 adhibeat.
887 2497 992 2563 Qui
1047 2499 1190 2552 enim
1233 2515 1342 2552 non
1387 2498 1569 2567 justus
1610 2496 1843 2561 dicatur,
1877 2496 1969 2566 qui

391 2599 501 2644 tam
535 2590 771 2645 libenter
806 2590 1004 2659 injuria
1051 2589 1262 2644 allectis
1313 2589 1649 2659 opitulatur?
1691 2589 1783 2659 qui
1835 2588 1971 2643 nihil

391 2666 631 2734 omnino
670 2677 915 2732 futurum
969 2679 1309 2749 pronuntiat,
1339 2679 1485 2748 quod
1525 2689 1677 2734 certo
1717 2687 1771 2734 et
1807 2679 1969 2733 indu-

393 2768 568 2822 bitato
605 2779 802 2822 eventu
859 2783 968 2822 non
1021 2769 1254 2838 probet?
1299 2767 1434 2823 Cum
1486 2768 1630 2823 enim
1677 2768 1973 2824 Abrahami

396 2864 620 2926 nepotes
673 2871 796 2912 esse
850 2857 1194 2920 servituros,
1261 2854 1596 2926 tandemque
1660 2856 1972 2912 libertatem

395 2955 796 3002 oonsecuturos
822 2947 1202 3016 praedixisset;
1225 2944 1390 3017 526
1411 2946 1532 3016 ipso
1558 2954 1722 3002 etiam
1743 2961 1851 3001 non
1887 2961 1972 3002 re—

396 3034 660 3088 cordante
691 3036 1005 3104 patriarcha
1037 3034 1237 3107 (neque
1267 3036 1411 3089 enim
1440 3035 1660 3091 vivebat
1687 3035 1864 3090 adhuc
1893 3036 1989 3090 vel'

397 3126 519 3193 ejus
576 3135 924 3195 posterorum
971 3127 1287 3196 quisquam,
1342 3127 1435 3196 qui
1481 3125 1712 3195 justitiae
1753 3127 1977 3183 nomine

2059 677 2337 741 παντελῶς
2387 679 2440 729 οὶ
2460 676 2732 742 αἴροντες
2772 673 2837 726 τὸ
2874 671 3066 736 ξύλον
3123 671 3364 740 γλύμμα
3413 669 3634 734 αὐτῶν,

2057 771 2256 824 δὲστιν
2311 768 2571 838 ὑψοῦντες
2619 766 2694 830 ὡς
2719 765 2877 830 δόξαν
2923 763 3072 834 αὐτῷ
3126 764 3427 832 προσάγειν
3473 762 3633 816 Θεοῦ.

2065 864 2270 929 Ἤγουν
2297 861 2345 914 οἱ
2373 859 2442 914 τὰ
2471 858 2654 928 ἄψυχα
2676 856 2957 926 φέροντες,
3011 853 3088 917 ὡς
3123 853 3198 923 μὴ
3228 853 3497 905 κινεῖσθαι
3542 852 3636 905 δυ-

2060 953 2292 1023 νάμενα,
2345 951 2463 1012 πῶς
2515 945 2999 1018 ὁδοιποροῦντες,ἥ
3037 943 3290 1006 πλέοντες
3317 942 3415 1013 τὴν
3485 944 3637 1012 παρα

2059 1043 2265 1097 τούτων
2317 1041 2595 1095 αἰτοῦνται
2648 1037 2931 1110 βοήθειαν;
2969 1037 3031 1088 Εί
3079 1035 3135 1088 δὲ
3183 1033 3368 1102 ἔχουσί
3396 1050 3450 1086 τι
3508 1034 3640 1102 περὶ

2059 1135 2168 1189 τῶν
2196 1134 2338 1188 ἰδίων
2366 1133 2547 1200 λέγειν
2592 1129 2758 1196 θεῶν,
2789 1127 3154 1198 προσίτωσαν.
3203 1123 3476 1192 Σύνεγγυς
3529 1125 3640 1193 γάρ

2059 1225 2344 1293 γεγονότες
2377 1223 2466 1276 τὸν
2497 1221 2671 1292 ἀληθῆ
2729 1219 2861 1273 Θεὸν
2895 1217 3314 1286 ἐπιγνώσονται.
3357 1215 3432 1268 Οὐ
3493 1214 3644 1285 μέγα

2060 1319 2258 1387 δεῖγμα
2285 1315 2386 1386 τῆς
2408 1313 2660 1385 θεότητος
2699 1312 2759 1365 τὸ
2792 1310 3156 1384 προαγγεῖλαι
3196 1306 3372 1360 ταῦτα
3403 1306 3492 1358 διὰ
3528 1307 3644 1358 τῶν

2061 1407 2376 1481 προφητῶν,
2396 1409 2530 1478 ὅπερ
2553 1407 2652 1459 οὐκ
2685 1404 2868 1476 ἔχουσι
2897 1404 3072 1456 ποιεῖν
3097 1402 3143 1454 oi
3163 1398 3483 1468 φενακισμῷ
3508 1414 3646 1467 προ-

2061 1499 2240 1568 λέγειν
2265 1497 2731 1568 ὲπαγγελλόμενοι
2770 1495 3047 1566 δαίμονες,
3118 1496 3256 1562 μήτε
3278 1491 3376 1563 τὴν
3399 1489 3643 1559 Χριστοῦ

2064 1591 2374 1660 παρουσίαν
2402 1587 2750 1660 προγνόντες,
2779 1587 2917 1657 μήτε
2978 1585 3065 1655 τὴν
3117 1583 3254 1638 ἰδίαν
3300 1582 3642 1646 κατάλυσιν;

2078 1681 2220 1750 Ἐγὼ
2259 1681 2318 1735 δὲ
2364 1682 2644 1751 προεῖπον,
2670 1679 2792 1732 ἐπεὶ
2827 1677 3064 1744 δίκαιός
3114 1677 3235 1744 είμι
3293 1673 3389 1727 καὶ
3414 1672 3642 1740 Σωτήρ.

2063 1775 2275 1840 Δικαίῳ
2294 1774 2399 1842 γάρ
2425 1773 2565 1842 λόγῳ
2588 1773 2723 1841 πρὸς
2754 1770 3028 1841 σωτηρίαν
3067 1767 3248 1822 πάντα
3284 1766 3351 1820 τά
3389 1765 3514 1835 ἔθνη
3538 1781 3644 1818 κα-

2065 1864 2164 1918 λῶ.
2195 1865 2366 1919 Τοῦτο
2387 1867 2494 1936 γὰρ
2514 1865 2667 1935 δηλοῖ
2697 1865 2757 1917 τὸ
2789 1863 2890 1918 ἀπ’
2929 1861 3193 1932 ἐσχάτου
3225 1858 3334 1928 τῆς
3367 1858 3500 1928 γῆς.
3532 1860 3647 1912 Καὶ

2067 1957 2297 2011 δίκαιον
2350 1957 2542 2009 ἑαυτὸν
2598 1955 2771 2019 ἄλλως
2831 1953 3011 2017 καλεῖ,
3033 1953 3170 2022 πρὸς
3235 1949 3684 2038 ἁντιδιαστολὴν,

2066 2048 2174 2102 τῶν
2207 2048 2542 2118 ἠδικηκότων
2569 2045 2666 2117 τὴν
2689 2045 2967 2117 ἡμετέραν
3026 2044 3190 2114 φύσιν
3235 2042 3532 2112 δαιμόνων,
3592 2039 3646 2093 οἱ

2073 2139 2205 2209 μηδὲ
2234 2137 2486 2208 θυμάτων
2519 2135 2870 2208 ἀνθρωπίνων
2897 2126 3219 2205 ἀπέσχοντο.
3253 2133 3360 2186 Καὶ
3401 2130 3516 2194 πῶς
3576 2129 3639 2182 οὐ

2069 2225 2300 2294 δίκαιος
2357 2228 2386 2280 ὁ
2440 2231 2554 2291 τοῖς
2597 2226 2848 2281 τοσοῦτον
2901 2225 3250 2297 ἠδικημένοις
3301 2220 3643 2294 ὲπικουρῶν;

2068 2319 2127 2384 δς
2177 2320 2272 2373 καὶ
2314 2318 2543 2372 καθόλου
2591 2317 2890 2386 προλέγων,
2942 2317 3280 2371 ἀδιάπτωτον
3331 2315 3491 2384 τηρεῖ
3534 2311 3647 2365 τῶν

2070 2409 2486 2481 προρρηθέντων
2506 2407 2604 2479 τὴν
2633 2408 2894 2469 ἔκδασιν;
2929 2407 3216 2478 Προειπὼν
3246 2407 3352 2476 γάρ
3395 2401 3648 2473 Ἀϐραάμ

2072 2501 2177 2571 τὴν
2197 2500 2442 2554 δουλείαν
2465 2517 2524 2554 τε
2551 2499 2648 2553 καὶ
2676 2498 2773 2570 τὴν
2802 2497 3119 2569 ἐλευθερίαν
3141 2495 3233 2550 τοῦ
3275 2497 3491 2565 γένους,
3550 2491 3650 2546 καὶ

2076 2591 2210 2665 μήτε
2255 2591 2508 2664 Ἀϐραὰμ
2523 2591 2936 2663 ὑπομνήσαντος
2965 2588 3105 2662 (τότε
3127 2588 3234 2657 γάρ
3258 2586 3381 2640 οὐδὲ
3412 2580 3479 2657 ἦν
3505 2586 3649 2656 μήτε

2071 2683 2179 2736 τῶν
2207 2683 2263 2751 ἐξ
2290 2681 2455 2736 αὐτοῦ
2502 2680 3084 2753 δικαιοπραγούντων),
3147 2678 3288 2750 πρὸς
3353 2677 3508 2749 ἔργον
3559 2676 3652 2743 ἐξ·

2074 2775 2294 2845 ήνεγκε.
2321 2773 2433 2826 Καὶ
2456 2773 2618 2826 πάλιν
2637 2772 2868 2826 δίκαιόν
2890 2787 3055 2840 φησιν
3078 2769 3289 2830 ἑαυτὸν,
3317 2769 3442 2830 τοὺς
3467 2769 3650 2838 ἡμαρ·

2073 2866 2308 2936 τηκότας
2349 2864 2548 2934 φοϐῶν.
2586 2866 2831 2920 Δικαίου
2859 2864 2968 2935 γὰρ
3007 2864 3041 2934 ὴ
3084 2863 3458 2932 ἀπαραίτητος
3483 2859 3648 2914 κόλα-

2078 2971 2181 3018 σις.
2222 2956 2394 3009 Καλεῖ
2411 2956 2468 3010 δὲ
2496 2957 2589 3010 καὶ
2617 2954 2886 3023 Σωτῆρα,
2913 2953 2990 3018 ὡς
3023 2954 3090 3007 ἂν
3127 2953 3285 3005 αὐτὸν
3339 2949 3431 3004 ὲπὶ
3453 2965 3652 3017 σωτη-

2068 3045 2173 3112 ρίᾳ
2226 3043 2488 3114 μαθόντες
2515 3045 2694 3099 πάντα
2736 3045 2908 3096 ποιεῖν
2953 3039 3157 3108 αὐτῶν,
3186 3041 3496 3111 ὁμολογοῖεν
3550 3040 3654 3110 μὲν

2081 3132 2467 3204 μετανοοῦντες
2499 3133 2566 3205 ἢν
2591 3134 2656 3186 ὲκ
2683 3123 2807 3186 ’τῶν
2850 3132 3074 3187 δικαίων
3132 3130 3404 3199 ὀφείλουσι
3447 3129 3607 3200 δίκην
3635 3145 3652 3161 ο

395 3215 896 3286 commendaretur)
936 3216 1003 3271 ad
1047 3216 1255 3271 exitum
1309 3230 1400 3270 res
1444 3215 1563 3284 ipsa
1597 3215 1829 3269 deducta
1869 3222 1965 3268 est.

2081 3223 2491 3295 φιλανθρωπίας
2529 3223 2588 3278 δὲ
2640 3224 2912 3295 τυχόντες,
2965 3223 3064 3295 τὴν
3099 3221 3192 3276 τοῦ
3244 3219 3650 3292 συγχωροῦντος

397 3303 618 3360 Iustum
653 3322 849 3363 rursus
877 3318 931 3363 et
965 3308 1084 3378 ipse
1115 3323 1173 3363 se
1202 3307 1461 3378 appellat,
1505 3318 1563 3363 ut
1594 3309 1685 3375 iis,
1719 3309 1816 3378 qui
1850 3323 1965 3379 pec-

2081 3314 2448 3385 χρηστότητα.
2495 3315 2758 3377 «Δίκαιος
2827 3313 2938 3384 γὰρ
3004 3310 3197 3366 ἑαυτοῦ
3239 3312 3539 3380 κατήγορος
3597 3309 3654 3361 ἐν

402 3405 620 3463 carunt,
657 3408 863 3453 metum
923 3399 1180 3453 incutiat.
1221 3398 1386 3453 Caret
1436 3399 1580 3453 enim
1631 3401 1965 3455 miserationi

2080 3403 2444 3475 πρωτολογίᾳ.
2472 3425 2490 3456 ι
2523 3404 2636 3476 Τὴν
2671 3404 2801 3475 περὶ⁵
2829 3403 2939 3457 τῶν
2973 3403 3152 3456 ὲθνῶν
3181 3403 3238 3456 δὲ
3261 3401 3656 3468 δικαιοσύνην

397 3499 529 3554 qua:
564 3487 836 3556 justorum
886 3497 972 3543 est
1027 3490 1082 3543 in
1119 3488 1328 3544 scelera
1363 3490 1783 3545 animadversio.
1817 3491 1959 3545 Voca

2085 3493 2202 3566 μεθ’
2233 3495 2396 3565 ὅρκου
2437 3495 2780 3566 προίσχεται,
2838 3512 2858 3546 ι
2902 3494 3018 3548 Ἵνα
3035 3492 3123 3548 διὰ
3143 3493 3254 3558 δύο,
3287 3492 3451 3564 φησὶν
3471 3491 3657 3554 δθεῖος

405 3589 535 3628 vero
561 3585 617 3629 et
644 3576 994 3642 Salvatorem,
1028 3585 1086 3631 ut
1116 3586 1398 3648 postquam
1427 3579 1606 3648 ipsum
1642 3579 1832 3633 salutis
1859 3593 1965 3648 ergt

2095 3585 2437 3651 Ἀπόστολος,
2471 3586 2811 3657 πραγμάτων
2829 3586 3201 3656 ἀμεταθέτων,
3258 3585 3316 3638 ὲν
3359 3579 3439 3647 οἷς
3463 3581 3656 3636 ἀδύνα-

405 3665 587 3719 moliri
631 3668 814 3722 omnia
867 3670 1266 3738 perspexerint,
1308 3685 1400 3726 eas
1447 3671 1551 3728 sibi
1598 3686 1814 3741 poenas,
1847 3686 1965 3742 qua:

2085 3691 2174 3729 τον
2208 3674 2513 3746 ψεύσασθαι
2542 3677 2691 3742 Θεὸν,
2729 3677 2954 3748 ἰσχυράν
2986 3676 3329 3747 παράκλησιν
3353 3674 3585 3744 ἔχωμεν.
3624 3689 3644 3724 ι

402 3758 708 3828 perferunt,
754 3759 900 3829 justo
951 3760 1119 3830 inlligi
1175 3763 1446 3816 scelerum
1498 3763 1838 3817 conscientia
1889 3763 2201 3831 fateantur;
2273 3769 2319 3822 si
2360 3769 2494 3838 quid
2553 3777 2733 3823 autem
2776 3768 3131 3823 humanitatis
3198 3766 3455 3832 sentiant,
3522 3765 3654 3820 illud

404 3855 586 3922 ipsum
649 3854 850 3910 divinae
906 3857 1096 3925 gratiae
1156 3856 1590 3926 lienignitatique
1623 3858 1947 3912 attribuant.
1998 3877 2018 3912 ι
2048 3858 2244 3918 Justus
2285 3863 2456 3927 enim,
2497 3863 2757 3916 scribitur
2788 3863 2854 3928 ⁸³,
2886 3863 3038 3931 prior
3061 3870 3143 3917 est
3172 3870 3462 3917 accusator
3489 3861 3593 3916 sui.
3624 3879 3642 3912 ο

370 3948 660 4024 ,Ρι-ωῑειίι
699 3962 831 4003 vero
863 3962 972 4002 non
1005 3946 1458 4015 sinejuramento
1502 3948 1742 4018 gentium
1803 3949 2095 4019 justitiam,
2135 3971 2153 4006 ι
2189 3962 2370 4025 utper
2439 3955 2578 4010 duas
2620 3970 2730 4021 res,
2795 3955 2872 4010 ait
2935 3955 3228 4026 Apostolus
3258 3957 3330 4019 ",
3396 3955 3651 4010 immobi-

391 4039 504 4102 sies,
535 4037 735 4106 quibus
771 4037 1112 4107 impossibile
1149 4047 1233 4092 est
1265 4037 1482 4091 mentiri
1524 4037 1712 4104 Deum,
1737 4037 2100 4096 fortissimum
2131 4044 2392 4098 solatium
2429 4044 2750 4100 habeamus.
2789 4063 2807 4096 ι
3589 4027 3594 4030 ’

475 4133 544 4187 Et
582 4139 844 4189 sermones
885 4133 1004 4198 mei,
1038 4132 1206 4197 addit,
1264 4149 1368 4186 non
1427 4141 1744 4186 avertantur.
1777 4132 1965 4198 Qualet

2149 4137 2260 4193 Καὶ
2319 4140 2373 4194 oi
2437 4141 2604 4209 λόγοι
2654 4139 2712 4192 δέ
2732 4156 2871 4210 μου,
2907 4140 3069 4211 φησὶν
3104 4140 3216 4194 οὐκ
3260 4141 3650 4211 ἀποστραφή-

385 4238 534 4279 rvere
564 4223 874 4278 sermones?
902 4221 1113 4288 Quibus
1154 4222 1417 4275 nimirum
1451 4221 1667 4276 dicebat
1701 4239 1714 4274 :
1751 4220 1965 4277 Conver-

2083 4246 2314 4285 σον-ται.
2383 4232 2530 4285 Ποῖοι
2589 4232 2646 4286 δὲ
2703 4232 2909 4300 λόγοις
2953 4231 3021 4286 δι’
3075 4225 3151 4287 ὧν
3229 4232 3435 4301 ἔλεγεν,
3481 4233 3641 4287 Ἑπι-

389 4315 585 4368 .timini
614 4315 684 4368 ad
708 4331 808 4379 me,
847 4322 898 4366 et
933 4312 1066 4365 salvi
1092 4312 1243 4365 eritis
1275 4310 1338 4363 ab
1363 4321 1598 4364 extremo
1642 4322 1818 4366 terrm.
1849 4311 1965 4378 Qui-

2084 4320 2390 4390 στράερητε
2445 4322 2540 4375 ἐπ’
2594 4320 2718 4392 ἐμὲ,
2748 4321 2849 4375 καὶ
2881 4321 3237 4392 σωθήσεσθε
3269 4325 3322 4377 οἱ
3350 4321 3451 4377 ἀπ’
3471 4321 3649 4391 ἐσκά-

388 4405 506 4461 ςὶωε
535 4414 715 4461 autem
761 4405 830 4460 de
875 4405 1062 4459 causis
1107 4403 1494 4472 jusjurandum
1546 4403 1837 4469 addiderit,
1881 4404 1965 4458 hor

2083 4427 2192 4466 του
2216 4409 2324 4480 τῆς
2348 4410 2478 4482 γῆς.
2523 4412 2648 4466 Ἐπὶ
2685 4413 2827 4466 τίσιν
2853 4413 2909 4466 δὲ
2964 4413 3056 4466 τὸν
3131 4415 3290 4484 ὅρκον
3350 4413 3646 4485 ἐπήγαγεν,

387 4498 522 4564 iipso
577 4496 808 4561 indicat,
865 4495 1030 4563 quod,
1064 4495 1190 4563 quia
1240 4494 1371 4546 mihi
1425 4493 1793 4547 incurvabitur
1838 4510 1965 4546 omni

2107 4500 2256 4570 δηλοῖ
2283 4501 2452 4571 λέγων
2488 4517 2502 4531 ο
2540 4501 2661 4555 Ὅτι
2686 4501 2815 4571 ἐμοὶ
2855 4501 3076 4572 κάμψει
3119 4501 3245 4557 πᾶν
3293 4504 3462 4574 γόνυ,
3505 4503 3565 4556 οὐ
3595 4503 3654 4555 τὸ

389 4603 563 4656 genu,
603 4602 710 4640 non
775 4585 1087 4640 Judzeorum
1130 4593 1382 4648 tantum,
1425 4583 1693 4652 adjunxit.
1737 4583 1794 4639 Si
1840 4585 1965 4641 enin

2079 4593 2348 4648 Ἰουδαίων
2407 4594 2587 4664 μόνον.
2648 4593 2711 4647 Ei
2770 4593 2881 4666 γὰρ
2935 4593 3152 4666 Ἰσραὴλ
3207 4595 3346 4665 μετὰ
3386 4595 3654 4656 τοσαύτας

391 4676 583 4744 gratia
632 4675 822 4729 lsraeli
860 4685 983 4744 post
1017 4684 1166 4727 tanta
1214 4683 1438 4744 peccata
1472 4689 1609 4742 opus
1642 4673 1778 4742 fuit;
1816 4677 1965 4731 multi

2080 4685 2374 4758 ἁμαρτίας,
2411 4689 2636 4760 χάριτος
2663 4689 2857 4761 ἐδεήθη
2884 4707 2898 4720 ο
2924 4690 3104 4760 πολλῷ
3141 4689 3338 4761 μᾶλλον
3399 4690 3494 4742 ἐπὶ
3520 4688 3654 4744 πάν·

395 4765 588 4830 magis
618 4766 763 4834 quod
807 4766 1032 4828 dicitur,
1069 4779 1190 4818 cum
1227 4765 1299 4819 sit
1335 4766 1581 4818 omnium
1619 4765 1780 4836 longe
1815 4767 1965 4822 maxi'

2087 4795 2192 4832 των
2227 4779 2371 4851 μέγα
2402 4779 2462 4833 ὃν
2490 4759 2867 4854 τὸλεγόμενον
2914 4759 3222 4853 ἡπιστεῖτο.
3277 4783 3358 4834 Δι’
3396 4783 3533 4852 ὅπερ
3579 4780 3653 4844 ὡς

388 4872 577 4922 unum,
627 4855 790 4911 ﬁdem
843 4870 956 4909 non
1006 4854 1271 4909 inveniat.
1333 4854 1460 4910 Inde
1510 4866 1595 4911 est
1644 4871 1798 4928 ergo,
1844 4874 1965 4929 quer

2086 4869 2390 4941 ἀνθρώποις
2418 4871 2813 4944 διαλεγόμενος,
2845 4875 3006 4944 ὅρκον
3055 4875 3360 4943 ἐπήγαγεν,
3391 4873 3468 4936 ὡς
3491 4887 3654 4944 προσ-

404 4954 683 5016 .tanquam
714 4960 837 5000 cum
869 4944 1184 5000 hominibus
1217 4959 1402 4999 sermo
1441 4943 1730 5009 habeatur,
1772 4947 1965 5001 admoti

2087 4963 2414 5034 κυνήσουσιν
2497 4965 2667 5036 αὐτῷ,
2715 4965 2811 5020 καὶ
2873 4965 3037 5020 αὐτὸν
3093 4967 3256 5036 ὅρκον
3316 4967 3647 5035 ποιήσονται,

403 5039 802 5110 jurejurando,
832 5053 928 5094 eos
965 5038 1124 5092 illum,
1168 5053 1292 5094 esse
1338 5039 1686 5109 adoraturos,
1719 5041 1958 5112 similiqu

2088 5051 2225 5121 ὅπερ
2253 5053 2316 5106 ὲκ
2347 5053 2549 5124 μέρους
2579 5056 2938 5126 πεπλήρωται
2977 5055 3284 5128 κληθέντων
3333 5055 3442 5108 τῶν
3465 5053 3649 5107 ἐθνῶν.

393 5131 732 5200 νέξυιτιιιιειιιο
761 5145 985 5196 usuros,
1017 5129 1394 5195 conﬁrmavit,
1426 5128 1572 5200 quod
1606 5141 1856 5200 expatre
1880 5133 1965 5204 jan

2092 5140 2518 5216 Πληρωθήσεται
2549 5146 2605 5199 δὲ
2628 5147 2846 5211 τελείως
2867 5149 2925 5200 ὲν
2952 5150 3020 5219 τῇ
3050 5145 3330 5218 συντελείᾳ
3371 5146 3465 5199 τοῦ
3522 5144 3651 5200 αίῶ-

402 5222 626 5276 wocatis
659 5223 916 5292 gentibus
957 5219 1229 5276 accidisse
1263 5220 1536 5275 videmus.
1574 5220 1965 5276 Ellieieturau

2096 5249 2208 5295 νος.
2238 5234 2325 5287 ὅτε
2370 5237 2477 5288 πᾶν
2497 5236 2832 5309 ἀνθρώπινον
2855 5239 3144 5310 φάντασμα
3190 5239 3286 5292 καὶ
3303 5237 3497 5308 ψεῦδος
3525 5254 3657 5291 κατ-

387 5319 499 5365 tcm
517 5324 760 5376 pem-tus,
805 5326 932 5366 cum
974 5311 1038 5366 in
1090 5313 1275 5368 saeculi
1308 5313 1781 5369 consummatione
1809 5315 1965 5370 omni:

2092 5323 2483 5396 αργηθήσεται.
2523 5325 2698 5380 Πᾶσα
2756 5328 2826 5382 δὲ
2855 5327 3110 5400 γλῶσσα
3138 5329 3278 5398 ἐρεῖ,
3315 5329 3405 5382 ὅτι
3439 5328 3655 5382 δικαιο-

401 5401 654 5456 humanae
702 5407 907 5461 mentis
956 5408 1221 5477 cogitatio
1269 5409 1600 5477 vanitasque
1644 5408 1962 5466 destruetur

2083 5415 2272 5481 σύνη,
2304 5416 2403 5470 καὶ
2432 5417 2581 5483 δόξα
2609 5419 2758 5487 πρὸς
2794 5422 2982 5477 αὑτὸν
3031 5421 3184 5488 ἣξει.
3246 5421 3320 5474 Τὸ
3383 5420 3442 5473 δὲ
3489 5417 3655 5481 δόξα,

405 5489 592 5546 Omnis
624 5502 800 5547 autem
841 5495 1024 5565 lingua
1053 5496 1211 5562 dicet,
1237 5497 1364 5566 quia
1382 5497 1607 5565 justitia
1635 5509 1685 5552 et
1709 5499 1882 5570 gloria
1912 5517 1965 5555 ac

2089 5504 2268 5572 ἰσχὺς
2305 5509 2333 5558 δ
2372 5505 2664 5579 Σύμμαχος
2685 5511 2928 5582 εἴρηκεν.
2960 5513 3138 5566 Πᾶσαι
3171 5513 3275 5585 γάρ
3294 5511 3349 5564 αἱ
3401 5511 3460 5566 ιν
3496 5507 3660 5580 οὐρα-

501 5667 547 5699 ⁶⁸
578 5665 738 5722 Prov.
775 5681 932 5738 xvtu,
966 5671 1052 5724 l7.
1126 5672 1170 5704 "
1211 5669 1376 5728 Hebr.
1412 5689 1489 5742 vt,
1522 5673 1610 5728 18.
1709 5705 1722 5718 ο
