3976 6220
311 314 452 382 ειετ

1415 305 1950 369 COMMENTARII
1982 306 2067 368 IN
2095 305 2386 369 ISAIAM.

3427 297 3573 369 2&38

313 429 425 489 νοϊς
447 421 642 494 ἀρεταὶ
689 420 845 487 τέλος
898 418 1060 477 αὐτὸν
1082 418 1286 485 ἕξουσι.
1319 418 1434 473 Καὶ
1497 419 1650 476 πᾶσα
1698 418 1920 488 ίσχὺςλ

2020 434 2100 472 um
2128 421 2326 487 ueniet,
2357 432 2470 491 quo
2494 417 2639 486 loco,
2666 431 2768 490 pro
2796 418 2999 489 gloria,
3019 415 3124 472 sint
3147 406 3291 472 dixit
3320 408 3567 487 Symma-

313 514 617 588 ἀνθρώπιον
642 511 752 565 τῶν
782 512 923 582 ὑπὲρ
951 509 1260 573 θεοσεϐείας
1280 507 1712 578 ἀγωνισαμένων
1747 510 1886 581 πρὸς

313 605 479 660 αὐτὸν
497 602 798 666 ὲλεύσεται,
815 601 1016 672 ἀρετῆς
1034 600 1130 654 καὶ
1141 600 1388 670 καμάτου
1407 599 1542 670 γέρα
1563 601 1888 671 παρέχοντα.

317 699 385 751 Ol
442 695 500 750 δὲ
526 691 890 764 διορίζοντες
912 691 1186 756 ἑαυτοὺς,
1229 691 1769 760 αἰσχυνθήσονται.
1805 690 1895 745 Διὸ

313 784 588 839 λέλεκται·
626 782 1090 854 Αἰσχυνθήσονται
1123 779 1324 844 πάντες
1359 782 1408 833 οἰ
1458 779 1896 851 προσκυνοῦντες

314 877 428 937 τοῖς
454 873 735 943 γλυπτοῖς.
772 871 882 925 Καὶ
906 872 1020 934 τοῖς
1049 869 1327 934 Ἰουδαίοις
1387 869 1607 938 ἐλέγετο
1637 885 1652 900 ’
1697 887 1716 921 ι
1769 869 1894 923 Ἐὰν

319 961 397 1036 μὴ
429 963 756 1032 πιστεύσητε
777 961 860 1015 ὅτι
893 957 1005 1028 ἐγώ
1030 961 1168 1030 εἰμι,
1201 962 1258 1013 ὲν
1279 963 1399 1026 ταῖς
1427 960 1724 1031 ἁμαρτίαις
1741 960 1895 1029 ύμῶν

317 1055 700 1112 ἀποθανεῖσθε.
731 1073 751 1108 ι
802 1055 940 1109 Πότε
995 1055 1052 1109 δὲ
1109 1053 1666 1124 αἰσχυνθιξσονται;
1725 1054 1894 1108 Ὅταν

221 1187 224 1190 -
318 1150 444 1202 πᾶν
470 1147 618 1217 γόνυ
634 1145 867 1216 κάμψῃ,
896 1149 1036 1218 μετὰ
1074 1146 1249 1202 ταῦτα
1309 1145 1549 1214 λέγεται,
1580 1143 1895 1209 δικαιωθήο

320 1253 570 1302 vortat,
626 1237 726 1291 καί
770 1238 840 1291 ὲν
871 1237 953 1303 τῷ
988 1235 1110 1303 Θεῷ
1156 1235 1723 1302 ἐνδοξασθήσονται
1773 1232 1897 1289 πᾶν

319 1329 389 1383 τὸ
412 1329 653 1398 σπέρμα
688 1327 806 1382 τῶν
834 1327 980 1383 υίῶν
1010 1327 1274 1397 Ἰσραήλ.
1308 1327 1385 1380 Τὸ
1413 1326 1470 1380 δὲ
1496 1327 1734 1395 σπέρμα
1777 1324 1898 1377 τῶν

321 1420 471 1476 υίῶν
508 1419 780 1488 Ἰσραὴλ.
810 1419 919 1472 υἱοὶ
950 1428 971 1456 ⁸
997 1419 1106 1488 γὰρ
1152 1417 1389 1488 Ἰσραὴλ,
1434 1415 1485 1469 οἳ
1539 1416 1745 1485 πρῶτοι
1789 1414 1897 1467 τῶν

323 1511 672 1578 Εύαγγελίων
702 1511 996 1580 ἐτύγχανον
1026 1511 1287 1580 κήρυκες,
1319 1501 1394 1562 ὧν
1422 1507 1482 1561 τὸ
1513 1506 1750 1574 σπέρμα
1805 1505 1899 1558 καὶ

325 1604 427 1673 τὴν
451 1602 702 1673 διαδοχὴν
739 1601 842 1672 ἔφη
871 1599 1370 1666 δικαιωθήσεσθαι
1393 1597 1495 1652 καὶ
1529 1596 1900 1662 θοξασθήσε-

328 1698 490 1761 σθαι,
530 1694 631 1760 τῆς
669 1693 940 1755 υἱοθεσίας
971 1691 1330 1763 ἠξιωμένους,
1368 1690 1499 1759 περὶ
1546 1681 1620 1742 ὧν
1656 1688 1739 1752 τὸ,
1777 1706 1795 1738 ι
1835 1687 1897 1740 Εἰ

330 1785 408 1856 μὴ
454 1760 658 1855 Κύριος
709 1782 937 1837 Σαϐαὼθ
989 1760 1349 1852 ἐγκατέλιπεν
1399 1783 1531 1852 ἡμῖν
1599 1780 1840 1850 σπέρμα,
1871 1797 1890 1830 ι
1929 1760 1971 1814 Β

328 1875 674 1947 προείρηται.
727 1874 850 1927 Ὅτι
902 1873 961 1927 δὲ
1020 1872 1262 1942 σπέρμα
1313 1871 1423 1925 τῶν
1481 1867 1822 1923 διδασκάλων
1854 1867 1903 1920 οἰ

334 1966 598 2036 μαθηταὶ,
625 1965 775 2037 δηλοῖ
801 1964 896 2018 καὶ
930 1963 1142 2028 Παῦλος
1169 1964 1362 2031 λέγων’
1395 1980 1412 2012 ι
1437 1961 1526 2014 Ἐν
1543 1959 1652 2029 γὰρ
1685 1956 1905 2028 Χριστῷ

331 2055 510 2127 ’1ησοῦ
539 2055 630 2110 διὰ
646 2054 744 2110 τοῦ
765 2053 1102 2124 Εὐαγγελίου
1125 2051 1237 2122 ἐγὼ
1263 2053 1406 2124 ὑμᾶς
1421 2051 1709 2122 ἐγέννησα.
1740 2066 1762 2103 ι

899 2319 1152 2374 ΚΕΦΔΛ.
1195 2319 1349 2386 Μετ’.

402 2417 536 2466 a'-e'.
595 2404 820 2464 Ἐπεσε
852 2410 1004 2476 Βὴλ,
1038 2408 1359 2476 συνετρίϐη
1395 2404 1597 2476 Δαγὼν
1618 2445 1633 2466 .
1673 2401 1912 2474 ἐγένετο

299 2520 312 2527 ·
336 2502 412 2557 τὰ
434 2500 671 2571 ’καλυπτὰ
696 2497 896 2553 αὐτῶν
919 2501 1006 2564 εἰς
1037 2500 1232 2566 θηρία,
1253 2496 1351 2550 καί
1375 2496 1444 2550 τὰ
1476 2496 1688 2563 κτήνη.
1714 2494 1914 2562 Αἰρετε

338 2589 494 2646 αὐτὰ
550 2587 1013 2657 καταδεδεμένα,
1053 2588 1131 2652 ὡς
1167 2587 1415 2655 φορτίον
1464 2583 1771 2648 κοπιῶντι,
1818 2583 1916 2637 καί

337 2679 759 2748 ἐκλελυμένα),
803 2679 904 2732 καί
955 2677 1254 2731 πεινῶντι.
1301 2677 1424 2729 οὐκ
1468 2675 1741 2743 ἰσχύοντι
1775 2672 1914 2742 ἅμα,

343 2773 402 2827 οἳ
426 2775 499 2825 οὐ
531 2771 901 2838 δυνήσονται
929 2767 1200 2836 σωθῆναι
1251 2766 1374 2821 ἀπὸ
1409 2765 1678 2833 πολέμου
1697 2783 1710 2796 ·
1747 2766 1916 2819 αὐτοί

341 2861 414 2916 δὲ
444 2861 814 2932 αἰχμάλωτοι
840 2858 1142 2928 ἤχθησαν,
1175 2874 1230 2910 κ.
1257 2875 1308 2910 τ.
1338 2855 1391 2910 λ.

414 2953 599 3006 Εἰπὼν
631 2951 761 3022 περὶ
810 2950 908 3020 τῆς
942 2950 1282 3019 ἐπιστροφῆς
1314 2947 1424 2999 τῶν
1463 2943 1656 3008 ἐθνῶν,
1689 2945 1786 3000 καὶ
1821 2945 1922 3016 τῆς

343 3045 577 3113 ικλογῆς
631 3043 727 3096 τοῦ
790 3041 1105 3112 σπέρματος
1159 3039 1271 3093 τῶν
1322 3038 1452 3091 υἱῶν
1498 3036 1742 3108 Ἰσραὴλ,
1785 3037 1922 3108 πρὸς

357 3138 646 3199 Ἰουδαίους
683 3135 1057 3206 ἀποστραφεὶς
1095 3131 1194 3204 τὴν
1233 3130 1472 3200 παντελῆ
1519 3129 1778 3202 σημαίνει
1822 3130 1922 3200 τῆς

347 3232 792 3300 εἰδωλολατρείας
839 3229 1182 3300 καθαίρεσιν.
1238 3225 1369 3292 Βὴλ
1423 3223 1482 3277 δὲ
1533 3224 1630 3278 καὶ
1665 3224 1924 3294 Ἕλληνες

347 3325 574 3382 καλοῦσι
601 3326 692 3378 τὸν
718 3324 947 3395 Κρόνον,
968 3316 1013 3391 ᾧ
1046 3322 1110 3392 δὴ
1147 3320 1427 3390 προσῆγον
1457 3319 1507 3370 οἱ
1549 3317 1794 3369 πλεῖστοι
1834 3314 1926 3368 θυ-

351 3419 471 3473 σίαν
490 3419 558 3472 τὰ
585 3417 835 3487 φίλτατα.
873 3414 932 3468 '0
965 3414 1019 3466 δὲ
1042 3411 1266 3480 Δαγὼν,
1309 3409 1624 3478 ἀλλοφύλων
1654 3406 1840 3472 ξόανον
1869 3407 1927 3460 ὲν

359 3510 666 3565 ’Δσκαλῶνι
693 3509 786 3561 καὶ
830 3506 982 3580 Γάζῃ
1027 3506 1361 3574 τιμώμενονι
1409 3503 1486 3571 Ti
1525 3501 1582 3554 δὲ
1632 3499 1776 3566 λέξει
1829 3498 1927 3569 τῆς

348 3599 594 3672 ἰστορίας
637 3602 666 3653 δ
703 3598 990 3668 προφήτης
1024 3595 1318 3661 ἐνέμεινεν.
1372 3591 1457 3654 Ὧς
1489 3591 1658 3660 γὰρὴ
1697 3589 1929 3650 κιϐωτὸς

350 3687 556 3747 ἁλοῦσα
591 3689 729 3759 πρὸς
757 3685 922 3740 αὑτὸν
962 3684 1362 3753 εἰσενήνεκται,
1396 3680 1720 3747 συνετρίϐη
1755 3695 1930 3745 παρα-

353 3777 543 3853 χρῆμα
566 3778 771 3833 πεσών.
810 3775 944 3830 ’Λπδ
967 3775 1024 3828 δὲ
1056 3773 1150 3827 τοῦ
1183 3770 1412 3843 μερικοῦ
1443 3769 1580 3840 πρὸς
1604 3768 1666 3820 τδ
1696 3765 1927 3820 καθόλου

355 3873 453 3943 τῆς
493 3867 936 3939 εἰδωλολατρείας
965 3865 1072 3919 τὸν
1099 3863 1256 3932 λόγον
1295 3859 1588 3928 ἀναγαγὼν
1608 3898 1624 3922 ,
1657 3857 1931 3927 Ἐγένετο

355 3961 623 4032 τλυπτὰ,
681 3960 881 4031 φησὶν,
941 3953 1141 4010 αὐτῶν
1189 3955 1278 4018 εἰς
1327 3951 1503 4018 θηρία
1562 3947 1664 4002 καί
1708 3948 1926 4017 κτήνη.

357 4051 594 4106 Τοιαῦτα
621 4045 680 4102 δέ
717 4048 842 4102 καθ’
881 4047 1011 4116 ὅλης
1047 4048 1148 4116 τῆς
1190 4042 1468 4110 Αἰγύπτου
1499 4039 1568 4093 τὰ
1610 4039 1822 4093 εἴδωλα.
1871 4040 1930 4092 '0

354 4142 412 4197 δὲ
441 4143 764 4210 Σύμμαχος,
801 4138 1093 4207 Ἐγένετο,
1145 4134 1299 4203 φησὶ,
1339 4131 1414 4186 τὰ
1461 4131 1682 4186 εἴδωλα
1731 4129 1932 4186 αὐτῶν

357 4226 525 4298 ζώοις
571 4229 808 4294 Exacta,
843 4229 916 4293 ὡς
947 4227 1323 4300 ἀπορριφέντα
1371 4223 1637 4291 δηλονότι,
1680 4223 1776 4277 καὶ
1810 4223 1934 4278 λίαν

359 4322 706 4395 κρημωμένα
725 4335 776 4378 ι.
793 4319 1240 4391 Ὑπομιμνήσκει
1263 4316 1342 4382 δὲ,
1360 4315 1494 4385 φασί
1513 4331 1678 4379 τινες,
1692 4315 1891 4378 αὐτοὺς
1905 4314 1934 4367 ὁ

1995 510 2154 566 chus.
2205 510 2410 568 Omnes
2463 510 2635 575 enim,
2674 525 2796 580 quae
2840 508 2896 564 in
2942 510 3104 565 caelis
3139 517 3272 565 sunt
3313 510 3570 579 virtutes,

1996 620 2096 678 pro
2127 604 2232 660 (Ine
2263 605 2440 675 ipsum
2473 604 2742 660 habitura:
2775 610 2926 658 sunt.
2961 603 3153 658 Omnis
3196 603 3435 674 denique
3472 605 3576 660 ho-

1997 697 2204 752 minum
2236 699 2427 762 virtus,
2454 697 2549 768 qui
2583 696 2802 768 pietatis
2832 695 3058 750 nomine
3096 695 3472 760 decertarunt,
3503 695 3575 751 ad

1994 802 2144 854 eum,
2175 789 2270 858 qui
2305 790 2509 845 laboris
2543 799 2598 845 et
2641 789 2948 844 honestatis
2991 789 3276 857 praemium
3321 789 3574 859 largitur,

1995 887 2227 933 ventura
2246 892 2348 934 est.
2371 880 2669 946 Quiautem
2687 893 2743 934 se
2763 880 2864 947 ipsi
2882 879 3572 947 separant,ron[undentur.

1996 970 2173 1037 Atque
2222 970 2350 1025 inde
2378 978 2484 1036 est,
2510 969 2655 1040 quod
2681 984 2874 1024 omnes
2898 971 2990 1038 qui
3017 969 3287 1038 sculptilis
3323 971 3574 1036 adorant,

1997 1057 2157 1130 527
2184 1060 2471 1116 confusura
2505 1061 2572 1115 iri
2604 1061 3073 1118 scribitur“.Hiuc
3093 1060 3282 1124 etiam,
3308 1061 3454 1128 quod
3486 1055 3579 1114 Ju-

1997 1147 2127 1201 dreis
2150 1146 2437 1201 dicebatur
2478 1162 2494 1202 :
2569 1166 2587 1200 ι
2612 1147 2728 1203 Nisi
2752 1147 3103 1204 credideritis
3126 1146 3273 1216 quod
3304 1163 3404 1217 ego
3433 1163 3577 1213 sum,

1999 1237 2054 1290 in
2099 1237 2336 1306 peccatis
2376 1238 2574 1292 vestris
2625 1239 2934 1292 moriemini
2970 1238 3038 1291 ⁸⁸.
3066 1259 3084 1288 ι
3124 1236 3354 1303 Quando
3394 1246 3579 1292 autem

1998 1329 2418 1388 confundentur?
2432 1327 2530 1383 Uhi
2551 1345 2701 1383 omne
2717 1345 2850 1398 genu
2867 1329 2985 1382 incu
2995 1329 3214 1382 ruarerit
3234 1338 3451 1398 ;postea
3473 1329 3578 1383 ait:

1997 1421 2470 1491 Justiﬁcabuntur,
2501 1433 2547 1476 et
2582 1423 2636 1476 in
2665 1423 2774 1477 Deo
2800 1422 3195 1492 gloriﬁcabitur
3222 1438 3374 1474 omne
3409 1435 3587 1474 semen

2001 1511 2233 1580 ﬁliorum
2279 1509 2477 1566 Israel.
2529 1511 2669 1566 Sunt
2708 1528 2834 1567 veru
2888 1529 3063 1567 semen
3111 1513 3350 1580 ﬁliorum
3387 1509 3581 1576 Israel,

2003 1603 2080 1657 illi
2111 1605 2210 1672 ipsi
2239 1590 2403 1658 Israel
2437 1604 2555 1668 lilii,
2588 1604 2682 1674 qui
2737 1589 2902 1674 primi
2960 1619 3242 1673 praecones
3302 1600 3586 1672 Evangelii

2003 1692 2247 1757 fuerunt.
2286 1710 2519 1764 quorum
2550 1711 2725 1749 semen
2751 1705 2803 1748 et
2828 1708 3180 1749 successores
3202 1695 3584 1762 justi/iculum,

2004 1785 2462 1856 gloriﬁcatumque
2501 1786 2566 1840 iri
2595 1786 2754 1850 dixit,
2776 1785 2868 1854 qui
2899 1794 3028 1840 sunt
3057 1786 3113 1839 in
3147 1785 3288 1840 ﬁlios
3317 1784 3585 1853 adoptati,

2006 1875 2074 1930 de
2111 1876 2312 1944 quibus
2335 1877 2466 1931 illud
2495 1885 2654 1932 antea
2688 1893 2701 1928 :
2738 1896 2755 1927 ι
2794 1877 2912 1932 Nisi
2952 1878 3213 1931 Dominus
3248 1876 3621 1931 exercituum'

2005 1967 2318 2036 reliquisset
2336 1969 2496 2027 nobis
2520 1984 2708 2024 semen
2732 1970 2800 2030 ⁸³,
2825 1987 2844 2020 ι
2873 1977 3198 2038 usurpatum
3231 1966 3349 2022 fuit.
3392 1965 3589 2022 Semen

2009 2070 2173 2125 porro
2226 2059 2612 2127 magistrorum
2672 2060 2837 2113 etiam
2891 2059 3194 2128 discipulos
3253 2073 3378 2114 esse
3419 2056 3589 2115 Paulo

2007 2155 2151 2203 teste
2181 2151 2438 2218 patuerit,
2477 2134 2570 2219 qui
2601 2165 2660 2205 se
2691 2151 2744 2204 in
2784 2150 3008 2206 Christo
3027 2149 3158 2206 Jesu
3193 2165 3290 2220 per
3340 2147 3590 2221 Evange-

2011 2239 2144 2294 liqu
2167 2239 2486 2296 Corinthios
2514 2240 2772 2312 genuisse
2805 2241 3120 2295 afﬁrmavit.

2604 2330 2758 2384 CAP.
2804 2329 2988 2382 XLVI.

2088 2416 2251 2472 Vens.
2283 2419 2401 2474 1-5.
2437 2418 2636 2489 Cecidit
2669 2418 2786 2482 Bel,
2814 2421 3076 2472 contritus
3109 2427 3188 2473 est
3217 2417 3389 2489 Dago.
3415 2415 3592 2472 Facta

2014 2519 2134 2564 sunt
2167 2510 2438 2576 sculptilia
2472 2526 2652 2564 earum
2683 2512 2734 2563 in
2763 2511 2980 2573 bestias,
3016 2521 3062 2563 et
3087 2509 3358 2578 jumenta.
3394 2507 3592 2562 Porta-

2017 2604 2084 2656 tis
2123 2617 2183 2655 ea
2216 2601 2465 2670 alligata,
2494 2602 2650 2671 quasi
2675 2618 2807 2655 onus
2859 2601 3150 2666 laboranti,
3205 2609 3255 2655 et
3303 2599 3590 2669 deﬁcienti,

2015 2705 2064 2747 et
2091 2694 2334 2756 sitienti;
2369 2709 2462 2746 nec
2509 2694 2814 2761 prwvalenti
2847 2692 3029 2756 simul,
3068 2695 3159 2762 qui
3209 2709 3312 2746 non
3346 2699 3596 2762 poterunt

2019 2786 2220 2840 salvari
2252 2787 2307 2840 in
2365 2785 2522 2853 bello,
2551 2787 2654 2854 ipsi
2684 2794 2860 2840 autem
2891 2787 3086 2855 captivi
3113 2785 3260 2839 ducti
3302 2792 3450 2849 sunt,
3480 2791 3592 2840 etc.

2091 2974 2386 3046 Postquam
2421 2976 2488 3030 de
2521 2977 2767 3046 gentium
2799 2977 3184 3041 conversione,
3220 2975 3398 3046 deque
3445 2975 3597 3033 elec-

1948 3083 1994 3144 ο
2023 3067 2174 3121 tione
2213 3067 2442 3122 seminis
2492 3065 2658 3121 Israel
2693 3068 3031 3136 disputavit,
3084 3067 3152 3120 ad
3207 3067 3427 3121 Iudaeos
3482 3067 3597 3136 jam

2027 3169 2350 3216 conversus,
2387 3170 2605 3210 onmem
2634 3171 2864 3225 prorsus
2889 3156 3164 3210 idolorum
3201 3158 3406 3210 cultum
3440 3169 3600 3210 ever-

2028 3263 2147 3302 sum
2219 3249 2286 3302 iri
2352 3247 2518 3318 528
2583 3247 2876 3318 signiﬁcat.
2940 3247 3037 3302 Est
3087 3263 3220 3303 vero
3281 3246 3380 3302 Bel
3433 3249 3596 3302 etiam

2027 3336 2235 3392 Graecis
2270 3337 2544 3392 Saturnus
2573 3346 2965 3406 nuncupatus;
2998 3339 3085 3392 cui
3119 3337 3324 3392 liberos
3368 3351 3502 3392 suos
3533 3337 3593 3392 in

2028 3427 2359 3482 sacrificium
2391 3428 2648 3497 permulti
2679 3427 3004 3483 oﬂ‘erebant.
3059 3428 3212 3499 Daga
3264 3435 3448 3483 autem
3505 3442 3594 3483 ex.

2028 3524 2314 3570 ternorum
2347 3518 2673 3586 populorum
2704 3519 3096 3583 simulacrum,
3147 3517 3295 3589 quod
3346 3517 3581 3572 Ascalon

2028 3617 2082 3661 et
2131 3606 2291 3660 Gazae
2350 3606 2652 3664 colebatur.
2712 3606 2922 3660 Alludit
2971 3623 3134 3676 porro
3190 3609 3258 3662 ad
3314 3607 3602 3663 historiam

2029 3696 2221 3761 Isaias,
2254 3711 2377 3767 quze
2409 3704 2567 3766 capta
2610 3711 2759 3763 arca,
2815 3705 2872 3752 et
2929 3697 2995 3752 ad
3046 3698 3254 3752 idolum
3314 3699 3602 3754 introduc-

2028 3797 2085 3842 ta
2117 3788 2182 3851 “,
2215 3787 2486 3842 cecidisse
2521 3787 2724 3856 ipsum,
2759 3795 2814 3842 et
2851 3789 3140 3842 contritum
3173 3787 3344 3844 fuisse
3376 3789 3595 3845 doceat.

2032 3873 2258 3940 Deinde,
2293 3885 2414 3930 uta
2460 3875 2750 3946 singulari,
2805 3875 2874 3930 ad
2933 3875 2985 3930 id
3039 3875 3186 3946 quod
3242 3879 3462 3948 generis
3519 3888 3606 3936 est

2031 3966 2298 4031 universi,
2325 3974 2641 4035 susceptum
2668 3967 2731 4020 de
2764 3963 3081 4020 idololatria
3129 3980 3444 4022 sermonem
3485 3976 3603 4021 tra-

2032 4055 2216 4119 ducat,
2251 4054 2425 4108 Facta
2452 4063 2598 4121 sunt,
2630 4054 2830 4124 inquit,
2860 4055 3140 4121 sculptilia
3168 4071 3350 4110 eorum
3400 4056 3455 4110 in
3487 4057 3606 4112 bes-

2033 4143 2158 4203 tias,
2187 4150 2236 4196 et
2256 4142 2500 4210 jumenla
2529 4155 2550 4195 :
2579 4141 2760 4211 qualia
2796 4140 3012 4196 fuerant
3051 4141 3167 4212 ipsa
3219 4139 3605 4212 Egyptiorum

2034 4231 2202 4286 idola.
2230 4229 2352 4296 Quo
2373 4232 2494 4286 loco
2513 4228 2901 4302 Symmachus,
2933 4227 3402 4298 Fuerunt,inquit,
3425 4245 3611 4284 eorum

2034 4323 2182 4378 idola
2217 4321 2540 4376 animalibus
2571 4332 2924 4386 consecrata;
2955 4330 3213 4390 tanquam
3263 4319 3480 4388 abiecta
3523 4319 3612 4374 ni-

360 4415 514 4478 Θεὸς,
535 4414 610 4478 ὡς
625 4414 693 4467 τὰ
724 4413 824 4483 μὲν
851 4411 1021 4466 αὐτοῦ
1047 4411 1196 4482 μένει
1219 4407 1487 4478 διηνεκῶς
1514 4405 1813 4477 τελούμενα
1830 4421 1846 4438 ο
1865 4404 1920 4458 τᾶ

2039 4415 2265 4481 mirum,
2302 4415 2568 4486 valdeque
2601 4415 2870 4484 neglecta.
2905 4411 3091 4469 Placet
3121 4409 3407 4468 n’onnullis
3436 4410 3608 4466 Deum

356 4507 414 4561 δὲ
442 4507 553 4560 τῶν
573 4504 807 4560 εἰδώλων
838 4504 1016 4558 πάντα
1047 4500 1240 4572 ψευδῆ,
1258 4500 1352 4554 καὶ
1376 4496 1513 4569 πρὸς
1537 4497 1601 4550 τὸ
1634 4497 1800 4568 μηδὲν
1820 4496 1939 4550 δια-

357 4597 796 4659 πίπτοντα.Θεδς
829 4595 941 4666 γὰρ
972 4598 1002 4650 δ
1030 4593 1194 4658 αὐτός
1226 4596 1344 4647 ἐστι
1368 4634 1383 4659 ,
1432 4590 1629 4661 γνώμῃ
1649 4591 1746 4642 καὶ
1779 4588 1940 4658 φύσει

361 4689 665 4762 μεταϐολὴν
681 4690 742 4741 ού
765 4687 1074 4758 δεχόμενος.
1092 4685 1203 4740 Kal.
1223 4684 1260 4739 ἃ.
1279 4686 1541 4755 προεῖπεν
1553 4680 1830 4752 Ἀϐραὰμ,
1849 4679 1941 4745 ἑξ-

359 4782 630 4836 ετέλεσεν.
651 4781 763 4834 Καὶ
779 4777 1097 4848 νῦνιάληθὴς
1111 4777 1140 4817 ι)
1158 4773 1350 4842 εἰπὼν,
1373 4776 1456 4829 ὅτι
1472 4773 1637 4843 Ἑμοί
1653 4771 1778 4828 πᾶν
1794 4773 1942 4842 γόνυ

361 4875 610 4945 κάμψει,
638 4873 738 4927 καὶ
765 4871 918 4940 κοινὴ
943 4871 1079 4924 πᾶσι
1100 4869 1389 4940 δοθήσεται
1413 4867 1614 4940 δωρεά.
1647 4866 1710 4919 Ἦ
1745 4866 1803 4918 δὲ
1828 4865 1939 4918 τῶν

363 4967 603 5020 εἰδώλων
636 4965 895 5018 ἀσθένεια
943 4961 1302 5032 διελέγχεται·
1342 4960 1440 5014 καὶ
1469 4970 1493 4999 α
1528 4957 1944 5030 παραδοθέντων

364 5058 520 5130 ὑμῶν
542 5057 914 5129 αἰχμαλωσίᾳ,
949 5054 1266 5124 ἐλεφάντων
1294 5051 1513 5123 φορτία,
1546 5051 1641 5104 καὶ
1671 5050 1780 5103 τῶν
1810 5051 1945 5104 ὐπο-

365 5149 570 5219 ζυγίων
597 5149 924 5218 ἀπαγόμενα
950 5145 1199 5216 φορτίον
1241 5144 1558 5214 γενήσεται.
1592 5142 1705 5196 Καὶ
1745 5142 1946 5212 ἄνδρες

365 5241 424 5295 δὲ
453 5242 710 5312 φέροντες
743 5241 831 5296 ἐπ’
857 5241 1026 5311 ὤμων
1066 5235 1208 5291 αὐτὰ
1243 5232 1733 5301 κοπωθήσονται.
1756 5230 1856 5294 Τίς
1887 5231 1944 5285 δὲ

367 5329 551 5403 φιρων
574 5331 706 5387 Θεὸν
740 5331 990 5397 ἀσθενεῖς
1021 5323 1138 5383 Οὐκ
1167 5324 1278 5398 ἄρα
1304 5324 1478 5379 ταῦτα
1511 5322 1650 5378 θεοί.
1690 5321 1815 5386 Πῶς
1831 5321 1942 5391 γὰρ

2037 4521 2162 4579 quae
2211 4522 2309 4564 sua
2355 4514 2487 4562 sunt
2550 4521 2776 4562 manere
2837 4520 3074 4576 semper,
3145 4502 3436 4558 indicare:
3489 4515 3613 4572 quae

2039 4606 2220 4653 autem
2253 4596 2546 4661 idolorum,
2578 4595 2715 4651 falsa
2749 4595 2935 4650 omnia
2969 4594 3260 4654 exsistere,
3295 4599 3350 4646 et
3379 4591 3430 4643 in
3463 4590 3611 4644 nihi-

2037 4686 2150 4742 lum
2186 4688 2360 4742 abire.
2397 4687 2493 4742 Est
2523 4688 2666 4742 enim
2691 4688 2833 4742 idem
2868 4692 3131 4755 perpetuo
3173 4682 3336 4747 Deus,
3373 4681 3605 4750 ejusque

2039 4793 2322 4850 nunquam
2374 4779 2460 4834 vel
2517 4779 2810 4842 sententia,
2872 4777 2954 4832 vel
3016 4782 3214 4832 natura
3266 4775 3614 4838 immutatur,

2039 4883 2257 4939 quaque
2286 4868 2390 4924 ﬁde
2418 4867 2550 4923 olim
2602 4883 2725 4939 qua:
2773 4867 3086 4923 Abrahamo
3140 4866 3422 4936 pollicitus
3471 4872 3613 4928 erat,

2040 4960 2319 5032 praestitit,
2370 4959 2561 5016 eadem
2597 4967 2651 5014 et
2688 4974 2857 5024 nunc,
2908 4959 3055 5030 quod
3113 4975 3266 5012 omne
3307 4974 3442 5028 genu
3491 4964 3617 5010 ante

2041 5065 2096 5103 se
2145 5050 2342 5119 ﬂexum
2389 5049 2479 5114 iri,
2548 5063 2948 5118 communeque
2993 5047 3250 5102 omnibus
3302 5047 3488 5100 datum
3547 5043 3613 5096 iri

2043 5154 2245 5194 munus
2277 5137 2585 5201 allirmavit,
2617 5135 2916 5194 eﬂ'ecturus
2963 5147 3068 5194 est.
3123 5137 3392 5207 Arguitur
3450 5149 3618 5206 porro

2047 5229 2324 5285 idolorum
2356 5227 2727 5292 imbecillitas,
2763 5243 2909 5298 quae,
2943 5242 3066 5282 cum
3095 5226 3222 5281 duci
3255 5241 3375 5288 vos.
3411 5225 3615 5294 inquit,

2047 5321 2104 5376 in
2159 5319 2437 5386 exsilium,
2501 5318 2838 5389 contigerit,
2884 5317 3191 5389 elephantis
3249 5331 3355 5374 non
3417 5315 3621 5385 solum,

469 5487 516 5521 “
551 5488 698 5546 Psal.
724 5503 874 5553 ac",
903 5487 956 5542 7.
1031 5485 1076 5519 “
1107 5483 1266 5541 toan.
1303 5495 1422 5548 vni,
1455 5482 1551 5542 ει.
1623 5479 1667 5511 θ’
1698 5475 1804 5533 183-
1840 5493 1874 5543 ι,
1907 5475 1920 5531 1

2020 5476 2034 5509 ι
2075 5473 2092 5528 l
2128 5475 2262 5546 Heg.
2349 5489 2412 5540 γ,
2444 5474 2468 5529 ί
2501 5487 2657 5544 seqq.

1641 5597 1877 5654 VAIUJE
1913 5595 2318 5652 LECTIONES.

466 5717 592 5780 ιτρ,
623 5709 780 5765 τισιν,
851 5718 874 5741 ι
910 5708 994 5762 Ia.
1025 5701 1373 5776 ἠτιμωμένα.
1447 5697 1476 5738 δ
1504 5713 1598 5768 rp.
1626 5693 1907 5765 ἀληθεύει.
1988 5703 2009 5732 ο
2049 5693 2136 5745 la.
2171 5693 2224 5748 ἃ.
