3976 6220
417 317 572 390 ’2439

1730 312 2086 379 PROCOPII
2141 312 2385 373 GAZEI

3536 317 3688 383 2440

425 434 803 510 jumentisque
821 435 1061 501 caeteris,
1082 433 1281 506 quibus
1305 432 1632 497 avehentur,
1657 435 1804 488 oneri
1829 433 1999 487 futura

2115 431 2180 484 ἂν
2211 430 2307 483 καὶ
2338 431 2504 500 ἤγετο
2540 428 2676 500 πρὶς
2721 429 2830 482 τῶν
2860 429 3136 499 πολεμίων
3171 431 3531 502 αίχμάλωτα;
3566 437 3692 502 πῶς

429 539 592 595 sunt;
628 527 722 583 sed
760 526 896 582 viris
931 526 1118 593 etiam,
1155 541 1393 598 quorum
1423 526 1669 582 humeris
1700 526 2002 596 gestabun-

428 629 541 683 tur,
577 619 809 672 laborem
863 619 1132 686 paritura.
1186 618 1381 674 Verum
1413 618 1539 690 quis
1583 617 1752 672 Deum
1784 626 2006 686 gestans

427 711 698 768 intirmior
721 709 979 765 'cvadat?
1017 709 1134 765 Non
1164 725 1297 778 ergo
1326 710 1398 764 dii
1429 711 1520 764 illa
1555 717 1704 765 sunt.
1730 709 1834 774 Qui
1861 709 2004 763 enim

426 812 584 874 capta
615 802 685 856 ab
723 802 980 857 hostibus
1016 802 1069 854 in
1117 802 1373 856 exsilium
1430 800 1845 856 traducantur?
1900 799 2005 865 Qui

425 892 641 949 damnis
671 907 882 958 eorum,
911 908 942 947 a
973 893 1174 963 quibus
1203 893 1526 957 adorantur,
1545 909 1654 948 non
1672 892 2008 958 tangantur?

427 983 632 1037 Volunt
676 982 769 1036 alii
809 984 1126 1038 sacerdotes
1178 998 1295 1047 eos.
1353 984 1447 1054 qui
1494 985 1550 1037 in
1607 981 2003 1038 daemoniorum

421 1074 644 1143 pompis
660 1075 902 1143 ipsorum
929 1073 1133 1129 fercula
1156 1073 1497 1144 bajulabant,
1523 1075 1649 1128 dum
1677 1089 1772 1143 per
1795 1074 2004 1143 plateas

421 1167 764 1230 incederent,
800 1166 1074 1220 idolorum
1106 1167 1318 1236 pondus
1350 1182 1459 1221 non
1493 1166 1614 1220 sine
1646 1165 1836 1220 labore
1868 1179 2000 1219 sus-

425 1257 684 1312 tinuisse.
734 1257 861 1312 Istis
911 1272 1044 1313 vero
1095 1257 1352 1312 admonet
1400 1257 1676 1313 lsraelitas
1734 1257 1898 1311 etiam
1936 1255 2004 1310 de

422 1346 702 1412 hostibus,
737 1363 766 1402 a
797 1348 996 1419 quibus
1025 1359 1248 1419 propter
1277 1349 1552 1404 idolorum
1583 1349 1795 1403 cultum
1829 1348 2002 1402 abdu-

421 1439 582 1493 cendi
610 1447 778 1504 sunt;
818 1440 1114 1510 animoque
1142 1440 1406 1510 relinquit
1438 1440 1795 1510 cogitandum
1834 1454 2000 1509 quam

422 1543 587 1597 grave
617 1530 688 1584 sit
719 1538 770 1584 et
811 1531 1158 1586 intolerabile
1191 1532 1588 1586 daemoniorum
1627 1547 1762 1586 onus
1798 1529 2003 1584 anima-

421 1619 528 1676 bus
570 1621 660 1685 iis,
693 1637 814 1691 qua:
849 1631 1140 1691 postquam
1170 1637 1229 1677 se
1265 1622 1533 1692 impietati
1593 1622 1999 1692 manciparunt,

2105 523 2151 576 δ’
2184 521 2251 576 ἂν
2288 521 2461 576 ταῦτα
2505 521 2780 585 παθόντας
2825 524 2949 586 τοὺς
2992 522 3155 586 ἰδίους
3205 525 3464 594 παρεῖδον
3512 542 3693 597 προσ-

2105 613 2383 684 κυνητάςς
2412 613 2593 666 ’Ἄλλοι
2623 605 2682 666 δέ
2718 630 2884 682 φασιν
2912 613 2988 677 ὡς
3015 616 3075 667 ὲν
3106 617 3227 678 ταῖς
3252 615 3362 668 τῶν
3390 601 3692 686 δαιμονίων

2103 709 2357 776 πομπαῖς
2396 704 2785 775 ἐκκομίζοντες
2817 708 2982 777 ίερεῖς
3021 707 3088 761 τὰ
3111 706 3405 778 ἀγάλματα
3429 707 3695 778 φέροντες

2107 801 2193 852 ἐπ’
2227 800 2417 871 ὤμων,
2450 798 2547 863 τὰς
2580 797 2844 863 πλατείας
2896 799 3332 871 ἀχθοφοροῦντες
3377 801 3690 872 διήρχοντο.

2106 892 2210 944 Τὸν
2252 891 2467 963 Ἰσραὴλ
2494 891 2551 944 δὲ
2590 889 2680 944 διὰ
2713 889 2923 944 τούτων
2977 893 3389 964 ὑπομιμνήσκει
3435 893 3528 946 καὶ
3574 893 3690 948 τῶν

2107 983 2425 1049 ἀπαξόντων
2479 983 2681 1045 αὐτοὺς
2711 981 3011 1053 πολεμίων,
3033 983 3110 1046 ὡς
3148 983 3219 1036 τὰ
3277 983 3473 1038 εἴδωλα
3508 1001 3688 1056 προσ-

2107 1078 2472 1142 κυνήσαντας,
2491 1075 2585 1128 καὶ
2609 1073 2748 1128 κατὰ
2766 1075 3005 1129 διάνοιαν
3036 1074 3430 1144 αἰνιττόμενος,
3449 1075 3524 1138 ὡς
3542 1076 3690 1147 βαρὺ

2108 1168 2201 1220 καὶ
2232 1167 2640 1221 δυσϐάστακτον
2669 1166 2868 1237 ψυχαῖς
2897 1166 2955 1219 τὸ
2975 1165 3084 1218 τῶν
3113 1165 3388 1236 δαιμόνων
3411 1167 3687 1235 φορτίον,

2107 1260 2328 1314 ἐπειδὰν
2348 1259 2516 1324 αὑτὰς
2537 1258 2762 1329 ἀσεϐείᾳ
2785 1257 3321 1324 καταδουλώσωνται,
3341 1259 3496 1328 δίκην
3515 1261 3608 1327 αἰχ
3616 1275 3696 1328 μ..

2115 1351 2338 1405 αλώτων
2403 1354 2622 1423 σειραῖς-π
2691 1349 2862 1412 αὑτὰς
2927 1347 3342 1421 ἁμαρτημάτων
3392 1348 3691 1417 δεδεμένας

2104 1445 2461 1514 ἀπάγοντες,
2489 1443 2584 1497 τοῦ
2643 1443 2775 1508 παρ’
2810 1443 2989 1497 αὐτῶν
3038 1441 3279 1511 πολέμου
3323 1441 3498 1511 πέρας
3525 1438 3689 1493 τοῦτο

2106 1535 2440 1605 ποιούμενοι.
2464 1529 2594 1586 Εἶτα
2620 1533 2778 1586 καλεῖ
2801 1532 3002 1596 αὐτοὺς
3035 1533 3135 1586 οὑκ
3162 1530 3379 1596 Ἰακὼϐ,
3411 1530 3527 1585 ἀλλ’
3549 1529 3689 1582 αὑτὸ

2108 1629 2268 1699 μόνον
2292 1624 2460 1682 οἶκον
2504 1625 2730 1691 Ἰακὼϐ,
2762 1626 2849 1679 διὰ
2901 1627 2999 1695 τὴν
3051 1624 3192 1678 κατὰ
3244 1625 3426 1694 σάρκα
3476 1623 3686 1690 συγγέ-

421 1709 672 1764 confecto
713 1710 857 1765 bello
895 1727 998 1763 non
1033 1711 1212 1781 aliter,
1252 1727 1419 1781 quam
1473 1710 1673 1781 captivi
1731 1711 1998 1766 scelerum

2105 1737 2278 1784 νειαν,
2310 1719 2404 1772 καὶ
2444 1718 2778 1773 κατάλοιπον
2824 1716 3064 1788 Ἰσραὴλ,
3094 1717 3176 1781 ὡς
3205 1717 3389 1785 τρύγα
3416 1716 3549 1768 τινὰ
3582 1712 3687 1766 καὶ

420 1801 631 1856 catenis
665 1803 919 1856 revinctre
948 1801 1236 1856 ducuntur.
1293 1803 1403 1858 Eos
1433 1803 1633 1858 deinde
1665 1818 1775 1857 non
1809 1799 1999 1866 Iacob,

2105 1777 2464 1879 περίττευμα
2511 1807 2782 1878 Ἰσραήλ.
2816 1777 2970 1872 Τινὲς
2997 1777 3068 1861 ’δέ
3093 1777 3256 1874 φασιν
3285 1777 3360 1868 ῶς
3389 1805 3498 1858 τῶν
3529 1803 3684 1857 πλεί-

421 1895 515 1947 sed
545 1893 760 1949 domum
819 1893 990 1948 Iacob
1052 1899 1266 1951 tantum
1303 1896 1578 1960 nominat,
1617 1903 1850 1966 prepter
1883 1893 2000 1949 alli-

419 1985 646 2039 nitatem
701 1986 865 2057 529
895 2003 1018 2041 cum
1045 2003 1236 2053 carne,
1270 1998 1320 2042 et
1351 1989 1611 2057 reliquias
1649 1987 1843 2053 Israel,
1875 1997 2002 2042 tan-

425 2093 585 2144 quam
628 2079 759 2148 [εδει
819 2079 934 2147 ejus
983 2080 1216 2149 aliquas,
1271 2087 1325 2134 et
1375 2087 1749 2144 excrementa.
1805 2079 2004 2133 Putant

419 2171 672 2224 nonnulli
699 2170 951 2223 abductis
971 2173 1023 2223 in
1050 2172 1413 2242 captivitatem
1441 2173 1753 2243 permultis.
1783 2172 2000 2224 unicam

419 2260 659 2322 domum,
687 2254 963 2329 tanquam
999 2261 1257 2317 immanis
1290 2261 1340 2317 ei
1375 2262 1623 2317 barbarae
1654 2261 1999 2317 crudelitatis

419 2351 681 2420 reliquias
714 2353 977 2422 appellari
1015 2369 1031 2406 :
1063 2353 1214 2424 quod
1253 2361 1309 2410 et
1339 2354 1488 2424 ipsos
1516 2355 1707 2416 etiam,
1755 2354 1864 2409 nisi
1910 2369 1999 2409 re-

420 2441 718 2510 sipueriut,
751 2459 1114 2513 perpessuros
1149 2459 1272 2501 esse
1302 2461 1412 2500 non
1441 2445 1774 2522 dissimulat.
1801 2444 2004 2500 Volunt

419 2534 512 2588 alii
540 2532 607 2587 ad
636 2550 852 2599 eorum,
879 2551 1001 2604 qua:
1031 2535 1176 2591 dicta
1207 2545 1336 2594 sunt
1363 2578 1378 2602 ,
1409 2537 1821 2593 meditationem
1853 2537 2004 2610 ipsos

418 2625 690 2690 revocari,
733 2641 874 2694 quos
914 2625 1103 2683 Jacobi
1131 2643 1332 2697 genere
1385 2629 1686 2700 gloriantes
1742 2645 1843 2700 par
1897 2629 2002 2684 fuit

419 2715 666 2784 ejusdem
706 2731 889 2772 mores
918 2718 1146 2773 imitari.
1171 2719 1283 2775 Etsi
1313 2720 1483 2784 enim,
1519 2721 1723 2792 inquit.
1755 2721 2002 2794 reliquia:

420 2805 544 2861 sitis
576 2805 751 2862 Israel
783 2808 905 2864 dure
940 2811 1120 2866 tribus
1143 2812 1268 2877 illa,
1301 2829 1424 2883 qua:
1449 2813 1518 2870 de
1541 2813 1835 2870 duodecim
1870 2816 2006 2885 (de-

420 2908 540 2949 cem
577 2897 723 2952 enim
768 2898 910 2954 bello
950 2912 1139 2971 captas
1164 2910 1220 2958 et
1260 2903 1528 2960 abductas
1581 2920 1704 2962 esse
1749 2906 2004 2976 constat)

418 2985 601 3041 adhuc
629 2998 852 3045 manent
880 2991 1209 3060 incolumes,
1243 3009 1337 3050 eos
1369 3004 1573 3062 tamen,
1609 2997 1813 3067 quibus
1866 2998 2005 3053 resi-

2106 1917 2250 1954 στων
2303 1901 2391 1964 εις
2441 1893 2868 1967 αίχμαλωσίαν
2915 1896 3214 1966 ἀχθέντων,
3260 1894 3451 1964 ὥσπερ
3506 1888 3682 1948 οἷκον

2102 1992 2211 2047 ἕνα
2232 1991 2390 2046 καλεῖ
2419 1991 2515 2045 καὶ
2545 1990 2888 2062 βαρϐαρικῆς
2911 1989 3191 2060 ὠμότητος
3215 1987 3492 2057 λείψανον.
3512 1984 3686 2038 Τοῦτο

2102 2085 2216 2155 γὰρ
2242 2085 2437 2148 αὐτοὺς
2465 2083 2750 2137 πείσεσθαι
2775 2083 2849 2153 μὴ
2873 2079 3269 2152 μετανοοῦντάς
3293 2095 3480 2150 φησιν.
3498 2077 3684 2130 Ἀλλοι

2102 2177 2161 2232 δέ
2183 2195 2346 2248 φασιν
2365 2176 2443 2241 ὡς
2463 2176 2600 2248 πρὸς
2621 2177 2720 2248 τὴν
2737 2175 2844 2229 τῶν
2873 2177 2996 2246 είρη
3006 2173 3182 2246 μένων
3204 2173 3402 2236 αὐτοὺς
3421 2172 3544 2240 άγει
3566 2188 3688 2223 συν-

2104 2267 2381 2336 αίσθησιν.
2444 2266 2641 2321 Ἰακὼϐ
2690 2267 2800 2339 γὰρ
2830 2266 3126 2337 αὐχοῦντες
3171 2261 3314 2320 εἶναι
3363 2262 3542 2330 γένος,
3589 2261 3685 2315 τὸν

2103 2359 2318 2413 ἐκείνου
2348 2358 2552 2429 τρόπον
2577 2355 2774 2427 ζηλοῦν
2797 2359 2935 2410 εἰσιν
2959 2354 3198 2422 ἄξιοι.Εί
3222 2353 3331 2424 γὰρ
3350 2354 3448 2407 καὶ
3465 2352 3687 2422 ,λεῖμμα

2102 2448 2404 2518 τυγχάνετε
2452 2445 2548 2500 τοῦ
2590 2446 2838 2515 Ἰσραὴλ
2893 2444 2992 2500 δύο
3030 2443 3470 2516 περιλειφθεῖσαι
3517 2441 3688 2510 φυλαὶ

2107 2541 2185 2610 (ai
2206 2541 2313 2612 γὰρ
2345 2541 2476 2594 δέκα
2502 2539 2638 2611 πρὸς
2672 2537 3063 2608 αἰχμαλωσίαν
3098 2536 3477 2607 ἀπήχθησαν),
3513 2550 3686 2604 μετα-

2106 2632 2361 2696 νοοῦντας
2412 2633 2564 2702 ὅμως
2601 2632 2662 2684 οὑ
2717 2629 3070 2704 περιόψομαι.
3119 2628 3320 2682 Λοιπὸν
3377 2627 3564 2689 αὐτοῖς
3607 2625 3687 2689 ὡς

2105 2723 2340 2793 ἀνόνητα
2377 2722 2683 2793 μελετῶσι,
2727 2721 2820 2774 τὸν
2864 2721 3028 2792 νόμον
3089 2719 3148 2787 ἐξ
3197 2719 3424 2772 ἁπαλῶν
3471 2716 3685 2786 ὀνύχων

2106 2813 2402 2867 ὠνείδισεν.
2455 2812 2748 2884 Δεχόμενοι
2801 2811 2908 2883 γὰρ
2957 2810 3261 2881 περιτομὴν
3311 2809 3683 2878 όκταήμερον,

2107 2910 2218 2968 τοῖς
2251 2905 2433 2970 ἄλλοις
2484 2905 2736 2975 νομίμοις
2764 2903 3136 2974 ὲντρέφονται,
3169 2903 3244 2967 ὡς
3285 2901 3536 2973 εἰρῆσθαι
3587 2901 3686 2954 διὰ

2107 2996 2297 3049 τοῦτο’
2356 3013 2375 3046 ι
2417 2995 2528 3048 Καὶ
2583 2993 2708 3047 λαοὶ
2741 2993 3076 3064 ἐμελέτησαν
3121 2993 3276 3048 κενά.
3315 3011 3334 3044 ι
3388 2991 3692 3046 Είδωλολα-

419 3078 639 3147 pisccre
664 3083 958 3149 placuerit,
1002 3101 1113 3140 non
1150 3102 1271 3141 sum
1300 3088 1674 3159 neglecturus.
1713 3089 1999 3159 Deinceps,

2108 3087 2366 3155 τροῦντες
2407 3086 2536 3157 γὰρ,
2564 3084 2919 3157 προφητικῶν
2957 3086 3038 3149 είς
3074 3084 3304 3154 ἔλεγχον
3347 3083 3558 3138 ἐδέοντο
3593 3083 3691 3136 λό-

420 3177 679 3238 tanquam
700 3170 905 3226 (rustra
925 3173 1192 3240 laborent,
1222 3177 1393 3246 legem
1421 3179 1522 3241 eis.
1551 3179 1605 3233 in
1627 3194 1732 3250 qua
1759 3195 1789 3233 a
1810 3180 1999 3235 teneri:

2113 3196 2248 3249 γων.
2295 3178 2485 3244 Ὑμεῖς
2517 3168 2615 3247 μὲν
2640 3173 2734 3230 οὖν
2754 3179 2802 3230 οξ
2837 3177 2994 3230 αὐτοὶ
3022 3176 3120 3248 τὴν
3139 3176 3348 3246 πλάνην
3373 3193 3387 3207 ο
3417 3174 3531 3244 ἐγὼ
3566 3175 3624 3229 δὲ
3658 3175 3690 3227 ό

419 3259 644 3328 ungulis
669 3261 870 3315 eruditi
898 3262 1133 3328 fuerant,
1166 3268 1485 3336 exprobrat.
1519 3268 1999 3326 Circumcisionem

2111 3271 2273 3334 αὑτὸς
2309 3270 2410 3339 τὴν
2441 3268 2877 3340 φιλανθρωπίαν,
2929 3268 3029 3338 τὴν
3061 3268 3334 3341 ὑμετέραν
3381 3269 3469 3322 ἀεὶ
3509 3284 3690 3337 σωτηο

418 3348 565 3403 enim
595 3359 793 3404 octavo
823 3353 913 3408 die
950 3355 1154 3425 adepti,
1190 3357 1244 3410 in
1281 3358 1406 3414 aliis
1461 3361 1626 3414 etiam
1682 3361 1819 3433 legis
1871 3379 1999 3433 prae-

2111 3360 2236 3431 ρίαν
2262 3357 2464 3430 ζητῶν,
2482 3357 2582 3411 καί
2607 3357 2940 3424 παιδεύσας
2960 3358 3103 3428 ὑμᾶς
3126 3358 3495 3429 αἰχμαλωσίᾳ,
3523 3356 3688 3411 πάλιν

419 3440 598 3507 ceptis
633 3441 707 3494 ita
761 3443 1091 3512 educantur,
1141 3457 1198 3501 ut
1246 3463 1359 3503 non
1415 3449 1695 3506 immerito
1749 3452 1999 3509 dicatur:

2106 3449 2317 3517 ἀνήσω
2375 3449 2601 3521 δεσμοῦ.
2657 3450 2745 3514 Ὠς
2806 3448 2915 3520 γὰρ
2953 3449 3137 3521 ίατρδς
3187 3447 3393 3517 ἀγαθὸς
3440 3447 3536 3502 νῦν
3585 3447 3691 3517 μὲν

425 3547 444 3580 ι
487 3528 554 3583 Et
583 3533 766 3600 populi
804 3535 1052 3590 meditati
1085 3545 1216 3592 sunt
1261 3540 1447 3595 inania
1478 3540 1542 3596 “.
1592 3561 1611 3594 ι
1665 3543 1802 3597 Cum
1855 3546 1999 3600 enim

2112 3544 2366 3607 ἀπειλαῖς
2397 3541 2620 3609 αὐτοὺς,
2647 3541 2742 3596 νῦν
2781 3543 2838 3596 δὲ
2877 3541 3040 3596 πάλιν
3070 3541 3294 3612 ἀγαθῶν
3323 3541 3690 3612 ὑποσχέσεσιν

418 3621 488 3675 ad
524 3622 893 3680 idololatriam
930 3642 990 3682 se
1020 3631 1453 3698 convertissem,
1506 3633 1830 3704 prophetico
1878 3652 1999 3692 ser-

2108 3636 2358 3708 ἁρπάσαι
2387 3636 2650 3707 πειρᾶται
2678 3634 2773 3688 τοῦ
2797 3627 3047 3689 διαϐόλου
3071 3633 3290 3705 χειρῶν.

418 3726 582 3768 mone
625 3715 692 3769 ad
719 3731 964 3775 errorem
1028 3724 1418 3781 revincendum
1470 3743 1610 3800 opus
1662 3730 2000 3785 habuerunt.
2040 3729 2152 3786 Vos
2187 3745 2339 3801 ergo,
2373 3728 2573 3797 inquit,
2641 3737 2907 3799 quantum
2952 3729 3020 3784 ad
3097 3728 3359 3799 peccandi
3408 3725 3687 3782 licentiam

416 3810 636 3874 attinet,
674 3811 832 3868 iidem
871 3817 1033 3885 plane
1063 3822 1431 3878 remansistis.
1480 3825 1596 3896 Ego
1655 3841 1786 3881 vero
1814 3825 2005 3883 eodem
2046 3841 2263 3897 semper
2287 3827 2342 3880 in
2373 3839 2472 3880 vos
2506 3824 2716 3889 animo,
2756 3823 3060 3894 eademque
3124 3822 3510 3882 benevolentia
3587 3835 3687 3876 es-

419 3902 648 3970 sistens,
680 3906 859 3997 deque
889 3919 1071 3967 vestra
1099 3930 1322 3988 semper
1351 3919 1529 3976 salute
1592 3921 1888 3991 sollicitus,
1947 3938 2073 3978 cum
2111 3937 2211 3978 vos
2240 3921 2564 3993 captivitate
2598 3921 2949 3992 castigavero,
3004 3918 3243 3974 vinculis
3290 3918 3551 3972 liberatos
3591 3914 3686 3969 di-

416 4000 650 4089 mittam.
687 3999 795 4057 Eos
819 4006 965 4060 enim
1031 4023 1142 4064 non
1209 4013 1368 4068 aliter
1428 4031 1595 4086 quam
1649 4019 1863 4089 peritus
1909 4017 2179 4084 medicus,
2240 4017 2438 4087 partim
2482 4016 2668 4084 minis,
2717 4015 2917 4088 partim
2979 4014 3140 4070 etiam
3191 4009 3685 4085 pollicitationibus

409 4089 484 4143 de
513 4088 716 4145 diaboli
758 4096 1012 4153 manibus
1049 4100 1264 4170 eripere
1294 4114 1548 4160 conatur.

488 4175 652 4247 53o
692 4178 854 4237 Vens.
894 4185 1049 4242 5-H.
1108 4190 1208 4244 Cui
1241 4209 1320 4246 me
1369 4196 1756 4253 assimilastis?
1807 4198 1991 4265 videte,

2169 4199 2338 4248 ε’-ια’.
2363 4194 2482 4249 Τίνι
2503 4209 2580 4262 με
2605 4191 2947 4262 ὡμοιώσατε
2961 4209 2980 4257 ;
3009 4191 3184 4257 ἴδετε,
3201 4189 3682 4261 τεχνάσασθε,οί

414 4271 718 4338 .ea‘cogitate
765 4276 856 4342 qui
897 4281 1114 4344 erratis,
1164 4293 1212 4336 et
1252 4285 1343 4354 qui
1389 4288 1637 4356 confertis
1683 4306 1874 4345 aurum
1931 4291 1995 4346 de

2103 4283 2529 4354 πλανώμενοιν
2553 4284 2654 4339 καί
2683 4287 2738 4338 ol
2785 4285 3278 4354 συμϐαλλόμενοι
3307 4285 3568 4354 χρυσίον
3610 4283 3684 4337 ἐκ

417 4364 716 4430 marsupio,
752 4377 800 4418 et
831 4380 1103 4444 argentum
1129 4373 1183 4426 in
1210 4384 1412 4430 statera
1442 4380 1764 4448 appenditis,
1799 4393 1848 4436 et
1869 4398 1995 4437 con-

2103 4377 2498 4446 μαρσιππίου,
2524 4375 2622 4438 καὶ
2655 4375 2939 4444 ἀργύριον
2965 4374 3035 4428 ὲν
3063 4372 3214 4444 ζυγῷ
3230 4373 3583 4440 στήσουσιν
3608 4373 3684 4428 ἐν

402 4452 609 4506 ducitis
642 4457 938 4525 auriﬁcem.
980 4461 1241 4519 Fecerant
1273 4470 1607 4539 manufacta,
1638 4483 1690 4528 et
1722 4474 1987 4529 incurvati

2103 4467 2350 4539 σταθμῷ
2375 4484 2391 4500 ο
2419 4468 2520 4522 καὶ
2563 4465 3011 4538 μισθωσάμενοι
3041 4465 3333 4534 χρυσίον,
3377 4465 3681 4533 ἐποίησαν

415 4545 646 4597 adorant
677 4546 795 4601 illa.
821 4549 1052 4606 ‘Tollunt
1085 4553 1342 4626 humeris,
1371 4569 1421 4614 et
1454 4561 1757 4630 ambulant,
1788 4573 1894 4620 etc.

2103 4560 2519 4629 χειροποίητα,
2571 4555 2673 4610 καὶ
2721 4553 3031 4623 κύψαντες
3063 4553 3528 4622 προσκυνοῦσιν
3566 4554 3678 4606 αὑ-

2093 4649 2239 4716 τοῖς.
2271 4648 2563 4716 Αιρουσιν
2583 4643 2738 4700 ,αὐτὸ
2765 4643 2866 4698 ἐπὶ
2892 4643 3001 4699 τοῦ
3029 4643 3219 4715 ὤμου,
3253 4644 3353 4699 καὶ
3385 4645 3681 4713 πορεύον-

2093 4757 2216 4807 ται,
2249 4757 2303 4793 κ.
2331 4756 2384 4793 τ.
2413 4738 2460 4792 λ.

483 4803 699 4868 Talem,
759 4807 962 4878 inquit.
1027 4813 1082 4868 in
1134 4831 1232 4872 vos
1289 4834 1379 4873 me
1439 4822 1994 4895 ipsepraastitizvos

2177 4803 2318 4900 Ἐγὼ
2350 4830 2448 4902 μὲν
2483 4830 2616 4901 περὶ
2657 4830 2822 4900 ὑμᾶς,
2849 4828 3006 4900 φησὶ,
3037 4827 3279 4892 τοιοῦτός
3304 4828 3441 4899 ειμι.
3482 4827 3674 4898 Ὑμεῖς

402 4908 624 4994 autem,
658 4903 712 4956 in
739 4915 1000 4973 quantam
1039 4909 1336 4980 impietatis
1361 4913 1758 4974 absurditatem
1783 4922 1994 4994 delapsi

415 4993 573 5058 estis,
609 4995 993 5064 considerate;
1023 5002 1116 5070 qui
1175 5018 1417 5074 corpore,
1461 5019 1741 5066 carentem
1784 4993 1994 5070 morta-

401 5085 542 5139 Jium
577 5085 769 5142 formis
803 5090 1161 5149 subdideritis
1202 5112 1215 5148 :
1249 5098 1340 5166 qui
1379 5115 1579 5155 aurum
1623 5115 1672 5158 et
1707 5116 1995 5178 argentum

397 5180 762 5249 .coutulcritis,
800 5185 892 5254 qui
943 5185 1121 5241 forma
1154 5192 1395 5246 materiae
1429 5195 1649 5251 inducta
1684 5197 1792 5254 Deo
1823 5200 1996 5255 bono-

407 5283 530 5322 rem
590 5274 758 5329 tribui
813 5281 1164 5345 putaveritis.
1216 5282 1335 5347 Quo
1384 5285 1725 5345 defensionis
1758 5291 1994 5346 artiﬁcio

404 5373 622 5413 crtuuen
675 5364 821 5419 istud
872 5368 1241 5437 depuleritis?
1289 5373 1384 5428 Vel
1439 5379 1659 5434 tandem
1707 5380 1873 5450 igitur
1917 5382 1988 5436 ad

405 5463 546 5503 meae
573 5450 792 5509 deitatis
821 5461 1208 5526 cogitationem
1247 5467 1572 5536 rcsipiscite,
1607 5485 1801 5540 meque
1835 5487 1987 5528 sem-

401 5540 691 5614 piternum
714 5556 767 5600 et
803 5551 979 5605 solum
1008 5553 1174 5612 Deum
1205 5575 1326 5614 esse
1355 5564 1662 5630 agnoscite.
1691 5563 1866 5637 Hujus
1896 5566 1980 5621 vel

506 5721 556 5750 ι’
586 5717 735 5773 I’sal.
785 5737 845 5783 ll,
889 5721 934 5772 ί.

2095 4923 2151 4976 δὲ
2174 4920 2464 4990 λογίσασθε
2489 4921 2627 4991 πρὸς
2651 4921 2785 4989 ὅσην
2814 4918 3071 4985 ἀσεϐείας
3094 4918 3327 4974 ἀτοπίαν
3349 4917 3670 4980 ἐκπίπτετε,

2094 5012 2186 5064 τὸν
2208 5009 2499 5080 ἀσώματον
2527 5009 2698 5062 εἰκόσι
2725 5008 2937 5080 θνητῶν
2969 5008 3385 5072 ὑποϐάλλοντες·
3411 5007 3672 5077 χρυσίον

2094 5102 2195 5157 καὶ
2220 5102 2510 5173 ἀργύριον
2543 5100 3072 5170 συνεισφέροντες,
3105 5099 3206 5172 ὕλῃ
3241 5101 3337 5154 καὶ
3366 5100 3562 5153 πλάσει
3591 5115 3643 5150 τι

2097 5196 2204 5267 μᾷν
2236 5193 2334 5265 τῂν
2379 5194 2528 5248 θείαν
2574 5194 2736 5263 φύσιν
2763 5193 3079 5264 ἡγούμενοι.
3124 5195 3275 5265 Πρὸς
3317 5193 3478 5247 τοῦτο
3511 5192 3672 5247 ποίαν

2094 5289 2395 5359 ἀπολογίαν
2443 5290 2884 5360 τετεχνασμένην
2921 5290 3220 5360 εὑρήσετε;
3258 5290 3368 5359 Τῆς
3399 5289 3496 5344 οὖν
3528 5289 3672 5360 ἐμῆς

2096 5399 2227 5435 ποτε
2249 5381 2502 5448 θεότητος
2528 5381 2663 5453 πρὸς
2683 5381 2893 5434 ἔννοιαν
2915 5381 3249 5451 ἀνανήψατε,
3273 5380 3350 5444 ὡς
3368 5382 3540 5443 ἀΐδιος
3571 5379 3668 5432 καὶ

2102 5472 2260 5542 μόνος
2290 5471 2423 5540 ἐγώ.
2451 5473 2560 5526 Καὶ
2590 5471 2781 5525 τούτου
2811 5473 3115 5544 τεκμήριον
3140 5471 3208 5524 τὸ
3231 5472 3321 5526 διὰ
3369 5471 3477 5525 τῶν
3516 5473 3669 5541 ἐμῶν

2096 5563 2394 5634 προφητῶν
2417 5563 2831 5635 προαγορεύειν
2860 5565 2931 5619 τὰ
2977 5563 3239 5631 μέλλοντα
3265 5563 3477 5636 χρόνοις
3508 5559 3670 5619 bats-
