3976 6220
325 315 461 386 2m

1478 321 2004 382 COMMENTARII
2031 323 2112 383 IN
2142 323 2426 384 ISAIAM.

3437 323 3577 386 24ξὲ

328 448 422 504 ρον
447 428 814 484 ἐπιτελεῖσθαι
841 432 1089 500 μακροῖς,
1133 426 1205 485 ὧν
1236 431 1303 483 τὰ
1329 430 1428 502 μὲν
1460 432 1559 502 ἤδη
1595 432 1893 501 πεποίηκα,

2023 432 2053 486 d
2095 431 2259 488 fuerit
2313 440 2717 502 argumentum,
2775 431 2916 500 quod
2976 440 3221 484 meorum
3283 432 3580 501 propheta-

327 522 394 574 τὰ
427 521 484 573 δὲ
515 521 610 574 καὶ
643 523 877 589 ποιήσω,
909 522 998 575 διὰ
1052 522 1142 574 τοῦ
1174 522 1386 576 καλεῖν
1425 521 1714 576 πετεινῶν
1751 523 1906 592 δίκην

326 615 456 676 τοὺς
506 613 672 683 ἐμοὺς
712 612 991 682 ὑπηρέτας
1021 613 1310 681 ἀγγέλους,
1341 613 1410 666 τά
1457 631 1517 664 τε
1558 613 1907 682 λειτουργικὰ

328 705 622 774 πνεύματα
643 703 713 757 τὰ
743 703 881 774 πρὸς
903 704 1178 758 διακονίαν
1201 703 1640 772 ἀποστελλόμενα
1670 703 1760 755 διὰ
1781 704 1908 766 τοὺς

332 797 628 868 μέλλοντας
666 795 1025 866 κληρονομεῖν
1078 796 1373 865 σωτηρίαν.
1404 795 1466 848 Ol
1503 793 1561 847 δέ
1598 794 1779 846 λοιποὶ
1822 791 1909 856 ἐξ·

331 888 562 950 ἔδωκαν,
587 885 799 940 Καλών
822 886 942 940 ἀπὸ
965 884 1276 940 ἀνατολῶν
1297 887 1481 954 ὄρνιν,
1503 884 1621 938 ἀπὸ
1638 883 1751 953 γῆς
1767 885 1911 952 πόῤ-

325 977 521 1044 ρωθεν
549 975 738 1043 ἄνδρα
761 974 1005 1042 ,ϐουλῆς
1022 993 1163 1044 μου.
1189 974 1348 1045 Δηλοί
1383 974 1440 1027 δὲ
1471 974 1562 1027 τὸν
1587 973 1823 1044 Χριστὸν
1852 972 1910 1026 ὃν

328 1064 737 1137 ἀνακεκλῆσϐαί
761 1083 926 1135 φησιν
951 1067 1013 1118 ἐκ
1051 1067 1154 1135 γῆς
1181 1065 1487 1138 πόρρωθεν,
1517 1065 1622 1118 τῶν
1655 1064 1750 1117 τοῦ
1785 1064 1909 1134 ᾅδου

327 1159 572 1230 δηλονότι
606 1157 814 1228 μυχῶν,
853 1156 918 1209 δι’
949 1149 1010 1209 οῦ
1041 1155 1352 1226 πληρώσειν
1403 1157 1506 1219 τὰς
1576 1154 1911 1224 ἐπαγγελίας

329 1248 515 1318 φησίν.
552 1245 733 1300 Ἀλλοι
770 1247 826 1299 δὲ
875 1246 1152 1300 πετεινὸν
1181 1245 1391 1312 ἔφασαν
1425 1246 1516 1298 τὸν
1533 1243 1908 1306 Βαϐυλώνιον,

327 1342 460 1413 περὶ
489 1333 549 1394 οὗ
575 1354 738 1412 φησιν
752 1337 1012 1410 Ἶεζεκιήλ
1033 1353 1047 1368 ⁶
1075 1357 1094 1391 ι
1131 1339 1188 1391 '0
1216 1339 1375 1402 ἀετὸς
1407 1339 1434 1390 ὁ
1468 1337 1659 1406 μέγας,
1687 1337 1715 1388 ὁ
1739 1352 1912 1404 μεγα-

329 1433 689 1504 λοπτέρυγος,
730 1450 749 1484 ι
787 1431 882 1484 καλ⁸
912 1429 982 1483 τὰ
1010 1429 1156 1498 ἑξῆς.
1189 1429 1368 1499 Ἀπερ
1405 1427 1772 1498 ἐξηγούμενος
1806 1442 1911 1495 φη-

335 1543 456 1581 σιν·
497 1544 515 1578 ι
565 1525 679 1578 Οὐκ
720 1522 1017 1576 ἐπίστασθε
1056 1521 1110 1574 τί
1160 1523 1276 1573 ἐστι
1307 1519 1516 1584 ταῦτα;
1559 1518 1636 1571 ὅτ’
1666 1516 1731 1571 ἂν
1778 1517 1908 1589 ἔλθῃ

335 1617 588 1689 βασιλεὺς
638 1613 959 1677 Βαϐυλῶνος
1003 1615 1095 1666 ἐπὶ
1135 1609 1494 1682 Ἰερουσαλὴμ
1533 1609 1629 1661 καὶ
1675 1607 1908 1679 λήψεται

332 1710 423 1764 τὸν
461 1707 682 1779 βασιλέα
714 1706 907 1776 αὐτῆς,
939 1704 1034 1758 καὶ
1081 1704 1210 1767 τοὺς
1251 1703 1523 1774 ἄρχοντας
1553 1699 1779 1768 αὐτῆς,›
1807 1708 1912 1758 καὶ,

2012 540 2132 578 rum
2164 539 2298 579 voce
2329 538 2449 594 quae
2479 531 2664 578 essent
2693 531 2956 578 eventura
2991 523 3150 592 longe
3207 532 3332 578 ante
3380 527 3580 597 praedi-

2011 613 2209 675 xerim,
2247 628 2478 682 quorum
2513 612 2616 666 alia
2639 611 2750 681 jam
2786 628 2882 682 per
2933 629 3018 666 me
3071 613 3215 668 facta
3268 623 3416 678 sunt,
3472 617 3578 670 alia

2011 705 2204 774 procul
2234 704 2402 759 dubio
2442 712 2497 758 et
2552 704 2668 772 ipse
2708 703 2973 770 clliciam;
3024 706 3116 774 qui
3173 707 3226 760 in
3267 708 3575 764 subsidium

2013 811 2195 850 meum
2246 795 2488 866 angelos,
2527 802 2786 863 tanquam
2829 811 2968 858 aves,
3033 797 3366 867 spiritusque
3412 800 3580 854 mini.

2015 891 2161 940 stros
2193 886 2247 938 in
2280 900 2491 947 eorum,
2528 885 2620 954 qui
2653 883 2852 939 salutis
2882 884 3124 940 haeredes
3158 885 3326 940 futuri
3361 897 3487 942 sunt
3509 890 3578 946 ⁸⁸.

2013 977 2275 1030 auxilium
2303 993 2485 1031 vocare
2517 977 2746 1046 possim.
2783 975 2888 1029 Alii
2919 983 3100 1029 autem
3131 979 3532 1034 transtulerunt
3561 1000 3576 1036 :

2015 1065 2229 1120 Vocans
2265 1065 2328 1118 ab
2361 1066 2557 1119 oriente
2613 1081 2778 1128 avem,
2813 1082 2845 1118 a
2895 1075 3036 1119 terra
3079 1065 3364 1136 longinqua
3409 1069 3581 1122 virum

2014 1157 2298 1210 voluntatis
2368 1172 2512 1210 mew.
2579 1155 2789 1221 Quibus
2842 1163 2992 1210 certe
3051 1155 3330 1211 Christum
3400 1155 3579 1227 ipsum

2015 1247 2428 1316 signiﬁcarunt;
2468 1261 2629 1316 quem
2663 1247 2728 1300 de
2761 1254 2903 1300 terra
2942 1246 3264 1317 longinqua,
3312 1247 3364 1301 id
3394 1256 3478 1302 est
3511 1251 3580 1302 ah

2014 1337 2151 1406 ipsis
2187 1336 2486 1392 inferorum
2522 1339 2920 1407 penetralibus,
2955 1348 3243 1395 evocatum
3277 1357 3398 1397 esse
3423 1341 3579 1408 dicit,

2015 1433 2068 1480 et
2100 1442 2192 1496 per
2223 1427 2472 1481 eumdem
2508 1444 2566 1482 se
2616 1429 3007 1496 promissioues
3054 1430 3430 1500 impleturum.
3474 1432 3583 1486 Alii

2015 1531 2182 1587 porro
2211 1519 2318 1570 avis
2349 1517 2570 1581 nomine
2595 1517 2948 1587 Babylonium
2974 1519 3266 1590 signiﬁcari
3302 1521 3583 1582 dixerunt.

2016 1609 2082 1662 de
2119 1622 2227 1678 quo
2261 1607 2570 1676 loquentem
2611 1607 2766 1676 531
2810 1607 3152 1681 Ezechielem
3182 1612 3450 1681 reperias,
3485 1611 3580 1667 ubi
3663 1629 3669 1636 ‘

2015 1699 2093 1752 ait
2125 1716 2138 1751 :
2165 1718 2195 1750 ·ι
2232 1699 2424 1770 Aquila
2455 1714 2672 1768 magna,
2718 1680 2944 1770 magnis.
2973 1701 3167 1769 pennis
3199 1680 3265 1769 ⁸⁸,
3306 1722 3325 1754 ι
3361 1711 3586 1758 οωῑετιι-

332 1799 400 1853 τὰ
450 1777 588 1869 μετὰ
631 1797 834 1852 ταῦτα·
877 1796 1099 1859 τούτους
1146 1795 1254 1866 γὰρ
1289 1793 1525 1846 ἐκλεκτὰ
1568 1792 1667 1862 τῆς
1708 1792 1902 1860 κέδρου

2023 1805 2133 1859 lue,
2175 1805 2294 1859 qum
2327 1798 2660 1858 sequuntur,
2693 1804 2926 1859 quorum
2971 1791 3050 1846 sic
3074 1792 3586 1864 interpretationem

332 1887 677 1960 προκέκληκε
706 1887 794 1939 διὰ
821 1886 920 1956 τῆς
951 1885 1299 1956 παραϐολῆς.
1328 1885 1558 1953 Ἔλεγεν
1595 1883 1649 1936 δέ
1683 1882 1909 1953 βασιλέα

2023 1880 2306 1950 adjungit:
2345 1899 2363 1932 ι
2402 1880 2639 1936 Nescitis
2681 1882 2810 1949 quid
2859 1882 2964 1937 ista
3021 1881 3381 1953 signiﬁcent?
3442 1885 3589 1941 Ecce

329 1979 422 2033 τὸν
475 1978 766 2042 Σεδεκίαν,
827 1976 885 2030 ὃν
933 1977 1283 2047 αἰχμάλωτον
1333 1975 1576 2047 εἴληφεν.
1615 1972 1798 2027 ’Ἄλλοι
1851 1972 1908 2026 δὲ

2023 1971 2191 2025 veniet
2223 1986 2319 2026 rex
2370 1970 2702 2041 Babylonius
2745 1969 2801 2024 in
2856 1969 3198 2039 Jerusalem;
3239 1982 3292 2028 et
3341 1983 3589 2030 assumet

331 2084 611 2125 πετεινον
641 2067 894 2140 εἰρῆσθαι
925 2068 1016 2121 τὸν
1045 2067 1228 2138 Κῦρόν
1267 2084 1454 2136 φασιν.
1490 2066 1564 2119 Τὸ
1584 2065 1642 2118 δὲ
1671 2065 1906 2128 ἕκτισα,

2023 2077 2196 2132 regem
2229 2059 2424 2126 ipsius,
2465 2067 2519 2115 et
2548 2060 2827 2131 principes
2854 2061 2975 2130 ejus
3001 2063 3102 2128 ",s
3124 2072 3179 2118 et
3202 2079 3324 2133 quae
3347 2079 3588 2134 sequun-

329 2163 476 2217 τοῦτ’
507 2162 622 2215 ἔστι
669 2159 1072 2225 κατεσκεύασα,
1117 2159 1264 2213 κακὰ
1310 2157 1552 2228 δηλονότι
1605 2156 1908 2210 κακωτικά.
2011 2160 2120 2207 tur.
2191 2151 2302 2207 llos
2349 2151 2494 2206 enim
2543 2158 2702 2205 antea
2775 2151 3062 2206 eedrorum
3131 2153 3436 2209 electarum
3493 2170 3590 2224 ap-

333 2258 395 2308 ΕΞ
425 2255 482 2308 δὲ
508 2254 602 2307 καὶ
635 2252 821 2323 μηδεὶς
855 2250 1049 2323 εὑρεθῇ
1080 2250 1280 2320 τούμὸν
1314 2249 1528 2319 θέλημα
1569 2245 1789 2318 μετιὼν,
1815 2245 1908 2300 τὸν

2023 2243 2310 2313 pellatione
2338 2242 2391 2296 in
2421 2241 2682 2312 parabola
2708 2241 3144 2312 signiﬁcaverat;
3183 2245 3590 2314 Sedeciamque

334 2348 461 2400 Υίδν
507 2344 792 2402 ἀποστελῶ
818 2344 910 2398 τὸν
935 2343 1082 2414 ’ἐμὸν
1113 2341 1222 2411 τὴν
1257 2339 1532 2413 πατρικὴν
1594 2337 1907 2409 πληροῦντα

2023 2350 2218 2405 regem,
2249 2350 2410 2404 quem
2439 2335 2712 2404 captivum
2758 2334 2967 2400 habuit,
2996 2336 3428 2392 demonstrabat.
3482 2339 3590 2393 Alii

335 2439 548 2509 βουλήν.
2011 2441 2142 2481 vero
2166 2440 2260 2496 per
2283 2441 2447 2489 avem,
2469 2425 2665 2496 Cyrum
2687 2424 2957 2493 designari
2980 2425 3336 2481 arbitrantur.
3366 2427 3588 2489 Deinde,

333 2533 477 2603 quod
507 2547 720 2586 'creasse
759 2545 818 2586 se
856 2528 1065 2599 adjicit,
1095 2541 1436 2598 praeparasse
1491 2523 1706 2589 innuit;
1743 2522 1885 2576 mala
1926 2519 2187 2597 nimirum
2249 2525 2304 2573 et
2364 2518 2721 2582 calamitates,
2787 2517 2986 2586 quibus
3031 2517 3352 2575 adicientur.
3431 2519 3591 2586 Quod

334 2629 380 2682 si
434 2625 597 2680 etiam
689 2621 876 2678 nullus
937 2621 1264 2690 reperiatur,
1313 2618 1404 2688 qui
1457 2615 1761 2670 voluntatis
1826 2626 1960 2668 meae
2038 2609 2238 2680 placita
2270 2623 2375 2664 non
2402 2619 2705 2678 aversetur,
2737 2608 2937 2664 Filium
2981 2625 3080 2682 ego
3108 2625 3309 2680 meum,
3359 2613 3450 2683 qui
3487 2613 3592 2668 Pa-

335 2718 442 2774 tris
492 2716 785 2772 consilium
833 2715 1140 2784 amplexus,
1197 2713 1441 2780 ejusdem
1501 2709 1757 2766 mandata
1812 2709 2053 2781 impleat,
2085 2707 2357 2764 missurus
2391 2721 2533 2764 sum.

900 2809 1150 2862 ΚΕΦΑΛ.
1189 2807 1322 2863 ΜΖ’.

406 2904 561 2960 α-ιε’.
598 2900 910 2969 Κατάσηθι,
961 2901 1217 2955 κάθισον
1251 2899 1346 2953 ἐπὶ
1379 2898 1495 2967 τὴν
1537 2897 1671 2969 γῆν,
1694 2897 1907 2965 παρθέ-

2593 2800 2746 2858 CAP.
2772 2800 2984 2856 XLVII.

2079 2891 2235 2962 532
2251 2888 2418 2946 Vsus.
2435 2890 2581 2946 l-IS.
2601 2890 2879 2955 Descende,
2903 2889 3024 2946 sede
3049 2907 3202 2960 super
3221 2901 3436 2958 terram,
3451 2895 3592 2964 virgo

335 3016 441 3065 νος
467 2999 718 3067 θύγατερ
748 2992 1127 3060 Βαϐυλῶνος.
1165 2978 1430 3048 Εῖσελθε.
1455 2994 1543 3059 εις
1563 2991 1630 3045 τὸ
1664 2991 1904 3054 σκότος,

2023 2982 2134 3045 lilia
2151 2981 2457 3052 Babylonis.
2485 2981 2616 3035 Sede
2638 2984 2691 3035 in
2709 2992 2923 3068 terram.
2943 2985 3221 3054 Ingredere
3243 2986 3299 3039 in
3329 2986 3592 3051 tenebras,

336 3089 589 3157 θύγατερ
627 3084 960 3149 Χαλδαίων,
1001 3083 1090 3137 ὅτι
1128 3086 1239 3138 οὐκ
1275 3074 1362 3138 ἔτι
1400 3083 1722 3152 προσθήσῃ
1761 3085 1911 3150 κλη-

2013 3089 2120 3128 non
2183 3081 2260 3126 est
2319 3072 2532 3134 solium,
2571 3071 2683 3139 ﬁlia
2726 3059 3095 3127 C‘haldworum
3129 3090 3145 3126 :
3176 3077 3422 3144 quoniam
3490 3093 3593 3130 non

337 3179 512 3247 θῆναι
570 3177 774 3244 ἁπαλὴ
815 3177 915 3230 καὶ
959 3176 1240 3245 τρυφερά.
1270 3177 1424 3231 Λάϐε
1440 3175 1912 3246 μύλοις-ἄλεκτ-

2023 3165 2159 3217 ultra
2190 3163 2507 3232 adjicies,ut
2537 3162 2736 3218 voceris
2761 3164 2935 3218 mollis
2988 3174 3038 3218 et
3071 3174 3266 3221 tenera.
3304 3166 3453 3221 Tolle
3484 3184 3596 3220 mo-

335 3269 612 3337 ἇλευρον,
633 3266 1022 3336 ἀποκάλυψαι
1037 3266 1103 3320 τὸ
1123 3267 1479 3337 κατάλυμμά
1494 3282 1630 3334 σου,
1647 3267 1915 3337 ἁνάσυρε

337 3360 444 3426 τὰς
473 3360 708 3427 πολιὰς,
746 3355 1137 3428 ἀποκάλυψαι
1177 3359 1284 3426 τὰς
1305 3359 1561 3429 κνήμας,
1589 3376 1644 3415 κ.
1676 3377 1727 3414 τ.
1755 3359 1808 3414 λ.

405 3533 519 3588 Καὶ
546 3534 718 3588 ταῦτα
753 3535 890 3605 πρὸς
916 3535 1042 3598 τοὺς
1067 3535 1126 3601 ἐξ
1160 3535 1396 3605 Ἰσραὴλ,
1433 3528 1513 3598 οἷς
1546 3535 1719 3604 ἔλεγε,
1753 3552 1773 3586 ι
1799 3535 1917 3590 Τίνι

341 3644 408 3696 με
459 3626 779 3697 ὡμοιώσατε
807 3643 821 3691 ;
864 3645 882 3678 ›
935 3627 1081 3679 Ἐκεῖ
1109 3627 1204 3696 μὲν
1237 3622 1328 3679 οῦν
1355 3626 1740 3697 πλανωμένους
1767 3622 1921 3678 εἶπεν

335 3714 558 3778 αὐτοὺς,
612 3714 844 3768 ἐνταῦθα
873 3715 930 3767 δέ
962 3715 1427 3781 ἀπολωλεκότας
1481 3714 1596 3779 τὴν
1645 3715 1915 3781 καρδίαν.

339 3804 496 3857 ”Ᾱνθ⁹
549 3798 609 3858 οὗ
664 3805 960 3874 Σύμμαχος
1013 3805 1297 3870 ἐξέδωκεν,
1325 3809 1380 3859 o‘l
1430 3804 1918 3872 σκληροκαρδιοι.

342 3895 480 3949 Καθ’
519 3896 780 3967 ἑκάτερον
809 3897 865 3949 δὲ
898 3897 1229 3967 παρίσταται
1259 3897 1320 3949 τὸ
1365 3897 1462 3967 τῆς
1494 3895 1720 3966 γνώμης
1764 3895 1922 3949 ἀναί-

343 3987 558 4058 σθητον.
615 3989 706 4041 Διὸ
745 3987 885 4058 πρὸς
924 3987 1364 4058 εἰδωλολατρείαν
1406 3988 1728 4057 ἐτράποντο.
1771 3985 1916 4039 Ἀλλ’

340 4078 490 4146 ὅμως
518 4078 686 4130 ἐλεῶν
717 4079 918 4140 αὐτοὺς
952 4080 980 4131 ὁ
1007 4077 1141 4141 Θεὸς
1191 4078 1517 4148 ὑποσχέσεσι
1550 4077 1745 4141 καλαῖς
1781 4078 1919 4132 ἀνα-

340 4170 592 4225 καλεῖται
611 4170 746 4240 πρὸς
770 4169 984 4224 σύνεσιν
1012 4172 1468 4239 μακρυνθὲντας
1495 4170 1924 4237 δικαιοσύνης,

2019 3256 2146 3316 lam.
2177 3263 2226 3307 et
2255 3254 2391 3308 mole
2444 3255 2675 3325 farinam
2702 3272 2719 3319 ;
2748 3256 2918 3309 revela
2973 3258 3364 3325 operimentum
3421 3271 3592 3323 tuum,

2019 3345 2199 3419 detege
2239 3364 2418 3414 canos,
2451 3347 2660 3402 denuda
2718 3347 2900 3414 tibias,
2924 3357 3033 3405 etc.

2093 3528 2254 3599 533
2285 3528 2352 3584 Et
2379 3530 2480 3583 ista
2511 3528 2583 3583 ad
2635 3529 2909 3585 lsraelitas
2952 3532 3140 3596 etiam,
3180 3533 3232 3587 in
3266 3547 3406 3603 quos
3435 3549 3598 3604 supc-

2022 3619 2142 3675 rius
2182 3621 2318 3674 illud
2362 3639 2374 3673 :
2413 3639 2431 3671 ι
2469 3620 2569 3674 Cui
2609 3636 2696 3674 me
2730 3623 3172 3691 assimilastis'",
3214 3644 3231 3676 1
3274 3634 3600 3695 usurpatum

2023 3717 2126 3774 est,
2160 3709 2492 3763 referuntur.
2521 3710 2597 3764 lbi
2629 3726 2758 3780 ergo
2790 3727 2884 3767 eos
2911 3727 3118 3775 errare,
3154 3715 3244 3768 hic
3285 3723 3467 3769 autem
3510 3733 3602 3770 cor

2025 3799 2338 3868 perdidisse.
2391 3801 2527 3867 sive,
2589 3810 2647 3854 ut
2693 3803 2964 3872 expressit
3025 3801 3418 3874 Symmachus,
3466 3808 3600 3862 duro

2027 3893 2184 3947 corde
2213 3894 2464 3947 exsistere
2489 3892 2779 3961 signiﬁcat,
2805 3901 3108 3963 ututroque
3127 3898 3288 3950 modo
3315 3899 3599 3959 vecordes.

2027 3985 2303 4052 animique
2359 3998 2522 4038 sensu
2579 3983 2871 4038 destitutos
2927 3983 2995 4037 ad
3059 3985 3424 4041 idololatriam
3481 4005 3603 4044 sese

2029 4075 2331 4130 contulisse
2365 4073 2728 4129 demonstret.
2764 4073 2869 4129 Sed
2907 4090 3099 4131 eorum
3138 4076 3251 4146 jam
3282 4078 3598 4133 miseratio-

2029 4184 2100 4222 ne
2134 4159 2466 4221 commotum
2504 4167 2670 4220 Deum
2703 4183 2800 4237 spe
2829 4169 2993 4234 bona,
3019 4168 3435 4239 magniﬁcisque
3481 4171 3600 4240 pol-

339 4258 490 4312 τοῦτ’
547 4258 662 4312 ἐστι
721 4258 876 4313 Θεοῦ.
941 4259 1342 4330 Ἀπειρήκεσαν
1392 4260 1498 4329 γὰρ
1555 4262 1673 4322 ταῖς
1714 4259 1912 4329 ψυχαῖς

2032 4257 2452 4321 licitationibus,
2484 4259 2575 4327 qui
2609 4257 2949 4326 ajustitia,id
2977 4270 3060 4314 est
3087 4275 3116 4313 a
3138 4258 3438 4331 Deo,'longe
3465 4261 3602 4332 fuis-
3705 4291 3708 4298 -

257 4349 271 4357 ’
341 4349 580 4413 ἁλούσας
621 4351 855 4421 ὁρῶντες
905 4354 1006 4414 τὰς
1043 4350 1174 4403 δέκα
1230 4349 1438 4419 φυλὰς,
1487 4351 1670 4414 αὐτοῖς
1717 4369 1779 4404 τε
1824 4351 1912 4404 τὸν

2028 4358 2163 4416 sent,
2187 4351 2251 4400 ad
2303 4348 2738 4418 resipiscentiam
2792 4365 3112 4420 provocare.
3155 4351 3382 4407 Animos
3427 4354 3598 4416 enim,

357 4441 643 4512 Ἀσσύριον
701 4443 934 4512 ὁρῶντες
977 4442 1330 4512 ἐγκείμενον,
1381 4441 1618 4512 ματαίας
1651 4441 1744 4496 τοῦ
1780 4441 1912 4494 Θεοῦ

2023 4443 2113 4512 qui
2171 4439 2358 4494 decem
2394 4439 2572 4494 tribus
2606 4450 2793 4509 captas
2848 4457 2972 4496 esse
3005 4443 3325 4508 cernebant,
3379 4443 3599 4512 abjece-

339 4533 440 4597 τὰς
471 4533 807 4602 ἐπαγγελίας
839 4533 1108 4604 ἐνόμιζον.
1145 4534 1238 4586 Διὸ
1275 4533 1374 4603 τὴν
1409 4532 1548 4586 κατὰ
1596 4533 1912 4594 Βαϐυλῶνος

2023 4543 2146 4589 rant
2173 4551 2191 4600 ;
2229 4543 2282 4588 et
2315 4532 2407 4602 qui
2431 4532 2532 4586 sibi
2561 4533 2847 4604 Assyrium
2879 4534 3166 4590 imminere
3187 4515 3478 4599 videbant;
3499 4550 3597 4590 va-

341 4621 540 4683 αὐτοὺς
566 4620 974 4690 εὐαγγελίζεται
1013 4623 1192 4691 δίκην.
1254 4623 1514 4676 Ἐκὸλασε
1551 4623 1659 4694 γὰρ
1695 4622 1824 4687 τοὺς
1858 4623 1912 4689 ἐξ

2023 4641 2123 4680 nas
2172 4639 2290 4680 esse
2330 4623 2754 4693 pollicitationes
2789 4625 3226 4680 arbitrabantur.
3259 4626 3440 4695 Atque
3471 4628 3600 4680 hinc

352 4711 573 4783 Ἰσραὴλ
602 4714 629 4766 ὁ
658 4713 790 4776 Θεὸς
810 4713 877 4766 -ού
927 4713 1124 4783 μισῶν,
1158 4714 1437 4784 σωτηρίαν
1461 4713 1521 4768 δέ
1559 4715 1744 4777 αὐτοῖς
1785 4729 1912 4785 μνη-

2023 4724 2122 4781 est,
2146 4715 2291 4787 quod
2342 4715 2423 4772 eis
2457 4715 2713 4784 praedicta
2752 4715 3046 4782 Babylonis
3089 4718 3302 4772 ultione
3360 4718 3603 4774 recreari

341 4802 685 4871 στευὸμενος,
712 4802 788 4865 ὡς
814 4803 909 4857 καὶ
938 4803 1046 4856 τῶν
1079 4804 1276 4873 ἰατρῶν
1311 4806 1359 4858 οί
1387 4804 1676 4874 τέμνοντές
1724 4821 1782 4857 τε
1831 4805 1912 4859 καπ

2030 4807 2175 4864 Deus
2195 4808 2399 4875 voluit;
2437 4810 2527 4878 qui
2553 4825 2662 4867 non
2691 4809 2838 4873 odio,
2875 4811 2971 4865 sed
3012 4812 3207 4868 salutis
3240 4827 3426 4867 amore
3471 4827 3602 4882 pro—

341 4893 624 4957 καίοντες·
667 4894 794 4948 ἐπεὶ
831 4896 932 4948 οιαὶ
977 4898 1127 4949 πᾶσα
1157 4897 1382 4960 κόλασις
1417 4896 1552 4967 πρὸς
1587 4896 1775 4965 ὄνησιν
1805 4899 1912 4950 ἐπι-

2025 4912 2253 4955 vocatus
2278 4901 2344 4955 ad
2367 4898 2734 4955 lsraelitarnm
2791 4915 2984 4970 poenas
3018 4902 3274 4966 accessit,
3307 4917 3414 4956 non
3442 4903 3602 4956 aliter

342 4983 592 5055 φέρεται.
628 4986 1032 5040 Συναναπλέκει
1063 4987 1119 5040 δὲ
1145 4991 1208 5058 τῇ
1237 4991 1336 5059 τῆς
1373 4988 1912 5058 μερικῆςσωτγιρίας

2027 5007 2190 5062 quam
2240 4991 2306 5045 ad
2360 4992 2774 5060 amputandum,
2802 4993 2885 5047 vel
2938 4993 3209 5048 urendum
3253 4993 3448 5047 medici
3488 5007 3601 5047 :ne

333 5075 636 5144 ὑποσχέσει
667 5079 881 5148 καὶτῆς
909 5080 1289 5149 γενικωτάτης
1315 5079 1412 5150 τὴν
1435 5080 1691 5150 δήλωσιν.
1727 5082 1790 5133 Ἥ
1824 5081 1912 5150 μὲι

2023 5083 2203 5138 dicam
2271 5082 2491 5136 nonnisi
2535 5083 2799 5136 utilitatis
2851 5085 3027 5152 gratia
3079 5099 3300 5152 semper
3360 5081 3600 5136 ultiones

342 5165 454 5236 γὰρ
484 5166 573 5220 διὰ
601 5170 842 5241 Κυρίουι)
865 5171 1153 5243 λύτρωσις,
1174 5173 1396 5242 μεριστὴ,
1418 5175 1451 5242 ἠ
1472 5173 1529 5224 δὲ
1547 5171 1636 5225 διὰ
1655 5173 1912 5242 Χριστοῦ,

2025 5172 2232 5228 induci.
2260 5170 2488 5240 Copulat
2522 5180 2702 5226 autem
2735 5187 2859 5227 cum
2888 5174 3204 5244 particulari
3243 5173 3434 5226 salutis
3464 5187 3598 5243 pro-

344 5256 564 5310 πάντων
586 5259 908 5330 ἀνθρώπων.
925 5263 998 5315 Τὸ
1012 5263 1092 5326 δὲ,
1120 5264 1191 5317 οὐ
1218 5264 1303 5332 μὴ
1332 5263 1634 5331 βραδύνω,
1657 5262 1912 5334 παρέοικε

2027 5261 2310 5325 missione,
2351 5269 2406 5314 et
2427 5262 2548 5330 ejus
2569 5264 2732 5318 etiam
2763 5264 3247 5334 signiﬁcationem.
3283 5279 3407 5334 qua:
3441 5279 3600 5336 gene-

344 5348 424 5420 τῷ
443 5367 455 5378 ο
495 5369 514 5401 ι
537 5352 654 5404 "Et:
680 5354 874 5425 μικρὸν
894 5356 923 5408 ὁ
942 5354 1264 5424 ἐρχᾴμενος-
1288 5355 1428 5425 ἥξει,
1448 5356 1541 5408 καὶ
1559 5356 1618 5409 οὐ
1646 5356 1907 5426 χρονιεῖ,ι

2023 5357 2103 5412 ris
2141 5363 2226 5410 est
2251 5355 2516 5410 universi.
2551 5354 2647 5409 Est
2677 5355 2826 5410 enim
2857 5368 2979 5423 quae
3036 5353 3093 5408 ﬁt
3135 5368 3239 5425 per
3269 5353 3472 5427 Cyrum
3509 5368 3597 5411 re-

421 5488 466 5520 ⁸⁸
526 5487 682 5544 llehr.
725 5507 767 5557 ι,
797 5490 883 5546 ιι.
962 5491 1008 5523 ⁸⁸
1046 5490 1406 5557 Ezech.xvn,
1446 5492 1502 5548 5.
1579 5493 1623 5525 ⁸⁷
1659 5491 1794 5547 ibid.
1840 5489 1906 5544 12

2023 5489 2052 5521 ⁵⁸
2110 5491 2219 5545 lsa.
2273 5505 2419 5557 xm,
2445 5489 2516 5543 '5.

1641 5632 1875 5690 VARIJE
1909 5628 2310 5689 LECTIONES.

422 5719 446 5759 ἀ
477 5720 560 5776 ἷσ.
592 5719 803 5790 Κύρου.
2151 5731 2154 5734 ’

681 5813 951 5873 Ρηιωι..
999 5810 1114 5872 Gtt.
1162 5811 1540 5875 LXXXVII.
3197 5816 3275 5874 ’17
