3976 6220
434 264 578 326 2143

1715 276 1729 283 ‘
1779 258 2129 324 PROCOPII
2157 257 2401 318 GAZA‘ZI

3552 262 3705 325 2444

441 375 708 446 demptio,
754 373 1137 446 partienlaris,
1171 389 1292 444 qum
1332 380 1512 428 autem
1581 388 1679 445 per
1732 373 2013 429 Christum

2120 370 2214 422 καὶ
2242 370 2396 425 Σιὼν
2425 367 2523 441 τὴν
2561 368 2888 441 Ἐκκλησίαν
2910 370 3197 443 νοήσομεν,
3229 364 3344 447 ἕνῇ
3394 373 3492 445 τὴν
3529 374 3704 427 αὑτοῦ

439 465 826 518 universorum
854 463 1161 517 hominum.
1196 462 1337 526 lam,
1378 463 1523 533 quod
1555 462 1774 517 tardare
1798 480 1898 517 non
1929 462 2015 531 fa-

437 553 797 622 ciamadjicit,
825 553 1002 608 eidem
1026 554 1185 624 plane
1218 554 1398 608 simile
1418 563 1522 619 est,
1546 553 1692 623 quod
1718 553 2012 609 scribitur:

445 664 463 696 r
496 644 685 699 Adhuc
722 642 1025 709 modicum,
1057 644 1152 714 qui
1188 645 1358 711 venit,
1402 645 1605 710 veniet,
1631 654 1686 699 et
1734 658 1841 698 non
1900 652 2014 697 lar-

435 737 588 792 dabit
618 737 685 790 ".
724 754 741 788 ι
778 735 957 791 Sionis
984 736 1183 792 deinde
1208 736 1431 791 nomine
1471 735 1773 791 Ecclesiam
1803 734 2005 789 intelli-

436 830 635 898 gimus,
654 829 712 880 in
738 842 847 897 qua
876 826 1124 897 ejusdem
1150 827 1375 881 salutem
1400 842 1518 880 cum
1548 825 1721 895 gloria
1750 825 2014 896 percipie-

432 934 579 984 mus,
609 926 879 988 quotquot
923 918 1288 987 intelligihilis
1332 916 1521 983 Israel,
1554 915 1609 973 id
1629 925 1737 981 est,
1766 917 2015 972 Abraha-

433 1010 508 1064 mi
541 1010 633 1063 lilii
655 1024 751 1081 per
778 1006 942 1079 534
967 1008 1391 1078 promissionem
1421 1007 1874 1074 ell‘ecti,mentem
1894 1022 2015 1076 quae

422 1099 602 1156 :Deum
630 1101 927 1164 intueatur,
947 1099 1328 1154 habuerimus.
1347 1098 1417 1152 At
1448 1096 2014 1169 Symmachus:Dabo

430 1193 485 1245 in
523 1192 657 1247 Sion
695 1191 957 1255 salutare,
990 1198 1040 1244 et
1100 1187 1277 1243 Israel
1300 1189 1549 1260 gloriam,
1600 1188 2011 1259 interpretatur.

431 1283 541 1340 ista
597 1298 728 1354 ergo
757 1282 971 1349 lsraeli,
1000 1282 1201 1353 inquit,
1255 1296 1354 1352 pro
1390 1296 1509 1336 mea
1561 1281 1617 1335 in
1649 1296 1745 1336 eos
1782 1281 2016 1336 benevo-

429 1377 622 1442 lentia,
658 1373 821 1430 facile
862 1374 1237 1430 concesserim
1269 1390 1284 1427 :
1321 1371 1416 1428 sed
1438 1372 1716 1440 justitiam
1755 1386 1931 1427 meam
1958 1371 2013 1426 in

429 1484 548 1531 eos.
582 1468 677 1538 qui
721 1475 918 1538 praeter
937 1481 1157 1536 mquum
1209 1464 1267 1519 in
1298 1478 1397 1520 vos
1452 1463 1767 1530 saevierunt,
1800 1462 2014 1534 deiecto

417 1562 584 1631 regni
628 1561 872 1631 ipsorum
907 1558 1126 1631 fastigio
1172 1575 1283 1614 non
1311 1573 1539 1631 possum
1565 1574 1674 1614 non
1700 1559 2009 1615 ostendere.

425 1652 555 1709 ldeo
570 1653 716 1708 enim
752 1653 899 1708 fastu
937 1650 1334 1716 intumescunt,
1355 1650 1505 1724 quod
1532 1664 1564 1706 a
1594 1649 1804 1706 saeculis
1825 1649 2013 1706 multis

2118 462 2423 530 σωτηρίαν
2446 462 2518 516 ἐν
2549 461 2699 529 δόξῃ
2725 461 2996 534 δεχόμεθα
3027 463 3144 515 ὅσοι
3185 463 3449 535 τελοῦμεν
3495 466 3576 528 είς
3605 466 3707 520 τὸν

2120 553 2312 623 νοητὸν
2352 553 2590 626 Ἰσραὴλ,
2622 554 2670 606 εί
2702 552 2844 607 θεὸν
2893 553 3108 625 ὁρῶντα
3152 555 3425 627 σχήσομεν
3454 557 3580 611 νοῦν
3616 559 3708 623 εἰς

2117 642 2282 699 τέκνα
2311 644 2591 708 τελοῦντες
2622 643 2743 698 κατ’
2764 645 3102 714 ἐπαγγελίαν
3138 646 3235 700 τοῦ
3276 648 3545 720 Ἁϐραάμ.
3562 650 3620 703 '0
3640 651 3707 704 δὲ

2121 736 2417 810 Σύμμαχος
2444 737 2673 802 ἐξέδωκε
2698 755 2711 768 ”
2753 737 2928 792 Δώσω
2964 740 3035 793 ἐν
3065 740 3220 794 Σιὼν
3245 741 3559 810 σωτήριον.
3599 743 3707 797 καί

2121 829 2203 894 τῷ
2245 828 2496 899 Ἰσραὴλ
2534 828 2747 894 δόξαν.
2778 828 2965 884 Ταῦτα
2997 829 3097 901 μὲν
3136 827 3227 885 οὖν
3255 830 3345 886 διὰ
3390 831 3705 903 φιλανθρω-

2117 919 2248 973 πίαν
2291 918 2469 983 δώσω,
2502 919 2657 990 φησὶ,
2682 919 2761 989 τῷ
2804 919 3053 992 ’1σραήλ”
3086 923 3186 993 τὴν
3226 923 3283 976 δὲ
3302 922 3707 993 δικαιοσύνην

2117 1011 2427 1084 ἐνδείξομαι
2454 1014 2551 1083 τὴν
2572 1011 2737 1083 ἐμὴν,
2777 1015 2893 1077 τοῖς
2922 1013 3064 1084 ὑπὲρ
3087 1014 3148 1068 τὸ
3188 1013 3306 1068 δέον
3336 1016 3483 1087 ὑμᾶς
3523 1033 3706 1087 τιμωο

2122 1103 2460 1174 ρησαμένοις
2515 1102 2769 1170 ἐπεξιὼν,
2799 1097 2875 1157 ὧν
2928 1103 2993 1175 δὴ
3042 1109 3366 1160 ταπεινώσω
3401 1106 3499 1177 τῆ,
3542 1105 3705 1176 βασι-

2118 1195 2272 1261 λείας
2299 1197 2360 1250 τὸ
2396 1195 2552 1268 ὕψος.
2590 1196 3033 1270 Ἐμεγαλαύχουν
3060 1198 3170 1270 γὰρ
3192 1200 3283 1252 ἐπὶ
3313 1202 3545 1269 μακροῖς
3573 1199 3705 1271 χρό-

2120 1305 2234 1352 νοις
2281 1286 2392 1342 τῶν
2455 1288 2625 1343 ὲθνῶν
2678 1288 3116 1351 δυναστεύοντες.
3166 1288 3279 1358 Τὴν
3319 1288 3376 1343 δὲ
3421 1288 3704 1359 βασιλείαν

2120 1382 2624 1451 προσωποποιήσας
2648 1420 2665 1447 ,
2687 1379 2981 1452 θυγατέρα
3027 1379 3389 1447 Βαϐυλῶνος
3418 1381 3701 1447 ἐκάλεσεν,

2116 1471 2213 1525 καὶ
2245 1470 2567 1540 παρθένον,
2592 1471 2670 1535 ὡς
2739 1469 3232 1542 καλλωπιζομένην
3274 1472 3332 1525 ὲν
3391 1471 3543 1540 ἀκμῇ
3596 1471 3704 1539 τῆς

2116 1562 2425 1635 δυνάμεως,
2450 1563 2544 1618 καὶ
2580 1562 2678 1636 τὴν
2717 1562 2779 1629 ἐξ
2830 1562 2999 1633 ὕψους
3037 1562 3175 1633 αὐτῇ
3222 1560 3520 1633 προσέταξε
3565 1560 3707 1615 κάθ-

2117 1656 2258 1712 οδον.

426 1748 663 1817 imperio
714 1746 964 1818 gentium
1018 1745 1324 1833 potiuntur.
1361 1744 1553 1816 Regno
1588 1746 1774 1816 itaque
1813 1759 2106 1816 personam
2138 1753 2388 1809 tribuens
2425 1753 2595 1824 ﬁliam
2669 1751 2961 1823 Babylonis
3023 1757 3078 1805 et
3143 1750 3420 1821 virginem,
3486 1748 3702 1822 magni-

418 1840 618 1896 tudine
684 1840 911 1905 virium,
984 1846 1359 1909 tanquamque
1408 1837 1528 1910 ipso
1582 1835 1773 1892 aetatis
1838 1835 1994 1905 ﬂore,
2060 1841 2327 1898 tumidam
2363 1851 2416 1899 et
2443 1844 2645 1899 elatam
2695 1840 3006 1912 appellavit,
3043 1853 3207 1907 quam
3267 1851 3299 1892 e
3337 1837 3560 1894 sublimi
3596 1838 3699 1891 dc-

425 1933 692 1989 scendere
730 1933 987 2003 imperat.

508 2026 774 2082 Nonnulli
805 2026 947 2081 tilias
979 2024 1298 2096 Babylonis,
1332 2032 1426 2078 aut
1453 2024 1616 2080 etiam
1631 2023 1910 2092 mulieres,
1938 2026 2013 2082 ita

2187 2027 2343 2090 Τινὲς
2380 2025 2438 2080 δὲ
2492 2025 2593 2090 τὰς
2646 2023 2952 2093 θυγατέρας
3000 2021 3110 2075 τῶν
3145 2018 3501 2074 Βαϐυλωνίων
3536 2019 3569 2091 ἢ
3603 2014 3703 2074 καὶ

418 2120 616 2176 volunt
642 2116 879 2174 indicari
909 2158 924 2183 ,
977 2131 1119 2188 quas
1150 2130 1183 2170 a
1230 2114 1406 2172 Medis
1436 2123 1626 2186 captas
1670 2116 1724 2171 in
1774 2117 2011 2173 servitu-

418 2223 534 2269 tem
554 2210 840 2268 redactum
867 2209 936 2264 iri
960 2207 1237 2281 signiﬁcat
1269 2224 1285 2275 ;
1312 2221 1548 2279 quorum
1593 2207 1868 2274 descensu,
1892 2208 2011 2279 glo—

421 2304 520 2359 ria:
584 2309 640 2357 et
693 2300 883 2364 luxus,
937 2298 1317 2370 libertatisque
1348 2307 1403 2355 et
1430 2295 1752 2352 divitiarum
1786 2298 1843 2352 in
1875 2312 2012 2352 con-

418 2394 594 2450 traria
631 2393 865 2450 mutatio
916 2391 1360 2449 demonstratur.
1413 2383 1592 2445 Vbcat
1625 2405 1756 2462 ergo
1789 2389 2008 2461 virginis

422 2486 688 2554 tenebras,
710 2484 1083 2542 calamitatem
1133 2498 1278 2547 eam,
1308 2497 1431 2554 qua:
1484 2482 1657 2537 averti
1706 2483 2013 2552 sarcirique

424 2595 535 2633 non
570 2579 770 2633 valeat.
805 2574 971 2632 Menti
1002 2574 1278 2645 siquidem
1302 2583 1568 2647 perpetuo
1590 2573 1830 2630 tenebras
1855 2573 2014 2629 dolor

423 2675 478 2719 et
537 2671 720 2721 metus
783 2662 1094 2720 ollundunt.
1151 2661 1371 2718 Mollem
1406 2663 1607 2720 deinde
1661 2673 1717 2720 et.
1755 2676 2012 2731 teneram,

423 2763 647 2833 propter
678 2753 801 2814 vita:
849 2769 1046 2830 genus,
1099 2756 1371 2828 modoque
1409 2763 1689 2812 carentem
1752 2764 2011 2810 ornatum

422 2854 510 2910 vel
547 2852 725 2923 regni,
769 2849 857 2906 vel
918 2849 1208 2906 mulierum
1273 2848 1592 2920 appellavit.
1656 2846 1816 2918 Apud
1871 2861 2012 2918 quos

424 2943 571 3001 enim
618 2942 834 2998 militiae
876 2940 1122 2998 studium
1150 2938 1434 3011 professos
1480 2954 1619 2995 auro
1651 2939 1860 3004 ornari,
1885 2953 2012 2995 sua-

423 3020 781 3106 vissimisque
830 3033 979 3090 liniri
1026 3033 1322 3105 unguentis
1365 3034 1626 3089 usitatum
1679 3044 1834 3100 erat,
1881 3031 2011 3104 quid

424 3145 540 3187 non
579 3128 826 3185 facturas
879 3125 1141 3183 mulieres
1195 3124 1397 3196 putes?
1428 3123 1723 3180 Sedentem
1789 3124 2010 3189 deinde,

426 3231 688 3292 tanquam
712 3220 782 3276 de
810 3219 1004 3289 regina
1029 3232 1213 3274 sermo
1241 3217 1335 3282 sit,
1369 3216 1498 3273 facit
1524 3234 1538 3284 ;
1579 3232 1702 3287 quae
1727 3232 1849 3272 mox
1888 3216 2012 3271 reli-

426 3314 536 3369 ctis
574 3313 832 3368 omnibus
864 3325 976 3366 non
999 3309 1158 3365 aliter
1189 3324 1356 3378 quam
1407 3323 1531 3379 qua:
1582 3307 1738 3363 mola:
1767 3308 2009 3376 addicta,

2115 2120 2216 2184 τὰς
2261 2121 2532 2189 γυναῖκας
2579 2116 2753 2180 οὕτως
2801 2114 3056 2187 εἰρῆσθαί
3096 2129 3286 2184 φασιν,
3329 2104 3404 2166 ὧν
3441 2110 3567 2184 τὴν,
3592 2111 3701 2164 ὑπὸ

2112 2211 2316 2283 Μήδων
2345 2210 2639 2280 διέγραψεν
2672 2209 2895 2274 ἅλωσιν,
2939 2206 3034 2260 καὶ
3064 2204 3163 2278 τὴν
3190 2206 3269 2269 είς
3309 2204 3556 2259 δουλείαν
3588 2204 3700 2256 ὰπ-

2114 2304 2364 2376 αγωγήν.
2395 2296 2496 2357 Ὧν
2525 2303 2564 2370 ή
2598 2300 2925 2383 κατάϐασις
2972 2299 3123 2370 δηλοί
3160 2298 3266 2373 τὴν
3299 2300 3365 2352 ὲκ
3392 2297 3551 2367 δόξης
3599 2297 3700 2350 καὶ

2111 2390 2346 2469 τρυφῆς,
2377 2393 2692 2464 ἐλευθερίας
2731 2409 2791 2446 τε
2837 2393 2928 2446 καὶ
2969 2391 3201 2445 πλούτου
3253 2391 3389 2463 πρὸς
3437 2391 3700 2444 τάναντία

2118 2486 2444 2560 μεταϐολήν.
2482 2484 2596 2555 Τῆς
2627 2483 2720 2538 οῦν
2754 2482 3056 2553 παρθένου
3098 2483 3323 2549 σκότος
3359 2483 3459 2552 τὴν
3495 2482 3698 2553 ἀνήκε-

2118 2594 2241 2631 στον
2272 2574 2500 2630 ἐκάλεσε
2541 2573 2850 2645 συμφοράν.
2884 2572 2990 2626 Τὸν
3019 2572 3142 2626 νοῦν
3176 2572 3285 2642 γὰρ
3319 2573 3405 2625 ἀεὶ
3426 2571 3570 2642 λύπη
3602 2572 3702 2625 καὶ

2114 2667 2277 2739 φόϐος
2302 2664 2533 2722 σκοτοῖ.
2572 2662 2839 2732 Ἀπαλὴν
2866 2663 2921 2717 δὲ
2951 2664 3044 2716 καὶ
3080 2662 3382 2732 τρυφερὰν
3400 2663 3489 2716 διά
3510 2680 3568 2715 τε
3596 2662 3702 2733 τὴν

2112 2760 2327 2815 δίαιταν
2371 2758 2580 2812 καὶτὸν
2629 2755 3038 2828 ὑπερϐάλλοντα
3075 2755 3342 2827 κόσμονῆ
3386 2756 3485 2824 τῆς
3542 2754 3703 2825 βασι-

2112 2851 2282 2918 λείας,
2313 2850 2481 2922 ἡτῶν
2514 2848 2753 2916 γυναίων
2790 2848 2966 2902 καλεῖ.
3001 2847 3137 2915 Παρ’
3167 2841 3248 2910 οἷς
3290 2847 3400 2918 γὰρ
3421 2845 3483 2900 τὸ
3531 2847 3703 2917 μάχι-

2117 2960 2218 3016 μον
2262 2944 2552 3015 ἐκοσμεῖτο
2595 2940 2801 3012 χρυσῷ,
2833 2941 3076 3003 καὶτοῖς
3122 2939 3509 3003 εὐωδεστάτοις
3560 2956 3700 3002 κατ,-

2111 3035 2323 3109 εχρίετο
2360 3035 2572 3107 μύροις,
2604 3034 2656 3087 τί
2681 3034 2745 3089 ἄν
2778 3050 2863 3097 τις
2892 3032 3036 3087 εἴποι
3066 3032 3134 3087 τὸ.
3162 3030 3399 3101 γύναια;
3431 3031 3539 3085 Καὶ
3562 3029 3705 3085 καθ-

2111 3129 2343 3201 ημένην,
2393 3126 2470 3191 ὡς
2501 3125 2593 3181 ἐπὶ
2621 3125 2892 3198 βασιλίδος
2936 3125 3123 3196 φησίν.
3149 3124 3330 3194 "Amp
3362 3122 3701 3194 ἀποθεμένη,

2113 3219 2270 3290 φησὶ,
2292 3216 2671 3290 μυλωθρίδος
2725 3217 2882 3285 δίκην
2920 3216 3285 3288 Θεραπαίνης,
3340 3217 3451 3279 τοῖς
3511 3214 3703 3269 ἁλοῦσι

2118 3311 2449 3376 δουλεύσεις.
2493 3311 2605 3366 Καὶ
2647 3310 2708 3364 τὸ
2739 3308 3097 3379 κατάλυμμα
3125 3320 3149 3349 ο
3178 3308 3234 3363 δὲ
3259 3308 3320 3362 τὸ
3349 3310 3413 3362 ὲκ
3438 3308 3706 3379 διαφόρου

428 3406 663 3479 captivis
685 3404 1013 3460 famulatura
1038 3402 1131 3457 sit.
1164 3400 1245 3456 Ad
1275 3402 1412 3468 haec,
1438 3401 1823 3468 operimentum
1856 3400 2011 3465 illud,

2120 3403 2328 3475 κόσμου
2388 3402 2721 3476 περιελοῦσα
2755 3403 2854 3473 τῆς
2886 3401 3131 3473 κεφαλῆς
3173 3401 3482 3456 ἀποτίθετο.
3522 3401 3567 3450 Τ
3570 3401 3599 3453 ὸ
3642 3402 3707 3455 δὲ

429 3513 540 3568 quo
574 3497 679 3553 sibi
712 3495 864 3551 varie
887 3501 1051 3564 caput
1099 3491 1430 3556 adornabat,
1464 3491 1706 3562 abjicerc
1735 3492 1967 3562 imperat
1995 3508 2009 3544 :

426 3595 484 3645 et
519 3588 664 3658 quod
693 3588 758 3641 de
787 3586 945 3641 canis
973 3584 1135 3649 dixit,
1167 3581 1400 3650 addidit,
1440 3590 1535 3637 aut
1574 3591 1833 3652 tanquam
1861 3582 2013 3654 regni

429 3678 853 3735 diuturnitatem
892 3675 1260 3741 indicaturus,
1289 3682 1384 3729 aut
1407 3689 1600 3730 eorum
1653 3674 1748 3746 qui
1774 3674 2013 3745 loquuu-

429 3782 548 3836 tur,
571 3769 951 3826 crudelitatem
982 3785 998 3835 ;
1018 3767 1112 3837 qui
1142 3782 1212 3823 ne
1230 3766 1357 3822 anui
1382 3767 1605 3838 quidem
1625 3772 2012 3837 pepercerunt.

432 3863 544 3919 Sed
590 3876 690 3932 pro
722 3876 833 3933 quo
863 3860 1056 3923 Revela
1101 3860 1486 3929 operimentum
1521 3858 1810 3923 habemus,
1844 3858 2014 3913 Aures

426 3957 677 4011 abducito
713 3954 851 4010 dixit
879 3952 1265 4025 Symmachus.
1298 3951 1404 4008 Ubi
1456 3953 1611 4017 item,
1643 3950 2017 4021 Quodjustum

424 4046 590 4102 estde
623 4056 672 4101 te
707 4046 974 4126 att/eram.
1008 4041 1134 4098 Non
1170 4042 1402 4112 amplius
1439 4042 1658 4097 tradant
1691 4040 2013 4108 hominibus,

424 4140 698 4210 legimus;
724 4137 866 4193 idem
905 4150 1149 4207 quoque,
1177 4135 1245 4190 Te
1271 4151 1367 4205 ego
1392 4134 1644 4200 ulciscar,
1680 4150 1774 4188 nec
1811 4132 2019 4189 resistet

422 4230 559 4285 mihi
630 4229 807 4295 homo,
845 4228 1262 4299 interpretatur.
1300 4224 1401 4280 Ubi
1461 4224 1659 4280 deinde
1699 4239 1713 4278 :
1750 4222 1856 4291 Qui
1878 4222 2023 4278 rede-

421 4325 523 4379 mit
557 4330 605 4378 te
635 4321 896 4379 Dominus
945 4321 1268 4376 exercituum
1299 4358 1314 4386 ,
1348 4318 1581 4388 Aquilas
1616 4333 1635 4371 :
1684 4314 2029 4386 Propinquus,

423 4413 572 4468 robis
621 4412 905 4468 Dominus.
940 4410 1103 4481 535
1141 4408 1266 4464 llaec
1301 4409 1469 4481 igitur
1495 4409 1786 4463 adversum
1825 4411 1898 4468 te,
1931 4403 2018 4458 in-

422 4508 567 4576 quit,
607 4506 868 4561 Dominus
926 4513 1126 4569 noster,
1169 4502 1265 4572 qui
1311 4517 1405 4555 nos
1449 4499 1684 4562 redimit,
1735 4495 2016 4554 decrevit:

423 4599 710 4664 nimirum,
739 4605 801 4653 ut
859 4604 913 4651 te
974 4598 1042 4650 ad
1074 4594 1260 4649 hostes
1294 4592 1618 4655 abduceret,
1648 4590 1742 4645 ubi
1786 4596 1842 4645 te
1868 4588 2019 4645 exsi-

421 4693 639 4741 stentes
668 4686 725 4741 in
767 4685 951 4741 medio
972 4684 1164 4753 ﬂuvios
1198 4682 1522 4737 denudatam
1547 4678 1884 4753 pertransire
1916 4693 2015 4735 ne-

2114 3493 2222 3548 τῶν
2248 3493 2470 3558 πολιῶν,
2496 3493 2529 3565 ἦ
2558 3493 2634 3557 ὡς
2659 3494 2755 3547 ἐπὶ
2785 3492 3005 3564 χρονίου
3045 3490 3322 3562 βασιλείας
3351 3487 3579 3562 εἶπεν,ἢ
3604 3490 3705 3561 τὴν

2115 3584 2377 3657 ὡμότητα
2416 3584 2528 3639 τῶν
2583 3583 2886 3655 εἰρηκότων
2930 3581 3129 3654 δηλῶν,
3161 3582 3238 3646 ὡς
3285 3582 3416 3654 μηδὲ
3445 3582 3707 3651 γυναικὸς

2116 3676 2473 3750 πρεσβύτιδος
2500 3675 2813 3747 φείσασθαι.
2876 3675 3023 3729 Ἀντὶ
3049 3675 3106 3729 δὲ
3125 3673 3219 3729 τοῦ
3286 3674 3705 3744 Ἀποκὰλυψαι

2115 3770 2183 3824 τὸ
2230 3767 2670 3838 κατακὰλυμμά
2696 3765 2716 3806 ί
2748 3780 2896 3833 σου,
2944 3767 3262 3838 Σύμμαχος,
3304 3765 3585 3835 Kride
3628 3768 3708 3821 τὰ

2115 3860 2255 3933 ὦτα,
2288 3865 2478 3937 φησὶν,
2519 3864 2641 3918 ἀντὶ
2666 3864 2725 3917 δὲ
2773 3861 2893 3925 τοῦ,
2944 3863 3014 3917 Τό
3047 3863 3283 3919 δίκαιον
3318 3864 3387 3920 ἐκ
3425 3863 3544 3918 σοῦ
3586 3864 3704 3930 .115-

2118 3958 2305 4025 ψομαι
2324 3971 2338 3987 ⁶
2387 3955 2594 4010 οὐκέτι
2615 3952 2705 4024 μὴ
2732 3950 2976 4022 παραδῶ
3014 3954 3368 4022 ἀνθρώποις,
3400 3955 3664 4022 ἐξέδωκεν
3686 3970 3704 3986 ⁸

2132 4045 2478 4114 Ἐκδίκησίν
2503 4063 2618 4100 σου
2650 4046 2946 4118 λήψομαι,
2989 4047 3085 4101 καὶ
3117 4047 3229 4102 οὐκ
3271 4046 3707 4114 ἀντιστήσεται

2118 4140 2188 4193 ἐν
2213 4139 2342 4211 ἐμοὶ
2372 4139 2706 4208 ἄνθρωπος.
2751 4139 2896 4194 ’Δντὶ
2924 4139 2981 4194 δὲ
3003 4138 3118 4205 τοῦ,
3162 4142 3197 4194 ὁ
3235 4141 3586 4210 ῥυσάμεγός
3626 4157 3707 4195 σε

2118 4229 2337 4298 Κύριος
2358 4231 2634 4288 Σαϐαώθο
2677 4231 2934 4297 Ἀκύλας,
2981 4232 3361 4302 ἀγχιστεύων
3385 4231 3556 4301 ἡμῶν
3583 4214 3704 4287 K6-

2112 4338 2270 4390 ριος.
2327 4320 2518 4377 Ταῦτα
2563 4324 2704 4380 κατὰ
2735 4324 2852 4393 σοῦ,
2885 4325 3074 4396 φησὶν,
3102 4325 3304 4396 ὥρισεν
3352 4327 3383 4379 ό
3436 4325 3705 4396 ἡμέτερος

2119 4415 2339 4484 Κύριος
2379 4419 2791 4488 λυτρούμενος
2826 4417 3006 4489 ἡμᾶς,
3044 4418 3288 4490 δηλονότι
3339 4418 3439 4489 τὴν
3488 4419 3570 4481 είς
3606 4434 3708 4471 πο-

2120 4505 2341 4576 λεμίους
2391 4506 2719 4581 ἀπαγωγὴν,
2767 4510 2890 4565 καθ’
2920 4511 2987 4581 ην
3025 4510 3180 4564 ἔδει⁸
3217 4509 3445 4564 διελθεῖν
3473 4510 3707 4565 ἀνασυ-

2113 4594 2386 4666 ρομένην
2411 4599 2657 4665 καὶτοὺς
2689 4603 2749 4655 ὲν
2782 4601 2937 4673 μέσῳ
2966 4601 3343 4671 τυγχάνοντας
3369 4601 3703 4671 ποταμούς.

2125 4688 2247 4742 ὀτι
2300 4689 2358 4743 δὲ
2393 4690 2620 4755 δικαίως
2661 4692 2920 4760 πέπονθε,
2964 4694 3057 4747 καὶ
3106 4694 3394 4766 προφήτης
3437 4692 3705 4764 ἐδήλωσεν

421 4792 580 4833 cesse
602 4788 707 4835 est.
729 4779 918 4850 Neque
937 4793 1070 4834 vero
1105 4778 1158 4834 id
1195 4775 1399 4846 injuria
1444 4789 1677 4858 passum
1720 4786 1843 4831 esse
1866 4773 2011 4829 alius

2117 4777 2305 4850 ἕτερος
2335 4779 2531 4835 εἰπών·
2571 4799 2592 4833 ι
2632 4782 2831 4848 Καθὼς
2875 4784 3155 4855 εποίησεν,
3204 4784 3416 4855 ποιήσω
3459 4783 3595 4852 αὐτῇ
3620 4796 3634 4811 ’
3679 4799 3699 4832 ι

421 4870 594 4927 etiam
628 4870 681 4925 in
717 4869 865 4925 hunc
886 4869 1108 4925 modum
1144 4867 1416 4939 propheta
1455 4872 1712 4933 testatur,
1737 4879 1864 4920 cum
1890 4864 2007 4920 ait:

2116 4870 2204 4924 καὶ
2227 4870 2392 4925 πάλιν
2413 4887 2429 4904 ·
2463 4890 2484 4925 ι
2511 4873 2712 4938 Καθὼς
2754 4874 3044 4946 ἐποίησας,
3076 4874 3255 4939 οὕτως
3304 4874 3461 4928 ἔσται
3493 4873 3551 4926 τὸ
3579 4873 3709 4926 ἀντ-

426 4983 447 5016 ι
470 4961 628 5018 Sicut
656 4962 807 5027 fecit,
835 4960 1033 5019 iaciant
1065 4961 1114 5016 ei
1138 4961 1209 5015 '°.
1249 4978 1266 5011 r
1298 4959 1364 5015 Et
1392 4973 1617 5014 rursum
1652 4976 1706 5013 τι
1736 4955 2013 5024 Quemad-

2116 4958 2362 5031 απόδομά
2381 4956 2499 5018 σου.
2528 4965 2686 5032 »Καὶ
2711 4964 2942 5019 καθόλου
2963 4963 3021 5019 δέ
3044 4982 3208 5037 φησιν
3238 4965 3501 5036 ήΓραφὴ’
3522 4981 3542 5014 ι
3566 4962 3706 5016 Οὐαὶ

423 5054 647 5111 modum
678 5053 881 5121 fecisti,
905 5051 987 5109 sic
1021 5052 1128 5106 erit
1153 5058 1208 5106 et
1258 5050 1551 5106 retributio
1579 5056 1671 5103 tua
1703 5048 1772 5101 τί.
1811 5066 1829 5099 ι
1870 5046 2013 5114 Quin

2116 5048 2190 5121 τῷ
2220 5051 2431 5124 ἀνόμῳ.
2468 5054 2692 5127 Πονηρᾶ
2726 5056 2871 5111 κατὰ
2892 5056 2962 5110 τὰ
2990 5055 3130 5128 ἔργα
3157 5057 3268 5111 τῶν
3305 5056 3505 5128 χειρῶν
3537 5053 3707 5109 αὐτοῦ

422 5159 479 5203 et
508 5149 733 5206 omnino
754 5145 1193 5216 dicitScriptura
1220 5163 1232 5200 :
1266 5161 1285 5196 ι
1315 5140 1408 5199 Vae
1436 5142 1639 5214 impio!
1663 5140 1801 5195 Mala
1818 5138 2013 5196 strenu-

2116 5142 2460 5215 συμϐήσεται
2494 5145 2666 5218 αὐτῷ.
2704 5165 2722 5201 r
2757 5148 2831 5202 Τὸ
2865 5148 2946 5215 δὲ,
2983 5149 3195 5205 Οὐκέτι
3231 5148 3319 5219 μὴ
3356 5145 3601 5217 παραδῶ
3629 5160 3712 5200 σε

421 5244 553 5296 dum
583 5256 751 5313 opera
782 5254 1047 5296 manuum
1077 5237 1254 5315 ipsips
1273 5236 1597 5307 contingent
1625 5234 1674 5291 ei
1703 5234 1773 5287 ν’.
1812 5231 2007 5300 »ρηοιί

2116 5234 2488 5305 ἀνθρώποις,
2535 5239 2678 5295 κατὰ
2733 5241 2864 5307 τοὺς
2917 5240 3345 5315 Ἐϐδομήκοντα,
3416 5241 3569 5313 δηλοῖ
3646 5239 3713 5293 τὸ

423 5340 632 5399 autem,
650 5329 1032 5402 Non‘amplius
1060 5330 1277 5389 tradam
1308 5336 1354 5384 te
1385 5325 1710 5392 hominibus,
1730 5324 1837 5393 ait;
1861 5325 1908 5380 si
1940 5322 2009 5380 ad

2116 5327 2332 5396 μηκέτι
2405 5329 2670 5397 τοιούτοις
2752 5334 3142 5407 ὰπανθρώποις
3206 5332 3711 5408 παραδοθήσεσθαι.

496 5462 542 5495 ⁸⁸
570 5464 777 5518 Habac.
802 5480 864 5529 ιι,
887 5466 943 5522 '5.
1019 5467 1066 5499 "
1095 5467 1295 5523 Ezech.
1326 5480 1423 5531 vn,
1454 5463 1548 5518 9.7.
1623 5465 1667 5496 ‘”
1689 5462 1891 5520 Jerem.
1913 5463 2088 5537 1.,15,
2124 5465 2218 5525 29.
2296 5469 2342 5501 "
2367 5468 2472 5527 lsa.
2509 5488 2591 5539 ut,
2628 5473 2715 5529 Η.

1737 5582 1975 5641 νΛΒΙιΕ
2033 5585 2446 5648 LECTIONES.

493 5709 519 5740 α
544 5715 633 5769 γρ.
703 5696 990 5769 κάλυμμα.
1046 5696 1064 5735 ί
1099 5715 1188 5768 γρ.
1218 5698 1504 5771 κάλυμμα.
1587 5703 1610 5741 Β
1637 5719 1726 5769 γρ.
1771 5701 1856 5755 ἵσ.
1890 5718 1946 5753 σε
1981 5701 2083 5759 δεῖ.
