3976 6220
367 300 512 408 2’445
1453 328 1996 399 'COMMENTARII
2020 325 2111 389 IN
2144 324 2438 389 ISAIAM.
3430 296 3433 297 ί
3491 322 3635 388 suo

371 460 536 519 Ἴσως
563 450 623 508 δέ
642 448 737 506 καὶ
764 448 947 514 αὐτοϊς
972 448 1122 519 λέγει
1148 447 1262 514 τοίς
1280 445 1450 503 πάλαι
1474 448 1733 519 νικήσασι
1753 462 1768 478 ο
1794 444 1956 500 τοῦτο

2074 452 2293 498 nentem
2324 441 2687 512 interpretum
2716 436 3071 511 Septuaginta
3098 436 3326 500 referas.
3356 436 3629 493 deimmi-

366 542 423 599 δέ
458 534 627 615 πρδς“
647 540 741 596 τδν
799 538 1019 611 Ἰσραὴλ
1070 538 1236 609 ῥηθὲν
1290 536 1770 611 παρεμδέδληται.
1820 531 1958 590 Εἶτα

2074 532 2208 588 .ibus
2229 530 2499 603 ejusmodi
2539 536 2596 585 et
2627 528 2946 585 inhumanis
2979 528 3295 584 hominibus
3325 571 3343 594 ,
3376 527 3635 584 fortassis

364 633 531 688 πάλιν
570 630 710 704 πρὸς
747 626 865 700 τὴν
888 626 1199 683 Χαλδαίαν
1255 625 1416 700 φησι,
1466 624 1737 681 Κάθισον
1782 640 1963 679 κατα-

2074 632 2116 681 et
2151 623 2220 680 de
2255 622 2365 678 illis
2410 621 2574 677 etiam
2606 635 2634 675 a
2675 621 2877 693 quibus
2899 621 3027 677 victi
3066 619 3341 693 quondam
3387 619 3637 679 fuerunt.

362 719 725 795 νενυηιένη,
751 720 787 792 ἢ
826 719 970 775 κατὰ
1006 718 1325 791 Σύμμαχον,
1399 715 1692 773 σιωπῶσα
1714 731 1729 746 °
1766 716 1803 788 ἡ
1852 714 1963 787 γὰρ

2074 714 2357 771 intellexit.
2392 710 2500 769 Sed
2540 719 2626 768 est
2656 712 2723 767 ad
2754 711 3012 768 lsraelem
3054 711 3260 767 dictum
3292 710 3435 766 istud
3465 711 3638 765 inter—

366 816 511 872 οὕτω
562 813 930 886 μεγάλαυχος,
969 809 1068 865 καὶ
1114 809 1193 876 ὡς
1248 809 1509 878 οἰκέταις
1534 807 1796 881 χρωμένη
1830 809 1946 872 τοίς

2074 805 2308 879 ιίιίαῑιιιη.
2328 803 2638 861 Chaldaeum
2662 803 2858 869 deinde
2880 803 3236 874 compellens,
3261 801 3413 869 Sede,
3433 802 3635 873 inquit,

369 909 602 975 ἔθνεσιν,
638 903 947 979 μετάγνωθι
972 903 1159 959 λοιπὸν
1185 902 1274 974 ἐφ’
1299 897 1382 969 οἷς
1409 902 1677 976 ἔπραξας,
1707 899 1949 972 τοσούτῳ

2074 907 2365 966 :ompuncta
2396 914 2414 961 ;
2444 897 2532 953 vel
2589 905 2789 962 tacens,
2835 894 3142 952 secundum
3217 896 3631 968 Symmachum.

367 998 568 1064 σκότῳ
600 995 853 1059 παιδείας
881 991 1225 1065 ἐκδιδομένη.

2057 987 2190 1056 Quae
2215 989 2361 1045 enim
2404 1003 2471 1045 eo
2514 989 2783 1060 superbiae
2813 995 2867 1044 et
2897 989 3225 1060 arrogantiae
3267 1003 3523 1045 evaseras
3578 998 3642 1044 ut

369 1102 635 1163 tauquam
685 1089 876 1157 servis,
911 1088 1229 1155 nationibus
1274 1088 1562 1158 utereris;
1605 1093 1661 1144 te
1696 1085 1958 1157 deinceps
1994 1096 2206 1150 eorum,
2238 1082 2621 1155 quagessisti,
2662 1096 2788 1137 cum
2851 1080 2908 1137 in
2951 1082 3120 1138 tantis
3181 1081 3450 1137 doctrinae
3494 1091 3640 1136 tene-

370 1187 479 1240 bris
512 1181 836 1248 versareris,
866 1180 1139 1251 pmnitere
1164 1195 1384 1251 aequum
1411 1185 1518 1238 est.

438 1280 514 1334 Τὸ
544 1278 602 1333 δέ
663 1274 843 1346 ίσχὺς
880 1275 1244 1342 βασιλείας,
1292 1273 1586 1330 δέσποινα
1620 1269 1959 1340 ,βασιλειῶν

369 1371 601 1437 ἐξέδωκε
636 1367 957 1437 Σύμμαχος,
989 1364 1088 1420 καὶ
1113 1365 1215 1437 τὴν
1245 1363 1426 1419 αἰτίαν
1466 1365 1773 1436 ἐπήγαγεν,
1805 1361 1957 1417 διδά-

370 1478 516 1515 σκων
537 1459 612 1523 ὡς
634 1459 694 1512 οὐ
717 1458 798 1512 δεῖ
825 1458 940 1520 τοῖς
972 1454 1078 1510 ὑπὸ
1112 1454 1250 1509 Θεοῦ
1282 1453 1738 1526 ταπεινουμένοις
1785 1455 1961 1523 ἐπεμ-

371 1550 598 1613 ϐαίνειν,
623 1547 717 1611 οὒς
744 1546 982 1617 ἐγχωρεῖ
1002 1543 1399 1608 παιδευθέντας
1434 1542 1782 1613 ἐλεηθῆναι.
1819 1542 1958 1596 Συν-

373 1642 482 1710 ipsi
502 1641 559 1694 δὲ
585 1639 798 1702 τούτοις
827 1637 924 1692 καὶ
945 1636 1227 1710 Ζαχαρίας
1256 1634 1452 1708 φησίν·
1490 1656 1511 1689 ι
1552 1635 1838 1707 Ἐζήλωκα
1856 1633 1959 1707 τὴν

385 1730 745 1803 Ἰερουσαλὴμ
768 1728 930 1799 ζῆλον
966 1727 1163 1800 μέγαν,
1188 1728 1285 1782 καὶ
1304 1724 1465 1799 θυμῷ
1497 1725 1719 1797 μεγάλῳ
1745 1724 1960 1797 ὀργίζο-

2124 1268 2397 1324 Caeterum
2433 1280 2543 1338 quo
2572 1266 2692 1323 loco
2730 1265 2989 1336 fortitudo
3049 1267 3196 1339 regni
3226 1267 3509 1332 habemus,
3540 1268 3644 1341 do-_

2057 1360 2205 1414 mina
2238 1373 2521 1429 regnorum
2552 1359 2718 1412 vertit
2748 1357 3154 1430 Symmachus;
3186 1366 3239 1414 et
3283 1373 3509 1416 causam
3549 1360 3646 1416 ad-

2057 1449 2158 1515 dit,
2186 1456 2247 1505 ut
2287 1449 2482 1505 doceat
2519 1464 2630 1504 non
2664 1448 2731 1518 iis
2765 1465 2909 1517 esse,
2939 1450 3033 1521 qui
3086 1466 3114 1505 a
3146 1450 3259 1506 Deo
3300 1449 3643 1524 afﬂiguntur,

2057 1540 2479 1613 insurgendum,
2538 1554 2772 1611 quorum
2836 1543 3182 1614 correptione
3214 1543 3284 1599 ad
3344 1546 3649 1601 misericor-

2064 1632 2211 1688 diam
2237 1635 2421 1704 potius
2455 1633 2639 1689 decuit
2677 1633 3031 1690 commoveri.
3065 1633 3193 1691 lstis
3238 1644 3419 1691 autem
3463 1644 3517 1693 et
3555 1638 3651 1692 illa

2066 1732 2399 1794 congruunt,
2423 1737 2546 1792 quae
2574 1737 2670 1793 per
2703 1721 3022 1779 Zachariam
3054 1724 3110 1780 in
3140 1725 3289 1782 hunc
3311 1727 3533 1785 modum
3561 1727 3650 1783 di-

375 1839 473 1893 μαι
518 1818 631 1889 ἐγὼ
667 1820 761 1873 ἐπὶ
788 1818 859 1871 τὰ
908 1817 1036 1889 ἔθνη
1073 1817 1144 1871 τὰ
1175 1815 1666 1886 συνεπιτιθέμεναο
1726 1814 1845 1869 ἀνθ’
1882 1806 1959 1867 ὧν

2074 1824 2300 1870 cuntur:
2348 1833 2366 1867 ι
2406 1813 2722 1870 Ᾰξιηιιιεῑυε
2772 1829 2893 1869 sum
2925 1816 3227 1874 Jerusalem
3267 1820 3387 1875 zelo
3411 1832 3646 1892 magno:

372 1884 484 1981 ἐγὼ
508 1884 609 1982 μέν
641 1908 925 1982 ὠργίσθην
951 1884 1140 1977 ὀλίγα,
1192 1907 1347 1961 αὐτοὶ
1381 1905 1439 1960 δέ
1482 1884 1843 1962 συνεπέθεντο
1879 1904 1962 1968 εἰς

2074 1914 2119 1965 et
2148 1907 2230 1963 ira
2273 1921 2468 1978 magna
2499 1922 2599 1979 ego
2644 1907 2856 1965 irascor
2890 1924 3057 1980 super
3105 1919 3299 1983 gentes
3334 1884 3647 1984 opulentas.

371 2003 540 2058 κακά.
580 2019 600 2052 ι
636 2000 708 2053 Σὺ
732 2000 810 2066 δέ,
843 1999 999 2069 φησὶ,
1023 1999 1121 2052 καὶ
1142 1996 1410 2069 διηνεκῶς
1429 1998 1788 2063 βασιλεύειν
1802 1996 1963 2051 ὑπεί-

372 2094 569 2164 ληφας,
609 2089 882 2145 παιδεύων
910 2092 1033 2153 ταῖς
1063 2087 1374 2161 παρούσαις
1401 2088 1737 2160 εὐπραγίαις
1762 2087 1839 2160 μὴ
1862 2104 1963 2143 πε-

375 2184 647 2248 ποιθέναι,
682 2184 926 2255 προορᾷν
952 2182 1010 2236 δέ
1044 2182 1113 2237 τὰ
1142 2180 1409 2251 ἔσχατα,
1448 2182 1546 2236 καὶ
1582 2181 1683 2246 τὰς
1730 2181 1963 2254 ὕστερον

376 2269 653 2347 ἐσομένας’
671 2273 998 2345 μεταϐολάς.
1029 2272 1217 2326 Ταῦτα
1242 2272 1301 2326 δέ
1328 2272 1428 2344 τῆς
1449 2271 1833 2344 ὑπερηφανίας
1850 2271 1963 2328 τῶν

374 2370 434 2422 ἐν
468 2368 605 2438 αὑτῇ
638 2365 1079 2438 βασιλευσάντων
1126 2362 1396 2435 ὑπῆρχεν.
1438 2363 1561 2434 Ὑφ’
1595 2363 1696 2418 ἐνα
1733 2363 1790 2418 δέ
1820 2364 1960 2437 αὐτῇ

376 2460 569 2531 καιρὸν
590 2458 807 2514 ἀπειλεῖ
824 2455 1016 2528 ἀνδρὸς
1040 2455 1297 2527 στέρησιν
1322 2452 1418 2509 τοῦ
1453 2453 1576 2509 καθ’
1614 2455 1674 2509 ὃν
1709 2454 1828 2526 ἥλω
1862 2455 1962 2527 βα-

377 2551 684 2615 σιλεύοντος
707 2550 922 2623 χρόνον,
961 2549 1058 2603 καὶ
1094 2548 1304 2601 τέκνων
1331 2545 1441 2600 τῶν
1477 2547 1569 2599 ὑπ’
1598 2546 1771 2618 αὐτῆς
1806 2546 1963 2619 βασι-

375 2646 709 2716 λευομένων,
740 2643 773 2715 ῆ
800 2642 897 2698 καὶ
918 2642 1028 2696 τῶν
1068 2640 1237 2711 αὐτῆς
1273 2639 1580 2712 οἰκητόρων
1621 2640 1682 2693 ἐν
1711 2642 1780 2710 τῇ
1813 2640 1961 2712 μάχῃ

378 2738 675 2793 πεσόντων.
709 2736 783 2792 Οὐ
814 2735 902 2790 διὰ
928 2734 999 2787 τὰ
1020 2731 1393 2803 προλεχθέντα
1422 2731 1480 2784 δέ
1502 2748 1586 2784 σοι
1614 2728 1790 2784 ταῦτα
1825 2746 1965 2800 συμ-

379 2830 607 2901 ϐήσεται
638 2827 798 2900 μόνον
819 2844 833 2858 ο
860 2826 978 2881 ἀλλ’
1007 2826 1091 2880 ὅτι
1119 2824 1217 2878 καὶ
1243 2823 1344 2888 τὰς
1376 2821 1601 2886 ἐλπίδας
1625 2823 1683 2875 ἐν
1725 2821 1965 2894 ἐπῳδαῖς

378 2920 501 2975 ἔθου
525 2921 620 2975 καὶ
664 2918 1057 2991 φαρμακείαις.
1113 2914 1501 2988 Προλεγόντων
1534 2913 1644 2985 γάρ
1689 2910 1775 2967 σοί
1804 2912 1966 2983 νίκην

378 3014 487 3067 τῶν
520 3012 661 3067 αὐτὰ
698 3011 1015 3083 μετιόντων,
1045 3011 1182 3083 πρὸς
1217 3008 1382 3079 ὄγκον
1415 3008 1647 3079 ἀρθεῖσα
1680 3008 1967 3080 φρονήμα-

300 3146 311 3158 η
379 3120 491 3170 τος,
512 3105 648 3177 ὁμοῦ
679 3105 776 3160 καὶ
807 3107 873 3177 τῇ
909 3103 1139 3174 δυνάμει
1179 3099 1460 3174 θαρῤοὖσα
1484 3141 1499 3165 ,
1539 3100 1637 3153 καὶ
1663 3098 1766 3171 τὴν
1790 3100 1968 3171 ἀρχὴν

2064 2000 2203 2070 Quia
2234 2016 2336 2072 ego
2392 2000 2566 2057 iratus
2608 2016 2727 2057 sum
2759 2017 2975 2073 parum,
3036 2003 3141 2074 ipsi
3194 2004 3526 2062 addiderunt
3580 2009 3649 2062 ad

2062 2093 2206 2149 mala
2238 2093 2341 2148 ".s
2378 2093 2447 2147 At
2476 2102 2529 2149 te
2550 2093 2761 2151 diutius
2800 2104 3143 2168 regnaturum
3160 2098 3424 2155 arbitrata
3452 2116 3533 2165 es,
3562 2100 3648 2154 in-

2063 2185 2202 2257 quit,
2239 2193 2296 2240 ut
2341 2186 2594 2256 praesenti
2625 2202 2808 2243 rerum
2842 2192 3126 2247 successui
3174 2205 3287 2246 non
3322 2207 3445 2249 esse
3481 2192 3648 2249 conii-

2063 2277 2322 2342 dcndum,
2360 2278 2455 2333 sed
2481 2278 2700 2346 ultima,
2737 2287 2790 2335 et
2814 2296 2936 2352 qua
2959 2281 3220 2354 deinceps
3255 2283 3453 2339 futurae
3495 2296 3647 2351 sunt,

2063 2368 2399 2424 mutationes
2441 2378 2702 2441 oportere
2743 2372 3031 2444 praevideri
3065 2374 3492 2431 demonstraret.
3544 2375 3652 2431 De-

2063 2460 2448 2516 monstrabant
2478 2475 2611 2516 vero
2644 2460 2757 2517 haec
2791 2477 2978 2517 eorum
3011 2464 3107 2533 qui
3141 2463 3196 2519 in
3229 2479 3292 2521 ea
3323 2476 3648 2538 regnarunt.

2065 2554 2458 2626 arrogantiam.
2490 2552 2553 2610 Ei
2593 2569 2759 2625 porro
2799 2569 2909 2610 uno
2946 2556 3250 2629 eodemque
3293 2567 3560 2632 tempore,
3596 2570 3653 2616 ct

2055 2647 2187 2710 ,viri,
2218 2645 2313 2715 qui
2345 2645 2477 2700 dum
2500 2654 2657 2715 capta
2693 2654 2777 2701 est
2798 2646 3084 2717 regnabat,
3114 2656 3168 2704 et
3198 2647 3524 2715 liberorum,
3556 2659 3653 2705 aut

2065 2739 2227 2794 etiam
2258 2735 2485 2803 civium,
2519 2735 2613 2807 qui
2648 2735 2704 2791 in
2748 2735 2866 2792 acie
2909 2736 3093 2793 casuri
3124 2745 3330 2803 essent,
3368 2739 3653 2796 interitum

2070 2829 2371 2884 minitatur.
2406 2826 2596 2900 Neque
2626 2837 2810 2885 tamen
2859 2831 2963 2886 ista
2999 2830 3056 2886 in
3099 2837 3153 2887 te
3201 2831 3405 2897 solum,
3448 2832 3650 2903 inquit,

2069 2928 2393 2992 propterea,
2426 2935 2547 2991 qua:
2584 2930 2711 2977 ante
2730 2921 2878 2978 dicta
2906 2932 3055 2991 sunt,
3087 2932 3319 2977 ventura
3355 2930 3521 2990 sunt;
3554 2924 3653 2979 sed

2069 3014 2193 3087 ideo
2218 3013 2383 3069 etiam
2420 3013 2566 3085 quod
2594 3030 2721 3085 spes
2747 3023 2872 3072 tuas
2896 3015 2950 3072 in
2978 3015 3449 3072 incantationibus
3477 3024 3534 3072 et
3561 3031 3656 3072 vc-

2071 3105 2284 3163 neﬁciis
2324 3108 2461 3164 sitas
2500 3105 2668 3181 536
2721 3106 3000 3164 habueris.
3038 3107 3172 3163 Cum
3202 3107 3349 3163 enim
3394 3122 3563 3180 penes
3603 3118 3657 3165 te

381 3201 484 3254 οὒκ
513 3200 736 3272 οἰομένη
767 3197 1004 3270 κρείττω
1029 3194 1318 3267 φανεῖσθαι
1362 3193 1463 3264 τὴν
1491 3193 1790 3266 Περσικὴν,
1828 3191 1963 3261 ἐφα-

2074 3192 2193 3250 fore
2217 3195 2502 3251 victoriam
2526 3198 2909 3267 praedicerent,
2933 3197 3025 3268 qui
3056 3210 3120 3254 ea
3148 3195 3413 3263 adibant;
3438 3205 3656 3254 tantum

386 3308 543 3356 σκεςο
588 3290 737 3362 Ἐγώ
752 3291 893 3360 εἰμι,
922 3288 1022 3344 καί
1049 3289 1159 3343 οὐκ
1189 3286 1364 3341 ἔστιν
1384 3284 1578 3354 ἑτέρα,
1612 3287 1733 3350 ταῖς
1762 3287 1827 3339 ἐκ
1846 3286 1967 3341 δαι-

304 3444 305 3447 η
385 3383 563 3455 μόνων
619 3382 926 3454 μαντείαις,
955 3380 1052 3434 καὶ
1099 3382 1221 3444 ταῖς
1253 3378 1315 3447 ἐξ
1345 3378 1565 3450 ἄστρων
1617 3375 1965 3450 θαρῤήσασα.

383 3476 494 3529 Καὶ
521 3475 620 3546 τὴν
649 3473 743 3527 ἐπὶ
770 3473 1021 3543 δαίμοσιν
1056 3471 1250 3526 ἐλπίδα
1270 3470 1558 3539 πορνείαν
1582 3468 1761 3524 καλεῖ.
1802 3469 1969 3524 Ἀπο-

385 3566 752 3639 στατικὴ’γάρ
780 3566 896 3623 ἐστι
922 3562 1080 3618 Θεοῦ.
1116 3564 1258 3618 nam
1282 3561 1393 3633 γὰρ
1421 3558 1733 3632 ἀνθρώποις
1763 3560 1798 3631 ὴ
1832 3560 1971 3631 πρὸς

384 3658 516 3712 Θεὸν
538 3657 814 3722 οἰκείωσις
843 3656 987 3712 κατὰ
1017 3653 1218 3727 φύσιν,
1237 3655 1271 3724 ὴ
1298 3653 1356 3707 δὲ
1385 3652 1527 3723 πρὸς
1569 3650 1833 3723 δαίμονας
1875 3650 1971 3705 ἀλ-

2070 3288 2217 3361 fastu
2244 3297 2299 3344 et
2332 3295 2647 3361 arrogantia
2697 3291 3027 3358 intutnuisti,
3047 3299 3108 3347 ut
3134 3290 3335 3362 opibus
3354 3291 3464 3349 tuis
3491 3290 3655 3358 freta,

2067 3378 2366 3452 Persisque
2407 3390 2460 3438 te
2499 3382 2617 3439 fore
2664 3384 3001 3454 superiorem
3034 3383 3327 3449 arbitrata,
3358 3399 3474 3440 esse
3506 3391 3578 3452 te,
3606 3393 3659 3439 et

2069 3487 2173 3527 non
2189 3473 2443 3529 exsistere
2467 3473 2656 3542 aliam,
2681 3473 2847 3544 inque
2863 3474 3159 3543 vaticiniis,
3188 3489 3311 3547 quas
3348 3490 3446 3547 per
3462 3475 3663 3533 daemo-

2071 3577 2171 3618 nas
2199 3572 2258 3618 et
2286 3573 2438 3621 astra
2462 3565 2623 3633 nunt,
2655 3566 2952 3630 conlidere,
2973 3579 3114 3621 ausa
3143 3566 3225 3622 sis
3254 3566 3462 3623 dicere.
3493 3564 3657 3637 Spem

2071 3652 2293 3721 deinde,
2320 3671 2443 3726 quae
2466 3657 2522 3712 in
2542 3657 2883 3715 daemonibus
2899 3658 3221 3723 collocatur,
3244 3658 3661 3729 fornicationem

384 3751 597 3825 λοτρία,
645 3750 746 3822 τὴν
797 3747 1003 3803 τούτων
1042 3748 1178 3819 πρὸς
1204 3744 1528 3817 ἀνθρώπους
1568 3744 1858 3799 συνουσίαν
1884 3742 1970 3798 διὰ

2074 3744 2199 3801 ideo
2228 3748 2498 3816 nominat,
2526 3750 2675 3819 quod
2703 3764 2734 3804 a
2768 3748 2879 3806 Deo
2907 3758 3151 3820 separet.
3178 3750 3278 3808 Est
3305 3753 3453 3808 enim
3478 3752 3572 3809 Dei
3603 3761 3663 3810 et

338 3868 359 3885 -
386 3843 639 3916 γοητείας
667 3841 1006 3914 ἐπαγομένη.
1042 3839 1135 3894 Διὸ
1161 3838 1256 3893 καὶ
1290 3838 1507 3902 Παῦλος
1552 3840 1620 3909 τῇ
1652 3835 1970 3909 φαρμακείᾳ

2078 3837 2363 3893 hominum
2392 3832 2630 3903 maxime
2663 3841 2965 3898 secundum
2996 3848 3265 3897 naturam
3288 3843 3658 3911 familiaritas,

391 3930 652 3984 συνάπτει
690 3929 789 4000 τὴν
826 3928 1271 4000 εἰδωλολατρείαν
1329 3927 1506 3999 λέγων
1532 3945 1545 3959 ·
1599 3946 1620 3980 ι
1678 3920 1970 3983 Εἰδωλολα-

2081 3928 2259 3983 aliena
2306 3941 2488 3987 autem
2534 3931 2713 4003 plane,
2765 3948 2887 4003 qua:
2940 3947 3067 3987 cum
3111 3933 3448 3988 damonibus
3498 3933 3657 3999 inita,

390 4017 568 4089 τρεία,
604 4016 944 4089 φαρμακεία.
985 4034 1003 4068 ι

2083 4018 2193 4075 illis
2225 4034 2350 4076 cum
2386 4022 2708 4079 hominibus
2754 4038 3118 4092 congressum
3157 4022 3387 4095 magicis
3439 4024 3657 4081 artibus

389 4110 683 4165 conciliat:
728 4108 963 4181 indeque
1014 4115 1096 4165 est
1138 4107 1280 4179 quod
1310 4107 1513 4164 Paulus
1556 4107 1827 4164 idolorum
1857 4107 2072 4165 cultum
2096 4125 2221 4167 cum
2255 4113 2323 4170 iis
2350 4114 2657 4188 eonjungit,
2722 4131 2847 4171 cum
2897 4114 3171 4171 idolorum
3239 4116 3500 4183 servitus,
3561 4130 3662 4173 ve-

328 4230 333 4233 ι
389 4202 608 4268 nelicia,
635 4200 768 4257 dicit
790 4200 858 4256 ".

466 4296 542 4349 Οὐ
566 4295 743 4349 τοίνυν
762 4292 888 4348 οὔτε
914 4293 1241 4360 Χαλδαίοις
1269 4291 1383 4347 οὗθ’
1417 4292 1628 4366 ἑτέροις
1662 4293 1725 4347 τὸ
1756 4295 1971 4364 εἰδωλο-

393 4390 611 4462 λατρεῖν
665 4388 1008 4457 συγγνωστὸν
1032 4427 1049 4453 ,
1086 4388 1204 4442 ἀλλ’
1261 4386 1528 4459 ὀλέθριον,
1560 4388 1781 4457 ῖἝσται
1832 4384 1968 4455 οὖν,

2150 4295 2271 4352 Non
2303 4303 2389 4352 cst
2429 4296 2598 4367 igitur
2629 4295 2775 4350 idola
2814 4294 2993 4351 colere
3027 4308 3205 4366 neque
3238 4292 3534 4361 Chalda-is,
3563 4310 3662 4353 ne-

2078 4406 2185 4463 que
2225 4389 2351 4445 aliis
2386 4388 2545 4443 venia
2586 4387 2838 4457 dignum,
2880 4385 2979 4442 sed
3012 4387 3212 4457 capite.
3248 4385 3363 4440 Erit
3410 4402 3532 4463 ergo
3555 4386 3666 4459 ιον.

394 4482 583 4555 φησὶν,
624 4482 657 4550 ἠ
689 4481 938 4548 πορνεία
959 4496 1075 4534 σου
1110 4482 1198 4547 εἰς
1231 4480 1559 4549 αἰσχύνην,
1608 4480 1685 4534 ὅτ’
1731 4480 1798 4534 ἂν
1825 4481 1858 4553 ἡ
1881 4479 1970 4533 ἐπὶ

2080 4485 2280 4540 nicatio
2312 4494 2428 4550 tua,
2460 4483 2655 4554 inquit,
2686 4482 2737 4535 in
2768 4481 3183 4551 dedecuescum
3208 4480 3471 4553 tibi,quat
3499 4490 3586 4538 est
3606 4483 3667 4539 in

392 4573 641 4645 δαίμοσιν
690 4572 870 4640 ἐλπὶς
922 4571 1204 4643 διαπέσῃ,
1251 4565 1339 4626 ὧν
1375 4572 1412 4642 ἡ
1468 4571 1668 4641 ἰσχὺς,
1696 4572 1973 4639 ἀσθένεια,

395 4668 535 4739 μήτε
584 4663 875 4734 προλέγειν
919 4665 1174 4736 ἐχόντων,
1234 4664 1309 4729 ὡς
1345 4663 1457 4733 ἐγώ
1486 4683 1571 4718 σοι
1607 4664 1805 4733 ταῦτα,
1837 4667 1975 4739 μήτε
2030 4678 2037 4684 ’

393 4755 607 4829 βοηθεῖν
630 4754 966 4825 δυναμένων.
1008 4754 1157 4807 Ἀντὶ
1177 4754 1233 4806 δὲ
1266 4752 1382 4818 τοῦ,
1412 4752 1606 4809 Γνῶθι
1630 4753 1721 4808 ὅτι
1746 4754 1783 4822 ἡ
1820 4755 1975 4809 σύν-

390 4865 523 4915 εσις
551 4848 778 4902 τούτων
809 4845 999 4910 ἔσται,
1031 4848 1130 4898 καὶ
1183 4846 1221 4912 ἡ
1258 4846 1506 4915 πορνεία
1547 4862 1646 4901 σοι
1688 4848 1975 4917 αἰσχύνη,

393 4938 691 5011 ξύμμαχός
719 4950 882 5009 φησι’
917 4936 1025 4992 Καὶ
1054 4938 1091 5005 ἡ
1131 4936 1350 5007 γνῶσίς,
1414 4953 1533 4993 σου
1561 4938 1714 5007 αὕτη
1755 4939 1982 5007 ἐξηπά-

393 5032 587 5101 τησέν
607 5045 702 5086 σε.
740 5031 1002 5085 Σύνεσιν
1041 5030 1097 5083 δὲ
1146 5029 1302 5084 καλεῖ
1322 5031 1422 5102 τὴν
1470 5031 1666 5101 σοφίαν
1693 5031 1803 5086 τῶν
1840 5033 1980 5103 μάν-

394 5143 554 5181 τεων.
583 5125 689 5193 Διό
721 5141 876 5197 φησι,
906 5122 1011 5177 Καί
1037 5123 1109 5178 οὐ
1152 5120 1242 5194 μὴ
1274 5120 1430 5192 γνῷς
1454 5122 1523 5176 ἐκ
1551 5123 1839 5193 μαντείας
1876 5123 1985 5179 τὸν

393 5219 799 5289 ἐπερχόμενον
853 5216 1124 5285 ὄλεθρον,
1173 5214 1233 5269 ὃν
1285 5215 1377 5270 καί
1405 5216 1679 5280 βόθυνον
1719 5215 1895 5280 καλεῖ,
1922 5216 1985 5271 τὸ

397 5310 638 5380 ἄφυκτον
669 5306 777 5361 τῶν
810 5306 1257 5376 ἐμπεπτωκότων
1297 5306 1494 5378 δηλῶν.
1558 5305 1868 5377 Παρίστοςδσι
1924 5304 1983 5359 δέ

397 5401 597 5469 Δανιὴλ
627 5401 774 5462 ὅπως
799 5397 953 5470 παρὰ
982 5397 1268 5461 Χαλδαίοις
1298 5386 1595 5468 διέπρεπον
1623 5397 1789 5467 μάγοι
1813 5395 1981 5461 τινὲς,

398 5497 497 5551 καὶ
529 5493 860 5564 Γαζαρηνοὶ,
914 5493 1009 5545 καὶ
1060 5493 1365 5561 φαρμακοὶ,
1416 5494 1510 5546 καὶ
1553 5492 1603 5544 oi
1639 5490 1709 5545 τὰ
1754 5487 1985 5543 τοιαῦτα

401 5587 554 5657 σοφοὶ
582 5583 748 5655 (οὕτω
775 5581 886 5652 γὰρ
915 5582 1107 5644 αὐτοὺς
1138 5582 1413 5655 ἐκάλουν),
1437 5583 1487 5638 οἳ
1519 5584 1614 5637 καὶ
1662 5580 1985 5654 εὐδοκίμουν

458 5768 522 5801 ’⁷³
546 5766 779 5823 Zacltar.
808 5783 844 5831 ι,
884 5765 1070 5828 14,ὶὸ.
1099 5765 1142 5798 ’⁸
1211 5761 1401 5833 GALV,
1430 5765 1523 5823 20.
1558 5766 1605 5799 '"
1637 5763 1771 5819 Dan.
1803 5775 1865 5824 ll.
1898 5765 1950 5819 2-

2081 4578 2447 4643 daamonibus,
2478 4592 2596 4646 spes
2629 4574 2908 4641 exciderit,
2938 4591 3164 4646 quorum
3196 4574 3364 4630 virtus
3390 4574 3460 4630 ab
3490 4576 3668 4648 impo-

2082 4673 2253 4727 tentia
2282 4686 2391 4725 non
2419 4668 2627 4733 diﬂ‘ert,
2659 4669 2753 4739 qui
2795 4667 2891 4722 tibi
2926 4667 3058 4723 nihil
3077 4667 3378 4741 quidquam
3408 4666 3495 4723 vel
3522 4680 3668 4738 prae-

2083 4756 2285 4822 dicere,
2313 4765 2487 4825 utego
2509 4755 2635 4819 ista,
2660 4754 2745 4809 vel
2762 4752 3014 4807 auxiliari
3038 4760 3267 4823 queunt.
3291 4748 3360 4807 At
3373 4764 3493 4827 pro,
3517 4750 3666 4823 Scito

2082 4844 2225 4915 quod
2266 4843 2553 4913 prudentia
2583 4844 2770 4899 horum
2798 4844 2921 4911 erit,
2949 4856 3000 4897 et
3030 4842 3317 4912 fornicatio
3345 4850 3437 4896 tua
3456 4839 3552 4894 tibi
3573 4840 3667 4895 de-

2083 4937 2283 5001 decori,
2325 4936 2400 4990 ita
2447 4935 2853 5006 Symmachus:
2889 4932 2955 4987 Et
3005 4933 3354 5006 intelligentia
3400 4943 3515 4994 tua,
3555 4931 3668 4985 [uec

2084 5029 2281 5097 decepit
2317 5037 2385 5081 te.
2412 5024 2520 5080 Ubi
2560 5025 2920 5095 intelligentia:
2950 5026 3174 5080 nomine
3220 5019 3554 5097 vaticinandi
3575 5031 3669 5073 ar-

2088 5125 2196 5171 tem
2231 5112 2580 5185 signiﬁcavit.
2613 5111 2679 5165 Et
2712 5111 2837 5166 inde
2869 5121 2974 5177 est,
3003 5111 3151 5180 quod
3193 5110 3299 5164 ait:
3331 5106 3402 5161 Et
3443 5121 3546 5160 non
3576 5120 3666 5160 eoo

2085 5222 2298 5278 gnosces
2331 5218 2398 5259 ea:
2447 5202 2709 5258 vaticiniis
2735 5201 3097 5255 advenientem
3143 5199 3458 5263 interitum;
3503 5211 3668 5268 quem

2086 5300 2291 5368 foveam
2316 5296 2480 5352 etiam
2512 5293 2824 5366 appellavit,
2860 5299 2917 5345 ut
2954 5305 3070 5357 eos,
3092 5287 3186 5360 qui
3219 5289 3274 5344 in
3296 5304 3415 5344 eam
3449 5286 3669 5344 cecide-

2072 5394 2203 5455 rint,
2245 5405 2355 5445 non
2381 5404 2506 5444 esse
2535 5400 2800 5443 evasuros
2832 5383 3261 5440 demonstraret.
3319 5380 3493 5454 Legas
3540 5395 3671 5437 vero

2088 5492 2143 5540 et
2165 5482 2308 5555 apud
2358 5479 2636 5535 Danielem
2668 5491 2855 5547 magos
2895 5475 2950 5530 in
2991 5473 3242 5530 Cbaldaaa
3284 5477 3575 5545 quosdam,
3615 5479 3673 5528 et

2091 5575 2424 5642 Gazarenos,
2472 5569 2944 5645 etycneticos",
2985 5567 3232 5637 aliosque
3279 5567 3481 5622 artium
3528 5564 3673 5633 ejus-
