3976 6220
386 268 525 336 2447

1725 278 2077 342 PROCOPII
2108 278 2354 341 GAZ/EI

3531 275 3667 340 2448

383 381 531 437 modi
567 380 937 454 professores,
977 383 1230 454 quasilli
1286 386 1565 459 sapientes
1602 398 1822 455 vocant,
1863 390 1962 444 cla-

2085 389 2238 462 παρά
2261 390 2345 461 τῷ,
2366 389 2614 460 βασιλεῖ,
2655 386 2729 452 ὡς
2760 386 2828 442 δι’
2866 384 3049 442 αὐτῶν
3091 386 3530 461 κατορθουμένης
3564 390 3661 461 τῆς

384 474 585 540 ruisse,
620 481 944 543 tantumque
969 476 1079 546 regi
1108 476 1369 544 probatos
1410 478 1604 548 fuisse,
1634 488 1693 536 ut
1727 480 1977 535 nonnisi

381 581 571 620 eorum
597 565 859 636 auspiciis
880 580 1107 636 regnum
1137 567 1375 624 feliciter
1411 572 1789 627 administrari
1812 587 1978 643 posse

380 658 662 712 crederet:
690 671 829 726 quos
853 655 941 710 hic
972 671 1072 727 per
1111 657 1285 726 ignem
1313 674 1579 730 passuros
1608 676 1736 716 esse
1792 661 1977 717 vindi-

381 760 525 803 ctam
584 756 771 803 monet
807 748 1093 819 propheta,
1135 764 1261 804 eum
1300 758 1356 805 et
1384 750 1581 821 ipsam,
1630 752 1795 807 nullis
1819 753 1979 807 auxi--

380 842 512 896 lium
576 839 720 896 ferre
751 840 1084 906 valentibus,
1130 840 1255 911 igne
1313 843 1655 914 conﬂagrare
1695 843 1974 900 civitatem

377 934 694 1004 contigerit.
720 934 861 988 Sunt
894 940 1077 988 tamen
1110 934 1203 1005 qui
1233 949 1544 990 sermonem
1569 935 1638 991 ad
1659 935 1975 992 Cltaldwam

376 1029 587 1082 ironiee
640 1027 801 1098 dirigi
869 1027 1229 1094 arbitrentur,
1283 1041 1409 1081 eum
1475 1028 1668 1085 habere
1719 1030 1974 1086 carbones

376 1122 538 1191 ignis,
589 1129 889 1177 aestuantes
931 1120 1188 1174 nimirum
1233 1128 1287 1174 et
1320 1119 1678 1191 pmfervidos
1718 1123 1973 1179 homines

379 1216 503 1270 illos
533 1214 694 1281 dixit,
734 1213 804 1269 de
826 1213 1027 1286 quibus
1051 1213 1340 1279 intellexit,
1364 1229 1513 1280 cum,
1556 1214 1602 1271 si
1636 1216 1859 1287 quando
1883 1233 1974 1271 su-

375 1325 468 1378 per
499 1308 658 1379 537
688 1325 775 1365 eos
804 1306 1027 1372 sederis,
1061 1305 1116 1362 id
1145 1314 1252 1373 est,
1289 1306 1652 1378 requieveris,
1700 1308 1970 1379 adiunxit.

375 1401 625 1455 Adernnt
645 1399 795 1455 enim
829 1400 927 1454 tibi
954 1401 1008 1453 iu
1034 1400 1324 1459 auxilium.
1356 1399 1455 1458 Vel
1480 1410 1649 1469 terte,
1680 1402 1971 1459 carbonum

376 1492 624 1556 nomine,
677 1490 859 1557 utiles,
910 1497 965 1547 et
994 1491 1062 1547 ad
1101 1492 1547 1565 resipiscentiam
1598 1506 1971 1566 provocantes

373 1597 565 1652 pmnas
595 1581 889 1649 signiﬁcat.
927 1581 1051 1637 Tibi
1084 1584 1253 1649 enim,
1305 1584 1505 1655 inquit,
1550 1601 1675 1641 cum
1718 1589 1970 1660 resipue-

374 1675 476 1739 ris,
508 1674 611 1728 ista
655 1674 708 1728 in
749 1674 1103 1730 commodum
1148 1690 1235 1731 ine
1273 1677 1575 1733 auxiliante
1621 1680 1853 1736 cesserit
1882 1681 1968 1736 ul-

2084 482 2387 553 βασιλείας,
2418 482 2512 546 οὓς
2539 498 2674 553 φησι
2721 479 3136 552 καταλήψεσθαι
3187 483 3290 553 τὴν
3341 480 3441 535 διὰ
3475 481 3664 552 πυρὸς

2080 574 2380 645 τιμωρίαν,
2398 573 2562 646 ἡνίκα
2588 572 2961 645 πυρίκαυστος
2991 572 3088 625 καὶ
3115 573 3150 642 ἡ
3178 572 3336 637 πόλις
3357 574 3663 644 γενήσεται,

2081 664 2218 735 μηδὲ
2238 665 2423 728 αὐτοῖς
2471 663 2685 734 βοηθεῖν
2716 663 3071 733 δυναμένους.
3101 662 3259 727 Τινὲς
3280 663 3337 715 δὲ
3358 665 3477 717 κατ’
3507 665 3669 733 είρω-
3702 728 3706 733 ρ
3817 695 3830 708 ν

2078 756 2226 811 νείαν
2250 759 2341 810 τὸν
2368 756 2526 826 λόγον
2549 756 2685 828 πρὸς
2703 755 2818 825 τὴν
2838 756 3150 811 Χαλδαίαν
3170 755 3439 821 ἐδέξαντο.
3463 757 3668 825 Ἔχεις

2078 848 2385 916 ἄνθρακας
2410 847 2624 916 πυρὸς,
2664 848 2693 900 ὅ
2729 847 2846 900 ἐστι
2890 844 3130 917 θερμοὺς
3159 846 3363 915 ἄνδρας
3387 846 3482 899 καὶ
3514 845 3667 910 ζέον-

2076 956 2197 1003 τας,
2225 940 2354 1002 τοὺς
2376 938 2506 1009 περὶ
2522 931 2597 992 ὧν
2616 938 2643 991 ὁ
2664 936 2847 1006 λόγος,
2863 936 2940 990 ὅτ’
2957 937 3024 990 ἂν
3045 934 3137 989 ἐπ’
3158 935 3361 1002 αὐτοῖς
3383 936 3661 1003 καθίσῃς,

2075 1032 2104 1087 ὅ
2129 1031 2281 1084 ἐστιν
2311 1029 2704 1102 ἐπαναπαύσῃ.
2734 1029 2900 1083 Αὐτοὶ
2923 1028 3032 1101 γὰρ
3063 1028 3277 1084 ἔσονταί
3312 1045 3397 1081 σοι
3419 1026 3667 1099 βοήθεια.

2078 1124 2287 1192 Ἤγουν
2309 1106 2632 1191 ἄνθρακας,
2654 1120 2754 1187 τὰς
2781 1121 3216 1192 ἐπιστρεπτικὰς
3245 1121 3340 1174 καὶ
3355 1119 3669 1190 ὠφελίμους

2072 1212 2343 1286 τιμωρίας
2372 1212 2550 1267 καλεῖ.
2589 1211 3019 1284 ἳΕπιστραφείσῃ
3042 1211 3151 1285 γάρ
3179 1228 3282 1278 σοι,
3302 1211 3487 1282 φησὶν,
3512 1209 3669 1263 ἔσται

2071 1306 2142 1359 τὰ
2178 1308 2281 1376 τῆς
2314 1303 2589 1377 τιμωρίας
2612 1303 2750 1375 πρὸς
2778 1302 2988 1391 ἀγαθοῦ
3018 1303 3117 1373 τῆς
3143 1303 3273 1373 παρ’
3302 1299 3672 1393 ὲμοῦβτυγχα-

2071 1396 2273 1468 νούσης
2296 1398 2610 1466 βοηθείας,
2642 1399 2692 1452 εἰ
2720 1397 2815 1453 καὶ
2842 1389 2935 1454 τὸν
2963 1398 3072 1470 πρὸ
3107 1396 3202 1451 τοῦ
3230 1396 3422 1468 χρόνον
3440 1389 3531 1459 ἐίς
3546 1414 3670 1466 μα-

2069 1492 2425 1547 ταιοπονίαν
2458 1491 2808 1570 ἀνάλωσας.
2835 1491 3023 1545 Ταῦτα
3054 1490 3112 1547 δὲ
3144 1489 3335 1563 φησὶν,
3364 1488 3520 1543 ἔσται
3566 1486 3669 1543 καὶ

2069 1582 2192 1639 καθ’
2219 1582 2450 1652 ἕκαστον
2470 1581 2579 1637 τῶν
2597 1575 2933 1654 ἀνθρώπων.
2974 1580 3053 1636 Δι’
3097 1581 3327 1644 ἑαυτοὺς
3354 1578 3463 1649 γὰρ
3506 1582 3667 1633 πλα-

2066 1675 2352 1744 νηθέντες
2379 1675 2564 1741 ἕξουσι
2581 1674 2879 1747 τιμωρίαν,
2903 1675 2969 1745 ἣν
2997 1675 3057 1729 οὐ
3094 1673 3270 1745 φεύξῃ
3297 1671 3372 1743 μὴ
3398 1671 3668 1742 μετανοή-

373 1768 476 1834 tio,
519 1768 876 1838 quantumvis
910 1776 1070 1824 antea
1115 1769 1170 1822 in
1213 1785 1407 1824 vanum
1448 1771 1801 1828 laboraveris.
1836 1772 1962 1829 Haec

2068 1782 2227 1821 σασα.
2266 1765 2343 1818 Τὸ
2371 1764 2428 1821 δὲ
2457 1763 2821 1832 ἐκοπίασας,
2844 1765 2968 1819 ἀντὶ
3009 1762 3107 1818 τοῦ
3138 1761 3508 1831 ἠσθένησας.
3544 1763 3669 1815 Με-

374 1868 580 1925 autem,
610 1860 808 1931 inquit,
844 1860 1007 1915 etiam
1063 1860 1296 1931 singulis
1344 1863 1657 1920 hominibus
1699 1870 1964 1920 eventura

373 1958 525 2009 sunt.
561 1949 665 2005 Per
693 1965 752 2006 se
786 1950 933 2005 enim
963 1951 1056 2022 qui
1090 1961 1364 2027 errarunt,
1404 1953 1629 2008 multam
1655 1954 1965 2025 patientur;

372 2058 536 2114 quam
578 2056 678 2096 nec
707 2041 818 2107 illa,
849 2057 1011 2114 quam
1046 2059 1154 2098 non
1173 2043 1524 2114 poenituerit,
1560 2047 1769 2102 evitare
1809 2056 1967 2117 pote:

372 2137 465 2190 rit.
482 2132 768 2204 Signiticat
787 2150 916 2190 vero
934 2134 1078 2191 idem
1100 2135 1391 2203 laborasti,
1438 2153 1500 2194 ac
1523 2137 1801 2203 siinﬁrma
1814 2140 1968 2209 fuisti

372 2228 626 2282 dixisset.
658 2224 927 2283 Perfacile
953 2226 1098 2283 enim
1122 2229 1428 2300 expugnari
1454 2228 1693 2301 capique
1720 2241 1964 2301 poteras,

373 2335 493 2393 quae
526 2319 615 2374 Dei
656 2320 863 2374 cultum
919 2334 1045 2376 eum
1085 2319 1429 2379 daemonibus
1468 2333 1851 2380 commutaras.
1895 2326 1967 2380 At

371 2413 541 2478 enim,
574 2428 689 2481 quo
748 2410 1187 2468 locoLaborasti
1223 2415 1281 2468 in
1312 2417 1722 2471 commutatione
1764 2425 1879 2482 tua,
1912 2425 1968 2473 et

372 2518 493 2575 qua!
515 2513 844 2574 sequuntur,
877 2503 1140 2575 legimus;
1169 2503 1369 2560 ibidem
1392 2506 1607 2561 caeteri:
1645 2504 1964 2578 Negatiato-

372 2612 454 2648 res
491 2596 568 2647 tui
605 2595 670 2648 ab
709 2594 1064 2649 adolescentia
1111 2603 1223 2661 tua,
1262 2597 1701 2668 unusquisquein
1728 2598 1832 2668 ﬁne
1862 2614 1958 2653 suo

369 2695 703 2749 erraverunt,
736 2700 801 2743 ea:
831 2682 1020 2755 quibus
1061 2684 1238 2739 nullus
1263 2687 1501 2742 inventus
1538 2696 1617 2743 est
1641 2688 1741 2743 tibi
1782 2689 1961 2745 salva-

374 2786 476 2844 tor,
510 2777 980 2847 interpretantur;
1013 2775 1378 2849 Symmachus
1400 2787 1605 2847 autem,
1643 2780 1835 2852 Itaque
1855 2800 1961 2838 non
2004 2782 2005 2785 “

371 2877 469 2931 est,
522 2868 612 2938 qui
644 2867 807 2923 solvet
840 2877 909 2924 te.
944 2868 1209 2924 Nonnulli
1262 2884 1428 2942 porro
1462 2871 1635 2927 illud:
1688 2872 1862 2930 Homo
1901 2876 1958 2930 in

371 2958 655 3027 semetipso
692 2959 915 3025 erravit,
949 2958 1046 3012 tibi
1064 2971 1243 3014 autem
1281 2977 1387 3016 non
1412 2964 1513 3016 erit
1550 2962 1723 3029 salus,
1756 2963 1833 3018 ita
1861 2979 1964 3021 es-

2065 1856 2415 1911 ταϐαλοῦσα
2447 1857 2556 1928 γὰρ
2577 1857 2658 1922 είς
2677 1856 2945 1928 δαίμονας
2967 1856 3075 1911 ἀπὸ
3107 1854 3244 1909 Θεοῦ
3270 1854 3370 1927 τὴν
3404 1852 3669 1925 λατρείαν

2064 1947 2337 2013 εὐάλωτος
2362 1948 2617 2017 γέγονας.
2663 1948 2812 2004 Ἀντὶ
2838 1948 2896 2003 δὲ
2928 1947 3025 2003 τοῦ
3046 1964 3061 1981 ο
3107 1947 3478 2015 Ἐκοπιασας
3497 1947 3569 2001 ἐν
3588 1946 3668 2016 τῇ

2059 2039 2365 2112 μεταϐολῇ
2391 2034 2530 2106 σου,
2578 2041 2675 2094 καὶ
2704 2039 2773 2095 τά
2812 2040 2979 2110 ἐξῆς·
3019 2041 3069 2095 oi
3122 2040 3301 2094 λοιποί
3351 2056 3517 2111 φασιν
3542 2079 3556 2104 ,
3598 2042 3666 2093 Ol

2066 2132 2315 2203 ἔμποροί
2339 2147 2457 2187 σου
2488 2132 2609 2187 ἀπὸ
2632 2133 2915 2201 νεότητός
2938 2145 3077 2188 σου.
3127 2132 3426 2199 Ἕκαστος
3463 2133 3552 2198 είς
3598 2132 3666 2185 τὸ

2067 2222 2257 2293 πέραν
2277 2224 2308 2265 h
2340 2222 2560 2277 ἑαυτοῦ
2598 2222 3060 2292 ἐπλανήθησαν,
3091 2221 3161 2288 ἐξ
3189 2216 3278 2277 ὧν
3316 2221 3519 2288 οὐδεὶς
3558 2219 3668 2275 εὕ-

2056 2319 2240 2388 ρηταί
2254 2334 2359 2373 σοι
2377 2317 2776 2386 σωτήρ.-Διὸ
2801 2319 2914 2372 οὐκ
2936 2317 3109 2372 ἐστιν
3133 2319 3166 2371 ό
3187 2314 3389 2377 σώζων
3408 2330 3505 2381 σε,
3520 2314 3667 2368 κατά

2066 2411 2385 2483 Σύμμαχον.
2438 2409 2597 2471 Τινὲς
2629 2409 2687 2462 δέ
2744 2408 2822 2474 τὸ,
2879 2409 3217 2477 Ἀνθρωπος
3259 2406 3388 2462 καθ’
3438 2405 3666 2461 ἑαυτὸν

2063 2501 2404 2570 ἐπλανήθη,
2436 2500 2537 2555 σοι
2570 2498 2640 2552 δὲ
2661 2501 2772 2554 οὐκ
2799 2498 2976 2555 ἔσται
3008 2499 3276 2568 σωτηρία
3304 2539 3321 2564 ,
3350 2495 3526 2560 οὕτως
3569 2496 3666 2568 ἐρ-

2070 2596 2368 2666 μήνευσαν,
2395 2593 2528 2651 ὡσεὶ
2565 2591 2751 2661 ἔλεγεν
2776 2606 2791 2622 ⁸
2827 2591 3021 2645 Πολλοὶ
3066 2590 3174 2645 τῶν
3220 2588 3526 2662 ἀνθρώπων
3571 2589 3668 2642 ἀν-

2067 2686 2355 2759 θρωπίνως
2378 2685 2786 2758 ἐπλανήθησαν,
2812 2683 3144 2755 συμμέτρως
3163 2683 3498 2745 ἀποστάντες
3519 2680 3664 2734 Θεοῦ

2068 2778 2299 2833 πάθεσιν
2323 2776 2713 2848 ὑπενεχθέντες
2748 2775 2951 2846 σαρκός
2970 2789 2985 2804 ’
3022 2776 3086 2829 σὺ
3109 2774 3166 2828 δὲ
3197 2774 3275 2838 εἰς
3308 2772 3467 2827 τοῦτο
3524 2788 3668 2843 1:90—

2069 2869 2202 2941 έϐης
2253 2868 2601 2940 ἀνοσιότητος
2631 2908 2649 2935 ,
2675 2867 2753 2932 ὡς
2790 2866 2997 2940 μηδένα
3023 2882 3106 2921 σοι
3164 2864 3439 2937 σωτηρίας
3490 2865 3666 2918 τόπον

2066 2960 2508 3033 περιλειφθῆναι.

286 3126 305 3135 κ
371 3049 595 3122 plieant,
637 3065 699 3103 ac
730 3050 774 3104 si
823 3052 1127 3120 permultos
1162 3052 1416 3108 homines
1446 3055 1628 3109 carnis
1672 3054 1962 3111 aliectibus
2003 3055 2284 3124 abreptos,
2311 3067 2435 3108 cum
2466 3067 2498 3106 a
2535 3050 2644 3106 Deo
2663 3050 2877 3107 modice
2937 3050 3327 3116 recessissent,
3365 3049 3665 3105 aberrasse

370 3138 613 3214 quidem,
666 3150 717 3197 te
766 3150 969 3208 autem,
1011 3158 1076 3198 eo
1121 3142 1482 3214 impuritatis,
1544 3145 1884 3214 processisse
1922 3144 2154 3212 diceret,
2189 3153 2247 3200 ut
2300 3134 2486 3199 null-us
2512 3141 2615 3199 tibi
2643 3144 2807 3198 saluti
2837 3144 2989 3197 locus
3030 3142 3365 3213 relinquatur
3394 3140 3661 3212 amplius.

946 3275 1105 3332 CAR
1146 3276 1381 3335 XLVIII.

443 3368 779 3439 538Vsns.
800 3367 892 3421 I-i
908 3370 958 3424 I.
981 3367 1171 3423 Audite
1186 3368 1321 3435 haec,
1339 3370 1531 3426 domus
1545 3369 1739 3439 Jacob,
1753 3374 1843 3443 qui
1871 3389 1961 3428 vo-

371 3462 476 3514 cati
500 3460 626 3513 estis
659 3458 869 3513 nomine
898 3457 1092 3525 Israel,
1118 3467 1168 3512 et
1190 3459 1376 3514 existis
1398 3459 1465 3514 de
1496 3476 1636 3529 aqua
1666 3460 1700 3515 Ι
1708 3462 1834 3530 uda,
1867 3463 1959 3530 qui

327 3566 332 3571 ·
364 3552 569 3622 furatis
609 3550 823 3605 nomine
861 3550 1077 3606 Domini
1111 3549 1207 3605 Dei
1244 3549 1441 3612 Israel,
1470 3554 1559 3623 qui
1601 3555 1959 3609 recordamini

370 3663 475 3701 non
501 3661 622 3699 eum
654 3645 896 3711 veritate,
933 3660 1096 3716 neque
1128 3659 1247 3699 cum
1270 3646 1515 3716 justitia,
1557 3647 1648 3717 qui
1670 3647 1958 3703 adhteretis

371 3738 576 3791 nonzini
609 3738 840 3792 civitatis
869 3745 1160 3804 sancta,“
1176 3753 1333 3809 super
1356 3737 1523 3794 Deum
1546 3736 1720 3794 Israel
1743 3748 1957 3795 consta-

372 3828 509 3881 biliti
532 3830 681 3893 estis,
710 3838 814 3884 etc.

426 4026 739 4099 fostquam
771 4026 840 4084 de
866 4027 1184 4102 Babyloniis
1226 4030 1444 4088 locutus
1478 4036 1603 4099 est,
1637 4030 1704 4087 ad
1734 4029 1956 4088 ludam-

369 4141 492 4180 rnm
527 4126 1013 4196 reprehensionem
1048 4124 1299 4191 accedit;
1331 4125 1507 4197 deque
1530 4124 1640 4181 illis
1678 4140 1757 4193 se,
1786 4139 1954 4196 prop-

371 4229 458 4271 ter
482 4216 753 4287 iustitiam
774 4231 956 4284 suam,
980 4231 1088 4272 non
1111 4217 1255 4288 quod
1280 4217 1486 4273 auxilio
1514 4216 1619 4273 isto
1640 4216 1789 4287 digni
1819 4216 1952 4283 sint,

367 4319 562 4374 pmnas
587 4320 805 4360 sumere
824 4305 1189 4362 demonstrat.
1239 4306 1410 4363 Vocat
1428 4307 1573 4363 enim
1592 4306 1816 4360 domum
1845 4306 1950 4360 Ja-

368 4394 487 4463 cab,
521 4403 784 4465 tanquam
819 4396 908 4451 avi
937 4397 1156 4453 nomine
1200 4398 1495 4469 indignos;
1529 4397 1799 4469 nudaeque
1825 4404 1951 4452 tan-

370 4498 485 4542 tum
573 4489 801 4553 Israelis
880 4466 1725 4560 appellationis,ﬂcorporeique
1796 4490 1953 4545 Iudae

370 4578 599 4634 seminis
679 4579 999 4649 participes.
1061 4578 1177 4635 Hoc
1252 4580 1399 4636 enim
1475 4595 1541 4635 ea:
1617 4596 1763 4651 aqua
1852 4580 1945 4636 di-

371 4678 508 4721 eens
563 4654 927 4734 signiﬁcavit.
980 4666 1184 4722 ludam
1227 4667 1453 4724 'deinde
1490 4676 1753 4740 tanquam
1800 4671 1952 4741 regio

367 4753 555 4823 generi
578 4753 858 4825 ascripsit.
884 4752 1003 4810 Sed
1034 4754 1200 4828 539
1220 4755 1684 4827 quemadmodum
1711 4758 1850 4816 falso
1871 4760 1950 4815 ita

364 4850 729 4912 vocabantur,
767 4848 864 4921 qui
911 4851 1228 4908 nominibus
1258 4852 1326 4908 iis
1366 4860 1522 4908 erant
1569 4852 1812 4927 indigni:
1866 4856 1949 4913 sic

367 4955 492 4995 eum
534 4938 819 5011 jur’arent,
855 4939 1050 5011 Deique
1081 4940 1261 4997 Israel
1289 4946 1698 5000 recordarentur
1718 4987 1734 5012 ,
1788 4946 1949 5004 labiis

368 5037 548 5103 ipsqu
583 5034 953 5098 honorabant,
1002 5035 1094 5108 qui
1128 5035 1294 5092 corde
1329 5039 1406 5093 .ab
1429 5041 1618 5095 eodem
1665 5040 1825 5112 longe
1859 5056 1949 5096 re-

304 5158 307 5161 ›
369 5120 524 5191 moti,
548 5123 869 5196 frustraque
894 5122 1307 5184 Dominoinniti
1329 5129 1675 5200 videbantur,
1706 5132 1797 5202 qui
1821 5132 1951 5186 civi-

368 5216 468 5273 tati
497 5217 672 5273 eidem
706 5226 1043 5275 consecrata:
1088 5219 1454 5275 adhwrebant.
1487 5220 1626 5276 Sunt
1658 5223 1801 5277 enim
1826 5230 1950 5293 post

368 5306 623 5363 Ezechiae
676 5316 945 5381 tempora,
983 5312 1038 5365 in
1070 5312 1222 5366 omni
1266 5311 1559 5383 impietatis
1587 5322 1642 5369 et
1676 5312 1948 5384 supersti-

367 5397 537 5454 tionis
566 5416 763 5469 genere
788 5419 885 5474 per
914 5403 1225 5463 Manassem
1275 5406 1519 5477 educati,
1556 5422 1718 5478 quem
1752 5407 1806 5461 in
1841 5420 1941 5460 au-

1983 3288 2031 3352 C

2643 3276 2894 3335 ΚΕΦΔΔ.
2928 3280 3070 3334 MH’.

2134 3374 2288 3431 αι-ιοΙ.
2335 3373 2661 3429 Ἀκούσατε
2710 3372 2918 3439 ταῦτα,
2976 3367 3142 3438 οἶκος
3182 3370 3402 3433 Ἰακὼϐ,
3458 3372 3514 3425 οι
3557 3387 3666 3426 κει

2060 3465 2349 3536 κλημένοι
2372 3466 2468 3520 ἐπὶ
2494 3464 2576 3531 τῷ
2605 3464 2849 3534 ὀνόματι
2894 3462 3168 3533 Ἰσραὴλ,
3201 3462 3299 3517 καὶ
3340 3462 3411 3528 ἐξ
3454 3462 3666 3519 Ἰούδα

2057 3555 2434 3623 ἐξελθόντες.
2485 3558 2551 3611 Oi
2606 3557 2934 3626 ὀμνύοντες
2990 3555 3072 3621 τῷ
3124 3556 3369 3626 ὀνόματι
3420 3556 3666 3624 Κυρίου

2061 3648 2212 3703 Θεοῦ
2241 3647 2514 3716 Ἰσραήλ.
2545 3649 3033 3719 Μιμνησκόμενοι
3064 3649 3138 3702 οὐ
3158 3650 3311 3717 μετὰ
3337 3648 3663 3716 ἀληθείας,

2058 3739 2202 3795 οὐδὲ
2247 3739 2399 3810 μετὰ
2429 3739 2844 3807 δικαιοσύνης,
2877 3738 2977 3792 καὶ
3003 3740 3393 3808 ἀντεχόμενοι
3413 3737 3494 3804 τῷ
3511 3740 3669 3794 ὀνό-

2050 3848 2196 3902 ματι
2228 3831 2337 3900 τῆς
2368 3832 2596 3896 πόλεως
2634 3830 2747 3901 τῆς
2781 3831 2975 3902 ἁγίας,
3001 3830 3100 3885 καὶ
3130 3831 3229 3885 ἐπὶ
3257 3831 3336 3897 τῷ
3362 3829 3490 3897 Θεῷ
3538 3833 3665 3887 Ἰσ-

2053 3921 2220 3991 ραὴλ
2245 3919 2813 3991 ἁντιστηριζόμενοι,
2849 3938 2904 3975 κ.
2933 3938 2986 3975 τ.
3014 3920 3066 3974 λ.

2129 4034 2210 4089 Τὰ
2246 4034 2389 4087 κατά
2438 4031 2802 4087 Βαϐυλωνίων
2857 4030 3065 4097 είπὼν,
3118 4030 3456 4101 ἐλεγκτικῶς
3508 4032 3671 4106 πρὸς

2068 4125 2355 4188 Ἰουδαίους
2393 4123 2582 4195 φησὶν,
2603 4122 2678 4187 ὡς
2705 4124 2803 4177 Διὰ
2828 4123 2890 4178 τὸ
2915 4126 3043 4194 παρ’
3081 4123 3207 4194 ἐμοὶ
3246 4123 3457 4178 δίκαιον
3501 4126 3673 4180 ἐκεῖ·

2054 4234 2178 4281 νους
2207 4217 2549 4288 μετέρχομαι
2581 4255 2597 4282 ,
2631 4214 2730 4286 οὐχ
2751 4215 2835 4268 ὅτι
2862 4214 3115 4285 βοηθείας
3144 4214 3302 4286 ὑμεῖς
3327 4214 3468 4280 ἄξιοι
3516 4218 3670 4271 καθ-

2053 4310 2346 4381 εστήκατε.
2385 4303 2567 4361 Οτκον
2595 4306 2705 4378 γὰρ
2740 4306 2897 4360 καλεῖ
2936 4305 3152 4372 Ἰακὼϐ,
3185 4307 3262 4371 ὡς
3293 4307 3387 4361 καὶ
3416 4307 3524 4378 τῆς
3560 4308 3673 4364 τοῦ

2054 4401 2404 4474 προπάτορος
2430 4398 2685 4465 ἀναξίους
2715 4399 3053 4471 ἐπωνυμίας,
3075 4399 3171 4452 καὶ
3197 4398 3358 4472 ψιλῆς
3385 4399 3483 4454 τοῦ
3528 4402 3672 4456 Ἰσ-

2048 4492 2212 4564 ραὴλ
2239 4492 2612 4564 προσηγορίας
2636 4491 2988 4561 μετέχοντας,
3020 4490 3118 4545 καὶ
3148 4490 3469 4562 σπέρματος
3496 4492 3678 4549 Ἰού..

2055 4585 2131 4640 δα
2163 4584 2501 4655 σωματικοῦ.
2535 4582 2708 4639 Τοῦτο
2734 4583 2843 4654 γὰρ
2868 4583 2929 4637 τὸ
2959 4582 3029 4649 ἐξ
3067 4582 3308 4650 ὕδατος.
3330 4582 3440 4647 ,Ὦς
3481 4576 3671 4654 βασι-

2057 4675 2194 4749 λικῷ
2223 4676 2280 4730 δέ
2313 4676 2463 4746 γένει
2514 4674 2607 4731 τὸν
2650 4674 2888 4729 Ἰούδαν
2936 4673 3269 4747 ἐπέγραψεν.
3319 4674 3547 4747 Ὠσπερ
3603 4676 3673 4733 δὲ

2056 4766 2268 4839 ψευδῶς
2302 4767 2551 4837 ἐλέγοντο
2574 4765 2753 4821 ταῦτα
2782 4765 2892 4823 τῶν
2912 4765 3196 4837 ὀνομάτων
3216 4764 3373 4828 ὄντες
3402 4765 3671 4834 ἀνάξιοι,

2052 4860 2228 4925 οὕτως
2251 4860 2544 4930 ὀμνύντες
2563 4859 2662 4913 καί
2692 4858 3057 4930 μεμνημένοι
3074 4859 3180 4914 τοῦ
3200 4858 3351 4914 Θεοῦ
3372 4859 3672 4930 Ἰσραὴλ,

2053 4954 2167 5016 τοῖς
2202 4951 2437 5023 χείλεσιν
2470 4950 2633 5004 αὑτὸν
2675 4951 2902 5021 ἐτίμων,
2950 4950 3327 5021 ἀφεστηκότες
3364 4950 3543 5004 αὐτοῦ
3592 4957 3680 5029 τῇ

2054 5043 2274 5116 καρδίᾳ,
2300 5044 2394 5096 καὶ
2423 5042 2600 5114 μάτην
2639 5043 2859 5099 ἐδόκουν
2892 5042 2985 5096 ἐπὶ
3028 5041 3221 5113 Κυρίῳ
3254 5042 3670 5114 στηρίζεσθαι,

2054 5132 2406 5202 ἀντεχόμενοι
2431 5132 2661 5198 πόλεως
2683 5131 3082 5201 ἀνακειμένης
3109 5129 3280 5202 αὐτῷ.
3326 5131 3481 5185 Μετά
3541 5133 3675 5205 γὰρ

2052 5225 2145 5280 τὸν
2186 5223 2459 5290 Ἑζεκίαν,
2491 5223 2794 5295 Μανασσῆς
2827 5224 3025 5288 αὐτοὺς
3053 5224 3133 5288 είς
3166 5224 3349 5276 πᾶσαν
3377 5220 3675 5279 ἀσέϐειαν

2054 5314 2300 5387 ἔτρεψεν,
2344 5314 2438 5368 καὶ
2492 5316 2551 5368 ἐν
2578 5313 2729 5386 αὐτῷ
2782 5312 3110 5386 καθίδρυσεν
3147 5312 3372 5385 ἄγαλμα
3399 5309 3477 5382 τῷ
3516 5311 3679 5385 θείῳ

2054 5407 2189 5479 ναῷ.
2219 5408 2310 5461 Διό
2336 5425 2469 5480 φησι
2501 5407 2642 5480 πρὸς
2676 5407 2917 5480 αὐτούς
2959 5426 2977 5461 ι
3018 5407 3085 5462 Τί
3130 5407 3167 5479 ἡ
3211 5403 3571 5482 ἠγαπημένη
3608 5407 3684 5461 ἐν

1673 5577 1907 5635 VARI/IS
1932 5573 2340 5637 LECTIONES.

436 5706 469 5753 ιι
501 5724 589 5780 η).
626 5704 830 5780 πέρας.
