3976 6220
357 347 499 413 2449
1455 354 1985 415 COMMENTARII
2024 355 2103 415 1N
2134 355 2421 416 ISAIAM.
2453 323 2457 327 ’
3493 350 3633 417 ριῖιο

356 468 437 538 τῷ
466 462 604 534 οίκῳ
636 479 735 533 μου
769 461 993 533 ἐποίησε
1022 461 1297 535 βδέλυγμα
1326 507 1342 533 ,
1381 483 1398 516 ι
1459 466 1683 531 πολλαῖς
1713 485 1772 521 τε
1814 486 1943 540 προ-

2072 479 2211 539 gusto
2242 467 2333 524 Dei
2363 461 2569 539 temp‘io
2622 467 2977 525 simulacrum
3023 470 3236 544 erigere
3265 485 3374 527 non
3419 472 3634 541 puduit.

363 557 617 630 φητείαις
667 555 950 610 ὠνείδισεν
984 557 1169 622 αὐτοῖς
1190 557 1289 630 τὴν
1327 556 1609 614 ἀσέϐειαν.
1657 561 1748 614 Διὸ
1795 560 1948 615 πλεί-

2072 563 2227 633 lique
2270 563 2399 617 hinc
2431 570 2540 628 est,
2574 558 2723 632 quod
2758 578 2853 618 eos
2884 565 2941 618 in
2969 563 3117 620 hunc
3148 566 3387 621 modum-
3422 577 3519 633 per
3549 562 3639 618 Je-

363 668 516 715 σταις
548 649 748 711 αὐτοὺς
790 649 931 720 πρὸς
967 649 1252 705 εὐσέϐειαν
1285 650 1554 707 ἀνακαλεῖ
1597 652 1950 726 παρακλήσε-

2072 655 2279 708 'emiam
2306 652 2568 710 Dominus
2601 652 2929 724 alloquitur:
2967 673 2985 707 ι
3021 656 3196 722 Quam
3228 657 3426 712 dilecta
3454 656 3507 709 in
3540 655 3640 708 do-

364 760 468 797 σιν.
501 741 611 795 Καὶ
634 743 663 795 ὁ
689 741 881 813 Σωιηρ
906 740 962 796 δὲ
990 740 1185 806 αὐτοὺς
1217 743 1311 797 ἐπὶ
1343 746 1631 816 σωματικῇ
1660 745 1951 816 συγγενείᾳ

2072 760 2143 799 no
2173 759 2292 801 mea
2315 744 2443 800 fecit
2476 743 2940 800 abominationem
2968 746 3059 799 7‘?
3099 765 3118 798 ι
3156 746 3394 802 Assidua
3438 746 3640 801 deinde

365 831 700 904 φρονοῦντας
731 831 1013 904 ὲξήλεγχε,
1046 833 1237 902 λέγων·
1269 854 1288 887 ι
1308 836 1370 889 Ei
1392 837 1558 890 τέκνα
1581 835 1676 890 τοῦ
1699 835 1954 907 Ἀϐραὰμ

362 922 486 999 ἣτε,
514 925 585 979 τὰ
611 926 751 997 ἔργα
777 925 1166 998 τοῦ”Αϐραὰμ
1191 928 1425 982 εποιεῖτε
1455 928 1541 984 ἄν.
1573 947 1592 980 ι
1634 928 1742 981 Καὶ
1754 925 1865 981 Ἳῦν
1894 927 1951 981 δὲ

367 1017 605 1088 συνεχῶς
637 1018 831 1081 αὐτοὺς
858 1018 923 1071 ὲκ
950 1017 1058 1072 τῶν
1088 1019 1341 1091 πατέρων
1371 1019 1561 1085 καλεῖ,
1592 1020 1693 1089 τῆς
1726 1018 1952 1074 ἐκείνων

366 1109 518 1179 ἄγων
556 1108 842 1173 εὐσεϐείας
887 1109 971 1172 είς
1024 1110 1272 1182 μνήμην,
1322 1109 1399 1183 ὡς
1457 1111 1523 1166 ἂν
1571 1110 1847 1173 ἀπωλείας
1879 1110 1953 1181 μὴ

370 1202 588 1265 ἑαυτοῖς
612 1216 669 1253 τε
693 1201 788 1255 καὶ
813 1202 880 1273 τῇ
915 1200 1070 1255 πόλει
1098 1202 1380 1271 παραίτιοι
1420 1203 1708 1272 γένωνται.
1742 1200 1877 1255 Θεὸν
1896 1200 1954 1254 δὲ

371 1292 643 1346 δείκνυσιν
671 1290 837 1345 αὐτὸν
895 1289 1366 1362 προθεσπίζοντα,
1410 1292 1512 1347 οὐκ
1549 1290 1953 1356 ἐπιδεικτικῶς,

369 1383 486 1438 ἀλλ’
514 1382 741 1453 ὠφελῶν
774 1385 820 1450 ι,
853 1383 943 1438 ἵνα
969 1383 1046 1456 μὴ
1081 1385 1201 1446 τοῖς
1232 1382 1474 1448 εἰδώλοις
1507 1383 1856 1455 ὲπιγράφωσι
1887 1382 1957 1436 τὰ

374 1475 762 1547 συμϐαίνοντα,
797 1476 897 1531 καὶ
927 1475 1004 1540 ὡς
1037 1475 1103 1530 ἂν
1131 1476 1459 1548 προγνόντες
1520 1476 1952 1546 μετανοήσωσινο

374 1568 607 1639 ἠδύνατο
626 1568 734 1641 γὰρ
755 1567 850 1623 καὶ
873 1567 1096 1622 σιωπῶν
1116 1566 1537 1640 τιμωρήσασθαι
1558 1566 1954 1628 Βαϐυλωνίους.

340 1648 345 1653 ’
374 1663 486 1716 Καὶ
501 1662 580 1734 τῷ
597 1660 799 1734 Φαραὼ
826 1661 936 1733 γὰρ
954 1661 1235 1733 προλέγων
1260 1661 1549 1733 ἐπέφερεψ
1563 1680 1582 1713 ι
1597 1661 1712 1714 Ἵνα
1732 1658 1846 1729 γνῷ
1868 1657 1959 1712 τὸν

375 1752 672 1821 ἐπάγοντα.
699 1770 718 1804 ι
744 1750 925 1805 Γνῶτε
958 1748 1075 1817 οὖν,
1103 1746 1404 1818 ὧᾶπιστοι,
1435 1752 1623 1825 φησιν,
1646 1752 1721 1817 ὡς
1745 1752 1845 1807 ὅσα
1868 1748 1956 1805 διὰ

2054 836 2443 906 prophetarum
2480 850 2614 890 voce
2654 835 2951 905 impietatis
2993 845 3286 892 accusatos
3326 837 3539 893 crebris
3569 837 3635 891 ad

2057 926 2319 997 pietatem
2347 924 2838 981 exhortationibus
2858 934 3139 996 provocat.
3169 923 3282 981 lmo
3313 941 3443 981 vero
3466 935 3519 984 et
3542 942 3639 982 eos

2057 1017 2307 1073 Salvator
2329 1016 2466 1087 ipse,
2484 1017 2746 1088 quoniam
2769 1017 3054 1088 sanguinis
3084 1016 3343 1073 afﬁnitate
3359 1016 3641 1087 superbie-

2056 1111 2207 1175 bant,
2242 1116 2356 1165 tum
2386 1110 2667 1181 repressit,
2701 1125 2825 1166 cum
2858 1110 3029 1165 dixit:
3076 1128 3096 1163 ι
3142 1107 3199 1164 Si
3235 1109 3638 1164 filii-Abraham

2056 1202 2273 1266 essetis,
2310 1216 2475 1272 opera
2503 1201 2740 1258 Abrahae
2787 1201 3043 1257 faceretis
3074 1200 3174 1256 ⁷⁷.»
3215 1199 3281 1254 Ει
3320 1216 3468 1256 nunc
3520 1213 3643 1255 eos-

2058 1289 2179 1347 dem
2205 1292 2406 1363 saepius
2464 1291 2531 1348 de
2584 1301 2801 1362 patrum
2852 1294 3073 1349 nomine
3125 1294 3382 1364 appellat,
3435 1301 3493 1347 ut
3534 1291 3643 1347 illis

2060 1383 2313 1454 pietatem
2347 1385 2588 1454 ipsorum
2616 1384 2671 1438 in
2706 1385 3027 1439 memoriam
3061 1391 3303 1449 revocet,
3330 1399 3398 1438 ne
3426 1384 3530 1438 sibi
3587 1395 3642 1437 et

2059 1475 2265 1531 civitati
2292 1475 2550 1531 interitus
2584 1483 2842 1532 auctores
2868 1492 2992 1532 esse
3036 1482 3289 1547 pergant,
3319 1475 3490 1530 Deum
3516 1490 3645 1529 vero

2060 1567 2314 1623 ostendit.
2333 1567 2401 1623 de
2432 1583 2489 1623 se
2523 1577 2672 1633 ante,
2709 1585 2817 1623 non
2862 1568 2930 1624 ad
2962 1566 3413 1631 ostentationem,
3452 1566 3545 1623 sed
3577 1568 3647 1623 ad

2061 1656 2350 1711 utilitatem
2386 1656 2569 1711 futura
2603 1658 2938 1728 prtedicere:
2970 1659 3168 1730 partim
3201 1659 3444 1730 quidem,
3484 1666 3542 1713 ut
3564 1674 3641 1713 re-

2060 1762 2183 1803 rum
2221 1758 2473 1805 eventum
2530 1750 2694 1807 idolis
2740 1766 2850 1806 non
2901 1751 3216 1818 ascribant;
3277 1750 3473 1822 partim
3519 1762 3649 1804 vch

374 1845 484 1900 τῶν
506 1844 744 1916 πρόσθεν
767 1843 1032 1898 ὲθέσπισα
1053 1843 1371 1916 προφητῶν,
1404 1821 1479 1909 ὡς
1498 1821 1588 1907 είς
1617 1844 1785 1907 ἀκοὰς
1815 1843 1948 1897 πολ-

2072 1846 2137 1908 ιι,
2196 1838 2264 1894 de
2297 1837 2497 1896 futuris
2546 1840 2755 1907 edocti,
2817 1842 3166 1913 resipiscant.
3220 1821 3443 1897 Poterat
3500 1841 3647 1897 enim

375 1936 473 2001 λὰς
503 1939 628 2000 τοὺς
661 1937 859 2005 λόγους
887 1936 1086 2002 ἐλθεῖν,
1126 1937 1207 2001 είς
1247 1936 1409 2008 ἔργον
1447 1936 1630 2007 ἐξέϐη.
1673 1936 1811 1991 Θεοῦ
1842 1939 1913 2008 γὰ

379 2009 543 2064 μόνου
573 2008 634 2061 τὸ
677 2008 996 2064 προλέγεινο
1044 2008 1141 2062 καὶ
1197 2007 1375 2064 μάτην
1434 2008 1464 2060 ὁ
1514 2007 1819 2064 Μανασσῆς
1866 1956 1956 2064 διὲ

378 2009 543 2079 μόνου
573 2008 634 2061 τὸ
677 2008 996 2079 προλέγειν·
1044 2008 1141 2062 καὶ⁵
1197 2007 1375 2078 μάτην
1434 2008 1464 2060 ὁ
1514 2007 1819 2078 Μανασσῆς
1856 2007 1941 2070 έδιᾶ

380 2098 641 2171 μαντείας
670 2099 868 2154 είδέναι
899 2097 1192 2164 σπουδάζει
1214 2098 1284 2153 τὰ
1313 2099 1577 2170 μέλλοντα
1600 2114 1615 2129 ⁸
1646 2099 1683 2154 ἃ
1730 2100 1788 2155 δὲ
1818 2118 1957 2173 προ-

378 2190 539 2263 έφην,
557 2191 745 2262 φησὶν,
766 2191 814 2245 εί
837 2191 932 2245 καὶ
948 2190 1021 2263 μὴ
1045 2189 1396 2262 προσέδοκαςὶ
1414 2230 1429 2258 ,
1454 2190 1571 2245 ἀλλ’
1589 2187 1685 2247 οὖν
1706 2191 1963 2259 ἐξάπινα

378 2285 626 2354 γέγονεν.

2058 1931 2223 1984 etiam
2263 1936 2453 1987 tacens
2506 1932 2575 1987 de
2631 1930 2969 2004 Babyloniis
3016 1933 3351 2004 supplicium
3407 1947 3647 1987 sumere.

2052 2018 2189 2076 Nam
2235 2030 2289 2077 et
2321 2021 2691 2092 Pharaonem,
2737 2041 2863 2081 cum
2909 2025 2974 2082 de
3025 2025 3230 2082 futuris
3282 2033 3554 2088 moneret,
3588 2038 3646 2081 ut

2055 2125 2202 2178 eum,
2238 2113 2332 2182 qui
2386 2112 2597 2170 inducit
2642 2111 2991 2187 agnosceret,
3040 2117 3262 2188 adjecit.
3302 2118 3415 2175 Vos
3451 2116 3646 2186 igitur,

2060 2200 2258 2274 inquit,
2288 2206 2383 2276 qui
2414 2205 2518 2264 fide
2560 2209 2786 2274 caretis,
2818 2225 2924 2275 me,
2957 2225 3303 2281 quaecunque
3344 2222 3504 2265 antea
3554 2221 3649 2278 per

2060 2294 2358 2366 prophetas
2388 2313 2418 2352 a
2455 2314 2543 2354 me
2584 2300 2848 2370 pmdicta
2888 2300 2971 2356 ad'
2993 2301 3289 2356 multorum
3330 2314 3493 2353 aures
3530 2312 3652 2369 per-

380 2389 667 2447 venerunt,
700 2394 758 2436 re
815 2380 929 2447 ipsa
957 2381 1069 2452 jam
1104 2382 1425 2453 praestitisse
1464 2384 1797 2455 cognoscite.
1856 2385 1953 2445 Est
1980 2388 2128 2444 enim
2153 2389 2248 2447 Dei
2282 2394 2713 2461 tantumfutura
2747 2396 3335 2467 pmdicerez'quorum
3369 2394 3648 2449 notionem

380 2489 481 2544 per
512 2472 789 2544 sortilegia
812 2473 1045 2542 adipisci
1116 2473 1323 2530 frustra
1391 2474 1676 2534 Manasses
1746 2486 1998 2535 conatur.
2055 2479 2133 2537 Ea
2153 2490 2283 2554 ergo
2329 2501 2450 2557 qua:
2495 2487 2747 2559 praedixi,
2788 2488 2989 2561 inquit,
3030 2487 3380 2559 quantumvis
3426 2485 3653 2543 minime

382 2576 756 2639 exspectares,
784 2585 991 2638 repente
1032 2577 1214 2626 tamen
1252 2572 1369 2627 ﬁeri
1420 2574 1674 2646 contigit.

455 2662 719 2731 Πρότερα
746 2662 803 2715 δέ
833 2680 977 2727 τινες
1000 2662 1099 2734 τὴν
1124 2666 1499 2734 αἰχμαλωσίαν
1526 2668 1808 2739 είρήκασι,
1849 2668 1968 2741 μεθ’

382 2758 451 2828 ἣν
506 2756 624 2809 ἐστι
678 2753 750 2808 τὰ
810 2756 877 2825 τῇ
933 2754 1256 2827 Βαϐυλωνίᾳ
1291 2757 1579 2827 συμϐάντα
1634 2759 1807 2814 δεινά.
1879 2760 1971 2824 Ὧς

385 2852 633 2924 ἁκαμπεῖ
656 2852 736 2921 δὲ,
764 2854 918 2925 φησὶ,
951 2854 1044 2908 καὶ
1064 2854 1404 2926 ἀναισχύντῳ
1429 2855 1737 2924 προεῖπον,
1766 2855 1971 2926 καίπερ

385 2942 563 3010 εἰδὼς,
598 2943 674 3007 ὡς
706 2944 802 2998 καὶ
837 2944 1011 3010 οὓτως
1046 2944 1294 3011 είδὼλοις
1325 2946 1439 3018 τὴν·
1463 2947 1570 3002 τῶν
1608 2947 1966 3020 συμϐησομέ-

385 3052 490 3088 νων
521 3034 884 3099 Βαϐυλωνίοις
907 3036 1238 3109 ἐπιγράψεις
1270 3038 1473 3092 αίτίαν.
1522 3040 1698 3107 Ἐπεὶ,
1726 3040 1822 3094 καλ⁵
1868 3040 1970 3111 τῆς

396 3127 754 3206 Ἰερουσαλὴμ
807 3126 1068 3199 ἁλούσης,
1113 3132 1170 3184 αἱ
1211 3130 1646 3200 περιλειφθεῖσαι
1689 3133 1964 3201 γυναῖκες,

386 3220 687 3284 κωλύοντος
748 3219 1010 3293 Ἰερεμίου
1060 3221 1341 3278 κατελθεῖν
1390 3224 1471 3285 είς
1512 3222 1610 3295 τὴν
1666 3222 1965 3291 Αἴγυπτον,

337 3346 348 3357 .
385 3311 760 3382 ἀνθυπέφερον
781 3330 794 3344 ·
841 3313 1062 3385 Ἐπειδὴ
1092 3313 1407 3384 διελίπομεν
1441 3313 1764 3386 θύουσαιτῇ
1816 3314 1969 3385 βασι-

385 3401 548 3475 λίσσῃ
575 3404 669 3457 τοῦ
695 3404 954 3476 ούρανοῦ,
985 3404 1221 3476 ἐπῆλθεν
1250 3406 1335 3474 ἐφ’
1356 3408 1389 3477 ὴ
1400 3407 1508 3474 μᾶς
1530 3405 1711 3459 πάντα
1737 3405 1804 3459 τὰ
1828 3405 1973 3459 κακὰ

385 3495 580 3549 ταῦτα.
611 3498 702 3550 Διὸ
730 3497 827 3550 καὶ
871 3496 1243 3568 δυσχεραίνων
1282 3495 1554 3568 Ἱερεμίας
1588 3496 1761 3567 φησί·
1797 3516 1816 3549 ι
1861 3496 1974 3551 Κύ-

385 3604 496 3657 ριε,
525 3587 575 3639 οἱ
601 3587 872 3658 ὀφθαλμοί
898 3605 994 3642 σου
1028 3590 1109 3653 είς
1144 3588 1349 3642 πίστιν.
1410 3587 1829 3658 Ἐμαστίγωσας
1878 3587 1975 3640 αὐ-

385 3676 535 3742 τοὺς,
564 3678 661 3732 καὶ
684 3679 785 3732 οὐκ
805 3678 1097 3750 ἐπόνησαν.
1126 3679 1489 3743 Συνετέλεσας
1514 3680 1733 3744 αὐτοὺς,
1757 3680 1853 3734 καὶ.
1871 3679 1974 3734 οὐκ

388 3769 662 3840 ἠθέλησαν
689 3768 948 3835 δέξασθαι
978 3764 1247 3825 παιδείαν.
1289 3790 1309 3823 ι
1348 3771 1478 3825 Ἰδοὺ
1521 3771 1702 3825 τοίνυν
1724 3812 1737 3838 ,
1771 3772 1973 3844 καίπερ

388 3860 504 3914 δντι
539 3860 788 3932 τοιούτῳ,
822 3861 1203 3934 φιλάνθρωπος
1232 3862 1332 3927 ὢν,
1368 3862 1619 3933 προλέγω
1649 3862 1718 3916 τὰ
1762 3861 1974 3936 συμϐη-

395 3952 595 4020 σόμενα
628 3955 741 4017 τοῖς
772 3954 1031 4023 μέλλουσί
1066 3972 1127 4008 σε
1164 3954 1620 4026 καταπολεμῆσαι
1659 3954 1971 4019 Χαλδαίοις,

392 4043 468 4106 ὡς
514 4046 580 4097 ἂν
627 4045 749 4097 τότε
800 4044 997 4117 βοηθὸν
1033 4045 1126 4100 τὸν
1160 4047 1495 4117 προειπόντα
1539 4045 1845 4110 καλέσειας.
1878 4048 1971 4119 Μὴ

394 4120 487 4184 οὖν
516 4133 735 4195 ἀπάτας
785 4136 950 4189 αὐτὸν
999 4136 1027 4176 Ιί
1075 4135 1267 4205 λέγων,
1297 4136 1373 4200 ὡς
1426 4136 1522 4191 καὶ
1562 4135 1668 4207 πρὸ
1710 4138 1809 4207 τῆς
1832 4139 1973 4209 ἐμῆς

398 4227 736 4297 προφητείας
760 4227 981 4282 εἴδωλά
996 4245 1080 4282 σοι
1101 4228 1463 4291 ἐνετείλατο,
1481 4227 1627 4282 τοῦτ’
1653 4228 1802 4284 ἔστιν
1825 4231 1980 4300 ἠπεί-

396 4317 594 4387 λησαν,
618 4319 651 4390 ἢ
679 4320 1148 4392 προαπήγγειλαν,
1175 4321 1251 4384 ὡς
1283 4320 1424 4376 αὐτά
1475 4338 1534 4374 σε
1569 4320 1834 4379 κακώσει.
1881 4324 1980 4378 Διὰ

396 4409 570 4466 ταῦτα
613 4412 722 4483 γὰρ
779 4412 960 4466 πείσει
997 4411 1016 4452 1
1062 4412 1271 4476 κακῶς,
1301 4413 1492 4484 ὅτιπερ
1549 4414 1795 4479 ἀποστὰς
1842 4415 1978 4486 ἐμοῦ

396 4504 736 4574 προσετέθης
775 4505 981 4569 αὐτοῖς.
1019 4505 1166 4576 Πλὴν
1189 4505 1344 4559 οὐδέν
1374 4523 1435 4560 σε
1461 4506 1520 4560 τὸ
1549 4505 1837 4577 προλέγειν
1862 4507 1980 4579 ὀνή-

2143 2668 2285 2727 Sunt
2308 2685 2438 2729 vero
2469 2674 2560 2746 qui
2594 2676 2835 2745 priorum
2896 2674 3116 2732 nomine
3148 2675 3523 2747 captivitatem
3566 2676 3652 2730 irr-

2072 2762 2169 2818 nui
2200 2764 2390 2831 velint,
2438 2775 2731 2838 postquam
2773 2769 2879 2824 illa:
2909 2768 3041 2839 ipsae
3083 2768 3426 2824 calamitates
3474 2769 3650 2834 conti-

2072 2866 2288 2927 gerunt,
2339 2873 2462 2929 quae
2504 2859 2834 2932 Babylonios
2870 2867 3211 2917 Invaseruut.
3254 2859 3482 2927 Deind’e,
3539 2870 3652 2915 tan:
3714 2854 3719 2859 ’

2073 2963 2236 3018 quam
2279 2950 2347 3007 de
2384 2953 2718 3018 contumaci,
2764 2952 2990 3021 praedixi
3043 2951 3267 3007 verbum
3324 2946 3649 3023 usurpavit;

2073 3043 2460 3110 quantumvis,
2502 3043 2710 3115 inquit,
2760 3052 2814 3098 et
2851 3058 3045 3099 eorum
3080 3050 3134 3099 te
3183 3058 3406 3098 causam
3448 3044 3652 3108 etiam,

2075 3144 2197 3199 quas
2228 3130 2544 3204 Babyloniis
2568 3140 2833 3188 eventura
2863 3142 3066 3198 essent,
3094 3131 3258 3187 idolis
3284 3131 3654 3199 ascripturam

2074 3235 2199 3277 esse
2232 3236 2339 3275 non
2383 3222 2738 3293 ambigerem.
2784 3221 3124 3293 Expugnatis
3173 3221 3239 3276 ad
3301 3221 3417 3275 haec
3462 3218 3657 3275 Hiero-

2073 3310 2321 3381 solymis,
2345 3325 2474 3367 cum
2503 3312 2831 3383 superstites
2860 3311 3093 3368 feminas
3129 3312 3184 3366 in
3213 3309 3510 3381 Egyptum
3551 3311 3654 3364 mi-

2073 3415 2231 3472 grare
2257 3408 2461 3457 vetaret
2499 3401 2813 3471 Jeremias;
2848 3404 2953 3459 illae
2992 3401 3155 3475 550
3184 3411 3398 3483 contra,
3448 3418 3512 3458 ex
3545 3419 3657 3474 quo

2072 3494 2275 3564 reginae
2308 3496 2432 3552 ειεΙί
2475 3496 2789 3552 sacrificare
2824 3497 3124 3562 desierant,
3169 3497 3223 3552 in
3268 3512 3330 3552 se
3373 3496 3514 3551 mala
3552 3497 3656 3552 ista

2074 3585 2259 3638 omnia
2305 3584 2594 3641 devenisse
2639 3585 3045 3656 responderunt
3076 3605 3090 3641 :
3124 3586 3269 3642 unde
3298 3593 3353 3641 et
3386 3586 3477 3641 illa
3512 3600 3660 3659 aegre

2075 3671 2303 3728 ferentis
2338 3675 2621 3745 propheta:
2653 3676 2843 3740 verba,
2871 3691 2993 3746 quae
3027 3679 3082 3732 in
3126 3678 3275 3733 hunc
3320 3679 3542 3733 modum
3579 3677 3659 3734 le-

2074 3767 2255 3837 simus
2304 3785 2319 3821 :
2365 3785 2385 3818 ι
2423 3766 2674 3832 Domine,
2714 3769 2858 3825 oculi
2900 3770 2979 3823 tui
3029 3770 3086 3824 in
3136 3769 3297 3825 fidem
3348 3770 3658 3842 Flagellasti

2074 3872 2191 3921 eos,
2239 3873 2416 3928 neque
2458 3858 2866 3915 laboraverunt.
2917 3860 3326 3918 Consummasti
3378 3880 3497 3928 eos,
3557 3880 3657 3921 nec

2074 3950 2369 4005 voluerunt
2397 3950 2689 4008 admittere
2727 3951 3073 4022 disciplinam
3104 3953 3172 4010 ⁷⁸.
3216 3974 3235 4007 ι
3285 3954 3427 4011 Ecce
3468 3956 3655 4026 igitur,

2076 4044 2429 4111 quantumvis
2457 4049 2512 4098 te
2542 4043 2704 4098 talem
2747 4044 3070 4114 praebueris,
3104 4059 3206 4115 pro
3243 4061 3362 4101 mea
3396 4047 3448 4101 in
3479 4048 3657 4101 homi—

2077 4145 2177 4186 nes
2229 4130 2630 4197 benevolentia,
2669 4130 2961 4199 Chaldaeis,
3001 4132 3097 4203 qui
3136 4140 3191 4187 te
3239 4132 3383 4189 bello
3435 4149 3660 4205 supera-

2080 4222 2186 4277 turi
2227 4232 2377 4288 sunt,
2418 4223 2580 4294 longe
2603 4230 2731 4280 ante
2756 4222 2944 4279 futura
2972 4224 3238 4281 denuntio
3267 4234 3329 4281 ut
3348 4241 3474 4281 eum
3503 4234 3654 4293 tunc,

2079 4329 2110 4369 a
2141 4329 2250 4385 quo
2285 4315 2388 4371 ista
2423 4316 2518 4369 tibi
2551 4315 2813 4387 praedicta
2856 4323 3005 4385 sunt,
3051 4317 3109 4373 in
3155 4319 3437 4374 auxilium-
3460 4334 3660 4375 vocare

2078 4407 2415 4464 memineris.
2441 4407 2576 4463 Vide
2601 4408 2788 4478 itaque
2806 4424 2876 4465 ne
2904 4408 3219 4480 decipiaris,
3244 4412 3340 4467 tibi
3374 4412 3479 4467 ista
3504 4414 3660 4485 prius

2080 4500 2245 4568 idola,
2264 4516 2428 4574 quam
2461 4516 2549 4558 me
2577 4504 2863 4558 mandasse
2886 4520 2908 4569 ,°
2935 4502 2991 4559 id
3024 4511 3109 4560 est
3130 4506 3213 4561 vel
3237 4505 3487 4560 minitata
3513 4522 3658 4571 esse,

402 4611 563 4649 σειεν.
603 4596 687 4649 Οὐ
714 4595 917 4665 γνώσῃ
947 4594 1240 4666 γὰρ,τοῦτ’
1270 4596 1441 4662 ἐστιν,
1475 4596 1536 4650 οὐ
1575 4599 1780 4670 γενήσῃ
1820 4598 1970 4669 σοφὸς

2086 4594 2171 4648 vel
2204 4593 2547 4664 praedixisse,
2579 4604 2638 4650 ut
2673 4604 2725 4651 te
2753 4607 3040 4664 vexarent,
3071 4597 3327 4654 aderens.
3354 4597 3481 4655 Idco
3512 4601 3659 4654 enim

394 4691 462 4760 τῇ
505 4690 641 4761 πρὸς
668 4690 731 4743 τὸ
756 4694 1003 4762 κρεῖττον
1035 4691 1307 4763 μεταϐολῇ
1338 4733 1353 4758 ,
1400 4691 1478 4765 μὴ
1515 4693 1824 4766 περιμένων
1868 4693 1979 4748 τῶν

399 4795 481 4832 σοι
511 4780 1030 4851 προαπειλουμένων
1070 4781 1132 4834 τὸ
1177 4781 1351 4844 τέλος.
1389 4782 1680 4839 Ἀκουστά
1736 4800 1820 4837 σοι
1867 4800 1980 4837 τοι·

396 4870 602 4939 γαροῦν
644 4871 906 4939 ἐποίησα
920 4872 993 4927 τὰ
1017 4871 1213 4930 καινά.
1244 4873 1432 4928 Καινὰ
1466 4874 1578 4945 γὰρ
1613 4869 1703 4946 ἦν,
1738 4875 1844 4947 πρὸ
1881 4873 1977 4929 τοῦ

394 4962 657 5029 γενέσθαι
704 4963 993 5036 λεγόμενα.
1058 4967 1288 5037 Πάσχων
1348 4967 1529 5025 τοίνυν
1575 4968 1651 5038 μὴ
1681 4967 1866 5042 λέξῃς,
1900 4969 1979 5034 ὡς

401 5052 540 5123 Πρὶν
596 5056 788 5111 παθεῖν
842 5058 943 5111 οὐκ
997 5058 1253 5126 ἀκήκοα,
1283 5060 1484 5130 ἦγουν,
1542 5061 1625 5115 ὅτι
1665 5063 1980 5133 Προέτνων

406 5146 526 5215 μὲν,
556 5146 671 5201 ἀλλ’
702 5149 761 5216 ἐξ
789 5149 1053 5204 εἰδώλων
1087 5151 1295 5221 μαθών.
1328 5154 1403 5206 Οὐ
1446 5154 1554 5224 γὰρ
1597 5153 1787 5224 ἔγνως
1826 5153 1980 5208 οὐδὲν

403 5238 537 5307 πρὶν
570 5239 671 5308 ἐμὲ
706 5239 888 5309 λέγειν
922 5242 1095 5295 αὐτᾶο
1131 5243 1193 5296 ού
1228 5244 1337 5311 γὰρ
1371 5245 1648 5318 πεποίηκά
1694 5263 1775 5298 σοι
1822 5245 1982 5299 τοῦτο

405 5328 538 5400 παρ’
574 5331 761 5401 ἐτέρου
807 5334 1101 5402 γνωστόν.
1153 5333 1286 5387 Ἰδοὺ
1325 5334 1380 5387 δέ
1416 5352 1476 5388 σε
1528 5335 1679 5390 καλῶ
1725 5336 1821 5390 καὶ
1853 5338 1980 5408 πρὶν

404 5419 704 5492 ἀπειθῆσαι
724 5422 1092 5494 παράνομον.
1120 5423 1195 5478 Δι’
1223 5424 1358 5477 αὐτὸ
1388 5427 1497 5499 γάρ
1531 5444 1590 5480 σε
1636 5428 1730 5481 καὶ
1782 5426 1979 5496 φθάσει

2083 4687 2225 4743 male
2261 4688 2576 4759 excipieris,
2622 4689 2768 4758 quod
2809 4705 2896 4746 me
2922 4690 3185 4747 derelicto
3221 4691 3291 4746 ad
3319 4707 3382 4747 ea
3421 4695 3660 4748 transie-

2081 4778 2180 4834 ris.
2233 4776 2419 4850 Neque
2462 4787 2647 4835 tamen
2679 4779 2780 4835 tibi
2814 4780 3112 4852 quidquam
3144 4782 3429 4853 profutura
3458 4790 3543 4837 est
3587 4780 3665 4834 fu-

2082 4878 2332 4927 turorum
2364 4873 2664 4941 praedictio.
2705 4870 2831 4928 Non
2859 4875 3005 4929 enim
3037 4888 3358 4945 cognosces;
3399 4888 3464 4927 ac
3499 4873 3543 4927 si
3577 4873 3662 4927 di-

2082 4968 2231 5017 ceret
2262 4979 2274 5016 :
2305 4961 2426 5017 Non
2468 4963 2690 5033 sapiens
2730 4961 2828 5019 fles
2858 4966 2976 5034 ipsa
3025 4963 3325 5018 mutatione
3355 4962 3408 5016 in
3443 4961 3661 5021 melius,

2085 5054 2181 5125 qui
2214 5055 2427 5110 tristem
2462 5069 2647 5110 rerum
2693 5054 2927 5119 exitum,
2975 5070 3095 5124 quae
3142 5052 3237 5107 tibi
3293 5051 3663 5122 praedicuntur

2085 5160 2195 5200 non
2224 5153 2531 5215 exspectes.
2569 5143 2769 5198 Audita
2800 5145 2984 5215 itaque
3030 5145 3133 5212 feci
3174 5143 3271 5196 tibi
3311 5158 3466 5196 nova.
3508 5138 3664 5197 Nova

2085 5238 2230 5293 enim
2278 5243 2459 5299 erant,
2506 5251 2629 5306 qua:
2669 5243 2797 5290 ante
2837 5237 3183 5297 dicebantur,
3234 5249 3398 5303 quam
3450 5233 3665 5291 fierent.

2085 5329 2222 5386 Cum
2251 5345 2381 5401 ergo
2405 5329 2651 5399 patieris,
2676 5344 2743 5383 ne
2760 5336 2811 5382 te
2832 5328 2987 5397 prius
3008 5342 3115 5381 non
3135 5325 3404 5382 audivisse
3422 5326 3661 5394 dixeris;

2088 5423 2171 5479 vel
2221 5422 2265 5479 si
2316 5422 2595 5491 prwscisse
2636 5421 2816 5484 dicas,
2870 5418 2939 5476 ab
2987 5417 3144 5475 idolis
3194 5418 3474 5479 didicisse.
3516 5419 3665 5477 Nbil

481 5560 529 5592 ⁷⁸
558 5558 759 5617 Jerem.
788 5576 864 5629 xl,
896 5562 984 5618 15.
1063 5562 1109 5595 ⁷⁷
1132 5559 1293 5619 Joan.
1319 5577 1437 5631 vnt,
1464 5562 1555 5620 39.
1644 5563 1910 5621 "Jcrem.
1939 5582 1991 5635 v,
2027 5570 2080 5626 5.

1695 5680 1931 5736 ΥΛΒΙᾸΞ
1963 5679 2371 5737 LECTIONES.

509 5795 525 5835 ί
562 5814 653 5868 γρ.
680 5796 994 5870 ὠφελίμως.
1075 5801 1087 5850 i
1130 5816 1224 5870 γρ.
1258 5799 1615 5876 προσεδόκας.
1696 5799 1722 5841 ιε
1756 5816 1844 5871 γρ.
1873 5797 2054 5857 ἀπάτα
2083 5799 2297 5857 σαυτόν.
2383 5804 2398 5846 l
2435 5816 2522 5872 rp.
2545 5795 2734 5872 πείσῃ.
