3976 6220
420 263 554 332 4451

1723 278 2046 339 PROCOPI
2056 280 2080 338 Ι
2121 281 2363 350 GAZEI

3513 296 3632 364 2452

419 379 566 432 enim
601 378 824 435 omnino
864 381 1187 452 priusquam
1218 386 1614 455 renuntiarem,
1647 404 1998 458 cognoveras;

2107 391 2216 443 τῶν
2244 390 2665 462 προρρηθέντων
2696 392 2757 446 τὸ
2781 392 2955 462 τέλος,
2981 393 3056 459 ὡς
3084 394 3150 450 ὲκ
3177 397 3426 468 γενέσεως
3453 406 3506 460 ἐν
3528 410 3636 464 ἀοι.

423 485 602 538 neque
643 474 736 528 tibi
771 474 919 528 istud
953 489 1052 544 ego
1093 475 1324 531 aliorum
1355 492 1518 549 opera
1565 482 1834 550 cognitum
1875 497 1998 537 esse

2106 481 2228 552 ϐείᾳ
2257 484 2554 552 τραφέντα.

421 562 595 617 volui.
632 563 743 618 lmo
779 579 904 621 esse
938 574 990 620 te
1011 567 1198 634 etiam,
1233 569 1555 639 priusquam
1621 586 1652 625 a
1718 573 1824 626 fide
1888 572 2172 643 contingat
2245 575 2524 639 recedere,
2568 575 2806 645 iniquum
2846 579 3173 645 praenuntia.
3215 581 3296 636 0b
3339 582 3391 638 id
3432 587 3563 644 enim
3591 600 3639 646 te

419 668 774 726 rerum,quze
799 657 1076 727 praedicta:
1119 667 1270 727 sunt,
1300 664 1480 719 exitus
1505 662 1670 718 etiam
1733 670 2056 732 antevertet,
2133 665 2278 734 quod
2344 681 2373 719 a
2444 667 2720 723 natalibus
2780 667 2917 738 ipsis
2962 669 3020 724 in
3090 670 3358 742 impietate
3410 679 3642 740 educatus

417 760 516 801 818.

488 859 588 916 Εει
627 861 794 932 igitur
838 865 908 920 ab
957 865 1302 922 humanitate
1351 869 1598 938 profecta
1642 885 1998 940 rerum,qn:e

415 952 516 1012 tibi
551 953 833 1012 eventura:
859 962 1012 1023 sunt,
1060 957 1365 1028 praedictio.
1418 959 1553 1013 Nam
1594 967 1648 1015 et
1686 967 1738 1014 te
1766 975 1892 1016 cum
1939 960 1993 1016 in

415 1049 660 1104 hostium
712 1056 1038 1119 potestatem
1091 1049 1314 1116 tradidi,
1369 1049 1421 1104 id
1475 1065 1692 1122 quoque
1739 1051 1795 1106 in
1844 1060 1994 1108 tuam

414 1158 532 1198 rem
570 1142 672 1197 feci
717 1159 733 1196 :
767 1157 877 1197 non
908 1157 1018 1213 quo
1051 1157 1204 1200 more
1228 1143 1425 1210 solent,
1447 1144 1540 1214 qui
1576 1152 1644 1198 ad
1679 1160 1836 1211 suam
1875 1153 1995 1199 tan-

414 1242 534 1289 tum
566 1234 853 1288 utilitatem
897 1234 1218 1304 respiciunt.
1253 1233 1389 1289 Eum
1410 1235 1554 1291 enim
1587 1250 1830 1306 persaepe
1854 1236 1994 1292 solet

416 1326 640 1382 erudire
665 1327 916 1392 afﬂictio,
961 1327 1049 1382 cui
1086 1327 1222 1382 nihil
1253 1328 1318 1382 ad
1343 1328 1783 1398 resipiscentiam
1817 1329 1995 1384 oratio

412 1421 642 1493 profuit.
681 1421 860 1490 Atque
897 1420 1023 1475 hinc
1068 1428 1173 1487 est,
1205 1421 1301 1487 ait,
1330 1421 1476 1491 quod
1509 1422 1750 1478 hostium
1775 1421 1873 1477 tibi
1901 1436 1995 1477 ea-

413 1512 688 1568 ]amitates
739 1511 1000 1582 priedixi;
1035 1520 1096 1566 ut
1129 1511 1376 1583 undique
1401 1512 1468 1567 ad
1498 1512 1710 1584 frugem
1761 1521 1814 1569 te
1847 1528 2000 1569 revo-

414 1619 621 1670 carem,
674 1604 999 1670 minitando,
1054 1615 1368 1673 metumque
1431 1612 1485 1659 et
1533 1603 1778 1660 dolorem
1838 1604 1996 1659 incu-
2047 1637 2049 1640 ‹

411 1695 623 1757 tiendo,
649 1694 835 1748 futura
866 1694 1033 1749 etiam
1060 1692 1438 1764 praedicendo;
1473 1693 1526 1747 in
1564 1694 1870 1749 libertatem
1901 1693 1996 1749 de-

413 1785 617 1855 nique,
657 1785 752 1854 qui
792 1799 947 1840 meus
983 1795 1069 1840 est
1121 1784 1177 1838 in
1235 1792 1288 1839 te
1331 1799 1486 1838 amor
1518 1783 1844 1850 asserendo,
1896 1783 1999 1838 ho-

412 1886 638 1948 stcsque
670 1878 1019 1944 ulciscendo;
1047 1877 1140 1947 qui
1172 1878 1225 1931 in
1260 1891 1434 1931 meam
1471 1876 1816 1932 divinitatem
1849 1875 2001 1932 blas-

2177 868 2386 924 Ούκοῦν
2415 869 2502 923 διὰ
2539 869 2949 941 φιλανθρωπίαν
2991 873 3099 927 τῶν
3135 874 3220 929 σοὶ
3253 880 3648 952 συμϐησομένων

2105 965 2139 1033 ή
2173 963 2498 1034 πρόρρησις.
2541 963 2652 1016 Καὶ
2682 963 3010 1033 παραδιδούς
3036 985 3095 1020 σε
3135 968 3264 1039 γὰρ,
3312 971 3397 1024 ἐπ’
3438 974 3649 1050 ὠφελείᾳ

2105 1055 2420 1126 παρέδωκα,
2471 1055 2572 1124 οὐχ
2625 1055 2700 1119 ὡς
2728 1057 2794 1110 ἄν
2841 1074 2927 1122 τις
2955 1059 3096 1131 ἀνὴρ
3121 1062 3258 1132 πρὸς
3311 1063 3440 1118 ἴδιον
3484 1069 3651 1139 κέρδος

2102 1147 2266 1218 ὁρῶν.
2301 1147 2554 1201 Παιδεύει
2585 1147 2692 1218 γὰρ
2716 1148 2826 1202 ἔσθ’
2846 1150 2937 1202 ὅτε
2960 1151 3152 1217 πάθος,
3185 1153 3245 1206 ὃν
3267 1156 3366 1208 οὐκ
3391 1158 3650 1214 ἐπαίδευσε

2103 1239 2282 1308 λόγος.
2314 1239 2393 1293 Δι’
2426 1239 2540 1292 ὅσοι
2569 1251 2609 1278 ιι
2639 1243 2732 1294 καὶ
2779 1240 2887 1294 τιῖιν
2931 1243 3204 1313 πολεμίων
3255 1246 3353 1311 τὰς
3396 1250 3654 1322 συμφορὰς

2103 1329 2524 1400 προηγόρευσα,
2572 1331 2910 1401 πανταχόθεν
2947 1335 3294 1406 ἐπιστρέφων
3322 1376 3338 1401 ,
3364 1338 3579 1410 ἀπειλῆς
3606 1351 3652 1409 ιι,

2104 1420 2200 1475 καὶ
2220 1421 2401 1492 φόϐῳ,
2447 1421 2543 1476 καὶ
2587 1422 2794 1486 πάθους
2840 1424 3028 1496 πείρᾳ,
3059 1427 3153 1479 καὶ
3175 1426 3406 1498 δυνάμει
3439 1447 3654 1500 προαγο-

2105 1513 2366 1585 ρεύσεως,
2392 1516 2459 1585 τῇ
2485 1515 2613 1585 περὶ
2639 1515 2697 1568 σὲ
2731 1516 3118 1589 φιλανθρωπίᾳ
3145 1518 3288 1581 σέτε
3336 1519 3492 1575 πάλιν
3520 1522 3657 1576 ἐλευσ-

2103 1605 2299 1676 θερῶν,
2352 1608 2448 1660 καὶ
2497 1608 2622 1672 τοὺς
2656 1607 2888 1679 ἐχθροὺς
2917 1609 3355 1680 τιμωρούμενος,
3390 1613 3482 1666 καὶ
3525 1624 3563 1678 ⁸,
3590 1615 3659 1668 ὅτι

2095 1699 2195 1769 τὴν
2230 1699 2371 1769 ἐμὴν
2398 1699 2787 1771 ἐϐλασφήμουν
2816 1699 3071 1772 θεότητα,
3114 1701 3214 1772 τὴν
3259 1703 3381 1757 καθ’
3415 1704 3561 1773 ὑμῶν
3590 1706 3661 1758 νί-

2097 1805 2202 1858 κην
2233 1791 2349 1852 τοῖς
2377 1787 2530 1852 ἰδίοις
2561 1787 2704 1852 Θεοῖς
2732 1790 3154 1860 ἐπιγράφοντες,
3197 1803 3229 1844 P
3259 1794 3361 1864 τὴν
3391 1793 3484 1848 τοῦ
3528 1793 3664 1859 ὄντος

2098 1879 2226 1947 τοῖς
2258 1881 2360 1934 ούκ
2382 1875 2502 1935 οὖσι
2533 1880 2884 1952 χαριζόμενοι
2908 1882 3120 1948 δόξαν.
3156 1883 3428 1954 Κὰμινον
3452 1884 3507 1938 δὲ
3531 1902 3664 1939 πτω-

412 1969 620 2040 phemi,
635 1986 799 2040 quam
825 1970 894 2024 de
916 1970 1071 2025 vobis
1093 1969 1274 2040 adepti
1296 1975 1425 2026 sunt
1443 1967 1729 2024 victoriam
1747 1967 1854 2024 diis
1879 1967 1996 2026 suis

2103 1974 2295 2044 χείας,
2319 1973 2412 2028 τὸν
2453 1948 2622 2028 τόπον
2660 1948 2762 2044 τῆς
2801 1974 3046 2040 δουλείας
3077 1948 3376 2043 ἐκάλεσεν,
3412 1977 3468 2030 ὲν
3509 1971 3551 2045 ᾧ
3572 1978 3667 2040 τοῖς

412 2057 749 2128 ascribunt;'
774 2069 828 2117 et
858 2062 976 2132 ejus
1025 2060 1183 2134 541
1215 2060 1312 2134 qui
1345 2070 1450 2127 est,
1489 2061 1740 2130 gloriam,
1778 2062 1844 2117 iis
1898 2063 1994 2133 qui

409 2171 522 2212 non
561 2164 690 2212 sunt
752 2156 1053 2226 indulgent.
1099 2154 1398 2210 Fornacem
1431 2162 1610 2211 autem
1639 2157 1992 2228 paupertatis,

410 2250 703 2306 servitutis
742 2250 923 2304 locum
957 2249 1215 2320 appellat,
1255 2249 1312 2302 in
1347 2264 1457 2320 quo
1493 2263 1610 2316 eos,
1642 2249 1736 2320 qui
1776 2250 1842 2305 ad
1873 2264 1994 2305 eam

410 2343 600 2399 adacti
666 2351 818 2409 sunt,
871 2342 1037 2399 etiam
1089 2342 1388 2397 mendicare
1450 2357 1679 2399 necesse
1735 2341 1829 2398 sit.
1896 2341 1996 2397 His

410 2436 611 2494 deinde
637 2437 818 2492 verbis
841 2437 1086 2508 seipsum
1106 2434 1361 2493 lsraelem
1391 2435 1686 2490 vendidisse
1711 2435 1866 2501 dicit,
1899 2435 1993 2505 qui

407 2529 469 2585 in
501 2529 709 2599 argenti
743 2528 924 2584 locum
967 2543 1066 2583 sua
1099 2528 1216 2598 ipse
1246 2536 1470 2598 peccata
1505 2524 1996 2584 concesserit.~Ne-

412 2636 522 2691 que
552 2613 721 2683 enim,
751 2621 949 2687 inquit,
970 2630 1194 2692 propter
1237 2621 1434 2677 virium
1464 2637 1706 2678 mearum
1743 2622 1991 2678 imbecil-

408 2711 622 2767 litatem
670 2711 958 2782 premeris,
997 2711 1090 2781 qui
1124 2725 1246 2783 qua:
1281 2713 1336 2766 in
1373 2711 1609 2784 Egypto
1639 2723 1792 2783 gesta
1841 2723 1991 2778 sunt,

407 2803 469 2862 in
499 2811 649 2860 tuam
681 2804 984 2860 libertatem
1018 2805 1373 2876 patraverim.
1412 2803 1519 2860 Sed
1553 2813 1810 2876 qumrunt
1849 2819 1996 2860 non-

407 2898 573 2966 nulli,
604 2899 700 2969 qui
734 2913 794 2955 se
824 2915 958 2953 nova
979 2898 1168 2968 fecisse
1191 2905 1422 2964 asserat,
1443 2915 1588 2965 cum,
1629 2897 1860 2954 docente
1890 2898 1996 2952 Ec-

410 2989 688 3056 clesiaste,
708 2990 844 3046 nihil
881 3005 1084 3046 novum
1113 2990 1217 3051 sub
1247 2990 1388 3045 coelo
1417 2990 1488 3045 sit
1510 2991 1578 3044 7'.
1597 2988 1806 3044 Christi
1829 2989 1996 3061 igitur

409 3083 762 3154 mysterium,
825 3082 982 3153 longe
1023 3098 1112 3150 ea,
1138 3097 1262 3154 quae
1295 3084 1564 3147 cernitur,
1595 3090 1850 3138 creatura
1879 3096 1995 3136 ma-

408 3174 522 3245 jus,
547 3175 702 3246 quod
726 3189 754 3228 a
780 3175 946 3229 Paulo
973 3176 1137 3229 etiam
1164 3173 1546 3230 absconditum
1583 3174 1898 3229 nominatur
1922 3174 1991 3238 ⁸ο,

411 3267 703 3323 intellexit.
731 3266 968 3336 Indeque
1005 3267 1170 3320 verba
1213 3267 1338 3328 ista,
1371 3281 1532 3334 neque
1567 3266 1631 3318 ab
1662 3266 1816 3319 initio
1837 3281 1994 3320 aures

415 3367 537 3412 tuas
577 3357 785 3427 aperui,
819 3355 1090 3420 adiunxit.
1124 3355 1405 3424 Apostolis
1441 3355 1610 3418 enim,
1652 3364 1712 3410 ut
1742 3355 1997 3424 Scriptu-

409 3466 505 3506 ras
534 3448 923 3518 intelligerent,
952 3463 1106 3501 aures
1138 3445 1392 3501 Christus
1442 3447 1648 3516 aperuit
1681 3462 1700 3499 :
1734 3461 1855 3516 quae
1881 3454 1994 3500 tum

2103 2065 2446 2120 δουλεύουσιν
2466 2066 2562 2120 καὶ
2593 2067 2927 2136 πτωχεύειν
2953 2068 3188 2138 ἀνάγκη.
3223 2067 3304 2122 Δι’
3331 2061 3406 2122 ὧν
3427 2068 3481 2121 δὲ
3513 2068 3664 2135 λέγει,

2105 2157 2380 2212 δείκνυσι
2431 2156 2525 2210 τὸν
2566 2157 2780 2228 Ἰσραὴλ
2828 2158 3020 2213 ἑαυτὸν
3057 2159 3412 2230 πεπρακότα,
3439 2158 3548 2212 ἀντ’
3581 2157 3668 2224 ἀρ-

2105 2250 2312 2320 γυρίου
2340 2248 2439 2312 τὰς
2465 2247 2662 2302 ἑαυτοῦ
2695 2249 2998 2321 προέμενον
3028 2251 3331 2323 ἁμαρτίας.
3363 2251 3440 2304 Οὐ
3466 2251 3530 2304 δι’
3549 2248 3668 2320 ἐμὴν

2103 2340 2214 2411 γὰρ
2243 2339 2536 2410 ὑπομένεις
2581 2339 2867 2394 ἀσθένειαν
2904 2341 2998 2395 τοῦ
3031 2341 3102 2396 τὰ
3142 2343 3202 2396 ὲν
3250 2341 3512 2410 Αἰγύπτῳ
3553 2339 3670 2410 πρὸς

2101 2433 2200 2504 τὴν
2228 2431 2326 2503 σὴν
2346 2431 2661 2503 ἐλευθερίαν
2677 2432 2956 2505 δραματου
2965 2436 3069 2506 ργή
3078 2451 3297 2500 σαντος.
3315 2437 3438 2500 Πῶς
3465 2434 3520 2490 δὲ
3537 2432 3671 2502 λέγει

2103 2523 2519 2592 πεποιηκέναι,
2545 2525 2689 2580 καθά
2745 2527 2878 2596 φασί
2905 2545 3073 2592 τινες,
3105 2528 3311 2596 καινὰ,
3336 2516 3443 2583 τοῦ
3474 2529 3675 2600 Ἐκκλη-

2105 2614 2440 2690 σιασ[τικ]οῦ”
2461 2616 2732 2686 λέγοντος,
2760 2619 2872 2672 Καὶ
2908 2619 3058 2673 οὐδὲν
3104 2619 3332 2688 καινόν;
3356 2619 3431 2675 Τὸ
3459 2618 3673 2692 Χριστοῦ

2101 2710 2280 2765 τοίνυν
2305 2711 2455 2778 λέγει
2494 2711 2796 2781 μυστήριον
2830 2711 3016 2782 μεῖζον
3051 2711 3151 2783 τῆς
3179 2713 3476 2784 δρωμένης
3517 2712 3675 2784 ὑπάρ-

2101 2817 2197 2871 χον
2223 2800 2472 2866 κτίσεως,
2509 2800 2538 2854 ὃ
2564 2801 2662 2855 καὶ
2692 2802 3192 2874 ἀποκεκρυμμένον
3223 2807 3253 2858 ὁ
3280 2802 3496 2867 Παῦλος
3518 2802 3674 2858 καλεῖ.

2103 2895 2198 2949 Διό
2222 2910 2405 2966 φησιν,
2435 2894 2584 2950 Οὔτε
2608 2894 2678 2959 ἐξ
2703 2895 2894 2965 ἀρχῆς
2926 2895 3143 2964 ἤνοιεά
3165 2911 3292 2953 σου
3317 2897 3390 2952 τὰ
3415 2892 3552 2953 ὦτα.
3572 2893 3678 2952 Τῶν

2101 2989 2211 3060 γὰρ
2257 2987 2574 3043 ἀποστόλων
2637 2989 2873 3059 Χριστὸς
2921 2989 3129 3058 ἤνοιξε
3161 2991 3243 3044 τὰ
3300 2985 3426 3046 ὦτα
3456 2989 3587 3060 πρὸς
3627 2985 3679 3042 τδ

2049 3075 2054 3077 ’
2105 3081 2346 3134 συνιέναι
2375 3079 2474 3143 τὰς
2496 3079 2741 3151 Γραφάς.
2783 3080 3087 3148 Ἀνοίγεται
3117 3081 3174 3134 δὲ
3208 3082 3283 3137 τὰ
3313 3075 3452 3148 ὦτα,
3482 3081 3567 3134 ὅτε
3598 3079 3682 3133 καὶ

2103 3172 2245 3235 νοῦς.
2277 3171 2353 3224 Ού
2376 3170 2488 3241 γάρ
2522 3171 2701 3242 μάτην
2731 3171 2942 3226 ἀκούει.
2971 3173 3202 3242 Ἕγνων
3223 3173 3362 3247 γὰρ,
3397 3176 3578 3244 φησιν,
3603 3171 3681 3225 ὅτι

2102 3263 2436 3330 ἀθετήσεις,
2468 3263 2550 3316 διδ
2575 3263 2671 3318 καὶ
2691 3263 2925 3336 ἔκρυψα,
2952 3266 3053 3320 καὶ
3095 3264 3334 3337 ἄνομος
3373 3269 3444 3321 ἐκ
3471 3265 3682 3330 κοιλίας

2102 3354 2424 3425 κληθήσῃ·
2474 3353 2696 3426 δηλαδὴ,
2733 3359 2800 3428 τῇ
2851 3358 3182 3429 προγνώσει.
3229 3360 3430 3426 Οὕτως
3470 3360 3685 3431 ἀπηλλοο

2100 3445 2416 3519 τριὼθησαν
2442 3447 2492 3501 ol
2523 3442 2846 3518 ἁμαρτωλοῖ
2869 3449 2978 3504 ἀπὸ
3006 3451 3252 3522 μήτρας.
3281 3453 3531 3518 Ἐπαθες
3559 3452 3601 3505 δ’
3629 3451 3684 3505 ἂν

413 3541 632 3597 demum
688 3539 850 3595 nobis
890 3539 1247 3608 aperiuntur,
1299 3552 1422 3592 cum
1464 3545 1518 3594 et
1556 3553 1710 3593 mens
1754 3537 1895 3609 ipsa,
1939 3544 1998 3592 ut

2103 3537 2199 3590 καὶ
2232 3536 2634 3609 πανωλεθρίαν,
2663 3537 2780 3591 ἀνθ’
2808 3531 2884 3592 ὧν
2904 3556 3026 3609 μου
3051 3541 3166 3609 τὴν
3192 3541 3398 3608 δόξαν
3436 3541 3684 3612 ἀνέθηκας

412 3634 620 3689 frustra
644 3648 754 3688 non
788 3632 1033 3696 audiant,
1070 3640 1367 3688 reseratur.
1409 3629 1640 3695 Deinde,
1673 3631 1794 3686 novi
1827 3631 1992 3697 enim,

2102 3627 2374 3699 δαίμοσιν,
2401 3628 2450 3682 εί
2473 3627 2549 3698 μὴ
2578 3629 2648 3682 δι’
2674 3629 2846 3700 αὐτήν
2868 3648 2988 3700 μου
3016 3629 3132 3700 τὴν
3151 3632 3357 3700 δόξαν
3391 3630 3685 3704 φανησομέ-

410 3725 613 3796 inquit,
649 3725 790 3796 quod
817 3724 1276 3796 prwvaricaberis,
1321 3723 1555 3795 ideoque
1602 3722 1912 3790 occultavi,
1947 3729 1998 3776 et

2103 3737 2203 3791 νην
2231 3721 2324 3775 ἐπὶ
2364 3719 2611 3792 σωτηρίᾳ
2641 3720 2736 3775 τοῦ
2763 3721 2995 3793 κόσμου.

411 3809 628 3895 ἱηῐᾳκίιε
666 3838 732 3878 ea:
767 3831 919 3878 utero
969 3823 1282 3886 vocaberis;
1327 3821 1668 3893 praenotione
1713 3820 1998 3876 nimirum.
2037 3816 2157 3883 Quo
2236 3815 2402 3872 modo
2453 3816 2674 3872 alienati
2721 3827 2874 3886 sunt,
2922 3819 3014 3888 qui
3062 3833 3094 3874 a
3142 3821 3312 3877 vulva
3386 3829 3690 3894 peccatores

413 3920 773 3980 exsistunt”.
811 3920 940 3976 Ideo
971 3929 1152 3976 autem
1185 3919 1405 3990 penitus
1439 3919 1603 3974 etiam
1653 3916 1987 3978 interiisses,
2028 3911 2172 3985 quod
2207 3912 2440 3984 gloriam
2471 3928 2645 3967 meam
2691 3912 3032 3971 daemonibus
3059 3916 3404 3985 attribuisti,
3478 3915 3585 3972 nisi
3648 3920 3693 3969 et

411 4019 534 4090 ipsa
573 4027 645 4084 te,
691 4032 812 4089 quae
843 4017 900 4071 in
933 4015 1124 4071 mundi
1156 4015 1388 4072 salutem
1414 4021 1708 4085 operatura
1739 4021 1844 4079 est,
1875 4011 2051 4083 gloria
2081 4025 2198 4064 mea
2221 4008 2530 4064 liberasset.

486 4127 648 4200 542
663 4125 832 4183 Vens.
849 4125 1033 4181 12-22.
1053 4125 1195 4179 Audi
1213 4141 1314 4191 me,
1339 4123 1527 4191 Iacob,
1551 4132 1602 4178 et
1621 4122 1814 4190 Israel,
1837 4138 1989 4190 quem

413 4238 507 4292 ego
536 4237 680 4275 voco.
720 4219 835 4296 .Ego
867 4235 986 4274 sum
1014 4219 1241 4289 primus,
1270 4228 1319 4272 et
1348 4234 1439 4288 ego
1465 4234 1582 4271 sum
1620 4217 1674 4270 in
1713 4215 1990 4284 sempiter—

412 4330 562 4380 num,
609 4321 658 4368 et
707 4327 900 4367 manus
942 4326 1060 4364 mea
1107 4308 1353 4378 [undavit
1405 4316 1622 4373 terram,
1684 4314 1733 4360 et
1769 4305 1992 4360 dextera

412 4423 533 4462 mea
565 4405 825 4461 stabilivit
854 4404 1062 4459 coetum.
1098 4401 1237 4456 Voca
1265 4418 1375 4466 eos,
1413 4409 1463 4455 et
1496 4406 1710 4454 stabunt
1741 4397 1921 4464 simul,
1944 4406 1996 4451 et

415 4497 874 4570 congregabantur
899 4512 1100 4561 omnes,
1123 4503 1174 4549 et
1198 4493 1437 4559 audient,
1472 4504 1579 4548 etc.

2171 4120 2358 4192 ιβ-κβ’.
2387 4119 2608 4175 Ἀκουέ
2633 4137 2754 4189 μου
2790 4161 2804 4187 ,
2855 4121 3090 4188 Ἰακὼβ,
3153 4122 3258 4177 καὶ
3311 4121 3588 4192 Ἰσραὴλ,
3639 4117 3701 4172 ὃν

2093 4213 2209 4285 ἐγὼ
2247 4211 2430 4270 καλῶ.
2473 4212 2618 4282 Ἐγώ
2659 4215 2777 4283 ειμι
2811 4213 3078 4281 πρῶτος,
3136 4214 3240 4268 καὶ
3289 4213 3418 4284 ἐγώ
3455 4217 3575 4283 ειμι
3625 4210 3698 4274 είς

2094 4301 2204 4355 τὸν
2229 4299 2434 4354 αἰῶνα.
2475 4299 2587 4353 Καὶ
2617 4299 2656 4369 ἡ
2699 4299 2830 4368 χείρ
2863 4318 2984 4368 μου
3011 4301 3392 4370 ἐθεμελίωσε
3439 4295 3581 4365 γῆν,
3619 4297 3702 4350 καὶ

2096 4390 2135 4460 ἡ
2183 4391 2354 4455 δεξιά
2398 4408 2520 4461 μου
2567 4391 2899 4459 ἐστερέωσε
2937 4391 3046 4446 τὸν
3098 4394 3403 4460 οὐρανόν.
3467 4389 3704 4446 Καλέσω

2099 4485 2343 4550 αὐτοὺς,
2373 4482 2473 4537 καὶ
2517 4483 2852 4550 στήσονται
2885 4482 3028 4552 ἅμα,
3067 4483 3166 4538 καὶ
3194 4483 3708 4554 συναχθήσονται

2108 4577 2352 4644 πάντες,
2379 4578 2478 4631 καί
2502 4578 2890 4643 ἀκούσονται,
2917 4595 2972 4632 κ.
3007 4595 3058 4634 τ.
3089 4577 3141 4632 λ.

490 4698 883 4770 Superioribus
904 4699 960 4754 in
990 4697 1223 4753 infames
1252 4695 1530 4752 lsraelitas
1562 4681 1874 4762 usurpatis,
1907 4692 1995 4748 hic

2177 4694 2258 4748 Τὰ
2305 4692 2498 4765 πρῶτα
2541 4695 2652 4757 τοὶς
2705 4693 3151 4764 διαϐεϐλημένοις
3212 4694 3429 4758 εἰπὼν,
3488 4687 3712 4746 ἐνταῦθα

412 4791 528 4863 jam
557 4804 684 4846 cum
716 4789 904 4861 probis
933 4795 989 4845 et
1020 4787 1271 4844 honestis
1299 4786 1544 4856 disputat
1579 4804 1592 4838 :
1636 4783 1872 4853 indeque
1889 4792 1995 4850 est,

2102 4788 2216 4849 τοῖς
2260 4784 2619 4856 κατορθοῦσιν
2667 4784 2726 4852 ἐξ
2769 4785 2985 4856 Ἰσραὴλ
3031 4784 3381 4854 διαλέγεται.
3422 4786 3520 4838 Διὸ
3550 4781 3709 4854 πρὸς·

417 4883 567 4958 quod
598 4890 752 4954 quem
773 4897 867 4953 ego
890 4880 1069 4936 vocavi
1093 4879 1322 4943 addidit,
1351 4893 1450 4948 pro
1465 4891 1576 4948 quo
1607 4885 1824 4931 vocatus
1854 4891 1998 4929 meus

2102 4895 2278 4931 κειται
2327 4879 2413 4958 τὸ,
2450 4876 2523 4930 ὃν
2545 4877 2835 4932 ἐκάλεσα.
2877 4877 3021 4932 Ἀνθ“
3065 4872 3128 4932 οὗ
3177 4877 3508 4951 Σύμμαχος
3541 4877 3657 4948 μὲν,
3685 4875 3714 4925 ὀ

414 4975 818 5051 Symmachus;
859 4972 1089 5043 Aquilas
1123 4979 1305 5036 autem
1352 4980 1531 5026 vocate
1577 4970 1674 5036 mi,
1733 4968 2001 5038 interpreo

415 5073 628 5124 tantur.
658 5066 832 5122 Erant
862 5061 1007 5118 enim
1037 5076 1104 5117 ex
1141 5075 1331 5116 eorum
1371 5077 1602 5118 numero
1651 5059 1822 5115 vocati
1872 5059 1997 5129 qui-

2099 4969 2321 5035 κλητός
2334 4985 2476 5037 μου,
2521 4968 2750 5031 Ἀκύλας
2793 4968 2870 5035 δὲ,
2910 4967 3096 5037 κλητέ
3118 4985 3269 5039 μου,
3317 4968 3518 5039 φασίν.
3547 4962 3714 5019 Ἦσαν

2097 5059 2206 5128 γὰρ
2233 5057 2293 5123 eg
2347 5059 2558 5113 ἐκείνου
2593 5057 2780 5112 πολλοὶ
2809 5061 3018 5126 κλητοὶ
3045 5099 3062 5127 ,
3097 5055 3288 5127 ὀλίγοι
3341 5059 3408 5111 δὲ
3451 5052 3713 5112 ἐκλεκτοί.

417 5173 539 5216 cem
570 5157 851 5232 permulti,
875 5156 1032 5212 electi
1055 5164 1239 5210 autem
1279 5155 1435 5210 valde
1463 5155 1649 5226 pauci.
1678 5151 1783 5209 Sed
1816 5152 1906 5207 hic
1929 5152 1995 5208 de

2102 5152 2243 5224 Πλὴν
2267 5154 2366 5206 οὐκ
2396 5153 2666 5217 ἐκλεκτοὶ,
2698 5153 2835 5224 πρὸς
2870 5151 2967 5217 οὓς
3009 5154 3038 5207 ὁ
3082 5151 3268 5220 λόγος,
3300 5151 3457 5206 ἀλλὰ
3487 5148 3716 5218 κλητοί.

420 5251 643 5318 vocatis,
669 5265 780 5307 non
808 5249 877 5306 de
898 5248 1090 5307 electis
1119 5246 1353 5302 habetur
1380 5245 1703 5318 disputatio.
1731 5245 1838 5302 Eos
1871 5260 2003 5302 vero

421 5341 492 5397 ad
520 5357 636 5398 suae
659 5343 825 5398 etiam
861 5341 1168 5400 divinitatis
1206 5340 1619 5397 meditationem
1654 5338 1817 5412 543
1855 5339 2001 5394 invi-

494 5474 540 5509 η
573 5472 753 5531 Eccle.
787 5491 827 5541 ι,
855 5475 941 5530 10.
1017 5476 1064 5509 ⁸⁸
1098 5475 1315 5534 Coloss.
1350 5492 1389 5542 ι,
1429 5475 1521 5530 26.
1598 5475 1641 5508 ⁸¹
1665 5473 1810 5530 Psal.
1844 5487 1973 5540 LVII,
2001 5476 2058 5564 4.

2127 5241 2562 5313 Ὑπομιμνήσκει
2583 5240 2640 5294 δὲ
2672 5240 2870 5304 αὐτοὺς
2893 5240 2986 5294 καὶ
3019 5238 3120 5310 τῆς
3159 5238 3376 5292 ἑαυτοῦ
3412 5235 3719 5306 θεολογίαςν

2109 5334 2344 5406 ἄναρχον
2369 5333 2559 5388 ἑαυτὸν
2588 5333 2784 5403 λέγων.
2819 5331 2894 5386 Τδ
2921 5329 3030 5404 γὰρ
3063 5329 3156 5386 τοῦ
3183 5329 3449 5399 πρώτου
3481 5315 3718 5402 πρεσϐύ-

2755 5495 2801 5513 ἣ

1686 5615 1921 5671 ΥΑΒΙᾹΞ
1961 5614 2260 5673 LECTION
2271 5616 2371 5672 ES.

491 5737 525 5759 "
566 5748 655 5802 γρ.
683 5726 765 5782 διό
785 5742 888 5795 σοι,
914 5725 1068 5798 φησί.
1146 5737 1174 5768 ιι
1215 5746 1306 5798 γρ.
1347 5730 1619 5800 ἀπειλαῖς.
1647 5734 1681 5807 ἢ
1709 5733 1928 5806 ἀπειλῇ.
2010 5743 2034 5774 ο
2062 5735 2166 5807 ἀφ.
2194 5735 2308 5791 καί.
2381 5732 2544 5790 λείπ.
2576 5732 2664 5790 ισ.
2691 5731 2808 5788 καί.
