3976 6220
328 313 475 375 ‘2l53

1432 312 1980 377 COMMENTARII
2008 314 2092 377 IN
2128 313 2422 375 ISAIAM.

3460 308 3616 372 Eii)“

332 441 509 495 τερον⁸
542 420 638 476 καὶ
667 422 1026 495 ἀτελεύτητον
1056 422 1392 491 ἀκολούθως.
1424 419 1501 481 Oi}
1528 426 1752 499 γὰρούκ
1776 405 1928 481 ἔστιν

2040 434 2134 493 Lat,
2163 441 2289 482 cum
2331 440 2390 480 se
2426 423 2758 496 principium
2783 439 2890 481 non
2922 423 3125 481 habere
3143 421 3434 494 signiﬁcat.
3473 420 3611 476 Nam

333 514 502 584 ἁρχὴ,
536 513 658 568 οὐδὲ
692 512 867 579 τέλος.

409 780 591 851 Ὅπερ
608 781 657 833 oi
682 779 863 835 λοιποὶ
878 781 1168 855 δηλοῦντες
1189 781 1480 849 ἐξέδωκαν,
1500 782 1647 854 Ἐγὼ
1671 783 1922 853 πρῶτος,

345 872 441 927 καὶ
462 872 578 942 ἐγὼ
602 871 884 941 ἔσχατος.
919 875 1149 946 Εἴρηται
1173 874 1228 929 δέ
1257 891 1360 928 που
1390 875 1522 948 περὶ
1552 873 1645 929 τοῦ
1680 877 1927 946 Μονογε-

338 963 485 1030 νοῦς,
537 964 619 1018 ὅτι
657 982 676 1017 ι
702 965 875 1029 Αὐτός
918 968 1067 1020 ἐστιν
1098 968 1126 1021 ὁ
1190 964 1410 1039 πρῶτος
1437 966 1529 1021 καὶ
1561 967 1590 1021 ὁ
1619 966 1867 1040 ἔσχατος.
1904 987 1924 1020 ι

343 1056 412 1112 '0
452 1056 782 1129 διεσάφησεν
829 1058 1218 1126 είπὼν,¹Ἐζων
1262 1061 1358 1115 καὶ
1399 1061 1667 1132 ἐγενόμην
1716 1061 1929 1134 νεκρός.

353 1145 523 1217 Ἀρχὴ
573 1146 686 1216 γάρ
736 1147 855 1200 ἐστι
893 1147 1043 1218 ζωῆς
1090 1150 1120 1202 ὁ
1162 1149 1346 1214 αὐτὸς,
1397 1151 1489 1203 ιιιαλ⁵
1525 1150 1776 1222 ἔσχατος,
1810 1152 1934 1205 ἐπεὶ

336 1234 608 1291 ἐκένωσεν
659 1237 854 1291 ἑαυτὸν
913 1240 1133 1310 μορφὴν
1182 1239 1372 1293 δούλου
1426 1240 1630 1296 λαϐὼν.
1677 1241 1829 1313 “Apta
1874 1242 1934 1296 δὲ

338 1328 435 1383 καὶ
469 1331 551 1392 εἰς
580 1329 889 1399 ἀνάμνησιν
912 1330 1114 1394 αὐτοὺς
1139 1331 1401 1404 ἀναφέρει
1434 1332 1530 1401 τῆς
1564 1332 1813 1404 δοθείσης
1836 1335 1935 1388 αὐ-

335 1420 455 1482 τοῖς
481 1418 655 1490 τιμῆς
686 1437 747 1474 τε
795 1421 893 1475 καὶ
940 1420 1119 1492 δόξης.
1154 1423 1301 1495 Πρὸς
1340 1424 1650 1496 οἰκειότητα
1699 1426 1809 1497 γὰρ
1838 1427 1937 1497 τὴν

341 1509 510 1564 αὐτοῦ
535 1510 809 1580 κέκληκεν
848 1512 1047 1575 αὐτοὺς
1082 1514 1148 1567 ἐκ
1176 1515 1397 1568 πάντων
1424 1515 1534 1569 τῶν
1579 1517 1769 1581 ἐθνῶν,
1798 1519 1940 1572 κατὰ

339 1602 422 1668 τὸ,
458 1622 476 1655 ι
501 1603 631 1657 Ὅτε
661 1590 969 1675 διεμέριζεν
999 1607 1028 1659 ὁ
1063 1604 1325 1675 ’Ύψιστος
1357 1606 1543 1675 ἔθνη.)
1570 1609 1664 1661 καλ¹
1680 1608 1749 1662 τὰ
1788 1609 1936 1679 ἑξῆς.

341 1696 453 1750 Καὶ
503 1696 665 1750 πάλιν
695 1711 709 1727 ·
746 1714 764 1747 ι
797 1696 907 1750 Καί
953 1714 1014 1749 σε
1056 1696 1340 1764 ἐξελέξατο
1379 1698 1583 1772 Κύριος
1620 1700 1683 1752 ὲκ
1721 1700 1940 1755 πάντων

2025 517 2171 588 quod
2201 510 2371 585 primo
2397 517 2681 587 antiquius
2716 524 2820 580 est,
2851 523 2907 571 ct
2936 515 3070 571 illud
3095 515 3258 571 etiam
3292 513 3398 567 (ine
3422 526 3629 568 carere-

2027 609 2385 680 consequitur
2413 627 2427 664 :
2460 623 2587 664 eum
2639 607 2785 679 quod
2840 608 3054 663 initium
3116 622 3227 663 non
3271 604 3483 669 habuit,
3521 618 3613 659 cx-

2030 711 2203 756 tremo
2234 699 2439 771 privari
2468 700 2630 755 etiam
2665 713 2956 754 necessum
2988 699 3081 754 sit.

2098 792 2256 860 Quod
2288 801 2347 847 ut
2374 793 2557 849 caeteri
2585 792 2985 862 signiﬁcarent,
3028 790 3139 864 Ego
3170 792 3400 866 primus,
3430 797 3481 846 et
3516 805 3621 860 ego

2030 884 2257 938 ultimus
2310 884 2665 955 interpretari
2716 868 3057 937 maluerunt.
3110 882 3337 954 Legitur
3372 895 3504 936 vero
3547 882 3625 935 de

2033 976 2329 1049 Unigenito
2353 977 2558 1032 alicubi
2586 995 2631 1032 ιι
2656 977 2772 1048 Ego
2796 992 2916 1033 sum
2936 976 3150 1047 primus
3170 985 3223 1032 et
3240 975 3466 1029 ultimus
3487 973 3533 1005 ⁸⁸
3553 988 3568 1026 :
3588 989 3605 1022 ι
3643 1004 3653 1023 1

2032 1067 2318 1137 quodnon
2376 1067 2611 1123 obscure
2665 1067 2999 1138 signiﬁcavit
3054 1082 3203 1131 cum,
3258 1065 3470 1121 vixisse
3514 1079 3609 1124 se.

2033 1165 2088 1212 et
2139 1157 2315 1212 fuisse
2346 1165 2652 1225 mortuum,
2702 1157 2925 1227 adjecit.
2969 1156 3064 1213 Est
3111 1156 3259 1214 enim
3308 1156 3453 1211 idem
3490 1154 3615 1209 vita:

2034 1247 2252 1302 initium
2309 1254 2364 1304 et
2394 1248 2550 1312 ﬁnis;
2582 1249 2710 1319 quia
2747 1249 2987 1318 seipsum
3020 1246 3350 1312 exinanivit,
3381 1254 3441 1300 ut
3465 1245 3613 1301 servi

2036 1343 2269 1399 formam
2312 1343 2590 1414 acciperet
2612 1343 2679 1396 ⁸⁵.
2719 1342 2894 1398 Simul
2930 1349 3113 1397 autem
3153 1348 3208 1396 et
3248 1354 3343 1395 eos
3384 1339 3442 1394 in
3475 1354 3613 1394 con-

2037 1436 2181 1492 cessi
2242 1436 2472 1492 honoris
2514 1444 2571 1492 et
2596 1436 2783 1508 gloria:
2826 1435 3147 1492 memoriam
3199 1442 3443 1497 revocat,
3476 1448 3619 1501 quos

2040 1526 2095 1581 in
2131 1541 2286 1580 suam
2323 1525 2754 1582 familiaritatem
2786 1541 2851 1581 ex
2906 1524 3056 1582 omni
3089 1523 3337 1595 gentium
3384 1537 3618 1577 numero

2042 1616 2278 1679 vocavit,
2326 1615 2483 1685 juxta
2517 1615 2650 1672 illud
2687 1635 2701 1673 :
2748 1635 2769 1671 ι
2803 1616 2940 1672 Cum
2975 1616 3246 1671 divideret
3295 1613 3635 1669 Altissimus-

2044 1697 2335 1775 gentes'“,
2379 1725 2398 1757 ι
2437 1705 2662 1777 illaque,
2707 1721 2829 1774 quae
2874 1715 3201 1777 sequuntur.
3257 1703 3321 1758 Et
3374 1719 3617 1760 rursus:

342 1787 453 1840 τῶν
480 1787 653 1841 ἐθνῶν
682 1782 826 1842 εἶναι
860 1788 1027 1842 αὐτοῦ
1056 1788 1206 1843 λαόν.
1247 1808 1266 1840 ι
1318 1788 1515 1861 Ἐχρῆν
1540 1787 1633 1846 οὖν
1659 1792 1825 1846 αὐτὸν
1857 1792 1931 1864 μὴ

2041 1814 2060 1848 ι
2091 1796 2157 1850 Et
2186 1804 2237 1853 te
2271 1796 2434 1868 elegit
2473 1794 2737 1854 Dominus
2768 1799 3027 1871 gentibus
3060 1798 3342 1864 omnibus,
3363 1804 3440 1874 ,ιιι
3464 1811 3621 1852 esses

342 1874 645 1944 ἀποστῆναι
701 1874 836 1941 Θεοῦ
888 1878 981 1930 καὶ
1034 1878 1404 1949 προστεῧῆναι
1439 1879 1661 1950 δαίμοσι
1711 1883 1806 1935 καὶ
1848 1882 1940 1937 λα-

340 1963 560 2035 τρεύειν
592 1970 661 2038 τῇ
690 1968 867 2023 κτίσει
897 1972 1053 2042 παρὰ
1099 1972 1191 2026 τὸν
1216 1971 1519 2029 Κτίσαντα.
1556 1975 1700 2046 Πλὴν
1731 1978 1826 2031 καὶ
1850 1977 1940 2031 οὗ·

339 2070 449 2119 τως
497 2055 788 2129 οἰκτείρων
843 2060 1043 2125 αὐτοὺς
1095 2062 1275 2117 καλεῖ
1321 2064 1460 2136 πρὸς
1513 2065 1810 2122 εὐπάθειαν
1850 2069 1935 2137 τὸ,

346 2145 570 2203 Ἀκουέ
589 2168 731 2220 μου,
769 2152 913 2223 βοῶν
945 2169 961 2185 ο
998 2153 1095 2209 νῦν
1137 2155 1274 2224 γοῦν
1290 2155 1457 2223 ἀξιῶν
1499 2157 1810 2235 πεισθῆναι,
1845 2162 1939 2216 καὶ

339 2238 455 2292 τῶν
484 2238 544 2304 ἐξ
570 2240 735 2296 αὑτοῦ
768 2241 1003 2313 βεϐαίως
1027 2247 1214 2315 τυχεῖν
1242 2245 1482 2317 δωρεῶν.
1527 2247 1684 2303 Κατὰ
1707 2249 1814 2320 γὰρ
1846 2250 1938 2303 τὸν

342 2333 584 2400 Παῦλον,
634 2336 943 2405 ὀφείλοντες
993 2334 1136 2393 εἷναι
1199 2339 1515 2395 διδάσκαλοι
1553 2340 1644 2395 διὰ
1688 2341 1780 2396 τὸν
1811 2343 1939 2414 χρό-

343 2445 454 2492 νον,
491 2429 656 2483 πάλιν
686 2432 954 2502 ἐσχήκασι
995 2433 1188 2504 χρείαν
1218 2431 1315 2487 τοῦ
1363 2434 1709 2500 διδάσκοντος
1740 2435 1939 2500 αὐτοὺς

268 2536 289 2547 α
343 2522 466 2574 τίνα
493 2521 560 2574 τὰ
602 2526 842 2593 στοιχεῖα
887 2524 989 2595 τῆς
1038 2526 1214 2598 ἀρχῆς
1244 2527 1355 2581 τῶν
1386 2526 1584 2596 λογίων
1627 2527 1720 2581 τοῦ
1774 2527 1933 2584 Θεοῦ.

344 2611 420 2665 Τὸ
441 2612 498 2665 δὲ
525 2613 716 2678 ἀΐδιον,
743 2614 837 2667 καὶ
865 2612 1035 2678 ὅντως
1082 2614 1165 2681 ὃν,
1200 2616 1503 2689 παρίστησι
1529 2617 1610 2684 τὸ,
1635 2619 1777 2689 ἙΊώ
1797 2621 1935 2690 εἰμι,

345 2702 655 2772 συμφώνως
703 2702 814 2775 τῷ·
866 2703 1051 2774 «Ἐγώ
1085 2705 1201 2777 είμι
1246 2706 1276 2759 ὁ
1331 2704 1428 2774 ὣν,
1452 2725 1470 2760 ι
1513 2706 1590 2771 ὡς
1627 2708 1726 2776 τὴν
1753 2708 1935 2778 φύσιν,

345 2793 489 2849 οὕτω
538 2795 634 2849 καὶ
664 2795 728 2849 τὸ
776 2790 911 2867 ἦθος
957 2797 1217 2869 ἀκίνητον
1250 2792 1393 2852 εἶναι
1431 2798 1627 2871 δηλῶν.
1682 2800 1741 2854 '0
1773 2800 1938 2867 αὐτὸς

346 2887 458 2959 γὰρ
485 2886 583 2953 ὢν,
620 2888 679 2954 ἐξ
701 2888 1045 2959 ἀγαθότητος
1086 2888 1196 2963 ἔχω
1221 2890 1283 2943 τὸ
1310 2889 1620 2963 γνώρισμα.
1648 2892 1718 2946 δι’
1747 2895 1813 2965 ῆν
1844 2895 1939 2949 καὶ

348 2981 528 3036 πάντα
579 2984 715 3054 πρὸς
768 2982 830 3037 τὸ
878 2979 1023 3038 εἶναι
1074 2985 1438 3056 παρήγαγον,
1486 2986 1938 3046 ἀντιδιαστέλλων

349 3074 486 3146 πρὸς
511 3076 638 3140 τοὺς
666 3076 766 3129 οὐκ
794 3075 959 3140 δντας
985 3075 1178 3140 θεοὺς,
1209 3077 1341 3149 περὶ
1372 3071 1447 3133 ὧν
1478 3077 1726 3148 λέγεται-
1769 3100 1788 3133 ι
1815 3081 1939 3136 Gaul

350 3164 401 3217 οἳ
440 3166 531 3219 τὸν
568 3165 798 3236 οὐρανὸν
845 3167 941 3221 καὶ
984 3166 1083 3238 τὴν
1131 3168 1235 3239 γῆν
1281 3170 1382 3222 οὐκ
1422 3170 1706 3240 ἐποίησαν,
1742 3172 1941 3226 ἀπολέ-

354 3255 588 3311 σοωσαν.
629 3275 648 3309 ι
697 3256 917 3329 Ἐπειδὴ
965 3258 1022 3311 δὲ
1057 3259 1277 3329 ἐπάγει,
1327 3260 1398 3315 ’11
1430 3263 1559 3331 χείρ
1599 3279 1719 3331 μου
1739 3263 1941 3334 ἐθεμε-

351 3346 539 3403 λίωσε
569 3346 684 3415 τὴν
737 3350 876 3419 γῆν,
930 3349 1025 3404 τοῦ
1083 3352 1326 3426 Πατέρος
1365 3353 1509 3416 τινὲς
1555 3354 1616 3407 τὸ
1645 3355 1941 3424 πρόσωπον

349 3437 581 3508 ἔφασαν,
601 3432 660 3493 οὗ
691 3440 778 3509 χε)
782 3456 823 3508 ρ
852 3442 879 3494 ὁ
902 3441 1216 3513 Μονογενὴς
1239 3444 1296 3495 ἐν
1315 3445 1433 3506 ταῖς
1457 3442 1702 3514 Γραφαῖς
1734 3444 1939 3515 ὀνομά-

351 3526 525 3592 (star
558 3527 764 3597 Μωσῆς
793 3527 904 3600 γάρ
941 3547 1105 3601 φησιν
1131 3545 1144 3559 ⁶
1185 3549 1203 3580 ‹
1226 3529 1289 3582 Ἥ
1325 3530 1475 3594 δεξιά
1513 3548 1607 3584 σου
1650 3535 1793 3604 χεὶρ,
1826 3533 1939 3587 Κύ-

356 3633 461 3687 ριε,
487 3616 799 3682 δεδόξασται
823 3618 882 3672 ἐν
916 3619 1081 3689 ἰσχύῖ,
1112 3639 1130 3672 ι
1160 3621 1253 3673 καὶ
1282 3619 1349 3673 τὰ
1375 3620 1522 3692 ἑξῆς.
1558 3622 1664 3676 Καὶ
1692 3624 1719 3675 ὁ
1751 3622 1933 3695 Δαϐίδο

359 3726 379 3759 ι
409 3708 824 3781 Κραταιωθήτω
854 3711 886 3782 ἡ
916 3711 1037 3782 χείρ
1078 3710 1511 3782 σου.ὙψωΘήτω
1542 3714 1574 3784 ἡ
1605 3712 1756 3778 δεξιά
1782 3732 1929 3781 σου,ι

353 3797 499 3851 οὕτω
526 3800 817 3872 λεγόμενος
849 3802 926 3865 ὡς
968 3802 1262 3879 πληρωτὴς
1289 3802 1400 3857 τῶν
1443 3802 1536 3857 τοῦ
1581 3806 1823 3877 [Ιατέρος
1854 3807 1939 3860 ἐν·

356 3889 536 3953 νοιῶν,
563 3892 637 3956 ὡς
664 3886 804 3946 εἶναι
845 3893 1055 3963 κυρίως
1091 3893 1285 3962 σοφίαν
1326 3894 1489 3948 αὐτὸν
1517 3893 1610 3947 τοῦ
1642 3896 1800 3962 Θεοῦ,
1835 3913 1933 3951 σα-

361 3981 692 4051 φηνίζουσαν
740 3984 840 4049 τὰς
886 3983 1161 4056 πατρικὰς
1202 3984 1415 4049 ἐννοίας
1467 3987 1525 4039 ὲν
1560 3988 1674 4051 τοῖς
1720 3989 1812 4041 ὑπ’
1843 3988 1940 4042 αὒ-

357 4073 455 4126 τοῦ
533 4075 840 4144 γινομένοις
895 4076 1101 4148 ἔργοις.
1162 4077 1252 4129 Διὸ
1324 4076 1550 4147 λέγεται,
1605 4082 1662 4133 ἐν
1731 4081 1936 4151 Παροι-

362 4160 518 4229 μίαις
550 4176 564 4191 ·
631 4161 689 4214 '0
737 4163 869 4229 Θεὸς
926 4168 993 4236 τῇ
1054 4165 1217 4238 σοφίᾳ
1270 4166 1602 4238 ὲθεμελίωσε
1656 4170 1756 4243 τὴν
1800 4171 1926 4242 γῆν.

2041 1888 2117 1942 illi
2167 1889 2403 1958 populus
2432 1888 2500 1943 ⁸⁸.
2546 1908 2565 1942 ι
2598 1887 2743 1944 Eum
2789 1905 2922 1961 ergo
2976 1889 3220 1962 oportuit
3268 1904 3300 1943 a
3349 1887 3462 1943 Deo
3509 1902 3625 1943 non

2039 1977 2349 2042 recedere,‘
2379 1993 2557 2050 neque
2604 1982 2973 2042 committere,
3033 1989 3093 2035 ut
3139 1979 3482 2035 daemonibus
3541 1978 3625 2048 ip-

2040 2071 2199 2143 sique
2228 2079 2502 2126 creaturm
2533 2070 2719 2143 potius
2748 2086 2915 2143 quam
2945 2070 3202 2130 Creatori
3233 2070 3527 2127 inserviret
3552 2069 3621 2125 ³⁷.

2038 2162 2228 2235 Neque
2279 2171 2462 2219 tamen
2510 2175 2695 2221 cessat
2753 2165 3106 2223 miseratione
3168 2172 3502 2230 commotus,
3563 2171 3628 2218 ut.

2040 2251 2209 2306 animi
2247 2251 2331 2307 sui
2361 2253 2798 2322 propensitatem
2830 2253 3058 2321 indicet,
3094 2267 3189 2309 eos
3210 2253 3371 2323 ipsos
3414 2268 3619 2312 vorare.

2038 2346 2115 2409 et,
2147 2341 2291 2396 Audi
2323 2358 2423 2409 me,
2456 2342 2757 2399 inclamare
2787 2366 2799 2399 :
2832 2343 3033 2415 partim
3083 2343 3300 2413 quidem
3327 2343 3428 2397 sibi
3465 2341 3621 2396 [idem

2040 2431 2295 2487 adhiberi
2329 2432 2657 2502 postulans;
2702 2434 2904 2503 partim
2945 2439 3126 2487 autem
3162 2432 3280 2489 suis
3311 2431 3471 2487 donis
3502 2446 3629 2487 esse

2040 2521 2315 2591 petituros
2368 2520 2733 2577 conﬁrmans.
2796 2521 2970 2579 Paulo
3015 2523 3161 2579 enim
3216 2530 3357 2578 teste
3387 2522 3453 2588 ⁸⁸,
3497 2536 3624 2576 cum

2039 2612 2308 2669 deberent
2370 2627 2495 2669 esse
2555 2612 2809 2682 magistri
2865 2620 3092 2685 propter
3131 2622 3370 2685 tempus,
3418 2627 3623 2684 praece-

2040 2709 2200 2774 ptore
2256 2716 2457 2758 rursus
2518 2711 2812 2773 eguerunt,
2849 2719 2879 2759 a
2914 2719 3027 2776 quo
3059 2720 3180 2775 quae
3211 2706 3324 2762 sint
3354 2705 3628 2760 elementa

2038 2795 2252 2852 exordii
2283 2809 2601 2851 sermonum
2631 2796 2749 2865 Dei,
2790 2797 3145 2855 docerentur.
3178 2797 3448 2854 Caeterum
3482 2813 3626 2853 sem-

2039 2887 2312 2958 piternum
2341 2902 2399 2943 se
2428 2901 2572 2953 esse,
2600 2896 2654 2943 et
2678 2904 2807 2945 vere
2834 2890 3122 2956 exsistere,
3162 2906 3226 2946 eo
3257 2891 3377 2961 ipso
3401 2888 3626 2945 demon-

2040 2985 2244 3044 strans,
2273 2977 2419 3049 quod
2459 2978 2574 3051 Ego
2603 2997 2742 3045 sum,
2773 2980 3010 3052 adjecit;
3048 2981 3209 3052 quale
3248 2981 3350 3037 fuit
3381 2991 3433 3037 et
3464 2981 3623 3046 illud,

2041 3085 2169 3126 cum
2212 3088 2232 3123 ι
2265 3072 2380 3144 Ego
2434 3088 2580 3138 sum,
2620 3072 2712 3143 qni
2739 3072 2958 3139 sum”,
2999 3091 3017 3125 ι
3070 3072 3231 3141 dixit,
3260 3080 3319 3127 ut
3357 3086 3512 3127 suam
3548 3074 3631 3127 ita

2041 3169 2298 3243 naturam
2355 3180 2600 3236 suosque
2623 3180 2805 3221 mores
2835 3165 3112 3221 immutari
3145 3181 3425 3236 nunquam
3461 3180 3626 3239 posse

2041 3255 2486 3323 demonstraret;
2540 3266 2804 3329 tanquam
2854 3256 3110 3314 eumdem
3172 3272 3233 3313 se
3292 3272 3417 3315 esse
3462 3273 3526 3313 ex
3562 3273 3626 3313 ea

2041 3344 2287 3399 bonitate
2340 3346 2699 3415 signiﬁcaret,
2761 3362 2857 3418 per
2907 3361 3073 3418 quam
3131 3348 3317 3403 omnia
3374 3362 3497 3404 esse
3548 3347 3629 3403 fe-

2049 3425 2242 3486 cisset.
2267 3433 2326 3480 ut
2349 3428 2416 3482 ab
2439 3427 2527 3495 iis,
2555 3442 2675 3497 quae
2696 3443 2804 3483 non
2826 3436 3002 3496 erant,
3021 3439 3325 3499 separaret,
3350 3428 3414 3485 de
3428 3428 3630 3498 quibus

2050 3516 2196 3572 hunc
2221 3519 2272 3572 in
2310 3521 2527 3576 modum
2562 3521 2799 3592 legitur:
2833 3540 2851 3572 ι
2891 3522 3082 3591 Diiqui
3108 3522 3304 3577 malum
3337 3534 3391 3601 et
3426 3532 3622 3577 terram

2048 3626 2155 3665 non
2190 3611 2461 3680 fecerunt,
2515 3617 2788 3670 intereant
2827 3615 2897 3668 ”.
2943 3633 2962 3668 ι
3002 3614 3223 3680 Deinde,
3254 3616 3377 3684 quia
3433 3615 3627 3669 Manus

2047 3719 2162 3757 mea
2183 3704 2428 3772 fundavit
2451 3716 2647 3759 terram
2672 3707 2943 3776 adjunxit,
2973 3706 3151 3763 Patris
3172 3722 3461 3777 personam
3489 3708 3625 3761 indi-

2045 3797 2158 3849 cari
2192 3796 2477 3853 voluerunt
2510 3801 2752 3853 nonnulli
2781 3815 2796 3866 ;
2833 3800 2993 3869 cujus
3027 3816 3216 3853 manus
3239 3799 3292 3853 in
3329 3798 3629 3868 Scriptnris

2048 3885 2375 3959 Unigenitus
2395 3900 2757 3960 nuncupetur.
2780 3892 2866 3945 Ail
2884 3890 3029 3947 enim
3050 3891 3314 3945 Moses":
3347 3910 3365 3942 ι
3389 3891 3616 3946 Dextera

2035 3989 2233 4036 manus
2251 3986 2366 4047 tua,
2386 3979 2635 4046 Domine,
2658 3979 2962 4052 gloriﬁcata
2989 3987 3075 4036 est
3111 3980 3167 4035 in
3204 3977 3485 4032 fortudine
3513 3997 3559 4041 ι,
3577 3983 3633 4030 et

2045 4085 2171 4143 qua:
2189 4073 2467 4143 deinceps.
2480 4072 2543 4128 Et
2562 4073 2729 4129 David
2751 4092 2764 4129 :
2784 4092 2803 4125 ι
2828 4072 3106 4128 Firmetur
3122 4084 3320 4127 manus
3336 4076 3456 4135 tua,
3472 4068 3626 4123 exal-

2041 4179 2186 4226 tetur
2201 4166 2427 4223 dextera
2446 4174 2539 4219 tua
2555 4166 2625 4232 ⁹²;
2660 4184 2679 4217 ι
2707 4174 2966 4235 tanquam
2987 4163 3169 4221 Patris
3193 4163 3433 4235 cogitata
3465 4159 3631 4232 perti-

360 4252 493 4317 ciat,
532 4254 676 4309 unde
711 4256 930 4328 prOprie
954 4256 1049 4313 Dei
1073 4259 1345 4329 sapientia
1362 4260 1454 4316 illa
1472 4261 1564 4328 sit,
1589 4261 1753 4337 5M
1772 4280 1892 4333 qua;
1917 4273 2161 4337 paterna:
2179 4259 2377 4317 mentis
2393 4257 2800 4313 voluntatemin
2825 4257 2913 4323 iis,
2949 4272 3072 4327 qua:
3122 4270 3153 4310 a
3196 4270 3257 4311 se
3289 4252 3634 4317 conduntur,

363 4348 625 4417 cpieribus
661 4350 929 4421 erplicet;
962 4368 1071 4424 quo
1102 4353 1333 4419 factum,
1363 4366 1420 4411 ut
1451 4356 1506 4411 in
1532 4356 1847 4417 Proverbiis
1866 4362 2037 4419 Deum
2072 4357 2343 4429 sapientia
2378 4361 2583 4410 terram
2609 4350 2873 4407 fundasse
2893 4351 3144 4422 legamus
3172 4350 3241 4404 ”.

435 4441 548 4511 Οὐχ
581 4441 656 4506 ὡς
696 4442 860 4514 μέρος
888 4444 982 4499 οὖν
1024 4447 1062 4516 ἠ
1109 4448 1258 4519 χείρ,
1290 4449 1406 4503 ἀλλ’
1448 4448 1524 4514 ὡς
1554 4450 1757 4522 τελεία,
1781 4456 1849 4509 δι’
1880 4450 1935 4528 ἦς

2124 4450 2243 4508 Non
2274 4464 2463 4503 manus
2512 4461 2665 4517 ergo,
2703 4454 2763 4499 ut
2793 4459 2961 4516 pars,
3004 4442 3102 4499 sed
3157 4446 3218 4496 ut
3266 4437 3530 4511 perfecta,
3568 4436 3636 4489 ab

364 4530 531 4596 αὐτὸς
575 4532 895 4603 ἐργάζεται,
944 4538 979 4607 ἡ
1023 4536 1082 4603 ἐξ
1123 4537 1290 4593 αὐτοῦ
1335 4538 1605 4611 δύναμις,
1668 4543 1935 4615 ὲγγυτάτη

2054 4560 2229 4617 eoque
2255 4541 2525 4607 derivata,
2556 4547 2610 4594 et
2636 4537 2814 4593 eidem
2842 4536 3084 4591 maxime
3114 4532 3295 4588 vicina
3312 4532 3512 4594 virtus,
3539 4544 3635 4600 per

364 4618 503 4677 οὖσα
567 4624 736 4698 αὐτῷ.
788 4627 912 4692 Πῶς
969 4625 1085 4692 οὖν,
1137 4632 1293 4700 φησι,
1339 4631 1627 4705 λατρεύεις
1671 4638 1739 4707 τῇ
1771 4636 1935 4690 κτίσει

2056 4651 2220 4710 quam
2254 4638 2373 4706 ipse
2409 4640 2691 4705 operatur,
2730 4629 3097 4702 signiﬁcatur.
3134 4625 3279 4694 Quid
3314 4625 3509 4696 igitur,
3548 4621 3637 4676 in-

368 4716 522 4787 παρὰ
548 4714 640 4770 τὸν
675 4717 993 4785 Κτίσαντα;
1019 4719 1096 4772 Τδ
1130 4720 1240 4791 γὰρ
1272 4721 1499 4791 ποιηθὲν
1531 4724 1630 4795 τὴν
1657 4726 1753 4779 τοῦ
1793 4728 1935 4797 ποιή-

2058 4727 2196 4800 quit,
2223 4730 2493 4780 creatura:
2542 4720 2750 4793 potius,
2798 4734 2962 4790 quam
2994 4716 3244 4773 Creatori
3276 4713 3484 4771 servire
3518 4728 3637 4765 sns-

370 4822 566 4871 σαντος
617 4805 872 4880 ἀμέτρως
912 4809 1257 4881 ὑποκάϐηται
1292 4812 1471 4878 δόξαν,
1496 4813 1584 4883 ζὼς
1613 4816 1831 4869 ὰσεὸεἰν
1859 4816 1935 4870 sbi

2059 4818 2238 4876 tines?
2271 4815 2428 4884 Quod
2451 4814 2601 4870 enim
2622 4811 2873 4868 effectum
2906 4819 3012 4878 est,
3037 4808 3184 4865 idem
3217 4810 3338 4877 ejus
3369 4804 3636 4873 dignitate

367 4901 436 4970 τῇ
469 4902 836 4973 προσκυνήσει
859 4901 995 4973 πρὸς
1023 4903 1146 4976 ἴσην
1189 4904 1391 4974 ἄγοντα
1425 4905 1584 4960 τοῦτο
1615 4907 1694 4977 τῷ
1720 4925 1935 4978 πεποιη·

2064 4919 2120 4966 et
2167 4908 2341 4981 gloria
2389 4920 2420 4960 a
2468 4920 2579 4975 quo
2631 4901 2884 4959 elTeelum
2935 4909 3039 4965 est,
3095 4899 3258 4968 longe
3312 4901 3637 4966 superatur;

371 4992 492 5045 κότι
519 4994 705 5065 τιμήν.
741 4993 811 5048 Ἠ
840 4993 1010 5060 δεξιὰ
1041 4996 1222 5051 τοίνυν
1243 5015 1385 5067 μου,
1421 4999 1607 5069 φησὶν,
1641 5000 1750 5054 τὸν
1778 5002 1935 5069 οὐραι

2067 4997 2345 5069 impieque
2374 4995 2526 5060 facit,
2555 4993 2814 5064 quisquis
2844 4991 3175 5046 adoraturus
3201 4989 3447 5042 eumdem
3469 4983 3640 5034 hono-

372 5082 486 5135 νὸν
508 5082 896 5152 ἐστερέωσεν,
918 5085 975 5155 ἢ,
1009 5088 1153 5154 τοὺς
1192 5089 1508 5158 οὐρανοὺς,
1543 5092 1685 5145 κατὰ
1712 5092 1840 5158 τοὺς
1863 5092 1935 5147 ἄλη

2069 5104 2181 5144 rem
2234 5094 2499 5143 creaturae
2544 5094 2599 5139 et
2651 5082 2899 5140 Creatori
2956 5081 3174 5136 tribuit.
3208 5076 3435 5129 Dextera
3472 5072 3641 5141 igitur

375 5172 501 5240 λους
528 5175 824 5246 ἑρμηνέας,
848 5178 1049 5251 δηλαδὴ
1075 5181 1173 5245 τὰς
1207 5182 1494 5253 οὐρανίους
1516 5183 1795 5255 δυνάμεις,
1828 5202 1935 5257 περ

2067 5200 2205 5247 mea,
2257 5181 2459 5251 inquit,
2489 5180 2699 5245 caelum,
2736 5178 2819 5235 vel
2880 5175 3058 5239 εαέιοε,
3092 5182 3149 5228 ιιι
3183 5170 3306 5226 aliis
3345 5168 3521 5238 placet
3554 5165 3642 5218 in-

375 5256 453 5318 ὧν
510 5266 803 5340 ἐπιφέρει·
860 5271 1113 5326 Καλέσω
1163 5275 1405 5340 αὐτοὺς,
1465 5276 1563 5329 καὶ
1624 5256 1935 5344 στῆσον-τα

2070 5274 2423 5346 terpretibus,
2458 5273 2512 5328 id
2538 5281 2652 5336 est,
2707 5272 2963 5326 caelestes
3008 5266 3240 5321 virtutes
3267 5259 3539 5332 ﬁrmarit;
3577 5258 3645 5312 de

378 5353 518 5427 ἅμα.
572 5358 936 5432 Πειθαρχοῦσι
994 5361 1102 5433 γὰρ
1149 5362 1225 5426 ὡς
1265 5364 1331 5418 ἂν
1375 5366 1625 5441 Δεσπότῃ
1675 5367 1869 5422 ἑστᾶσί
1900 5386 1935 5421 τ

2066 5369 2268 5439 quibus
2325 5380 2562 5437 pergens
2608 5379 2621 5415 :
2683 5361 2891 5416 νοσαὺο
2941 5376 3051 5424 eos,
3082 5369 3132 5413 et
3188 5354 3405 5409 stabunt
3455 5351 3640 5416 simul,

449 5474 715 5551 ’ᾍΑιιοερξ
741 5478 903 5551 1,17.
1013 5478 1060 5511 ει
1092 5478 1330 5551 Philipp.
1364 5496 1423 5547 ιι,
1468 5484 1523 5549 6,
1553 5483 1606 5540 7.
1719 5483 1767 5518 οι
1806 5484 1935 5542 Deul

2040 5500 2185 5549 :xxu,
2222 5484 2277 5539 8.
2354 5480 2403 5515 ⁸⁸
2444 5464 2725 5551 Dent.vn,
2760 5476 2814 5531 6.
2891 5476 2935 5508 ⁸⁷
2966 5457 3124 5551 Rom.
3150 5471 3314 5551 i,_‘2§.
3389 5468 3435 5501 "‘
3476 5466 3641 5551 Hebr.

379 5560 437 5610 νο
474 5538 595 5598 ηδ
674 5547 720 5580 ”
757 5545 926 5603 Erod.
970 5565 1047 5614 ιιι,
1084 5550 1171 5606 14.
1241 5538 1321 5584 ’ίθ
1359 5538 1563 5612 Jei'em.
1594 5538 1652 5625 ξ,
1694 5538 1819 5611 Η(
1860 5538 1935 5590 ’Μ

2040 5538 2281 5619 sod.'xv,
2310 5551 2362 5607 6.
2442 5552 2485 5583 θ’
2521 5550 2667 5607 Psal.
2704 5538 2967 5612 Lxxxvui,
3010 5544 3096 5602 Η.
3170 5544 3217 5579 ³³
3253 5543 3397 5599 Prov
3440 5553 3525 5608 ιιι,
3551 5538 3643 5595 19.

376 5704 379 5705 ⁷
1648 5675 1884 5733 VARIIE
1946 5671 2352 5732 LECTIONES.

410 5755 433 5793 ι’
457 5758 548 5810 πο.
581 5739 810 5795 Eordaei
836 5758 895 5795 τε
922 5742 1036 5797 καί.

762 5996 795 6019 ἢ
