3976 6220
408 295 553 361 2455

1713 309 2072 374 PROCOPII
2102 313 2350 377 GAZJZI

3539 314 3688 379 9456

411 405 664 478 subjicit.
723 406 928 465 Parent
962 411 1130 482 enim,
1191 422 1453 486 tanquam
1499 415 1736 474 Domino
1782 427 1984 489 astent;

2104 424 2500 496 συνερχόμεναι
2529 406 2540 496 ’κ
2571 422 2682 478 τῶν
2741 423 2920 495 λόγων
2985 421 3152 479 αὑτοῦ
3213 422 3353 497 πρὸς
3409 424 3702 496 ἀκρόασιν.

409 505 468 554 et
521 501 590 556 ad
626 503 919 586 verborum
951 505 1074 576 ejus
1110 509 1573 569 auscultationem
1618 512 1963 585 colliguntur
1992 530 2006 568 :

412 596 580 666 quale
604 596 710 652 fuit
731 598 863 654 illud
898 601 1096 656 Initio:
1134 620 1154 654 ι
1190 604 1356 673 Audi,
1387 607 1615 677 caelum,
1646 618 1700 666 et
1732 611 2005 682 ausculta,

2116 516 2414 588 Σύμφωνον
2463 515 2545 587 τῷ
2597 516 2718 571 κατ’
2765 515 2942 588 ἀρχάς
2968 532 2983 548 ο
3042 515 3295 582 (Ἀκοδε,
3321 515 3518 588 οὐρα-δὲ
3540 558 3556 582 ,
3607 517 3709 570 καὶ

2114 607 2390 674 ἐνωτίζου,
2417 609 2514 680 γῆ,
2547 610 2630 664 ὅτι
2655 607 2864 680 Κύριος
2893 606 3180 679 ἐλάλησεν.
3212 625 3232 660 ι
3272 608 3337 662 El
3364 607 3421 661 δὲ
3441 606 3709 678 δυνάμεις

406 699 586 758 terra,
641 692 908 764 quoniam
967 695 1235 755 Dominus
1291 700 1517 757 locutus
1549 711 1639 760 est
1678 703 1748 760 “.
1797 723 1816 758 ι
1849 703 1984 772 Quo:

2110 701 2169 758 αἱ
2197 702 2482 774 κρείττους
2511 701 2654 756 οὕτω
2695 701 2793 755 σὺν
2825 697 3086 770 εὐλαϐείᾳ
3115 698 3194 766 τῷ
3221 698 3547 770 πεποιηκότι
3577 715 3708 752 πει-

414 780 465 836 si
519 780 718 839 factori
761 799 868 840 suo
908 785 1138 843 virtutes
1179 789 1288 845 illa;
1328 794 1747 862 praestantiores
1802 809 1984 866 magna

2109 792 2304 864 θήνιοι,
2335 796 2499 866 ἡμεῖς
2529 805 2551 833 τ
2596 795 2750 858 ὅντες
2791 792 3070 864 ἄνθρωποι
3119 791 3239 856 πῶς
3287 791 3347 846 ού
3382 791 3582 860 μᾶλλον
3609 791 3706 845 τὸν

409 873 548 929 adeo
589 877 943 936 observantia
968 885 1026 938 et
1059 881 1327 953 religione
1357 898 1479 941 sese
1507 886 1755 956 praabent
1781 887 1998 942 obtem—

407 974 702 1036 perantes;
759 971 855 1041 qui
912 987 1034 1041 vos,
1089 973 1185 1044 qui
1234 974 1486 1033 homines
1541 977 1699 1046 estis,
1752 978 2001 1034 divinum

405 1055 666 1113 timorem
709 1061 898 1130 potius
947 1077 1059 1118 non
1109 1065 1430 1122 resumitis?
1473 1064 1823 1140 Verum'quo
1852 1069 1994 1136 loco,

408 1146 542 1212 Quis
565 1149 640 1204 eis
662 1154 983 1208 renuntiavit
997 1155 1108 1210 hac
1124 1158 1150 1212 7
1175 1155 1461 1226 habemus,
1485 1158 1562 1215 ibi
1591 1159 1954 1232 Symmachus
1980 1178 1994 1216 :

398 1236 545 1324 Quis
580 1241 656 1294 eis
701 1245 1037 1299 annuntiavit
1081 1246 1232 1302 haec?
1281 1247 1450 1315 Quem
1492 1248 1753 1306 Dominus
1796 1251 1994 1323 diligit,

405 1332 568 1402 faciet
616 1337 937 1392 voluntatem
977 1339 1115 1409 ejus,
1149 1341 1381 1412 Aquilus
1415 1349 1601 1400 autem
1648 1343 1822 1412 :Quis
1857 1347 1997 1401 inter

404 1426 640 1481 homines
679 1428 791 1483 licet:
819 1431 1091 1499 protulit?
1127 1432 1389 1490 Dominus
1416 1435 1611 1490 dilexit
1639 1453 1779 1492 eum.
1811 1435 1995 1494 ϐαδιο-

400 1530 527 1570 rum
554 1519 700 1572 enim
727 1521 985 1588 virtutes,
1023 1524 1226 1594 inquit,
1260 1541 1384 1596 quae
1408 1534 1700 1594 vocantur,
1751 1527 1820 1583 ad
1869 1543 1994 1584 ver-

2107 884 2252 940 θεῖον
2299 883 2640 958 ἀναλήψεσθε
2691 884 2895 955 φόϐον;
2939 881 3088 937 Ἀντὶ
3121 882 3178 936 δέ
3221 880 3340 949 τοῦ,
3365 883 3462 949 Τίς
3495 881 3706 948 αὐτοῖς

2105 977 2467 1048 ἀνήηταλεν
2488 977 2698 1043 ταῦτα,
2732 978 2762 1030 ὁ
2792 976 3092 1048 Σύμμαχος
3119 973 3342 1046 ἔφησεν,
3381 975 3476 1042 Τίς
3493 974 3707 1041 αὐτοῖς

2103 1067 2473 1138 ἀπήγγειλεν
2492 1066 2602 1122 ταῦ
2611 1083 2678 1120 τα
2689 1082 2714 1126 ;
2731 1067 2840 1121 Ὃν
2865 1065 3082 1135 Κύριος
3097 1063 3420 1134 ἀγαπήσει,
3450 1063 3701 1131 ποιήσει

2102 1159 2171 1214 τὸ
2187 1158 2422 1230 θέλημα
2443 1160 2650 1215 αὐτοῦ.
2669 1159 2729 1213 '0
2746 1155 2811 1212 Bs
2847 1157 3101 1225 Ἀκύλας,
3134 1158 3231 1224 Τίς
3259 1157 3331 1211 ἐν
3357 1156 3704 1226 ἀνθρώποις

2101 1250 2469 1323 ἀπήγγειλεν
2537 1251 2766 1315 ταῦτα;
2826 1251 3042 1319 Κύριος
3101 1247 3423 1318 ἠγάπησεν
3481 1250 3698 1303 αὐτόν.

2101 1343 2226 1397 Ὀτι
2248 1342 2379 1416 γὰρ,
2415 1342 2602 1416 φησὶν,
2634 1345 2690 1396 al
2719 1341 2826 1396 τῶν
2853 1341 3102 1414 οὐρανῶν
3133 1340 3397 1411 δυνάμεις
3420 1340 3701 1410 καλούμε-

2099 1453 2186 1491 ναι
2211 1435 2348 1507 πρὸς
2377 1435 2476 1508 τὴν
2513 1434 2623 1489 τῶν
2664 1433 2830 1489 αὐτοῦ
2852 1433 3027 1504 λόγων
3058 1432 3327 1505 ἀκρόασιν
3359 1433 3702 1486 ὑπακούουσι

2097 1527 2522 1599 παριστάμεναι,
2555 1527 2718 1592 αὐτὸς
2742 1525 3073 1597 ἀπήγγειλε
3101 1525 3330 1598 Κύριος,
3364 1525 3459 1578 καὶ
3486 1525 3579 1578 διὰ
3596 1525 3702 1596 τὴν

400 1609 601 1666 borum
639 1611 816 1684 ipsius
860 1617 1325 1674 auscultationem
1381 1626 1624 1676 attentas
1671 1626 1736 1674 et'
1769 1627 1984 1690 paratas

2095 1618 2317 1691 ἀγάπην
2375 1619 2476 1689 τὴν
2544 1618 2680 1688 πρὸς
2741 1618 2839 1685 σέ,
2905 1617 3141 1688 φανερόν
3220 1632 3302 1670 σοι
3364 1617 3698 1687 πεποίηκεν.

401 1717 560 1769 esse;
594 1703 760 1776 idque
789 1707 887 1762 tibi
922 1717 1147 1780 propter
1173 1725 1451 1766 summum
1485 1712 1608 1782 ejus
1637 1712 1695 1766 in
1741 1720 1796 1766 te
1831 1726 1984 1768 amo-

2097 1711 2305 1780 ’Ἡγουν
2343 1709 2486 1764 κατὰ
2511 1711 2601 1763 τὸν
2648 1709 2879 1764 Ἀκύλαν
2905 1711 2998 1763 καὶ
3022 1710 3340 1782 Σύμμαχον,
3376 1707 3438 1764 Ὀ
3463 1710 3702 1780 ἀγαπη-

399 1811 516 1886 rem
543 1799 722 1868 palam
754 1800 870 1856 fieri
901 1803 1144 1860 voluisse
1174 1803 1318 1860 idem
1352 1805 1677 1860 renuntiavit
1698 1803 1984 1864 Dominus.

2092 1803 2195 1868 τὸς
2219 1801 2312 1856 τοῦ
2351 1801 2598 1871 Πατέρος
2632 1802 2726 1854 καὶ
2767 1800 3105 1873 Μονογενὴς,
3135 1802 3299 1866 αὐτὸς
3322 1800 3701 1872 (intimate?

398 1885 522 1955 Vel,
557 1901 616 1945 ut
640 1891 856 1962 Aquila:
896 1894 1074 1963 placet
1098 1903 1152 1951 et
1173 1895 1530 1968 Symmacho,
1553 1895 1791 1975 Dilectus
1813 1894 1984 1953 Patris

2103 1894 2432 1967 ἀνθρώποις,
2463 1891 2523 1957 ὃς
2553 1893 2652 1948 καὶΔ
2681 1893 2743 1946 τὸ
2773 1892 3005 1963 θέλημα
3031 1893 3139 1947 τοῦ
3155 1894 3417 1962 Πατέρος
3445 1894 3695 1964 ἐνεργής

398 1989 454 2035 et
474 1979 808 2054 Unigenitus
840 1985 956 2055 ipse
987 1989 1308 2043 renuntiavit
1331 1989 1675 2057 hominibus,
1703 1993 1984 2063 quietiam

2099 2003 2214 2052 σει,
2242 1986 2312 2040 τά
2342 1985 2709 2058 προλεχθέντα
2741 1987 2893 2041 κατὰ
2922 1986 3298 2054 Βαϐυλῶνος
3325 1985 3567 2054 ἐπάξων,
3599 1988 3698 2040 ὅτε

398 2074 726 2130 voluntatem
777 2075 957 2134 Patris
1011 2080 1340 2149 operabitur,
1391 2081 1522 2137 dum
1558 2098 1679 2153 quae
1728 2083 1984 2154 praedicta

2097 2083 2192 2135 καὶ
2212 2079 2310 2151 τὴν
2339 2079 2657 2151 ἐλευθερίαν
2707 2080 2803 2133 καὶ
2848 2079 2948 2152 τήν
2990 2079 3249 2134 ἐπάνοδον
3280 2079 3576 2150 ἐργάσεται
3597 2079 3696 2135 τοῦ

398 2176 554 2238 sunt,
609 2174 666 2226 in
705 2171 1034 2244 Babylonem
1087 2175 1344 2241 inducet;
1393 2191 1505 2248 quo
1555 2178 1813 2234 nimirum
1849 2187 1988 2235 tem-

389 2252 534 2336 pore
559 2266 822 2337 populum
856 2267 912 2322 in
946 2268 1254 2324 libertatem
1285 2257 1559 2326 assertum
1591 2278 1751 2328 terrae
1796 2271 1986 2343 patria:

395 2357 762 2414 restituturus
794 2367 897 2415 est.
929 2358 1050 2414 Non
1081 2361 1284 2422 desunt
1311 2368 1494 2417 tamen
1516 2362 1612 2432 qui
1643 2361 1812 2418 verba
1838 2363 1980 2418 ista:

406 2448 619 2506 Vorabo
685 2467 815 2519 eos,
879 2460 927 2506 et
967 2453 1187 2508 stabunt
1239 2453 1443 2518 simul,
1498 2453 1566 2510 de
1616 2444 1819 2509 Israele
1877 2453 1986 2517 dici

397 2542 783 2610 arbitrentur;
841 2553 1102 2615 tanquam
1146 2559 1208 2600 se
1259 2544 1597 2614 perlibenter
1645 2544 1982 2616 congregatis

395 2634 512 2690 illis
548 2635 865 2691 auditurum
897 2637 1261 2694 demonstret.
1297 2637 1457 2710 545
1499 2637 1631 2705 Quis
1666 2639 1809 2694 Deus
1843 2638 1986 2694 alius

393 2726 638 2782 futuram
670 2728 1228 2796 bellitcalamitatem,
1259 2738 1424 2802 atque
1454 2731 1574 2802 ipse
1622 2745 1721 2801 per
1754 2731 1989 2802 prophe-

393 2826 482 2874 tas
516 2819 736 2890 singula
781 2820 936 2891 prius
979 2819 1242 2876 indicarit
1285 2837 1300 2875 :
1347 2821 1509 2892 cujus
1533 2827 1590 2878 et
1622 2820 1732 2893 ipsi
1776 2821 1988 2876 monita

397 2910 706 2980 aspernati,
753 2911 990 2982 experiri
1026 2926 1194 2982 quam
1224 2911 1402 2968 vitare
1435 2911 1636 2967 damna
1665 2910 1985 2967 maluerint.

2095 2173 2247 2229 λαοῦ.
2278 2172 2435 2237 Τινὲς
2461 2172 2520 2226 δὲ
2548 2172 2627 2239 τὸ,
2662 2171 2913 2227 Καλέσω
2942 2172 3189 2240 αὐτοὺς,
3217 2172 3317 2227 καί
3357 2172 3699 2239 στήσονται

2092 2260 2232 2331 ἅμα,
2266 2259 2525 2331 περὶτῶν
2549 2259 2610 2325 ἐξ
2644 2260 2864 2333 Ἰσραὴλ
2886 2261 3138 2331 εἰρῆσθαί
3171 2279 3359 2332 φασιν.
3397 2263 3490 2326 Ὠς
3519 2262 3699 2334 ἡδέως

2094 2353 2164 2409 ἂν
2194 2353 2478 2425 ἐπυθόμην
2509 2353 2911 2424 συνηγμένων
2939 2353 3159 2421 αὐτῶν,
3193 2357 3285 2422 τίς
3323 2354 3480 2419 ἄλλος
3507 2357 3696 2419 αὐτοῖς

2093 2445 2228 2510 Θεὸς
2251 2446 2350 2517 τὴν
2401 2447 2466 2499 ἐκ
2492 2445 2586 2500 τοῦ
2635 2444 2876 2517 πολέμου
2935 2447 3333 2518 προμεμήνυκε
3375 2448 3691 2517 συμφοράν,

2091 2537 2168 2601 ὡς
2198 2535 2309 2607 ἐγὼ
2339 2537 2428 2591 διὰ
2457 2537 2565 2590 τῶν
2606 2536 2906 2609 προφητῶν
2948 2555 3049 2607 μου
3090 2537 3158 2592 τά
3188 2537 3328 2591 κατά
3377 2538 3543 2611 μέρος
3567 2539 3697 2610 ἐδή-

2087 2629 2268 2682 λωσα⁶
2319 2629 2416 2683 καὶ
2465 2626 2574 2682 τῶν
2621 2629 2770 2698 ἐμῶν
2811 2630 3328 2699 καταφρονήσαντες
3356 2629 3554 2698 λόγων,
3589 2630 3698 2701 τὴν

2089 2722 2200 2774 τῶν
2226 2719 2411 2774 κακῶν
2434 2720 2755 2788 ἀνεμείνατε
2780 2723 3001 2792 πεῖραν.
3029 2720 3127 2784 Τίς
3153 2715 3248 2775 οὖν
3274 2721 3406 2792 ὑμῖν
3434 2723 3467 2794 ἡ
3501 2721 3695 2792 ὄνησις

2091 2814 2191 2884 τῆς
2223 2814 2288 2866 ἐκ
2330 2811 2604 2883 δαιμόνων
2638 2813 2902 2884 μαντείας
2931 2812 3086 2867 οὐδὲν
3131 2813 3551 2884 προεγνωκυίας
3576 2814 3696 2868 τῶν

2097 2905 2324 2977 ὕστερον
2348 2922 2378 2972 ;.

393 3001 671 3068 Quidnam
728 3003 897 3076 igitur
944 3003 1053 3062 illis
1104 3005 1227 3076 ipsa
1285 3003 1596 3063 daemonum
1659 3003 1977 3061 vaticinatio
2016 2998 2399 3072 proluit,qu:n
2446 2998 2826 3064 nihil‘eorum,
2872 3015 2995 3071 quae
3064 3009 3256 3072 postea
3331 2999 3690 3068 acciderunt,

393 3098 702 3167 praevidere
731 3101 947 3169 potuit?

467 3194 672 3251 Volunt
718 3197 1000 3266 nonnulli,
1035 3213 1154 3266 eos,
1196 3199 1291 3269 qui
1333 3199 1402 3254 de
1448 3198 1694 3269 gentium
1726 3208 1980 3262 numero,

2161 3185 2316 3250 Τινὲς
2339 3184 2400 3240 δέ
2427 3203 2580 3257 φασι,
2606 3187 2734 3252 τοὺς
2763 3187 2907 3260 μέγα
2948 3186 3286 3259 φρονοῦντας
3309 3186 3420 3241 τῶν
3448 3187 3692 3241 ἐθνικῶν

391 3301 656 3358 magnum
688 3288 820 3358 quid
845 3296 1126 3360 saperent,
1182 3290 1405 3346 invitari
1451 3297 1513 3344 ut
1562 3288 1734 3345 velint
1764 3287 1982 3350 adesse,

391 3376 452 3432 in
483 3377 841 3449 animumque
890 3379 1178 3446 inducere,
1214 3379 1426 3434 nullum
1461 3375 1566 3435 sibi
1611 3393 1735 3450 qua:
1797 3379 1852 3433 in
1883 3391 1984 3447 po-

390 3473 608 3526 sterum
658 3476 847 3525 essent
895 3476 1184 3536 eventura,
1212 3469 1566 3541 praedixisse;
1618 3468 1717 3526 sed
1785 3483 1816 3523 a
1869 3467 1983 3524 Deo

394 3561 550 3617 dura.
581 3563 649 3618 οε·
683 3576 879 3633 aspera
923 3577 1050 3619 esse
1095 3562 1526 3634 praesigniﬁcata
1551 3580 1573 3628 ;
1601 3569 1662 3618 ut
1711 3560 1982 3619 sententia

392 3660 607 3708 mutata
631 3662 1030 3710 revocarentur
1067 3673 1081 3710 :
1114 3655 1354 3727 indeque
1379 3654 1517 3722 ﬁeri,
1550 3655 1697 3726 quod
1741 3661 1889 3709 metu
1913 3651 1983 3708 ad

392 3746 835 3817 resipiscentiam
861 3762 1193 3818 provocans,
1221 3763 1346 3820 quas
1370 3758 1604 3805 ventura
1633 3755 1811 3804 essent
1840 3759 1982 3817 prte-

395 3836 619 3891 dixerit.
675 3835 882 3893 Deinde
937 3837 1186 3894 ostendit
1239 3854 1431 3894 eorum
1486 3853 1546 3894 se
1591 3853 1702 3892 non
1742 3835 1983 3916 injuriae

391 3927 802 3995 recordatione,
835 3929 932 3985 sed
969 3929 1352 3987 benevolentia
1397 3931 1608 4002 potius,
1659 3930 1809 4002 quod
1846 3930 1981 3998 ipsis

389 4019 613 4076 libitum
668 4019 887 4090 fuisset,
938 4022 1262 4093 perfecisse.
1313 4023 1450 4080 Cum
1501 4024 1648 4080 enim
1697 4021 1980 4078 Chaldaeos

391 4107 500 4164 sibi
559 4111 839 4181 perpetuis
900 4111 1327 4179 incursionibus,
1374 4112 1725 4170 imminentes
1786 4127 1817 4166 a
1867 4111 1982 4167 Deo

389 4199 567 4257 deleri
622 4212 932 4274 cuperent;
984 4203 1037 4258 id
1077 4204 1258 4275 ipsum
1289 4213 1439 4261 certe
1478 4214 1533 4261 et
1565 4205 1655 4262 ille
1702 4205 1978 4277 praestitit,

390 4307 508 4348 non
551 4300 818 4365 tauquam
874 4295 1044 4366 justis
1106 4297 1339 4368 gratiam
1379 4296 1694 4361 relaturus,
1746 4294 1843 4350 sed
1881 4309 1980 4366 pro

391 4400 493 4440 sua
527 4386 888 4458 benignitate,
916 4402 1130 4458 suoque
1158 4403 1369 4454 amore,
1398 4388 1731 4444 beneﬁcium
1784 4387 1842 4442 in
1893 4388 1979 4441 in-

391 4484 582 4541 gratos
635 4477 804 4532 etiam
855 4485 908 4533 et
966 4487 1288 4549 peccatores
1345 4478 1742 4534 eollocaturus.
1791 4477 1972 4548 Atque

2079 3284 2351 3356 ’παρεῖναι
2402 3283 2799 3354 προτρέπεται,
2846 3284 2941 3339 καὶ
2974 3284 3113 3356 πρὸς
3142 3282 3268 3338 νοῦν
3295 3283 3691 3350 ἐκλαϐεῖν,,ὡς

2087 3373 2263 3437 οὐδεὶς
2292 3372 2479 3435 αὐτοῖς
2525 3372 2594 3426 τὰ
2640 3373 2780 3445 μετά
2821 3375 3048 3446 χρόνους
3085 3375 3322 3446 ἐσόμενα
3352 3373 3690 3446 προύλεγεν.

2086 3465 2262 3530 Δύτὸς
2283 3465 2341 3519 δὲ
2368 3460 2438 3536 ἦν
2465 3467 2493 3520 ό
2521 3464 2652 3530 Θεὸς
2683 3467 2713 3518 ὁ
2747 3467 2840 3521 καὶ
2869 3467 3152 3538 προλέγων
3188 3466 3256 3521 τὰ
3297 3467 3555 3540 δυσχερῆ,
3591 3470 3695 3522 καὶ

2091 3553 2533 3626 μετατιθεμένων
2584 3555 3044 3628 ἀνακαλούμενος.
3090 3558 3184 3612 Διὸ
3237 3559 3332 3612 καὶ
3377 3557 3694 3632 προῦλεγεν

2087 3645 2437 3718 ἐπιστρέφων
2467 3646 2544 3718 τῷ
2574 3647 2746 3718 φόϐῳ.
2773 3643 2909 3701 Εἶτα
2936 3648 3232 3717 δείκνυσιν,
3281 3648 3358 3714 ὡς
3386 3651 3446 3704 ού
3481 3668 3692 3720 μνησισ

2087 3737 2276 3792 κακῶν
2308 3737 2515 3802 αὐτοῖς,
2560 3737 2792 3806 ἀγαπῶν
2838 3738 2895 3792 δὲ
2942 3739 3259 3794 τούναντίον
3290 3739 3435 3814 άπερ
3465 3742 3692 3812 ἤθελον,

2087 3829 2312 3902 ἔπραξε.
2344 3830 2484 3893 Τοὺς
2515 3828 2624 3901 γὰρ
2652 3830 2993 3898 Χαλδαίους
3039 3831 3319 3896 θλίϐοντάς
3343 3849 3404 3886 τε
3439 3834 3533 3886 καὶ
3562 3834 3694 3886 ἐπιο

2085 3923 2403 3992 τιθεμένους
2433 3921 2638 3988 αὐτοῖς,
2694 3922 2785 3976 τὸν
2825 3923 2958 3976 Θεὸν
3000 3923 3292 3992 ἠϐούλοντο
3345 3924 3692 3996 διαφθεῖραι,

2085 4014 2114 4068 ὃ
2140 4015 2206 4087 δὴ
2240 4016 2335 4070 καὶ
2370 4015 2697 4087 πεποίηκεν,
2747 4016 2850 4069 ούκ
2897 4017 3284 4081 ἀνταποδιδοὺς
3322 4018 3399 4082 ὡς
3427 4019 3692 4084 δικαίοις,

2083 4108 2153 4161 δι’
2177 4107 2491 4178 ἅγαθότητα
2519 4106 2577 4160 δὲ
2602 4106 2994 4178 χαρισάμενος,
3026 4107 3230 4179 καίπερ
3289 4108 3697 4180 ἡμαρτηκότας

2085 4199 2340 4269 ἀγαπῶν.
2373 4199 2465 4252 Διὸ
2509 4199 2609 4253 καὶ
2640 4199 2774 4270 πρὶν
2819 4187 3013 4253 παθεῖν
3043 4199 3210 4270 ὑμᾶς,
3239 4203 3500 4270 προεῖπον
3535 4199 3695 4252 ἐκεί-

2085 4307 2192 4345 νων
2217 4289 2313 4362 τὴν
2341 4289 2547 4361 ἔφοδον,
2575 4291 2663 4344 ἵνα
2696 4292 3134 4362 μετανοήσαντες
3161 4291 3446 4359 ἄπρακτον
3472 4290 3691 4360 ταύτην

2085 4382 2376 4453 ποιήσητε.
2438 4381 2548 4446 Οὒς
2598 4389 2620 4418 ⁵
2681 4382 2754 4454 μὴ
2811 4382 3174 4452 πειθομένων,
3229 4381 3490 4435 εύώδωσα
3557 4381 3694 4435 καθ’

2085 4473 2116 4526 ύ
2125 4473 2262 4544 μῶν,
2289 4473 2560 4528 παιδεύων
2585 4474 2731 4545 ὑμᾶς
2754 4473 3106 4544 ἀμετανόητα
3147 4472 3689 4545 πλημμελήσαντας.

391 4567 526 4622 hinc
559 4575 664 4632 est,
698 4567 898 4639 inquit,
927 4569 1076 4639 quod
1127 4571 1454 4640 priusquam
1488 4584 1584 4624 vos
1613 4570 1725 4640 pati
1752 4569 1972 4626 contiu-

2089 4566 2234 4631 Γινές
2265 4565 2323 4619 δέ
2356 4565 2449 4620 τὸν
2476 4565 2657 4638 Κῦρον
2689 4565 3001 4620 εύωδῶσθαι
3028 4565 3171 4619 κατὰ
3190 4565 3507 4620 Χαλδαίων
3531 4566 3692 4637 εἰρή-

392 4665 566 4725 geret,
601 4671 792 4710 eorum
819 4662 871 4711 in
898 4673 996 4713 vos
1027 4659 1436 4728 expeditionem
1470 4659 1728 4729 praedixi;
1766 4670 1825 4714 ut
1847 4674 1973 4715 eum

391 4745 766 4817 pmnituisset,
804 4748 942 4802 nihil
1003 4749 1059 4802 in
1117 4765 1216 4803 vos
1259 4749 1349 4802 illa
1393 4751 1697 4820 quidquam
1745 4751 1971 4806 valeret.

391 4838 529 4905 Qua:
561 4853 685 4894 cum
712 4839 1010 4910 impetrare
1037 4857 1145 4896 non
1179 4841 1503 4912 potuissem,
1537 4843 1829 4898 adversum
1875 4858 1973 4899 vos

387 4932 519 4989 ideo
546 4931 1007 5004 progrediendum
1045 4935 1261 4998 censui,
1294 4943 1352 4989 ut
1380 4935 1433 4988 in
1486 4949 1601 4990 eos.
1631 4934 1976 4991 animadver-

388 5035 586 5091 terem,
607 5024 700 5096 qui
726 5024 877 5079 nulla
901 5033 1261 5096 peccatorum
1287 5027 1630 5097 pocnitudine
1650 5036 1970 5098 tanguntur.

388 5116 535 5172 Sunt
565 5131 696 5174 vero
723 5118 817 5188 qui
847 5115 1051 5189 Cyrum
1084 5119 1356 5174 adversus
1385 5118 1668 5175 Chaldaeos
1714 5118 1974 5176 Hebraeo-

387 5222 514 5263 rum
543 5209 788 5275 nomine,
831 5212 894 5265 in
911 5225 1049 5280 quos
1079 5211 1156 5265 illi
1189 5209 1447 5265 saeviores
1479 5211 1831 5275 exsisterent,
1855 5211 1979 5266 feli-

391 5297 530 5354 citer
565 5316 718 5357 arma
745 5303 985 5360 movisse
1012 5303 1374 5360 arbitrentur.
1411 5303 1520 5360 ista
1547 5305 1739 5377 igitur,
1769 5305 1972 5376 inquit,

390 5402 494 5444 suo
548 5397 797 5463 tempore
853 5412 975 5453 sum
1027 5397 1289 5468 deinceps
1345 5398 1713 5468 praestiturus.
1762 5398 1871 5455 Vos
1910 5415 1974 5455 ea

461 5565 513 5602 “
548 5563 632 5623 lsa
679 5583 726 5638 ι,
756 5567 811 5622 2.

2077 4676 2206 4712 κασι
2233 4659 2409 4728 φειδοῖ
2449 4657 2558 4712 τῶν
2604 4659 2895 4730 Ἑϐραίων,
2942 4657 3064 4711 καθ’
3095 4653 3170 4714 ὧν
3207 4658 3556 4724 ἐπεδείξαντο
3582 4657 3689 4727 τὴν

2076 4749 2358 4820 ὠμότητα.
2396 4747 2582 4803 Ταῦτα
2634 4749 2733 4818 μὲν
2779 4742 2874 4802 οὖν
2923 4747 3070 4802 κατά
3110 4747 3303 4818 καιρὸν
3343 4748 3558 4817 ποιήσω
3587 4746 3688 4800 τὸν

2081 4843 2366 4915 μέλλοντα.
2415 4843 2606 4911 Ὑμεῖς
2659 4843 2716 4895 δὲ
2764 4841 2939 4896 ταῦτα
2995 4841 3380 4913 μεμαθηκότες
3433 4842 3543 4894 οὐκ
3601 4839 3682 4892 ἐν

2077 4934 2278 5005 κρυερῇ
2328 4935 2658 5003 λαλούμενα,
2731 4937 2828 4989 σὺν
2881 4935 3048 5005 πολλῇ
3101 4934 3159 4988 δὲ
3219 4936 3283 5004 τῇ
3352 4931 3677 5004 παρρησίᾳ,

2076 5028 2242 5099 ἥκετε
2275 5029 2425 5096 πρός
2470 5045 2545 5097 με
2587 5028 2953 5092 σπεύδοντεςο
2983 5028 3076 5081 καὶ
3137 5027 3247 5098 γὰρ
3293 5028 3382 5080 ὅτε
3431 5025 3602 5079 ταῦτα
3651 5026 3685 5078 ὁ

2078 5120 2266 5192 Πατὴρ
2295 5120 2615 5174 ἐϐουλεύετο
2643 5121 2776 5187 παρ’
2810 5119 2961 5191 αὐτῷ
2992 5122 3125 5191 ἡμῖν
3160 5122 3201 5174 ε.
3228 5119 3338 5173 Καὶ
3371 5119 3465 5173 νῦν
3491 5117 3547 5171 δέ
3578 5115 3685 5170 alio

2078 5212 2170 5277 τὸς
2198 5214 2226 5265 ὁ
2256 5212 2469 5284 Πατὴρ,
2492 5213 2584 5267 καὶ
2619 5214 2684 5266 τὸ
2717 5213 2962 5282 Πνεῦμα
2993 5212 3093 5282 τῆς
3145 5211 3458 5283 ἁγιωσύνης
3486 5208 3685 5265 αὑτοῦ

2084 5305 2221 5375 πρὸς
2270 5305 2615 5377 κατόρθωσιν
2662 5322 2728 5376 με
2778 5304 2888 5360 τῶν
2943 5304 3036 5358 ὑπ’
3087 5303 3254 5358 αὐτοῦ
3299 5301 3683 5375 διωρισμένων

2085 5399 2462 5459 ἀπέστειλεν.
2503 5400 2622 5465 Πῶς
2653 5399 2708 5453 δὲ
2747 5401 2859 5454 οὐκ
2903 5400 2971 5454 ἐν
3005 5396 3207 5468 κρυερῇ
3237 5397 3684 5472 προαπήγγειλε,

1680 5666 1916 5727 VARUE
1971 5670 2384 5733 LECTION‘ES.

470 5766 495 5800 ΐ
525 5773 616 5830 π).
655 5759 828 5830 ὑμεῖς,
910 5767 930 5795 ⁸
959 5772 1050 5826 γρ.
1081 5749 1178 5812 ὧν.
1261 5759 1277 5794 ί
1307 5775 1396 5828 γρ.
1426 5756 1517 5835 ἦν.
1586 5841 1589 5843 _
