3978 6190
382 213 524 280 2457

1529 208 2068 272 COMMENTARII
2102 211 2185 271 IN
2247 211 2536 272 ISAIAM.

3533 214 3678 279 2458

381 329 474 386 διὰ
526 328 638 384 τῶν
685 324 980 399 προφητῶν
1029 324 1200 380 εἰπὼν
1247 323 1533 398 ἐναργῶς·
1567 343 1587 378 ι
1641 324 1800 380 Οὕτω
1832 325 1983 395 λέγει

2088 326 2292 392 edocti,
2337 327 2650 393 nentiam,
2681 329 2775 384 sed
2807 329 2986 400 palam
3028 338 3081 387 et
3114 331 3452 388 conﬁdenter
3494 332 3564 386 ad
3601 351 3684 390 me

259 450 280 459 ν
381 422 588 492 Κύριος
635 418 716 491 τῷ
739 409 948 489 χριστῷ
991 416 1314 488 μου-Κύρῳ,
1357 410 1416 470 οὗ
1451 415 1734 486 ἐκράτησα
1761 417 1861 486 τῆς
1889 415 1980 469 δε-

346 569 352 578 ,
385 514 527 580 ξιᾶς,
559 531 579 564 ι
613 511 711 566 καὶ
759 510 829 564 τὰ
877 507 1005 580 ἑξῆς
1034 525 1048 539 ⁸
1081 509 1192 564 Καὶ
1236 509 1338 561 οὐκ
1383 506 1549 561 αὑτοῦ
1583 502 1651 578 ἦν
1682 505 1842 579 ἔργον
1867 507 1988 578 τῆς.

381 605 709 668 Βαϐυλῶνος
747 605 780 676 ἡ
825 603 1073 676 αἵρεσις,
1115 601 1254 656 ἀλλὰ
1290 602 1391 671 τῆς
1442 600 1586 671 ἐμῆς
1618 599 1984 670 ἀντιλήψεως.

382 696 607 762 Μεταξὺ
647 695 726 762 δὲ,
762 693 948 764 φασιν,
973 694 1099 747 ἐστὶ
1155 692 1252 747 τοῦ
1292 690 1478 762 Κύρου
1525 688 1701 760 φωνὴ,
1743 688 1828 756 τὸ,
1863 688 1986 744 Κύ-

377 805 513 858 ριος
535 785 886 843 ἀπέσταλκέ
919 802 998 856 με
1036 784 1136 839 καὶ
1169 784 1238 839 τὸ
1260 783 1505 853 Πνεῦμα
1530 779 1742 838 αὐτοῦ.

2078 414 2364 474 festinate.
2404 418 2516 490 Ego
2543 419 2693 474 enim
2727 435 2851 475 cum
2891 422 3052 477 Patre
3087 430 3218 477 tunc
3253 423 3505 488 aderam,
3554 440 3681 482 cum

2085 507 2153 563 de
2186 507 2347 563 rebus
2377 509 2500 564 istis
2532 509 2828 564 consilium
2880 512 3133 583 agitaret.
3160 512 3280 567 Jam
3334 528 3466 569 vero
3510 522 3565 570 et
3592 531 3680 572 me

2087 596 2254 654 Pater
2303 599 2445 668 ipse,
2490 605 2546 653 et
2592 599 2904 655 sanctitatis
2939 601 3177 670 ejusdem
3209 602 3464 672 Spiritus,
3498 605 3566 660 ad
3593 620 3682 674 ea,

2094 704 2218 759 quae
2247 689 2316 744 ab
2346 690 2468 758 ipso
2515 688 2735 745 decreta
2764 696 2916 754 sunt,
2972 695 3322 763 exsequenda
3362 696 3681 753 mittendum

2093 781 2333 836 censuit.
2361 779 2465 845 Qui
2495 780 2694 836 deinde
2719 796 2822 834 non
2850 780 2990 834 clam
3018 781 3177 853 longe
3205 797 3332 868 ante
3357 787 3681 855 praedixisse

387 888 502 935 'non
554 878 889 950 reperiatur,
932 876 1028 949 qui
1068 890 1170 948 per
1214 875 1514 948 prophetas
1566 875 1642 929 ita
1696 883 1884 943 aperte
1927 870 2190 940 loquatur
2244 889 2307 926 ει
2354 870 2448 928 Sic
2497 871 2636 927 dicit
2690 870 2964 928 Dominus
3047 875 3258 930 christo
3310 893 3434 934 meo
3509 878 3678 951 Cyro,

387 969 552 1040 cujus
602 968 943 1040 apprehendi
995 983 1221 1023 manum
1265 967 1546 1022 dexteram
1590 965 1662 1031 ",
1707 983 1725 1017 ι
1760 970 1816 1020 et
1858 977 1984 1034 quae
2022 963 2257 1034 postea?
2305 962 2530 1030 Adbaec,
2579 979 2690 1020 non
2755 964 2878 1036 ejus
2941 981 3130 1038 opera,
3162 967 3256 1022 sed
3295 984 3418 1025 meo
3467 971 3676 1027 auxilio

385 1066 546 1130 capta
573 1067 1001 1129 expugnataque
1029 1064 1114 1113 est
1142 1055 1413 1127 Babylon.
1474 1054 1747 1124 Deinceps
1827 1060 2035 1119 autem,
2093 1051 2271 1120 aiunt,
2305 1051 2434 1124 Cyri
2467 1062 2687 1111 vox-est
2710 1055 2838 1122 ista,
2867 1070 2991 1127 quae
3020 1055 3185 1130 546
3218 1059 3467 1130 sequitur
3509 1077 3522 1113 :
3567 1061 3676 1116 Do-

387 1157 566 1210 minus
600 1156 746 1210 misit
771 1171 875 1221 me,
904 1165 956 1210 et
993 1153 1230 1221 Spiritus
1256 1150 1391 1222 ejus.

432 1240 533 1306 ’Τὺ
563 1250 644 1314 δὲ,
675 1247 777 1303 καὶ
804 1247 941 1313 νῦν,
975 1245 1127 1317 δηλοῖ
1150 1245 1227 1309 ὡς
1259 1245 1309 1297 εἰ
1333 1243 1430 1298 καὶ
1462 1243 1537 1315 μή
1560 1260 1614 1297 τι
1634 1241 1745 1298 τῶν
1773 1241 1992 1315 συμδει

389 1343 639 1415 δηκότων
677 1337 1109 1412 προαπηγγέλθη
1159 1337 1313 1408 παρὰ
1350 1336 1511 1400 Θεοῦ,
1561 1335 1677 1390 ἀλλ’
1725 1336 1834 1390 ἰδοὺ
1885 1333 1982 1389 νῦν

389 1437 486 1490 καὶ
512 1433 694 1505 Κῦρος
719 1431 882 1495 αὐτὸς
904 1430 1264 1502 ὡμολόγηκεν
1294 1428 1401 1482 ὑπὸ
1430 1427 1568 1481 Θεοῦ
1598 1425 1995 1498 συνηργῆσθαιτ

389 1532 502 1584 τῶν
533 1528 694 1582 ὅλων.
745 1524 933 1579 Ταῦτα
975 1524 1085 1594 γὰρ
1130 1521 1384 1594 εἰρῆσθαι
1430 1521 1558 1592 περὶ
1613 1519 1794 1574 αὐτοῦ.
1821 1517 1979 1592 παρὰ

388 1622 498 1677 τῶν
528 1618 894 1691 αἰχμαλώτων
950 1615 1163 1687 μαθὼν,
1216 1612 1487 1684 ἀναγνούς
1526 1629 1598 1666 τε·
1623 1613 1724 1684 τὴν
1763 1630 1979 1685 προφη-

2158 1238 2369 1296 Deinde
2416 1239 2566 1312 quod
2623 1249 2673 1295 et
2721 1257 2864 1296 nunc
2919 1240 3204 1310 habetur,
3257 1241 3478 1298 etiamsi
3539 1243 3678 1298 nihil

2085 1345 2302 1398 eorum,
2360 1347 2482 1402 quae
2535 1332 2882 1399 acciderunt,
2942 1348 2971 1388 a
3024 1333 3157 1389 Deo‘
3189 1342 3318 1389 ante
3353 1333 3673 1404 praedictum

2084 1431 2424 1486 esset,‘ecce
2455 1430 2639 1478 tamen
2684 1423 2852 1479 etiam
2895 1439 3044 1479 nunc
3085 1425 3288 1495 Cyrum
3321 1424 3682 1495 praepotentis

2083 1511 2182 1568 Dei
2225 1514 2436 1570 auxilio
2481 1513 2735 1570 confecta
2797 1528 2924 1571 esse
2975 1516 3220 1585 proliteri
3251 1523 3508 1572 testatur.
3540 1515 3678 1572 Cum

2081 1603 2230 1659 enim
2261 1604 2367 1660 ista
2395 1603 2464 1660 de
2495 1620 2555 1660 se
2583 1619 2613 1658 a
2645 1605 2880 1676 captivis
2909 1606 3200 1662 didiciscet
3225 1607 3505 1678 usurpari,
3546 1623 3682 1678 pro-

387 1714 561 1778 τείαν,
599 1711 891 1784 γράμματι
935 1708 1136 1779 χρῆται
1173 1704 1438 1778 βασιλικῷ
1460 1707 1528 1759 ἐν
1549 1705 1759 1777 Ἐσδρᾳ
1797 1705 1983 1775 κειμέ-

2091 1695 2733 1768 phetiamque-legisset,
2793 1699 3057 1754 mandato
3121 1700 3294 1768 regio,
3343 1698 3492 1769 quod
3531 1697 3680 1769 apud

387 1824 482 1878 νῳ,
535 1805 631 1859 καὶ
663 1803 898 1871 λέγοντι*
939 1799 1122 1853 «Τάδε
1180 1797 1330 1866 λέγει
1371 1798 1401 1849 ὁ
1450 1795 1706 1868 βασιλεὺς
1756 1794 1990 1866 Περσῶν

387 1899 611 1970 Κῦρος’
659 1895 791 1966 Ἐμὲ
846 1892 1089 1958 ἀνέδειξε
1131 1889 1362 1962 βασιλέα
1408 1890 1520 1960 τῆς
1582 1888 1908 1959 οἰκουμένης
1956 1889 1990 1940 ὁ

385 1991 594 2062 Κύριος
654 1986 751 2040 τοῦ
808 1983 1028 2055 Ἰσραὴλ
1053 1981 1300 2052 ὕψιστος,
1334 1999 1353 2032 ι
1404 1979 1606 2034 καὶδτὰ
1645 1978 1794 2048 ἑξῆς.
1824 1977 1982 2040 Τινὲς

290 2108 292 2111 τ
382 2082 441 2136 δὲ
470 2081 550 2148 τὸ,
593 2079 812 2149 Κύριος
850 2071 1205 2131 ἀπέσταλκέ
1225 2089 1322 2142 με,
1365 2069 1466 2124 καὶ
1489 2070 1556 2124 τὸ
1593 2068 1838 2138 Πνεῦμα
1870 2069 1981 2122 αὐ-

381 2173 514 2241 τοῦ,
542 2171 651 2226 ἀπὸ
686 2167 980 2242 προσώπου
1021 2161 1116 2220 τοῦ
1141 2165 1438 2236 προφήτου.
1479 2161 1733 2232 λελέχθαι
1789 2161 1977 2232 φασὶν,

383 2263 620 2320 Ὅτικαὶ
667 2261 858 2333 πρώην
901 2260 1030 2330 ὑμῖν
1064 2257 1166 2311 οὐκ
1196 2257 1266 2310 ιέν
1329 2253 1854 2326 γωνίᾳ-λελάληκα,
1887 2251 1983 2305 κα)⁴

381 2355 478 2412 νῦν
506 2354 660 2408 οὐδὲν
691 2348 858 2426 ἦττον
893 2351 960 2404 ἐκ
992 2347 1129 2402 Θεοῦ
1163 2346 1440 2419 πεμφθεὶς
1466 2347 1589 2417 ἥκω
1613 2345 1750 2416 πρὸς
1781 2343 1982 2415 ὑμετέ-

382 2466 485 2521 ραν
513 2445 804 2516 ώφέλειαν,
830 2461 898 2498 πε
908 2444 960 2514 pl.
994 2441 1104 2496 τῶν
1127 2440 1310 2495 αὐτῶν
1328 2437 1595 2501 ’πολλάκις
1619 2436 1817 2504 λαλῶν,
1841 2434 1978 2490 Θεοῦ

384 2542 483 2612 μὲν
513 2539 877 2609 πέμποντος,
909 2532 1249 2604 ὑπηχοῢντος
1295 2530 1352 2583 δέ
1382 2529 1479 2583 τοῦ
1509 2528 1856 2596 [Ir-stipatae
1883 2526 1986 2581 τοῦ

380 2635 558 2704 ἁγίου.
595 2633 816 2686 Ἄκουε
857 2621 1126 2691 τοίνυν,ὧ
1176 2623 1451 2692 Ἰσραὴλ,
1489 2621 1526 2676 ἆ
1580 2638 1659 2674 σεε
1683 2619 1920 2674 διδάσκει
1946 2620 1983 2674 ὁ

379 2725 724 2797 ρυσάμενός
765 2738 841 2778 σε
893 2721 1130 2790 Κύριος.
1169 2715 1437 2788 Μέμνησο
1481 2713 1589 2769 τοῦ
1642 2712 1792 2768 Θεοῦ
1837 2725 1978 2768 σου.

381 2819 572 2875 Ταῦτα
617 2817 727 2888 γάρ
757 2813 839 2870 σοι
888 2829 1034 2884 φημι
1087 2808 1233 2880 ὑπὲρ
1263 2809 1359 2862 τοῦ
1403 2806 1606 2878 εὑρεῖν
1630 2805 1776 2861 ὁδὸν
1801 2822 1980 2876 σωτη-

385 2912 528 2985 ρίας,
556 2910 614 2974 ὃς
641 2909 691 2962 ει
727 2906 824 2961 καὶ
851 2905 952 2976 τὴν
993 2901 1168 2975 ἀρχὴν
1202 2897 1490 2970 ἐπείσθης,
1513 2897 1809 2968 ἀπείρατος
1833 2890 1980 2978 ἦσθα

386 3001 591 3055 κακῶν.
636 2997 940 3068 Ἐπλήθυες
962 2995 1006 3048 δ’
1037 2994 1104 3048 ἂν
1128 2994 1200 3046 ἐν
1219 2989 1432 3060 εἰρήνῃ
1475 2987 1575 3044 καὶ
1620 2986 1982 3061 δικαιοσύνη

2092 1787 2326 1848 Esdram
2360 1789 2579 1860 legitur,
2605 1791 2870 1846 utendum
2900 1795 3139 1858 censuit,
3170 1793 3223 1847 in
3250 1793 3396 1847 hunc
3418 1793 3675 1847 modum:

2097 1900 2117 1934 ι
2153 1879 2281 1936 Ηεεε
2315 1881 2453 1936 dicit
2475 1881 2771 1940 Persarum
2805 1900 2899 1939 rex
2931 1883 3142 1954 Cyrus:
3175 1883 3259 1940 Me
3304 1899 3489 1955 regem
3524 1884 3678 1940 orbis

2035 2016 2042 2021 .
2093 1971 2334 2027 universi
2360 1973 2696 2028 renuntiavit
2720 1974 2864 2031 Deus
2894 1974 3440 2044 lsraelexcelsus“,i
3471 1986 3526 2031 et
3552 1992 3678 2048 qua:

2090 2063 2374 2133 deinceps.
2406 2064 2670 2119 Nonnulli
2702 2065 2867 2122 verba
2893 2067 2999 2122 ista
3038 2086 3051 2121 :
3093 2067 3354 2122 Dominus
3395 2069 3539 2122 misit
3573 2085 3672 2132 me,

2088 2167 2137 2212 et
2161 2157 2398 2227 Spiritus
2429 2157 2567 2228 ejus,
2607 2159 2660 2213 in
2689 2161 2968 2230 prophetae
2996 2174 3228 2230 persona
3260 2160 3369 2215 dici
3399 2160 3677 2215 arbitran-

2089 2259 2218 2317 tur;
2257 2257 2519 2321 tanquam
2559 2266 2619 2307 se
2653 2251 2811 2320 prius
2842 2251 2981 2306 nihil
3008 2252 3122 2307 illis
3149 2251 3205 2306 in
3239 2253 3441 2321 angulo
3463 2251 3675 2308 dixisse

2089 2339 2395 2412 signiticet:
2429 2357 2578 2398 nunc
2608 2350 2792 2398 autem
2817 2359 2876 2398 se
2902 2357 2932 2397 a
2955 2341 3066 2399 Deo
3097 2343 3329 2399 missum
3354 2343 3421 2398 ad
3453 2357 3675 2399 eorum-

2088 2434 2214 2490 dem
2251 2435 2544 2490 utilitatem
2594 2436 2880 2500 accedere,
2935 2438 3111 2506 deque
3171 2437 3368 2492 iisdem
3425 2450 3674 2506 persaepe

2087 2525 2202 2582 Deo
2247 2526 2469 2596 quidem
2505 2527 2628 2597 ipso
2658 2527 2916 2595 mittente,
2952 2527 3047 2582 sed
3085 2527 3292 2597 Spiritu
3317 2535 3513 2583 saneto
3542 2542 3672 2582 suco

2088 2618 2308 2675 cinente
2352 2628 2408 2675 et
2464 2617 2820 2690 sutl‘ragante,
2846 2621 3090 2676 locutum
3146 2636 3290 2678 esse.
3343 2623 3486 2676 Audi
3517 2637 3672 2693 ergo,

2086 2708 2290 2779 inquit,
2325 2707 2522 2777 Israel,
2571 2727 2694 2782 qua:
2744 2719 2798 2767 te
2835 2713 2926 2768 ille
2975 2715 3136 2769 docet
3163 2713 3448 2780 Dominus,
3499 2716 3590 2784 qui
3624 2724 3674 2768 te

2087 2800 2352 2857 liberavit.
2401 2802 2720 2860 Memineris
2757 2805 2851 2860 Dei
2905 2807 3005 2860 tui.
3067 2805 3193 2862 Haec
3245 2808 3392 2862 enim
3452 2807 3553 2862 tibi
3606 2807 3675 2863 de

2088 2893 2400 2949 invenienda
2444 2896 2649 2960 salutis.
2688 2897 2774 2951 via
2829 2905 3041 2968 repeto,
3101 2899 3306 2969 quibus
3348 2899 3394 2955 si
3429 2899 3672 2966 primum

2087 2987 2393 3055 paruisses,
2421 2988 2692 3044 malorum
2721 3004 2921 3060 expers
2946 3032 2960 3056 ,
2993 2991 3149 3061 inque
3178 3006 3309 3060 pace
3357 3000 3405 3044 et
3429 2991 3670 3061 justitia,

384 3090 492 3145 τῶν
536 3087 788 3144 ἐντεῦθεν
841 3082 1027 3139 καλῶν
1055 3079 1428 3152 ,ποταμηδόν
1472 3095 1558 3132 σοι
1597 3076 1834 3150 ῥεόντων
1883 3076 1980 3130 καὶ

2087 3081 2246 3139 bonis
2293 3083 2392 3138 tibi
2428 3083 2556 3139 aliis
2603 3091 2770 3154 atque
2801 3084 2923 3139 aliis
2953 3085 3239 3153 ﬂuviorum
3283 3086 3496 3153 instar,
3548 3094 3675 3138 tan-

384 3179 560 3235 ἄλλων
597 3177 686 3230 ἐπ’
715 3175 916 3240 ἄλλοις,
958 3173 1040 3237 ὡς
1077 3169 1360 3241 κυμάτων
1382 3169 1705 3237 θαλάττης.
1753 3167 1981 3236 Ἤγουν,

383 3269 862 3338 ἀνανταγώνιστον
911 3261 1060 3336 εἶχες
1091 3262 1344 3334 δύναμιν,
1376 3259 1451 3325 ὡς
1483 3260 1740 3330 ποταμοί
1790 3276 1850 3313 τε
1887 3260 1983 3313 καὶ

384 3356 820 3421 addantuva
847 3359 890 3418 δ’
913 3358 978 3413 ἄν
1013 3372 1105 3410 σου
1129 3355 1224 3410 καὶ
1251 3354 1317 3408 τὸ
1341 3355 1600 3423 σπέρμα,
1634 3352 1824 3423 φησὶν,
1852 3353 1989 3407 ἀνα-

387 3457 678 3530 ρῑθμητον,
711 3451 993 3524 πολεμίων
1025 3448 1240 3519 ἐφόδοις
1265 3447 1326 3500 οὐ
1354 3445 1768 3518 δαπανώμενον.
1804 3446 1879 3500 Τὸ
1923 3445 1982 3500 δὲ

384 3548 534 3618 χοῦς
569 3544 677 3614 τῆς
731 3542 868 3614 γῆς,
925 3539 1168 3610 κέγχροι
1218 3537 1333 3608 γῆς
1381 3536 1656 3604 ἐξέδωκαν
1687 3537 1738 3589 ol
1776 3536 1978 3590 λοιποί.

383 3637 686 3710 Σωματικὰ
716 3637 773 3690 δέ
813 3635 1034 3704 λέγεται
1081 3630 1219 3702 πρὸς
1268 3628 1638 3700 σωματικούς.
1686 3627 1879 3692 Ἀξίως
1922 3628 1983 3682 δὲ

389 3734 536 3789 Θεοῦ
585 3733 760 3787 νοοῖτο
808 3727 1048 3796 σπέρμα
1085 3722 1342 3796 Ἰσραὴλ,
1389 3723 1520 3792 περὶ
1547 3715 1608 3774 οὗ
1657 3722 1718 3774 τὺ
1760 3721 1926 3792 ῥηθέν
1963 3737 1978 3752 ο

393 3843 413 3878 ι
438 3824 502 3879 Εἰ
537 3825 611 3896 μὴ
645 3821 852 3892 Κύριος
900 3815 1128 3872 Σαϐαὼθ
1163 3813 1524 3884 ἐγκατέλιπεν
1564 3813 1697 3883 ἡμῖν
1735 3811 1978 3883 σπέρμα,

385 3919 460 3983 ὡς
531 3916 744 3986 Σόδομα
793 3912 859 3967 ἂν
907 3909 1290 3980 ἐγενήθημεν,
1332 3925 1351 3960 ι
1402 3905 1690 3976 δηλοῦντος
1745 3906 1875 3969 τοὺς
1922 3903 1986 3970 ἐξ

396 4007 671 4064 Ἰουδαίων
728 4004 1153 4064 πιστεύσαντας.
1201 3999 1447 4070 Πατέρες
1501 3997 1612 4068 γὰρ
1654 3996 1762 4051 τῶν
1804 3996 1986 4051 ἄλλων

384 4102 637 4172 ἐγένοντο
679 4098 806 4162 τοὺς
857 4093 1183 4168 προσιόντας
1234 4089 1706 4160 ἁναγεννήσαντες
1735 4129 1750 4154 ,
1793 4090 1843 4142 οἳ
1878 4090 1981 4142 οὐκ

386 4193 446 4260 ἐξ
484 4189 775 4262 αἱμάτων,
830 4185 946 4242 ἀλλ’
991 4187 1056 4238 ἐκ
1107 4181 1245 4236 Θεοῦ
1296 4179 1687 4251 ἐγεννήθησαν.
1739 4178 1982 4249 Εΰλογον

387 4279 487 4340 οὖν
552 4281 899 4354 ἀλληγορεῖν.
965 4272 1306 4347 Σωματικῶς
1366 4271 1476 4343 γὰρ
1555 4270 1804 4326 Ἰουδαῖοι
1883 4271 1978 4326 καὶ

385 4375 818 4450 παραϐαίνοντες
871 4371 972 4434 τὰς
1029 4368 1250 4430 ἐντολὰς
1286 4364 1739 4436 ἐπληθύνθησαν,
1789 4365 1865 4429 ὡς
1919 4365 1985 4418 τδ

386 4467 552 4540 ῥητὸν
605 4466 810 4538 μᾶλλον
857 4462 1099 4534 ἁρμόσαι
1153 4459 1232 4531 τῷ
1289 4456 1468 4527 νοητῷ
1513 4456 1631 4527 μεθ’
1679 4456 1980 4528 ὑποστολῆς

383 4560 562 4628 λέγων
587 4598 602 4624 ,
657 4561 709 4612 εὶ
752 4555 861 4623 τὰς
899 4551 1154 4618 ἐντολὰς
1200 4549 1514 4618 ἐτήρησαν
1563 4547 1732 4601 τῶνδε
1770 4551 1976 4619 τυχεῖν.

385 4652 557 4706 Οὐδὲν
597 4650 708 4722 γὰρ
763 4651 906 4720 μέγα
951 4646 1014 4701 τὸ
1069 4641 1407 4716 σωματικῶς
1459 4640 1764 4712 σκωλήκιον
1817 4641 1978 4713 δίκην

384 4742 674 4815 πληθύειν.

2085 3189 2246 3245 quam
2294 3175 2458 3230 maris
2495 3175 2654 3230 undis
2689 3175 3060 3244 amuentibus,
3105 3188 3302 3234 auctus
3335 3185 3390 3233 et
3419 3177 3675 3232 cumula-

2085 3273 2176 3323 tus
2209 3266 2465 3325 vixisses.
2511 3267 2570 3322 ld
2626 3277 2752 3337 est,
2809 3280 3255 3341 propugnatores
3308 3285 3427 3334 eos,
3473 3269 3675 3340 quibus

2084 3374 2191 3414 non
2222 3365 2400 3430 magis
2431 3374 2592 3431 quam
2622 3360 2939 3430 [luminibus
2965 3403 2980 3429 ,
3032 3369 3125 3416 aut
3163 3361 3302 3415 mari
3341 3361 3475 3416 nihil
3507 3368 3683 3432 queat‘

2084 3453 2365 3518 resistere,
2399 3452 2715 3510 habuisses.
2761 3453 2982 3510 Fuisset
3013 3469 3142 3509 vero
3191 3462 3246 3509 et
3301 3470 3476 3509 semen
3523 3464 3687 3507 tuum-

2083 3535 2514 3611 innumerahile,
2548 3545 2720 3602 nullis
2754 3546 3016 3602 videlicet
3048 3546 3290 3602 hostium
3332 3544 3674 3601 incursioni.

2083 3636 2186 3691 bus
2225 3637 2593 3693 imminutum.
2622 3639 2693 3691 At
2725 3649 2967 3708 proquo
2989 3638 3161 3705 pulvis
3189 3648 3342 3692 terrm
3365 3638 3631 3692 habemus
3653 3678 3669 3702 ,
3735 3658 3743 3665 -

2083 3728 2234 3782 milia
2295 3738 2449 3783 teme
2504 3729 2704 3800 reliqui
2760 3730 3194 3800 interpretantur
3238 3748 3250 3784 :
3295 3730 3574 3793 nimirum,
3614 3739 3675 3783 ut

2083 3820 2394 3890 corporalia
2415 3836 2539 3876 cum
2567 3822 2775 3878 crassis
2803 3822 3124 3878 hominibus
3151 3836 3319 3891 agens
3346 3831 3670 3896 usurparet,

2083 3910 2203 3968 Non
2251 3913 2527 3968 immerito
2584 3922 2764 3968 autem
2819 3913 2917 3968 Dei
2972 3929 3148 3967 semen
3197 3913 3288 3967 ille
3326 3912 3672 3982 intelligatur

2083 4002 2288 4068 lsrael,
2341 4003 2408 4058 de
2450 4005 2649 4072 quibus
2681 4005 2785 4059 fuit
2813 4013 2868 4058 et
2898 4004 3035 4058 illud
3069 4013 3229 4059 antea
3289 4011 3618 4073 usurpatum
3651 4018 3668 4054 :

2088 4113 2106 4147 ι
2148 4093 2265 4150 Nisi
2301 4096 2464 4151 nobis
2513 4095 2780 4151 Dominus
2827 4096 3071 4152 Sabaoth
3104 4096 3420 4167 reliquisset
3456 4112 3668 4162 semen,

2081 4194 2343 4256 tanquam
2378 4186 2615 4243 Sodoma
2655 4189 2782 4244 lacti
2828 4187 3130 4245 fuissemus
3157 4189 3238 4255 ⁹⁷;
3277 4206 3296 4240 ι
3345 4196 3404 4242 ut
3433 4203 3550 4255 eos,
3580 4189 3676 4257 qui

2082 4279 2242 4335 tidem
2272 4281 2505 4350 amplexi
2537 4289 2726 4338 essent
2757 4281 3049 4337 indicaret.
3096 4281 3286 4337 Patres
3325 4281 3472 4336 enim
3517 4289 3676 4335 caete»

2084 4371 2164 4427 ris
2195 4373 2548 4439 exstiterunt,
2582 4388 2823 4430 cumcos
2852 4373 2918 4427 ad
2956 4389 3015 4429 se
3049 4374 3544 4429 venientesiterum
3578 4391 3670 4444 ge-

2085 4456 2326 4520 nuerunt
2359 4466 2454 4534 qui
2488 4480 2598 4525 non
2638 4481 2710 4521 ex
2738 4465 3118 4537 sanguinihus,
3152 4465 3249 4521 sed
3296 4481 3363 4520 ex
3404 4467 3512 4520 Deo
3555 4466 3673 4519 nati

2078 4566 2209 4613 sunt
2252 4559 2321 4612 9'.
2356 4555 2452 4614 Est
2483 4559 2653 4628 igitur
2686 4559 2984 4629 allegorice
3021 4559 3170 4629 loqui
3206 4568 3662 4612 consentaneum.

2077 4649 2455 4721 Corporaliter
2481 4651 2627 4706 enim
2657 4647 2902 4717 Judaeos,
2954 4651 3172 4705 etiamsi
3217 4651 3507 4721 praeceptis
3557 4666 3668 4705 non

2082 4745 2389 4814 paruerint,
2406 4744 2701 4814 propagari
2731 4742 3199 4814 multiplicarique
3223 4741 3382 4814 547
3404 4743 3674 4812 contigit;

384 4838 621 4906 ideoque
649 4831 981 4903 intelligibili
1025 4828 1200 4900 magis
1222 4828 1429 4883 dictum
1459 4824 1595 4881 illud
1629 4830 1961 4901 conveniat,

2087 4837 2190 4892 uod
2229 4836 2476 4892 adhibita
2532 4837 2814 4901 cautione,
2878 4835 2926 4889 si
3008 4844 3268 4905 praecepta
3321 4835 3680 4889 servaverintr

383 4932 511 4989 istis
545 4931 848 5002 potiturum
881 4935 1114 4984 asserat.
1145 4925 1335 4996 Neque
1371 4924 1805 4996 enim-magnum
1828 4929 2438 5006 quid-consequentur,
2470 4935 2516 4990 si
2585 4949 2689 5004 qua
2733 4933 2950 4988 ratione
3021 4933 3271 4988 videmus
3303 4931 3357 4985 in
3390 4929 3685 4985 vermibus

386 5023 547 5088 ellici,
577 5037 815 5094 corpore
851 5021 1313 5091 multiplicentur.

455 5118 613 5182 Τινὲς
631 5117 790 5181 δὲτὸ,
821 5114 1068 5186 Δέδειχά
1094 5129 1193 5169 σοι
1213 5114 1318 5170 τοῦ
1349 5114 1551 5184 εὑρεῖν
1573 5131 1650 5171 σε
1681 5117 1798 5188 τὴν
1814 5120 1979 5193 ὁδὸν,
2009 5147 2012 5150 ι

387 5208 640 5281 εἰρῆσθαί
668 5224 855 5279 φασιν,
895 5207 971 5270 ὡς
1005 5206 1114 5261 τῶν
1169 5205 1228 5270 ἐξ
1264 5205 1482 5277 Ἰσραὴλ
1515 5206 1822 5276 λεγόντων·
1854 5210 1980 5276 Πῶς

393 5298 495 5353 ὑπὸ
519 5299 579 5352 σὲ
601 5299 883 5362 τελοῦντες
928 5296 1156 5351 τοιαῦτα
1197 5297 1548 5368 πεπόνθαμεν
1588 5299 1639 5352 οἱ
1681 5300 1854 5356 πάλαι
1883 5306 1979 5373 ῥυ-

389 5391 608 5455 σθέντες
655 5392 723 5446 ἐκ
774 5389 978 5462 Φαραὼ
1048 5388 1138 5443 διὰ
1204 5389 1304 5459 τῆς
1334 5389 1435 5459 σῆς
1480 5389 1697 5462 ἀμάχου
1760 5395 1974 5467 ροπῆς;

390 5482 635 5550 Ἕδειξά
663 5499 762 5540 σοι
784 5484 914 5556 γὰρ,
940 5482 1129 5554 φησὶν,
1153 5479 1298 5534 ὁδὸν
1330 5481 1752 5551 σωτηρίας,τὸν
1777 5487 1940 5559 νόμον
1963 5506 2001 5543 ⁸,

458 5667 503 5700 ’⁵
545 5665 651 5724 lsa.
678 5667 871 5734 τωδὶ.
950 5669 997 5700 ⁹⁶
1035 5669 1053 5722 ι
1087 5667 1246 5732 Esdr.
1304 5685 1341 5736 1,
1384 5671 1437 5724 ‘2.

2153 5120 2296 5176 Sunt
2337 5133 2502 5190 porro
2530 5119 2806 5184 nonnulli,
2843 5118 2934 5186 qui
2996 5119 3158 5171 verba
3208 5118 3310 5170 ista
3345 5131 3356 5166 :
3392 5114 3563 5169 Docui
3598 5124 3683 5180 te,

2083 5221 2140 5266 ut
2162 5211 2416 5266 invenires
2444 5210 2604 5274 uiam,
2640 5217 2902 5278 tanquam
2954 5207 3328 5262 lsraelitarum
3362 5221 3484 5261 esse
3520 5223 3677 5262 assc-

2080 5313 2225 5368 rant,
2259 5305 2350 5374 qui
2388 5304 2685 5372 loquantur
2714 5302 2769 5354 in
2839 5301 2984 5354 hunc
3030 5299 3255 5355 modum
3302 5318 3315 5355 :
3350 5299 3454 5365 Qui
3485 5303 3588 5356 sub
3617 5310 3682 5356 te-

2083 5401 2340 5467 degentes
2383 5396 2534 5450 talia.
2571 5392 2716 5464 passi
2751 5408 2968 5459 sumus,
2999 5392 3093 5462 qui
3135 5401 3230 5447 tuo
3266 5393 3396 5448 olim
3435 5393 3670 5460 inexpu-

2081 5489 2281 5562 gnabili
2323 5488 2528 5545 auxilio
2589 5487 2892 5544 Pharaonis
2951 5502 3173 5544 manum
3225 5487 3542 5544 evasimus?
3591 5485 3686 5540 Te:

1552 5672 1594 5704 ⁹⁷
1639 5672 1744 5728 lsa.
1780 5686 1817 5738 ι,
1853 5670 1905 5726 9.
1986 5669 2028 5701 ⁹⁸
2065 5666 2227 5725 Joan.
2262 5683 2302 5736 ι,
2344 5667 2429 5722 1⁵5.
