3976 6220
366 269 432 333 2-3
443 268 507 329 59

1700 263 2048 326 PROCOPII
2084 263 2328 324 (ΞΑΖΑΞΙ

3469 266 3602 332 Ξίθῦ

363 377 508 429 enim
545 374 661 444 ipse
680 374 817 428 viam
847 373 1061 440 salutis,
1089 360 1144 430 id
1170 379 1254 430 est
1301 372 1494 446 legem,
1537 374 1729 438 docui;
1754 391 1940 444 quam,

2058 374 2102 426 iv
2151 373 2310 443 εἴπερ
2378 370 2568 442 ήθελες
2619 364 2678 424 εὖ
2739 367 3035 439 πράττειν,
3073 368 3388 437 ἐφύλαττες.
3424 371 3608 427 Nino:

362 468 408 520 si
441 464 672 518 feliciter
701 463 898 536 degere
947 464 1218 521 voluisses
1240 507 1255 531 ,
1311 465 1607 522 observare
1647 465 1939 521 debueras.

367 553 567 610 Verum
599 553 728 624 quia
759 569 879 609 eam
909 562 1292 626 transgressus
1323 556 1390 609 ad
1427 555 1700 611 idolorum
1736 557 1942 610 cultum

367 656 421 703 te
445 645 757 709 contulisti,
787 644 842 700 in
873 647 1474 717 hostiumpotestatem
1508 648 1724 702 venisti.
1757 648 1944 718 Neque

365 747 550 790 tamen
583 737 660 789 ita
691 743 745 792 te
774 752 871 806 pro
895 753 1018 792 mea
1048 737 1430 794 benevolentia
1479 737 1728 794 funditus
1751 741 1946 794 exstir-

364 825 483 894 pari
523 825 971 894 ea'terminariqne
996 841 1192 896 passus
1223 843 1375 893 sum;
1417 828 1512 896 qui
1548 827 1752 898 ubique
1777 827 1948 884 Israe-

365 917 432 970 lis
466 915 728 984 reliquias
754 920 1028 973 asservari
1060 919 1342 974 voluerim.
1397 919 1607 988 Itaque,
1643 927 1697 973 et
1751 927 1804 973 te
1832 919 1943 988 jam

364 1006 655 1074 Babylone,
686 1023 796 1062 non
822 1017 968 1063 metu
995 1018 1433 1073 consternatum,
1460 1009 1554 1066 sed
1587 1011 1772 1066 studio
1805 1012 1946 1065 lidu-

363 1097 557 1166 ciaque
581 1115 743 1169 quam
799 1100 1035 1156 maxima
1081 1101 1281 1156 latitia
1311 1119 1483 1157 vocem
1531 1104 1943 1170 inclamuntem,

363 1189 546 1252 egredi
624 1191 771 1245 volo.
857 1189 930 1244 Ut
1011 1191 1158 1245 enim
1221 1191 1309 1245 illa
1368 1193 1620 1262 gentibus
1690 1193 1946 1248 omnibus

360 1278 664 1349 (Egyptiis
695 1290 750 1335 et
783 1281 1076 1337 Pharaone
1099 1281 1320 1347 deletis,
1348 1297 1510 1352 quem
1540 1299 1598 1338 se
1627 1284 1680 1337 in
1717 1284 1820 1338 hoc
1849 1299 1944 1338 ex-

365 1379 592 1436 citasse,
659 1379 719 1424 ut
765 1372 820 1424 in
881 1372 1074 1427 eodem
1109 1374 1340 1444 gloriam
1397 1389 1553 1428 suam
1609 1377 1944 1441 ostenderet,

365 1462 652 1516 allirmavit
705 1461 970 1517 Dominus
1005 1464 1073 1534 θ’)
1105 1479 1173 1520 ex
1202 1464 1442 1535 Egypto
1479 1468 1717 1520 innotuit
1762 1475 1946 1523 trans-

365 1551 626 1617 migratio
657 1567 670 1604 :
715 1553 796 1607 sic
827 1559 881 1608 et
903 1553 1062 1606 istam
1097 1554 1166 1609 de
1195 1554 1472 1625 Babylone
1511 1557 1942 1626 redemptionem

366 1642 595 1697 minime
648 1643 805 1697 decet
873 1644 1165 1711 occultari,
1231 1646 1327 1700 sed
1364 1661 1430 1702 ex
1470 1661 1535 1700 ea
1583 1648 1945 1717 redemptoris

2046 465 2319 536 παραϐὰς,
2375 464 2645 534 καὶπρὸς
2696 461 3142 534 εἰδωλολατρείαν
3183 462 3434 533 τραπεὶς,
3485 481 3611 533 παρ·

2047 558 2232 629 εδόῢης
2282 556 2524 627 ἐχθροῖς·
2583 554 2677 608 καὶ
2724 554 2846 608 οὐδὲ
2911 553 3056 607 οὕτω
3105 554 3368 621 παγγενεὶ
3398 552 3460 605 δι’
3487 555 3608 626 ἐμὴ)

2047 649 2456 720 φιλανθρωπίαν
2479 647 2976 716 ἑξωλοθρεύθητε.
3020 646 3160 717 Τετή
3171 662 3330 717 ρηται
3354 646 3460 716 γὰρ
3488 664 3609 700 παν-

2045 741 2209 813 ταχοῦ
2234 743 2296 794 τδ
2327 739 2679 808 κατάλειμμα
2737 738 2818 810 τῷ
2854 737 3090 808 Ἰσραήλ,
3153 738 3244 791 Διό
3282 754 3366 790 σοι
3412 737 3502 792 καὶ
3528 739 3613 793 νῦν

2046 833 2111 885 ἐκ
2170 829 2530 895 Βαϐυλῶνος
2578 827 2780 893 ἐξιέναι
2833 827 3015 897 φημὶ,
3073 825 3150 897 μὴ
3201 825 3300 879 σὺν
3339 825 3486 896 φόϐῳ
3531 830 3614 881 καὶ

2049 921 2276 985 ὐπτίως,
2311 920 2519 990 σπουδῇ
2552 919 2610 972 δὲ
2649 917 2980 988 κεχρημένῳ
3023 916 3216 986 πολλῇ,
3267 917 3363 970 καὶ
3419 917 3616 986 φωνὴν

2046 1011 2428 1080 εὐφροσύνης
2450 1009 2662 1080 βοῶντι.
2701 1010 2791 1072 Ὠς
2824 1009 2933 1078 γὰρ
2963 1007 3075 1079 ἠέξ
3105 1006 3382 1076 Αἰγύπτου
3411 1008 3617 1077 γέγονεν

2047 1105 2221 1170 ἔξοδος
2254 1104 2387 1156 πᾶσι
2418 1104 2533 1165 τοῖς
2561 1101 2770 1154 ἔθνεσιν
2815 1099 3064 1172 ἐμφανὴς
3091 1099 3309 1171 (Φαραὼ
3345 1101 3444 1170 μὲν
3502 1101 3619 1154 ἀνθ-

2052 1194 2368 1264 ισταμένου,
2400 1193 2784 1264 πληττομένων
2807 1193 2864 1246 δέ
2901 1191 3012 1245 τῶν
3039 1192 3373 1260 Αἰγυπτίων,
3415 1193 3546 1262 πρὸς
3566 1193 3619 1246 ὃν

2049 1302 2242 1356 φησιν’
2296 1287 2391 1349 Et;
2428 1284 2586 1338 τοῦτο
2631 1282 2892 1355 ἐξήγειρά
2919 1299 3000 1347 σε,
3046 1283 3194 1347 ὅπως
3225 1282 3542 1352 ἐνδείξωμαι
3568 1285 3619 1335 ἐν

2050 1376 2132 1427 σοὶ
2176 1373 2273 1444 τὴν
2296 1373 2524 1441 δύναμίν
2557 1373 2706 1442 μου),
2734 1372 2908 1434 οὕτως
2933 1371 3103 1442 ἐχρῆν
3152 1371 3290 1442 μηδὲ
3317 1373 3413 1440 τὴν
3440 1373 3504 1424 ἐκ
3529 1373 3623 1425 Βα-

2048 1466 2281 1530 ϐυλῶνος
2313 1465 2581 1536 λύτρωσιν
2606 1464 2859 1534 γενέσθαι
2911 1467 3063 1536 σιγῇ,
3123 1463 3425 1532 δοξολογεῖν
3453 1464 3508 1516 δὲ
3540 1465 3623 1517 τὸν

2049 1559 2349 1631 λυτρωτὴν,
2387 1576 2405 1609 ι
2437 1558 2593 1628 Φωνὴ
2637 1557 2748 1628 γὰρ
2780 1557 3154 1625 ἀγαλλιάσεως
3209 1555 3302 1608 καὶ
3356 1557 3623 1626 σωτηρίας

2051 1652 2109 1704 ἐν
2172 1652 2398 1722 σκηναῖς
2446 1650 2692 1703 δικαίων.
2730 1663 2750 1701 ι
2800 1647 2998 1720 Ἐχρῆν
3037 1646 3146 1716 γὰρ
3213 1648 3272 1699 ἐν
3329 1646 3624 1716 διηγήσεως

365 1731 595 1800 gloriam
619 1731 960 1789 inuetescere
995 1741 1051 1790 et
1081 1734 1388 1806 praedicari.
1415 1753 1435 1787 ‹
1475 1734 1590 1791 Vox
1618 1737 1788 1802 enim,
1823 1739 1953 1792 scri-

2058 1746 2244 1814 τρόπῳ
2263 1743 2562 1811 δοξολογεῖν
2589 1741 2730 1795 κατά
2757 1741 2850 1794 τὸν
2897 1741 3072 1809 μέγαν
3102 1739 3264 1793 Δαδίδ
3287 1755 3300 1768 ο
3331 1757 3349 1790 ι
3394 1739 3617 1808 Εῦδὸκη.

365 1822 513 1876 bitur
586 1823 974 1880 exsultationis
1053 1836 1110 1882 et
1197 1825 1394 1883 salutis
1451 1827 1506 1882 in
1590 1829 1956 1882 tabernaculis

367 1913 642 1984 iustorum
672 1917 712 1970 ί.
742 1935 761 1967 ι
786 1915 1026 1986 Equum
1048 1917 1196 1973 enim
1219 1916 1396 1973 fuerat
1426 1919 1761 1974 narrationis
1794 1919 1955 1974 modo

367 2005 564 2061 laudes
590 2007 728 2062 istas
784 2007 1092 2074 deeantari,
1133 2009 1279 2064 sicut
1309 2025 1338 2064 a
1377 2009 1580 2066 Davide
1619 2010 1820 2064 factum
1849 2020 1954 2078 est,

370 2097 463 2152 ubi
499 2099 616 2154 ait:
651 2117 670 2150 ι
704 2099 1030 2170 Suscepisti,
1082 2100 1332 2168 Domine,
1371 2110 1574 2156 terram
1615 2110 1783 2169 tuam,
1819 2118 1956 2158 cou-

368 2189 584 2244 vertisti
627 2190 1000 2260 captivitatem
1053 2191 1244 2249 Jacob.
1295 2194 1577 2250 Remisisti
1635 2195 1956 2265 iniquitates

371 2281 574 2350 populo
609 2289 742 2347 tuo;
809 2284 1073 2353 aperuisti
1131 2285 1316 2339 omnia
1353 2294 1580 2355 peccata
1622 2301 1812 2342 eorum
1845 2288 1888 2341 ’.
1933 2307 1966 2338 ι.

372 2370 575 2427 Verum
643 2382 702 2427 ut
734 2374 985 2430 eumdem
1039 2391 1098 2432 se
1153 2393 1278 2432 esse
1307 2377 1672 2442 demonstret,
1700 2380 1792 2450 qui
1825 2379 1957 2434 olim

373 2461 628 2518 lsraelem
665 2479 760 2534 per
808 2466 1076 2520 desertum
1127 2467 1372 2523 traduxit
1414 2467 1532 2524 fore
1573 2470 1886 2540 pollicetur,
1911 2469 1957 2524 si

373 2554 457 2612 vel
471 2562 681 2618 petram
739 2556 935 2612 iterum
966 2560 1205 2614 scindere
1245 2561 1302 2614 iu
1339 2577 1602 2631 aquarum
1661 2561 1959 2616 subsidium

374 2662 512 2715 opus
552 2649 644 2711 sit,
683 2656 738 2702 et
769 2647 917 2704 istud
966 2651 1046 2706 illi
1093 2653 1258 2707 etiam
1311 2656 1366 2708 iu
1448 2653 1690 2708 Iudaeam
1737 2653 1958 2724 proiici-

376 2735 550 2789 seeuti
584 2751 691 2792 non
728 2736 1068 2794 defuturum.
1117 2741 1273 2808 Quod
1317 2745 1445 2813 quia
1492 2744 1669 2816 reipsa
1704 2746 1817 2815 geri
1850 2761 1960 2800 non

377 2826 626 2898 conligit,
682 2829 748 2883 ad
808 2830 1128 2901 allegoriam
1189 2834 1269 2890 sic
1326 2835 1574 2890 nonnulli
1631 2835 1958 2892 retulerunt.

379 2917 470 2981 lis,
509 2917 601 2987 qui
656 2921 976 2991 captivitate
1015 2923 1348 2996 intelligibili
1395 2927 1613 2984 liberati
1665 2937 1846 2994 erant,
1895 2930 1962 2984 de

376 3009 579 3074 quibus
637 3009 895 3070 Christus
945 3016 1061 3086 ipse
1101 3018 1448 3089 loquebatur,
1481 3035 1607 3075 cum
1649 3037 1708 3078 se
1730 3030 1789 3076 ut
1827 3036 1964 3092 pau-

378 3101 606 3169 peribus
630 3107 1060 3176 evangelizaret,
1082 3118 1135 3165 et
1161 3112 1395 3182 captivis
1415 3113 1797 3169 remissionem
1827 3129 1962 3184 prat-

378 3193 608 3259 dicaret,
640 3197 871 3252 missum
896 3215 1018 3255 esse
1043 3196 1466 3274 diccrct'.5&.8
1497 3205 1779 3260 rationalis
1809 3220 1965 3276 aquae

379 3283 529 3337 rivus
547 3283 622 3338 τίς
651 3296 798 3353 petra
840 3289 1086 3345 veritatis
1137 3293 1432 3344 emanavit.

379 3377 555 3441 inquit
622 3377 942 3444 Apostolus,
995 3389 1115 3434 erat
1168 3381 1424 3439 Christus
1455 3382 1515 3448 ⁴ς
1553 3385 1714 3454 cujus
1761 3394 1814 3441 et
1859 3388 1962 3442 ista

381 3476 546 3521 situt:
585 3485 602 3519 ι
636 3466 738 3534 Qui
772 3469 972 3525 biberit
1035 3486 1256 3542 aquam,
1311 3490 1474 3543 quam
1515 3491 1616 3545 ego
1661 3477 1824 3540 dabo,
1855 3476 1960 3531 llu-

1545 3294 1706 3348 Petra
1755 3303 1960 3361 autem,
2003 3355 2012 3360 _

2058 1853 2178 1899 σας,
2212 1834 2405 1906 Κύριε,
2433 1835 2534 1904 τὴν
2563 1836 2667 1904 γῆν
2699 1849 2815 1898 σου,
2862 1831 3209 1902 ἐπέστρεψας
3237 1830 3334 1902 τὴν
3354 1830 3626 1901 αἰχμαλω‹

2058 1928 2178 1981 σίαν
2223 1927 2442 1981 Ἰακώϐ.
2499 1927 2742 1994 Ἀφῆκας
2798 1924 2896 1989 τὰς
2944 1923 3178 1994 ἀνομίας
3233 1921 3310 1994 τῷ
3359 1923 3478 1994 λαῷ
3519 1941 3625 1986 σου,

2056 2017 2335 2086 ἐκάλυψας
2361 2017 2537 2079 πάσας
2570 2015 2667 2078 τάς
2716 2014 2992 2084 ἁμαρτίας
3015 2013 3222 2068 αὐτῶν.
3255 2031 3274 2065 ι
3312 2013 3538 2067 Ἑαυτὸν
3579 2013 3627 2065 δὲ

2055 2107 2268 2171 δεικνὺς
2322 2108 2527 2158 ἐκεῖνον
2585 2105 2716 2158 ὄντα
2773 2104 2863 2158 τὸν
2889 2104 2956 2158 δι’
2995 2102 3222 2173 ἐρήμου
3255 2103 3425 2158 πάλαι
3449 2103 3629 2172 διαγα-

2056 2198 2222 2266 γόντα
2250 2198 2340 2250 τὸν
2383 2195 2620 2267 Ἰσραὴλ,
2649 2193 2837 2266 φησϊν,
2868 2192 2943 2258 ὡς
2972 2195 3040 2248 Et
3066 2193 3228 2248 πάλιν
3257 2193 3484 2264 ἐδεήθης
3504 2208 3630 2262 σχι-

2059 2286 2310 2357 ζομένης
2348 2285 2570 2354 πέτρας
2595 2284 2746 2352 πρὸς·
2780 2284 2999 2350 ὓδατος
3023 2283 3335 2354 χορηγίαν,
3360 2279 3428 2353 ἦν
3461 2284 3526 2338 ἀν
3557 2300 3629 2335 σοι

2057 2380 2152 2434 καὶ
2188 2378 2345 2432 τοῦτο
2365 2380 2444 2441 είς
2485 2378 2586 2448 τὴν
2627 2376 2890 2430 Ἰουδαίαν
2919 2375 3209 2446 βαδίζοντι.
3231 2375 3321 2445 Μὴ
3349 2375 3631 2446 γενόμενον

2056 2471 2114 2524 δέ
2164 2470 2283 2524 καθ’
2349 2468 2612 2540 ἱστορίαν,
2659 2468 2804 2521 οῦτω
2855 2467 3000 2531 τινὲς
3048 2466 3453 2537 ἢλληγόρησαν.
3517 2469 3631 2527 Τοῖς

2059 2560 2439 2631 αἰχμαλωσίας
2496 2556 2969 2629 ἡλευθερωμένοις
3023 2555 3123 2625 τῆς
3167 2556 3363 2624 νοητῆς
3404 2555 3534 2624 περὶ
3567 2547 3632 2605 ὢν

2057 2651 2245 2720 ἔλεγεν
2260 2653 2287 2703 ό
2305 2652 2347 2704 Χ
2360 2651 2560 2722 ριστδς,
2585 2648 3058 2717 Εὑαγγελίσασθαι
3085 2649 3319 2718 πτωχοῖς
3333 2647 3438 2700 ἀπέ
3447 2646 3636 2698 στα).κέ

2062 2761 2152 2814 με,
2187 2740 2422 2812 κηρύξαι
2452 2739 2816 2811 αἰχμαλώτοις
2888 2741 3104 2808 ἄφεσιν,
3130 2737 3191 2790 τὸ
3238 2736 3454 2803 λογικὸν
3501 2738 3638 2804 νάμα

2057 2835 2159 2904 τῆς
2186 2833 2448 2907 ἀληθινῆς
2497 2832 2762 2886 ἐκδίδοται
2823 2831 3065 2901 πέτρας.
3105 2831 3170 2883 Ἠ
3215 2829 3271 2882 δὲ
3309 2829 3482 2897 πέτρα
3520 2823 3583 2898 ἦν
3613 2830 3638 2880 ό

2059 2927 2316 2998 Χριστδς,
2350 2925 2490 2980 κατὰ
2522 2926 2614 2978 τὺν
2648 2923 2992 2988 Ἀπόστολον,
3038 2922 3098 2985 ὃς
3123 2923 3215 2976 καί
3259 2936 3447 2992 φησιν⁸
3489 2939 3507 2972 ι
3550 2922 3639 2982 Ὃς

2065 3019 2130 3072 ἂν
2154 3018 2250 3090 πίῃ
2279 3020 2340 3071 ἐκ
2361 3017 2454 3071 τοῦ
2488 3017 2677 3081 ὓδατος
2735 3011 2796 3070 οὗ
2835 3015 2948 3083 ἐγὼ
2974 3015 3154 3078 δώσω,
3192 3014 3427 3082 ποταμοὶ
3462 3013 3528 3064 ἐκ
3548 3010 3640 3080 τῆς

2067 3110 2274 3174 κοιλίας
2302 3108 2467 3164 αὑτοῦ
2497 3109 2790 3180 ῥεύσουσιν
2833 3108 3022 3182 ὕδατος
3062 3105 3288 3170 ζῶντος.
3325 3123 3344 3156 ι
3387 3105 3475 3166 Ὠς
3506 3103 3568 3156 ἂν
3588 3101 3641 3155 δέ

2070 3201 2144 3272 μὴ
2177 3199 2471 3270 νομίσωσιν
2533 3201 2582 3253 οἱ
2635 3201 2692 3252 ἐν
2748 3200 2933 3262 αὐτοῖς
2979 3196 3198 3260 ἀσεδεῖς
3242 3195 3334 3250 καὶ
3354 3195 3421 3248 δι’
3451 3193 3643 3254 αὐτοὺς

2065 3293 2349 3362 γεγονέναι
2401 3293 2501 3362 τῆς
2554 3291 2806 3360 ἀφέσεως
2853 3290 2952 3361 τὴν
2979 3289 3292 3360 ὑπόσχεσιν,
3319 3287 3413 3340 καὶ
3462 3286 3559 3357 τὴν
3587 3285 3642 3350 ἐξ

2065 3385 2234 3456 αὐτῆς
2265 3385 2673 3453 εὐφροσύνην,
2692 3383 2899 3436 τούτων
2929 3382 3127 3445 αὐτοὺς
3167 3379 3483 3450 ἀλλοτρίους
3541 3380 3643 3431 ὰπ-

2068 3477 2288 3548 ἐφηνεν.

381 3563 526 3615 iuiua
557 3562 624 3617 de
658 3574 850 3620 ventre
910 3566 1031 3636 eius
1071 3566 1242 3622 ﬂuent
1278 3585 1436 3639 aquae
1469 3571 1604 3625 vivae
1633 3573 1695 3626 ⁸⁸.
1729 3591 1747 3624 ι
1780 3563 2072 3637 Caet‘crum,
2108 3573 2298 3641 nequi
2352 3571 2496 3626 inter
2562 3585 2658 3625 eos
2695 3578 2991 3626 versantur
3054 3565 3230 3637 impii,
3299 3571 3528 3635 propter
3591 3577 3647 3618 se

379 3657 540 3712 etiam
575 3659 744 3713 venite
771 3661 1189 3729 promissionem
1225 3663 1339 3718 fieri
1369 3665 1795 3730 arbitrarentur,
1838 3668 2041 3721 ιιιιιὶιὶω
2072 3683 2263 3722 eorum
2299 3673 2555 3734 expertes
2593 3663 2708 3718 fore
2759 3663 2910 3732 ipsos
2949 3660 3346 3731 pronuntiavit.

448 3747 711 3806 Nonnulli
750 3751 1173 3825 Babyloniorum
1245 3760 1467 3813 nomine
1521 3760 1719 3830 impios
1755 3761 1948 3830 signiti-

378 3839 495 3894 cari
522 3841 870 3898 arbitrantur
905 3845 998 3913 qui
1041 3847 1233 3902 ultioni
1285 3849 1496 3914 traditi,
1537 3851 1604 3906 iis
1633 3853 1962 3905 exsultanti-

379 3932 620 4002 bus,qui
657 3935 922 4003 redempti
972 3943 1181 4000 essent,
1233 3939 1472 4007 gaudere
1533 3955 1642 3994 non
1682 3951 1956 4010 poterant.

379 4021 718 4089 Putantalii,
753 4041 821 4080 nc
851 4039 1066 4091 eorum,
1109 4043 1231 4097 qua:
1285 4028 1431 4083 dicta
1478 4023 1630 4094 sunt,
1681 4031 1960 4100 voluptate

377 4117 518 4186 rapti
553 4117 749 4187 supine
802 4132 862 4173 se
893 4127 948 4172 et
997 4119 1334 4188 negligenter
1366 4131 1660 4192 gererent;
1695 4132 1956 4192 tauquam

2135 3759 2293 3822 Τινὲς
2326 3759 2384 3812 δέ
2412 3757 2631 3820 ἀσεϐεῖς
2651 3757 2776 3820 τοὺς
2805 3753 3176 3822 Βαϐυλωνίους
3195 3749 3645 3821 είρῆσθαίφασινν

2062 3854 2111 3905 οἳ
2174 3850 2568 3923 παραδοθέντες
2627 3850 2848 3904 κολάσει
2931 3847 3144 3919 χαίρειν
3203 3846 3303 3898 οὐκ
3342 3837 3512 3913 είχον,
3544 3843 3647 3894 τῶν

2063 3945 2484 4014 λελυτρωμένων
2516 3942 2836 4012 χαιρόντων.
2873 3941 3031 4001 Τινὲς
3049 3939 3106 3991 δέ
3137 3954 3321 4008 φασιν,
3349 3936 3434 3988 ἵνα
3461 3936 3538 4006 μὴ
3564 3935 3648 3986 διὰ

2059 4040 2160 4106 τὴν
2193 4036 2301 4090 τῶν
2331 4034 2606 4106 ῥηθέντων
2653 4032 2851 4103 ἡδονὴν
2897 4030 3264 4092 ὑπτιὰσαντες
3319 4025 3648 4096 ῥαθυμήσωι-

2073 4147 2177 4192 σιν,
2213 4129 2287 4191 ὡς
2315 4128 2533 4190 πάντως
2565 4126 2744 4179 αὐτῶν
2771 4123 3109 4194 τευξόμενοι,
3129 4120 3229 4174 κᾶν
3249 4118 3463 4178 ἀσεϐεῖς
3494 4111 3647 4177 ὦσιν,

377 4224 439 4260 ea
471 4208 716 4273 ontniuo,
751 4211 1103 4278 quantumvis
1155 4211 1322 4281 impie
1354 4213 1618 4274 viverent,
1658 4214 1954 4284 adepturos

2065 4217 2510 4287 ἂπαξεὶρηκότος
2560 4216 2716 4278 Θεοῦ,
2754 4216 2920 4284 φόϐον
2959 4212 3146 4272 αὐτοῖς
3177 4208 3318 4278 ὑπὲρ
3347 4207 3650 4276 ἀσφαλείας

378 4299 607 4354 dixisset
635 4299 815 4366 Deus;
852 4309 1056 4356 metum
1113 4303 1246 4372 ipsis
1293 4319 1390 4373 pro
1428 4305 1730 4360 securitate
1777 4305 1954 4360 immi-

2063 4309 2393 4378 ἐπήρτησεν.
2421 4307 2531 4360 Καὶ
2597 4307 2712 4370 πῶς
2745 4309 2854 4376 γὰρ
2890 4306 2955 4359 ἀν
3003 4321 3088 4368 τις
3140 4301 3522 4370 εὐφραίνοιτο
3557 4295 3650 4349 τοῦ

380 4410 508 4446 nere
543 4392 936 4449 dcnmustrari.
967 4396 1068 4461 Qui
1121 4398 1267 4451 enim
1326 4398 1505 4452 lwtari
1543 4400 1835 4471 quisquam
1869 4417 1954 4456 vat

2063 4401 2162 4470 τῆς
2183 4401 2355 4470 χαρᾶς
2399 4399 2684 4471 στερηθεὶς
2736 4397 3011 4470 χορηγοῦ;
3076 4397 3141 4448 Al
3175 4394 3284 4465 γὰρ
3318 4390 3648 4459 ἐπαγγελίαι

379 4487 506 4545 ιιιτιι.
544 4487 636 4556 qui
673 4504 760 4552 eo,
788 4503 817 4542 a
851 4504 960 4557 quo
996 4491 1184 4545 laetitia
1216 4492 1620 4560 suppeditatur,
1651 4494 1954 4549 exciderit?

2062 4495 2174 4557 τοῖς
2206 4493 2531 4560 φυλάττουσι
2561 4492 2786 4562 βέϐαιοι.
2814 4490 2920 4542 Τοῦ
2947 4487 3082 4542 Θεοῦ
3115 4487 3224 4558 γὰρ
3271 4487 3303 4555 ὴ
3342 4483 3653 4554 πρόγνωσις

381 4577 518 4627 Sunt
548 4577 692 4629 enim
719 4577 806 4641 iis,
838 4593 868 4630 a
905 4578 1106 4648 quibus
1155 4581 1543 4648 observantur,
1583 4589 1749 4637 certa:
1783 4592 1836 4636 et
1879 4583 1954 4637 iu-

2063 4584 2124 4649 ἐξ
2147 4586 2392 4654 ἀνάγκης
2422 4585 2623 4655 ἀρετὴν
2644 4583 2704 4636 οὺ
2750 4583 2912 4635 ποιεῖ.
2953 4580 3083 4634 Ἰδοὺ
3134 4579 3247 4648 γὰρ
3279 4574 3532 4647 προέγνω
3562 4574 3653 4625 τὸν

379 4667 640 4720 dubitata:
693 4669 1091 4738 prouiissiones
1151 4689 1164 4724 :
1228 4686 1404 4742 neque
1465 4674 1556 4728 Dei
1608 4675 1962 4745 pt'azcognitio

378 4756 640 4810 virtutum
674 4760 928 4828 cuiquam
977 4776 1043 4816 ex
1086 4763 1417 4818 necessitate
1477 4773 1760 4834 operatur.
1817 4769 1959 4825 Ecce

379 4850 547 4911 eiiim,
609 4866 734 4904 cum
789 4851 1056 4908 Jacobum
1101 4855 1218 4912 fore
1258 4857 1532 4928 integrum
1593 4861 1955 4928 praevidisset,

380 4942 504 4996 talis
521 4949 574 4997 et
621 4943 739 5013 ipse
787 4959 880 5015 per
913 4962 994 5010 se,
1027 4963 1136 5003 non
1164 4949 1294 5020 quia
1335 4951 1608 5021 prmvisus
1633 4963 1802 5019 esset,
1827 4969 1958 5009 eva-

379 5035 472 5099 sit,
528 5035 762 5106 vitatque
794 5038 1123 5107 probitatem
1163 5041 1281 5111 ipsa
1316 5043 1414 5097 viri
1451 5051 1642 5098 secuta
1670 5052 1755 5100 est
1789 5046 1958 5102 bene-

379 5128 564 5182 dictio.
597 5131 757 5186 Decet
788 5132 956 5203 igitur
998 5131 1177 5188 lutura
1202 5134 1268 5188 de
1300 5135 1460 5190 nobis
1485 5135 1820 5207 praedicente
1849 5136 1960 5192 Deo

381 5219 517 5271 nihil
556 5224 769 5289 supine,
805 5223 938 5277 nihil
972 5225 1307 5296 negligenter
1327 5242 1507 5297 agerc.
1548 5226 1776 5291 Deinde,
1813 5229 1960 5298 quod

380 5312 556 5376 egredi
588 5314 648 5365 de
678 5312 946 5383 Babylone
980 5317 1173 5386 jubet;
1237 5327 1290 5372 et
1334 5320 1535 5384 locum,
1560 5329 1612 5373 et
1649 5335 1831 5374 mores
1860 5321 1962 5374 im-

461 5437 513 5490 9°.
535 5435 703 5490 Ewd.
741 5452 856 5502 xm,
889 5457 995 5496 xiv.

1076 5443 1090 5470 ‘
1130 5439 1269 5494 Paul.
1305 5459 1468 5510 cxul,
1503 5441 1588 5500 15.

389 5523 483 5570 vn,
511 5507 598 5560 58.

1667 5445 1687 5475 ’
1725 5445 1871 5502 l‘sal.
1910 5429 2212 5507 ι.χχιιιι’,’ἓ,
2240 5443 2290 5496 5.
2351 5441 2370 5471 ³
2396 5438 2531 5496 Luc.
2566 5454 2636 5506 ιν,
2669 5439 2752 5505 l8,
2786 5437 2868 5492 19.
2933 5435 2951 5466 ⁵
2988 5435 3004 5488 l
3037 5435 3158 5491 Cor.
3201 5451 3256 5501 χ,
3285 5433 3337 5488 4.

2075 4673 2264 4728 Ἰακὼὸ
2285 4675 2493 4742 ἀγαθὸν
2525 4673 2914 4742 γενησόμενον.
2965 4670 3076 4724 Καὶ
3118 4669 3312 4736 γέγονε
3363 4664 3429 4718 δι’
3457 4662 3654 4717 ἐαυτὸν

2061 4765 2287 4834 ἀγαθὸς,
2334 4765 2433 4835 οὐχ
2487 4766 2567 4818 ὅτι
2622 4763 2992 4834 προέγνωστο.
3023 4759 3114 4812 Διὸ
3144 4765 3238 4813 καὶ
3277 4755 3566 4826 εὐλογῆται
3600 4761 3650 4806 υ.

2060 4862 2152 4913 Δεῖ
2195 4859 2288 4913 οῦν
2349 4857 2740 4930 μὴ-ῥαθυμεῖν,
2775 4854 2911 4909 Θεοῦ
2946 4853 3006 4907 τὸ
3029 4851 3227 4921 μέλλον
3267 4847 3650 4919 προλέγοντος.

2059 4951 2131 5005 Τὸ
2155 4951 2494 5016 δέ,Ἕξελθε
2521 4951 2591 5004 ἐκ
2611 4945 2993 5012 Βαϐυλῶνος,
3025 4944 3118 5000 καὶ
3145 4942 3310 4995 τόπον
3332 4939 3428 4993 ita).
3450 4938 3649 5008 τρόπον

2056 5043 2314 5114 ἀμείϐειν
2376 5040 2816 5113 παρακελεύεται
2869 5037 3036 5110 μηδὲν
3086 5031 3463 5104 ἐπαγομένους
3517 5026 3651 5100 ἦθος

2055 5135 2420 5198 Χαλδαϊκὸν,
2471 5130 2770 5203 οίωνισμοῦ
2801 5148 2858 5184 τε
2891 5130 2988 5183 καὶ
3021 5127 3298 5200 μαντείας,
3325 5124 3423 5178 καὶ
3471 5123 3652 5188 πάσης

2057 5226 2293 5280 εἰδώλων
2349 5223 2770 5295 καθαρεύοντας,
2812 5221 3044 5289 πλάνης.
3099 5216 3272 5270 Τοῦτο
3326 5213 3384 5266 δέ
3425 5211 3516 5266 καὶ
3555 5207 3653 5261 ἐπὶ

2059 5318 2278 5374 πάντων
2305 5316 2568 5388 ἁρμόσειε
2597 5315 2703 5368 τῶν
2734 5312 2925 5367 ἐθνῶν.
2952 5309 3110 5374 Τινές
3139 5307 3196 5361 δέ
3224 5305 3307 5372 τὸ,
3344 5298 3652 5373 Προσαγά-

3423 5428 3467 5461 ⁸⁶
3490 5427 3651 5484 Joan.

1681 5609 1906 5662 \'.\lll.-li
1955 5609 2116 5662 l.l'l(l'l
2139 5607 2355 5661 lt't'.\l'.S.

463 5687 484 5712 ι·
524 5693 608 5741 γρ.
647 5671 971 5742 εὐλογεῖται.
