3976 6220
280 285 423 356 2461

1363 295 1901 359 COMMENTARII
1940 293 2026 357 IN
2054 293 2322 356 ISAIAM
2334 339 2350 355 .

3409 273 3554 343 24ϋὲ

282 422 415 477 rate
430 407 584 479 πρός
605 427 687 481 με
708 414 809 468 καί
837 413 1143 470 ἀκούσατε
1172 414 1380 481 ταῦτα,
1429 412 1669 486 Χριστοῦ
1703 411 1875 485 πρόσ-

2004 421 2221 479 nutare,
2240 409 2512 479 nihilque,
2548 404 2697 478 quod
2719 400 3097 462 Chaldaeorum
3127 394 3381 486 instituta
3415 394 3556 486 resi—

283 515 432 553 ωπον
460 500 520 554 τὸ
543 501 700 573 λέγον
732 503 875 561 εἶναί
904 525 1090 578 φασιν,
1123 509 1197 572 ὡς
1219 507 1285 562 ἂν
1317 509 1501 572 αὐτοῖς
1528 506 1630 580 τὴν
1651 508 1717 562 δι’
1742 509 1870 562 ἐαυ-

283 589 379 684 τοῦ
407 595 680 684 σωτηρίαν
721 598 1036 669 δηλώσειεν.
1096 601 1204 655 Καὶ
1245 599 1328 664 τὸ,
1375 600 1498 655 οὐκ
1532 599 1635 654 ἀπ’
1672 596 1870 669 ἀρχῆς

286 682 347 738 ὲν
388 682 587 760 κρυφῇ
621 691 974 761 luridum;
1028 692 1121 764 Μὴ
1149 692 1251 747 οὐκ
1308 691 1374 746 ἐκ
1421 687 1678 756 παλαιοῦ,
1711 689 1867 762 φησὶ,

288 779 552 846 προεῖπον
610 783 1140 856 ἐπικεκαλυμμένως
1216 784 1392 839 ταῦτα
1441 782 1532 839 διὰ
1573 783 1872 857 προφητῶν

287 862 401 918 ἀπὸ
438 876 466 906 ν
487 867 581 922 τοῦ
614 872 812 944 καιροῦ
842 875 1097 943 γενέσθαι
1123 892 1141 944 ;
1180 875 1333 942 αὐτὸ,
1376 875 1510 931 ἐκεῖ
1538 878 1676 947 ειμι,
1706 874 1874 947 πρινὴ

290 952 546 1039 γενέσθαι
571 959 671 1030 τὴν
730 962 925 1015 ἐαυτοῦ
960 965 1263 1036 παρουσίαν
1302 966 1538 1039 ὁρατῶς,
1589 965 1874 1035 γεγονέναι

289 1035 441 1105 λέγει
500 1043 706 1117 ταύτην
727 1048 878 1119 παρὰ
903 1049 1021 1122 Θεῷ
1044 1035 1184 1106 κατὰ
1239 1035 1346 1108 τὸν*
1396 1055 1731 1127 προορισμδν
1770 1054 1876 1126 πρὸ

291 1131 604 1205 καταϐολῆς
644 1137 877 1223 κόσμου.
937 1144 1049 1197 Καὶ
1094 1144 1213 1199 νῦν
1271 1146 1487 1213 Κύριος
1527 1144 1878 1202 ἀπέσταλκέ

286 1235 388 1323 1‘8:
422 1224 521 1278 καὶ
549 1227 632 1323 fa
669 1231 914 1323 Πνεῦμα
941 1235 1149 1293 αὑτοῦ.
1202 1236 1276 1290 Τὸ
1296 1237 1404 1306 γὰρ
1432 1236 1522 1291 ἀεὶ
1550 1237 1701 1308 παρὰ
1727 1237 1870 1310 Θεῷ,

290 1315 454 1366 τοῦτο
516 1315 614 1372 νῦν
656 1322 871 1392 ὁρατῶς
919 1327 977 1379 ἐν
1017 1325 1209 1398 κόσμῳ
1249 1327 1482 1396 γίνεται.
1519 1327 1679 1382 Κατὰ
1711 1327 1768 1381 δέ
1812 1328 1873 1381 τὸ

291 1402 636 1473 ἀνθρώπινον
684 1411 1113 1490 ήγάποστολή.
1144 1416 1277 1480 Θεὸς
1333 1417 1446 1489 γὰρ
1500 1416 1589 1470 ἀεὶ
1643 1417 1876 1487 πάρεστι

292 1498 482 1553 πᾶσιν.
523 1500 889 1560 Ἀπεστάλθαι
942 1507 1000 1562 δὲ
1046 1508 1141 1562 καὶ
1186 1507 1341 1581 παρὰ
1390 1508 1485 1563 τοῦ
1529 1508 1882 1579 Πνεύματος

292 1590 531 1664 λέγεται,
573 1597 709 1652 καθὸ
737 1600 802 1654 ἐκ
826 1602 1177 1672 Πνεύματος
1216 1604 1374 1672 ἁγίου
1409 1604 1690 1673 γεννᾶται.
1721 1602 1881 1667 Τινὲς

292 1684 353 1738 δὲ
407 1684 503 1740 τοῦ
554 1688 721 1744 αὐτοῦ
779 1690 1077 1764 προσώπου
1128 1696 1261 1765 φασὶ
1307 1695 1406 1749 τό’
1470 1694 1533 1754 Ἡ
1583 1695 1715 1766 χείρ
1763 1712 1880 1763 μου

1976 505 2111 578 piat,
2142 503 2415 565 retinere;
2441 511 2715 568 omneque
2766 491 3125 565 auguriorum
3161 493 3217 543 et
3266 482 3556 538 vaticinio-

1976 611 2099 653 rum
2135 608 2309 666 genus
2327 632 2344 660 ,
2371 605 2589 648 omnem
2620 587 2856 657 denique
2909 579 3239 639 idololatria:
3261 584 3318 633 et
3346 570 3556 631 erroris

1976 702 2165 743 curam
2192 686 2464 756 deponere
2488 681 2811 737 adhortatur
2838 693 2854 731 :
2879 674 3024 748 quod
3044 678 3225 745 potest
3237 668 3401 726 etiam
3427 679 3561 736 gen-

1978 779 2129 835 tibus
2155 776 2413 833 omnibus
2425 772 2742 831 convenire.
2757 767 3016 825 Nonnulli
3040 779 3207 837 porro
3223 761 3387 818 verba
3406 758 3512 813 ista
3538 771 3554 809 :

1976 870 2237 927 Adducite
2252 866 2321 923 ad
2348 883 2449 933 me,
2475 875 2523 920 et
2549 863 2726 918 audite
2754 862 2888 925 hac,
2910 857 3113 916 Christi
3141 869 3266 912 esse
3283 850 3560 907 arbitran-

1980 970 2092 1025 tur,
2118 969 2377 1030 tanquam
2436 973 2498 1014 se
2521 956 2629 1012 illis
2662 960 2884 1025 propter
2914 951 3156 1020 seipsum
3183 945 3414 1002 salutem
3444 939 3561 993 lar-

1981 1052 2084 1124 giri
2114 1052 2477 1106 demonstret.
2505 1047 2601 1104 llla
2629 1045 2830 1103 deinde
2866 1059 2880 1099 :
2914 1040 3038 1096 Non
3076 1040 3142 1094 ab
3170 1037 3322 1092 initio
3351 1034 3561 1088 locutus

1981 1145 2139 1200 sum?
2175 1149 2438 1210 tanquam
2463 1155 2523 1196 se
2555 1140 2624 1195 ab
2662 1137 2889 1208 antiquo
2933 1133 3040 1190 ista
3064 1131 3282 1186 occulte
3313 1139 3407 1198 per
3437 1134 3561 1191 pro-

1984 1237 2181 1309 phetas
2235 1235 2559 1306 priusquam
2603 1231 2831 1296 ﬁerent,
2887 1225 3209 1301 praedixisse
3266 1215 3561 1288 signiﬁcet.

1986 1329 2278 1392 Praeterea,
2320 1324 2469 1397 quod
2533 1324 2607 1379 ibi
2658 1339 2777 1378 sum
2829 1322 3102 1385 habetur;
3157 1322 3450 1381 antequam
3504 1319 3566 1361 se

1986 1421 2285 1477 videndum
2338 1395 2598 1474 omnibus
2655 1414 2948 1486 praeberet,
3012 1402 3394 1478 idipsumjam
3423 1395 3566 1468 apud

1988 1513 2160 1567 Deum
2210 1520 2338 1565 ante
2384 1508 2576 1565 mundi
2642 1504 3089 1563 constitutionem
3139 1496 3467 1569 pradiuitum
3512 1495 3569 1543 et

1988 1603 2271 1659 decretum
2321 1600 2517 1668 fuisse,
2555 1600 2796 1669 indeque
2845 1596 2914 1651 Et
2956 1609 3093 1649 nunc
3122 1588 3387 1646 Dominus
3422 1580 3570 1636 misit

1989 1711 2092 1761 nte,
2119 1704 2169 1749 et
2189 1693 2422 1763 Spiritus
2447 1693 2560 1763 ejus
2582 1690 2846 1762 adjicere.
2880 1687 2983 1756 Qui
3011 1684 3156 1742 enim
3184 1692 3397 1750 semper
3422 1671 3570 1763 apud

290 1774 651 1846 ἐθεμελίωσας
670 1779 786 1852 τὴν
820 1752 957 1855 γῆν,
989 1784 1089 1839 καί
1193 1784 1363 1851 δεξιά
1397 1752 1518 1855 μου
1554 1752 1882 1854 τίεν-ὀὖρα-

2004 1787 2159 1843 Deum
2187 1785 2476 1849 remansit,
2511 1783 2655 1840 idem
2680 1796 2829 1838 nunc
2857 1780 2912 1835 iu
2942 1775 3152 1833 mundo
3193 1770 3369 1827 oculis
3393 1752 3581 1833 subjiw

289 1868 404 1924 νὸν
430 1870 820 1943 ἐστερέωσεν.
852 1880 966 1934 Καὶ
1016 1879 1099 1946 τὸ,
1124 1880 1256 1935 Νῦν
1277 1883 1497 1950 Κύριος
1533 1878 1883 1935 ἀπέσταλκέ

285 1978 365 2033 με
427 1966 521 2020 καὶ
568 1967 631 2021 τὺ
695 1970 939 2041 Πνεῦμα
993 1973 1205 2041 αὐτοῦ,
1246 1974 1385 2045 ὅπερ
1427 1969 1763 2043 δημιουργὸν
1785 1971 1877 2024 τὸν

293 2055 389 2109 ἐπὶ
416 2056 522 2129 γῆς
554 2058 776 2115 ἐλθόντα
804 2062 1158 2135 παρίστησιν.

1988 1878 2152 1935 citur.
2179 1877 2274 1932 Est
2308 1892 2436 1932 vero
2465 1874 2532 1931 de
2557 1874 2722 1947 549
2735 1871 3079 1929 humanitate
3117 1866 3236 1936 ipsa
3301 1854 3579 1914 missionis

1989 1972 2130 2028 ratio
2162 1969 2510 2039 accipienda.
2540 1967 2711 2024 Adest
2730 1966 2880 2023 enim
2906 1963 3049 2019 Deus
3067 1960 3269 2028 ubique
3292 1949 3571 2014 omnibus;

1989 2062 2085 2119 sed
2107 2079 2136 2117 a
2178 2061 2387 2133 Spiritu
2417 2063 2582 2118 etiam
2617 2060 2819 2116 missus
2846 2072 2971 2113 esse
3005 2053 3205 2108 dicitur
3226 2050 3272 2113 ',
3303 2050 3575 2118 qualemn

295 2164 329 2205 ³
369 2149 577 2222 Spiritu
604 2164 795 2216 Sancto
826 2168 1143 2230 generatur.
1196 2158 1314 2215 Non
1345 2159 1542 2216 desunt
1587 2169 1794 2228 tamen,
1836 2156 1930 2230 qui
1970 2157 2104 2215 illud
2137 2175 2151 2212 :
2185 2156 2383 2213 Manus
2406 2173 2525 2212 mea
2544 2154 2787 2224 fundavit
2811 2161 3004 2206 terram
3029 2187 3045 2213 ,
3075 2155 3124 2202 et
3176 2146 3393 2201 destera
3460 2149 3577 2188 mea

295 2245 484 2301 caelum
507 2247 786 2317 stabilivit,
815 2228 872 2307 et
899 2249 1034 2307 illud
1063 2252 1250 2319 etiam,
1322 2250 1482 2306 Nunc
1526 2252 1784 2307 Dominus
1845 2228 1993 2305 misit
2068 2267 2188 2317 me;
2264 2251 2506 2321 itemque
2535 2238 2713 2304 illud':
2748 2244 2984 2314 Spiritus
3023 2240 3161 2310 ejus,
3222 2250 3335 2307 quo
3393 2228 3573 2302 opifex

296 2335 411 2409 ille,
441 2338 537 2411 qui
567 2338 623 2396 in
651 2347 857 2398 terram
893 2343 1068 2412 venit,
1089 2341 1457 2414 signiﬁcatur,
1476 2342 1728 2413 ejusdem
1758 2357 1883 2400 esse
1922 2357 2174 2415 personae
2207 2343 2573 2404 arbitrentur.

893 2477 1149 2532 ΚΕΦΔΔ.
1182 2477 1318 2532 MG'.

370 2591 526 2662 αρε-ιγ’.
569 2591 898 2648 ’Δκούσατέ
946 2609 1089 2662 μου,
1141 2589 1345 2661 νῆσοι,
1373 2590 1472 2647 καὶ
1523 2589 1885 2661 προσέχετε,

299 2684 470 2755 ἔθνη.
487 2684 593 2740 Διὰ
604 2684 830 2757 χρόνου
858 2683 1095 2740 πολλοῦ
1115 2683 1433 2751 στήσεται,
1465 2682 1629 2753 λέγει
1652 2683 1890 2752 Κύριος.

313 2775 418 2831 Ἐκ
437 2775 676 2843 κοιλίας
693 2774 925 2847 μητρός
972 2790 1093 2845 μου
1145 2772 1403 2828 ἐκάλεσε
1441 2774 1507 2827 τὸ
1532 2770 1721 2841 ὄνομά
1745 2789 1889 2841 μου,

302 2870 405 2927 καί
454 2873 639 2940 ἔθηκε
694 2871 765 2926 τὸ
819 2871 1016 2941 στόμα
1036 2887 1180 2940 μου,
1214 2869 1295 2936 ὡς
1317 2867 1626 2939 μάχαιραν
1664 2865 1895 2932 ὀξεῖαν,

304 2962 545 3021 καὶὺπὸ
568 2962 683 3033 τὴν
707 2964 951 3031 σκέπην
986 2959 1099 3030 τῆς
1150 2961 1351 3031 χειρὸς
1399 2959 1589 3015 αὑτοῦ
1666 2956 1902 3028 ἔκρυψέ

303 3072 403 3129 με.
434 3056 650 3124 Ἐθηκέ
674 3071 751 3125 με
807 3052 952 3108 ὡσεί
991 3052 1188 3119 βέλος
1232 3049 1545 3114 ἐκλεκτὸν,
1586 3047 1684 3103 καὶ
1723 3047 1793 3102 ἐν
1827 3046 1903 3116 τῇ

234 3188 239 3195 .
304 3149 571 3220 φαρέτρα
598 3145 787 3202 αὐτοῦ
836 3145 1070 3214 ἐκρυψέ
1098 3161 1197 3215 με,
1228 3142 1328 3199 καί
1353 3139 1485 3198 εἶπέ
1499 3156 1633 3212 μοι·
1667 3139 1901 3208 Δοῦλός

303 3256 425 3312 μου
476 3233 537 3294 ετ
573 3236 678 3298 σὺ,
711 3236 984 3307 Ἰσραὴλ,
1044 3235 1143 3291 καί
1202 3235 1271 3291 ἐν
1310 3234 1412 3291 σοὶ
1450 3231 1907 3302 ἐνδοξασθήσο-

305 3350 438 3405 μαι,
471 3349 528 3386 κ.
555 3348 608 3386 τ.
639 3329 693 3386 λ.

381 3447 465 3503 Τὰ
487 3444 800 3518 κατάλληλα
855 3444 972 3509 τοῖς
1019 3441 1295 3508 Ἰουδαίοις
1323 3441 1515 3507 εἰπὼν,
1541 3441 1636 3495 ἐπὶ
1658 3439 1756 3511 τὴν
1792 3435 1903 3491 τῶν

311 3539 483 3596 ἐθνῶν
507 3534 666 3602 αὖθις
713 3535 1043 3609 μετέρχεται
1106 3532 1356 3602 κλῆσιν,
1391 3528 1485 3585 καὶ
1509 3529 1606 3585 τοῦ
1648 3529 1905 3599 Σωτῆρος

306 3632 410 3704 ,τὴν
475 3630 821 3699 ἐπιφάνειαν.
864 3625 957 3680 Διδ
1010 3624 1110 3691 τὰς
1163 3617 1491 3692 Ἐκκλησίας
1549 3617 1905 3675 ἀνακαλεῖται

313 3725 551 3797 νήσους
581 3721 773 3787 είπὼν,
807 3719 884 3784 ὡς
926 3717 1195 3789 ἁλμυροῖς
1218 3713 1313 3769 τοῦ
1340 3712 1458 3784 βίου
1514 3712 1609 3766 καὶ
1636 3711 1747 3765 τῶν
1780 3727 1906 3765 πει-

318 3815 547 3889 ρασμῶν
606 3810 1080 3883 περικλυζομένας
1137 3808 1253 3873 τοῖς
1311 3805 1547 3879 κύμασι.
1595 3805 1772 3859 Τίνων
1848 3802 1907 3857 δέ

316 3909 375 3964 al
421 3907 601 3976 νῆσοι
655 3902 834 3975 δηλῶν
890 3900 1143 3972 ἐπιφέρει
1169 3898 1283 3966 καὶ,
1346 3896 1708 3966 Προσέχετε,
1737 3894 1904 3963 ἔθνη,

320 4002 537 4073 μήποτε
564 3995 799 4069 νομισθῇ
830 3993 969 4064 πρὸς
1012 3990 1301 4054 Ἰουδαίους
1350 3991 1380 4043 ὁ
1413 3988 1591 4057 λόγος.
1631 3986 1792 4041 Καὶό
1814 3985 1908 4057 μέ-

318 4106 422 4159 γας
447 4088 504 4141 δέ
527 4086 678 4155 λέγει
709 4083 876 4141 Δαὸίδ
896 4100 910 4113 ’
941 4100 963 4136 ι
1004 4082 1064 4136 '0
1093 4080 1298 4151 Κύριος
1340 4078 1713 4146 ἐϐασίλευσεν,
1740 4075 1910 4146 ἀγαλ-

317 4180 582 4250 λιάσθωή
620 4173 1232 4250 γῆ.Εὑφραινέσθωσαν
1256 4172 1412 4244 νῆσοι
1449 4170 1665 4226 πολλαί.
1701 4189 1720 4223 s
1761 4169 1828 4223 Τί
1850 4166 1909 4223 δέ

320 4272 471 4341 λέγει
497 4272 611 4334 τοῖς
638 4271 862 4334 ἔθνεσι,
897 4265 973 4339 μὴ
1000 4264 1141 4320 κατὰ
1171 4263 1264 4318 τὸν
1287 4262 1388 4335 τῆς
1416 4259 1756 4334 προφητείας
1789 4276 1910 4314 και·

322 4364 418 4435 ρδν
447 4361 557 4416 τῶν
587 4359 931 4434 πραγμάτων
958 4355 1330 4429 προσδοκῆσαι
1356 4353 1455 4425 τὴν
1491 4352 1738 4418 ἔκϐασιν,
1763 4349 1913 4422 μετὰ

321 4457 548 4525 χρόνον
574 4453 642 4508 δὲ
656 4452 982 4518 πλεῖστον;
1004 4448 1297 4517 Στήσεται
1312 4446 1391 4512 δέ,
1418 4445 1589 4515 λέγει,
1607 4445 1641 4518 ἢ
1669 4444 1730 4499 τὸ
1747 4444 1914 4512 ἐπαγ-

319 4547 531 4618 γελθέν,
557 4545 673 4618 ἢτδ
695 4543 1196 4617 προφητευόμενον.
1232 4540 1307 4595 Τὸ
1329 4538 1389 4594 δέ
1425 4538 1524 4593 διὰ
1551 4536 1778 4607 χρόνου
1798 4551 1913 4606 μα-

320 4640 491 4710 κροῦ.
510 4638 816 4709 μακρόθεν
845 4636 1114 4702 ἐξέδωκαν
1141 4634 1191 4688 οἱ
1230 4631 1412 4686 λοιποὶ
1459 4631 1573 4693 τοῖς
1607 4628 1717 4697 πρὸ
1740 4627 1912 4698 αὐτῆς

1927 3359 1977 3423 C

2492 2472 2657 2544 550
2686 2469 2837 2527 CAP.
2885 2464 3079 2523 XLIX.

2068 2587 2227 2643 Vens.
2261 2586 2414 2641 1-15.
2439 2582 2634 2639 Audite
2659 2598 2757 2646 me,
2772 2578 2983 2644 insulae,
3008 2585 3057 2632 et
3076 2574 3365 2640 attendite,
3382 2580 3576 2643 gentes.

1996 2679 2127 2735 Post
2163 2679 2389 2732 multum
2414 2687 2614 2746 tempus
2648 2674 2831 2739 stabit,
2867 2670 2997 2726 dicit
3034 2669 3311 2724 Dominus.
3352 2665 3424 2719 De
3456 2681 3582 2720 ven~
3690 2706 3699 2711 -

1997 2782 2078 2828 tre
2112 2772 2300 2826 matris
2329 2786 2455 2824 mea:
2511 2766 2711 2822 vocarit
2741 2781 2928 2819 nomen
2976 2776 3184 2825 incum;
3227 2769 3277 2815 et
3308 2758 3488 2829 posuit
3524 2772 3582 2810 os

1997 2879 2194 2927 meum,
2242 2860 2398 2932 quasi
2452 2857 2691 2928 gladium
2738 2867 2977 2919 acutum,
3040 2864 3089 2908 et
3137 2854 3232 2907 sub
3257 2851 3585 2920 protectione

1999 2969 2189 3011 manus
2218 2964 2329 3006 suta
2355 2945 2625 3001 abscondit
2656 2961 2756 2996 me.
2789 2941 2977 2995 Posuit
3012 2956 3094 2992 me
3136 2951 3385 3007 tanquam
3422 2939 3582 3005 sagit-

2000 3058 2106 3103 tam
2131 3045 2371 3109 electam,
2391 3051 2438 3094 et
2467 3040 2517 3092 in
2543 3038 2793 3103 pharetra
2823 3049 2921 3086 sua
2945 3030 3217 3083 abscondit
3249 3046 3347 3089 me,
3372 3040 3420 3081 et
3446 3028 3582 3081 dixit

1999 3132 2170 3187 mihi:
2209 3129 2401 3186 Servus
2452 3143 2596 3182 meus
2654 3142 2707 3181 es
2757 3134 2835 3192 tu,
2864 3120 3062 3185 Israel,
3101 3126 3153 3173 et
3184 3118 3241 3171 in
3290 3125 3339 3171 te
3378 3112 3588 3186 gloriﬁ—

2000 3224 2184 3287 cabor,
2219 3213 2327 3278 etc.
2941 3195 2944 3199 ’

2079 3415 2237 3489 551
2263 3412 2561 3484 Postquam
2586 3424 2708 3482 quae
2741 3396 3355 3477 Judaeis‘cougruerent.
3382 3400 3589 3465 attulit,

2009 3508 2076 3565 ad
2118 3507 2361 3580 gentium
2398 3518 2543 3559 nunc
2566 3502 2914 3563 vocationem,
2945 3499 3241 3571 ipsumque
3288 3492 3603 3551 Salvatoris

2010 3600 2307 3655 adventum
2367 3597 2566 3653 iterum
2631 3610 2692 3650 se
2743 3591 2995 3657 confert;
3032 3590 3266 3660 ideoque
3319 3584 3596 3642 Ecclesiae

2011 3693 2162 3763 ipsas
2188 3687 2499 3742 insularum
2527 3684 2751 3739 nomine
2779 3679 3144 3752 signiﬁcatas,
3186 3685 3447 3746 tanquam
3484 3671 3597 3727 sal-

2011 3786 2089 3841 sis
2120 3794 2173 3840 et
2201 3782 2407 3838 amaris
2439 3778 2606 3850 hujus
2640 3779 2785 3845 vitae,
2815 3775 3291 3842 tentalionumque
3339 3767 3598 3823 ﬂuctibus

2011 3876 2255 3947 undique
2309 3876 2642 3937 obruantur,
2673 3870 2920 3926 excitare
2947 3874 3202 3923 conatur.
3236 3862 3423 3931 Neque
3461 3873 3599 3915 vero

2012 3983 2247 4042 quorum
2283 3965 2492 4021 insulas
2545 3962 2838 4034 intelligat,
2895 3960 3155 4033 ignorare
3204 3955 3431 4027 patitur,
3469 3966 3598 4006 cum

2013 4059 2285 4117 attendere
2312 4066 2490 4130 gentes
2526 4055 2797 4124 imperat;
2834 4067 2902 4107 ne
2941 4051 3009 4106 de
3033 4047 3237 4105 Judmis
3282 4055 3596 4100 sermonem

2013 4170 2137 4213 esse
2173 4152 2300 4227 quis
2338 4150 2655 4206 arbitretur.
2689 4145 2836 4212 Quin
2858 4152 2913 4199 ct
2943 4141 3087 4214 apud
3138 4152 3395 4209 magnum
3436 4134 3600 4188 Davi-

2014 4250 2137 4306 dem
2192 4225 2303 4304 ista
2335 4245 2571 4315 legimus
2600 4258 2615 4294 :
2650 4259 2670 4294 ι
2699 4238 2971 4296 Dominus
3043 4231 3318 4302 regnavit,
3358 4225 3601 4284 exsultet

2015 4351 2182 4406 terra,
2231 4339 2489 4394 laetentur
2522 4333 2720 4390 insulae
2755 4329 2941 4385 multa:
2970 4328 3014 4395 ‘,
3039 4346 3058 4379 ι
3089 4323 3233 4391 Quid
3271 4328 3353 4378 est
3390 4326 3599 4381 autem,

2017 4431 2163 4505 quod
2195 4440 2367 4503 gentes
2414 4429 2573 4501 jubet
2605 4440 2719 4482 non
2755 4424 2876 4495 ipso
2915 4419 3200 4492 propheta:
3248 4425 3493 4485 tempore
3517 4424 3603 4505 re:

2016 4502 2142 4584 rum
2174 4502 2457 4588 eventum,
2478 4520 2574 4578 sed
2604 4527 2722 4591 post
2755 4516 2971 4589 longum
3004 4524 3207 4583 tempus
3239 4502 3609 4577 exspectare?

2021 4620 2199 4677 Stabit
2224 4633 2375 4683 vero,
2395 4615 2575 4687 inquit
2600 4631 2615 4668 :
2637 4621 2733 4668 aut
2766 4610 2913 4684 quod
2953 4604 3340 4663 annuntialum
3368 4605 3487 4662 est,
3510 4602 3606 4650 aut

322 4690 960 4800 αἷτοδδνττεςττῆνλέξίν.
988 4724 1146 4779 Οὕτω
1201 4722 1251 4791 γ’
1278 4716 1372 4776 οὖν
1427 4690 1757 4791 Σύμραέος,
1789 4690 1895 4773 Kal

2010 4711 2158 4784 quod
2210 4709 2616 4782 prophetatum.
2646 4705 2753 4761 Pro
2798 4719 2909 4774 quo
2969 4699 3166 4755 deinde
3216 4703 3335 4768 post
3388 4690 3606 4800 longum

321 4820 651 4890 ἀκροᾶσθε,
678 4822 851 4889 ἔθνη,
875 4814 1574 4887 μακρόθεν,ἐρμήνευσεν.
1626 4810 1826 4862 Σκόπει
1857 4807 1915 4862 δὲ

325 4914 489 4980 ὡςτὰ
515 4912 615 4969 νῦν
642 4913 673 4967 ὁ
710 4910 916 4983 Κύριος
962 4908 1134 4977 λέγει,
1167 4906 1263 4961 καὶ
1308 4904 1439 4978 περὶ
1468 4902 1661 4975 ἐτέρου
1702 4901 1914 4974 Κυρίου

282 4998 285 5003 λ
326 5006 418 5061 διὰ
445 4994 553 5060 τῶν
589 5002 716 5075 ἐξῆς
734 5001 1064 5070 διαλέγεται,
1089 4996 1346 5068 γέννησιν
1362 5013 1421 5050 τε
1442 4994 1618 5065 λέγων
1639 5002 1667 5031 ³
1694 4992 1914 5058 ἐαυτοῦ,

328 5097 427 5154 καὶ
446 5093 711 5160 δουλείαν,
743 5092 840 5148 καὶ
862 5091 935 5145 τὰ
965 5088 1191 5145 τοιαῦτα
1228 5086 1427 5158 λέγων.
1463 5088 1684 5156 Κύριος
1710 5084 1780 5140 ἐκ
1807 5100 1914 5156 γα⁹

330 5190 516 5260 στρὸς
543 5184 803 5244 ἐκάλεσέ
859 5200 955 5256 με,
1016 5183 1088 5237 ἐκ
1118 5183 1356 5250 κοιλίας
1379 5181 1610 5253 μητρός
1632 5196 1751 5249 μου
1805 5178 1915 5232 ἀν·-

332 5276 560 5349 ἐμνησε
585 5278 653 5331 τὸ
676 5273 866 5346 ὄνομά
888 5271 1132 5345 μου.Τά
1154 5271 1376 5346 μὲνγὰρ
1395 5270 1505 5344 πρὸ
1522 5269 1622 5341 τῆς
1649 5267 1921 5338 ἐνανθρω-

332 5371 556 5443 πήσεως
581 5369 822 5443 ὀνόματα
851 5364 1141 5438 πρόσφορα
1192 5367 1261 5437 τῇ
1293 5363 1415 5436 θείᾳ
1449 5361 1633 5434 φύσει,
1660 5356 1796 5423 Θεὸς
1823 5358 1919 5412 καὶ

404 5534 426 5567 ⁵
448 5530 641 5587 Matth.
672 5545 711 5597 ι,
741 5529 854 5597 20;
886 5528 1019 5585 Luc.‘
1064 5544 1107 5595 ι,
1138 5526 1231 5584 5‘5.
1310 5528 1331 5560 ⁵
1362 5524 1509 5583 Psal.
1540 5537 1686 5593 xcvr,
1718 5521 1774 5576 1.

2023 4781 2226 4873 tempus
2254 4800 2544 4866 habemus,
2580 4799 2645 4853 de
2677 4798 2824 4868 longe
2853 4793 3066 4857 caeteri,
3103 4799 3165 4844 ut
3191 4787 3258 4843 ad
3291 4781 3604 4858 praeceden-

2020 4897 2098 4950 tia
2132 4909 2321 4950 vocem
2349 4893 2643 4957 referrent,
2677 4888 3070 4953 reddiderunt;
3106 4879 3475 4955 Symmachus
3507 4891 3612 4931 au-

2022 4996 2157 5052 tem,
2183 4984 2249 5040 Et
2286 4985 2564 5048 attendite,
2592 4992 2791 5053 gentes,
2814 4981 2878 5036 de
2910 4980 3087 5050 longe.
3118 4976 3343 5029 Intuere
3377 4964 3609 5037 verojuti

2023 5077 2093 5134 de
2122 5076 2487 5147 praesentibus
2514 5075 2773 5144 loquatur
2803 5071 3108 5133 Dominus;
3144 5064 3324 5133 deque
3354 5058 3464 5112 alio
3495 5055 3606 5147 Do-

2026 5146 2199 5236 mino,
2230 5182 2326 5239 per
2356 5180 2418 5222 ea
2458 5179 2581 5238 qua:
2630 5171 2963 5236 sequuntur,
2991 5173 3150 5218 suam
3195 5154 3314 5224 ipse
3345 5146 3606 5204 nativita-

2028 5270 2137 5317 tem
2163 5268 2219 5316 et
2249 5250 2594 5324 servitutem,
2652 5262 2960 5323 caeteraque
3003 5244 3276 5321 ejusmodi
3300 5240 3608 5311 explicans,

2025 5353 2294 5424 disputet,
2322 5365 2449 5408 cum
2496 5349 2617 5406 ait:
2659 5346 2919 5404 Dominus
2961 5342 3025 5398 dc
3068 5347 3243 5396 ventre
3269 5332 3472 5393 vocavit
3508 5351 3619 5391 mc.

1646 5653 1883 5716 VARI/I3
1920 5647 2329 5710 LECTIONES.

402 5745 522 5810 *γρ
565 5738 692 5813 πρό.
772 5752 800 5781 ι
831 5738 937 5812 ἀφ.
965 5735 1031 5794 τὸ
1056 5734 1252 5808 λέγων.
