3976 6220
436 247 582 310 2463

1723 245 2080 308 PROCOPII
2120 245 2369 307 ῦΑΖιΕῐ

3563 238 3709 305 ειδι

438 354 515 411 De
537 364 686 412 utero
712 359 900 414 matris
947 374 1076 416 mea:
1123 356 1435 415 recordatus
1494 368 1573 415 est
1623 361 1851 416 nominis
1890 360 2014 415 mei.

2132 356 2258 431 ζωὴ,
2282 358 2378 412 καί
2410 358 2548 429 φῶς,
2587 357 2772 429 σοφία,
2809 358 2907 411 καὶ
2959 354 3212 426 δύναμις,
3242 355 3333 411 καὶ
3373 354 3441 409 τὰ
3463 356 3706 413 τοιαῦτα.

434 444 641 502 llabuit
678 448 825 503 enim
887 456 1016 505 ante
1071 448 1472 505 incarnationis
1528 458 1747 521 tempus
1797 449 2024 505 nomina

435 537 636 594 divinae
659 549 869 595 natura:
898 555 1166 613 congrua,
1207 539 1371 605 Deus,
1400 540 1537 608 vita,
1570 540 1781 604 lumen,
1802 540 2024 611 sapien-

434 630 538 693 tia,
578 622 776 697 virtus,
833 640 888 688 et
935 632 1138 689 similia
1177 650 1192 688 :
1224 631 1321 689 sed
1366 632 1648 698 Christus,
1685 639 1741 687 et
1760 631 1945 700 Iesus,
1969 640 2025 688 et

432 719 730 778 Nobiscum
791 723 956 790 Deus,
1002 725 1071 779 ad
1126 738 1212 791 ea,
1245 738 1368 796 quae
1410 724 1781 781 mconomiam
1832 733 2023 780 secuta

439 819 592 880 sunt,
655 820 905 883 tempora
959 814 1297 871 referuntur.
1328 814 1484 871 Uude
1523 824 1656 872 sunt
1694 824 1751 871 et
1785 815 1878 870 illa
1915 813 2025 871 Ga-

438 903 635 960 brielis
663 906 730 977 ad
762 906 1043 978 Virginem
1079 925 1095 962 :
1134 924 1155 959 ι
1191 906 1257 962 Ει
1281 908 1463 977 paries
1494 906 1687 974 lilium,
1719 916 1773 963 et
1796 905 2024 961 vocabis

434 987 642 1050 'nomcn
667 996 790 1065 ejus
822 994 1076 1065 Jesum";
1119 1016 1140 1050 ι
1180 997 1345 1068 cuius
1393 1005 1458 1052 ut
1506 995 2025 1067 interpretationem

442 1085 687 1152 doceret,
726 1105 746 1139 ι
779 1087 905 1157 Ipse
952 1088 1100 1144 enim
1144 1088 1410 1159 populum
1469 1104 1629 1145 suum
1689 1102 1721 1143 a
1781 1088 2025 1158 peccatis

441 1191 636 1232 eorum
684 1175 941 1233 liberabit
960 1176 1005 1246 ⁸,
1046 1197 1066 1231 ι
1102 1178 1383 1255 adjunxit.
1418 1180 1488 1233 At
1516 1177 1819 1236 Nobiscum
1861 1176 2037 1246 Deus,_

436 1282 509 1323 ex
546 1276 756 1325 naturae
783 1276 838 1325 et
892 1270 1216 1327 meonomiae
1259 1271 1472 1328 ratione
1524 1270 1761 1327 inditum
1811 1279 1932 1340 est;
1966 1278 2028 1329 ut

437 1357 599 1415 Iesus
654 1375 688 1414 a
740 1360 1004 1419 facultate
1050 1371 1106 1419 et
1132 1364 1363 1420 viribus.
1396 1363 1555 1421 Unde
1574 1363 2024 1429 etSalvatorem,

440 1451 498 1506 id
543 1460 631 1508 est
673 1452 985 1522 Christum,
1033 1457 1088 1511 in
1122 1456 1350 1513 Davidis
1385 1455 1613 1513 civitate
1662 1466 1851 1512 natum
1879 1471 2025 1524 esse,

439 1543 761 1612 pastoribus
787 1546 1100 1602 nuntiatum
1125 1554 1228 1604 est.
1261 1546 1374 1603 Nec
1405 1563 1537 1605 vero
1560 1547 1707 1603 aliud
1740 1547 2024 1619 Christus,

437 1647 604 1702 quam
634 1642 860 1691 unctum
901 1637 1200 1708 signiﬁcat,
1233 1638 1385 1708 quod
1416 1645 1571 1694 certe
1632 1646 1761 1695 ante
1797 1654 2028 1697 mcono-

2123 449 2201 505 Τὸ
2243 449 2301 503 δὲ
2326 450 2585 520 Χριστὸς,
2615 450 2712 504 καὶ
2755 447 2984 521 Ἰησοῦς,
3008 448 3126 512 καὶ,
3146 445 3285 500 Μεθ’
3320 446 3479 518 ήμῶν
3506 449 3534 501 6
3560 445 3710 512 Θεὸς,

2128 541 2267 613 μετά
2295 541 2395 615 τήν
2421 541 2738 609 οἰκονομίαν
2758 539 3015 612 ἁρμόδια.
3037 540 3265 608 Ἔλεγεν
3288 538 3397 610 γὰρ
3420 539 3449 591 6
3479 538 3711 611 Γαϐριὴλ

2127 637 2196 707 τῇ
2230 633 2516 707 Παρθένῳ,
2543 655 2563 688 ι
2601 634 2712 690 Καὶ
2748 633 2879 708 τέξῃ
2904 634 3040 701 υἱὸν,
3082 633 3177 686 καὶ
3206 632 3457 696 καλέσεις
3473 632 3709 703 τδδνομα

2124 722 2290 779 αὐτοῦ
2325 724 2563 793 Ἰησοῦν
2584 740 2598 754 ·
2649 742 2668 776 ι
2706 723 2804 779 καὶ
2841 720 3265 807 τήνισημασίαν
3297 721 3474 793 δηλῶν
3506 722 3711 793 ὲπήγα·

2126 832 2245 886 γεν,
2273 834 2295 868 ι
2326 815 2501 880 Αὐτὸς
2559 815 2670 886 γάρ
2727 813 2894 868 σώσει
2947 814 3040 867 τὸν
3088 811 3218 869 λαὸν
3269 811 3436 868 αὑτοῦ
3476 812 3583 867 ἀπὸ
3609 812 3711 867 τῶν

2126 906 2415 979 ἁμαρτιῶν
2459 904 2663 961 αὐτῶν.
2707 924 2727 958 ι
2758 905 2833 960 Τὸ
2889 904 2967 972 δὲ,
2991 904 3131 960 Μεθ’
3175 904 3334 976 ήμῶν
3375 906 3405 959 6
3429 904 3583 972 Θεὸς,
3613 905 3710 959 ἀπὸ

2126 998 2226 1069 τῆς
2253 999 2473 1068 φύσεως
2527 998 2623 1053 καὶ
2649 998 2751 1069 τῆς
2776 997 3092 1069 οἰκονομίας
3125 998 3348 1071 ἐρρέθη,
3378 997 3454 1061 ὡς
3482 999 3591 1052 ἀπὸ
3620 998 3709 1068 τῆς

2127 1087 2412 1160 ἐνεργείας
2439 1087 2501 1142 τὸ
2543 1087 2805 1156 Ἰησοῦς.
2834 1087 2928 1142 Διδ
2946 1087 3043 1142 καὶ
3070 1089 3184 1152 τοῖς
3215 1089 3471 1158 ποιμέσιν
3501 1088 3708 1159 ἐλέχθη,

2127 1180 2210 1236 ὅτι
2245 1179 2474 1252 Ἐτέχθη
2509 1180 2749 1253 σήμερον
2776 1179 2991 1251 Σωτήρ,
3018 1179 3048 1234 6
3077 1181 3193 1234 ἐστι
3216 1171 3451 1250 Χριστος
3491 1179 3708 1253 Κύριος,

2128 1272 2189 1327 ὲν
2243 1272 2397 1328 πόλει
2445 1272 2646 1329 Δαϐίδο
2694 1273 2931 1346 Χριστὸς
2957 1272 3038 1340 δὲ,
3073 1272 3150 1338 ὥς
3183 1274 3569 1345 κεχρισμένος,
3602 1274 3629 1327 ὃ
3652 1274 3711 1345 δή

2128 1363 2238 1436 πρὸ
2260 1365 2361 1437 τῆς
2391 1364 2702 1435 οἰκονομίας
2728 1366 2828 1436 οὐχ
2863 1367 3161 1438 ἥρμοττεν.
3200 1364 3439 1436 Τεθῆναι
3487 1366 3548 1419 δέ
3584 1383 3709 1436 φησι

2128 1457 2189 1512 τὸ
2226 1456 2422 1528 στόμα
2453 1457 2642 1514 αὑτοῦ
2682 1459 2764 1526 ὡς
2795 1458 3103 1529 μάχαιραν
3145 1457 3371 1524 ὀξεῖαν.
3409 1457 3711 1529 Καὶ-ἀλλαρ

2128 1550 2228 1624 χοῦ
2259 1551 2368 1623 γάρ
2400 1567 2535 1623 φησι
2556 1568 2574 1586 ’
2609 1570 2628 1604 ι
2656 1552 2767 1605 Καὶ
2792 1553 2849 1605 ὲν
2874 1549 3150 1623 πνεύματι
3181 1551 3268 1604 διὰ
3295 1550 3523 1622 χειλέων
3541 1551 3713 1604 ἀνελεῖ

2132 1641 2328 1713 ἀσεῦῆ.
2361 1660 2381 1695 ι
2431 1642 2526 1710 Ὠς
2541 1640 2848 1713 μάχαιραν
2874 1637 2989 1697 οὗν
3018 1660 3184 1714 φησιν
3218 1643 3423 1709 ὀξεῖαν
3441 1644 3711 1713 τμητικήν

437 1725 604 1779 miam
635 1727 935 1783 convenire
984 1743 1097 1784 non
1146 1729 1353 1798 potuit.
1405 1729 1593 1798 Pergit
1618 1734 1832 1796 autem,
1875 1738 1930 1787 et
1968 1748 2027 1787 os

2132 1749 2188 1786 τε
2209 1733 2306 1788 καὶ
2336 1732 2707 1803 ἀφορίζουσαν
2763 1734 2894 1798 τοὺς
2943 1732 3129 1800 ἀξίους
3171 1733 3307 1788 Θεοῦ
3344 1732 3454 1787 ἀπὸ
3498 1736 3609 1787 τῶν
3641 1733 3707 1803 μή

438 1833 595 1871 suum
623 1826 876 1889 tanquam
903 1819 1142 1890 gladium
1170 1830 1385 1875 acutum
1416 1822 1647 1889 positum
1684 1836 1811 1877 esse
1848 1822 2023 1894 signi-

438 1909 585 1965 ficat.
614 1910 707 1965 Ait
729 1911 878 1966 enim
904 1912 1073 1967 etiam
1107 1912 1312 1967 alicubi
1344 1930 1359 1967 :
1385 1912 1545 1983 552
1575 1932 1594 1965 ι
1628 1913 1693 1967 Et
1723 1913 1917 1984 spiritu
1942 1915 2025 1968 la-

435 2000 655 2056 biorqu
673 2002 969 2058 iuterllciet
989 2004 1216 2075 impium
1234 2004 1279 2060 ’.
1313 2023 1331 2057 ι
1349 2005 1494 2075 Ergo
1512 2015 1769 2073 tanquam
1786 2006 2027 2077 gladium

436 2103 656 2149 acutum
679 2113 792 2151 esse
823 2097 1025 2167 inquit,
1085 2097 1177 2167 qui
1213 2097 1553 2168 dignos,-ab
1596 2098 1685 2166 iis,
1741 2100 1835 2171 qui
1889 2101 2029 2158 tales

2130 1825 2413 1881 τοιούτων.
2442 1826 2586 1896 Φησὶ
2615 1825 2727 1898 γὰρ
2766 1825 2826 1879 ὲν
2849 1824 3237 1895 Εὐαγγελίοιςι
3276 1845 3294 1879 ι
3333 1825 3425 1897 Μή
3456 1828 3707 1900 νομίσητε

2131 1919 2213 1972 ὅτι
2243 1914 2409 1989 ἦλθον
2433 1918 2656 1991 εἰρήνην
2698 1916 2879 1988 βαλεῖν
2930 1917 3026 1971 ἐπὶ
3085 1917 3185 1990 τὴν
3237 1918 3361 1989 γῆν.
3399 1918 3518 1974 Οὐκ
3557 1914 3710 1990 ἦλθον

2137 2008 2323 2081 βαλεῖν
2345 2010 2594 2081 εἰρήνην,
2638 2009 2776 2064 ἀλλᾶ
2828 2009 3127 2083 μάχαιραν,
3166 2029 3185 2064 ι
3216 2011 3328 2073 καὶ
3351 2010 3419 2066 τὰ
3473 2011 3575 2065 ἐπὶ
3596 2010 3709 2068 τούς

2137 2117 2275 2166 τοις.

436 2199 549 2241 non
577 2193 728 2253 sunt,
760 2186 971 2242 dividat
1006 2201 1072 2243 ac
1127 2194 1369 2258 separet.
1439 2189 1531 2243 Ait
1564 2190 1711 2245 enim
1782 2191 1836 2245 in
1888 2191 2259 2263 Evangeliis:
2332 2212 2352 2246 ι
2388 2192 2470 2250 Ne
2537 2195 2746 2265 putetis
2837 2196 2982 2267 quod
3049 2198 3291 2252 venerim
3344 2205 3405 2253 ut
3443 2212 3633 2268 pacem
3660 2198 3703 2257 in

434 2288 643 2334 terram
677 2279 972 2335 mitte‘rem.
1023 2278 1145 2335 Non
1202 2282 1326 2337 veni
1388 2292 1449 2338 ut
1484 2298 1673 2354 pacem
1712 2285 2017 2350 mitterem,
2061 2286 2158 2343 sed
2199 2294 2259 2342 ut
2292 2288 2533 2359 gladium
2571 2288 2651 2357 ¹⁰;
2681 2308 2701 2341 ι
2740 2296 2794 2345 et
2815 2305 2937 2360 qua:
2973 2289 3255 2362 deinceps.

507 2368 651 2438 Quin
681 2379 741 2425 et
775 2370 893 2441 ipsa
931 2370 1215 2444 Evangelii
1247 2375 1653 2446 promulgatio,
1686 2377 1899 2449 gladius
1930 2379 2025 2436 ad-

433 2479 634 2519 versus
665 2463 873 2520 diaboli
904 2465 1259 2536 tyrannidem
1288 2467 1523 2521 exstitit.
1566 2467 1727 2524 Dedit
1760 2485 1891 2525 vero
1920 2485 2024 2526 no-

435 2556 523 2612 bis
548 2565 601 2612 et
632 2557 812 2626 ipsum
844 2556 1075 2626 spiritus
1097 2557 1363 2627 gladium,
1387 2558 1440 2614 id
1468 2568 1553 2615 est
1578 2558 1668 2614 Dei
1693 2562 1923 2617 verbum
1955 2563 2026 2632 ¹¹,

436 2646 598 2716 cujus
633 2662 736 2718 ope
766 2647 1076 2703 daemonum
1137 2647 1357 2705 fraudes
1395 2651 1778 2721 propellimus.
1827 2655 1894 2709 Et
1918 2654 2024 2711 ali-

358 2805 362 2808 ἠ
438 2738 568 2794 cubi
604 2739 769 2795 etiam
794 2739 938 2810 apud
967 2739 1294 2810 prophetam
1336 2744 1583 2813 reperias
1618 2762 1631 2799 :
1672 2765 1691 2798 ι
1724 2747 1780 2801 In
1806 2745 1894 2803 die
1932 2748 2027 2803 illa

437 2831 660 2909 inducet
688 2830 829 2887 Deus
862 2845 1083 2887 sacrum
1119 2831 1385 2903 gladium,
1420 2849 1705 2906 magnum,
1736 2837 1790 2892 in
1824 2838 2026 2895 draco-

436 2940 562 2981 nem
589 2926 900 2990 sinuosum,
950 2940 1186 2997 eumque
1240 2926 1628 3003 interficiat".
1672 2948 1691 2982 ι
1723 2930 2029 2989 Conveniet

436 3010 569 3070 vero
600 3024 655 3069 et
682 3016 891 3071 sanctis
923 3015 1060 3084 ipsis
1095 3016 1316 3083 oratio;
1353 3016 1592 3088 indeque
1612 3027 1721 3085 est,
1745 3020 1895 3091 quod
1914 3023 2029 3095 spi-

438 3107 549 3162 ritu
568 3108 676 3162 oris
716 3107 802 3164 sui
832 3107 1101 3162 Ananiam
1135 3115 1191 3163 et
1231 3107 1564 3185 $apphiram
1602 3111 1826 3167 Petrum
1858 3115 2030 3171 inter—

2202 2381 2318 2435 Καὶ
2370 2380 2433 2435 τὸ
2486 2381 2847 2450 εὐαγγελικὺν
2873 2382 2931 2436 δὲ
2958 2383 3239 2455 κήρυγμα,
3287 2384 3563 2455 μάχαιρα
3584 2385 3712 2441 κατὰ

2129 2473 2233 2543 τῆς
2261 2473 2357 2528 τοῦ
2377 2473 2629 2528 διαϐόλου
2652 2474 2970 2546 τυραννίδος
3000 2475 3241 2544 ἐγένετο.
3272 2475 3485 2530 Δέδωκε
3516 2477 3577 2530 δὲ
3595 2479 3713 2548 ήμίν

2131 2561 2225 2615 καὶ
2254 2561 2352 2633 τὴν
2382 2560 2477 2615 τοῦ
2508 2564 2825 2632 πνεύματος
2846 2561 3169 2632 μάχαιραν,
3200 2562 3228 2616 ὃ
3246 2563 3362 2616 ἐστι
3385 2564 3544 2633 ῥῆμα
3568 2562 3713 2627 Θεοῦ,

2130 2649 2281 2710 διὀὗ
2314 2657 2429 2719 τοϊς
2463 2654 2774 2721 ἐπιϐούλοις
2833 2654 3274 2727 ἀντανιστάμεθα
3323 2654 3567 2726 δαίμοσι.
3618 2656 3716 2709 Καὶ

2130 2741 2366 2815 ἀλλαχοῦ
2419 2744 2476 2798 δέ
2524 2761 2691 2815 φησιν
2759 2743 2788 2797 6
2827 2744 3157 2819 προφήτηςί
3205 2763 3226 2797 ι
3269 2746 3361 2800 Ἐν
3415 2747 3481 2816 τῇ
3545 2744 3717 2817 ήμέρᾳ

2131 2834 2318 2907 ἐκείνῃ
2348 2825 2539 2900 ἑπάξει
2569 2836 2597 2888 6
2625 2833 2758 2898 Θεὸς
2814 2834 2913 2906 τὴν
2962 2836 3243 2908 μάχαιραν
3270 2835 3370 2907 τήν
3400 2836 3595 2904 ἁγίαν,
3625 2837 3715 2905 τήν

2128 2923 2399 2994 μεγάλην,
2438 2922 2531 2976 ἐπὶ
2560 2921 2652 2976 τὸν
2677 2920 2948 2990 δράκοντα
2970 2923 3095 2993 ὅφιν
3125 2922 3360 2991 σκολιὸν,
3390 2925 3483 2979 καὶ
3506 2925 3714 2996 ἀναιρεῖ

2131 3016 2224 3068 τὸν
2253 3015 2543 3086 δράκοντα.
2578 3033 2598 3067 ι
2637 3014 2904 3087 ’Δρμόσει
2930 3014 2988 3068 δὲ
3020 3014 3250 3080 καὶτοῖς
3287 3013 3465 3084 ἁγίοις
3485 3017 3518 3070 6
3543 3016 3711 3084 λόγος.

2134 3106 2225 3178 Τῷ
2256 3106 2307 3176 γ’
2322 3105 2418 3161 οὖν
2442 3106 2586 3179 λόγῳ
2612 3106 2720 3162 τοῦ
2751 3106 3051 3178 στόματος
3076 3104 3242 3160 αὐτοῦ
3271 3107 3480 3178 Πέτρος
3513 3107 3715 3161 ἀνεῖλεν

439 3201 642 3258 fecisse
664 3201 897 3272 legimus
927 3202 1014 3260 "z
1055 3201 1203 3272 quod
1244 3200 1541 3258 Ezechiam
1594 3204 1724 3259 item
1760 3204 2026 3277 Rapsacae

2144 3197 2396 3254 ’Avavlav
2423 3216 2482 3252 τε
2530 3200 2627 3253 καὶ
2678 3199 3028 3269 Σάπφειραν.
3057 3197 3167 3254 Καὶ
3200 3196 3336 3270 εὐχὴ
3379 3196 3438 3251 δὲ
3476 3188 3712 3262 Ἐζεκίου

433 3294 741 3349 exercitum
772 3294 1028 3363 precibus
1058 3291 1275 3349 fudisse
1305 3293 1391 3361 ¹¹⁵;
1424 3296 1569 3363 quod
1606 3294 1840 3351 Paulum
1872 3298 2028 3353 deni-

439 3399 547 3453 que
576 3384 744 3439 verbo
772 3383 888 3439 oris
943 3382 1030 3437 sui
1079 3382 1324 3453 Elymam
1387 3384 1704 3442 obcaecasse
1737 3387 1803 3442 ¹⁵.
1832 3386 2029 3445 Postea

442 3474 669 3544 adjicit:
715 3471 824 3528 Sub
840 3472 1199 3542 'protectione
1233 3491 1570 3531 manussuaz
1616 3478 1895 3533 abscondit
1925 3498 2027 3547 me,

440 3573 503 3621 ut
532 3566 717 3621 multis
746 3566 988 3637 ignotam
1039 3566 1391 3623 assumenda:
1428 3569 1615 3625 carnis
1663 3572 2027 3627 (economiam

442 3658 842 3714 subindicaret.
878 3656 973 3713 Est
1010 3672 1141 3712 vero
1167 3672 1198 3711 a
1225 3656 1390 3714 Patre
1428 3658 1597 3718 etiam
1630 3661 1833 3732 sagitta
1862 3661 2030 3719 electa

439 3753 667 3821 positus,
688 3758 745 3805 ut
769 3766 865 3807 eos
893 3749 1074 3814 feriat,
1106 3750 1201 3821 qui
1225 3751 1461 3820 spiculis
1480 3751 1658 3823 ipsius
1683 3754 1833 3826 digni
1866 3766 2027 3826 sunt;

401 3887 408 3894 .
442 3858 554 3914 quo
587 3857 741 3898 more
763 3858 822 3899 se
846 3841 1144 3898 dilectione
1170 3856 1491 3912 percussam
1525 3844 1710 3897 anima
1740 3846 1941 3903 cecinit
1962 3848 2027 3906 η.

441 3937 591 3993 Idem
627 3934 887 3990 nimirum
919 3934 974 3989 in
998 3949 1186 4002 carne,
1242 3949 1408 4005 quam
1471 3942 1533 3989 ut
1586 3936 1770 4007 dignis
1818 3945 2029 3996 tantum

444 4039 787 4094 cerneretur,
842 4026 1170 4097 assumpsit,
1222 4034 1489 4099 tanquam
1540 4028 1594 4083 in
1638 4029 1909 4099 pharetra,
1942 4047 2032 4088 re-

444 4122 721 4178 conditus.
753 4118 1013 4175 Nonnulli
1038 4118 1222 4175 verbis
1245 4119 1392 4183 istis,
1418 4117 1532 4175 Sub
1562 4123 1886 4191 protectione
1916 4141 2033 4179 ma-

444 4232 544 4269 nus
576 4229 688 4269 sua:
715 4212 888 4282 posuit
920 4228 1021 4274 nte,
1053 4207 1250 4265 Filium
1299 4210 1502 4282 ipsum,
1531 4214 1696 4268 etiam
1757 4222 2030 4284 quatenus

443 4305 609 4361 homo
635 4305 811 4359 lactus
838 4309 944 4368 cst,
978 4316 1008 4355 a
1040 4300 1203 4357 Patre
1242 4316 1353 4356 non
1387 4310 1706 4372 separatum
1745 4319 1891 4369 esse,
1934 4320 2032 4371 na:

443 4376 735 4466 turnmque
783 4391 1394 4463 incomprehensibilem
1473 4397 1527 4447 et
1591 4392 2028 4463 insuperabilem

443 4490 650 4545 habere
700 4487 865 4560 (quod
922 4486 971 4542 ei
1008 4485 1168 4540 etiam
1227 4500 1325 4556 per
1371 4485 1759 4551 mconomiam,
1808 4484 2030 4541 Davidis

2134 3291 2227 3346 τὸν
2270 3289 2553 3363 Ῥαψάκην
2572 3290 2862 3363 ἐτρέψατο.
2897 3290 3108 3361 Τυφλδν
3130 3290 3188 3345 δὲ
3217 3291 3361 3361 λόγῳ
3386 3291 3483 3344 καὶ
3516 3284 3712 3355 Παῦλος

2134 3377 2227 3432 τὸν
2254 3376 2490 3447 Ἐλύμαν
2520 3378 2803 3450 ἐποίησεν.
2840 3378 2966 3433 Ἐπί
2986 3379 3201 3444 τούτοις
3231 3382 3420 3450 φησὶν,
3437 3378 3592 3436 ’Υπὸ
3612 3382 3713 3448 τὴν

2132 3466 2377 3537 σκέπην
2409 3467 2521 3537 τῆς
2549 3469 2746 3538 χειρὸς
2771 3469 2960 3524 αὐτοῦ
2980 3469 3211 3539 ἐκρυψέ
3234 3488 3334 3541 με,
3360 3471 3460 3542 τήν
3493 3472 3714 3535 πολλοὺς

2131 3561 2511 3617 λανθάνουσαν
2566 3561 2668 3633 τῆς
2728 3566 2788 3616 ὲν
2833 3564 3001 3634 σαρκὶ
3061 3563 3365 3633 παρουσίας
3412 3565 3714 3636 οἰκονομίαν

2134 3652 2584 3725 ὕπαινιξάμενος.
2624 3653 2880 3710 Τέθειται
2907 3655 2978 3709 δὲ
3008 3638 3106 3709 καῖ
3124 3654 3317 3722 βέλος
3338 3655 3445 3709 ὑπὸ
3469 3655 3574 3710 τοῦ
3612 3657 3714 3710 Πα-

2136 3746 2297 3818 τέρος
2327 3747 2639 3815 ἐκλεκτὸν,
2672 3748 2761 3802 ίνα
2780 3746 3062 3820 τιτρώσκῃ
3084 3747 3210 3811 τοὺς
3238 3746 3427 3812 ἀξίους
3449 3747 3568 3802 τῶν
3594 3749 3712 3801 ἑαυ-

2136 3838 2234 3892 τοῦ
2252 3838 2493 3911 κέντρων
2520 3839 2684 3910 (κατά
2710 3839 2812 3909 τήν
2840 3839 3111 3908 λέγουσιν
3129 3839 3330 3911 ψυχὴν,
3351 3858 3371 3891 ι
3395 3841 3495 3893 Τετ
3506 3840 3712 3911 ρωμένη

2137 3932 2359 4002 ἀγάπης
2387 3930 2497 4001 ἐγὼ
2522 3939 2592 4002 ›),
2623 3930 2651 3985 ὃ
2678 3931 2771 3984 καὶ
2800 3932 2955 3995 αὐτὸ,
2979 3932 3058 3996 ὡς
3083 3935 3141 3986 ὲν
3169 3932 3439 4003 φαρέτρῃ
3463 3932 3712 3987 λανθάνει

2136 4028 2203 4098 τῇ
2234 4025 2420 4098 σαρκὶ,
2448 4026 2513 4095 ἢν
2533 4023 2849 4096 ἀνείληφεν,
2866 4025 2982 4087 τοῖς
3002 4024 3181 4091 ἀξίοις
3213 4024 3400 4095 μόνοις
3416 4024 3707 4096 ὁρώμενον.

2138 4116 2295 4180 Τινὲς
2330 4116 2389 4169 δὲ
2420 4114 2666 4181 τδ,⁰Υπὸ
2696 4113 2812 4183 τὴν
2832 4112 3072 4182 σκέπην
3114 4115 3227 4182 τῆς
3290 4115 3495 4184 χειρὸς
3539 4115 3714 4170 αὑτοῦ

2138 4208 2428 4278 ἔκρυψέν.
2456 4225 2554 4278 με,
2596 4207 2794 4278 δηλοῦν
2840 4208 3051 4277 ἔφασαν
3101 4206 3407 4279 ἀχώριστον
3449 4202 3596 4262 εἶναι
3627 4205 3711 4261 τοῦ

2138 4300 2282 4356 Πατέ
2292 4318 2381 4372 ρος
2409 4300 2468 4354 τὸ
2494 4299 2642 4365 Υίὸν,
2702 4300 2799 4354 καὶ
2833 4299 2894 4354 τὸ
2922 4310 2950 4349 γ
2973 4299 3199 4369 γέγονεν
3247 4298 3564 4371 ἄνθρωπος,
3590 4298 3713 4369 ἄλη·

2137 4394 2275 4449 πτόν
2304 4411 2364 4447 τε
2393 4395 2489 4448 καί
2519 4392 2964 4463 ἀκαταγώνιστον
3011 4392 3159 4464 ἔχειν
3214 4390 3314 4463 τὴν
3366 4392 3553 4461 φύσιν,
3586 4392 3711 4462 ὅπερ

2139 4485 2291 4556 αὐτῷ
2322 4484 2586 4539 καὶκατὰ
2636 4484 2735 4557 τὴν
2797 4484 3112 4552 οἰκονομίαν
3150 4483 3409 4551 ἐσώζετο,
3466 4483 3712 4551 λέγοντος

445 4550 786 4644 testimonio,
823 4575 1204 4642 servabantur,
1230 4590 1355 4630 cum
1403 4574 1521 4628 ait:
1562 4591 1582 4626 ι
1630 4573 1749 4629 Non
1786 4575 2027 4645 proficiet

2133 4578 2231 4633 τοῦ
2261 4550 2425 4633 λαὸίδ
2444 4596 2457 4610 ’
2484 4599 2504 4631 ι
2539 4579 2654 4632 Οὐκ
2678 4550 2950 4649 ὧφελήσει
2972 4550 3168 4648 ἐχθρὸς
3196 4579 3254 4631 ὲν
3282 4575 3456 4648 αὐτῷ,
3482 4550 3579 4631 καὶ
3606 4575 3711 4639 υίὸς

445 4667 705 4722 inimicus
742 4667 797 4721 in
821 4682 909 4733 eo,
965 4675 1021 4720 et
1076 4664 1221 4721 filius
1282 4664 1597 4734 iniquitatis
1650 4679 1759 4719 non
1795 4676 2033 4736 apponet

444 4772 647 4815 nocere
670 4756 720 4810 ei
744 4758 809 4822 ",
853 4776 872 4808 ι
910 4763 1219 4825 cieteraque
1265 4769 1389 4825 quae
1431 4755 1787 4826 sequuntur),
1818 4757 2029 4827 signiﬁ-

444 4850 560 4906 cari
592 4848 906 4905 voluerunt.
947 4845 1204 4901 Plurimae
1226 4854 1407 4901 autem
1438 4860 1562 4900 cum
1588 4846 1684 4901 Dei
1724 4848 2027 4903 secundum

443 4954 693 5014 tempora
742 4940 956 5011 sagitta:
988 4938 1212 5003 fuerint,
1263 4953 1371 4992 una
1413 4946 1540 4993 ante
1600 4955 1792 4996 omnes
1832 4940 2023 5008 electa,

441 5046 500 5093 et
529 5036 752 5100 eximia,
778 5033 1032 5091 Christus
1059 5031 1175 5102 ipse
1204 5031 1259 5086 in
1303 5029 1481 5088 Patris
1509 5033 1866 5103 praznotione,
1905 5044 2026 5089 tan-

443 5146 606 5200 quam
655 5130 709 5183 in
740 5126 993 5197 pharetra
1036 5123 1381 5191 reconditus,
1432 5126 1602 5181 malas
1640 5126 1694 5180 in
1739 5134 1886 5181 terra
1924 5142 2024 5197 po-

442 5230 672 5277 testates
707 5220 943 5286 feriens,
987 5220 1218 5275 vulnere
1263 5220 1508 5274 sustulit.
1567 5218 1633 5272 Et
1676 5219 1817 5273 dixit
1873 5220 2023 5286 mihi,

445 5311 655 5381 adjicit,
678 5309 869 5368 Servus
907 5329 1051 5367 meus
1077 5330 1131 5368 es
1173 5322 1251 5379 tu,
1292 5309 1487 5366 Israel.
1510 5309 1753 5381 Corpore
1779 5310 2024 5381 quidem,

538 5423 559 5455 "
590 5420 725 5475 Luc.
758 5439 798 5487 ι,
823 5425 911 5477 5t.

446 5492 495 5526 ⁸⁸
522 5494 647 5549 Act.
677 5507 729 5555 ι’,
761 5493 789 5546 1
823 5508 975 5563 seqq.
1055 5494 1097 5525 ιδ
1120 5493 1223 5549 lsa.
1249 5510 1452 5558 XXXVII,
1488 5497 1670 5553 55-36-

1010 5423 1032 5456 '
1064 5422 1255 5477 Matth.
1281 5440 1318 5489 ι,
1346 5423 1437 5476 ει.
1514 5425 1534 5456 ⁸
1567 5424 1668 5479 lsa.
1702 5439 1773 5482 ιιι.
1803 5424 1855 5479 4.
1937 5424 1981 5456 ιο
2012 5422 2202 5478 Matth.
2240 5440 2294 5490 κ,
2330 5423 2422 5476 54.

1772 5494 1814 5524 ¹⁵
1839 5496 1959 5550 Act.
1988 5510 2109 5560 xui,
2144 5495 2231 5548 Η.
2280 5487 2534 5549 ⁷¹θϐιιιιι.
2570 5508 2631 5558 ιι,
2659 5487 2719 5548 Β.

2128 4671 2357 4741 ἀνομίας
2382 4670 2444 4725 οὐ
2495 4671 2797 4742 προσθήσει
2843 4670 2939 4724 τοῦ
2972 4670 3222 4724 κακῶσαι
3254 4667 3444 4734 αὐτὸν,
3483 4684 3503 4721 ι
3526 4670 3621 4723 καὶ
3647 4666 3707 4723 τὰ

2128 4763 2347 4833 ἑφεξῆς.
2383 4761 2619 4817 Πλεῖστα
2683 4762 2741 4816 δὲ
2772 4761 2842 4815 τὰ
2883 4759 2979 4814 τοῦ
3013 4759 3151 4813 Θεοῦ
3182 4758 3324 4815 κατὰ
3339 4758 3570 4829 καιροὺς
3598 4755 3708 4824 ἐγέο

2126 4870 2248 4907 νετο
2274 4852 2426 4924 βέλη.
2479 4852 2808 4907 Ἐκλεκτὸν
2856 4851 2915 4906 δὲ
2964 4850 3155 4917 ,ϐέλος
3208 4850 3305 4904 καί⁸
3353 4849 3497 4920 ὑπὲρ
3537 4847 3709 4901 πάντα

2126 4945 2384 5017 Χριστὸς,
2413 4946 2474 4998 ὲν
2507 4943 2818 5016 προγνώσει
2850 4943 2945 4997 τοῦ
2973 4942 3239 5014 Πατέρος,
3268 4942 3345 5005 ὡς
3372 4939 3707 5010 ἐνφαρέτρᾳ

2133 5034 2534 5107 κρυπτόμενος,
2567 5033 2660 5088 ἐπὶ
2688 5036 2793 5104 γῆς
2818 5033 2920 5097 τὰς
2955 5032 3203 5102 πονηρὰς
3233 5029 3496 5100 δυνάμεις
3544 5045 3707 5082 uasa."

2132 5125 2352 5199 τρώσας
2378 5127 2656 5200 ἠφάνισεν.
2685 5121 2873 5179 Εἶπεν
2909 5123 2978 5178 δέ
3005 5140 3130 5194 μοι,
3163 5121 3320 5194 φησί,
3350 5121 3573 5187 δοῦλός
3596 5132 3707 5187 μου

2133 5217 2195 5276 εἷ
2219 5219 2324 5285 σὺ,
2342 5219 2593 5288 Ἰσραήλ
2609 5235 2622 5249 ·
2654 5217 2799 5293 κατά
2822 5216 2886 5271 τὸ
2908 5217 3089 5287 σῶμα,
3115 5215 3179 5269 τὸ
3203 5216 3269 5268 ὲκ
3297 5215 3555 5279 δούλων,
3571 5211 3706 5265 δοῦ·

2132 5315 2262 5377 λος,
2295 5310 2390 5364 καὶ
2413 5310 2556 5364 κατά
2592 5309 2656 5363 τὸ
2682 5309 2861 5379 γένος,
2894 5308 2958 5363 τὸ
3001 5307 3062 5373 ἐξ
3097 5304 3371 5376 Ἰσραὴλ,
3419 5302 3653 5374 Ἰσραὴλ
3677 5301 3704 5353 ὁ

2536 5422 2577 5453 ’⁸
2611 5420 2808 5491 Ephes.
2861 5437 2933 5485 vi,
2962 5420 3047 5491 l7.
3162 5420 3206 5450 "
3245 5419 3445 5491 Exegit.
3469 5432 3619 5480 xxix,
3647 5413 3699 5469 8.

2799 5492 2840 5523 ιτ
2865 5490 3010 5547 Psal.
3039 5505 3299 5557 ειμι-ιιι,
3334 5488 3426 5544 ‘23.

1714 5586 1945 5645 VARle
1973 5587 2381 5645 LECTIONES.

513 5690 544 5734 γ
569 5697 659 5752 π).
692 5678 782 5734 τὸν
812 5677 935 5733 Υἰδν
957 5677 1050 5731 καὶ
1080 5676 1203 5731 καθ’
1227 5678 1276 5729 ὃ.
