3976 6220
227 341 371 407 2465

1370 330 1905 393 COMMENTARII
1952 327 2035 388 ΙΝ
2079 329 2364 389 ISAIAM.

3376 329 3524 393 9A6?)

230 453 489 524 Χριστός.
527 451 616 514 Ὦς
637 451 694 506 δὲ
729 452 866 505 Θεοῦ
890 451 1121 521 δύναμις
1149 449 1216 504 δι’
1264 441 1340 505 ὧν
1401 451 1698 522 ἐργάζεται
1728 451 1828 504 δο-

1940 447 2128 516 quoda
2165 448 2330 500 servis
2385 446 2650 508 duxerat,
2711 462 2861 500 servu
2949 445 3168 501 dicatur
3229 446 3526 514 Christus;

229 545 389 612 ξιὶζει
415 545 506 598 τὸν
541 535 604 596 οὗ
627 545 744 596 ἐστι
766 542 998 614 δύναμις
1019 582 1034 606 ,
1081 541 1150 595 ἐν
1182 539 1387 610 μορφῇ
1398 541 1623 596 δούλου
1661 544 1824 611 γενό-

224 655 432 710 μενος,
460 634 643 689 καίτοι
678 634 821 690 κατά
843 633 1007 702 φύσιν
1033 632 1296 703 ὑπάρχων
1322 631 1472 698 Υἱὸς,
1527 625 1572 699 ᾧ
1617 632 1826 704 κάμψει

231 731 342 784 πᾶν
399 727 530 796 γόνυ
595 725 859 793 ἐπιγείων
923 725 1018 779 καὶ
1072 724 1470 794 καταχθονίων,
1531 723 1629 776 καὶ⁷
1671 726 1825 779 πᾶσα

231 821 457 891 γλῶσσα
513 817 998 888 ἐξομολογήσεται,
1050 817 1133 870 ὅτι
1174 817 1382 888 Κύριος
1420 815 1670 882 Ἰησοῦς
1695 817 1829 883 Χρι-

230 915 381 981 στὸς
412 916 491 978 είς
515 912 674 976 δόξαν
713 909 849 964 Θεοῦ
880 909 1148 981 Πατέρος.

305 1185 463 1248 Τινὲς
501 1183 557 1238 δέ
589 1182 727 1256 πρὸς
775 1182 868 1238 τὸν
913 1181 1331 1252 λαὸν,Ἰσραὴλ
1380 1183 1634 1255 εἰρῆσθαι
1680 1185 1832 1255 νομί-

237 1289 430 1340 faves;
465 1274 632 1346 φασῖο
664 1275 948 1330 Δείκνυσιν
980 1277 1062 1329 ὅτι
1090 1275 1156 1328 δι’
1185 1275 1498 1346 ἀγαθότητα
1532 1277 1700 1349 μόνην
1730 1278 1833 1348 ηὐ-

235 1368 430 1437 δόκησε
479 1367 760 1438 Δεσπότης
819 1366 1110 1421 καλεῖσθαι
1161 1365 1256 1419 τοῦ
1295 1366 1580 1434 Ἰσραὴλ,
1633 1367 1728 1420 καὶ⁵
1775 1369 1834 1420 ἐν

233 1461 384 1530 αύτῷ
423 1458 831 1528 δοξασθῆναι,
863 1459 954 1513 διά
977 1476 1035 1512 τε
1067 1457 1178 1511 τῶν
1211 1456 1334 1512 κατ’
1353 1459 1629 1527 Αἴγυπτον
1676 1459 1838 1531 τερά-

235 1570 365 1617 των,
400 1551 495 1604 καὶ
523 1551 630 1605 τῶν
667 1551 866 1622 ἐφεξῆς
892 1550 1217 1619 γεγονότων.
1251 1551 1316 1602 Οἱ
1345 1550 1401 1602 δὲ
1437 1550 1596 1603 αὐτοὶ⁸
1623 1550 1719 1603 καὶ
1751 1553 1835 1634 τὸ⁸

237 1639 439 1704 Κενῶς
469 1641 787 1705 ἐκοπίασα,
823 1641 887 1692 ἐκ
917 1640 1013 1692 τοῦ
1044 1639 1326 1710 προφήτου
1357 1637 1612 1710 λελέχθαι
1648 1641 1836 1708 φασιν,

235 1733 313 1796 ῶς
343 1732 513 1786 πολλά
547 1732 646 1804 μὲν
681 1734 738 1786 ἐν
767 1733 843 1804 τῷ
877 1732 1169 1804 κηρύττειν
1198 1731 1485 1796 παθόντος,
1516 1733 1592 1804 μὴ
1621 1733 1837 1804 ὠφελή-

238 1841 433 1888 σαντος
465 1823 522 1877 δὲ
552 1824 661 1877 τῶν
679 1825 1033 1878 ἀκουσάντων
1070 1824 1300 1894 μηδένα.
1319 1824 1464 1878 Ἀλλ’
1493 1828 1520 1879 6
1552 1825 1685 1889 Θεός
1723 1842 1836 1896 μοι,

237 1918 392 1987 φησι,
414 1915 513 1988 τὴν
541 1918 663 1969 κατ’
684 1915 843 1982 ἀξίαν
869 1917 978 1970 τῶν
1006 1919 1185 1970 πόνων
1218 1918 1548 1973 ἀποδίδωσιν
1579 1919 1837 1990 ἀμοιόἠν.

236 2009 470 2077 Λέγεται
499 2008 555 2061 δέ
584 2009 765 2074 τοῦτο,
792 2010 946 2079 φασὶ,
981 2010 1077 2063 καὶ
1113 2011 1240 2082 περὶ
1268 2010 1501 2066 ἑκάστου
1534 2010 1842 2081 λαμϐάνον-

236 2117 328 2163 τος
355 2099 629 2171 αίσθησιν,
659 2101 734 2164 ὡς
767 2102 947 2172 μάτην
990 2103 1083 2156 τὸν
1127 2102 1320 2173 καιρὸν
1354 2104 1412 2156 ὲν
1439 2105 1560 2167 ταῖς
1595 2103 1690 2157 τοῦ
1723 2104 1840 2173 βίου

237 2192 568 2261 φαντασίαις
599 2193 899 2257 ἀνάλωσεν.
936 2194 1280 2266 Οίκειότερον
1306 2196 1352 2249 δ’
1379 2197 1445 2250 ἂν
1475 2197 1568 2251 ἐπὶ⁵
1598 2195 1692 2250 τοῦ
1726 2197 1842 2250 Σω-

238 2286 405 2356 τῆρος
449 2285 805 2356 λαμϐάνοιτο,
842 2286 901 2350 ὃς
935 2286 1179 2352 ἀκούσας
1229 2288 1340 2342 τῶν
1383 2289 1694 2359 εἰρημένων
1730 2290 1839 2343 ἀπ-

241 2373 515 2444 εκρίνατο.
542 2374 652 2430 Καὶ
681 2376 819 2442 πῶς,
844 2371 889 2430 ὦ
920 2377 1128 2448 Πάτερ,
1156 2381 1214 2431 ἐν
1244 2378 1370 2448 ἐμοὶ
1390 2379 1774 2451 δοξασθήσῃ,
1814 2382 1844 2434 6

243 2466 376 2519 ποτέ
417 2466 590 2520 πολλά
621 2468 818 2538 καμὼν
849 2469 990 2541 ὑπὲρ
1030 2471 1130 2540 τῆς
1175 2470 1284 2524 τῶν
1327 2471 1634 2542 ἀνθρώπων
1664 2489 1842 2542 σωτη-

246 2557 390 2628 ρίας,
423 2557 577 2613 οὐδὲν
605 2559 778 2630 ἤνυσα
804 2560 988 2626 πλέον,
1015 2561 1492 2632 ἐναπομεινάντων
1517 2565 1583 2633 τῇ
1611 2564 1844 2634 ἀπιστίᾳ

243 2648 455 2702 πολλῶν
501 2668 558 2703 τε
605 2650 805 2717 ἄλλων,
836 2652 933 2705 καὶ
979 2652 1088 2714 τῶν
1135 2655 1201 2706 ἐκ
1227 2656 1533 2726 περιτομῆς
1559 2671 1574 2720 ;
1605 2655 1734 2726 περὶ
1766 2648 1842 2709 ὧν

243 2739 450 2809 ἔλεγεν·
481 2760 499 2792 ι
525 2741 640 2796 Οὐκ
657 2743 972 2814 ἀπεστάλην
1003 2746 1051 2796 εί
1078 2743 1246 2816 μὴείς
1261 2746 1328 2799 τά
1357 2745 1678 2801 ἀπολωλότα
1701 2748 1839 2819 πρό-

243 2828 384 2884 ϐατα
427 2829 581 2884 οἴκου
615 2833 834 2904 Ἰσραὴλ
860 2874 874 2898 ,
916 2853 936 2887 ›
967 2835 1082 2905 οἵγε
1116 2835 1258 2908 πρὸς
1307 2835 1386 2907 τῷ
1433 2838 1721 2904 ἀπειθεῖν,
1749 2841 1842 2893 καὶ

244 2921 626 2994 ἐσταύρωσαν,
657 2923 732 2986 ῶς
779 2926 1034 2997 εἰρῆσθαι
1081 2929 1177 2980 καὶ
1210 2930 1362 3000 παρᾶ
1393 2928 1473 2999 τῷ
1502 2930 1798 3001 Ψαλμῳδῷ
1822 2947 1836 2962 °

250 3029 270 3064 ι
299 3013 396 3076 Τίς
425 3014 667 3084 ὠφέλεια
699 3017 756 3070 ἐν
785 3017 864 3088 τῷ
893 3017 1086 3088 αἵματί
1117 3037 1220 3089 μου
1243 3063 1256 3085 ,
1287 3022 1346 3073 ἐν
1379 3019 1456 3090 τῷ
1485 3021 1839 3076 καταϐαίνειν

1931 554 2130 610 genere
2195 547 2403 602 autem,
2452 539 2596 607 quod
2626 537 2694 591 ab
2736 536 2888 592 Israe
2912 555 2960 605 ε,
2997 538 3158 608 553
3192 537 3385 594 Israel.
3422 541 3534 598 Sed

1935 642 2196 702 tanquam
2248 632 2342 688 Dei
2399 631 2608 696 virtus,
2671 632 2834 686 rebus
2871 633 3026 701 ipsis,
3077 648 3216 703 quas
3263 644 3531 704 operatur

1931 742 2079 791 eum,
2122 725 2281 794 cujus
2322 725 2498 779 virtus
2525 731 2630 788 est,
2666 724 2837 793 gloria
2857 725 3037 792 afﬁcit,
3082 724 3348 792 informa
3383 729 3526 782 servi

1931 798 2129 882 lactus,
2159 816 2566 886 quantumlibet
2620 827 2820 869 natura
2849 815 3031 882 ﬁlius;
3075 819 3162 871 cui
3221 817 3532 877 iullectetur

1932 923 2095 962 omne
2117 923 2258 978 genu
2280 903 2627 962 terrestrium
2673 919 2724 961 et
2751 906 3130 974 infernorum;
3166 927 3326 980 quem
3350 912 3533 968 omnis

1933 999 2102 1052 etiam
2129 1000 2316 1070 lingua
2355 999 2644 1054 Dominum
2675 994 2860 1053 Jesu’m
2895 998 3169 1054 Christum
3204 1005 3257 1057 iu
3295 1005 3531 1074 gloriam

1936 1089 2034 1144 Dei
2063 1089 2242 1146 Patris
2265 1106 2390 1146 esse
2425 1091 2782 1146 confitebitur
2818 1092 2881 1144 ³⁸.

2004 1179 2262 1235 Nonnulli
2291 1181 2358 1236 ad
2395 1196 2587 1237 vocem
2652 1180 2834 1236 Israel
2877 1181 3073 1238 referri
3110 1183 3386 1250 arbitrati,
3422 1183 3530 1240 Do-

1937 1271 2112 1338 mino,
2150 1281 2376 1343 propter
2433 1273 2744 1327 bonitatem
2777 1274 2977 1338 solam,
3027 1272 3203 1329 Israel
3243 1275 3530 1345 appellari,

1937 1373 1993 1420 et
2023 1366 2076 1418 in
2099 1373 2427 1436 eo,propter
2453 1365 2720 1419 miracula
2777 1381 2900 1436 quae
2931 1367 2985 1419 iu
3021 1366 3261 1439 {Egypto
3284 1377 3340 1422 et
3369 1368 3532 1424 deino

1940 1472 2071 1526 ceps
2097 1465 2314 1526 patrata
2376 1468 2526 1521 sunt,
2571 1459 2797 1527 gloriari
2829 1460 3104 1529 placuisse
3163 1461 3532 1515 arbitrantur.

1939 1547 2144 1603 Putant
2187 1548 2354 1603 iidem
2382 1550 2550 1604 verba
2584 1550 2711 1616 ista,
2749 1550 2977 1606 Frustra
3016 1552 3274 1620 laboravi,
3310 1569 3377 1608 ex
3407 1569 3536 1622 pro-

1943 1641 2118 1710 phetze
2145 1656 2381 1712 persona
2423 1635 2557 1706 dici,
2607 1649 2871 1712 tanquam
2907 1660 2967 1698 se
3001 1644 3386 1699 concionando
3424 1660 3534 1700 non

1943 1749 2133 1804 parum
2161 1735 2485 1798 desudasse,
2521 1735 2617 1790 sed
2661 1735 2798 1789 nihil
2821 1735 2946 1791 inde
2972 1737 3259 1806 probiores
3287 1737 3536 1793 evasisse

1946 1824 2249 1890 auditores,
2285 1837 2660 1894 conqueratur
2717 1845 2730 1881 :
2780 1842 3016 1896 eumque
3067 1827 3172 1882 sibi
3217 1835 3274 1882 ut
3308 1827 3534 1898 dignam

1909 1915 2196 1969 'laborum
2238 1915 2551 1971 mercedem
2610 1926 2841 1986 reponat
2884 1918 3172 1984 Dominus,
3227 1921 3530 1990 postulare.

1947 2008 2209 2064 Sumatur
2247 2018 2301 2064 et
2328 2009 2484 2074 illud,
2543 2009 2716 2076 aiunt,
2752 2009 2819 2066 de
2849 2009 3073 2067 homine
3111 2013 3379 2083 quolibet,
3437 2014 3531 2082 qui

1945 2100 2080 2155 sein
2110 2099 2348 2157 diversis
2418 2101 2582 2170 hujus
2651 2102 2776 2156 vita:
2836 2103 3184 2172 voluptatum
3233 2105 3532 2172 generibus

1907 2220 1922 2230 η
1943 2190 2152 2246 frustra
2174 2199 2389 2261 tempus
2407 2195 2772 2264 insumpsisse
2795 2196 3144 2251 recordetur.
3176 2196 3283 2252 Sed
3310 2201 3534 2268 proprie

1945 2284 2119 2353 magis
2147 2288 2220 2337 ad
2249 2281 2593 2340 Salvatorem
2652 2284 2949 2350 referatur,
2996 2287 3090 2355 qui
3126 2287 3334 2342 auditis
3371 2276 3532 2356 supe-

1944 2373 2186 2429 rioribus
2218 2374 2322 2428 ista
2373 2382 2614 2444 reponat
2643 2391 2658 2428 :
2690 2375 3008 2440 Enimvero,
3041 2375 3228 2443 Pater,
3255 2379 3344 2447 qui
3385 2388 3440 2430 tu
3476 2379 3530 2433 in

1946 2479 2034 2520 me
2063 2465 2458 2536 gloriﬁcaberis
2480 2507 2495 2532 ,
2534 2480 2660 2519 cum
2693 2467 2881 2521 multis
2909 2483 3007 2536 pro
3042 2469 3220 2523 salute
3247 2470 3531 2524 hominum

1945 2557 2229 2614 laboribus
2255 2559 2568 2624 exantlatis,
2593 2559 2731 2613 nihil
2753 2561 3102 2629 profecerim,
3129 2563 3320 2618 multis
3345 2562 3526 2617 adhuc

1944 2648 2070 2704 aliis
2129 2652 2184 2703 in
2233 2650 2626 2706 incredulitate
2681 2653 3160 2720 permanantibus,
3223 2662 3277 2708 et
3322 2654 3530 2711 Judaais

1943 2738 2119 2812 ipsis?
2145 2739 2216 2794 At
2246 2740 2308 2794 de
2343 2740 2465 2796 istis
2524 2741 2862 2811 intelligens,
2885 2758 2947 2818 se
2970 2758 3079 2798 non
3135 2745 3241 2800 nisi
3299 2746 3364 2800 ad
3401 2763 3534 2801 oves

1945 2830 2144 2886 domus
2174 2829 2361 2896 Israel,
2401 2847 2523 2902 quae
2555 2832 2857 2902 perierant,
2886 2833 3119 2889 missum
3147 2834 3287 2889 dixit
3309 2836 3384 2900 ¹⁹;
3411 2851 3536 2904 qua:

1945 2931 2129 2980 tamen
2153 2931 2208 2978 et
2240 2925 2370 2995 ipsae
2397 2935 2762 2995 praeterquam
2786 2926 2937 2994 quod
2969 2925 3130 2980 fidem
3158 2927 3526 2996 abnegarunt,

1943 3028 2068 3068 eum
2095 3014 2284 3087 etiam
2322 3013 2475 3068 cruci
2509 3013 2820 3076 atlixerunt,
2844 3013 2912 3068 de
2941 3030 3052 3083 quo
3087 3015 3170 3068 sic
3207 3015 3350 3084 apud
3379 3015 3535 3069 Davi-

247 3122 315 3178 με
351 3107 427 3170 είς
467 3108 804 3179 διαφθοράν;
842 3129 860 3161 ι
901 3111 1039 3163 Ἀλλ’
1074 3113 1272 3166 ἐκεῖνοι
1327 3111 1427 3182 μὲν
1473 3112 1749 3168 ταῦτα.Ἡ
1780 3114 1836 3167 δὲ

1945 3104 2066 3162 dem
2095 3104 2361 3175 legimus:
2391 3122 2413 3155 ι
2436 3104 2568 3170 Qua:
2598 3105 2808 3158 utilitas
2833 3105 2890 3157 in
2907 3105 3181 3173 sanguine
3206 3121 3347 3170 meo,
3381 3107 3532 3176 quod

244 3197 446 3266 κρίσις
495 3217 615 3267 μου
654 3200 814 3268 παρὰ
863 3199 945 3265 τῷ
987 3203 1199 3271 Κυρίῳ.
1223 3202 1365 3272 Ἐγὼ
1418 3204 1527 3274 γὰρ
1577 3204 1644 3257 τά
1694 3205 1836 3274 παρ’

245 3289 483 3360 ἐμαυτοῦ
514 3291 728 3361 πράξας
763 3294 1044 3347 ἐναντίον
1069 3294 1174 3349 τοῦ
1202 3295 1350 3348 Θεοῦ
1373 3313 1515 3364 μου,
1546 3295 1606 3349 τὸ
1636 3313 1835 3368 πατρι-

243 3383 340 3435 κὸν
371 3384 666 3439 ἐτελείωσα
701 3384 973 3459 βούλημα.
1013 3389 1113 3442 Διά
1149 3389 1310 3442 τοῦτο
1355 3389 1411 3442 δὲ
1443 3391 1538 3442 καὶ
1572 3391 1608 3457 ἡ
1636 3392 1835 3459 κρίσις

240 3473 596 3545 δξενήνεκται
623 3479 752 3550 παρ’
779 3479 968 3534 αὑτοῦ.
989 3480 1389 3551 Ἐξεὸλήθησαν
1419 3482 1528 3551 γάρ
1562 3483 1664 3551 τῆς
1697 3483 1836 3553 πρὸς

243 3567 410 3627 ιὺτδν
437 3570 794 3640 οἰκειότητος.
825 3571 906 3625 Τὰ
947 3571 1004 3625 δὲ
1035 3571 1161 3643 ἔθνη
1193 3575 1385 3639 γέγονε
1433 3571 1638 3641 κλῆρος
1672 3571 1832 3626 Θεοῦ.

253 3657 371 3722 l'hr
405 3662 610 3728 κρίσιν
635 3661 691 3714 δὲ
720 3662 924 3733 ταύτην
955 3663 1049 3716 καὶ
1076 3663 1163 3716 διὰ
1193 3664 1292 3733 τῆς
1323 3663 1643 3734 παραϐολῆς
1667 3663 1696 3715 6
1723 3663 1836 3718 Κύ-

248 3767 362 3820 ριος
395 3751 584 3820 ἔδειξε,
603 3754 860 3824 περὶτῶν
887 3755 1151 3825 γεωργῶν
1179 3754 1354 3823 λέγων
1380 3754 1490 3808 τῶν
1517 3753 1606 3807 τὸν
1635 3753 1836 3824 κληρο-

245 3842 411 3912 νόμον
439 3845 837 3909 ἀπεκτονότων,
865 3845 959 3908 oi);
1007 3847 1103 3899 ml.
1151 3847 1446 3912 ἀπολέσας,
1483 3845 1692 3914 ἑτέροις
1739 3845 1832 3900 τὸν

248 3933 551 4002 ἀμπελῶνα
579 3938 848 4006 γεωργοῖς
898 3936 1183 4002 ἐξέδωκεν,
1215 3937 1412 3998 οἵτινες
1461 3934 1834 3990 ἀποδώσουσιν

249 4024 400 4100 αὑτῷ
426 4027 550 4090 τοὺς
578 4029 824 4100 καρποὺς
855 4029 912 4081 ἐν
954 4030 1066 4092 τοῖς
1095 4031 1308 4099 καιροῖς
1337 4027 1541 4083 αὐτῶν.
1582 4021 1743 4082 Οὗτοι
1774 4027 1832 4081 δὲ

245 4112 388 4190 ἦσαν
416 4119 524 4173 τῶν
556 4120 904 4189 Εὑαγγελίων
937 4123 986 4175 oi
1019 4122 1278 4193 κήρυκες,
1314 4122 1401 4190 ἐφ’
1435 4115 1510 4175 ὧν
1532 4130 1554 4158 ⁸
1589 4122 1645 4174 αἱ
1677 4119 1833 4190 νεφέ-

247 4209 336 4262 λαι
376 4207 626 4279 καθῆκαν
657 4211 842 4276 ὑετοὺς
877 4215 931 4266 αἱ
962 4213 1338 4266 κελευσθεῖσαι
1374 4213 1448 4282 μὴ
1479 4211 1698 4283 βρέχειν
1739 4213 1832 4265 ἐπὶ

245 4301 344 4356 τὸν
379 4302 664 4357 Ἰουδαϊκὸν
694 4305 1013 4376 ἀμπελῶνα,
1046 4306 1132 4376 ἐφ’
1160 4298 1236 4360 ὧν
1269 4305 1370 4358 οὐκ
1401 4305 1663 4370 ἀκάνθας,
1695 4303 1832 4358 ἀλλά

253 4391 529 4461 σταφυλὰς
556 4394 857 4466 ἐτρύγησεν
885 4398 912 4450 6
939 4395 1198 4468 Χριστὸς,
1229 4395 1496 4466 λεγόντων
1542 4395 1720 4467 ἡμῶν,
1750 4396 1831 4450 ὅτι

1943 3195 2226 3250 descendo
2284 3196 2340 3249 in
2373 3195 2792 3263 corruptionem
2812 3195 2944 3248 "1':
2982 3193 3090 3250 Sed
3155 3197 3259 3252 ista
3309 3197 3533 3267 quidem

1945 3286 2043 3340 illi.
2079 3285 2340 3356 Sequitur
2364 3301 2513 3352 vero,
2537 3286 2804 3355 judicium
2842 3302 3015 3341 meum
3045 3287 3187 3356 apud
3219 3287 3532 3344 Dominum.

1945 3378 2058 3448 Ego
2091 3379 2261 3443 enim,
2291 3380 2493 3449 inquit,
2528 3395 2650 3449 quae
2673 3395 2705 3433 a
2737 3395 2822 3435 me
2854 3381 2976 3449 ipso
2997 3391 3180 3447 erant,
3213 3398 3390 3435 coram
3420 3381 3531 3437 Deo

1943 3487 2058 3525 meo
2119 3481 2448 3535 exsecutus,
2490 3481 2734 3541 paterna:
2761 3473 3065 3529 voluntatis
3115 3475 3275 3531 linem
3301 3474 3534 3545 adeptus

1942 3577 2108 3616 sum:
2148 3563 2220 3616 ob
2267 3562 2435 3632 idque
2466 3573 2516 3618 et
2539 3563 2810 3632 judicium
2851 3565 2922 3620 ab
2947 3581 3014 3620 eo
3036 3565 3206 3620 latum
3248 3575 3356 3622 est.
3395 3565 3537 3622 Sunt

1941 3654 2088 3710 enim
2115 3653 2184 3708 ab
2209 3669 2295 3720 ea,
2347 3669 2514 3723 quam
2572 3671 2694 3710 cum
2752 3655 2984 3713 Domino
3047 3658 3346 3723 habebant,
3397 3675 3534 3716 con-

1937 3743 2231 3814 junctione
2287 3745 2528 3810 divulsi;
2564 3754 2758 3816 gentes
2827 3757 3010 3803 autem
3066 3751 3118 3804 in
3167 3749 3265 3806 Dei
3319 3763 3533 3809 sortem

1941 3834 2147 3890 ascitas.
2180 3832 2458 3890 Iudicium
2510 3852 2678 3907 porro
2731 3838 2882 3893 istud
2933 3839 3018 3894 vel
3045 3840 3238 3910 ipsein
3267 3845 3532 3912 parabola

1941 3923 2206 3982 Dominus
2240 3926 2309 3982 de
2337 3927 2619 3996 agricolis,
2677 3930 2770 4000 qui
2800 3929 3076 3986 haeredem
3111 3933 3532 4000 interen'ierant,

1943 4019 2165 4075 locutus
2197 4019 2485 4086 indicavit,
2538 4035 2662 4075 cum
2691 4021 2926 4078 sublatis
2953 4023 3098 4087 istis,
3137 4025 3280 4090 aliis,
3308 4027 3401 4096 qui
3426 4030 3532 4083 sibi

1941 4122 2088 4167 stato
2119 4120 2173 4169 et
2197 4111 2396 4168 idoneo
2428 4122 2672 4184 tempore
2703 4114 2920 4170 fructus
2944 4116 3280 4183 redderent,
3316 4119 3530 4174 vineam

1940 4219 2098 4260 suam
2148 4204 2463 4261 elocavit“.
2500 4203 2541 4259 li
2576 4219 2708 4259 vero
2740 4209 3076 4263 exstiterunt
3109 4210 3528 4281 evangeliorum

1937 4312 2225 4368 praecones
2292 4298 2418 4368 ipsi,
2447 4298 2498 4352 in
2533 4313 2676 4369 quos
2716 4300 2892 4356 nubes
2927 4300 3093 4373 554
3151 4303 3527 4379 ill:e",qua2in

1938 4387 2220 4444 Judaicam
2248 4390 2412 4443 vitem
2443 4389 2704 4460 depluere
2729 4389 3079 4456 vetabantur,
3110 4393 3346 4461 pluviam
3371 4409 3528 4448 suam

265 4485 322 4539 Ὀ
357 4486 561 4560 Κύριος
585 4488 744 4541 δώσει
779 4490 1148 4560 χρηστότητα,
1183 4489 1280 4542 καὶ
1309 4489 1342 4560 ἡ
1370 4489 1443 4560 γῆ
1491 4489 1651 4560 ἡμῶν
1673 4487 1833 4542 δώσει

1940 4481 2313 4538 demiserunt:
2341 4495 2451 4550 quo
2511 4481 2720 4536 factum
2775 4490 2882 4546 est,
2910 4491 2972 4537 ut
3001 4497 3109 4538 non
3165 4483 3378 4553 spinas,
3418 4484 3517 4538 sed

246 4579 374 4642 τοὺς
423 4581 672 4650 καρποὺς
719 4580 922 4635 αὐτῶν.
957 4582 1065 4634 Καὶ
1115 4581 1291 4645 ἄλλως
1337 4581 1394 4633 δὲ
1446 4582 1555 4634 τὸν
1597 4581 1841 4636 πόνον-ό

248 4671 461 4734 Παῦλος
488 4671 652 4724 αὑτοῦ
686 4672 786 4726 καὶ
825 4677 940 4742 τὴν
970 4674 1173 4742 κρίσιν
1201 4672 1353 4744 δηλοῖ
1377 4672 1552 4742 λέγων
1571 4687 1584 4701 ⁸
1621 4692 1638 4726 ι
1656 4675 1753 4736 Ὃς
1783 4675 1840 4724 ἐν

252 4767 435 4837 μορφῇ
489 4765 626 4818 Θεοῦ
661 4767 956 4837 ὑπάρχων,
989 4767 1086 4837 οὐχ
1136 4767 1429 4838 ἀρπαγμδν
1481 4767 1750 4837 ἡγήσατο,
1780 4765 1842 4818 τὸ

253 4851 390 4908 εἶναι
439 4856 531 4910 lca.
560 4856 702 4926 Θεῷ,
749 4859 862 4912 ἀλλ’
885 4859 1077 4912 ἐαυτὸν
1106 4859 1374 4912 ἐκένωσεν
1410 4858 1627 4928 μορφὴν
1653 4855 1840 4910 δούλου

254 4945 458 5012 λαὸὼν,
495 4949 734 5021 ὑπήκοος
763 4952 1004 5020 γεγονὼς
1023 4951 1100 5019 τῷ
1127 4949 1353 5023 Πατέρι,
1385 4949 1548 5020 μέχρι
1578 4948 1834 5012 θανάτου,

252 5037 485 5091 θανάτου
503 5038 558 5091 δὲ
579 5041 834 5112 σταυροῦ.
859 5042 949 5095 Διὸ
971 5041 1066 5095 καλ⁸
1089 5041 1448 5112 ὑπερύψωσεν
1472 5039 1656 5107 αὑτὸν,
1681 5039 1837 5112 φησι,

249 5129 310 5181 τὸ
336 5129 507 5200 ὄνομα
525 5131 650 5196 δοὺς
673 5134 735 5186 τὸ
764 5134 907 5204 ὑπὲρ
936 5137 1046 5188 πᾶν
1079 5135 1270 5204 ὄνομα,
1300 5133 1386 5188 ἴνα
1418 5134 1477 5187 ἐν
1505 5132 1584 5205 τῷ
1614 5133 1838 5204 ὀνόματι

251 5217 418 5271 αὑτοῦ
447 5221 554 5273 πᾶν
585 5221 715 5290 γόνυ
746 5222 961 5293 κάμψῃ.
1000 5241 1018 5273 ι

1938 4589 2076 4631 uvas
2135 4571 2393 4628 Christus
2425 4573 2712 4643 collegerit
2796 4599 2812 4639 -,
2845 4575 2988 4630 sicut
3019 4575 3122 4644 ipsi
3173 4574 3520 4650 proﬁtemur,

1940 4681 2066 4722 cum
2102 4666 2388 4720 Dominum
2417 4665 2812 4736 benignitatem
2837 4682 3020 4732 suam,
3052 4675 3367 4734 terramque
3416 4667 3529 4721 fru-

1940 4766 2090 4813 ctum
2133 4773 2294 4811 suum
2323 4757 2584 4812 daturum
2612 4773 2738 4813 esse
2782 4760 3122 4815 canimus".
3161 4758 3313 4813 Alias
3341 4766 3528 4815 autem

1941 4859 1996 4904 et
2023 4848 2229 4906 Paulus
2253 4850 2373 4920 ipse
2403 4849 2649 4920 ejusdem
2685 4850 2918 4906 laborem
2943 4860 2993 4904 et
3008 4851 3275 4919 judicium
3318 4851 3527 4906 indica-

1943 4943 2046 5004 vit,
2097 4940 2190 4996 ubi
2227 4941 2302 4995 ait
2337 4955 2396 4994 ιι
2421 4940 2524 5008 Qui
2554 4956 2683 4995 cum
2716 4941 2772 4994 in
2801 4939 2972 4996 forma
3040 4939 3132 4995 Dei
3181 4948 3351 5004 esset,
3412 4953 3529 4994 non

1943 5035 2192 5106 rapinam
2225 5033 2528 5090 arbitratus
2563 5041 2648 5090 est
2680 5047 2802 5090 esse
2834 5049 2893 5089 sc
2941 5033 3203 5103 aequalem
3254 5031 3386 5096 Deo,
3425 5030 3529 5085 sed

1945 5130 2187 5198 seipsum
2216 5126 2520 5181 exinamvit
2548 5125 2781 5182 formam
2849 5127 2993 5182 servi
3039 5123 3334 5194 accipiens,
3375 5122 3529 5178 Patri

1946 5218 2128 5274 factus
2159 5216 2422 5273 obediens
2463 5233 2639 5288 usque
2671 5217 2736 5273 ad
2780 5227 3032 5281 mortem,
3067 5224 3295 5268 mortem
3335 5222 3526 5268 autem

251 5308 722 5381 crucis.Pr0pter
776 5311 924 5382 quod
976 5311 1141 5366 etiam
1198 5312 1466 5382 exaltavit
1535 5311 1712 5372 illum,
1789 5309 1992 5378 inquit,
2049 5317 2101 5362 et
2145 5306 2298 5362 dedit
2367 5307 2446 5362 illi
2510 5324 2730 5374 nomen,
2787 5307 2930 5378 quod
2987 5313 3073 5361 est
3132 5319 3294 5378 ~:upcr
3355 5319 3528 5364 omne

253 5414 554 5469 nomen,ut
583 5408 635 5461 in
676 5409 900 5464 nomine
964 5409 1140 5477 ipsius
1215 5425 1378 5464 omne
1430 5424 1571 5479 genu
1609 5405 1945 5461 flectatur".
1987 5423 2005 5456 ι

327 5515 374 5589 ’ξ
410 5515 648 5589 Philipp.
688 5539 747 5585 ll,
776 5523 830 5586 9,
870 5522 958 5578 lO.

256 5583 304 5618 ⁸⁸
342 5583 712 5665 ΡειιΙ.ι.ίκίιν,
739 5583 831 5656 15.
864 5594 911 5626 ⁸⁵
948 5593 1184 5664 Philipp.
1237 5611 1298 5661 ιι,
1328 5583 1485 5650 Ἱ-Ιθ.

1073 5523 1116 5554 ¹⁹
1146 5523 1335 5578 Matth.
1374 5540 1456 5588 xv,
1487 5523 1580 5577 24.
1659 5523 1704 5553 ²⁰
1737 5520 1884 5577 Psal.
1933 5533 2088 5572 xxix.
2148 5517 2236 5572 lO.

2313 5518 2352 5548 "
2419 5516 2608 5572 Matth.
2657 5531 2767 5583 ut,
2803 5514 2870 5570 53
2907 5529 3055 5587 seqq.
3138 5514 3182 5548 “
3219 5513 3323 5572 lsa.
3356 5525 3513 5592 τηις,

590 5665 664 5702 ’·
1580 5685 1808 5742 vanle
1849 5682 2256 5742 LECTIONES.

328 5779 357 5810 ⁸
383 5790 478 5842 τι).
515 5773 634 5841 οῦς.
