3976 6220
446 296 592 361 246⁵1

1786 272 2143 354 ΡΒὈΕΟΡΙΙ
2184 292 2427 353 eia-EI

3590 294 3730 358 2468

516 409 644 465 “me
701 380 880 465 autem
948 407 1254 488 secundum
1306 422 1531 464 carnem
1590 408 1891 481 inteniges.
1932 407 2031 463 Est

2204 408 2390 463 Ταῦτα
2432 406 2489 460 δὲ
2538 402 2680 462 κατά
2711 390 2908 479 ⁸σάρδια
2936 407 3173 481 νοήσεις.
3201 407 3369 464 Φύσει
3400 408 3514 481 γὰρ
3542 409 3678 475 Θεὸς
3703 413 3730 464 ὁ

444 504 590 561 cnim
654 499 827 557 Filius
900 511 1103 556 natura
1181 492 1369 567 Déus,
1425 514 1531 557 nec
1577 500 1877 567 laborans,
1929 515 2033 556 nec

446 594 752 652 mercedem
784 592 1026 647 laborum
1049 593 1274 649 nomine
1296 594 1608 664 postulans.
1626 591 1775 648 Voce
1802 603 2032 663 praeter-

442 703 506 744 ea
538 703 674 743 usus
731 686 1050 740 hominibus
1112 700 1379 757 congrua,
1427 701 1636 741 servum
1691 701 1747 741 se
1801 685 1867 739 ab
1914 687 2030 755 ipso

442 777 632 832 matris
653 783 800 829 utero
831 774 1121 844 formatum
1152 774 1290 830 dicit
1322 791 1336 828 :
1367 774 1484 843 qui,
1525 781 1799 843 quatenus
1834 772 2033 839 Filius,

441 883 555 924 non
590 867 853 936 formatus
890 875 1071 921 tamen
1106 866 1199 929 sit,
1236 865 1329 921 sed
1386 866 1482 936 qui
1536 872 1815 935 quatenus
1851 880 2031 919 servus

442 973 666 1015 carnem
696 967 867 1028 gerat.
894 956 997 1023 Qui
1034 958 1205 1019 enim,
1244 957 1288 1012 si
1314 965 1508 1011 natura
1561 971 1755 1011 servus
1788 963 1906 1011 erat
1942 953 2033 1009 Fi-

445 1052 574 1116 lius,
603 1052 658 1105 in
682 1051 985 1104 servitutem
1014 1048 1280 1118 formatus
1306 1063 1429 1104 esse
1450 1048 1706 1102 dicatur?
1750 1047 1884 1103 Esse
1934 1048 2034 1119 igi-

445 1149 536 1196 tur
603 1149 799 1194 natura
847 1140 1082 1194 liberum
1133 1148 1379 1208 apparet.
1410 1140 1561 1194 Istud
1609 1139 1755 1193 enim
1790 1139 1875 1194 vel
1911 1138 2031 1209 ipsa

445 1233 760 1290 didrachmi
821 1234 1083 1303 pensione
1130 1235 1265 1287 satis
1326 1231 1612 1295 indicavit,
1649 1247 1773 1285 cum
1808 1232 2029 1288 Petrum

445 1326 648 1381 liberos
686 1340 811 1381 esse
848 1325 989 1379 ﬁlios
1032 1324 1493 1395 docuit".ltaque
1520 1339 1585 1377 ex
1608 1331 1765 1379 utero
1798 1323 1939 1378 dixit
2015 1365 2030 1388 ,

444 1417 789 1471 κιδενυὶιιιιίδ
833 1417 1095 1485 temporis
1119 1416 1461 1480 ostenderet,
1495 1414 1748 1485 ejusque,
1781 1430 1906 1486 quae
1942 1429 2029 1469 se~

447 1508 687 1563 cundum
730 1523 953 1562 carnem
982 1516 1088 1572 est,
1130 1506 1439 1561 nativitatis
1466 1506 1691 1561 modum
1725 1505 2033 1577 distingue-

444 1611 552 1660 ret.
589 1603 794 1658 Deinde
839 1603 1044 1657 servilis
1108 1600 1449 1671 formationis
1478 1617 1706 1657 causam
1733 1601 2029 1664 deﬁniens,

444 1693 790 1748 adlacobum
847 1694 1268 1765 congregandum
1336 1695 1535 1749 iactam
1567 1710 1693 1751 esse
1737 1693 2027 1765 adiunxit;

446 1785 608 1855 cujus
659 1788 881 1840 nomine
941 1794 1155 1839 tantum
1209 1787 1583 1854 formationem
1635 1785 1796 1841 istam
1840 1785 2031 1852 subiit,

447 1892 571 1931 cum
611 1878 663 1931 in
686 1878 911 1932 minime
943 1876 1175 1931 formata
1206 1878 1501 1932 divinitate
1551 1877 1888 1947 quiesceret.
1927 1875 2034 1932 Eos

446 1969 592 2024 enim
645 1972 808 2023 etiam
850 1985 974 2023 cum
1033 1969 1159 2024 aliis
1216 1967 1469 2035 Satanas,
1527 1968 1643 2024 sive
1691 1967 1838 2039 quod
1890 1967 2033 2023 idola

446 2062 732 2125 colerent,
800 2062 917 2117 sive
986 2062 1136 2131 quod
1188 2061 1481 2117 hominum
1549 2060 1810 2116 mandata
1871 2061 2034 2117 doce-

447 2164 594 2217 rent,
628 2168 655 2206 a
686 2153 794 2207 Dro
848 2159 1199 2222 separaverat
1242 2170 1258 2206 :
1310 2152 1405 2208 sed
1474 2153 1661 2208 hostes
1728 2151 1819 2207 Dei
1860 2151 2034 2208 factos
2086 2169 2101 2175 ·

447 2246 703 2300 Christus
752 2245 868 2314 ipse
896 2245 1041 2299 Patri
1076 2244 1477 2311 reconciliavit,
1505 2246 1651 2315 quod
1685 2247 1815 2299 olim
1857 2253 1917 2300 ut
1950 2245 2034 2300 fa-

447 2346 659 2402 cerent,
693 2352 880 2406 pacem
899 2351 1023 2391 cum
1050 2353 1116 2393 co
1139 2338 1433 2392 iucundam
1457 2354 1579 2394 esse
1602 2338 1906 2393 inclamans
1924 2352 2033 2393 non

446 2430 620 2486 Isaias
670 2432 854 2497 modo,
890 2429 984 2485 sed
1016 2430 1117 2499 ipsi
1149 2430 1315 2485 etiam
1366 2430 1627 2500 discipuli
1670 2446 1771 2501 pro
1803 2430 2033 2486 Christo

449 2521 719 2590 legatione
746 2518 1037 2590 fungentes
1052 2521 1122 2583 ’°,
1154 2528 1420 2590 tanquam
1450 2519 1560 2576 Deo
1600 2535 1696 2591 per
1721 2520 1871 2590 ipsos
1911 2535 2036 2587 pro-

448 2620 703 2675 vocante,
762 2612 1120 2682 nondumque
1182 2612 1287 2668 sibi
1348 2627 1567 2667 rursum
1602 2610 2031 2682 ‘per‘Christutn

448 2702 860 2768 reconciliante,
893 2710 1248 2757 monuerant.
1283 2701 1672 2771 lntclligantur
1700 2715 1831 2757 vero
1856 2698 2036 2752 Israe-

386 2838 391 2841 .
446 2794 517 2847 lis
542 2802 598 2848 et
626 2790 1174 2858 Jacobinominibus,
1208 2808 1316 2848 non
1361 2794 1396 2847 ii
1434 2802 1667 2859 tantum,
1704 2793 1797 2863 qui
1830 2806 1894 2845 ex
1922 2791 2035 2845 cir-

449 2885 791 2941 cumcisione
814 2895 966 2951 sunt,
997 2885 1066 2941 ad
1097 2901 1236 2956 quos
1284 2885 1445 2957 555
1486 2888 1650 2941 etiam
1712 2886 1943 2941 missum
1976 2898 2035 2939 se

450 2995 577 3036 esse
630 2979 998 3045 demonstrat,
1037 2994 1163 3033 cum
1202 2979 1257 3034 in
1310 2980 1452 3034 viam
1486 2980 1730 3051 gentium
1757 2978 2037 3033 ambulare

2138 498 2284 567 Υἱὸς,
2312 499 2375 553 οὐ
2405 497 2655 564 κοπιῶν,
2679 498 2782 553 οὐκ
2807 498 3048 570 ἀμοιϐὴν
3076 500 3200 555 ἀντὶ
3230 501 3434 555 κόπων
3455 499 3726 573 δεόμενος.

2138 586 2270 645 Εἶτα
2304 591 2469 647 πάλιν
2509 590 2977 664 ἀνθρωποπρεπεῦἔ
3003 591 3348 663 κεχρημένος
3377 595 3555 664 φωνῇ.
3589 593 3729 648 δοῦ-

2132 688 2247 740 λον
2276 686 2497 741 ἑαυτὸν
2519 685 2589 739 ἐκ
2620 685 2859 751 κοιλίας
2887 684 3235 739 πεπλάσθαι
3269 686 3426 757 φησὶ,
3459 684 3595 740 καθὸ
3632 684 3729 756 μὲν

2133 778 2285 843 Υἱὸς,
2318 779 2394 850 μή
2428 777 2843 853 πλαττόμενος
2863 794 2877 809 ο
2910 777 3046 831 καθὸ
3064 777 3120 831 δὲ
3142 776 3387 844 δοῦλος,
3417 776 3515 848 τὴν
3540 777 3732 850 δούλην

2134 870 2311 943 σάρκα
2342 871 2546 942 φορῶν.
2573 870 2696 934 Πῶς
2724 868 2834 941 γάρ
2862 869 2950 934 ἂν,
2969 871 3016 922 εἰ
3043 886 3205 942 φασει
3231 869 3414 932 δοῦλος
3441 865 3511 941 ἧν
3531 871 3561 923 ὁ
3582 870 3729 937 Υἱὸς,

2130 968 2219 1031 εὶς
2243 963 2544 1032 βουλείαν
2582 962 2801 1031 ὲλέγετο
2848 960 3218 1015 πλάττεσθαι
3243 977 3262 1025 ;
3291 962 3461 1031 Δῆλον
3512 959 3609 1016 οῦν
3657 964 3729 1026 ὡς

2132 1057 2275 1110 κατά
2306 1055 2469 1125 φύσιν
2501 1054 2766 1125 ὑπάρχων
2801 1053 3109 1124 ἐλεύθερος.
3128 1052 3302 1107 Τοῦτο
3328 1054 3439 1125 γὰρ
3462 1054 3558 1109 καὶ
3582 1058 3642 1108 ὲν
3663 1058 3724 1126 τῇ

2131 1150 2226 1203 τοῦ
2257 1147 2555 1219 διδράχμου
2603 1147 2935 1215 συνεισφορᾷ
2981 1144 3119 1217 πρὸς
3165 1145 3257 1197 τὸν
3306 1145 3511 1215 Πέτρον
3544 1146 3729 1217 φησὶν,

2139 1239 2337 1309 «Ἀρα,
2359 1236 2553 1307 λέγων,
2573 1236 2849 1306 ἐλεύθεροί
2871 1239 3009 1289 εἰσιν
3034 1238 3083 1291 οἱ
3114 1236 3240 1289 υἱοί.
3274 1255 3292 1286 ι
3322 1237 3648 1308 Τοιγαροῦν,
3676 1240 3732 1293 τὸ

2130 1328 2199 1382 ἐκ
2216 1329 2449 1394 κοιλίας
2474 1328 2831 1399 προσέθηκεν,
2858 1327 2934 1391 ώς
2956 1328 3022 1382 ἂν
3045 1327 3230 1400 δειχθῇ
3262 1328 3367 1400 τῆς
3389 1329 3680 1396 δουλείας
3706 1333 3731 1385 ὅ

2131 1435 2191 1471 τε
2210 1419 2402 1491 χρόνος
2428 1419 2523 1472 καὶ¹
2555 1420 2756 1491 τρόπος
2768 1421 2834 1489 τῇ
2855 1410 2997 1473 κατά
3017 1420 3196 1490 σάρκα
3222 1421 3474 1492 γεννήσει
3502 1421 3733 1493 διοριζὸ·

2138 1532 2322 1587 μενος.
2355 1517 2468 1569 Καὶ
2497 1515 2612 1584 τῆς
2650 1514 2945 1585 δουλικῆς
2988 1516 3275 1583 πλάσεως
3299 1515 3397 1587 τὴν
3427 1515 3615 1569 αἰτίαν
3652 1515 3729 1568 δι-

2132 1593 2487 1681 οριζόμενοςξ
2543 1610 2823 1679 ἐπήγαγεν
2874 1606 2971 1662 τοῦ
3015 1609 3313 1678 συνάγειν
3349 1609 3457 1661 τὸν
3498 1606 3727 1663 Ἰακώϐ.

2139 1702 2352 1757 Οὐκοῦν
2401 1705 2450 1756 εἰ
2488 1700 2563 1774 μὴ
2594 1700 2683 1754 διά
2731 1701 2975 1764 τούτους,
3009 1701 3111 1754 οὐκ
3139 1698 3206 1754 ἀν
3239 1698 3520 1767 ἐπλάσθη
3566 1700 3629 1752 έν
3671 1702 3729 1771 τῇ

2138 1795 2420 1865 ἀπλάστῳ.
2432 1795 2610 1864 μένων
2641 1791 2879 1862 θεότητι.
2905 1791 3018 1846 Καὶ
3050 1791 3277 1853 τούτους
3302 1789 3411 1860 γὰρ
3448 1788 3588 1859 μετά
3622 1790 3730 1843 τῶν

2153 1889 2329 1943 ἄλλων
2360 1889 2387 1941 ὁ
2416 1888 2657 1951 Σατανᾶς
2690 1887 2755 1939 ὲκ
2781 1883 2916 1937 Θεοῦ
2956 1882 3329 1945 διεσκέδασεν,
3371 1879 3405 1950 ἢ
3447 1877 3729 1932 εἰδωλολα-

2154 1977 2437 2048 τροῦντας,
2469 1974 2503 2046 ἦ
2525 1974 2839 2043 ἐντάλματα
2856 1972 3159 2043 ἀνθρώπων
3179 1968 3550 2031 διδάσκοντας.
3586 1965 3728 2020 Ἀλλ’

2155 2071 2382 2141 ἐχθροὺς
2411 2068 2569 2130 ὄντας
2600 2068 2628 2120 ὁ
2660 2065 2895 2136 Χριστὸς
2923 2062 3172 2134 διήλλαξε
3212 2062 3288 2133 τῷ
3328 2060 3551 2131 Πατέρι,
3589 2059 3727 2130 πρὸς

2156 2160 2294 2230 ὅπερ
2319 2159 2517 2223 αὐτοὺς
2542 2158 2637 2213 καὶ
2662 2157 2890 2220 Ἡσαΐας
2909 2156 3118 2220 ἐκάλει,
3136 2155 3453 2225 Ποιήσωμεν
3483 2151 3727 2221 εἰρήνην,

2156 2251 2306 2323 αὐτῷ
2337 2251 2531 2320 λέγων,
2565 2251 2880 2322 ποιήσωμεν
2927 2248 3151 2319 εἰρήνην
3182 2244 3232 2299 οἱ
3281 2244 3585 2315 ἐρχόμενοι.
3622 2241 3727 2295 Καὶ

2136 2340 2185 2393 οἱ
2221 2338 2459 2410 μαθηταὶ
2480 2337 2535 2390 δὲ
2557 2335 2915 2405 κεκράγασιν·
2930 2353 2946 2385 ι
2969 2332 3140 2404 ’Υπὲρ
3162 2331 3398 2403 Χριστοῦ
3430 2328 3729 2401 πρεσϐεύο-

2141 2447 2263 2502 μεν,
2280 2430 2353 2494 ώς
2368 2428 2463 2482 τοῦ
2480 2426 2614 2481 Θεοῦ
2634 2424 3077 2499 παρακαλοῦντος
3096 2425 3165 2479 δι’
3185 2423 3363 2495 ήμῶν·
3378 2440 3397 2475 ι
3428 2422 3522 2475 καὶ
3544 2421 3728 2488 πάλιν,

2143 2541 2163 2575 ι
2197 2523 2329 2587 Θεὸς
2349 2523 2459 2593 γὰρ
2486 2516 2555 2593 ἦν
2583 2521 2627 2573 Χ
2637 2518 2805 2593 ριιστῷ
2838 2520 3040 2587 κόσμον
3061 2516 3240 2589 ἐαυτῷ
3270 2514 3685 2569 καταλλάσσων.
3707 2532 3725 2565 ι

2137 2613 2329 2666 Νοοίτο
2357 2610 2404 2665 δ’
2426 2611 2492 2665 ἂν
2529 2608 2780 2677 Ἰσραὴλ
2811 2609 2909 2661 καὶ
2957 2606 3170 2663 Ἰακὼϐ
3194 2606 3255 2659 οὐ
3291 2606 3454 2677 μόνον
3477 2606 3542 2659 ὲκ
3573 2621 3734 2675 περι-

2136 2707 2332 2778 τομῆς,
2367 2704 2452 2774 ἐφ’
2486 2702 2577 2767 οὓς
2602 2702 2697 2756 καὶ
2731 2701 3068 2755 ἀπεστάλθαι
3119 2700 3286 2770 φησὶν
3334 2697 3514 2767 λέγων
3538 2713 3553 2728 ο
3585 2715 3607 2748 ι
3644 2696 3738 2760 Et;

2137 2799 2254 2854 ὁδὸν
2271 2799 2440 2853 ἐθνῶν
2465 2797 2540 2867 μὴ
2564 2793 2881 2867 πορεύεσθε.
2897 2813 2915 2844 ι
2938 2792 3098 2846 Ἀλλά
3124 2794 3220 2846 καὶ
3249 2792 3357 2854 πᾶς
3383 2792 3411 2844 ὁ
3430 2789 3630 2853 σωθεὶς
3650 2787 3737 2843 διά

2139 2891 2397 2955 πίστεως.
2414 2912 2430 2943 ι
2457 2893 2531 2944 Οὐ
2548 2893 2659 2962 γὰρ
2675 2893 2701 2944 ὀ
2723 2892 2780 2945 ὲν
2794 2889 2872 2960 τῷ
2892 2886 3114 2960 φανερῷ
3131 2887 3291 2959 μόνον
3306 2885 3610 2949 Ἰουδαίος,ι
3644 2883 3738 2937 καὶ

2138 2983 2208 3038 τά
2246 2982 2394 3054 ἑξῆς.
2429 2980 2736 3053 Τοιγαροῦν
2769 2981 2864 3036 καὶ
2900 2980 3104 3052 μεταξὺ
3132 2978 3227 3032 τοῦ
3256 2978 3419 3046 λόγου
3449 2974 3738 3046 παρεμϐέ-

450 3069 705 3140 prohibet
724 3066 801 3136 ³⁷,
829 3069 923 3124 sed
954 3069 1187 3139 quilibet
1218 3069 1407 3134 etiam,
1434 3069 1542 3138 qui.
1561 3084 1658 3139 per
1678 3069 1837 3123 ﬁdem
1872 3067 2032 3123 fuerit

2140 3071 2335 3143 ϐληται
2378 3071 2671 3143 πρόσωπον
2697 3070 2807 3124 τῶν
2836 3070 2925 3123 διά
2967 3068 3204 3132 πίστεως
3249 3066 3572 3137 σωζομένων
3599 3066 3740 3136 ὀμο-

452 3164 688 3217 salutem
740 3169 1096 3218 consecutus.
1169 3159 1360 3232 Neque
1418 3161 1592 3225 enim,
1625 3162 1717 3231 qui
1755 3164 1809 3214 in
1846 3168 2032 3231 aperto

2141 3160 2469 3229 λογούντων,
2498 3162 2582 3215 ὅτι
2628 3160 2775 3233 Πρὸς
2822 3160 2986 3215 αὐτὸν
3015 3156 3507 3227 συναχθήσομαι,
3537 3155 3638 3208 καὶ
3668 3155 3738 3209 τά

442 3261 691 3316 tantum,
721 3252 816 3307 sed
847 3253 944 3323 qui
976 3252 1030 3307 in
1054 3254 1277 3309 occulto
1294 3251 1723 3319 etiam,Juda:us
1752 3254 2032 3310 habendus

2142 3253 2357 3319 τούτοις
2405 3254 2669 3325 ἑπόμενα.
2715 3252 3083 3318 Δοξάσονται
3132 3251 3189 3304 δὲ
3234 3249 3329 3303 καὶ
3371 3247 3435 3301 τὸ
3476 3246 3737 3317 λαμπρὸν

449 3352 538 3399 est.
552 3344 620 3398 ⁸⁸.
649 3342 841 3415 itaque
869 3352 925 3399 et
957 3346 1196 3401 sermoni
1233 3361 1468 3416 persona
1518 3361 1711 3403 eorum
1751 3347 2032 3401 interseri-

2148 3348 2374 3422 αὔχημα
2399 3352 2498 3422 τῆς
2528 3350 2802 3414 υἱοθεσίας
2823 3348 3217 3421 λαμϐάνοντες,
3240 3345 3334 3400 καὶ
3366 3343 3527 3399 αὑτὸν
3547 3342 3738 3414 laxi?

438 3443 567 3501 .tur,
598 3437 1009 3510 quiperﬁdem
1051 3440 1245 3495 salvati
1295 3439 1363 3495 ad
1392 3455 1517 3495 eum
1559 3448 2032 3510 secongrcgatum

2149 3441 2332 3513 έχουσι
2367 3443 2506 3515 πρὸς
2538 3443 2638 3513 τὴν
2667 3441 2777 3496 τῶν
2811 3440 3100 3513 πρακτέων
3122 3435 3483 3509 κατόρθωσιν.
3581 3486 3594 3497 ,

438 3536 543 3599 .iri,
566 3543 876 3606 cacteraque
912 3535 1006 3590 illa
1027 3551 1149 3606 qua:
1182 3546 1513 3607 sequuntur,
1538 3537 1885 3607 proﬁtentur.
1918 3535 2306 3609 Gloriﬁeantur
2357 3555 2492 3596 vero
2515 3551 2569 3595 et
2599 3539 2728 3611 ipsi,
2756 3538 2848 3609 qui
2882 3537 3201 3608 pra-claram
3272 3533 3422 3589 illam
3488 3530 3737 3601 adoptio-

437 3629 543 3684 .nis
615 3628 832 3682 laudem
902 3627 1084 3700 adepti
1155 3635 1331 3696 sunt;
1383 3628 1588 3700 quique
1647 3628 1899 3684 eumdem
1956 3627 2024 3683 ad
2066 3644 2155 3686 res
2206 3630 2346 3687 bene
2391 3629 2662 3704 gerendas
2707 3630 2763 3684 in
2862 3623 3235 3697 fortitudinem
3311 3633 3443 3682 sunt
3539 3634 3741 3678 conse-

434 3722 588 3776 «cuti.
2524 3756 2531 3761 .
2630 3728 2635 3733 ·

529 3813 672 3870 Sunt
702 3830 866 3885 porro
922 3816 1016 3887 qui
1050 3818 1405 3888 congregabor
1455 3819 1708 3883 verbum,
1736 3830 1789 3874 et
1816 3835 1940 3890 qua:
1970 3820 2032 3877 cii

2215 3820 2374 3883 Τινὲς
2397 3819 2456 3873 δὲ
2486 3820 2580 3873 καὶ
2604 3819 2686 3883 τὸ,
2710 3816 3203 3887 συναχθήσομαι,
3238 3814 3335 3868 καλ⁵
3360 3815 3428 3868 τὰ
3454 3807 3546 3865 ἐπ’
3562 3810 3738 3883 αὐτῷ.

457 3909 576 3962 dent
604 3908 895 3973 inhaerent,
927 3908 997 3964 de
1023 3909 1247 3965 Christo
1277 3909 1388 3966 dici
1414 3917 1642 3981 putent;
1671 3908 1765 3965 sed
1791 3910 2032 3980 quiistud

2145 3912 2276 3984 περὶ
2313 3909 2549 3983 Χριστοῦ
2580 3909 2862 3976 λαϐόντες,
2884 3908 2946 3961 τὸ
2974 3908 3092 3969 πῶς
3120 3906 3383 3978 ἁρμόττει
3407 3902 3738 3974 παρέλιπον.

438 4000 768 4065 ιεοιινεηὶοι,
798 4001 1252 4057 omiserunt.Alii
1288 4016 1416 4057 vero
1436 4002 1501 4057 ad
1522 4003 1843 4074 prophetam
1872 4006 2032 4059 etiam

2147 4002 2335 4056 Ἀλλοι
2362 4001 2419 4056 δὲ
2451 4000 2547 4054 καῖ⁸
2588 4000 2668 4063 εἰς
2714 3999 2806 4052 τὸν
2856 3998 3150 4070 προφήτην
3182 3996 3443 4067 εἰρήκασι
3471 3992 3742 4048 δύνασθαι

456 4092 651 4147 referri
690 4107 850 4163 posse
899 4093 1153 4148 arbitrati
1195 4104 1350 4162 sunt,
1400 4103 1667 4167 tanquam
1711 4093 1929 4150 Israelis
1960 4112 2032 4151 rei

2143 4094 2440 4166 νοηθῆναι,
2496 4093 2765 4163 σημαῖνον
2808 4090 3112 4162 ἀνάκλησιν
3157 4088 3263 4142 τοῦ
3309 4085 3592 4156 Ἰσραὴλ,
3646 4082 3743 4137 καὶ

446 4186 689 4250 «vocalia,
718 4194 774 4240 et
808 4201 997 4241 eorum
1033 4187 1126 4258 qui
1157 4188 1393 4259 dispersi
1438 4196 1596 4243 erant
1620 4188 1676 4242 in
1708 4204 1879 4243 unum
1915 4205 2032 4243 con-

2141 4187 2251 4241 τῶν
2286 4185 2700 4256 διασπαρέντων
2735 4179 3159 4251 ἐπισυναγωγή
3179 4190 3220 4233 ⁸.
3250 4176 3410 4232 Κατά
3440 4175 3741 4248 ἀναγωγὴν

442 4281 694 4348 gregatio
728 4279 1081 4347 signiﬁcetur.
1109 4281 1308 4337 Verum
1340 4283 1387 4339 si
1423 4283 1490 4337 ad
1518 4297 1822 4354 anagogcm
1860 4281 2032 4352 respi-

2145 4281 2224 4346 δὲ,
2252 4280 2345 4333 καὶ
2394 4279 2488 4333 ἐπὶ
2538 4277 2631 4331 τὸν
2683 4275 2912 4346 Σωτῆρα
2964 4275 3063 4345 τὴν
3107 4271 3217 4325 τῶν
3267 4269 3492 4325 δικαίων
3529 4268 3742 4341 πηγὴν,

444 4371 572 4438 .cis;
602 4378 656 4425 et
685 4370 750 4425 ad
776 4371 1117 4429 Salvatorem
1162 4374 1370 4445 ipsum,
1417 4375 1651 4444 justiti-.12
1681 4373 1911 4440 fontem,
1934 4390 2032 4428 non

2147 4374 2338 4446 ὥσπερ
2357 4372 2451 4427 οὖν
2478 4371 2572 4426 καὶ
2592 4371 2620 4423 ὁ
2645 4371 2773 4442 περὶ
2799 4366 2987 4422 κακῶν
3017 4366 3173 4435 λόγος
3200 4365 3279 4430 εἰς
3303 4363 3395 4417 τὸν
3424 4363 3743 4434 ἀρχέκακον

454 4466 621 4521 aliter
644 4482 807 4537 quam
834 4468 1100 4524 malorum
1125 4471 1264 4525 ratio
1284 4472 1350 4525 ad
1376 4486 1568 4526 eorum
1596 4478 1877 4525 auctorem
1918 4470 2032 4540 pri-

2146 4466 2506 4537 ἀναφέρεται.
2540 4463 2687 4534 Πρὸς
2737 4460 2795 4515 δὲ
2828 4461 2920 4529 τὸν
2955 4458 3186 4529 Σωτῆρά
3228 4473 3395 4528 φησιν
3437 4455 3466 4508 ὁ
3521 4452 3741 4524 Πατὴρ,

449 4573 633 4622 anum,
665 4558 857 4614 referri
925 4568 1106 4631 queat.
1147 4561 1353 4617 Deinde
1390 4562 1460 4617 ad
1499 4560 1837 4617 Salvatorem
1863 4561 2032 4632 inquit

2144 4561 2308 4630 Μέγα
2329 4559 2432 4613 σοι
2449 4557 2580 4613 ἐστι
2612 4555 2721 4611 τοῦ
2746 4551 3046 4622 κληθῆναί
3067 4567 3143 4605 σε
3165 4548 3349 4603 παῖδά
3370 4565 3513 4618 μου,
3536 4546 3572 4617 ἦ
3597 4546 3743 4601 δοῦ-

447 4648 645 4715 Pater,
682 4650 932 4719 Magnum
976 4655 1069 4707 tibi
1094 4663 1209 4717 est,
1244 4663 1303 4708 ut
1332 4656 1530 4709 voceris
1568 4670 1699 4722 puer
1734 4670 1900 4720 meus,
1946 4664 2032 4710 aut

2143 4654 2260 4708 .ldr
2289 4668 2429 4721 μου,
2465 4647 2613 4703 κατά
2645 4647 2773 4710 τοὺς
2813 4641 3062 4707 λοιπούς.
3110 4640 3275 4711 Μέγα
3306 4640 3417 4711 γὰρ
3457 4639 3626 4711 ἔργον
3669 4635 3745 4701 ὡς

446 4739 761 4794 «secundum
785 4740 941 4805 alios,
972 4758 1151 4796 servus
1178 4759 1346 4797 meus.
1380 4742 1637 4814 Magnum
1669 4743 1814 4798 enim
1842 4758 2032 4800 revera

2139 4740 2504 4815 ἀληθῶς,λτοῦ
2551 4739 2703 4810 πρὸς
2730 4738 3017 4792 δουλείαν
3061 4732 3446 4798 πλασθέντος
3482 4729 3616 4785 Υἱοῦ
3636 4769 3654 4796 ,
3684 4729 3744 4782 τὸ

446 4843 603 4897 opus
646 4826 881 4893 exstitit,
916 4845 1040 4883 cum
1067 4830 1134 4884 ad
1159 4833 1461 4885 servitutem
1485 4832 1748 4902 formatus
1774 4842 1911 4887 esset
1948 4831 2032 4888 Fi-

2139 4833 2382 4908 μορφὴν
2408 4832 2635 4888 δούλου
2659 4830 2845 4885 λαϐεῖν
2871 4828 3009 4899 πρὸς
3040 4824 3319 4897 σωτηρίαν
3342 4818 3410 4896 ἧς
3441 4821 3743 4894 ἐδημιούρ-

456 4921 592 4986 lius,
624 4919 689 4974 ad
714 4918 964 4976 humanae
984 4926 1204 4978 naturae
1231 4924 1491 4988 salutem,
1552 4940 1717 4996 quam
1776 4925 2032 4995 condidit,

2142 4944 2312 4998 γησεν
2339 4923 2630 4995 ἀνθρώπου
2664 4920 2903 4990 φύσεως.
2938 4916 3030 4970 Διὸ
3058 4916 3153 4970 καὶ
3176 4913 3510 4981 δοξάζεται,
3533 4913 3608 4977 ώς
3642 4912 3739 4983 οὐχ

388 5042 391 5047 -
446 5012 599 5067 .servi
633 5010 862 5080 formam
896 5026 1199 5070 assumere.
1235 5015 1414 5086 Atque
1444 5016 1572 5072 inde
1604 5023 1709 5083 est,
1745 5017 1892 5088 quod
1932 5017 2032 5088 gloi

2146 5015 2447 5091 ἁρπαγμὸν
2483 5012 2835 5085 ήγησάμενος
2866 5007 2927 5062 τὸ
2955 5003 3095 5062 εἶναι
3129 5006 3222 5061 ἴσα
3249 5003 3392 5077 Θεῷ.
3422 5004 3533 5060 Καὶ
3564 5001 3737 5066 ἄλλως

452 5107 736 5177 :riﬁcatur,
767 5114 1025 5178 tanquam
1060 5113 1307 5181 rapinam
1328 5113 1552 5168 minime
1573 5114 1877 5169 arbitratus
1923 5127 2032 5168 esse

2150 5108 2208 5163 δὲ
2234 5107 2388 5178 μέγα
2417 5105 2492 5169 ὡς
2520 5102 2796 5173 ἀνθρώπῳ
2817 5142 2831 5167 ,
2864 5100 3058 5172 μικρὸν
3088 5097 3147 5153 δὲ
3176 5098 3253 5162 ὡς
3279 5096 3421 5171 Θεῷ,
3457 5095 3563 5151 τοῦ
3590 5092 3739 5161 σ’τῆ-

452 5218 525 5259 ιεε
556 5204 823 5274 mqnalem
856 5201 965 5259 Deo
985 5203 1052 5258 ”.
1088 5204 1182 5262 Est
1208 5221 1336 5262 vero
1355 5206 1459 5261 alia
1480 5207 1696 5262 ratione
1722 5222 1911 5277 magna
1926 5220 2032 5270 res,

2142 5217 2276 5268 σαι,
2306 5198 2442 5270 φησὶ
2468 5196 2580 5262 τὰς
2607 5195 2808 5265 φυλὰς
2837 5193 3060 5249 Ἰακώϐ.
3094 5190 3185 5245 Διὸ
3208 5191 3304 5245 καὶ
3334 5188 3571 5261 πρώτοις
3602 5187 3753 5258 ὲκήί

464 5304 528 5348 ut
557 5296 810 5364 ‘homini;
874 5312 1039 5368 parva
1094 5305 1296 5365 autem,
1361 5307 1420 5353 ut
1478 5296 1627 5366 Deo,
1678 5309 1743 5351 ut
1796 5297 2032 5367 suscites,

2151 5308 2343 5366 ρυττεν
2398 5290 2579 5351 αὐτοῖς
2618 5284 2985 5357 αἰχμαλώτοις
3023 5285 3143 5337 οῦσι
3171 5282 3267 5345 τάς
3295 5280 3474 5352 ψυχὰς
3522 5280 3739 5368 ἄφεσιν,

466 5383 665 5456 inquit,
729 5367 895 5443 tribus
957 5386 1146 5443 Iacob.
1208 5389 1397 5461 itaque
1426 5398 1485 5447 et
1522 5388 1730 5447 eisdem
1777 5387 2032 5459 primum,

2152 5382 2251 5438 καὶ
2291 5380 2512 5451 τυφλοῖς
2546 5373 3101 5459 ἀνάϐλεψινΩΕδπειδὴ
3129 5372 3187 5427 δὲ
3216 5372 3316 5444 τὴν
3360 5371 3521 5444 χάριν
3562 5367 3741 5442 ἠρνή-

542 5543 588 5577 ³⁸
622 5543 820 5600 Matth.
871 5559 1009 5611 XV“,
1063 5546 1259 5602 23-26.
1339 5551 1385 5582 “
1409 5547 1452 5605 ll
1473 5548 1600 5605 Cor.
1629 5562 1684 5614 ν,
1713 5546 1807 5603 20.
1886 5547 1930 5578 ⁸⁷
1964 5545 2032 5601 M:

2140 5586 2155 5602 .
2204 5543 2335 5610 3,5.
2412 5542 2457 5574 “
2514 5535 2971 5607 Rom.n,28,29.
3018 5537 3064 5571 ”
3104 5531 3341 5602 Philipp.
3364 5547 3426 5599 ιι,
3453 5533 3510 5590 ϐ.

1759 5682 1996 5739 VARIJE
2034 5682 2439 5741 LECTIONES.

539 5763 564 5795 ι
629 5768 717 5819 πη.
759 5750 1193 5821 Ξπισνναγωγήν.
