3976 6220
326 305 469 369 2469

1354 368 1357 373 η
1379 298 1911 362 COMMENTARII
1942 301 2025 364 IN
2062 302 2351 365 ISAIAM.

3443 308 3591 376 2‘70

329 434 512 481 σαντο,
545 411 856 476 ἀκολούθως
891 410 1196 484 ἐπήνεγκεν
1217 425 1229 440 ’
1271 407 1418 463 Ἰδοὺ
1459 409 1694 464 τέθεικά
1720 425 1797 466 σε
1827 412 1917 479 εις

2022 427 2143 468 cum
2176 412 2422 483 captivas
2451 411 2720 468 haberent
2753 416 3001 483 animas,
3032 421 3088 471 et
3114 415 3361 472 caecitate
3391 417 3607 474 labora-

323 507 450 579 φῶς
481 504 691 561 ἐθνῶν.
722 504 835 558 Καὶ
864 504 914 556 οῖ
954 503 1135 557 λοιποὶ
1178 502 1235 556 δὲ
1279 502 1452 566 οὕτως
1502 502 1792 568 ἐξέδωκαν.
1823 504 1916 557 Διὸ

323 595 423 664 τῆς
446 591 731 663 παρούσης
762 588 1104 662 προφητείας
1140 590 1447 663 ἀρχόμενος
1474 590 1684 658 ἐλεγενο
1709 592 1914 647 Ἀκοῠ-

324 685 477 740 σατέ
512 701 658 754 μου,
685 682 901 750 νῆσοι,
930 681 1029 737 καὶ
1058 681 1411 751 προσέχετε,
1438 682 1583 750 ἔθνη
1601 698 1617 714 ο
1666 683 1774 736 ἔδει
1804 684 1916 757 γὰρ

326 777 558 833 ἀκοῦσαι
604 775 674 830 τὰ
723 773 852 847 ἔθνη
905 774 1003 828 τό’
1048 772 1203 829 Ἰδοὺ
1248 771 1488 828 τέθεικά
1537 790 1612 829 σε
1658 777 1748 841 εις
1791 775 1918 846 φῶς

325 868 535 927 ἐθνῶν.
569 868 643 922 Οὐ
674 865 784 938 γὰρ
817 866 989 938 ἐχρῆν
1022 866 1122 937 τὴν
1142 864 1414 936 τοσαύτην
1442 867 1758 937 οἰκονομίαν
1782 868 1918 922 ἀπο-

326 964 542 1033 τυχεῖν,
578 960 978 1029 ἀπειθήσαντος
1012 955 1287 1029 Ἰσραὴλ,
1316 957 1415 1013 καὶ
1451 958 1513 1011 τὸ
1549 957 1737 1023 σκότος
1774 958 1914 1029 inra-

331 1053 590 1123 πηκότος.
622 1050 816 1103 Καίτοι
862 1048 974 1103 τῶν
1015 1040 1314 1121 προφητῶν
1356 1050 1387 1104 6
1439 1050 1538 1120 μέν
1587 1067 1672 1114 τις
1710 1048 1916 1117 ἔφασκε

330 1143 469 1213 πρὸς
500 1139 699 1205 αύτούς
718 1156 764 1191 't
796 1136 1062 1204 Φωτίζου,
1087 1138 1347 1210 φωτίζου,
1365 1138 1916 1211 Ἰερουσαλήμ.Ἥκει

331 1235 438 1306 γάρ
464 1252 558 1288 σου
589 1234 650 1287 τὸ
678 1231 814 1302 φῶς,
845 1250 864 1283 ι
892 1231 984 1286 καὶ
1012 1231 1081 1285 τὰ
1139 1231 1231 1285 ἐπὶ
1284 1230 1486 1302 τούτῳ·
1514 1232 1543 1285 6
1568 1230 1645 1298 δὲ,
1672 1249 1690 1283 ι
1723 1222 1919 1285 ἀνατέ-

330 1328 415 1382 λεί
448 1329 576 1398 ὑμῖν
610 1328 721 1389 τοῖς
754 1324 1114 1395 φοϐουμένοις
1169 1340 1237 1395 με
1298 1323 1453 1395 ἣλιος
1480 1322 1852 1392 δικαιοσύνης.
1891 1340 1910 1374 ι

328 1418 535 1472 Λοιπὸν
570 1419 682 1480 τοῖς
708 1416 887 1470 ἔθνεσι
917 1414 1258 1487 προσφωνῶν
1280 1414 1499 1482 ἐπάγει,
1531 1413 1729 1480 Οὕτως
1756 1412 1921 1481 λέγει

330 1511 564 1578 Κύριος.
583 1507 861 1576 Ἀγνοοῦσι
903 1507 959 1559 δὲ
987 1506 1073 1569 τίς
1090 1508 1119 1560 6
1148 1505 1375 1577 Κύριος,
1409 1505 1574 1576 φησιν
1597 1521 1611 1535 ο
1644 1503 1705 1558 '0
1724 1503 1920 1573 ῥυσά-

323 1616 506 1669 μενος
528 1598 635 1652 τὸν
656 1596 927 1666 Ἰσραήλ.
947 1595 1250 1650 Ἠκούσατε
1272 1597 1383 1669 γὰρ
1415 1594 1531 1660 πῶς
1559 1596 1618 1664 ἐξ
1638 1595 1917 1664 Αἰγύπτου

329 1690 497 1744 πάλαι
535 1687 759 1751 τούτους
794 1687 1077 1741 διέσωσεν.

2021 512 2169 571 rent,
2194 503 2473 575 Evangelii
2526 507 2861 575 praeconium
2902 506 3136 578 largitus
3163 515 3268 572 est,
3316 507 3606 579 visumque

1968 648 1973 651 ε
2019 592 2285 647 reStituit.
2307 592 2511 648 Verum
2547 593 2674 664 quia
2708 594 2939 664 gratiam
2974 595 3050 650 illi
3078 596 3443 668 abnegarent,
3472 612 3606 653 con-

2018 693 2312 754 sequenter
2371 682 2508 740 Ecce
2526 686 2682 754 posui
2721 696 2769 741 te
2801 686 2856 740 in
2885 686 3057 742 lucem
3093 688 3350 758 gentium,
3386 689 3601 745 intulit:

2017 775 2164 846 quod
2194 790 2261 831 eo
2318 776 2482 831 modo
2538 775 2703 831 etiam
2770 776 2967 846 reliqui
3025 777 3485 848 interpretantur.
3540 778 3606 835 Et

2019 868 2160 920 hanc
2176 865 2300 921 inde
2319 866 2636 936 auspicatus
2653 866 2996 937 prophetiam
3022 885 3035 922 :
3054 868 3249 923 Audite
3267 887 3373 936 me,
3390 871 3602 936 insulas,

2017 966 2066 1009 et
2097 955 2372 1020 attendite,
2401 964 2597 1027 gentes,
2638 955 2811 1021 dixit;
2841 955 2971 1027 quia
3021 964 3211 1025 gentes
3255 958 3412 1022 illud,
3469 958 3606 1015 Ecce

2017 1045 2171 1116 posui
2209 1052 2256 1099 te
2281 1045 2338 1099 in
2378 1045 2544 1099 lucent
2572 1046 2825 1114 gentium,
2856 1045 3047 1100 audire
3071 1047 3381 1117 oportebat.
3415 1047 3605 1119 Neque

2019 1137 2164 1193 enim
2234 1134 2440 1192 lsraele
2503 1135 2665 1192 ﬁdem
2707 1144 3018 1203 aversante,
3077 1138 3446 1208 tenebrasque
3483 1154 3605 1193 am-

2020 1230 2314 1299 plectente,
2346 1236 2551 1283 tantam
2588 1228 2951 1284 oeconomiam
3006 1228 3262 1285 excidere
3287 1238 3343 1285 et
3372 1230 3477 1286 line
3505 1246 3607 1286 suo

2020 1334 2211 1375 carere
2239 1318 2446 1374 decuit.
2472 1309 2539 1373 Et
2555 1332 2686 1373 vero
2711 1319 3105 1389 prophetarum
3129 1319 3419 1388 quemdam
3444 1319 3608 1391 556

2021 1408 2186 1463 alium
2223 1408 2278 1462 in
2309 1408 2455 1462 hunc
2482 1407 2705 1464 modum
2723 1408 2793 1464 ad
2813 1423 2908 1464 eos
2925 1409 3169 1465 locutum
3194 1410 3467 1481 reperias:
3493 1428 3511 1462 ι
3541 1410 3607 1464 ιι-

2021 1496 2314 1565 luminare,
2339 1497 2677 1565 illuminare,
2702 1496 3030 1555 Jerusalem.
3066 1497 3228 1555 Venit
3258 1502 3400 1555 enim
3425 1501 3606 1553 lumen

2022 1602 2173 1647 tuum
2193 1591 2262 1657 ⁸⁸,
2288 1611 2307 1645 ι
2336 1601 2390 1647 et
2411 1606 2532 1663 quae
2562 1598 2778 1662 postea.
2814 1589 2882 1645 Et
2925 1590 3097 1645 alium
3127 1592 3292 1647 etiam
3323 1633 3336 1647 .
3384 1590 3607 1656 «Vobis,

2023 1684 2115 1755 qui
2144 1684 2348 1740 timetis
2377 1698 2485 1748 me,
2510 1682 2793 1738 exorietur
2823 1682 2917 1739 Sol
2939 1682 3168 1754 iustitia:
3190 1684 3257 1738 ⁸¹.
3289 1703 3309 1737 ι
3344 1682 3608 1755 Deinceps

326 1794 505 1840 autem
538 1778 794 1850 gentibus
825 1777 1150 1843 inclamans,
1180 1777 1269 1832 Sic
1297 1776 1426 1832 dicit
1465 1776 1722 1833 Dominus
1742 1817 1758 1843 ,
1788 1773 2017 1831 addidit.
2054 1773 2162 1831 Sed
2192 1774 2326 1846 quia
2365 1788 2476 1829 non
2517 1772 2768 1839 deerant,
2809 1773 2901 1844 qui
2930 1772 3225 1828 Dominum
3258 1775 3606 1846 ignorabant,

324 1875 581 1943 quisnam
615 1877 783 1936 esset,
810 1885 933 1951 cum
987 1866 1244 1933 Israelem
1272 1872 1477 1926 eruisse
1523 1886 1583 1928 se
1625 1856 2325 1943 signiﬁcavitfexpressit:
2359 1867 2525 1939 quasi
2571 1882 2668 1924 eos
2712 1867 2952 1937 qualiter
2984 1866 3312 1939 Egyptiaca
3343 1869 3612 1927 servitute

327 1965 564 2029 liberati,
601 1965 917 2034 servatique
948 1962 1079 2027 sint,
1107 1970 1500 2018 commoneret.

400 2057 584 2109 Ἀλλοι
599 2054 655 2109 δὲ
676 2054 812 2126 πρὸς
827 2056 952 2118 τοὺς
975 2056 1037 2108 ὲκ
1055 2042 1359 2127 περιτομῆς
1374 2056 1628 2128 εἰρῆσθαι
1648 2053 1807 2111 τοῦτό
1821 2073 1920 2126 φα-

2092 2051 2196 2108 Alii
2218 2049 2288 2107 ad
2310 2049 2534 2107 Judteos
2559 2049 2670 2106 dici
2701 2049 2853 2107 istud
2885 2051 3256 2119 arbitrantur,
3287 2051 3606 2118 hocmodo,

330 2166 438 2211 σιν,
469 2146 545 2211 ὡς
574 2145 602 2198 6
638 2146 803 2201 πάλαι
826 2160 901 2200 σε
918 2144 1266 2216 ῥυσάμενος
1285 2148 1604 2220 ἐντέλλομαί
1628 2165 1732 2216 σοι,
1755 2146 1832 2209 ὡς
1856 2147 1922 2201 ἂν

333 2239 408 2310 μὴ
426 2236 742 2310 προσκόψῃς
758 2235 833 2307 τῷ
850 2236 985 2308 λίθῳ
998 2234 1092 2290 τοῦ
1112 2239 1546 2311 προσκόμματος
1562 2279 1577 2293 .
1612 2238 1924 2309 Ἀγιάσατε

334 2332 439 2386 τόν
458 2329 820 2401 φαυλίζοντα
864 2330 981 2397 τὴν
1007 2329 1222 2399 ψυχὴν
1255 2330 1622 2400 αὐτοῦ.“οσῳ
1651 2330 1761 2402 γὰρ
1795 2330 1924 2383 ἐτα-

334 2424 598 2478 πείιωσεν
624 2421 816 2477 ἑαυτὸν
842 2421 1007 2494 μέχρι
1029 2421 1286 2487 θανάτου,
1315 2420 1549 2477 θανάτου
1566 2422 1622 2476 δὲ
1648 2419 1885 2494 σταυροῦ
1906 2437 1919 2451 ·

330 2513 579 2584 τοσούτῳ
606 2512 890 2577 δοξάσατε,
928 2511 1020 2565 καὶ
1048 2511 1334 2581 ἁγιάσατε
1372 2512 1534 2566 αὐτόν
1554 2529 1567 2543 ·
1624 2513 1672 2565 εί
1704 2511 1760 2564 δὲ
1788 2511 1924 2582 πρὸς

330 2607 398 2658 τὰ
427 2605 555 2675 ἔθνη
589 2604 828 2672 λέγοιτο,
860 2604 1297 2675 διαμαρτύρεται
1345 2603 1423 2674 μὴ
1453 2603 1616 2657 ταυτὸ
1642 2604 1754 2667 τοῖς
1788 2603 1918 2655 Ἰου-

331 2695 501 2759 δαίοις
554 2696 767 2748 παθεῖν.
807 2695 880 2747 Τὸ
922 2695 978 2748 δὲ
1013 2696 1322 2763 ἁγιάσατε,
1377 2694 1574 2748 σεπτὸν
1626 2694 1720 2748 καὶ
1768 2693 1924 2762 ἅγιον

334 2788 793 2844 ύπολάϐετε.Ἔτι
842 2786 952 2857 γὰρ
999 2787 1171 2841 ὄντων
1204 2786 1363 2857 ἡμῶν
1391 2785 1754 2858 ἁμαρτωλῶν,
1784 2785 1925 2857 ὑπὲρ

333 2877 546 2933 ἀσεϐῶν
563 2876 764 2931 ἔπαθεν
784 2878 812 2928 6
831 2876 1038 2944 λέγων’·
1053 2896 1071 2927 ι
1093 2876 1153 2930 '0
1174 2874 1376 2948 ποιμὴν
1394 2876 1423 2928 ὁ
1446 2874 1610 2939 καλὸς
1632 2874 1731 2946 τὴν
1747 2873 1924 2945 ψυχὴν

334 2966 499 3021 αὑτοῦ
549 2966 766 3039 τίθησιν
789 2965 932 3036 ὑπὲρ
958 2966 1068 3019 τῶν
1130 2964 1443 3037 προϐάτων.
1473 2982 1492 3014 ι
1525 2963 1924 3033 Ὀμολογεισθω

335 3059 518 3112 τοίνυν
541 3057 730 3126 ἅγιος,
766 3057 794 3110 6
827 3056 975 3128 μόνῳ
1000 3056 1200 3127 πρέπει
1226 3056 1368 3126 Θεῷ.
1401 3054 1673 3118 Ούσιῶδες
1696 3054 1804 3127 γὰρ
1825 3055 1925 3106 ἐπ’

335 3147 503 3201 αὒτοῦ
530 3147 590 3200 τὸ
616 3149 731 3209 τοῖς
752 3145 937 3209 ἄλλοις
962 3144 1356 3215 ὲπισυμὸαῖνον
1378 3144 1441 3197 ἐκ
1470 3142 1570 3213 τῆς
1594 3142 1760 3196 αὑτοῦ
1793 3150 1924 3213 μετι

335 3239 466 3308 οχῆς
491 3255 504 3268 ·
540 3239 665 3292 ἐπεὶ
699 3238 794 3292 καὶ
824 3237 940 3306 φῶς
966 3235 1041 3290 ὢν
1072 3236 1257 3306 λέγει·
1297 3254 1316 3287 ι
1340 3234 1529 3305 Ὑμεῖς
1557 3236 1681 3288 ἐστε
1711 3234 1773 3288 τὸ
1807 3235 1923 3305 φῶς

334 3329 431 3381 τοῦ
457 3329 665 3400 κόσμου
686 3328 899 3383 τούτου.
914 3347 932 3380 ι
962 3328 1074 3381 Καὶ
1089 3328 1342 3397 λέγοντες
1362 3326 1418 3379 δὲ
1435 3326 1550 3390 τδ,‹
1573 3324 1921 3398 Ἁγιασθήτω

333 3420 397 3473 τὸ
444 3389 614 3485 ὄνομά
659 3434 775 3483 σου,
815 3439 833 3470 ι
862 3418 961 3487 οὐχ
1011 3389 1286 3488 ἁγιασμοῦ
1313 3389 1633 3488 προσθήκην
1649 3389 1920 3486 ἀἰτοῦμεν
1950 3389 1994 3449 c

337 3510 490 3581 αὐτῷ
540 3509 816 3579 γενέσθαι,
852 3509 968 3563 ἀλλ’
997 3509 1086 3563 ’ίνα
1141 3508 1233 3562 τδν
1286 3507 1504 3580 ἀληθῶς
1534 3509 1688 3577 ἇγιον
1718 3507 1921 3573 πάντες

335 3602 791 3674 ὁμολογήσαντες,
821 3603 880 3655 ὲν
911 3600 1129 3673 μεθέξει
1157 3602 1254 3672 τῆς
1282 3600 1591 3670 ἁγιωσύνης
1631 3599 1797 3653 αὑτοῦ
1824 3617 1920 3667 γε-

334 3692 655 3764 νησώμεθα.
683 3693 1000 3765 Προσέθηκε
1027 3692 1083 3746 δὲ
1114 3691 1223 3746 τὸν
1259 3691 1767 3761 ,ϐδελυσσόμενον
1801 3691 1921 3746 ὑπὸ

334 3787 456 3840 τῶν
499 3784 711 3851 ἐθνῶν,
743 3783 853 3839 τῶν
904 3784 1149 3838 ἀπίστων
1192 3782 1455 3853 δηλονότι.
1488 3780 1923 3836 Βδελύττονται

337 3878 467 3948 γὰρ,
491 3878 588 3933 καὶ
634 3879 727 3932 τὸν
762 3877 994 3932 θάνατον
1028 3874 1195 3930 αὐτοῦ
1225 3873 1563 3946 διασύρουσι.
1593 3873 1706 3928 Καὶ
1737 3891 1920 3944 παρα-

335 3969 556 4022 δοθέντα
586 3970 643 4023 δὲ
691 3968 771 4040 τῷ
815 3968 1035 4037 Πιλάτῳ
1071 3965 1179 4020 τῶν
1216 3964 1561 4036 στρατιωτῶν
1588 3976 1729 4024 τινες
1759 3964 1922 4017 αὑτὸν

333 4060 761 4114 ἐϐδελύττοντο
814 4054 1220 4120 καταπτύοντές
1269 4070 1332 4107 τε
1383 4054 1482 4108 καὶ
1530 4053 1805 4116 παίοντες,
1861 4053 1920 4105 ἐν

334 4147 628 4219 διασυρμῷ
657 4164 718 4201 τε
749 4146 1008 4217 βοῶντεςο
1044 4164 1063 4197 ι
1089 4147 1285 4215 Χαῖρε,
1316 4145 1345 4196 6
1372 4143 1628 4214 βασιλεὺς
1652 4141 1763 4197 τῶν
1793 4144 1923 4197 Ἰου-

334 4238 525 4292 δαίων.
555 4257 574 4290 s
610 4238 700 4291 Διὸ
730 4237 848 4291 τῶν
875 4237 1115 4293 δούλων
1143 4235 1263 4289 τῶν
1280 4235 1589 4305 ἀρχόντων
1614 4235 1917 4305 ἐπήγαγεν.

341 4327 587 4391 Ἴσως“ὗὲ
615 4329 709 4381 καὶ
738 4327 851 4381 τῶν
878 4325 1340 4397 κοσμοκρατόρων
1367 4324 1462 4377 τοῦ
1486 4323 1711 4386 σκότους
1730 4324 1918 4395 φησὶν,

335 4414 417 4481 οἷς
451 4418 855 4473 δουλεύωσιν
906 4419 955 4470 οί
1002 4415 1097 4470 τὸν
1148 4412 1383 4485 Χριστὸν
1425 4412 1917 4482 βδελυττόμενοι.

337 4508 483 4581 Πλὴν
517 4507 850 4579 ἀναλάμψει,
875 4506 1031 4577 φησι,
1068 4504 1164 4559 καὶ
1201 4505 1363 4575 μέχρι
1406 4498 1720 4568 βασιλέων
1761 4499 1922 4567 αὐτῷ

334 4600 899 4671 προσκυνήσουσιν,
931 4599 1127 4661 οἵτινες
1186 4596 1438 4666 ὄψονται
1472 4594 1657 4660 αὐτὸν,
1691 4595 1752 4647 οὐ
1785 4594 1921 4648 πάν-

332 4711 440 4758 τως
468 4695 799 4764 σωματικοῖς
826 4691 1149 4761 ὀφθαλμοῖς,
1176 4689 1313 4743 ἀλλὰ
1343 4687 1420 4759 τῷ
1443 4688 1538 4743 rat
1567 4687 1786 4757 καρδίᾳ.

2028 2144 2151 2216 Ipse
2174 2144 2295 2209 tibi,
2342 2154 2605 2214 tanquam
2638 2144 2733 2214 qui
2760 2151 2808 2198 te
2832 2144 3109 2214 quondam
3165 2145 3417 2209 eruerint,
3450 2161 3519 2201 ne
3551 2147 3609 2201 in

2024 2234 2262 2307 lapidem
2297 2235 2623 2291 odensionis
2677 2236 2974 2307 impingas,
3017 2237 3294 2307 praecipio.
3354 2236 3610 2306 Sanctiﬁ-

2024 2338 2138 2383 cate
2170 2344 2289 2383 eum
2310 2329 2400 2399 qui
2420 2327 2653 2397 despexit
2688 2328 2925 2381 animam
2957 2344 3134 2382 suam.
3176 2328 3395 2395 Quanto
3432 2332 3607 2401 magis

2024 2420 2169 2475 enim
2199 2435 2259 2476 se
2285 2421 2353 2476 ad
2383 2429 2615 2476 mortem
2649 2434 2842 2489 usque,
2869 2424 3108 2490 eamque‘
3134 2421 3337 2487 crucis,
3377 2421 3606 2492 dem-ese

2024 2513 2120 2576 sit,
2175 2519 2337 2566 tanto‘
2379 2526 2479 2566 vos
2518 2526 2643 2566 eum
2707 2511 2880 2582 gloria
2909 2518 2962 2564 et
3009 2511 3217 2585 honore
3271 2514 3528 2584 prosequi
3551 2522 3609 2570 et

2025 2603 2363 2671 sanctiﬁcare
2388 2600 2553 2656 fuerit
2573 2603 2809 2672 aequius.
2842 2600 2998 2668 Quod
3027 2602 3074 2658 si
3106 2602 3174 2658 ad
3200 2613 3394 2675 gentes
3421 2620 3609 2663 sermo

2025 2698 2129 2755 est,
2189 2703 2299 2742 non
2353 2688 2496 2743 idem
2541 2704 2634 2745 eas
2705 2704 2831 2745 cum
2889 2689 3092 2746 Judaais
3160 2708 3425 2763 passuras
3484 2709 3611 2752 esse

2024 2781 2348 2836 obtestatur.
2407 2779 2615 2837 Deinde
2670 2782 2816 2853 quod
2873 2784 3209 2853 sanctiﬁcate
3268 2786 3432 2850 dixit,
3459 2786 3605 2843 idem

2027 2870 2209 2939 plane,
2246 2884 2309 2927 ac
2332 2870 2379 2925 si
2406 2870 2662 2926 venerari
2691 2879 2746 2927 et
2769 2880 3023 2927 sanctum
3042 2872 3247 2929 ducere
3281 2875 3604 2945 imperaret,

2027 2963 2317 3018 intellexit.
2353 2963 2487 3019 Cum
2520 2963 2667 3019 enim
2691 2964 2871 3021 adhuc
2894 2964 2948 3019 in
2974 2964 3216 3034 peccatis
3234 2980 3607 3034 versaremur,

2024 3067 2126 3123 pro
2160 3052 2341 3124 impiis
2394 3052 2511 3124 ipse
2542 3068 2741 3124 passus
2799 3062 2908 3118 est,
2940 3055 3033 3125 qui
3071 3054 3273 3110 bonum
3326 3065 3607 3126 pastorem

2027 3158 2124 3215 pro
2156 3145 2273 3199 suis
2303 3143 2497 3199 ovibus
2512 3147 2752 3199 animam
2784 3161 2988 3216 ponere
3016 3146 3317 3205 dixerat“.
3353 3146 3612 3203 Sanctum

2025 3250 2158 3305 ergo
2187 3234 2359 3306 (quod
2398 3234 2565 3291 Deum
2602 3252 2770 3291 unum
2810 3237 2991 3308 decet)
3022 3239 3277 3304 eumdem
3307 3256 3430 3297 esse
3480 3257 3613 3297 con-

2025 3323 2305 3379 ﬁteantur.
2336 3323 2432 3379 Est
2473 3325 2621 3381 enim
2651 3326 2705 3381 in
2737 3342 2803 3382 eo
2828 3329 3145 3397 essentiale,
3204 3332 3350 3402 quod
3381 3332 3507 3388 aliis
3539 3348 3611 3389 ex

2026 3416 2147 3487 ejus
2178 3416 2598 3487 participatione
2629 3418 2930 3492 contingit;
2955 3422 3174 3491 quando
3196 3430 3250 3478 et
3284 3423 3467 3479 lumen
3492 3425 3612 3496 ipse

2024 3508 2290 3574 existens,
2324 3528 2342 3560 ι
2368 3507 2480 3564 Vos
2525 3509 2662 3566 estis
2698 3509 2791 3565 lux
2827 3512 3091 3576 mundi”,
3119 3531 3139 3564 ι
3177 3512 3334 3568 dixit.
3383 3514 3526 3581 Quin
3561 3525 3616 3573 et

2025 3599 2365 3655 sanctiﬁcari
2408 3616 2607 3655 nomen
2654 3601 2775 3672 ejus
2825 3610 3097 3673 petentes,
3149 3620 3257 3660 non
3300 3607 3613 3663 sanctitatis

2026 3690 2399 3745 accessionem
2450 3690 2590 3757 ﬁeri,
2648 3691 2743 3747 sed
2777 3700 2836 3746 ut
2881 3706 3134 3749 sanctum
3179 3712 3369 3752 revera
3417 3713 3614 3757 oumes

2026 3780 2294 3845 confessi,
2326 3781 2581 3852 ejusdem
2650 3784 3031 3839 sanctimoniae
3073 3788 3374 3857 participes
3411 3788 3617 3846 cilicia-

2024 3887 2149 3926 mur
2161 3872 2459 3942 poscimus.
2488 3872 2692 3929 Deinde
2713 3875 2986 3944 sequitur,
3008 3876 3098 3945 qui
3127 3876 3511 3934 abominationi
3535 3890 3614 3935 est

2024 3962 2287 4033 gentibus,
2336 3978 2449 4019 non
2497 3964 2856 4021 credentibus
2918 3968 3149 4023 scilicet.
3209 3970 3604 4024 Abominantur

2023 4052 2196 4119 enim,
2214 4062 2266 4108 et
2285 4054 2443 4109 morti
2471 4054 2594 4125 ejus
2618 4057 2951 4113 obtrectant.
2974 4059 3084 4114 lmo
3106 4076 3229 4114 cum
3261 4073 3408 4115 esset
3435 4060 3614 4117 Pilato

2026 4144 2284 4211 traditus,
2342 4160 2455 4199 non
2501 4144 2796 4203 defuerunt
2855 4165 2886 4205 e
2925 4140 3193 4207 militibus
3245 4153 3488 4222 quidam,
3516 4155 3612 4224 qui

2024 4234 2200 4304 ipsum
2228 4234 2539 4302 abominati,
2565 4240 2851 4309 sputis-que
2872 4249 2926 4296 et
2948 4241 3197 4313 colaphis
3221 4245 3486 4314 aggressi,
3517 4260 3615 4300 ore

2022 4323 2330 4381 maledictis
2360 4338 2413 4381 et
2445 4329 2712 4384 conviciis
2737 4331 2898 4399 pleno
2925 4332 2980 4386 in
3012 4333 3287 4399 eumdem,
3322 4354 3341 4387 ι
3362 4335 3496 4403 Ave,
3517 4352 3612 4391 rex

2021 4408 2463 4483 Judaeorum“,'s
2512 4420 2892 4477 inclamarent.
2944 4424 3099 4481 Unde
3147 4434 3260 4492 est,
3307 4428 3453 4497 quod
3514 4431 3613 4484 sub

2022 4508 2185 4563 servis
2213 4510 2538 4578 principibus
2566 4512 2791 4583 adjecit,
2819 4511 3073 4586 forthuc
3144 4518 3329 4573 mundi
3358 4522 3614 4576 tenebra-

2023 4614 2255 4671 rumque
2280 4611 2602 4673 potestates,
2629 4606 2828 4675 quibus
2856 4607 2892 4662 ii
2915 4609 3170 4676 serviunt,
3204 4612 3296 4680 qui
3328 4610 3612 4668 Christum

2022 4691 2424 4760 abominantur,
2449 4696 2731 4751 indicavit.
2759 4698 2957 4754 Verum
2983 4699 3210 4771 fulgebit
3235 4712 3611 4771 tamen,eum-

335 4802 442 4857 que
471 4787 554 4842 vel
588 4803 733 4857 reges
769 4787 871 4853 ipsi
891 4783 1217 4849 adorabunt,
1246 4798 1355 4837 non
1383 4781 1632 4852 corporis
1661 4781 1908 4847 omnino,
1952 4782 2114 4855 557
2145 4786 2240 4841 sed
2273 4788 2472 4844 mentis
2501 4798 2557 4846 et
2587 4791 2774 4845 cordis
2811 4793 2989 4849 oculis
3010 4794 3292 4850 intuentes.

404 4874 919 4944 Προσκυνήσουσι
950 4873 1005 4926 δὲ
1054 4873 1288 4942 μάλιστα
1328 4872 1426 4925 καὶ
1470 4873 1694 4936 πάντες,
1752 4871 1830 4926 ὅτ’
1865 4871 1920 4925 at

2106 4875 2425 4932 Adorabunt
2464 4896 2597 4934 vero
2648 4896 2839 4937 omnes
2894 4894 3007 4938 tum
3060 4886 3280 4941 demum
3319 4891 3612 4959 praecipue,

335 4966 464 5038 ἔλθῃ
497 4968 555 5019 ὲν
585 4967 649 5036 τῇ
679 4964 804 5038 δόξῃ
829 4965 924 5018 τοῦ
958 4964 1201 5036 Πατέρος
1235 4962 1402 5017 αὐτοῦ
1454 4962 1594 5034 μετὰ
1619 4962 1731 5016 τῶν
1754 4962 1925 5032 ἀγγέ-

332 5056 445 5111 λων
468 5058 664 5124 αὑτοῦ,
690 5057 786 5111 καὶ
820 5056 1021 5126 καθίσῃ
1048 5055 1146 5109 ἐπὶ
1178 5054 1370 5126 θρόνου
1397 5054 1558 5125 δόξης
1603 5052 1771 5107 αὐτοῦ
1803 5053 1927 5124 κρί-

333 5164 441 5201 νων
468 5146 680 5212 ζῶντας
712 5148 807 5202 καὶ
835 5147 1089 5219 νεκρούς.
1122 5144 1641 5214 Προσκυνήσουσι
1682 5144 1738 5198 δὲ
1777 5143 1927 5215 αὐτῷ

332 5238 522 5293 ἕνεκεν
567 5239 661 5293 τοῦ
711 5239 957 5309 Πατέρος
991 5238 1157 5292 αὑτοῦ
1180 5255 1193 5267 ·
1220 5237 1509 5304 δοξάζεται
1550 5236 1660 5308 γὰρ
1690 5236 1765 5299 ὡς
1796 5237 1927 5300 Tib;

332 5328 431 5383 τοῦ
480 5328 653 5395 Θεοῦ,
688 5329 779 5384 ὅτι
829 5331 1045 5395 πιστός
1091 5329 1261 5383 ἐστιν
1312 5331 1345 5383 ό
1401 5328 1569 5398 ἅγιος
1604 5327 1845 5397 Ἰσραὴλ
1892 5329 1927 5382 ό

330 5419 739 5491 ἐκλεξάμενος
771 5421 981 5485 αὐτόν,
1012 5419 1328 5474 τοῦτ’ἔστιν
1374 5421 1463 5473 ἀεὶ
1513 5419 1608 5473 καὶ
1658 5418 1923 5483 ὡσαύτως

332 5514 492 5584 ἔχων.
518 5515 748 5569 Πιστὸν
775 5514 885 5586 γὰρ
909 5513 1062 5567 οὐδὲν
1095 5515 1152 5566 ὲν
1182 5512 1448 5581 κτίσμασι
1471 5514 1585 5577 τοῖς
1623 5513 1924 5582 ὑποκειμέ-

333 5622 443 5669 νοις
474 5606 767 5677 μεταϐολῇ.
787 5606 846 5660 '0
874 5605 932 5659 δὲ
966 5605 1162 5677 Πατὴρ
1187 5603 1509 5669 ἐξελέξατο
1534 5604 1660 5667 τοὺς
1690 5604 1757 5657 δι’
1784 5604 1913 5658 Υίοῦ

2030 4980 2156 5021 cum
2185 4971 2402 5024 venerit
2433 4969 2487 5023 in
2521 4969 2700 5024 Patris
2734 4972 2959 5028 dextera
2993 4991 3117 5029 cum
3156 4979 3367 5047 angelis
3389 4980 3527 5041 suis,
3559 4992 3609 5033 et

2029 5057 2235 5113 sederit
2262 5058 2316 5113 in
2345 5059 2543 5112 throno
2569 5060 2759 5130 gloriae
2783 5062 3171 5133 sumjudicans
3200 5068 3349 5118 vivas
3379 5074 3433 5120 et
3460 5082 3608 5118 mor-

2030 5156 2156 5205 tuos
2213 5150 2279 5204 ³³.
2338 5149 2655 5205 Adorabunt
2708 5153 2859 5218 item,
2920 5165 3141 5224 propter
3203 5155 3420 5210 Patrem
3467 5151 3608 5226 ejus.

2030 5239 2383 5296 Glorilit‘atur
2407 5242 2579 5309 cnim,
2612 5250 2872 5314 tauquam
2911 5243 3002 5299 Dei
3037 5244 3247 5311 Filius;
3282 5247 3406 5316 quia
3437 5246 3612 5315 ﬁdelis

2030 5339 2110 5386 est
2160 5341 2378 5387 sanctus
2435 5335 2631 5398 Israel,
2690 5335 2784 5404 qui
2837 5335 2992 5406 elegit
3043 5351 3199 5399 eum;
3259 5337 3314 5390 id
3355 5345 3464 5403 est,
3516 5340 3610 5408 qui

2030 5436 2246 5492 semper
2278 5421 2471 5478 eodem
2515 5424 2680 5478 modo
2714 5438 2775 5479 se
2809 5423 2996 5480 habet.
3044 5424 3194 5481 Nihil
3223 5443 3412 5483 eorum
3443 5430 3614 5498 siqui~

2031 5512 2179 5576 dem,
2212 5531 2335 5585 qua:
2372 5516 2596 5572 condita
2647 5528 2795 5581 sunt,
2831 5519 2962 5593 quia
3013 5520 3310 5575 mutationi
3352 5519 3609 5583 obnoxia,

2023 5604 2191 5673 ﬁdum
2237 5622 2300 5663 ac
2330 5617 2542 5665 eertum
2598 5612 2865 5681 reperias.
2908 5611 3085 5685 Elegit
3145 5629 3273 5669 vero
3297 5628 3394 5669 eos
3429 5612 3610 5676 Pater,

401 5721 572 5778 “'13:.
598 5740 685 5790 ex,
713 5725 760 5779 Ι.
839 5724 1230 5792 ",\ialach.1v,
1258 5726 1308 5778 2.
1388 5726 1430 5757 ³³
1454 5725 1611 5783 loan.
1656 5746 1706 5796 χ,
1742 5725 1823 5780 ll.
1903 5727 1947 5760 ”
1972 5725 2238 5798 Matth.v,
2271 5731 2356 5790 ll.
2437 5732 2685 5791 “Matth.
2712 5749 2882 5807 xxv",
2904 5735 2992 5794 29.
3072 5739 3116 5775 ³³
3145 5736 3335 5795 Matth.
3369 5750 3495 5797 xxv.
3519 5733 3606 5790 Si.
