3976 6220
226 3463 257 3479 ρ

402 298 542 367 2471

1716 286 2066 352 PBOCOPII
2107 283 2350 347 GAZZEI

3543 267 3580 329 2
3592 265 3691 328 ίῖἳ

399 418 494 487 qui
530 429 625 483 per
661 406 1066 465 Filium‘vocati
1088 413 1241 463 sunt.
1288 422 1307 457 ι
1343 404 1495 472 Quos
1518 403 1666 461 enim
1694 399 1993 474 prmscivit,

2105 392 2498 463 κεκλημένους.
2534 406 2551 440 ι
2582 372 2691 451 Οὓς
2720 383 2828 454 γὰρ
2851 380 3022 452 ἔγνω,
3057 376 3213 452 φησὶ,
3258 377 3353 433 καὶ
3385 375 3696 454 προώρισεν

398 504 802 578 inquit,etiam
850 503 1270 575 praedestinavit
1323 499 1642 555 conformes
1705 495 1824 551 ﬁeri
1858 493 1999 547 ima-

399 600 545 672 ginis
579 597 703 653 Filii
732 595 819 653 sui
847 594 915 662 ³⁸,
950 613 968 646 ι
1013 593 1108 664 qui
1142 608 1269 648 eum
1296 592 1732 669 sanctiﬁcarunt,
1759 586 1849 652 qui
1877 583 1999 637 ani-

399 708 545 746 mam
579 704 734 743 suam
765 686 1024 757 despexit,
1066 699 1245 755 neque
1290 684 1346 738 in
1404 664 1767 737 humanitatis
1801 674 1997 731 modos

401 786 769 853 impegerunt.
795 779 902 835 Sed
931 794 1029 850 pro
1058 777 1212 848 Elegi
1245 786 1316 841 te,
1347 774 1450 840 Qui
1472 772 1628 844 elegit
1649 780 1698 826 te
1724 772 1997 840 interpre-

400 885 555 933 tatur
580 875 979 948 Symmachus.
1018 872 1247 942 Pmprie
1284 870 1477 941 igitur,
1526 869 1685 923 aiunt
1719 864 1994 930 nonnulli,

402 971 511 1026 ista
542 969 607 1023 ad
653 969 940 1023 Christum
993 964 1347 1020 referuntur:
1391 975 1710 1032 quanquam
1765 966 1819 1014 et
1864 972 1996 1028 pro-

399 1062 580 1132 phetae
608 1059 771 1114 etiam
817 1057 1038 1113 valeant
1077 1054 1396 1109 convenire.
1434 1051 1690 1120 Seipsum
1723 1047 1867 1104 enim
1898 1046 1998 1101 de-

406 1150 626 1223 pressit,
658 1150 786 1203 dum
815 1147 1006 1217 populi
1040 1144 1387 1199 calamitates
1423 1142 1585 1207 luxit,
1623 1141 1678 1195 in
1711 1153 1851 1209 quas
1905 1137 1999 1192 ille

401 1254 631 1314 propter
704 1240 917 1295 scelera
973 1237 1267 1292 inciderat.
1330 1232 1530 1288 Jussus
1597 1231 1816 1293 deinde,
1869 1245 1993 1284 cum

401 1348 589 1395 sacco,
621 1342 673 1387 et
730 1329 916 1385 nudus
975 1327 1293 1393 incedebat,
1328 1325 1643 1379 videntibus
1693 1321 1992 1391 despectus,

401 1423 696 1491 animoque
746 1419 911 1475 simul
969 1417 1276 1481 demissus,
1340 1424 1395 1470 et
1449 1429 1663 1481 earum,
1702 1427 1824 1481 qua:
1883 1411 1994 1465 illis

401 1522 590 1571 essent
640 1521 941 1578 eventura},
976 1509 1336 1564 amictionum
1370 1506 1704 1575 exemplum.
1739 1505 1874 1557 Eum
1908 1511 1995 1556 ta-

402 1622 527 1662 men
556 1614 611 1661 et
634 1605 727 1674 qui
761 1600 1091 1673 principibus
1144 1599 1460 1664 inserviunt,
1511 1596 1753 1650 ludibrio
1785 1594 1993 1649 habue-

400 1709 564 1762 runt;
628 1710 793 1767 quem
849 1702 1104 1750 sanctum
1161 1690 1522 1745 exsistentem
1583 1689 1795 1743 honore
1839 1685 1994 1755 jubet

2100 486 2465 556 συμμόρφους
2490 482 2589 552 τῆς
2618 478 2827 540 εἰκόνος
2856 474 2950 530 τοῦ
2976 471 3110 527 Υίοῦ
3144 468 3335 539 αὐτοῦ,
3369 488 3389 522 ι
3427 469 3485 525 οἳ
3515 471 3699 540 ἡγία-

2097 593 2221 633 σαν
2259 578 2368 631 τὸν
2415 571 2786 644 φαυλιζοντα
2813 568 2929 636 τὴν
2950 564 3166 636 ψυχὴν
3203 561 3387 619 αὑτοῦ
3437 565 3550 627 τοῖς
3593 564 3699 633 τῆς

2095 669 2521 743 ἀνθρωπότητος
2573 665 2651 737 μὴ
2700 661 3115 735 προσκύψαντες
3165 657 3410 728 μέτροις.
3445 656 3593 711 Ἀντὶ
3636 655 3699 709 δέ

2092 761 2193 818 τοῦ
2217 803 2233 829 ,
2255 760 2641 830 ἐξελεξάμην
2688 770 2764 811 σε
2792 795 2808 821 ,
2839 753 2908 820 ὃς
2940 748 3264 818 causam
3292 763 3367 803 σε
3396 747 3699 820 Σύμμαχος

2097 856 2384 924 ἐξέδωκεν.
2412 851 2636 922 Κυρέως
2655 852 2754 920 μὲν
2784 842 2900 911 οῦν,
2927 844 3061 915 φασί
3089 860 3257 907 τινες,
3287 840 3463 895 ταῦτα
3494 842 3574 903 είς
3603 839 3701 894 τὸν

2097 949 2337 1020 Χριστὸν
2368 943 2727 1014 ἀναφέρεται.
2760 939 2953 992 Νοοῖτο
2990 935 3037 990 δ’
3068 935 3135 989 ἂν
3164 935 3260 987 καὶ
3292 932 3385 985 ἐπὶ
3412 930 3512 986 τοῦ
3554 948 3699 1003 προ-

2099 1042 2295 1110 φήτου.
2339 1034 2727 1104 Ἐξουδένωσεν
2753 1032 2862 1103 γὰρ
2891 1029 3105 1095 ἑαυτὸν,
3130 1026 3458 1098 ὀδυρόμενος
3476 1024 3574 1088 τὰς
3601 1023 3700 1077 τοῦ

2095 1130 2228 1186 λαοῦ
2273 1130 2364 1185 διὰ
2413 1128 2481 1182 τὰ
2514 1124 2969 1197 πλημμελήματα
3013 1119 3335 1191 συμφοράς.
3367 1118 3477 1170 Kal
3525 1132 3704 1187 προσ-

2095 1225 2284 1297 αχθεὶς
2332 1224 2389 1277 ἐν
2438 1222 2629 1290 σάκκῳ
2676 1235 2737 1271 τε
2787 1218 2881 1270 καὶ
2916 1214 3124 1283 γυμνὸς
3157 1212 3511 1283 περιήρχετο.
3544 1208 3704 1277 παρά

2095 1318 2207 1372 τῶν
2248 1314 2501 1388 ὁρώντων
2544 1309 3074 1378 ἐξουδενούμενος,
3109 1303 3344 1358 ταπεινά
3392 1303 3611 1373 φρονῶν
3638 1318 3703 1354 τε

2097 1409 2235 1481 ἃμα,
2267 1408 2360 1461 καὶ
2412 1406 2521 1459 τῶν
2575 1402 2882 1474 μελλόντων
2914 1396 3080 1452 εἰκὼν
3119 1398 3304 1459 αὐτοῖς
3352 1395 3701 1464 παθημάτων

2094 1500 2401 1571 γινόμενος.
2420 1495 2562 1551 Ἀλλ’
2583 1496 2733 1566 ὅμως
2784 1493 2878 1547 καὶ
2916 1491 2967 1545 οἱ
3014 1491 3129 1553 τοῖς
3174 1488 3474 1558 ἄρχουσιν
3506 1486 3703 1552 ἐξυπυ

2094 1593 2499 1661 ηρετούμενοι,
2524 1586 2715 1642 τοῦτον
2746 1580 3171 1657 ἐχλεύαζον,⁴¹ον
3188 1580 3343 1649 ἀγιον
3361 1579 3488 1632 ὅντα
3503 1576 3700 1648 τιμῆς,

2096 1686 2291 1755 φησιν,
2314 1682 2611 1749 ἀξιώσατε.
2638 1679 2800 1750 Παρά
2845 1693 2957 1731 τισι
3002 1674 3060 1728 δὲ
3106 1673 3169 1727 τδ
3217 1672 3383 1743 ῥητὸν
3409 1673 3590 1724 κεῖται
3618 1668 3702 1739 τῷ

402 1788 635 1844 allicere.
670 1784 931 1840 Nonnulli
970 1783 1025 1837 in
1050 1796 1167 1846 eos,
1206 1780 1301 1850 qui
1339 1779 1484 1833 inter
1521 1787 1713 1849 gentes
1734 1774 1993 1833 et‘lsrae-

2105 1776 2376 1850 βδελυκτῷ
2428 1774 2638 1840 ἔθνους,
2680 1772 2797 1838 καὶ,
2835 1769 3004 1841 φασὶ,
3039 1766 3135 1822 τοῦ
3171 1765 3424 1837 Ἰσραήλ·
3472 1763 3554 1817 διδ
3603 1761 3701 1817 καὶ

398 1879 509 1934 lem
551 1874 907 1931 abominandi
959 1880 1113 1937 sunt,
1179 1885 1494 1926 sermonem
1546 1868 1738 1924 haberi
1802 1867 1994 1923 exiSti-

400 1976 590 2033 mant;
622 1982 797 2037 eaque
815 1964 1030 2020 ratione
1050 1964 1115 2018 ad
1136 1971 1328 2033 gentes
1359 1962 1748 2016 transitionem
1770 1958 1989 2016 fecisse.

2093 1872 2232 1943 πρὸς
2259 1870 2330 1924 τὰ
2357 1868 2484 1937 ἔθνη
2519 1865 2745 1939 μετέϐη.
2772 1863 2883 1918 Kal
2914 1859 3077 1916 πάλιν
3102 1858 3163 1912 τὸ
3194 1856 3360 1929 ῥητὸν
3387 1853 3467 1922 τῷ
3497 1855 3702 1921 δούλῳ

2093 1962 2514 2028 ἐξουσιαζόντων
2570 1958 2665 2013 καί
2699 1959 2728 1998 ι)
2752 1973 2915 2028 φασιν
2945 1970 2960 1985 ·
2995 1951 3248 2021 ὑπετάγη
3291 1949 3433 2021 γάρ·
3482 1950 3577 2003 καὶ
3606 1948 3701 2013 ἐξ·

400 2061 612 2117 Volunt
647 2072 868 2114 rursum
905 2063 958 2111 et
989 2070 1182 2112 eorum
1214 2053 1381 2109 verba
1403 2067 1547 2118 esse,
1573 2052 1666 2122 qui
1698 2053 1752 2105 in
1780 2067 1992 2106 servum

2105 2050 2396 2121 ελεξάμην
2432 2063 2529 2113 σε,
2580 2046 2744 2119 ἔχων,
2781 2045 2936 2114 φασὶ,
2985 2039 3085 2112 τὴν
3134 2038 3371 2109 ἀόρατον
3419 2035 3701 2106 ὑπεροχὴν

400 2159 736 2227 potestatem
768 2150 1030 2205 habeant.
1059 2146 1332 2203 Subditus
1348 2145 1495 2201 enim
1521 2144 1659 2217 fuit.
1681 2144 1752 2198 Te
1772 2144 1990 2210 deinde,

400 2244 683 2315 inquiunt,
714 2240 866 2311 elegi,
895 2240 987 2310 qui
1012 2236 1343 2293 invisibilem
1376 2233 1759 2291 excellentiam
1797 2247 1997 2289 secun-

2092 2144 2233 2199 κατά
2269 2142 2433 2213 φύσιν
2469 2143 2534 2195 ἐκ
2561 2140 2670 2194 τῶν
2700 2136 2936 2210 ὁρατῶν.
2968 2133 3081 2189 Kal
3108 2131 3169 2199 ἐξ
3198 2129 3503 2203 ἀνθρώπων
3525 2127 3705 2181 eus-

2103 2236 2248 2303 κτὸς
2277 2235 2508 2304 γίνεται,
2531 2232 2600 2287 δι’
2620 2232 2688 2304 ἢν
2718 2226 2866 2301 εἶχεν
2888 2225 3182 2299 ὁμοιότητα
3212 2221 3350 2294 πρὸς
3373 2221 3545 2292 ἡμᾶς.
3561 2213 3700 2274 Εἶτα

396 3469 508 3527 per
534 3448 905 3507 oeconomiam
935 3445 1065 3515 ﬁngi
1090 3445 1275 3499 dicere
1301 3442 1655 3503 maluerunt;
1695 3442 1812 3511 qui,
1844 3449 2003 3496 ante-

402 2310 533 2393 duin
566 2310 823 2390 naturam
867 2346 932 2386 ex
984 2327 1304 2385 visibilibus
1350 2326 1552 2382 habeo.
1591 2324 1689 2381 Est
1730 2333 2001 2396 praeterea

2106 2329 2245 2401 πρὸς
2272 2327 2365 2382 τὸν
2395 2325 2631 2406 Σωτῆρα
2676 2339 2842 2394 φησιν
2870 2323 2898 2375 6
2929 2317 3141 2389 Πατὴρ,
3171 2314 3365 2384 Καιρῷ
3385 2310 3574 2377 δεκτῷ
3596 2312 3703 2364 ἐπ-

404 2447 473 2489 ex
502 2426 824 2485 hominibus
857 2424 1100 2487 electus;
1142 2428 1373 2491 propter
1425 2433 1569 2485 eam,
1599 2432 1766 2489 quam
1810 2415 2001 2472 nobis-

2107 2418 2350 2489 ἠκουσά
2378 2402 2519 2477 σου..
2549 2417 2786 2489 Πάσχων
2819 2414 2918 2486 μὲν
2952 2412 3062 2484 γὰρ
3091 2409 3223 2464 ἐϐόα
3243 2425 3256 2438 ·
3294 2426 3314 2460 ι
3338 2402 3701 2471 Ἦλεὶ,Ἠλεὶ,

403 2536 530 2578 cum
560 2516 980 2575 similitudinem
1014 2511 1232 2569 habuit.
1268 2510 1351 2565 Ad
1384 2508 1727 2565 Salvatorem
1754 2519 2002 2573 rursum,

2106 2509 2592 2583 λαμασαὸαχθανί.
2647 2526 2667 2560 ι
2724 2500 2938 2569 Εἴθ’ὡς
2987 2501 3320 2558 ἀνανεύοντα
3343 2499 3434 2553 τὸν
3472 2495 3704 2568 Πατέρα

406 2614 665 2684 Tempore
709 2618 1003 2682 opportuno
1029 2606 1211 2661 audivi
1244 2615 1313 2670 te,
1341 2603 1557 2660 Patrem
1611 2602 1818 2658 dixisse
1872 2599 2002 2672 legi.

2114 2604 2283 2674 ἐώρα,
2336 2603 2544 2673 ἐπῆγεν
2566 2617 2582 2632 ο
2639 2618 2658 2652 ι
2689 2598 2900 2669 Πάτερ,
2929 2596 2979 2650 ει
3033 2595 3109 2667 μὴ
3134 2591 3361 2649 δυνατὸν
3383 2587 3703 2684 -παρελθεῖν

406 2676 550 2763 mus:
593 2676 917 2761 Cum'eni'm
951 2706 1182 2754 mortem
1248 2695 1449 2761 obiret,
1485 2712 1504 2745 ι
1538 2692 1644 2760 Eli,
1665 2691 1770 2759 Eli,
1802 2693 2002 2747 lamina

2112 2695 2268 2763 αὐτὸ,
2295 2692 2587 2765 γενηθήτω
2613 2690 2676 2745 τδ
2710 2688 2926 2760 θέλημά
2956 2703 3077 2741 σου.
3104 2683 3322 2755 Ταύτην
3352 2676 3446 2736 οὖν
3472 2679 3573 2752 τὴν
3611 2677 3708 2732 εύ-

407 2795 731 2855 sabacthani
765 2794 835 2855 ⁸⁷,
868 2811 887 2845 ›
962 2787 1318 2845 inclamabat.
1350 2784 1645 2847 Praeterea,
1689 2791 1750 2837 ut.
1782 2781 2002 2838 Patrem

2110 2789 2213 2863 χὴν
2245 2790 2384 2862 μετὰ
2412 2791 2504 2843 τὸν
2532 2784 3082 2856 θάνατον-δεχόμενος
3110 2782 3139 2835 6
3161 2778 3371 2852 Πατὴρ,
3398 2778 3489 2831 τὸν
3511 2773 3708 2847 καιρὸν

409 2905 642 2947 renuere
673 2883 1097 2943 animadvertit:
1136 2900 1153 2934 ι
1175 2879 1367 2944 Pater,
1381 2878 1428 2934 si
1459 2892 1571 2932 non
1602 2883 1785 2946 potest
1812 2884 1999 2932 trans-

2105 2882 2321 2946 δεικνὺς
2365 2881 2467 2953 τῆς
2515 2878 2874 2943 ἀναστάσεως
2917 2873 3268 2949 φησίνρἘν
3300 2868 3483 2942 καιρῷ
3513 2864 3711 2935 δεκτῷ

404 2986 488 3041 ire
515 2984 645 3049 hoc,
673 2982 765 3037 fiat
791 2980 1047 3036 voluntas
1087 2983 1184 3033 tua
1207 2974 1273 3042 ⁸⁸,
1305 2991 1325 3025 ι
1366 2972 1576 3027 intulit.
1607 2970 1758 3037 Quas
1808 2984 2002 3040 preces

2105 2972 2429 3041 ἐπήκουσά
2452 2987 2594 3028 σου.

402 3092 533 3134 cum
570 3082 697 3149 post
754 3075 987 3129 mortem
1016 3069 1329 3126 admisisset
1358 3063 1552 3132 Pater,
1591 3075 1654 3119 ut
1701 3063 2131 3122 resurrectionis
2156 3075 2377 3137 tempus
2407 3066 2696 3132 indicaret,
2758 3078 2875 3118 eum
2902 3060 3066 3134 558
3102 3075 3157 3115 se
3228 3064 3519 3128 opportuno
3570 3064 3714 3112 teu-

388 3190 530 3243 ,pore
562 3171 895 3228 emudivisse
950 3166 1308 3239 signiﬁcavit.

478 3267 737 3324 Nonnulli
765 3264 1169 3335 expositionem
1202 3260 1391 3326 istam,
1425 3266 1482 3313 ut
1535 3237 1761 3314 minime
1794 3258 1999 3329 proba-

2174 3255 2331 3321 Τινὲς
2370 3254 2427 3308 δὲ
2466 3250 2820 3324 μεμψάμενοι
2849 3249 2948 3321 τὴν
2983 3248 3268 3321 παροῦσαν
3299 3246 3603 3322 ἐξήγησιν,
3631 3248 3708 3315 ὡς

404 3361 575 3421 bilem
631 3353 1122 3427 reprehendentes,
1155 3349 1357 3405 Filium
1412 3348 1678 3419 precibus
1727 3348 2002 3405 excidisse

2117 3348 2405 3411 ἀπίθανον,
2429 3345 2522 3400 τὸν
2553 3345 2682 3399 Υἰὸν
2731 3345 3027 3415 ἀποτυχεῖν
3059 3343 3157 3414 τῆς
3186 3341 3354 3413 εὐχῆς
3388 3341 3709 3419 πεπλάσθαι

2111 3440 2213 3510 τὴν
2245 3436 2412 3509 εὐχὴν
2435 3447 2457 3475 ο
2486 3438 2606 3490 κατ’
2628 3434 2942 3504 οἰκονομίαν
2969 3433 3157 3503 φασιν,
3180 3433 3304 3486 ἐπεὶ
3324 3432 3421 3486 καὶ
3445 3432 3553 3503 πρὸ
3578 3431 3713 3486 ταύ-

411 3558 576 3617 quam
618 3543 769 3612 ipsas
824 3536 1105 3600 funderet,
1158 3548 1270 3588 non
1319 3533 1456 3588 alias
1495 3546 1553 3586 se
1601 3541 1862 3598 mortem,
1895 3531 2007 3587 nisi

364 3648 633 3693 'cruccm
683 3639 739 3687 et
795 3640 1027 3685 mortem
1078 3625 1424 3689 subivissct,
1485 3622 1833 3679 sublaturum
1882 3637 2007 3679 esse

413 3727 645 3783 sciebat.
675 3721 871 3792 Arguit
925 3734 1057 3791 ergo
1108 3716 1422 3773 Judaeorum
1497 3714 1880 3770 crudelitatem
1952 3721 2009 3769 et

410 3820 613 3876 eadem
666 3815 1021 3888 deprecatio;
1072 3828 1195 3884 qua:
1224 3811 1562 3883 passionem,
1598 3818 1826 3881 propter
1883 3807 2007 3877 ejus

415 3908 930 3985 ignominiam,non
963 3904 1230 3961 ultionem
1290 3901 1465 3958 fuisse
1511 3901 1775 3958 ostendit.
1819 3901 2009 3967 Quan-

412 4019 579 4078 quam
613 4018 716 4058 nec
748 4007 1053 4072 spontanea
1085 3997 1208 4051 ideo
1240 4011 1364 4052 esse
1388 3994 1618 4060 desinit,
1650 3997 1852 4065 quippe
1885 4008 2009 4065 qua:

414 4094 583 4151 morti
605 4094 752 4148 vires
779 4089 1068 4155 ademerit,
1093 4096 1151 4144 ut
1175 4087 1546 4159 eoprobavit,
1577 4087 1670 4158 qui
1697 4101 1757 4142 se
1777 4085 1844 4141 de
1866 4085 2010 4142 coelo

403 4188 794 4250 descendisse,
823 4201 932 4239 non
959 4191 1019 4238 ut
1067 4198 1222 4240 suam
1254 4182 1371 4253 ipse
1401 4183 1738 4236 voluntatem
1783 4178 2009 4245 laceret,

415 4272 743 4350 sed'ejus,a
787 4293 897 4349 quo
931 4277 1134 4332 missus
1186 4283 1352 4341 esset,
1378 4282 1688 4343 cartcraque
1746 4287 1868 4341 quae
1920 4286 2011 4327 se-

405 4380 682 4445 guuntur,
703 4368 993 4423 aliirmavit
1012 4363 1498 4420 ”..Percommode
1512 4364 1699 4434 igitur,
1719 4371 1782 4418 ut
1803 4363 2009 4429 decuit,

415 4476 606 4517 eorum
629 4459 836 4515 saevitia
871 4465 925 4511 ct
946 4455 1276 4510 crudelitate
1300 4454 1365 4509 ad
1396 4453 1843 4509 mundisalutem
1876 4469 2011 4511 usus

415 4560 543 4617 est;
585 4565 797 4619 suoque
850 4548 1010 4602 nobis
1057 4545 1310 4616 exemplo
1343 4545 1398 4598 in
1444 4544 1847 4600 tentationihus
1900 4560 2012 4600 non

2112 3548 2213 3601 της
2244 3530 2361 3602 ᾔδει
2398 3528 2474 3601 μὴ
2516 3527 2692 3591 ἄλλως
2722 3527 2814 3580 τὸν
2861 3526 3093 3581 θάνατον
3123 3524 3708 3596 καταργηθησόμενον,

2115 3625 2167 3677 εἰ
2200 3623 2278 3695 μὴ
2304 3622 2370 3676 δι’
2400 3622 2461 3676 ὃν
2488 3621 2703 3692 ὑπέστη
2736 3618 2971 3691 σταυρόν
3011 3634 3071 3672 τε
3107 3618 3202 3671 καὶ
3248 3617 3499 3672 θάνατον.
3518 3616 3582 3669 Ἦ
3612 3611 3713 3669 οὖν

2115 3716 2452 3789 παραίτησις
2478 3754 2494 3780 ,
2547 3714 2653 3783 τῆς
2708 3711 2978 3767 Ἰουδαίων
3036 3708 3355 3780 μιαιφονίας
3384 3709 3707 3780 κατηγορεῖ,

2114 3806 2415 3879 ἀϐούλητον
2463 3804 2615 3875 αὐτῷ
2659 3802 2918 3857 δεικνῦσα
2947 3802 3007 3855 τὸ
3054 3800 3225 3865 πάθος
3254 3798 3469 3854 διάτοιά
3496 3797 3558 3853 τὸ
3584 3800 3711 3854 δυσ·

2115 3898 2293 3964 κλεές.
2346 3897 2510 3952 Ἀλλὰ
2544 3896 2640 3950 καὶ
2660 3893 2805 3949 οὕτω
2830 3894 3022 3963 γέγονε
3045 3892 3269 3963 θελητὺν
3296 3892 3392 3944 ἐπὶ
3412 3891 3491 3963 τῷ
3512 3907 3712 3960 καταρ-

2116 3995 2285 4064 γῆσαι
2313 3990 2404 4045 τὸν
2432 3990 2684 4046 θάνατον.
2713 4009 2731 4043 ι
2752 3990 2867 4044 Kal
2886 3988 3047 4042 τοῦτο
3062 3986 3215 4058 δηλοῖ
3238 3985 3318 4051 τὸ,
3338 3984 3711 4054 Καταὸέὸηκα

2116 4085 2181 4138 ἐκ
2229 4081 2324 4138 τοῦ
2369 4081 2636 4154 ούρανοῦ,
2671 4082 2769 4153 οὐχ
2806 4081 2894 4137 ἵνα
2927 4077 3069 4134 ποιῶ
3108 4078 3173 4131 τδ
3217 4076 3434 4146 θέλημα
3461 4075 3526 4128 τὸ
3553 4074 3705 4144 ἐμὸν,

2116 4174 2254 4230 ἀλλά
2281 4174 2343 4228 τὸ
2370 4174 2585 4246 θέλημα
2601 4173 2698 4227 τοῦ
2724 4170 3045 4244 πέμψαντός
3066 4186 3159 4241 με,
3182 4185 3201 4220 ι
3228 4168 3325 4221 καὶ
3352 4165 3422 4220 τά
3439 4166 3586 4235 ἑξῆς.
3608 4163 3710 4227 Εἰς

2116 4268 2238 4322 δέον
2285 4262 2381 4322 οὖν
2425 4269 2492 4336 τῇ
2548 4265 2832 4338 μιαιφονίᾳ
2877 4267 2945 4337 τῇ
2994 4261 3221 4317 ἐκείνων
3264 4259 3539 4331 ἐχρήσατο
3573 4258 3709 4327 πρὸς

2120 4359 2395 4431 σωτηρίαν
2424 4359 2518 4412 τοῦ
2546 4359 2775 4430 κόσμου.
2806 4357 2913 4411 Kal
2936 4355 3109 4420 τύπος
3136 4353 3214 4419 δέ,
3244 4352 3434 4423 φασιν,
3458 4352 3595 4422 ἡμῖν
3618 4348 3709 4418 γέ·

2118 4467 2276 4522 γονεν
2325 4451 2401 4521 μὴ
2452 4450 2779 4504 ἀναπίπτειν
2824 4448 2883 4502 ἐν
2930 4446 3292 4518 πειρασμοῖς,
3318 4440 3457 4496 ἀλλά
3500 4441 3707 4495 δεῖσθαι

2119 4544 2279 4599 Θεοῦ.
2309 4545 2434 4608 Τοῖς
2483 4542 2577 4597 οῦν
2622 4538 2954 4612 προλαϐοῦσι
2989 4538 3358 4600 συνάπτοντες
3404 4533 3467 4587 τὸ
3523 4531 3705 4604 ῥητὸν,

416 4641 662 4695 animum
704 4637 1102 4708 abjiciendum,
1139 4635 1234 4692 sed
1268 4634 1531 4704 precibus
1560 4633 1731 4689 Deum
1751 4633 2002 4707 fatigan-

2117 4637 2254 4709 πρὸς
2295 4636 2426 4700 τοὺς
2469 4633 2885 4704 ἐξειλεγμένους
2920 4630 3173 4703 είρῆσθαί
3197 4645 3335 4699 φασι
3380 4627 3444 4680 τό
3469 4640 3487 4658 °
3512 4621 3707 4695 Καερῷ

402 4734 546 4789 .dum
581 4746 704 4786 csse
752 4730 964 4785 docuit.
1023 4726 1420 4798 Superioribus
1475 4727 1659 4796 itaque
1693 4726 1872 4781 locum
1911 4726 2014 4783 ad-

402 4831 727 4886 nectentes,
765 4820 831 4874 ad
867 4835 982 4883 eos,
1012 4819 1105 4889 qui
1156 4818 1347 4873 selecti
1392 4826 1545 4881 sunt,
1599 4818 1879 4889 ista,.quae
1906 4834 2011 4875 ,εε-

402 4925 683 4988 -quuntur,
720 4913 791 4968 ‘In
819 4923 1049 4982 tempore
1080 4923 1290 4981 accepto
1317 4910 1567 4964 exaudiui
1594 4919 1660 4979 te,
1677 4912 2008 4967 retulerunt.

402 5007 458 5066 Ἐ
465 5019 617 5066 uerat
649 5007 795 5062 enim
828 5013 960 5060 ante
980 5002 1185 5058 mundi
1216 5002 1689 5057 constructionem
1715 5003 2012 5073 praecogni-

403 5115 528 5160 .tum
557 5100 763 5158 Christi
796 5099 1144 5170 mysterium,
1174 5094 1272 5151 sed
1302 5095 1371 5151 iis
1388 5094 1616 5150 emicuit
1636 5095 2003 5167 temporibus,

404 5193 618 5264 quibus
674 5188 998 5263 praepotenti
1074 5186 1303 5256 placuit.
1353 5183 1543 5254 Itaque
1608 5169 2007 5242 incarnationis

401 5293 632 5355 tempus
673 5284 780 5340 diei
819 5282 1043 5338 nomine
1077 5278 1385 5351 signiﬁcat;
1424 5285 1487 5332 ut
1542 5278 1704 5334 divus
1759 5276 2005 5333 Paulus;

409 5394 443 5429 4
488 5375 626 5431 Ecce
653 5392 799 5432 nunc
858 5384 1077 5448 tempus
1128 5372 1510 5445 acceptabile:
1567 5386 1694 5427 ecce
1750 5371 1868 5427 dies
1915 5386 2008 5427 sa-

402 5465 546 5523 lutis
581 5469 648 5521 ".
691 5484 711 5519 ι
755 5467 822 5522 Et
855 5465 1063 5523 David:
1121 5483 1142 5518 ι
1178 5467 1308 5520 Haec
1356 5464 1477 5536 ipsa
1509 5472 1593 5520 est
1643 5462 1783 5527 dies,
1839 5460 2007 5535 quam

482 5578 535 5610 ³⁸
562 5576 723 5634 Rom.
760 5593 884 5644 vm,
935 5577 1029 5635 29.
1105 5576 1148 5609 ³⁷
1177 5575 1373 5632 Matth.
1415 5593 1591 5644 xxvn,
1615 5577 1708 5634 46.
1784 5578 1829 5609 ⁸⁸
1858 5576 2002 5632 Matt]

2105 5598 2243 5649 τινι,
2275 5582 2366 5639 59.

2112 4728 2302 4795 δεκτῷ
2347 4726 2667 4796 ἐπήκουσά
2701 4739 2848 4781 σου.
2878 4724 3240 4796 Προέγνωστο
3291 4720 3391 4792 μὲν
3442 4718 3551 4789 γὰρ
3601 4716 3703 4787 πρὸ

2112 4822 2421 4893 καταϐολῆς
2452 4822 2661 4892 κόσμου
2688 4819 2752 4873 τὸ
2785 4817 3026 4891 Χριστοῦ
3062 4816 3390 4888 μυστήριον,
3422 4808 3700 4882 ἐπέλαμψε

2111 4915 2171 4969 δὲ
2219 4914 2342 4969 καθ’
2370 4912 2464 4977 οὓς
2497 4912 2769 4984 ηὐδόκησε
2805 4912 3033 4981 καιροὺς
3073 4911 3101 4962 6
3129 4907 3427 4975 δυνάστης.
3464 4903 3568 4956 Τὸν
3609 4897 3700 4953 οῦν

2109 5009 2213 5080 τῆς
2243 5006 2713 5077 ἐνανθρωπήσεως
2748 5003 2941 5075 καιρὸν
2958 5001 3199 5072 ιήμέρωο
3231 4998 3410 5063 καλεῖ,
3440 4995 3583 5051 καθά
3609 4990 3699 5047 καὶ

2102 5104 2132 5157 6
2157 5102 2298 5166 θεῖος
2320 5098 2647 5161 Ἂπόστολος
2671 5112 2685 5126 ·
2731 5114 2751 5150 ι
2773 5095 2909 5150 Ἰδοὺ
2939 5095 3036 5149 νῦν
3064 5092 3258 5165 καιρὸς
3284 5087 3697 5161 εὐπρόσδεκτος.

2117 5194 2249 5249 Ἰδοὺ
2283 5193 2467 5264 ἡμέρα
2502 5184 2801 5261 σωτηρίας.
2823 5206 2850 5239 ι
2902 5187 3044 5258 Περὶ
3077 5181 3147 5259 ἧς
3185 5200 3323 5255 φησι
3358 5181 3457 5235 καὶ
3498 5175 3696 5232 Δασίδ·

2111 5302 2131 5337 ί
2152 5283 2311 5355 Αὕτη
2344 5284 2379 5355 ᾖ
2410 5281 2614 5353 ἡμέρα,
2646 5281 2712 5351 ἣν
2761 5277 3021 5348 ἐποίησεν
3051 5278 3080 5331 6
3107 5274 3333 5347 Κύριος.
3367 5291 3388 5324 ι
3432 5271 3553 5324 Ἐπὶ
3580 5264 3700 5321 τού-

2105 5393 2221 5439 τοις
2252 5374 2388 5447 φησί
2412 5391 2426 5405 ⁸
2473 5374 2582 5429 Kal
2615 5370 2810 5427 ἐδωκά
2841 5387 2917 5425 σε
2941 5373 3029 5437 εὶς
3057 5367 3358 5436 διαθήκην
3380 5363 3570 5420 ἐθνῶν
3592 5358 3696 5414 τοῦ

2107 5467 2485 5537 καταστῆσαι
2511 5465 2626 5535 τὴν
2657 5463 2795 5536 γῆν,
2817 5461 3275 5533 κληρονομῆσαι
3299 5454 3697 5528 κληρονομίας

2480 5580 2524 5614 ’⁸
2556 5578 2719 5637 Joan.
2753 5594 2831 5648 vt,
2862 5577 2954 5636 58.
3032 5576 3081 5610 ‘°
3110 5576 3155 5632 ll
3179 5575 3309 5633 Cor.
3327 5571 3480 5645 vt,2.

1674 5665 1914 5721 VAlllA‘l
1959 5665 2371 5730 LECTIUNES.

482 5762 518 5805 Iv
548 5778 638 5834 π).
679 5754 841 5813 εἶναι.
922 5772 941 5799 ε
975 5757 1079 5827 ἀφ.
1110 5759 1209 5829 τὴν
1226 5757 1413 5830 εὐχήν.
1488 5758 1514 5800 δ
1541 5778 1630 5832 γρ.
1663 5760 1732 5814 δι’
1766 5756 1956 5815 αὐτοῦ.
