3976 6220
269 328 420 396 2473
694 331 726 354 ‘

1377 328 1908 390 COMMENTARII
1952 331 2030 389 ΙΝ
2069 330 2354 390 ISAIAM.

3388 323 3530 384 aut

269 449 557 520 ἐρήμους·
593 447 624 516 ἢ
655 447 795 500 κατὰ
824 446 1118 518 Σύμμαχον
1203 442 1522 514 Ἀνεγεῒραι
1555 443 1670 512 τὴν
1709 443 1845 514 γῆν,

1971 444 2085 500 'ecit
2121 443 2384 497 Dominus
2416 443 2482 492 δ’.
2524 457 2542 491 ι
2589 440 2748 495 Addit
2775 447 2996 511 postea:
3044 436 3105 492 Et
3133 435 3253 492 dedi
3282 443 3329 490 te
3377 436 3428 488 in
3455 451 3531 488 te-

269 541 368 596 καὶ
431 538 880 608 κληροδοτῆσαι
947 538 1355 607 κληροδοσίας
1416 537 1854 606 ἠφανισμένος.

269 632 531 687 Τοιαῦται
557 632 613 684 δὲ
640 626 780 702 ἦσαν
806 631 862 685 αἱ
889 629 1203 714 τῶνιάθέων
1231 629 1435 698 ψυχαὶ,
1473 627 1671 699 ἔρημοι
1697 626 1855 692 Θεοῦ,

270 727 363 779 καὶ
414 723 632 795 ἀληθῶς
682 717 1110 791 ἠφανισμέναι.
1148 717 1328 774 Ἶίσαν
1373 720 1430 772 δὲ
1485 720 1583 773 καὶ
1631 719 1859 787 σειραῖς

274 814 694 888 ἁμαρτημάτων
740 811 1092 884 δεσμώτιδες.
1122 812 1231 864 Καί
1260 828 1389 864 ποτε
1439 811 1648 874 σκότος,
1686 810 1780 863 νῦν
1803 810 1859 863 δὲ

273 909 388 978 φῶς
437 910 496 959 ὲν
528 907 741 978 Κυρίῳ.
774 905 885 976 Τὴν
935 903 1028 958 οῦν
1071 902 1327 971 τοιαύτην
1371 903 1712 968 κατέστησε
1742 899 1860 969 γῆν

270 999 717 1072 τεθορυϐημένην
747 998 1200 1066 κακοῖς.Ἥγουν,
1234 995 1443 1058 πάντας
1468 995 1594 1058 τοὺς
1623 993 1721 1048 ἐπὶ
1749 992 1861 1062 γῆς

273 1094 368 1148 καὶ
420 1093 520 1162 τῆς
575 1088 933 1158 ἐπικειμένης
974 1085 1251 1159 ἀπήλλαξε
1282 1086 1471 1156 ζάλης,
1505 1086 1601 1140 καὶ
1632 1085 1862 1152 κλῆρον

274 1186 405 1239 ῐδιον
434 1185 750 1251 ἐποιήσατο,
787 1179 951 1250 μόνον
977 1177 1116 1248 ἔχων
1143 1179 1313 1232 πάλαι
1348 1178 1439 1231 τὸν
1473 1176 1861 1248 Ἰσραήλ.Τοῦς

273 1277 331 1330 δὲ
357 1271 599 1344 δεσμῶν
635 1270 736 1324 καὶ
773 1271 1035 1334 σκότους
1060 1269 1544 1340 ήλευθερωμένους
1573 1267 1864 1336 εὐαγγελίκ

277 1364 454 1428 ζεται,
486 1363 662 1429 λέγων
683 1377 696 1390 ·
718 1361 814 1412 Ἐν
835 1358 1060 1424 πάσαις
1089 1357 1217 1424 ταῖς
1252 1357 1411 1424 ὁδοῖς
1434 1357 1864 1425 ,βοσκηθήσον-

279 1471 396 1508 ται.
415 1451 575 1505 Ὀδοὶ
612 1451 668 1502 δὲ
701 1448 797 1502 καὶ
830 1449 1034 1517 τρίϐοι,
1064 1447 1129 1511 ἃς
1151 1447 1448 1502 διώδευσαν
1479 1450 1529 1501 οἱ
1558 1447 1726 1502 πάλαι
1747 1449 1865 1500 θεο-

283 1545 480 1608 σεϐεῖς,
513 1543 570 1595 αἱ
599 1542 738 1594 οεῖαι
773 1540 985 1611 Γραφαί
1015 1558 1028 1572 ·
1059 1540 1249 1610 ήγουν,
1271 1540 1328 1593 αἱ
1356 1538 1466 1592 τῶν
1495 1538 1708 1610 ἀρετῶν
1743 1543 1866 1592 ὲπι-

280 1637 559 1707 τηδεύσεις
582 1634 774 1686 ἄϐατοι
801 1635 912 1693 τοῖς
934 1632 993 1697 ἐξ
1008 1631 1180 1685 ἐθνῶν
1203 1631 1551 1702 ὑπάρχουσαι
1577 1630 1863 1702 πρότερον,

282 1731 341 1782 ὲν
367 1723 459 1788 αἷς
495 1727 813 1798 βοσκόμενοι
837 1725 1034 1787 πάντες
1066 1724 1296 1794 λογικῆς
1321 1725 1529 1795 τροφῆς
1557 1723 1864 1779 ἀπολαύου-

1967 545 2284 590 Momentum
2314 535 2568 604 gentium,
2595 543 2648 584 ut
2683 533 3021 607 constitueres
3041 541 3261 588 terram,
3282 538 3329 582 et
3355 528 3531 598 possi-

1961 629 2109 682 deres
2136 627 2472 682 lurreditates
2513 625 2789 688 desertas;
2820 633 2913 678 aut
2939 624 3244 679 secundum
3288 620 3536 693 Symma-

1962 721 2124 773 chum
2161 761 2174 784 ,
2212 719 2278 773 Ut
2303 720 2591 773 suscitares
2623 727 2903 778 terram,et
2925 717 3181 771 divideres
3201 714 3536 770 haereditate:

1962 821 2160 866 vastas.
2211 812 2414 878 Quales
2455 821 2612 865 erant
2651 812 2782 881 ipsa:
2823 810 3106 864 atheorum
3152 810 3368 876 animm,
3427 807 3538 862 Deo

1962 903 2186 972 privatae
2219 904 2451 966 scilicet,
2484 911 2536 958 ct
2559 912 2780 957 vastata:
2808 918 3015 957 revera.
3047 902 3214 956 Erant
3239 910 3292 957 et
3344 916 3539 972 pecca-

1965 1002 2144 1048 torum
2165 994 2384 1048 vinculis
2403 995 2733 1049 constrictaz.
2751 993 2921 1048 Erant
2955 1010 3150 1049 rursus
3177 1002 3232 1050 et
3259 997 3498 1051 tenebrae
3523 1012 3537 1058 ;

1937 1101 2111 1138 snunc
2143 1096 2323 1138 autem
2362 1085 2452 1138 lux
2491 1086 2542 1138 in
2580 1084 2826 1139 Domino.
2861 1083 3048 1142 Talem
3085 1085 3252 1154 igitur
3289 1102 3398 1140 esse
3434 1095 3541 1138 ter-
3581 1105 3586 1126 =

1966 1193 2106 1238 ram,
2159 1191 2284 1228 cum
2332 1175 2490 1229 malis
2536 1176 2688 1246 prius
2737 1176 3061 1244 agitaretur,
3089 1175 3296 1231 voluit:
3351 1175 3590 1239 idest“

1967 1281 2158 1320 omnes
2191 1267 2244 1318 in
2279 1273 2419 1318 terra
2449 1265 2710 1336 degentes
2767 1267 3085 1321 imminente
3119 1274 3440 1335 tempestate
3474 1265 3544 1319 li-
3573 1284 3587 1312 ι

1969 1357 2200 1420 beravit,
2235 1357 2449 1426 sibique
2479 1356 2614 1427 ipsis
2645 1357 2697 1410 in
2729 1357 3156 1425 peeulium,cum
3193 1357 3320 1410 olim
3362 1356 3541 1412 lsrae-
3577 1379 3590 1400 ι

1969 1448 2073 1502 lem
2112 1457 2320 1503 tantum
2347 1448 2592 1511 haberet,
2623 1447 2822 1503 eﬁecit.
2852 1447 2943 1502 Eis
2959 1448 3176 1511 deinde,
3196 1449 3289 1518 qui
3319 1449 3543 1502 vinculis

1968 1549 2016 1594 et
2047 1541 2268 1595 tenebris
2303 1540 2516 1595 liberati
2545 1548 2696 1604 sunt,
2736 1540 2913 1596 fausta
2939 1542 3264 1604 annuntiat;
3301 1555 3426 1595 cum
3451 1558 3546 1596 eos

1970 1634 2024 1685 in
2051 1632 2293 1686 omnibus
2326 1633 2424 1686 viis
2459 1631 2622 1702 559
2647 1643 2891 1700 pasturos
2925 1649 3036 1687 esse
3065 1633 3359 1701 signiﬁcat.
3405 1631 3547 1686 Sunt

1973 1731 2154 1779 autem
2179 1724 2275 1778 via'
2299 1732 2348 1778 et
2379 1724 2601 1789 semitae,
2633 1738 2769 1794 quas
2799 1723 2875 1793 pii
2904 1731 3089 1794 patres
3109 1724 3237 1778 olim
3261 1731 3544 1793 pertrans-

282 1837 368 1874 σιν
381 1851 400 1886 ι
437 1819 504 1890 ἣν
537 1819 630 1871 καὶ
657 1817 945 1888 νεμόμενοί
980 1833 1145 1886 φασιο
1190 1815 1396 1886 Κύριος
1443 1815 1720 1885 ποιμαίνει
1772 1831 1860 1885 με,

1971 1815 2169 1880 ierunt,
2221 1815 2350 1884 ipsae
2381 1829 2554 1869 sacrae
2586 1814 2882 1884 Scripturaa
2927 1832 2940 1868 :
2979 1814 3166 1882 id,est,
3225 1816 3340 1884 ipsa
3369 1815 3546 1868 virm-

280 1913 378 1965 καὶ
427 1910 578 1963 οὐδέν
625 1927 690 1980 με
741 1909 1054 1979 ὑπερήσει,
1087 1908 1180 1960 καὶ
1221 1908 1290 1960 τά
1340 1907 1552 1970 τούτοις
1595 1907 1858 1976 ἑπόμενα.

283 2002 409 2065 Πῶς
450 1997 545 2054 οὖν
596 1999 743 2072 [οὐκ]
793 1999 1158 2070 ὑπομένουσιν
1201 1998 1281 2052 ἔτι
1329 1997 1512 2068 ψυχῆς
1542 1999 1775 2064 πεῖναν,
1821 1997 1860 2065 ἣ

281 2094 491 2162 δίψαν,
514 2091 579 2154 ἃς
596 2088 741 2161 εἶχον
770 2091 937 2144 πάλαι
957 2091 1034 2160 μὴ
1063 2090 1236 2161 νόμῳ,
1265 2089 1338 2161 μὴ
1367 2094 1678 2160 προφήταις
1705 2089 1862 2142 παιδ-

285 2185 692 2254 αγωγούμενοκ
723 2179 1066 2236 Μεταϐαλὼν
1098 2181 1155 2234 δέ
1203 2199 1287 2246 τις
1336 2184 1479 2235 κατὰ
1523 2181 1778 2252 Χριστὸν,
1805 2183 1862 2233 ὲν

283 2275 543 2346 εὐτροφίξι
578 2275 788 2342 γίνεται
830 2276 1018 2344 νοητῇ,
1063 2272 1312 2341 λέγοντος
1351 2273 1606 2327 Ἠσαῖουο
1645 2291 1663 2323 ι
1692 2272 1862 2335 Αὐτὸς

272 2370 496 2436 -οἱκήσει
526 2368 582 2419 ὲν
611 2364 801 2437 ὑψηλῷ
830 2365 1078 2435 σπηλαίῳ
1100 2365 1306 2435 πέτρας
1365 2365 1610 2434 ἰσχυρᾶς.
1667 2364 1864 2434 Ἀρτος

287 2459 436 2530 αὐτῷ
458 2458 764 2529 δοθήσεται,
782 2457 877 2511 καὶ
893 2457 952 2509 τὸ
976 2455 1122 2526 ὓδωρ
1138 2455 1301 2509 αὑτοῦ
1328 2457 1518 2508 πιστόν
1539 2495 1550 2506 .
1569 2471 1587 2502 t
1603 2455 1744 2508 Ἀλλ’
1769 2455 1863 2508 ού-

288 2549 343 2602 δὲ
392 2552 420 2602 ὁ
465 2549 705 2619 φλογμός
739 2548 833 2601 τοῦ
867 2547 982 2618 βίου
1026 2547 1279 2610 πατάξει
1315 2546 1534 2610 αὐτοὺς,
1568 2546 1864 2617 λεγόμενος

288 2642 531 2696 καύσων
556 2641 653 2694 καὶ
681 2639 876 2707 ἥλιος.
912 2639 1108 2706 Γέγονε
1139 2639 1248 2711 γὰρ
1285 2639 1469 2703 αὐτοῖς
1498 2639 1810 2708 σκεπαστὴς
1836 2640 1864 2691 ὁ

283 2733 522 2802 Χριστὸς
563 2734 591 2785 ὁ
621 2732 712 2784 καὶ
739 2731 908 2785 πάλαι
940 2731 1136 2802 νεφέλῃ
1180 2731 1461 2794 σκεπάσας
1493 2731 1585 2784 τὸν
1623 2731 1862 2802 Ἰσραήλ.

289 2823 585 2895 Σύμφωνον
609 2822 783 2892 τούτῳ
799 2821 858 2874 τὸ
885 2821 980 2875 τοῦ
1009 2820 1333 2876 Ἀποστόλου
1365 2821 1526 2892 ῥητόν
1545 2837 1559 2851 ⁸
1590 2839 1610 2873 ‹
1631 2821 1864 2886 Δυνατδς

288 2917 408 2970 δὲ-ὁ
441 2914 591 2976 Θεὸς,
625 2913 684 2976 ὃς
725 2913 825 2966 οὐκ
872 2912 1027 2966 ἐάσει
1072 2913 1216 2982 ὑμᾶς
1254 2912 1618 2985 πειρασθῆναι
1662 2912 1804 2984 ὑπὲρ
1838 2912 1866 2966 δ

289 3007 538 3062 δύνασθε.
572 3025 589 3055 ι
626 3005 733 3058 Καὶ
763 3004 900 3075 αῦτη
930 3004 1034 3059 τοῦ
1066 3004 1385 3072 ἐλεοῦντος
1413 3005 1558 3076 ἡμᾶς
1600 3006 1639 3074 ἠ
1673 3003 1866 3073 παρά-

294 3103 530 3168 κλησις.

1973 1918 2084 1960 tum
2105 1906 2285 1960 studia
2309 1906 2565 1976 gentibus
2586 1906 2714 1960 olim
2744 1907 3107 1974 inaecessa,in
3125 1909 3326 1978 quibus
3355 1922 3547 1960 omnes

1970 1997 2188 2052 educati
2218 1996 2367 2052 verbi
2392 1997 2518 2051 cibo
2548 1997 2946 2067 perfruuntur;
2979 2014 3089 2069 quo
3107 1999 3201 2070 qui
3222 2007 3549 2060 vescuntur,

1971 2104 2001 2143 a
2036 2086 2266 2143 Domino
2293 2104 2352 2144 se
2393 2090 2564 2159 pasci,
2609 2104 2709 2146 nec
2743 2090 2849 2146 sibi
2877 2091 3175 2162 quidquam
3207 2089 3544 2153 defuturum,

1973 2188 2279 2250 cazteraque
2309 2196 2432 2250 qua:
2470 2190 2804 2252 sequuntur,
2838 2183 3184 2253 proﬁtentur.
3223 2183 3324 2250 Qui
3381 2183 3548 2251 igitur

1970 2287 2091 2326 eatn
2116 2273 2310 2327 animae
2333 2274 2580 2340 esuriem,
2612 2284 2704 2328 aut
2728 2276 2896 2341 sitim,
2922 2275 3098 2330 adhuc
3119 2291 3225 2330 non
3247 2276 3546 2344 patiantur,

1971 2380 2080 2436 qua
2100 2365 2134 2419 ii
2148 2365 2614 2436 quondam'qui'se
2631 2382 2732 2421 nec
2753 2367 2854 2437 legi
2872 2384 2969 2422 nec
2989 2368 3269 2437 prophetis
3288 2368 3549 2436 permise-

1971 2457 2550 2526 runt,torquebantur?
2568 2459 2637 2512 At
2656 2458 2908 2528 quisquis
2933 2459 2998 2512 ad
3025 2459 3302 2513 Christum
3329 2457 3545 2517 transit.

1975 2547 2148 2601 multo
2181 2558 2352 2612 certe,
2386 2563 2562 2619 eoque
2589 2548 2940 2620 intelligibili,
2973 2549 3095 2605 cibo
3117 2549 3376 2613 abundat,
3408 2548 3549 2603 lsaia

1973 2645 2133 2702 teste,
2187 2653 2312 2693 cum
2362 2639 2472 2693 ait:
2535 2658 2554 2692 ι
2589 2639 2710 2710 ipse
2760 2640 3025 2695 habitabit
3061 2641 3368 2696 in'excelsa
3418 2656 3548 2711 spe—

1974 2728 2136 2783 lunca
2167 2729 2405 2800 praeduri
2442 2731 2662 2801 lapidis.
2696 2729 2860 2788 Panis
2897 2732 2997 2800 ipsi
3051 2733 3290 2795 dabitur,
3318 2741 3373 2788 et
3402 2747 3544 2802 aqua

1973 2820 2092 2892 ejus
2139 2822 2318 2880 ﬁdelis
2371 2823 2434 2878 ".
2479 2844 2498 2876 ι
2555 2823 2668 2880 lmo
2713 2841 2783 2880 ne
2824 2827 2947 2880 vitae
2992 2825 3208 2895 quidem
3246 2825 3500 2880 incendio
3529 2861 3547 2888 ,

1973 2915 2118 2984 quod
2139 2925 2299 2971 (estus
2321 2925 2370 2971 et
2395 2916 2524 2971 solis
2544 2917 2762 2971 nomine
2779 2916 3137 2984 signiﬁcatur,
3160 2919 3543 2980 percutientur;

1974 3008 2065 3076 qui
2097 3008 2400 3075 Christum,
2434 3023 2546 3080 quo
2577 3009 2775 3063 nebula
2803 3010 2965 3064 etiam
2997 3009 3126 3064 olim
3157 3018 3438 3079 protectus
3464 3017 3543 3063 est

1975 3097 2164 3162 Israel,
2200 3098 2546 3155 defensorem
2575 3099 2836 3154 habeant.
2875 3098 3011 3154 lluic
3041 3109 3222 3155 autem
3269 3101 3547 3155 consentit

293 3202 345 3246 et
390 3192 630 3260 Apostoli
677 3192 850 3252 locus,
883 3191 973 3246 ubi
1001 3191 1104 3244 ait:
1163 3209 1181 3242 ι
1213 3189 1412 3246 Potens
1442 3197 1526 3246 est
1571 3190 1739 3257 Deus,
1771 3191 1866 3262 qui
1913 3207 2022 3247 non
2053 3193 2199 3249 sinet
2222 3209 2317 3250 vos
2381 3193 2576 3249 tentari
2623 3209 2786 3264 supra
2836 3193 2890 3247 td
2967 3194 3112 3264 quod
3160 3195 3388 3264 potestis
3417 3196 3483 3248 ".
3521 3211 3541 3246 ι

296 3285 359 3340 Et
393 3286 507 3338 haec
540 3284 655 3352 ipsa
684 3293 768 3337 est
804 3285 973 3336 nostri
1010 3284 1388 3346 ntiserescetttis
1410 3285 1722 3339 consolatio.

366 3379 474 3433 Καὶ
520 3377 617 3430 διὰ
670 3376 899 3445 πηγῶν,
931 3378 1114 3447 φησὶν,
1166 3378 1402 3432 ὑδάτων
1445 3379 1576 3442 ἄξει
1625 3381 1865 3445 αὐτούς.

2047 3381 2308 3450 Sequitur
2336 3379 2532 3434 deinde
2557 3387 2607 3434 et
2632 3393 2726 3445 per
2754 3377 2923 3447 fontes
2959 3393 3218 3447 aquarum
3259 3377 3409 3431 ducet
3433 3395 3544 3432 eos.

295 3473 494 3526 Πολλαὶ
520 3471 577 3524 δὲ
599 3472 780 3539 πηγαὶ
809 3468 1025 3540 Ἰσραὴλ
1045 3513 1058 3535 ,
1097 3471 1191 3523 καὶ
1249 3471 1431 3539 πηγαὶ
1491 3475 1782 3544 σωτηρίου.
1813 3473 1868 3527 αἱ

297 3564 394 3634 μὲν
415 3563 511 3632 τῆς
547 3562 784 3624 Παλαιᾶς
813 3561 1106 3632 Διαθήκης,
1134 3563 1190 3612 αἱ
1225 3561 1282 3614 δὲ
1323 3562 1420 3631 τῆς
1446 3563 1675 3632 Καινῆς.
1702 3565 1872 3617 Οὐδὲν

293 3657 348 3710 δὲ
407 3656 667 3710 δύσϐατον
725 3656 908 3719 αὐτοῖς
965 3655 1107 3726 τὴνο
1181 3657 1448 3726 σωτήριον
1497 3658 1872 3731 ὁδοιποροῦσιν

295 3747 460 3802 ὀδόν.
495 3749 640 3816 Ἔφη
690 3747 798 3818 γὰρ
823 3749 850 3800 ὁ
883 3748 1169 3818 προφήτης
1209 3748 1305 3800 καὶ
1365 3748 1632 3820 πρότερον
1655 3766 1670 3781 ⁸
1716 3769 1734 3801 ι
1761 3752 1872 3804 Καὶ

296 3843 440 3893 πᾶσα
469 3840 686 3910 φάραγξ
716 3837 1152 3908 πληρωθήσεται,
1171 3858 1189 3891 ι
1219 3839 1402 3893 καὶτὰ
1422 3842 1515 3894 ἐπὶ
1537 3841 1732 3910 τούτῳ.
1762 3843 1872 3895 Καὶ

302 3929 484 3987 πάλιν.
530 3945 549 3979 ι
588 3929 737 3990 Ὁδὸς
784 3927 998 3981 ἀσεϐῶν
1050 3927 1242 3982 εὐθεῖα
1301 3930 1542 3998 ἐγένετο.
1582 3949 1600 3983 ι
1664 3933 1870 4000 ΙἭγουν

297 4017 648 4088 όμαλίζεσθαι
673 4016 740 4071 τὰ
769 4016 959 4070 σκολιά
991 4019 1085 4070 καὶ
1116 4017 1382 4089 ἀνῶμαλά
1407 4037 1542 4089 φησι
1570 4020 1678 4075 τῶν
1698 4021 1868 4092 ὴθῶν.

300 4106 430 4161 Εἶτα
458 4111 583 4170 τοὺς
616 4108 985 4178 κεκλημένους
1010 4109 1347 4179 πανταχόθεν
1371 4110 1544 4178 ἥξειν
1574 4111 1674 4180 τῆς
1694 4113 1873 4165 οίκου-

300 4199 472 4268 μένης
497 4196 650 4263 φησι,
708 4196 814 4248 τῶν
849 4197 1132 4266 τεσσάρων
1159 4196 1440 4266 κλιμάτων
1481 4196 1762 4266 μνησθείς.
1800 4197 1873 4249 Τὸ

299 4287 407 4353 γὰρ
439 4285 759 4352 πόρῤωθεν,
783 4285 843 4337 τὸ
869 4285 1075 4338 νότειον
1134 4285 1285 4353 δηλοῖ
1317 4285 1425 4339 τῶν
1482 4286 1873 4358 μεσημϐρινῶν

299 4376 480 4429 τόπων
511 4378 640 4444 ἡμῖν
659 4376 1064 4446 ἀκατάληπτον.
1095 4377 1230 4430 Ἡδὲ
1269 4377 1553 4432 θάλασσα
1579 4377 1678 4446 τὴν
1709 4380 1872 4432 ἑσπέ-

301 4485 399 4542 ραν
456 4467 624 4538 δηλοῖ,
672 4467 1007 4538 δυτικωτέρα
1057 4469 1156 4539 τῆς
1212 4469 1468 4533 Ἰουδαίας
1529 4470 1870 4545 ὑπάρχουσα.

303 4560 510 4629 Ὠσπερ
525 4558 617 4612 οῦν
644 4559 744 4628 τὴν
771 4559 1035 4630 ἀνατολὴν
1067 4560 1106 4626 ἠ
1143 4558 1396 4628 Περσῶν
1443 4562 1743 4630 παρίστησι
1774 4560 1870 4630 γῆ.

309 4644 470 4712 Δηλοῖ
502 4643 558 4696 δὲ
589 4645 752 4714 τάχα,
785 4646 940 4714 φασὶ,
975 4649 1098 4711 τοὺς
1145 4650 1634 4720 προσκυνήσαντας
1658 4654 1888 4719 Μάγους

1977 3474 2118 3528 Sunt
2164 3489 2292 3526 vero
2330 3471 2569 3533 lsraelis,
2618 3480 2782 3540 atque
2813 3469 2949 3524 adeo
3003 3470 3198 3524 salutis
3228 3469 3396 3538 fontes
3425 3485 3549 3539 per-

1977 3567 2164 3620 multi:
2195 3566 2284 3619 alii
2316 3563 2538 3634 quidem
2579 3561 2818 3636 Veteris,
2859 3561 2948 3614 alii
2987 3570 3169 3616 autem
3203 3561 3546 3615 Recentioris

1975 3656 2332 3712 Tcstamenti.
2351 3655 2456 3710 Sed
2471 3654 2607 3718 nihil
2628 3654 2694 3708 iis
2712 3660 2921 3722 poterat
2937 3652 3178 3724 praebere
3191 3652 3544 3713 ditlicultatis,

1974 3748 2068 3818 qui
2105 3749 2240 3800 viam
2281 3747 2474 3800 salutis
2518 3744 2912 3799 ambulassem.
2965 3743 3187 3797 Dixerat
3236 3745 3380 3798 enim
3421 3759 3548 3812 pro-

1978 3841 2136 3909 pheta
2196 3839 2358 3894 etiam
2419 3847 2578 3891 antea
2631 3853 2645 3890 :
2697 3853 2714 3886 ι
2751 3837 2812 3888 Ει
2863 3836 3045 3890 omnis
3077 3834 3240 3888 vallis
3295 3835 3548 3904 implebi-

1977 3945 2064 3985 tur
2094 3932 2160 3994 “,
2198 3951 2215 3982 ι
2255 3932 2467 3999 aliaque
2519 3943 2640 3999 quae
2671 3937 2996 3998 sequuntur.
3050 3925 3294 3996 Itemque
3335 3945 3349 3980 :
3395 3943 3414 3978 ι
3446 3925 3548 3980 Via

1978 4023 2266 4088 impiorum
2318 4030 2465 4075 recta
2500 4018 2643 4073 facta
2692 4025 2778 4074 est
2807 4017 2874 4073 δ’.
2914 4035 2932 4069 ι
2991 4016 3282 4080 Nimirum,
3335 4024 3394 4069 ut
3427 4031 3550 4086 quae

1975 4114 2194 4182 ohliqua
2226 4118 2278 4165 et
2320 4109 2602 4164 salebrosa
2661 4108 2881 4163 fuerant
2907 4109 2961 4162 in
3002 4107 3274 4170 moribus,
3315 4114 3463 4161 recta
3496 4117 3550 4161 et

1979 4207 2134 4274 plana
2224 4202 2340 4257 fore
2429 4201 2789 4272 signiﬁcaret.
2873 4198 3108 4255 Vocatos
3193 4198 3391 4254 deinde
3479 4199 3550 4254 ab

1975 4294 2121 4346 οηιιιί
2193 4300 2352 4346 terra:
2420 4291 2733 4345 habitabilis
2785 4297 2956 4359 parte,
3035 4287 3197 4357 cujus
3261 4289 3546 4358 plagarum

1976 4393 2211 4454 quatuor
2255 4383 2518 4448 meminit,
2571 4391 2817 4437 venturos
2855 4397 2967 4434 esse
2998 4379 3360 4434 demonstrat.
3392 4376 3546 4441 Quod

1975 4477 2119 4528 enim
2175 4479 2239 4528 de
2275 4478 2426 4544 longe
2475 4472 2632 4535 dixit,
2689 4473 2959 4528 australes
2998 4470 3245 4525 meridiei
3295 4469 3549 4538 regiones

1977 4566 2138 4620 nobis
2170 4566 2477 4636 incognitas
2498 4562 2864 4634 signiﬁcavit:
2896 4571 2955 4616 ut
2983 4576 3078 4632 per
3102 4577 3246 4613 mare
3266 4559 3548 4624 occiduas;

1977 4657 2119 4725 quod
2164 4655 2346 4710 Judaea
2386 4657 2555 4727 magis
2579 4657 2646 4710 ad
2674 4669 2934 4711 occasum
2967 4655 3174 4725 vergit:
3215 4671 3309 4724 per
3355 4665 3551 4708 terram

309 4734 478 4800 αύτῷ.
508 4734 679 4787 Τοῦτο
709 4737 819 4806 γάρ
851 4737 1066 4807 δηλοῦν,
1100 4741 1192 4792 καὶ
1213 4740 1294 4804 τὸ,
1338 4758 1356 4790 ι
1395 4741 1688 4812 Δοθήσεται
1734 4743 1865 4813 nimi

1979 4756 2158 4800 autem
2182 4746 2470 4800 Persarum
2503 4747 2782 4802 Orientem
2841 4748 3042 4818 ipsum.
3076 4746 3332 4804 Forsitan
3386 4749 3550 4802 etiam

308 4827 371 4877 ἐκ
399 4825 493 4878 τοῦ
525 4829 751 4895 χρυσίου
798 4829 899 4898 τῆς
941 4821 1234 4900 Ἆραϐίας.
1279 4851 1298 4883 ι
1334 4830 1447 4884 Νῦν
1483 4833 1592 4903 γάρ
1628 4834 1865 4904 Ἀραϐίαε

1980 4844 2035 4889 et
2054 4837 2262 4904 Magos,
2295 4837 2467 4903 aiunt,
2501 4853 2528 4889 α
2557 4841 2754 4907 quibus
2791 4848 2876 4893 est
2921 4840 3037 4908 ipse
3069 4839 3351 4893 adoratus.
3396 4837 3550 4892 istud

305 4915 403 4984 τὴν
433 4917 679 4983 Περσῶν
701 4919 884 4989 χώραν
915 4920 1295 4990 σημαίνεσθαι.
1339 4918 1472 4976 Εἶτα
1507 4924 1644 4994 πρὸς
1691 4925 1865 4997 ἑορτὴε

1979 4930 2126 4982 enim
2174 4932 2252 4982 vel
2304 4931 2522 4984 Davidis
2578 4931 2738 4986 verba
2788 4950 2803 4985 :
2851 4951 2868 4981 ι
2907 4931 3135 4985 Dabitur
3181 4931 3228 4983 ei
3288 4929 3354 4982 de
3415 4940 3553 4980 auro

305 5005 406 5074 τὴν
436 5007 615 5060 κτίσιν
641 5011 734 5061 ἐπὶ
762 5012 874 5074 τοῖς
902 5011 1266 5080 σεσωσμένοις
1314 5013 1472 5068 καλεί
1491 5031 1504 5044 ο
1546 5013 1615 5066 δι’
1649 5015 1865 5086 ούρανοί

1977 5021 2192 5075 Arabia
2221 5020 2285 5082 “.
2327 5041 2343 5070 ν
2390 5021 2804 5086 conﬁrmarint;
2838 5039 2960 5076 cum
2987 5037 3080 5091 per
3105 5020 3356 5074 Arabiam
3392 5016 3553 5070 hodie

309 5099 428 5168 μὲν,
466 5101 566 5163 τάς
611 5101 730 5154 ἐκεῖ
766 5102 1044 5173 δυνάμεις,
1093 5103 1147 5156 αἳ
1196 5107 1290 5158 καὶ
1345 5107 1432 5174 ἐφ’
1462 5107 1545 5162 ἐνὶ
1597 5107 1865 5179 χαίρουσιτ

1983 5110 2267 5164 Persarum
2317 5116 2592 5181 regionem
2663 5113 2962 5181 signiﬁcari
3016 5111 3203 5164 velint.
3255 5108 3553 5161 Creaturas

306 5191 616 5263 ἁμαρτωλῷ
665 5196 1035 5263 μετανοοῦντι.
1085 5197 1185 5250 Διά
1223 5195 1336 5266 γῆς
1365 5197 1441 5263 δὲ,
1477 5199 1602 5262 τοὺς
1663 5201 1865 5274 suam.

1984 5218 2182 5258 rursus
2230 5203 2295 5256 ad
2348 5206 2492 5257 diem
2561 5202 2778 5267 festum,
2827 5214 3046 5272 propter
3102 5201 3264 5269 560
3311 5198 3551 5251 salvatos

307 5284 365 5334 ὲν
393 5285 529 5354 αύτῇ
563 5288 656 5340 καὶ
689 5288 1052 5352 προσεδόκων,
1089 5290 1307 5356 καὶτῆς
1336 5290 1662 5358 θεοφανείας
1688 5293 1865 5362 ἠξίωνι

1983 5292 2206 5346 invitat:
2250 5290 2402 5347 Caelo
2426 5295 2668 5362 quidem,
2702 5294 2961 5362 degentes
2993 5292 3043 5344 in
3085 5307 3150 5344 eo
3183 5293 3411 5341 virtutes
3443 5304 3552 5341 uno

304 5380 412 5418 ται.
441 5366 597 5420 Οὕτω
622 5369 715 5420 καὶ
745 5370 966 5439 Συμεὼν
993 5373 1462 5443 εὐφραινόμενος
1489 5377 1695 5446 ἔλεγεν·
1728 5379 1865 5432 «Nini

1982 5384 2338 5454 resipiscente
2390 5397 2678 5454 peccatore
2725 5386 2892 5436 lauari
2951 5385 3141 5436 solitas
3183 5383 3431 5436 indicans
3466 5379 3550 5444 ³⁷,

376 5476 586 5563 “nPsal.
623 5481 936 5563 cxvtt,_g4.
979 5483 1086 5563 __‘_'
1113 5485 1215 5539 lsa.
1240 5503 1428 5546 χχχιιι.
1477 5491 1560 5545 16.
1666 5493 1709 5525 ⁸³
1744 5495 1757 5547 Ι
1795 5494 1865 5547 Cu

1971 5515 2013 5560 κ,
2061 5498 2143 5552 15.
2253 5500 2296 5530 ⁵³
2328 5500 2429 5554 Ιςιι.
2467 5517 2555 5563 xL,
2619 5505 2672 5554 4.
2771 5502 2818 5532 ⁸⁵
2855 5498 2956 5553 lsa.
2992 5514 3151 5563 xxxv,
3183 5497 3215 5551 8
3241 5511 3350 5552 sec.
3383 5492 3548 5550 LXX.

381 5500 586 5531 "rsal.
623 5500 803 5543 cxvu,
848 5500 936 5536 τε.
1042 5500 1428 5546 "Isa.xxxm.
1477 5500 1560 5545 Ib'.
1666 5500 1709 5525 “
1744 5500 1757 5547 Ι
1795 5500 1865 5547 Cu

307 5543 352 5574 “
403 5544 546 5602 Psal.
604 5563 750 5614 cui,
815 5552 901 5605 15.
977 5554 1020 5585 ⁸⁷
1063 5555 1196 5611 Luc.
1251 5573 1338 5620 xv,
1400 5560 1453 5613 9.

1971 5515 2013 5560 κ,
2061 5500 2143 5552 15.
2253 5500 2296 5530 ⁵³
2328 5500 2429 5554 Isa.
2467 5517 2555 5563 XL,
2619 5505 2672 5554 4.

1589 5657 1818 5713 VARUS
1859 5659 2257 5714 l..l‘lt2'l‘l0.\'l-ZS.

373 5741 398 5769 ⁸
472 5749 561 5799 γρ.
592 5728 678 5804 ἦν.

666 5830 933 5888 Parrum.
971 5833 1082 5890 (in.
1132 5831 1379 5889 LXX.“
1407 5832 1486 5893 ll.
3118 5849 3194 5908 78
