3976 6220
405 293 545 357 94Ἱ5
590 308 594 317 '

1745 290 2102 353 PROCOPII
2141 293 2387 354 GAZAZI

3526 297 3671 364 2476

406 405 575 460 Terra
628 408 833 466 autem,
866 397 1120 456 eumdem
1184 399 1259 455 ibi
1294 407 1677 470 exspectantes
1710 439 1725 463 ,
1783 399 1976 470 ῡοίιμι(

2090 403 2350 468 ἀπολύεις
2400 404 2492 459 τὸν
2544 404 2729 459 δοῦλόν
2792 423 2911 471 σου,
2948 405 3210 472 Δέσποτα,
3239 425 3260 461 ι
3295 408 3389 462 καὶ
3417 408 3487 464 τά
3516 409 3668 481 ἑξῆς.
3712 454 3716 458 .

407 497 644 553 adventu
709 510 815 549 non
846 492 1125 563 indignos.
1166 489 1269 557 Sic,
1304 503 1358 547 et
1414 490 1639 546 Simcon
1674 492 1766 547 ille
1797 493 1990 547 lwtitia

394 589 661 659 gestiens:
703 605 721 638 ι
758 585 914 640 Nunc
974 582 1226 648 dimittis,
1256 580 1504 649 Domine,
1536 583 1738 649 aiebat,
1768 599 1987 638 servum

399 691 557 738 tuum
590 681 642 734 iu
670 692 809 748 pace
837 675 918 743 “‘;
953 694 972 729 ι
1022 684 1075 731 ct
1106 690 1226 745 qua:
1252 675 1542 746 deinceps.
1574 676 1642 728 At
1697 676 1984 743 propheta,

401 777 575 839 aiunt,
593 777 925 843 pra-gustata
956 767 1154 822 futurae
1184 766 1433 822 omnium
1463 766 1664 823 salutis
1684 768 1984 838 voluptate,

303 865 306 869 ’
402 875 602 925 cuncta
633 878 843 926 secum,
873 862 986 917 sive
1017 870 1223 927 mente,
1257 860 1375 915 sive
1396 874 1563 915 sensu
1589 861 1982 930 percipiantur,

394 961 468 1021 ad
502 958 749 1014 laetitiam
783 955 1128 1009 adhortatur.
1165 952 1220 1006 Si
1251 952 1398 1007 enim
1429 952 1628 1017 damna
1660 962 1850 1007 nostra
1885 953 1987 1007 lu-

398 1067 526 1120 gere
574 1064 659 1104 res
708 1055 922 1102 creatas
976 1052 1227 1108 constat;
1290 1053 1376 1099 cst
1429 1051 1485 1098 et
1547 1042 1726 1100 salute
1792 1050 1984 1098 nostra

396 1145 575 1209 uetari
623 1148 1079 1198 consentaneum.
1142 1136 1408 1208 lntelligit
1470 1146 1653 1192 autem
1725 1137 1984 1190 montium

398 1238 567 1294 verbo
617 1234 702 1291 vel
755 1238 974 1289 evectas
1007 1244 1229 1286 sursum
1276 1231 1520 1284 Virtutes
1550 1228 1782 1283 rationis
1814 1229 1986 1299 parti-

399 1333 585 1402 cipes;
617 1327 701 1383 vel
735 1327 886 1402 ipsos
916 1322 1338 1393 Evangeliorum
1378 1337 1688 1392 praecones;
1724 1322 1820 1392 qui
1857 1337 1984 1376 cum

397 1422 679 1480 Christum
709 1418 1132 1479 annuntiaruut,
1153 1426 1465 1489 terramque
1496 1414 1768 1485 spirituali
1798 1414 1985 1469 laetitia

288 1502 289 1505 η
397 1518 831 1589 compleverunt.
869 1512 989 1580 Quo
1023 1520 1229 1577 autem,
1259 1510 1558 1578 Erumpunt
1598 1519 1799 1565 montes
1852 1510 1986 1565 (teti-

398 1611 529 1664 tiam
555 1608 716 1673 dixit,
747 1605 1135 1662 Emhilarentur
1180 1613 1385 1656 montes
1438 1600 1782 1655 in'omnibus
1828 1600 1986 1672 Sym-

397 1701 669 1768 machus;
704 1699 937 1770 Aquilas
974 1707 1180 1760 autem,
1212 1694 1495 1759 Resonute,
1520 1703 1744 1758 montes,
1770 1691 1982 1747 laudem

397 1765 822 1850 transtulerunt.
854 1790 1033 1845 iDicas
1081 1795 1137 1842 et
1174 1797 1376 1842 utentes
1404 1787 1758 1855 peculiariter
1808 1786 1983 1857 magis
2012 1765 2058 1821 Β

398 1885 614 1939 animas
655 1898 771 1947 eas,
811 1898 936 1953 qua:
967 1896 1146 1935 rerum
1173 1880 1436 1950 praeclare
1465 1886 1767 1948 gestarum,
1801 1877 1977 1931 virtu-

398 1980 581 2047 tisque
626 1977 799 2048 gloria
829 2016 844 2039 ,
891 1975 1021 2029 dum
1052 1974 1109 2027 in
1156 1972 1318 2026 terris
1350 1980 1661 2036 versantur,
1716 1970 1772 2024 in
1805 1970 1978 2026 altum

396 2071 702 2138 eriguntur.
739 2065 987 2122 Humiles
1012 2072 1220 2132 autem,
1251 2079 1348 2120 eos
1376 2064 1549 2134 ipsos,
1590 2065 1684 2134 qui
1722 2066 1979 2135 superius

395 2160 672 2232 designati
712 2160 798 2215 vel
827 2155 1269 2213 misericordiam
1302 2157 1590 2211 consecuti
1641 2165 1796 2218 sunt;
1839 2172 1981 2228 quos

395 2253 463 2307 de
483 2261 723 2322 quatuor
751 2250 942 2306 mundi
973 2247 1294 2304 cardinibus
1322 2248 1563 2319 Spiritus
1596 2249 1772 2303 sancti
1806 2252 1978 2317 parti.

280 2374 283 2377 π
396 2347 551 2417 cipes
579 2341 1100 2401 allectos—diabolica
1125 2341 1390 2395 servitute
1411 2340 1668 2394 Christus
1699 2342 1975 2407 liberavit;

2090 496 2478 567 Προεστιαθεὶς
2513 498 2592 566 δὲ,
2626 499 2791 569 φασὶν
2818 539 2834 565 ,
2869 501 2898 553 6
2933 502 3217 572 προφήτης
3273 505 3341 572 τῇ
3395 502 3672 575 μελλούσῃ
3787 521 3796 529 ⁸

2090 588 2308 642 πάντων
2336 590 2604 662 σωτηρίᾳ,
2633 594 3187 662 συνευφραίνεσθαι
3214 594 3364 665 αῦτῷ
3384 595 3552 663 νοητὰ
3576 597 3673 648 καὶ

2088 680 2321 752 αἰσθητά
2354 682 2532 736 πάντα
2558 684 2951 754 προτρέπεται.
2968 673 3039 738 Ἐἰ
3062 687 3170 755 γὰρ
3192 684 3400 737 στένειν
3424 687 3457 756 ἡ
3491 686 3674 749 κτίσις

2089 773 2181 825 ἐπὶ
2212 775 2321 837 τοῖς
2373 775 2667 848 ἡμετέροις
2714 775 2932 842 λέγεται
2983 778 3194 839 κακοῖς,
3228 777 3523 831 ἀκόλουθον
3576 779 3675 830 ἐπὶ

2089 864 2418 936 σωζομένοις
2470 868 2918 936 εὐφραίνεσθαι.
2956 869 3101 935 "om
3142 868 3201 921 δὲ
3252 868 3402 937 λέγει
3445 869 3675 936 λογικὰς

2086 959 2345 1028 δυνάμεις
2388 960 2632 1030 ήρμένας
2685 959 2846 1029 ὑψοῦ,
2903 959 2936 1029 ἦ
2982 960 3091 1013 τῶν
3138 954 3488 1029 Εὐαγγελίων
3544 963 3674 1024 τοὺς

2087 1052 2360 1121 κήρυκας.
2388 1052 2625 1122 Χριστὸν
2650 1052 2759 1123 γάρ
2787 1052 3144 1119 ἀγγέλλοντες
3163 1053 3361 1122 νοητῆς
3391 1055 3668 1123 εὐφροσύ-

2087 1160 2185 1213 νης
2218 1144 2491 1214 ἐπλήρουν
2523 1142 2621 1214 τὴν
2654 1147 2779 1213 γῆν.
2816 1144 2967 1197 ’Δντὶ
2995 1144 3052 1197 δὲ
3080 1144 3172 1196 τοῦ
3195 1143 3565 1212 ρηξάτωσαν
3598 1145 3675 1199 τὰ

2087 1234 2194 1303 ὄρη
2245 1235 2671 1304 εὐφροσύνην·
2730 1237 2758 1288 6
2802 1234 3118 1307 Σύμμαχος
3176 1235 3673 1302 Ἰλαρευθήσεται

2088 1325 2195 1395 ὄρη
2215 1325 2315 1379 ἐπὶ
2337 1325 2547 1381 πᾶσιν.
2567 1328 2625 1381 Ὀ
2637 1326 2693 1380 δὲ
2715 1327 2950 1391 Ἀκύλας
2968 1344 2984 1358 ’
3000 1328 3398 1394 κελαδήσατε,
3426 1329 3560 1397 ὄρη,
3580 1330 3674 1382 ατο

2084 1435 2259 1487 νεσιγ
2293 1418 2498 1484 ἔλεξαν.
2532 1421 2722 1483 Unci;
2746 1420 2791 1473 δ’
2813 1420 2879 1473 ἀν
2907 1421 2975 1475 τὰ
2999 1420 3107 1491 ὄρη
3118 1420 3311 1487 δηλοῦν
3336 1422 3673 1490 οἰκειότερον

2084 1512 2262 1582 ψυχὰς
2289 1513 2382 1566 ἐπὶ
2407 1511 2513 1582 γῆς
2545 1512 2646 1582 μὲν
2673 1511 2754 1565 ἔτι
2778 1511 3021 1583 βιούσας,
3055 1513 3261 1584 σφόδρα
3290 1513 3349 1565 δὲ
3377 1513 3511 1584 πρὸς
3535 1513 3672 1582 ὕψος

2083 1602 2325 1673 ήρμένας
2359 1600 2447 1654 διὰ
2467 1603 2568 1670 τῆς
2621 1601 2730 1654 τῶν
2757 1601 2967 1672 ἀρετῶν
3013 1598 3426 1671 κατορθώσεως.
3461 1603 3673 1655 Ταπεί-

2084 1695 2232 1762 γοὺς
2254 1695 2310 1749 δὲ
2329 1694 2664 1766 ἠλεημένους
2716 1695 2850 1765 φησὶ
2888 1695 3016 1758 τοῦς
3056 1692 3573 1764 προδεδηλωμένους
3607 1693 3672 1745 ἐκ

2084 1785 2195 1842 τῶν
2243 1786 2526 1855 τεσσάρων
2570 1784 2890 1855 κλημάτων,
2946 1782 3041 1847 οὒς
3065 1786 3131 1837 ἐκ
3156 1783 3257 1852 τῆς
3299 1782 3614 1851 διαϐολικῆς
3643 1785 3672 1836 6

2082 1877 2319 1948 Χριστὸς
2342 1875 2659 1947 τυραννίδος
2690 1872 3153 1946 ἐρῤύσατοίθείου
3187 1874 3504 1944 Πνεύματος
3534 1890 3670 1942 μετ-

2082 1972 2242 2043 όχους
2268 1970 2756 2040 ἀπεργασάμενος.
2772 1967 3075 2031 Ταπεινοὺς
3097 1967 3223 2039 sm
3243 1967 3317 2031 ὼς
3329 1983 3669 2019 τεταπεινω-

2085 2065 2282 2135 μένους
2302 2062 2669 2135 ἁμαρτήμασι
2693 2061 2980 2133 πρότερον,
3008 2061 3105 2113 xal
3133 2060 3432 2123 νεύσαντας
3454 2061 3535 2122 εἰς
3562 2058 3670 2127 γῆν

2081 2159 2161 2227 τῷ
2192 2158 2520 2229 φρονήματι.
2552 2156 2624 2219 Ἢ
2656 2155 2733 2219 ὡς
2776 2152 3168 2224 ὑποκύψαντας
3193 2152 3273 2223 τῷ
3303 2151 3525 2224 Χριστῷ
3572 2152 3668 2204 τὸν

2087 2251 2312 2322 αὐχένα,
2338 2250 2447 2304 τῶν
2505 2246 2921 2316 ἀνθισταμένων
2967 2245 3118 2316 αύτῷ
3164 2244 3445 2316 ὑψούντων
3496 2243 3667 2313 κέρας

2086 2343 2182 2397 καὶ
2204 2340 2512 2395 λαλούντων
2541 2338 2759 2392 ἀδικίαν
2782 2338 2902 2391 κατ’
2928 2334 3117 2392 αὑτοῦ.

395 2437 480 2493 vel
548 2451 644 2493 eos
688 2435 1024 2504 etiam,qui,
1058 2432 1300 2503 peccatis
1354 2431 1625 2502 depressi,
1654 2442 1813 2487 teme
1903 2435 2318 2498 incubuerunt;
2378 2432 2465 2487 vel
2546 2446 2645 2486 eos
2703 2429 2964 2499 denique,
3038 2428 3134 2499 qui
3187 2426 3389 2482 Christi
3446 2425 3659 2495 iugum,

397 2532 575 2586 eidem
635 2528 1057 2585 adversantibus
1108 2527 1235 2582 aliis
1281 2540 1566 2595 cornuque
1619 2518 2015 2597 exaltantibus,
2056 2538 2113 2585 et
2158 2525 2486 2597 injustitiam
2514 2522 2781 2578 adversus
2798 2536 2923 2577 eum
2952 2520 3326 2591 loquentibus,
3353 2518 3659 2572 subierunt.

469 2623 627 2694 56],
667 2620 836 2677 Vsus.
885 2620 1078 2675 “’26.
1116 2617 1264 2673 Dixit
1308 2626 1489 2672 autem
1543 2617 1677 2674 Sion
1707 2634 1727 2673 :
1778 2620 1981 2676 Dereli-

398 2715 510 2785 quit
541 2728 631 2768 me
648 2711 930 2778 Dominus,
956 2720 1006 2765 et
1037 2710 1298 2765 Dominus
1321 2709 1522 2763 oblitus
1548 2721 1626 2764 est
1659 2712 1784 2764 mei.
1816 2709 1978 2765 Nun-

397 2806 525 2879 quid
557 2805 901 2862 obliviscetur
943 2805 1136 2860 mulier
1165 2804 1269 2873 ﬁlii
1303 2803 1412 2869 sui,
1444 2814 1501 2857 ut
1530 2821 1633 2859 non
1657 2805 1979 2860 misereatur

400 2909 588 2970 partus
632 2898 770 2953 uteri
793 2896 925 2953 sui?
976 2893 1073 2951 Sin
1105 2904 1283 2950 autem
1314 2894 1569 2951 ethorum
1611 2895 1774 2949 oblita
1816 2898 1978 2966 [ueris

398 2990 610 3056 mulier,
648 3004 740 3060 ego
763 2998 937 3043 tamen
967 2987 1044 3040 tui
1072 3001 1177 3041 non
1207 2984 1513 3047 obliviscar,
1531 2984 1669 3037 dixit
1690 2984 1971 3040 Dominus.

401 3081 537 3138 Ecce
584 3095 741 3152 super
774 3094 964 3134 manus
995 3093 1139 3131 nicas
1168 3075 1385 3145 depinzi
1413 3091 1592 3128 muros
1620 3082 1761 3144 tuos,
1792 3089 1899 3132 etc.

469 3259 631 3330 562
664 3258 843 3327 Supra
875 3259 987 3325 jam
1016 3255 1222 3309 dictum
1276 3264 1382 3317 est,
1442 3252 1654 3308 Sionem
1678 3265 1731 3306 et
1755 3252 1977 3307 Jerusa-

398 3353 504 3407 ιιοιιι
551 3350 748 3405 decere
796 3363 899 3402 nos
926 3345 1105 3401 tribus
1153 3344 1331 3400 modis
1383 3346 1710 3416 intelligere,
1762 3347 1872 3407 vel,
1918 3356 1977 3398 ut

400 3458 565 3497 sensu
610 3439 1022 3511 percipiuntur;
1062 3435 1170 3499 vel,
1218 3443 1279 3490 ut
1325 3435 1472 3504 pium
1514 3450 1728 3500 eorum,
1771 3435 1867 3505 qui
1920 3437 1972 3489 in

400 3544 555 3587 terra
579 3539 729 3595 sunt,
761 3532 886 3584 vita
917 3527 1229 3583 institutum
1261 3525 1578 3596 significant
1607 3543 1623 3594 ;
1658 3527 1763 3590 vel,
1788 3534 1841 3580 ut
1872 3542 1972 3581 au-

399 3623 721 3695 gclicani‘in
752 3622 913 3677 caelis
953 3618 1189 3691 degendi
1233 3617 1526 3684 rationem,
1577 3617 1646 3674 de
1680 3634 1788 3688 qua
1817 3618 1973 3673 Pauli

398 3718 491 3769 illa
515 3724 646 3770 sunt
680 3733 692 3768 :
722 3732 741 3765 ι
785 3711 862 3766 Ea
891 3720 1097 3777 autem,
1135 3724 1257 3780 quae
1291 3725 1512 3765 sursum
1537 3720 1622 3765 est
1643 3706 1973 3778 Jerusalem,

396 3805 567 3860 libera
597 3814 682 3860 est
711 3805 801 3858 ⁸⁸⁸.
832 3804 970 3860 rEt':
997 3823 1015 3855 ι
1045 3803 1167 3858 Non
1198 3802 1342 3858 enim
1371 3803 1687 3861 accessistis
1719 3803 1784 3856 ad
1818 3816 1975 3856 mone

399 3908 503 3954 tem
549 3896 680 3953 Sion
725 3897 771 3931 ”
806 3914 822 3965 ;
863 3915 880 3948 ι
921 3878 975 3950 εἷ
1009 3910 1133 3965 qum
1184 3893 1465 3964 deinceps.
1519 3891 1677 3947 Nunc
1707 3892 1872 3963 igitur
1906 3893 1975 3948 de

397 3993 488 4062 pio
524 3990 618 4046 illo
647 3989 892 4046 civitatis
927 3986 1195 4059 regimine
1216 3986 1479 4055 loquitur.
1516 3986 1662 4054 quod
1694 3984 1972 4055 quondam

397 4084 537 4152 apud
564 4082 785 4139 Judu'os
813 4084 1126 4137 institutum
1155 4079 1210 4133 in
1241 4078 1484 4151 gentium
1508 4077 1813 4133 Ecclesium
1841 4092 1974 4132 con-

397 4189 615 4230 versum
645 4181 751 4228 est.
774 4170 847 4227 Dc
879 4169 1078 4225 insulis
1104 4169 1253 4225 enim
1280 4179 1336 4222 et
1359 4168 1613 4237 gentibus
1649 4182 1835 4223 sermo
1856 4165 1973 4221 fue-

328 4332 337 4349 )
402 4274 517 4332 rat;
550 4266 753 4335 quibus
783 4269 1192 4332 consequenter
1224 4260 1445 4330 adjicit,
1478 4276 1541 4314 ne
1573 4275 1648 4326 se,
1677 4268 1974 4329 quantum-

328 4350 340 4393 ⁵
397 4358 481 4412 vis
515 4357 733 4411 sublato
765 4356 852 4424 pio
879 4355 974 4409 illo
1002 4351 1147 4422 apud
1173 4349 1394 4406 Iudaeos
1418 4352 1663 4405 civitatis
1680 4351 1969 4419 regimine,

2156 2621 2368 2685 ιδ’-κςῆ
2407 2612 2555 2671 Eius
2581 2616 2653 2670 δὲ
2685 2613 2871 2671 Σιών-ὀ
2909 2609 3298 2682 Ἑγκατέλιπέ
3321 2626 3399 2679 με
3422 2609 3659 2677 Κύριος,

2082 2712 2179 2767 καὶ
2204 2714 2238 2766 d
2265 2711 2481 2778 Κύριος
2501 2706 2836 2764 ἁπελάθετό
2846 2721 2989 2775 μου.
3009 2702 3105 2769 Μὴ
3123 2700 3478 2769 ἐπιλήσεται
3502 2697 3658 2767 γυνὴ
3699 2710 3711 2721 ⁵

2080 2803 2188 2859 τοῦ
2216 2799 2458 2856 παιδίου
2513 2796 2792 2867 aonie-,3}
2826 2796 2933 2850 τοῦ
2948 2802 3036 2865 μὴ
3068 2791 3320 2861 ἐλεῆσαι
3351 2791 3423 2846 τὰ
3440 2791 3661 2861 ἔκγονα

2080 2894 2194 2963 τῆς
2232 2894 2467 2960 κοιλίας
2513 2889 2832 2958 aanimi?
2856 2885 2927 2942 δὲ
2954 2885 3266 2942 καὶταῦτα
3315 2881 3659 2938 ἐπιλάθοιτο

2079 2987 2257 3056 γυνὴ,
2288 2988 2424 3042 ἀλλ’
2454 2984 2571 3055 ἐγὼ
2589 2986 2700 3038 οὐκ
2729 2980 3099 3051 ἐπιλήσομαί
3119 2994 3260 3045 σου,
3278 2974 3411 3032 εἶπε
3426 2978 3659 3048 Κύριος.

2001 3103 2044 3161 c
2092 3078 2249 3135 Ἰδοὺ
2280 3077 2527 3131 ἐπὶτῶν
2578 3072 2795 3143 χειρῶν
2838 3089 2959 3143 μου
2996 3070 3389 3141 ἐζωγραφησὰ
3436 3084 3554 3122 σου
3588 3067 3662 3121 τὸ

2037 3229 2042 3234 ,
2077 3171 2269 3239 τείχη.
2305 3187 2362 3223 κ.
2399 3185 2450 3223 τ.
2476 3168 2527 3223 λ.

2153 3262 2295 3331 Ἤδη
2318 3259 2670 3332 προείρηταις
2690 3260 2766 3322 ὡς
2786 3258 2929 3313 κατὰ
2953 3256 3189 3326 τρόπους
3210 3256 3359 3325 τρεῖς
3389 3254 3659 3324 προσήκει

2077 3356 2217 3417 νλεῖν
2241 3354 2340 3423 τὴν
2370 3350 2525 3406 Σιὼν
2552 3351 2647 3405 καὶ
2704 3350 2804 3421 τὴν
2846 3348 3153 3421 Ἱερουσαλή
3164 3363 3203 3416 μ
3226 3364 3242 3378 ·
3272 3347 3305 3417 ἢ
3336 3345 3615 3416 αἰσθητῶς
3641 3363 3654 3374 ·

2077 3446 2109 3517 ἢ
2141 3446 2365 3501 κατὰτὸ
2389 3442 2641 3505 θεοσεϐὲς
2663 3443 2772 3498 τῶν
2818 3443 2914 3498 ἐπὶ
2968 3442 3075 3512 γῆς
3113 3441 3283 3495 ὄντων
3321 3438 3655 3510 πολίτευμαο

2076 3537 2276 3610 ήκατά
2320 3537 2420 3610 τὴν
2447 3539 2505 3590 ὲν
2530 3536 2783 3608 οὐρανοῖς
2846 3520 3151 3603 ἀγγελικὴν
3176 3531 3452 3586 πολιτείαν
3471 3574 3489 3599 ,
3530 3532 3656 3601 περὶ

2075 3629 2143 3706 ἦς
2173 3634 2338 3705 φησιν
2363 3636 2392 3688 6
2418 3632 2627 3695 Παῦλος
2651 3647 2664 3662 '
2718 3650 2737 3683 ι
2759 3632 2823 3685 Ἡ
2853 3631 2911 3683 δέ
2956 3629 3070 3685 ἀνω
3104 3626 3462 3700 Ἰερουσαλὴμ
3504 3625 3655 3679 ἕλευ⁴

2077 3728 2210 3796 θέρα
2240 3726 2408 3782 ἐστί.»
2438 3727 2569 3791 Kal,
2594 3724 2702 3779 «οὐ
2725 3724 2836 3794 γὰρ
2862 3721 3302 3794 προσεληλύθατε
3324 3721 3461 3774 Σιὼν
3482 3720 3648 3792 ὄρει.»

2077 3817 2262 3873 καὶτὰ
2316 3816 2465 3889 ἑξῆς.
2515 3815 2631 3869 Νῦν
2674 3812 2769 3869 οῦν
2791 3814 2998 3883 δλόγος
3054 3814 3184 3885 περὶ
3234 3812 3330 3866 τοῦ
3377 3810 3653 3882 θεοφιλοῦς

2078 3908 2494 3980 πολιτεύματος,
2514 3907 2546 3961 δ
2568 3906 2735 3963 πάλαι
2757 3907 2858 3976 μὲν
2885 3907 3014 3975 παρ’
3047 3903 3324 3966 Ἰουδαίοις
3347 3905 3649 3961 συνίστατο.

2075 3996 2402 4071 καθαιρεθέν
2421 3999 2479 4053 δέ
2500 3996 2903 4070 μεταϐέϐληται
2921 3998 3002 4059 εις
3024 3996 3121 4065 τὴν
3141 3994 3202 4060 ἐξ
3222 3994 3393 4047 ἐθνῶν
3419 3991 3650 4063 Ἐκκλη-

2078 4092 2221 4146 σίαν.
2257 4091 2391 4161 Περὶ
2422 4091 2606 4160 νήσων
2638 4086 2750 4159 γὰρ
2782 4087 2880 4143 καὶ
2906 4087 3015 4140 τῶν
3043 4085 3217 4139 ἐθνῶν
3245 4083 3536 4154 διελέγετο,
3569 4077 3647 4145 οἷς

2075 4181 2393 4246 ἀκολούθως,
2444 4182 2640 4253 φησιν⁸
2697 4180 2748 4233 εί
2799 4179 2894 4233 καὶ
2934 4175 3244 4249 καθῄρηται
3294 4176 3357 4229 τὸ
3408 4174 3649 4238 θεοσεϐὲς

2076 4273 2204 4345 παρ’
2230 4273 2509 4336 Ἰουδαίοις
2539 4272 2862 4338 πολίτευμα,
2889 4270 2976 4340 μὴ
2996 4268 3225 4337 λεγέτω,
3262 4266 3647 4337 Ἕτκατέλιπε

2075 4366 2309 4433 Κύριος.
2329 4365 2437 4417 Καὶ
2455 4364 2531 4434 τῷ
2546 4363 2660 4432 τῆς
2691 4363 2919 4433 μητρὸς
2937 4352 3343 4433 παραδείγματι
3356 4361 3416 4413 τὸ
3432 4358 3649 4428 τῆςυιήι

409 4470 421 4497 ι
463 4447 686 4502 Domino
703 4446 997 4513 deretinqui
1014 4451 1429 4513 conquerantur
1448 4484 1463 4510 ,
1482 4442 1770 4512 matrisque
1791 4456 1972 4496 exem-

2084 4428 2188 4525 θηξ-
2213 4428 2475 4510 ἀδύνατον
2499 4428 2851 4520 tegeaeae
2881 4453 2992 4524 γὰρ
3011 4428 3163 4515 δντες
3183 4428 3294 4506 οἷον
3315 4452 3643 4522 γεννήματα,

398 4542 488 4613 plo
517 4557 706 4595 eorum
742 4555 803 4594 se
837 4553 1113 4607 nunquam
1139 4536 1378 4591 obliuisci
1404 4549 1568 4603 posse
1609 4534 1973 4588 demonstrat.

399 4630 494 4686 Dei
536 4633 681 4687 enim
720 4631 886 4686 veluti
921 4629 1169 4700 germina
1214 4626 1465 4695 quxdam
1508 4640 1632 4679 cum
1675 4624 1872 4689 simus,
1926 4624 1972 4680 si

399 4737 553 4779 suam
606 4724 725 4793 ipse
766 4737 798 4775 a
842 4722 1003 4775 nobis
1038 4710 1436 4790 providentiam
1483 4724 1701 4771 revocet
1727 4756 1742 4779 ,
1782 4726 1836 4769 et
1877 4730 1976 4771 nos

402 4813 632 4869 interire
670 4826 959 4868 necessum
984 4819 1087 4865 est.
1115 4808 1285 4862 Suam
1332 4806 1529 4861 deinde
1560 4814 1795 4860 mentem
1819 4820 1977 4876 aper-

2074 4550 2123 4601 si
2150 4547 2423 4602 παύσαιτο
2451 4545 2553 4616 τῆς
2579 4546 2707 4618 περὶ
2739 4544 2896 4618 ήμῶν
2918 4544 3208 4616 προνοίας,
3242 4544 3336 4596 καὶ
3387 4540 3483 4595 τοῦ
3515 4537 3646 4593 εἶναι

2074 4638 2416 4709 παυσόμεθα.
2444 4639 2556 4691 Kal
2580 4637 2680 4708 τὴν
2708 4636 2917 4690 ἔννοιαν
2973 4634 3402 4706 ἐπεξεργάζεται
3438 4634 3606 4701 λέγων
3630 4645 3643 4658 ’

2087 4727 2233 4783 Ἰδοὺ
2259 4728 2361 4782 ἐπὶ
2404 4727 2524 4781 τῶν
2559 4725 2775 4798 χειρῶν
2815 4744 2936 4797 μου
2982 4722 3373 4795 ἐζωγράςντησά
3434 4741 3552 4778 σου
3579 4722 3646 4774 τὰ

2074 4820 2267 4890 τείχη.
2285 4820 2343 4872 '0
2362 4819 2419 4872 δὲ
2449 4818 2744 4889 Σύμμαχος
2764 4818 2885 4872 ἀντὶ
2912 4818 3005 4871 τοῦ
3036 4815 3449 4885 ἐζωγράφησα,
3471 4814 3646 4878 ἐστή-

401 4910 511 4963 tius
539 4903 904 4975 exprimens:
939 4899 1092 4964 Ecce,
1137 4899 1351 4967 adjicit.
1398 4914 1553 4967 super
1598 4915 1788 4951 manus
1832 4915 1974 4954 meas

2084 4911 2209 4977 οιξὰ
2239 4925 2316 4966 σε
2345 4911 2509 4981 φησίν
2533 4928 2547 4943 ο
2577 4914 2605 4965 6
2650 4911 2707 4965 δέ
2734 4910 3002 4974 Ἀκύλας·
3041 4909 3190 4965 Ἰδοὺ
3217 4909 3318 4962 ἐπὶ
3370 4908 3493 4965 τῶν
3514 4923 3643 4976 ταρ-

398 5001 614 5072 depinxi
646 5013 826 5052 muros
854 5004 975 5049 tuos
994 5010 1014 5059 ;
1046 4993 1141 5048 ubi
1180 5008 1277 5062 pro
1307 4991 1540 5059 depinxi,
1570 4990 1779 5059 ﬁrmari
1815 4988 1975 5063 Symo

2084 5005 2202 5060 τῶν
2225 5005 2532 5074 ἠκρίϐωσά
2557 5021 2649 5060 σε.
2697 5004 2756 5058 ’0
2771 5005 2825 5058 δέ
2855 5003 3168 5058 Θεοδοτίων’
3198 5002 3532 5073 Διεχάραξὰ
3554 5018 3642 5056 σε.

398 5095 671 5156 machus;
715 5089 946 5161 Aquilus
983 5101 1134 5152 vero,
1165 5094 1214 5139 te
1247 5084 1302 5137 in
1332 5083 1525 5152 palmis
1593 5092 1840 5137 accurate
1884 5081 1976 5138 de-

2084 5099 2276 5168 Χεῖρες
2304 5098 2413 5169 γὰρ
2430 5098 2506 5161 ὡς
2531 5097 2768 5168 ἀληθῶς,
2798 5095 2941 5150 τοῦτ’
2991 5095 3140 5149 ἔστιν
3172 5096 3448 5167 ἐνέργειαι
3493 5092 3642 5158 Θεοῦ,

397 5180 947 5254 scripsi;'l‘heodotio
985 5178 1219 5247 denique
1247 5173 1542 5244 eﬁ'armavi,
1585 5173 1964 5228 reddiderunt.

2084 5191 2170 5262 τὴν
2218 5190 2474 5261 τοιαύτην
2529 5188 2889 5258 οἰκοδομοῦσι
2937 5187 3110 5253 πόλιν,
3148 5188 3274 5253 τοὺς
3325 5188 3527 5252 τύπους
3554 5188 3647 5259 τῆς

398 5274 606 5330 Revera
632 5275 776 5329 enim
808 5287 1064 5327 manuum
1094 5268 1188 5323 Dei
1225 5269 1467 5330 nomine,
1487 5268 1633 5320 vires
1663 5266 1785 5335 ejus
1814 5267 1973 5323 intel-

2084 5283 2222 5336 κατά
2247 5283 2380 5337 Θεὸν
2403 5279 2676 5344 πολιτείας
2698 5279 3130 5350 ἐγχαράττουσαι
3161 5282 3281 5345 ταῖς
3309 5280 3420 5335 τῶν
3448 5281 3648 5353 ἀνθρώ-

399 5362 679 5431 liguntur;
713 5378 947 5434 quarum
975 5376 1143 5432 opera
1174 5369 1322 5413 tanta
1356 5365 1441 5413 est
1466 5366 1743 5411 exstructa
1770 5356 1967 5413 civitas

2084 5391 2196 5429 πων
2241 5373 2461 5445 ψυχαῖς.
2495 5374 2560 5425 ’U
2576 5370 2640 5442 δὴ
2664 5371 2758 5424 καὶ
2806 5372 2966 5436 αὐτὸς
2996 5374 3159 5443 ὁτῆς
3205 5373 3401 5427 ἑαυτοῦ
3450 5374 3647 5438 πόλεως

397 5454 797 5525 ejusque,qute
835 5451 1136 5508 secundum
1176 5449 1346 5505 Deum
1389 5456 1497 5515 est,
1551 5446 1724 5500 forma
1768 5454 1973 5501 morta-

2084 5468 2357 5539 οἰκοδόμος
2379 5470 2406 5521 ὁ
2433 5465 2524 5519 τοῦ
2551 5463 2689 5519 Θεοῦ
2704 5464 2878 5533 Λόγος
2906 5464 3113 5532 ἐδίδαξε
3128 5466 3303 5536 λέγων
3323 5483 3337 5500 ι
3367 5485 3387 5519 ι
3412 5469 3533 5521 Ἐπὶ
3548 5468 3649 5536 (ἢν

396 5546 531 5602 lium
572 5543 771 5599 animis
812 5544 1081 5614 impressa
1110 5550 1164 5597 et
1204 5540 1501 5610 insculpta.
1536 5537 1689 5605 Quod
1723 5547 1873 5593 certe
1900 5538 1973 5593 ci-

2084 5537 2288 5633 πέτραν
2322 5557 2661 5629 οἰκοδομήσω
2699 5572 2800 5626 μου
2819 5556 2919 5627 τὴν
2950 5558 3297 5630 Ἐκκλησίαν.
3318 5580 3336 5614 ι
3379 5561 3441 5614 ’Π
3469 5561 3523 5613 δὲ
3552 5560 3652 5612 πέ-

400 5748 411 5755 ι
468 5722 515 5791 if
543 5723 677 5780 Luc.
709 5740 772 5793 ιι,
795 5720 888 5776 9.9.
964 5718 1029 5750 ⁸⁸⁸
1059 5719 1235 5773 Galat.
1270 5735 1341 5783 tv,
1367 5719 1458 5773 26.
1510 5718 1553 5749 δ’
1578 5716 1740 5773 llcbr.
1765 5715 1964 5784 “1,18.
