3978 6190
369 306 512 370 ειπ

1451 317 1988 381 COMMENTARII
2025 321 2108 382 IN
2150 322 2441 383 ISAIAM.

3596 192 3623 209 δ

3490 327 3633 390 21ῗὸ

372 439 479 492 τρα
505 418 573 493 ἦν
602 421 764 477 πάλιν
794 424 976 490 αὐτὸς,
1000 427 1085 496 ἐφ’
1113 429 1179 501 ἣν
1211 428 1260 483 oi
1288 430 1495 502 πρῶτοι
1522 430 1765 504 θεμέλιοι
1821 451 1955 487 κατ-

2065 436 2247 499 viratis
2281 451 2395 497 sua:
2422 443 2778 493 constructor
2812 437 2901 494 Dei
2943 437 3117 495 Filius
3146 439 3367 496 edocuit
3400 455 3524 497 cum
3556 460 3645 499 sn-

373 514 704 591 ε6λήοησαν,
756 517 883 588 περὶ
906 509 981 572 ὧν
1033 521 1286 591 εἴρηταιο
1350 541 1369 575 ι
1406 519 1961 595 Ἐποικοδομηθέντες

372 607 464 658 ἐπὶ
487 606 565 677 τῷ
598 606 832 677 θεμελίῳ
857 608 965 663 τῶν
997 611 1311 666 ἀποστόλων
1336 614 1430 667 καὶ
1461 615 1783 685 προφητῶν,
1811 615 1966 678 ὄντος

372 699 771 767 ἀκρογωνιαίου
803 701 1043 772 Χριστοῦ
1082 703 1283 773 Ἰησοῦ.
1312 724 1331 757 ι
1371 706 1491 761 Ὅτι
1522 707 1578 760 δὲ
1608 708 1666 759 αἱ
1698 706 1792 760 τοῦ
1826 707 1962 761 Θεοῦ

375 795 643 863 ἐνέργειαι
671 795 868 862 χεῖρες
922 796 1173 868 εἴρηνται
1205 802 1269 872 τῇ
1298 801 1512 872 Γραφῇ,
1565 801 1717 873 δηλοῖ
1747 802 1830 866 τὸ,
1863 822 1881 854 ι
1901 802 1966 855 Δί

374 885 554 955 χεῖρές
593 903 686 938 σου
716 887 981 956 ἐποίησάν
1014 906 1104 959 με,
1138 891 1230 945 καὶ
1281 890 1527 946 ἔπλασαν
1565 911 1653 965 με.
1690 912 1709 945 ›
1750 914 1768 947 ι
1800 894 1965 950 t"Oct

336 1050 339 1051 ν
375 976 538 1029 αὐτοῦ
570 980 773 1050 ἐστινὴ
804 978 1071 1044 θάλασσα,
1119 984 1212 1036 καὶ
1240 983 1340 1053 τὴν
1365 985 1540 1056 ξηρὰν
1562 988 1622 1039 αί
1652 990 1835 1058 χεῖρες
1867 990 1966 1041 αὺ-

373 1065 467 1119 τοῦ
519 1066 784 1125 ἔπλασαν.
816 1089 834 1121 ι
865 1072 977 1125 Καὶ
1027 1073 1226 1128 πάλιν
1257 1094 1275 1127 ι
1302 1077 1415 1129 Καὶ
1452 1077 1589 1150 ἔργα
1626 1079 1737 1133 τῶν
1764 1080 1964 1151 χειρῶν

381 1157 468 1210 rod
499 1160 640 1211 είσιν
671 1161 719 1212 oi
748 1161 992 1232 οὐρανοί.
1020 1182 1038 1215 ι
1068 1164 1227 1227 Τινὲς
1247 1166 1304 1219 δὲ
1332 1166 1420 1221 διὰ
1449 1167 1548 1239 τὴν
1565 1169 1659 1223 ἐπὶ
1683 1169 1778 1222 τοῦ
1806 1187 1965 1223 σταυ-

376 1250 469 1320 ροῦ
499 1250 784 1321 διὰτρησιν
806 1252 915 1304 τῶν
932 1254 1133 1325 χειρῶν
1161 1256 1432 1326 λέγουσιν.
1467 1257 1638 1330 Ὑπὲρ
1672 1260 1830 1331 ἡμῶν
1856 1262 1966 1333 γὰρ

376 1338 586 1401 παῖῖὼν,
622 1340 738 1405 πῶς
758 1340 826 1394 ἂν
848 1343 1006 1412 ἡμῶν
1030 1345 1375 1416 ἐπιλάθοιτο;
1415 1350 1489 1403 Τὸ
1510 1350 1622 1421 γὰρ
1650 1351 1770 1404 ὅλον
1795 1352 1967 1416 πάθος

375 1432 437 1483 ἐκ
472 1431 667 1502 μέρους
696 1432 1028 1498 ἐδήλωσεν.
1052 1438 1242 1503 Εἴποις
1262 1440 1306 1493 δ’
1340 1440 1406 1494 ἂν
1438 1445 1531 1497 καὶ
1568 1444 1767 1507 ἄλλως.
1799 1446 1968 1498 Φασὶν

374 1525 449 1587 ὡς
479 1526 535 1575 ἐν
561 1527 684 1589 ταῖς
731 1526 822 1579 τοῦ
855 1528 1099 1598 Πατέρος
1139 1532 1356 1599 χερσίν
1387 1535 1592 1599 πάντες
1630 1536 1773 1588 είσὶν
1802 1537 1852 1589 οί
1877 1554 1968 1589 πιο

378 1616 719 1681 στεύσαντες.
761 1619 958 1685 Ἔλεγε
1012 1622 1122 1693 γὰρ
1156 1625 1184 1676 ὁ
1210 1625 1446 1695 Χριστὸς
1498 1628 1629 1699 περὶ
1678 1627 1789 1681 τῶν
1824 1628 1969 1680 ἰδίων

377 1709 684 1779 προϐάτων,
709 1709 827 1773 ὡς(
851 1712 1041 1776 Οὐδεὶς
1074 1714 1316 1785 ἁρπάσει
1341 1718 1483 1770 αὐτὰ
1512 1721 1576 1773 ἐκ
1604 1718 1722 1772 τῶν
1754 1720 1970 1788 χειρῶν

373 1800 464 1851 τοῦ
505 1800 743 1871 Πατέρος
777 1819 877 1871 μου
901 1844 915 1865 ,
947 1822 965 1855 ι
1005 1804 1103 1876 τὴν
1135 1808 1344 1861 ἐκεῖθεν
1374 1810 1584 1881 σκέπην
1603 1810 1799 1881 δηλῶν.

2071 543 2166 598 per
2195 539 2399 597 petram
2442 543 2598 583 suam
2645 545 2703 584 se
2730 530 3127 586 :edilicaturum
3161 531 3463 588 Ecclesium
3497 535 3639 589 afﬁr-

2069 622 2237 676 mavit
2267 619 2359 673 ω’.
2395 618 2524 673 Erat
2544 635 2760 674 rursum
2784 631 2837 675 et
2871 622 3029 694 563
3052 625 3364 695 ipse'pctra,
3394 626 3448 681 in
3477 643 3641 698 quam

2068 713 2243 782 prima
2276 711 2365 765 illa
2407 711 2555 780 jacta
2583 721 2711 767 sunt
2744 712 3119 780 fundamenta,
3162 718 3227 771 de
3272 719 3473 788 quibus
3504 721 3645 775 dici-

2070 810 2201 858 tur:
2241 822 2258 856 ι
2297 803 2575 860 Ᾱῖάἰίὶεηιί
2619 821 2782 876 super
2822 804 3237 863 fundamentum
3270 813 3644 879 apostolorum

2069 906 2121 950 et
2153 897 2567 965 prephetarum,
2601 896 2720 964 ipso
2756 914 2976 959 summo
3008 900 3189 970 lapide
3219 904 3469 974 angulari
3510 903 3641 959 Jcsu

2068 984 2292 1039 Christo
2344 986 2411 1039 ⁵ο.
2460 1004 2478 1037 ι
2524 986 2682 1051 Quod
2736 995 2919 1042 autem
2970 1006 3227 1044 manuum
3288 995 3512 1050 nomine
3553 995 3645 1049 Dei

2068 1075 2324 1129 virtutem
2375 1076 2648 1146 signiticet
2681 1077 2987 1149 Scriptura,
3022 1082 3107 1134 vel
3141 1081 3265 1137 inde
3309 1087 3647 1147 constiterit.

2069 1162 2214 1231 quod
2246 1183 2263 1213 ι
2304 1163 2498 1220 Manus
2566 1174 2673 1219 tua:
2718 1166 2969 1222 iecerunt
3015 1185 3102 1224 ine
3140 1178 3197 1225 et
3239 1171 3650 1240 plasmaverunt

2069 1270 2175 1318 me,
2217 1274 2236 1305 ι
2276 1256 2354 1309 ait
2407 1256 2474 1310 ⁵³.
2526 1255 2591 1309 Et
2636 1273 2649 1309 :
2688 1277 2708 1310 ι
2753 1258 3022 1326 Quoniam
3066 1262 3240 1331 ipsius
3269 1275 3353 1320 est
3379 1280 3548 1332 mare,
3595 1276 3651 1321 et

2070 1347 2278 1400 aridam
2314 1347 2685 1403 fundaverant
2709 1367 2905 1406 manus
2928 1354 3049 1423 ejus
3080 1357 3148 1409 ⁸³.
3179 1374 3197 1405 ι
3231 1357 3470 1413 ltursutn
3497 1377 3510 1413 :
3540 1377 3558 1410 ι
3584 1359 3654 1413 Et

2068 1455 2232 1507 Opera
2277 1455 2539 1496 manuum
2573 1443 2694 1512 ejus
2726 1453 2857 1513 sunt
2881 1446 3106 1501 cmli'”.
3151 1465 3170 1499 ι
3214 1445 3357 1502 Sunt
3396 1463 3527 1503 vero
3555 1451 3652 1519 qui

2071 1531 2260 1587 istliaac
2284 1533 2349 1587 ad
2380 1549 2641 1611 manuum
2677 1535 2886 1592 Christi
2913 1538 3364 1609 perlorationem,
3395 1556 3559 1612 quam
3596 1543 3653 1597 in

2069 1641 2236 1680 cruce
2267 1642 2466 1696 passus
2493 1636 2600 1694 est,
2630 1628 2820 1684 referri
2848 1632 3191 1688 existiment.
3221 1633 3323 1700 Qui
3349 1636 3496 1691 enim
3553 1648 3656 1690 no-

2071 1719 2194 1784 stri,
2210 1734 2441 1789 quorum
2468 1720 2692 1776 nomine
2716 1738 2911 1792 passus
2925 1733 3031 1801 est2
3056 1727 3399 1781 obliviscatur
3415 1731 3441 1784 .’
3460 1725 3651 1783 Totam

2003 1796 2043 1849 Β
2074 1811 2348 1879 siquidem
2384 1812 2696 1881 passionem
2733 1814 2803 1868 ab
2836 1831 2944 1869 una
2972 1796 3218 1884 ejusdem
3261 1827 3416 1888 parte
3444 1816 3657 1887 signiﬁ-

374 1894 520 1951 cm‘il
581 1891 737 1945 Deus
764 1910 891 1947 vero
919 1902 971 1947 et
1003 1898 1182 1952 aliter.
1213 1900 1378 1953 Aiunt
1404 1904 1550 1956 enim
1579 1919 1674 1958 eos
1709 1905 1763 1958 iu
1790 1903 1961 1958 unius
2000 1901 2184 1958 Patris
2215 1904 2459 1958 naualibus
2491 1920 2617 1960 esse
2644 1920 2837 1975 ornncs
2863 1907 2955 1977 qui
2980 1909 3140 1965 [idem
3199 1912 3438 1981 amplexi
3479 1919 3608 1966 sunt
3634 1926 3646 1961 :

374 1981 676 2048 quamlode
695 1983 811 2036 suis
835 1984 1029 2040 ovibus
1055 1987 1282 2058 loquens
1311 1989 1588 2059 Chrisms,
1613 1995 1827 2049 nullum
1868 2008 1962 2049 cas
2007 1992 2074 2048 de
2142 1991 2324 2050 Patris
2359 1994 2445 2051 sui
2489 1995 2738 2053 manibus
2771 2006 3090 2069 erepturum
3130 2041 3145 2067 ,
3210 2009 3272 2056 ut
3340 2010 3653 2073 protectorc

375 2073 599 2128 minime
632 2090 821 2131 carere
844 2078 1089 2147 doceret,
1122 2082 1414 2140 aﬁirmavit
1433 2086 1501 2143 "’.

450 2168 712 2255 Tet'xqos
740 2169 838 2237 τῆς
858 2170 1189 2259 ’ῌΕκκλησίας
1221 2180 1270 2231 οί
1299 2179 1395 2233 τοῦ
1427 2181 1667 2253 Χριστοῦ
1719 2185 1961 2259 μαθηταὶ

375 2258 469 2310 καὶ
515 2259 825 2324 ἀπόστολοι,
857 2255 932 2313 ὧν
964 2264 1025 2317 οὐ
1061 2266 1329 2336 λαμϐάνει
1355 2272 1577 2341 λήθην.
1618 2255 1962 2348 Ἐγέγραπτο

375 2350 482 2420 γὰρ
508 2351 686 2403 αὐτῶν
729 2355 787 2405 ἐν
812 2356 1065 2425 οὐρανοῖς
1084 2360 1150 2412 τὰ
1185 2361 1427 2432 ὀνόματα
1453 2369 1520 2438 τῇ
1548 2367 1716 2439 βίϐλῳ
1744 2368 1961 2433 ζώντων

376 2441 690 2511 ἐγκείμενα.
730 2444 1165 2518 Προηγουμένως
1224 2454 1323 2523 μὲν
1363 2458 1472 2528 γὰρ
1501 2459 1599 2526 τῆς
1632 2458 1962 2534 Ἐκκλησίας

373 2534 568 2601 τεῖχός
595 2538 742 2589 ἐστιν
768 2539 797 2590 ὁ
825 2540 1081 2609 Χριστὸς,
1119 2542 1312 2617 ὥσπερ
1342 2549 1438 2601 καὶ
1477 2550 1626 2620 φῶς·
1658 2555 1717 2607 ἐν
1741 2554 1961 2625 μεθέξει

370 2626 426 2680 δὲ
458 2629 624 2682 αὐτοῦ
654 2632 935 2699 γεγονότες
965 2637 1014 2688 οἱ
1054 2638 1296 2709 μαθηταὶ
1325 2641 1533 2718 τούτων
1580 2646 1841 2718 ἑκάτερον
1872 2649 1965 2703 λέ-

371 2735 577 2791 γονται.
603 2722 757 2786 Τινὲς
776 2724 832 2778 δὲ
856 2727 923 2778 τὰ
941 2728 1188 2796 παρόντα
1212 2714 1509 2802 νοήσαντες
1527 2714 1802 2808 αἰσθητῶς
1823 2780 1839 2805 ,
1879 2740 1969 2805 Ὠς

375 2813 636 2882 παρόντα,
672 2816 826 2882 φασὶ,
860 2817 1010 2886 λέγει
1041 2819 1111 2874 τὰ
1141 2820 1429 2891 μέλλοντα.
1468 2827 1656 2882 Πάντα
1683 2827 1790 2901 γὰρ
1814 2830 1969 2902 αὐτῷ

373 2903 626 2972 πάρεστι,
690 2908 784 2959 καὶ
837 2910 1243 2981 τίροδιαγράφει
1292 2915 1392 2987 τὴν
1449 2918 1782 2988 μέλλουσαν,
1821 2922 1969 2992 μετὰ

371 2994 468 3066 τὴν
488 2996 553 3048 ἐκ
585 2995 904 3065 Βαϐυλῶνος
934 3000 1159 3068 ἅλωσιν,
1191 3003 1314 3059 τῶν⁵
1341 3006 1561 3077 τειχῶν
1585 3012 1960 3082 οἰκοδόμησιν,

383 3087 464 3149 είς
512 3086 581 3157 ἣν
621 3088 895 3160 ἀπήχοης,
933 3093 1086 3163 φησὶ,
1120 3095 1541 3166 παιδευόμενος,
1576 3099 1638 3153 οὐ
1676 3102 1775 3170 τῆς
1820 3102 1961 3172 ἐμῆς

372 3179 624 3249 προνοίας
668 3181 1067 3248 ὲκπεπτωκὼς.
1115 3183 1421 3259 Τοιγαροῦν
1462 3192 1517 3244 οι
1551 3193 1959 3261 καθελοῦντες

371 3266 869 3339 οἰκοδομήσουσι,
917 3276 1026 3329 τῶν
1062 3278 1172 3332 σῶν
1217 3278 1632 3355 ἐξανιστάμενοι
1661 3287 1844 3340 τόπων
1865 3304 1878 3318 ·
1909 3289 1958 3342 εί

370 3360 425 3414 δὲ
453 3364 546 3415 καὶ
581 3364 763 3417 πίστιν
792 3362 957 3436 ἔχεις,
994 3368 1103 3436 ὅρα
1125 3372 1221 3424 καὶ
1249 3375 1377 3436 τοὺς
1408 3375 1489 3437 sl;
1520 3376 1580 3429 σὲ
1632 3379 1953 3449 συναχθή-

370 3454 587 3505 σεσθαι
621 3453 936 3536 μέλλοντας.
974 3460 1137 3529 Ὂψις
1169 3464 1302 3534 γὰρ,
1327 3465 1402 3528 ὡς
1429 3470 1628 3532 εἰπεῖν,
1661 3472 1692 3540 ἡ
1727 3471 1836 3525 τῶν
1862 3490 1955 3525 m-

372 3542 512 3596 στῶν
539 3545 694 3612 ἀκοὴ,
724 3547 868 3602 καθᾶ
897 3553 1045 3622 καὶὴ
1076 3553 1183 3607 τῶν
1216 3558 1537 3626 προφητῶν.
1573 3561 1681 3613 Καὶ
1711 3564 1957 3633 Μιχαίας

369 3636 478 3704 γάρ
505 3654 667 3708 φησιν
694 3653 708 3667 ο
738 3639 903 3693 «Ἰδοὺ
932 3641 1125 3711 θεωρῶ
1149 3645 1239 3697 τὸν
1292 3646 1421 3701 λαὸν
1464 3648 1954 3723 διεσκορπισμένον

369 3727 556 3791 ἐντοῖς
604 3729 817 3800 ὄρεσιν,
866 3732 942 3796 ὡς
983 3735 1236 3805 πρόϐατα
1294 3742 1529 3810 ποιμένα
1577 3744 1652 3814 μὴ
1683 3745 1898 3815 ἔχοντα.
1929 3764 1949 3797 ι

367 3817 535 3889 φησιν
560 3816 651 3874 οῦν
681 3822 754 3886 ὡς
784 3824 926 3889 ἕξεις
954 3827 1080 3890 τοὺς
1112 3829 1426 3900 οἰκήτορας,
1458 3832 1533 3895 ὡς
1555 3834 1792 3904 κόσμον
1832 3838 1956 3892 τινὰ

369 3908 689 3972 νυμφικόν.
716 3909 832 3963 Οὐκ
894 3908 1023 3983 ἄρα,
1065 3917 1219 3985 φασὶ,
1245 3917 1305 3970 τὸ
1339 3920 1693 3990 κοσμεῖσθαι
1715 3926 1955 3996 νύμφας

367 3993 673 4064 ἀπόϐλητον
731 4000 867 4069 προς
915 4004 1132 4072 κίνησιν
1166 4006 1331 4061 πόθου
1364 4010 1687 4082 συνέχοντος
1716 3993 1816 4082 τὴν
1839 3993 1946 4088 ’τῆς

370 4087 631 4156 συζυγίας
660 4091 906 4165 ἑνότητα,
940 4092 1010 4166 ἣν
1032 4096 1297 4153 ἀδύνατον
1352 4101 1575 4174 ἀγάπης
1632 4087 1952 4163 συνεστάναι

369 4181 555 4250 χωρίς.

437 4272 598 4327 Ἀλλὰ
614 4274 712 4347 τὴν
738 4277 979 4349 ἱστορίαν
995 4282 1246 4351 ἀφέντες,
1266 4286 1357 4339 ἐπὶ
1376 4287 1476 4358 τὴν
1498 4288 1724 4362 πρώτην
1751 4292 1952 4365 rem-

367 4379 452 4415 σιν
503 4365 929 4438 ἁναδρὲιμωμεν.
966 4372 1119 4426 Ἐπεὶ
1152 4375 1259 4446 γὰρ
1287 4377 1344 4430 ἐν
1379 4378 1575 4451 βραχεῖ
1621 4384 1853 4455 χρόνῳή
1889 4384 1948 4452 ἐξ

364 4454 534 4507 ἐθνῶν
604 4458 903 4531 Ἐκκλησία
947 4465 1202 4536 συνέστη,
1257 4474 1606 4537 πεπτωκότος
1676 4475 1769 4528 τοῦ
1816 4478 1944 4545 παρ’

361 4636 831 4709 οἱκοδομηθιξσῃ,
864 4645 964 4712 ὑφ’
1007 4642 1085 4699 ὧν
1129 4649 1493 4718 καθῄρεθης.
1539 4652 1627 4716 Ὠς
1670 4652 1779 4727 γὰρ
1812 4657 1947 4711 Ἰου-

358 4728 520 4783 δαίων
574 4731 835 4804 ἄρχοντες
893 4738 993 4808 τῆς
1035 4741 1415 4812 καθαιρέσεως
1463 4747 1631 4818 αὐτῆς
1658 4750 1946 4817 γεγόνασιν

358 4823 543 4890 αίτιοι,
565 4823 836 4894 λέγοντες·
871 4848 890 4882 ι
925 4830 1117 4902 Ἡμεῖς
1148 4837 1369 4907 οἴδαμεν
1393 4838 1475 4891 ὅτι
1505 4841 1697 4893 Μωσεῖ
1714 4841 1946 4914 λελάλη-

356 4931 451 4967 κεν
475 4916 503 4968 ὁ
532 4916 683 4982 Θεὸς,
710 4921 897 4974 τοῦτον
925 4922 983 4976 δὲ
1007 4926 1108 4979 οὑκ
1135 4926 1359 4999 οἴδαμεν
1392 4929 1554 4985 πόθεν
1583 4933 1720 4985 ἐστί’
1750 4955 1768 4986 ι
1801 4934 1945 4989 οὕτω

357 5005 523 5058 πάλιν
554 5008 614 5074 ἐξ
642 5012 813 5082 αὐτῆς
868 5009 1009 5084 ἦσαν
1043 5019 1089 5071 οί
1118 5020 1429 5086 ἀπόστολοι,
1475 5024 1575 5094 τῆς
1622 5026 1946 5097 οἰκοδομῆς

353 5099 454 5168 τῆς
486 5100 613 5165 νέας
646 5102 798 5168 ὄντες
853 5109 1083 5178 ἐργάται
1105 5124 1118 5138 °
1167 5112 1319 5166 αὐτοὶ
1348 5115 1404 5169 δὲ
1436 5117 1487 5169 οί
1508 5118 1607 5188 τὴν
1646 5119 1943 5192 Ἰουδαῖκὴν

355 5188 806 5263 ἐθελοθρησκείαν
860 5200 1259 5272 καθῃρηκότες,
1302 5203 1411 5271 οἷος
1439 5210 1467 5261 ὁ
1495 5209 1702 5273 Παῦλος
1727 5188 1938 5280 λέγων·

359 5297 381 5343 9
408 5281 468 5334 Et
494 5284 601 5355 γὰρ
626 5285 662 5340 ἂ
684 5288 977 5356 κατέλυσα,
1038 5295 1213 5348 ταῦτα
1257 5298 1420 5352 πάλιν
1476 5301 1763 5373 οἰκοδομῶ,
1788 5322 1807 5354 ιι
1834 5306 1935 5374 τὴν

352 5370 479 5424 νέαν
505 5373 658 5428 Σιὼν
683 5378 825 5432 κατὰ
868 5382 964 5452 τὴν
999 5384 1365 5457 εὑαγγελικὴν
1401 5395 1801 5463 συνεστήσαντο
1832 5412 1933 5448 πο-

424 5480 699 5571 Ψρίειιιιι,
726 5492 945 5571 svnjnS.
1020 5495 1069 5571 ff
1097 5494 1307 5571 _ljl_ph_es.
1342 5515 1403 5562 ιι,
1434 5501 1527 5555 20.
1602 5503 1643 5535 ⁸¹
1668 5503 2017 5570 Psal.cxvtn,
2045 5507 2130 5560 73.
2208 5506 2257 5537 "
2286 5505 2431 5560 Psal.
2454 5520 2579 5571 va,
2611 5505 2665 5561 6.

349 5550 438 5605 39.
513 5554 561 5587 ⁸⁵
591 5556 727 5613 Luc.

771 5577 824 5625 κ,
849 5563 939 5618 20.
1018 5565 1063 5597 '°
1094 5564 1160 5619 ΙΙΙ
1198 5565 1329 5639 Reg.
1378 5586 1509 5638 xxn,
1545 5572 1647 5639 i7;
1694 5573 1732 5627 ll
1772 5575 1946 5629 ναι-ιιι.

2066 5592 2143 5639 ιιι,
2193 5576 2279 5631 i6.
2356 5576 2400 5607 ³⁷
2432 5563 2608 5633 Galat.
2644 5594 2701 5643 ιι,
2738 5577 2825 5637 18.

2144 2180 2284 2235 Sunt
2312 2191 2481 2249 porro
2510 2175 2776 2235 Ecclesia:
2804 2180 2966 2246 muri,
2999 2180 3261 2251 discipuli
3295 2192 3350 2239 et
3381 2186 3612 2254 apostoli
3633 2223 3652 2251 ,

2069 2287 2307 2344 quorum
2342 2272 2495 2343 ipse,
2518 2271 2665 2342 quod
2689 2273 2912 2326 nomina
2952 2272 3008 2328 in
3039 2276 3217 2340 cmlis,
3247 2276 3301 2330 in
3348 2277 3649 2333 virentium

2070 2365 2215 2420 libro
2262 2363 2541 2433 descripta
2590 2364 2828 2420 habeant
2865 2366 2956 2433 ⁸⁸,
2999 2367 3237 2423 oblivisci
3289 2384 3397 2422 non
3446 2382 3650 2439 potest.

2067 2456 2349 2527 Praecipue
2387 2465 2572 2512 autem
2620 2455 2878 2513 Ecclesia
2935 2474 3144 2523 murus,
3191 2460 3650 2531 quemadmodum

2066 2553 2119 2599 et
2150 2545 2357 2611 lumen,
2387 2545 2594 2599 dicitur
2620 2542 2918 2611 Christus;
2962 2545 3058 2602 sed
3103 2548 3389 2619 utriusque
3425 2553 3656 2619 partici-

2066 2637 2286 2707 patione
2309 2637 2404 2706 qui
2452 2636 2574 2704 ejus
2615 2633 2768 2691 fuere
2795 2635 3081 2706 discipuli.
3132 2635 3393 2695 Nonnulli
3437 2641 3543 2696 ista
3584 2643 3649 2695 ad

2067 2742 2333 2783 sensuum
2359 2727 2575 2798 objecta
2608 2727 2935 2795 referentes,
2971 2729 3181 2795 futura.
3211 2740 3469 2803 tanquam
3514 2738 3654 2804 pra:-

2068 2816 2266 2883 sentia,
2290 2815 2659 2872 demonstrari
2688 2819 3056 2875 arbitrantur.
3081 2819 3278 2877 Omnia
3300 2824 3448 2879 enim
3478 2823 3649 2882 Deum

2069 2908 2122 2962 in
2157 2917 2411 2979 promptu
2449 2909 2673 2972 habere,
2719 2910 3077 2985 futuramque
3128 2932 3402 2971 murorum
3431 2918 3650 2975 instau-

2071 3002 2339 3055 rationem
2364 3010 2488 3072 post
2513 3001 2862 3074 Babylonica:
2894 3007 3137 3064 civitatis
3161 3012 3646 3081 expugnationem,

2072 3087 2124 3141 iu
2155 3103 2341 3159 quam,
2367 3090 2749 3159 castigationis
2781 3107 2935 3162 ergo.
2971 3107 3170 3166 magna
3202 3096 3327 3165 ejus
3357 3100 3650 3169 providen-
3738 3088 3749 3091 “

2071 3179 2143 3232 tia
2184 3179 2455 3236 deductus
2491 3196 2574 3247 es,
2611 3182 2814 3253 inquit,
2852 3183 3014 3256 longe
3060 3195 3191 3242 ante
3223 3187 3562 3252 describere.
3603 3193 3648 3246 Α

2060 3269 2254 3339 quibus
2290 3269 2476 3342 itaque
2501 3271 2776 3328 destructa
2803 3289 2880 3338 es,
2908 3273 3110 3345 inquit,
3162 3276 3234 3333 ab
3262 3278 3460 3336 iisdem
3480 3283 3648 3337 etiam

2059 3361 2127 3416 de
2157 3361 2269 3417 tuis
2301 3361 2500 3419 ﬁnibus
2523 3364 2765 3434 egressis
2788 3365 3197 3423 instaurabcris.
3222 3368 3379 3435 Quod
3409 3373 3457 3428 sl
3487 3373 3645 3429 ﬁdem

2058 3451 2255 3519 habes.
2290 3454 2410 3509 uide
2445 3455 2611 3510 etiam
2655 3456 2782 3512 illos
2803 3458 2898 3527 qui
2935 3459 3001 3513 ad
3025 3468 3079 3515 te
3104 3461 3302 3517 coituri
3322 3473 3466 3520 sunt.
3493 3465 3646 3522 Visio

2058 3543 2232 3609 enim,
2267 3552 2329 3598 ut
2359 3546 2429 3599 ita
2457 3545 2662 3612 dicam,
2705 3548 2824 3618 ipsa
2857 3557 2942 3615 est
2979 3550 3223 3611 ﬁdelium
3248 3555 3461 3611 auditio
3501 3558 3646 3613 sicut

2058 3642 2114 3688 et
2149 3638 2561 3706 prophetarum.
2592 3638 2728 3694 Nam
2759 3650 2814 3695 et
2841 3639 3108 3699 Michmas
3144 3646 3221 3701 ait
3250 3664 3266 3703 :
3301 3662 3325 3701 ι
3363 3646 3504 3704 Ecce
3547 3652 3643 3719 po-

2059 3728 2245 3795 pulum
2280 3728 2336 3783 in
2363 3730 2647 3787 montibus
2676 3731 3009 3802 dissipatum
3042 3736 3230 3804 video,
3260 3747 3520 3812 tanquam
3548 3744 3642 3814 qui

2061 3826 2292 3888 pastore
2322 3819 2644 3875 destituitur
2684 3822 2751 3877 ⁵⁸.
2785 3841 2804 3874 ι
2832 3822 3047 3881 lncolas
3085 3826 3347 3899 deinceps
3382 3838 3641 3902 tanquam

2060 3911 2293 3967 monilia
2319 3929 2596 3983 sponsam,
2625 3913 2940 3970 habituram
2973 3919 3405 3984 signiﬁcat.Non
3435 3932 3519 3980 est
3546 3927 3644 3997 lgi-

2059 4011 2170 4066 tur,
2199 4005 2377 4069 aiunt,
2407 4019 2632 4074 sponsas
2656 4009 2844 4062 ornari
2871 4009 2939 4063 ad
2968 4011 3175 4065 amoris
3203 4010 3354 4067 illius
3371 4028 3607 4083 provoca
3630 4049 3642 4059 -

2058 4094 2283 4157 tionem,
2326 4096 2420 4165 qui
2463 4095 2706 4167 conjugii
2737 4099 3001 4155 unitatem
3036 4115 3349 4171 conservat,
3375 4120 3498 4174 quae
3517 4108 3640 4164 sine

2056 4187 2352 4242 dilectione
2397 4197 2547 4242 stare
2594 4204 2701 4243 non
2755 4200 2951 4260 potest.
2980 4190 3147 4265 53‘.
3190 4194 3634 4265 improbandum.
3712 4212 3715 4215 '

2127 4275 2326 4330 Vuruin
2348 4318 2362 4341 ,
2383 4279 2587 4334 omissa
2609 4280 2860 4345 historia,
2883 4283 2948 4336 ad
2967 4285 3197 4352 primam
3216 4289 3636 4357 explicationem

2056 4378 2416 4422 revertamur.
2464 4368 2737 4434 Quoniam
2784 4372 2931 4426 enim
2977 4373 3126 4427 brevi
3179 4383 3445 4447 temporc,
3487 4392 3639 4450 post.
3715 4402 3725 4437 λ

1983 4485 2023 4540 η
2053 4472 2216 4528 quam
2255 4461 2341 4529 pia
2371 4458 2687 4514 .lutlacorum
2741 4462 2987 4518 instituta
3012 4466 3293 4521 observari
3330 4471 3634 4536 desierunt,

375 4545 647 4610 Ἰουδαίοις
691 4548 976 4613 θεοσεϐοῦς
1025 4554 1466 4626 πολιτεύματος,
1525 4563 1751 4630 ἐπάγει·
1786 4566 1944 4634 Ταχὺ
1991 4586 1997 4597 ·

2052 4552 2291 4605 excitata
2339 4560 2425 4606 est
2469 4552 2710 4608 Ecclesia
2744 4570 2757 4607 :
2793 4552 2913 4609 Cito
2955 4557 3343 4627 wdiﬁcaberis,
3381 4578 3412 4615 a
3448 4564 3636 4633 quibus

2052 4644 2321 4698 destructa
2362 4645 2569 4713 fueras,
2618 4646 2826 4701 intulit.
2868 4645 2936 4701 Ut
2981 4649 3130 4704 enim
3179 4653 3281 4721 ipsi
3317 4652 3633 4710 Judzcorum

2053 4737 2350 4807 principes,
2404 4738 2488 4793 sui
2534 4738 2638 4793 sibi
2676 4737 2828 4794 fuere
2878 4742 3075 4797 excidii
3118 4756 3393 4811 auctores,
3433 4750 3525 4819 qui
3574 4766 3634 4806 se

2054 4827 2221 4881 Deum
2269 4844 2395 4884 cum
2448 4829 2598 4886 Hose
2637 4831 2973 4887 collocutum
3016 4849 3140 4890 esse
3187 4839 3331 4893 scire
3368 4840 3589 4909 quidem
3618 4882 3632 4903 ,

2050 4919 2331 4975 Christum
2364 4931 2546 4976 autem
2577 4923 2721 4978 unde
2747 4933 2896 4979 esset
2930 4926 3190 4996 ignorare
3220 4929 3519 4993 dixerunt;
3549 4931 3630 4983 sic

2044 5026 2109 5065 ex
2159 5012 2293 5081 ipsis
2353 5028 2576 5067 rursum
2638 5016 2914 5083 apostoli,
2971 5020 3211 5073 recentis
3254 5021 3629 5089 a'diﬁcationis

2044 5100 2272 5170 opiﬁces
2303 5101 2657 5158 exstiterunt.
2707 5106 2823 5159 lmo
2847 5118 2901 5160 et
2931 5107 3057 5176 ipsi,
3095 5108 3274 5162 deleta
3309 5106 3627 5163 Juclaaorum

2042 5192 2430 5261 superstitione
2477 5196 2558 5261 (ut
2610 5194 2678 5249 de
2717 5211 2778 5251 se
2832 5197 2919 5250 his
2952 5197 3136 5252 verbis
3172 5217 3183 5250 :
3224 5216 3243 5247 ι
3293 5201 3347 5252 Si
3379 5215 3499 5269 qua:
3523 5215 3628 5268 (δξο

2041 5285 2312 5346 σιοειιιικὶ,
2342 5284 2539 5339 iterum
2568 5286 2779 5342 adilico
2807 5288 2874 5350 ",
2923 5307 2942 5340 ν
2986 5299 3118 5350 ctc.,
3143 5299 3379 5345 tcslalm
3400 5290 3626 5363 Paulus)

2045 5374 2261 5429 Sionem
2295 5384 2569 5430 recentem
2596 5393 2658 5430 ex
2684 5376 2961 5450 Evangelii
2986 5380 3261 5448 instituto,
3291 5381 3496 5439 Davide
3546 5393 3629 5443 te-

2773 5510 2820 5589 ξ’
2854 5510 2995 5569 Psal.
3031 5513 3212 5580 cr,26.
3287 5516 3334 5551 “
3364 5515 3525 5575 Joan.
3569 5536 3627 5589 π,

1641 5662 1871 5719 ΥΑΒΙᾸΞ
1893 5666 2297 5723 LECTIONES.

449 5733 469 5774 ί
496 5735 579 5794 ἷσ.
608 5742 668 5793 .1.
702 5742 813 5797 καί.
