3976 6220
332 154 472 311 ξῖῖθ
1658 208 2010 270 PROCOPII
2048 209 2291 270 GAZIEI
3421 208 3545 275 2180

329 308 432 385 sie,
467 324 916 384 construxerunt,
942 318 1035 390 qui
1060 317 1337 389 principes
1359 332 1454 374 eos
1483 332 1649 388 super
1684 333 1902 373 omnem

2020 317 2233 374 ιιτείαν.
2257 315 2391 387 Περὶ
2416 308 2491 369 ὧν
2520 330 2653 386 φησι
2690 312 2786 368 καὶ
2809 311 3000 368 Δαϐίδ·
3037 330 3057 364 ι
3080 312 3442 386 Καταστήσας
3459 319 3548 371 αὖ·

286 426 295 432 ‘
327 426 532 491 terram
572 411 743 466 Deum
766 425 888 466 esse
920 410 1354 465 constituturum
1380 410 1710 464 vaticinatus
1736 417 1820 464 est
1840 409 1903 462 ⁸⁸.

2020 408 2135 471 τοὺς
2152 407 2421 479 ἄρχοντας
2451 405 2546 459 ἐπὶ
2572 406 2755 458 πᾶσαν
2786 404 2883 472 τὴν
2908 403 3031 474 γῆν.
3052 421 3073 454 s
3099 403 3310 474 ’Έτεροι
3338 405 3391 459 δὲ
3419 409 3553 478 παρὰ

335 504 532 558 Verum
561 513 762 572 praeter
812 502 969 569 istos,
1004 509 1059 554 et.
1094 501 1187 557 alii
1224 503 1391 558 etiam
1422 505 1783 573 sequentibus
1817 504 1904 557 in-

333 598 608 659 dicantur,
646 594 739 663 qui
777 592 990 649 Sionem
1037 594 1259 666 quidem
1300 602 1607 661 vastarunt,
1652 596 1747 650 sed
1797 610 1908 648 non

336 691 716 743 instaurarunt.
746 704 760 740 :
804 686 871 741 de
905 685 1125 765 quibus,
1157 696 1207 739 et
1231 687 1321 756 qui
1348 696 1395 741 te
1422 686 1791 741 desolaverunt
1820 701 1907 740 ve-

334 783 473 833 m’cnt
509 793 574 833 ea:
609 786 677 839 te.
734 777 959 847 adjecit.
1014 777 1168 844 Quod
1200 779 1364 834 etiam
1405 778 1709 834 secundum
1739 779 1909 834 histo-

336 872 494 933 riam,
542 879 667 940 post
713 868 1005 925 conﬂatam
1032 884 1062 925 c
1095 870 1350 940 gentibus
1388 869 1686 927 Ecclesiam
1720 872 1912 927 obser-

336 968 521 1014 vatum
550 968 664 1024 est;
695 973 821 1013 cum
853 958 1104 1014 sensibili
1124 958 1428 1021 Jerusalem
1466 958 1671 1014 Iudaeis
1720 960 1909 1014 adem-

339 1065 451 1122 pta,
481 1052 569 1122 pia
598 1055 821 1120 quoque
854 1050 1007 1104 urbis
1035 1048 1324 1120 disciplina
1346 1050 1562 1106 sublata
1582 1060 1686 1105 est.
1712 1049 1913 1106 Deinde

338 1156 594 1212 tanquam
620 1155 826 1209 sponsae
845 1138 1081 1209 alicujus
1107 1139 1212 1193 sibi
1244 1138 1539 1193 liberorum
1562 1137 1915 1193 multitudine

338 1233 607 1305 placentis
637 1245 930 1307 personam
969 1230 1203 1294 inducit,
1244 1228 1313 1284 ad
1351 1243 1584 1299 eamque
1622 1229 1696 1284 ait
1729 1247 1743 1283 :
1778 1220 1915 1283 Leva

341 1332 395 1383 in
416 1326 653 1381 circuitu
694 1323 874 1378 oculos
902 1331 1019 1377 tuos
1054 1331 1102 1377 et
1139 1321 1254 1376 vide
1285 1337 1487 1376 omnes.
1529 1321 1618 1385 Et,
1651 1321 1778 1390 quia
1804 1336 1917 1373 om-

341 1420 496 1473 nibus
534 1416 668 1480 illis,
710 1424 967 1485 tanquam
1013 1421 1323 1469 ornamento
1374 1411 1638 1467 vestieris.
1679 1411 1914 1477 Quinam

342 1518 523 1560 autem
538 1505 642 1563 isti
672 1518 848 1558 omnes
885 1508 1093 1566 essent.
1137 1509 1192 1557 et
1228 1502 1393 1562 unde.
1428 1500 1917 1570 superiusindica—

344 1594 455 1660 rit;
493 1609 619 1648 cum
656 1592 901 1662 undique
928 1607 957 1647 ι
982 1600 1221 1662 quatuor
1253 1591 1437 1646 mundi
1459 1584 1635 1663 p‘lagis
1665 1591 1733 1647 de
1759 1590 1919 1662 longe

2010 498 2232 563 τούτους
2252 497 2538 567 δηλοῦνται
2565 495 2653 550 διὰ
2675 494 2786 548 τῶν
2818 494 3047 566 ἐξῆςιεοί
3072 493 3443 565 ἐρημώσαντες
3466 500 3554 567 μὲν

2010 591 2106 663 τὴν
2164 590 2335 656 Σιὼν,
2362 588 2426 642 οὐ
2485 588 2591 659 μὴν
2654 587 2748 640 καὶ
2795 585 3267 656 οἰκοδομήσαντες.
3314 590 3438 659 Περὶ
3489 585 3555 644 ὧν

2011 700 2163 755 φησι,
2198 671 2379 737 καίοι
2399 677 2815 751 ἐρημώσαντες
2840 678 2909 733 ἐκ
2938 679 3055 734 σοῦ
3114 679 3554 743 ἐξελεύσονταισ

2009 778 2038 831 ὃ
2070 777 2164 830 καὶ
2196 775 2319 830 καθ’
2371 774 2611 844 ἱστορίαν
2662 770 2917 834 ἐσώζετο,
2972 770 3113 839 μετὰ
3169 768 3266 841 τὴν
3314 769 3373 833 ἐξ
3410 771 3558 823 ἐθνῶν

2026 867 2352 940 Ἐκκλησίαν
2370 864 2465 918 τοῦ
2495 864 2604 917 τῶν
2636 862 2906 916 Ἰουδαίων
2929 859 3117 923 ἔθνους
3163 860 3558 925 ἐκπεπτωκὸτος

2011 959 2107 1027 τῆς
2132 957 2397 1027 αἰσθητῆς
2432 953 2810 1026 Ἰερουσαλὴμ,
2848 952 2983 1023 πρὸς
3021 949 3099 1022 τῷ
3143 950 3240 1004 καὶ
3267 949 3358 1004 τοῦ
3398 951 3562 1005 θεοσε-

2015 1048 2141 1112 ϐοῦς
2162 1047 2552 1118 πολιτεύματος
2580 1048 2856 1101 ἐκπεσεῖν.
2888 1043 3045 1098 Μετὰ
3070 1041 3243 1097 ταῦτα
3297 1058 3562 1114 προσωπο⁸

2018 1142 2163 1194 ποιεῖ
2216 1139 2467 1210 καθάπερ
2510 1137 2635 1190 τινὰ
2686 1137 2933 1205 νύμφην
2980 1135 3074 1187 ἐπὶ
3132 1131 3328 1203 πλήθει
3380 1133 3564 1187 τέκ’,ων

2015 1230 2275 1300 κομῶσαν
2320 1229 2456 1300 πρὸς
2497 1230 2563 1300 ἦν
2605 1243 2803 1299 φησιν’
2839 1222 3026 1293 Ἀρον
3044 1226 3249 1287 κύκλῳ
3305 1224 3441 1291 τοὺς
3468 1226 3563 1294 όφ-

2015 1321 2283 1391 θαλμούς
2312 1337 2448 1384 σου,
2490 1319 2589 1373 καὶ
2622 1320 2712 1373 ἴδε
2744 1318 2996 1382 πάντας.
3037 1316 3172 1380 Καὶ,
3206 1315 3327 1368 Ὅτι
3357 1315 3566 1385 πάντας

2016 1411 2258 1478 αὐτοὺς,
2298 1411 2378 1477 ὡς
2427 1411 2660 1478 κόσμον
2688 1450 2703 1477 ,
2760 1408 3012 1476 ἐνδύσῃ.
3048 1407 3212 1469 Τίνας
3252 1405 3307 1459 δὲ
3358 1406 3566 1473 πάντας

2018 1503 2112 1556 καὶ
2144 1500 2307 1555 πόθεν
2346 1500 2550 1566 ἐδίδαξε
2581 1498 2879 1572 προειπών
2907 1517 2925 1551 ι
2954 1497 3088 1552 Ἰδοὺ
3128 1492 3275 1552 οὗτοι
3312 1496 3572 1570 πόρρώθεν

2018 1594 2207 1666 ἥξουσι
2232 1594 2363 1662 περὶ
2398 1593 2506 1646 τῶν
2542 1593 2825 1662 τεσσάρων
2876 1591 3157 1661 κλιμάτων
3183 1630 3198 1657 ,
3255 1589 3416 1644 εἰπὼν
3437 1593 3459 1631 ⁸
3489 1579 3573 1656 οὓς

349 1697 607 1743 venturos
646 1686 802 1752 dixit,
836 1699 975 1755 quos
1013 1698 1107 1753 per
1138 1682 1360 1752 Sponsa!
1406 1683 1611 1740 Christi
1644 1699 1918 1738 ornamen-

2024 1686 2118 1741 καὶ
2150 1689 2384 1757 κόσμον
2413 1685 2512 1757 τῆς
2556 1685 2649 1738 τοῦ
2700 1683 2937 1756 Χριστοῦ
2981 1684 3228 1753 νύμφης
3268 1683 3568 1753 Ἐκκλησίας

351 1789 458 1831 tum
496 1774 846 1847 significavit.
882 1773 1205 1827 Animorum
1248 1774 1393 1827 enim
1433 1774 1551 1844 ipsa
1593 1774 1920 1829 ornamentis

350 1866 789 1928 commendatur,
819 1864 1136 1918 eorumdem
1167 1862 1485 1927 virtutibus,
1513 1862 1785 1933 donisque
1809 1864 1921 1933 spi—

353 1957 668 2021 ritualibus,
725 1965 985 2025 tanquam
1042 1953 1303 2025 pretiosis
1356 1954 1654 2025 lapidibus,
1680 1955 1922 2010 circum-

351 2052 574 2105 amicta.
602 2048 740 2104 Hinc
768 2056 850 2102 est
878 2046 1045 2118 igitur
1070 2045 1220 2116 quod
1253 2061 1375 2101 cam
1399 2046 1603 2103 vestitu
1636 2047 1922 2110 deaurato,

352 2151 407 2197 et
438 2140 592 2196 vario
624 2140 706 2196 sic
756 2122 941 2193 ornari
978 2136 1261 2208 Scriptura
1308 2144 1541 2193 testatur
1569 2138 1635 2204 ⁸⁸,
1684 2146 1745 2193 ιιι
1793 2138 1926 2193 illud

350 2248 416 2286 ex
482 2244 544 2284 ea
587 2228 817 2301 quilibet
876 2226 1083 2298 gratias
1143 2234 1370 2281 acturus
1414 2224 1574 2282 facile
1618 2234 1844 2296 usurpet
1879 2246 1895 2278 :

358 2341 379 2375 ι
421 2321 661 2376 Lmtaiur
704 2319 888 2373 anima
906 2332 1026 2373 mea
1063 2318 1117 2372 in
1165 2315 1416 2372 Domino.
1451 2316 1632 2372 Induit
1659 2316 1806 2371 enim
1843 2331 1930 2371 me

350 2413 683 2469 vestimento
721 2408 941 2474 salutis,
992 2415 1049 2465 et
1085 2407 1273 2463 tunica
1309 2406 1535 2462 laetitiae.
1564 2406 1775 2462 Ornatu
1817 2422 1927 2472 me,

353 2515 613 2575 tanquam
644 2516 932 2572 sponsum,
956 2508 1011 2556 et
1040 2514 1201 2567 zona,
1223 2506 1483 2572 tanquam
1510 2510 1795 2567 sponsam,
1821 2498 1933 2554 cir-

355 2594 636 2652 cumdedit
660 2593 730 2649 ⁶⁰.
771 2611 790 2645 ι
819 2590 1079 2647 Nonnulli
1112 2592 1277 2648 verba
1301 2592 1409 2648 ista
1433 2590 1499 2646 ad
1526 2592 1780 2657 salutem,
1813 2605 1933 2663 qua

359 2688 551 2743 ultimo
570 2683 783 2741 tandem
802 2682 1082 2739 lsraelitas
1112 2682 1276 2754 565
1297 2690 1507 2748 manet,
1531 2698 1658 2738 cum
1688 2683 1932 2755 gentium

359 2777 642 2849 plenitudo
678 2776 926 2846 ingressa
959 2773 1127 2830 fuerit
1163 2774 1231 2840 οι,
1265 2773 1615 2831 referendum
1653 2774 1931 2831 arbitran-

359 2879 470 2927 IIII.

431 2963 658 3035 Deinde,
690 2962 758 3017 Et
781 2964 989 3020 deserta
1023 2972 1115 3017 tua
1161 2964 1473 3032 angustiora
1511 2963 1690 3034 faciet,
1729 2963 1929 3035 inquit.

2023 1777 2198 1833 καλεῖ.
2241 1777 2455 1848 Ψυχαῖς
2512 1777 2622 1847 γὰρ
2641 1775 2779 1848 αὐτὴ
2818 1777 3099 1845 κοσμίως
3127 1773 3460 1845 σεμνύνεται,
3485 1777 3569 1837 τὰς

2022 1869 2202 1924 αὐτῶν
2257 1870 2496 1942 ἀρετὰς,
2555 1870 2647 1923 καὶ
2703 1869 2773 1923 τὰ
2838 1865 3193 1938 πνευματικὰ
3234 1866 3430 1921 τούτων
3488 1886 3572 1938 χα-

2025 1964 2265 2033 ρίσματα
2292 2004 2307 2027 ,
2351 1952 2664 2016 ἀντϊλίθων
2709 1960 2911 2031 τιμίων
2961 1959 3340 2032 περικειμένη.
3394 1960 3572 2030 Διόπερ

2024 2054 2193 2125 αὐτὴν
2260 2052 2540 2125 ἱματισμῷ
2608 2052 2930 2123 περιχρύσῳ
3007 2050 3103 2105 καὶ
3190 2051 3571 2120 πεποικιλμένῳ

2025 2146 2401 2218 κεκοσμῆσθαι
2449 2145 2612 2215 φησὶν
2638 2145 2671 2214 ἡ
2696 2143 2890 2214 Γραφὴ
2959 2142 3034 2206 ὡς
3063 2141 3296 2196 ἕκαστον
3322 2141 3380 2207 ἐξ
3422 2143 3572 2213 αὐτῆς

2027 2237 2449 2310 εὐχαριστοῦντα
2505 2236 2686 2305 λέγειν
2731 2250 2745 2266 ·
2788 2234 3271 2304 (Ἀγαλλιὰσθωή
3321 2234 3456 2305 ψυχὴ
3485 2252 3571 2304 μου

2027 2332 2119 2385 ἐπὶ
2161 2331 2241 2403 τῷ
2292 2329 2480 2401 Κυρίῳ
2517 2345 2533 2360 ⁸
2591 2327 2805 2382 ἐνέδυσε
2868 2327 2975 2398 γάρ
3033 2344 3097 2397 με
3156 2327 3366 2397 ἱμάτιον
3418 2344 3574 2396 σωτη-

2032 2423 2147 2495 ρίου
2218 2424 2313 2475 καὶ
2369 2420 2573 2492 χιτῶνα
2619 2419 2960 2489 εὐφροσύνης
2991 2433 3006 2449 ⁸
3064 2418 3140 2482 ὡς
3203 2419 3414 2488 νυμφίῳ
3441 2435 3573 2489 περι-

2030 2512 2193 2584 έθηκέ
2250 2530 2340 2583 μοι
2379 2511 2604 2582 κόσμον,
2645 2510 2740 2563 καὶ
2794 2509 2870 2573 ὡς
2921 2507 3107 2579 νύμφῃ
3162 2507 3446 2579 περιέθηκέ
3499 2525 3574 2579 μοι

2035 2605 2253 2676 μίτραν.
2295 2623 2314 2657 ι
2349 2603 2505 2665 Τινὲς
2537 2602 2593 2656 δὲ
2636 2601 2698 2655 τὸ
2730 2599 2902 2672 παρὸν
2953 2598 3115 2672 ῥητὸν
3154 2598 3349 2670 δηλοῦν
3394 2599 3576 2668 ἔφασαν

2030 2695 2129 2766 τὴν
2155 2696 2241 2749 ἐπ’
2274 2696 2505 2766 ἐσχάτου
2558 2693 2668 2748 τῶν
2713 2691 2772 2758 ἐξ
2818 2691 3031 2762 Ἰσραὴ)
3084 2692 3376 2763 σωτηρίαν,
3417 2690 3487 2744 ὅτ’
3521 2689 3575 2744 ἂν

2031 2786 2092 2839 τὸ
2118 2785 2388 2858 πλήρωμα
2416 2784 2525 2838 τῶν
2549 2781 2718 2838 ἐθνῶν
2737 2782 2974 2853 εἰσέλθῃ.

2107 2960 2239 3022 Εἶτά
2260 2981 2414 3037 φησι,
2463 2967 2574 3020 Καὶ
2607 2964 2680 3020 τὰ
2738 2962 2927 3034 ἔρημά
2973 2976 3090 3018 σου
3132 2961 3573 3033 στενοχωρήσει.

362 3032 456 3108 Est
484 3051 627 3107 enim
670 3053 727 3107 in
766 3053 1225 3109 circumcisorum
1268 3054 1448 3108 locum
1510 3032 1630 3124 ipsa
1682 3032 1918 3124 gentium

2046 3056 2193 3110 ’Δντὶ
2365 3055 2473 3109 τῶν
2506 3056 2571 3109 ἐκ
2606 3032 2942 3127 περιτομῆς,
2974 3052 3036 3107 τὸ
3059 3053 3170 3107 τῶν
3204 3052 3369 3107 ἐθνῶν
3395 3053 3579 3106 ἀντεισ-

355 3143 509 3200 intro
543 3143 786 3199 admissa
831 3143 1166 3198 multitudo:
1201 3158 1302 3214 pro
1350 3144 1574 3214 quibus,
1626 3143 1713 3214 qui
1754 3151 1805 3196 te
1838 3141 1918 3195 ab-

2034 3147 2321 3218 ἐνήνεκται
2353 3144 2576 3217 πλῆθος.
2622 3144 2760 3199 Ἀνθ¹
2789 3137 2863 3198 ὧν
2892 3160 3056 3213 φησιν
3077 3159 3091 3173 ο
3132 3146 3199 3198 υἱ
3248 3142 3579 3197 καταπίνον-

360 3236 662 3299 sorbebaut,
691 3236 842 3304 longe
876 3233 1201 3304 {ugabuntur
1218 3251 1238 3300 ;
1267 3234 1391 3289 falsi
1415 3234 1674 3288 nimirum
1700 3232 1918 3304 prophel

2035 3238 2135 3303 τές
2150 3254 2243 3303 σε,
2257 3235 2793 3311 μακρυνθήσονται
2817 3252 2831 3267 ⁸
2852 3235 3301 3307 ψευδοπροφῆται
3325 3233 3576 3303 δηλονότι,

363 3336 452 3389 ιω,
514 3333 567 3379 et
628 3325 801 3380 duces
865 3320 1073 3394 populi',
1120 3340 1262 3395 quos
1318 3324 1480 3396 pleno
1526 3338 1623 3379 ore
1673 3325 1917 3395 populun

2037 3330 2131 3385 xui
2160 3327 2466 3400 καθηγηταί
2492 3327 2586 3381 τοῦ
2618 3327 2772 3393 λαοῦ,
2800 3327 2927 3396 περὶ
2950 3320 3024 3383 ὧν
3048 3327 3252 3395 ἔλεγεν·
3289 3327 3349 3380 Oi
3376 3324 3582 3379 καταπί-
3658 3367 3663 3371 .

367 3432 529 3473 suum
576 3414 878 3472 absorbere
914 3415 1360 3484 couquerebatur
1409 3415 1695 3471 Dominus.
1737 3414 1918 3469 Locun

2037 3437 2221 3484 νοντες
2245 3419 2338 3473 τὸν
2366 3418 2495 3473 λαόν
2520 3435 2621 3489 μου
2644 3419 2748 3490 ὅλῳ
2765 3419 2843 3490 τῷ
2865 3419 3114 3489 στόματι.
3140 3413 3276 3471 Εἶτα
3299 3417 3417 3481 τοὺς
3441 3416 3583 3480 υἱοὺς

362 3506 567 3563 deinde
596 3505 858 3561 Ecclesia:
904 3506 1250 3576 ampliorem,
1300 3514 1525 3577 propter
1569 3505 1918 3578 frequentian

2036 3514 2137 3582 τῆς
2176 3510 2502 3582 Ἐκκλησίας
2530 3510 2740 3580 εἰσάγει
2765 3513 2940 3566 τόκον
2966 3509 3253 3573 αἰτοῦντας
3283 3509 3367 3562 διὰ
3388 3508 3443 3561 τὸ
3466 3506 3582 3574 πλῆ-

365 3608 420 3655 et
450 3598 685 3669 copiam,
724 3596 1067 3667 postulantes
1114 3598 1278 3667 ﬁlios,
1315 3598 1412 3667 qui
1456 3606 1587 3655 ante
1635 3599 1914 3671 perierant

2039 3602 2130 3667 θος
2157 3601 2512 3673 πλατύτερον,
2542 3602 2739 3666 οἵτινες
2778 3597 2916 3673 ἦσαν
2943 3602 3001 3655 ἐν
3033 3600 3283 3671 ἀπωλείᾳ
3318 3599 3378 3653 τὸ
3416 3598 3585 3667 πρότι-

369 3689 544 3744 facit:
578 3686 834 3756 indeque,
881 3703 1012 3758 quos
1063 3688 1364 3757 perdidisti,
1420 3689 1644 3760 adjecit,
1699 3705 1918 3761 quorun

2044 3709 2154 3764 ρον.
2182 3692 2345 3748 Ὅθεν
2370 3694 2533 3764 φησιν
2564 3693 2670 3758 οὓς
2696 3692 3039 3758 ἀπώλεσας,
3063 3687 3140 3746 ὧν
3168 3691 3229 3745 τὺ
3252 3689 3448 3761 πλῆθος
3473 3689 3585 3741 Ouu-

367 3797 587 3838 rursum
618 3780 984 3852 frequentiam
1027 3782 1318 3850 demirata,
1374 3782 1687 3840 Judaeorum
1733 3785 1918 3841 orbita

2044 3782 2310 3854 μάζουσα,
2360 3783 2458 3853 τὴν
2491 3783 2558 3836 ἐκ
2606 3782 2716 3837 τῶν
2783 3783 3051 3837 Ἰουδαίων
3081 3780 3334 3836 ἀτεκνίαν
3364 3774 3587 3849 ὁμολογεῖ

367 3883 477 3931 tem
517 3873 789 3945 agnoscit,
844 3888 997 3945 seque
1034 3874 1146 3929 sine
1206 3874 1407 3940 libiris,
1457 3885 1507 3929 et
1565 3875 1801 3930 viduam.
1829 3891 1918 3931 ess.

2040 3875 2307 3943 λέγουσα·
2355 3873 2504 3945 Ἐγὼ
2539 3874 2609 3928 δὲ
2634 3875 2886 3943 ἄτεκνος
2920 3876 3017 3930 καί
3068 3875 3244 3944 χήρα.
3291 3875 3352 3927 Ei
3394 3873 3448 3926 δὲ
3481 3869 3588 3938 περὶ

369 3964 680 4023 c0uiitctur.
720 3964 876 4031 Quod
910 3964 957 4021 si
987 3964 1057 4021 de
1104 3966 1361 4035 gentibus
1416 3966 1764 4038 intelligitur,
1827 3974 1910 4023 sta

2041 3967 2149 4022 τῶν
2170 3966 2341 4022 ἐθνῶν
2367 3968 2559 4035 νοοῖτο,
2607 3964 2761 4037 δηλοῖ
2792 3966 2890 4039 τὴν
2941 3966 3218 4038 προτέραν
3269 3964 3443 4019 αὐτῶν
3477 3959 3586 4030 πρὶν

369 4065 508 4120 tum,
545 4058 602 4113 in
634 4072 745 4128 quo
796 4063 1010 4122 essent,
1060 4056 1384 4126 priusquam
1443 4064 1790 4121 vocarentur;
1849 4054 1918 4110 de

2043 4058 2308 4129 κληθῆναι
2342 4058 2699 4114 κατάστασιν.
2745 4059 3044 4129 Σύμφωνον
3099 4058 3156 4110 δὲ
3209 4056 3307 4127 τῷ,
3358 4051 3590 4121 ποίησόν

370 4154 644 4202 monstret
667 4134 897 4201 necesse
938 4155 1042 4201 est.
1089 4143 1186 4200 Est
1218 4159 1350 4200 vero
1380 4144 1494 4209 isti,
1528 4143 1675 4213 quod
1712 4144 1824 4209 bic,
1856 4142 1918 4212 fol

2038 4166 2141 4220 μοι
2157 4148 2348 4204 τόπον
2364 4188 2379 4214 ,
2399 4149 2461 4203 τδ
2493 4168 2513 4202 r
2529 4149 2806 4204 Πλάτυνον
2837 4151 2928 4203 τδν
2948 4149 3112 4202 τόπον
3139 4150 3237 4219 τῆς
3268 4145 3467 4215 σκηνῆς
3490 4159 3587 4194 σου.

370 4238 500 4291 mihi
528 4238 725 4300 locum,
779 4236 1065 4299 habemus,
1103 4236 1252 4291 aliud
1286 4250 1394 4291 non
1429 4237 1816 4306 incongruum,
1849 4236 1918 4292 ub

2045 4240 2155 4294 Καὶ
2184 4239 2305 4313 [τὰς
2330 4239 2531 4312 δέρεις]
2565 4240 2673 4294 τῶν
2706 4240 2945 4295 αὐλαίων
2969 4257 3063 4294 σου
3097 4237 3289 4308 πῆξον.
3318 4237 3406 4307 Μὴ
3428 4234 3589 4305 φεισῇι

373 4330 613 4399 legitur:
649 4346 668 4379 ι
700 4327 884 4383 Dilata
925 4328 1107 4383 locum
1153 4327 1493 4383 tabernaculi
1529 4328 1631 4394 tui,
1663 4328 1918 4399 pellesqut

2048 4330 2127 4385 ἐτι
2159 4331 2241 4394 εἰς
2275 4329 2347 4384 τὰ
2373 4330 2544 4397 δεξιὰ,
2598 4331 2690 4385 καὶ
2720 4331 2802 4394 είς
2832 4331 2902 4384 τὰ
2939 4329 3208 4403 ἀριστερὰ
3241 4327 3544 4381 ἐκπέτασον.
3570 4339 3587 4427 ξ

375 4421 733 4475 tentoriorum
778 4427 998 4475 tuorum
1060 4418 1178 4490 ﬁge.
1226 4417 1306 4474 Ne
1346 4434 1580 4489 parcas;
1639 4419 1821 4475 adhuc
1874 4432 1918 4472 at

2047 4417 2220 4474 Τοῦτο
2243 4420 2299 4474 δὲ
2328 4420 2423 4474 καὶ
2451 4421 2550 4491 τῆς
2580 4420 2731 4491 παρὰ
2764 4422 2956 4476 Μωσεῖ
2994 4421 3200 4491 σκηνῆς
3220 4417 3310 4470 .τὰ
3346 4417 3485 4486 μήκη
3514 4409 3592 4464 καὶ

373 4511 620 4566 dextram
652 4520 707 4566 et
737 4510 926 4565 lazvam
976 4509 1210 4566 eatende
1256 4511 1327 4565 ".
1378 4529 1398 4563 ι
1434 4510 1582 4565 istud
1635 4518 1818 4565 autem
1862 4525 1918 4563 ve

2047 4514 2224 4586 πλάτη
2247 4515 2415 4584 δηλοῖ.
2436 4515 2683 4588 Λεγούσῃ
2699 4512 2778 4580 δὲ,
2798 4516 2893 4581 Τίς
2913 4512 3208 4584 ἐγέννησέ
3217 4528 3318 4584 μοι
3336 4509 3591 4569 τούτουςὶ

376 4601 495 4668 ipsa
517 4600 740 4656 Mosaici
772 4601 1117 4658 tabernaculi
1166 4600 1491 4672 magnitudo
1533 4599 1918 4673 amplitudoqu

2045 4606 2266 4662 λεκτέον
2288 4624 2303 4638 ⁸
2349 4607 2416 4661 Ἦ
2446 4607 2634 4673 πίστις
2667 4608 2701 4679 ἡ
2726 4609 2784 4661 ἐν
2808 4606 3055 4680 Χριστῷ,
3082 4606 3246 4669 αὐτός
3268 4622 3324 4657 τε
3342 4600 3484 4663 Θεός.
3513 4598 3592 4656 ’ος

377 4692 702 4747 iudicarint.
727 4692 931 4749 Verum
966 4694 1248 4750 enimvero
1265 4695 1386 4765 quis
1427 4695 1527 4749 sibi
1560 4695 1690 4749 istos
1713 4694 1918 4766 genueri

2046 4699 2142 4754 καὶ
2191 4697 2572 4773 πυνθανομένη
2620 4699 2819 4770 φησίν·
2874 4696 3029 4754 Ἰδοὺ
3079 4696 3224 4765 αῑρω
3254 4696 3337 4762 είς
3376 4691 3443 4747 τὰ
3469 4691 3591 4751 ἔθνη

374 4786 664 4857 quaerenti,
709 4784 843 4841 lides
874 4786 930 4840 in
959 4783 1202 4853 Christo,
1251 4784 1502 4856 Deusque
1550 4786 1668 4857 ipse
1711 4800 1913 4856 respon

2047 4789 2164 4857 τὴν
2193 4789 2361 4859 χεῖρά
2375 4807 2516 4860 μου,
2548 4791 2643 4843 καὶ
2669 4788 2739 4845 τὰ
2770 4788 2899 4860 ἐξῆς
2917 4804 2931 4819 ·
2970 4778 3148 4860 δηλῶν
3177 4787 3339 4840 πόθεν
3368 4776 3595 4855 ἧξειτῶν

374 4856 613 4937 dandum
644 4885 750 4942 est,
783 4876 873 4946 qui
917 4876 1082 4933 etiam
1120 4876 1418 4949 postulanti
1452 4879 1743 4949 respondet
1770 4894 1786 4933 :
1819 4876 1918 4932 Ecc

2050 4856 2498 4950 vldir'in'itﬁ'xai
2528 4856 2871 4951 θυγατέρων
2888 4856 3205 4949 τδίπλῆθος,
3243 4873 3407 4946 χεῖρα
3435 4866 3592 4926 καλῶν

374 4970 514 5026 elevo
539 4984 699 5038 super
731 4976 910 5041 gentes
937 4984 1155 5023 manum
1181 4980 1374 5035 meum,
1402 4977 1458 5027 et
1494 4983 1618 5040 quae
1647 4969 1908 5041 deinceps

2049 4970 2148 5041 τὴν
2190 4969 2327 5024 ίδίαν
2358 4969 2512 5041 ίσχύν
2542 4986 2602 5023 τε
2638 4968 2734 5022 καὶ
2762 4967 3014 5038 δύναμιν,
3045 4966 3136 5041 τὸν
3165 4964 3418 5037 Χριστὸν,
3439 4960 3492 5023 ὃς
3519 4954 3592 5011 διὰ

380 5060 454 5112 ita
485 5038 760 5128 videlicet,
791 5058 939 5116 unde
969 5060 1019 5116 ei
1046 5059 1283 5129 ﬁliorum
1312 5069 1361 5113 et
1393 5038 1630 5130 ﬁliarum
1657 5038 1913 5115 mutuum

2049 5038 2157 5111 τῶν
2189 5038 2485 5127 θαυμάτων
2534 5058 2727 5128 γέγονε
2771 5059 2881 5121 τοῖς
2915 5038 3124 5111 ἔθνεσιν
3158 5054 3379 5126 ὑψηλὸς,
3412 5049 3496 5105 καὶ
3516 5043 3591 5098 διὰ

379 5158 606 5205 valitura
635 5152 729 5216 sit,
760 5152 1182 5217 demonstrans;
1216 5165 1504 5221 manusque
1533 5149 1798 5206 vocabqu
1840 5149 1918 5204 vir

2051 5149 2149 5218 τῆς
2190 5147 2567 5213 ἀναστάσεως.
2602 5148 2849 5218 Νήσους
2877 5147 3064 5211 δὲτὰς
3113 5147 3253 5200 κατὰ
3291 5143 3449 5216 μέρος
3487 5137 3593 5190 Ἐκ·

385 5247 558 5297 tutetn
588 5255 745 5297 suam
776 5251 831 5299 et
862 5242 1190 5314 potentiam,
1224 5241 1502 5297 Christum
1542 5242 1824 5306 nimirum,
1867 5240 1914 5296 si

2057 5239 2309 5311 κλησίας,
2333 5239 2391 5305 ἐξ
2409 5233 2485 5294 ὧν
2521 5242 2554 5311 ἠ
2600 5239 2695 5311 μία
2718 5240 2811 5294 καὶ
2846 5237 3105 5311 καθολικὴ
3129 5231 3416 5302 πανταχοῦ.
3460 5226 3590 5285 Σύσ·

478 5392 500 5425 ⁸
525 5391 672 5448 Psal.
713 5410 859 5461 mv,
890 5396 978 5449 l7.
1052 5396 1098 5429 "
1129 5396 1259 5453 ibid.
1296 5397 1382 5452 10.
1461 5398 1504 5429 ⁸⁵
1546 5396 1646 5452 lsa.
1685 5411 1797 5459 ut,
1834 5395 1917 5449 l0.
1997 5396 2037 5427 ⁶¹
2070 5394 2230 5451 Rom.
2275 5412 2349 5461 x1,
2386 5397 2479 5454 9.5.

1683 5511 1913 5568 νΑιιιΑς
1942 5510 2343 5567 LECTlONl‘LS.

2557 5399 2598 5429 ⁵²
2625 5397 2728 5451 lsa.
2767 5412 2878 5464 LW,
2902 5398 2956 5452 ἱ.

2614 5558 2635 5587 κ

454 5606 485 5652 ῑ
515 5605 620 5676 ἀφ.
650 5605 711 5658 τὸ
736 5604 925 5658 ιίπών.
