3976 6220
1598 232 1627 245 ι,

393 365 529 430 2481

1491 369 2019 432 COMMENTARII
2062 371 2144 433 IN
2184 373 2335 432 ISAI
2347 372 2468 437 ΑΜι

3566 185 3611 219 ἢ

3497 358 3640 425 ιιεε

391 491 596 546 amtor
626 476 706 538 δέ,
733 475 791 528 τὸ
814 475 944 547 περὶ
971 472 1066 527 τοῦ
1094 475 1324 548 σταυροῦ
1362 477 1455 530 καὶ
1489 478 1589 548 τῆς
1627 479 1971 545 ἀναστάσεως

2090 481 2363 552 gniﬁcans,
2400 481 2494 550 qui
2542 495 2572 533 a
2607 481 2859 549 gentibus
2884 438 3049 550 ipsis,
3088 482 3306 547 propter
3343 471 3643 527 adrnirahi-

393 568 681 638 κήρυγμα.
732 566 878 620 Ἀντὶ
916 566 974 620 δέ
1018 566 1114 621 τοῦ
1170 568 1239 623 ἐν
1287 569 1512 634 κόλπῳ,
1571 570 1642 624 ἐν
1678 571 1971 640 ἀγκάλαις

392 661 665 728 ἐξέδωκαν
684 660 733 714 οι
762 657 962 712 λοιποί.
994 658 1153 722 Τίνες
1191 657 1249 712 δέ
1292 659 1451 714 τοῦτο
1494 661 1841 733 ποιήσουσινς
1876 663 1975 733 δῆ-

392 752 485 808 λον
507 753 585 816 ὡς
610 750 905 805 ἀπόστολοι
926 740 1007 815 τε,
1035 750 1130 805 καὶ
1157 750 1208 804 οἱ
1237 752 1335 822 τῆς
1368 752 1692 825 Ἐκκλησίας
1721 753 1976 808 διδάσκα-

411 852 496 909 “ot,
523 839 614 896 οἷα
642 841 871 913 νηπίους
902 840 1374 913 χειραγωγοῦντες
1411 842 1535 904 τοὺς
1560 843 1883 914 προσιόντας
1906 845 1977 916 τῇ

402 934 598 999 πίστει,
628 926 711 996 οἷς
738 931 892 1000 ἔλεγε
910 931 1003 984 καὶ
1026 930 1241 995 Παῦλος
1263 947 1277 961 ·
1313 950 1331 983 ι
1352 930 1499 985 Γάλα
1521 932 1664 1002 ὑμᾶς
1693 932 1970 988 ἐπότισα.»

394 1026 502 1078 Καὶ
556 1022 751 1078 πάλιν·
795 1040 814 1075 ι
857 1021 1059 1075 Τεκνία
1115 1038 1239 1093 μου,
1273 1021 1367 1085 οὓς
1390 1023 1556 1077 πάλιν
1587 1023 1783 1079 ὠδίνω.
1822 1044 1841 1078 ι
1869 1024 1979 1079 Καὶ

396 1116 592 1170 πάλιν·
633 1134 652 1167 ι
697 1115 785 1179 Ὠς
823 1114 890 1169 ἂν
930 1114 1130 1187 τροφὸς
1160 1113 1340 1185 θάλπη
1389 1113 1459 1173 τά
1491 1114 1692 1185 ἑαυτῆς
1734 1114 1921 1178 τέκνα,
1955 1133 1973 1166 ι

393 1205 564 1267 οὕτως
585 1203 924 1275 ίμειρόμενοι
956 1203 1109 1274 ὑμῶν
1131 1203 1465 1275 εὐδοκοῦμεν
1493 1203 1815 1276 μεταδοῦναι
1846 1204 1976 1276 ὑμῖν

394 1296 456 1349 οὔ
484 1295 648 1367 μόνον
672 1295 733 1348 τὸ
756 1294 1088 1364 Εὐαγγέλιον
1125 1294 1219 1348 τοῦ
1247 1294 1486 1367 Χριστοῦ
1507 1334 1522 1360 ,
1568 1294 1705 1349 ἀλλά
1759 1295 1854 1348 καὶ
1882 1295 1981 1359 τὰς

397 1388 605 1442 ἑαυτῶν
629 1388 806 1458 ψυχάς
832 1405 846 1419 ·
879 1388 968 1442 ὅτε
996 1388 1092 1443 καὶ
1117 1389 1226 1443 τῶν
1249 1389 1585 1461 προσιόντων
1609 1388 1739 1442 ἐϐόα
1761 1389 1822 1443 τὸ
1851 1388 1981 1459 πλῆ-

399 1476 488 1541 θος
510 1496 524 1510 ·
550 1474 556 1479 ’
578 1472 606 1528 Χι
643 1476 808 1531 Δεῦτε
834 1517 849 1542 ,
905 1476 1195 1548 ἀναδῶμεν
1221 1478 1303 1541 είς
1355 1478 1415 1530 τὸ
1439 1477 1575 1549 εὖρος
1613 1476 1709 1530 τοῦ
1737 1477 1944 1547 Κυρίου
1962 1518 1979 1542 ,

400 1567 493 1621 καὶ
522 1568 601 1631 είς
625 1567 714 1621 τὸν
748 1564 895 1621 οἶκον
924 1567 1018 1621 τοῦ
1042 1566 1180 1621 θεοῦ
1231 1566 1449 1634 Ἰακὼϐ,
1482 1586 1502 1620 ι
1538 1569 1634 1621 καὶ
1661 1567 1732 1621 τὰ
1757 1568 1977 1638 ἐφεξῆς.

399 1658 561 1727 Δηλοῖ
594 1657 651 1712 δέ
672 1656 752 1720 τὺ,
797 1657 867 1711 ἐν
913 1657 1189 1724 κόλποις.
1222 1658 1318 1713 καὶ
1345 1655 1442 1711 ἐπ’
1491 1657 1684 1727 ὤμων,
1720 1659 1780 1711 τὸ
1812 1658 1981 1730 χωρὶς

402 1747 645 1819 ἱδρῶτος,
681 1747 774 1802 τοῦ
799 1746 934 1801 Θεοῦ
962 1747 1062 1818 τὴν
1087 1748 1205 1801 ὁδὸν
1232 1744 1679 1811 κατευθύνοντος,
1714 1749 1855 1801 κατά
1883 1749 1944 1800 τὸ
1962 1790 1977 1813 ,

2077 571 2148 627 lia
2171 587 2359 642 opera,
2386 582 2439 627 et
2473 571 2962 632 resurrectionem,
3005 568 3253 625 excelsus
3283 565 3504 622 habitus
3537 575 3641 619 est.

2077 662 2388 718 Insularum
2415 676 2577 734 porro
2593 661 2832 728 nomine,
2854 660 3129 718 Ecclesias
3155 659 3466 732 singulares
3486 658 3645 712 intel-

2078 754 2218 824 ligit,
2267 769 2334 808 ex
2385 753 2591 823 quibus
2654 767 2762 807 una
2816 759 2900 808 est
2959 752 3184 820 ubique,
3240 758 3295 806 et
3354 747 3651 804 catholica.

2080 844 2303 916 Signum
2344 844 2541 900 deinde
2566 843 2681 910 ipsa
2709 841 2875 898 fuerit
2904 842 3089 896 crucis
3128 850 3183 896 et
3222 836 3648 895 resurrectionis

2078 935 2467 1006 promulgatio.
2502 933 2607 990 Sed
2639 934 2727 990 ubi
2780 933 2836 987 in
2864 932 3007 995 sinu,
3065 931 3365 996 habemus,
3402 929 3459 984 in
3503 927 3656 981 ulnis

2079 1027 2170 1081 alii
2216 1027 2643 1082 transtulerunt.
2695 1023 2925 1091 Verum,
2973 1023 3195 1094 quinam
3253 1022 3327 1085 ii,
3379 1021 3470 1089 qui
3517 1020 3646 1075 illttd

2080 1116 2378 1187 praestituri
2418 1118 2585 1173 sunt?
2616 1115 2868 1188 Apostoli
2922 1113 3111 1185 procul
3154 1110 3346 1175 dubio,
3376 1108 3431 1166 et
3464 1109 3650 1164 Eccle-

2082 1208 2177 1265 sia:
2211 1208 2479 1279 magistri,
2541 1207 2633 1277 qui
2691 1207 2759 1261 ad
2812 1204 2973 1261 ﬁdem
3014 1203 3338 1258 accedentes
3373 1198 3650 1272 parvulos,

2082 1308 2338 1370 tanquam
2372 1314 2556 1363 manu,
2587 1297 2888 1353 ductabant
2920 1314 2932 1351 :
2962 1295 3151 1367 quales
3192 1293 3266 1347 illi
3298 1292 3648 1350 exstiterunt,

2081 1393 2147 1448 ad
2183 1407 2320 1461 quos
2348 1401 2402 1446 et
2434 1390 2584 1445 Pauli
2613 1389 2704 1445 illa
2733 1396 2860 1444 sunt
2891 1405 2906 1442 :
2949 1405 2968 1439 ι
3012 1386 3120 1441 Lac
3150 1383 3305 1440 vobis
3332 1390 3520 1451 potum
3552 1381 3649 1435 dc-

2081 1480 2134 1535 di
2169 1481 2232 1535 ⁸³.
2272 1498 2290 1530 ι
2326 1480 2385 1532 Et
2424 1492 2643 1534 rursum
2672 1494 2686 1531 :
2723 1494 2747 1556 ι
2793 1474 2913 1530 Filii
2946 1476 3076 1540 mei,
3107 1489 3248 1542 quos
3277 1486 3496 1528 rursum
3531 1484 3654 1538 par-

2084 1573 2228 1627 turio
2256 1572 2321 1628 “.
2363 1590 2381 1623 ι
2415 1569 2584 1627 Item:
2618 1587 2637 1621 t
2673 1568 2957 1639 Tanquam
2987 1567 3149 1638 566
3174 1566 3219 1622 si
3251 1561 3441 1619 nutrix
3478 1562 3655 1615 foveat

2086 1663 2227 1718 ﬁlios
2265 1678 2396 1719 suos
2433 1679 2446 1716 :
2483 1662 2565 1717 sic
2595 1660 2793 1717 affectu
2834 1661 2888 1715 in
2926 1674 3023 1715 vos
3053 1657 3307 1728 propensi
3338 1652 3655 1708 volebamus

2084 1752 2241 1807 vobis
2305 1750 2524 1807 tradere
2600 1749 2945 1805 non'solum
3007 1747 3356 1817 Erangclium
3413 1740 3653 1807 Christi,

405 1858 423 1891 ι
454 1816 617 1904 ’Ὀδδς
670 1838 910 1892 εὐσεϐῶν
957 1816 1139 1892 εὐθεῖα
1173 1839 1411 1908 ἐγένετο.
1462 1859 1481 1892 ι
1533 1839 1644 1894 Kal
1683 1839 1756 1902 ὡς
1795 1841 1859 1892 ἐκ
1883 1838 1978 1893 τοῦ

2090 1842 2182 1899 sed
2202 1843 2430 1921 ’auimas
2463 1842 2626 1897 etiam
2660 1849 2881 1921 nostras
2932 1840 3015 1906 “;
3050 1852 3160 1908 quo
3206 1846 3448 1905 tempore
3492 1829 3655 1885 nitui-

401 1929 715 1985 Βαπτιστοῦ
771 1931 829 1984 δέ
864 1931 1083 2000 ἐλέγετο
1130 1930 1209 1999 τὸ,
1257 1950 1273 1983 ι
1325 1926 1682 2002 Ἑτοιμάσατε
1735 1931 1832 2003 τὴν
1860 1932 1978 1986 ὁδὸν

384 2020 630 2093 Κυρίου,
664 2040 682 2072 ι
721 2025 815 2075 καὶ
841 2022 908 2076 τὰ
940 2023 1201 2093 ἑπόμενα.

401 2109 495 2166 Dei
529 2110 699 2168 Jaeob
752 2113 832 2176 ",
892 2132 911 2166 ι
951 2122 1255 2181 carteraque
1292 2110 1574 2181 deinceps,
1609 2110 1961 2166 inclamabat.
2006 2111 2292 2184 Signiﬁcat
2342 2127 2472 2168 vero
2523 2111 2780 2184 quodgin
2825 2112 2944 2166 sinu
2980 2122 3025 2166 et
3062 2111 3116 2164 in
3180 2106 3409 2163 humeris

2085 1914 2207 1989 rum
2236 1942 2290 1988 ct
2342 1933 2463 2003 ipsa
2508 1948 2630 2002 quae
2678 1914 2973 1988 accedebat
3004 1927 3340 1983 multitudo:
3387 1943 3405 1976 ι
3442 1921 3655 1983 Venite.

2086 2023 2451 2080 ascendamus
2504 2023 2572 2077 ad
2632 2031 2871 2078 montem
2945 2019 3154 2077 Domini
3205 2027 3260 2073 et
3312 2015 3379 2072 ad
3436 2014 3653 2069 domum

3491 2103 3658 2159 hahe-

401 2212 493 2261 tur
519 2204 571 2260 id
603 2206 720 2262 sine
757 2205 979 2270 sudore,
1014 2205 1123 2261 Deo
1162 2180 1303 2259 viam
1337 2205 1630 2276 dirigente.
1686 2205 1930 2260 futurum
1962 2224 1975 2261 :
2012 2180 2170 2277 justo
2207 2205 2343 2261 illud
2406 2180 2730 2277 prophctze‘:
2814 2224 2837 2259 ι
2883 2204 3085 2261 Semita
3134 2202 3349 2273 piorum
3401 2203 3545 2253 recta
3580 2195 3660 2249 ta-

402 2307 489 2353 cta
517 2307 600 2354 est
631 2301 754 2353 ⁸⁷..)
790 2299 859 2353 Ει
889 2297 1201 2369 Baptistae”
1243 2297 1437 2353 Parate
1465 2297 1607 2352 viam
1634 2298 1887 2363 Domino,
1944 2306 2125 2355 rectas
2159 2297 2322 2354 facile
2348 2299 2574 2355 semitas
2605 2297 2726 2368 ejus
2757 2297 2821 2352 ⁸³.
2868 2316 2889 2350 ι

475 2389 588 2461 Τὴν
616 2389 672 2442 δέ
692 2388 860 2459 τιμὴν
889 2389 995 2444 τῶν
1029 2388 1237 2444 πιστῶν
1275 2389 1374 2459 τὴν
1405 2390 1486 2453 είς
1522 2388 1690 2459 ἄκρον
1724 2388 1876 2460 δηλοῖ
1901 2391 1984 2457 τὸ,

413 2481 695 2549 Τιθηνσὺς
715 2480 897 2549 λέγειν
919 2480 1227 2546 βασιλεῖς,
1255 2478 1354 2534 καί
1383 2480 1493 2545 τὰς
1526 2480 1835 2549 ἀρχούσας
1860 2497 1989 2548 τρο-

406 2572 579 2642 φοὺς,
601 2571 700 2641 τὴν
730 2571 991 2624 ἀνωτάτω
1038 2570 1232 2642 δηλοῦν
1278 2571 1329 2638 ιι,
1382 2570 1474 2624 καὶ
1510 2570 1608 2634 τάς
1657 2571 1776 2624 κατ’
1813 2569 1987 2635 ἔθνος.

418 2660 617 2733 Ἀρχὰς
672 2661 908 2731 τροφῶν
946 2659 1103 2732 δίκην
1134 2660 1660 2732 ἐξυπνρετουμένων
1698 2662 1714 2701 ί
1751 2663 1865 2725 τοῖς
1899 2661 1988 2715 ἐν·

405 2754 548 2808 δεέσι
574 2755 675 2825 τῆς
711 2752 1036 2822 Ἐκκλησίας
1065 2752 1152 2806 διὰ
1172 2753 1281 2806 τῶν
1309 2752 1602 2824 διδομένων
1640 2751 1987 2825 σιτηρεσίων.

407 2848 518 2904 Καὶ
555 2847 730 2913 ἄλλως
755 2847 832 2914 δὲ,
876 2846 1111 2922 ἡπολλὴ
1168 2847 1470 2920 κηδεμονία
1519 2844 1677 2913 δόξαν
1728 2849 1997 2919 τροφέων

410 2940 764 3012 παρίστησιν,
794 2940 844 2993 οἳ
877 2940 972 2993 καὶ
996 2940 1272 3004 κλίνοντες
1299 2941 1359 2992 ἐν
1404 2938 1700 3010 Ἐκκλησία
1734 2939 1887 3009 γόνυ,
1918 2938 1994 3010 τῇ

410 3030 486 3100 τῇ
513 3031 573 3085 τὸ
628 3031 879 3101 μέτωπον
931 3031 1364 3103 προσερείδουσα,
1415 3031 1510 3086 καὶ
1561 3031 1667 3085 τὸν
1700 3031 1876 3099 χοῦν,
1920 3030 1997 3096 ὡς

412 3123 607 3188 εἰπεῖν,
656 3122 907 3193 ὲκλαχεῖν
965 3120 979 3171 i
1022 3121 1109 3176 διὰ
1146 3121 1331 3175 πίστιν
1366 3121 1682 3185 ποθοῦντες.
1716 3120 1906 3175 Ταῦτα
1938 3121 1994 3177 δὲ

414 3212 549 3281 πρὸς
577 3212 676 3283 τὴν
705 3212 1028 3283 βασίλισσαν
1056 3213 1155 3284 τὴν
1177 3214 1240 3266 ἐκ
1265 3213 1456 3279 δεξιῶν
1473 3211 1697 3284 Χριστῷ
1721 3231 1994 3285 παριστα-

2056 2667 2195 2732 ·ι’ἱο,
2255 2665 2533 2722 demensis
2584 2667 2640 2721 in
2696 2678 2984 2736 pauperes,

2160 2391 2237 2446 Eo
2262 2391 2380 2462 ipso
2410 2390 2608 2447 deinde
2640 2403 2914 2447 summum
2960 2387 3077 2443 fore
3109 2382 3362 2440 ﬁdelibus
3396 2380 3660 2451 honorent

2089 2483 2450 2548 demonstrat,
2493 2481 2639 2554 quod
2667 2497 2858 2538 eorum
2884 2479 3132 2535 nutriti»
3176 2493 3339 2551 reges,
3372 2486 3421 2531 et
3456 2475 3661 2546 reginas

2092 2575 2321 2629 nutrices
2351 2573 2469 2629 fore
2499 2571 2794 2643 signiﬁcat.
2827 2571 2940 2629 lmo
2968 2582 3023 2628 et
3052 2572 3170 2643 ipsa
3207 2568 3454 2639 gentium
3491 2564 3663 2633 itnpc-

3090 2660 3430 2717 nutritiorum
3485 2669 3675 2718 more,

2094 2757 2429 2826 distributis,
2466 2757 2727 2814 Ecclesiae
2756 2755 3156 2814 subservitura.
3205 2752 3354 2807 Alias
3398 2756 3577 2804 autem
3610 2757 3671 2800 et

2090 2850 2209 2922 ipsa
2235 2851 2531 2910 vehemens
2575 2847 2913 2913 sollicitudo,
2942 2844 3179 2900 nutritiis
3210 2841 3440 2915 gloriam
3474 2836 3667 2893 conci-

2090 2941 2221 3007 liat;
2257 2940 2350 3010 qui
2381 2954 2522 3010 genu
2556 2939 2698 2995 ﬂexo
2728 2939 2786 2994 in
2812 2936 3056 2995 Ecclesia
3088 2946 3244 2992 terra:
3275 2934 3509 2989 frontem
3544 2930 3664 2985 alii-

2091 3033 2247 3098 dunt,
2272 3032 2534 3102 pulverem
2568 3031 2771 3104 ipsum,
2812 3026 2871 3085 ut
2909 3032 2983 3084 ita
3021 3029 3227 3091 dicam,
3248 3036 3468 3098 propior
3497 3022 3659 3076 ﬁdem

2091 3126 2372 3198 delingere
2402 3127 2723 3197 gestientes.
2759 3126 2934 3194 Atque
2971 3124 3083 3178 htec
3114 3122 3336 3193 quidem
3367 3120 3482 3189 ipsa
3510 3126 3660 3177 sunt,

2091 3232 2211 3286 qua:
2240 3217 2442 3287 regina:
2492 3216 2709 3272 Christo
2735 3218 2801 3271 ad
2842 3214 3124 3269 dexteram
3200 3210 3402 3267 astanti
3453 3209 3664 3279 psalmo

417 3303 582 3373 μένην
609 3306 638 3357 ό
670 3302 1106 3371 τεσσαρακοστὸς
1134 3302 1396 3373 τέταρτος
1440 3302 1591 3370 λέγει
1640 3302 1876 3374 ψαλμδς,
1927 3303 1989 3376 ἢν

2099 3309 2519 3380 quadragesimo
2551 3316 2749 3378 quat-to
2805 3307 3146 3371 tribuuntur,
3188 3318 3351 3376 quam
3401 3303 3564 3356 etiam
3601 3303 3668 3355 de

413 3394 506 3448 καὶ
545 3392 606 3459 ἐξ
633 3393 947 3462 ἀλλοφύλων
1004 3388 1171 3448 οὖσαν
1216 3394 1384 3465 δηλοῖ.
1431 3396 1631 3466 Ὅμοια
1679 3396 1735 3450 δὲ
1791 3396 1884 3450 καὶ
1908 3397 1990 3460 εἰς

413 3484 577 3538 αὐτὸν
598 3484 689 3538 τόν
706 3484 977 3550 ,ϐασιλέα
1008 3486 1037 3538 ὁ
1063 3484 1463 3556 ἐϐδομηκοστὸς
1495 3487 1732 3559 πρῶτος.
1781 3487 1991 3543 Οὐκοῦν

414 3574 542 3646 περὶ
575 3574 673 3644 τῆς
717 3572 1049 3645 Ἐκκλησίας
1083 3574 1181 3644 τῆς
1217 3575 1275 3627 ἐν
1307 3575 1552 3647 Χριστῷ,
1608 3576 1675 3629 τὰ
1723 3577 1994 3648 λεγόμενα

415 3664 551 3734 πρὸς
568 3663 670 3732 τὴν
696 3662 1077 3736 Ἰερουσαλὴμ,
1101 3664 1135 3735 ἢ
1162 3663 1260 3734 τὴν
1289 3663 1448 3728 δόξαν
1476 3664 1589 3735 ἔχει
1610 3665 1704 3719 τοῦ
1731 3666 1989 3737 Χριστοῦ.

415 3754 633 3809 Τούτων
655 3753 735 3817 δέ,
758 3755 911 3824 φησὶ,
931 3754 1293 3825 γιγνομένων,
1318 3755 1521 3827 γνώσῃ
1537 3755 1624 3809 ὅτι
1643 3757 1759 3827 ἐγὼ
1778 3758 2017 3829 Κύριος,

416 3844 514 3900 καὶ
535 3846 650 3899 οὐκ
665 3844 1185 3913 αίσκυνθήσονται
1205 3847 1259 3899 οἱ
1280 3844 1685 3915 ὑπομένοντές
1697 3864 1791 3917 με.
1816 3846 1994 3901 Καλὸν

416 3938 522 4008 γάρ
554 3937 629 4008 μὴ
660 3935 1062 4003 ἀπογινώσκειν
1088 3936 1189 4008 τὴν
1224 3936 1416 3990 ἐλπίδα
1443 3936 1547 4008 πρὸ
1573 3922 1670 4009 τῆς
1688 3938 1795 3990 τῶν
1819 3936 1996 4009 ἔργων

416 4026 715 4091 ἐκϐάσεως.
750 4022 883 4081 Εἶτα
913 4026 1180 4093 διδάσκει,
1207 4027 1330 4081 τίνα
1367 4028 1568 4099 τρόπον
1601 4028 1668 4082 τὰ
1707 4029 1812 4083 ὑπὸ
1837 4031 1998 4102 χεῖρα

415 4116 512 4172 τοῦ
541 4118 788 4172 διαϐόλου
826 4120 1091 4191 πρότερον
1117 4119 1245 4192 ἔθνη
1276 4118 1629 4192 ἠλευθερώθη
1661 4121 1749 4176 διὰ
1774 4122 1875 4191 τῆς
1901 4121 1995 4175 τοῦ

418 4210 572 4273 Σωτῆ
583 4227 673 4281 ρος
699 4210 998 4283 δυνάμεως.
1042 4213 1105 4266 Ὃ
1129 4212 1218 4266 διά
1245 4212 1344 4283 τῆς
1372 4212 1687 4285 παραϐολῆς
1732 4213 1999 4284 ἐδήλωσεν

417 4303 446 4354 ό
476 4302 712 4372 Χριστός
735 4319 749 4336 ·
785 4322 804 4355 ι
842 4303 987 4367 Πῶς,
1029 4303 1228 4372 λέγων,
1256 4303 1479 4357 δύναταί
1500 4288 1587 4369 τις
1617 4303 1878 4359 εἰσελθεῖν
1919 4306 1997 4370 είς

416 4392 516 4464 τὴν
558 4394 735 4447 οὶκίαν
760 4393 853 4448 τοῦ
884 4394 1130 4467 ἰσχυροῦ,
1166 4396 1261 4449 καὶ
1287 4396 1357 4449 τά
1388 4395 1558 4467 σκεύη
1582 4395 1749 4451 αὐτοῦ
1779 4395 2003 4467 διαρπά-

422 4498 535 4546 σαι,
577 4484 673 4536 ἐάν
699 4486 772 4556 μὴ
802 4485 1017 4555 πρῶτον
1045 4486 1183 4559 δήσῃ
1211 4486 1301 4540 τὸν
1343 4488 1595 4558 ἰσχυρόν;
1634 4505 1651 4539 ι
1686 4487 1797 4540 Καὶ
1826 4485 1921 4539 νῦν
1942 4486 2001 4540 δέ

421 4587 575 4640 φησι,
610 4573 702 4643 Μή
735 4588 789 4626 τι
822 4573 902 4644 τῷ
928 4574 1143 4643 τυχόντι
1177 4574 1401 4629 δυνατὸν
1452 4575 1603 4647 παρά
1627 4574 1720 4628 τοῦ
1753 4572 1999 4628 διαϐόλου

2093 3400 2523 3473 alienigenarum
2557 3414 2787 3456 numero
2828 3413 2954 3455 esse
2993 3396 3287 3469 signiﬁcat.
3326 3392 3510 3465 Neque
3540 3406 3670 3446 vero
3712 3424 3717 3427 τ

2093 3492 2388 3550 dissimilia
2418 3490 2642 3552 fuerint,
2676 3504 2795 3561 quae
2839 3489 2897 3542 in
2939 3501 3109 3557 regem
3143 3485 3323 3556 ipsum
3376 3491 3669 3549 septuagea

2093 3583 2232 3638 sitno
2254 3581 2431 3651 primo
2460 3580 2730 3652 leguntur.
2765 3578 2906 3634 Sunt
2945 3578 3111 3650 igitur
3152 3591 3274 3647 qua:
3313 3573 3381 3629 de
3414 3572 3671 3627 Hieroso-

2084 3673 2256 3746 lymis
2296 3673 2575 3739 dicuntur,
2622 3673 2689 3728 de
2714 3671 2920 3728 Christi
2957 3670 3227 3732 Ecclesia,
3264 3667 3515 3737 ejusdem
3548 3664 3669 3735 glo-

2095 3764 2233 3819 riam
2266 3764 2519 3830 habente,
2572 3762 2952 3833 intelligenda.
2992 3761 3125 3827 Qua:
3177 3774 3299 3836 cum
3345 3756 3668 3815 acciderint,

2094 3856 2297 3927 inqttit,
2346 3856 2629 3926 intelliges,
2658 3855 2785 3926 quia
2840 3870 2931 3924 ego
2979 3852 3266 3913 Dominus;
3309 3858 3356 3904 et
3398 3866 3501 3903 non
3548 3864 3671 3902 con—

2095 3945 2388 4017 fundantur
2417 3946 2509 4017 qui
2540 3953 2845 4013 exspectant
2899 3958 2999 3998 me.
3075 3941 3175 3997 Est
3225 3939 3374 3995 enim
3426 3937 3673 3999 virtutis,

2097 4052 2247 4109 spem
2296 4051 2405 4091 non
2460 4036 2612 4106 prius
2646 4035 2909 4106 abjicere,
2964 4048 3126 4104 quam
3171 4030 3379 4086 exitum
3422 4044 3509 4084 res
3543 4026 3673 4095 ipsa:

2096 4128 2420 4186 sortiantur.
2486 4126 2653 4182 Docet
2704 4134 2890 4197 postea
2946 4119 3408 4196 quemadmodum
3460 4127 3671 4191 gentes,

2098 4233 2221 4289 qua:
2252 4218 2355 4272 sub
2401 4217 2604 4274 diaboli
2646 4224 2919 4288 potestate
2959 4215 3113 4287 prius
3143 4212 3433 4284 degebant,
3481 4209 3672 4264 Salva-

2100 4306 2236 4363 tocis
2269 4306 2474 4361 virtute
2523 4307 2576 4361 in
2641 4305 2944 4362 libertatem
3005 4310 3232 4358 asserta:
3300 4301 3411 4355 sint
3472 4298 3674 4367 :qnod

2098 4400 2263 4455 etiam
2306 4398 2360 4452 in
2417 4397 2676 4469 parabola
2731 4395 2985 4451 Christus
3042 4393 3161 4463 ipse
3209 4390 3492 4452 indicavit.
3546 4402 3672 4443 cunt

2101 4493 2221 4548 ait:
2273 4511 2292 4546 ι
2329 4490 2431 4558 Qui
2464 4498 2639 4562 potest
2673 4488 2798 4560 quis
2842 4487 3067 4543 domum
3124 4483 3286 4540 fortis
3343 4480 3574 4555 ingredi,
3621 4487 3675 4535 et

2102 4584 2496 4655 supellectilem
2530 4582 2651 4653 cjns
2696 4581 2963 4651 diripere,
3009 4578 3113 4635 nisi
3170 4576 3365 4632 fortem
3413 4575 3569 4645 prius
3622 4574 3674 4625 iu

418 4662 623 4715 σκῦλα
659 4664 897 4729 λαϐεῒν;
933 4663 992 4718 ὃν
1030 4663 1256 4718 ἐκάλεσε
1293 4666 1579 4736 γίγαντα·
1606 4664 1712 4720 κᾶν
1744 4666 1989 4737 ἐπιχειρῇ

2102 4647 2336 4729 vinculis
2365 4647 2619 4728 habuerit
2648 4668 2731 4722 ⁸⁸9
2754 4685 2774 4719 ι
2809 4647 2929 4723 iam
2971 4683 3123 4734 vero,
3156 4667 3395 4723 etiamne
3427 4663 3671 4725 cuilibet.

417 4753 474 4806 δέ
501 4770 586 4816 τις
616 4754 775 4806 τοῦτο
804 4754 1049 4822 δικαίως
1104 4756 1293 4824 ποιῶν,
1347 4758 1455 4830 ἀρα
1487 4758 1664 4823 ἀθῶος
1688 4759 1998 4829 γενήσεται,

420 4846 517 4899 καὶ
544 4848 607 4899 οὐ
636 4847 932 4918 κρατηθεὶς
956 4850 1296 4903 κινδυνεύσει
1316 4869 1331 4917 ;
1354 4852 1476 4905 ἀντὶ
1495 4851 1604 4923 γὰρ
1633 4849 1726 4904 τοῦ
1756 4849 1997 4917 ἀδίκως,

420 4936 479 4989 τὸ
524 4935 814 5008 Ἐϐραῖκὸν
840 4938 1081 5008 δικαίως
1113 4940 1247 5011 ἔχει.
1281 4941 1501 4996 Δίκαιον
1552 4943 1651 5013 μὲν
1676 4943 1786 5016 γὰρ
1841 4941 2000 4995 τοῦτο

431 5030 616 5082 ποιεῖν.
660 5029 823 5085 Ἀλλά
846 5031 931 5093 τίς
960 5032 1216 5085 τοσοῦτόν
1246 5035 1361 5086 ἐστι
1401 5032 1659 5097 δυνατός;
1711 5033 1998 5105 ἄνθρωπος

424 5119 523 5189 μὲν
551 5122 746 5186 οὐδείς.
779 5124 968 5187 Ὅπως
995 5123 1051 5177 δέ
1077 5124 1139 5178 τὸ
1168 5124 1320 5198 παρά
1362 5123 1670 5195 ἀνθρώποις
1716 5125 1996 5193 ἀδύνατον,

419 5211 498 5281 τῷ
520 5213 639 5284 Θεῷ
667 5216 893 5270 δυνατὸν
912 5218 1185 5289 ἐπιφέρει.
1228 5218 1291 5270 Ei
1332 5217 1389 5271 δέ
1416 5217 1635 5282 ἀδίκως
1673 5216 1823 5287 ¹ἔχει,
1856 5218 1998 5272 κατά

418 5305 543 5368 τοὺς
602 5305 1005 5379 Ἔϐδομήκοντα
1033 5350 1048 5376 ,
1091 5311 1152 5364 τὸ
1198 5309 1383 5380 ῥητὸν,
1424 5309 1554 5380 περὶ
1600 5307 1695 5369 τοῦ
1750 5309 1996 5363 διαϐόλου

420 5399 573 5466 φησὶ,
608 5397 787 5470 δηλῶν
821 5402 897 5464 ὡς
924 5401 1127 5464 ἀδίκως
1165 5402 1508 5474 ἐπιπηδήσας
1553 5404 1667 5485 τοῖς
1711 5401 1997 5474 ἠδικηκόσι

493 5506 538 5578 ff
570 5508 588 5561 l
634 5509 759 5569 Cor.
793 5527 878 5574 ιιι,
906 5514 965 5568 2.
1041 5511 1085 5544 ⁸⁸
1109 5510 1289 5567 Galat.
1327 5527 1399 5578 tv,
1438 5511 1525 5569 l9.
1603 5513 1648 5545 "
1677 5511 1695 5568 Ι
1728 5511 1923 5567 Thess.
1947 5525 2005 5576 ιι,
2043 5510 2098 5562 7.

423 5575 467 5607 σε
497 5575 663 5633 nam.
692 5595 767 5634 ιιι
800 5621 815 5649 ,
856 5580 945 5637 29.

1699 5635 1932 5725 mine
1974 5666 2378 5725 LECTIONES.

1414 5762 1431 5803 ί
1468 5778 1559 5831 γρ.
1586 5759 2115 5833 ἑξυπηρετουμένσς.
2194 5759 2209 5811 t
2245 5777 2337 5831 γρ.
2368 5761 2650 5834 ἐκλείχειν.

491 5753 519 5793 δ
541 5758 645 5827 ἀφ.
679 5761 776 5831 τὴν
807 5760 1068 5817 ἀνωτάτω
1094 5761 1308 5832 δηλοῦν.

2098 4764 2197 4831 ait,
2254 4773 2566 4835 promptum
2603 4770 2711 4825 est,
2768 4760 3010 4827 diabolo,
3044 4774 3206 4830 quem
3263 4773 3360 4828 per
3410 4757 3677 4828 gigantem

2068 4855 2445 4926 .sigttiﬁcavit,
2482 4853 3078 4925 spoliaeripere?Quod
3119 4851 3164 4907 si
3190 4851 3315 4922 quis
3362 4850 3467 4904 hoc
3499 4852 3676 4919 ipsum

2085 4947 2233 5017 juste
2268 4954 2537 5013 conetur,
2576 4946 2843 5003 evadetne
2894 4945 3121 5008 illaesus,
3172 4957 3351 5013 neque
3406 4941 3584 4995 victus
3626 4939 3677 4992 in

2094 5038 2337 5108 periculo
2395 5037 2741 5093 versabitur?
2787 5035 2945 5092 Iuste
2993 5036 3161 5095 enim,
3190 5049 3293 5104 pro
3335 5031 3552 5101 injuste,
3580 5031 3679 5084 ha-

2105 5130 2194 5185 bet
2227 5128 2492 5184 Hebraica
2520 5128 2719 5194 lectio;
2748 5129 2878 5198 quia
2911 5127 3125 5198 justum
3157 5124 3318 5195 567
3345 5123 3415 5176 sit
3446 5122 3498 5176 id
3534 5122 3674 5176 ﬁeri.
3759 5136 3768 5148 ’

2106 5218 2210 5273 Sed
2238 5220 2365 5289 quis
2404 5226 2597 5290 potens
2627 5217 2766 5275 adeo
2794 5217 3054 5273 futurus?
3082 5216 3245 5269 homo
3276 5222 3426 5268 certe
3472 5213 3677 5268 nullus.

2104 5309 2192 5374 At,
2221 5309 2319 5380 qui
2351 5304 2496 5380 quod
2534 5309 2850 5366 hominibus
2881 5308 3053 5373 nefas,
3094 5305 3203 5361 Deo
3234 5304 3337 5376 ipsi
3370 5314 3679 5375 promptum

2105 5399 2197 5463 sit,
2233 5400 2497 5470 suggerit.
2527 5399 2623 5456 Sin
2655 5410 2859 5467 autem,
2923 5408 2981 5455 ut
3031 5399 3236 5455 habent
3295 5397 3677 5469 Septuaginta,

2207 5511 2379 5567 “lsa.
2416 5526 2479 5576 tt,
2512 5513 2565 5567 3.
2643 5513 2689 5546 "
2720 5513 2822 5569 isa.
2864 5530 3015 5582 xxvi,
3049 5514 3105 5570 7.
3179 5514 3226 5547 “
3255 5511 3446 5571 Matth.
3498 5528 3580 5577 ut,
3614 5513 3675 5565 3.

2864 5706 2945 5754 ιιι,
2982 5726 2991 5737 ,
