3976 6220
331 302 471 366 2485
1414 311 1941 377 COMMENTARII
1987 318 2070 378 IN
2105 316 2392 386 ISAIAM.
3445 331 3609 393 Ξὶδίῖ

201 469 214 495 ι
315 431 428 489 κοτε
459 414 750 485 ὑπομένων
775 419 1212 487 αἰχμαλωσίαν,
1253 420 1467 492 ἀναιρεῖ
1503 422 1560 476 δέ
1601 425 1694 476 τὸν
1725 426 1902 496 ἐγχειο

2018 431 2241 499 :aptivos
2261 448 2371 487 esse
2391 433 2752 491 demonstrat.
2781 434 3245 504 Quemadmodum
3288 418 3433 498 cnim
3496 461 3588 499 eo-

320 509 563 576 ρήσαντα
583 523 596 537 ⁸
627 508 803 572 οὕτως
835 510 934 563 οὐκ
987 511 1115 580 ἐνῆν
1144 512 1274 582 ἐμοῦ
1308 514 1382 583 μὴ
1407 513 1753 584 θελήσαντος,
1775 518 1900 581 τοὺς

2018 537 2124 575 tum
2151 523 2355 585 nullus,
2391 524 2481 592 qui
2504 525 2741 595 gigantes
2785 537 3045 597 putantur
3075 545 3105 583 a
3140 532 3319 597 nobis,
3357 534 3582 591 alterius

314 598 577 661 λαϐόντας
600 600 741 670 ope,
767 602 1150 671 αἰχμαλώτους
1173 603 1332 665 ἑλεῖν.
1372 607 1420 660 εί
1448 605 1523 677 μὴ
1549 608 1669 659 καθ’
1687 607 1899 664 ἑαυτῶν

2018 614 2387 674 inbecillioris
2421 631 2543 672 esse
2576 618 2759 687 pra'da
2789 631 2974 689 queat,
3014 631 3067 677 et
3131 623 3331 694 injuste
3385 628 3582 692 captivi

316 690 703 761 ἡμαρτηκότες
749 690 847 762 τὴν
894 693 1076 746 αἰτίαν
1131 696 1420 766 παρέχετε.
1474 698 1622 766 Πλὴν
1657 699 1896 770 ἐλεήσας

2018 703 2151 771 ieri;
2188 707 2281 761 sed
2308 723 2431 761 eum
2458 709 2673 780 potius,
2718 713 2809 780 qui
2841 713 2892 766 id
2927 715 2980 767 in
3012 730 3071 769 se
3120 726 3374 777 conetur,
3423 717 3582 772 facile

318 784 462 853 ὑμᾶς
491 784 588 852 μὲν
622 782 965 850 ἀνακαλέσω,
997 784 1239 848 ἐκείνους
1285 785 1340 838 δέ
1381 790 1770 859 τιμωρήσομαι
1795 788 1895 860 τὴν

2018 797 2252 851 :onficiat
2281 815 2296 851 :
2328 799 2408 852 sic
2440 774 2493 853 et
2543 816 2660 866 vos,
2706 818 2793 856 me
2855 804 3094 869 nolente,
3135 809 3251 877 capi
3302 823 3596 877 nunquam

318 877 441 931 καθ’
491 877 647 948 ὑμῶν
683 877 1057 942 ἐπιτείναντας
1114 878 1362 932 κόλασινο
1392 880 1484 934 καὶ
1517 881 1762 950 σαρκῶν
1788 883 1896 937 τῶν

2018 890 2283 953 mterutis,
2323 892 2425 945 nisi
2461 892 2512 944 in
2550 908 2643 947 vos
2668 892 2768 963 ipsi
2815 897 3056 965 peccatis
3102 899 3301 952 vestris
3352 914 3581 953 causam

321 969 466 1023 ίδίων
520 968 853 1037 γευσάμενοι
907 968 1207 1037 γνώσονται
1250 971 1342 1023 τὸν
1382 972 1707 1043 ποιήσαντα,
1752 973 1895 1027 καθά

2018 980 2394 1037 πωὺυὶεεριίε.
2430 981 2536 1037 Sed
2558 997 2657 1039 Vos
2693 1000 2793 1055 ego
2822 984 2934 1054 jam
2971 994 3151 1041 tamen
3181 989 3346 1042 vestri
3383 991 3584 1042 miser-

318 1061 411 1114 καὶ
435 1059 904 1130 Ναϐουχοδονόσορ
950 1060 1038 1113 διὰ
1074 1060 1316 1131 σημείων
1363 1062 1676 1141 παιδευθεὶς
1722 1064 1896 1133 μέγαν

2018 1085 2091 1123 .us
2118 1070 2231 1138 ipse
2252 1086 2530 1139 revocare,
2556 1075 2805 1144 illosque,
2834 1075 2923 1145 qui
2952 1091 3238 1144 poenarum
3263 1080 3581 1148 gravitatem

319 1149 590 1220 ὡμολόγει
638 1151 726 1218 τὸν
772 1150 905 1204 Θεὸν
934 1151 1157 1223 Δανιήλ.
1226 1152 1385 1217 Τινὲς
1426 1154 1485 1207 δὲ
1517 1156 1586 1208 τά
1622 1155 1751 1227 περὶ
1800 1158 1895 1210 τοῦ

2018 1160 2161 1216 vobis
2216 1163 2558 1229 adauxerint,
2599 1166 2789 1221 ulcisci
2856 1167 3062 1231 statui;
3112 1168 3429 1238 tantumque
3475 1168 3580 1223 eiii-

317 1244 597 1311 Ttrarcoc
648 1241 1004 1312 ἐξηγούμενοι
1057 1244 1344 1314 λέγουσιν·
1380 1247 1493 1317 Οὐχ
1550 1246 1782 1318 ἥττηται
1835 1247 1899 1300 τὸ

2018 1265 2148 1316 :ere,
2188 1259 2247 1305 ut
2304 1254 2420 1308 suis
2482 1255 2555 1308 illi
2608 1255 2855 1308 carnibus
2890 1257 3051 1325 pasti,
3115 1255 3377 1311 factorem
3425 1274 3583 1313 suum

320 1333 543 1386 δυνατὸν
587 1335 688 1404 τῆς
750 1336 1127 1409 Ἰερουσαλὴμ,
1162 1340 1285 1392 οὐδὲ
1333 1342 1367 1410 ὴ
1420 1339 1739 1410 δικαιοσύνη
1772 1341 1806 1410 ἡ
1841 1341 1899 1393 ἐν

2018 1351 2340 1410 ignoscant;
2376 1361 2483 1398 non
2538 1346 2697 1400 aliter
2754 1361 2916 1415 quam
2960 1346 3131 1417 signis
3169 1346 3300 1401 olim
3361 1348 3585 1402 adactus

322 1424 479 1494 αὐτῇ,
515 1426 653 1480 ἀλλά
680 1426 745 1479 δι’
773 1428 1048 1497 ἁμαρτίας
1078 1428 1438 1501 κεκράτηται.

2018 1430 2507 1492 Nabuchodonosor
2593 1438 2828 1493 Danielis
2894 1437 3063 1493 Deum
3145 1454 3405 1508 maguum-
3462 1455 3588 1494 esse

322 1517 607 1576 confessus
634 1530 717 1575 est
739 1522 801 1572 ⁷³.
830 1517 1089 1577 Nomtulli
1124 1539 1243 1591 quae
1281 1523 1346 1578 de
1373 1525 1587 1595 gigante
1619 1523 1895 1589 dicuntur,
1937 1521 2009 1576 ita
2058 1528 2354 1596 explicant,
2413 1536 2471 1581 ut
2505 1543 2611 1584 non
2684 1528 3186 1600 Hierosolymorum
3246 1532 3406 1597 vires,
3479 1546 3586 1585 non

318 1607 608 1679 justitiam,
664 1630 770 1686 qua
828 1617 1123 1688 pollebant,
1181 1617 1471 1685 superari;
1524 1617 1619 1672 sed
1668 1624 1889 1687 propter
1927 1615 2134 1671 scelera
2162 1621 2281 1690 capi
2314 1620 2669 1676 arbitrentur.

924 1708 1178 1763 ΚΕΦΑΛ.
1210 1710 1294 1764 N'.
1444 1766 1451 1771 κ

2638 1716 2794 1770 CAP.
2857 1714 2918 1771 L.

376 1802 548 1857 σι’-ια’.
585 1800 782 1867 Οὕτως
810 1802 974 1871 λέγει
992 1788 1234 1872 Κύριος,
1253 1802 1428 1858 ποῖον
1444 1766 1630 1859 τοῦτο
1655 1805 1905 1870 βιϐλίον

2076 1801 2434 1874 569-570
2457 1804 2623 1861 Vens.
2646 1766 2818 1862 vitii.
2986 1808 3115 1862 dicit
3142 1798 3419 1875 Dominus,
3447 1828 3587 1880 qua~

319 1889 427 1943 τοῦ
456 1891 839 1946 ἀποστασίου
864 1890 971 1959 τῆς
994 1893 1221 1961 μητρὸς
1252 1893 1437 1962 ὑμῶν,
1471 1888 1520 1961 ᾧ
1551 1895 1899 1960 ἐξαπέστει-

319 1986 400 2037 λα
421 1985 652 2053 aut-qr;
685 1984 723 2054 ἢ
767 1981 885 2039 τίνι
928 1985 1201 2055 ὐποχρέω
1234 1986 1513 2057 πέπρακα
1537 1986 1692 2056 ὑμᾶς
1713 1986 1901 2055 ;Ἰὂοὺ

320 2080 452 2145 ταῖς
484 2078 796 2148 ἁμαρτίαις
817 2075 983 2147 ὑμῶν
1009 2076 1325 2145 ἐπράθητε,
1349 2078 1445 2132 καὶ
1471 2079 1601 2146 ταῖς
1625 2080 1903 2148 ἁνομίαις

319 2171 489 2242 ὑμῶν
500 2171 900 2237 ἐξαπέστειλα
919 2168 1035 2239 τὴν
1049 2168 1275 2241 μητέρα
1291 2171 1487 2242 ὐμῶν;
1507 2174 1563 2230 Τί
1583 2171 1670 2225 ὅτι
1688 2168 1899 2242 ἦλθον,

321 2264 418 2318 καί
451 2266 563 2318 οὐκ
590 2260 672 2335 ἦν
700 2262 1009 2333 ἅνθρωπος
1025 2278 1039 2294 ·
1062 2262 1348 2329 ἐκάλεσα,
1373 2262 1470 2316 καὶ
1492 2265 1602 2317 οὐκ
1627 2259 1708 2335 ἦν
1739 2267 1772 2320 ό
1792 2267 1903 2321 ὐπ-

321 2359 585 2424 ακούωνς
610 2374 662 2410 κ,
704 2373 756 2409 τ.
793 2355 846 2411 λ.

392 2446 625 2500 Διελθὼν
656 2450 684 2501 ὁ
716 2446 875 2515 λόγος
911 2447 972 2501 τὸ
1006 2449 1268 2519 κήρυγμα
1298 2449 1359 2501 τὸ
1392 2447 1768 2516 εύαγγελικδν,
1802 2450 1904 2519 τήν
1970 2500 1979 2509 κ

461 2538 475 2558 ἱ
507 2537 663 2558 ,μυ-,ξ’
694 2537 758 2558 _.“

323 2625 609 2691 θεοσεϐοῦς
644 2627 1062 2697 πολιτεύματος,
1098 2627 1193 2692 καὶ
1233 2626 1330 2679 τοῦ
1362 2626 1621 2697 ῥηθέντος
1649 2626 1903 2695 γίγαντος

321 2719 422 2792 τὴν
452 2720 794 2791 καθαίρεσιν,
832 2719 1149 2791 μεταϐαίνει
1173 2718 1334 2773 πάλιν
1373 2720 1465 2771 ἐπὶ
1490 2719 1618 2779 τοὺς
1649 2720 1713 2770 ἐκ
1745 2734 1901 2788 περιρ

321 2814 516 2882 τομῆς,
556 2810 748 2881 ὥσπερ
769 2810 1204 2880 ἀπολογούμενος
1232 2809 1320 2863 διὰ
1347 2808 1402 2862 τί
1426 2808 1494 2862 τὰ
1524 2808 1652 2879 ἔθνη
1678 2809 1901 2861 ἐπισκο-

327 2906 531 2975 πὴσας,
563 2904 761 2969 αὐτοὺς
784 2903 1033 2967 ἐκδότους
1062 2903 1338 2974 ἐποίησεν.
1362 2903 1568 2957 Τούτου
1594 2902 1696 2974 γὰρ
1714 2902 1899 2969 αἴτιοι,

326 2998 529 3068 φησιν,
559 2996 739 3066 ὑμεῖς,
796 2996 898 3049 οὐκ
951 2995 1083 3064 ἐγώ.
1114 2996 1188 3050 Ού
1240 2994 1350 3067 γὰρ
1394 2994 1506 3064 ἐγὼ
1552 2984 1904 3065 τὴνμητέρα

2004 1893 2070 1947 lis
2099 1895 2185 1948 hic
2213 1894 2345 1949 liber
2371 1896 2575 1966 repudii
2600 1899 2785 1953 matris
2823 1909 3025 1965 vestraz,
3054 1917 3156 1969 quo
3187 1902 3367 1955 dimisi
3413 1918 3533 1956 eam
3564 1904 3617 1955 γ.

2003 1992 2096 2037 aut
2141 1986 2229 2038 cui
2267 1986 2519 2040 creditori
2544 1996 2591 2041 et
2613 1989 2851 2043 exactori
2881 2006 2994 2044 meo
3026 1990 3233 2045 vendidi
3262 2007 3346 2045 vos
3372 1994 3397 2047 ?
3453 1991 3590 2046 Ecce

2002 2079 2230 2145 peccatis
2272 2082 2457 2133 vestris
2506 2080 2789 2135 venundati
2839 2083 2991 2143 estis,
3045 2093 3093 2136 et
3120 2083 3173 2137 in
3215 2083 3587 2154 iniquitatibus

2003 2170 2188 2223 vestris
2221 2170 2405 2224 dimisi
2438 2182 2661 2225 matrem
2690 2182 2937 2228 vestram.
2978 2173 3140 2241 Quid,
3172 2176 3296 2245 quia
3349 2176 3483 2241 veni,
3537 2184 3588 2228 et

2004 2274 2107 2313 non
2157 2269 2272 2313 erat
2299 2258 2452 2314 homo
2477 2261 2503 2314 2
2559 2265 2758 2326 vocavi,
2798 2272 2995 2317 etnon
3041 2273 3154 2318 erat
3190 2266 3281 2334 qui
3306 2266 3536 2320 o'bediret
3563 2268 3591 2323 2’

2002 2359 2113 2405 CIC.
2942 2398 2945 2409 .

2076 2441 2342 2496 Absoluta
2402 2443 2778 2513 disputatione
2827 2442 2895 2499 de
2953 2445 3234 2517 Evangelii
3304 2449 3584 2517 prteconio

2005 2536 2181 2606 duque
2213 2552 2308 2606 per
2330 2538 2508 2607 ipsum
2540 2537 2681 2593 facta
2706 2541 2950 2611 gentium
2993 2544 3282 2598 vocatione
3310 2559 3326 2609 ;
3384 2545 3451 2598 de
3507 2543 3585 2612 pii

2005 2626 2131 2680 item
2156 2628 2435 2699 regiminis
2454 2630 2728 2697 instituto,
2748 2632 2814 2686 de
2836 2633 3071 2702 gigantis
3103 2626 3327 2688 interitu
3349 2630 3588 2705 deu’iqoe

2003 2734 2164 2788 quem
2195 2720 2497 2775 nominavit
2532 2740 2546 2775 :
2584 2722 2650 2776 ad
2696 2724 3059 2780 Cll‘Cllmt'iSOS
3118 2724 3401 2796 deinceps,
3460 2733 3585 2781 tan-

2005 2824 2167 2878 quam
2192 2809 2402 2879 adjecta
2442 2812 2787 2882 purgatione,
2820 2812 2987 2884 571-
3033 2816 3177 2886 quod
3227 2816 3311 2871 eis
3370 2816 3589 2886 rejectis

2005 2916 2188 2956 coram
2222 2898 2463 2972 gentium
2491 2905 2704 2972 subeat,
2736 2920 2795 2961 se
2825 2907 3062 2961 Confert.
3104 2906 3279 2977 llnjus
3311 2911 3454 2964 cnim
3492 2927 3587 2968 vos

2007 2993 2060 3047 in
2091 3009 2276 3059 causa,
2297 2996 2493 3065 inquit,
2518 2994 2715 3061 fuistis,
2740 2982 2848 3052 non
2869 3012 2969 3069 ego
2992 3015 3005 3061 ;
3027 3013 3203 3067 neque
3226 3000 3339 3069 ipse
3358 3011 3586 3056 matrem

326 3088 492 3158 ὑμῶν
514 3087 933 3159 ἀπεπεμψάμην
961 3088 1314 3159 Συναγωγὴν,
1342 3089 1376 3157 ἢ
1405 3086 1505 3156 τὴν
1538 3087 1632 3140 ἐπὶ
1656 3088 1759 3157 γῆς
1802 3087 1903 3140 Ἱε-

2018 3094 2232 3139 vestram
2266 3087 2564 3155 repudiari.
2588 3068 2925 3158 Synagogam
2947 3090 3174 3155 scilicet,
3198 3100 3290 3144 aut
3313 3101 3588 3147 terrenam

331 3178 613 3250 ρουσαλὴμ
642 3179 723 3250 (ού
753 3179 911 3233 τοῦτο
936 3179 1046 3249 γὰρ
1100 3180 1133 3248 ἡ
1173 3178 1263 3231 διὰ
1315 3179 1559 3241 Μωσέως
1616 3177 1907 3248 νομοθεσία

328 3269 726 3341 δηλοῖ),σχέσιν
757 3270 815 3324 δὲ
842 3270 942 3342 τὴν
974 3271 1106 3341 περὶ
1140 3267 1161 3308 1
1195 3270 1375 3341 ὑμᾶς’
1417 3269 1483 3341 ῆν
1513 3272 1541 3323 ὁ
1571 3270 1799 3341 Μωσῆς,
1833 3269 1909 3333 ὡς

328 3361 455 3414 ιδνα
500 3361 690 3435 νύμςῃ
747 3361 932 3417 δοῦναι
992 3360 1352 3432 βουλόμενος,
1408 3361 1503 3415 καὶ
1545 3361 1727 3433 φέρων
1755 3362 1907 3434 ὑμῖν,

333 3452 701 3523 μοιχεύσασαν
734 3453 823 3508 διὰ
869 3454 969 3525 τῆς
1006 3453 1360 3525 μοσχοποιίας
1414 3452 1591 3525 εὑρὼν
1627 3454 1726 3523 τὴν
1778 3453 1909 3505 Συν-

329 3544 553 3617 αγωγὴν
582 3545 874 3600 διέσπασεν
921 3544 1149 3610 ἀναξίαν
1188 3543 1364 3616 εὑρὼν
1401 3553 1441 3581 ω
1484 3543 1593 3597 τῶν
1621 3543 1770 3612 ἐμῶν
1804 3542 1907 3596 6m-

332 3636 489 3709 ρεῶν.

401 3813 750 3885 Παραδάλλει
791 3815 850 3869 δὲ
883 3813 1079 3869 ἑαυτὸν
1128 3812 1263 3868 ποτὲ
1316 3812 1415 3884 μὲν
1445 3812 1621 3884 ἀνδρὶ,
1663 3811 1911 3897 ὠςχπρδς

332 3908 585 3973 γυναῖκα,
621 3906 753 3960 ποτὲ
802 3906 860 3959 δὲ
906 3905 1165 3979 δεσπότῃ,
1194 3906 1270 3970 ὡς
1316 3904 1452 3976 πρὸς
1494 3892 1910 3968 οἰκέταςίῸύδὲ

334 3998 442 4067 γάρ
478 3997 553 4061 ὼς
583 3998 649 4053 ἀν
694 4014 777 4061 τις
834 3995 1103 4067 δεσπότης
1150 3996 1381 4063 ὀφείλων
1419 3994 1699 4066 ἀπεδόμην
1743 3995 1909 4067 ὑμᾶς.

346 4087 488 4141 Ἀλλ’
513 4087 682 4157 ὑμεῖς
708 4087 803 4141 ἀπ’
834 4088 1012 4159 ἀρχῆς
1035 4090 1115 4150 είς
1142 4086 1298 4149 τέλος
1340 4087 1786 4158 παρανομοῦντες
1814 4088 1910 4141 ἐκ·

335 4178 626 4245 ὁέὸλησθε,
655 4178 981 4246 πραθέντες
1009 4176 1134 4243 τοῖς
1164 4175 1606 4247 ἁμαρτήμασιν,
1652 4174 1731 4242 οἷς
1766 4179 1913 4232 ἐδου·

334 4270 567 4340 λώθητε,
608 4269 813 4340 τούμὸν
865 4268 1032 4341 μέρος
1086 4267 1372 4337 γεγονότες
1428 4267 1767 4332 αύτεξούσιοι
1819 4268 1913 4322 καὶ

2005 3172 2307 3230 Jerusalem
2342 3176 2473 3244 (non
2507 3178 2650 3231 enim
2699 3178 2751 3231 itl
2782 3193 2902 3247 qua:
2936 3195 3029 3249 per
3061 3178 3261 3234 Mosem
3329 3181 3436 3234 lata
3499 3181 3587 3236 lex

2009 3277 2114 3332 est,
2145 3268 2463 3338 signiﬁcat),
2490 3269 2583 3324 sed
2638 3271 3093 3325 consuetudinem
3124 3282 3179 3327 et
3242 3270 3590 3328 familiarita-

2011 3368 2141 3423 tem,
2208 3375 2330 3429 quae
2371 3361 2504 3415 mihi
2558 3362 2865 3427 vobiscum,
2921 3363 3311 3419 intercesserat
3360 3380 3375 3417 ι
3426 3378 3591 3434 quam

2009 3449 2187 3507 Moses
2218 3452 2354 3519 ipse,
2393 3459 2655 3524 tanquam
2685 3470 2904 3524 sponsze
2946 3470 3171 3509 munera
3208 3456 3436 3511 daturus
3495 3470 3591 3511 vo-

2009 3542 2203 3612 bisque
2240 3540 2444 3607 fcrens,
2471 3553 2759 3615 postquam
2784 3546 2934 3600 vituli
2978 3544 3323 3601 confectione
3346 3545 3596 3618 Synago-

2011 3647 2134 3703 gam
2168 3633 2490 3689 fornicatam
2558 3650 2684 3691 esse
2750 3640 3033 3704 sensisset,
3070 3638 3195 3709 quia
3246 3630 3594 3694 meis'donis

2011 3724 2288 3794 indignam
2319 3726 2630 3794 reperisset,
2664 3727 2968 3792 dissipavit.

2083 3813 2306 3869 Confert
2348 3821 2528 3869 autem
2572 3816 2815 3884 seipsum
2850 3832 2972 3870 cum
3011 3817 3128 3870 viro
3174 3817 3492 3888 aliquando,
3532 3826 3595 3873 ut

2012 3919 2239 3961 uxorem
2297 3905 2574 3975 respicit:
2625 3906 2917 3976 aliquando
2971 3908 3132 3961 etiam
3162 3924 3287 3961 cum
3346 3910 3497 3974 hero,
3536 3917 3595 3963 ut

2014 3996 2270 4052 famulos.
2303 3996 2489 4062 Neque
2520 3998 2667 4054 enim
2705 4013 2801 4053 vos
2834 3999 2971 4069 ipse,
2997 3999 3097 4063 ait,
3140 4008 3399 4069 tanquam
3430 4001 3595 4056 herus

2015 4088 2216 4159 aliquis
2243 4088 2539 4155 obseratos,
2589 4089 2645 4143 in
2686 4089 3013 4144 solutionem
3072 4089 3308 4144 tradidi:
3349 4090 3444 4143 sed
3489 4090 3592 4160 ipsi

2014 4197 2113 4252 per
2145 4196 2241 4236 vos
2271 4181 2338 4236 ab
2396 4181 2555 4236 initio
2589 4181 2656 4235 ad
2693 4181 2851 4236 linem
2887 4197 3061 4252 usque
3094 4197 3309 4252 semper
3357 4183 3594 4251 exleges,

2015 4274 2175 4344 ejecti
2223 4276 2398 4340 estis,
2458 4275 2685 4342 peccatis
2742 4276 2926 4331 vestris
2974 4275 3230 4329 nimirum
3290 4276 3595 4341 venundati,

337 4362 633 4432 ἐλεύθεροι.
665 4361 777 4415 Καὶ
800 4359 976 4424 τέλος,
1007 4359 1110 4412 οὐκ
1149 4356 1374 4428 ὤκνησα
1413 4350 1547 4422 Θεὸς
1586 4359 1693 4423 ὢν,
1739 4358 1911 4412 ἐλθεῖν

2018 4366 2217 4436 quibus
2266 4366 2472 4423 servire
2519 4366 2828 4432 maluistis;
2885 4367 3237 4436 quantumvis
3284 4366 3449 4421 vestri
3505 4380 3601 4421 vos

337 4456 473 4522 πρὸς
502 4456 667 4524 ὑμᾶς,
701 4452 1053 4516 ὑποκαταῶς
1083 4452 1184 4523 τῆς
1213 4450 1369 4516 ἀξίας
1404 4451 1504 4521 τῆς
1534 4451 1797 4522 ἐμαυτοῦ,
1819 4454 1913 4506 καὶ

336 4549 627 4620 γενόμενος
659 4545 945 4616 ἄνθρωπος
964 4560 978 4575 ·
1001 4546 1096 4599 καὶ
1123 4542 1412 4599 καλοῦντι
1437 4545 1587 4613 πρὸς
1612 4547 1915 4616 σωτηρίαν

337 4642 647 4710 ὑπήκουσεν
694 4638 888 4702 οὐδείς.
948 4640 1072 4693 Οὐκ
1119 4634 1199 4709 ἦν
1235 4638 1294 4692 δὲ
1336 4637 1666 4707 ἄνθρωπος,
1726 4640 1913 4710 φησὶν,

336 4730 524 4799 ἐπειδὴ
557 4730 617 4782 τὸ
646 4728 914 4798 ἀνήκοον
951 4729 1155 4800 πλῆθος
1214 4728 1359 4783 οὐδὲ
1387 4729 1541 4783 εῖναι
1583 4728 1911 4799 λελόγισται.

338 4820 401 4873 Ol
426 4819 484 4872 δὲ
511 4818 976 4885 ὑπακούσαντες
995 4858 1011 4882 ,
1037 4816 1115 4881 ὡς
1144 4816 1281 4890 πρὸς
1300 4818 1422 4873 ὅλον
1457 4820 1519 4873 τὸ
1545 4818 1696 4884 ἔθνος
1724 4819 1918 4889 ὀλίγοι,

336 4911 409 4975 ὡς
443 4911 517 4982 μὴ
569 4910 924 4982 ἀριθμεῖσθαι
969 4912 1050 4975 είς
1098 4910 1256 4979 λόγον
1312 4911 1406 4965 τοῦ
1449 4911 1655 4976 ἔθνους.
1693 4912 1783 4965 Διὸ
1827 4914 1921 4966 καὶ

339 5003 803 5074 ὑπεξῃρήθησαν,
847 5003 923 5068 ὡς
975 5003 1004 5056 ό
1038 5002 1163 5056 Λὼτ
1216 5004 1325 5057 ἀπὸ
1370 5004 1640 5073 Σοδόμων.
1687 5004 1762 5058 Ού
1809 5004 1918 5075 γὰρ

342 5097 627 5157 τοσούτους
653 5094 762 5148 ἔδει
790 5097 1096 5165 παρασχεῖν
1126 5094 1204 5166 τῷ
1232 5095 1423 5167 Κυρίῳ
1455 5097 1552 5167 τὴν
1594 5096 1759 5165 ἁγίαν
1791 5097 1915 5168 γῆν.

344 5188 506 5243 Ὅθεν
533 5190 626 5242 καὶ
656 5190 880 5259 σημεῖον
909 5189 1010 5259 τῆς
1039 5188 1320 5261 ἀκαρπίας
1352 5190 1524 5261 αὐτῆς
1568 5192 1602 5261 ἡ
1636 5190 1921 5263 ξηρανθεῖ·

345 5298 413 5335 σα
440 5282 603 5352 συκῆ.
624 5281 795 5335 Τοῦτο
815 5281 873 5335 δὲ
900 5282 995 5336 καὶ
1026 5282 1116 5337 διὰ
1133 5284 1233 5354 τῆς
1260 5284 1638 5355 Εύαγγελικῆς
1677 5286 1917 5355 παραδο·

341 5372 441 5445 λῆς
470 5373 577 5428 τῶν
600 5374 1005 5450 παρῃτημένων
1028 5374 1089 5427 τὸ
1120 5373 1335 5429 δεῖπνον
1360 5376 1707 5446 σημαίνεται,
1733 5377 1839 5429 τῶν
1865 5379 1921 5430 ὲν

416 5548 463 5581 ’³
494 5547 629 5603 Dan.
658 5566 719 5615 tt,
746 5550 835 5604 47.
914 5548 957 5578 ⁷⁸
987 5539 1123 5603 Gen.
1163 5563 1274 5610 χιιι,
1308 5548 1327 5600 l
1377 5563 1532 5619 seqq.

2027 4456 2171 4524 juris
2219 4462 2271 4510 et
2316 4454 2600 4528 potestatis
2660 4470 2783 4510 esse
2821 4454 3135 4509 voluissem.
3207 4452 3470 4523 Denique,
3534 4468 3603 4508 ne

2026 4547 2171 4603 Deus
2209 4548 2426 4618 quidem
2473 4549 2589 4618 ipse
2617 4548 2914 4615 exsistcns,
2956 4548 3022 4601 ad
3056 4563 3154 4604 vos
3199 4548 3384 4602 venire
3418 4553 3602 4602 tamen

2026 4638 2239 4701 distuli,
2283 4655 2526 4708 meaeque
2558 4639 2841 4711 dignitatis
2874 4638 3116 4694 fascibus
3156 4639 3469 4703 submissis,
3502 4638 3603 4691 ho-

2029 4745 2119 4784 mo
2156 4732 2292 4797 tieri,
2320 4740 2371 4786 et
2404 4731 2472 4785 ad
2499 4732 2747 4795 salutem,
2783 4732 3036 4787 audiente
3094 4735 3331 4797 nemine,
3398 4746 3602 4787 vocare.

2028 4821 2237 4893 Itaque,
2296 4839 2398 4877 non
2460 4832 2576 4877 erat
2609 4824 2785 4885 homo,
2841 4823 3063 4892 adjicit;
3119 4835 3376 4893 tanquam
3422 4822 3607 4877 multi-

2030 4915 2296 4979 tudinem,
2340 4932 2460 4985 quae
2490 4931 2598 4969 non
2630 4916 2840 4980 audiat,
2867 4933 2970 4970 non
3016 4933 3126 4970 esse
3170 4915 3478 4977 existimet;
3512 4911 3607 4982 qui

2028 5016 2210 5062 autem
2245 5006 2553 5069 audiant,si
2579 5023 2703 5062 cum
2732 5008 2986 5062 universa
3011 5017 3171 5077 gente
3195 5012 3605 5075 comparentur,

2033 5109 2141 5154 tam
2184 5115 2387 5169 paucos
2418 5115 2559 5163 esse,
2614 5109 2676 5154 ut
2729 5100 2783 5154 in
2824 5100 2998 5169 gentis
3029 5098 3294 5151 rationem
3352 5110 3459 5148 non
3512 5110 3605 5148 ve-

2030 5192 2186 5246 niant
2209 5207 2230 5256 ς,
2254 5191 2505 5264 ideoque,
2538 5199 2597 5244 ut
2625 5190 2797 5247 Lotus
2836 5192 2966 5244 olim
3002 5186 3279 5248 Sodomis,
3325 5178 3605 5254 exeinptos

2027 5300 2150 5340 esse
2175 5283 2242 5338 “.
2260 5281 2381 5338 Non
2410 5285 2555 5339 enim
2591 5282 2823 5339 Domino
2852 5291 2960 5336 tam
2994 5279 3198 5334 multos
3217 5286 3416 5332 terram
3446 5291 3608 5330 sanc-

2031 5385 2139 5429 tam
2164 5374 2407 5446 prmbere
2435 5373 2732 5432 decuerat:
2761 5372 2903 5430 unde
2932 5381 2987 5429 et
3026 5369 3335 5427 sterilitatis
3352 5369 3468 5437 ejus
3496 5367 3609 5441 sig-

1686 5642 1917 5696 νΑῐιιτΕ
1962 5634 2367 5697 LECTlONES.

429 5728 447 5774 ι
472 5732 560 5790 ισ.
593 5734 747 5807 πρός.

828 5744 867 5773 ιιι
885 5735 977 5804 ἀφ.
1020 5732 1076 5785 τὸ
1103 5732 1301 5802 εὑρών.
