3976 6220
1547 150 1641 169 Ἰ...

424 218 563 290 2481

1766 227 2115 289 PROCUPII
2150 229 2394 290 (ὶΑΖίΕΙ

3518 243 3637 309 2ιὲῑὸ

426 338 559 384 ιιιιιιι
588 330 795 387 siccam
853 330 1017 389 ticum
1076 332 1377 405 praebuisse
1422 340 1664 392 constat.
1706 336 1860 404 Quod
1911 341 1998 394 illa

2107 343 2224 406 ταῖς
2255 341 2393 406 ὁδοῖς
2420 341 2925 413 ἀντικεκλημένων,
2957 342 3085 412 περὶ
3122 337 3196 398 ὧν
3237 346 3294 397 ἐν
3338 347 3412 417 τῷ
3441 357 3637 421 παρόντι

422 426 589 480 etiam
641 422 921 493 Evangelii
973 426 1232 494 parahoia
1288 427 1633 498 significatur
1686 431 1752 496 ⁷⁵,
1791 431 1842 485 in
1890 448 1999 499 qua

424 515 710 569 nonnullis
740 514 808 570 ad
833 515 1123 587 prandium
1161 517 1348 574 venire
1387 521 1792 586 recusantibus,
1818 523 1907 576 alii
1945 524 1999 577 in

425 621 614 659 eorum
644 606 822 660 lucum
864 607 930 660 de
971 606 1151 662 triviis
1188 620 1575 664 accersuntur:
1606 611 1674 666 de
1710 614 1911 681 quibus
1945 614 2001 667 in

426 695 571 750 hunc
604 695 823 749 modum
853 695 993 766 apud
1022 697 1339 766 prephetatu
1366 700 1529 753 istum
1561 684 1843 769 reperias:
1875 720 1893 752 ι
1916 700 2003 754 ln-

423 795 623 842 ventus
653 802 771 843 sum
797 788 865 842 ab
895 788 1004 855 his,
1039 789 1132 859 qui
1163 805 1246 844 me
1298 804 1405 843 non
1447 792 1796 859 qurerebant:
1847 791 2004 844 inno-

426 880 505 933 tui
539 880 644 941 his,
688 880 780 949 qui
806 896 891 935 me
910 896 1019 936 non
1047 882 1478 951 interrogabant.
1516 882 1632 935 Dixi
1658 902 1670 936 :
1694 883 1834 937 Ecce
1881 897 2001 937 smn

336 1030 345 1039 Ι
425 971 491 1026 ad
522 978 758 1040 gentem,
818 986 939 1042 quae
974 988 1080 1026 non
1133 983 1359 1028 noverat
1422 989 1506 1028 me
1542 974 1641 1027 “.1
1682 972 1755 1028 De
1800 972 2003 1029 .ludreis

426 1072 608 1119 autem
639 1063 718 1119 sic
753 1063 936 1119 addit:
982 1062 1119 1119 Tota
1150 1065 1236 1119 die
1268 1065 1503 1135 expendi
1536 1080 1728 1120 manus
1765 1080 1914 1119 meas
1936 1066 2004 1121 ad

426 1157 690 1228 populum
726 1157 1090 1223 incredulum,
1117 1168 1171 1213 et
1210 1168 1603 1229 repugnantem
1638 1160 1737 1211 ⁷⁷.»
1771 1158 2003 1213 Eosdem

427 1257 479 1302 et
515 1249 568 1303 in
594 1249 903 1321 Evangeliis
934 1259 1193 1319 provocat
1227 1250 1310 1305 his
1342 1251 1564 1306 verbis:
1600 1270 1616 1302 ι
1654 1250 1906 1305 Accedite
1936 1251 2003 1304 ad

429 1358 535 1408 me,
564 1358 755 1397 omnes
799 1344 890 1411 qui
957 1342 1219 1396 laboratis
1265 1350 1319 1396 et
1378 1344 1590 1397 onerati
1637 1343 1791 1404 estis,
1824 1350 1878 1395 et
1907 1357 2006 1410 ego

432 1434 671 1487 reliciam
698 1435 881 1500 vos";
910 1454 927 1484 ι
959 1448 1011 1488 ιιι
1040 1434 1350 1501 sapt-mlius
1392 1435 1663 1489 similibus
1699 1434 2001 1504 permultis.

433 1524 508 1577 An
546 1525 734 1594 igitur,
764 1527 964 1595 inquit,
1008 1528 1136 1596 quia
1180 1541 1401 1580 servare
1457 1542 1555 1580 vos
1586 1540 1694 1579 non
1745 1527 1916 1595 potui,
1952 1524 2004 1577 in

426 1616 801 1685 captivitatem
838 1615 998 1686 572
1030 1618 1166 1701 aptis
1200 1616 1452 1687 ahdugti;
1508 1630 1685 1684 neque
1724 1614 1890 1684 hujus
1922 1625 2006 1686 ty-

2103 434 2364 505 προφήτῃ
2396 433 2564 504 φησὶν
2610 435 2639 487 6
2673 435 2908 507 Χριστός
2929 450 2944 466 ο
2985 455 3004 486 ‹
3036 435 3280 508 Εύριθην
3321 443 3425 503 τοῖς
3462 443 3549 509 ἐμὲ
3576 447 3639 518 μὴ

2102 524 2379 595 ζητοῦσιν.
2412 526 2696 597 Ἐμφανὴς
2725 527 2993 599 ἐγενόμην
3012 528 3125 590 τοῖς
3154 527 3251 598 ἐμὲ
3279 528 3352 599 μὴ
3388 533 3641 603 ἐπερωτῶ-

2104 636 2211 674 σιν.
2240 615 2405 684 Εἷπα,
2423 620 2554 674 Ἰδού
2575 622 2715 690 εἰμι,
2738 620 2818 691 τῷ
2849 619 3016 684 ἔθνει,
3046 621 3096 674 οἳ
3116 621 3216 701 οὐκ
3234 621 3514 690 ﬁnieram
3537 644 3638 696 με.ι

2104 710 2243 780 Περὶ
2275 710 2331 764 δὲ
2366 711 2477 764 τῶν
2518 710 2787 765 Ἰουδαίων
2821 711 3053 781 ἐπάγει·
3094 730 3113 763 ι
3152 710 3318 781 Ὅλην
3338 714 3432 784 τὴν
3458 716 3643 787 ἡμέραν

2104 800 2410 864 ἐξεπέτασα
2439 801 2538 865 τὰς
2570 802 2758 871 χεῖράς
2793 819 2893 872 μου
2916 801 3055 873 πρὸς
3087 800 3214 854 λαὸν
3241 802 3548 859 ἀπειθοῦντα
3567 809 3647 861 καὶ

2106 890 2476 958 ἀντιλέγοντα.
2513 909 2534 944 ι
2578 890 2686 955 Οὓς
2716 893 2810 945 καὶ
2837 893 3018 946 καλῶν
3048 893 3106 946 ὲν
3132 892 3471 961 Εὐαγγελιοις
3492 897 3642 967 ἔλεγε·

2116 1001 2135 1034 ι
2158 982 2323 1036 Δεῦτε
2352 983 2491 1054 πρός
2523 1000 2612 1054 με,
2637 984 2690 1037 οἱ
2745 983 3048 1047 κοπιῶντες
3099 985 3196 1038 καὶ
3239 986 3647 1056 πεφορτισμένοι,

2107 1072 2263 1141 κάγὼ
2290 1072 2592 1127 ἀναπαύσω
2618 1074 2781 1144 ὑμᾶς,
2808 1093 2826 1123 ι
2865 1074 2960 1126 καὶ
2986 1072 3207 1127 τοιαῦτα
3233 1072 3502 1138 πολλάκις.
3528 1075 3648 1128 Ἀλλ’

2107 1166 2215 1235 ἄρα
2252 1165 2326 1235 μὴ
2356 1164 2526 1218 σῶσαί
2558 1181 2682 1236 μου,
2711 1165 2878 1235 φησὶν
2901 1205 2915 1229 ,
2947 1164 3323 1232 ἀσθενοῦντος,
3364 1167 3441 1229 εἰς
3471 1168 3649 1239 αἰχμα-

2106 1257 2307 1310 λωσίαν
2348 1256 2671 1327 ἀπήχθητε;
2717 1257 2813 1311 καὶ
2852 1257 2913 1309 ού
2955 1257 3257 1328 δυνήσεσθε
3306 1259 3530 1328 σωθῆναι
3566 1263 3650 1331 τῆς

2110 1352 2320 1405 ἐκείνου
2355 1350 2702 1422 τυραννίδος,
2733 1350 2891 1403 τοῦτο
2921 1348 3059 1419 πρὸς
3095 1349 3225 1412 τοὺς
3276 1348 3405 1402 Θεὸν
3438 1348 3651 1422 βλασφηο

2112 1443 2348 1513 μοῦντας
2381 1444 2455 1505 ὡς
2487 1443 2549 1495 ού
2584 1441 2879 1511 δυνηθέντα
2929 1443 3099 1495 σῶσαι
3137 1438 3231 1493 τὸν
3272 1439 3424 1501 λαὸν,
3491 1444 3652 1495 ὁποῖον

2108 1538 2203 1588 καὶ
2230 1537 2257 1587 6
2287 1535 2477 1604 Σωτὴρ
2512 1533 2647 1604 πρὸς
2679 1534 2803 1596 τοὺς
2827 1532 3110 1601 οἰομένους
3151 1531 3318 1584 αὐτὸν
3347 1531 3536 1586 ἄκοντα
3561 1533 3653 1585 πά-

2112 1642 2282 1695 σχειν,
2324 1624 2453 1691 περὶ
2486 1623 2588 1693 τῆς
2614 1623 2724 1676 τῶν
2757 1629 2818 1675 ιε’
2860 1633 2889 1661 ιι
2914 1621 3194 1689 λεγεώνων
3225 1622 3359 1692 φησὶ
3398 1624 3653 1693 παραστά-

427 1706 658 1762 raunide
715 1708 938 1762 liberari
972 1709 1261 1779 poteritis?
1317 1707 1373 1762 lu
1424 1707 1776 1778 blasphemos
1839 1706 1998 1775 igitur

2110 1732 2246 1778 σεως
2266 1734 2279 1747 -
2308 1715 2496 1786 ἦγουν,
2527 1713 2716 1785 ἐπειδὴ
2741 1710 2895 1767 εἶπεν
2940 1713 3147 1785 μηδένα
3198 1712 3530 1768 ὑπακοῦσαι
3567 1731 3653 1768 xa-

426 1801 694 1856 adrersus
727 1800 891 1857 Deum
928 1800 1071 1857 istud
1101 1808 1204 1865 est,
1237 1800 1329 1870 qui
1362 1815 1586 1855 servare
1613 1799 1869 1870 populum
1893 1814 2001 1852 non

425 1905 587 1960 posse
615 1889 753 1946 falso
783 1891 1138 1947 arbitrantur.
1171 1891 1343 1957 Quale
1374 1900 1457 1948 est
1486 1899 1539 1945 et
1577 1890 1709 1945 illttd
1742 1890 2005 1945 adversus

424 1995 543 2045 eos,
585 1981 679 2051 qui
713 1979 1052 2036 Salvatorem
1090 1997 1198 2038 non
1234 1992 1431 2052 sponte
1488 1989 1717 2037 mortem
1765 1980 2004 2034 ohivisse

423 2082 707 2144 putarunt,
733 2074 797 2128 de
820 2081 1009 2145 parato
1031 2073 1318 2129 duodecim
1341 2074 1612 2145 legionum
1632 2070 1835 2129 auxilio
1860 2073 2004 2142 ejus-

425 2163 547 2218 dem
580 2178 905 2233 responsum
937 2163 1002 2218 "’.
1044 2161 1141 2218 Vel
1179 2173 1345 2231 certe,
1387 2164 1762 2239 quia'uullum
1806 2179 2001 2219 vocan-

427 2266 530 2310 tem
559 2257 745 2311 audire
782 2257 957 2323 dixit;
991 2265 1351 2328 praeterquam
1382 2257 1528 2328 quod
1566 2273 1727 2313 aures
1760 2257 1865 2313 sibi
1901 2256 2001 2311 ob-

424 2357 703 2414 turaruut,
745 2349 930 2403 omnia
965 2349 1129 2404 etiam
1166 2349 1220 2403 in
1258 2364 1317 2404 se
1348 2362 1540 2417 praeter
1570 2348 1651 2404 fas
1706 2347 2001 2404 admisisse

424 2440 675 2507 indicat;
709 2456 829 2509 quae
863 2450 1045 2495 tamen
1079 2442 1347 2511 patienter
1386 2418 1532 2506 tuiit,
1566 2457 1691 2496 cum
1729 2458 1758 2496 a
1798 2456 1857 2498 se
1886 2458 2002 2497 om-

425 2530 557 2584 nino
583 2545 768 2585 arcere
798 2532 1101 2600 potuisset;
1139 2538 1197 2584 ut
1228 2530 1532 2587 dessiccato
1564 2532 1712 2602 prius
1741 2531 1793 2585 in
1816 2539 2000 2586 trans-

426 2623 564 2676 itum
614 2622 755 2676 mari
785 2622 969 2677 Rubro
996 2640 1011 2691 ;
1038 2632 1095 2676 ιιι
1124 2620 1548 2679 Jordaneﬂuvio
1583 2640 1596 2688 ;
1625 2631 1685 2678 ut
1715 2623 1879 2678 trium
1907 2622 2001 2679 dc-

425 2720 592 2786 nique
624 2714 839 2771 dierum
873 2716 1093 2770 tenebris
1131 2718 1184 2769 in
1216 2715 1453 2787 A‘lgypto
1485 2717 1697 2786 patuit;
1745 2717 1817 2770 ita
1853 2716 1998 2771 enim

425 2808 590 2864 habet
643 2808 958 2882 Symmachi
1001 2810 1411 2880 interpretatio:
1454 2809 1589 2865 Ecce
1638 2811 1995 2879 increpatione

426 2919 542 2958 mea
572 2902 858 2958 dessiccavi
901 2920 1064 2965 mare,
1107 2903 1206 2973 feci
1236 2904 1424 2974 ﬂuvios
1446 2903 1729 2957 desertum.
1771 2903 1924 2969 Quod
1950 2904 1995 2958 si

425 2991 492 3045 ad
539 2992 721 3048 futura
753 2991 984 3057 referas,
1019 2994 1213 3062 Deum,
1264 2995 1311 3050 si
1352 2994 1503 3059 velit,
1532 2993 1743 3049 edicere
1796 2992 1994 3047 similia

424 3099 589 3154 posse
635 3084 1050 3153 intelligendum
1083 3092 1165 3139 est
1211 3103 1223 3139 :
1281 3085 1519 3140 tenebras
1560 3094 1764 3146 autem,
1795 3090 1850 3138 et
1901 3083 1995 3152 qui

377 3236 383 3243 .
423 3189 520 3227 eas
548 3174 753 3241 eprrati
777 3183 925 3239 sunt,
947 3175 999 3228 in
1026 3175 1141 3244 ipsa
1169 3191 1349 3230 rerum
1379 3176 1627 3230 omnium
1646 3176 1998 3245 consumma-

426 3268 573 3321 tione
597 3267 920 3334 dissupatum
949 3268 1054 3332 iri;
1081 3282 1188 3336 quo
1224 3276 1470 3337 tempore
1512 3283 1609 3321 sua
1640 3267 1837 3336 cuique
1877 3267 2000 3320 vita:

426 3359 568 3413 ratio
612 3374 713 3433 pro
777 3359 987 3411 meritis
1041 3357 1318 3413 reddenda
1371 3366 1475 3414 est.
1530 3359 1670 3423 Quin
1713 3365 1766 3412 et
1824 3356 1997 3425 primo

425 3449 600 3516 ipsius
637 3448 871 3511 adventu
908 3449 1237 3516 increpatum
1268 3448 1335 3503 ab
1378 3451 1497 3518 ipso
1523 3464 1669 3502 mare
1691 3448 1986 3517 quievisse,

424 3539 832 3610 iuvisibilesquc
874 3546 1172 3609 potestates
1201 3539 1322 3609 ejus
1344 3522 1581 3608 imperio
1614 3540 1864 3608 paruisse
1900 3534 1997 3591 im-

424 3641 539 3685 tuin
603 3640 707 3696 est,
779 3632 1002 3700 quibus,
1035 3632 1159 3702 quia
1193 3629 1790 3700 JudteisspeCtantibus
1851 3629 1996 3685 edita

423 3731 605 3790 erant,
638 3738 761 3778 cum
812 3724 856 3778 si
911 3724 1202 3789 noluisset,
1254 3738 1546 3793 passurum
1590 3736 1694 3775 uou
1757 3735 1910 3785 esse;
1944 3733 1998 3772 et

422 3829 609 3883 posse,
643 3816 688 3869 si
719 3815 1008 3879 voluisset,
1039 3814 1290 3884 quamvis
1314 3814 1499 3878 homo,
1529 3813 1714 3868 orbem
1748 3812 1997 3866 hunciu~

422 3905 677 3967 feriorom
712 3921 955 3968 servare,
980 3905 1203 3961 eosdem
1228 3920 1337 3960 non
1372 3904 1627 3959 dubitare
1662 3902 1865 3957 decuit.
1893 3901 1995 3956 Ne-

421 4013 529 4068 que
559 3998 842 4054 conversis
871 3996 938 4052 ad
971 3997 1298 4059 itLtautum,
1340 3996 1484 4065 quod
1535 4002 1763 4064 apparet
1795 3992 1995 4057 oculis,

380 4148 383 4153 ι
420 4105 543 4143 eum
574 4104 654 4153 se,
689 4104 799 4143 non
830 4097 1051 4158 propter
1076 4087 1292 4158 egregia
1313 4086 1474 4158 facta,
1494 4085 1590 4141 sed
1615 4092 1835 4154 propter
1855 4084 1998 4138 blas-

420 4180 668 4250 phetuias
685 4181 961 4249 lapidibus
983 4188 1187 4250 petere,
1210 4179 1303 4251 qui
1325 4180 1486 4233 homo
1506 4177 1802 4240 exsistcus,
1825 4175 1993 4230 Deum

420 4287 482 4327 se
510 4272 699 4337 faciat,
760 4274 1136 4343 respondere:
1173 4272 1267 4327 sed
1292 4270 1509 4327 discere
1557 4268 1809 4326 eumdem
1837 4268 1996 4336 plane

2107 1808 2339 1871 λοῦντι,
2370 1806 2645 1860 δείκνυσιν
2663 1806 2738 1870 ὡς
2782 1805 2920 1875 πρὸς
2958 1805 3066 1858 τῶν
3093 1814 3114 1836 °
3148 1803 3224 1874 μὴ
3249 1803 3565 1871 ὑπακοῦσαι,
3595 1804 3655 1858 τὰ

2107 1900 2324 1953 πάντων
2345 1898 2693 1969 ἁθεσμότατα
2718 1899 2838 1952 κατ’
2858 1896 2993 1967 ἐμοῦ
3010 1895 3396 1966 διεπράξασθε.
3415 1896 3518 1947 Καὶ
3539 1895 3655 1967 πρδς

2105 1989 2280 2043 ταῦτα
2301 1990 2378 2053 δὲ,
2410 1987 2596 2059 φησὶν,
2620 1987 2960 2056 ἀνεξικάκως
2981 1986 3238 2059 ὴνέχθην,
3272 1986 3553 2057 δυνάμενος
3568 2004 3660 2058 μη-

2104 2080 2192 2133 δὲν
2222 2081 2359 2142 ὅλως
2391 2079 2616 2132 παθεῖν·
2649 2078 2724 2142 ὡς
2759 2077 2998 2147 ἐδήλωσε
3014 2078 3282 2149 πρότερον
3315 2076 3541 2148 Ἐρυθρά
3573 2077 3654 2148 ξη-

2107 2169 2365 2242 ρανθεῖσα
2390 2169 2526 2242 πρὸς
2552 2169 2801 2226 διάϐασιν
2830 2168 3074 2223 θάλασσα
3100 2186 3113 2200 ο
3148 2169 3247 2223 καὶ
3270 2169 3508 2238 ποταμὸς
3544 2170 3658 2239 Ἰορ-

2103 2260 2270 2330 δάνης
2285 2277 2298 2289 ’
2326 2260 2422 2314 καὶ
2448 2261 2675 2328 σκότος
2696 2261 2993 2332 τριήμερον
3014 2262 3073 2313 ἐν
3089 2259 3354 2331 Αἰγύπτῳ
3371 2248 3655 2330 γενόμενον.

2115 2353 2176 2408 Ὀ
2205 2354 2314 2426 γὰρ
2340 2353 2637 2427 Σύμμαχος
2672 2353 2959 2421 ἐξέδωκεν·
2979 2352 3134 2410 Ἰδοὺ
3161 2354 3234 2407 ἐν
3250 2351 3326 2421 τῇ
3348 2352 3658 2422 ἐπιτιμήσει

2099 2463 2219 2516 μου
2245 2445 2510 2515 ἐξῆραν-α
2539 2444 2880 2510 θάλασσαν,
2915 2444 3173 2513 ἐποίησα
3213 2443 3520 2513 ποταμοὺς
3543 2443 3660 2512 ἐρη-

2098 2557 2238 2625 μονς.
2268 2538 2389 2593 Κᾶν
2419 2540 2511 2593 ὲπὶ
2553 2538 2837 2611 μέλλοντος
2864 2540 2920 2593 δὲ
2950 2538 3164 2611 ληφθῇ,
3209 2539 3433 2608 νοητὲον
3469 2538 3541 2601 ὡς
3578 2534 3660 2589 τοῦ

2100 2629 2259 2696 Θεοῦ,
2282 2632 2328 2683 εἰ
2353 2629 2617 2701 βούλοιτο,
2642 2631 2943 2702 δυναμένου
2968 2631 3195 2701 ποιῆσαι
3212 2631 3288 2684 τὰ
3307 2629 3659 2700 παραπλήσια.

2103 2724 2177 2776 T6
2203 2723 2261 2776 δὲ
2294 2726 2516 2791 σκότος
2543 2724 2638 2779 καὶ
2670 2725 3001 2795 ποιήσαντες
3021 2733 3048 2774 P
3086 2726 3143 2776 ἐν
3163 2726 3230 2795 τῇ
3268 2723 3543 2793 συντελείᾳ
3569 2719 3667 2774 τῶν

2101 2812 2258 2879 ὅλων,
2318 2815 2377 2866 ὲν
2475 2814 2570 2868 καὶ
2598 2814 2660 2867 τὸ
2708 2817 2818 2869 πᾶν
2857 2815 3291 2885 ἀφανισθήσεται
3313 2853 3328 2879 ,
3382 2812 3489 2865 τῶν
3550 2811 3662 2882 βίων

2103 2902 2239 2973 πρὸς
2269 2901 2427 2970 ἀξίαν
2480 2903 2877 2974 εύθυνομένων.
2929 2905 3039 2958 Καὶ
3089 2904 3185 2958 ἐπὶ
3214 2905 3319 2974 τῆς
3363 2901 3579 2972 πρώτης
3616 2899 3664 2952 δὲ

2102 2992 2406 3063 παρουσίας
2435 2994 2833 3063 ἀπειληθεῒσα
2884 2994 3021 3065 πρὸς
3072 2992 3239 3047 αὐτοῦ
3297 2992 3536 3063 ἡσύχασε
3574 2988 3663 3044 θά-

2102 3085 2308 3147 λιιττα,
2346 3082 2441 3136 καὶ
2466 3083 2688 3155 ἀόρατοι
2710 3083 2967 3155 δυνάμεις
2993 3077 3145 3150 εἶξαν
3185 3082 3527 3151 ἑπιτάγματι
3554 3079 3665 3132 διω-

2102 3130 2351 3242 κόμεναι.
2384 3130 2563 3244 Ἀπεὲ
2589 3176 2756 3244 ἐχρῆν
2799 3130 3086 3237 Ἰοθδαίουῖς
3111 3130 3503 3244 ὁρῶνταςζῗμῂ
3518 3171 3665 3239 ἀμφι·
3770 3202 3779 3207 ε
3866 3130 3867 3169 1

2103 3264 2322 3335 σὸητεῖν
2346 3265 2428 3318 ὅτι
2459 3265 2559 3318 οὐκ
2592 3265 2657 3317 ἂν
2683 3263 2907 3330 ἔπαθεν,
2932 3264 3091 3333 εἴπερ
3131 3263 3401 3332 ἠϐούλετο
3420 3280 3433 3295 ο
3485 3260 3575 3315 καὶ
3598 3260 3669 3312 ὅτι

2101 3354 2273 3408 σῶσαι
2298 3354 2521 3408 δύναται
2547 3356 2646 3426 τὴν
2683 3355 2773 3408 ὑπ’
2802 3355 3051 3427 οὐρανὸν,
3082 3357 3129 3408 εἰ
3174 3358 3272 3410 καὶ
3329 3354 3552 3423 γέγονεν
3586 3352 3667 3405 ἄν·

2101 3448 2340 3517 θρωποςσ
2360 3449 2453 3502 καὶ
2477 3449 2552 3520 μὴ
2577 3449 2636 3502 τὸ
2654 3450 2979 3519 φαινόμενον
2999 3448 3245 3520 ὁρῶντας
3273 3447 3485 3516 λέγειν,
3511 3463 3529 3496 ι
3551 3442 3671 3514 Περὶ

2101 3538 2261 3591 καλοῦ
2288 3538 2452 3607 ἔργου
2478 3540 2540 3592 ού
2570 3538 2866 3609 λιθάζομέν
2892 3557 2971 3604 σε,
2998 3539 3133 3593 ἀλλὰ
3157 3539 3292 3608 περὶ
3318 3534 3670 3608 βλασφημίας.

2098 3630 2181 3683 ὅτι
2205 3630 2268 3683 σὺ
2300 3630 2581 3700 ἄνθρωπος
2605 3628 2701 3696 ὢν,
2735 3633 2911 3695 ποιεῖς
2945 3629 3172 3684 σεαυτὸν
3203 3630 3378 3684 Θεὸν·
3410 3648 3428 3680 ι
3454 3628 3567 3681 δέον
3586 3639 3672 3694 μα-

2100 3720 2232 3786 θεῖν,
2264 3702 2536 3785 ὼςθαύτὸς
2565 3723 2593 3774 6
2620 3719 2794 3774 λαλῶν
2825 3722 3074 3793 πάρειμι,
3103 3721 3213 3783 ὀτά
3236 3720 3415 3774 πάλαι
3453 3718 3673 3786 θαυματ-

2098 3813 2394 3882 ουργήσας,
2423 3810 2460 3865 ἃ
2504 3811 2654 3883 δηλοῖ
2705 3812 2796 3866 καὶ
2847 3812 3010 3866 Δαϐὶδ
3037 3811 3245 3879 λέγων’
3287 3829 3307 3861 ι
3340 3809 3409 3862 τι
3437 3806 3550 3861 ἐστί
3578 3821 3668 3865 σοι,

2099 3900 2365 3964 θάλασσα,
2398 3900 2478 3953 ὅτι
2506 3900 2743 3969 ἕφυγες;
2779 3902 2980 3967 καὶσὺ,
3038 3899 3308 3971 Ἶορδάνη,
3354 3900 3440 3953 ὅτι
3483 3892 3672 3964 ἀνεχώ-

2100 4009 2274 4063 ρησας
2296 3992 2377 4055 εἰς
2405 3992 2473 4045 τὰ
2503 3991 2713 4058 ὀπίσω;
2742 4011 2760 4042 ι
2792 3992 3086 4047 καῖπάλιν·
3118 4010 3138 4043 ι
3166 3991 3389 4045 Ἶδοσὰν
3413 4006 3474 4042 σε
3499 3987 3668 4045 ὕδατα,

2096 4082 2125 4135 6
2154 4082 2304 4147 Θεὸς,
2342 4093 2369 4132 ει
2406 4082 2683 4138 ῐδοσάνσε
2737 4083 2924 4150 ὕδατα,
2960 4085 3055 4138 καὶ
3105 4081 3493 4154 ἐφοϐήθησαν.
3528 4099 3547 4132 ι
3582 4078 3674 4131 Καὶ

2098 4172 2340 4242 περὶτοῦ
2384 4174 2653 4244 Ἰορδάνου
2685 4174 2846 4229 πάλιν
2871 4191 2882 4205 ο
2922 4193 2941 4226 ι
2980 4176 3052 4229 Σὺ
3082 4173 3365 4247 ὲξήρανας
3408 4169 3673 4240 ποταμοὺς

2110 4264 2314 4333 Ἦθὰμ,
2351 4283 2371 4317 ι
2397 4265 2541 4320 τοῦτ’
2579 4265 2695 4319 ἔστι
2726 4268 2851 4330 τοὺς
2880 4269 2937 4321 ὲν
2962 4268 3044 4339 τῷ
3075 4268 3234 4338 νότῳ.
3270 4269 3340 4321 Et
3371 4267 3448 4337 μὴ
3474 4264 3579 4333 ἄρα
3602 4277 3673 4322 τις

419 4379 564 4430 esse,
598 4365 689 4434 qui
729 4380 970 4434 praesens
1010 4364 1138 4418 olim
1162 4378 1226 4418 ea
1251 4361 1415 4417 etiam
1442 4360 1708 4417 miracula
1730 4365 1993 4429 patrarat,

2103 4358 2194 4412 καὶ
2220 4356 2307 4411 διὰ
2349 4357 2552 4411 τούτων
2583 4350 2907 4413 θάλασσαν
2954 4359 3051 4429 μὲν
3099 4357 3577 4427 ξηραινομένην,
3619 4350 3675 4404 τὰ

418 4455 486 4513 de
507 4456 708 4524 quibus
738 4456 809 4509 ita
833 4456 974 4525 apud
1001 4454 1257 4510 Davidem
1286 4454 1517 4524 legimus
1538 4470 1580 4506 ιι
1607 4450 1851 4518 Quidest
1874 4450 1996 4514 tibi,

2103 4451 2277 4524 πλήθη
2305 4452 2412 4506 τῶν
2431 4452 2645 4507 ἀσεϐῶν
2672 4454 2839 4507 ἐθνῶν
2860 4453 3194 4508 αἰνίττεσθαι
3234 4453 3495 4527 φήσειεν,
3512 4462 3678 4504 ποτα-

419 4562 590 4611 mare,
623 4548 767 4616 quod
792 4547 1013 4617 fugisti?
1034 4546 1099 4600 Et
1121 4555 1201 4612 tu,
1238 4543 1663 4613 Jordanis,quia
1698 4556 1998 4597 conversus

2103 4544 2249 4613 μοὺς
2278 4543 2336 4597 δὲ
2352 4545 2633 4614 ἐρήμους,
2647 4547 2777 4610 τοὺς
2792 4546 2960 4601 πάλαι
2985 4545 3195 4600 κατασύ
3205 4562 3410 4617 ροντας
3435 4546 3517 4606 εἰς
3539 4541 3675 4595 εἰδω-

417 4653 484 4692 es
535 4648 837 4693 retrorsum
866 4639 950 4693 δοῖ
984 4659 1003 4691 ι
1044 4639 1250 4693 Deinde
1286 4654 1300 4692 :
1330 4655 1349 4688 ι
1418 4635 1686 4690 Viderunt
1735 4642 1789 4689 te
1820 4648 1997 4704 aquae.

2103 4638 2413 4709 λολατρείαν
2435 4639 2626 4708 λόγους
2652 4656 2668 4672 ο
2698 4641 2912 4710 ιχθύας
2935 4639 2993 4693 δὲ
3016 4643 3224 4694 τούτων
3247 4638 3469 4693 ἀπολλυ
3477 4637 3677 4708 μένους.

416 4728 585 4793 Deus,
608 4729 858 4783 viderunt
888 4738 943 4783 te
962 4745 1136 4798 aqum.
1166 4739 1219 4782 et
1244 4730 1543 4783 timuerunt
1564 4726 1660 4779 ⁸⁸.»
1683 4728 1749 4782 Ει
1776 4739 1998 4781 rursum

2106 4730 2206 4794 τὰς
2254 4730 2528 4801 ἑρπούσας
2579 4734 2638 4786 ὲν
2687 4733 2808 4795 ταῖς
2841 4731 2949 4784 τῶν
2978 4731 3154 4784 ἀθέων
3195 4729 3408 4801 ψυχαῖς
3436 4728 3678 4812 δύναμεις

416 4817 484 4872 de
518 4815 789 4871 Iordane:
827 4836 846 4868 ι
884 4816 966 4870 Tu
1020 4818 1244 4872 elevasti
1295 4816 1488 4870 ﬂuvios
1533 4816 1752 4870 Ethami
1780 4817 1848 4880 υ,
1883 4835 1901 4866 ι
1940 4816 1992 4869 id

2103 4821 2367 4892 πονηρὰς.
2394 4821 2523 4874 ἔνθα
2545 4822 2639 4875 καὶ
2666 4824 2695 4875 6
2718 4822 2935 4894 δράκων
2956 4820 3256 4892 διατρίϐειν
3288 4819 3522 4892 ὲρῤἑθη,
3556 4814 3679 4869 κατά

413 4914 518 4973 est,
562 4907 859 4963 australes.
889 4905 1073 4962 Nisisi
1108 4907 1231 4977 quis
1257 4906 1419 4960 etiam
1445 4922 1538 4976 per
1568 4921 1713 4960 mare.
1735 4906 1995 4960 dessicca-

2103 4913 2180 4980 τὸ,
2215 4933 2233 4966 ι
2272 4913 2422 4985 Αὕτη
2449 4915 2481 4985 ἡ
2513 4915 2755 4969 θάλασσα
2784 4916 2817 4986 ὴ
2871 4914 3083 4986 μεγάλη
3139 4915 3235 4969 καὶ
3277 4912 3624 4984 εὐρύχωρος.
3655 4923 3671 4955 ³

419 5009 549 5066 tum,
584 4999 874 5070 impiarum
904 5000 1143 5068 gentium
1179 4999 1580 5054 multitudinem
1623 4998 1770 5055 dicat
1799 5000 1992 5054 adum-

2103 5004 2197 5057 καὶ
2219 5005 2289 5058 τὰ
2311 5006 2447 5076 μετὰ
2471 5005 2659 5059 ταῦτα.

416 5093 598 5161 lirari;
631 5108 728 5164 per
745 5093 931 5162 ﬂuvios
960 5102 1141 5148 autem
1164 5092 1419 5157 desertos,
1451 5095 1699 5148 nationes
1725 5109 1842 5156 cas,
1913 5094 2112 5164 quibus
2179 5095 2248 5150 ad
2301 5098 2567 5152 idolorum
2633 5100 2836 5152 cultum
2876 5097 3094 5155 adducti
3126 5106 3298 5161 sunt;
3338 5110 3441 5166 per
3522 5092 3677 5159 ρὶιεεε

416 5196 545 5238 vero
590 5194 906 5253 pereuntes,
954 5185 1126 5239 malas
1158 5192 1483 5255 potestates,
1525 5194 1901 5255 quze‘serpuut
1935 5186 1988 5239 in
2029 5188 2228 5243 animis
2260 5188 2581 5244 athcorum:
2618 5190 2708 5244 tibi
2744 5199 2797 5242 ct
2842 5190 3009 5245 draco
3083 5187 3244 5260 573
3327 5187 3455 5257 ipse
3498 5183 3680 5255 degere

415 5276 596 5331 dictus
625 5287 709 5333 est
733 5277 920 5347 ;juxta
952 5277 1081 5333 illud
1107 5293 1120 5330 :
1154 5296 1171 5329 ι
1206 5275 1319 5331 Hoc
1342 5290 1488 5331 mare
1513 5290 1767 5347 magnum
1791 5285 1845 5332 et
1863 5278 2167 5347 spatiosum
2198 5280 2298 5345 ⁸⁸,ι
2338 5289 2390 5334 et
2415 5298 2535 5350 qua:
2565 5281 2842 5352 deinceps.

1779 5391 1824 5422 ἠ
1861 5390 1993 5445 ibid.
2031 5391 2084 5445 Ξ.
2122 5446 2127 5455 _
2218 5394 2266 5426 ⁷⁸
2299 5392 2487 5449 Matth.
2516 5409 2593 5460 XI,
2618 5394 2706 5450 28.
2813 5395 2856 5425 '9
2889 5392 3078 5449 Matth.
3110 5406 3259 5458 uri,
3294 5390 3396 5446 55.
3476 5388 3525 5421 ‘°
3544 5383 3667 5441 Psal

486 5387 535 5420 "
566 5386 699 5444 Luc.
748 5406 856 5453 xiv,
901 5391 967 5444 16
1023 5408 1175 5461 seqq.
1253 5392 1298 5423 ⁷⁸
1340 5389 1442 5446 lsa.
1469 5408 1590 5448 ωιν.
1629 5391 1680 5444 1.
1779 5391 1824 5422 7'
1861 5390 1993 5445 ibid.

486 5472 562 5520 tu,
602 5458 656 5513 5.
732 5459 775 5491 ⁸⁸
809 5461 952 5516 Psal.
989 5477 1176 5520 Lxxn.
1202 5463 1288 5515 i7.
1399 5463 1445 5494 ⁸⁸
1487 5462 1628 5515 Psal.
1662 5477 1853 5519 eum.
1886 5460 1972 5513 15.

2122 5446 2127 5455 ,
2218 5394 2266 5426 ⁷⁸
2299 5392 2487 5449 Matth.
2516 5411 2529 5447 ι

2130 5462 2274 5517 Psal.
2312 5479 2428 5520 cm.
2459 5466 2529 5520 25

2175 5479 2274 5517 sal.
2312 5479 2428 5528 CHI,
2459 5479 2548 5520 τιδ-

415 5472 562 5524 cxm,
602 5458 656 5513 5.
732 5459 775 5491 ⁸⁸
809 5461 952 5516 Psal.
989 5458 1176 5530 Lxxi‘i,
1202 5463 1288 5515 i7.
1399 5463 1445 5494 ⁸⁸
1487 5462 1628 5515 Psal.
1662 5477 1853 5519 eum.
1886 5460 1972 5513 15.

1010 5608 1019 5611 _
1216 5630 1226 5639 .
1682 5552 1919 5607 νΑιιιᾹε
1962 5552 2362 5612 LECTIUNES.

490 5648 517 5682 ι
544 5642 627 5700 ῖσ.
658 5641 730 5712 ιβ.
811 5651 835 5676 ⁰
857 5660 944 5710 γρ.
977 5644 1075 5714 τῷ-
1128 5655 1155 5693 ιτ
1186 5662 1274 5712 γρ.
1309 5647 1535 5714 ποιήσας
1564 5643 1714 5700 αὐτό.
1773 5655 1799 5694 (ι
1828 5664 1909 5715 ςγι.
1932 5646 1979 5697 εἰ
2006 5646 2074 5700 εἰ.
