3976 6220
283 317 418 381 2489

1419 319 1831 381 COMMENTA
1845 324 1956 385 RH
1996 326 2073 385 IN
2122 326 2410 389 ISAIAM.

3397 337 3540 402 2490

348 432 573 499 Τούτοις
601 433 660 489 δέ
692 435 803 499 τοῖς
835 434 943 505 τῆς
984 437 1284 506 θαλάττης
1317 438 1523 507 ἰχθύσι
1558 440 1650 493 καὶ
1690 442 1857 512 ἐρπε-

2036 440 2173 499 Istos
2202 458 2368 513 porro
2388 444 2557 514 pisces
2592 449 2825 503 marinas
2854 457 2908 505 et
2942 460 3221 522 serpentes
3254 468 3361 509 non
3397 453 3539 517 luce,

261 528 393 609 ,τοῖς
418 528 448 583 ό
467 526 628 597 λόγος
676 527 894 582 ἀπειλεῖ
917 530 1202 596 σκότους,
1241 530 1303 584 οὐ
1333 532 1510 601 φωτὸς
1546 535 1726 604 πλήρη
1764 534 1861 606 θή-

283 635 391 675 σειν
414 620 508 674 τὸν
534 618 764 691 οὐρανόν
785 636 801 651 ’
833 621 1010 686 εἴποις
1039 622 1083 675 δ’
1112 621 1179 676 ἂν
1208 622 1369 675 πάλιν
1389 622 1716 678 θάλασσαν
1739 626 1858 695 μὲν,

258 709 376 780 ’τὴν
402 709 513 764 τῶν
559 710 831 768 Ἰουδαίων
851 711 1253 785 πολυπληθείαν
1274 728 1290 745 ο
1321 716 1600 783 ποτα-μους
1626 715 1704 778 δὲ,
1736 717 1862 781 τοὺς

283 802 543 875 πρότερον
596 804 784 866 αὐτοῖς
827 802 1021 874 λόγους
1049 805 1493 875 χορηγουμένους
1513 822 1527 835 ·
1559 806 1747 876 ίχθύας
1780 809 1858 871 δὲ,

282 893 407 956 τοὺς
444 894 924 966 μαθητευομένους
947 897 1069 960 ταῖς
1104 895 1428 960 Ἰουδαῖκαῖς
1451 897 1818 967 παραδόσεων
1843 914 1859 930 ο

283 974 355 1036 ὧν
385 982 450 1053 δὴ
508 983 764 1054 προλέγει
809 984 1028 1039 πάντων
1091 984 1420 1056 ἀφανισμὸν,
1467 986 1563 1039 καὶ
1617 987 1678 1039 τὺ
1726 989 1862 1040 πᾶσι

283 1075 505 1141 σκότος
564 1076 927 1141 ἐπιπολάσαν,
983 1077 1084 1131 οὐκ
1142 1077 1404 1145 οὐρανοῦ
1447 1078 1860 1144 σκοτισθέντος,

284 1165 396 1220 ἀλλ’
425 1166 609 1229 αὐτοῖς
640 1166 869 1231 ἐκείνοις
923 1167 1260 1223 ἐπιπολάσαν
1295 1178 1317 1205 τ
1341 1168 1528 1239 ὥσπερ
1561 1158 1862 1232 σκοτώδους

285 1254 660 1325 καλύμματος.
698 1256 790 1309 Διὸ
838 1257 898 1309 ού
933 1258 1180 1330 ποιήσειν
1219 1258 1345 1328 ἐφη,
1377 1257 1493 1311 ἀλλ’
1530 1258 1781 1312 ἔνδυσιν
1817 1268 1862 1324 ι’,

285 1346 687 1417 ὑποδραμόντος
711 1347 910 1420 δηλαδὴ
928 1347 1034 1403 τοῦ
1050 1352 1311 1414 σκότους
1331 1350 1472 1403 κατὰ
1492 1350 1601 1402 τῶν
1628 1350 1864 1413 ἀναξίων

286 1436 479 1505 φωτός.
527 1437 583 1491 Ὀ
611 1436 665 1490 δὲ
689 1436 940 1505 σάκκος,
973 1438 1203 1502 πένθους
1234 1439 1529 1509 σύμϐολον,
1566 1440 1656 1494 διὰ
1678 1441 1739 1494 τὸ
1772 1442 1865 1494 καὶ

286 1527 382 1590 τὰς
404 1527 692 1598 οὐρανίους
719 1529 978 1600 δυνάμεις
1004 1530 1217 1583 πενθεῖν
1235 1531 1415 1585 αὐτῶν
1444 1532 1543 1603 τὴν
1567 1530 1861 1585 ἀπώλειαν.

288 1619 594 1690 Δυνάμενος
638 1620 752 1687 οῦν,
801 1622 955 1692 φησὶ,
992 1621 1066 1693 μὴ
1104 1622 1318 1688 παθεῖν,
1365 1624 1428 1677 τὸ
1458 1624 1619 1693 σῶμά
1657 1640 1761 1694 μου
1789 1625 1866 1694 τῷ

288 1710 447 1765 πάθει
482 1712 793 1782 παρέδωκα.
828 1713 997 1766 Τοῦτο
1030 1713 1137 1784 γὰρ
1167 1714 1341 1767 ἐδόκει
1388 1733 1491 1786 μου
1518 1714 1594 1785 τῷ
1640 1716 1861 1785 Πατέρι.

287 1805 375 1859 Διὸ
421 1804 516 1858 καὶ
566 1802 1041 1877 κατηγορούμενος
1099 1809 1372 1873 ἐσιώπων,
1424 1809 1663 1878 ὑπήκοος
1716 1807 1860 1879 αύτῷ

1968 1817 2169 1871 corpus
2222 1801 2339 1870 ipse
2376 1818 2555 1856 meum
2594 1805 2758 1858 morti
2809 1805 3029 1859 tradidi.
3089 1804 3165 1859 ita
3196 1805 3342 1860 enim
3395 1802 3551 1862 Patri.
3660 1850 3681 1865 ,

290 1895 448 1965 μέχρι
472 1894 701 1948 θανάτου
760 1896 1062 1967 γινόμενος,
1114 1897 1268 1961 εἰδὼς
1297 1900 1372 1961 ὡς
1410 1897 1562 1952 ἔσται
1601 1898 1690 1967 μοί
1732 1914 1860 1950 ποτε

288 1987 476 2056 καιρὸς
504 1986 627 2040 καθ’
656 1986 715 2040 ὃν
756 1967 863 2040 οὐκ
912 1988 993 2041 ἐτι
1026 1989 1323 2059 σιγήσομαι
1361 1987 1654 2058 γλῶσσαν
1680 1988 1863 2041 λαόὼν

287 2076 437 2149 παρὰ
469 2076 564 2130 τοῦ
595 2078 836 2150 Πατέρος
894 2081 952 2132 ἐν
1003 2078 1181 2150 καιρῷ
1200 2079 1404 2150 λέγειν
1450 2081 1820 2151 ἐπισταμένην
1844 2096 1858 2109 °

284 2171 374 2225 ὅτε
403 2188 507 2240 μου
540 2156 816 2241 πανταχοῦ
836 2172 935 2243 τῆς
963 2172 1291 2244 Ἐκκλησίας
1322 2172 1742 2243 καθιδρυμένης,
1775 2172 1862 2225 διὰ

284 2259 392 2313 τῶν
444 2258 593 2329 ἐμῶν
653 2259 919 2333 βοήσομαι
972 2260 1230 2332 μαθητῶν
1290 2264 1456 2316 πᾶσιν
1510 2261 1717 2315 ἔθνεσιν
1770 2261 1861 2313 τὸν

285 2350 526 2420 ἐμαυτοῦ
569 2351 853 2422 γνωρίζων
888 2352 1129 2424 Πατέρα,
1159 2353 1323 2406 αὐτοῦ
1371 2371 1460 2423 μοι
1503 2353 1858 2424 χαριζομένου

285 2442 379 2496 καὶ
408 2437 529 2496 ὦτα
548 2442 909 2512 ἀκουστικὰ,
946 2444 1047 2515 τῆς
1072 2446 1211 2516 ἐμῆς
1242 2446 1488 2499 συνιέντα
1516 2445 1861 2508 διδασκαλίας

284 2533 374 2588 τὸν
404 2535 548 2601 νοῦν,
583 2535 723 2590 κατὰ
783 2536 862 2602 τὸ,
906 2556 924 2588 ι
954 2537 1063 2590 Καὶ
1112 2537 1323 2591 ἔσονται
1369 2538 1571 2601 πάντες
1622 2537 1861 2591 διδακτοὶ

281 2623 443 2693 Θεοῦ,
483 2643 502 2678 ι
538 2626 684 2696 ἆπερ
740 2627 869 2695 ταῖς
894 2628 1162 2694 ἐωθιναῖς
1185 2628 1362 2697 ὥραις
1394 2628 1856 2700 προσεδρεύοντα,

282 2717 654 2785 παιδεύσεως
674 2720 770 2790 τῆς
786 2718 921 2789 ἐμῆς
950 2718 1341 2790 μεταλήψεται.
1371 2721 1428 2773 '0
1454 2720 1514 2773 δέ
1542 2721 1856 2792 Σύμμαχος,

286 2809 508 2876 Ἕθηκέ
541 2826 638 2878 μοι
672 2809 824 2876 πρωῒ
842 2811 1000 2880 τύρῳ
1029 2811 1194 2880 φησίν
1225 2812 1266 2865 ⁸.
1299 2811 1357 2865 Ὀ
1387 2811 1444 2865 δὲ
1481 2810 1735 2876 Ἀκύλας,
1765 2813 1861 2866 Ἑν

283 2899 436 2968 πρωῒ
455 2898 718 2970 ἐξεγερεῖ
728 2918 832 2969 μοι
881 2900 1058 2955 ὠτίον⁴
1104 2901 1211 2955 τοῦ
1263 2902 1525 2958 ἀκούειν.
1565 2897 1723 2958 Οὗτοι
1751 2904 1861 2974 γάρ

288 3008 377 3063 μοι
428 2991 545 3047 ἀνθ’
594 2991 748 3062 ὑμῶν
806 2993 915 3047 τῶν
974 2993 1051 3065 μὴ
1116 2995 1465 3049 ἀκουσάντων
1514 2997 1857 3068 γενήσονται,

287 3083 759 3155 προσεδρευόντων
797 3085 886 3138 ἀεὶ
908 3088 1023 3149 ταῖς
1065 3085 1156 3139 τοῦ
1183 3086 1351 3157 νόμου
1385 3089 1584 3150 σκιαῖς.
1631 3089 1859 3141 Ἐκεῖνοι

1962 534 2056 589 sed
2087 533 2329 589 tenebris
2370 534 2567 590 coelum
2621 538 2916 597 referturos
2948 558 3072 599 esse
3112 546 3284 599 oratio
3321 545 3543 598 minita-

1962 635 2069 682 tur.
2098 627 2377 697 intelligas
2404 643 2535 683 vero
2559 637 2613 684 et
2642 631 2808 684 maris
2834 633 3053 701 quidem
3082 635 3324 699 nomine,
3348 635 3540 702 ingen-

1960 724 2069 771 tem
2122 714 2434 771 Iudaeorum
2472 717 2872 773 multitudinem
2900 761 2915 786 ,
2966 737 3063 791 per
3094 721 3289 778 ﬂuvios
3336 733 3540 785 autem,

1961 823 2055 862 eos
2094 809 2268 878 ipsos,
2310 810 2403 879 qui
2446 809 2600 878 prius
2648 811 2758 866 illis
2792 812 3036 868 rationes
3084 813 3540 884 suppeditarunt;

1962 912 2058 966 per
2085 898 2267 968 pisces
2302 900 2559 969 denique,
2587 914 2682 955 eos
2709 901 2803 969 qui
2848 899 3166 956 Judaaorum
3216 904 3542 959 traditiones

1962 986 2283 1043 docentibus
2309 988 2433 1044 aliis
2469 989 2815 1044 didicerunt:
2842 1005 2981 1060 quos
3007 1006 3199 1048 omnes
3222 992 3544 1048 iuterituros

1964 1078 2232 1148 praedicit,
2258 1079 2502 1148 fereque,
2537 1087 2597 1133 ut
2644 1079 2869 1134 tenebra:
2899 1080 2955 1135 in
2987 1097 3177 1138 oumes
3204 1097 3309 1145 non
3341 1083 3545 1139 obscu-

1965 1178 2086 1224 rato
2119 1171 2340 1239 quidem
2398 1172 2550 1235 cwla,
2587 1174 2682 1228 sed
2717 1173 2882 1228 veluti
2933 1174 3226 1229 tenebroso
3275 1173 3555 1231 velamine

1965 1263 2148 1333 aliquo
2197 1262 2416 1332 objecto
2447 1262 2846 1318 diﬂ'uudantur.
2878 1263 3055 1334 Atque
3097 1264 3222 1320 inde
3256 1274 3362 1332 est,
3397 1266 3545 1336 quod

1965 1369 2072 1408 non
2108 1354 2382 1409 facturum
2409 1371 2491 1421 se,
2520 1354 2614 1410 sed
2648 1354 2959 1409 indutui-um
2988 1354 3147 1420 dixit,
3176 1365 3233 1410 ut
3264 1372 3359 1412 eos
3388 1356 3543 1410 vide-

1965 1444 2110 1507 licet.
2142 1446 2236 1515 qui
2268 1446 2390 1500 luce
2431 1445 2638 1514 indigni
2680 1453 2830 1510 sunt,
2871 1445 3092 1501 tenebrae
3136 1447 3417 1505 invadant.
3446 1445 3544 1503 Est

1964 1550 2094 1591 vero
2121 1552 2307 1590 saccus
2354 1536 2534 1590 luctus
2571 1536 2833 1591 indicium
2886 1546 2939 1592 et
2979 1538 3216 1608 signum,
3251 1546 3310 1591 ut
3352 1552 3542 1593 eormn

1968 1626 2245 1678 interitum
2289 1626 2436 1694 ipsas
2479 1627 2641 1680 etiam
2673 1626 2936 1681 caalorum
2968 1631 3198 1683 virtutes
3242 1629 3424 1698 lugere
3464 1627 3543 1682 si-

1968 1712 2280 1782 gniticetur.
2312 1711 2447 1767 Cum
2503 1728 2717 1780 possem
2773 1714 2938 1784 igitur
2971 1730 3077 1769 nou
3126 1716 3289 1777 mori,
3340 1716 3538 1783 inquit,

1964 1908 2086 1947 meo
2126 1894 2300 1948 visqu
2329 1900 2434 1948 est.
2479 1894 2666 1963 Itaque
2691 1896 2849 1949 etiam
2884 1911 3007 1949 cum
3046 1910 3360 1958 accusarer,
3398 1904 3541 1949 tace‘

1963 1984 2109 2050 bam,
2141 1985 2314 2041 eidem
2344 1986 2410 2039 ad
2442 1998 2665 2040 Illttl‘lcm
2702 2003 2876 2057 usque
2908 2001 3113 2041 morem
3166 2003 3360 2059 gerens
3390 2004 3405 2052 ;
3444 2003 3544 2041 nec

1962 2075 2223 2130 dubitans
2240 2074 2371 2129 (ονε
2403 2075 2789 2145 mibiJempus
2816 2077 3135 2147 aliquando,
3169 2092 3277 2147 quo
3307 2077 3486 2144 lingua
3513 2089 3543 2126 a

1964 2164 2126 2218 Patre
2161 2172 2409 2233 accepta,
2445 2180 2564 2233 quae
2593 2164 2840 2235 loquendi
2878 2166 3354 2236 tempestivitatem
3396 2165 3543 2218 cale—

1960 2266 2063 2321 ret,
2094 2257 2225 2311 mihi
2268 2257 2504 2326 amplius
2535 2257 2824 2312 tacendum
2883 2274 2988 2312 non
3013 2268 3159 2313 esset
3200 2258 3417 2326 quando
3459 2257 3544 2309 ui-

1963 2353 2161 2406 mirum
2194 2351 2446 2409 stabilita
2467 2351 2669 2421 ubique
2692 2349 2960 2413 Ecclesia,
2991 2365 3087 2418 per
3108 2364 3259 2404 mens
3286 2350 3404 2416 ipse
3428 2349 3543 2401 dis-

1960 2444 2176 2511 cipulos
2210 2443 2469 2511 gentibus
2499 2442 2753 2495 omnibus
2783 2441 2996 2494 Patrem
3025 2455 3206 2495 meum
3241 2440 3543 2509 praedicans

1960 2532 2227 2597 clamabo,
2257 2532 2498 2599 mihique
2534 2532 2664 2585 item
2695 2528 2880 2583 audire
2914 2529 3142 2584 valentes
3175 2545 3353 2594 aures,
3380 2529 3432 2583 id
3459 2537 3545 2583 est

1959 2624 2262 2694 disciplina:
2292 2639 2425 2678 meae
2456 2639 2687 2692 capaces
2730 2623 2966 2688 animas,
3008 2623 3163 2691 justa
3214 2622 3381 2676 illud:
3416 2639 3435 2673 ι
3473 2618 3543 2694 Et

1959 2723 2121 2771 erunt
2141 2730 2330 2769 omnes
2347 2714 2608 2769 docibiles
2638 2713 2826 2778 Deo”,
2863 2733 2880 2765 ι
2914 2715 3343 2784 largietur:qua:
3374 2688 3559 2766 matur

1962 2811 2090 2865 tim's
2117 2810 2261 2863 horis
2292 2816 2511 2863 attentae
2554 2808 2893 2877 disciplinam
2934 2824 3109 2864 meam
3155 2819 3540 2879 assequentur.

1960 2900 2161 2957 Verum
2200 2900 2344 2970 quod
2374 2900 2593 2956 Addidit
2635 2899 2765 2953 mihi
2815 2917 2969 2955 mane
3017 2903 3315 2963 scientiam.
3367 2900 3534 2955 habet

1964 2990 2351 3063 Symmachus,
2379 2988 2540 3044 Mane
2562 2990 2811 3044 excitavit
2843 2990 2970 3045 mihi
2998 3008 3179 3045 aurem
3206 2991 3274 3045 ad
3314 2981 3540 3049 (iudicu-

1963 3082 2112 3148 dum,
2159 3080 2298 3135 dixit
2327 3080 2571 3150 Aquiias.
2607 3080 2672 3134 lli
2707 3082 2979 3150 siquidem
3012 3082 3143 3136 mihi
3166 3085 3219 3138 in
3251 3084 3427 3138 locum
3455 3099 3546 3140 ve-

287 3144 345 3227 ei
367 3144 721 3239 robe-stimo;
776 3177 855 3241 είς
910 3144 1171 3248 ἀλήθειαν
1214 3144 1589 3248 πινευματικης
1629 3178 1860 3248 θεωρίας

1966 3181 2144 3227 strum
2177 3171 2392 3226 venturi
2427 3180 2575 3236 sunt,
2601 3171 2695 3241 qui
2714 3188 2798 3226 me
2829 3187 2937 3225 non
2973 3171 3247 3238 audistis;
3279 3172 3374 3228 sed
3410 3173 3544 3243 legis

288 3265 613 3332 ἐκδέξονται,
683 3267 837 3339 ὑμῶν
906 3270 1377 3340 παρακουσάντων
1424 3287 1526 3341 μου
1580 3270 1856 3339 λέγοντοςο

293 3375 313 3410 ι
336 3357 624 3429 Ἐρευνᾶτε
656 3357 758 3422 τὰς
776 3359 1021 3429 Γραφὰς,
1046 3361 1128 3414 ὅτι
1158 3362 1216 3414 ἐν
1238 3361 1430 3425 αὐταῖς
1461 3360 1669 3415 δοκεῖτε
1720 3360 1863 3431 ζωὴν

287 3447 505 3503 αἰώνιον
535 3448 705 3519 ἔχειν,
744 3451 837 3503 καὶ
870 3449 1029 3504 αύταί
1076 3453 1212 3504 εἰσιν
1244 3453 1303 3505 αί
1341 3452 1714 3522 μαρτυροῦσαι
1736 3451 1865 3522 περὶ

287 3541 445 3611 ἐμοῦ,
466 3540 563 3595 καὶ
587 3542 649 3594 ού
680 3542 861 3596 θέλετε
891 3543 1064 3597 ἐλθεῖν
1084 3544 1220 3615 πρός
1248 3561 1338 3613 με,
1370 3544 1455 3598 ἵνα
1473 3544 1615 3615 ζωὴν
1643 3545 1858 3616 ἔχητε.»

284 3629 492 3698 Γράφει
536 3629 593 3682 δέ
635 3630 731 3683 καὶ
794 3630 823 3682 ό
888 3629 1029 3695 θεῖος
1090 3631 1431 3697 Ἀπόστολος,
1474 3652 1493 3684 ι
1539 3634 1663 3687 Ὅτι
1700 3633 1864 3703 ήνίκα

284 3721 726 3793 ἀναγινώσκηται
774 3722 998 3795 Μωσῆς,
1046 3706 1310 3796 κάλυμμα
1364 3724 1458 3778 ἐπὶ
1502 3726 1602 3797 τήν
1635 3726 1862 3797 καρδίαν

284 3812 462 3866 αὐτῶν
491 3817 691 3869 κεῖται.
724 3832 743 3866 ι
1266 3852 1278 3867 ρ
1584 3822 1587 3823 ⁷

355 4071 513 4136 Τινὲς
566 4072 623 4126 δὲ
668 4072 744 4137 ὡς
770 4073 877 4128 ἀπὸ
924 4074 1031 4129 τῶν
1098 4074 1354 4147 μαθητῶν
1408 4074 1660 4148 εἰρῆσθαι
1705 4075 1862 4130 τοῦτό

285 4179 444 4232 φασι,
461 4162 764 4218 λαλούντων
788 4166 1002 4237 ἐκάστῳ
1016 4166 1085 4219 τὰ
1106 4167 1391 4238 πρόσφορα
1416 4170 1509 4221 καὶ
1532 4167 1859 4239 κατάλληλω

283 4252 338 4307 οῖ
368 4253 457 4306 καὶ
480 4253 794 4322 τεθεῖσθαι,
826 4258 1010 4327 φασὶν,
1060 4257 1300 4324 ἑαυτοῖς
1325 4267 1353 4296 ιι
1382 4260 1482 4314 καὶ
1518 4262 1688 4328 πρωῒ,
1717 4259 1862 4314 τοῦτ’

284 4342 435 4398 ἐστιν
463 4346 541 4410 είς
564 4346 689 4402 νοῦν
718 4349 812 4402 κει)⁸
864 4350 1092 4422 καρδίαν
1138 4352 1354 4423 ἡμέρας
1403 4352 1738 4424 διαύγασμα,
1767 4354 1864 4407 καὶ

282 4438 478 4507 νοητοῦ
507 4439 685 4508 φωτὸς
716 4440 1003 4510 ἔλλαμψιν.
1040 4443 1151 4496 Καὶ
1176 4445 1388 4508 Παῦλος
1413 4445 1521 4518 γὰρ
1550 4445 1864 4515 εὐχαριστεῖ

277 4527 359 4598 τῷ
372 4527 490 4599 Θεῷ
503 4528 696 4599 λέγων,
714 4531 794 4584 ὃτι
813 4551 830 4583 ι
845 4530 1145 4603 Ἐρρύσατο
1158 4536 1191 4604 ἡ
1202 4535 1307 4603 μᾶς
1322 4537 1388 4587 ἐκ
1400 4534 1498 4601 τῆς
1510 4533 1757 4600 ἐξουσίας
1769 4535 1860 4589 τοῦ

278 4620 529 4684 σκότους,
561 4622 656 4674 καὶ
689 4621 1021 4693 μετέστησεν
1052 4623 1241 4695 εἰςτὴν
1273 4623 1552 4694 βασιλείαν
1592 4624 1686 4677 τοῦ
1720 4624 1851 4678 Υἱοῦ

274 4709 378 4778 τῆς
407 4709 625 4781 ἀγάπης
646 4712 811 4765 αὑτοῦ
833 4716 889 4766 ἐν
908 4711 986 4782 τῷ
1010 4713 1168 4784 φωτί.
1201 4733 1220 4766 ι
1243 4715 1399 4778 Τινὲς
1420 4716 1513 4768 καὶ⁵
1533 4716 1609 4779 ὼς
1640 4716 1747 4769 ἀπὸ
1765 4714 1859 4770 τοῦ

276 4801 564 4870 προφήτου
586 4802 807 4857 δυνατὸν
831 4803 892 4857 τὺ
913 4805 1085 4877 παρὸν
1137 4796 1348 4875 ἔφασαν
1381 4806 1631 4878 λελέχθαι
1672 4808 1855 4879 ῥητόν.

281 4890 795 4964 Εὑαγγελισαμένου
834 4896 943 4968 γὰρ
969 4896 1136 4950 αὑτοῦ
1158 4898 1257 4968 τὴν
1295 4897 1476 4952 αὐτῶν
1516 4916 1597 4965 τε,
1629 4900 1723 4953 καὶ
1755 4900 1864 4953 τῶν

276 4978 452 5033 ἐθνῶν
482 4983 776 5053 σωτηρίαν,
825 4986 917 5039 καὶ
968 4985 1062 5039 τοῦ
1109 4985 1361 5056 Σωτῆρος
1391 4984 1489 5056 τὴν
1527 4985 1732 5055 ἄφιξιν,
1764 4988 1858 5040 καὶ

277 5069 376 5122 τοῦ
413 5072 616 5144 κόσμου
648 5075 746 5144 τὴν
774 5077 1106 5141 συντέλειαν,
1152 5076 1317 5131 πόθεν
1365 5078 1540 5149 τούτῳ
1567 5078 1741 5131 ταῦτα
1767 5077 1855 5131 λέ-

1969 3261 2177 3317 umbra:
2207 3275 2425 3330 semper
2456 3259 2790 3315 adlimsistis.
2828 3261 2896 3314 At
2926 3261 3001 3315 illi
3039 3260 3238 3332 ﬁguras
3281 3262 3336 3317 in
3382 3263 3546 3333 spiri-

1966 3353 2129 3409 tualis
2154 3352 2636 3423 contemplationis
2658 3355 2949 3408 veritatem
2969 3354 3264 3425 excipient,
3289 3370 3548 3411 aversan-

1966 3442 2114 3496 tibus
2147 3441 2301 3496 vobis
2338 3441 2433 3509 qui
2464 3456 2549 3494 me
2581 3441 2842 3497 noluistis
2876 3442 3068 3496 audire
3126 3443 3199 3496 ita
3243 3457 3546 3513 provocan-

1966 3542 2073 3586 tem
2103 3549 2119 3586 :
2149 3550 2167 3583 ι
2203 3532 2546 3586 Scrutamini
2581 3530 2919 3602 Scripturas,
2972 3533 3235 3604 quoniam
3302 3533 3360 3589 in
3412 3534 3547 3603 ipsis

1964 3622 2169 3692 putatis
2201 3624 2366 3677 vitam
2396 3631 2717 3693 perpetuam
2745 3625 2970 3691 habere,
3001 3632 3056 3680 et
3087 3624 3219 3694 ipsa:
3246 3633 3394 3690 sunt,
3422 3641 3545 3695 qure

1963 3713 2340 3769 testimonium
2375 3713 2668 3781 perhibent
2705 3713 2774 3767 de
2805 3728 2913 3778 me,
2954 3729 3131 3783 neque
3159 3714 3325 3770 vultis
3359 3715 3547 3769 venire

1963 3804 2031 3857 ad
2070 3818 2176 3869 me,
2211 3811 2271 3856 ut
2297 3804 2459 3857 vitam
2480 3803 2735 3859 habeatis
2762 3804 2864 3857 ".i
2894 3801 3100 3859 Scribit
3122 3818 3253 3858 vero
3278 3812 3332 3860 et
3355 3805 3546 3859 beatus

1963 3894 2128 3967 574
2153 3893 2388 3950 Paulus:
2428 3914 2445 3947 ι
2479 3894 2617 3950 Cum
2643 3895 2844 3965 legitur
2867 3895 3047 3952 Moses
3068 3937 3084 3963 ,
3106 3896 3352 3951 velamen
3380 3910 3546 3965 super

1963 4000 2058 4039 cor
2086 4000 2277 4039 eorum
2299 3985 2537 4053 positum
2580 3993 2663 4039 est
2687 3983 2755 4038 ⁸⁸.
2801 4002 2821 4035 ι

2034 4076 2151 4130 Νοιι
2175 4077 2374 4132 desunt
2404 4083 2611 4139 autem,
2639 4076 2732 4145 qui
2776 4092 2843 4130 ex
2872 4074 3269 4145 discipulorum
3312 4089 3545 4146 persona

1964 4165 2108 4221 istud
2133 4166 2438 4235 accipiant;
2475 4174 2732 4235 tanquam
2778 4158 3076 4237 unicuique
3119 4165 3275 4220 utilia
3323 4172 3376 4219 et
3405 4179 3541 4219 cou-

1963 4272 2099 4328 grua
2133 4257 2289 4326 loqui
2322 4272 2381 4313 se
2416 4257 2599 4311 dicant
2627 4273 2641 4322 ;
2679 4274 2932 4328 muneque
2982 4272 3037 4311 se
3065 4272 3179 4311 esse
3212 4254 3451 4320 additos,
3484 4253 3541 4309 id

1964 4357 2071 4413 est,
2102 4349 2376 4404 mentibus
2430 4356 2484 4403 et
2510 4348 2786 4404 cordibus
2819 4349 2967 4418 ipsis~
2978 4348 3236 4403 divinum
3286 4345 3548 4417 splendo-

1968 4455 2083 4494 rem
2113 4448 2166 4494 et
2196 4439 2337 4493 lucis
2365 4424 2728 4510 intelligibilis
2772 4440 3215 4496 coruscationem
3246 4430 3544 4509 accepisse.

1967 4529 2194 4585 Paulum
2232 4530 2381 4584 enim
2421 4530 2584 4585 etiam
2625 4529 2737 4586 Deo
2775 4533 2981 4602 gratias
3014 4546 3175 4604 agere
3221 4531 3454 4603 legimus
3478 4529 3545 4594 ⁸⁷,

1965 4621 2113 4694 quod
2142 4638 2202 4679 se
2256 4624 2323 4678 de
2356 4624 2708 4678 tenebrarum
2771 4633 3039 4695 potestate
3083 4633 3331 4695 ereptum
3371 4623 3427 4679 in
3460 4638 3548 4676 re-

1963 4730 2128 4787 gnum
2172 4714 2356 4771 dilecti
2384 4715 2505 4770 Filii
2538 4716 2625 4771 sui
2658 4716 2724 4771 ad
2765 4718 2940 4773 lucem
2982 4717 3348 4772 transtulerit.
3402 4714 3550 4769 Non-

1963 4807 2102 4862 nulli
2126 4823 2350 4863 rursum
2386 4815 2646 4877 tanquam
2676 4822 2706 4862 a
2738 4809 3005 4879 propheta
3041 4809 3205 4864 verba
3249 4809 3353 4864 ista
3397 4809 3571 4863 sumi.

1973 4915 2135 4971 posse
2169 4901 2447 4956 dixerunt.
2488 4901 2626 4956 Cum
2656 4901 2802 4956 enim
2862 4918 3020 4957 suam
3070 4902 3177 4957 illis
3220 4909 3274 4957 et
3304 4899 3546 4971 gentium

1977 4992 2229 5057 salutem,
2279 4989 2693 5061 Salvatorisque
2735 4991 3047 5059 adventum,
3089 4993 3275 5045 mundi
3313 4990 3547 5059 denique

1964 5082 2498 5138 consummationem
2552 5082 2855 5145 nuntiaret,
2893 5083 3161 5137 undenam
3196 5084 3299 5136 ista
3326 5080 3546 5134 ali‘erret

275 5177 399 5230 γειν
424 5171 453 5201 τ
471 5155 717 5235 ’ἠπόρουν
747 5167 867 5220 καθ’
891 5168 1135 5232 ἐαυτούς.
1170 5169 1230 5222 '0
1249 5169 1305 5222 δέ
1338 5184 1523 5239 φησιν’
1542 5167 1659 5223 Οὐκ
1675 5166 1807 5238 ἐμὸς
1829 5169 1858 5220 ὁ

1969 5173 2113 5244 apud
2146 5187 2205 5227 se
2237 5171 2585 5226 dubitabant.
2611 5173 2680 5224 At
2705 5171 2795 5225 ille
2821 5188 2835 5223 :
2864 5171 2985 5226 Non
3018 5186 3192 5235 meus,
3221 5170 3421 5240 inquit,
3450 5173 3546 5224 sed

274 5252 458 5321 λόγος,
483 5258 510 5308 ό
542 5259 795 5330 χορηγῶν
849 5261 905 5314 δὲ
935 5261 1189 5334 Χριστὸς,
1224 5262 1283 5327 ὃς
1313 5264 1425 5326 τοῖς
1455 5261 1647 5315 ἐαυτοῦ
1681 5262 1860 5316 δίδωσι

1971 5263 2179 5319 Christi
2212 5260 2637 5332 suppeditautis,
2670 5276 2853 5316 sermo
2883 5270 2987 5324 est,
3021 5261 3115 5330 qui
3150 5259 3265 5316 suis
3299 5260 3544 5330 loquendi

276 5346 474 5417 καιρόν
497 5365 555 5402 τε
576 5351 764 5421 λόγου
781 5352 875 5406 καὶ
896 5351 1110 5407 σύνεσιν
1131 5353 1268 5424 πρὸς
1286 5354 1348 5408 τὸ
1367 5357 1527 5408 νοεῖν.
1553 5356 1666 5407 Ούκ
1688 5355 1860 5409 ἀθετῶ

1975 5354 2336 5425 sapiendique
2386 5362 2600 5422 tempus
2658 5353 2901 5422 largitur.
2960 5350 3077 5407 Non
3114 5353 3346 5426 gratiam
3379 5353 3546 5423 igitur

352 5503 399 5536 “
426 5505 529 5561 lsa.
565 5523 673 5571 LIV,
715 5510 802 5565 15.
846 5510 1005 5567 Joan.
1042 5527 1115 5575 vr,
1147 5511 1235 5567 45.
1310 5512 1355 5545 ⁸⁸
1388 5513 1548 5568 Joan.
1581 5532 1632 5573 v.
1667 5513 1860 5580 59,40.

1965 5513 2003 5568 Il
2029 5515 2153 5565 Cor.
2192 5528 2270 5571 lit,
2318 5511 2398 5565 i3.
2428 5510 2473 5539 ⁸⁸
2501 5509 2712 5562 (Στιιιιςς.
2744 5525 2780 5569 ι,
2829 5508 2912 5575 ll,
2947 5510 3028 5563 l3.

1570 5627 1797 5681 rsum;
1840 5627 2238 5683 Lacrimas.
2284 5688 2294 5699 κ

360 5716 383 5746 τ
412 5710 516 5778 ἀφ.
549 5710 606 5762 τὸ
635 5714 990 5771 ἐπιπολάσαν.
1071 5719 1091 5746 ³
1120 5733 1209 5786 γρ.
1249 5718 1512 5772 ἐνδύσειν.
1592 5718 1610 5756 ί
1637 5736 1727 5789 γρ.
1756 5720 1860 5791 γνιῖ.

1966 5765 1978 5778 ,
2059 5729 2082 5756 ιι
2117 5718 2364 5784 ἑαυτούς.
2458 5729 2485 5760 ν
2519 5737 2603 5789 τι.
2631 5719 2800 5787 λέγει.

3696 2706 3727 2722 δ
