3976 6220
474 353 608 421 2491

1774 354 2125 417 PROCOPII
2183 353 2430 412 GAZEI

3598 347 3740 410 2492

446 450 686 530 .everto,
718 468 810 535 qui
856 466 1101 534 ejusdem
1136 465 1512 536 prmdicationi
1563 468 1851 521 subservio
1881 485 1896 533 ;
1934 469 2058 533 qui-

2176 465 2337 516 ιοίνυν
2401 464 2496 533 τὴν
2539 464 2704 532 χάριν
2758 460 3053 530 ὑπηρετῶν
3078 458 3240 514 αὑτοῦ
3285 456 3362 529 τῷ
3407 457 3739 530 κηρύγματι,

476 576 582 629 que
623 560 846 613 nomine
902 559 1075 627 ips‘us
1112 557 1295 612 omnia
1343 558 1578 612 tolerare
1634 571 1857 628 paratus
1912 574 2057 613 smn.

477 651 653 705 Etiam
689 652 736 705 si
787 666 895 716 me,
936 651 1137 720 inquit,
1181 649 1431 716 czrditis;
1478 651 1523 704 si
1570 652 1900 717 conspiratis,
1940 651 2062 720 eius

478 743 675 795 auxilii
709 758 859 811 spem
888 756 1161 810 nunquam
1199 741 1473 809 abiecero,
1495 757 1600 809 qua
1635 743 1836 811 potitus
1866 742 2058 807 semel,

472 833 801 904 justumque
836 830 1208 902 consequendi
1260 835 1674 903 exspectatione
1719 816 2062 891 sustentatus

477 925 636 979 vobis
672 926 788 993 ipse
819 923 1199 977 contradicere
1224 938 1331 976 non
1366 924 1677 977 valentibus
1710 925 1989 981 resistam.

548 1017 655 1071 Sed
699 1016 764 1069 ad
814 1015 1094 1070 Christum
1137 1027 1501 1079 revertamur,
1549 1015 1640 1084 qui
1676 1025 1901 1071 vocatos
1941 1016 2058 1085 qui.

476 1106 597 1162 dem
627 1104 845 1161 Judazos
873 1108 1061 1161 audire
1081 1108 1329 1160 noluisse
1356 1124 1370 1173 ;
1395 1122 1454 1161 se
1482 1115 1662 1161 autem
1696 1105 1841 1161 Patri
1866 1116 2063 1162 cuncta

478 1199 532 1251 in
565 1213 630 1252 eo
675 1197 990 1253 instaurare
1026 1208 1079 1253 et
1120 1190 1445 1269 meulligere
1482 1201 1746 1254 statuenti
1781 1217 1884 1254 non
1914 1218 2066 1271 repu-

477 1306 669 1358 gnasse
702 1297 970 1345 testatur:
1003 1291 1118 1361 qui,
1144 1291 1275 1344 dum
1314 1308 1371 1346 se
1396 1303 1713 1353 evacuaret,
1742 1294 2063 1363 turpissima

382 1419 389 1425 .
478 1396 709 1447 qumque
755 1396 952 1450 passus
1009 1380 1143 1433 nihil
1202 1381 1257 1431 in
1312 1394 1421 1448 quo
1480 1378 1627 1432 Patri
1660 1380 1912 1435 obediret
1962 1381 2064 1435 sibi

476 1476 774 1540 quidquam
810 1476 1096 1529 dedecoris
1128 1476 1420 1530 allaturum
1452 1476 1755 1531 arbitratus
1788 1486 1909 1533 est:
1948 1477 2065 1533 Non

476 1566 784 1632 ﬂrtqellantc
820 1565 1038 1631 Pilato;
1074 1582 1181 1619 non
1218 1582 1366 1619 servo
1394 1565 1681 1634 colaphum
1710 1567 2064 1638 impingente;

478 1674 585 1711 non
623 1658 674 1711 in
720 1673 778 1712 se
820 1657 1058 1727 denique
1105 1658 1514 1726 conspueutibus
1561 1659 1711 1722 aliis,
1739 1660 1832 1730 qui
1879 1659 2069 1730 faciem

478 1762 629 1801 suam
679 1757 930 1817 tanquam
979 1747 1193 1816 ﬁrmam
1230 1757 1435 1816 petram
1482 1758 1754 1818 posuerat.
1812 1747 1887 1801 Ea
1922 1749 2068 1803 enim

479 1839 533 1893 id
585 1839 789 1892 virtute
846 1846 1060 1909 gestum
1096 1850 1198 1898 est.
1236 1855 1335 1909 per
1389 1854 1552 1909 quam
1592 1842 1865 1910 patienter
1903 1841 2105 1907 tulit;,

478 1930 740 1997 quoniam
768 1944 797 1982 e
830 1930 974 1984 cmlo
1013 1930 1404 1994 descenderat,
1447 1945 1556 1985 non
1618 1939 1676 1984 ut
1722 1946 1853 1996 suae,
1889 1931 1981 1987 sed
2017 1940 2075 1985 ut

480 2022 621 2089 ejus,
655 2035 684 2073 a
719 2036 827 2090 quo
860 2022 1066 2075 missus
1100 2029 1205 2085 est,
1247 2022 1519 2075 voluntati
1553 2031 1807 2091 pareret;
1837 2023 1931 2092 qui
1965 2022 2071 2077 sibi

482 2114 847 2183 humanaeque
878 2114 1129 2167 tenuitati
1160 2113 1464 2168 auxiliatns
1494 2123 1599 2168 est.
1626 2112 1917 2184 Signiﬁcat
1942 2130 2101 2170 vero.

479 2205 526 2257 ei
557 2220 615 2259 se
649 2205 813 2258 etiam
843 2219 998 2272 opem
1037 2204 1254 2285 tulisse,
1287 2204 1416 2273 quia
1458 2205 1524 2258 de
1555 2205 1643 2267 iis,
1684 2218 1713 2256 a
1752 2205 1951 2273 quibus
1988 2204 2072 2258 in-

476 2295 680 2363 juriam
717 2296 1047 2364 patiebatur,
1082 2309 1274 2364 ptenas
1312 2295 1645 2365 sumpserit;
1680 2310 1819 2364 quas
1845 2304 2072 2363 prepter

480 2386 815 2439 erieritatem
849 2384 1003 2452 juxta
1053 2400 1199 2451 esse,
1236 2399 1406 2453 seque
1444 2401 1472 2436 a
1512 2384 1623 2437 Deo
1648 2385 1975 2453 justiﬁcari‘
2002 2385 2072 2437 si-

478 2475 725 2544 gniticat.
756 2472 971 2527 Iustum
1025 2475 1195 2535 enim,
1233 2481 1287 2526 et
1313 2474 1405 2543 qui
1451 2474 1621 2528 nullis
1678 2472 1972 2527 adversum
2010 2486 2070 2528 se

486 2565 609 2617 u‘ali
644 2579 868 2617 causam
896 2566 1227 2632 praebuerat,
1250 2564 1570 2618 interimere
1591 2563 1708 2616 ausi
1739 2570 1901 2617 sunt:
1934 2577 2071 2631 quo-

436 2669 603 2723 _rum
659 2672 758 2723 rgo
794 2670 918 2707 cum
976 2655 1234 2723 iujuriam
1274 2655 1434 2724 575
1483 2656 1743 2719 ulciscor,
1798 2654 1930 2708 nulli
1984 2669 2071 2708 me

483 2745 723 2807 crimini,
759 2746 961 2815 inquit,
986 2747 1287 2801 obnoxium
1340 2762 1464 2800 esse
1492 2754 1734 2800 testatus
1767 2755 1871 2800 est.
1905 2745 2069 2801 Inde-

481 2854 586 2906 que
617 2840 692 2890 ait
724 2837 912 2890 l’ater:
936 2855 955 2888 ι
999 2838 1063 2891 Et
1085 2837 1228 2890 dabo
1258 2838 1433 2890 malos
1468 2852 1565 2905 pro
1594 2838 1870 2907 sepultura
1911 2838 2065 2906 ejus:

481 2938 535 2982 ct
580 2929 779 2983 divites
837 2943 938 2997 pro
977 2940 1151 2982 morte
1219 2928 1519 2995 ipsius".i
1552 2927 1872 2982 Divitiarutn
1921 2920 2068 2983 enim

480 3019 785 3088 ci'p‘ditute
831 3020 1157 3074 inﬂammati
1209 3019 1521 3074 Iudaeorum
1581 3020 1775 3084 duces,
1814 3036 1970 3075 suam
2015 3021 2067 3075 in

2164 560 2344 614 πάντα
2370 575 2428 611 τε
2461 558 2651 610 παθεῖν
2677 557 2894 626 ἕτοιμός
2919 558 3034 625 εἰμι
3064 555 3132 608 δι’
3158 555 3341 609 αὑτόν.
3373 554 3489 608 Κᾶν
3507 552 3744 624 τύπτητί

2169 669 2256 723 με,
2296 649 2449 720 φησὶ,
2473 650 2576 703 κᾶν
2617 649 2934 715 ὲίιέττύητε,
2978 647 3075 718 τὴν
3104 647 3237 718 παρ’
3282 645 3449 701 αὑτοῦ
3493 645 3743 717 βοήθειαν

2166 743 2400 810 ἐλπίζων
2425 752 2472 806 ⁸,
2511 744 2577 812 ἢν
2604 741 2933 811 εὑράμενος,
2958 742 3051 793 καὶ
3097 740 3191 793 τοῦ
3218 740 3428 793 δικαίου
3457 738 3745 803 τεύξασθαι

2165 834 2507 907 προσδοκῶν,
2532 834 2932 903 άντιστήσομαι
2979 832 3107 903 ὑμῖν
3138 832 3442 900 ἀντιλέγειν
3481 831 3553 902 μὴ
3585 829 3746 883 δυνα-

2168 928 2374 999 μένοις.

2250 1019 2389 1073 Ἀλλ’
2415 1021 2505 1075 ἐπὶ
2524 1020 2613 1074 τὸν
2638 1017 2875 1090 Χριστὸν
2900 1013 3305 1085 ἐπανέλθωμεν,
3340 1015 3397 1077 ὃς
3422 1030 3588 1084 φησιν
3616 1014 3745 1066 Ἰου-

2166 1110 2362 1173 δαίοις
2411 1111 2499 1175 Ὠς
2528 1113 2687 1181 ὑμεῖς
2720 1111 2818 1180 μὲν
2839 1106 3167 1177 καλούμενοι
3197 1105 3606 1177 παρηκούσατε,
3639 1104 3746 1173 ἐγὼ

2166 1198 2227 1250 δὲ
2256 1202 2367 1253 οὐκ
2404 1197 2626 1254 ἀπειθῶ
2654 1199 2729 1270 τῷ
2768 1196 2972 1267 Πατέρι
3001 1196 3179 1249 πάντα
3207 1196 3264 1248 ἐν
3283 1195 3407 1264 ἐμοὶ
3435 1192 3745 1273 βουληθέντι

2154 1288 2780 1358 ἀνακεφαλαιώσασθαι.
2835 1285 3103 1351 Κενώσας
3142 1285 3198 1338 δὲ
3222 1283 3477 1365 ἐμαυτὸν,
3506 1280 3574 1334 τὰ
3612 1282 3742 1365 πάντ

2168 1400 2277 1436 των
2304 1383 2558 1454 αἴσχιστα
2592 1380 2855 1444 πέπονθα,
2897 1377 3054 1442 εἰδὼς
3098 1377 3172 1448 μὴ
3213 1376 3400 1447 φέρειν
3440 1392 3529 1445 μοι
3555 1338 3782 1480 αίσχὺξ

2170 1490 2267 1542 νην
2292 1473 2369 1543 τῷ
2390 1482 2417 1521 γ
2443 1471 2760 1543 πειθαρχεῖν
2792 1471 2869 1541 τῷ
2923 1470 3143 1541 Πατέρι.
3200 1460 3461 1523 Πιλάτοὺ
3508 1466 3607 1538 μὲν
3632 1460 3777 1535 tta-'7

2171 1566 2602 1635 στιγώσαντος,
2627 1563 2746 1618 τῶν
2777 1563 2833 1616 δὲ
2857 1562 3170 1631 ὑπηρετῶν
3195 1561 3313 1625 ἐνός
3343 1577 3410 1631 με
3455 1558 3737 1627 partiam

2171 1675 2295 1723 τος,
2320 1656 2493 1710 ἄλλων
2518 1657 2574 1710 δέ
2609 1673 2711 1726 μου
2751 1656 3239 1718 καταπτυόντων,
3264 1656 3345 1719 ὡς
3369 1651 3622 1720 στερεὰν
3644 1650 3752 1704 πέ-

2173 1766 2320 1818 τραν
2350 1750 2414 1802 τὸ
2446 1750 2774 1817 πρόσωπόν
2829 1765 2949 1817 μου
2990 1746 3191 1812 τιθείς.
3233 1744 3526 1815 Δυνάμεως
3554 1742 3662 1812 γὰρ
3682 1736 3751 1813 ἦν

2174 1842 2234 1896 τὸ
2269 1842 2522 1910 πρᾶγμα.
2552 1840 2623 1894 δι’
2673 1842 2736 1911 ἢν
2760 1839 3094 1911 ἐκαρτέρουν
3122 1855 3136 1871 ’
3164 1840 3247 1892 ὅτι
3288 1835 3645 1906 καταϐέϐηκα
3686 1837 3753 1889 ἐκ

2172 1931 2268 1984 τοῦ
2298 1930 2551 2003 ούρανοῦ,
2576 1932 2673 2001 οὐχ
2705 1930 2792 1984 ἵνα
2822 1930 2960 1984 ποιῶ
2991 1930 3050 1984 τὸ
3083 1929 3295 2001 θέλημα
3338 1927 3399 1981 τὸ
3436 1926 3586 1996 ἐμὸν,
3616 1924 3753 1979 άλλὰ

2172 2025 2233 2078 τὸ
2261 2025 2474 2095 θέλημα
2502 2023 2596 2078 τοῦ
2648 2021 2963 2094 πέμψαντός
3026 2040 3117 2092 με.
3171 2021 3341 2084 Αὐτὸς
3381 2018 3489 2089 γάρ
3528 2035 3628 2088 μου
3657 2017 3751 2071 καὶ

2172 2117 2286 2178 τοῖς
2332 2113 2696 2184 ἀνθρωπίνοις
2748 2110 3014 2181 ἐϐοήθησε
3074 2111 3327 2180 μέτροις.
3369 2108 3530 2179 Δηλοῖ
3555 2106 3614 2160 δὲ
3657 2104 3749 2160 καὶ

2172 2206 2247 2270 ὼς
2273 2208 2553 2276 ἐπήμυνεν
2574 2203 2745 2274 αὐτῷ,
2765 2203 2922 2274 δίκην
2950 2201 3159 2261 ἐπιθεὶς
3202 2204 3317 2264 τοῖς
3349 2199 3655 2271 ὑϐρίσασιν,
3681 2197 3750 2267 ἣν

2173 2300 2267 2351 καὶ
2309 2297 2396 2351 διὰ
2444 2297 2607 2366 τάχος
2651 2296 2892 2364 ἐγγίζειν
2929 2294 3083 2364 φησὶ,
3129 2292 3563 2365 δικαιῴσαντος
3592 2290 3747 2344 αὑτὸν

2170 2388 2265 2441 τοῦ
2294 2386 2554 2457 Πατέρος.
2582 2388 2823 2440 Δίκαιον
2851 2384 2961 2455 γάρ
2994 2384 3148 2446 ὄντα,
3178 2385 3273 2437 καὶ
3300 2382 3421 2435 καθ’
3441 2379 3638 2435 ἑαυτοῦ
3675 2380 3749 2451 μὴ

2171 2479 2329 2532 δόντα
2361 2477 2555 2541 λαϐὰς,
2586 2477 2931 2531 ἀποκτείνειν
2962 2476 3286 2545 ἐτόλμησαν.
3333 2472 3474 2526 Ἀνθ’
3545 2466 3621 2527 ὧν
3649 2473 3749 2524 αὑ-

2170 2571 2295 2632 τοὺς
2323 2569 2583 2632 κολάσας,
2609 2566 2982 2621 ἀνυπεύθυνον
3035 2566 3301 2636 ὑπάρχειν
3336 2564 3435 2634 ἐμὲ
3468 2562 3750 2634 μεμαρτὺ-

2173 2677 2360 2730 ρηκεν.
2393 2660 2481 2713 Διό
2502 2677 2667 2731 φησιν
2692 2661 2720 2712 ὁ
2746 2661 2936 2730 Πατήρ
2954 2676 3000 2711 ἰ
3024 2659 3133 2713 Καὶ
3155 2658 3312 2711 δώσω
3337 2655 3461 2718 τοὺς
3484 2652 3751 2725 πονηροὺς

2171 2752 2293 2805 ἀντὶ
2320 2752 2421 2823 τῆς
2450 2753 2629 2822 ταφῆς
2661 2750 2849 2815 αὑτοῦ,
2880 2734 2972 2804 καὶ
3001 2751 3126 2813 τοὺς
3162 2749 3450 2811 πλουσίους
3499 2747 3621 2800 ἀντὶ
3656 2744 3750 2799 τοῦ

2172 2843 2406 2896 θανάτου
2438 2843 2626 2898 αὑτοῦ.
2669 2862 2688 2894 ι
2717 2842 3067 2895 Φιλόπλουτοι
3099 2841 3207 2910 γὰρ
3237 2838 3525 2907 γεγονότες
3562 2837 3613 2890 οί
3643 2836 3754 2890 τῶν

2184 2935 2454 2988 Ἰουδαίων
2496 2934 2829 3006 καθηγηταὶ,
2885 2933 3025 3003 πρὸς
3074 2931 3173 3003 τὴν
3221 2930 3342 2984 κατ’
3385 2928 3550 2983 αὑτοῦ
3592 2944 3757 3000 πονη-

2175 3025 2295 3096 ρίαν
2328 3026 2648 3095 ὲτράποντο.
2687 3023 2799 3077 Καὶ
2863 3024 2974 3095 γὰρ
3031 3022 3233 3083 εἰδότες
3275 3019 3437 3074 αὑτὸν
3482 3020 3752 3089 ἔφασκον·

478 3126 602 3165 eum
635 3111 897 3165 malitiam
952 3120 1368 3166 converterunt.
1432 3111 1614 3182 Ipsum
1670 3114 1813 3166 enim
1846 3116 2068 3181 conspi-

2179 3136 2199 3170 ι
2243 3113 2411 3181 Οὗτός
2441 3119 2585 3170 ἐστιν
2618 3118 2646 3170 δ
2677 3115 3050 3199 κληρονόμος·
3107 3112 3263 3167 δεῦτε
3290 3154 3304 3177 ,
3346 3111 3755 3182 ἀποκτείνωμεν

480 3202 610 3265 rati,
637 3200 964 3255 dixeruntzr
1002 3201 1100 3256 llic
1132 3210 1215 3257 est
1258 3203 1454 3268 ineres,
1491 3202 1712 3267 venite;
1763 3203 2066 3258 interﬁcia-

480 3307 602 3345 tnus
621 3293 799 3361 ipsum
827 3293 932 3345 ⁸⁸.»
1324 3360 1335 3368 ἰ

451 3400 455 3404 ~
551 3380 705 3447 Quod
741 3383 785 3437 si
827 3383 900 3436 sit
942 3381 1162 3452 aliquis,
1207 3383 1303 3453 qui
1351 3400 1435 3437 tne
1477 3384 1626 3452 justa
1680 3401 1902 3455 passum
1946 3402 2069 3442 esse

482 3474 810 3542 arbitretur,
836 3475 1069 3529 Accedat
1089 3476 1224 3543 jam,
1250 3489 1304 3531 ut
1328 3478 1570 3532 rationes
1596 3494 1748 3534 meas
1776 3480 2066 3548 improbet.

483 3567 589 3621 Sed
629 3578 779 3621 certe
812 3584 919 3621 non
956 3570 1180 3646 poterit.
1220 3567 1286 3622 Et
1316 3570 1519 3623 alicubi
1553 3571 1699 3624 enim
1732 3573 1912 3642 inquit
1944 3588 2069 3642 pro-

481 3659 640 3726 pheta
664 3701 672 3710 .
700 3677 719 3710 ι
749 3658 934 3715 Videte
973 3668 1029 3714 ut
1061 3661 1249 3731 justus
1282 3663 1461 3732 periit,
1491 3679 1666 3733 neque
1700 3663 1751 3717 id
1779 3665 2066 3734 quisquam

481 3748 648 3803 corde
675 3752 967 3820 excipit”.
1003 3771 1023 3805 ι
1058 3754 1211 3823 Apud
1254 3754 1512 3809 eumdem
1548 3766 1602 3810 et
1630 3754 1849 3810 Iudaeos
1888 3756 1960 3809 ita
1999 3756 2071 3810 lo-

481 3854 715 3907 quentes
755 3845 1000 3912 reperias
1036 3862 1049 3898 :
1080 3844 1342 3913 Ligemns
1385 3845 1621 3915 justum,
1671 3847 1799 3916 quia
1859 3846 2070 3901 inutilis

481 3943 562 3986 est
586 3932 741 3989 nobis
770 3935 839 3989 “.
879 3953 898 3986 ι
939 3933 1051 3990 Nec
1080 3935 1359 3991 inunerito
1386 3936 1595 4005 justum
1629 3937 1946 4007 appellavit,
1973 3937 2067 4006 qui

482 4033 767 4093 peccatum
804 4042 910 4081 non
935 4027 1180 4093 admisit,
1212 4037 1267 4082 et
1303 4030 1358 4082 in
1382 4028 1539 4098 enjus
1570 4044 1667 4083 ore
1697 4029 1855 4083 dolus
1884 4029 2069 4085 nullus

482 4125 732 4184 repertus
777 4128 864 4172 est
891 4118 958 4171 ’³.
987 4118 1147 4183 Quod
1178 4125 1360 4172 autem
1398 4120 1515 4189 quis
1544 4136 1718 4174 secum
1760 4121 2069 4190 litigaturus

482 4208 584 4270 sit,
651 4209 874 4278 qumrit,
923 4210 971 4264 ei
1025 4210 1296 4264 dissimile
1337 4225 1444 4263 non
1511 4209 1713 4276 fuerit,
1781 4227 1890 4280 quo
1944 4214 2071 4281 quis

484 4313 544 4352 se
606 4300 672 4352 de
738 4309 962 4370 peccato
1016 4310 1165 4355 esset
1229 4303 1548 4371 arguitnrns
1620 4304 1935 4372 postulavit.
2008 4303 2071 4357 In

483 4391 740 4445 Omnibus
808 4392 953 4445 enim
1021 4393 1163 4445 idem
1230 4392 1387 4459 plane
1459 4392 1750 4447 nobiscum
1823 4393 1961 4461 fuit,
2023 4394 2070 4449 si

485 4491 767 4550 peccatum
847 4484 1108 4552 excipias.
1180 4482 1369 4553 Itaque
1444 4484 1679 4539 dicebat
1737 4502 1750 4539 :

486 4573 744 4642 princeps
784 4575 972 4627 mundi
1000 4574 1177 4641 hujus,
1213 4583 1267 4628 et
1298 4576 1350 4628 in
1387 4591 1471 4629 me
1511 4590 1619 4629 non
1645 4576 1884 4631 inveniet
1910 4580 2070 4648 quid-

483 4679 649 4732 quam
681 4665 747 4717 ”.
785 4683 802 4713 ι
839 4664 934 4718 Est
969 4681 1100 4718 vero
1131 4665 1264 4719 illud
1299 4685 1311 4719 :
1346 4666 1481 4732 Quis
1510 4676 1610 4730 est,
1643 4667 1732 4735 qui
1767 4670 1933 4736 litiget
1958 4687 2068 4724 me-

484 4756 650 4809 cum?
684 4755 909 4823 perfecti
950 4766 1001 4809 et
1042 4756 1306 4824 incnlpati
1356 4759 1454 4811 viri
1499 4760 1714 4828 signum
1746 4747 1963 4830 {quem
1997 4763 2069 4817 ita

487 4845 621 4897 nihil
652 4853 854 4909 movet,
908 4847 1048 4915 apud
1088 4847 1338 4902 homines
1379 4848 1786 4916 jndiciunt,.ut
1832 4853 1901 4907 ab
1950 4854 2067 4910 istis

487 4934 648 4986 etiam
680 4936 1077 4993 condemnatus
1122 4947 1334 5006 taceat;
1377 4941 1727 4998 adversarios
1768 4952 1951 4998 autem
2000 4945 2068 4999 ad

487 5027 644 5092 illud,
678 5032 823 5096 quod
874 5033 1015 5101 apud
1057 5030 1224 5085 Deum
1275 5034 1475 5103 agitur,
1507 5045 1683 5089 vocet.
1731 5036 1799 5088 At
1832 5054 1895 5091 eo
1926 5040 2069 5108 ipso,

490 5120 632 5189 quod
665 5122 780 5189 quis
814 5140 867 5178 se
893 5126 1116 5178 lwsurus
1144 5126 1234 5188 sit,
1282 5127 1503 5195 quatrit,
1536 5128 1657 5181 vita:
1694 5146 1750 5183 se
1782 5146 1906 5184 esse
1957 5148 2066 5183 au-

488 5225 700 5267 ctorem
720 5214 1085 5282 demonstrat,
1108 5234 1386 5288 van-asque
1402 5235 1590 5274 eorum
1619 5221 1787 5276 fuisse
1811 5222 2063 5285 insidias,
2102 5264 2121 5275 κ

488 5302 605 5371 qui,
641 5311 697 5355 ut
723 5315 803 5359 est
834 5307 885 5358 in
918 5306 1154 5362 Psalmis
1184 5326 1196 5363 :
1237 5327 1255 5359 ι
1291 5311 1535 5364 lnierunt
1567 5312 1884 5376 consilium,
1918 5314 2062 5380 quod

492 5392 739 5448 Stabilire
791 5413 901 5450 non
952 5408 1210 5468 poterunt
1241 5400 1306 5453 ⁸⁵.
1353 5402 1514 5470 rQui
1564 5403 1732 5469 enim,
1782 5404 1889 5457 vita
1938 5420 2061 5458 eum

592 5501 639 5575 9⁸
662 5505 767 5559 lsa.
802 5521 919 5567 Lnt,
942 5508 995 5561 9.
1072 5508 1116 5540 ⁸³
1146 5509 1333 5566 Matth.
1387 5528 1495 5575 χχι,
1528 5514 1615 5568 '58.

493 5575 537 5607 ’³
568 5573 727 5629 Joan.
753 5591 861 5639 xtv,
900 5577 989 5629 50.
1067 5578 1113 5609 ’⁸
1143 5579 1288 5633 l’sal.
1338 5598 1428 5647 xx,
1469 5573 1551 5635 {2.

2176 3210 2359 3264 αὐτόν.
2403 3231 2422 3262 ι

2248 3386 2383 3440 sm
2406 3364 2615 3454 νομίζει
2644 3401 2727 3447 τις
2755 3382 2981 3446 δικαίως
3015 3398 3081 3453 με
3108 3381 3457 3446 πεπονθέναι;
3481 3379 3755 3448 παρέστω

2177 3475 2315 3547 πρὸς
2346 3476 2586 3545 ἔλεγχον.
2626 3472 2767 3527 Ἀλλ’
2799 3475 2861 3526 οὑ
2909 3472 3214 3541 δυνήσεται.
3250 3471 3357 3524 Καὶ
3378 3469 3614 3541 ἀλλαχοῦ
3649 3469 3755 3540 γὰρ

2176 3574 2203 3626 ὀ
2229 3573 2518 3643 προφήτης
2542 3569 2728 3640 φησίν·
2772 3588 2791 3620 ι
2824 3570 2992 3622 Ἴδετε
3023 3568 3097 3630 ὡς
3120 3566 3329 3629 δίκαιος
3360 3564 3631 3629 ἀπώλετο,
3661 3563 3756 3617 καὶ

2177 3665 2351 3729 οὐδεὶς
2385 3664 2753 3734 ἐκδέχεταιτῇ
2805 3660 3026 3732 καρδία.
3070 3678 3089 3713 ι
3136 3654 3344 3730 Παρ’ᾧ
3370 3658 3469 3711 καὶ
3514 3655 3756 3711 Ἰουδαῖοί

2177 3773 2344 3826 φασι*
2386 3776 2405 3809 ι
2431 3757 2695 3826 Δήσωμεν
2719 3754 2812 3807 τὸν
2846 3753 3076 3816 δίκαιον,
3129 3751 3211 3805 ὅτι
3261 3750 3598 3821 δύσχρηστος
3624 3749 3756 3817 ἡμῖν

2177 3847 2347 3898 ἐστιν.
2406 3863 2425 3896 ι
2458 3845 2696 3908 Εἰκότως
2720 3843 2947 3907 δίκαιον,
2989 3860 3008 3893 ι
3049 3841 3123 3895 Οὑ
3153 3840 3263 3912 γὰρ
3302 3840 3561 3911 ἐποίησεν
3580 3840 3760 3909 ἁμαρο

2176 3938 2322 4002 τίαν,
2354 3936 2474 3989 οὑδὲ
2504 3935 2702 4006 εὑρέθη
2733 3928 2881 3999 δόλος
2916 3936 2973 3989 ἐν
3005 3932 3084 4004 τῷ
3110 3933 3340 4003 στόματι
3372 3931 3558 3985 αὑτοῦ.
3600 3948 3621 3983 ι
3663 3928 3758 4000 Tt}!

2176 4027 2255 4093 δὲ,
2279 4029 2366 4093 Τίς
2397 4030 2429 4080 ό
2455 4027 2808 4096 κρινόμενός
2828 4045 2931 4096 μοι
2956 4043 2972 4089 ;
3004 4026 3146 4080 ἔοικε
3170 4026 3250 4089 τὸ,
3278 4044 3298 4077 ι
3329 4025 3422 4088 Τίς
3451 4023 3657 4091 ἐλέγξει
3689 4040 3760 4092 με

2180 4117 2310 4187 περὶ
2331 4115 2609 4187 ἁμαρτίας
2633 4132 2648 4181 ;
2674 4134 2693 4167 ι
2726 4117 2869 4168 κατὰ
2899 4115 3077 4168 πάντα
3110 4114 3218 4183 γάρ
3246 4114 3392 4183 ἡμῖν,
3416 4112 3555 4183 πλὴν
3579 4111 3762 4181 ἁμαρ-

2179 4207 2301 4271 τίας
2320 4248 2334 4274 ,
2361 4206 2662 4277 ὡμοίωται.
2698 4206 2898 4274 Διόπερ
2928 4205 3113 4274 ἔλεγεν
3133 4219 3146 4234 ·
3184 4222 3203 4256 ι
3230 4204 3489 4283 ςΕρχεται
3519 4204 3548 4255 ὁ
3576 4203 3762 4271 ἄρχων

2180 4298 2274 4352 τοῦ
2324 4299 2532 4368 κόσμου
2591 4296 2806 4358 τούτου,
2860 4298 2952 4350 καὶ
3006 4297 3064 4348 ἐν
3109 4296 3232 4365 ἐμοὶ
3274 4296 3497 4365 εὑρήσει
3528 4294 3702 4346 οὐδέν.
3735 4310 3756 4343 ι

2192 4388 2408 4460 Ἀνδρος
2440 4388 2498 4441 δὲ
2526 4388 2731 4441 τελείου
2761 4387 3067 4458 χαρακτὴρ,
3095 4386 3174 4450 τὸ,
3220 4384 3318 4451 Τίς
3346 4388 3380 4439 ό
3410 4384 3765 4454 κρινόμενός

1815 4504 1834 4535 ι
1904 4485 2065 4543 Venit
2103 4495 2153 4555 υ
2178 4497 2312 4550 μοι;
2351 4473 2396 4547 ᾧ
2449 4479 2617 4548 μηδὲν
2660 4480 2694 4549 ή
2746 4478 2878 4549 παρ’
2908 4478 3217 4548 ἀνθρώποις
3252 4476 3457 4547 κρίσις,
3496 4476 3571 4539 ὡς
3603 4478 3763 4544 σιγᾷν

2180 4571 2277 4641 μὲν
2311 4572 2402 4623 ὑπ’
2429 4570 2610 4623 αὑτῶν
2636 4567 3157 4639 καταδικαζόμενον,
3192 4568 3378 4621 καλεῖν
3414 4566 3469 4621 δέ
3505 4567 3639 4637 πρὸς
3660 4567 3765 4632 τὴν

2179 4664 2330 4734 παρὰ
2362 4661 2480 4732 Θεῷ
2509 4662 2686 4736 κρίσιν
2707 4662 2837 4724 τοὺς
2866 4661 3164 4723 ἐναντίους.
3193 4660 3266 4712 Τὸ
3287 4660 3477 4725 δέ,τίς
3498 4656 3765 4711 κακώσει

2172 4771 2286 4825 pte;
2324 4754 2580 4825 ἐμφαίνει
2617 4754 2708 4806 τὸν
2752 4752 2994 4822 ἀρχηγὸν
3052 4753 3151 4821 τῆς
3205 4751 3370 4821 ζωῆς.
3414 4748 3626 4803 Οὐκοῦν
3683 4749 3769 4811 εἰς

2179 4851 2354 4919 μάτην
2412 4850 2445 4917 ἡ
2487 4848 2691 4901 τούτων
2742 4846 3028 4917 ἐπιϐουλὴ,
3091 4846 3231 4899 κατὰ
3277 4846 3338 4898 τὸ
3384 4847 3442 4896 ἐν
3481 4844 3765 4913 ψαλμοῖςο

2181 4961 2200 4992 ι
2253 4939 2669 4993 Ἐϐουλεὺσαντο
2710 4937 2926 5008 βουλὴν,
2948 4938 3014 5008 ἢν
3034 4939 3092 4990 οὑ
3121 4938 3193 5007 μὴ
3220 4935 3483 5014 δύνωνται
3506 4935 3767 5004 στῆσαι.»

2176 5032 2300 5095 Πῶς
2330 5033 2459 5102 γὰρ,
2493 5029 2567 5083 ὢν
2594 5029 2727 5100 ζωὴ,
2759 5029 2987 5097 θανάτῳ
3006 5027 3320 5096 κατείχετο;
3345 5025 3480 5078 καθὺ
3520 5024 3577 5075 δὲ
3601 5024 3777 5091 γέγο-

2173 5143 2263 5181 νεν
2293 5124 2602 5196 ἄνθρωπος,
2637 5123 2787 5175 δοκεῖ
2806 5120 2963 5174 τοῦτο
2989 5117 3241 5188 δέχεσθαι
3276 5116 3425 5187 παρὰ
3452 5112 3547 5169 τοῦ
3581 5112 3776 5165 Πατέ-

2177 5237 2288 5291 ρος.
2331 5218 2418 5282 Ὠς
2456 5217 2564 5289 γὰρ
2595 5217 2748 5281 Θεὸς,
2779 5216 2998 5285 ἤγειρεν
3034 5210 3226 5265 ἑαυτὸν
3251 5209 3422 5277 λέγων
3444 5224 3459 5237 ο
3497 5224 3516 5257 ι
3543 5205 3778 5259 Λύσατε

2175 5317 2266 5368 τὸν
2289 5314 2414 5367 ναὸν
2436 5311 2650 5376 τοῦτον,
2678 5311 2772 5363 καὶ
2791 5311 2848 5361 ὲν
2879 5306 3058 5379 τρισὶν
3077 5303 3311 5375 ἡμέραις
3329 5299 3507 5371 ἐγερῶ
3526 5298 3725 5351 αὑτόν.
3749 5317 3776 5350 ι

2187 5407 2300 5475 Ἐφ’
2335 5403 2416 5469 οἷς
2450 5422 2586 5474 φησι
2621 5403 2759 5474 πρὸς
2821 5399 3048 5463 αὐτούς’
3110 5394 3266 5452 Ἰδοὺ
3309 5392 3532 5457 πάντες
3592 5389 3789 5459 ὑμεῖς

1747 5514 1792 5545 ⁹⁰
1829 5513 1932 5569 lsa.
1975 5531 2062 5570 LVI

2186 5558 2202 5574 .
2274 5522 2317 5553 "
2372 5520 2503 5588 Sap.
2547 5533 2608 5583 ιι,
2646 5516 2729 5571 12.
2805 5514 2850 5546 ⁸³
2888 5511 2988 5568 lsa.
3039 5523 3160 5574 un,
3194 5506 3267 5573 7;
3307 5503 3502 5560 lPetr.
3533 5518 3600 5567 ιι.
3646 5499 3740 5555 93

1800 5673 2034 5731 VARUE
2072 5671 2479 5731 LECTIONES.

567 5765 594 5796 κ
629 5754 960 5824 γρ,,ἰλπίζω.
1038 5764 1064 5803 3'
1095 5773 1182 5826 γρ.
1212 5757 1290 5823 τό.

3812 4838 3837 4865 ἐ
