3976 6220
510 333 650 397 2195

1855 337 2175 399 PROCOPI
2185 337 2210 395 Ῑ
2246 338 2488 398 ΟΔΖίΕΙ

3642 333 3773 398 2496

514 461 575 506 ut
617 449 845 505 Domino
894 449 1220 520 conﬁderent
1270 451 1622 519 admonebat,
1656 469 1781 509 cum
1826 456 1997 511 Deum
2035 472 2095 511 se

2219 456 2408 521 ;ννοίας
2424 459 2488 511 ὲκ
2511 457 2604 511 τοῦ
2633 456 2813 529 σάρκα
2864 458 3050 528 φορεῖν
3102 454 3293 509 ἑαυτὸν
3325 453 3651 524 ἀποτρέπων
3679 454 3769 510 αύ-

513 538 851 611 ριυαιάἰοαηε,
895 540 964 595 ab
998 540 1305 610 humilique
1337 539 1405 595 de
1446 557 1505 597 se
1546 543 1918 613 cogitatione,
1974 547 2103 616 quia

514 646 737 686 carnem
759 638 996 702 gereret,
1029 646 1290 699 avocans,
1317 633 1522 703 virgam
1549 649 1610 691 se
1637 645 1691 691 et
1729 635 2113 694 fulcimentum

514 720 718 777 factum
746 737 870 781 esse
899 732 1191 779 assereret.

588 833 777 904 Neque
821 838 967 892 enim
1020 838 1250 894 credere
1306 839 1546 904 valeant,
1593 839 1953 911 quivgloriam
1992 856 2019 893 a
2055 856 2115 896 se

518 934 734 993 mutuo,
786 944 896 983 non
933 944 963 982 a
999 928 1132 1003 Deo,
1168 930 1262 1000 qui
1296 930 1447 1001 virga
1488 931 1670 987 dictus
1697 941 1801 997 est,
1837 942 2108 1002 quaerant,

488 1020 706 1091 ,omnia
725 1020 1018 1091 siquidem,
1044 1030 1102 1076 ut
1132 1026 1269 1077 bene
1290 1023 1403 1078 sint
1427 1026 1667 1080 sustinet
1707 1023 1898 1094 :juxta
1930 1025 2061 1081 illud
2095 1035 2109 1071 ε

527 1126 546 1158 ι
587 1105 755 1179 Virga
820 1118 912 1163 tua
965 1119 1014 1165 et
1056 1110 1280 1166 baculus
1332 1120 1460 1167 tuus
1516 1113 1634 1182 ipsa
1686 1129 1773 1168 me
1826 1115 2113 1169 consolata

523 1206 655 1254 sunt
682 1203 725 1253 '.
776 1219 794 1250 ι
849 1200 943 1254 Est
976 1200 1121 1255 enim
1156 1201 1477 1257 inconstans
1532 1210 1586 1258 et
1635 1202 1844 1257 lubrica
1886 1211 2109 1271 natura,

458 1284 491 1299 ⁴’
526 1298 760 1361 egetque
808 1292 1103 1361 potentiori
1138 1292 1205 1347 ad
1234 1293 1580 1347 retinendum
1619 1295 1804 1364 aliquo
1834 1308 1849 1346 :
1876 1310 1986 1363 quo
2018 1309 2113 1363 po-

529 1383 663 1438 titus
715 1376 807 1452 qui
851 1383 1038 1449 justus
1089 1394 1193 1448 est,
1250 1398 1416 1453 supra
1469 1393 1678 1453 petram
1728 1384 1833 1440 sibi
1874 1392 2112 1440 statutos

527 1466 843 1543 essc'pe'des
874 1472 1105 1527 allii-mat
1136 1473 1177 1528 ³.
1206 1472 1475 1528 Caeterum
1514 1474 1728 1528 versari
1784 1476 1841 1528 in
1885 1473 2110 1528 tenebris

531 1562 752 1616 Judaaos
784 1570 837 1616 et
888 1562 1091 1617 Paulus
1122 1562 1239 1632 ipse
1267 1562 1535 1631 ostendit,
1566 1580 1689 1645 cum
1723 1564 1893 1633 hujus
1922 1564 2107 1619 δείξουΙί

528 1657 700 1721 Deum
753 1666 964 1709 mentes
1034 1655 1336 1709 inﬁdelium
1398 1671 1709 1711 exctecassc
1766 1657 1901 1711 dicit
1951 1658 1992 1711 ⁸.
2047 1658 2111 1712 Et

528 1742 697 1813 Isaias
719 1782 734 1807 ,
766 1758 890 1798 cum
926 1744 1101 1797 lucem
1135 1743 1247 1798 illis
1277 1745 1732 1813 exspectantibus
1782 1744 1953 1800 iactas
1987 1762 2110 1802 esse

530 1830 807 1886 tenebras.
869 1829 1008 1884 Hinc
1049 1839 1103 1885 et
1157 1832 1249 1885 illa
1305 1832 1510 1887 Christi
1564 1851 1578 1888 :
1622 1852 1640 1884 ι
1700 1833 1808 1903 Ego
1844 1852 1963 1891 smn
2016 1839 2107 1891 lux

529 1921 719 1974 mundi
744 1922 788 1985 ',
837 1939 855 1972 ι
901 1930 954 1974 et
986 1937 1107 1992 quae
1138 1922 1422 1993 deinceps.
1459 1923 1526 1977 Et
1562 1925 1653 1977 illa
1688 1927 1853 1980 etiam
1895 1946 1907 1981 :
1947 1946 1965 1978 ι
2002 1927 2106 1993 Qui

529 2011 699 2066 credit
726 2011 782 2065 in
813 2026 899 2067 me
932 2027 1041 2066 non
1071 2012 1358 2081 judicatnr
1388 2014 1444 2070 ἐ
1473 2024 1531 2069 ιιι
1554 2030 1651 2071 eos
1684 2017 1753 2071 ab
1801 2018 1946 2087 ignis
1987 2020 2109 2072 vin-

527 2102 675 2155 dicta
726 2113 1004 2159 avocaret.
1060 2102 1333 2159 Caatcrum
1403 2107 1548 2176 quod
1606 2108 1883 2176 obﬁrmate
1938 2111 2109 2180 ignem

528 2193 697 2258 dixit;
749 2194 946 2264 judicii
1008 2195 1371 2251 acerbitatem
1432 2198 1945 2270 veltemcntiamque
2011 2201 2109 2256 de-

529 2286 874 2341 monstravit.
912 2286 1077 2341 Multa
1108 2287 1380 2357 siquidem
1423 2289 1567 2359 ignis
1594 2293 1852 2361 suggesta
1886 2298 2110 2349 materia

529 2376 860 2446 adaugetur;
898 2393 1065 2448 parva
1091 2391 1272 2433 autem
1297 2382 1644 2452 elanguescit
1669 2400 1683 2447 ;
1707 2395 1763 2439 et
1789 2395 2111 2457 consumpta

528 2468 920 2537 exstinguitur.
976 2467 1150 2524 Judaei
1206 2471 1394 2541 itaque
1449 2475 1757 2543 prophetis,
1800 2478 1894 2545 qui
1935 2478 2001 2530 ad
2054 2494 2114 2533 se

530 2556 686 2611 missi
720 2566 929 2625 essent,
962 2561 1161 2629 partim’
1196 2561 1363 2628 ferro,
1402 2568 1603 2633 partim
1628 2567 1905 2637 lapidibus
1942 2570 2113 2625 inter-

531 2648 750 2717 emptis,
768 2650 937 2719 ignem
963 2654 1015 2705 in
1047 2666 1106 2707 se
1132 2653 1506 2722 accenderunt,
1538 2658 1919 2731 ﬂammamque
1953 2661 2116 2730 obﬁr-

533 2747 790 2805 marunt;
823 2755 948 2794 cum
981 2742 1198 2798 sublato
1231 2744 1470 2812 haerede,
1502 2748 1710 2804 Christi
1740 2750 2111 2821 disciplinam,

534 2830 669 2900 iugis
708 2832 922 2887 umbris
958 2835 1186 2900 addicti,
1218 2840 1725 2915 non_admiserunt.
1763 2844 1869 2899 Eos
1908 2846 2114 2915 itaque,

537 2933 799 2994 tanquam
846 2941 905 2981 se
960 2927 1096 2998 legis
1128 2910 1571 2998 quideniJucem
1608 2933 1809 2990 habere
1838 2910 2113 3007 putarent,

536 3029 663 3068 vere
693 3025 875 3070 tamen
901 3032 1011 3071 non
1038 3018 1326 3085 baberent,
1365 3037 1395 3075 ιι
1429 3038 1529 3078 sua
1560 3024 1676 3093 ipse
1703 3036 1853 3083 arcet
1886 3027 2118 3084 ﬁttnilia-

2215 547 2360 612 τοὺς,
2391 549 2554 603 αὐτόν
2588 566 2645 602 τε
2674 547 2943 603 ποιεῖσθαι
2970 547 3164 619 ῥάϐδον
3200 546 3292 601 καὶ
3305 548 3601 618 στήριγμα.

2284 836 2360 891 Οὐ
2381 836 2490 906 γὰρ
2527 835 2789 906 ἠδύναντο
2846 834 3125 890 πιστεύειν
3180 833 3341 899 δόξαν
3388 836 3521 905 παρ’
3545 832 3782 906 ἀλλήλων

2215 928 2603 1000 λαμϐάνοντες,
2662 928 2757 982 καὶ
2790 927 2888 999 τὴν
2925 927 3081 994 δόξαν
3111 926 3210 998 τὴν
3245 925 3398 998 παρά
3421 925 3516 980 τοῦ
3562 926 3701 981 Θεοῦ
3723 927 3777 980 οὒ

2215 1020 2526 1091 ζητοῦντες,
2584 1018 2643 1083 δς
2683 1017 2897 1090 εἴρηται
2956 1017 3170 1089 ῥάϐδος.
3225 1017 3430 1087 ’Δνέχει
3472 1015 3581 1087 γὰρ
3610 1015 3779 1070 πάντα

2215 1111 2353 1182 πρὸς
2374 1112 2437 1165 τὸ
2469 1107 2611 1165 εἶναι
2642 1110 2823 1175 καλῶς
2857 1110 2997 1164 κατὰ
3041 1109 3103 1164 τό
3124 1126 3139 1140 ⁸
3187 1126 3206 1160 ι
3256 1108 3321 1162 Ἦ
3352 1097 3545 1179 ῥάὸδος
3572 1126 3665 1162 σου
3695 1110 3783 1163 καὶ

2214 1206 2246 1272 ἡ
2272 1203 2542 1277 βακτηρία
2576 1219 2691 1267 σου,
2716 1203 2878 1257 αὐταί
2903 1219 2968 1273 με
2995 1200 3400 1273 παρεκάλεσαν.
3441 1220 3461 1253 ι
3497 1200 3784 1272 Ὀλισθηρά

2214 1296 2379 1366 γὰρὴ
2431 1296 2615 1365 φύσις,
2670 1293 2766 1348 καὶ
2815 1294 2987 1347 δεῖται
3038 1291 3136 1347 τοῦ
3194 1291 3679 1363 περικρατοῦντος.
3718 1284 3787 1345 0ιῖ

2210 1388 2388 1459 τυχὼν
2420 1390 2448 1442 ὁ
2476 1388 2681 1450 δίκαιος
2717 1385 2868 1455 λέγει
2892 1402 2906 1418 ’
2944 1403 2965 1439 ι
3002 1387 3273 1456 Ἕστησεν
3307 1385 3400 1438 ἐπὶ
3438 1384 3643 1455 πέτραν
3670 1382 3789 1447 τοὺς

2218 1478 2389 1542 πόδας
2415 1495 2536 1548 μου.
2569 1496 2587 1529 ι
2632 1477 2736 1531 Ἐν
2762 1477 2964 1540 σκότῳ
2990 1476 3049 1529 δὲ
3081 1470 3225 1529 εἶναι
3257 1474 3683 1540 τοὺςΊουδαίους
3704 1474 3786 1527 καὶ

2211 1572 2239 1624 ὁ
2269 1569 2477 1631 Παῦλος
2502 1568 2696 1638 δηλῶν,
2733 1587 2752 1620 ‹
2773 1567 2833 1621 ’0
2864 1568 2995 1631 Θεὸς
3018 1566 3110 1621 τοῦ
3138 1565 3332 1630 αἰῶνος
3359 1565 3573 1629 τούτου,
3607 1565 3790 1634 φησιν,

2211 1663 2485 1731 ἐτύφλωσε
2516 1663 2581 1713 τὰ
2609 1662 2699 1729 vol;
2712 1677 2854 1730 ματα
2887 1660 2991 1713 τῶν
3023 1659 3302 1713 ἀπίστων.
3347 1678 3364 1710 ι
3400 1658 3511 1713 Καὶ
3560 1657 3792 1727 Ἡσαΐας

2145 1793 2187 1847 Β
2217 1753 2403 1826 φησιν·
2445 1770 2464 1803 ι
2514 1752 2959 1821 Ὑπομεινάντων
2983 1751 3164 1805 αὐτῶν
3192 1750 3330 1847 φῶς,
3370 1750 3590 1847 έγένετο
3618 1750 3791 1847 αὐτοῖς

2217 1843 2429 1903 σκότος.
2466 1860 2484 1891 ι
2522 1841 2614 1894 Διὸ
2651 1840 2884 1911 Χριστὸς
2914 1840 3098 1907 ἔλεγεν
3123 1855 3135 1869 °
3189 1859 3208 1892 ι
3256 1838 3399 1908 Ἑγώ
3437 1841 3553 1907 είμι
3591 1839 3653 1892 τὺ
3684 1838 3792 1908 φῶς

2212 1932 2305 1985 τοῦ
2335 1931 2566 2001 κόσμου,
2605 1949 2625 1982 ι
2660 1932 2757 1983 καὶ
2792 1929 2861 1983 τά
2916 1930 3070 1998 ἑξῆς.
3128 1930 3239 1984 Καὶ
3271 1928 3367 1982 τοῦ
3395 1929 3497 1999 τῆς
3521 1928 3793 1990 κολάσεως

2210 2022 2265 2075 δὲ
2296 2021 2469 2090 πυρὸς
2500 2021 2826 2093 ἀποτρέπων
2859 2021 3055 2085 αὐτοὺς
3109 2020 3340 2094 ἔλεγενσ
3375 2039 3393 2072 ι
3438 2021 3496 2072 Ὁ
3527 2018 3794 2073 πιστεύων

2216 2114 2298 2175 εἰς
2320 2112 2410 2165 τὸν
2435 2111 2591 2176 Υἱὸν,
2616 2112 2677 2165 οὒ
2728 2111 2995 2182 κρίνεται.
3036 2100 3061 2163 's
3106 2096 3393 2165 Ἐπίτασιν
3418 2110 3475 2164 δὲ
3500 2109 3794 2181 παρίστησι

2219 2204 2457 2273 κρίσεως
2480 2204 2561 2267 τὸ,
2593 2202 2928 2274 Κατισχύετε
2969 2202 3167 2272 φλόγα.
3199 2203 3370 2273 Ὕλης
3404 2203 3502 2273 μὲν
3532 2201 3643 2270 γάρ
3668 2200 3794 2253 πολ-

2220 2295 2318 2367 λῆς
2344 2294 2792 2365 προσαγομένης,
2815 2294 2988 2360 αὔξει
3014 2295 3081 2349 τὸ
3099 2294 3240 2363 πῦρο
3279 2293 3466 2362 ὀλίγης
3493 2292 3571 2357 δὲ,
3599 2292 3789 2345 ἀτονεῖ*

2213 2387 2624 2458 δαπανηθείσης
2663 2388 2757 2452 δὲ,
2822 2386 3133 2447 σὸέννυται,
3180 2385 3424 2441 Ἰουδαῖοι
3469 2385 3649 2439 τοίνυν
3690 2382 3795 2453 πῦρ

2214 2481 2339 2534 καθ’
2370 2479 2580 2534 ἑαυτῶν
2599 2479 2860 2544 ἔκαυσαν,
2892 2480 3318 2542 ἀποκτείναντες
3335 2479 3461 2542 τοὺς
3493 2477 3795 2548 προφήτας,

2216 2572 2310 2626 καὶ
2341 2570 2789 2641 λιθοϐολῆσαντες
2816 2572 2947 2635 τοὺς
3001 2566 3464 2641 ἀπεσταλμένους.
3505 2570 3797 2635 Κατίσχυο

2215 2660 2349 2723 σαιί
2365 2667 2422 2720 δὲ
2448 2668 2546 2737 τὴν
2580 2663 2813 2720 ἑαυτῶν
2833 2665 3053 2735 φλόγα,
3078 2665 3171 2719 τὸν
3205 2662 3546 2734 κληρονόμον
3567 2663 3800 2717 ἀπεκτοο

2216 2761 2388 2824 νοτες,
2423 2759 2473 2813 οἳ
2517 2758 2617 2829 τὴν
2675 2755 2764 2811 διά
2812 2755 3055 2827 Χριστοῦ
3091 2756 3375 2809 παίδευσιν
3406 2755 3507 2807 ούκ
3528 2750 3802 2818 ἐδέξαντο,

2218 2855 2337 2915 ταῖς
2369 2850 2461 2904 τοῦ
2486 2851 2654 2922 νόμου
2704 2851 2885 2913 σκιαῖς
2914 2848 3318 2920 ἐπιμείναντες.
3347 2845 3547 2916 Διόπερ
3576 2844 3655 2906 ὡς
3685 2842 3806 2913 φῶς

2222 2945 2320 3015 μὲν
2344 2944 2492 3014 ἐχειν
2518 2943 2804 3013 οἰομένους
2826 2941 2888 2995 τὸ
2914 2940 3159 3011 νομικὸν,
3200 2942 3263 2994 οὐ
3303 2939 3411 3010 μὴν
3429 2936 3658 3008 ἔχοντας
3691 2936 3805 3007 ἀλη-

2221 3036 2349 3100 θῶς,
2381 3036 2480 3106 τῆς
2515 3036 2651 3108 πρὶς
2701 3035 2866 3090 αὐτὸν
2905 3034 3254 3104 οἰκειότητος
3302 3031 3706 3099 ἀποπέμπεται
3734 3030 3809 3082 λέ·

538 3105 701 3158 ritate
724 3113 779 3159 et
807 3107 1245 3176 consuetudine;
1272 3126 1396 3166 cum
1425 3112 1479 3166 in
1505 3112 1705 3169 lumine
1728 3117 1865 3187 ignis
1884 3119 2113 3189 proprii,

2221 3143 2366 3195 γων·
2399 3105 2734 3195 Πορεύεσθε
2758 3123 2838 3191 τῷ
2860 3124 3009 3195 φωτὶ
3046 3122 3157 3177 τοῦ
3189 3121 3386 3189 πυρὸς
3404 3119 3559 3191 ὑμῶν
3602 3120 3712 3172 καὶ
3744 3118 3807 3185 τῇ

538 3206 585 3248 et
635 3212 690 3249 ιη
717 3198 957 3265 ﬂamma,
993 3216 1153 3269 quam
1185 3204 1592 3271 succenderunt,
1620 3207 1777 3276 jubet
1811 3211 2113 3268 ambulare.

537 3293 727 3362 Neque
752 3311 882 3351 vero
913 3297 1076 3351 illatae
1103 3297 1254 3367 ipsos
1292 3300 1343 3353 in
1368 3299 1649 3356 Christum
1690 3304 1904 3375 injuriae
1927 3324 2118 3379 ptenas

540 3386 712 3441 luisse
737 3387 975 3457 ignorari
1006 3390 1247 3458 patitur;
1296 3405 1422 3444 cum
1454 3403 1669 3463 propter
1713 3413 1767 3451 se
1795 3399 1981 3455 isthwe
2010 3401 2119 3457 illis

541 3478 687 3547 facta
724 3496 856 3543 esse,
880 3482 1000 3534 etin
1026 3496 1248 3535 maerore
1267 3484 1592 3540 dormituros
1617 3488 1838 3556 subjicit
1874 3508 1888 3546 :
1918 3494 2121 3563 quibus

540 3585 795 3638 agrorum
835 3572 1170 3639 vastitatem,
1198 3574 1465 3647 urbisque
1494 3576 1884 3648 direptionem,
1932 3586 2121 3655 templi

539 3663 777 3730 dcitique
833 3663 1147 3718 incendium
1185 3664 1550 3722 demonstrat.
1607 3670 1947 3728 Dormierunt
1986 3690 2118 3732 vero

538 3757 702 3807 etiam
735 3756 789 3809 in
831 3772 1093 3821 mwrare;
1136 3759 1245 3822 vel,
1279 3766 1340 3813 ut
1387 3760 1463 3814 ait
1490 3759 1894 3832 Symmachus,
1933 3768 1989 3821 in
2018 3769 2118 3823 do-

538 3845 685 3908 lore;
743 3847 845 3911 vel,
905 3855 964 3901 ut
1010 3846 1261 3917 Aquilas,
1314 3849 1370 3903 in
1432 3849 1893 3922 defatigationem.
1931 3855 2119 3926 Neque

537 3940 683 3992 enim
726 3940 818 4006 qui
863 3938 1003 3994 facta
1040 3956 1136 4010 per
1166 3940 1451 3996 Christum
1497 3942 1875 4017 redemptione
1906 3948 2115 4021 indigni

536 4031 703 4102 578
760 4040 909 4098 sunt,
968 4034 1085 4103 ipsa
1140 4033 1493 4104 praamiorum
1545 4053 1842 4108 spe,.non
1890 4021 2120 4113 spiritus

2222 3219 2423 3291 φλογὶ,
2486 3210 2527 3288 ᾗ
2583 3216 2977 3282 ἐξεκαύσατε.
3033 3213 3157 3267 Ὀτι
3214 3212 3270 3265 δὲ
3298 3209 3399 3281 τῆς
3439 3212 3518 3273 είς
3574 3209 3809 3280 Χριστὸν

2226 3311 2515 3383 παροινίας
2539 3310 2724 3364 ἔτισαν
2757 3309 2941 3373 δίκας,
2963 3305 3294 3378 παρίστησιν
3328 3305 3566 3373 ἐπάγων·
3598 3302 3687 3356 Δι’
3715 3299 3810 3370 ἐμὲ

2223 3403 2462 3474 ἐγένετο
2482 3402 2669 3456 ταῦτα
2685 3399 2847 3469 ὑμῖν·
2874 3399 2945 3453 ἐν
2961 3398 3127 3466 λύπῃ
3146 3393 3610 3465 κοιμηθήσεσθε.
3625 3392 3811 3445 Ταῦτα

2225 3496 2281 3549 δὲ
2310 3493 2457 3563 λέγει
2478 3491 2744 3564 πόρθησιν
2766 3489 2971 3564 χώρας,
2988 3490 3198 3552 πόλεως
3226 3487 3449 3550 ἅλωσιν,
3480 3485 3813 3556 ἐμπρησμὸν

2226 3589 2322 3642 τοῦ
2380 3587 2506 3641 νεῶ.
2545 3584 2989 3655 Ἐκοιμήθησαν
3016 3580 3073 3635 δὲ
3127 3582 3223 3635 καὶ
3250 3580 3444 3647 eum;
3476 3589 3526 3641 ι,
3549 3578 3584 3647 ἢ
3622 3578 3727 3629 καί
3754 3576 3811 3628 ἐν

2226 3679 2440 3748 ὀδύνῃ,
2464 3676 2608 3731 κατά
2655 3674 2990 3747 Σύμμαχον
3022 3673 3056 3744 ἢ
3100 3671 3241 3727 κατὰ
3271 3670 3363 3724 τὸν
3416 3669 3683 3729 ’Δκύλαν,
3736 3670 3810 3730 εις

2224 3771 2612 3837 διαπόνησιν.
2660 3767 2773 3838 Τὴν
2831 3765 2921 3820 διὰ
2970 3763 3208 3837 Χριστοῦ
3247 3763 3356 3832 γὰρ
3401 3759 3681 3830 λύτρωσιν
3723 3759 3818 3811 οὖν

2224 3862 2545 3929 ἀξιωθέντες
2572 3860 2779 3924 λαϐεῖν,
2813 3857 2915 3911 οὐκ
2960 3858 3018 3911 ὲν
3064 3854 3243 3909 ἐλπίδι
3282 3852 3480 3924 γερῶν,
3509 3852 3607 3904 καί
3635 3851 3822 3919 θυμη-

2226 3955 2315 4027 δίᾳ
2344 3953 2709 4024 πνευματικῇ,
2749 3949 2867 4003 ἀλλ’
2891 3950 2951 4002 ὲν
2977 3946 3129 4019 φόϐῳ
3177 3945 3477 4023 κολάσεων,
3511 3942 3613 3997 καὶ
3672 3941 3824 4013 λύπῃ

2227 4050 2295 4119 τῇ
2324 4048 2390 4101 δι’
2414 4045 2584 4107 αὐτὰς
2620 4039 2953 4110 ὀδυνώμενοι
2982 4036 3471 4110 κοιμηθήσοντιιι.

535 4127 902 4184 oblectatione
953 4126 1243 4191 fruentur;
1306 4131 1400 4185 sed
1452 4146 1741 4201 poenarum
1794 4134 2119 4208 dolorisque
2159 4154 2305 4199 metu
2348 4139 2663 4195 dormientes
2710 4134 3123 4191 cruciabuntur.

1182 4222 1337 4278 CAP.
1378 4222 1463 4278 LI.

606 4309 775 4364 Vens.
805 4310 922 4365 1-5.
960 4311 1155 4366 Audite
1184 4330 1281 4380 me,
1319 4315 1805 4386 quipersequimini
1846 4322 1985 4389 quod
2029 4329 2120 4391 ju-

2812 4228 3064 4284 ΚΕΦΑΑ.
3101 4224 3231 4281 NA’.

2279 4322 2431 4394 σι’-γ’.
2463 4322 2795 4379 Ἀκούσατέ
2841 4339 2983 4393 μου,
3018 4322 3072 4374 οι
3115 4315 3430 4381 διώκοντες
3458 4313 3529 4368 τὸ
3558 4312 3829 4373 δίκαιον,

536 4414 678 4457 slum
696 4412 791 4459 est.
840 4413 889 4456 et
931 4404 1023 4472 qui
1069 4406 1308 4473 queritis
1366 4405 1670 4461 Dominum.
1722 4407 2011 4466 Intuemini
2064 4415 2113 4467 in

2227 4416 2325 4470 καὶ
2372 4415 2688 4482 ζητοῦντες
2736 4413 2844 4467 τὸν
2905 4412 3147 4480 Κύριον.
3180 4405 3563 4479 Ἐμσλέψατε
3599 4407 3690 4468 εις
3718 4404 3832 4471 τὴν

536 4494 763 4548 solidam
785 4504 1009 4562 petram,
1035 4512 1195 4565 quam
1227 4498 1527 4563 excidistis,
1558 4509 1609 4552 et
1632 4500 1686 4553 in
1719 4500 1925 4569 foveam
1947 4503 2119 4575 lacus,
2154 4494 2198 4523 ν
2228 4508 2483 4577 στερεὰν
2509 4506 2756 4575 πέτραν,
2811 4503 2893 4573 ἣν
2939 4501 3375 4572 ἐλατομήσατε,
3429 4495 3533 4550 καὶ
3581 4498 3681 4561 εἷς
3729 4496 3833 4549 ’ξέν’

534 4602 695 4654 quam
732 4586 1010 4654 effudistis.
1048 4586 1340 4642 Intuemini
1366 4591 1418 4643 in
1451 4591 1724 4646 Abraham
1765 4604 1969 4662 patrem
2036 4613 2113 4651 re-

2224 4600 2497 4664 ,βόθυνον
2525 4598 2631 4652 τοῦ
2674 4597 2930 4659 λάκκου,
2997 4594 3070 4650 ὃν
3105 4593 3391 4663 ὠρύξατο.
3446 4589 3835 4657 Ἐμΰλέψατε

537 4687 733 4733 atrum.
769 4685 820 4728 et
853 4676 904 4728 in
936 4675 1178 4744 Sarram,
1214 4695 1330 4748 qua:
1357 4683 1554 4748 peperit
1583 4698 1697 4745 vos,
1728 4692 1833 4739 etc.
2231 4693 2318 4756 εις
2346 4690 2606 4759 Ἀϐραὰμ
2656 4689 2765 4742 τὸν
2817 4686 3050 4755 πατέρα
3105 4683 3296 4753 ὑμῶν,
3324 4681 3425 4735 καὶ
3460 4682 3555 4746 εὶς
3587 4679 3839 4749 Σάῥιῗαι·

934 4761 945 4771 ⁸
2233 4782 2348 4848 τὴν
2374 4780 2719 4833 ὠδίνουσαν
2747 4776 2925 4846 ὑμᾶς,
2956 4793 3012 4830 κ.
3036 4792 3087 4829 τ.
3111 4775 3163 4829 λ.

610 4872 716 4926 Sed
753 4873 853 4927 ista
887 4890 952 4929 ne
985 4891 1079 4929 vos
1112 4878 1225 4946 pati
1260 4879 1565 4950 contingat,
1598 4881 1761 4935 etiam
1795 4900 1942 4939 nunc
1984 4883 2113 4938 horo

2303 4872 2442 4925 Ἀλλ’
2472 4873 2561 4925 ἵνα
2583 4871 2657 4942 μὴ
2671 4871 2843 4923 ταῦτα
2865 4868 3099 4938 πάθητε,
3119 4866 3212 4919 καὶ⁸
3226 4863 3321 4916 νῦν
3339 4862 3419 4915 ἔτι
3439 4859 3719 4933 παραινῶ
3746 4859 3844 4927 τὴν

538 4965 665 5029 tari,
699 4974 751 5019 et
783 4965 849 5019 ad
888 4967 1674 5041 resipiscentiam_provocare
1723 4988 1833 5028 non
1885 4974 2113 5041 desino;

2225 4956 2825 5033 μετάνοιαν,ὧάνδρες,
2847 4961 2999 5029 ὑμῖν,
3029 4959 3078 5010 ol
3099 4952 3563 5028 προσποιούμενοι
3604 4951 3723 5022 μὲν
3756 4951 3847 5002 τον

535 5056 654 5125 qui,
693 5055 954 5111 simulato
999 5056 1223 5126 quidem
1284 5036 1355 5113 in.
1388 5059 1560 5115 Deum
1615 5063 1788 5129 cultu,
1839 5065 2113 5119 contraria

2221 5054 2424 5126 Κύριον
2450 5055 2640 5124 τιμᾷν,
2672 5051 2891 5105 ἐναντία
2921 5050 2977 5103 δὲ
3016 5050 3349 5121 πράττοντες
3380 5047 3448 5116 τῇ
3474 5042 3575 5097 τοῦ
3617 5044 3846 5113 Κυρὶς-δ

535 5160 716 5203 autem
745 5147 991 5219 ejusdem
1014 5150 1280 5204 voluntati
1312 5150 1583 5219 faciendo,
1608 5154 1739 5211 dum
1759 5157 2113 5228 quadjustum

2229 5144 2412 5215 βουλῇ,
2434 5144 2512 5216 τῷ
2536 5143 2601 5198 τὸ
2620 5143 2857 5196 δίκαιον
2874 5141 3176 5204 ἐλαύνειν,
3194 5135 3485 5209 ἡγεῖσθαίδ
3502 5152 3567 5187 τε
3584 5136 3649 5188 δυ
3662 5134 3847 5206 σμεπά

536 5250 611 5293 est
664 5239 1056 5310 persequimini,
1091 5228 1379 5297 veritatem
1423 5245 1578 5299 vobis
1626 5246 1905 5302 inimicam
1966 5247 2113 5301 exsi-

2228 5237 2328 5309 τὴν
2361 5236 2640 5305 ἀλήθειαν.
2664 5234 2823 5297 Τινὲς
2848 5233 2905 5286 δέ
2944 5248 3109 5301 φασιν
3148 5230 3223 5294 ὡς
3246 5229 3569 5301 προσφωνεῖ
3594 5230 3728 5291 τοῖς
3760 5244 3851 5278 πτ-

538 5338 685 5382 stere
710 5332 936 5400 putatis.
958 5332 1147 5386 Placet
1178 5349 1308 5394 vero
1339 5335 1640 5399 nonnullis,
1662 5352 1777 5403 eos,
1807 5337 1901 5407 qui
1935 5336 2113 5399 ﬁdem,

2231 5328 2479 5382 metiebar.
2502 5330 2595 5381 καὶ
2621 5326 2843 5400 ζητοῦσι
2873 5324 3112 5398 Χριστὸν
3159 5323 3262 5394 τὴν
3303 5319 3707 5390 δικαιοσύνην,
3754 5317 3855 5371 καὶ

538 5420 931 5493 Christumque
961 5424 1239 5493 justitiam
1270 5435 1547 5497 qttrerunt,
1605 5431 1925 5499 prophetam
1974 5429 2113 5483 allo-

2230 5422 2305 5486 ὡς
2335 5422 2651 5493 ἀλλοτρίους
2678 5422 2788 5477 τῶν
2824 5419 3093 5505 Ἰουδαίων
3139 5416 3361 5476 τούτους
3401 5414 3585 5472 καλεῖ.
3612 5416 3857 5478 Πάντες

609 5576 632 5608 ³
670 5575 814 5631 Psal.
852 5593 986 5642 xm,
1026 5596 1099 5635 tv.
1200 5583 1220 5613 ⁸
1263 5581 1404 5636 Psal.
1446 5598 1635 5647 χχχιχ,
1668 5584 1720 5638 ⁸5.
1798 5585 1818 5615 ⁸
1861 5584 1902 5638 ΙΙ
1939 5584 2111 5642 Cor.t

2219 5583 2269 5638 ὦ.
2347 5583 2367 5612 ⁸
2407 5582 2451 5635 ll
2482 5581 2609 5637 Cor.
2666 5598 2778 5647 vin,
2829 5579 2917 5634 12.
2995 5577 3015 5607 ⁸
3052 5574 3210 5633 Joau.
3244 5591 3326 5640 ιιι,
3366 5570 3454 5628 18.

1817 5700 2055 5756 νΛΙῖΙᾹΞ
2099 5698 2391 5758 LECTION
2406 5699 2505 5751 l‘IS.

620 5799 645 5828 ι
676 5805 764 5858 ῃ).
788 5788 842 5842 ἓν
873 5788 1040 5857 λύπῃ.
1118 5787 1145 5827 ι)
1177 5804 1268 5856 γρ.
1303 5787 1543 5856 ἡγεῖσθε.
