3976 6220
208 261 328 327 2497

1322 266 1861 327 COMMENTARII
1902 266 1983 326 ΙΝ
2022 268 2308 329 ISAIAM.

3299 271 3443 336 2498

207 381 299 451 γὰρ
328 379 548 449 προεῖπε
576 377 688 446 πῦρ
711 376 909 444 καίειν,
946 379 1003 431 ἐν
1045 371 1089 447 ᾧ
1137 381 1229 433 καὶ
1269 380 1689 449 κατεκαύθησαν
1716 379 1765 433 οἳ

1873 380 1996 449 qui;
2029 392 2079 435 et
2113 382 2259 434 velut
2289 396 2316 434 a
2348 379 2552 456 .ludaiis
2608 382 2817 439 alienos
2847 383 2971 440 illos
3005 385 3293 457 appellare.
3319 387 3445 442 0m-

207 468 439 524 διὼκουσι
489 467 557 522 τὸ
607 466 861 535 δίκαιον,
915 470 1013 542 οὐχ
1038 471 1111 534 ὡς
1148 471 1528 538 ἐλαύνοντες,
1553 470 1766 536 ἀλλ’ὡς

205 561 281 614 ἐπ’
307 560 434 614 αὐτὸ
460 560 763 632 τρέχοντες,
792 560 879 614 ἵνα
935 561 1340 627 καταλάϐωσιν,
1375 562 1451 627 ὡς
1470 563 1531 617 τό
1551 579 1565 594 ο
1605 583 1624 616 ι
1661 564 1768 634 Ζή-

202 669 350 723 τησον
376 652 622 724 εἰρήνην,
663 653 757 707 καὶ
788 652 979 720 δίωξον
1025 654 1218 724 αὐτὴν.
1260 674 1278 706 ι
1332 654 1628 723 Ὀλιγοστοὶ
1667 656 1766 725 μὲν

206 745 301 815 γὰρ
334 737 479 797 οὗτοι
500 761 513 775 ·
548 744 920 816 προϐήσονται
949 746 1005 799 δὲ
1036 748 1117 810 είς
1151 747 1389 818 ἄμετρον
1425 747 1628 817 πλῆθος
1658 748 1766 801 τῶν

204 839 355 892 ἐθνῶν
383 837 822 908 προστιθεμένων
850 840 963 902 τοῖς
994 841 1057 894 ὲκ
1107 842 1414 912 περιτομῆς
1444 842 1472 893 ὅ
1497 842 1589 894 καὶ
1623 858 1767 909 παρ-

207 932 369 1000 ίστησι
402 929 749 1000 παράδειγμα
769 929 877 984 τὸν
905 931 1165 1000 Ἀϐραὰμ
1191 934 1287 985 καὶ
1314 932 1429 1000 τὴν
1450 932 1685 1001 Σάρραν
1717 943 1764 986 ε.

204 1023 344 1085 Τινὲς
364 1022 421 1075 δὲ
459 1021 593 1091 πρὸς
651 1020 778 1084 τοὺς
834 1022 1098 1086 ἀπίστους
1157 1023 1412 1092 εἰρῆσθαι
1447 1025 1539 1077 τὸν
1588 1023 1764 1091 λόγον,

202 1110 271 1172 ὡς
293 1110 645 1180 προείπομεν,
667 1108 941 1177 λέγοντες,
972 1111 1135 1178 φασὶν
1165 1110 1241 1174 ὡς
1266 1111 1388 1165 ἀντὶ
1420 1111 1534 1177 τοῦ,
1557 1110 1655 1165 καί
1680 1113 1769 1176 εἰς

201 1203 299 1257 τὸν
326 1203 617 1267 βόθυνον,
663 1203 692 1255 ὁ
745 1202 1062 1272 Σύμμαχος,
1122 1205 1212 1269 είς
1237 1203 1355 1272 τὴν
1409 1206 1765 1274 τρυμαλιάν·

199 1296 226 1347 ὁ
264 1293 318 1346 δὲ
351 1290 610 1354 Ἀκύλας,
642 1291 794 1360 πρὸς
823 1292 1120 1361 ἐκκοπὴν,
1146 1294 1506 1349 ὲκδεδὼκασιν
1537 1313 1553 1327 ·
1603 1299 1770 1351 αἰνιτ-

199 1382 414 1454 τομένου
441 1380 534 1439 τοῦ
558 1381 719 1449 λόγου
758 1381 858 1452 τὴν
887 1381 1047 1452 σῶμα
1083 1383 1179 1436 τοῦ
1230 1385 1437 1456 Κυρίου
1468 1386 1770 1457 δεξαμένην

202 1475 415 1544 πέτραν,
471 1471 551 1545 ἢν
593 1473 812 1540 ὄρυξεν
850 1473 1073 1544 Ἰωσήφ.
1119 1470 1251 1529 Εἶτα
1296 1477 1497 1549 μετέϐη
1564 1480 1656 1532 ἐπὶ
1710 1479 1772 1532 τὸ

202 1565 543 1637 παράδειγμα
565 1561 667 1617 τοῦ
699 1563 978 1635 Ἀϐραὰμ,
999 1566 1095 1619 καὶ
1124 1565 1238 1634 τῆς
1259 1550 1511 1636 Σάρῤαξι,
1539 1569 1587 1622 οἳ
1613 1568 1770 1639 δίκην

199 1660 395 1729 πέτρας
423 1658 664 1726 ἄκαρποι
684 1657 777 1711 καὶ
793 1655 978 1726 ἄγονοι
1002 1660 1315 1727 γεγονότες,
1356 1660 1570 1715 πολλῶν
1600 1661 1772 1717 ὲθνῶν

1868 486 1967 527 nes
2003 472 2146 527 enim
2176 481 2335 527 antea
2378 472 2556 542 ignem
2585 475 2883 529 accendere
2909 475 3084 544 dixit;
3117 478 3171 531 in
3204 492 3313 548 quo
3340 479 3443 547 ipsi

1867 563 2033 619 etiam
2079 565 2352 620 combusti
2390 573 2541 628 sunt,
2590 565 2682 633 qui
2740 566 2877 635 quod
2925 558 3129 637 iustum
3178 577 3277 632 est,
3334 575 3443 625 non

1874 651 2177 720 abigendo,
2214 653 2308 706 sed
2372 652 2679 721 appetendo
2732 661 2791 705 ut
2836 652 3235 722 adipiscantur,
3270 670 3447 723 perse-

1867 751 2101 812 quuntur
2135 761 2147 797 :
2200 742 2373 809 Quale
2402 742 2532 797 illud
2563 750 2688 798 est:
2728 760 2748 795 ι
2787 742 2979 808 Quaere
3012 759 3199 814 pacem
3234 754 3289 800 et
3324 761 3445 814 per-

1869 850 2097 902 sequere
2126 851 2246 890 eam
2281 838 2321 890 τ.
2378 855 2395 887 ι
2437 835 2576 889 Sunt
2611 836 2756 890 enim
2786 835 3047 905 perpauci
3078 835 3156 891 illi
3186 836 3442 906 quidem;

1869 924 1966 979 sed
2009 927 2061 978 in
2121 927 2527 982 multitudinem
2579 926 2809 982 evadent
2840 926 3131 995 inﬁnitam,
3173 943 3296 982 cum
3342 929 3445 995 ipsi

1870 1017 2207 1071 accesserint
2236 1017 2428 1083 Juda-i,
2476 1027 2535 1073 ut
2575 1020 2864 1073 Abrahami
2897 1018 3176 1085 Sameque
3198 1022 3447 1088 exemplo

1871 1106 2317 1162 demonstratur.
2350 1109 2607 1164 Nonnulli
2638 1125 2829 1165 rursus
2851 1111 3111 1166 adversus
3137 1111 3447 1166 incredulos

1872 1213 2179 1255 sermonem
2214 1215 2355 1260 esse,
2401 1201 2564 1255 sicuti
2591 1201 2851 1266 diximus,
2884 1201 3156 1262 arbitrati,
3193 1217 3287 1269 pro
3313 1217 3446 1271 quo,

1870 1294 1921 1340 et
1961 1290 2016 1340 in
2044 1287 2249 1357 foveam
2282 1289 2585 1355 habemus;
2619 1299 2667 1343 et
2696 1291 2751 1343 in
2791 1290 3028 1357 foramen
3058 1288 3445 1360 Symmachum

1871 1379 2115 1447 quidem,
2153 1381 2205 1433 in
2244 1382 2563 1437 excisionem
2587 1391 2766 1437 autem
2798 1382 3054 1453 Aquilam
3099 1383 3450 1437 transtulisse

1872 1472 2101 1538 volunt;
2137 1483 2398 1543 tanquam
2430 1483 2637 1544 petram
2674 1474 2820 1528 illam
2852 1490 2973 1543 qua!
3000 1474 3206 1531 Chrisﬁ
3248 1491 3450 1545 corpus

1873 1568 2109 1638 excepit,
2137 1576 2192 1622 et
2223 1583 2252 1622 a
2280 1566 2519 1639 Josepho
2551 1569 2729 1622 excisa
2759 1582 3112 1638 excarataque
3141 1579 3244 1634 est,
3270 1569 3447 1624 oratiu

1874 1659 2245 1715 demonstret.
2298 1658 2503 1714 Deinde
2529 1658 2595 1714 ad
2627 1659 2918 1715 Abraltami
2965 1668 3012 1713 et
3048 1657 3227 1714 Sarrae
3265 1674 3453 1714 exem-

198 1749 437 1816 πατέρες
463 1747 712 1816 ἐγένοντο
756 1746 846 1800 διὰ
875 1746 1130 1812 πίστεως,
1169 1749 1244 1813 ὡς
1284 1751 1312 1803 ὁ
1346 1748 1557 1814 Παῦλος
1586 1768 1721 1822 φησι
1750 1766 1764 1782 ο

1873 1750 2022 1820 plum
2055 1766 2369 1806 sermonem
2406 1749 2690 1828 transfert,
2719 1751 2813 1821 qui
2858 1759 2911 1806 et
2956 1751 3058 1818 ipsi
3108 1751 3225 1806 saxi
3276 1765 3450 1817 more,

203 1861 221 1893 ι
239 1839 539 1910 Κατενόησε
561 1837 622 1891 τὸ
650 1838 843 1892 ἑαυτοῦ
870 1839 1028 1909 σῶμα
1045 1839 1145 1910 ἤδη
1167 1841 1595 1912 νενεκρωμένον,
1624 1861 1645 1893 ›
1671 1843 1768 1896 καὶ

195 1931 261 1986 τὰ
287 1930 377 1984 ἐπὶ
400 1929 594 2001 τούτῳ.
624 1929 721 1993 Ἐξ
750 1929 887 1996 ἐνὸς
918 1929 1033 1997 οὖν,
1065 1931 1172 1986 τοῦ
1209 1931 1464 2003 Ἀϐραὰμ
1518 1935 1619 1989 καὶ
1654 1933 1768 2004 τῆς

195 2021 416 2092 Σάρρας
444 2023 551 2092 (είς
571 2021 680 2090 γὰρ
704 2021 892 2091 ἄμφω,
928 2023 1068 2075 κατὰ
1095 2022 1174 2075 τό’
1209 2024 1464 2079 Ἔσονται
1486 2027 1535 2078 οἱ
1564 2026 1657 2079 δύο
1689 2028 1771 2089 είς

197 2118 365 2187 σάρκα
400 2113 553 2185 μίαν)
602 2112 735 2167 ὡσεὶ
763 2113 831 2166 τὰ
862 2112 1039 2184 ἄστρα
1069 2115 1162 2169 τοῦ
1205 2117 1437 2187 ούρανοῦ
1467 2118 1546 2189 τῷ
1574 2118 1768 2190 πλήθει

196 2207 524 2276 συνέστησαν
546 2224 559 2238 ·
579 2205 659 2259 διό
684 2223 871 2274 φησιν,
900 2200 1006 2271 Εἷς
1030 2201 1130 2277 ἦν,
1147 2208 1245 2261 καὶ
1264 2208 1532 2263 ἐκάλεσα
1557 2210 1763 2264 αὐτόν.

194 2296 400 2367 ’Ὥσπερ
424 2291 519 2349 οὖν
564 2294 658 2348 ἐπὶ
690 2294 786 2349 τοῦ
817 2294 1076 2364 Ἀϐραὰμ
1105 2295 1247 2351 οὕτω
1266 2299 1545 2369 πεποίηκα
1572 2315 1584 2329 ·
1626 2298 1769 2353 οὕτω

198 2391 272 2462 μὴ
297 2388 726 2458 ἀπογινώσκετε,
759 2386 835 2451 ὡς
877 2388 971 2440 καὶ
1021 2387 1129 2440 ἀπὸ
1161 2386 1262 2458 τῆς
1292 2388 1514 2457 πέτρας
1543 2389 1765 2460 ταύτης,

193 2481 274 2552 ἦν
295 2480 459 2547 ὑμεῖς
483 2478 921 2549 ἐλατομήσατε,
976 2477 1130 2532 ἔσται
1161 2495 1245 2542 τις
1287 2479 1444 2543 ἐλπὶς
1492 2481 1769 2553 σωτηρίας

189 2576 353 2629 πᾶσιν
384 2571 717 2643 ἀνθρώποις.
743 2570 909 2624 Ἀλλὰ
948 2570 1043 2624 καὶ
1069 2570 1257 2639 πέτρα
1286 2573 1428 2626 κατὰ
1458 2572 1670 2626 Παῦλον
1696 2569 1765 2645 ἦν

187 2666 217 2720 ὁ
238 2664 491 2737 Χριστὸς,
515 2663 583 2734 ἣν
607 2665 664 2717 ἐν
681 2661 761 2732 τῷ
779 2660 943 2715 πάθει
965 2659 1255 2731 διώρυξαν,
1279 2663 1422 2715 κατὰ
1444 2664 1506 2716 τό
1524 2680 1536 2692 ·
1563 2682 1581 2714 ι
1598 2664 1765 2731 Ὠρυ-

190 2756 286 2822 ξαν
313 2754 502 2827 χεῖράς
542 2772 644 2824 μου
678 2752 776 2807 καὶ
827 2751 996 2816 πόδας
1048 2769 1170 2822 μου.
1207 2771 1225 2804 ι
1256 2754 1531 2808 Βόθυνον
1575 2754 1632 2807 δὲ
1666 2754 1766 2824 τὴν

186 2848 485 2921 τρωθεῖσαν
516 2846 759 2917 πλευρὰν
792 2844 1192 2899 ὐπαινίττεται.
1222 2844 1322 2899 Διά
1363 2844 1473 2916 γὰρ
1501 2846 1765 2918 τούτωνή

189 2940 452 3011 σωτηρία,
481 2938 578 2993 καὶ
610 2940 713 3009 τῆς
746 2935 1074 3007 Ἐκκλησίας
1119 2937 1351 3006 συνέστη
1376 2937 1440 2989 τὺ
1466 2937 1764 3009 πλήρωμα,

186 3031 439 3101 καθάπερ
481 3028 550 3094 ἐξ
602 3027 849 3096 Ἀϐραὰμ
899 3025 1002 3080 καὶ
1044 3025 1279 3094 Σήρῤας
1335 3026 1398 3078 τὸ
1456 3027 1661 3096 πλῆθος
1706 3029 1768 3081 τὸ

186 3122 433 3194 ἄπειρον.
459 3122 549 3174 Διὸ
581 3118 922 3187 παρακαλεῖ
955 3119 1055 3188 τὴν
1082 3116 1254 3183 Σιὼν,
1289 3118 1351 3170 τὸ
1381 3116 1631 3181 θεοσεϐὲς
1664 3120 1771 3173 πά-

186 3209 317 3266 λινει
350 3211 674 3281 πολίτευμα,
705 3211 841 3282 ὅπερ
866 3211 943 3271 είς
973 3208 1182 3277 ἔρημον
1220 3207 1288 3261 δι’
1334 3209 1476 3278 ὑμᾶς
1507 3209 1768 3280 κατέστη.

182 3304 337 3375 Πλὴν
365 3301 477 3356 ἀλλ’
498 3300 610 3369 ἐγὼ
638 3300 739 3371 τὴν
759 3298 995 3371 ἐρημίαν
1016 3297 1187 3368 αὐτῆς
1210 3298 1560 3369 ἀναλήψομαι
1580 3299 1773 3368 παρά-

184 3399 415 3463 κλησιν
436 3392 618 3449 καλῶν
673 3392 774 3463 τὴν
813 3391 948 3462 περὶ
998 3389 1206 3444 τούτων
1248 3391 1461 3445 ἐλπίδα.
1502 3392 1774 3460 Ἕρημον

182 3487 262 3552 δὲ,
293 3486 369 3551 ὡς
416 3485 553 3556 πρὸς
580 3486 679 3555 τὴν
736 3484 967 3554 ἔχουσαν
1018 3480 1186 3537 πάλαι
1223 3479 1316 3533 τὸν
1358 3482 1550 3553 ἄνδρα,
1575 3485 1675 3554 τὴν
1711 3482 1771 3548 ἐξ

182 3577 357 3632 ἐθνῶν
373 3576 727 3646 Ἐκκλησίαν,
748 3574 925 3639 καλεῖ,
951 3573 1088 3647 πρὸς
1104 3574 1171 3644 ἦν
1195 3570 1380 3641 ἔλεγεν
1408 3575 1436 3627 ὁ
1459 3576 1769 3646 προφήτης

188 3690 208 3724 ι
243 3670 616 3743 Εὐφράνθητι,
656 3670 864 3739 στεῖρα,
900 3669 935 3736 ή
987 3667 1049 3720 οὐ
1087 3665 1418 3731 τίκτουσα,›
1450 3665 1545 3719 καὶ
1582 3666 1652 3719 τὰ
1677 3667 1772 3720 ἐπὶ

177 3763 382 3835 τούτῳ.
415 3762 509 3827 Τίς
535 3762 593 3815 δὲ
631 3763 665 3833 ή
688 3760 778 3814 τὸν
812 3759 980 3831 ἄνδρα
1009 3757 1231 3829 ἔχουσα,
1263 3758 1379 3813 ἀλλ’
1405 3757 1438 3828 ἢ
1471 3757 1532 3810 τὸ
1566 3756 1772 3827 βιϐλίον

176 3856 279 3910 τοῦ
309 3855 641 3910 ἀποστασίου
667 3851 1051 3924 ποιησαμένης
1079 3852 1138 3905 ἐν
1174 3851 1231 3904 δὲ
1260 3853 1328 3922 τῇ
1361 3850 1554 3921 ἐρήμῳ
1584 3849 1773 3916 παρά-

177 3948 398 4003 δεισον
423 3946 643 4003 ἔσεσθαι
682 3946 856 4013 λέγει,
889 3943 1034 3998 κατὰ
1059 3942 1156 4000 τὸν
1192 3943 1251 3997 ὲν
1283 3942 1425 4014 ἀρχῇ
1466 3940 1621 4011 παρὰ
1652 3942 1770 3994 Κυ-

185 4038 406 4109 ρίου....

1872 1840 2053 1896 fructu
2103 1843 2400 1913 liberisque
2454 1854 2748 1909 carentes,
2798 1843 3090 1899 multarum
3141 1859 3238 1914 per
3290 1844 3449 1898 (idem

1871 1935 2112 2006 gentium
2148 1946 2411 2004 parentes,
2446 1935 2618 1991 Paulo
2649 1945 2808 2002 teste,
2839 1936 3085 2003 fuerunt,
3125 1952 3249 1992 cum
3278 1937 3454 1991 Abra-

1872 2026 2095 2080 hamum
2124 2026 2237 2096 jam
2268 2043 2428 2082 suum
2460 2042 2668 2098 corpus
2696 2036 3035 2091 emortuum,
3065 2039 3119 2083 et
3148 2044 3268 2097 qua:
3291 2026 3449 2081 dein-

1871 2131 2024 2185 ceps,
2055 2117 2438 2173 considerasse
2485 2117 2647 2173 dixit.
2686 2116 2771 2171 Ea:
2793 2134 2896 2171 uno
2926 2118 3112 2188 igitur,
3147 2108 3452 2171 A‘braltamo

1870 2207 2130 2263 et-Sarra
2160 2209 2344 2281 (unum
2376 2210 2522 2264 enim
2566 2218 2818 2279 uterque,
2850 2216 2910 2264 ut
2960 2209 3055 2263 illo
3101 2209 3294 2277 liquet,
3341 2222 3454 2277 quo

1870 2300 1991 2355 fore
2013 2300 2152 2356 duos
2182 2303 2233 2355 in
2261 2317 2424 2356 carne
2455 2317 2563 2355 una
2589 2300 2837 2371 dicitur),
2867 2309 3125 2368 tanquam
3145 2300 3269 2356 coeli
3301 2311 3451 2355 astra

1871 2390 2249 2455 multitudine,
2300 2391 2688 2446 constiterunt.
2756 2390 2990 2455 Ideoque
3036 2406 3172 2444 unus
3218 2401 3354 2453 erat,
3399 2398 3449 2443 et

1869 2483 2050 2537 vocavi
2074 2500 2216 2547 eum,
2242 2483 2466 2552 adjecit.
2489 2482 2963 2547 Quemadmodum
2991 2483 3162 2551 Igitur
3195 2482 3247 2535 in
3278 2483 3452 2535 Abra-

1868 2571 2026 2625 hamo
2060 2572 2112 2626 id
2142 2588 2246 2643 ego
2278 2574 2501 2642 praestiti
2537 2589 2551 2626 :
2588 2571 2669 2627 sic
2716 2579 2770 2626 et
2805 2571 2875 2626 ab
2921 2573 3025 2627 ista
3076 2582 3248 2638 petra,
3294 2589 3452 2642 quam

1866 2662 2169 2725 excidistis,
2209 2661 2540 2717 mortalibus
2567 2661 2847 2717 universis
2885 2676 3014 2730 spes
3046 2662 3229 2732 aliqua
3257 2677 3454 2716 conse-

1867 2753 2098 2821 queudze
2121 2755 2321 2809 salutis
2350 2752 2533 2809 futura
2579 2761 2685 2808 est.
2718 2752 2847 2806 Erat
2888 2768 3015 2808 vero
3037 2752 3456 2822 petra,docente

1867 2840 2041 2896 Paulo
2072 2844 2115 2906 ⁸,
2149 2843 2406 2898 Christus
2441 2842 2594 2912 ipse;
2618 2843 2706 2896 cui
2744 2851 2974 2896 mortem
2997 2843 3222 2896 obeunti
3255 2857 3453 2896 manus

1869 2940 1924 2985 et
1954 2932 2119 3001 pedes
2148 2933 2320 2989 clavis
2350 2948 2473 2989 esse
2506 2932 2845 2988 transfossos
2882 2932 3163 3001 Scriptura
3194 2940 3451 2988 testatur.

1842 3022 2230 3108 ‘Signilicatur
2276 3029 2406 3081 item
2457 3041 2552 3095 per
2596 3024 2763 3096 579
2808 3025 3013 3094 foveam
3076 3024 3219 3080 latus
3273 3025 3453 3094 ipsum

1877 3115 2049 3170 hastae
2094 3133 2356 3171 mucrone
2390 3118 2757 3173 vulneratum.
2797 3116 2899 3172 Per
2947 3117 3063 3171 haec
3109 3119 3255 3171 enim
3303 3134 3456 3188 parta

1877 3209 2030 3264 Salus
2078 3220 2164 3265 est
2199 3212 2428 3280 ipsaque
2455 3212 2621 3265 etiam
2654 3210 2919 3287 Ecclesiae
2947 3212 3247 3265 constituta
3284 3210 3460 3278 pleni-

1874 3300 2047 3368 tudo;
2084 3318 2193 3356 non
2226 3303 2385 3358 aliter
2411 3318 2576 3375 quam
2610 3317 2675 3357 ea:
2706 3302 3009 3357 Abrahamo
3042 3314 3091 3356 et
3133 3302 3301 3356 Sarra
3335 3302 3459 3354 inli-

1875 3394 1988 3447 nita
2012 3395 2327 3449 multitudo.
2356 3396 2538 3465 Atque
2562 3396 2688 3450 inde
2711 3405 2797 3451 est
2820 3396 2965 3466 quod
2989 3394 3200 3449 Sionem
3226 3411 3245 3459 ;
3280 3395 3330 3446 id
3352 3402 3457 3457 est,

1874 3483 2020 3552 piam
2064 3487 2195 3539 olitn
2234 3488 2516 3541 civitatem
2551 3488 2892 3549 consolatur,
2922 3503 3045 3558 quae
3090 3488 3306 3542 deserta
3338 3487 3461 3555 qui-

1875 3575 1999 3629 dem
2037 3586 2260 3646 propter
2291 3592 2410 3642 vos,
2447 3580 2650 3647 inquit,
2686 3593 2784 3647 per
2839 3592 2923 3632 me
2960 3578 3222 3646 frequens
3264 3581 3460 3631 iterum

1876 3664 2060 3720 futura
2084 3675 2167 3720 est
2191 3685 2204 3720 :
2229 3668 2319 3721 ubi
2347 3667 2661 3721 consolandi
2683 3667 2870 3731 verbo,
2892 3668 3277 3737 promissionis
3299 3668 3462 3737 hujus

1877 3772 2029 3827 spem
2079 3759 2428 3827 signiﬁcavit.
2464 3759 2543 3814 Eo
2582 3761 2705 3828 ipso
2755 3768 2937 3813 autem
2991 3759 3138 3828 quod
3195 3760 3462 3813 desertam

1874 3861 2057 3915 vocat,
2088 3854 2391 3912 Ecclesiant
2423 3855 2670 3925 gentium
2709 3854 2992 3924 intelligit,
3031 3864 3289 3923 tanquam
3341 3869 3463 3922 qua:

1879 3941 2085 4000 dudum
2118 3947 2295 3999 virum
2328 3946 2548 4009 habeat,
2578 3946 2645 4000 ad
2675 3961 2837 4015 quam
2874 3946 2949 3999 ita
2984 3946 3310 4016 loquebatur
3334 3960 3462 4014 pro-
3558 3996 3570 4004 ,

1880 4035 2074 4105 pheta:
2099 4056 2117 4087 ι
2143 4037 2369 4103 Lmtare,
2394 4038 2617 4103 sterilis,
2633 4053 2755 4109 quae
2775 4053 2882 4092 non
2903 4038 3161 4109 peperisti
3180 4039 3317 4100 ’,iet
3341 4051 3463 4106 qua:

185 4146 406 4212 postea.
438 4134 698 4201 Quaenam
737 4140 921 4189 autem
943 4138 1051 4198 est,
1087 4144 1211 4201 qua:
1234 4129 1413 4183 virum
1452 4126 1635 4196 habet,
1672 4128 1780 4183 nisi
1822 4146 1943 4200 qua:
1992 4134 2278 4204 repudium
2335 4133 2524 4188 misit?
2562 4156 2571 4165 -
2607 4132 2665 4187 ln
2709 4132 2930 4188 deserto
2978 4131 3176 4187 deinde
3219 4129 3460 4185 futurum

192 4230 337 4285 dicit
363 4223 680 4296 paradisum
718 4220 768 4277 ei
795 4237 903 4277 non
935 4220 1264 4286 absimilem,
1298 4218 1392 4290 qui
1424 4217 1582 4274 initio
1610 4232 1641 4271 a
1667 4217 1989 4279 Domino....

230 4278 768 4387 ϐῖξιςῗἎκούσατέ
787 4334 930 4388 μου,
964 4278 1291 4381 ἀκούσατε,
1314 4278 1479 4380 ⁵λαός
1501 4330 1643 4385 μου,
1676 4314 1769 4369 καὶ

1950 4320 2114 4394 580
2151 4320 2321 4379 νείκει
2347 4320 2498 4376 4-16.
2540 4318 2735 4375 Audite
2774 4336 2875 4384 me,
2909 4318 3110 4381 audite,
3143 4321 3332 4389 popnle
3364 4278 3458 4385 mi,

169 4418 229 4469 οι
254 4409 572 4479 βασιλεῖς,
591 4411 741 4478 πρός
767 4425 844 4479 με
866 4408 1259 4470 ἐνωτίσασθε,
1296 4404 1388 4459 ὅτι
1412 4405 1596 4473 νόμος
1629 4403 1770 4472 παρ’

165 4504 331 4575 ἐμοῦ
394 4501 801 4568 ἐξελεύσεται,
855 4499 956 4554 καὶ
1015 4500 1057 4569 ὴ
1103 4498 1302 4567 κρίσις
1333 4512 1454 4566 μου
1505 4496 1594 4559 είς
1644 4492 1773 4563 φῶς

165 4590 398 4647 ἐθνῶν.
430 4591 674 4663 Ἐγγίζει
724 4591 875 4661 ταχὺ
902 4591 942 4659 ἡ
980 4589 1338 4656 δικαιοσύνη
1362 4604 1505 4657 μου,
1540 4585 1640 4640 καὶ
1669 4585 1770 4648 ἐξ·

168 4686 522 4751 ελεύσεται,
562 4686 643 4751 ὡς
698 4684 846 4755 φῶς,
893 4682 962 4736 τὸ
1017 4680 1320 4747 σωτήριόν
1353 4695 1501 4748 μου,
1540 4677 1639 4730 καὶ
1686 4678 1773 4742 είς

164 4776 289 4828 τὸν
310 4775 619 4843 βραχίονά
667 4791 787 4844 μου
839 4774 987 4841 ἔθνη
1040 4768 1385 4826 ἐλπιοῦσιν.
1421 4767 1558 4837 Ἐμὲ
1588 4766 1773 4835 νῆσοι

165 4868 587 4937 ὑπομενοῦσι,
626 4867 724 4921 καὶ
784 4867 873 4933 εις
899 4864 1009 4919 τὸν
1039 4861 1344 4934 ,βραχίονά
1374 4879 1495 4931 μου
1531 4859 1780 4916 ἐλπιοῦο

162 4977 316 5025 σιν,
348 4979 405 5014 κ.
432 4978 485 5012 τ.
514 4958 567 5013 λ.

390 5090 405 5105 .
448 5090 462 5104 .
507 5049 828 5122 ἀνθρώπους
859 5047 1216 5118 φοϐούμενος,
1253 5045 1330 5117 μή
1353 5044 1781 5114 ἀποσυνάγωγόν

160 5160 243 5197 σε
284 5142 591 5214 ποιήσωσιν
627 5143 678 5194 oi
708 5140 961 5217 λέγοντες
980 5155 996 5171 ο
1025 5158 1045 5191 ι
1073 5138 1361 5209 Δαιμόνιον
1386 5136 1502 5209 ἔχει
1530 5137 1627 5190 καὶ
1658 5135 1783 5206 μαί-

164 5251 366 5293 vetat.
400 5232 470 5290 Τί
496 5233 727 5290 ἀκούετε
761 5231 966 5300 αύτοῦ;
995 5251 1015 5285 ι
1066 5226 1160 5294 Οἷς
1198 5230 1383 5298 ἔλεγεν
1430 5232 1459 5283 ὁ
1503 5230 1547 5282 Χ
1558 5228 1736 5301 ριστός
1763 5244 1777 5259 ·

1874 4422 1923 4469 et
1956 4430 2123 4484 reges,
2162 4413 2231 4467 ad
2273 4428 2355 4468 me
2377 4411 2656 4475 attendite,
2679 4412 2801 4489 quia
2833 4412 2917 4465 lex
2958 4428 2991 4465 a
3030 4428 3110 4465 me
3144 4412 3459 4481 egredietur,

1873 4516 1923 4563 et
1936 4508 2208 4577 judicium
2251 4523 2422 4562 meum
2461 4508 2517 4563 in
2553 4508 2724 4562 lurem
2759 4507 3017 4579 gentium.
3059 4504 3463 4574 Appropinquat

1875 4599 1980 4653 cito
2022 4600 2243 4668 iustitia
2277 4617 2414 4665 mea,
2447 4610 2496 4655 et
2532 4601 2851 4671 egredietur,
2894 4599 3030 4652 sicut
3062 4596 3176 4661 lux,
3226 4596 3463 4649 salutare

1877 4709 2068 4753 meum,
2096 4702 2146 4748 et
2194 4694 2250 4748 in
2280 4694 2555 4748 brachium
2605 4708 2778 4747 meum
2808 4698 2986 4762 gentes
3015 4692 3320 4759 sperabunt,
3354 4697 3458 4743 ctc.

1948 5044 2108 5116 581
2157 5085 2173 5101 .
2218 5085 2232 5100 .
2272 5082 2287 5097 .
2332 5083 2346 5098 .
2389 5042 2640 5098 homines
2685 5048 2937 5096 metuens
2982 5052 3053 5091 ne
3083 5046 3139 5090 te
3184 5044 3459 5103 synagoga

1879 5145 2158 5198 moveant,
2198 5135 2441 5191 dicentes
2475 5149 2490 5186 :
2531 5151 2550 5184 ι
2583 5130 2921 5186 Daemonium
2960 5129 3158 5187 habet,
3193 5131 3247 5176 et
3298 5120 3461 5184 fulcit;

1883 5231 2011 5300 quid
2055 5228 2256 5283 auditis
2290 5241 2415 5281 eum
2451 5223 2536 5276 “‘l
2579 5242 2598 5276 ι
2648 5223 2853 5293 quihus
2901 5214 3267 5287 respondebat
3304 5211 3467 5300 Chri-

181 5343 205 5380 ι
236 5326 362 5382 Καὶ
390 5326 521 5397 ὑμῖν
562 5327 676 5390 τοῖς
702 5298 958 5397 νομικοῖς
976 5323 1121 5388 οὐαὶ,
1154 5322 1238 5376 ὃτι
1268 5322 1437 5393 ἡρατε
1471 5298 1571 5390 τὴν
1597 5318 1769 5373 κλεῖδα

1888 5298 2009 5371 stus
2047 5335 2058 5370 :
2098 5336 2115 5367 ι
2160 5317 2247 5369 Vae
2295 5313 2447 5368 vobis
2495 5312 2663 5366 ctiaut
2715 5308 3082 5377 legisperitis;
3134 5302 3263 5373 quia
3311 5298 3467 5354 fcitis

291 5483 315 5517 '
358 5436 508 5539 θεαὶ.
549 5497 749 5545 xxxrn,
780 5480 872 5535 ‘27.
938 5480 960 5512 ⁸
1000 5477 1019 5531 l
1050 5477 1177 5535 Cor.
1210 5493 1265 5542 ι,
1291 5477 1346 5530 4.
1412 5448 1446 5507 θ’
1487 5474 1593 5559 lsa.
1623 5478 1769 5537 Ltv,l

1885 5473 1927 5505 ¹⁰
1960 5472 2118 5528 Joan.
2164 5487 2215 5534 κ,
2247 5470 2337 5524 20.

1544 5589 1777 5642 mum;
1794 5580 2231 5643 ‘LnrzrlONEs.

270 5704 300 5735 ο
340 5711 433 5763 γρ.
466 5694 558 5747 τοῦ
593 5693 844 5762 Ἀϐραὰμ
871 5690 1075 5759 καὶτῆς
1103 5689 1336 5759 Σάρῤας.

1412 5686 1435 5724 ἀ
1472 5706 1556 5754 τι).
1589 5686 1776 5737 πάλαι.
