3976 6220
553 276 692 338 2503

1884 274 2233 336 PROCOPII
2270 275 2513 337 GAZ/EI

3622 286 3737 352 250’.

500 388 505 391 ‘
553 388 768 441 calicem
800 386 1071 457 appellare
1104 406 1118 441 :
1155 387 1316 458 quale
1348 396 1433 443 est
1469 387 1610 457 apud
1649 387 1906 442 Davidem
1942 385 2074 440 illud
2104 404 2117 441 :

2224 387 2338 442 τοῦ.
2374 408 2391 439 ι
2430 389 2489 441 '0
2513 387 2570 441 δὲ
2597 386 2805 450 δίκαιος
2828 386 3015 453 λέγει’
3051 405 3068 437 ι
3100 387 3363 455 Ποτὴριον
3409 394 3639 461 σωτηρῗου
3662 380 3739 466 λῆ.

557 500 578 533 ι
618 478 788 550 lgnis,
821 479 1075 549 sulphur,
1106 489 1159 534 et
1204 480 1431 549 spiritus
1457 481 1728 551 procellm,
1778 495 1904 550 pars
1939 480 2128 532 calicis

551 572 673 642 ejus
702 572 767 624 ’°.
799 590 818 623 ι
852 569 995 625 Justi
1031 570 1230 626 deinde
1254 572 1528 639 ejusmodi
1568 572 1731 626 verba
1760 574 1889 624 sunt
1919 589 1931 622 :
1971 588 1989 620 ι
2020 568 2128 623 Ca-

550 664 710 719 licem
758 664 1019 719 salutaris
1067 664 1357 735 accipiam,
1385 670 1440 718 et
1474 677 1673 716 nomen
1725 660 1935 715 Domini
1977 663 2128 714 invo-

551 756 688 810 cabo
719 756 785 808 ²¹.
821 773 839 805 ι
892 753 1025 824 Ejus
1075 770 1207 823 ergo
1256 755 1538 820 hostibus,
1611 754 1830 823 illisque
1878 753 2045 822 ipsis,
2096 768 2127 806 a

550 847 753 916 quibus
777 847 1034 914 injuriam
1067 862 1225 916 passa
1256 854 1361 913 est,
1392 847 1579 900 datum
1611 847 1677 901 iri
1713 846 1931 899 calicem
1957 845 2127 914 signi-

552 939 709 1003 ﬁcat,
743 939 997 1007 indeque,
1028 946 1076 992 et
1115 954 1308 1006 ponam
1340 954 1458 990 eum
1502 937 1558 990 in
1589 953 1778 989 manus
1808 952 2011 1000 eorum,
2036 934 2131 1004 qui

550 1043 600 1085 te
645 1031 821 1099 patria
869 1030 1206 1098 expulerunt,
1274 1030 1489 1098 adjecit.
1543 1029 1868 1095 Quanquam
1915 1035 1969 1082 et
2023 1027 2125 1079 ista

548 1124 710 1177 etiam
740 1122 1175 1187 de,adversariis
1212 1122 1577 1191 potestatibus
1607 1121 1974 1190 dicitqueant,
2011 1116 2127 1187 qui-

550 1216 651 1268 bus
679 1231 737 1267 se
773 1217 909 1283 ipsa,
936 1229 1055 1282 quas
1081 1228 1111 1267 a
1143 1213 1253 1267 Deo
1280 1213 1499 1277 defecit,
1544 1214 1729 1266 anima
1765 1210 2122 1279 mancipat/it,

550 1306 694 1359 unde
725 1305 1024 1360 humilibus
1068 1305 1233 1359 rebus
1278 1305 1495 1358 addicta
1528 1305 1579 1358 iu
1611 1312 1812 1359 terram
1849 1310 2026 1364 nutat,
2062 1315 2124 1355 ac

549 1399 768 1451 tandem
812 1394 1063 1464 praesidio
1095 1396 1382 1462 destituta,
1425 1397 1694 1450 victorum
1731 1394 1960 1466 pedibus
1993 1406 2127 1446 con-

546 1490 815 1550 culcatur,
850 1505 975 1541 eum
1009 1504 1128 1557 quae
1163 1482 1332 1541 Deum
1374 1488 1648 1557 sequitur,
1678 1495 1863 1543 erecta
1903 1499 2124 1541 sursum

546 1580 738 1633 oculos
767 1578 1003 1642 attollat,
1035 1589 1086 1633 et
1114 1579 1182 1633 ad
1217 1579 1396 1648 ipsum
1429 1579 1712 1633 evehatur.
1743 1577 1999 1631 Nonnulli
2033 1591 2127 1645 per

547 1668 723 1735 inique
761 1667 935 1736 ipsam
975 1666 1299 1735 opprimente
1343 1665 1602 1721 doctores
1641 1681 1738 1721 eos
1786 1665 2122 1733 intelligunt,

544 1761 637 1830 qui
667 1761 912 1814 eamdem
946 1772 1094 1835 recto
1119 1758 1254 1829 pede
1281 1760 1566 1813 ambulare
1598 1775 1706 1813 non
1736 1758 2121 1827 permiserunt.
2155 1737 2198 1791 Β

544 1848 763 1916 Quanto
801 1851 947 1904 enim
985 1850 1115 1903 luxu
1151 1857 1205 1903 et
1243 1849 1415 1918 gloria
1465 1848 1702 1917 amplius
1748 1847 2121 1911 abundabant,

544 1949 697 1994 tanto
728 1950 782 1994 et
822 1941 927 2009 ipsi
969 1955 1164 2010 ptenas
1207 1939 1525 1994 acerbiores
1571 1938 1861 1999 dederunt,
1891 1938 1982 2007 qui
2032 1938 2120 2002 iis,

544 2046 665 2097 quae
697 2030 988 2091 habebant,
1026 2030 1220 2097 privati
1268 2029 1400 2083 sint.
1434 2028 1530 2083 Est
1567 2045 1698 2084 vero
1738 2030 1805 2083 de
1840 2028 1907 2083 iis
1932 2029 2120 2093 etiam,

544 2126 638 2191 qui
684 2127 897 2178 ratione
934 2124 1098 2194 586
1137 2125 1469 2192 intelligihili
1501 2125 1757 2192 injuriam
1791 2124 2120 2189 intulerunt,

544 2217 692 2270 Pauli
748 2216 893 2271 istud
930 2237 943 2269 ;
981 2235 999 2266 ι
1043 2214 1198 2280 Quod
1255 2217 1301 2270 si
1330 2225 1581 2285 opertum
1632 2226 1714 2269 est
1768 2214 2120 2283 Evangelium

544 2318 824 2372 nostrum,
856 2309 908 2361 in
940 2307 1028 2371 iis,
1070 2308 1163 2376 qui
1201 2315 1449 2375 pet-eunt,
1485 2316 1733 2375 opertum
1774 2315 1881 2369 est,
1914 2306 1967 2358 in
2011 2306 2125 2374 qui-

541 2399 648 2454 bus
679 2398 824 2451 Deus
851 2398 1014 2465 hujus
1035 2397 1222 2450 seaculi
1247 2397 1539 2448 exca:c:tvit
1562 2403 1772 2449 tuentes
1799 2394 2120 2457 inﬁdelium,

541 2501 601 2545 ut
648 2502 753 2542 noa
800 2486 999 2551 lulgeat
1052 2486 1382 2541 illuminatiu
1430 2484 1707 2555 Evangelii
1758 2485 1942 2552 gloria:
1974 2484 2125 2537 Chri-

543 2582 612 2634 sti
648 2579 715 2630 “.
747 2598 764 2628 ι
788 2578 920 2630 Tale
956 2577 1084 2646 quid
1115 2576 1394 2646 signiﬁcat
1422 2586 1476 2631 et
1506 2577 1635 2645 illud
1669 2576 1934 2629 itumuudi
1956 2574 2123 2643 spiri-

544 2680 654 2732 tus,
695 2669 785 2736 qui
835 2683 957 2721 cum
1009 2654 1220 2735 septem
1265 2668 1389 2721 aliis
1422 2665 1806 2736 nequioribus,
1846 2680 1931 2729 eo,
1978 2665 2124 2720 unde

542 2760 777 2823 exierat,
808 2774 1061 2813 reversus
1109 2769 1193 2813 est
1228 2757 1294 2811 ".
1335 2758 1425 2811 Ait
1473 2758 1661 2812 enim:
1701 2778 1719 2810 ι
1756 2759 1849 2812 Sic
1897 2760 2122 2828 eritge-

542 2850 813 2905 neralioni
857 2849 983 2903 huic
1028 2848 1095 2903 “.
1133 2868 1152 2901 ι
1204 2849 1340 2904 Cum
1376 2849 1521 2909 enim
1559 2849 1615 2903 in
1659 2850 1896 2921 Egypto
1932 2849 2124 2920 impie-

542 2944 640 2998 tati
676 2957 736 2997 se
764 2941 1128 3005 dedidissent,
1169 2942 1318 2995 domi
1350 2950 1403 2995 et
1439 2942 1545 3012 ipsi
1588 2943 1843 3012 spiritum
1886 2957 2121 3013 nequam

542 3032 781 3103 alebant,
820 3048 996 3103 eoque
1024 3042 1139 3086 tum
1175 3033 1242 3088 iis
1274 3033 1494 3087 liberari
1527 3035 1778 3103 contigit,
1807 3049 1929 3088 cum
1963 3052 1980 3084 ι
2012 3031 2117 3087 Do-

542 3100 749 3177 Initium
784 3123 948 3177 Deum
984 3132 1136 3176 tuum
1172 3124 1450 3187 adorabis,
1473 3134 1527 3179 et
1555 3124 1636 3178 illi
1661 3125 1750 3178 uni
1776 3125 1980 3179 servies
2001 3124 2069 3189 ",
2096 3142 2114 3175 ι

542 3215 858 3268 audierunt.
895 3213 1120 3278 Deinde,
1146 3228 1270 3266 cum
1308 3214 1592 3269 Christum
1633 3216 1779 3268 domi
1823 3231 1920 3284 per
1966 3215 2119 3268 tidem

494 3340 504 3359 κ
542 3318 652 3357 non
684 3303 1056 3370 excepissent,
1085 3301 1138 3354 in
1182 3317 1303 3354 cum
1346 3304 1521 3356 locum
1560 3319 1720 3372 quem
1763 3312 1924 3358 antea
1955 3304 2121 3373 spiri-

543 3403 633 3448 tus
675 3394 992 3449 immuudus
1034 3394 1359 3462 occupabat,
1396 3401 1689 3462 postquam
1740 3394 1973 3463 relinqui
2024 3408 2119 3445 va-

541 3501 705 3541 cuum
746 3494 896 3540 esset
950 3486 1209 3551 intuitus,
1253 3493 1307 3540 et
1351 3486 1468 3556 ipse
1507 3501 1729 3540 rursum
1774 3486 1992 3554 irrupit,
2028 3484 2119 3554 qui

541 3577 708 3632 etiam
774 3577 828 3630 in
887 3577 1226 3646 proditorem
1288 3585 1412 3647 post
1473 3578 1777 3633 buccellam
1836 3576 2121 3644 ingressus

541 3666 744 3722 fuerat.
792 3667 963 3723 Malas
1017 3668 1155 3722 istas
1206 3678 1507 3737 potestates
1558 3669 1613 3723 in
1660 3666 2122 3738 profundissuuas

543 3756 746 3812 inferni
783 3765 970 3826 partes
1003 3756 1123 3812 ideo
1153 3756 1376 3811 demisit
1408 3757 1684 3821 Salvator,
1717 3756 1863 3827 quod
1909 3762 2121 3815 animas

542 3849 598 3903 in
634 3830 837 3901 terram
886 3848 1121 3917 deprimi
1169 3849 1560 3919 iucurvarique
1612 3852 1899 3919 fecissent,
1940 3856 2121 3924 qualis

541 3939 635 3993 illa
671 3936 776 3992 fuit
807 3954 931 4008 quae
962 3938 1182 4008 penitus
1222 3941 1412 3995 oculos
1454 3942 1705 3997 attollere
1741 3960 1847 3999 non
1882 3955 2119 4015 poterat,

541 4045 706 4101 quam
765 4031 817 4084 in
872 4030 1206 4100 Evangelio,
1253 4047 1376 4085 cum
1431 4034 1731 4089 Abrahami
1788 4037 1897 4091 lilia
1949 4048 2119 4103 esset,

540 4123 732 4176 decem
763 4132 810 4174 et
844 4130 970 4175 octo
1000 4137 1270 4176 annorum
1303 4126 1483 4194 spatio
1510 4128 1563 4179 in
1593 4128 1830 4181 vinculis
1861 4128 2122 4185 habuisse

542 4208 802 4263 Satanam
854 4207 1112 4263 Salvator
1164 4204 1453 4265 allirmavit
1486 4212 1554 4264 “.
1595 4212 1726 4267 Erat
1775 4230 1908 4271 vero
1955 4217 2119 4270 etiam

539 4299 804 4367 ejusmodi
834 4306 945 4354 lota
971 4299 1284 4355 Judaeorum
1323 4301 1632 4375 Syuagoga.
1665 4307 1795 4362 lude
1815 4318 1895 4364 est
1933 4310 2119 4379 igitur,

2230 480 2427 549 ψομαι,
2461 481 2554 534 καὶ
2585 478 2647 532 τὸ
2675 480 2846 550 ὄνομα
2869 479 3075 550 Κυρίου
3113 480 3515 550 ἐπικαλέσομαι.
3541 502 3559 536 ι
3586 487 3647 540 Τὸ
3670 486 3744 544 οὖν

2228 570 2514 638 ποτήριον
2543 570 2865 641 δοθήσεσθαι
2896 573 3010 633 τοῖς
3033 571 3206 640 αὐτῆς
3230 571 3518 641 πολεμίοις,
3545 577 3623 629 καὶ
3642 582 3745 633 τού.

2228 679 2326 731 την
2368 661 2655 734 ἠδικηκόσι
2702 661 2871 731 φησι⁵
2905 660 2987 713 διὸ
3034 663 3181 714 κατά
3220 661 3507 732 Σύμμαχον
3536 667 3740 737 εἴρηται·

2227 757 2334 809 Kal
2372 756 2538 820 θήσω
2561 754 2710 808 αὐτὸ
2742 755 2828 820 εις
2857 753 3060 822 χεῖρας
3093 754 3215 807 τῶν
3241 754 3651 811 ἀποικισάντων
3669 778 3741 816 σε.

2228 846 2388 908 Εἰκὸς
2412 845 2466 898 δὲ
2489 845 2660 898 ταῦτα
2690 844 2785 897 καὶ
2824 847 2953 915 περὶ
2980 844 3372 913 ἀντικειμένων
3401 845 3648 916 δυνάμεων
3674 852 3742 904 λέ-

2227 937 2439 1005 γεσθαι,
2471 932 2557 1000 αἷς
2586 938 2871 990 ἀποστᾶσα
2904 934 3041 988 Θεοῦ
3070 935 3218 1007 ψυχὴ
3265 935 3464 1006 ἑαυτὴν
3487 938 3743 1005 ὑποτάττει,

2228 1028 2322 1079 καὶ
2376 1028 2540 1095 γήϊνα
2596 1026 2870 1097 φρονοῦσα
2916 1025 3115 1079 κύπτει
3171 1025 3305 1097 πρὸς
3360 1028 3479 1095 γῆν,
3505 1030 3587 1080 καὶ
3631 1031 3746 1096 τὲὶος

2226 1118 2539 1171 άπλωθεῐσα
2564 1117 2702 1188 πρὸς
2734 1116 2930 1184 ἔδαφος
2952 1118 3064 1181 τοῖς
3089 1116 3200 1169 τῶν
3233 1116 3461 1170 ἑλόντων
3488 1119 3636 1189 αὐτὴν
3666 1139 3745 1174 κα-

2226 1212 2548 1262 ταπατεῖται
2579 1208 2734 1261 ποσίν
2753 1226 2765 1238 ·
2799 1209 2832 1279 ή
2855 1208 2911 1261 δὲ
2937 1207 3057 1277 Θεῷ
3086 1207 3409 1278 προσιοῦσα,
3436 1208 3598 1279 δρθιος
3616 1211 3745 1281 ἔστη·-

2200 1302 2321 1351 ’κεν
2360 1297 2470 1351 ἀνω
2501 1296 2791 1367 βλέπουσα,
2827 1296 2924 1349 καὶ
2951 1297 3086 1366 πρὸς
3110 1295 3276 1350 αὐτὸν
3309 1297 3600 1365 ἐπηρμένη.
3625 1298 3747 1362 Τινὲς

2226 1386 2285 1440 δὲ
2333 1386 2753 1453 ἀδικησάντων
2797 1386 2970 1455 αὐτὴν
3021 1386 3205 1456 φασιν,
3240 1386 3350 1439 τῶν
3377 1386 3660 1457 ὀρθοποδεῖν
3693 1391 3746 1457 μὴ

2229 1479 2700 1550 συγχωρησάντων
2729 1480 2866 1548 αὐτῇ
2895 1478 3411 1548 διδασκάλων.⁹’οσῳ
3441 1478 3540 1548 γὰρ
3568 1473 3684 1548 ἦσαν
3708 1483 3748 1534 ἐν

2227 1575 2406 1642 τρυφῇ
2435 1589 2495 1623 τε
2529 1572 2623 1625 καὶ
2655 1571 2783 1642 δόξῃ
2804 1590 2818 1602 ·
2848 1572 3087 1640 τοσούτῳ
3117 1570 3452 1641 πικροτέρας
3488 1570 3747 1623 ἀπέλαυσεν

2227 1664 2407 1735 δὰης,
2440 1656 2514 1716 ὧν
2561 1659 2707 1733 εἶχον
2753 1662 3129 1732 ἐστερημένοι.
3161 1663 3299 1733 Περὶ
3347 1663 3404 1715 δὲ
3451 1663 3549 1714 τῶν
3588 1665 3749 1731 νοητῶς

2226 1740 2599 1825 ἀδικησάντων
2649 1755 2742 1808 καὶ
2792 1753 3003 1817 Παῦλὸς
3037 1770 3241 1825 φησιν⁸
3283 1773 3301 1805 ι
3332 1755 3394 1807 Εἰ
3444 1753 3497 1806 δὲ
3539 1756 3620 1807 καί
3661 1756 3747 1805 ἐστι

2225 1847 2641 1918 κεκαλυμμένον
2685 1847 2747 1900 τδ
2778 1846 3109 1914 Εὑαγγέλιον
3149 1844 3400 1915 ἡμῶν,ὲν
3427 1849 3531 1907 τοῖς
3559 1846 3747 1899 ἀπολλυ-

2229 1937 2412 2008 μένοις
2462 1936 2581 1988 ἐστὶ
2629 1934 3066 2005 κεκαλυμμένον,
3097 1936 3154 1987 ὲν
3185 1929 3266 1998 οἷς
3296 1935 3325 1986 ὁ
3349 1934 3481 1997 Θεὸς
3524 1933 3746 2004 ἐτύφλωσε
3858 1986 3859 1989 η

2225 2025 2320 2078 τοῦ
2352 2025 2549 2088 αἰῶνος
2576 2024 2767 2078 τούτου
2808 2025 2876 2078 τὰ
2920 2028 3167 2095 νοήματα
3210 2027 3318 2078 τῶν
3347 2025 3600 2090 ἀπίστων,
3624 2028 3687 2089 εἰς
3705 2028 3747 2078 τὸ

2229 2118 2303 2188 μὴ
2348 2118 2640 2186 διαυγάσαι
2666 2118 2757 2172 τὸν
2790 2117 3068 2187 φωτισμὸν
3097 2100 3191 2171 ἷοῦ
3229 2118 3553 2186 Εὐαγγελίου
3580 2120 3662 2185 τῆς
3680 2118 3741 2169 5'1-

2228 2216 2323 2285 ξης
2370 2216 2464 2269 τοῦ
2515 2214 2775 2286 Χριστοῦ.
2808 2234 2826 2266 ι
2862 2206 3116 2267 Τοιοῦτόν
3165 2233 3216 2267 τι
3269 2214 3420 2285 δηλοῖ
3470 2215 3560 2267 καὶ
3595 2215 3647 2267 τὸ
3677 2214 3744 2267 τοῦ

2225 2306 2540 2374 ἀκαθάρτου
2572 2303 2883 2373 πνεύματος
2910 2302 3005 2355 τοῦ
3038 2303 3156 2373 μεθ’
3176 2303 3379 2374 ἑτέρων
3408 2304 3542 2356 ἑπτὰ
3568 2320 3746 2371 πονηρο-

2225 2397 2397 2465 τέρων
2447 2395 2884 2466 ὑποστρέψαντος
2929 2394 3052 2447 ὅθεν
3097 2393 3339 2462 ἐξῆλθεν.
3377 2395 3592 2463 Ἑπάγει
3634 2395 3742 2465 γάρ*

2232 2504 2249 2537 ι
2283 2484 2470 2547 Οὕτως
2500 2484 2652 2538 ἔσται
2680 2488 2746 2554 τῇ
2778 2486 2991 2555 πονηρᾷ
3021 2485 3188 2554 γενεᾷ
3214 2484 3413 2557 ταύτῃ.
3443 2502 3461 2536 ι
3502 2486 3583 2537 Ἐν
3618 2483 3745 2551 Αἰγύ-

2227 2594 2345 2647 πτῳ
2377 2575 2475 2646 μὲν
2505 2575 2617 2645 γὰρ
2646 2574 3015 2644 ἀσεϐήσαντες
3061 2574 3267 2628 ἔνοικον
3312 2575 3471 2646 ἔσχον
3498 2577 3554 2629 τὸ
3579 2575 3747 2642 πνεῦμα

2225 2668 2284 2720 τὸ
2317 2666 2571 2736 πονηρὸν,
2602 2660 2773 2735 οὗπερ
2801 2664 3201 2735 ἀπηλλάγησαν
3229 2664 3591 2727 ἀκούσαντες·
3625 2684 3642 2715 ι
3664 2665 3747 2716 liti-

2229 2776 2345 2831 ριυν
2374 2759 2465 2812 τὸν
2496 2758 2629 2811 Θεόν
2660 2775 2752 2811 σου
2781 2759 3204 2828 προσκυνήσεις,
3231 2758 3326 2811 καὶ
3355 2757 3503 2828 αὐτῷ
3533 2756 3659 2827 μόνῳ
3678 2755 3749 2806 λα·

2224 2851 2492 2921 τρεύσεις.
2526 2868 2544 2901 ι
2587 2844 2720 2903 Εἶτα
2765 2847 2839 2919 μὴ
2880 2848 3187 2919 δεξαμένων
3214 2850 3301 2903 διὰ
3332 2850 3565 2912 πίστεως
3587 2848 3751 2901 ἔνεικον

2224 2944 2316 2997 τὸν
2360 2941 2624 3013 Χριστὸν,
2655 2940 2717 2993 τδ
2749 2938 3059 3009 ἀκάθαρτον
3088 2939 3306 3011 πνεῦμα
3338 2937 3651 3009 σχολάζοντα
3686 2936 3753 2988 τὸν
3862 2992 3863 2995 η

2226 3034 2387 3088 τόπον
2431 3034 2521 3086 τὸν
2550 3034 2777 3102 ἀρχαῖον
2803 3031 2983 3102 εὐρὺν,
3019 3026 3177 3093 αὖθις
3205 3033 3283 3094 εἰς
3317 3032 3482 3085 αὑτὸν
3512 3028 3753 3098 εἰσεπήδηο

2227 3148 2317 3184 σεν
2335 3146 2350 3159 ·
2382 3129 2410 3182 ὃ
2436 3129 2530 3182 καὶ
2556 3128 2648 3181 τὸν
2678 3127 2943 3200 προδότην
2972 3125 3113 3198 μετά
3132 3126 3193 3180 τὸ
3220 3127 3438 3198 ψώμιον
3463 3122 3751 3180 ύπέδυ.Ταύ-

2222 3243 2320 3288 τας
2352 3226 2380 3278 ὁ
2412 3222 2600 3294 Σωτὴρ
2634 3222 2732 3284 τὰς
2759 3210 3001 3293 πονηράς
3029 3222 3287 3293 δυνάμεις
3316 3222 3399 3285 εἰς
3437 3221 3558 3293 ᾆδον
3584 3234 3753 3288 ταρτα-

2227 3315 2405 3386 ρώσας
2434 3314 2770 3385 παρέδωκεν,
2799 3313 2915 3367 ἀνθ’
2945 3306 3021 3368 ὧν
3055 3314 3133 3376 εἰς
3155 3313 3259 3382 γῆν
3294 3312 3399 3376 τὰς
3422 3312 3591 3382 ψυχὰς
3616 3324 3749 3363 κατα·

2222 3406 2476 3464 ϐαλόντες
2507 3403 2884 3474 συνέκαμψαν,
2911 3403 3071 3457 ὁποία
3091 3399 3160 3474 ἦν
3185 3405 3219 3473 ἡ
3245 3404 3301 3455 ὲν
3321 3402 3630 3471 Εὑαγγελίῳ
3648 3417 3750 3452 παν·

2222 3494 2390 3558 τελῶς
2424 3492 2719 3548 ἀνανεῦσαι
2747 3495 2822 3564 μὴ
2843 3493 3139 3565 δυναμένη,
3167 3495 3297 3564 περὶ
3323 3488 3392 3565 ἦς
3421 3485 3597 3562 ἔλεγεν
3623 3492 3750 3544 62w-
3862 3552 3863 3557 η

2222 3588 2346 3655 τῆρ’
2373 3605 2391 3635 ι
2419 3584 2635 3653 Ταύτην
2656 3584 2713 3638 δὲ
2738 3583 3017 3656 Θυγατέρα
3040 3583 3210 3638 οὖσαν
3225 3584 3483 3656 ’Δϐραάμ
3510 3586 3573 3653 ἢν
3605 3584 3752 3650 ἔδησεν

2221 3680 2249 3730 ὁ
2266 3678 2510 3739 Σατανᾶς
2532 3675 2663 3729 δέκα
2689 3678 2785 3729 καὶ
2807 3674 2954 3729 ὀκτὼ
2984 3675 3102 3745 ἐτη.
3140 3693 3158 3727 ι
3183 3676 3293 3728 Καὶ
3321 3678 3476 3729 πᾶσα
3496 3675 3551 3727 δὲ
3576 3672 3750 3739 τοιαύτη

2221 3766 2329 3821 τῶν
2364 3766 2630 3821 Ἰουδαίων
2661 3761 2729 3836 ἧν
2764 3767 2799 3835 ή
2832 3766 3159 3837 συναγωγή·
3190 3767 3273 3820 διὸ
3304 3767 3469 3821 πάλιν
3496 3761 3753 3835 ἐγερθῆναι

2204 3855 2395 3926 ταύτῃ
2445 3853 2881 3925 παρακελεύεται
2928 3854 3070 3909 κατά
3098 3857 3188 3909 τόο
3228 3858 3523 3927 «Ἐγειραι
3547 3860 3573 3909 ὀ
3598 3855 3754 3907 καθεὺ·

2221 3950 2346 4016 δων,
2372 3949 2465 4002 καὶ
2491 3948 2701 4002 ἀνάστα
2730 3950 2795 4002 ἐκ
2826 3948 2935 4002 τῶν
2964 3948 3193 4019 νεκρῶν,
3226 3950 3322 4002 καὶ
3388 3948 3669 4019 ἐπιφαύσει
3695 3960 3754 3996 σοι

2221 4044 2249 4095 ὁ
2277 4040 2532 4111 Χριστός.
2562 4059 2584 4093 ι
2622 4039 2733 4093 Καὶ
2788 4040 2931 4094 κατά
2987 4041 3080 4094 τόο
3123 4059 3143 4093 ι
3174 4042 3262 4095 Διὸ
3310 4042 3412 4106 τὰς
3470 4037 3755 4112 παρειμένας

2222 4136 2431 4204 χεῖρας,
2461 4135 2552 4185 καὶ
2601 4131 2672 4185 τὰ
2718 4132 3027 4203 παρειμένα
3058 4132 3261 4200 γόνατα
3293 4131 3653 4204 ἀνορθώσατε,
3687 4126 3756 4180 καὶ

2222 4222 2445 4293 τροχιας
2476 4220 2644 4293 ὀρθὰς
2675 4224 2878 4275 ποιεῖτε
2905 4223 3018 4285 τοῖς
3048 4222 3205 4274 ποσὶν
3236 4222 3415 4293 ὑμῶν.
3448 4241 3465 4273 ι
3515 4219 3753 4274 Ἕνόυσαι

2221 4313 2298 4377 δὲ,
2333 4313 2489 4383 φησι,
2523 4312 2636 4381 τὴν
2655 4314 2839 4381 ἰσχύν
2862 4329 3000 4379 σου,
3022 4313 3319 4383 ἐπειδήπερ
3348 4313 3465 4384 ἔχει
3492 4312 3607 4365 τινὰ
3633 4306 3750 4380 μεγί-

539 4390 687 4461 quod
734 4406 852 4443 eam
905 4390 1104 4446 iterum
1140 4400 1199 4446 ut
1230 4397 1525 4457 excitetur,
1576 4397 1920 4452 adhortatur.
1956 4399 2118 4454 Juxta

2227 4421 2361 4474 στην
2397 4406 2549 4473 ἰσχὺν
2583 4406 2616 4473 ἡ
2648 4403 2839 4474 λογικὴ
2858 4404 3026 4474 ψυχή.
3059 4404 3284 4472 Πρῶτον
3313 4404 3370 4457 δὲ
3403 4404 3465 4456 τὸ
3494 4397 3755 4471 ἐξεγερθῆ-

541 4482 676 4537 illud
715 4500 728 4536 :
776 4502 793 4533 ι
828 4482 1080 4539 ισέχοὶιοιε
1117 4484 1210 4553 qui
1257 4486 1486 4551 dormis,
1522 4495 1575 4540 et
1612 4505 1835 4559 resurge
1875 4506 1939 4545 ex
1976 4507 2123 4547 utor-

540 4577 675 4637 tuis,
699 4587 752 4629 ct
782 4576 1068 4630 illucescet
1099 4576 1198 4630 tibi
1225 4576 1484 4633 Christus
1509 4580 1577 4633 ⁸⁷.
1610 4599 1628 4630 ι
1662 4580 1723 4632 Et
1755 4582 1885 4635 illud
1914 4584 2077 4638 etiam
2105 4601 2119 4637 :

548 4684 566 4715 ι
611 4668 800 4733 itaque
837 4668 1102 4721 remissas
1150 4684 1347 4725 manus
1377 4680 1432 4724 et
1474 4671 1653 4726 soluta
1693 4689 1868 4742 genua
1907 4676 2119 4743 erigite,

541 4762 597 4809 et
624 4769 847 4824 gressus
881 4763 1059 4809 rectos
1103 4755 1269 4811 facite
1316 4759 1553 4830 pedibus
1600 4764 1795 4817 vestris
1831 4763 1897 4818 ’⁸.
1924 4782 1948 4830 ,ι
2000 4764 2121 4818 Ideo

544 4856 729 4901 autem
761 4846 975 4899 induere
1006 4847 1319 4911 fortitudine
1361 4861 1453 4904 tua
1485 4852 1643 4917 dixit,
1672 4854 1811 4915 quod
1851 4824 2120 4910 maximas

542 4938 810 5010 quasdam
881 4936 1190 5005 facultates,
1233 4958 1356 5010 qua:
1404 4945 1636 5000 rationis
1689 4955 1773 5000 est
1825 4948 2118 5016 particeps,

543 5030 731 5095 anima
779 5029 994 5082 haheat.
1027 5028 1268 5085 Primum
1315 5034 1536 5102 quidem
1569 5045 1629 5089 ut
1672 5051 1732 5091 sc
1760 5035 1916 5106 lapsu
1952 5038 2120 5106 (quod

542 5136 685 5191 διξερε
719 5121 925 5174 dictum
958 5122 1062 5193 est)
1092 5124 1303 5177 excitet.
1346 5124 1476 5180 Nam
1512 5127 1604 5182 ubi
1643 5130 1757 5198 ipsa
1801 5137 1886 5182 est
1928 5145 2120 5199 pinna-

542 5229 662 5266 rtnn
694 5215 992 5297 acerbitas,
1030 5215 1123 5270 ibi'
1151 5225 1204 5271 et
1234 5217 1489 5289 frequens
1524 5220 1848 5275 consolatio.
1893 5219 2118 5289 Deinde,

2223 4498 2355 4549 ναιι
2400 4494 2492 4547 τοῦ
2538 4493 2830 4564 πτώματος
2877 4493 3059 4545 πυκνὰ
3089 4492 3584 4562 λεγόμενον.Ἐνθσ.
3603 4490 3696 4559 γὰρ
3714 4485 3757 4537 τὸ

2224 4583 2423 4654 πικρὸν
2456 4582 2555 4652 τῆς
2584 4582 2762 4651 δίκης,
2797 4583 2913 4635 ἐκεῖ
2963 4581 3056 4635 καὶ
3104 4582 3335 4651 συνεχὴς
3369 4584 3403 4652 ή
3436 4579 3755 4651 παράκλησις.

2223 4669 2377 4736 Εἶτα,
2409 4672 2469 4725 τὸ
2496 4672 2595 4742 τὴν
2646 4672 2784 4724 ἰδίαν
2817 4669 3219 4741 ἀναλαμϐάνειν
3254 4672 3592 4741 ἱσχύν.“Ἐχει
3616 4668 3665 4720 δὲ
3689 4662 3758 4717 καὶ

2221 4762 2410 4825 δόξαν
2464 4762 2729 4832 μεγίστην
2774 4761 2894 4815 κατ’
2926 4760 3111 4815 εἰκόνα
3157 4763 3510 4832 πεποιημένη
3545 4759 3631 4812 τοῦ
3656 4753 3755 4810 Κτε-

2224 4871 2450 4919 σαντος,
2479 4854 2572 4907 καὶ
2617 4852 2779 4905 αὑτὸν
2828 4852 3027 4922 ἔχουσα
3074 4852 3283 4918 δόξαν,
3327 4853 3394 4924 ἣν
3442 4847 3755 4905 ἐπαναλαϐεῖν

2223 4944 2472 5014 βούλεται
2499 4944 2798 5012 γενομένην
2825 4944 3006 4998 πόλιν
3031 4943 3226 5011 ἁγίαν,
3248 4944 3331 5009 ὡς
3346 4942 3562 5013 μηκέτι
3592 4940 3658 4994 δι’
3680 4938 3757 4991 aib

2221 5038 2334 5105 τῆς
2377 5037 2705 5091 διαϐαίνειν
2754 5035 3037 5106 ἀλλογενῆ,
3085 5036 3118 5105 ἢ
3171 5026 3757 5115 εἰδωλολάτρην.”οτιὸὲ

2222 5128 2371 5193 δόξα
2401 5130 2428 5180 ὁ
2449 5130 2549 5197 τῆς
2571 5126 2756 5193 δόξης
2783 5126 3008 5198 Κύριος,
3034 5127 3093 5191 ὃς
3118 5129 3233 5181 ἐστι
3264 5129 3521 5198 Χριστὸς,
3542 5124 3676 5197 δηλοῖ
3691 5119 3758 5172 καὶ

2223 5219 2388 5272 Δαὸἰδ
2407 5234 2420 5249 ·
2464 5237 2482 5270 ι
2506 5219 2874 5291 Ἐξεγὲρθητι,
2893 5219 3140 5291 λέγων,ή
3169 5217 3300 5284 δόξα
3332 5237 3459 5292 μου.
3490 5239 3509 5273 ι
3541 5216 3643 5273 Καὶ
3662 5210 3757 5281 περὶ

614 5387 661 5463 ’.⁸
690 5385 837 5440 Psal.
868 5404 923 5450 tt,
1114 5392 1160 5463 ff
1191 5391 1335 5463 Psal.
1369 5409 1492 5459 cxv,
1527 5395 1615 5448 15.
1720 5350 1765 5426 ’ς
1794 5394 1834 5449 Il
1873 5395 2003 5452 Cor.
2040 5413 2115 5460 tv,

2236 5398 2291 5452 4.
2394 5396 2440 5427 ⁸³
2469 5394 2657 5451 Matth.
2688 5413 2787 5463 xu,
2822 5396 2904 5452 45.
3010 5396 3055 5429 ’⁸
3085 5398 3217 5455 ibid.
3327 5400 3376 5432 ³⁸
3417 5397 3576 5456 Deut.
3600 5408 3666 5460 rt,
3694 5388 3756 5445 l3-

546 5454 589 5485 “
624 5453 759 5509 Luc.
799 5472 913 5521 xm,
949 5458 1035 5510 16.
1114 5461 1157 5490 ’⁷
1186 5453 1489 5532 Ephes.'v,
1515 5465 1602 5519 ﬂ.
1680 5467 1727 5497 ’⁸
1757 5467 1923 5521 Hebr.
1961 5483 2059 5530 xu,
2098 5453 2183 5521 ἀεὶ.

1832 5580 1918 5635 VA
1931 5579 2067 5635 ΙΗᾹΞ
2110 5579 2512 5635 LECTIONES.

656 5656 673 5707 ι
710 5674 799 5726 rp.
840 5655 960 5725 μέν.
