3976 6220
306 322 448 389 2505

1430 316 1963 383 COMMENTARII
1988 250 2073 377 Ῐῖί
2110 312 2395 376 ISAIAM.

3424 313 3566 375 2506

306 433 416 485 τῶν
447 430 830 493 πιστευόντων,
869 447 887 481 ι
914 430 996 484 δτι
1049 430 1108 485 τὸ
1160 429 1422 503 καύχημα
1473 431 1573 502 τῆς
1609 430 1881 502 δυνάμεως

1994 437 2054 484 ut
2082 428 2232 483 vires
2282 441 2412 481 suas
2468 407 2741 481 instauret
2784 440 2848 481 ac
2902 434 3167 481 resumat.
3222 422 3397 480 liabet
3436 437 3567 479 vero

307 522 488 577 αὐτῶν
525 519 577 576 εἴ
612 522 693 575 σύ.
728 539 744 574 ι

1985 532 2334 591 permagnam
2392 522 2556 572 etiam
2614 518 2873 586 gloriam,
2928 517 3076 589 quod
3129 516 3196 572 ad
3250 516 3605 605 Conditoris]

306 615 585 685 exemplar
617 612 831 678 effecta,
871 628 938 669 eo
972 614 1159 683 etiam,
1189 615 1281 685 qui
1347 614 1518 685 gloria
1560 612 1920 683 est,potitur,
1989 624 2155 681 quam
2211 610 2330 662 vult
2389 621 2670 663 resumere
2720 608 2985 662 civitatem
3033 618 3294 672 sanctam,
3349 617 3407 660 ut
3459 624 3563 661 non

306 712 478 782 ipsum
515 709 746 779 amplius
788 719 1119 778 pertranseat
1155 710 1444 776 externus,
1471 721 1566 765 aut
1607 710 1881 765 idolorum
1921 708 2123 762 cultor.
2185 705 2322 761 Esse
2372 714 2556 760 autem
2590 720 2713 759 eum
2746 704 2924 774 ipsum
2957 705 3207 774 gloriam,
3247 704 3342 774 qui
3380 705 3568 774 gloria:

305 804 573 859 Dominus
625 812 732 866 est,
761 800 1041 856 Christum
1092 802 1326 867 scilicet,
1360 803 1478 872 ipse
1518 801 1707 867 etiam,
1738 800 1832 870 qui
1871 792 1901 864 ,ί
1937 817 1956 851 ι
1994 796 2262 869 Exsurge,
2292 797 2453 868 587
2482 797 2654 866 gloria
2684 811 2823 862 mea,
2867 797 3087 862 cecinit,
3126 816 3145 849 ι
3186 802 3424 852 t’estatnr
3462 797 3564 850 Da-

302 896 395 951 vid
427 894 500 959 ”;
532 894 625 963 qui
659 908 877 946 rursum
909 892 976 947 de
1009 893 1365 948 credentibus
1397 894 1657 948 locutus:
1694 912 1712 943 ι
1743 890 1884 957 Quia
1917 889 2173 961 gloriatio
2197 903 2389 944 eorum
2425 898 2479 942 tu
2507 904 2565 943 es
2592 889 2660 952 '°,
2695 907 2712 940 ι
2754 888 2995 955 scripsit.

373 984 511 1038 Τίνα
561 983 618 1035 δὲ
665 982 865 1053 τρόπον
928 981 1317 1052 ἐνδυσώμεθα
1380 982 1499 1051 τὴν
1540 982 1744 1053 ίσχὺν,
1781 978 1881 1035 καί

304 1076 421 1143 τὴν
443 1074 636 1139 δόξαν
667 1075 696 1126 ὁ
730 1072 915 1151 σοφὸς.
928 1072 1249 1144 παρέστησε
1292 1073 1505 1136 Παῦλος
1534 1074 1725 1128 είπών·
1761 1072 1880 1127 Ἐν-

303 1165 539 1221 δύσασθε
570 1165 662 1218 τὸν
691 1162 897 1234 Κύριον
929 1164 1085 1234 ἡμῶν
1113 1165 1357 1232 Ἰησοῦν
1382 1167 1472 1219 τὸν
1494 1165 1746 1236 Χριστόν.
1770 1162 1882 1217 Καὶ

305 1260 504 1314 πάλιν
538 1255 696 1310 Ὅσοι
749 1256 859 1328 γὰρ
903 1256 1140 1325 Χριστὸν
1189 1256 1596 1319 ἐϐαπτίσασθε,
1647 1254 1882 1327 Χριστὸν

306 1348 650 1405 ἐνεδύσασθε.
675 1347 750 1401 Τὸ
774 1347 833 1400 δὲ
856 1348 1148 1418 πρόσωπον
1168 1348 1629 1419 τῆς.Ἐκκλησίας
1655 1348 1885 1412 Ἡσαΐας

303 1442 514 1509 εἰσάγει
561 1439 768 1507 λέγων’
809 1457 829 1490 r
868 1438 1242 1508 Ἀγαλλιάσθω
1288 1441 1321 1509 ἡ
1363 1438 1509 1511 ψυχή
1545 1457 1648 1510 μου
1680 1439 1773 1492 ἐπὶ
1803 1437 1880 1508 τῷ

303 1532 514 1604 Κυρίῳ.
572 1531 818 1585 Ἐνέδυσε
871 1531 982 1602 γάρ
1034 1549 1100 1601 με
1154 1532 1371 1602 ἱμάτιον
1423 1532 1726 1603 σωτηρίου,
1787 1531 1882 1584 καὶ

304 1624 506 1696 χιτῶνα
544 1620 914 1693 εὐφροσύνης·
947 1640 967 1673 ι
996 1623 1062 1690 ἢν
1090 1622 1182 1675 νῦν
1215 1623 1394 1692 ἁγίαν
1430 1623 1604 1687 καλεῖ,
1634 1622 1709 1685 ὡς
1741 1621 1881 1693 σύμ-

307 1732 515 1787 μορφον
551 1714 629 1784 τῷ
654 1712 897 1784 Χριστῷ,
936 1715 1029 1766 καί⁵
1064 1714 1219 1778 ἁγίου
1263 1715 1598 1785 μετέχουσαν
1627 1713 1882 1783 Πνεύμα-

301 1824 415 1870 τος,
459 1808 517 1859 ὲν
541 1799 587 1874 ᾧ
616 1806 712 1859 καὶ
739 1804 1191 1877 ὲσφραγίσθημεν
1221 1808 1301 1869 είς
1331 1807 1545 1877 ἡμέραν
1570 1801 1887 1874 ἀπολυτρώ-

305 1913 446 1960 σεως
483 1897 663 1950 πάντα
694 1896 864 1966 ῥύπον
893 1896 1309 1967 ἀπονιψάμενοι,
1344 1897 1403 1959 ὃς
1434 1899 1528 1950 καὶ
1554 1896 1733 1948 πᾶσαν
1787 1893 1885 1961 ἐφ-

308 1990 428 2042 οδον
479 1987 640 2058 ἡμῶν
670 1987 982 2057 διαϐολικὴν
1016 1989 1385 2059 ἀποκρούεται
1423 1987 1629 2055 λέγων’
1670 1986 1884 2040 Οὐκέτι

303 2076 782 2146 προστεθήσεται
808 2077 906 2131 διὰ
931 2078 1049 2132 σοῦ
1075 2077 1339 2133 διελθεῖν
1360 2078 1757 2147 ἀπερίτμητος
1784 2077 1882 2130 καί

303 2170 658 2239 ἀκάθαρτος.
683 2170 794 2223 Καὶ
820 2169 1113 2240 ίστορικῶς
1139 2169 1195 2223 δὲ
1222 2168 1292 2222 τὰ
1318 2170 1576 2240 περίοικα
1608 2169 1735 2240 ἔθνη
1763 2185 1885 2220 συν-

307 2261 455 2330 ἐχεις
484 2260 708 2329 ἐφόδους
742 2261 1063 2332 ποιούμενα,
1101 2262 1383 2331 μονονουχὶ
1415 2261 1481 2314 δι’
1513 2260 1683 2328 αὐτῆς
1710 2259 1883 2330 χαμαὶ

304 2351 566 2421 κειμένης
594 2350 936 2421 διήρχοντο.
973 2353 1061 2415 Ὠς
1089 2353 1152 2405 ἐκ
1177 2352 1281 2423 γῆς
1311 2352 1368 2405 δὲ
1399 2352 1757 2422 ἀνισταμένη,
1788 2351 1883 2403 καὶ

302 2444 413 2497 τῶν
454 2444 663 2513 γηΐνων
708 2443 954 2515 γεμούση
1007 2443 1117 2497 τὸν
1150 2442 1304 2512 χοῦν
1345 2443 1653 2507 ἐκτινάξαι
1706 2458 1883 2512 παρα-

304 2534 610 2599 κελεύεται,
655 2534 716 2587 τὸ
757 2535 1011 2606 φρόνημα
1056 2535 1301 2607 δηλονότι
1344 2535 1406 2588 τὸ
1438 2534 1770 2607 σαρκικδν,ὃ
1801 2534 1883 2588 δεῖ

304 2622 807 2698 προαποθεμένους,
850 2624 996 2679 οὕτω
1030 2625 1317 2696 προσιέναι
1367 2625 1610 2697 Χριστῷ,
1664 2623 1879 2678 Παύλου

301 2714 552 2784 λέγοντος
572 2732 585 2745 ·
614 2715 973 2769 «Ἐκδύσασθε
992 2716 1083 2770 τὸν
1101 2716 1327 2769 παλαιὸν
1340 2716 1647 2787 ἄνθρωπον,
1660 2734 1678 2767 ι
1700 2716 1879 2770 καὶτὰ

303 2807 450 2876 ἑξῆς.
480 2808 546 2860 ⁸0
575 2808 638 2877 δὴ
676 2807 974 2876 δράσαντες
1016 2807 1358 2878 ἀνιστάμεθα
1403 2808 1547 2879 ὀρθῷ
1590 2810 1683 2862 καὶ
1711 2809 1879 2880 βεϐη-

303 2899 421 2953 κότι
443 2898 523 2969 τῷ
554 2897 821 2969 λογισμῷ,
866 2897 1010 2952 καθά
1046 2915 1131 2963 τις
1159 2898 1526 2971 παραγγέλλει
1557 2900 1843 2971 προφήτης
1863 2914 1875 2928 ⁸

311 3007 330 3041 ι
378 2990 582 3058 Στῆσον
618 2990 887 3059 σεαυτὴν,
930 2990 1090 3043 Σιών.
1126 3010 1144 3043 ι
1184 2992 1292 3044 Καὶ
1345 2990 1512 3046 Δαὸὶδ
1562 2990 1618 3045 δέ
1676 3006 1875 3062 φησιν’

2052 978 2172 1045 Quo
2209 980 2404 1035 deinde
2460 978 2623 1033 modo
2679 978 3049 1048 fortitudinem
3094 986 3145 1033 et
3209 981 3435 1049 gloriam
3486 982 3567 1035 in-

1986 1070 2237 1135 duamur,
2270 1072 2497 1141 sapiens
2532 1052 2808 1140 expressit
2834 1069 3067 1134 Paulus,
3096 1085 3219 1124 cum
3251 1087 3350 1126 nos
3384 1071 3567 1125 Domi-

1987 1178 2119 1216 num
2151 1170 2401 1217 nostrum
2431 1161 2625 1241 lerunt
2637 1160 2919 1216 Christum
2945 1160 3175 1215 induere
3193 1162 3437 1230 praecipit
3450 1160 3562 1229 3“;

1988 1268 2113 1308 cum
2147 1269 2342 1309 rursus
2372 1269 2566 1309 omnes
2594 1253 2648 1307 in
2701 1253 2979 1308 Christum
3029 1251 3355 1320 baptizatos,
3402 1250 3565 1305 Chri-

1988 1348 2136 1397 stum
2174 1342 2358 1412 ipsum
2391 1342 2645 1397 induisse
2672 1341 3011 1411 signiﬁcavit
3037 1340 3104 1395 ³¹.
3158 1341 3374 1394 lndueit
3432 1357 3566 1395 vero

1988 1434 2254 1489 Ecclesia
2316 1448 2611 1504 personam
2660 1432 2716 1486 in
2770 1433 2917 1487 hunc
2962 1432 3185 1488 modum
3249 1433 3563 1501 loquentem

1988 1524 2214 1580 Isaias:
2274 1543 2293 1578 ι
2335 1524 2585 1580 Exsultet
2646 1525 2829 1577 anima
2877 1539 2992 1577 mea
3053 1523 3107 1576 in
3165 1523 3418 1578 Domino.
3477 1523 3567 1575 ln-

1988 1617 2107 1672 duit
2142 1631 2226 1671 me
2253 1617 2584 1672 vestimento
2622 1614 2841 1681 salutis,
2875 1623 2930 1670 et
2962 1616 3150 1668 tunica
3181 1616 3387 1669 laetitia
3414 1615 3459 1645 "
3489 1631 3503 1668 :
3540 1632 3559 1665 ι

1987 1723 2157 1778 quam
2198 1722 2353 1762 nunc
2405 1715 2650 1760 sanctam
2712 1708 2953 1777 appellat
3016 1709 3281 1775 tanquam
3345 1705 3567 1761 Christo

1989 1801 2351 1863 conformem,
2391 1798 2748 1869 Spiritusque
2780 1800 2957 1854 sancti
2985 1799 3335 1868 participem,
3370 1798 3424 1852 in
3455 1812 3567 1866 quo

1985 1893 2245 1948 sordibus
2276 1892 2482 1947 ablutis
2517 1892 2717 1963 signati
2748 1907 2942 1948 sumus
2979 1896 3030 1945 i‘n
3062 1891 3206 1945 diem
3236 1892 3569 1961 redemptio-

1986 1985 2105 2051 nis;
2140 1985 2235 2054 qui
2266 1998 2456 2038 omnes
2481 1983 2646 2037 etiam
2675 1983 2983 2038 diabolieos
3023 1983 3263 2038 insultus
3312 1997 3342 2036 a
3405 1983 3565 2037 nobis

1984 2073 2290 2143 propulsat,
2321 2073 2405 2126 his
2433 2072 2617 2127 verbis
2648 2092 2661 2126 :
2706 2071 2829 2126 Non
2870 2073 3103 2142 amplius
3130 2083 3308 2144 perget
3332 2074 3566 2127 transire

1983 2177 2077 2231 per
2102 2171 2149 2215 te
2171 2162 2587 2215 incircumcisus
2619 2172 2668 2216 et
2700 2163 3030 2216 immundus.
3050 2162 3185 2216 Nam
3209 2175 3265 2218 et
3289 2179 3409 2217 eam
3436 2162 3564 2216 olim

1986 2251 2182 2306 vicina
2239 2261 2457 2322 gentes,
2494 2256 2539 2309 si
2594 2269 2685 2308 res
2739 2264 2922 2323 gestas
2975 2253 3234 2318 intueris,
3291 2254 3562 2323 frequenti

1982 2345 2227 2398 exercitu
2291 2352 2556 2415 tanquam
2630 2345 2785 2399 humi
2839 2348 3115 2414 jacentem
3173 2350 3566 2402 conculcantes

1980 2437 2420 2504 pertransierunt.
2453 2435 2561 2491 Sed
2604 2437 2712 2506 jam
2762 2438 2911 2491 velut
2962 2448 3229 2501 erectam,
3286 2439 3565 2507 rebusque

1983 2526 2217 2587 terrenis
2244 2527 2546 2595 oppletam,
2579 2527 2845 2594 pulverem
2888 2528 3086 2597 ipsum,
3133 2528 3186 2581 id
3234 2535 3319 2581 est
3376 2527 3562 2581 carnis

1981 2615 2294 2680 consilium,
2319 2624 2558 2670 excutere
2580 2616 2928 2683 adhortatur;
2951 2632 3059 2688 quo
3084 2633 3190 2672 non
3218 2618 3323 2672 nisi
3349 2619 3564 2687 abjeCIo

1946 2706 2047 2762 .ad
2099 2706 2383 2761 Christum
2422 2707 2552 2761 licet
2589 2709 2878 2771 accedere,
2932 2709 2979 2764 si
3034 2710 3205 2763 Paulo
3260 2710 3563 2775 credimus,

1979 2798 2073 2869 qui
2129 2810 2364 2855 veterem
2412 2800 2714 2866 hominem,
2760 2809 2816 2855 et
2868 2817 2991 2871 qua
3040 2802 3322 2872 deinceps,
3359 2817 3565 2856 exuere

1981 2891 2320 2962 praeipit”.
2386 2892 2541 2959 Quod
2585 2893 2674 2946 ubi
2735 2895 3186 2962 prastiterimus,
3246 2903 3398 2948 recta
3458 2891 3563 2965 ipsi

1987 2993 2103 3037 tum
2139 2987 2359 3038 demum
2401 2985 2703 3054 stabilique
2733 2985 2946 3040 ratione
2978 2984 3377 3049 excitabimur,
3417 2987 3564 3040 sicut

311 3101 329 3132 ι
360 3082 629 3150 Ἔστησεν
662 3082 1002 3163 ἑπὶῖπέτρας
1044 3083 1172 3147 τοὺς
1202 3083 1371 3144 πόδας
1419 3100 1542 3153 μου.
1572 3102 1597 3136 ι
1629 3077 1701 3156 ᾯ
1739 3102 1880 3157 παρ-

1987 3082 2068 3130 est
2090 3091 2119 3129 a
2141 3077 2406 3146 propheta
2429 3077 2668 3145 quodam
2695 3076 3092 3144 signiﬁcatum,
3120 3064 3209 3131 ubi
3239 3078 3315 3131 ait
3346 3095 3360 3131 :
3396 3096 3416 3129 ι
3445 3078 3565 3131 Sta-

304 3172 493 3227 έπεται
527 3173 623 3226 καὶ
648 3173 733 3227 τό’
775 3174 1154 3229 Ἔκδύσασθσ
1188 3176 1297 3229 τὸν
1331 3174 1559 3245 δεσμὸν
1592 3176 1699 3230 τοῦ
1743 3193 1876 3245 τρα-

303 3261 520 3330 xvi-dav.
557 3264 776 3334 Σειραῖς
821 3265 932 3335 γὰρ
960 3265 1069 3319 τῶν
1114 3265 1259 3320 ίδίων
1301 3267 1718 3338 ἁμαρτημάτων
1754 3268 1883 3322 ἔκαε

306 3370 427 3416 στος
461 3354 772 3423 σφίγγεται.
804 3356 920 3408 Καὶ
950 3356 1056 3409 ύπό
1082 3356 1221 3425 ζυγά
1240 3358 1298 3411 δὲ
1326 3358 1426 3428 τῆς
1450 3359 1728 3429 ἁμαρτίας
1753 3359 1884 3412 ὐπο-

301 3444 616 3515 δληθέντες,
647 3464 666 3498 ι
700 3446 1094 3518 Διαρρήεωμεν
1130 3449 1259 3513 τοὺς
1287 3449 1521 3517 δεσμοὺς
1554 3449 1756 3514 αὐτῶν,
1790 3449 1886 3502 καὶ

300 3535 696 3608 ἀπορρίψωμεν
727 3537 1006 3609 ἀφ”ήμῶν
1037 3538 1134 3593 τὸν
1164 3539 1327 3607 ζυγδν
1365 3540 1565 3604 αὐτῶν,
1602 3558 1621 3591 ι
1659 3541 1720 3593 τὸ
1748 3541 1886 3607 ἀγα-

302 3626 395 3681 θὸν
416 3627 690 3700 ἐλευθέρῳ
722 3628 1123 3699 κατορθοῦντες
1145 3630 1482 3701 φρονήματι,
1506 3629 1581 3691 ὼς
1606 3629 1737 3699 παρ’
1769 3628 1886 3690 ἐνὸς

302 3720 432 3790 ἡμῖν
461 3719 717 3790 εἰρῆσθαι
744 3721 771 3761 Ιί
804 3721 916 3774 τῶν
953 3720 1284 3793 προφητῶν·
1327 3738 1346 3772 ι
1376 3720 1487 3774 Καὶ
1514 3717 1884 3786 ὲξελεύσεσθε,

301 3810 396 3861 καὶ
424 3811 750 3882 σκιρτήσετε
790 3810 867 3874 ὡς
896 3815 1171 3882 μοσχάρια
1184 3812 1266 3863 Ἐκ
1293 3810 1510 3880 δεσμῶν
1544 3810 1827 3879 ἀνειμένα.
1862 3808 1889 3860 ›”

312 3901 404 3964 Ὠς
443 3902 721 3971 ἁμαρτίας
757 3902 865 3975 γὰρ
905 3905 1002 3958 καὶ
1037 3903 1289 3957 διαϐόλου
1318 3902 1607 3972 δεσμῶτιν,
1637 3902 1733 3955 καὶ
1765 3901 1887 3955 δού-

301 3990 402 4063 λην
418 3993 797 4061 αίχμάλωτον
817 3996 975 4049 καλεί
990 3996 1089 4066 τὴν
1108 3995 1261 4049 Σιὼν
1282 3995 1450 4048 ἐλεῶν
1472 3996 1641 4065 αὐτὴν
1671 3997 1769 4066 τῆς
1794 4012 1886 4047 πι-

302 4082 573 4151 κροτάτης
597 4082 990 4146 ἁλώσεως.Ἢν
1022 4084 1113 4137 καὶ
1138 4068 1432 4153 θυγατΞρα
1460 4083 1663 4146 καλῶν,
1680 4086 1740 4136 τὸ
1770 4082 1888 4145 πῶς

301 4166 396 4224 οὖν
417 4171 553 4241 ἥλω,
582 4174 929 4243 παρίστησινο
956 4174 1031 4237 ὡς
1062 4175 1201 4245 αὐτὴ
1219 4175 1286 4228 δι’
1311 4174 1618 4246 αὐτὴν,ούκ
1637 4172 1891 4245 ἀσθενείᾳ

300 4258 397 4312 τοῦ
425 4258 708 4325 σώζοντος,
758 4264 856 4332 τῆς
896 4263 954 4316 δὲ
996 4265 1274 4334 πατρικῆς
1330 4263 1733 4334 εὐσπλαγχνίας
1781 4265 1887 4330 ἀφ-

303 4350 596 4419 ηνιάσασα.
631 4352 795 4406 Ὅθεν
842 4354 1012 4424 αὐτὴν
1068 4352 1301 4423 δωρεὰν
1349 4354 1689 4426 πεπρᾶσθαι
1730 4355 1883 4426 φησι.

1988 3177 2079 3222 tue
2110 3175 2163 3222 te
2192 3168 2390 3237 ipsam,
2419 3183 2453 3223 ο
2489 3166 2622 3222 Sion
2652 3167 2717 3221 ³⁸.
2758 3186 2777 3219 ι
2832 3169 2894 3223 Et
2922 3185 2954 3223 a
3002 3168 3245 3225 Davide:
3279 3188 3298 3222 ι
3359 3168 3566 3226 Statuit

1986 3276 2153 3330 supra
2206 3271 2419 3330 petram
2462 3261 2628 3331 pedes
2681 3276 2834 3316 meos
2858 3263 2925 3313 ⁸⁵.
2967 3279 2986 3312 ι
3043 3260 3144 3317 Cui
3194 3264 3456 3317 convenit
3508 3270 3567 3318 et

1983 3352 2143 3413 illud,
2182 3352 2326 3421 quod
2360 3353 2650 3421 sequitur:
2703 3351 2857 3407 Solve
2887 3353 3095 3406 vincula
3133 3354 3259 3407 colli
3288 3355 3388 3407 tui.
3438 3352 3567 3408 Suis

1984 3444 2128 3497 enim
2160 3444 2396 3514 quisque
2427 3443 2689 3513 peccatis,
2735 3452 2795 3497 ut
2841 3442 3076 3509 catenis,
3134 3444 3562 3511 constringitur.

1988 3534 2055 3589 Et
2091 3551 2212 3601 nos,
2254 3536 2349 3605 qui
2375 3536 2648 3590 scelerum
2677 3534 2810 3605 jugo
2840 3535 3225 3606 deprimimur,
3269 3554 3288 3587 ι
3347 3536 3564 3590 Dirum-

1987 3639 2179 3693 panius
2208 3625 2429 3677 vincula
2453 3624 2994 3694 eorum,jugumque
3034 3625 3281 3693 ipsorum
3314 3625 3565 3680 excutia-

1986 3729 2109 3770 mus
2143 3715 2209 3775 “,
2246 3732 2265 3765 ξ
2294 3713 2468 3766 libera
2499 3714 2785 3768 voluntate
2808 3715 2955 3782 quod
2977 3715 3193 3782 justum
3222 3722 3308 3770 est
3333 3714 3564 3785 operati,

1988 3806 2129 3859 sicut
2159 3803 2245 3858 his
2274 3803 2459 3857 verbis
2494 3819 2637 3857 unus
2673 3803 2748 3857 ait
2770 3803 3166 3872 praphetarum
3197 3820 3212 3857 :
3253 3821 3272 3854 ι
3315 3805 3379 3858 Ει
3410 3820 3570 3875 egre-

1986 3894 2237 3957 diemini,
2270 3905 2321 3948 et
2357 3894 2595 3958 salictis,
2638 3902 2899 3961 tanquam
2938 3894 3094 3946 vituli
3127 3894 3367 3949 vinculis
3421 3898 3567 3949 rela-

1987 3986 2099 4038 xati
2130 3984 2195 4050 ³⁷,
2240 4003 2259 4035 ι
2305 3981 2520 4037 Siouem
2555 3983 2699 4037 enim
2734 3990 2996 4052 tanquam
3051 3976 3260 4053 peccati
3327 3983 3567 4038 diaboli-

1986 4090 2094 4145 que
2141 4075 2354 4144 laqueis
2421 4073 2775 4127 constrictatn
2826 4082 2881 4127 et
2926 4074 3190 4142 captiuam
3243 4073 3562 4143 alloquitur,

1987 4167 2236 4237 ejusdem
2288 4176 2513 4236 propter
2567 4164 2989 4235 expugnationis
3043 4166 3399 4221 acerbitatem
3459 4167 3567 4220 mi-

1990 4260 2267 4315 seratione
2299 4266 2642 4323 commotus;
2676 4272 2841 4327 quam
2875 4255 3040 4323 etiam
3076 4259 3246 4326 ﬁliam
3282 4257 3566 4328 appellan-

1990 4352 2084 4413 do,
2127 4367 2237 4403 nun
2270 4350 2549 4404 servantis
2583 4347 2982 4413 imbecillitate,
3035 4351 3141 4403 sed
3185 4363 3282 4417 per
3331 4362 3410 4412 se,
3443 4361 3565 4416 qua

301 4441 413 4493 Καὶ
434 4443 547 4497 ἄνω
580 4444 689 4511 γὰρ
714 4444 955 4513 ἔφασκεν
975 4462 989 4476 ·
1024 4465 1042 4497 ι
1065 4447 1197 4500 Ἰδοὺ
1231 4452 1351 4511 ταῖς
1392 4449 1689 4519 ἁμαρτίαις
1721 4448 1874 4518 ὑμῶν

1987 4453 2226 4515 paterna
2280 4441 2680 4496 benevolentia
2731 4439 2945 4495 frenum
2997 4443 3292 4512 rcSpuerit,
3343 4450 3561 4511 captant

302 4533 579 4605 ἐπράθητε
630 4535 796 4605 μηδὲν
852 4536 1449 4608 ἀντικαταλλαξάμενοι
1502 4538 1601 4607 τῆς
1665 4537 1874 4590 ἑαυτῶν

299 4624 593 4690 ἀπωλείας.
631 4649 648 4679 r
674 4630 936 4692 'Axovte;
980 4631 1109 4701 γὰρ,
1147 4630 1222 4691 ὼς
1256 4631 1464 4694 εἰπεῖν,
1522 4630 1871 4700 ἀπηγόμεθα.

298 4716 411 4781 Διὸ,
444 4719 542 4771 καὶ
570 4720 773 4774 ἄκοντα
799 4720 891 4774 τὸν
938 4723 1159 4791 ίσχυρδν
1203 4721 1527 4775 ἐσκύλευσεν
1562 4722 1591 4774 ὁ
1615 4722 1871 4792 Χριστός.

305 4808 375 4860 Ἀ
401 4808 662 4879 δέδρακεν
687 4812 967 4883 ἐπιφέρων
991 4814 1119 4867 ἄνευ
1147 4815 1431 4883 ἀργυρίου
1470 4814 1874 4882 λυτρούμενος

299 4900 425 4962 τοὺς
462 4900 538 4972 μὴ
570 4907 859 4974 σωματικῇ
897 4906 1297 4974 περιπεσόντας
1331 4904 1703 4975 αἰχμαλωσίᾳ,
1741 4904 1877 4959 ἀλλὰ

299 4988 526 5061 ψυχικῇ,
566 4995 658 5045 καί
688 4994 783 5047 τοῦ
805 4994 986 5063 τιμίου
1017 4996 1309 5066 δεομένους
1337 4997 1588 5066 αἵματος.

1978 4551 2102 4591 esse
2154 4534 2320 4605 588
2354 4533 2629 4598 ostendit;
2662 4533 2806 4588 unde
2832 4537 3003 4604 gratis
3037 4532 3398 4587 venundatum
3449 4547 3564 4588 esse

1979 4626 2197 4697 adjicit.
2244 4626 2459 4678 Nam'et
2494 4625 2751 4693 superius
2776 4624 2997 4678 dicebat
3032 4643 3045 4679 :
3086 4643 3106 4675 ι
3148 4624 3292 4679 Ecce
3322 4626 3562 4695 peccatis

1979 4721 2178 4774 vestris
2210 4717 2508 4773 venundati
2545 4718 2703 4781 estis,
2753 4717 2906 4769 nulla
2949 4732 3048 4786 pro
3097 4716 3322 4773 interitu
3384 4729 3562 4775 vestro
3666 4714 3669 4719 ’

1978 4811 2124 4866 facta
2156 4809 2590 4865 commutatione
2610 4808 2674 4862 ³⁸.
2712 4827 2731 4859 ι
2767 4807 2924 4862 Inviti
2959 4810 3127 4877 enim,
3160 4818 3221 4864 ut
3263 4812 3333 4864 ita
3356 4812 3558 4875 dicam,

1986 4905 2432 4974 abripiebantur;
2470 4901 2704 4971 ideoque
2733 4912 3128 4970 repugnantem
3154 4905 3423 4973 spoliasse
3454 4903 3561 4955 for-

1988 5006 2095 5051 tem
2129 4996 2387 5073 Christus
2433 4994 2633 5047 dicitur
2659 4992 2722 5045 ”.
2776 4991 2909 5057 Qua
2954 5007 3015 5047 se
3050 4992 3248 5073 fecisse
3309 4993 3405 5056 ait,
3449 5010 3558 5048 non

299 5094 395 5133 eos
439 5093 655 5151 argento
711 5084 1037 5150 redimendo,
1075 5089 1167 5157 qui
1223 5104 1333 5143 non
1403 5104 1718 5158 corporum,
1769 5088 1863 5145 sed
1902 5089 2215 5144 animorum
2262 5066 2526 5141 servitute
2554 5083 2985 5153 premebantur,
3028 5066 3376 5154 pretiosaque
3435 5100 3558 5139 sano

299 5174 462 5244 guine
506 5178 843 5250 indigebant.

370 5264 503 5322 Εἶτα
530 5271 801 5328 δείκνυσιν
837 5278 1034 5333 ἑαυτὸν
1076 5279 1162 5331 ἀεὶ
1209 5276 1304 5330 τοῦ
1346 5275 1557 5348 Ἰσραὴλ
1609 5283 1871 5348 γεγονότα

2053 5268 2235 5336 Pergit
2276 5265 2475 5320 deinde
2530 5263 2749 5320 lsraelis
2792 5262 3129 5316 Salvator-3m
3174 5270 3228 5318 et
3263 5267 3550 5331 redempto-

368 5395 417 5429 ³⁹
443 5397 588 5457 I‘saI.
622 5421 743 5477 ιιι,
767 5408 821 5463 9.
875 5409 925 5441 ³⁰
947 5410 1118 5466 Eccli.
1151 5425 1227 5476 XI,
1259 5410 1351 5463 ΞΩ.
1387 5410 1466 5441 ⁸⁸*
1505 5408 1704 5477 Eum.
1746 5412 1881 5477 μ’ιὲ

2010 5411 2046 5442 ιι
2078 5407 2261 5477 Garat,
2287 5402 2489 5477 "1"27,
2567 5405 2610 5437 ³*
2648 5401 2754 5477 isa.
2786 5400 2969 5477 1:551.
3046 5401 3091 5432 ³³
3118 5401 3313 5477 Epiros.
3352 5420 3437 5477 tv.
3463 5405 3556 5464 2i.

300 5462 477 5542 ’δίειμ-
494 5484 703 5542 xxxvii,
720 5462 819 5532 '22.

296 5552 378 5604 ιι,
414 5538 504 5591 2'2.

927 5481 972 5515 ³⁵
1002 5478 1147 5534 l’sal.
1188 5496 1377 5544 xxxix,
1411 5481 1463 5534 '5.
1541 5481 1585 5512 ³⁸
1618 5481 1765 5536 l’sal.
1827 5498 1889 5546 ιι,
1964 5481 2018 5536 ὃ.

2119 5477 2160 5509 δ’
2220 5475 2451 5529 Malae-lt.
2512 5491 2583 5541 IV,
2643 5473 2697 5525 2.
2800 5469 2841 5502 ³⁸
2884 5471 2984 5526 lsa.
3051 5469 3250 5538 ιιι,’5.
3346 5475 3556 5536 "Luc.

1597 5634 1827 5690 VAllIIE
1871 5635 2274 5693 LECTIONES.

371 5722 400 5764 ι
423 5739 511 5794 γρ.
543 5723 783 5791 είρηται.

624 5823 899 5883 Parant.
947 5818 1066 5877 Gn.
1109 5812 1479 5876 LXXXVII.
