3978 6190
380 236 514 298 ἱῶθἸ
1689 230 2040 299 PROCOPII
2082 229 2323 291 GAZ.‘EI
3482 236 3627 300 2508

379 365 488 403 rem
525 363 583 402 se
619 360 740 401 esse
773 347 1096 413 ostendere;
1131 346 1248 402 sive
1281 354 1497 415 tempus
1528 343 1663 399 illud
1713 352 1951 414 spectes,

2079 345 2286 414 Ξωτῆρα
2317 343 2410 398 καὶ
2440 346 2779 414 Λυτρωτήν.
2824 348 2934 400 Kal
2963 348 3051 402 ὅτε
3084 348 3351 418 κατῆλθεν
3379 348 3518 402 ἑκὼν
3546 352 3631 413 εἰς

378 456 488 511 quo
542 447 735 510 sponte
768 439 821 492 in
863 437 1160 510 Aig‘yptum
1215 436 1463 508 profecta
1513 433 1702 491 Jacobi
1730 438 1950 501 domus,

2079 436 2154 505 τὴν
2187 434 2485 504 Αἴγυπτον.
2514 436 2609 490 τοῦ
2646 437 2840 491 Ἰακὼὸ
2880 441 2995 491 ἐκεῖ
3023 439 3111 492 διὰ
3147 440 3305 508 λιμὸν
3348 438 3635 506 nataturi-

378 531 452 586 ibi
487 537 707 601 propter
736 527 933 583 famem
965 528 1249 594 habitavit,
1297 527 1413 582 sive
1455 526 1590 580 illud
1623 526 1813 591 etiam,
1844 540 1954 595 quo

2079 542 2315 592 rartoc'
2346 529 2442 582 καὶ
2467 528 2555 582 ὅτε
2594 528 2688 599 βίᾳ
2727 528 2817 582 διὰ
2841 530 2939 593 τὰς
2973 531 3249 601 ἁμαρτίας
3277 531 3369 584 ὑπ’
3411 532 3643 586 Ἀσσυο

378 637 474 691 per
503 621 750 690 Assyrias
779 630 864 675 est
889 629 1199 691 expugnata
1236 618 1455 683 civitas,
1492 627 1551 671 ut
1572 618 1641 672 ab
1666 633 1727 673 ea
1752 617 1956 672 redem-

2079 620 2197 672 >ίων
2226 620 2388 685 ἑάλω,
2429 619 2536 672 ἀπὸ
2564 619 2663 687 τῆς
2691 619 2958 691 αἰσθητῆς
2999 618 3374 687 λυτρώσεως,
3420 620 3519 690 τὴν
3545 622 3642 673 ἐπὶ

376 716 552 782 plione
587 729 712 783 quae
760 714 1022 770 sensibus
1054 721 1220 783 patet,
1274 710 1341 789 ad
1375 711 1520 779 ejus,
1552 726 1673 779 qua
1720 711 1954 766 adventu

2079 714 2156 782 τῆς
2188 711 2497 781 παρουσίας
2528 710 2693 764 αὐτοῦ
2716 710 2893 781 δηλῶν
2923 711 3069 783 ἄλλῳ
3098 712 3243 783 λόγῳ
3269 712 3500 779 δωρεὰν
3532 727 3643 767 περ

380 820 482 858 suo
541 806 681 858 facta
736 812 841 865 est,
887 818 1012 859 cum
1057 802 1165 856 alia
1222 801 1438 856 ratione
1480 801 1647 870 gratis
1671 800 1957 854 venundati

2079 802 2431 873 τραγμένων.
2462 803 2553 855 Διὸ
2588 802 2834 871 ἐπιλέγει
2856 819 2869 833 ⁸
2897 804 3006 857 Καὶ
3041 803 3159 857 νῦν
3186 803 3243 857 τι
3274 796 3394 856 ὧδε
3425 804 3600 858 ἔσται
3626 819 3645 867 ;

378 902 571 957 essent,
636 892 1055 963 intelligentiam
1126 890 1385 947 deducat.
1438 893 1616 957 Atque
1677 891 1804 946 inde
1849 890 1960 955 est,

2079 894 2091 964 δ
2117 894 2259 947 κατὰ
2281 894 2409 957 τοὺς
2431 893 2674 959 λοιποὺς,
2701 893 2799 947 καὶ
2823 894 2940 948 νῦν
2960 894 3016 947 τι
3036 894 3173 947 ἐστι
3190 911 3293 963 μοι
3322 889 3471 958 ὦδε;
3490 895 3646 949 οὐδὲν

380 985 550 1055 quod,
579 985 643 1039 Et
666 1001 805 1039 nunc
833 983 960 1053 quid
979 985 1075 1038 erit
1110 984 1233 1037 hic?
1256 985 1362 1049 vel,
1392 992 1451 1036 ut
1471 986 1654 1037 caeteri
1685 983 1957 1051 interpre-

2079 987 2191 1056 γὰρ,
2227 986 2415 1054 φησὶν,
2432 978 2535 1039 ὦδε
2551 987 2681 1056 παρ’
2708 986 2889 1048 αὐτοῖς
2911 985 3170 1055 εὑρίσκω,
3195 985 3338 1038 κατὰ
3361 984 3422 1038 τὸ
3448 985 3641 1056 ῥηθέν·

383 1086 592 1142 tantur,
632 1076 759 1145 quid
789 1078 889 1129 erit
915 1076 1045 1143 mihi
1067 1075 1192 1128 hic?
1217 1075 1424 1129 intulit.
1461 1072 1610 1127 Nihil
1662 1075 1809 1129 enim
1846 1075 1954 1138 hic,

2079 1094 2086 1126 I
2114 1076 2259 1129 Διὸτι
2290 1070 2475 1146 ἦλθον,
2512 1075 2609 1129 καὶ
2639 1076 2739 1129 οὐκ
2765 1070 2835 1146 ἦν
2879 1074 3185 1145 ἄνθρωπος.
3224 1073 3512 1141 Ἐκάλεσα,
3539 1076 3638 1127 καὶ

384 1166 481 1231 ait,
513 1165 652 1236 apud
680 1180 775 1220 eos
808 1164 1047 1234 reperio,
1081 1166 1242 1235 juxta
1272 1164 1405 1219 illud
1438 1180 1453 1218 :
1494 1181 1512 1214 ι
1559 1163 1682 1220 Ideo
1730 1164 1875 1229 veni,
1906 1173 1961 1220 et

2079 1167 2160 1219 tim
2189 1162 2257 1237 ἦν
2286 1169 2313 1221 ὁ
2345 1166 2656 1220 ὑπακούων.
2678 1184 2697 1217 ι
2730 1167 2791 1219 Εἰ
2814 1166 2869 1219 δὲ
2896 1166 2993 1235 τὴν
3030 1165 3136 1219 ὑπὸ
3185 1166 3471 1237 Ῥωμαίων
3520 1168 3646 1236 αἰχ-

386 1271 495 1311 non
536 1266 655 1310 erat
701 1256 884 1309 homo.
928 1253 1145 1321 vocavi,
1196 1266 1250 1310 et
1297 1272 1405 1310 non
1463 1265 1581 1311 erat
1644 1257 1736 1326 qui
1805 1258 1960 1311 audi-

2079 1257 2353 1327 μαλωσιαν
2383 1258 2551 1329 δηλοῖ,
2575 1258 2787 1325 λέγοιτο
2815 1257 2881 1311 ἂν
2910 1258 2970 1310 τὸ
2985 1251 3106 1321 ὧδε,
3124 1259 3180 1311 ὲν
3196 1259 3315 1321 ταῖς
3339 1258 3446 1311 τῶν
3474 1257 3649 1311 ἐθνῶν

388 1347 555 1402 ret“.
595 1365 613 1398 ι
655 1345 811 1412 Quod
845 1346 889 1401 si
922 1346 988 1401 ad
1026 1361 1168 1410 eam,
1202 1361 1322 1415 qua:
1356 1346 1461 1401 sub
1503 1346 1785 1401 Romanos
1833 1348 1957 1413 fuit,

2079 1352 2287 1420 (ὡραις,
2320 1353 2400 1415 εἰς
2432 1350 2497 1414 ἃς
2525 1351 2934 1421 διεσπάρησαν*
2968 1351 3154 1420 ἤγουν,
3182 1351 3239 1403 ὲν
3264 1350 3439 1420 τοιᾷδε
3473 1367 3648 1404 κατα-

388 1437 762 1506 captivitatem
826 1438 1069 1503 referas,
1137 1436 1205 1490 ad
1267 1438 1510 1508 gentium
1571 1425 1843 1509 region‘es,
1906 1441 1958 1494 in

2079 1442 2250 1494 ττάσει
2303 1443 2647 1512 πραγμάτων
2695 1440 2978 1510 δηλονότι,
3027 1442 3201 1494 ταῦτα
3252 1443 3520 1511 πάσχουσι
3553 1442 3650 1495 τὸν

386 1528 586 1596 quibus
616 1526 852 1597 dispersi
882 1536 1170 1597 vagantur,
1201 1527 1307 1582 loci
1351 1529 1620 1597 particula
1648 1529 1914 1585 referetur
1941 1548 1953 1583 :

2079 1531 2268 1584 ἑαυτῶν
2292 1533 2707 1602 σταυρώσαντες
2733 1531 3039 1601 λυτρωτὴν.
3066 1526 3199 1583 Εἶτα
3225 1532 3650 1599 θαυμαζόντων

389 1620 670 1684 nimirum,
716 1627 774 1672 ut
809 1634 903 1673 eos
939 1619 1059 1673 idco
1093 1620 1148 1673 iu
1182 1620 1276 1673 tali
1310 1635 1493 1674 rerum
1527 1630 1672 1677 statu
1729 1624 1959 1689 versari,

2079 1621 2171 1674 τῶν
2196 1623 2325 1691 παρ’
2365 1622 2637 1685 Ἰουδαίοις
2672 1620 3024 1691 καθηγητῶν,
3057 1620 3175 1684 πῶς
3203 1623 3233 1674 ὀ
3264 1620 3401 1674 Θεοῦ
3444 1620 3653 1691 κλῆρος

391 1714 607 1781 istaque
662 1711 772 1779 pati
837 1710 1062 1777 indirct,
1121 1712 1265 1780 quod
1328 1710 1745 1783 Redemptorcm
1800 1730 1960 1770 suum

2079 1682 2357 1784 λεγόμενος
2375 1714 2467 1767 καὶ
2498 1682 2654 1781 ἅγιος
2692 1682 2910 1784 Ἰσραὴλ
2933 1682 3168 1781 ἔπραξεν
3189 1710 3364 1774 οὕτως
3392 1682 3673 1781 οἰκτριῦς,.

390 1804 537 1856 cruci
578 1802 870 1855 aﬂixcrint.
929 1802 1156 1867 Deinde,
1207 1819 1333 1858 cum
1381 1805 1702 1859 mirarentur
1752 1806 1966 1862 Judaco-

392 1911 510 1949 rum
543 1893 842 1963 principes,
876 1910 1047 1963 quare
1097 1894 1189 1949 Dei
1223 1910 1347 1950 sors
1407 1894 1571 1951 Israel
1621 1905 1674 1951 et
1740 1908 1967 1954 sanctus

393 1984 695 2054 appellatus
718 1984 792 2037 ita
824 1985 1217 2040 miserabiliter
1246 1996 1571 2051 vexaretur,
1609 1995 1663 2041 et
1694 1994 1959 2058 tanquam

399 2092 497 2146 spe
533 2091 763 2144 prorsus
791 2076 1043 2146 adempta
1088 2077 1355 2131 ulularent
1389 2115 1405 2143 ,
1442 2079 1496 2132 in
1549 2078 1771 2134 eosdem
1809 2095 1973 2149 eripu-

395 2169 676 2237 gnationis
706 2167 1051 2222 subditorum
1103 2182 1329 2222 suorum
1364 2169 1580 2239 culpam
1631 2169 1831 2239 reiicit,
1873 2172 1970 2241 qui

396 2259 701 2314 Salvatoris
734 2258 905 2314 oblati
938 2258 1095 2313 (idem
1124 2259 1381 2330 amplecti
1409 2259 1547 2329 ipsis
1576 2275 1682 2315 non
1715 2262 1970 2331 permisc-

402 2361 557 2406 runt.
595 2353 660 2406 At
695 2360 888 2421 gentes
921 2366 1044 2405 cum
1072 2365 1194 2406 eam
1223 2365 1350 2406 esse
1376 2364 1603 2405 causam
1631 2351 1968 2422 ignorarent,

396 2443 624 2499 istorum
645 2442 816 2496 Deum
836 2440 1224 2496 imbecillitatis
1241 2440 1563 2511 arguebant,
1588 2455 1751 2510 quem
1783 2456 1971 2497 serva-

399 2548 461 2585 re
491 2549 598 2587 non
639 2532 879 2587 valuisse
903 2530 1158 2586 dicebant
1185 2530 1359 2586 :sicut
1381 2531 1510 2585 olim
1537 2532 1968 2601 Kapsaces,cum

395 2639 516 2687 vos,
546 2623 747 2691 inquit,
770 2636 878 2675 non
907 2629 1129 2691 prapter
1152 2622 1350 2675 virium
1373 2636 1614 2676 mearum
1649 2623 1969 2678 tenuitatem

395 2728 542 2771 esset
567 2714 815 2769 adortus.
851 2710 969 2767 Non
1022 2712 1185 2781 hujus
1225 2713 1431 2783 itaque,
1470 2713 1567 2769 sed
1610 2725 1825 2781 vestrae,
1875 2716 1968 2786 qui

396 2807 688 2877 peccastis,
706 2805 848 2860 vires
864 2805 1209 2860 exciderunt.
1225 2805 1333 2860 Ista
1357 2815 1536 2861 autem
1563 2806 1628 2861 ad
1656 2806 1970 2862 iudiearqu

396 2899 673 2971 principes
698 2897 858 2968 dirigi
891 2905 1217 2953 caeterorum
1250 2898 1540 2953 conﬁrmat
1571 2898 1971 2969 interpretatio.

398 2990 626 3047 \‘ertunt
654 2990 799 3045 enim
839 2988 1204 3060 Symmachus
1234 3000 1283 3045 et
1302 2989 1530 3060 Aquilus
1557 3006 1570 3043 :
1596 2989 1972 3045 Dominatores

394 3082 507 3153 ejus
545 3081 755 3135 ululant
783 3096 803 3135 :
832 3080 925 3136 ubi
958 3079 1262 3136 Theodotio
1300 3080 1560 3150 principes
1591 3096 1690 3151 pro
1727 3082 1972 3136 domina-

396 3175 597 3230 toribus
643 3172 799 3227 dixit.
857 3170 996 3227 llinc
1046 3173 1215 3243 igitur
1271 3171 1437 3244 589
1479 3182 1534 3227 et
1582 3172 1669 3226 illa
1727 3172 1968 3236 fuerunt,

394 3266 601 3337 quilms
630 3273 789 3318 antea
816 3262 1108 3317 Dominum
1159 3279 1282 3318 cum
1330 3265 1515 3333 populi
1557 3265 1890 3330 senioribus,
1921 3274 1972 3318 et

396 3374 522 3413 cum
557 3356 901 3428 principibus
930 3355 1072 3426 ejus,
1108 3356 1161 3410 in
1193 3355 1464 3426 judicium
1514 3365 1807 3411 venturum
1848 3373 1971 3413 esse

396 3448 758 3519 signiﬁcaret.
796 3445 931 3499 Nam
983 3453 1038 3501 et
1071 3446 1270 3517 vulgus
1330 3447 1510 3515 ipsum
1565 3445 1634 3501 ad
1693 3462 1970 3501 rumorem

397 3540 686 3595 sinistrum
732 3540 803 3595 de
860 3537 1150 3594 Salvatore
1211 3538 1578 3608 spargendum
1637 3540 1968 3595 excitarunt.

397 3633 587 3702 Itaque
621 3630 924 3686 secundum
967 3629 1122 3694 alios,
1162 3638 1285 3699 post
1334 3633 1501 3685 verba
1557 3631 1708 3687 ista:
1764 3631 1972 3686 Nomen

398 3741 571 3779 meum
630 3723 1063 3790 blasphematur,
1113 3724 1168 3776 in
1221 3724 1459 3793 gentibus
1513 3738 1623 3780 non
1680 3726 1968 3794 reperias:

399 3812 576 3884 neque
615 3816 756 3884 apud
797 3812 1216 3885 Symmachum,
1248 3813 1343 3883 qui
1387 3814 1590 3883 jugiter
1630 3824 1740 3867 tota
1774 3814 1859 3867 die
1879 3831 1969 3868 no-

399 3922 515 3961 men
544 3922 716 3959 meum
745 3904 1165 3971 blasphematur,
1197 3904 1587 3973 interpretatus
1609 3915 1712 3960 est.
1748 3905 1974 3974 Semper

398 3998 543 4051 enim
577 3998 630 4050 in
660 3995 951 4049 Dominum
975 3996 1238 4065 principes
1268 4012 1370 4049 non
1402 3995 1691 4066 blasphemi
1746 3996 1974 4051 fuerunt

398 4096 638 4152 tantum,
693 4088 789 4143 sed
842 4087 1197 4157 blasphemiae
1262 4102 1486 4142 causam
1544 4090 1757 4144 caeteris
1806 4089 1970 4143 etiam

400 4181 776 4251 praebuerunt.
829 4179 992 4235 Tales
1018 4179 1209 4248 igitur,
1242 4180 1443 4249 inquit,
1478 4179 1583 4248 ipsi
1617 4195 1712 4235 vos
1748 4183 1970 4249 plasti-

401 4274 567 4329 tistis.
596 4271 702 4326 Sed
730 4286 814 4325 me
847 4271 1078 4341 gentium
1100 4270 1326 4340 populus
1375 4271 1428 4324 in
1466 4272 1645 4326 locum
1705 4281 1974 4332 vestrum,

2067 1804 2162 1857 καὶ
2195 1804 2271 1867 ὼς
2294 1804 2481 1874 πάσης
2504 1804 2688 1866 αὐτοῖς
2710 1803 3063 1874 ἀνῃρημένης
3086 1800 3301 1864 ἐλπίδος
3326 1800 3654 1861 ὀλολυζόι·ο

2067 1913 2206 1960 των,
2235 1897 2435 1960 αὐτοὺς
2464 1897 2704 1949 αἰτιᾶται
2743 1896 2842 1965 τῆς
2867 1894 2975 1948 τῶν
3002 1895 3262 1965 ὑπηκόων
3279 1892 3555 1957 ἁλώσεως.
3573 1894 3651 1946 Οὐ

2067 1987 2176 2058 γὰρ
2216 1986 2561 2057 συνεχώρουν
2607 1988 2795 2050 αὐτοῖς
2840 1986 2918 2055 τῷ
2956 1986 3089 2057 πρὸς
3128 1986 3329 2049 αὐτοὺς
3360 1985 3652 2055 ἀφιγμένῳ

2070 2080 2355 2133 πιστεῦσαι
2411 2079 2645 2149 Σωτῆρι.
2685 2078 2825 2131 Ἀλλ’
2873 2078 2921 2131 οἱ
2972 2076 3175 2130 ἐθνικοὶ
3226 2076 3327 2147 τὴν
3364 2077 3465 2147 τῆς
3510 2077 3652 2131 ἁλω-

2071 2186 2210 2233 σεως
2236 2169 2557 2237 ἀγνοοῦντες
2591 2168 2791 2237 αἰτίαν,
2827 2168 3115 2232 ἀσθενείας
3151 2168 3241 2222 τδν
3272 2169 3480 2222 τούτων
3528 2166 3650 2240 ᾐτι-

2069 2261 2208 2313 ὦντο
2229 2259 2385 2326 Θεδν,
2408 2260 2484 2323 ὼς
2520 2260 2714 2323 σῶσαι,
2746 2259 2887 2313 κατὰ
2913 2260 3005 2312 τὸν
3038 2258 3314 2328 Ῥαψὰκου
3340 2257 3519 2325 λόγον,
3550 2260 3653 2311 αὑ-

2069 2352 2195 2414 τοὺς
2223 2353 2325 2405 οὐκ
2361 2351 2677 2421 ἰσχύσαντα.
2714 2352 2979 2413 Κάκεῖνος
3011 2352 3121 2422 γὰρ
3144 2352 3273 2420 ὑμῖν
3299 2351 3554 2420 ἐπῆλθεν,
3583 2353 3651 2404 οὐ

2069 2442 2135 2495 δι’
2174 2442 2314 2513 ἐμὴν
2357 2442 2664 2495 ἀσθένειαν.
2704 2441 3007 2513 Τοιγαροῦν
3039 2441 3052 2479 ¹
3087 2445 3119 2512 ὴ
3160 2441 3352 2495 τούτου
3388 2442 3644 2495 πέπτωκε

2070 2533 2321 2602 δύναμις,
2370 2532 2485 2587 ἀλλ’
2539 2532 2690 2603 ὑμῶν
2741 2532 3162 2604 ἡμαρτηκότων.
3212 2534 3335 2593 Ὀτι
3375 2532 3431 2586 δὲ
3472 2531 3646 2586 ταῦτα

2070 2626 2182 2688 τοῖς
2219 2625 2449 2695 ἄρχουσι
2485 2626 2819 2695 προσφωνεῖ,
2853 2625 2887 2693 ἡ
2923 2623 3030 2677 τῶν
3071 2622 3249 2677 ἄλλων
3298 2624 3648 2693 παρέστησεν

2072 2714 2300 2778 ἔκδυσις.
2348 2715 2405 2770 Ὀ
2442 2716 2540 2785 μὲν
2585 2701 3050 2785 γαρίΣύμμαχοςο
3083 2717 3150 2768 οι
3191 2712 3649 2779 ἐξουσιάζοντες

2072 2806 2278 2872 αὐτοῦ,
2308 2808 2497 2876 φησιν,
2538 2806 2954 2866 ὀλολύζουσιν.
3011 2807 3121 2861 Καὶ
3174 2805 3442 2870 Ἀκύλας,
3480 2806 3656 2870 ἐξοιν-

2075 2898 2403 2965 σιὰζοντες,
2445 2900 2505 2952 ’0
2534 2898 2592 2952 δὲ
2620 2898 2917 2952 Θεοδοτίων
2945 2897 3258 2966 ἄρχοντες.
3291 2899 3384 2952 Διὸ
3412 2898 3506 2952 καὶ
3537 2898 3655 2952 ἄνω

2001 3020 2044 3075 C
2076 2987 2259 3056 ἔλεγεν
2280 3004 2294 3017 ο
2323 2988 2485 3050 αὐτὸς
2523 2986 2724 3059 Κύριος
2752 2988 2832 3050 εἰς
2861 2986 3043 3057 κρίσιν
3069 2986 3189 3057 ἣξει
3221 2988 3361 3057 μετὰ
3388 2987 3493 3041 τῶν
3521 3004 3654 3058 πρε·

2080 3077 2352 3153 σϐυτέρων
2377 3079 2471 3134 τοῦ
2511 3077 2665 3143 λαοῦ,
2695 3080 2791 3133 καὶ
2833 3078 2971 3149 μετὰ
3005 3078 3112 3132 τῶν
3149 3079 3428 3150 ἀρχόντων
3462 3078 3654 3134 αὐτοῦ.

2077 3170 2239 3222 Αὐτοὶ
2272 3170 2379 3240 γὰρ
2426 3171 2715 3224 ἀνέσεισαν
2746 3170 2813 3225 τὰ
2847 3170 3028 3241 πλήθη
3057 3172 3179 3234 ταῖς
3217 3169 3359 3224 κατὰ
3401 3168 3495 3222 τοῦ
3536 3171 3662 3222 Σω-

2077 3261 2240 3333 τῆρος
2270 3264 2571 3335 κεχρῆσθαι
2595 3265 2822 3332 φωναῖς.
2854 3264 2967 3325 Διὸ,
2994 3262 3137 3316 κατὰ
3169 3262 3294 3326 τοὺς
3324 3261 3566 3325 λοιποὺς,
3592 3260 3662 3313 οὔ

2078 3354 2400 3424 πρόσκειται
2434 3356 2532 3426 τῷ,
2561 3356 2627 3409 τὸ
2648 3355 2834 3425 ὄνομα
2858 3374 2979 3426 μου
3003 3354 3475 3425 βλασφημεῖται,
3497 3353 3560 3407 τὸ
3586 3354 3657 3407 ἐν

2078 3443 2202 3510 τοῖς
2230 3443 2455 3499 ἔθνεσι.
2474 3444 2779 3516 Τοιγαροῦν
2813 3447 2842 3498 ὁ
2873 3444 3170 3517 Σύμμαχος
3190 3461 3351 3515 φησι·
3382 3444 3481 3497 Διὰ
3503 3459 3660 3496 παν-

2081 3532 2206 3599 τὸς,
2243 3532 2399 3602 ὅλην
2428 3533 2543 3602 τὴν
2571 3534 2801 3604 ἡμέραν
2830 3535 2894 3588 τὸ
2917 3533 3106 3603 ὄνομά
3126 3551 3244 3602 μου
3271 3532 3658 3601 βλασφημεῖ-

2080 3639 2195 3677 ται.
2233 3624 2348 3677 Ἀεὶ
2376 3624 2486 3694 γὰρ
2519 3629 2572 3680 ol
2604 3626 2895 3695 ἄρχοντες
2932 3616 3372 3695 ἐϐλασφήμοιῶ⁵
3400 3625 3508 3677 τὸν
3544 3625 3662 3678 lui-

2072 3733 2228 3785 ριον,
2263 3718 2506 3782 καὶτοῖς
2558 3720 2738 3784 ἄλλοις
2785 3720 3109 3776 ὑπέϐαλλον.
3164 3720 3307 3774 Ἀλλ’
3348 3721 3504 3790 ὑμεῖς
3558 3720 3661 3789 μὲν

2079 3806 2333 3862 τοιοῦτοι.
2373 3810 2425 3861 '0
2454 3810 2525 3874 ἐξ
2555 3809 2750 3865 ἐθνῶν
2787 3810 2846 3865 δὲ
2877 3809 3171 3878 λαὸς,ἀνθ’
3204 3811 3359 3880 ὑμῶν
3398 3826 3466 3880 με
3501 3808 3667 3873 δοξα-

2083 3913 2188 3961 σει,
2212 3898 2307 3951 τοῦ
2332 3899 2477 3968 ἐμοῦ
2504 3900 2798 3969 ὀνόματος
2827 3901 3094 3972 πειρατὴν
3117 3900 3350 3968 δύναμιν
3379 3898 3663 3967 ἐγνωκὼς,

2082 3988 2148 4059 ἢν
2176 3990 2277 4042 οὐκ
2305 3989 2505 4054 εἰδότες
2529 3991 2663 4044 αὐτὸ
2690 3992 3132 4062 βλασφημεῖτε.
3154 3992 3266 4045 Καὶ
3295 3990 3468 4044 ταῦτα
3502 3989 3664 4043 ἔσται

2082 4077 2157 4146 τῇ
2190 4079 2381 4149 ἡμέρᾳ
2426 4081 2632 4155 ἐκείνῃ,
2697 4083 2822 4136 καθ’
2853 4086 2918 4155 ἢν
2958 4082 3272 4152 ἀνθρώποις
3310 4083 3340 4134 ὁ
3368 4081 3540 4134 ταῦτα
3570 4080 3675 4133 διὰ

2082 4171 2191 4225 τῶν
2213 4172 2509 4244 προφητῶν
2539 4173 2717 4241 λέγων
2749 4174 3096 4245 ἐπιδημήσω.
3122 4173 3294 4227 Τοῦτο
3319 4172 3414 4227 καὶ
3449 4170 3669 4234 Παῦλος

2083 4265 2233 4333 λέγει
2256 4280 2272 4296 ⁸
2316 4282 2334 4316 ι
2372 4265 2707 4337 Πολυμερῶς
2743 4266 2836 4320 καὶ
2882 4265 3243 4337 πολυτρόπως
3268 4263 3436 4319 πάλαι
3461 4261 3495 4316 ’ὀ
3527 4261 3673 4325 Θεὸς

402 4364 489 4418 ubi
525 4362 750 4415 nominis
792 4362 893 4415 mei
928 4361 1089 4422 vires.
1137 4359 1284 4430 quod
1320 4360 1424 4430 ipsi
1474 4360 1794 4430 ignorantes
1832 4360 1971 4414 blas-

2084 4356 2323 4427 λαλήσας
2351 4359 2463 4420 τοῖς
2498 4358 2773 4429 πατράσιν
2804 4359 2863 4411 ἐν
2895 4358 3226 4430 προφήταις,
3274 4357 3360 4409 ἐπ’
3409 4355 3671 4425 ἐσχάτων

398 4455 667 4522 phematis
692 4495 706 4518 ,
739 4454 920 4522 reipsa
952 4451 1226 4516 didicerit,
1260 4452 1433 4521 gloria
1466 4451 1683 4506 aiilciet.
1716 4451 1847 4517 Qua:
1885 4452 1971 4505 illa

2090 4447 2199 4501 τῶν
2233 4449 2457 4520 ἡμερῶν
2479 4450 2685 4504 τούτων
2715 4451 2981 4519 ἐλάλησεν
3013 4451 3145 4520 ἡμῖν
3180 4450 3238 4501 ὲν
3272 4447 3406 4518 Υἱῷ.
3456 4468 3472 4499 ι

402 4555 516 4599 tum
542 4547 759 4600 demum
786 4546 871 4598 die
914 4543 1029 4599 ﬁeri
1060 4545 1360 4613 continget,
1392 4558 1516 4598 cum
1569 4545 1707 4614 ipse,
1746 4544 1840 4614 qui
1891 4558 1988 4613 per
2028 4541 2325 4612 prOphetas
2391 4542 2494 4598 ista
2528 4542 2815 4606 denuntio,
2884 4560 3010 4598 cum
3061 4543 3379 4598 hominibus
3427 4556 3678 4596 conver-

401 4641 586 4691 sabor.
621 4636 675 4690 ld
708 4621 888 4690 autem
930 4643 984 4691 et
1034 4634 1239 4690 Paulus
1292 4634 1578 4700 indicavit,
1612 4651 1735 4689 cum
1792 4636 1961 4690 Deum
2004 4633 2355 4687 multifariam
2384 4635 2679 4705 multisque
2709 4634 2890 4690 modis
2919 4635 3049 4689 olim
3100 4634 3349 4704 patribus
3418 4634 3471 4688 in
3528 4648 3671 4703 pro—

402 4730 600 4798 pltetis,
629 4728 723 4781 sed
756 4726 1085 4782 novisssime
1110 4725 1303 4781 diebus
1335 4725 1457 4781 istis
1488 4725 1540 4780 in
1568 4724 1708 4781 Filio
1740 4726 1982 4782 locutum
2008 4738 2130 4779 esse
2169 4723 2500 4795 significavit
2525 4724 2590 4777 “.

479 4906 643 4961 Vens.
683 4905 841 4961 6-15.
891 4904 1042 4960 Sicut
1074 4906 1206 4959 hara
1240 4919 1396 4972 super
1444 4915 1667 4971 montes,
1700 4907 1775 4959 sic
1824 4907 1981 4974 pedes

398 4999 876 5070 erangelizantium
921 4999 1165 5051 auditum
1194 4999 1365 5067 pacis,
1399 4999 1476 5051 sic
1515 4999 1604 5067 qui
1655 4998 1982 5068 evangelisat

404 5094 539 5146 bona
572 5092 752 5161 {quia
796 5090 1037 5144 auditam
1081 5091 1239 5158 faciet
1284 5090 1511 5144 salutem
1556 5102 1727 5152 tuam,
1763 5091 1980 5145 dicens:

402 5180 553 5244 Sion,
589 5178 829 5250 regnabit
852 5177 993 5234 Deus
1028 5187 1149 5232 tuus
1178 5178 1344 5247 :quia
1372 5193 1468 5231 vox
1496 5178 1907 5232 custodientium
1933 5188 1981 5232 te

401 5272 639 5324 ean/tata
680 5280 779 5336 est,
816 5278 864 5322 et
906 5287 1025 5325 voce
1070 5269 1231 5323 simul
1256 5268 1582 5323 lwtabuntur
1612 5285 1630 5322 :
1664 5269 1788 5337 quia
1834 5269 1979 5321 oculi

500 5446 549 5478 ”
581 5448 684 5502 lsa.
713 5464 838 5513 uv,
876 5450 959 5504 12.
1058 5448 1101 5483 δ’
1147 5449 1310 5505 Hebr.
1348 5448 1464 5515 1,1.

2161 4903 2306 4968 ζ-ιε’.
2355 4906 2451 4971 Ὠς
2479 4904 2600 4973 ὥρα
2642 4906 2740 4959 ἐπὶ
2774 4904 2891 4959 τῶν
2922 4905 3124 4973 ὀρέων,
3156 4904 3234 4969 ὡς
3263 4902 3445 4968 πόδες
3487 4905 3685 4974 εὐαγ-

2088 4995 2479 5068 γελιζομένων
2516 4998 2710 5065 ἀκοὴν
2738 4997 3004 5066 εἰρήνης,
3034 4997 3114 5061 ὠς
3141 4993 3684 5063 εὐαγγελιζόμενος

2087 5085 2301 5156 ἁγαΊά.
2351 5088 2481 5141 Ὅτι
2528 5089 2844 5156 ἀκουστὴν
2893 5087 3139 5155 ποιήσει·
3190 5084 3305 5153 τὴν
3360 5087 3687 5152 σωτηρίαν·

2088 5194 2204 5233 σου
2238 5180 2451 5247 λέγων·
2489 5180 2661 5245 Σιὼν,
2707 5182 3072 5248 βασιλεύσει
3114 5194 3232 5234 σου
3269 5181 3303 5232 ό
3339 5179 3501 5244 Θεός.
3527 5179 3683 5233 'Urs

2087 5271 2255 5339 φωνὴ
2288 5271 2406 5325 τῶν
2424 5277 2873 5341 φυλασσόντων
2898 5290 2971 5329 σε
2994 5270 3229 5342 ὑψώθη,
3267 5268 3364 5326 καὶ
3397 5264 3470 5338 fil
3491 5269 3685 5340 φά)νῆ

1710 5537 1946 5595 ἻΑΒΙΕ
2003 5537 2403 5596 LECTIONES.

480 5623 494 5665 ³
537 5631 596 5681 .1.
637 5629 751 5698 οὐχ.
