3976 6220
349 286 493 353 2509

1445 276 1973 342 COMMENTARII
2013 277 2093 337 IN
2135 276 2423 338 ISAIAM.
2524 316 2539 334 .

3457 271 3595 339 251‘)

361 402 482 472 ἅμα
511 396 1056 469 εὐφρανθήσονται,
1087 397 1179 450 ὅτι
1212 395 1506 466 ὀφθαλμοὶ
1529 396 1676 465 πρὸς
1710 396 1929 464 ὀφθαλ-

2048 390 2101 444 ui
2128 392 2306 445 oculos
2328 387 2595 452 videbunt,
2633 383 2843 456 quando
2871 385 3113 440 misertus
3143 385 3303 455 fuerit
3342 383 3597 440 Domina:

344 493 502 564 ιιοὺς
554 491 829 560 ὄψονται,
892 488 1077 554 ἡνίκα
1130 488 1207 542 ἂν
1258 486 1485 555 ἐλεήσῃ
1540 487 1753 555 Κύριος
1812 484 1926 553 τὴν

351 584 528 648 Σιὼν,
569 601 622 637 κ.
659 599 710 636 τ.
743 582 793 634 λ.

423 674 532 728 Τοῦ
585 671 720 726 Θεοῦ
763 670 937 739 Λόγου
986 670 1084 742 τὴν
1134 671 1215 733 εἰς
1262 668 1584 739 ἀνθρώπους
1628 667 1926 738 ἐπιδημίαν

354 766 546 825 εἰπὼν,
575 762 886 822 ἀκολούθως
910 762 981 815 τὰ
1010 761 1243 832 περὶτοῦ
1269 757 1628 826 εὐαγγελικοῦ
1659 760 1923 812 συνάπτει

352 855 727 928 κηρύγματος.
771 853 828 906 Ὁ
854 853 912 914 δὲ
944 851 1239 926 Σύμμαχος
1267 850 1442 912 οῦτως
1462 849 1714 914 ἐξέδωκεο
1743 849 1804 902 Τί
1828 850 1927 902 εὐ-

354 942 600 1013 πρεπεῖς
649 941 748 995 ἐπὶ
792 938 910 993 τῶν
961 938 1143 1008 ὀρέων
1178 938 1360 1005 πόδες
1406 935 1928 1007 εὐαγγελιζομένου

353 1033 548 1101 ἀκοὴν
559 1030 878 1095 ποιοῦντος
895 1027 1162 1096 εἰρήνην,
1181 1024 1708 1097 εὐαγγελιζομένου
1737 1024 1930 1094 ἀγαθὰ

354 1124 671 1189 ἀκουστὴν
698 1121 1022 1186 ποιοῦντος
1049 1121 1376 1187 σωτηρίαν,
1410 1118 1446 1173 ὃ.
1475 1118 1539 1188 δὴ
1571 1118 1929 1188 μεταφράσας

356 1222 416 1273 ἐν
435 1220 501 1287 τῇ
542 1215 677 1287 πρὸς
713 1214 1015 1284 Ῥωμαίους
1044 1215 1072 1266 ὁ
1105 1212 1319 1276 Παῦλός
1344 1228 1528 1282 φησιν*
1561 1231 1579 1263 ι
1619 1213 1707 1273 Ὠς
1739 1210 1929 1281 ὡραῖοι

355 1309 406 1362 oi
436 1306 597 1368 πόδες
640 1303 749 1358 τῶν
784 1302 1293 1372 εὐαγγελιζομένων
1335 1301 1538 1370 ἀγαθὰ,
1578 1298 1930 1368 εὐαγγελιζο-

2028 479 2154 535 Sion
2171 519 2186 544 ,
2230 488 2338 534 etc.

2099 667 2261 738 590
2292 665 2588 735 Postquam
2615 663 2682 718 de
2709 662 2873 717 Verbi
2902 661 2996 718 Dei
3027 660 3094 716 ad
3130 660 3382 718 homines
3413 674 3602 715 acces-

2029 758 2397 821 sudisseruit,
2421 753 2739 822 ordinejam
2757 753 2825 808 de
2856 751 3135 820 Evangelii
3171 751 3449 820 przeconio
3481 766 3603 805 ser-

2028 863 2243 903 monem
2285 846 2494 914 adjicit.
2517 844 2610 898 Sic
2633 852 2814 897 autem
2840 842 3008 895 vertit
3030 839 3393 910 Symmachus
3421 858 3435 893 :
3464 839 3604 904 Qu’d

2028 941 2233 1011 pulchri
2246 940 2299 992 in
2314 937 2575 991 montibus
2593 936 2743 1004 pedes
2760 933 2872 1001 ejus
2886 934 2975 1001 qui
2991 933 3315 1003 euangelisat
3337 932 3603 996 auditum,

2029 1033 2119 1103 qui
2142 1031 2267 1100 facit
2292 1045 2505 1097 pacem;
2527 1029 2617 1097 qui
2641 1025 2919 1080 annuntiat
2946 1022 3118 1087 bona;
3141 1024 3228 1092 qui
3251 1023 3494 1077 auditam
3521 1024 3609 1091 {a-

2031 1124 2102 1175 cit
2126 1120 2392 1175 salutem?
2415 1118 2547 1185 Quae
2566 1127 2715 1171 certe
2734 1114 2977 1185 Epistola
3004 1114 3070 1166 ad
3092 1113 3372 1168 Romanos
3405 1113 3609 1167 Paulus

2032 1213 2420 1280 interpretatus
2445 1210 2521 1262 ait
2548 1227 2562 1263 :
2591 1229 2607 1261 ι
2636 1207 2809 1273 Quam
2843 1203 3076 1273 speciosi
3101 1212 3231 1256 sunt
3257 1203 3418 1271 pedes
3440 1220 3609 1257 cvan-

2033 1303 2380 1373 gelizantium
2428 1296 3093 1367 bona,cvangelizantium
3142 1309 3329 1362 parem
3366 1294 3435 1347 ιιι
3464 1316 3479 1344 ι
3504 1295 3611 1348 Sed

360 1398 536 1469 μένων
560 1398 809 1482 εἰρήνηνι
827 1413 847 1447 ι
885 1394 1032 1448 Ἀντί
1052 1394 1107 1446 δὲ
1142 1392 1235 1445 τοῦ
1258 1394 1581 1460 σωτηρίαν,
1605 1394 1638 1462 ἡ
1667 1388 1932 1465 Ἐϐραῖκὴ

2048 1405 2114 1448 ro
2133 1393 2399 1446 vocabulo
2420 1391 2667 1451 salutem,
2688 1386 2872 1441 Jesum
2916 1386 3079 1440 habet
3122 1385 3385 1439 Hebraica
3410 1385 3569 1440 lectio
3595 1405 3607 1440 :

356 1489 503 1565 λέξις
538 1487 783 1552 Ἰησοῦν
815 1486 1082 1556 περιέχει.
1115 1484 1226 1538 Καὶ
1261 1485 1310 1537 εἰ
1337 1485 1411 1554 μὴ
1441 1484 1539 1554 τὴν
1583 1483 1726 1549 λέξιν
1758 1482 1932 1553 ἑρμή-

367 1595 575 1644 ιευσαν,
601 1578 754 1630 οὐδὲν
789 1577 855 1630 ἂν
888 1575 1162 1629 ἐκώλυσεν
1194 1577 1420 1642 αὐτους
1458 1574 1648 1629 εἰπεῖν
1688 1573 1932 1630 ἀκουτί-

354 1669 563 1736 ξοντος
598 1667 857 1736 Ἰησοῦν.
896 1666 1039 1721 Ἀνθ’
1066 1661 1127 1721 οὗ
1154 1663 1308 1719 εἶπεν
1344 1666 1576 1729 ’Δκύλας
1613 1665 1709 1719 καὶ
1740 1664 1932 1718 Θεοδο-

2033 1500 2207 1554 neque
2232 1500 2324 1538 eos
2352 1483 2669 1552 quidquam,
2696 1480 2802 1533 nisi
2831 1479 2936 1530 vim
2979 1476 3218 1531 nominis
3239 1475 3610 1545 explicarent,

2033 1578 2167 1647 ejus,
2192 1576 2279 1645 qui
2307 1573 2490 1627 Jesum
2524 1572 2703 1625 audiri
2726 1568 2858 1639 facit
2887 1569 3074 1622 dicere
3118 1568 3487 1638 prohibebat,
3515 1582 3614 1636 pro

2034 1683 2163 1738 quo,
2195 1667 2332 1736 ejus,
2364 1666 2452 1736 qui
2480 1664 2705 1718 salutent
2732 1662 2914 1715 audiri
2946 1662 3099 1730 facit,
3119 1660 3346 1730 Aquilus
3380 1668 3432 1714 et
3456 1658 3615 1731 Sym-

359 1759 490 1814 τίων
536 1756 959 1824 ἀκουτίζοντος
1011 1757 1336 1823 σωτηρίαν.
1398 1756 1545 1808 Ἀντί.
1590 1755 1651 1808 δὲ
1690 1754 1810 1819 τοῦ,
1856 1754 1936 1819 ὡς

2048 1758 2268 1813 machus
2307 1757 2763 1825 interpretantur.
2796 1751 2998 1807 Verum
3031 1766 3141 1821 quo
3169 1751 3291 1805 loco
3319 1751 3456 1804 sicut
3484 1752 3618 1807 liora
3690 1818 3693 1827 λ

358 1849 508 1917 ὥρα·
565 1852 593 1904 ό
619 1849 715 1919 μὲν
744 1838 917 1913 εἶπεν,
952 1848 1010 1900 τί
1024 1848 1431 1916 ὡραιώθησαν.
1450 1847 1507 1901 Ὀ
1537 1847 1594 1900 δὲ
1618 1846 1935 1912 Θεοδοτίων,

356 1941 696 2009 εὐπρεπεῖς.
726 1940 830 1992 Τὸν
853 1939 1053 2009 δρόμον
1078 1939 1135 1992 δὲ
1156 1940 1248 1992 τὸν
1273 1938 1545 2009 πανταχοῦ
1576 1939 1679 2009 γῆς
1706 1938 1812 1992 τῶν
1840 1935 1934 1989 τοῦ

359 2031 693 2099 Εὐαγγελίου
726 2028 983 2099 κηρύκων
1005 2031 1034 2081 ὁ
1061 2029 1217 2097 λόγος
1248 2028 1539 2094 θαυμάζει,
1569 2023 1643 2082 ὧν
1669 2031 1723 2083 oi
1751 2027 1935 2093 πόδες

354 2123 581 2191 ὡραῖοι,
617 2119 704 2173 διὰ
732 2121 793 2173 τὸ
827 2118 1091 2190 καθαρὸν,
1121 2119 1196 2183 ὡς
1234 2120 1299 2173 ἂν
1328 2119 1423 2173 τοῦ
1455 2120 1707 2191 Σωτῆρος
1739 2120 1936 2183 αὐτοὺς

355 2212 756 2281 ἀνπονίψαντος
780 2222 843 2264 ω.
858 2211 931 2262 Τὸ
955 2209 1159 2280 ὑψηλὸν
1178 2210 1233 2264 δὲ
1262 2211 1440 2264 αὐτῶν
1464 2211 1558 2263 τοῦ
1583 2212 1937 2281 κηρύγματος

360 2303 422 2356 τὸ
452 2301 546 2354 ἐπὶ
571 2298 692 2353 τῶν
712 2298 897 2369 ὀρέων
920 2298 1091 2368 δηλοῖ.
1125 2298 1236 2368 Τὴν
1268 2300 1403 2370 πρὸς
1435 2298 1568 2352 Θεὸν
1600 2299 1656 2353 δὲ
1679 2303 1792 2361 τοῖς
1834 2316 1938 2368 μα-

360 2393 502 2466 κρὰν
536 2388 655 2445 καὶί
685 2395 798 2455 τοῖς
840 2391 1009 2460 ἐγγὺς
1039 2389 1290 2459 εἰρήνην
1321 2388 1798 2460 εὐηγγελίζοντο,
1840 2389 1938 2460 δη-

362 2485 580 2547 λοῦντες
600 2485 691 2536 τὸν
714 2484 952 2553 Χριστὸν
976 2483 1068 2537 τὸν
1097 2484 1399 2554 ποιήσαντα
1427 2483 1710 2553 ἀμφότερα
1732 2483 1812 2547 ἒν,
1845 2485 1939 2535 καὶ

363 2576 425 2630 τὸ
461 2575 778 2646 μεσότοιχον
810 2573 905 2627 τοῦ
934 2574 1195 2645 φραγμοῦ
1224 2573 1486 2637 λύσαντα,
1518 2574 1616 2645 τὴν
1648 2573 1847 2645 ἔχθραν
1880 2574 1939 2626 ἐν

361 2670 430 2737 τῇ
468 2666 633 2735 σαρκὶ
661 2664 849 2720 αὐτοῦ.
880 2665 972 2728 Διὸ
1011 2667 1134 2728 ταῖς
1154 2665 1508 2735 Ἐκκλησίαις
1551 2664 1877 2719 ἐπιστέλλων
1909 2666 1947 2718 ἁ

364 2754 601 2819 Παῦλος,
641 2755 796 2826 χάρις
822 2755 951 2824 ὑμῖν
981 2756 1077 2808 καὶ
1107 2756 1300 2827 εἰρήνη
1343 2758 1565 2826 γράφει.
1608 2759 1935 2827 Eum-rell-

363 2845 534 2908 ζοντο
579 2846 636 2899 δὲ
684 2846 779 2899 καὶ
810 2846 883 2900 τὰ
909 2846 1080 2911 ὅντως
1133 2847 1346 2916 ἀγαθὰ,
1371 2851 1500 2911 τοὺς
1557 2849 1939 2920 μακαρισμούς

364 2938 851 3007 καταγγέλλοντες.
899 2939 1124 3006 Ἔλεγεν
1144 2938 1201 2991 δὲ
1241 2939 1303 2992 τὸ
1346 2940 1610 3011 κήρυγμα
1638 2938 1716 3009 τῇ
1763 2940 1935 3005 Σιὼν,

2039 1850 2327 1911 habemus,
2348 1848 2438 1902 ille
2454 1848 2697 1916 quidem,
2720 1844 2845 1914 quid
2864 1841 3070 1912 pulchri
3093 1841 3224 1910 [acti
3247 1850 3367 1894 sunt
3390 1844 3415 1896 ?
3434 1840 3617 1896 Theo-

2038 1937 2188 1993 dotio
2229 1945 2410 1993 autem
2480 1937 2703 1998 venusti,
2747 1931 3133 1985 reddiderunt.
3160 1929 3392 1984 Miratur
3420 1930 3619 1986 deinde

2038 2030 2094 2084 in
2129 2042 2490 2099 quascunque
2513 2033 2701 2080 terras
2726 2022 3013 2091 Evangelii
3043 2037 3324 2092 praecones
3359 2023 3617 2092 abierint,

2038 2121 2242 2177 ibidem
2267 2118 2486 2173 auditos
2510 2132 2633 2173 esse
2670 2136 2683 2171 :
2710 2100 3017 2185 horumque
3044 2115 3198 2183 pedes
3230 2112 3352 2169 ideo
3368 2115 3618 2183 pulchros

2038 2211 2352 2283 appellavit,
2390 2219 2449 2264 ut
2489 2225 2632 2280 quos
2655 2207 2910 2263 Salvator
2931 2206 3221 2269 abluisset,
3244 2208 3482 2259 mundos
3499 2221 3620 2260 esse

2039 2305 2379 2376 signiﬁcaret
2401 2301 2446 2335 ⁸³
2480 2320 2493 2356 :
2522 2317 2631 2356 non
2659 2300 2819 2354 aliter
2845 2312 3011 2368 quam
3049 2312 3145 2365 per
3175 2304 3402 2360 montes,
3441 2296 3619 2366 ipsam

2040 2393 2465 2466 pra‘dicationis
2491 2390 2911 2467 sublimitatem.
2949 2387 3136 2441 Pacem
3164 2401 3296 2441 vero
3342 2401 3466 2441 cum
3507 2385 3621 2441 Deo

2042 2501 2151 2540 non
2199 2484 2397 2539 vicinis
2436 2491 2652 2537 tantum
2677 2520 2691 2545 ,
2749 2480 2842 2535 sed
2883 2477 3110 2532 remotis
3151 2475 3316 2529 etiam
3364 2476 3620 2547 gentibus

2039 2574 2603 2646 euangelizabant,qui
2623 2571 2905 2628 Christum
2956 2569 3230 2627 docebant
3256 2587 3272 2637 ;
3294 2584 3322 2621 ει
3350 2584 3483 2640 quo,
3505 2585 3622 2624 ma-

2041 2671 2209 2724 ceriae
2252 2668 2574 2733 interstitio,
2620 2665 2857 2735 odioque
2898 2663 3018 2734 ipso
3059 2678 3157 2734 per
3192 2677 3417 2718 carnem
3463 2678 3618 2718 suam

2041 2762 2297 2826 sublatis,
2334 2770 2564 2828 utraque
2595 2771 2764 2813 unum
2797 2754 2991 2812 etl‘eeta
3028 2763 3189 2823 sunt;
3215 2756 3361 2813 unde
3390 2753 3618 2809 Paulum

2043 2853 2247 2925 ipsum,
2280 2866 2403 2907 cum
2443 2850 2509 2904 ad
2554 2845 2830 2904 Ecclesias
2886 2845 3100 2911 scribit,
3148 2845 3383 2915 gratiam
3432 2844 3541 2899 illis
3565 2852 3620 2896 ιιι

2043 2962 2233 3018 pacem
2263 2944 2474 3016 precari
2495 2941 2744 2998 videmus
2771 2939 2838 2994 “.
2862 2938 3311 3009 Erangelizabant
3341 2938 3467 2993 item
3486 2937 3622 2991 bona

363 3027 568 3103 δηλαδὴ
593 3026 671 3098 τῷ
712 3027 956 3082 θεοσεϐεῖ
987 3028 1363 3102 πολιτεύματι,
1409 3029 1487 3101 τῷ
1537 3048 1598 3083 τε
1647 3032 1756 3086 τῶν
1802 3034 1937 3087 ἀπο-

2048 3052 2237 3092 revcra
2259 3076 2274 3101 ,
2293 3050 2418 3091 cum
2454 3031 2828 3088 beatitudines
2850 3030 3271 3113 denumiabant.
3297 3026 3455 3099 591
3494 3027 3625 3081 Erat

371 3120 572 3174 στόλων
602 3120 768 3192 χορῷ,
818 3121 1189 3187 βασιλεύσει
1241 3138 1358 3179 σου
1402 3127 1435 3178 ό
1485 3124 1649 3191 Θεός.
1698 3125 1793 3179 Διὸ
1843 3124 1942 3198 τὴν

364 3211 698 3277 βασιλειαν
741 3213 850 3268 τῶν
898 3214 1143 3285 οὐρανῶν
1174 3216 1341 3271 πᾶσιν
1387 3214 1699 3286 ἀνθρώποις
1741 3219 1948 3287 κατήγο

372 3302 579 3370 γελλον.

445 3566 601 3621 Κατὰ
630 3567 688 3621 δὲ
722 3567 823 3640 τὴν
849 3568 1064 3624 ἔκδοσιν
1114 3571 1222 3624 τῶν
1271 3570 1699 3640 Ἑϐδομήκοντα,
1749 3570 1829 3635 τὸ,
1869 3570 1951 3635 ὠς

368 3657 495 3727 ὥρα
514 3658 616 3712 ἐπὶ
646 3658 765 3715 τῶν
787 3660 990 3729 ὀρέων,
1022 3661 1315 3715 ἀποδοτέον
1356 3664 1467 3725 τοῖς
1502 3661 1609 3731 πρὸ
1639 3661 1827 3724 αὐτοῦ,
1862 3660 1951 3714 ἵνα

373 3750 436 3824 ᾗ·
462 3752 634 3815 Αὐτὸς
660 3753 688 3807 ὁ
709 3753 887 3807 λαλῶν
917 3755 1169 3825 πάρειμι,
1200 3754 1279 3820 ὠς
1315 3754 1436 3821 ὥρα
1466 3754 1565 3807 ἐπὶ
1595 3752 1715 3807 τῶν
1743 3754 1948 3822 ὀρέων.

376 3845 559 3911 Ὥραν
580 3844 635 3897 δέ
671 3861 804 3915 φησι
837 3845 897 3900 τὸ
927 3846 1050 3916 ἔαρ,
1082 3847 1141 3898 ἐν
1172 3838 1216 3914 ᾧ
1249 3845 1385 3916 ἄνθη
1420 3863 1480 3900 τε
1519 3846 1652 3910 νέα,
1688 3846 1782 3899 καὶ
1816 3862 1952 3915 καρ-

376 3934 494 3988 πῶν
546 3936 724 4005 γοναί.
771 3938 862 3990 Διὸ
892 3939 985 3991 καὶ
1032 3940 1061 3991 ὁ
1111 3938 1365 4008 Νυμφίας
1406 3937 1543 4010 πρὸς
1577 3939 1676 4007 τὴν
1713 3937 1953 4009 Νύμφην

324 4064 329 4067 -
375 4028 574 4096 φησιν’
607 4027 905 4101 «Ἀνάστα,
932 4028 1079 4095 etet,
1134 4028 1433 4100 ήπλησίον
1484 4047 1608 4100 μου,
1657 4030 1795 4100 καλή
1852 4047 1953 4101 μου

374 4118 698 4190 περιστερὰ,
745 4120 828 4173 ὅτι
879 4120 988 4175 ίδοὺ
1038 4122 1067 4174 ὀ
1099 4120 1312 4192 χειμὼν
1361 4122 1675 4194 παρῆλθεν·
1716 4124 1746 4175 ὁ
1795 4122 1950 4185 ὐετὺς

376 4208 682 4279 παρῆλθεν⁴
708 4211 1197 4284 ἐπορεύθηζὲαυτῷ.
1226 4213 1308 4268 Τὰ
1336 4214 1473 4286 ἄνθη
1498 4212 1655 4285 ὤφθη
1688 4217 1745 4268 ὲν
1760 4217 1826 4286 τῇ
1855 4216 1947 4287 γῇ,

375 4298 565 4369 καιρὸς
598 4300 700 4370 τῆς
727 4302 900 4371 τομῆς
930 4301 1184 4372 ἔφθασεν.
1215 4322 1235 4355 ι
1274 4305 1382 4358 Καὶ
1422 4307 1572 4377 ἡμᾶς
1603 4306 1710 4377 γὰρ
1740 4309 1773 4360 ό
1809 4304 1951 4373 δρά-

2049 3140 2181 3179 vero
2235 3136 2426 3177 eorum
2480 3122 2547 3176 ad
2592 3120 2828 3183 Sionem,
2886 3119 2936 3173 id
2961 3126 3046 3173 est
3087 3119 3154 3173 ad
3188 3132 3309 3183 eos,
3343 3118 3437 3187 qui
3475 3118 3622 3186 pinu:

2049 3191 2177 3268 vita:
2206 3213 2520 3268 institutum
2549 3209 2785 3279 amplexi
2817 3216 2998 3271 erant,
3037 3216 3095 3264 et
3128 3207 3196 3262 ad
3239 3208 3419 3277 ipsum
3461 3207 3622 3262 etiam

2052 3306 2425 3375 apostolorum
2475 3302 2730 3364 chorum,
2763 3300 2816 3352 in
2880 3301 2994 3354 haec
3052 3298 3218 3353 verba
3271 3298 3625 3369 praedicatio.

2052 3391 2309 3463 Regnabit
2351 3389 2495 3444 Deus
2543 3400 2685 3442 tuus.
2722 3386 2876 3442 Unde
2925 3395 2981 3441 et
3032 3386 3133 3456 ipsi
3190 3403 3409 3457 regnum
3459 3388 3630 3443 emto-

2051 3497 2175 3536 rum
2206 3483 2423 3537 cunctis
2454 3478 2786 3535 mortalibus
2812 3478 3239 3532 annuntiabant.

2124 3572 2284 3639 Quod
2303 3574 2346 3627 si
2372 3572 2439 3625 ad
2465 3556 2826 3641 Septuaginta
2849 3569 3115 3636 attendis,
3137 3569 3306 3624 verba
3332 3569 3460 3635 ista,
3492 3571 3627 3625 sicut

2052 3664 2185 3718 hora
2209 3665 2262 3716 in
2289 3662 2579 3727 montibus,
2610 3661 2677 3716 ad
2718 3674 2835 3727 eos,
2876 3661 2969 3729 qui
2998 3661 3176 3730 ipsum
3203 3671 3630 3731 prmcesserunt.

2053 3758 2129 3810 ita
2164 3753 2453 3810 referenda
2481 3761 2629 3818 sunt,
2652 3760 2711 3807 ut
2728 3768 2811 3817 se,
2839 3753 2934 3822 qui
2964 3753 3240 3823 loquatur,
3258 3762 3513 3823 tanquam
3538 3756 3633 3811 Ito-

2055 3863 2174 3900 ram
2242 3846 2295 3899 in
2358 3844 2625 3899 montibus
2678 3842 2906 3909 adesse,
2949 3844 3180 3915 ipsoque
3226 3844 3372 3902 liora:
3414 3849 3632 3903 nomine

2053 3954 2244 3994 verum
2260 3949 2495 4009 tempus,
2511 3952 2539 3989 a
2563 3951 2674 4006 quo
2692 3935 2886 3990 norum
2912 3936 3308 4005 fructuumque
3332 3954 3526 3995 recens
3546 3939 3631 3993 in—

2055 4030 2191 4100 cipit
2222 4030 2413 4090 editio,
2448 4027 2832 4083 demonstrare
2851 4027 3151 4097 signiﬁcet.
3186 4026 3320 4082 llinc
3341 4030 3435 4083 illa
3463 4030 3630 4084 etiam

2056 4116 2256 4187 Sponsi
2291 4117 2358 4171 ad
2394 4115 2664 4186 Sponsam
2697 4115 2863 4169 verba
2892 4131 2906 4169 :
2934 4132 2952 4165 ι
2989 4115 3188 4184 Surge,
3227 4116 3348 4169 veni
3391 4130 3512 4185 qtae
3546 4130 3633 4170 me

2054 4223 2224 4278 prope
2257 4223 2337 4272 es,
2375 4206 2606 4277 pulchra
2637 4212 2819 4260 turtur
2857 4219 2999 4270 mea,
3023 4204 3285 4274 quoniam
3310 4219 3440 4259 ecce
3459 4205 3634 4258 hiems

2054 4299 2300 4364 transiit,
2336 4299 2512 4352 imber
2527 4297 2663 4351 abiit
2682 4305 2738 4352 et
2768 4296 2997 4352 recessit
3023 4295 3153 4362 sibi,
3182 4295 3342 4351 ﬂores
3372 4312 3640 4366 apparue-

374 4405 499 4442 κων
519 4392 949 4461 καταχειμάσας,
979 4393 1261 4464 ἀκάρπους
1283 4395 1582 4466 ἀπέφηνεν,
1612 4396 1688 4460 ὡς
1717 4395 1792 4468 μὴ
1814 4393 1941 4449 εἶναι

2059 4398 2189 4443 runt
2231 4390 2287 4443 in
2321 4397 2467 4444 terra
2492 4404 2525 4465 ;l
2544 4398 2761 4456 tempus
2808 4387 3109 4460 putationis
3156 4388 3376 4442 advenit
3408 4389 3474 4443 ⁸⁵.
3505 4409 3523 4440 ι
3573 4390 3630 4445 in

376 4477 634 4534 ποιοῦντα
672 4483 1040 4554 χρηστότητα.
1078 4485 1222 4538 Ἀλλ’
1266 4487 1698 4557 ἁνεθὰλομενμὲν
1734 4488 1955 4560 Χριστῷ

372 4574 754 4645 πνευματικῆς
789 4577 1097 4648 εὐκαρπίας
1141 4581 1425 4652 γενόμενοι
1456 4580 1707 4653 πλήρεις,
1746 4581 1823 4646 ὡς
1862 4582 1957 4635 καὶ

371 4662 634 4718 δύνασθαι
688 4665 903 4736 λέγειν’
963 4688 983 4720 ι
1019 4671 1331 4744 Καταϐἡτω
1366 4676 1394 4727 ό
1432 4672 1661 4744 ἀδελφός
1715 4690 1817 4744 μου
1876 4675 1957 4736 είς

373 4757 553 4826 κῆπον
575 4757 764 4823 αὐτοῦ,
789 4761 883 4813 καὶ
910 4764 1130 4831 φαγέτω
1147 4765 1358 4837 καρπὸν
1382 4764 1698 4837 ἀκροδρύων
1721 4764 1907 4819 αὐτοῦ.
1929 4785 1948 4816 ι

372 4844 601 4913 Γέγονε
627 4845 683 4899 δὲ
709 4848 814 4904 real
842 4851 923 4918 ὡς
961 4852 1147 4920 πόδες
1194 4854 1727 4925 εὐαγγελιζομένου
1758 4854 1956 4923 ἀκοὴν

371 4934 639 5002 simi-mc,
677 4940 819 4993 κατὰ
850 4942 949 5013 τὴν
977 4944 1441 5016 προαποδοθεῖσαν
1474 4948 1759 5017 ἐξήγησιν.
1789 4944 1951 5007 Τινὲς

371 5024 429 5077 δὲ
455 5024 518 5078 τὸ
546 5027 721 5098 παρὸν
754 5031 920 5101 ῥητὸν
951 5032 1124 5098 οὓτως
1177 5036 1522 5106 ἑρμήνευσαν
1560 5036 1836 5105 λέγοντες,
1876 5035 1952 5098 ὡς

373 5114 476 5185 τὴν
505 5116 797 5190 ἐπίσκεψιν
831 5118 924 5177 τοῦ
956 5124 1087 5179 λαοῦ
1120 5125 1221 5199 τὴν
1247 5128 1305 5179 ὲν
1335 5128 1448 5191 τοῖς
1490 5126 1626 5198 μετὰ
1659 5125 1832 5180 ταῦτα
1864 5141 1955 5193 γει

373 5207 607 5278 νομένην
637 5210 812 5282 δηλοῖ,
860 5215 981 5285 ἥτις
1023 5217 1119 5271 καὶ
1173 5218 1443 5290 παρουσία
1491 5218 1719 5282 δικαίως
1752 5218 1819 5270 ἂν
1866 5217 1954 5270 λέ-

373 5313 524 5365 γοιτο
544 5316 558 5332 ο
590 5303 653 5355 οὐ
686 5303 789 5372 τῆς
819 5307 1007 5371 οὐσίας
1038 5308 1201 5362 αὐτοῦ
1241 5310 1406 5364 τόπον
1433 5312 1498 5364 ἐκ
1528 5310 1695 5364 τόπου
1732 5309 1953 5381 μετιού-

364 5490 450 5547 ,νι,
483 5481 537 5539 Ι.

445 5408 680 5500 “.Rom.
724 5436 781 5485 κ,
819 5419 907 5476 15.
981 5423 1028 5456 υ
1060 5420 1479 5492 Joan.xm,10.
1558 5427 1602 5460 ”
1648 5426 1667 5478 l
1711 5424 1841 5480 Cor.
1895 5440 1941 5500 ι,

2140 5416 2185 5446 ⁸³
2218 5412 2380 5468 Cant.
2434 5428 2494 5477 tt,
2542 5408 2719 5463 10-12.

2058 4496 2159 4536 nos
2188 4480 2334 4536 enim
2367 4494 2492 4534 cum
2522 4477 2685 4533 draco
2724 4481 2861 4549 ipse,
2899 4488 3160 4550 tanquam
3208 4480 3383 4535 hiems
3414 4495 3629 4551 aspera,

2058 4578 2397 4640 desaevisset,
2445 4576 2517 4630 ita
2559 4574 2774 4632 steriles
2809 4572 3011 4638 eﬂ‘ecit,
3044 4583 3101 4627 ut
3130 4573 3226 4643 qui
3263 4573 3396 4627 bene
3424 4584 3629 4645 ageret,

2060 4667 2247 4723 nullus
2279 4675 2531 4736 repertus
2564 4666 2635 4722 sit
2671 4666 2739 4720 δ’.
2776 4664 2881 4719 δοῦ
2912 4667 2984 4718 ita
3018 4665 3119 4737 ipsi
3146 4666 3199 4719 in
3225 4663 3448 4721 Christo
3478 4665 3632 4722 reﬂo-

2054 4761 2289 4824 ruimus,
2324 4767 2384 4813 ut
2426 4758 2700 4830 spirituali
2749 4755 3033 4811 fructuum
3092 4758 3349 4813 ubertate
3399 4757 3584 4814 referti
3615 4799 3633 4825 ,

2064 4867 2082 4900 ι
2113 4848 2417 4904 Descendat
2439 4849 2607 4909 frater
2625 4862 2778 4902 meus
2806 4847 2860 4901 in
2887 4847 3102 4902 hortum
3122 4849 3263 4915 eius,
3296 4858 3351 4903 ct
3381 4850 3638 4906 comedat

2057 4934 2299 4990 fructum
2346 4935 2607 4989 arborum
2665 4936 2839 5004 ipsius
2883 4936 2950 4998 ν’,
3015 4954 3033 4986 ι
3092 4935 3277 4991 dicere
3329 4939 3629 4993 valeamus.

2063 5028 2189 5083 Fuit
2218 5041 2348 5082 vero
2378 5027 2543 5081 etiam
2576 5036 2827 5098 tanquam
2849 5025 3003 5095 pedes
3032 5020 3512 5095 evangeliaantiurit
3533 5044 3633 5080 au-

2060 5123 2231 5177 ditum
2265 5121 2435 5190 pacis,
2470 5118 2515 5173 si
2550 5134 2670 5188 qum
2711 5119 2864 5188 prius
2880 5119 3044 5171 allata
3077 5128 3183 5180 est,
3212 5118 3633 5187 explicationem

2060 5211 2347 5266 intuearis.
2379 5205 2499 5261 Non
2531 5208 2729 5261 desunt
2760 5221 2922 5275 porro
2948 5207 3041 5275 qui
3076 5208 3239 5259 verba
3270 5208 3375 5260 ista
3421 5208 3503 5262 sic
3549 5211 3636 5262 in-

2060 5308 2456 5371 terpretentur,
2503 5306 2563 5351 ut
2610 5312 2729 5351 eam
2797 5297 2981 5365 populi
3037 5296 3472 5371 inspectionem,
3513 5315 3637 5369 qua:

2831 5409 2875 5442 “
2911 5406 3056 5463 Psal.
3094 5425 3212 5477 xm,
3240 5412 3297 5469 3.
3394 5413 3436 5447 "l
3476 5416 3635 5472 tiam.

1663 5574 1900 5633 VARhE
1949 5573 2350 5630 leCTlONES.

441 5672 482 5704 ω
516 5682 607 5735 γρ.
646 5665 831 5723 ἁπονί.
