3976 6220
416 266 547 331 9511

1746 271 2097 333 PROCOPII
2134 271 2375 335 GAZJEI

3526 268 3659 335 2512
3698 310 3707 313 -

416 393 606 456 postea
642 384 893 455 contigit,
921 392 973 440 et
1004 384 1203 441 merito
1235 384 1401 441 etiam
1442 400 1706 442 accessus
1731 386 1988 451 dicatur;

2100 402 2216 452 σης,
2245 386 2381 439 ἀλλά
2409 385 2508 454 τῆς
2556 384 2839 454 ἐνεργείας
2887 382 3192 454 καταδήλου
3222 382 3527 453 γινομένης.
3578 382 3667 440 Διὸ

415 490 523 527 non
558 474 704 544 quod
743 474 863 543 ejus
890 476 1134 530 essentia
1184 491 1213 531 a
1258 476 1375 532 loco
1414 478 1469 531 in
1513 478 1693 532 locum
1726 486 1992 540 transeat,

410 566 507 645 sed
535 568 679 635 quod
712 565 963 636 ejusdem
1000 568 1147 623 vires
1181 578 1370 638 aperte
1408 570 1882 632 demonstrentur.
1912 570 1994 624 si-

414 660 663 729 gnilieari
682 660 851 715 velint
877 678 892 714 :
921 659 1107 730 itaque
1132 660 1380 732 purgatis
1403 661 1622 732 quidem
1655 663 1815 717 nobis
1837 661 1996 717 ades-

414 766 508 812 se,
554 752 746 806 abesse
777 760 961 807 autem
1020 752 1227 807 scelere
1251 761 1305 807 et
1340 755 1476 807 vitio
1532 753 1858 823 inquiuatis.
1904 754 1994 807 Ait

416 845 579 923 igitur
610 851 721 896 tam
761 854 1005 913 apertam
1056 843 1169 899 fore
1203 844 1603 910 defensionem,
1646 854 1707 901 ut
1745 848 1831 901 vel
1886 846 1992 916 ipsi

412 933 684 993 eumdem,
716 934 809 1003 qui
840 949 988 988 nunc
1014 934 1191 988 futura
1224 935 1575 1004 praenuntiat,
1599 945 1653 992 et
1683 938 1776 1008 qui
1803 946 1991 1007 postea

414 1028 732 1097 atliinpleat,
764 1044 889 1083 esse
916 1029 1206 1083 fateamur.
1232 1027 1304 1084 Ut
1329 1032 1479 1085 enim
1521 1045 1631 1085 non
1670 1041 1852 1102 potest
1883 1034 1991 1089 diei

414 1116 685 1172 venientis
714 1116 847 1170 hora
893 1118 1087 1181 latere,
1112 1132 1239 1173 cum
1279 1129 1492 1175 montes
1516 1120 1620 1188 ipsi
1653 1123 1789 1177 solis
1816 1123 1992 1180 radiis

415 1206 767 1262 illustrantur
808 1225 821 1259 :
867 1207 948 1264 sic
981 1208 1090 1263 erit
1131 1209 1390 1264 omnibus
1423 1212 1722 1279 conspicua
1773 1210 1892 1268 mea
1937 1215 1991 1268 in

412 1312 508 1351 vos
534 1298 824 1367 propensi'o
850 1315 865 1364 ;
895 1312 1071 1365 neque
1107 1298 1321 1353 tninore
1355 1299 1546 1355 ltetitia
1575 1311 1623 1355 et
1645 1305 1995 1359 exsultatione

413 1384 800 1453 ituplt-bitnini,
845 1400 1007 1454 quam
1048 1386 1249 1452 quibus
1295 1386 1441 1452 pacis
1475 1386 1689 1441 dulcem
1735 1388 1991 1443 nuntium

410 1474 650 1544 aliquem
711 1473 896 1529 audire
973 1475 1226 1541 contigit.
1290 1473 1408 1544 Ipse
1485 1490 1672 1545 porro,
1736 1478 1827 1531 ubi
1897 1492 1993 1534 vos

411 1566 689 1620 emendari
774 1566 1102 1636 contigerit,
1167 1581 1258 1618 rex
1327 1577 1508 1622 vester
1551 1567 1816 1637 appellari
1883 1585 1990 1623 non

411 1657 770 1725 tit-dignabor.
794 1655 873 1710 Eo
893 1659 1037 1711 enim
1067 1655 1344 1711 felicitatis
1375 1667 1705 1727 perventura
1729 1669 1811 1713 est
1834 1658 1989 1725 Sion,

2100 480 2521 550 καθαιρομένοις
2579 477 2680 547 μὲν
2724 476 2857 546 ἡμῖν
2893 478 3147 545 παρεῖναι
3176 473 3418 541 λέγεται,
3458 475 3668 531 ἀπείνάι

2096 572 2153 624 δὲ
2187 568 2632 640 ἁμαρτανόντων.
2673 568 2784 635 Τὴν
2808 568 2988 620 τοίνυν
3021 566 3307 637 ἀντίληψιν
3335 566 3477 618 οὕτω
3506 583 3667 635 φανε-

2100 663 2198 733 ρὰν
2241 659 2462 713 ἔσεσθαί
2491 675 2679 727 φησιν,
2710 655 2785 720 ὡς
2841 656 2987 726 ὑμᾶς
3019 655 3354 726 ὁμολογῆσαι
3387 655 3479 708 τὸν
3509 656 3669 709 αὑτὸν

2095 749 2235 805 εἶναι
2267 752 2359 804 τὸν
2389 751 2486 803 καὶ
2517 748 2613 801 νῦν
2644 746 2989 817 προλέγοντα
3018 746 3112 799 καὶ
3139 743 3299 809 αὖθις
3336 746 3665 816 πληροῦντα.

2105 845 2196 906 Ὠς
2232 843 2342 912 γὰρ
2382 843 2484 895 οὐκ
2540 839 2656 892 ἔστι
2703 839 2805 908 τὴν
2835 838 2997 905 ὥραν
3047 837 3147 905 τῆς
3202 836 3422 907 ἡμέρας
3467 836 3667 903 λαϐεῖν,

2095 933 2218 986 καθ’
2239 933 2308 1004 ἢν
2333 929 2623 1000 ἐκλάμψας
2647 930 2675 981 ὁ
2700 927 2848 998 ἥλιος
2877 926 3229 994 καταλάμπει
3253 925 3319 978 τὰ
3339 925 3465 996 ὅρη,
3500 926 3669 988 οὓτως

2094 1025 2246 1077 ἔσται
2281 1023 2493 1092 φανερά
2530 1021 2697 1073 πᾶσιν
2735 1020 2769 1089 ἡ
2825 1018 2956 1087 παρ’
3000 1017 3135 1087 ἐμοῦ
3191 1018 3272 1078 εἰς
3332 1017 3481 1085 ὑμᾶς
3508 1016 3668 1085 ῥοπὴ,

2095 1112 2283 1184 χαρᾶς
2311 1129 2373 1166 τε
2411 1111 2511 1166 καὶ
2549 1109 2985 1179 ἀγαλλιάσεως,
3027 1107 3171 1161 οὓτω
3224 1106 3667 1178 πληρωθήσεοθε,

2094 1207 2347 1275 καθάπερ
2381 1206 2493 1267 τοῖς
2528 1202 2724 1267 ἀκοήν
2758 1204 2907 1254 ἐστιν
2937 1198 3252 1266 ειρηνικήν
3271 1215 3331 1250 τε
3361 1199 3456 1252 καὶ
3485 1198 3670 1268 ἡδεῖαν

2092 1298 2425 1368 δεχομένοις.
2474 1295 2581 1348 Καὶ
2608 1292 2911 1359 ,βασιλεὺς
2957 1292 3015 1345 δὲ
3068 1292 3223 1359 ὑμῶν
3266 1289 3669 1359 διορθουμένων

2094 1388 2312 1453 ἀξιώσω
2339 1386 2642 1455 καλεῖσθαι.
2674 1387 2867 1438 Ἔσται
2893 1386 3000 1454 γὰρ
3033 1386 3064 1453 ἡ
3108 1381 3262 1436 Σιὼν
3298 1380 3471 1444 οὕτως
3502 1380 3669 1446 εὐθη-

2094 1484 2354 1551 νουμένη.
2382 1480 2458 1543 ὡς
2489 1480 2670 1535 πάντα
2710 1477 2895 1530 ἐκεῖνα
2933 1473 3293 1545 πληροῦσθαι,
3322 1474 3424 1526 ὅσα
3454 1475 3515 1525 ὲν
3550 1475 3669 1535 ταῖς

2094 1572 2360 1638 ὲπιδὸξοις
2389 1571 2576 1623 πόλεσι
2604 1570 2700 1622 καὶ
2739 1565 3151 1638 εἰρηνευούσαις
3174 1581 3188 1595 ·
3239 1564 3532 1632 φυλάκων
3572 1563 3668 1632 μὲν

2094 1664 2407 1735 τηρούντων
2452 1660 2554 1734 τὴν
2613 1661 2767 1714 πόλιν
2812 1658 2965 1729 μετὰ
3012 1657 3259 1727 φωνῆς,
3322 1658 3555 1719 ἑαυτοὺς
3610 1653 3668 1709 δὲ

412 1756 470 1800 ιιι
501 1747 555 1801 in
582 1762 642 1801 ea
690 1746 824 1800 nihil
856 1762 963 1815 non
997 1761 1187 1801 eorum
1222 1747 1491 1812 omnium,
1516 1763 1636 1818 qua!
1663 1750 1715 1803 in
1756 1752 1986 1820 prmela-

2100 1727 2490 1824 ἀσπαζομένων
2504 1727 2635 1821 μετ’
2663 1727 3074 1818 εὐφροσύνης,
3106 1748 3181 1811 ὡς
3201 1747 3511 1817 ἐπεγείρειν
3542 1747 3662 1799 ἑαυ-

407 1838 485 1891 ris
513 1836 675 1907 592
698 1846 751 1892 et
783 1838 992 1907 pacatis
1013 1837 1239 1893 urbibus
1272 1836 1429 1904 liunt,
1457 1837 1744 1908 adimpleri
1773 1841 1982 1898 videas:

410 1928 553 1981 dum'
589 1929 690 1997 ipsi
727 1927 946 1998 quidem
976 1928 1223 1981 custodes
1270 1927 1463 1982 urbem
1495 1945 1614 1982 cum
1649 1947 1768 1985 voce
1797 1947 1986 1988 serva-

2092 1848 2208 1907 τοῖς
2233 1846 2290 1898 ὲν
2323 1846 2443 1908 ταῖς
2468 1841 2794 1911 συντυχίαις
2821 1841 2921 1910 τὴν
2963 1839 3161 1909 χαρὰν,
3195 1840 3290 1892 καὶ
3320 1839 3415 1892 τὸν
3446 1834 3538 1890 ἐπ’
3570 1836 3658 1891 αὖ·

2091 1938 2205 1998 τοῖς
2232 1935 2377 1987 ἔλεον
2401 1932 2715 2004 κηρύττειν.

412 2020 569 2083 bunt,
600 2033 721 2073 sese
758 2017 955 2071 deinde
993 2034 1111 2070 cum
1153 2018 1475 2072 exaltatione
1513 2022 1586 2074 ita
1621 2022 1983 2089 salutabunt,
2057 2035 2115 2081 ut
2139 2026 2306 2081 sortis
2335 2024 2725 2080 communione
2767 2021 2833 2077 ad
2887 2020 3149 2091 gaudium
3198 2036 3323 2077 sese
3395 2022 3659 2099 excitent,

410 2119 462 2165 et
524 2124 687 2179 quam
741 2117 869 2163 sunt
908 2108 1189 2162 consecuti
1236 2109 1673 2166 misericordiam
1705 2111 2096 2182 deprtedicent.

482 2203 617 2258 Esse
651 2218 781 2257 vero
815 2202 979 2270 bnjus
1022 2202 1187 2256 etiam
1217 2202 1422 2257 lmtitiw
1461 2205 1757 2276 participes
1792 2210 1991 2266 merito

412 2294 900 2364 Hierosolymorum
924 2292 1236 2346 solitudines
1271 2292 1545 2350 dicantur.
1587 2295 1657 2351 Ut
1686 2298 1830 2353 enim
1860 2314 1986 2355 cum

2171 2212 2465 2266 Κοινωνεῖν
2489 2211 2546 2265 δὲ
2577 2210 2678 2280 τῆς
2722 2211 3107 2280 εὐφροσύνης
3142 2211 3325 2273 αὐτοῖς
3369 2208 3572 2277 λέγοιτ’
3605 2210 3668 2265 ἂν

2096 2306 2321 2368 εἰκότως
2349 2304 2444 2357 καὶ
2472 2300 2545 2357 τὰ
2569 2303 2760 2371 ἔρημα
2808 2302 2920 2369 τῆς
2965 2303 3382 2371 Ἰερουσαλήμ.
3426 2301 3516 2366 Ὠς
3565 2304 3668 2371 γὰρ

410 2387 598 2441 Sionis
629 2386 747 2440 vias
767 2385 951 2454 lugere
976 2384 1113 2438 dixit
1137 2385 1183 2416 ⁸⁸⁸
1205 2425 1220 2449 ,
1247 2386 1551 2443 incolarum
1582 2391 1984 2447 etadvenarum

2100 2397 2180 2450 διὰ
2197 2396 2313 2460 τοῦ,
2328 2415 2346 2447 ι
2368 2396 2510 2449 Ὀδοὶ
2528 2394 2665 2447 Σιὼν
2683 2393 2957 2459 πενθοῦσι,
2980 2411 2998 2445 ι
3018 2393 3113 2464 τὴν
3132 2393 3242 2446 τῶν
3254 2394 3558 2463 οἰκητόρων
3580 2395 3665 2447 καὶ

410 2475 764 2543 solitudinem
795 2475 1126 2546 signiﬁcavit
1150 2516 1164 2539 ,
1193 2476 1274 2531 sic
1301 2484 1355 2531 et
1379 2494 1546 2544 nunc,
1567 2495 1691 2535 cum
1720 2482 1985 2538 desertum

2100 2488 2402 2558 παριόντων
2429 2484 2670 2555 ἐρημίαν
2700 2484 2893 2554 ἐδήλου
2913 2501 2927 2516 ⁶
2958 2485 3101 2538 οὕτω
3146 2486 3241 2539 καὶ
3269 2485 3363 2538 νῦν
3393 2486 3496 2557 τὴν
3540 2486 3670 2554 ἕρη-

412 2570 610 2624 lestum
642 2570 806 2622 simul
836 2576 1090 2622 acturum
1127 2567 1305 2634 dixit,
1337 2585 1480 2637 eam,
1513 2588 1621 2642 qua
1653 2571 1985 2642 adiciuntur,

2100 2596 2209 2649 μον
2230 2577 2613 2649 συνεορτάσειν
2645 2574 2840 2641 εἰπὼν,
2866 2577 2965 2646 τὴν
3001 2576 3417 2629 καταλαϐοῦσαν
3471 2577 3669 2637 αὐτοὺς

413 2661 656 2714 laetitiam
702 2659 1075 2726 demonstrat;
1116 2675 1297 2716 rerum
1326 2662 1556 2718 istarum
1585 2680 1808 2722 causam
1851 2668 1990 2724 divi-

2100 2672 2483 2739 εὐφροσύνην
2536 2669 2887 2740 παρίστησιν,
2943 2668 3117 2722 αἴτιον
3143 2669 3347 2723 τούτων
3385 2670 3477 2722 τὸν
3527 2669 3668 2722 ἔλεον

413 2768 496 2806 me
554 2752 880 2823 benignitati
934 2761 987 2807 et
1039 2753 1433 2811 misericordia:
1512 2750 1834 2827 ascribens;
1893 2772 1991 2832 per

2100 2760 2265 2815 εἰπὼν
2300 2761 2392 2814 τοῦ
2434 2760 2594 2823 Θεοῦ,
2633 2760 2699 2814 δι’
2745 2760 2804 2813 ὃν
2833 2762 2861 2814 ὁ
2910 2759 3042 2822 Θεὸς
3099 2758 3216 2827 τὴν
3284 2758 3669 2828 Ἰερουσαλὴμ

415 2866 579 2919 quam
623 2851 763 2904 idem
794 2848 1096 2905 Jerusalem
1136 2851 1352 2906 brachio
1376 2870 1509 2919 suo,
1545 2854 1598 2909 id
1631 2864 1716 2913 est
1742 2858 1987 2927 potentia

2100 2853 2478 2923 ἐλυτρώσατο
2507 2850 2587 2918 τῷ
2611 2852 2915 2921 βραχίονι,
2942 2850 3094 2904 τοῦτ’
3121 2851 3237 2903 ἐστι
3267 2855 3333 2922 τῇ
3382 2852 3481 2922 τῆς
3514 2851 3667 2905 δυνά,

412 2940 635 2996 virtutis
664 2954 778 2995 sua:
805 2940 1083 3003 liberavit;
1112 2955 1235 2996 cum
1265 2956 1295 2996 a
1328 2940 1436 2998 Deo
1458 2945 1734 3002 civitatein
1768 2946 1986 3003 delendi

2101 2964 2245 3017 μεως
2275 2944 2546 3017 ἐνεργείᾳ,
2579 2944 2956 3017 γινωσκόντων
3002 2942 3110 2995 τῶν
3140 2941 3310 2995 ἐθνῶν
3335 2941 3409 3005 ὡς
3443 2941 3668 2995 ἐπεσκέ-

413 3041 602 3101 gentes
627 3033 757 3101 ipsm
787 3048 893 3088 non
923 3032 1283 3103 ambigerent.
1306 3034 1483 3104 Atque
1500 3035 1615 3091 lucc
1638 3036 1860 3108 quidem
1883 3039 1980 3093 illi.

2100 3038 2230 3107 ψατο
2261 3038 2360 3107 τὴν
2396 3035 2755 3106 Ἰερουσαλὴμ
2780 3036 2808 3088 ὁ
2838 3034 2995 3097 Θεός·
3030 3035 3123 3087 καὶ
3153 3032 3327 3086 ταῦτα
3381 3032 3478 3102 μὲν
3507 3027 3666 3085 οὗτοι.

410 3123 678 3178 Caeterum
716 3139 826 3194 quo
869 3125 1011 3191 loco,
1064 3124 1174 3179 Vos:
1216 3127 1624 3182 custodientium
1665 3136 1727 3183 te‘
1752 3130 1991 3185 exaltata

2109 3132 2255 3185 ’Avr‘t
2282 3130 2338 3183 δὲ
2369 3129 2486 3193 τοῦ,
2515 3128 2684 3198 φωνὴ
2719 3126 2838 3180 τῶν
2864 3127 3313 3195 φυλασσόντων
3334 3141 3409 3178 σε
3438 3123 3667 3193 ὑψώθη,

412 3227 511 3282 est,
560 3216 851 3281 habemus,
889 3216 997 3269 Vos:
1046 3222 1442 3286 speculatorum
1478 3228 1699 3273 tuorum
1729 3222 1872 3275 elata
1918 3233 1991 3276 est

2100 3224 2123 3274 δ
2177 3221 2497 3292 Σύμμαχος,
2534 3214 2732 3287 ’Φωνὴ
2784 3216 2903 3273 τῶν
2963 3216 3214 3271 σκοπῶν
3263 3231 3381 3270 σου
3429 3214 3668 3283 ἐπῆρεν,

414 3308 810 3377 interpretatur
864 3308 1254 3377 Symmachus,
1303 3309 1608 3381 adjungens
1654 3321 1704 3364 et
1750 3313 1806 3365 in
1855 3312 2013 3367 idem.

416 3398 714 3452 laudabunt
745 3415 764 3453 :
794 3399 1002 3453 oculata
1030 3400 1170 3453 enim
1199 3400 1469 3463 videbunt,
1500 3400 1710 3471 quando
1732 3415 1993 3459 convertet

414 3490 546 3545 Sion
583 3490 879 3554 Dominus;
907 3492 959 3545 in
993 3506 1105 3561 quo
1130 3507 1348 3546 rursum
1374 3493 1461 3562 pia
1487 3492 1610 3547 vitae
1644 3495 1783 3549 ratio
1806 3496 1992 3550 innui-

415 3593 524 3637 tur.
552 3580 658 3636 Sed
689 3598 787 3652 pro
824 3597 935 3651 quo
958 3582 1166 3637 oculate
1189 3583 1330 3637 dixit
1352 3623 1367 3646 ,
1403 3584 1615 3638 oculum
1652 3586 1706 3639 in
1726 3587 1878 3640 oculo
1914 3588 1992 3642 vi-

414 3690 565 3727 suros
603 3690 714 3728 esse
748 3674 945 3743 raiqui
985 3675 1407 3730 transtulerunt.
1457 3674 1668 3733 Deinde
1704 3680 1995 3747 speculato-

413 3780 530 3817 rum
574 3764 814 3828 nomine,
850 3762 1153 3819 Salvatoris
1186 3764 1493 3835 discipulos
1540 3766 1814 3837 intelligit.
1860 3768 1992 3823 Nam

412 3865 465 3910 et
508 3856 581 3909 ita
628 3856 919 3926 prophetas
969 3855 1275 3926 antiquitus
1320 3857 1705 3927 appellabant,
1752 3867 1807 3913 et
1848 3876 1994 3915 nunc

411 3949 576 4001 ctiam
599 3947 837 4002 recentis
859 3947 1043 4018 populi
1069 3947 1420 4015 speculatores
1438 3958 1486 4004 et
1508 3951 1748 4007 custodes
1768 3953 1993 4022 quidam

411 4039 515 4108 ipsi
556 4048 688 4094 sunt
730 4039 1001 4109 apostoli;
1046 4042 1139 4109 qui
1188 4040 1430 4095 bonitate
1472 4040 1738 4098 doctrinae
1786 4047 1992 4115 psStori

411 4132 645 4202 principi
702 4131 964 4187 adversus
1014 4131 1196 4202 lupos,
1239 4146 1371 4187 oves
1424 4135 1763 4209 custodiunt.
1824 4134 1991 4189 Iidem

414 4232 711 4293 praeterea,
760 4224 889 4293 quia
952 4224 1070 4279 suis
1118 4223 1283 4278 oculis
1329 4222 1671 4280 Salvatorem
1716 4226 1994 4290 viderunt,

411 4296 637 4385 sitisque
653 4316 887 4369 auribus
921 4314 1285 4381 audiverunt;
1316 4331 1493 4369 vocem
1529 4331 1680 4369 suam
1714 4332 1778 4371 eo
1816 4333 1990 4387 usque

2096 3312 2461 3382 ὲρμήνευσεν,
2500 3311 2594 3364 καὶ
2644 3310 2946 3381 ἐπήγαγεν,
2977 3308 3070 3362 ἐπὶ
3109 3307 3176 3361 τὸ
3220 3306 3364 3360 αὐτὸ
3394 3306 3670 3361 αινέσου·

2094 3418 2219 3457 σιν.
2278 3400 2785 3471 Ὀφθαλμοφανῶς
2840 3399 2952 3470 γὰρ
3002 3399 3257 3467 ὄψονται
3311 3398 3381 3451 ἐν
3429 3396 3511 3463 τῷ
3548 3398 3670 3450 ἑπι-

2096 3492 2355 3561 στρέψαι
2381 3494 2602 3561 Κύριον
2630 3492 2745 3558 τὴν
2775 3491 2927 3545 Σιών
2950 3505 2965 3519 ·
2999 3489 3333 3561 δηλουμένου
3383 3488 3548 3543 πάλιν
3581 3487 3670 3541 τοῦ

2097 3582 2384 3647 Θεοσεὸοὖς
2417 3583 2834 3654 πολιτεύματος.
2873 3584 3019 3636 Ἀντὶ
3063 3582 3120 3636 δὲ
3152 3583 3247 3636 τοῦ
3295 3584 3673 3651 ὀφθαλμοδου-

2096 3673 2235 3739 νῶς,
2263 3676 2311 3727 οἱ
2341 3673 2519 3726 λοιποὶ⁸
2541 3673 2704 3741 φασὶν
2738 3671 3053 3741 ὀφθαλμὸν
3084 3669 3470 3748 ἐνθόφθαλμῷ
3490 3671 3671 3739 ὄψον-

2097 3782 2211 3819 ται.
2265 3764 2542 3829 Σκοποὺς
2574 3763 2631 3817 δὲ
2666 3762 2761 3816 νῦν
2805 3763 2937 3827 τοὺς
2990 3752 3245 3834 μαθητὰς
3293 3763 3388 3817 τοῦ
3421 3762 3669 3832 Σωτῆρος

2096 3855 2275 3908 καλεῖ.
2319 3857 2427 3908 Καὶ
2460 3854 2631 3907 πάλαι
2674 3853 2783 3923 γὰρ
2831 3855 2959 3916 τοὺς
2990 3854 3275 3925 προφήτας
3324 3852 3499 3915 οὓτως
3547 3854 3670 3906 ἐκά-

2096 3947 2245 4008 λουν,
2276 3948 2370 3999 aut
2403 3935 2498 4000 νῦν
2531 3947 2624 4000 τού
2668 3949 2792 4001 νέου
2839 3945 2971 4000 λαοῦ
3022 3946 3282 4013 γεγόνασι
3309 3945 3531 3998 σκοποὶ
3576 3942 3668 3996 και

2098 4040 2366 4110 φύλακες
2400 4040 2451 4092 οἱ
2500 4040 2790 4093 ἀπόστολοι
2823 4038 3196 4108 φυλάσσοντες
3221 4036 3329 4090 ἀπὺ
3359 4035 3469 4088 τῶν
3496 4035 3671 4088 λύκων

2106 4132 2185 4202 τῷ
2248 4133 2607 4203 ἀρχιποίμενι
2656 4130 2728 4185 τά
2782 4130 3034 4202 πρόὸατα
3095 4128 3186 4181 διὰ
3214 4128 3318 4197 τῆς
3360 4126 3670 4198 πρεπούσης

2110 4224 2483 4288 διδασκαλίας.
2538 4225 2650 4279 Καὶ
2705 4221 3180 4294 όφθρλμοφανῶς
3243 4220 3515 4274 αὐτόπται
3584 4218 3671 4272 καὶ

2100 4317 2361 4386 αὐτήκοοι
2411 4316 2507 4369 τοῦ
2552 4316 2807 4387 Σωτῆρος
2883 4314 3168 4383 γενόμενοι
3248 4312 3510 4380 ὕψωσαν
3561 4309 3670 4377 τὴν

406 4380 739 4469 ικαιε-ανιιηι,
765 4419 822 4459 ιιι
849 4422 882 4459 a
899 4405 1138 4476 gentibus
1170 4406 1412 4459 omnibus
1437 4405 1627 4460 audita
1650 4408 1744 4469 sit,
1769 4380 1991 4477 duoque

2100 4405 2333 4460 ἑαυτῶν
2386 4404 2619 4476 φωνὴν,
2667 4407 2740 4470 ὡς
2793 4404 3176 4470 ἐξακουστὸν
3224 4402 3478 4471 γενέσθαι
3524 4400 3667 4456 πᾶσι

408 4498 464 4550 in
500 4510 669 4550 unmn
697 4494 881 4564 populi
922 4495 1181 4556 coierint,
1210 4494 1362 4563 juxta
1419 4494 1550 4549 illud
1579 4511 1593 4547 :
1636 4513 1654 4546 ι
1685 4493 2003 4561 Ltetamini,

410 4596 758 4662 gentes,eum
793 4585 993 4657 populo
1024 4585 1146 4656 ejus
1180 4584 1243 4638 ".
1289 4603 1308 4636 ι
1356 4583 1494 4638 Hine
1526 4594 1578 4638 et
1628 4586 1718 4638 illa
1752 4586 1991 4652 Davidis,

416 4697 435 4728 ι
468 4678 667 4731 Audite
690 4678 831 4740 haec,
863 4690 1059 4729 omnes
1082 4682 1276 4744 gentes
1309 4674 1377 4727 ⁸ο.
1408 4692 1426 4726 ι
1452 4673 1657 4729 Deinde
1688 4690 1800 4729 non
1832 4677 1993 4732 aliter

410 4783 572 4836 quam
606 4768 723 4837 ipsa
755 4765 1151 4819 daemoniorum
1178 4764 1494 4829 multitudo,
1518 4780 1623 4817 non
1649 4764 1769 4818 sine
1798 4768 1982 4822 sonitu

412 4861 575 4931 periit
599 4900 612 4921 ,
645 4866 704 4912 ut
738 4872 768 4912 a
798 4856 1016 4911 nemine
1048 4856 1391 4925 ignoraretur
1417 4874 1429 4910 :
1453 4857 1601 4910 sicet
1624 4856 1822 4912 salutis
1843 4873 1984 4927 prse-

411 4953 632 5005 couium
663 4949 730 5003 ab
761 4947 1018 5002 omnibus
1043 4986 1057 5010 ,
1088 4947 1181 5016 qui
1214 4947 1268 5001 in
1300 4947 1501 5003 veteris
1548 4949 1764 5019 tyranni
1811 4950 1989 5004 locum

413 5060 581 5112 regem
620 5040 778 5113 593
805 5038 1092 5093 Dominum
1123 5048 1480 5109 exceperunt,
1508 5040 1754 5094 exaudiri
1787 5041 1987 5096 decuit.

412 5136 569 5199 Quod
595 5137 756 5189 nobis
775 5140 924 5187 certe
956 5130 1274 5186 festivitatis
1292 5141 1345 5186 et
1375 5133 1575 5186 iretitia:
1606 5144 1988 5204 argumentum

418 5223 627 5290 peperit
674 5262 688 5286 ,
729 5218 881 5288 jltxta
915 5219 1092 5273 illud:
1135 5236 1153 5269 ι
1194 5217 1457 5275 Dominus
1495 5221 1764 5291 regnavit,
1805 5222 1992 5275 exsul-

412 5319 487 5365 tet
519 5320 664 5366 terra
689 5313 755 5365 ".
805 5330 823 5363 ι

489 5407 605 5472 Quo
640 5417 805 5477 pacto
850 5418 1030 5463 autem
1065 5418 1263 5479 regnet,
1318 5423 1427 5462 non
1462 5407 1700 5463 obscure
1760 5407 1988 5469 indicat,

415 5510 538 5552 eum
564 5512 736 5550 vocem
767 5500 1176 5552 custodientium
1198 5499 1489 5553 exaltatum
1514 5515 1627 5552 ese
1659 5498 1942 5568 subiungit
1972 5515 1985 5551 :

2102 4497 2224 4563 τοῖς
2266 4498 2511 4552 ἔθνεσιν
2560 4498 2654 4552 καὶ
2706 4497 2841 4569 πρὸς
2897 4496 2995 4549 ἕνα
3042 4496 3171 4560 τοὺς
3211 4493 3306 4547 δύο
3345 4493 3666 4563 συναχθῆναι

2096 4590 2280 4652 λαοὺς.
2314 4590 2457 4642 κατά
2495 4588 2577 4642 τό⁸
2613 4610 2631 4642 ι
2656 4587 3038 4659 Εύφρανθῆτε,
3073 4586 3226 4657 ἔθνη,
3260 4584 3401 4656 μετὰ
3418 4584 3515 4637 τοῦ
3544 4583 3665 4636 λαοῦ

2096 4680 2288 4735 αὐτοῦ.
2323 4701 2341 4732 ι
2383 4681 2474 4735 Διὸ
2513 4682 2647 4751 φησὶ
2695 4681 2790 4734 καὶ
2838 4679 3037 4733 Δαὸίδ·
3077 4677 3443 4743 ‹,⁹Δκούσατε
3478 4674 3663 4739 ταῦτα,

2097 4772 2275 4826 πάντα
2341 4773 2409 4825 τὰ
2458 4772 2607 4842 ἔθνη.
2643 4791 2661 4823 ι
2726 4772 2836 4826 Καὶ
2873 4770 3062 4842 ὥσπερ
3108 4768 3170 4822 τὺ
3219 4768 3329 4822 τῶν
3379 4768 3665 4839 δαιμονίων

2096 4864 2302 4933 πλῆθος
2327 4863 2579 4918 ἀπώλετο
2613 4864 2731 4935 μετ’
2761 4864 2950 4933 ἤχους.
2983 4862 3059 4923 ὡς
3113 4861 3382 4931 ἀγνοῆσαι
3430 4862 3628 4932 μηδένα
3648 4874 3661 4887 ·

2092 4955 2238 5009 οὕτω
2307 4957 2369 5009 τὸ
2433 4957 2700 5026 σωτήριον
2757 4956 3021 5025 κήρυγμα
3067 4956 3234 5006 πᾶσιν
3288 4951 3664 5017 ἐξάκουστον

2093 5045 2303 5114 γέγονε
2318 5045 2588 5109 ,βασιλέα
2611 5044 2931 5114 δεξαμένοις
2953 5044 3075 5097 ἀντὶ
3098 5042 3194 5096 τοῦ
3218 5043 3387 5097 πάλαι
3410 5044 3662 5114 τυράννου

2094 5137 2185 5189 τὸν
2222 5125 2451 5206 Κύριονξ
2482 5138 2548 5189 Ὃ
2575 5136 2639 5207 δὴ
2673 5136 2769 5189 καὶ
2807 5135 3031 5204 γέγονεν
3077 5135 3210 5205 ἡμῖν
3245 5134 3471 5205 ἀφορμὴ
3504 5149 3666 5202 πανη-

2093 5227 2326 5297 γύρεως,
2360 5227 2498 5280 κατά
2522 5229 2601 5280 τόο
2627 5245 2645 5277 ι
2681 5226 2737 5281 ’0
2774 5226 2975 5297 Κύριος
3013 5224 3381 5291 ἐϐασίλευσεν,
3418 5222 3668 5294 ἀγαλλιά-

2100 5316 2212 5367 σθω
2249 5317 2281 5383 ἡ
2307 5316 2399 5386 γῆ.
2436 5335 2455 5367 ι

2168 5406 2293 5470 Πῶς
2322 5407 2379 5459 δὲ
2402 5407 2720 5470 ,ϐασιλεύει
2750 5405 2901 5477 δηλοί
2924 5406 3119 5475 λέγων,
3169 5398 3340 5476 φωνὴ
3403 5403 3524 5458 τῶν
3557 5419 3659 5472 φυσ

2092 5500 2453 5550 λασσόντων
2498 5513 2572 5552 σε
2598 5498 2825 5566 ὑψώθη.
2859 5495 3001 5567 Πρὸς
3026 5496 3117 5558 οὓς
3158 5495 3345 5564 ἔλεγεν
3394 5492 3611 5554 Ἦσαῒας
3639 5502 3655 5520 ³

492 5673 540 5709 ι·
570 5673 773 5729 Tbren.
820 5690 856 5737 ι,
901 5673 953 5727 ι.
1034 5673 1075 5706 ιο
1114 5672 1219 5727 lsa.
1256 5689 1401 5738 mi,
1433 5672 1519 5729 to.
1596 5674 1639 5705 ιο
1679 5672 1824 5728 Psal.
1869 5646 1985 5727 κὶνι

2100 5674 2141 5725 Ξ.
2220 5674 2257 5704 ⁸⁸
2295 5673 2439 5727 Paul.
2508 5673 2735 5736 xcv,ll.

430 5860 475 5897 Ἦ
