3976 6220
380 273 520 339 2513

1542 280 2072 343 COMMENTAR‘UI
2116 282 2197 342 IN
2247 278 2536 341 ISAIAM.

3483 263 3629 328 2514

382 406 400 437 ι
445 385 567 438 Ἐπ’
621 384 747 455 ὅρος
813 385 1017 455 ὑψηλὸν
1093 386 1325 452 ἀνάϐηθι
1385 390 1414 442 ό
1467 388 1953 458 εὐαγγελιζόμενος

2078 402 2196 457 [nos
2219 387 2271 439 in
2305 387 2452 440 hunc
2478 380 2697 436 modmu
2729 380 2895 437 Isaias
2921 380 3085 434 etiam
3107 376 3454 447 alloquitur:
3488 393 3506 426 ι
3535 372 3645 427 Su-

376 475 533 531 Σιών.
574 475 832 545 ’Υψωσον
858 480 924 548 τῇ
954 477 1096 548 ίσχύῖ
1127 478 1226 550 τὴν
1278 480 1464 549 φωνήν
1511 496 1626 533 σου.
1672 500 1691 532 ι
1743 478 1806 532 02
1856 484 1950 531 ita).

372 568 763 636 εὐφροσύνης
842 566 1211 639 ἐπληροῦντο,
1274 569 1642 638 ἐλεουμένης
1713 571 1808 639 τῆς
1833 570 1957 633 νέας

376 658 570 724 Σιὼν,
624 658 763 729 ὁμοῦ
824 658 904 731 τῷ
969 661 1288 732 κηρύγματι
1350 661 1409 714 τὸ
1475 661 1636 732 ἔργον
1718 661 1956 731 δρῶντες

376 757 471 807 καὶ
539 752 650 805 τῶν
710 753 1020 808 ἀκουόντων
1043 754 1141 826 τὴν
1207 755 1415 809 πίστιν.
1467 756 1579 809 Καὶ
1634 756 1846 818 ιιαῦλος
1899 757 1957 810 δὲ

375 848 577 913 γράφει
628 848 739 907 τοῖς
769 845 836 897 δι’
889 844 1054 897 αὐτοῦ
1112 845 1535 899 πεπιστευκόσιν
1565 861 1579 876 ·
1617 864 1636 897 ι
1676 847 1834 917 Χαρά
1862 846 1956 900 καὶ

381 933 643 1001 στέφανός
694 950 811 1002 μου.
850 953 867 985 ι
907 933 1030 987 Ὅτι
1074 934 1129 986 δὲ
1196 936 1313 1004 ἅμα
1366 952 1425 989 τε
1503 924 1784 989 ἐδίδασκον
1862 936 1957 989 κοιλ⁵

376 1021 502 1085 τοὺς
528 1021 885 1090 πειθομένους
921 1018 1107 1091 εἶχον,
1176 1023 1337 1093 δῆλον
1404 1024 1463 1089 ἐξ
1527 1018 1602 1077 ὧν
1663 1043 1827 1095 φησιν
1898 1028 1957 1078 ὲν

377 1114 495 1174 ταῖς
526 1111 813 1181 Πράξεσιν,
847 1111 923 1175 ὡς
952 1113 1359 1184 προσετέθησαν
1384 1115 1442 1167 ὲν
1465 1115 1565 1185 μιᾷ
1592 1115 1778 1187 ἡμέρᾳ
1808 1119 1958 1187 τρεῖς

377 1201 615 1270 χιλιάδες
649 1202 880 1270 ἀνδρῶν.
896 1203 1006 1255 Καὶ
1028 1205 1055 1256 ό
1079 1202 1426 1274 δεσμοφύλαξ
1454 1204 1509 1258 δὲ
1551 1205 1789 1268 ἀκούσας
1813 1206 1958 1261 Παύ-

378 1292 470 1345 λου
496 1309 509 1322 ·
556 1310 574 1343 ι
605 1293 787 1362 Μηδὲν
820 1293 1035 1364 πράξῃς
1068 1295 1281 1364 σεαυτῷ
1314 1296 1487 1349 κακόν
1510 1310 1523 1326 ⁶
1554 1296 1797 1360 ἅπαντες
1850 1298 1958 1368 γάρ

382 1384 547 1452 ἐσμεν
574 1383 781 1437 ὲνθτίιδε⁹
814 1402 832 1434 ι
864 1384 1150 1453 θαυμάσας
1208 1385 1512 1457 ἐϐαπτίσθη
1546 1388 1643 1441 σὺν
1669 1387 1834 1441 παντὶ
1880 1389 1959 1459 τῷ

381 1474 533 1545 οίκῳ.
568 1474 743 1528 Αὑτοῦ
794 1475 1090 1544 ὀφθαλμοί
1124 1475 1181 1528 δὲ
1208 1476 1355 1544 πρὸς
1382 1478 1728 1546 ὀφθαλμοὺς
1771 1475 1956 1544 δίδον,

382 1562 523 1615 κατά
582 1562 667 1628 τὸ,
708 1565 736 1616 ὁ
796 1563 928 1627 Θεὸς
971 1563 1230 1633 ἐμφανῶς
1278 1566 1421 1634 ἡξει.
1447 1567 1674 1634 Ἤγουν,
1705 1568 1766 1620 ού
1790 1569 1899 1629 τοῖς
1932 1577 1959 1604 η

384 1656 494 1714 σοῖς
520 1653 846 1722 ὀφθαλμοῖς
874 1654 1405 1724 εὐφραινομένους,
1440 1655 1561 1725 ἅμα
1588 1656 1661 1725 τῇ
1689 1656 1774 1726 σῇ
1787 1657 1960 1726 φωνῇ

2057 493 2156 547 per
2196 485 2441 531 montem
2505 472 2784 527 excelsum
2840 462 3095 535 ascende,
3147 469 3241 539 qui
3299 466 3645 536 evangelizas

2060 568 2214 625 Sion.
2250 568 2438 622 Exalta
2486 562 2808 619 fortitudine
2840 572 2933 617 tua
2965 577 3152 629 vocem
3188 569 3336 614 tuam
3366 558 3432 613 ⁸⁸.
3472 576 3491 611 ι
3526 554 3645 609 ιω-

2060 663 2183 715 litia
2218 675 2437 714 rursum
2469 668 2525 714 et
2574 656 2681 727 ipsi
2724 655 3125 725 implebantur,
3151 653 3248 722 qui
3297 650 3509 707 Sionem
3548 648 3648 701 mi-

2058 753 2403 809 sericordiam
2451 766 2576 807 esse
2636 754 3035 811 consecutam;
3079 746 3171 816 qui
3222 742 3638 815 prmdirhtionis

2058 862 2197 914 opus
2221 884 2236 907 ,
2292 845 2385 915 qui
2416 842 2760 897 audientium
2804 838 2964 893 [idem
3014 837 3398 892 intuebantur.
3430 832 3564 888 Nam
3594 839 3649 885 et
3698 900 3705 905 _

2059 934 2285 999 Paulus,
2307 951 2432 989 cum
2457 933 2523 987 ad
2555 948 2653 988 eos
2683 931 2902 995 scribit,
2926 930 3132 1000 quibus
3162 928 3433 983 credendi
3454 932 3649 979 auctor

2062 1027 2183 1089 fuit,
2221 1024 2441 1080 eosdem
2495 1024 2610 1093 ipse
2662 1021 2923 1093 gaudium
2960 1032 3015 1075 et
3042 1034 3307 1074 coronam
3359 1031 3513 1071 suam
3549 1028 3649 1084 ap-

2060 1116 2228 1186 pellat
2276 1114 2344 1168 ".
2374 1114 2481 1168 Eos
2512 1121 2778 1183 praeterea
2836 1124 2948 1165 non
2996 1108 3257 1163 docuisse
3285 1114 3520 1170 tantum,
3553 1103 3649 1158 sed

2061 1206 2407 1279 persuasisse
2430 1205 2596 1257 etiam
2634 1218 2697 1257 ex
2734 1218 2801 1257 eo
2835 1199 3253 1272 patuerit,quod
3282 1200 3336 1252 in
3367 1197 3517 1251 Actis
3542 1209 3652 1248 uno

2061 1284 2155 1351 die.
2181 1296 2286 1349 tria
2320 1293 2606 1347 hominum
2640 1292 2810 1345 millia
2860 1289 3121 1344 Ecclesia:
3173 1283 3654 1352 accessisselcgi-

2062 1402 2186 1440 mus
2214 1386 2261 1417 “
2293 1400 2307 1449 ;
2336 1382 2567 1437 Paulum
2621 1381 2862 1450 denique
2909 1379 3150 1434 carceris
3199 1375 3435 1439 custodi,
3473 1388 3539 1427 ne
3598 1373 3653 1426 in

2063 1492 2122 1531 se
2177 1475 2304 1529 mali
2344 1473 2649 1544 quidquam
2681 1480 2950 1542 patraret,
2977 1471 3109 1542 quia
3139 1483 3335 1523 omnes
3369 1466 3653 1526 adessent,

2064 1566 2697 1647 inclamasse,’eamque
2751 1580 2868 1618 rem
2931 1563 3266 1617 admiratum
3321 1559 3473 1613 illum
3528 1571 3655 1610 cum

2064 1667 2179 1713 tota
2201 1657 2370 1712 domo
2413 1659 2758 1728 baptizatum
2792 1672 2917 1713 esse
2950 1654 3291 1711 ".l’iderunt
3325 1660 3506 1704 autem
3533 1649 3655 1717 ejus

326 1735 341 1743 ’
379 1744 525 1810 τοὺς
562 1746 922 1812 ἀκούοντας.
968 1747 1114 1800 ’Λντὶ
1170 1746 1228 1800 δὲ
1261 1747 1377 1815 τοῦ,
1435 1749 1672 1816 ρηξὰτω
1711 1750 1832 1819 ἅμα
1860 1753 1954 1805 sb-

2078 1751 2207 1805 iculi
2235 1749 2304 1804 ad
2336 1750 2541 1814 oculos,
2568 1748 2739 1804 Deum
2772 1748 3007 1813 scilicet,
3028 1761 3188 1814 quem
3215 1742 3503 1798 manifeste
3523 1754 3657 1793 ven‘

378 1838 697 1906 ερροσύνην
727 1839 799 1892 τὰ
831 1839 1020 1908 ἔρημα
1075 1838 1468 1909 Ἰερουσαλήμ
1497 1858 1511 1873 ·
1556 1842 1585 1894 ὁ
1639 1841 1960 1913 Σύμμαχος,

396 1927 782 1994 Ἰλαρύνθητε
845 1928 943 1980 καί
1008 1926 1384 1995 ἀγαλλιᾶσθε
1437 1929 1587 1997 ὁμοῦ
1640 1931 1712 1985 τὰ
1775 1930 1966 2001 ἔρημα

391 2014 813 2086 Ἰερουσαλὴμ,
848 2016 1001 2087 φησί.
1057 2017 1132 2071 Τὸ
1192 2016 1250 2070 δὲ
1316 2016 1501 2087 ῥῆξαι
1536 2018 1770 2088 φωνὴν.
1826 2039 1968 2095 παρ-

383 2119 567 2180 ίστησι
596 2109 733 2181 τόνῳ
757 2108 1215 2180 χρῆσθαιξφωνῆς
1247 2112 1638 2183 χαριστηρίους
1668 2112 1812 2184 ᾠδάς
1832 2114 1969 2168 ἀνα-

384 2202 727 2271 πέμποντας,
755 2201 821 2253 δι’
862 2196 936 2255 ὧν
986 2200 1331 2272 εύφραίνοιτο
1360 2202 1515 2268 Θεὸς,
1544 2206 1688 2257 κατὰ.
1718 2204 1801 2258 τό·
1829 2207 1972 2260 «Καὶ

382 2295 420 2364 ἡ
444 2294 667 2361 γλῶσσά
697 2311 800 2363 μου
831 2294 1119 2365 μελετήσει
1160 2296 1260 2364 τὴν
1323 2294 1674 2367 δικαιοσύνην
1705 2313 1821 2362 σου,
1840 2297 1970 2367 ὃλην

382 2386 482 2457 τὴν
510 2387 724 2457 ἡμέραν
760 2388 851 2439 τὸν
888 2386 1111 2439 ἔπαινόν
1168 2403 1288 2441 σου.
1348 2404 1367 2437 ι
1402 2387 1637 2457 Ἕρημα
1688 2388 1748 2442 δέ
1802 2406 1970 2459 φησιν

388 2478 683 2549 ίστορικῶς
702 2479 821 2549 μὲν,
870 2480 1083 2534 ὅτιτῶν
1111 2480 1377 2534 πλείστων
1402 2482 1543 2551 μετά
1558 2481 1655 2552 τὴν
1677 2482 1817 2534 κατὰ
1832 2483 1965 2552 Χρι·

389 2567 515 2620 στοῦ
555 2568 760 2639 τόλμαν
783 2568 1228 2636 δαπανηθέντων,
1269 2571 1479 2641 ἐρημία
1498 2572 1567 2625 τά
1588 2572 1814 2626 πλεῖστα
1839 2590 1976 2627 κατ-

388 2663 502 2730 εῖχε
546 2661 648 2730 τῆς
726 2661 955 2725 πόλεως.
1002 2664 1145 2732 Πρὸς
1178 2663 1236 2717 δὲ
1274 2663 1417 2729 νοῦν,
1460 2666 1708 2736 ὃτιπερή
1748 2665 1974 2735 Ἐκκληο

396 2756 488 2808 σία
522 2739 664 2809 me"
691 2754 867 2826 ἀρχὰς
916 2755 1306 2826 ὀλιγανδροῦσα
1335 2754 1470 2826 πρὸς
1514 2756 1742 2828 ἄπειρον
1771 2756 1973 2826 πλῆθος

389 2847 662 2901 ἐπέδωκεν
690 2846 917 2917 ὕστερον
942 2862 958 2879 ο
1004 2848 1140 2920 πρὸς
1163 2847 1229 2918 ἢν
1262 2847 1447 2917 ἔλεγεν
1479 2863 1493 2879 ·
1526 2866 1546 2899 ι
1581 2844 1755 2919 *Αρον
1789 2848 1976 2919 κύκλῳ

392 2937 519 3000 τοὺς
543 2937 859 3008 ὀφθαλμούς
892 2954 1009 3000 σου,
1049 2937 1146 2990 καὶ
1204 2936 1280 2989 ἴδε
1328 2940 1643 3009 συνηγμένα
1689 2938 1757 2993 τά
1804 2939 1976 2994 τέκνα

2068 1851 2252 1896 turum
2282 1840 2499 1897 Psaltes
2542 1840 2833 1894 allirmavit
2865 1840 2911 1871 '°
2956 1857 2969 1893 :
3008 1838 3091 1892 vel
3121 1851 3241 1898 eos,
3269 1836 3363 1904 qui
3386 1832 3497 1886 tuis
3528 1845 3657 1882 ocu-

2072 1935 2137 1988 lis
2169 1934 2445 1996 lretantur,
2477 1931 2683 2002 quique
2706 1931 2868 1985 simul
2900 1944 3074 1983 vocent
3106 1937 3255 1981 tuam
3281 1924 3527 1979 audiunt.
3547 1918 3656 1976 Ubi

2071 2034 2282 2089 autem,
2315 2023 2610 2092 Erumpunt
2636 2021 2801 2077 simul
2827 2023 2881 2075 in
2912 2020 3156 2075 ltetitiam
3198 2019 3407 2072 deserta
3435 2013 3653 2068 Jerusa-

2075 2118 2196 2181 lem,
2230 2116 2496 2172 habemus
2526 2133 2539 2170 :
2569 2113 2979 2175 Exhilaremini,
3001 2120 3051 2166 et
3108 2106 3445 2165 exsultemini
3499 2103 3685 2163 simul.

2074 2200 2291 2264 deseﬂa
2320 2207 2644 2273 Jerusalem,
2697 2204 3065 2277 Symmachus
3115 2202 3509 2270 interpretatus
3550 2204 3659 2250 est.

2076 2301 2202 2371 Ipsa
2237 2299 2437 2355 deinde
2468 2300 2606 2353 vocis
2630 2297 2860 2364 eruptio,
2896 2295 3193 2364 gratiarum
3229 2293 3500 2352 actiones,
3531 2286 3659 2357 qui-

2081 2392 2187 2446 bus
2213 2390 2356 2446 Dt-us
2392 2391 2725 2452 oblectatur,
2759 2394 3025 2441 contenta
3055 2401 3177 2440 voce
3206 2382 3531 2438 decantasse
3565 2380 3663 2434 de-

2077 2489 2372 2545 monstrat,
2406 2480 2561 2552 juxta
2611 2480 2745 2535 illud
2775 2498 2788 2533 :
2827 2498 2846 2531 ι
2881 2477 2947 2532 Ει
2980 2470 3658 2548 lingua‘nteditabiturju-

2079 2574 2285 2630 stitiam
2338 2581 2512 2638 tuam,
2546 2579 2657 2626 tota
2695 2571 2785 2626 die
2823 2569 3037 2624 Iaudem
3090 2577 3237 2623 tuam
3270 2566 3407 2619 "“.r
3445 2562 3662 2618 Deserta

2080 2681 2249 2738 porro
2280 2660 2544 2720 historice
2567 2664 2787 2734 quidem
2812 2661 2936 2718 ideo
2953 2663 3049 2727 ait,
3076 2658 3222 2731 quod
3248 2658 3440 2712 urbem
3462 2656 3660 2724 ipsam,

2080 2757 2273 2812 multis
2298 2766 2423 2827 post
2449 2756 2750 2811 admissum
2785 2755 2840 2809 in
2869 2754 3149 2809 Christum
3185 2750 3403 2804 facinus
3440 2749 3664 2801 absum-

2081 2849 2212 2920 ptis,
2241 2848 2541 2919 plurimum
2597 2847 2888 2916 occupavit
2932 2842 3200 2902 solitudo.
3232 2841 3330 2895 Sin
3376 2848 3561 2894 autem
3600 2853 3663 2890 ea

2082 2941 2151 2996 ad
2210 2946 2453 3016 menjem
2511 2953 2848 3007 sensumque
2910 2936 3229 2993 interiorem
3292 2930 3665 2994 referantur;

393 3046 507 3085 σου.
548 3048 567 3082 ι
598 3029 853 3084 Τοιοῦτον
886 3030 978 3084 καὶ
1006 3030 1088 3083 τό·
1122 3049 1140 3082 ι
1175 3030 1298 3083 Ὀτι
1352 3030 1519 3085 πολλὰ
1559 3031 1628 3085 τά
1681 3031 1847 3086 τέκνα
1880 3032 1969 3102 τῆς

2086 3031 2331 3088 Ecclesia
2368 3028 2789 3101 signiﬁcabitur,
2837 3043 2956 3098 qua:
2994 3027 3238 3082 virorum
3289 3020 3519 3094 quidem
3560 3034 3665 3074 nu-

392 3122 601 3211 ὲρήμου
635 3122 841 3211 μᾶλλον
872 3122 905 3192 ἢ
956 3123 1054 3192 τῆς
1078 3121 1310 3192 ἐχούσης
1344 3121 1437 3175 τὶν
1483 3122 1669 3192 ἄνδρα.
1702 3141 1722 3174 ι
1754 3122 1878 3185 Πῶς
1921 3122 1969 3175 δὲ

2084 3139 2236 3180 mero
2280 3123 2477 3211 ex/igua
2510 3122 2767 3193 primum,
2798 3120 3016 3175 inlinita
3068 3125 3249 3173 autem
3311 3111 3667 3195 multitudine

394 3209 605 3275 γένοιτο
661 3208 838 3273 τοῦτο,
872 3210 1170 3281 παρίστησι
1212 3209 1409 3277 λέγων,
1462 3209 1545 3261 ὅτι
1574 3209 1980 3278 Ἀποκαλύψει

392 3301 611 3369 Κύριος
636 3299 742 3353 τὸν
760 3299 1061 3369 βραχίονα
1092 3300 1305 3364 αὐτοῦς
1349 3300 1448 3371 τὴν
1500 3298 1594 3352 τοῦ
1632 3298 1979 3368 Μονογενοῦς

398 3391 691 3460 ἐπιδημίαν
723 3392 900 3461 δηλῶν
927 3393 1061 3446 πᾶσι
1088 3393 1200 3455 τοῖς
1225 3392 1437 3446 ἔθνεσιν
1462 3390 1904 3462 ἑπιλάμψουσαν.

2084 3203 2346 3284 deinceps
2374 3220 2536 3267 aucta
2570 3219 2685 3280 est;
2707 3210 2854 3267 unde
2884 3217 3015 3265 sunt
3046 3207 3159 3263 haec
3181 3206 3249 3261 ad
3285 3205 3436 3259 illam
3462 3203 3665 3259 verba:

2089 3324 2107 3356 ι
2146 3306 2314 3363 Eleva
2368 3306 2581 3360 circum
2636 3305 2831 3359 oculos
2884 3310 3013 3358 tuos
3046 3300 3112 3354 ".
3149 3318 3167 3351 ι
3199 3298 3332 3353 Tale
3369 3304 3424 3352 et
3483 3296 3616 3351 illud
3648 3313 3664 3350 :

2088 3412 2106 3445 ι
2138 3393 2412 3461 Quoniam
2455 3397 2642 3466 plures
2673 3394 2833 3449 liberi
2865 3393 3120 3458 desertae,
3153 3404 3319 3460 quam
3348 3389 3529 3443 virum
3567 3387 3665 3440 ha-

396 3486 580 3542 bentis
599 3486 667 3543 ⁸⁶.
698 3506 718 3540 ι
745 3485 908 3558 594
930 3487 1229 3553 Quiautetn
1250 3488 1396 3542 istud
1413 3484 1659 3541 futurum
1682 3486 2037 3567 sit,exponit,
2083 3502 2206 3544 cum
2232 3489 2519 3544 Dominum
2567 3489 2841 3543 brachium
2907 3502 3061 3541 suum
3127 3486 3479 3540 revelaturunt
3537 3484 3626 3538 ait.
3647 3502 3677 3537 :-

395 3579 595 3649 qnibus
643 3581 828 3635 verbis
852 3580 1119 3650 unigeniti
1140 3581 1260 3635 Filii
1289 3579 1584 3635 adventum
1610 3582 1868 3652 gentibus
1892 3582 2150 3638 omnibus
2179 3584 2392 3638 clarum
2426 3592 2786 3654 apertumque
2828 3581 2946 3634 fore
2972 3578 3324 3647 significavit.

471 3670 683 3725 οὐκοῦν
757 3672 979 3726 ἐπειδάν
1041 3674 1356 3743 προσφωνεῖ
1418 3671 1494 3742 τῇ
1554 3674 1709 3727 Σιὼν
1768 3675 1866 3729 καί
1907 3672 1983 3744 τῇ

405 3759 828 3830 Ἰερουσαλὴμ,
857 3762 924 3815 τὰ
952 3761 1252 3833 λελεγμένα
1280 3761 1371 3814 ἐπὶ
1398 3762 1499 3831 τὴν
1519 3763 1629 3814 τῶν
1648 3762 1817 3817 ὲθνῶν
1845 3764 1980 3817 ἀνα-

396 3852 621 3923 φέρεται
643 3852 859 3923 κλῆσιν.
908 3853 982 3905 Τὸ
1017 3854 1128 3924 γὰρ
1171 3852 1421 3916 θεοσεϐὲς
1474 3853 1798 3925 πολίτευμα,
1850 3855 1980 3911 ποτὲ

399 3942 499 4012 μὲν
528 3934 898 4012 παρ⁶ὲκείνοις
931 3939 1024 4016 ἦν,
1053 3945 1184 3998 ποτὲ
1211 3945 1267 3998 δὲ
1290 3944 1438 4016 παρά
1465 3947 1578 4013 τρῖς
1608 3945 1838 4007 ἔθνεσιν.
1860 3946 1895 4001 ὃ.
1914 3946 1977 4019 δὴ

395 4033 556 4087 Σιὼν
589 4034 690 4087 καί
732 4034 1120 4105 Ἰερουσαλὴμ
1144 4034 1484 4104 ὠνόμασται.
1516 4034 1608 4114 Aio
1640 4035 1734 4089 xui.
1750 4035 1979 4090 πάντοτε

395 4122 709 4195 ἀνθρώποις
768 4125 1101 4196 συνέστηκεν
1132 4128 1164 4196 ἡ
1219 4124 1445 4194 τοιαύτη
1501 4124 1595 4179 τοῦ
1630 4123 1767 4179 Θεοῦ
1799 4125 1973 4190 πόλις.
2010 4138 2016 4145 ·

407 4214 805 4285 Ἰερουσαλὴμ
830 4213 948 4282 οὖν,
977 4217 1015 4285 ἢ
1049 4216 1201 4271 Σιὼν
1254 4214 1545 4272 καλεῖσθαι
1578 4218 1678 4289 τὴν
1716 4219 1979 4289 τοιαύτην

397 4304 625 4376 ἐκλογὴν
653 4307 807 4361 οὐδὲν
834 4308 1084 4381 διαφέρει
1111 4324 1127 4341 ο
1159 4312 1271 4373 τοῖς
1305 4309 1362 4364 δὲ
1428 4310 1749 4374 ἀποστόλοις
1796 4310 1980 4364 λοιπὸν

400 4397 459 4452 τ’)
491 4400 825 4469 προφητικὸν
858 4400 1076 4471 πνεῦμα
1125 4405 1437 4472 προσφωνεί
1491 4402 1833 4474 ἀποστῆναι
1876 4400 1973 4456 τοῦ

396 4489 626 4563 ἀπίστου
656 4492 753 4544 καὶ
816 4492 1128 4567 ἀκαθάρτου
1185 4493 1340 4549 λαοῦ.
1388 4495 1581 4562 Σιιεύη
1626 4494 1684 4547 δὲ
1752 4495 1973 4563 Κυρίου

395 4580 467 4633 τὰ,
498 4580 792 4648 ὲκλεγέντα
824 4582 943 4637 ὑπὸ
968 4585 1189 4652 Κυρίου
1224 4584 1354 4652 ἆγια
1403 4584 1635 4654 σώματα
1680 4583 1883 4647 αὐτῶν,
1944 4584 1978 4655 ἢ

396 4673 467 4725 τὰ
496 4673 598 4742 τῆς
628 4674 839 4743 Καινῆς
860 4674 1138 4745 Διαθήκης
1175 4673 1503 4744 Εὐαγγέλια,
1550 4673 1697 4745 ἅπερ
1724 4677 1982 4745 ἐπικομι-

398 4759 664 4832 ζομένους
729 4764 1171 4818 ἀπαλλάττεσθαι
1234 4766 1334 4836 τῆς
1384 4765 1647 4829 ἀπιστίας
1702 4763 1798 4818 τοῦ
1850 4766 1981 4818 Ἰου-

398 4850 560 4904 δαίων
588 4852 802 4906 κελεύει
859 4852 1017 4919 λαοῦ,
1040 4856 1135 4907 καὶ⁵
1160 4855 1257 4925 τῆς
1288 4856 1425 4927 πρὸς
1476 4856 1676 4920 αὐτοὺς
1697 4856 1985 4921 κοινωνίας

396 4940 719 5012 ἀπέχεσθαι.
752 4944 993 5015 Οὐδεμία
1019 4946 1129 5018 γὰρ
1157 4948 1411 5002 κοινωνία
1460 4948 1602 5016 φωτὶ
1656 4950 1795 5018 πρὸς
1856 4952 1983 5005 σκό-

397 5048 512 5096 τος.
567 5034 708 5087 Ἀλλ’
736 5037 858 5091 οὐδὲ
913 5039 1073 5109 μερὶς
1095 5039 1273 5111 πιστῷ
1301 5040 1442 5111 μετά
1473 5040 1727 5095 ἀπίστου.
1778 5042 1904 5106 Τοῖς
1925 5044 1979 5112 γ’

398 5118 493 5179 οὖν
523 5125 792 5191 Γαλάταις
825 5129 919 5183 ἐπὶ
949 5131 1051 5203 τὴν
1077 5133 1308 5203 νομικὴν
1356 5134 1521 5188 πάλιν
1571 5133 1838 5205 δραμοῦσι
1886 5134 1979 5189 λα·

398 5216 587 5286 τρείαν
611 5218 640 5269 ὁ
663 5220 873 5285 Παῦλος
894 5224 1146 5296 ιπιτιμᾷ,
1183 5226 1279 5280 καὶ
1318 5226 1471 5291 τέλος
1504 5228 1694 5298 φησίν·
1738 5249 1756 5281 ι
1788 5228 1976 5293 Οὕτως

398 5306 615 5379 ἀνόητοί
639 5311 763 5365 ἐστε
790 5314 1148 5387 ἐναρξάμενοι
1187 5318 1479 5390 πνεύματι,
1542 5319 1639 5373 νῦν
1663 5321 1828 5391 σαρκὶ⁵
1848 5323 1972 5375 ἑπι-

466 5421 514 5453 ”
540 5419 644 5476 lsa.
686 5412 777 5490 an,
813 5426 868 5482 9’.
946 5429 994 5462 ³³
1027 5429 1205 5501 Philip
1252 5475 1266 5488 .

466 5504 585 5558 .xtv,
611 5492 702 5548 28.
778 5496 821 5529 "
853 5497 959 5555 lsa.
994 5516 1138 5558 χιιι.
1176 5447 1264 5558 lg.

466 5433 514 5453 ’π
540 5433 644 5476 Isa.
686 5440 777 5490 ιιι,
813 5433 868 5482 9.
946 5433 994 5462 ⁵³
1027 5433 1205 5501 Philip
1252 5475 1266 5488 .
1311 5449 1384 5498 tv,
1418 5433 1471 5488 1.

399 5504 585 5559 xxxtv,
611 5492 702 5548 28.
778 5496 821 5529 "
853 5497 959 5555 lsa.
994 5516 1138 5571 χιιι,
1176 5447 1264 5560 lg.
1343 5504 1389 5537 ⁸⁸
1416 5504 1468 5560 Is

1343 5504 1389 5537 ⁵⁸
1416 5504 1523 5561 lsa.
1556 5520 1642 5561 ιιν
1695 5511 1747 5559 t.

1571 5433 1617 5467 ”
1647 5434 1766 5490 Act.
1804 5450 1864 5498 ιι,
1904 5434 1993 5488 4³.

1823 5496 1869 5537 ⁸⁵
1908 5504 1948 5556 ll
1980 5504 2111 5564 Cor,
2142 5515 2219 5563 νι,
2252 5499 2343 5566 tl,
2378 5498 2465 5554 l5.
2541 5498 2585 5531 "
2616 5496 2794 5554 Galat.
2829 5513 2911 5565 ιιι,
2936 5496 2989 5553 5.

2169 3673 2398 3741 Quando
2444 3674 2616 3745 igitur
2651 3671 2865 3728 Sionem
2915 3680 2962 3726 et
2993 3668 3289 3725 Jerusalem
3343 3665 3662 3737 alloquitur.

2089 3780 2212 3837 quae
2250 3766 2399 3821 dicta
2431 3772 2561 3820 sunt
2594 3763 2661 3817 ad
2689 3763 2931 3833 gentium
2950 3761 3298 3817 vocationem
3335 3760 3666 3815 referuntur.

2088 3857 2214 3912 Fuit
2242 3857 2386 3913 enim
2413 3855 2549 3912 alias
2590 3854 2814 3925 quidem
2847 3854 2988 3923 apud
3024 3853 3147 3908 illos
3174 3851 3321 3922 pium
3357 3852 3483 3905 vita:
3508 3849 3668 3903 insti-

2090 3958 2267 4004 tutum
2306 3946 2484 4014 ;alias
2503 3946 2668 4002 etiam
2704 3944 2844 4015 apud
2876 3951 3109 4015 gentes;
3140 3958 3262 4013 qua:
3295 3951 3444 3996 certe
3487 3939 3668 3995 Sionis

2083 4050 2134 4096 et
2178 4039 2673 4111 Hierosolymorum
2724 4035 3043 4091 nominibus
3094 4030 3668 4104 significantur.Quo-

2087 4132 2238 4186 niam
2282 4132 2467 4202 itaque
2510 4127 2831 4185 hominibus
2861 4141 3078 4196 semper
3110 4122 3363 4179 constitit
3390 4120 3669 4193 ejusmodi

2085 4223 2181 4279 Dei
2212 4224 2410 4278 civitas
2440 4240 2455 4290 ;
2491 4222 2627 4278 nihil
2655 4221 2888 4276 interest
2911 4215 3301 4281 Jerusalemne,
3326 4230 3394 4269 an
3425 4213 3555 4270 Sion
3581 4213 3672 4269 de-

2086 4318 2259 4372 lectos
2299 4314 2574 4384 ejusmodi
2628 4326 2937 4381 nuuenpes.
2973 4308 3238 4378 Deinceps
3290 4307 3573 4377 apostolos
3600 4305 3672 4361 ab

2087 4388 2377 4464 incredqu
2424 4414 2479 4461 et
2524 4406 2741 4473 impuro
2786 4401 2988 4472 pepulo
3031 4399 3268 4455 recedere
3318 4398 3671 4468 propheticus

2082 4498 2243 4571 jubet
2268 4496 2529 4568 spiritus;
2566 4502 2622 4549 et
2658 4493 2872 4548 Domini
2914 4509 3065 4557 vasa,
3106 4507 3297 4546 eorum
3326 4506 3448 4559 qua:
3477 4507 3510 4545 α
3558 4489 3671 4544 Do-

2088 4591 2230 4646 mino
2252 4590 2452 4645 selecta
2474 4594 2626 4653 sunt,
2651 4600 2882 4656 corpora
2915 4583 3153 4655 appellat
3180 4600 3199 4651 ;
3230 4593 3323 4637 aut
3347 4584 3464 4655 ipsa
3500 4582 3667 4637 etiam

2088 4680 2224 4737 Novi
2266 4678 2604 4736 Testamenti
2631 4677 2950 4749 Evangelia,
2977 4691 3105 4749 quae
3131 4673 3450 4732 Iudaeorum
3479 4675 3671 4730 relicta

2090 4774 2676 4843 inﬁdelitate,portare
2699 4770 2972 4843 pracipit,
2994 4779 3049 4826 et
3079 4769 3149 4826 ab
3181 4771 3377 4825 horum
3408 4768 3672 4823 societate

2092 4863 2388 4920 abstinere.
2415 4862 2607 4932 Neque
2664 4861 2813 4917 enim
2874 4860 3015 4915 lucis
3061 4868 3119 4915 et
3161 4861 3509 4915 tenebrarum
3562 4856 3670 4907 ulla

2090 4960 2271 5027 potest
2324 4968 2450 5009 esse
2489 4953 2831 5016 communio,
2888 4967 3066 5022 neque
3114 4951 3256 5005 ﬁdeli
3288 4966 3410 5005 cum
3462 4947 3668 5002 inlldeli

2088 5046 2327 5103 societas
2354 5044 2424 5097 ”.
2463 5042 2605 5100 Hinc
2640 5050 2728 5098 est
2784 5043 2973 5112 igitur,
3016 5042 3161 5112 quod
3218 5040 3448 5106 Galatis,
3473 5040 3566 5109 qui
3599 5038 3667 5092 ad

2085 5136 2220 5207 legis
2235 5135 2442 5189 cultum
2463 5134 2782 5200 rediissent,
2797 5133 2869 5188 ita
2885 5140 3184 5189 succenset
3200 5130 3435 5185 Paulus:
3455 5148 3474 5182 ι
3497 5130 3669 5184 Adeo-

2085 5243 2153 5283 ne
2167 5226 2317 5283 stulti
2330 5226 2486 5293 estis,
2502 5236 2580 5290 ut,
2597 5240 2722 5280 cum
2741 5225 2939 5295 spiritu
2961 5224 3300 5293 inceperitis,
3315 5237 3461 5277 nunc
3498 5238 3666 5277 carne

2082 5316 2541 5374 consummemini
2571 5313 2666 5366 ὀἳ
2701 5333 2719 5366 ι
2752 5306 3305 5370 Circumcidebantur
3348 5311 3493 5367 enim
3523 5351 3537 5375 ,
3571 5313 3664 5382 qui

2099 5431 2147 5464 "
2196 5429 2319 5484 Act.
2350 5444 2461 5491 xvi,
2491 5425 2562 5482 ει
2592 5442 2753 5497 seqq.
2853 5425 2901 5458 "
2930 5424 3077 5497 Psal.
3097 5441 3243 5494 sua,
3273 5424 3327 5482 3.
3404 5423 3481 5456 ’δ’
3517 5420 3663 5478 Psal.

1670 5613 1900 5672 ναὶΙίιῶ
1950 5609 2243 5673 LECTION
2255 5611 2358 5671 ES.

469 5712 499 5743 ³
536 5704 622 5760 ιον.
666 5723 754 5777 γρ.
786 5704 935 5772 τούς.
