3976 6220
239 321 377 391 εδει

241 438 370 491 [διον
392 435 420 487 ὁ
446 437 732 505 προφήτης
791 434 1064 493 ὑπέϐαλλε
1089 440 1377 511 πρόσωπον
1411 444 1522 502 τοῖς
1553 443 1642 493 τὸν
1676 442 1807 510 Χρι-
1835 452 1880 502 Α

237 527 364 580 στὸν
389 526 738 594 ἀθετήσασιν.
779 528 980 599 Ἐχρῆν
1007 531 1063 584 δὲ
1094 534 1318 585 σκοπεῖν
1372 533 1519 601 ἡμᾶς
1539 572 1554 595 ,
1608 534 1798 601 φησιν,

235 618 310 682 ὡς
336 612 490 681 οὗτος
519 615 587 689 ἦν
608 620 717 691 ἄρα
734 620 843 672 τῶν
871 621 1155 692 ἡμετέρων
1182 622 1367 693 ψυχῶν
1394 624 1422 676 ὁ
1450 624 1659 692 Σωτὴρ,
1695 624 1800 688 τὰς

235 709 521 777 ἁμαρτίας
552 708 721 777 ἡμῶν
758 708 959 779 φέρων,
991 712 1088 764 καὶ
1120 714 1250 782 περὶ
1302 713 1461 784 ἡμῶν
1506 714 1800 781 ὀδυνώμε-

236 814 362 862 νος.
419 796 709 867 Σύμμαχος
747 798 804 851 δέ
854 816 1056 868 φησιν·
1113 802 1329 868 Ὄντως
1355 803 1462 868 τὰς
1511 805 1799 872 ἁμαρτίας

235 885 405 955 ἡμῶν
428 887 612 952 αὐτὸς
660 888 934 951 ἀνέλαϐε,
987 890 1083 943 καὶ
1114 890 1256 957 τοὺς
1288 893 1517 958 πόνους
1556 893 1797 961 ὑπέμει-

231 993 358 1030 νεν.
388 976 586 1044 Ἡμεῖς
602 977 669 1029 δὲ
696 977 1091 1047 ἐλογισάμεθα
1120 982 1307 1035 αὑτὸν
1332 982 1401 1034 ἐν
1430 981 1555 1051 ἁφῇ
1576 984 1590 1020 ί
1628 983 1793 1046 ὄντα,

230 1069 578 1136 πεπληγπότα
641 1070 759 1122 ὑπὸ
798 1071 966 1132 Θεοῦ,
1020 1072 1119 1125 καὶ
1166 1075 1693 1143 τεταπεινωμένον.
1724 1069 1796 1147 Ὦ

232 1158 537 1225 συμφώνως
578 1157 846 1237 ἐξέδωκαν
879 1161 927 1212 οἱ
950 1160 1148 1214 λοιποί.
1195 1162 1385 1232 Ἡμεῖς
1442 1164 1540 1234 μὲν
1568 1159 1681 1232 οὖν,
1705 1159 1795 1219 οἷα

228 1249 435 1317 νήπιοι,
484 1247 659 1300 ταῦτα
694 1252 822 1320 περὶ
871 1252 1035 1334 αυτοῦ
1072 1257 1517 1325 πεφρονήκαμεν.
1550 1257 1794 1326 Ἐπασχε

225 1339 283 1392 δὲ
306 1338 376 1392 δι’
402 1341 569 1408 ἡμᾶς,
602 1340 963 1397 ἀπαλλάττων
990 1346 1260 1414 τιμωρίας
1283 1347 1381 1416 τῆς
1400 1349 1465 1400 ὲκ
1486 1347 1592 1401 τῶν
1616 1349 1795 1419 ἁμαρ-

224 1427 484 1497 τημάτων
511 1429 864 1499 ὀφειλομένης
896 1433 992 1502 τὴν
1022 1434 1436 1509 ἀνθρωπότητα.
1469 1436 1528 1490 '0
1551 1437 1608 1488 δὲ
1634 1437 1794 1491 Ἀκύ-

226 1518 343 1578 λαςο
360 1519 568 1585 Αὐτὸς,
591 1522 744 1589 φησὶ.
759 1522 1181 1591 βεὸη.1ωμέγος
1202 1526 1298 1578 ἐπὶ
1329 1524 1588 1580 ἁθεσιῶν
1602 1526 1788 1595 ἡμῶν.

227 1604 335 1662 Ἦν
365 1612 474 1681 7&9
501 1611 717 1681 άληθῶς
739 1613 1182 1682 βεϐηιωμένος,
1231 1617 1313 1668 ὅτι
1368 1616 1591 1684 γέγονεν
1648 1618 1791 1686 ὑπὲρ

229 1702 379 1771 ἡμῶν
411 1703 643 1772 κατάρα,
676 1704 815 1757 κατὰ
843 1705 934 1758 τὸν
960 1706 1017 1763 Ἀ
1029 1706 1305 1770 πόστολον,
1323 1709 1404 1760 ὅτι
1433 1709 1744 1780 γέγραπται
1772 1728 1787 1743 ο

1335 329 1864 391 COMMENTARII
1890 329 1971 390 IN
1996 328 2280 389 ISAIAM.

3317 327 3467 393 2522

1911 455 2099 495 sonam
2118 454 2277 494 suam
2313 438 2572 509 prepheta
2599 455 2721 495 cum
2757 439 2844 503 iis,
2869 439 2961 508 qui
2990 438 3274 511 Christum
3288 454 3471 510 asper-

1909 531 2199 585 nabantur.
2235 529 2425 584 Decuit
2455 545 2584 584 vero
2617 544 2736 590 nos,
2769 530 2966 598 inquit,
2991 529 3293 594 advertere,
3319 530 3469 585 hunc

1902 637 2026 677 esse
2063 623 2366 675 animarum
2402 629 2710 675 nostrarum
2749 619 3103 684 Salvatorem,
3131 625 3468 689 qui.peccota
3552 618 3569 637 ‘
3646 632 3655 641 ‘

1903 724 2085 766 nostra
2116 713 2308 775 lueret,
2338 712 2542 781 quique
2566 709 2737 765 nostri
2754 724 2919 764 causa
2940 710 3146 765 dolores
3166 719 3465 778 pateretur.

1903 801 2007 857 Sed
2040 801 2199 856 habet
2221 803 2275 855 in
2307 802 2453 857 hunc
2472 800 2692 855 modum
2716 799 3023 871 Symmachi
3054 800 3463 869 interpretatio:

1897 894 2097 948 Revera
2142 905 2356 962 peccata
2422 903 2607 947 nostra
2657 893 2765 960 ipse
2820 892 3124 959 assumpsit,
3161 890 3479 959 laboresque,

1899 992 2110 1038 nostros
2137 984 2412 1037 sustinuit.
2458 982 2567 1036 [\‘os
2593 990 2765 1034 autem
2791 979 3103 1049 putauimus
3147 994 3265 1032 eum
3296 978 3467 1045 lepro-

1896 1089 2011 1127 sum
2058 1088 2189 1133 esse,
2217 1088 2520 1139 percussum
2552 1088 2585 1123 a
2645 1070 2775 1135 Deo,
2824 1078 2874 1122 et
2944 1068 3276 1120 humiliatum
3304 1083 3323 1120 :
3376 1066 3464 1120 cui

1895 1171 1949 1219 et
1979 1160 2172 1231 reliqui
2203 1163 2367 1216 etiam
2401 1160 2775 1216 consentiunt.
2807 1159 2919 1215 Nos
2967 1159 3150 1228 igitur.
3206 1168 3465 1225 tanquam

1894 1269 2089 1325 parum
2134 1252 2451 1322 prudentes,
2508 1251 2576 1306 de
2598 1265 2663 1306 eo
2699 1251 2829 1304 talia
2867 1249 3273 1310 sentiebamus;
3337 1261 3465 1299 cum

1896 1352 2119 1415 promer
2156 1358 2259 1398 nos
2296 1349 2575 1411 pateretur
2602 1348 2805 1402 tamen,
2838 1349 2897 1393 ut
2924 1354 2986 1393 ea
3019 1338 3298 1396 mortales.
3344 1351 3466 1405 quae

1896 1437 2134 1507 peccatis
2163 1450 2352 1490 eorum
2403 1422 2655 1498 debetur,
2680 1434 2919 1487 vindicta
2938 1434 3222 1501 liberaret.
3252 1428 3342 1483 Sic
3368 1444 3467 1482 au-

1893 1536 1999 1580 tem
2031 1525 2288 1594 Aquilus:
2323 1522 2466 1592 Ipse,
2491 1524 2688 1593 inquit,
2726 1521 3097 1591 o/fensionibus
3128 1523 3321 1574 nostris
3337 1532 3466 1586 pro-

1892 1618 2109 1687 [enatus
2158 1624 2259 1668 est.
2324 1614 2452 1666 Erat
2510 1614 2656 1668 enim
2712 1627 2900 1667 revera
2957 1611 3307 1679 profanatas,
3368 1608 3462 1679 qui

1893 1712 2194 1767 secundum
2247 1709 2608 1780 Apostolum,
2683 1726 2703 1759 ι
2741 1708 2850 1760 Pro
2908 1706 3070 1759 nobis
3127 1703 3464 1757 abominatio

236 1792 661 1863 Ἐπικατάρατος
716 1797 821 1859 πᾶς
855 1797 883 1848 ὁ
913 1799 1258 1868 κρεμάμενος
1310 1800 1402 1853 ἐπὶ
1451 1800 1631 1865 ξύλου.
1672 1803 1787 1855 Οὐκ

1892 1805 2068 1858 factus
2105 1812 2188 1858 est
2212 1802 2297 1866 ⁸⁶;
2338 1821 2356 1853 ι
2401 1816 2523 1855 cum
2555 1798 2902 1853 maledictum
2933 1810 3057 1851 esse
3094 1807 3331 1854 onmem,
3368 1792 3462 1860 qui

222 1882 328 1951 ἄρα
377 1882 606 1949 κάλλος
625 1882 737 1954 εἶχε
766 1885 828 1938 τὸ
857 1886 1180 1955 θεοπρεπὲς,
1224 1889 1359 1943 ἀλλ’
1382 1890 1614 1959 ἄτιμον.
1647 1893 1789 1965 Πρὸς

221 1971 330 2043 γὰρ
348 1976 448 2042 τὴν
481 1973 631 2027 θείαν
658 1974 1023 2047 λαμπρότητα
1049 1980 1155 2030 πᾶν
1189 1978 1529 2048 ἀνθρώπινον
1554 1980 1786 2049 ἄτιμον.

223 2062 449 2134 Εἴρηται
471 2063 601 2133 γοῦν
614 2072 664 2101 η’
691 2084 711 2117 ι
741 2067 953 2137 Ὠρατος
982 2068 1168 2122 κάλλει
1191 2070 1340 2140 παρὰ
1365 2071 1490 2134 τοὺς
1507 2071 1654 2133 υἱοὺς
1680 2071 1788 2126 τῶν

220 2151 542 2222 ἀνθρώπων.
556 2153 693 2208 »Καὶ
709 2154 884 2218 ἄλλως
900 2155 956 2208 δὲ
974 2155 1211 2224 γεγονὼς
1232 2158 1295 2209 ἐκ
1316 2159 1537 2226 πτωχῆς
1558 2159 1785 2230 μητρὸς,

219 2239 306 2293 διὰ
369 2242 588 2296 πάντων
631 2242 836 2298 ὥδευσε
891 2246 1000 2298 τῶν
1053 2248 1346 2313 ταπεινῶν,
1383 2250 1448 2301 ἵν’
1483 2249 1673 2322 ὑψώσῃ
1728 2250 1787 2303 τὸ

220 2336 493 2400 ταπεινὸν,
523 2338 619 2391 καὶ
648 2338 853 2409 Κύριος
877 2340 933 2393 δὲ
958 2342 1050 2394 καὶ
1083 2341 1335 2412 βασιλεὺς
1366 2345 1628 2414 ὑπάρχων
1675 2345 1784 2398 τῶν

220 2426 403 2494 ὅλωνρ
437 2426 596 2491 ποίας
622 2427 690 2481 ἂν
718 2429 911 2500 ὲδεήθη
964 2432 1062 2501 τῆς
1084 2433 1142 2483 ἐν
1171 2414 1482 2503 ἀνθρώποις
1536 2434 1784 2504 λαμπρό-

219 2534 376 2588 τητος
398 2534 413 2582 ;
439 2520 686 2588 κατηφὲς
710 2521 767 2574 δὲ
798 2521 929 2584 ἴσως
960 2523 1021 2576 τὸ
1050 2523 1146 2576 τοῦ
1198 2524 1451 2595 Σωτῆρος
1499 2526 1784 2579 τεοέανται

219 2609 511 2680 πρόσωπον
555 2614 651 2666 καὶ
691 2614 1253 2685 τεταραγμένον.πρὸ
1290 2633 1386 2669 του
1424 2617 1680 2687 σταυροῦ,
1709 2619 1785 2681 ὡς

218 2699 397 2768 λέγειν
415 2716 429 2733 '
461 2721 479 2754 ι
503 2703 618 2757 Νῦν
649 2706 681 2772 ἠ
707 2704 852 2774 ψυχή
873 2722 976 2775 μου
1004 2705 1333 2776 τετάρακται
1356 2710 1450 2761 καὶ
1476 2708 1780 2775 περίλυπός

220 2792 365 2845 ἐστιν
391 2794 424 2863 ἠ
453 2793 597 2864 ψυχή
632 2812 733 2864 μου
758 2796 860 2859 ἕως
888 2795 1171 2850 θανάτου.»
1203 2796 1447 2868 Ἀπαθὴς
1471 2797 1578 2868 γὰρ
1602 2796 1786 2862 ὣν,ὡς

220 2881 373 2948 θεὸς,
399 2885 464 2954 τῇ
498 2884 622 2937 καθ’
653 2886 802 2955 ἡμᾶς
855 2887 1088 2940 ἐνέδωκε
1151 2886 1311 2955 φύσει
1346 2888 1420 2957 μὴ
1463 2888 1785 2956 ἀναλγήτως

221 2973 364 3044 ἐχειν
388 2974 752 3044 ὶμδάλλοντος
780 2976 1111 3048 πειρασμοῦ,
1146 2977 1245 3048 τῆς
1299 2977 1602 3046 φαντασίας
1632 2979 1785 3032 ἀναι-

221 3064 335 3135 ρῶν
362 3063 458 3137 τὴν
493 3066 768 3121 ὑπόνοιαν.

1890 1890 2087 1961 pendet
2116 1891 2170 1944 in
2204 1891 2350 1959 ligno
2381 1890 2661 1946 scribatur
2691 1888 2757 1941 ⁸⁷.
2789 1887 2906 1941 Non
2927 1900 3057 1956 ergo
3079 1884 3319 1953 speciem
3353 1881 3462 1935 Deo

1889 1982 2131 2050 dignam,
2173 1980 2267 2035 sed
2299 1980 2671 2033 inhonoratam
2708 1977 2935 2030 habuit:
2975 1973 3198 2046 quando
3238 1962 3370 2025 nihil
3403 1971 3460 2024 in

1844 2070 2245 2124 humanitatis
2296 2069 2504 2124 ratione
2558 2068 2836 2139 reperias,
2888 2066 3029 2136 quod
3070 2066 3367 2121 obscurum
3403 2070 3460 2119 et

1888 2161 2262 2216 inhonoratum
2313 2175 2421 2214 non
2473 2160 2587 2224 sit,
2624 2159 2682 2213 si
2731 2172 2856 2211 cum
2911 2156 3103 2211 divino
3165 2154 3459 2224 splendore

1888 2264 2194 2320 compares.
2254 2248 2466 2305 Dicitur
2524 2249 2671 2305 enim
2739 2247 3071 2316 «speciosus
3130 2244 3304 2297 forrua
3347 2257 3456 2312 pne

1889 2340 2015 2397 ﬁliis
2048 2341 2326 2396 hominum
2377 2340 2444 2395 ⁸⁸.
2484 2358 2503 2392 ι
2563 2339 2715 2393 Alias
2750 2352 2880 2392 vero
2913 2337 3077 2390 etiam
3118 2336 3456 2403 paupercula

1887 2440 2063 2485 matre
2091 2431 2271 2485 editus
2302 2444 2397 2499 per
2418 2429 2636 2483 humilia
2662 2428 2844 2483 omnia
2867 2424 3184 2488 ambulavit,
3212 2424 3369 2495 θοι
3399 2432 3457 2475 ut

1885 2523 2031 2592 quod
2050 2531 2193 2577 esset
2211 2522 2475 2589 ejusmodi
2498 2521 2800 2575 extolleret.
2816 2518 2969 2583 Quali
2988 2532 3207 2571 rursum
3222 2517 3295 2568 illi
3316 2519 3458 2569 inter

1889 2613 2141 2667 homines
2169 2613 2408 2668 versanti
2444 2611 2737 2680 splendore
2775 2623 2914 2678 opus
2960 2608 3082 2670 fuit,
3117 2608 3209 2677 qui
3241 2606 3457 2660 univer-

1888 2715 2074 2754 sorum
2109 2700 2371 2754 Dominus
2420 2706 2474 2753 et
2528 2714 2620 2752 rex
2669 2697 2919 2752 exsistit?
2966 2695 3130 2764 Atqui
3159 2694 3453 2749 demissum

1888 2787 2097 2853 forsan,
2132 2796 2186 2842 et
2214 2786 2587 2857 perturbatum
2620 2793 2745 2837 ante
2766 2798 2987 2837 crucem
3013 2781 3313 2836 Salvaturis
3337 2778 3456 2832 vul-

1887 2889 2002 2935 tum
2064 2888 2214 2933 tuum
2244 2878 2462 2933 demum
2492 2884 2623 2932 sunt
2652 2874 2857 2937 intuiti,
2885 2889 3013 2928 eum
3032 2873 3267 2927 animam
3296 2884 3451 2925 suam

1886 2969 2206 3026 conturbari
2236 2978 2291 3023 et
2319 2968 2506 3024 dolere
2552 2982 2729 3036 usque
2757 2967 2824 3019 ad
2859 2973 3094 3019 mortem
3146 2962 3355 3017 diceret
3382 2961 3449 3015 θ’.

1885 3061 2020 3117 Cum
2044 3061 2190 3114 enim
2227 3060 2366 3130 ipse,
2398 3065 2657 3126 tanquam
2696 3055 2860 3121 Deus,
2893 3053 3137 3127 passioni
3168 3066 3275 3106 non
3308 3059 3454 3108 esset

220 3157 523 3225 obnoxius,
555 3168 805 3216 naturam
843 3169 1047 3225 tamen.
1075 3179 1237 3233 quam
1291 3172 1494 3220 nostra:
1551 3164 1782 3219 similem
1827 3158 2143 3229 assumpsit,
2183 3171 2308 3211 cum
2339 3154 2668 3211 lentationes
2701 3152 2961 3221 impetum
3032 3149 3291 3209 iacerent.
3359 3145 3456 3200 doc

221 3248 336 3303 lore
371 3264 563 3305 vacare
588 3252 783 3319 noluit,
818 3263 1095 3324 spectrum
1132 3270 1256 3311 esse
1279 3258 1457 3326 putari
1485 3272 1552 3310 ne
1573 3272 1633 3312 se
1657 3255 2011 3326 permitteret.

303 3337 728 3409 Ἀπέστρεπται
752 3341 831 3408 δὲ,
859 3344 1012 3411 φασὶ,
1039 3343 1106 3397 τὸ
1142 3346 1486 3413 πρόσωπον,
1518 3347 1639 3400 ἀντὶ
1684 3345 1779 3399 τοῦ

1953 3343 2048 3398 Est
2074 3350 2252 3397 autem
2286 3343 2400 3409 ejus
2425 3354 2607 3393 aversa
2663 3336 2848 3406 facies,
2882 3334 3067 3402 aiunt;
3098 3333 3149 3388 id
3184 3342 3286 3387 est.
3321 3346 3455 3387 con-

219 3430 590 3503 κατῃσχύνθη.
618 3433 945 3501 Ἠτιμάσθη
976 3435 1052 3505 δὲ,
1077 3436 1175 3489 καὶ
1202 3439 1315 3491 οὐκ
1334 3438 1626 3506 ἐλογίσθη
1648 3455 1663 3468 ο
1695 3439 1785 3492 ὅτε

221 3520 531 3590 πέμψαντος
551 3522 778 3576 Πιλάτου
804 3523 937 3595 πρὸς
958 3525 1049 3580 τὸν
1064 3525 1330 3596 Ἡρώδην,
1350 3528 1511 3580 αὐτὸν
1528 3537 1556 3566 τ
1575 3526 1783 3592 ἐξουδεο

224 3611 331 3663 νῶν
364 3611 437 3673 ὡς
460 3611 621 3665 αὑτὸν
642 3613 961 3683 ἀπέπεμψε.
991 3615 1162 3669 Πάλιν
1191 3617 1286 3670 καὶ
1335 3617 1423 3670 ὅτε
1451 3617 1520 3669 τὰ
1549 3617 1790 3688 ὑϐριστι-

227 3699 447 3754 κώτατα
497 3703 813 3773 κρινόμενος
869 3706 1108 3775 ἔπασχε*
1133 3706 1230 3760 καὶ
1286 3708 1418 3776 παρ’
1477 3708 1640 3761 αὑτὸν
1693 3709 1786 3761 τὸν

225 3793 477 3863 σταυρόν.
510 3793 598 3848 Διὸ
646 3796 750 3848 κάν
792 3798 906 3860 τοῖς
939 3797 1313 3868 προλεχθεῖσιν
1367 3798 1603 3868 ἔφασκε·
1636 3819 1656 3851 ι
1679 3801 1784 3853 Τὸν

220 3878 387 3932 νῶτόν
419 3897 519 3951 μου
538 3881 744 3935 δέδωκα
765 3884 845 3945 εἰς
862 3882 1149 3952 μάστιγας,
1176 3902 1195 3935 ι
1212 3885 1305 3938 καὶ
1329 3885 1396 3938 τὰ
1419 3884 1566 3949 εἵς.
1580 3886 1785 3939 Πέπον-

220 3968 311 4022 θεν
339 3965 431 4024 οὖν
452 3970 550 4023 οὐκ
571 3972 649 4034 εἰς
675 3971 804 4024 ἵδιον
832 3971 992 4043 χρέος
1019 3972 1317 4043 (ἁμαρτίαν
1342 3973 1451 4044 γὰρ
1473 3974 1572 4026 οὑκ
1597 3972 1782 4043 ἐποίη-

221 4062 474 4131 σεν),ὰλλ⁹
500 4065 585 4126 εἰς
616 4064 902 4134 ἡμέτερον,
929 4060 1011 4128 εἷς
1041 4067 1070 4118 ὁ
1099 4065 1318 4119 πάντων
1365 4064 1775 4134 άνταξιώτερος,

220 4152 435 4205 Παύλου
480 4149 871 4219 λέγοντοςἘῖς
932 4154 1072 4224 ὑπὲρ
1105 4155 1322 4209 πάντων
1368 4156 1658 4223 ἀπέθανεν,
1692 4155 1778 4209 ἵνα.

218 4243 267 4295 oi
295 4240 496 4305 ζῶντες
546 4241 739 4311 μηκέτι
779 4245 989 4307 ἑαυτοῖς
1022 4244 1211 4309 ζῶσιν,
1239 4245 1377 4300 ἀλλὰ
1403 4245 1479 4314 τῷ
1513 4246 1651 4317 ὑπὲρ
1676 4246 1777 4300 αὗ-

216 4331 326 4383 τῶν
350 4330 672 4385 ἀποθανόντι
694 4334 788 4387 καὶ
821 4335 1122 4405 ἐγερθέντι.
1156 4354 1175 4387 ι
1221 4335 1417 4387 ’ἰστέον
1439 4335 1495 4388 δὲ
1527 4335 1600 4400 ὡς
1632 4338 1778 4401 τινὲς

1891 3434 2030 3489 fusa.
2068 3432 2164 3488 Est
2200 3443 2256 3487 et
2283 3432 2578 3498 despectus,
2619 3443 2710 3482 nec
2749 3435 3021 3493 reputatus
3046 3440 3065 3478 :
3112 3422 3330 3492 quando
3364 3423 3451 3476 ni-

1887 3528 2084 3580 mirum
2115 3539 2211 3593 per
2242 3525 2477 3578 Pilatum
2522 3522 2723 3575 missus
2756 3518 2826 3573 ad
2856 3518 3124 3572 Herodem
3147 3554 3163 3579 ,
3206 3516 3274 3568 ab
3314 3517 3451 3570 istu-

1886 3630 1992 3691 que
2019 3622 2365 3684 conlgmptus
2406 3612 2473 3665 ad
2503 3611 2754 3666 eumdem
2797 3610 3060 3663 remissus
3088 3616 3201 3670 est;
3231 3606 3450 3674 quando

1884 3719 2099 3760 rursum
2129 3701 2682 3758 contumeliosissime
2720 3699 3050 3763 damnatus;
3085 3697 3307 3766 quando
3353 3696 3449 3750 de-

1884 3795 2049 3865 nique
2081 3793 2264 3848 crucis
2310 3801 2539 3846 mortem
2576 3805 2870 3859 perpessus
2902 3806 2917 3844 :
2958 3788 3101 3842 unde
3131 3795 3186 3841 et
3232 3788 3323 3840 illa
3346 3801 3447 3840 ex-

1884 3885 2106 3948 sistunt,
2137 3883 2338 3952 quibus
2364 3896 2424 3935 se
2464 3880 2690 3934 dorsum
2727 3894 2888 3934 suum
2939 3876 3263 3930 verberibus
3309 3890 3449 3943 prte-

1881 3978 2068 4034 buisse
2120 3978 2201 4041 ",
2252 3984 2308 4030 et
2361 3988 2484 4043 quae
2536 3972 2824 4040 deinceps.
2890 3968 3147 4038 superius
3206 3966 3441 4022 dicebat.

1880 4070 2085 4124 Passus
2107 4078 2194 4122 est
2221 4080 2354 4136 ergo
2379 4079 2490 4119 non
2516 4063 2571 4117 in
2617 4062 2700 4117 sui
2733 4061 2847 4131 (qui
2876 4068 3161 4130 peccatum
3196 4072 3307 4111 non
3345 4056 3443 4110 ad-

1879 4163 2074 4233 misit).
2121 4160 2215 4215 sed
2242 4160 2296 4214 in
2350 4158 2521 4212 nostri
2560 4155 2730 4211 debiti
2783 4154 3245 4224 persolutionem;
3299 4165 3445 4206 unus

1878 4257 2120 4308 omnium
2144 4253 2299 4321 longe
2311 4248 2821 4320 praestantissimus,
2850 4247 3021 4301 Paulo
3045 4254 3200 4306 teste,
3216 4244 3437 4298 ubisit:

1882 4362 1902 4395 ι
1943 4343 2098 4398 Unus
2129 4356 2228 4412 pro
2267 4339 2524 4396 omnibus
2577 4347 2827 4392 mortuus
2857 4343 2965 4399 est,
2997 4345 3057 4390 ut
3085 4335 3177 4404 qui
3214 4334 3438 4398 vivunt,

212 4422 294 4485 τὸ,
334 4423 794 4492 Ἀνηγτείλαμεν
819 4425 899 4490 ὡς
936 4425 1196 4487 παιδίον,
1221 4425 1307 4478 διὰ
1335 4424 1428 4479 τοῦ
1470 4427 1775 4496 γράψαντες

1886 4434 1979 4490 slbi
2001 4432 2233 4500 amplius
2258 4444 2367 4484 non
2398 4429 2611 4492 vivant,
2647 4426 2743 4482 sed
2772 4426 2898 4495 ipsi,
2925 4426 3019 4494 qui
3062 4437 3159 4492 pro
3184 4423 3264 4477 eis
3293 4436 3441 4476 mor-

210 4512 355 4567 οὓτω
377 4514 542 4583 φασιν
562 4530 574 4542 ⁸
602 4516 866 4569 ἀντέπεσε
889 4516 997 4586 7&9
1018 4516 1093 4579 ὡς
1126 4516 1273 4577 εἰκὸς
1298 4530 1344 4579 ι,
1375 4517 1453 4586 τῷ
1498 4520 1771 4592 προφήτῃ,

209 4606 293 4661 ὅτι
323 4606 389 4659 σὺ
410 4606 474 4659 ἐκ
494 4605 589 4659 τοῦ
620 4607 933 4677 Πνεῦματος
961 4608 1243 4681 ἐδιδάχθης
1274 4608 1374 4677 τὴν
1417 4608 1584 4663 αὐτοῦ
1633 4626 1771 4681 παρο-

1875 4534 2003 4579 tuus
2034 4534 2120 4578 est
2167 4529 2221 4577 et
2261 4522 2564 4576 resurrexit
2604 4519 2671 4573 ".
2707 4536 2725 4569 ι
2757 4516 2849 4570 Est
2875 4526 3054 4569 autem
3097 4512 3439 4567 animadver-

1874 4612 2119 4677 tendum,
2144 4626 2254 4681 quo
2277 4610 2397 4665 loco
2420 4608 2853 4663 annuntiavimus
2882 4614 3133 4673 tanquam
3160 4602 3439 4673 parvulum

209 4695 419 4757 ουσίαν,
470 4697 639 4766 ἐχρῆν
666 4695 724 4749 δὲ
751 4672 842 4749 διαὶ
887 4696 1014 4759 τοὺς
1071 4672 1264 4759 ἄλλους
1286 4672 1582 4752 διδάσκειν.
1630 4696 1688 4750 ὐ
1712 4672 1772 4750 δέ

1886 4707 2140 4768 habetur,
2199 4718 2447 4772 campum
2508 4700 2806 4755 nonnullos
2841 4699 3044 4767 legere.
3094 4695 3231 4751 Esse
3289 4695 3437 4748 enim

211 4801 396 4855 φησιν,
422 4784 498 4848 ὡς
521 4786 624 4839 οὐκ
652 4785 1006 4855 ἐπαυσάμεθα
1038 4787 1239 4850 πάντες
1258 4788 1309 4839 οἱ
1333 4787 1609 4858 προφῆται
1645 4788 1775 4857 ὑμῖν

1886 4801 2303 4849 :onsentaneum
2355 4790 2635 4861 prophetae
2699 4786 2991 4858 quemdam
3038 4798 3352 4843 occurrere,
3385 4789 3441 4836 et

208 4875 635 4943 ἀναγγέλλοντες
664 4877 746 4942 ὡς
787 4878 1015 4943 πεδίον,
1065 4876 1211 4931 τοῦτ’
1263 4876 1409 4931 ἔστιν
1475 4879 1552 4942 ὡς
1607 4879 1777 4950 ἀγρὸς

1886 4883 2091 4948 licere;
2122 4883 2382 4953 quoniam
2432 4878 2640 4948 Spiritu
2683 4885 2876 4931 sancto
2921 4875 3154 4930 docente
3193 4872 3315 4940 ejus
3343 4869 3440 4924 ad-

209 4967 446 5039 εὐανθὴς
503 4969 599 5021 καὶ
655 4969 1021 5040 καρποφόρος,
1046 4968 1079 5038 ἢ
1112 4969 1206 5022 καὶ
1236 4969 1318 5035 ὡς
1330 4969 1465 5037 ῥίζα
1491 4970 1561 5023 ἐν
1586 4969 1664 5039 τῇ
1690 4969 1775 5023 διαί

205 5056 408 5123 mea",
461 5056 777 5128 ἀρδεύοντος
829 5059 976 5129 ἡμᾶς
1015 5055 1110 5111 τοῦ
1161 5057 1520 5126 Μονογενοῦς,
1567 5076 1588 5110 ι
1617 5052 1777 5127 Ἐνῷ

206 5146 408 5211 πάντες
456 5148 593 5200 εἰσὶν
618 5149 668 5200 οἱ
698 5147 960 5218 θησαυροὶ
1000 5147 1100 5217 τῆς
1141 5147 1334 5216 σοφίας
1382 5148 1475 5201 καὶ
1518 5148 1771 5216 γνώσεως

206 5234 569 5305 ἀπόκρυφοι,ι
597 5238 761 5292 πάλαι
781 5237 915 5307 μετὰ
933 5237 1041 5290 τῶν
1065 5238 1243 5292 ἄλλων
1268 5238 1572 5308 ἀνθρώπων
1599 5238 1768 5310 ξηρὰν

209 5325 306 5378 καὶ
331 5326 581 5396 ἄκαρπον
631 5328 979 5399 ρπάρχοντας
1004 5330 1128 5399 γῆν.
1153 5328 1300 5383 Ἀλλ’
1326 5330 1658 5400 ἀνεθάλομεν
1678 5330 1769 5384 διὰ

280 5436 326 5511 ’ξ
360 5439 403 5494 ll
441 5440 566 5511 Cor.
596 5458 649 5503 ν,
689 5443 779 5497 2|.
853 5442 896 5474 ⁸⁷
955 5442 1111 5499 Deut.
1138 5459 1248 5509 ut,
1280 5446 1382 5511 25;
1442 5444 1618 5500 Galat.
1667 5461 1746 5510 ut,
1790 5445 1875 5499 l3.
1950 5444 1998 5476 ⁸⁸
2033 5441 2179 5500 Psal.
2213 5458 2359 5509 xuv,
2391 5442 2446 5498 ὅ.

206 5519 263 5570 1.,
295 5508 348 5562 6.
422 5511 466 5543 ⁹¹
502 5510 542 5564 ll
569 5512 698 5566 Cor.
725 5528 778 5577 ν,
831 5512 916 5567 Ν.

1873 4981 2092 5029 ventum
2137 4973 2412 5036 didicerit,
2445 4973 2638 5026 decere
2689 4977 2745 5025 et
2781 4969 2922 5023 alios
2974 4967 3152 5037 ipsum
3203 4964 3436 5025 docere,

1874 5063 1968 5119 sed
2010 5063 2364 5133 respondere,
2395 5061 2689 5131 prophetas
2724 5073 2915 5113 omnes
2940 5056 3112 5125 eanipi
3158 5056 3353 5114 instar,
3384 5050 3438 5105 id

1876 5163 1962 5209 est
1999 5155 2113 5224 agri
2144 5151 2321 5206 lloridi
2355 5159 2410 5206 et
2436 5148 2710 5218 frugiferi,
2742 5147 2853 5202 illis
2885 5158 3165 5213 nunquam
3194 5154 3307 5195 non
3333 5153 3436 5192 an-

1877 5242 2209 5295 nuntiasse:
2246 5238 2331 5293 vel
2383 5237 2548 5291 etiam
2597 5243 2850 5303 tauquam
2902 5231 3134 5283 radicem
3188 5229 3245 5282 in
3293 5234 3437 5279 terra

1874 5331 2099 5397 sitienti,
2141 5344 2267 5385 cum
2299 5344 2396 5384 eos
2428 5327 2681 5396 irrigaret
2729 5321 3100 5393 Unigeuitus:
3151 5338 3169 5371 ι
3220 5317 3277 5372 ln
3325 5329 3435 5385 quo

2570 5439 2617 5474 ⁸³
2652 5433 2841 5493 Matth.
2878 5447 3026 5498 xxvr,
3068 5430 3158 5486 58.
3252 5428 3299 5463 ”
3324 5427 3432 5483 lsa.

1497 5593 1732 5649 VARUE
1767 5592 2170 5648 LECTlONES.

689 5709 712 5737 ιι
749 5700 830 5753 ἵσ.
864 5697 991 5767 γάρ.
1067 5705 1091 5732 '
1133 5711 1217 5763 γρ.
1262 5692 1441 5755 αὐτός.

280 5697 302 5736 ί
326 5705 414 5766 γορ.
444 5698 609 5769 ἁλφῇ.

1517 5699 1542 5726 ι
1582 5691 1667 5744 Ῐσ.
1711 5693 1770 5742 .l.
1803 5706 1884 5751 τις
1918 5688 2103 5743 εἰπών.
