3976 6220
191 350 332 414 2325

1290 352 1820 412 COMMENTARU
1878 353 1959 413 IN
1986 352 2306 419 ,ISAIAM.

3287 354 3427 416 2.326
3462 388 3463 391 η

197 455 464 519 ιὌνειδος
523 455 717 527 ἄφρονι
763 455 969 520 ἔδωκάς
1024 474 1112 527 με.
1143 457 1496 530 Ἐκωφὼθην,
1525 461 1618 512 καὶ
1654 445 1758 513 οὐκ

1879 461 2045 515 brium
2086 458 2363 529 insipienti
2409 457 2608 513 dedeti
2638 473 2724 513 me
2751 460 2791 512 ⁸.
2818 489 2886 499 -
2927 455 3207 522 Obmutui,
3233 468 3287 513 et
3318 473 3429 514 non

190 548 373 620 ἧνοιξα
393 547 453 601 τὸ
472 547 646 615 στόμα
677 563 800 615 μου.
824 568 843 602 s
884 549 1148 621 Ἀληθοῦς
1186 550 1390 614 πάθους
1409 563 1433 590 ει
1466 551 1574 621 ἄρα
1611 546 1678 621 ἦν
1704 554 1759 604 ὲν

190 636 409 708 Χριστῷ
437 638 581 690 κατὰ
610 639 670 689 τὸ
700 636 1060 708 ἀνθρώπινον.
1093 638 1242 690 Ἀντὶ
1269 638 1325 690 δὲ
1353 636 1470 701 τοῦ,
1511 637 1615 690 Kal
1648 639 1756 691 αὑ-

192 729 291 794 τὸς
313 726 409 780 διὰ
431 727 493 779 τὸ
526 725 901 781 κεκακῶσθαι
939 728 1051 780 οὐκ
1102 727 1326 796 ἀνοίγει
1384 727 1452 779 τὸ
1495 727 1707 794 στόμα,
1735 728 1762 779 6

193 818 485 889 Σύμμαχος
501 832 652 888 (mar
670 816 945 885 Προσηνέ
947 819 1083 885 χθη,
1100 816 1201 871 καὶ
1221 816 1406 881 αὐτὸς
1424 814 1759 884 ὑπήκουσε.

193 910 309 962 Τίνι
332 909 388 962 δὲ
410 906 824 976 προσηνέχθη,
870 906 985 987 ἀλλ’
1019 907 1152 978 ἢτῷ
1182 908 1435 978 Πιλάτῳ;
1493 907 1669 977 ἐσίγα
1707 906 1764 959 δὲ

191 999 828 1071 ψευδομαρτυροῦμενος.
864 998 1165 1054 Ἦπίστατο
1191 999 1301 1070 γὰρ
1330 1000 1635 1070 ἀνήσουσαν
1663 998 1762 1068 μὲν

193 1089 341 1142 οὐδὲν
395 1089 494 1157 τὴν
538 1086 832 1154 ἀπολογίαν
866 1084 1020 1157 (παρ’
1074 1086 1287 1156 ἐχθροῖς
1340 1084 1450 1155 γὰρ
1492 1081 1760 1153 ἐκρίνετο)

195 1179 329 1250 πρὸς
383 1177 554 1248 θυμὸν
606 1176 663 1229 δὲ
717 1178 914 1241 αὐτοὺς
984 1176 1339 1246 ὑφάπτουσαν
1405 1174 1760 1245 ἀγριώτερον,

194 1269 319 1324 Υίὸν
368 1267 560 1322 ἑαυτὸν
619 1263 756 1321 εῖναι
801 1267 1051 1336 λέγοντος
1101 1267 1197 1320 τοῦ
1257 1264 1414 1331 Θεοῦ,
1448 1262 1678 1334 Σωτῆρά
1703 1279 1764 1315 τε

194 1357 410 1410 πάντων
437 1355 531 1409 καὶ
573 1354 876 1424 λυτρωτήν.
917 1356 1064 1424 Πλὴν
1104 1354 1207 1406 οὐκ
1242 1352 1650 1422 ἀπροφάσιστον
1672 1350 1768 1402 αὐ-

194 1449 306 1510 τοῖς
356 1445 456 1515 τὴν
502 1444 781 1515 ἁμαρτίαν
830 1444 1108 1514 ἐποίησεν,
1165 1442 1437 1513 ὁρκίζοντι
1470 1440 1569 1508 μὲν
1596 1439 1768 1492 εἰπὼν

194 1536 270 1607 τῷ
288 1538 507 1606 Καῖάφᾳ
522 1536 601 1589 τόο
624 1555 642 1586 ι
657 1535 715 1587 Ἀ
724 1534 888 1606 πάρτι
910 1533 1105 1604 δψεσθε
1123 1533 1214 1587 τὸν
1227 1533 1353 1586 Υίὸν
1364 1530 1461 1584 τοῦ
1476 1529 1767 1601 ἀνθρώπου

196 1625 501 1695 καθήμενον
531 1628 593 1678 ὲκ
619 1624 807 1689 δεξιῶν
835 1625 933 1693 τῆς
960 1623 1261 1694 δυνάμεως
1279 1642 1295 1673 ι
1317 1622 1411 1676 καὶ
1436 1622 1518 1674 τό·
1549 1639 1568 1672 ι
1592 1621 1663 1673 Σὺ
1688 1616 1762 1672 εἷο

195 1734 319 1781 πας,
346 1736 365 1769 ι
405 1716 573 1770 εἰπὼν
602 1716 817 1786 Πιλάτῳ
861 1715 1250 1785 πυνθανομένῳ
1281 1716 1328 1767 εί
1362 1713 1617 1784 βασιλεύς
1650 1714 1767 1765 ἐστι

1862 554 2050 622 aperui
2073 568 2135 609 os
2169 566 2346 606 meum
2373 552 2416 604 τ.
2448 569 2464 602 ι
2507 548 2644 603 Vera
2681 551 2846 619 igitur
2871 551 2924 604 in
2957 550 3201 609 Christo.
3232 562 3429 604 secun-

1863 643 1991 697 dum
2023 640 2381 695 humanitatis
2426 639 2718 700 rationem,
2746 640 2933 707 passio
2962 639 3191 692 exstitit.
3227 638 3427 691 Verum

1864 747 1974 809 quo
2005 731 2149 795 loco,
2184 728 2254 783 Et
2286 730 2395 797 ipse
2414 736 2625 809 propter
2641 727 2969 798 aﬂlictionem
3004 744 3104 779 non
3135 727 3338 793 aperuit
3371 741 3428 778 os

1863 836 2038 888 suum,
2090 823 2342 892 legimus,
2371 803 2897 891 ita‘Symmachus’:
2940 818 3194 877 Admotus
3239 826 3431 880 est,'et

1865 914 1973 981 ipse
2005 912 2209 981 paruit.
2257 908 2362 964 Sed
2412 908 2499 962 cui
2532 908 2803 971 admotus,
2834 906 2935 959 nisi
2984 906 3199 959 Pilato?
3241 904 3431 958 Tacuit

1867 1000 2081 1064 deinde,
2118 1014 2242 1055 cum
2281 1000 2416 1053 falsa
2455 1000 2510 1053 in
2552 1014 2675 1052 eum
2709 996 3021 1051 testimonia
3069 996 3434 1064 produceren-

1865 1098 1979 1143 tur.
2010 1090 2231 1143 Sciehat
2268 1088 2441 1152 enim,
2472 1102 2595 1140 cum
2634 1083 2779 1154 apud
2808 1085 2995 1138 hostes
3030 1090 3311 1150 ageretur,
3345 1081 3432 1133 ni-

1867 1182 1943 1236 hil
1975 1196 2099 1236 esse
2145 1178 2495 1249 profuturam
2529 1176 2904 1231 defensionem
2936 1192 2950 1239 ;
2980 1174 3073 1229 sed
3103 1162 3169 1227 iis
3205 1170 3437 1226 ferocio-

1866 1290 1955 1329 res
1988 1273 2197 1327 animos
2238 1271 2576 1331 ellecturam,
2611 1285 2733 1323 cum
2777 1283 2836 1323 se
2866 1267 2956 1320 Dei
2990 1265 3210 1329 Filium,
3242 1263 3436 1315 Salva-

1871 1375 2153 1432 toremque
2202 1360 2448 1416 omnium
2487 1370 2542 1413 et
2591 1359 2990 1427 redemptorem
3036 1370 3159 1411 esse
3206 1354 3435 1407 diceret.

1866 1455 2054 1524 Neque
2079 1464 2259 1506 tamen
2291 1452 2450 1522 culpa
2482 1460 2535 1503 et
2568 1450 2996 1518 reprehensione
3051 1459 3241 1500 carere
3275 1457 3437 1497 suum

1869 1548 2004 1617 ipsis
2030 1555 2313 1615 peccatum
2360 1544 2552 1607 voluit,
2596 1556 2719 1595 cum
2754 1540 3031 1609 adjuranti
3062 1537 3319 1606 Caiphae,
3346 1532 3440 1585 Fi-

1870 1642 2001 1694 lium
2023 1639 2265 1693 hominis
2286 1636 2546 1706 deinceps
2578 1635 2643 1690 ad
2666 1635 2947 1688 dexteram
2983 1632 3167 1685 virtuti
3191 1627 3442 1683 assiden-

1871 1740 1977 1787 tem
2010 1744 2133 1784 esse
2176 1730 2479 1782 intuituros
2506 1728 2528 1759 ⁸
2554 1742 2724 1793 ;-cum
2752 1725 2997 1796 poscenti
3040 1724 3236 1783 Pilato,
3267 1720 3314 1772 si
3340 1732 3440 1772 rex

193 1812 546 1883 roui'lapaﬁ)..
575 1811 663 1864 Διὸ
695 1813 1002 1882 συμμανεὶς
1027 1811 1211 1874 αὐτοῖς
1240 1810 1584 1879 μαστιγῶσαι
1621 1825 1760 1878 παρ-

1879 1829 2012 1877 asset
2048 1820 2285 1885 lsraelis,
2306 1833 2428 1873 eum
2453 1818 2659 1873 dixisse
2694 1814 3010 1886 respondit’
3037 1832 3051 1868 :
3083 1813 3225 1865 unde
3263 1818 3349 1863 est
3371 1809 3443 1863 ab

195 1901 413 1957 ἔδωκεν.
444 1902 608 1956 Ὅθεν
642 1903 969 1974 ἐπήνεγκεν.
1017 1902 1111 1968 Ὠς
1135 1902 1437 1969 πρόϐατον
1481 1899 1576 1953 ἐπὶ
1611 1913 1765 1968 σφα·

195 1990 311 2061 γὴν
342 1990 522 2059 ἤχθη,
560 1990 655 2043 καὶ
695 1991 773 2067 ᾡς
813 1991 1001 2060 ἀμνὸς
1027 1990 1308 2043 ἐναντίον
1340 1989 1446 2043 τοῦ
1466 1988 1769 2057 κείροντος

196 2080 378 2135 αὑτὸν
400 2080 657 2149 ἄφωνος.
685 2082 822 2152 Σιγᾷ
850 2082 978 2152 γάρ,
1009 2080 1133 2149 κᾶν,
1154 2080 1230 2139 ὡς
1258 2080 1424 2145 είκδς,
1482 2080 1627 2149 λύπη
1665 2097 1770 2132 πα-

200 2171 521 2242 ραψαύουσα
565 2172 675 2226 τῶν
727 2171 1016 2243 δερμάτων
1049 2172 1084 2242 ἡ
1148 2172 1415 2242 μάχαιρα.
1475 2170 1630 2225 Οὕτω
1683 2172 1772 2224 καὶ

196 2264 431 2333 Χριστος
451 2261 858 2333 λοιδορούμενος
878 2263 980 2316 οὐκ
1006 2262 1385 2332 ἀντελοιδόρει.
1420 2263 1651 2333 Πάσχων
1671 2263 1772 2316 οὐκ

197 2353 432 2424 ἠπείλεισ
463 2354 755 2424 παρεδίδου
791 2355 846 2407 δὲ
871 2354 949 2424 τῷ
971 2356 1238 2422 κρίνοντι
1266 2354 1510 2416 δικαίως.
1544 2353 1770 2423 Ἀληθὲς

200 2441 294 2499 οὖν
316 2444 422 2515 ἄρα
448 2444 531 2497 τό·
561 2445 663 2499 Ἐν
680 2445 755 2513 τῇ
783 2447 1138 2500 ταπεινώσει
1170 2447 1210 2515 ἠ
1240 2447 1441 2516 κρίσις
1461 2445 1648 2499 αὐτοῦ
1667 2441 1772 2514 ἦρα

199 2551 316 2588 ται.
355 2534 441 2599 Ὠς
463 2537 584 2589 κατ’
629 2536 883 2600 εὐτελοῦς
943 2536 1052 2607 γὰρ
1100 2537 1407 2609 προχείρως
1445 2536 1547 2607 τὴν
1594 2535 1773 2605 ψῆφον

201 2626 521 2697 ἐξήνεγκαν.
551 2628 665 2691 Τὴν
698 2623 792 2681 οὖν
829 2629 1151 2697 παράνομον
1197 2629 1292 2683 καὶ
1335 2629 1519 2683 ἄδικον
1572 2628 1776 2695 κρίσιν

205 2717 291 2772 ἐπ’
321 2719 484 2774 αὑτοῦ
516 2719 817 2795 γενομένην
835 2719 1002 2790 δηλοῖ.
1030 2719 1093 2772 El
1118 2719 1176 2772 δὲ
1206 2720 1301 2773 καὶ
1330 2704 1637 2783 ταπεινῶς,
1667 2734 1775 2787 φη-

208 2809 313 2870 σίν,
343 2807 632 2876 ἐκρίνετο,
663 2807 798 2871 Θεὸς
839 2807 983 2861 κατὰ
1044 2807 1207 2878 φύσιν
1268 2807 1583 2877 ἑτύγκχανεν.
1612 2807 1777 2859 Ὅθεν

207 2895 438 2964 ἐπάτειο
476 2896 596 2963 Τὴν
639 2896 856 2977 γενεὰν
881 2897 1070 2952 αὐτοῦ
1114 2898 1206 2964 τις
1260 2897 1633 2967 dim-noscat;
1658 2898 1776 2966 Ἐφ’

209 2986 477 3057 ἑκατέρας
504 2988 558 3040 δὲ
585 2987 926 3057 γεννήσεως
941 2988 1003 3042 τὸ
1019 2989 1224 3059 ἄπορον
1243 2989 1445 3059 ὁμοίως
1471 2989 1777 3044 ἀκολουθεῖ.

210 3077 339 3140 Πῶς
368 3080 466 3148 μὲν
490 3076 510 3116 ι
536 3078 824 3145 Θεὸς,πῶς
845 3080 903 3133 δὲ
929 3080 1202 3151 Παρθένος
1257 3079 1459 3149 γεννᾷ.
1515 3080 1783 3135 Τοσοῦτον

209 3167 321 3239 γὰρ
368 3139 532 3240 μόνον
583 3139 926 3241 ἐγνῶκαμεν.
956 3139 1040 3241 lli]
1077 3139 1198 3241 μὲν,
1255 3139 1336 3224 δτι
1357 3139 1490 3235 Θεὸς
1519 3174 1585 3225 ὲκ
1619 3171 1777 3237 Θεοῦ,
1806 3139 1849 3196 C

210 3260 330 3330 φῶς
353 3261 417 3315 ὲκ
435 3262 632 3331 φωτός·
657 3261 733 3333 πὴ
753 3263 832 3327 δὲ,
852 3263 936 3317 ὅτι
956 3281 975 3314 ι
1001 3262 1223 3334 Πνεῦμα
1246 3263 1402 3332 ἅγιον
1430 3263 1783 3319 ἐπελεύσεται

208 3350 305 3406 ἐπὶ
332 3351 418 3411 σὲ,
449 3350 546 3403 καὶ
569 3350 801 3422 δύναμις
901 3351 1159 3421 Ὑψίστου
1188 3352 1507 3406 ἐπισκιάσει
1532 3369 1637 3408 σοι.
1663 3373 1683 3407 ι

1869 1914 1962 1967 illo
1999 1911 2215 1965 furente
2246 1924 2371 1964 cum
2429 1909 2642 1963 caeteris
2672 1908 2726 1961 in
2758 1906 2985 1961 verbera
3020 1902 3279 1956 traditus.
3301 1897 3443 1952 Hine

1870 2003 2034 2072 igitur
2069 2002 2161 2054 illa
2192 2007 2343 2063 sunt,
2366 1998 2588 2068 quibus,
2622 1998 2756 2050 sicut
2787 2011 2931 2049 ovem
2954 1982 3025 2047 ad
3042 1992 3439 2051 ntactationem,

1869 2094 2084 2147 ductum
2112 2106 2226 2146 esse
2246 2131 2261 2154 ,
2293 2099 2342 2143 et
2373 2091 2510 2143 sicut
2541 2103 2735 2157 agnum
2771 2101 2951 2140 coram
2986 2082 3229 2138 tondente
3252 2080 3442 2136 obmu-

1873 2183 2056 2248 tuisse,
2077 2180 2350 2250 adiunxit.
2409 2178 2479 2231 Ut
2503 2177 2649 2232 enim
2684 2176 2796 2239 ille,
2830 2190 2954 2228 cum
3003 2180 3185 2226 cutem
3227 2170 3444 2240 gladius

1874 2288 1983 2328 non
2017 2272 2138 2325 sine
2174 2269 2364 2323 dolore
2406 2266 2648 2335 attingit,
2688 2272 2871 2317 tacere
2914 2260 3236 2324 consuevit;
3268 2258 3353 2313 sic
3390 2263 3446 2309 et

1872 2363 2129 2418 Christus
2162 2360 2304 2430 ipse,
2337 2372 2458 2412 cum
2490 2355 2707 2426 probris
2729 2354 3056 2415 adiceretur,
3076 2349 3225 2405 nulla
3251 2354 3445 2404 contra

1874 2452 2215 2524 reponebat;
2258 2450 2418 2511 nihil,
2454 2461 2578 2500 eum
2629 2451 2912 2514 pateretur
2957 2440 3292 2503 minabatur,
3346 2434 3443 2490 sed
3492 2435 3501 2445 '

1868 2547 2017 2616 juste
2042 2541 2282 2613 judicari
2312 2554 2370 2595 se
2398 2536 2745 2608 permittebat
2771 2535 2838 2588 ¹⁰.
2866 2533 2962 2589 Est
2991 2546 3145 2601 ergo,
3183 2527 3327 2598 quod
3356 2541 3445 2580 se-

1874 2637 2085 2707 quitur,
2131 2633 2185 2686 in
2228 2630 2530 2684 humilitate
2562 2626 2675 2696 ejus
2714 2625 2984 2680 sublatum
3019 2637 3132 2676 esse
3159 2616 3446 2689 judicium,

1877 2722 2245 2779 verissimum.
2281 2717 2510 2772 Temere
2552 2713 2826 2783 siquidem
2873 2712 2931 2765 in
2969 2725 3132 2772 eum,
3185 2716 3447 2774 tanquam

1879 2819 1933 2872 in
1976 2815 2200 2882 abiectae
2239 2809 2572 2868 conditionis
2600 2808 2864 2877 aliquem,
2890 2804 2997 2859 lata
3032 2811 3119 2857 est
3153 2797 3449 2854 sententia:

1881 2905 2025 2962 unde
2062 2912 2257 2973 praeter
2301 2902 2393 2971 jus
2438 2908 2493 2954 et
2514 2913 2732 2967 mquum
2779 2895 2984 2949 lactant
3032 2906 3156 2946 esse
3181 2888 3454 2958 judicium

1882 2994 2172 3067 signiﬁcat.
2212 2989 2577 3058 Quantumvis
2604 2995 2786 3041 autem
2810 2983 3107 3046 humiliter,
3141 2975 3454 3048 inquit,ju-

1882 3088 2150 3141 dicaretur
2174 3124 2187 3147 ,
2219 3084 2362 3138 Deus
2388 3090 2573 3135 tamen
2604 3093 2727 3135 esse
2771 3084 2970 3133 natura
3000 3088 3110 3128 non
3143 3068 3455 3126 desinebat.

1883 3177 2039 3234 [inde
2073 3176 2333 3244 deinceps
2352 3174 2469 3242 quis
2509 3171 2628 3236 eius
2656 3167 3044 3239 generationem
3072 3168 3203 3216 esset
3228 3170 3456 3244 enarra~

1876 3276 2031 3319 turus
2047 3260 2215 3335 ϐοᾷ
2240 3241 2557 3330 postulavit.
2588 3255 2861 3310 Convenit
2879 3264 3007 3306 vero
3033 3264 3099 3305 ex
3133 3259 3291 3314 aequo
3315 3241 3458 3295 utri-

1871 3370 1980 3425 que
2020 3331 2351 3424 generationi
2409 3346 2701 3402 dubitatio.
2749 3342 2979 3398 Generat
3012 3337 3155 3393 enim
3213 3331 3458 3402 quodam

208 3451 375 3513 pacto
410 3441 557 3497 Deus
582 3442 699 3512 ipse
740 3458 759 3498 :'
795 3453 1009 3514 generat
1050 3451 1104 3498 et
1140 3444 1311 3513 virgo.
1342 3442 1453 3498 Hoc
1481 3446 1626 3498 enim
1657 3452 1868 3498 tantum
1898 3445 2190 3500 novimus:
2219 3442 2418 3512 partim
2433 3438 2656 3507 quidem
2678 3434 2849 3490 Deum
2914 3430 2982 3485 de
3040 3428 3174 3493 Deo,
3236 3424 3455 3477 lumen-

211 3534 413 3603 que-de
445 3535 650 3590 lumine
683 3538 993 3604 exsistere;
1039 3540 1240 3606 partim
1284 3547 1466 3592 autem
1514 3539 1778 3609 Spiritum
1819 3547 2074 3595 sanctum
2107 3539 2161 3591 in
2187 3536 2455 3606 virginem
2487 3547 2612 3589 sese
2640 3528 2948 3593 demisisse,
3009 3534 3241 3592 eamque
3293 3513 3462 3570 Altis-

214 3623 345 3680 simi
380 3624 635 3680 virtutem
662 3624 1026 3689 obumbrasse
1056 3627 1121 3681 ι’.
1552 3656 1557 3663 ε

287 3722 405 3789 Ἐφ’
429 3722 691 3791 ἑκατέρου
724 3721 782 3774 δὲ
802 3721 885 3787 τὸ,
929 3718 1266 3789 ἠγέννησις
1289 3736 1307 3784 ;
1327 3720 1676 3789 admirator"
1706 3721 1787 3774 ὅτι

209 3812 443 3880 αἴρεται
495 3810 616 3865 ἀπὸ
670 3810 783 3879 τῆς
833 3809 944 3881 τῆς
971 3809 1146 3880 ήζωὴ
1207 3812 1413 3865 αὑτοῦ.
1453 3812 1610 3864 Τοῦτ’
1643 3811 1789 3864 ἔστιν

164 3960 177 3971 κ
212 3897 527 3967 ὕψηλὰτερα
554 3896 664 3951 τῶν
689 3899 783 3951 ἐπὶ
807 3899 912 3967 γῆς
934 3900 967 3969 ἡ
999 3899 1263 3965 πολιτεία,
1301 3902 1397 3954 καὶ
1424 3901 1453 3952 6
1478 3900 1617 3955 κατὰ
1654 3900 1789 3970 σάρ-

212 4003 288 4041 κα
315 3986 427 4058 βίος
459 3987 642 4043 αὑτοῦ.
671 3989 848 4052 Μόνος
892 3990 1001 4060 γάρ
1032 3991 1309 4061 ἁμαρτίαν
1362 3991 1462 4045 οὐκ
1513 3992 1786 4062 εποίησεν.

215 4077 329 4130 Καὶ
352 4077 527 4140 άλλως
554 4077 632 4139 δὲ,
667 4078 807 4148 ὑπὲρ
838 4079 946 4131 πᾶν
966 4080 1198 4150 γενητὸν
1225 4081 1258 4150 ἠ
1283 4078 1518 4150 ῦπαρξὶς
1549 4078 1665 4133 ἔστι
1694 4080 1789 4134 τοῦ

215 4166 577 4236 Μονογενοῦς.
618 4168 675 4221 '0
702 4168 759 4221 δὲ
805 4168 1100 4240 Σύμμαχος
1120 4170 1414 4235 ἐξέδωκεν
1463 4171 1790 4249 Ἀετετμήθη

219 4259 332 4330 γὰρ
351 4259 421 4312 ἐκ
446 4258 558 4327 γῆς
573 4258 821 4325 ζώντων,
852 4260 951 4317 καί
976 4262 1073 4317 διὰ
1099 4263 1216 4331 τὴν
1237 4263 1481 4319 ἀδικίαν
1507 4265 1612 4320 τοῦ
1637 4264 1792 4319 λαοῦ

213 4367 337 4422 μου
361 4351 565 4419 πληγὴ
597 4353 820 4419 αὐτοῖς.
853 4353 911 4408 '0
939 4355 995 4408 δὲ
1024 4355 1320 4409 Θεοδοτίων
1343 4374 1358 4388 ·
1390 4357 1511 4411 Ὅτι
1538 4357 1796 4426 ἀπετμή-

220 4447 298 4509 θη
320 4441 439 4495 ἀπὸ
469 4439 581 4511 γῆς
610 4441 859 4507 ζώντων,
918 4445 1035 4499 ἀπὸ
1074 4446 1323 4512 ἀθεσίας
1377 4447 1485 4501 τοῦ
1507 4448 1660 4503 λαοῦ
1675 4465 1794 4518 μου

221 4530 425 4599 ἥψατο
456 4532 673 4587 αὐτῶν.
724 4534 942 4589 Μᾶλλον
990 4534 1099 4606 γὰρ
1145 4536 1323 4590 αὐτῶν
1356 4536 1662 4607 καθήψατο,
1698 4537 1793 4590 καὶ

220 4622 407 4692 πληγὴ
438 4624 620 4687 αὐτοῖς
644 4626 874 4695 μεγίστη
898 4628 1119 4695 γέγονεν
1147 4628 1177 4680 δ
1223 4627 1385 4681 αὑτοῦ
1422 4627 1669 4693 θάνατος.
1703 4629 1797 4683 Τι-

220 4712 313 4776 νὲς
341 4713 398 4767 δὲ
423 4713 506 4776 ab,
532 4715 758 4783 αἴρεται
787 4717 906 4770 ἀπὸ
939 4716 1049 4789 τῆς
1077 4717 1211 4787 γῆς,
1248 4717 1382 4785 φασὶ
1408 4717 1509 4789 τὴν
1537 4717 1675 4789 μετὰ
1695 4718 1794 4789 τὴν

222 4803 522 4858 ἀνάστασιν
550 4805 715 4859 αὑτοῦ
765 4807 924 4874 δόξαν
963 4803 1194 4879 δηλοῦν
1222 4810 1411 4880 θεῖκὴν
1472 4811 1582 4879 γὰρ
1635 4809 1792 4877 ἀξίαν

224 4896 261 4965 ἠ
320 4895 431 4947 τῶν
493 4898 956 4968 οίκονομηθέντων
1026 4900 1273 4965 ὑπέδειξε
1348 4903 1514 4970 πεῖρα
1554 4941 1571 4966 ,
1626 4903 1791 4957 αὑτοῦ

1963 3714 2020 3768 lu
2049 3719 2285 3778 utroque
2305 3714 2488 3779 autem
2518 3706 2564 3760 si
2581 3702 2933 3775 generationis
2957 3700 3460 3767 modusqumratur,

1898 3806 2020 3861 ideo
2044 3805 2289 3859 enarrari
2317 3816 2420 3853 non
2459 3796 2667 3866 possit,
2701 3793 2851 3863 quod
2892 3790 3103 3844 tollitur
3125 3805 3157 3841 a
3194 3796 3335 3841 terra
3355 3786 3463 3839 vita

1888 3899 2038 3967 ejus;
2061 3895 2116 3948 id
2143 3902 2249 3959 est,
2290 3889 2436 3962 quod
2458 3901 2672 3951 eorum,
2701 3884 2794 3955 qui
2824 3884 2877 3936 in
2910 3892 3056 3936 terra
3090 3879 3315 3948 degunt,
3343 3877 3464 3945 ipsa

1889 3989 2011 4060 ejus
2055 3987 2126 4041 sit
2173 3985 2225 4038 in
2266 3995 2431 4037 carne
2470 3978 2584 4032 vita
2617 3977 2776 4044 longe
2821 3972 3124 4035 excelsior,
3164 3969 3257 4039 qui
3309 3969 3468 4022 solus

1891 4059 2174 4151 peccatum
2219 4086 2326 4127 non
2358 4066 2625 4133 gadmisit.
2661 4063 2989 4132 Quanquam
3024 4069 3079 4114 et
3111 4059 3245 4113 alias
3296 4070 3468 4126 supra

1893 4147 2055 4228 omne
2079 4165 2227 4239 quod
2265 4171 2454 4217 natum
2498 4169 2579 4215 est
2612 4159 2730 4227 ipsa
2766 4150 3050 4224 Unigeniti
3090 4150 3167 4205 sit
3196 4147 3467 4205 essentia.

1894 4264 1963 4318 At
2008 4237 2523 4322 ita‘interpretatus
2575 4255 2661 4302 est
2722 4238 3135 4315 Symmachus:
3185 4237 3473 4290 Abscissus

1854 4380 1867 4390 ο
1894 4360 1973 4410 est
2004 4350 2143 4406 enirn
2174 4347 2237 4400 de
2271 4353 2413 4398 terra
2444 4338 2725 4394 viventium
2750 4350 2769 4400 ;
2801 4344 2849 4388 et
2884 4339 3098 4402 propter
3134 4329 3469 4397 iniquitatem

1895 4444 2073 4515 populi
2115 4440 2215 4493 mei
2241 4436 2397 4501 plaga
2449 4433 2545 4486 eis.
2590 4425 2898 4481 Tlteodotio
2936 4432 3116 4478 autem
3152 4438 3166 4474 :
3203 4418 3469 4485 Quoniam

1899 4512 2164 4589 abscissus
2184 4536 2260 4583 est
2285 4526 2349 4579 de
2377 4532 2519 4577 terra
2550 4522 2805 4582 vivorum,
2838 4515 2901 4568 ab
2925 4512 3283 4568 inconstantia
3306 4523 3471 4576 papu-

1902 4627 1940 4680 li
1966 4624 2066 4677 mei
2102 4621 2269 4691 tetigit
2299 4634 2408 4672 eos.
2452 4616 2609 4685 Ipsos
2632 4611 2778 4665 enim
2806 4606 3154 4678 potissimum
3185 4601 3388 4670 attigit,
3414 4606 3471 4652 et

1904 4717 1957 4770 in
2007 4688 2218 4784 plagam
2256 4708 2340 4762 eis
2389 4704 2684 4760 maximam
2736 4713 2886 4755 mors
2916 4696 3037 4766 ejus
3080 4693 3234 4750 abiit.
3265 4688 3475 4744 Volunt

1904 4783 2155 4859 nonnulli
2184 4798 2367 4854 verbis
2394 4796 2538 4858 istis,
2566 4791 2771 4846 tollitur
2792 4797 3005 4849 aterra,
3036 4783 3178 4851 ejus.
3212 4796 3332 4852 qum
3350 4786 3475 4849 post

1907 4894 2370 4951 resurrectionem
2446 4890 2631 4947 futura
2677 4894 2799 4949 est,
2870 4880 3101 4954 gloriam
3148 4870 3473 4946 signiﬁcari.

230 4982 332 5052 μὲν
362 4983 623 5039 θανάτου
674 4987 1111 5057 ὑποδαλλομένου
1130 5030 1145 5054 ,
1182 4991 1402 5045 πάντων
1440 4968 1497 5043 δὲ
1546 4992 1627 5054 εἰς
1686 4993 1777 5060 ae-

1900 4984 2153 5040 Divinam
2213 4983 2360 5038 enim
2437 4980 2613 5049 ipsius
2698 4974 2926 5046 gloriam
3016 4968 3154 5023 satis
3241 4976 3472 5023 eorum,

228 5069 459 5138 θαρσίαν
491 5071 656 5126 αὑτοῦ
690 5073 871 5144 χάριτι
939 5074 1412 5146 ζωοποιουμένων.
1469 5075 1562 5130 καὶ
1617 5057 1773 5129 πίστε

1904 5092 2027 5147 qua:
2069 5075 2137 5129 ab
2166 5089 2234 5129 eo
2272 5081 2421 5142 gesta
2463 5077 2613 5129 sunt,
2672 5062 3012 5135 experientia
3050 5057 3314 5129 patuisse,
3349 5065 3476 5105 eum

226 5158 628 5231 λυτρουμένων.
688 5164 853 5218 Ἀλλὰ
904 5165 1022 5230 πῶς
1071 5170 1101 5221 6
1157 5167 1231 5238 μὴ
1301 5165 1460 5232 εἰδὼς
1525 5167 1777 5239 ἁμαρτίαε

1904 5168 2021 5238 ipse
2065 5163 2286 5235 quidem
2326 5169 2543 5215 mortem
2588 5157 2856 5220 subierit;
2905 5160 3007 5208 n05
3053 5157 3234 5203 autem
3284 5155 3476 5195 omnes

229 5249 337 5303 ὑπὸ
376 5251 542 5325 ψήφῳ
578 5255 816 5326 κατέστη
871 5232 1422 5327 θανατικῇίφησὶν
1479 5261 1508 5313 6
1564 5232 1755 5329 'Ila'rﬁp

1902 5232 2464 5331 ipsius—benignitate,
2490 5248 2786 5306 immortali
2805 5247 2931 5299 vitae
2989 5235 3225 5295 restituti
3260 5232 3474 5331 {illeque

234 5340 372 5395 Ἀπὸ
421 5321 544 5396 τῶν
601 5321 866 5415 ἀνομιῶν
914 5349 1041 5402 ςτοῦ
1315 5321 1437 5419 ρον
1504 5351 1663 5421 ἢχθη
1704 5321 1777 5406 Et.

1897 5321 2166 5417 redempti
2208 5321 2421 5401 sumus.
2458 5342 2527 5396 At
2564 5340 2710 5395 enim
2748 5337 2842 5407 qui
2875 5334 3081 5388 factum
3137 5335 3244 5391 est,
3289 5332 3347 5379 ut
3377 5321 3473 5421 qui

236 5429 516 5499 θάνατον,
542 5432 679 5505 ﬁam.
697 5436 840 5508 ὑπὲρ
868 5437 973 5490 τῶν
1000 5439 1243 5509 ἀνομιῶν
1268 5442 1457 5508 αὐτοῦ,
1475 5442 1605 5511 ἢότι
1626 5459 1777 5512 παρα

1897 5413 2184 5510 peccatum
2217 5450 2329 5492 non
2358 5433 2679 5495 admiserat,
2728 5426 2917 5480 mortis
2951 5424 3067 5494 ipse
3104 5416 3319 5475 calculo
3343 5413 3476 5470 sub.

305 5541 504 5617 ξᾼιηοε
553 5562 607 5605 v.
635 5546 728 5604 20.
801 5548 821 5578 "
843 5544 987 5603 Psal.
1013 5565 1239 5617 xxxvm,
1269 5552 1352 5607 l0.
1427 5553 1449 5584 ⁸
1476 5552 1666 5607 Matth.
1698 5550 1845 5615 iam,
1866 5549 2059 5616 63,66.
2133 5550 2154 5582 ⁹
2181 5546 2315 5604 Luc.
2344 5561 2501 5612 xxttt,
2532 5542 2586 5598 ὅ.
2662 5540 2706 5571 ¹⁰
2734 5536 2756 5593 l
2786 5535 2934 5595 Petr.
2968 5551 3029 5602 ll,
3058 5533 3148 5591 23.
3250 5530 3288 5562 ¹⁴¹
3331 5525 3469 5585 Luc.
3510 5512 3521 5517 ’

218 5609 440 5774 ,”
1009 5756 1031 5774 L
1095 5759 1110 5774 θ
1369 5725 1375 5733 .
1531 5683 1765 5739 VARI/£3
1800 5676 2203 5740 LECTIONES.

373 5768 464 5822 ῃο.
502 5752 701 5824 ἀληθὲς
740 5754 928 5819 πάθος.
1009 5756 1034 5797 δ
1073 5759 1129 5810 .l.
1175 5758 1300 5826 γάρ.
