3976 6220
527 238 668 304 2527

1823 244 2180 305 PROCOPII
2214 245 2462 305 GAZ:EI

3653 242 3810 308 2528

523 353 774 424 laceret?
805 351 1120 423 Respondet
1167 354 1348 419 Pater,
1380 356 1446 410 ab
1508 357 1880 428 iniquitatiluu
1920 360 2091 429 populi

2205 358 2494 429 νομοῦντες
2517 357 2680 412 αὐτὸν
2703 356 3055 411 ἀπέκτειναν.
3082 357 3228 410 ’Λντὶ
3250 357 3306 414 δὲ
3332 356 3634 421 τοῦ,δώσω
3654 363 3806 423 τοὺς

526 444 614 496 sui
643 442 861 494 ductum
894 459 1007 496 esse
1033 444 1100 496 ad
1129 454 1390 511 mortem;
1420 463 1637 518 nempe,
1684 450 1766 503 vel
1802 449 1949 519 quod
1979 449 2098 519 ejus

529 533 851 602 iniquitates
874 536 1144 603 expiavit;
1178 537 1261 592 vel
1293 538 1439 608 quod
1471 545 1556 594 est
1585 541 1656 594 ab
1685 539 1807 606 ipso
1835 541 2099 595 scelerate

526 624 911 692 interemptus.
959 626 1064 681 Sed
1111 643 1221 696 quo
1265 629 1387 683 loco
1425 629 1564 682 dabo
1598 630 1767 683 malos
1810 630 2098 693 habemus.

524 715 673 768 dabit
720 716 909 782 impios
962 718 1360 788 interpretatus
1408 728 1495 775 est
1537 720 1923 791 Symmachus.
1966 724 2101 787 Quis

525 822 693 874 porro
739 808 987 872 daturus,
1034 811 1151 869 nisi
1181 814 1271 881 qui
1320 812 1702 865 universorum
1738 812 1906 881 judex
1965 814 2101 867 est?

525 898 633 954 Eos
667 900 867 955 deinde
891 902 1175 973 intelligit,
1197 904 1313 971 qui,
1356 919 1477 973 quae
1498 903 1647 957 dicta
1678 912 1831 967 sunt,
1860 905 2100 959 admise-

523 1001 671 1046 runt.
699 991 836 1045 Nam
881 1001 937 1047 et
971 992 1358 1064 Romanisipsi
1400 994 1586 1048 traditi
1639 1005 1789 1052 sunt.
1826 996 2097 1049 Praeterea

518 1082 710 1137 divites
744 1084 911 1150 olim;
946 1084 1000 1139 id
1030 1092 1137 1149 est,
1174 1087 1551 1155 prmrogativis
1581 1088 1899 1156 superiores
1933 1095 2099 1140 caete-
2134 1158 2143 1163 _

521 1175 619 1238 ris,
651 1190 710 1228 se
745 1191 839 1243 pro
868 1186 1033 1231 morte
1051 1177 1166 1246 ejus
1198 1177 1532 1231 traditurum
1565 1177 1872 1247 signiﬁcat;
1904 1179 2098 1232 horum

519 1267 742 1319 nomine
787 1281 883 1319 eos
936 1268 1266 1336 intelligens,
1305 1269 1398 1337 qui
1447 1269 1629 1337 legali,
1658 1276 1714 1322 et
1749 1268 2098 1332 sacerdmali,

516 1355 679 1425 605
723 1359 975 1427 regiaque
1029 1359 1192 1412 etiam
1228 1359 1496 1427 dignitate
1525 1359 1774 1415 illustres
1819 1359 2098 1414 habeban-

515 1454 626 1498 tur.
655 1446 745 1500 Isti
778 1449 1047 1516 siquidem
1088 1457 1285 1519 praeter
1319 1449 1614 1505 admissam
1655 1450 1881 1515 caedem,
1926 1465 2089 1518 pecu-

516 1532 624 1586 niis
652 1534 817 1587 etiam
854 1552 962 1589 non
996 1549 1360 1605 pepercerunt
1393 1537 1587 1607 utejus
1621 1537 2085 1592 resurrectionem

514 1625 879 1688 occultarent,
896 1626 1037 1681 unde
1055 1636 1109 1681 et
1127 1627 1313 1681 divites
1330 1641 1426 1680 eos
1444 1625 1765 1695 appellavit:
1788 1626 1873 1680 vel
1892 1625 2080 1691 etiam,

2195 448 2521 516 πονηροὺς,
2547 450 2576 501 6
2608 447 2937 519 Σύμμαχος,
2973 450 3069 501 καὶ
3098 448 3279 502 δώσει
3332 448 3476 514 τοὺς
3523 448 3800 516 ἀσεϐεῖς,

2196 537 2350 608 φησί.
2398 537 2493 600 Τίς
2523 536 2579 590 δὲ
2611 536 2811 603 δώσει,
2833 537 2867 605 ἢ
2897 538 2926 590 6
2968 537 3077 589 τῶν
3126 536 3262 590 ὅλων
3298 538 3490 608 κριτής
3514 555 3530 604 ;
3558 538 3709 607 λέγει
3733 538 3796 590 δὲ

2194 632 2321 691 τοὺς
2344 630 2412 683 τά
2441 630 2707 701 εἰρημένα
2770 630 3124 700 ποιήσαντας.
3167 628 3462 698 Ῥωμαίοις
3499 631 3606 699 γὰρ
3646 644 3797 699 παρα

2199 719 2484 787 εδόθησαν.
2541 720 2651 774 Καὶ
2699 721 2828 783 τοὺς
2880 719 3157 773 πάλαι’δὲ
3205 720 3569 786 πλουσίους,
3601 721 3664 773 ἐν
3706 714 3798 777 οἷς

2198 813 2585 867 ἐπλεονέκτουν
2617 813 3021 883 προτερήμασι,
3059 809 3402 881 παραδώσειν
3458 812 3619 881 φησιν
3651 810 3794 866 ἀντὶ

2196 901 2304 955 τοῦ
2341 899 2607 956 θανάτου
2633 900 2844 955 αὐτοῦ.
2893 901 3059 968 Λέγει
3088 901 3144 955 δὲ
3172 902 3296 965 τοὺς
3324 903 3382 953 ἐν
3408 900 3606 969 γνώσει
3636 918 3793 971 νομι-

2196 995 2290 1062 κῇ,
2323 991 2422 1045 καὶ
2448 992 2721 1063 ἱερατικῇ,
2766 993 2860 1045 καὶ
2913 992 3163 1063 βασιλικῇ
3190 991 3591 1064 τετιμημένους
3620 993 3751 1063 ἀξία
3771 1012 3787 1025 ο

2197 1075 2347 1134 οὗτοι
2383 1080 2491 1151 γάρ
2541 1080 2679 1153 πρὸς
2713 1080 2789 1151 τῷ
2823 1082 3170 1146 ἀποκτεῖναι,
3205 1083 3298 1137 καὶ
3345 1082 3586 1152 ἀργύρια
3616 1083 3789 1136 δεδώ-
3842 1154 3847 1159 _

2197 1189 2359 1227 κασιν
2390 1171 2577 1238 ἱκανὰ,
2608 1173 2816 1243 κρύψαι
2841 1173 3153 1242 βουλόμενοι
3173 1173 3270 1244 τὴν
3298 1173 3618 1227 ἀνάστασιν.
3668 1173 3781 1228 Καὶ

2199 1261 2344 1316 κατὰ
2373 1260 2533 1314 τοῦτο
2560 1258 2655 1315 οὖν
2687 1263 3027 1328 πλουσίους
3070 1262 3267 1325 αὐτοὺς
3299 1262 3457 1315 καλεῖ
3477 1279 3491 1293 ν
3523 1263 3557 1332 ἢ
3586 1266 3682 1315 καὶ
3709 1263 3789 1327 ὡς

2199 1349 2594 1422 φιλαργύρους.
2621 1351 2978 1405 ’Δπέκτειναν
3034 1351 3144 1421 γὰρ
3191 1351 3449 1418 Ἰησοῦν,
3485 1352 3554 1406 ἶν’
3606 1353 3789 1423 ἔχοιεν

2197 1445 2448 1500 πλουτεῖν
2473 1448 2538 1499 ἐκ
2560 1445 2651 1499 τοῦ
2682 1446 2758 1516 μὴ
2793 1444 3001 1514 κρίνειν
3022 1443 3220 1515 ὀρθῶς.
3255 1445 3391 1514 Περὶ
3419 1438 3493 1497 ὧν
3545 1445 3738 1514 ἔλεγεν
3760 1448 3791 1500 6

2193 1537 2510 1608 προφήτης’
2541 1556 2559 1589 ι
2599 1536 2863 1590 Κοινωνοὶ
2901 1535 3169 1599 κλεπτῶν,
3203 1535 3523 1603 ἀγαπῶντες
3584 1536 3742 1607 δῶρα
3762 1578 3779 1603 ,

2188 1627 2473 1691 διώκοντες
2501 1626 2871 1696 ἀνταπόδομα.
2914 1644 2934 1677 ι

513 1729 574 1778 ιιι
606 1719 856 1791 pecnnzis
884 1718 1094 1773 inhiare
1114 1721 1534 1772 demonstraret.
1556 1714 1743 1771 Iesum
1774 1716 1918 1770 enim
1951 1715 2370 1783 interemerunt,
2403 1728 2464 1773 ut
2499 1733 2666 1788 prave
2718 1715 3022 1787 iudicando
3055 1714 3393 1773 ditescerent
3430 1736 3445 1773 :
3482 1718 3539 1773 in
3577 1733 3789 1788 eosque

512 1813 605 1869 illa
632 1819 782 1876 sunt,
806 1811 1005 1880 quibus
1055 1826 1178 1866 esse
1211 1809 1392 1865 furum
1420 1812 1627 1874 socios,
1648 1811 1903 1879 donaque
1927 1809 2174 1880 diligere,
2214 1818 2271 1868 et
2301 1813 2609 1868 mercedem
2649 1812 2849 1868 sectari
2886 1810 3154 1881 propheta
3179 1811 3315 1882 ipsis
3333 1813 3696 1883 exprobravit
3716 1816 3785 1871 “.

586 1906 1218 1976 Cogitabantpraeterea,
1243 1905 1289 1959 si
1312 1914 1560 1959 cessaret
1579 1904 1635 1958 in
1662 1906 1781 1973 lege
1811 1904 2101 1968 cultus,iis
2130 1912 2175 1968 Β

512 2013 638 2053 esse
677 1998 787 2052 sibi
831 1997 1131 2051 carendum
1186 1996 1468 2065 primitiis,
1496 1998 1698 2064 quibus
1745 1995 2090 2051 fruebantur.

510 2089 751 2159 Indeque
778 2104 874 2144 eos
901 2088 1167 2144 conviciis
1195 2088 1501 2144 insectatus
1538 2097 1624 2142 est
1653 2085 1927 2151 Christus,
1950 2087 2094 2157 quod

511 2180 813 2245 mentham,
846 2189 901 2233 et
949 2180 1233 2243 anethum,
1286 2187 1342 2234 et
1395 2179 1679 2233 cuminum
1732 2177 2092 2245 decimarent,

507 2287 631 2341 qua:
671 2280 851 2326 autem
892 2279 1076 2326 essent
1106 2272 1159 2326 in
1185 2272 1301 2340 lege
1321 2267 1904 2341 graviora,jndicinm.
1929 2272 2096 2326 mise-

507 2362 825 2428 ricordiam,
843 2361 999 2417 ﬁdem
1018 2362 1340 2416 omitterent
1360 2361 1421 2415 ³³.
1455 2361 1531 2414 Eo
1552 2370 1731 2414 autem
1758 2359 2093 2415 condemna-

508 2448 676 2501 tionis
718 2463 909 2503 eorum
947 2450 1263 2519 aequitatem
1314 2449 1597 2518 praecipue
1622 2447 2090 2519 signiﬁcat,quod

506 2540 839 2610 iniquitatem
888 2557 1015 2596 eum
1054 2558 1159 2596 non
1194 2541 1385 2612 fecisse
1437 2540 1707 2611 adjungit.
1735 2539 1893 2595 Juste
1944 2540 2091 2594 enim

508 2637 951 2690 condemnentur
979 2636 1297 2706 quijustum
1328 2635 1534 2707 injuste
1564 2650 1763 2690 necare
1801 2635 1920 2689 ausi
1941 2641 2090 2689 sunt.

506 2724 603 2781 Est
634 2742 761 2781 vero
794 2722 953 2783 tesiis
995 2727 1099 2782 [ide
1155 2728 1357 2797 dignus
1403 2729 1560 2782 Pater
1597 2728 1733 2797 ipse,
1774 2728 1868 2795 qui
1896 2725 2091 2779 Filium

505 2825 733 2887 peccato
767 2833 959 2872 carere
993 2820 1233 2873 asseruit
1262 2818 1330 2871 ιδ.
1364 2816 1522 2872 Unde
1554 2817 1801 2887 improbe
1832 2818 2092 2872 mentitos

504 2923 631 2965 esse
685 2917 931 2988 apparet,
968 2911 1062 2979 qui
1096 2925 1223 2964 eum
1279 2911 1537 2980 populum
1578 2910 1879 2988 concitare,
1907 2908 2090 2965 Caesa-

505 2998 664 3069 rique
696 2986 883 3055 vetare
929 3002 1200 3055 tributum
1251 3002 1587 3069 persolvere,
1610 2986 1705 3071 qui
1741 3013 1802 3055 se
1828 3000 2088 3069 denique,

505 3092 613 3146 nisi
645 3091 967 3146 malefactor
994 3102 1162 3156 esset,
1196 3090 1372 3147 Pilato
1412 3107 1522 3147 non
1572 3091 1745 3146 fuisse
1787 3091 2089 3147 tradituros

504 3181 759 3236 dicebant
788 3184 851 3235 ι’.
880 3180 954 3235 Ita
974 3182 1119 3236 enim
1151 3197 1211 3237 re
1257 3191 1313 3237 et
1357 3182 1523 3236 verbo
1562 3180 1721 3249 culpa
1755 3186 1979 3236 vaeasse
2008 3188 2089 3235 te-

2287 1907 2565 1961 Ἐνενόουν
2594 1906 2652 1959 δέ
2706 1906 2801 1959 καὶ
2851 1904 2935 1958 ὅτι
2986 1905 3348 1975 παυσαμένης
3398 1906 3494 1976 τῆς
3544 1909 3605 1960 ἐν
3634 1908 3785 1978 νόμῳ

2198 1998 2476 2068 λατρείας.
2505 1998 2603 2067 οὐχ
2639 1996 2820 2061 ἕξουσι
2845 1996 2943 2060 τὰς
2981 1996 3123 2049 κατά
3166 1996 3332 2066 νόμον
3363 2000 3785 2068 προσαγομένας

2196 2090 2379 2152 αὐτοῖς
2395 2086 2671 2158 ἀπαρχὰς.
2688 2085 2885 2150 οὒςκαὶ
2898 2084 3209 2149 ἐταλάνιζεν
3236 2086 3429 2154 λέγων,
3459 2088 3543 2141 ὅτι
3576 2106 3597 2138 ι
3622 2090 3781 2142 Ἀπο-

2194 2178 2482 2233 δεκατοῦτε
2518 2178 2581 2231 τὸ
2610 2177 2879 2248 ἡδύοσμον
2935 2180 3029 2230 καὶ
3057 2177 3119 2230 τὸ
3159 2177 3380 2248 ἄνηθον,
3408 2179 3503 2232 καὶ
3530 2182 3592 2233 τὸ
3621 2181 3781 2251 κύμιο

2194 2288 2306 2333 νον,
2332 2270 2428 2323 καὶ
2475 2271 2727 2339 ἀφήκατε
2755 2269 2824 2322 τά
2864 2267 3140 2339 βαρύτερα
3178 2268 3275 2322 τοῦ
3304 2270 3496 2339 νόμου,
3520 2270 3624 2342 τὴν
3661 2274 3782 2342 κρί-

2196 2379 2302 2425 σιν,
2331 2360 2426 2414 καὶ
2453 2360 2516 2413 τδ
2544 2359 2710 2425 ἕλεος,
2745 2359 2840 2412 καὶ
2866 2358 2964 2427 τὴν
2998 2358 3198 2412 πίστιν.
3216 2377 3234 2411 ι
3254 2359 3328 2412 Τὸ
3357 2359 3415 2413 δὲ
3438 2359 3651 2414 δίκαιον
3682 2360 3782 2430 τῆς

2194 2452 2378 2507 αὐτῶν
2429 2451 2582 2520 δηλοῖ
2639 2450 3023 2522 κατακρίσεως
3085 2451 3169 2518 τὸ,
3227 2450 3310 2504 δτι
3351 2451 3614 2521 ἀνομίαν
3669 2454 3781 2507 οὐκ

2192 2545 2506 2612 ἐποίησεν,
2538 2542 2902 2613 ἐπαγόμενον.
2942 2541 3168 2605 Ἀδίκως
3191 2541 3300 2609 γὰρ
3328 2542 3783 2606 ἀποκτείναντες,

2192 2635 2417 2699 δικαίως
2464 2636 2620 2688 αὐτοὶ
2668 2634 3115 2705 κατακέκρινται.
3160 2632 3498 2697 ’Δξιόπιστος
3525 2632 3586 2686 δέ
3639 2634 3783 2705 μὰρο

2191 2745 2286 2792 τυς
2312 2730 2340 2782 6
2358 2727 2979 2799 ,Πατὴρ,ἀναμάρτητον
3004 2724 3177 2779 εἰπὼν
3200 2725 3291 2778 τὸν
3315 2724 3462 2778 Υίόν.
3492 2724 3787 2795 lia-redisti—

2193 2819 2492 2899 cavro‘ﬁpa
2537 2820 2667 2873 ποτέ
2697 2819 2796 2889 μὲν
2822 2818 3093 2886 λέγοντες,
3136 2817 3218 2870 ὅτι
3255 2834 3273 2868 ι
3309 2810 3477 2879 Οὗτος
3530 2816 3786 2870 ἀνασείει

2189 2912 2281 2967 τὸν
2308 2912 2457 2977 λαὸν,
2490 2914 2582 2966 καὶ
2602 2912 2801 2965 κωλύει
2828 2911 3071 2981 Καίσαρι
3093 2909 3299 2964 διδόναι
3326 2909 3548 2981 φόρους,
3592 2926 3614 2960 ι
3651 2910 3785 2962 ποτὲ

2187 3002 2297 3055 δέη
2324 3002 2467 3071 Εἰμὴ
2503 2997 2572 3072 ἦν
2596 2995 2747 3064 οὗτος
2779 3000 3114 3065 κακοποιῶν,
3130 3000 3233 3053 οὐκ
3260 3001 3322 3054 ἄν
3344 3016 3425 3052 σοι
3450 2998 3785 3069 παρεδώκα-

2192 3108 2293 3162 μεν
2338 3091 2520 3146 αὐτόν.
2555 3109 2575 3144 ι
2616 3091 2675 3144 Ὀ
2708 3092 2817 3161 γὰρ
2853 3091 3044 3165 Πατὴρ
3090 3089 3233 3144 οὕτω
3282 3090 3342 3143 τὸ
3390 3090 3784 3161 ἀναμάρτητον

2192 3181 2339 3252 ἔργῳ
2367 3196 2439 3249 τε,
2469 3179 2567 3234 καὶ
2593 3180 2736 3250 λόγῳ
2767 3181 3215 3251 μεμαρτύρηκεν.
3247 3175 3418 3232 Τοῦτο
3444 3178 3504 3231 δὲ
3530 3177 3689 3231 κατά
3723 3180 3782 3231 τὸ

504 3271 773 3329 stilicatus
806 3281 892 3328 est
919 3272 1079 3328 Pater
1111 3273 1292 3344 :quod
1319 3282 1405 3327 est
1429 3272 1499 3326 ad
1522 3271 1878 3326 humanitatis
1903 3271 2075 3326 ratio-

2192 3271 2547 3344 ἀνθρώπινον.
2594 3272 2660 3324 Ἦ
2699 3274 2808 3341 γὰρ
2849 3271 2971 3325 θεία
3017 3270 3179 3337 φύσις
3208 3270 3357 3324 ἐστὶν
3380 3269 3775 3332 ἀναλλοίωτος.

505 3379 629 3418 nem
669 3362 1041 3430 referendum,
1072 3379 1197 3419 cum
1224 3362 1582 3417 mutationem
1619 3361 1711 3418 Dei
1749 3370 1945 3418 natura
1968 3378 2081 3419 non

505 3455 765 3526 patiatur,
795 3471 970 3526 neque
1010 3456 1293 3510 hominum
1345 3456 1661 3526 quisquam,
1695 3470 1761 3510 eo
1791 3470 1900 3510 uno
1919 3470 2081 3511 exce-

505 3555 616 3615 plO,
648 3546 908 3601 sordibus
953 3555 1158 3602 careat.
1193 3546 1422 3601 Mortem
1450 3548 1614 3617 igitur
1648 3547 1765 3617 ipse
1791 3563 1889 3617 pro
1923 3547 2082 3603 nobis

504 3637 733 3701 subivit,
775 3645 836 3692 nt
890 3637 1155 3693 mundum
1219 3640 1460 3709 peccatis
1507 3643 1790 3694 eximeret.
1830 3639 1987 3696 Unde
2028 3649 2083 3695 et

500 3742 619 3780 eum
645 3743 677 3780 a
697 3726 876 3798 plaga,
908 3728 960 3781 id
991 3738 1074 3783 est
1102 3730 1171 3783 ab
1200 3730 1346 3782 illata
1378 3737 1574 3791 morte,
1609 3728 1868 3783 mundare
1890 3729 2083 3784 decre-

501 3819 581 3871 vit
604 3816 806 3872 Pater:
853 3819 1020 3889 quod.
1050 3821 1240 3873 eadem
1276 3835 1373 3888 per
1411 3820 1584 3890 ipsius
1617 3821 2082 3875 resurrectionem

503 3910 846 3975 conculcata,
882 3910 1085 3965 factum
1112 3918 1218 3965 est.
1252 3908 1455 3964 Volunt
1485 3919 1666 3965 autem
1713 3911 1986 3977 nonnulli,
2018 3926 2084 3967 eo

503 3997 646 4067 ipso,
686 3999 831 4068 quod
862 3999 983 4067 eius
1028 4000 1252 4054 nomine
1302 4014 1498 4069 poenas
1530 4000 1603 4055 ab
1636 4000 1745 4077 illis
1774 4000 2085 4071 repoposeit

504 4090 688 4158 Pater,
717 4092 920 4162 injuste
963 4107 1187 4163 passum
1245 4107 1391 4157 esse,
1418 4103 1472 4147 et
1504 4107 1672 4163 :eqnaa
1715 4092 2085 4148 damnationis

499 4198 624 4238 eum
684 4184 999 4254 suspicione
1057 4200 1248 4239 carere
1308 4185 1633 4252 signiﬁcari.
1660 4183 1871 4239 Putant
1917 4185 2083 4239 etiam

502 4275 616 4342 alii,
644 4291 753 4330 non
783 4277 943 4331 aliter
980 4292 1169 4347 quam,
1201 4278 1332 4332 dum
1363 4293 1484 4349 qum
1531 4277 1691 4332 nobis
1721 4276 2107 4345 debebantur,-

500 4376 771 4422 tormenta
810 4384 1104 4440 perpessus
1160 4378 1266 4432 est,
1298 4384 1360 4425 ea
1414 4369 1482 4423 ad
1537 4384 1595 4424 se
1646 4369 1891 4432 attraxit,
1924 4369 2004 4423 sic
2034 4377 2088 4425 et

498 4474 641 4525 eam,
684 4474 805 4528 qua:
875 4459 1034 4515 nobis
1090 4474 1187 4530 per
1221 4458 1380 4513 ﬁdem
1433 4458 1689 4521 accessit,
1718 4458 2087 4526 purgationem

499 4550 677 4620 ipsum
705 4550 1007 4621 acccpissm
1027 4550 1291 4619 Sequitur
1315 4547 1513 4604 deinde
1544 4565 1559 4603 :
1593 4546 1657 4602 Si
1686 4546 1823 4600 detis
1844 4562 1939 4616 pro
1969 4563 2088 4616 pee-

500 4650 639 4700 cato,
667 4642 846 4694 anima
891 4650 1064 4695 vestra
1116 4638 1309 4695 videbit
1341 4655 1515 4693 semen
1550 4638 1867 4707 longarum.
1905 4638 2084 4705 Cujus

499 4727 666 4785 fuerit
691 4730 778 4785 hic
800 4746 1031 4786 sensus:
1057 4729 1423 4797 Quantnmvis
1444 4728 1546 4797 ipsi
1571 4728 1699 4782 talia
1727 4728 2080 4796 admiseritis,

500 4823 547 4878 si
576 4823 699 4893 quis
727 4831 905 4876 tamen
936 4837 1032 4891 pro
1055 4837 1152 4876 suo
1170 4830 1385 4890 peccato
1412 4821 1641 4876 hostiam
1665 4819 1863 4877 oO‘erre
1892 4822 2081 4878 volue-

499 4914 593 4979 rit,
621 4911 786 4984 606
806 4912 859 4967 id
894 4921 1000 4978 est,
1029 4928 1242 4976 eorum,
1264 4927 1384 4981 qua:
1412 4913 1678 4983 peccavit,
1704 4913 2079 4982 paenitentiam

500 5020 663 5077 agere
704 5022 719 5072 ;
748 5006 880 5061 illud
916 5004 1156 5076 eﬂ‘ugiet,
1191 5004 1335 5072 quod
1368 5021 1450 5059 me
1479 5004 1765 5059 sceleratos
1784 5020 1880 5072 pro
1902 5007 2078 5073 sepul-

503 5107 626 5151 tura
653 5104 704 5151 et
738 5095 927 5151 divites
948 5113 1045 5161 pro
1069 5104 1240 5149 morte
1267 5096 1434 5163 ipsius
1461 5097 1721 5149 daturum
1753 5096 2082 5159 intermina-

2200 3361 2529 3432 Ἀνθρὼπων
2593 3361 2661 3416 ’δὲ
2711 3363 2884 3425 οὐδεὶς
2942 3363 3084 3431 πλὴν
3142 3360 3306 3417 αὐτοῦ
3365 3360 3613 3430 καθαρὸς
3676 3361 3778 3414 ἀπὸ

2189 3452 2383 3523 ῥύπου.
2414 3451 2625 3506 Ούκοῦν
2670 3454 2809 3524 ὑπὲρ
2836 3452 3089 3507 ἁπάντων
3138 3452 3297 3515 αὐτὸς
3344 3452 3656 3518 ἀπέθανεν,
3698 3452 3777 3505 ἵνα

2188 3545 2415 3617 περιέλῃ
2447 3545 2545 3616 τὴν
2569 3545 2845 3617 ἁμαρτίαν
2890 3544 2984 3599 τοῦ
3014 3546 3240 3615 κόσμου.
3280 3544 3371 3598 Διδ
3418 3545 3515 3597 καὶ
3562 3545 3778 3614 ἔκρινεν

2186 3640 2216 3692 6
2267 3636 2455 3708 Πατὴρ
2503 3636 2670 3690 αὐτοῦ
2723 3637 3043 3704 καθαρίσαι
3095 3637 3282 3691 αὐτὸν
3333 3634 3444 3703 τῆς
3490 3634 3775 3704 alni-ir

2185 3729 2333 3784 τοῦτ’
2371 3730 2487 3784 ἐστι
2521 3729 2617 3783 τού
2658 3730 3042 3801 ἐπενεχθέντος
3086 3730 3236 3802 αὐτῷ
3267 3730 3498 3793 πάθους.
3544 3731 3778 3796 ’Δνέστη

2187 3822 2298 3892 γὰρ
2326 3821 2580 3892 πατήσας
2608 3820 2700 3874 τὸν
2736 3821 2991 3887 ¹θάνατον.
3025 3821 3179 3889 Τινξς
3199 3821 3256 3874 δέ
3284 3837 3465 3889 φασιν,
3496 3822 3589 3874 ὅτι
3610 3821 3680 3874 δι’
3708 3814 3779 3874 ὧν

2187 3915 2218 3967 6
2248 3913 2724 3987 Πατήρ’ἀπῄτησε
2754 3912 2911 3975 δίκας
2958 3912 3098 3983 ὑπὲρ
3138 3911 3329 3974 αὐτοῦ,
3357 3911 3419 3965 τὸ
3452 3911 3527 3981 μὴ
3553 3911 3779 3973 δικαξως

2189 4006 2350 4060 αὐτὸν
2395 4005 2721 4059 πεπονθέναι
2763 4005 3132 4077 παρέστησεν,
3183 4006 3276 4058 καὶ
3326 4003 3575 4073 καθαρὸν
3618 4003 3779 4055 αὐτὸν

2189 4101 2288 4169 τῆς
2316 4097 2411 4151 ἐπὶ
2434 4097 2620 4165 δικαίᾳ
2649 4098 2975 4169 κατακρίσει
3002 4096 3302 4167 πεποίηκεν
3328 4094 3592 4163 ὑποψίας.
3626 4096 3780 4155 Τινὲς

2188 4185 2245 4241 δὲ
2277 4187 2449 4251 οὕτως
2484 4189 2770 4259 εἰρήκασιν
2807 4202 2823 4217 ⁸
2857 4188 3067 4257 Ὠσπερ
3089 4189 3156 4241 τά
3189 4170 3319 4257 ἡμίν
3351 4186 3780 4256 χρεωστούμενα

2191 4280 2338 4350 πάθη
2364 4280 2527 4344 αὐτὸς
2558 4277 2953 4350 ἀναδεξάμενος
2986 4278 3305 4332 οίκειὼσατο
3326 4293 3341 4308 ⁶
3373 4275 3518 4330 οὕτω
3560 4278 3667 4330 καὶ
3689 4276 3779 4344 τὴν

2191 4375 2252 4426 ἐκ
2301 4374 2531 4437 πίστεως
2594 4359 2892 4443 Ῠενομένην
2946 4374 3077 4443 ἡμῖν
3134 4371 3429 4439 κάθαρσιν
3474 4370 3655 4424 αὐτὸν
3701 4370 3779 4422 διο

2191 4465 2375 4536 δέχθαι
2413 4465 2599 4536 φησίν.
2652 4465 2796 4521 Ἐὰν
2822 4463 2971 4519 δῶτε
2998 4465 3131 4533 περὶ
3173 4464 3483 4534 ἁμαρτιας,
3528 4463 3575 4530 ἡ
3612 4460 3773 4530 ψυχὴ

2193 4556 2362 4626 ὑμῶν
2406 4556 2613 4626 ὄψεται
2644 4558 2884 4627 σπέρμα
2912 4557 3259 4627 μακρόϐιον.
3297 4555 3517 4624 Καίπερ
3549 4554 3615 4607 δὲ
3674 4570 3774 4606 τίκα

2188 4648 2326 4703 αὕτα
2364 4649 2875 4721 πλημμελησάντων
2914 4649 3091 4720 ὑμῶν,
3136 4647 3231 4701 ἐάν
3274 4663 3359 4711 τις
3401 4646 3654 4719 ἐθελήσῃ
3687 4647 3774 4698 θο-

2189 4741 2311 4795 σίαν
2355 4742 2667 4810 ἀνενεγκεῖν
2707 4742 2860 4809 ὑπὲρ
2898 4740 3008 4808 τῆς
3047 4740 3235 4795 αὑτοῦ
3281 4737 3607 4807 ἁμαρτίας,
3637 4736 3773 4791 τοῦτ’

2187 4833 2301 4887 ἐστι
2342 4835 2624 4904 μετανοεῖν
2680 4834 2767 4901 ἐφ’
2818 4828 2899 4897 οἷς
2939 4832 3384 4903 ἐπλημμέλησεν,
3447 4830 3775 4898 ἐκφεύξεται

2183 4925 2269 4989 τὸ,
2300 4924 2479 4978 Δώσω
2508 4923 2652 4990 τοὺς
2677 4924 2982 4993 πονηροὺς
3006 4923 3142 4978 ἀντὶ
3186 4922 3296 4991 τῆς
3323 4920 3524 4989 ταφῆς
3566 4922 3771 4983 αὐτοῦ,

2170 5017 2270 5071 καὶ
2322 5015 2465 5083 τοὺς
2510 5017 2847 5082 πλουσίους
2896 5015 3031 5071 ἀντὶ
3084 5014 3193 5068 τοῦ
3241 5011 3505 5067 θανάτου
3564 5011 3770 5066 αὑτοῦ.

2168 5106 2277 5161 Καὶ
2309 5105 2520 5174 ὄψεται
2552 5106 2619 5159 τὸ
2639 5106 2975 5174 μακρόϐιον
3004 5105 3267 5174 σπέρμα,
3313 5104 3444 5173 περὶ
3478 5098 3550 5157 οὗ
3589 5105 3767 5170 ἔλεγεν

500 5197 593 5244 tus
625 5204 747 5244 sum
784 5206 799 5256 ;
828 5204 1103 5259 semenque
1157 5186 1291 5241 illud
1321 5187 1612 5259 lonngum
1667 5189 1987 5250 intuebitur,
2015 5187 2084 5244 de

2192 5214 2231 5250 εν
2266 5195 2607 5268 παραϐολαῖς
2625 5213 2641 5227 ·
2687 5214 2706 5248 ι
2730 5195 2987 5266 Ἐξῆλθεν
3017 5198 3047 5249 6
3072 5194 3313 5265 σπείρων
3334 5191 3433 5245 τοῦ
3486 5196 3762 5263 σπεῖραι.»

510 5295 619 5349 quo
646 5280 700 5335 in
722 5280 1004 5351 parabolis
1032 5293 1215 5336 sermo
1247 5286 1354 5343 est,
1394 5295 1518 5335 cum
1547 5279 1624 5333 ait
1675 5296 1690 5333 :
1733 5298 1753 5331 ι
1794 5278 1974 5334 Exivit
1998 5294 2089 5334 se.

504 5370 722 5425 minans
755 5380 814 5425 ut
844 5375 1139 5428 seminaret
1162 5373 1246 5425 η’.
1281 5389 1300 5422 ι
1342 5369 1404 5423 Et
1422 5371 1621 5424 iterum
1660 5388 1673 5423 :
1717 5387 1736 5421 ι
1784 5368 1974 5424 Simile
1994 5377 2080 5425 est

502 5472 730 5527 regnum
775 5462 1039 5515 ctelorum
1081 5460 1288 5515 homini
1322 5460 1611 5515 seminanti
1645 5475 1829 5515 semen
1879 5461 2081 5518 bonum

507 5551 561 5604 in
584 5565 713 5620 agro
741 5567 843 5606 suo
873 5555 979 5606 ¹⁸⁶⁶.
1018 5571 1038 5605 ι
1063 5551 1329 5607 Nimirum
1365 5553 1439 5606 ita
1464 5552 1680 5608 locutus
1698 5562 1802 5619 est,
1835 5563 1893 5607 ut
1914 5552 2077 5608 vitam

512 5650 770 5696 aeternam
817 5642 1169 5707 signiﬁcaret.

2182 5290 2295 5343 Καὶ
2324 5288 2487 5343 πάλιν
2510 5303 2527 5320 ο
2571 5306 2590 5339 ι
2613 5287 2810 5358 Ὁμοία
2843 5286 2992 5341 ἐστὶν
3024 5287 3057 5355 ἡ
3096 5285 3342 5357 βασιλεία
3378 5283 3491 5335 τῶν
3526 5283 3769 5354 οὐρανῶν

2184 5377 2458 5449 ἀνθρώπῳ
2526 5378 2813 5448 σπείροντι
2880 5375 3049 5429 καλὸν
3110 5375 3334 5443 σπέρμα
3402 5373 3462 5425 ἐν
3514 5373 3608 5444 τῷ
3666 5373 3773 5439 ἰδίῳ

2188 5467 2365 5539 ἀγρῷ.
2424 5487 2443 5521 ι
2498 5471 2705 5537 Ἥγουν
2758 5468 2860 5539 τὴν
2910 5466 3130 5521 αἰώνιον
3193 5464 3339 5535 ζωὴν
3399 5461 3586 5529 οὕτως
3650 5465 3770 5517 ἐκα-

2188 5560 2331 5615 λεσε.

563 5729 607 5761 ι’
638 5729 739 5783 lsa.
768 5730 911 5791 1,23.
967 5732 1007 5762 ¹³
1036 5730 1222 5785 Matth.
1243 5733 1503 5797 “uniti.
1568 5732 1776 5790 “Joan.
1814 5750 1967 5803 XVIII,
1988 5734 2075 5791 46.
2134 5736 2175 5766 ¹⁵
2205 5734 2364 5791 Joan.
2388 5752 2536 5797 Xt‘ltl,
2566 5736 2652 5791 50.
2714 5735 2785 5770 "“
2803 5734 2993 5803 Matth;
3014 5750 3131 5800 xm,
3153 5733 3206 5787 5.
3253 5727 3635 5787 ""ibid.ﬁ.
