3976 6220
167 320 298 388 2529

1284 325 1431 386 COM
1449 327 1827 386 MENTARII
1868 328 1950 389 IN
1977 328 2264 389 ISAIAM.

3291 325 3429 390 2530

235 435 370 504 Πρὸς
401 434 460 488 δὲ
499 433 565 487 τὰ
603 433 729 505 ἔθνη
777 435 922 498 τινὲς
969 433 1223 508 εἰρῆσθαι
1272 434 1433 488 τοῦτό
1469 451 1656 503 φασιν,
1683 435 1749 500 ὡς

1931 440 2011 495 Ad
2045 447 2235 510 gentes
2259 443 2438 490 autem
2462 445 2516 492 et
2546 437 2650 492 ista
2685 436 2843 508 dirigi
2884 436 3104 507 quidam
3154 436 3428 492 arbitran-

168 528 408 584 Τοσαῦτα
435 528 698 591 παθόντος
727 527 867 598 ὑπὲρ
887 527 917 580 ύ
927 528 1065 596 μῶν,
1092 528 1188 580 etv
1211 529 1302 580 καὶ
1321 528 1482 596 ὑμεῖς
1505 528 1731 579 πιστεύ-

171 635 311 688 σητε,
337 618 436 680 τὰς
454 617 728 687 ἁμαρτίας
759 617 914 684 ὑμῶν
943 615 1446 686 ἐξομολογούμενοι,
1481 616 1734 668 κοινωνοὶ

169 709 270 763 τῶν
294 709 525 763 αίωνίων
553 707 775 775 ἀγαθῶν
804 707 1233 777 καταστήσεσθε.
1266 705 1481 758 Δίδωσι
1511 705 1579 758 δὲ
1603 705 1736 771 περὶ

170 799 447 869 ἁμαρτίας
485 799 616 860 πᾶς,
655 798 783 866 περὶ
810 789 870 849 οὗ
901 813 1065 864 φησιν
1097 811 1112 828 ο
1150 815 1168 846 ι
1194 797 1260 848 Εἴ
1277 813 1360 858 τις
1390 795 1534 847 θέλει
1564 795 1740 847 ὀπίσω

174 909 267 962 μου
295 890 491 953 ὲλθεϊν,
518 888 846 959 ἀρνησάσθω
873 887 1084 951 ἑαυτὸν,
1118 887 1212 939 καὶ
1236 886 1423 954 ἀράτω
1458 887 1546 938 τὶν
1579 902 1740 937 σταυ⁴

171 983 258 1052 ρὸν
285 979 470 1044 αὑτοῦ,
501 979 595 1032 καὶ
625 978 985 1032 ἀκολουθείτω
1033 996 1122 1047 μοι
1148 993 1163 1008 ·
1199 996 1216 1028 ι
1258 980 1408 1030 ποῖον
1439 988 1460 1015 ο
1491 973 1557 1047 ἦν
1596 980 1624 1029 ὁ
1653 976 1742 1028 λέ-

168 1091 292 1140 γων,
325 1091 342 1124 ι
387 1071 1097 1143 Χριστῷσυνεσταύρωμαι,
1123 1069 1200 1132 ζῶ
1221 1069 1276 1122 δὲ
1299 1069 1481 1122 οὐκέτι
1512 1069 1640 1136 ἐγώ.
1667 1070 1742 1138 Ζῇ

167 1165 222 1218 δὲ
245 1167 298 1216 ὲν
322 1164 443 1232 ἐμοὶ
470 1162 701 1231 Χριστός
723 1179 737 1226 ;
764 1163 866 1214 »ού
893 1162 1131 1225 τοιοῦτος
1155 1162 1209 1214 δὲ
1227 1164 1254 1214 ὀ
1273 1162 1502 1229 ἀγαπῶν
1533 1161 1744 1230 πατέρα

169 1254 200 1324 ἦ
237 1253 440 1324 μητέρα
479 1253 621 1320 ὑπὲρ
648 1254 830 1307 αὐτόν.
863 1254 1001 1323 Φησὶ
1021 1255 1148 1322 γὰρ,
1168 1253 1244 1315 ὡς
1277 1271 1296 1304 ι
1327 1254 1440 1306 Οὐκ
1469 1252 1616 1305 ἐστιν
1643 1270 1744 1321 μου

169 1343 328 1408 ἄξιος.
368 1360 386 1392 ι
442 1343 514 1395 Τὸ
537 1338 949 1410 οὗν-ἀγαπῆσαι
992 1342 1225 1412 Χριστὸν
1254 1341 1313 1406 ἐξ
1353 1343 1478 1410 ὅλης
1525 1343 1747 1412 καρδίας

168 1433 258 1485 καὶ
283 1433 480 1501 ψυχῆς,
533 1432 593 1485 τὺ
620 1432 832 1486 δοῦναί
878 1433 1010 1484 ἐστι
1059 1431 1192 1500 περὶ
1223 1435 1528 1501 ἁμαρτίας.
1587 1433 1747 1496 Τινὲς

170 1522 301 1574 δὲτὸ
331 1523 490 1591 ῥητὸν
515 1520 688 1583 οὕτως
719 1513 843 1574 ἕκθέ
855 1537 1008 1590 μενοι
1034 1536 1048 1551 ·
1088 1520 1230 1574 Ἐὰν
1257 1520 1329 1588 θῇ
1372 1521 1504 1588 περὶ
1541 1525 1746 1589 πλημ-

166 1614 422 1684 μελείας,
458 1612 629 1681 ψυχὴ
663 1612 849 1666 αὐτοῦ
899 1611 1109 1680 ὄψεται
1155 1611 1396 1682 σπέρμα
1451 1609 1777 1682 μηκύνον,’

187 1707 411 1776 Ἡμέρα,
455 1707 784 1774 ἐπήνεγκαν,
823 1705 854 1774 ὴ
882 1704 1020 1774 μετὰ
1054 1703 1114 1756 τὸ
1137 1705 1309 1766 πάθος
1328 1744 1342 1767 ,
1382 1705 1698 1756 παιδοποιία
1721 1702 1748 1742 ά

1841 539 1932 584 tur
1968 547 1982 596 ;
2020 539 2080 583 ut
2108 544 2202 584 eos
2229 528 2418 589 etiam,
2442 541 2676 595 quorum
2710 529 2932 581 nomine
2951 537 3057 580 tam
3099 526 3268 580 multa
3304 542 3432 596 pas-

1837 633 1932 673 sus
1986 620 2077 684 sit,
2125 619 2171 674 si
2227 617 2584 680 crediderint,
2624 631 2833 685 suaque
2895 627 3118 686 peccata
3187 618 3442 674 confessi

1839 708 2065 773 fuerint,
2098 708 2421 778 perennium
2473 707 2742 760 bonorum
2790 707 2902 761 lore
2959 707 3250 777 participes
3271 722 3425 764 asse-

1841 806 1950 852 rat.
1987 797 2092 850 Dat
2124 813 2242 852 vero
2273 813 2368 866 pro
2394 808 2609 864 peccato
2644 796 2898 864 quisquis
2936 795 2987 848 id
3019 806 3261 865 praetat,
3283 797 3428 867 quod

1840 891 1985 945 dicit
2021 907 2034 945 :
2083 908 2100 942 ι
2145 887 2359 957 Siquis
2388 891 2504 942 vult
2547 888 2735 941 venire
2783 894 2905 954 post
2933 900 3054 955 me,
3081 888 3312 958 uimeget
3340 904 3428 942 se-

1843 980 2159 1048 tnetipsum,
2203 987 2259 1033 et
2305 980 2460 1031 tollat
2525 991 2745 1031 crucem
2809 990 2990 1038 suam,
3044 984 3094 1028 et
3169 989 3430 1046 sequatur

1844 1086 1928 1124 me
1947 1072 2007 1123 “.
2044 1089 2062 1121 ι
2092 1069 2413 1138 Cuiusmodi
2450 1069 2537 1121 ille
2562 1065 2683 1128 luit,
2705 1065 2795 1134 qui
2819 1080 2878 1119 se
2899 1079 3021 1118 cum
3053 1064 3277 1120 Christo
3297 1082 3430 1122 cru-

1844 1162 2067 1216 ciﬁxum
2103 1178 2210 1216 non
2249 1162 2430 1215 vivere
2493 1160 2752 1228 amplius,
2795 1160 2889 1214 sed
2921 1159 3202 1214 Christum
3257 1159 3308 1212 in
3343 1174 3432 1214 se-
3474 1183 3476 1185 ’

1847 1252 1965 1321 ipso
1998 1250 2378 1319 pronuntiavit
2413 1251 2497 1302 ιδ’.
2523 1249 2591 1303 At
2623 1257 2742 1304 erat
2772 1249 2902 1303 hinc
2929 1249 3084 1318 longe
3122 1249 3430 1314 dissimilis,
3531 1311 3546 1320 γ

1847 1342 1940 1411 qui
1972 1351 2208 1410 patrem,
2247 1349 2338 1394 aut
2369 1347 2599 1394 matrem
2645 1341 2902 1410 amplius,
2973 1353 3135 1408 quam
3177 1353 3301 1392 eum
3332 1339 3432 1392 ad-

1855 1435 2111 1494 atnahat;
2148 1447 2308 1500 quem
2350 1447 2410 1485 se
2464 1431 2588 1486 ideo
2627 1446 2735 1485 non
2767 1430 2989 1500 dignum
3031 1445 3152 1484 esse
3188 1444 3435 1498 pronun-

1849 1523 2006 1577 tiavit
2026 1525 2088 1576 ³⁷.
2120 1524 2218 1577 Est
2245 1524 2412 1594 igitur
2445 1522 2572 1577 dare
2600 1538 2696 1587 pro
2716 1533 2928 1591 peccato
2945 1522 3222 1577 Christum
3251 1522 3434 1591 ipsum

1849 1623 1968 1670 toto
1985 1615 2172 1680 corde,
2194 1624 2419 1685 totoque
2449 1615 2634 1670 animo
2669 1615 2920 1686 diligere.
2953 1613 3240 1670 Exsistunt
3263 1613 3432 1668 etiam

1857 1707 2127 1774 nonnulli,
2169 1707 2261 1776 qui
2293 1708 2477 1760 locum
2539 1706 2612 1759 ita
2651 1713 2987 1776 exponentes
3023 1723 3035 1760 :
3075 1703 3132 1757 Si
3184 1703 3432 1757 obtulerit

169 1797 508 1868 πνευματικὴ
541 1796 641 1865 τῆς
671 1797 751 1858 είς
784 1796 954 1850 αἰῶνα
981 1795 1210 1865 ἐνούσης
1247 1807 1270 1834 ο
1304 1795 1600 1865 ἀδιηγήτου
1643 1812 1737 1864 γε-

1854 1815 1942 1866 pro
1972 1810 2212 1868 peccato,
2247 1801 2429 1852 anima
2492 1799 2608 1868 ejus
2645 1798 2836 1852 videbit
2886 1814 3056 1852 semen
3078 1795 3431 1865 ampliﬁcans,

169 1895 310 1954 νεᾶς.
340 1892 463 1944 κατ’
491 1888 824 1958 ἐπαγγελίαν
867 1888 966 1959 τὴν
1009 1888 1148 1960 πρὸς
1191 1889 1441 1959 Ἀὕραὰμ
1471 1888 1626 1958 θεῖκῇ
1650 1889 1743 1941 δυ-

171 1983 326 2052 νάμει
351 1980 736 2052 πληρουμένην
767 1981 906 2050 μετὰ
944 1979 1041 2051 τὴν
1075 1980 1227 2032 λύσιν
1267 1981 1366 2048 τῆς
1414 1978 1743 2049 φθοροποιοῦ

173 2072 458 2143 ἁμαρτίας,
509 2072 604 2124 καὶ
633 2069 731 2140 τὴν
781 2069 967 2123 ἄνοδον
1011 2068 1106 2123 τοῦ
1157 2069 1456 2139 λυτρωτοῦ.
1495 2070 1640 2122 Ἀντί
1689 2068 1746 2121 δὲ

169 2164 281 2227 τοῦ,
316 2163 427 2217 Kal
451 2162 738 2225 ,ϐούλεται
768 2163 983 2228 Κύριος
1009 2162 1258 2231 ἀφελεῖν
1274 2163 1393 2216 ἀπὸ
1417 2162 1525 2216 τοῦ
1555 2165 1746 2217 πόνου

170 2255 277 2322 τῆς
313 2253 521 2323 ψυχῆς
551 2251 760 2318 αὑτοῦ,
784 2254 812 2304 ὁ
840 2253 1138 2324 Σύμμαχος
1161 2270 1175 2284 ·
1209 2255 1318 2306 Kal
1351 2253 1578 2322 θέλημα
1627 2257 1744 2307 Κυ-

168 2348 327 2415 ρίου,
385 2345 570 2416 φησιν,
615 2344 685 2397 ἐν
710 2345 858 2413 χειρὶ
897 2344 1083 2398 αὑτοῦ
1104 2344 1542 2415 εὐοδωθήσεται
1562 2363 1576 2378 ·
1609 2346 1748 2418 ὅπερ

171 2439 259 2492 ἐπὶ
288 2437 447 2506 μόνου
487 2436 580 2488 τοῦ
637 2436 890 2506 Σωτῆρος
935 2436 1221 2506 ἁρμόττει.
1273 2437 1581 2500 Διαπαντὸς
1638 2439 1746 2509 γὰρ

169 2528 234 2582 τὸ
267 2527 492 2597 θέλημα
542 2527 649 2581 τοῦ
685 2527 944 2596 Πατέρος
986 2528 1056 2580 ἐν
1078 2527 1150 2596 τῇ
1207 2529 1361 2598 χειρί
1389 2529 1578 2601 αὐτοῦ
1605 2546 1745 2583 κατ-

168 2619 466 2674 ευοδοῦτο.
531 2619 738 2673 Ἔδωκε
779 2619 835 2672 δὲ
875 2619 1024 2690 αύτῴ
1078 2619 1169 2672 καὶ
1227 2621 1343 2688 φῶς
1381 2623 1460 2683 είς
1489 2621 1550 2674 τὸ
1579 2622 1747 2690 φωτί-

170 2711 353 2777 ζεσθαι
406 2714 529 2775 τοὺς
555 2711 621 2766 δι’
650 2711 814 2765 αὑτοῦ
861 2711 1296 2780 δικαιουμένους,
1338 2713 1434 2766 κα)⁸
1465 2715 1745 2768 σύνεσιν.

182 2797 627 2856 Ἐπανεπαύσατο
689 2803 798 2873 γὰρ
851 2803 938 2856 ἐπ’
971 2804 1135 2858 αὑτὸν
1162 2804 1380 2874 πνεῦμα
1413 2805 1605 2874 σοφίας
1655 2805 1750 2858 καὶ

170 2894 437 2958 συνέσεως
468 2895 548 2957 είς
595 2893 656 2946 τὸ
707 2893 1007 2958 συνετοὺς
1051 2893 1484 2964 ἀπεργάζεσθαι,
1534 2894 1631 2947 καὶ
1658 2893 1748 2948 ει-

168 2989 380 3043 καιοῡν
399 2987 538 3054 τοὺς
562 2987 771 3052 ἀξίους·
793 2986 899 3041 τοῦ
922 2987 1318 3042 δικαιοῦσθαι.
1347 2985 1505 3048 Τινὲς
1525 2986 1582 3039 δὲ
1607 2985 1748 3039 οὕτω

170 3077 302 3146 φασί
333 3093 348 3108 ο
380 3079 668 3131 Bormum
726 3077 941 3144 Κύριος
988 3076 1105 3145 τὴν
1152 3077 1246 3130 ἰπὶ
1272 3075 1350 3146 τῷ
1383 3075 1604 3147 σταυρῷ
1639 3077 1748 3131 λύ-

1847 1892 2114 1962 adjiciunt
2142 1910 2156 1957 ς
2199 1891 2342 1947 diem
2375 1891 2552 1954 illum,
2592 1890 2687 1960 qui
2718 1888 3048 1958 passionem
3081 1897 3305 1942 secutus
3325 1895 3430 1950 est,

1847 1981 2088 2036 ﬁliorum
2127 1962 2571 2052 procreationem
2602 1994 2726 2034 esse
2750 1979 3088 2047 spiritualem
3124 1976 3434 2047 generatio-

1847 2073 1936 2125 nis
1964 2081 2244 2141 perpetua
2269 2078 2326 2125 et
2365 2067 2666 2124 inelIahilis
2706 2063 3006 2122 secundum
3034 2067 3232 2120 factam
3262 2065 3437 2120 Abra-

1849 2163 2016 2220 hamo
2051 2164 2474 2235 promissionem
2510 2179 2525 2229 ;
2559 2176 2683 2231 quae
2707 2160 2891 2216 divina
2922 2162 3143 2224 virtute,
3177 2171 3298 2230 post
3318 2159 3436 2214 exi-

1847 2254 1997 2310 tialis
2053 2254 2266 2323 peccati
2330 2253 2734 2315 remissionem,
2785 2259 3022 2321 postque
3047 2249 3435 2320 Redemptoris

1848 2361 2137 2402 ascensum
2174 2344 2562 2412 adimpleatur.
2579 2341 2851 2398 Caeterum
2873 2357 3004 2410 pro:
3026 2341 3093 2395 Et
3121 2343 3228 2394 vult
3252 2339 3433 2393 Domi-

1849 2451 1948 2490 nus
1973 2435 2192 2504 auferre
2221 2433 2286 2488 de
2315 2434 2496 2488 labore
2532 2435 2768 2486 animam
2787 2434 2925 2501 ejus,
2963 2433 3038 2486 ita
3075 2431 3234 2484 habet
3274 2431 3432 2501 Sym-

1848 2527 2100 2592 machus,
2162 2525 2233 2579 Et
2275 2525 2520 2578 voluntas
2564 2521 2778 2576 Domini
2808 2523 2862 2575 in
2887 2538 3048 2576 manu
3089 2522 3434 2590 ejusprospe-

1845 2619 2060 2672 rabitur
2091 2633 2110 2681 ;
2163 2617 2307 2686 quod
2343 2616 2437 2669 uni
2461 2623 2675 2668 tantum
2705 2613 2977 2667 Salvatori
3007 2613 3286 2681 congruit.
3309 2609 3434 2665 Per-

1849 2717 2015 2779 petuo
2047 2708 2192 2763 enim
2230 2705 2411 2760 Patris
2441 2704 2682 2758 voluntas
2712 2705 2766 2758 in
2822 2720 2985 2757 manu
3021 2703 3134 2772 ejus
3189 2716 3434 2771 prospere

1849 2803 2125 2856 successit.
2156 2801 2310 2854 Dedit
2345 2816 2474 2855 vero
2519 2809 2573 2855 et
2601 2799 2779 2852 lucem
2817 2799 2946 2867 ipsi,
2983 2806 3040 2852 ut
3064 2811 3183 2862 eos,
3221 2797 3312 2864 qui
3341 2811 3438 2864 per

1850 2891 2029 2960 ipsum
2059 2890 2351 2960 jusﬁﬁcati
2405 2899 2555 2954 sunl,
2610 2889 2928 2942 illustraret.
2967 2886 3126 2940 Dedit
3154 2895 3208 2942 et
3232 2887 3432 2939 intelli-

1849 2983 2103 3052 gentiam,
2121 2982 2246 3052 quia
2271 2981 2542 3051 requievit
2568 2994 2736 3050 super
2755 2993 2881 3034 eum
2904 2978 3134 3048 spiritus
3152 2978 3434 3047 sapientiae

1851 3081 1904 3127 et
1931 3071 2262 3137 intellectus,
2290 3083 2346 3125 ut
2413 3071 2680 3140 sapientes
2703 3068 2868 3141 607
2909 3067 3165 3132 ciIiceret,
3189 3068 3434 3134 eljustos

171 3187 296 3237 πην
353 3169 688 3240 μεταστῆσαι
735 3172 814 3232 είς
867 3169 1064 3239 χαράν,
1121 3168 1208 3222 διὰ
1257 3169 1353 3222 τοῦ
1400 3169 1570 3234 δεῖξαι
1600 3169 1748 3239 αύτῷ

1854 3162 1943 3233 qui
1981 3162 2375 3232 justiﬁcatione
2415 3161 2565 3233 digni
2601 3171 2750 3215 sunt.
2781 3157 2985 3212 Putant
3031 3157 3122 3212 alii
3164 3158 3291 3212 velle
3331 3157 3436 3211 Do-

171 3259 636 3330 μεταποιηῦέντας
665 3259 751 3323 είς
803 3255 929 3324 φῶς
959 3255 1088 3319 τούς
1141 3273 1274 3309 ποτε
1313 3258 1501 3320 σκότος
1530 3260 1624 3311 καὶ
1657 3275 1752 3311 πε-

170 3350 570 3420 πλανημένους,
622 3350 752 3419 περὶ
804 3341 877 3400 ὧν
903 3351 930 3400 ὁ
958 3347 1173 3410 Παῦλός
1234 3366 1396 3419 φησιν
1427 3366 1442 3382 °
1481 3368 1498 3400 ι
1538 3351 1598 3403 Ol
1623 3350 1752 3404 ποτὲ

171 3440 383 3502 σκότος,
411 3437 525 3490 νυνὶ
553 3438 606 3490 δὲ
630 3437 742 3505 φῶς
777 3437 834 3489 ὲν
879 3437 1086 3506 Κυρίῳ.
1122 3456 1140 3488 ›
1175 3439 1278 3491 Kal
1306 3441 1752 3509 πλαττομένους

169 3527 246 3595 τῇ
276 3527 558 3582 συνέσει·
581 3526 725 3579 τοῦτ’
761 3527 874 3580 ἐστι
925 3529 1481 3599 μεταμορφουμὲνους
1509 3531 1618 3583 ἀπὸ
1662 3531 1752 3584 δό-

173 3619 270 3688 ξης
298 3620 377 3680 εἰς
422 3617 600 3682 δόξαν.

246 3709 390 3780 Πρὸς
417 3710 472 3763 δὲ
503 3710 594 3763 τὸν
629 3708 707 3779 μὴ
737 3708 980 3761 τοιοῦτον
1021 3708 1303 3778 Ἱερεμίας
1336 3710 1502 3778 φησιν
1522 3726 1536 3740 ο
1578 3729 1596 3762 ι
1620 3710 1753 3764 Ἰδοὺ

167 3803 273 3855 ούκ
306 3803 440 3854 εἰσιν
468 3801 517 3854 οί
546 3800 814 3870 ὀφθαλμοί
849 3817 968 3865 σου,
1025 3800 1146 3853 οὐδὲ
1192 3802 1225 3871 ἡ
1281 3801 1478 3871 καρδία
1528 3818 1622 3856 σου
1650 3818 1754 3857 κα-

167 3891 262 3961 λή.
297 3912 316 3944 ι
361 3893 420 3944 '0
470 3893 526 3945 δὲ
581 3888 940 3944 ὲπιστεύωνί
994 3892 1074 3954 είς
1115 3891 1207 3944 τὸν
1265 3893 1520 3963 Χριστὸν,
1571 3895 1648 3956 είς
1695 3893 1758 3946 τὸ

169 3985 318 4038 Θεῖον
353 3983 516 4036 αὐτοῦ
551 3983 987 4052 μεταπλάττεται
1016 3982 1236 4045 καλλος,
1267 3983 1450 4035 ὁποῖόν
1504 3983 1622 4036 ἐστι
1653 3983 1714 4036 τό
1739 3998 1754 4014 '

172 4093 194 4128 ε
233 4075 454 4139 Τεκνία,
484 4076 575 4138 οὓς
609 4075 768 4128 πάλιν
789 4076 982 4138 ὠδίνω,
1019 4074 1180 4144 μέχρι
1229 4075 1487 4145 μορφωθῇ
1524 4076 1757 4146 Χριστὸς

166 4170 229 4220 ὲν
282 4169 434 4237 ύμῖν.
473 4166 580 4228 Οὓς
628 4167 732 4237 γὰρ
764 4167 926 4235 ἔγνω,
963 4166 1118 4235 φησὶ,
1149 4167 1240 4218 καὶ
1280 4166 1586 4236 προώρισεν
1621 4184 1758 4236 συμ-

170 4259 423 4326 μόρφους
479 4256 577 4326 τῆς
620 4258 826 4320 εἰκόνος
871 4255 963 4309 τοῦ
1006 4255 1137 4308 Υίοῦ
1167 4255 1354 4322 αὑτοῦ,
1406 4257 1627 4319 τούτους
1657 4257 1753 4309 καὶ

164 4348 454 4402 ἐκάλεσεν.
502 4366 520 4399 ι
578 4348 774 4402 Κτίσαι
808 4347 866 4400 δὲ
912 4347 1130 4414 λέγεται
1180 4347 1311 4408 Θεὸς
1360 4349 1609 4410 καὶτοὺς
1659 4347 1754 4401 δύο

165 4440 338 4502 λαοὺς
373 4442 453 4502 είς
507 4441 600 4492 ἱνα
641 4439 826 4492 καινὸν
864 4438 1170 4508 ἄνθρωπον,
1219 4439 1421 4509 δηλαδὴ
1454 4439 1761 4507 μεταπλά-

165 4547 290 4598 σας
329 4530 550 4592 αύτούς.
589 4530 808 4600 Ἐπειδὴ
840 4530 948 4598 γάρ
995 4531 1186 4602 κέρδος
1227 4531 1356 4583 ἴδιον
1386 4533 1414 4584 ὁ
1441 4532 1754 4600 Μονογενὴς

163 4618 270 4690 τὴν
331 4618 608 4690 ἡμετέραν
657 4620 867 4672 τίθεται
924 4620 1218 4688 σωτηρίαν,
1277 4620 1416 4690 ὑπὲρ
1467 4613 1542 4672 ὧν
1587 4619 1756 4672 ἔπαθε

165 4712 336 4781 σῶμα
391 4709 592 4775 λαδὼν,
651 4711 966 4776 ἀναγκαίως
1010 4712 1038 4763 ὁ
1101 4710 1289 4780 Πατὴρ
1339 4711 1438 4780 τὴν
1485 4712 1757 4781 ἡμετέραν

166 4803 340 4864 ίασιν,
403 4801 728 4869 ἀφαίρεσιν
773 4802 966 4855 πόνου
1014 4802 1148 4872 φησι
1209 4801 1304 4854 τοῦ
1361 4800 1624 4872 Χριστοῦ,
1663 4803 1758 4854 καὶ

161 4889 298 4960 φῶς
357 4891 521 4944 αὐτοῦ
566 4891 658 4943 τὸν
699 4891 968 4962 ἡμέτερον
1021 4891 1322 4961 φωτισμὸν,
1376 4891 1756 4962 ἀμειϐομένων

162 4978 266 5028 ἐπὶ
292 4977 355 5028 τὸ
387 4979 634 5046 κρεῖττον
661 4978 817 5047 ἡμῶν
845 4981 938 5032 καὶ
959 4980 1536 5048 μεταπλωστομένων
1570 4983 1634 5051 τῇ
1660 4981 1754 5033 τοῦ

160 5064 324 5119 Θεοῦ
347 5067 622 5121 συνέσει.
651 5068 870 5130 Τούτοις
901 5071 1093 5137 ἐπάγει
1120 5086 1132 5098 ·
1163 5071 1481 5125 Δικαιῶσαι
1527 5071 1759 5125 δίκαιον

158 5153 236 5212 εὖ
266 5157 644 5212 δουλεύοντα
670 5159 941 5226 πολλοῖς.
975 5160 1049 5212 Ού
1082 5162 1190 5231 γὰρ
1216 5157 1350 5230 ἦλθε
1381 5162 1614 5230 Χριστὸς
1644 5163 1758 5214 δια-

157 5250 493 5320 κονηθῆναι,
536 5250 679 5306 καθά
710 5267 878 5322 φησιν
914 5253 1096 5317 αὐτὸς,
1129 5251 1445 5322 διακονῆσαι
1474 5253 1528 5306 δὲ
1561 5254 1761 5322 μᾶλλον

154 5341 269 5409 τὴν
301 5343 402 5410 τῆς
425 5341 892 5414 ὲνανθρωπὴσεως
926 5344 1257 5413 οἰκονομίαν.
1293 5344 1477 5396 Πάντα
1509 5343 1564 5396 δὲ
1592 5345 1761 5415 πράτ-

247 5454 786 5533 "_h_latth_._avt,‘24.
865 5457 1330 5533 'ﬁcalat._n.20.
1413 5459 1667 5533 "Matth.
1709 5476 1738 5513 κ

1854 5463 1889 5514 l.
1967 5463 2010 5495 ³⁸
2031 5462 2252 5533 Ephesu
2274 5479 2324 5526 ν,
2357 5461 2411 5516 8.

157 5538 246 5590 tv,
295 5526 382 5581 i9.
460 5528 500 5557 ²¹
534 5526 693 5582 Rom.
725 5543 841 5590 vm,
882 5527 976 5582 29.
1053 5531 1098 5560 "
1130 5528 1320 5583 Matth.
1352 5546 1443 5592 ιχ,
1466 5530 1556 5582 28.

1851 3255 2054 3308 minam
2096 3266 2413 3325 perceptum
2457 3269 2486 3310 e
2539 3267 2706 3308 cruce
2759 3252 2996 3306 dolorem
3053 3259 3342 3321 propterea
3381 3249 3437 3305 in

1851 3349 2113 3420 gaudium
2132 3356 2456 3404 convertere
2480 3387 2494 3413 ,
2515 3347 2660 3417 quod
2689 3348 2738 3401 ei
2766 3355 3133 3402 commutatos
3167 3348 3221 3400 in
3269 3346 3437 3401 lucem

1853 3441 2183 3505 ostenderit,
2216 3449 2265 3494 et
2293 3439 2651 3510 intelligentia
2680 3437 2964 3509 formatos,
2997 3437 3049 3490 id
3075 3443 3180 3502 est,
3205 3451 3233 3490 a
3266 3437 3436 3507 gloria

1855 3533 1910 3587 in
1926 3533 2159 3604 gloriam
2181 3531 2610 3587 translormatos
2631 3532 2725 3600 qui
2747 3530 2984 3586 tenebm
3002 3529 3153 3590 olim,
3179 3543 3323 3582 nunc
3344 3543 3452 3582 ιω--

1855 3631 1963 3678 tem
2001 3624 2093 3677 lux
2127 3623 2182 3676 in
2209 3621 2463 3684 Domino,
2501 3621 2585 3674 uti
2620 3619 2827 3673 Paulus
2853 3620 2930 3672 ait
2965 3619 3030 3683 ¹⁸,
3053 3627 3364 3681 evaserunt.

1928 3712 2068 3767 Sunt
2112 3727 2244 3767 vero
2289 3713 2356 3766 ad
2391 3727 2540 3776 eum,
2575 3711 2669 3781 qui
2717 3712 2840 3765 talis
2881 3725 2986 3763 non
3016 3720 3120 3772 est,
3156 3712 3257 3764 ista
3287 3707 3439 3764 Jere-

1855 3805 1978 3858 mia:
2028 3803 2188 3859 verba
2224 3820 2238 3855 :
2275 3821 2294 3854 ι
2334 3801 2475 3856 Ecce
2520 3817 2630 3854 non
2682 3808 2814 3854 sunt
2855 3800 3000 3854 oculi
3051 3801 3152 3864 tui,
3201 3816 3300 3855 nec
3345 3817 3440 3855 cor

1857 3902 2012 3948 tuum
2047 3894 2333 3964 pulchrum
2371 3893 2438 3946 ¹⁹.
2477 3909 2495 3942 ι
2541 3891 2644 3956 Qui
2689 3899 2869 3945 autem
2913 3893 2966 3944 in
3005 3891 3279 3946 Christum
3321 3908 3440 3947 cre-

1857 3985 1968 4048 dit,
2021 3986 2074 4038 in
2130 3984 2370 4038 divinam
2423 3982 2544 4051 ejus
2599 3980 3028 4035 transformatur
3074 3981 3440 4051 pulchritudi-

1859 4091 1982 4129 nem
2022 4089 2036 4128 :
2071 4061 2383 4144 cuj'nsntodi
2414 4082 2499 4127 est
2533 4073 2665 4125 illud
2700 4089 2713 4125 :
2755 4091 2773 4122 ι
2808 4069 3006 4135 Filioli,
3039 4087 3180 4139 quos
3221 4087 3439 4125 rursum

1859 4165 2123 4234 parturio,
2156 4166 2329 4218 donec
2361 4162 2625 4218 formetur
2678 4163 2732 4216 in
2778 4163 2934 4217 vobis
2962 4162 3215 4216 Christus
3247 4163 3439 4216 ¹⁰.›--

1866 4273 1884 4307 ι
1913 4258 2064 4321 Quos
2092 4255 2238 4310 enim
2267 4254 2546 4322 cognovit,
2590 4253 2786 4324 inquit,
2817 4262 2870 4307 et
2912 4252 3187 4322 pratscivit
3221 4252 3440 4305 confor-

1861 4361 1976 4400 mes
2025 4345 2143 4400 fore
2199 4345 2420 4414 imagini
2481 4343 2603 4397 Filii
2654 4346 2738 4399 sui
2780 4383 2793 4407 ,
2831 4345 2933 4398 hos
2961 4352 3015 4398 et
3063 4345 3281 4398 vocavit
3310 4347 3378 4400 ⁸⁸.
3415 4365 3434 4396 ο

1861 4437 2092 4491 Creasse
2143 4435 2461 4503 veroduos
2511 4436 2564 4488 in
2621 4443 2894 4488 recentem
2946 4451 3114 4488 unum
3166 4437 3437 4492 hominem

1861 4527 2113 4597 populos,
2147 4526 2200 4580 id
2243 4534 2328 4600 est
2382 4521 2802 4594 transformasse
2843 4526 3045 4580 dicitur
3089 4527 3249 4583 Dens.
3287 4530 3440 4593 Quo-

1856 4624 2002 4678 niam
2033 4623 2181 4678 enim
2213 4622 2316 4677 sibi
2370 4623 2425 4676 in
2468 4622 2623 4677 lucro
2660 4621 2891 4677 salutem
2943 4632 3188 4676 nostram
3241 4620 3440 4693 Unige-

1855 4718 2006 4768 nitus
2055 4713 2302 4784 deputat,
2354 4715 2478 4767 dum
2520 4726 2723 4782 corpus
2767 4726 2958 4766 eorum
3011 4712 3266 4778 assumit,
3301 4728 3439 4782 quo-

1855 4820 1976 4858 rmn
2032 4805 2255 4858 nomine
2315 4818 2512 4872 passus
2561 4816 2680 4868 est,
2744 4802 3058 4857 necessario
3109 4801 3268 4857 Pater
3326 4804 3442 4874 ipse

1857 4895 2202 4950 sanationem
2247 4905 2490 4950 nostram
2526 4894 2726 4949 laboris
2754 4894 2956 4950 Christi
2991 4895 3310 4948 ablutionem
3339 4913 3438 4950 nu-

1865 4989 2062 5052 minnt,
2110 4994 2164 5041 et
2203 4986 2369 5039 lucem
2401 4986 2539 5054 ejus,
2567 4987 2986 5039 illustrationem
3021 4996 3287 5048 nostram,
3313 5001 3437 5038 cum

1867 5093 1970 5133 nos
2011 5079 2066 5131 in
2099 5079 2296 5132 melius
2345 5079 2668 5142 transimus,
2705 5080 2927 5146 ipsaque
2968 5077 3065 5131 Dei
3093 5078 3439 5146 intelligentia

1871 5167 2340 5235 transformamur.
2373 5166 2631 5236 Sequitur
2652 5166 2848 5220 deinde
2871 5165 3213 5235 :Justiﬁcare
3231 5166 3439 5236 justum

1871 5257 1997 5312 bene
2019 5261 2325 5314 servientem
2357 5257 2558 5312 multis.
2588 5255 2776 5326 Neque
2805 5259 2949 5310 enim
2980 5259 3126 5311 venit
3155 5257 3434 5325 Christus,

1871 5357 1928 5402 ut
1956 5349 2007 5403 ei
2039 5349 2470 5412 ministraretur,
2504 5348 2646 5403 sicut
2693 5348 2810 5417 ipse
2844 5347 2975 5401 dicit
3002 5349 3069 5414 ”,
3103 5349 3196 5403 sed
3234 5350 3438 5420 potius,

2525 5459 2792 5518 "Jcrem.
2823 5475 2958 5526 χχιι,
3002 5461 3084 5518 ΓΖ.
3191 5459 3436 5519 "Galat.

499 5681 506 5689 _
1473 5621 1702 5676 unus
1742 5621 2136 5678 LECTIONES.

224 5721 256 5751 υ
300 5727 396 5777 η).
425 5711 626 5775 ὁποῖος.
703 5711 727 5751 δ
772 5712 856 5767 lo’.
890 5713 1034 5766 λεΙπ
1097 5714 1232 5766 ἔστί.
1313 5725 1335 5752 ο
1368 5731 1454 5782 γρ.
1498 5714 1699 5773 αἰῶνας
1738 5715 1924 5786 νούσης.
1999 5715 2016 5753 τ
2064 5735 2153 5787 no.
2197 5717 2489 5770 πιστεύων.
