3976 6220
199 324 345 389 2533

1368 312 1574 377 COMM
1588 313 1902 374 ENTARII
1941 314 2022 374 IN
2053 315 2252 374 ISAIA
2265 318 2317 375 id

3308 315 3454 382 ἓῖιῖιί

196 450 333 495 σου,
364 429 460 484 καὶ
516 428 655 493 τοὺς
708 425 1072 490 πασσάλους
1126 438 1242 478 σου
1290 425 1667 493 κατίσχυσαν
1696 424 1781 478 ἔτι

1887 426 2005 489 tris,
2037 434 2089 479 et
2129 442 2159 479 α
2193 426 2425 479 sinistris
2465 426 2663 489 dilata,
2698 438 2745 481 et
2781 445 2953 483 semen
2987 438 3132 487 tuum
3163 439 3452 501 possidebit

193 527 278 590 είς
301 522 373 576 τὰ
406 518 597 584 δεξιὰ,
628 517 725 572 καὶ
751 518 824 571 τὰ
864 517 1150 586 ἀριστερὰ
1175 517 1533 581 ἐκπέτασον,
1569 521 1668 571 καὶ
1710 518 1777 571 τὸ

194 614 436 684 σπέρμα
461 627 579 668 σου
602 613 748 677 ἔθνη
778 609 1247 679 κληρονομήσει,
1281 612 1378 665 καὶ
1405 612 1613 677 πόλεις
1635 613 1773 680 ἠρηο

194 707 471 777 μωμένας
493 702 834 768 κατοικιεῑς,
866 719 920 755 κ.
955 719 1006 757 τ.
1039 701 1090 755 λ.

263 796 450 852 Εἰπὼν
505 795 600 849 τοῦ
642 795 896 866 Σωτῆρος
949 794 1049 861 τὴν
1106 793 1342 862 γένεσιν,
1398 795 1613 848 καὶτὸν
1643 794 1778 864 βίον,

193 887 292 941 καὶ
319 885 416 951 τοῦ
463 884 696 939 θανάτου
739 883 836 954 τὴν
889 882 1091 948 αἰτίαν,
1140 885 1222 938 ὅτι
1272 901 1332 937 τε
1380 884 1781 965 κληρονομήσει

195 978 450 1040 πολλοὺς,
479 975 617 1046 πρὸς
654 975 855 1036 αὐτοὺς
897 973 1125 1038 τούτους
1156 974 1466 1039 ἀκολούθως
1505 978 1594 1029 τὸν
1623 976 1781 1044 λόγον

197 1060 525 1140 μετήνεγκε,
571 1068 668 1120 καὶ
696 1065 795 1137 τὴν
821 1064 881 1131 ἐξ
909 1066 1091 1121 αὐτῶν
1131 1067 1462 1138 Ἐκκλησίαν
1495 1070 1665 1123 πάλαι
1693 1065 1782 1123 οὗ-

195 1176 294 1213 σαν
323 1158 547 1229 ἄγονόν
577 1174 639 1210 τε
670 1158 765 1210 καὶ
817 1157 1060 1226 ἔρημον,
1090 1160 1274 1231 ὁποῖαι
1330 1154 1473 1229 ἦσαν
1500 1159 1610 1213 τῶν
1641 1161 1782 1215 ὲθνι-

192 1248 309 1302 κῶν
343 1250 399 1302 αἱ
433 1247 627 1317 ψυχαί.
662 1247 738 1300 Οὐ
768 1247 878 1317 γὰρ
920 1242 1068 1317 εἶχεν
1096 1234 1275 1301 αὐτῶν
1305 1265 1430 1302 τινα
1483 1248 1550 1301 δι’
1581 1250 1783 1319 ἀρετῆς

193 1340 287 1393 καὶ
339 1339 653 1401 θεοσεϐείας
706 1339 1182 1407 καταταττόμενον
1239 1342 1328 1403 είς
1371 1339 1551 1393 τέκνα
1608 1340 1776 1394 Θεοῦ.

192 1425 373 1483 Ἦσαν
418 1430 529 1500 γὰρ
552 1429 725 1494 ἄθεοι,
767 1431 861 1484 καὶ
891 1432 1083 1484 ὲλπίδα
1116 1432 1189 1501 μὴ
1221 1432 1457 1502 ἔχοντες,
1489 1434 1629 1486 κατὰ
1685 1433 1781 1505 τὴν

194 1521 413 1574 Παύλου
474 1522 679 1591 φωνήν.
727 1520 842 1575 Νῦν
876 1522 932 1575 δὲ
976 1522 1051 1586 ὡς
1078 1522 1350 1594 δεξαμένῃ
1403 1526 1658 1593 σπόρον,
1687 1530 1783 1579 καὶ

198 1612 467 1683 μελλούσῃ
526 1611 759 1677 τεκεῖν,
812 1610 975 1681 ,βοᾷν
1033 1611 1421 1681 ἑγκελεύεται,
1474 1615 1620 1670 καθὰ
1661 1619 1781 1679 ταῖς

187 1705 455 1768 ,κυούσαις
482 1706 539 1759 αἱ
570 1707 728 1775 μαῖαι
757 1705 894 1775 πρὸς
931 1706 993 1759 τὸ
1035 1707 1234 1779 ῥᾳδίως
1272 1712 1451 1762 τεκεῖν
1479 1710 1780 1780 εὐρυνομέ-

1881 526 2078 586 gentes,
2125 526 2175 571 et
2204 507 2441 572 civitates
2472 517 2713 574 desertas
2744 520 2989 577 habitare
3025 522 3213 593 facies,
3242 532 3353 581 etc.

1955 780 2250 851 Postquam
2281 783 2345 837 de
2370 782 2678 840 .Salvatoris
2705 794 2848 853 ortu,
2897 789 2964 844 de
3004 791 3136 855 vita,
3167 791 3234 846 dc
3262 795 3457 850 mortis
3542 817 3548 822 ν

1883 893 2075 942 causa,
2107 880 2283 949 deque
2305 895 2392 943 eo,
2440 881 2585 949 quod
2621 882 2824 937 multos
2864 893 3009 951 esset
3065 901 3453 955 possessurus,

1882 971 2217 1039 disputavit;
2257 973 2322 1025 ad
2354 974 2576 1028 eosdem
2604 974 2859 1043 deinceps
2888 991 3196 1031 sermonem
3227 994 3459 1035 conver-

1884 1061 1970 1121 tit.
2004 1069 2059 1115 et
2090 1062 2157 1115 ad
2183 1062 2470 1116 conﬂatam
2495 1079 2560 1117 ex
2590 1064 2699 1118 illis
2740 1063 3065 1132 Ecclesium,
3108 1083 3230 1134 qltlc
3263 1070 3460 1124 sterilis

1882 1151 2016 1205 olim
2062 1160 2116 1207 et
2142 1152 2350 1207 deserta
2380 1155 2592 1223 (quales
2626 1155 2758 1223 ipsa:
2807 1156 3025 1209 fuerant
3056 1158 3303 1225 gentium
3334 1162 3457 1214 ani-

1883 1246 2005 1315 mae)
2032 1245 2241 1299 nullum
2271 1246 2470 1300 virtute
2498 1256 2553 1301 et
2583 1246 2782 1316 pietate
2806 1248 2860 1300 in
2880 1247 3112 1318 ﬁliorum
3147 1249 3241 1303 Dei
3266 1268 3461 1307 nume-

1882 1349 2003 1388 rum
2075 1336 2269 1390 referri
2329 1336 2553 1406 dignum
2608 1338 2857 1392 habebat.
2919 1338 3090 1393 Erant
3148 1343 3295 1394 enim
3340 1344 3461 1397 sine

1884 1422 2016 1489 Deo,
2043 1436 2095 1479 et
2122 1441 2216 1496 spe
2241 1436 2511 1493 carentes,
2541 1436 2602 1482 ut
2629 1444 2753 1483 cum
2782 1428 2953 1484 Paulo
2989 1431 3183 1500 loquar
3215 1433 3281 1483 ⁸⁸.
3319 1431 3460 1488 lluic

1884 1516 2050 1585 igitur
2075 1516 2226 1586 jam,
2278 1526 2538 1588 tauquam
2580 1523 2775 1574 semine
2805 1531 3030 1591 excepto
3067 1524 3312 1591 paritura
3363 1525 3456 1587 sit,

1884 1607 2117 1663 clamare
2148 1611 2435 1681 praecipit;
2466 1615 2611 1683 quod
2658 1615 2840 1669 solent
2885 1616 3316 1685 parturientibus
3358 1618 3461 1671 obo

1886 1702 2158 1767 stetrices,
2188 1710 2246 1757 ut
2297 1714 2492 1773 partus
2546 1706 2683 1775 ipse,
2718 1707 2965 1761 dilatatis
2997 1709 3288 1773 meatibus,
3310 1708 3460 1763 laci-

132 1848 137 1851 _
194 1812 299 1849 νων
321 1797 432 1848 τῶν
463 1774 667 1868 πόρων.
724 1774 873 1850 Ἀντὶ
913 1796 970 1849 δὲ
1138 1798 1338 1867 ῥῆξον
1374 1802 1470 1854 καὶ
1515 1774 1777 1870 ¹βόησον,

1884 1791 1985 1863 ljus
2003 1791 2276 1865 erumpat.
2305 1780 2410 1849 Sed
2443 1811 2543 1866 pro
2564 1774 2695 1867 quo,
2721 1796 2948 1866 Ernmpe
2978 1810 3023 1853 et
3054 1799 3251 1866 clama,
3288 1802 3457 1855 habe-

192 1889 493 1961 Σύμμαχος
560 1890 661 1961 μὲν
730 1890 975 1945 κελάδει
1027 1893 1268 1947 αἴγεσιν
1315 1896 1557 1965 εἴρηκεν.
1616 1898 1676 1950 ’0
1723 1897 1780 1952 δὲ

204 1981 458 2045 Ἀκύλας,
510 1983 801 2049 ιλάρυνον
858 1983 928 2036 ἐν
970 1983 1329 2053 ἀγαλλιάσει
1381 1987 1481 2039 καὶ
1510 1989 1777 2057 χρεμέτι-

189 2086 328 2130 σον.
378 2074 452 2130 ΣΟ
495 2074 550 2128 δὲ
605 2074 936 2141 Θεοδοτίων,
980 2075 1199 2144 Ῥῆξον
1243 2079 1634 2145 εὐφροσύνην
1680 2081 1779 2133 καὶ

189 2164 434 2233 τέρπου.
473 2165 618 2219 Ἀντὶ
645 2164 702 2217 δὲ
726 2165 832 2218 τοῦ
870 2164 1098 2235 ἐρήμου
1146 2167 1566 2236 ’ἠφανισμένης
1607 2168 1799 2240 ἔφησε

190 2254 632 2329 Σύμμαχος·⁷Ην
655 2257 766 2331 γὰρ
792 2259 1175 2328 ὴφανισμένη
1211 2259 1310 2314 καί
1334 2261 1578 2330 ἔρημος,
1609 2262 1684 2332 μή
1696 2278 1779 2315 πω

190 2350 282 2402 τὴν
336 2351 659 2421 ἐπουράνιον
693 2351 1007 2422 κεκτημένη
1042 2352 1311 2421 Νυμφίον.

265 2442 375 2511 Τὴν
417 2442 474 2495 δὲ
519 2443 620 2512 τῆς
663 2444 1052 2512 εὐφροσύνης
1083 2444 1288 2510 αἰτίαν,
1328 2446 1426 2517 τὴν
1453 2447 1776 2516 πολυγονίαν

192 2531 341 2601 λέγει
368 2533 469 2601 τὴν
501 2533 827 2603 μέλλουσαν,
861 2533 930 2587 δι’
951 2528 1019 2605 ἦς
1053 2534 1256 2605 ἤμελλε
1308 2537 1467 2607 νικᾷν
1497 2538 1598 2606 τὴν
1639 2539 1778 2591 Ἰου-

190 2624 355 2678 δαίων
379 2627 733 2696 Συναγωγὴν,
765 2626 830 2679 ὲκ
860 2625 1082 2679 πάντων
1122 2623 1258 2680 οὖσα
1303 2628 1411 2680 τῶν
1457 2627 1648 2694 ἐθνῶν,
1676 2629 1776 2700 τὴν

192 2716 254 2782 ἐξ
284 2718 404 2781 ἐνὸς
428 2717 616 2780 ἔθνους
647 2717 1074 2787 συνισταμένην.
1120 2719 1222 2771 Ἦν
1251 2718 1337 2771 διὰ
1364 2718 1607 2783 Μωσέως
1639 2721 1775 2790 πρὸς

191 2810 502 2879 οἰκειότητα
541 2810 917 2879 πνευματικὴν
967 2811 996 2863 ό
1044 2808 1179 2873 Θεὸς
1227 2811 1631 2879 προσηγάγετο,
1679 2814 1777 2866 καὶ

176 2900 403 2954 πολλῶν
429 2900 681 2971 ἀπέφηνε
709 2899 935 2955 τέκνων
962 2899 1198 2969 μητέρα.
1217 2900 1360 2953 Ἀλλ’
1376 2902 1662 2974 ὴτεκνώοη
1686 2904 1775 2958 διὰ

193 2993 452 3063 Χριστὸν,
484 2991 838 3057 καίτοι,κατὰ
864 2992 958 3045 τὸν
997 2992 1361 3063 Ἰερεμίὰν,ὲν
1394 2994 1609 3058 τέκνοις
1638 2991 1775 3051 οὖσα

194 3082 387 3154 πολλή.
420 3084 531 3137 Καὶ
560 3082 763 3153 βιϐλίον
796 3082 1129 3137 ἀποστασίου
1151 3082 1350 3137 δέδωκε
1384 3084 1462 3155 τῷ
1491 3086 1610 3156 Θεῷ
1642 3086 1773 3140 θαυ-
1802 3102 1848 3164 C

197 3174 426 3244 μάζοντι
447 3188 461 3204 ·
498 3188 518 3224 ι
547 3171 673 3235 Πῶς
711 3170 927 3240 ἐγένετο
962 3171 1135 3242 πόρνη
1168 3169 1323 3236 πόλις
1355 3174 1522 3244 πιστὴ
1551 3173 1722 3242 Eadm;
1757 3195 1774 3227 ι

192 3265 366 3330 Αὐτὸς
396 3263 506 3336 γὰρ
531 3264 592 3317 οὐ
621 3263 850 3317 δέδωκεν
879 3262 1050 3317 είπών
1073 3280 1089 3297 ο
1144 3282 1163 3315 ι
1198 3266 1356 3319 Ποῖον
1388 3265 1546 3319 τοῦτο
1578 3266 1784 3337 βιϐλίον

191 3357 527 3412 ἀποστασίου
556 3357 655 3426 τῆς
688 3354 928 3425 μητέρος
958 3354 1146 3425 ὑμῶνς
1180 3349 1252 3425 Ὦ
1278 3355 1637 3421 ἐξαπέστειλα
1681 3360 1783 3413 αύ-

189 3449 326 3518 τήνς
370 3446 512 3500 Ἀλλ’
542 3448 737 3517 ἑαυτῇ,
769 3447 927 3518 φησὶ,
958 3447 1181 3515 γέγονεν
1213 3447 1395 3501 αἰτία·
1419 3451 1567 3502 Διότι
1595 3446 1781 3521 ἦλθον,

193 3540 292 3592 καὶ
335 3540 436 3591 οὐκ
481 3533 551 3610 ἦν
592 3537 913 3609 ἄνθρωπος’
962 3538 1198 3593 ἐκάλεσα
1235 3541 1331 3594 καὶ
1378 3541 1479 3595 οὐκ
1526 3538 1597 3613 ἦν
1626 3546 1653 3598 ό
1683 3546 1786 3598 ὑπ-

194 3629 431 3684 ακούων.
462 3648 484 3681 ι
531 3630 641 3683 Καὶ
667 3628 901 3703 ἀλλαχοῦ
935 3628 993 3682 δέ
1031 3646 1198 3701 φησιν
1219 3645 1234 3659 ’
1286 3650 1305 3684 ι
1335 3633 1447 3703 Οὐχ
1477 3633 1554 3696 ῶς
1583 3636 1785 3689 οἰκεῖόν

199 3737 270 3790 με
299 3720 588 3785 ἐκάλεσας,
620 3719 730 3773 οὐδ’
758 3719 834 3784 ὡς
871 3719 1092 3792 πατέρα
1115 3720 1209 3774 καὶ
1238 3722 1484 3792 ἀρχηγὸν
1511 3722 1614 3791 τῆς
1644 3740 1801 3794 παρτ,

195 3808 380 3874 θενίας
417 3827 544 3865 σου..
571 3828 591 3863 ι
638 3811 761 3864 Καὶ
801 3810 997 3864 πάλιν·
1037 3830 1056 3863 ι
1088 3810 1352 3884 Θυγάτηρ
1396 3812 1494 3882 τῆς
1547 3814 1784 3885 μητέρος

197 3919 295 3956 σου
329 3897 379 3956 εἴ
412 3903 895 3970 συγκαταλιποῦσα
924 3904 1018 3957 τὸν
1044 3902 1215 3974 ἄνδρα
1244 3904 1437 3973 αὐτῆς.
1470 3922 1487 3955 ι
1521 3905 1786 3975 Ἕρημον

196 3995 257 4049 δὲ
292 3994 409 4063 τὴν
440 3995 637 4064 χήραν
686 3997 809 4048 κατ’
839 3994 960 4058 ἔθος
1005 3994 1164 4049 καλεῖ
1196 3995 1490 4067 Γραφικὸν.
1522 3995 1627 4048 Τὸν
1673 3996 1781 4065 γὰρ

195 4086 307 4142 τῶν
335 4086 561 4155 ἀγαθῶν
591 4086 800 4158 σπορέα
839 4085 1012 4154 Λόγον
1051 4085 1150 4139 οὐκ
1202 4080 1368 4155 εἶχενο
1416 4084 1475 4137 ὃν
1516 4083 1786 4154 δεξαμένη

197 4175 455 4245 Νυμφίον
478 4173 574 4245 τὴν
595 4174 791 4244 ἑτέραν
814 4173 891 4244 τῷ
906 4173 1114 4226 τίκτειν
1141 4173 1513 4244 παρέδραμεν,
1538 4172 1613 4235 ὡς
1633 4168 1785 4224 πλεί-

200 4284 333 4323 στου
354 4267 561 4322 δεῖσθαι
578 4266 815 4331 πλάτους
836 4266 973 4338 πρὸς
998 4265 1098 4337 τὴν
1117 4264 1228 4321 τῶν
1258 4265 1464 4319 τέκνων
1492 4265 1780 4334 ὑποδοχὴν,

196 4361 284 4423 είς
331 4360 515 4413 εἰκόνα
563 4358 754 4413 τούτου
787 4357 1242 4429 παρειλημμένης
1271 4357 1370 4426 τῆς
1405 4356 1558 4428 παρὰ
1595 4358 1786 4410 Minae?

1882 1900 2004 1939 tnus
2035 1923 2050 1949 ,
2095 1882 2299 1939 Ilcsona
2350 1884 2583 1955 laudem,
2626 1890 2764 1943 dixit
2795 1891 3193 1960 Symmachus;
3229 1893 3461 1961 Aquilus

1879 1988 2081 2042 autem,
2110 1977 2299 2030 Hilare
2332 1980 2623 2044 exsultato,
2655 1990 2704 2034 et
2722 1981 2907 2043 hinni;
2939 1982 3241 2036 'l‘lieodotio
3274 1998 3404 2036 vero
3441 2000 3457 2038 :

1879 2064 2228 2135 Ernmpe‘in
2286 2069 2571 2135 Iustitiam,
2628 2082 2677 2125 et
2748 2075 3033 2127 oblectare.
3087 2072 3193 2128 Pro
3248 2075 3458 2130 deserta

1877 2160 2036 2230 611
2093 2161 2363 2231 denique,
2413 2162 2640 2218 deletam
2700 2163 3088 2237 Symmachus.
3122 2166 3253 2222 Erat
3308 2169 3455 2223 enim

1878 2251 2049 2303 deleta
2103 2261 2151 2305 et
2178 2253 2388 2308 deserta
2403 2271 2424 2321 ;
2462 2270 2582 2325 qum
2604 2249 2880 2312 cmlestem
2907 2256 3180 2326 Sponsum
3213 2260 3456 2315 nondum

1878 2342 2210 2410 possideret.

1947 2430 2176 2486 Lwtitia:
2203 2448 2427 2489 causam
2451 2434 2650 2490 deinde
2681 2436 2733 2489 in
2765 2436 2947 2492 futura
2975 2438 3312 2497 fecunditate
3337 2444 3456 2498 col-

1877 2524 2042 2591 locat,
2076 2540 2174 2595 per
2205 2542 2369 2596 quam
2400 2527 2713 2581 Judaeorum
2746 2528 3089 2600 Synagogam
3126 2543 3455 2602 superatura

1876 2624 1961 2671 est
1994 2635 2008 2670 :
2053 2631 2177 2670 cum
2215 2619 2307 2671 illa
2344 2618 2567 2688 quidem
2616 2621 2684 2674 de
2726 2619 2983 2689 gentibus
3009 2623 3305 2688 omnibus,
3343 2627 3461 2683 haec

1877 2716 2059 2759 autem
2090 2707 2158 2761 ab
2195 2723 2303 2763 una
2332 2717 2544 2762 tantum
2575 2710 2905 2782 colligatur;
2940 2729 3101 2783 quam
3134 2731 3229 2784 per
3253 2715 3457 2774 Mosen)

1877 2796 1932 2853 in
1999 2799 2287 2868 spirituale
2344 2801 2682 2856 consortium
2754 2807 3099 2875 compulerat
3159 2806 3457 2875 Dominus,

1875 2888 2214 2960 ﬁliorumque
2235 2891 2534 2945 multorum
2563 2902 2845 2962 parentem
2877 2894 3171 2965 elfecerat;
3209 2902 3300 2954 sed
3322 2902 3460 2956 orba

1875 2980 2064 3035 liberis
2117 2996 2214 3050 per
2246 2982 2528 3038 Christum
2575 2984 2768 3040 ellecta
2820 2997 2928 3052 est,
2972 2991 3330 3058 quantumvis
3358 3008 3459 3046 au-

1877 3070 2272 3126 Ctoreleremia
2294 3074 2590 3128 liberorum
2619 3076 2970 3132 multitudine
2993 3079 3317 3135 abundaret.
3347 3082 3460 3137 Imo

1886 3162 1996 3218 Deo
2026 3163 2128 3232 ipsi
2165 3166 2329 3219 etiam
2376 3166 2620 3222 libellum
2669 3170 2881 3239 repudii
2944 3172 3149 3239 dedit,
3203 3183 3265 3230 ut
3317 3176 3459 3231 idem
3551 3236 3555 3241 _

1886 3254 2121 3309 miratur
2151 3256 2237 3312 his
2270 3258 2454 3313 verbis
2485 3278 2496 3314 :
2538 3279 2555 3310 ι
2593 3260 2881 3326 Quomodo
2910 3264 3157 3320 adultera
3191 3265 3333 3322 facta
3377 3277 3462 3324 cst
3544 3246 3549 3259 ’

1887 3349 2021 3405 urbs
2071 3351 2247 3406 lidelis
2302 3352 2433 3406 Sion
2468 3351 2551 3404 ’9?
2589 3371 2606 3403 ι
2662 3351 2849 3424 Neque
2894 3356 3040 3409 enim
3082 3344 3211 3425 ipse
3245 3358 3462 3414 dedisse

1887 3444 2186 3514 putandus,
2218 3447 2310 3514 qui
2335 3445 2448 3499 ait:
2489 3465 2506 3496 ι
2554 3444 2752 3511 Qualis
2796 3449 2900 3502 iste
2930 3450 3144 3518 repudii
3178 3450 3315 3505 liber
3348 3469 3463 3507 ma-

1886 3536 1987 3591 tris
2020 3536 2247 3592 vestraz?
2274 3538 2374 3591 Cui
2415 3537 2598 3592 dimisi
2636 3539 2801 3591 eam?
2838 3540 2945 3594 imo
2968 3541 3073 3595 sibi
3107 3543 3219 3606 illa,
3259 3544 3458 3614 inquit,

1885 3642 2052 3684 causa
2097 3628 2201 3683 fuit
2236 3638 2294 3681 nt
2351 3630 2616 3693 venirem,
2644 3636 2698 3683 et
2751 3644 2857 3683 non
2894 3639 3012 3686 erat
3050 3632 3237 3699 homo,
3273 3638 3481 3699 vocavi,

1885 3730 2072 3775 etnon
2105 3728 2223 3774 erat
2254 3720 2346 3789 qui
2389 3719 2605 3774 audiret
2637 3721 2703 3774 ³ο.
2745 3741 2764 3772 ι
2808 3721 2872 3776 Et
2913 3726 3040 3779 alibi
3094 3726 3199 3783 hoc
3246 3731 3409 3785 modo
3442 3750 3457 3786 :

1891 3829 1910 3863 ι
1942 3810 2064 3867 Non
2094 3826 2181 3866 me
2212 3820 2272 3863 ut
2308 3811 2544 3865 amicum
2586 3813 2816 3880 vocasti,
2854 3831 3032 3886 neque
3064 3828 3123 3872 ut
3152 3829 3381 3887 patrem,
3404 3832 3462 3878 et

1852 3904 2080 3961 ducem
2108 3902 2443 3971 virginitatis
2490 3910 2597 3957 tua:
2643 3904 2709 3959 ³¹.
2768 3924 2786 3955 ι
2841 3905 2908 3959 Ει
2940 3923 3159 3963 rursum
3196 3927 3209 3962 :
3249 3930 3269 3961 ι
3323 3912 3460 3967 Filia

1884 3997 2078 4051 matris
2103 4004 2206 4051 tute
2232 4010 2315 4061 es,
2352 4009 2472 4065 qua:
2505 3996 2681 4049 virum
2717 3996 2841 4065 ejus
2873 3998 3167 4055 deseruisti
3201 4000 3268 4055 ⁸¹.
3313 4021 3333 4055 ι
3374 4002 3463 4056 Si-

1883 4088 2176 4157 guilicatnr
2202 4096 2386 4142 autem
2418 4087 2648 4141 deserta
2674 4089 2896 4145 nomine
2916 4091 3103 4146 eadem
3132 4093 3313 4162 plane,
3338 4110 3459 4164 qua:

1882 4191 1937 4236 et
1959 4181 2119 4234 vidua
2151 4179 2375 4245 dicitur,
2401 4180 2603 4234 usitata
2627 4179 2928 4250 Scriptura:
2952 4183 3164 4238 scilicet
3201 4186 3456 4255 loquendi

1882 4273 2300 4330 consuetudine.
2333 4272 2523 4327 Caruit
2552 4273 2696 4328 enim
2724 4273 2990 4330 bonorum
3018 4281 3262 4334 omnium
3292 4284 3461 4338 senii-

1883 4371 2079 4419 natore
2100 4363 2265 4418 verbo
2299 4381 2314 4418 :
2345 4363 2490 4433 quod
2524 4377 2644 4433 qua:
2668 4363 2721 4417 in
2759 4364 3033 4434 Sponsum
3061 4371 3290 4439 accepit,
3315 4373 3456 4428 alte-

198 4452 578 4521 σκηνῆς,’1“αἶς
606 4450 716 4523 γὰρ
741 4452 932 4514 αὑταῖς
961 4451 1231 4521 ἐχρήσατο
1257 4448 1491 4515 λέξεσιν,
1521 4447 1657 4517 ὁμοῦ
1685 4448 1777 4501 καὶ

1885 4472 2003 4511 ram
2032 4457 2107 4511 ita
2141 4456 2481 4512 fecunditate
2524 4457 2807 4526 prolisque
2859 4474 3091 4515 numero
3122 4435 3363 4531 superat,
3399 4475 3458 4519 ut

194 4545 264 4599 τὸ
309 4545 408 4614 τῆς
455 4544 783 4615 Ἐκκλησίας
839 4544 1136 4597 ἀσάλευτον
1168 4542 1255 4595 διὰ
1301 4541 1410 4596 τῶν
1439 4539 1778 4594 πασσάλων

192 4636 595 4708 δηλῶν.Τύπον
623 4639 731 4708 γὰρ
760 4638 969 4709 ταύτης
997 4636 1182 4706 ἐκείνη
1214 4636 1582 4705 κατέγραφεν,
1605 4635 1652 4685 εί
1684 4634 1779 4686 καὶ

198 4732 428 4803 μέτροις
458 4731 600 4801 ἄγαν
642 4733 912 4788 ἐλάττοσι.
943 4731 1035 4784 Διὸ
1066 4730 1161 4784 καὶ
1190 4728 1313 4783 καθ’
1333 4728 1562 4781 ἕκαστον
1609 4726 1780 4796 κλίμα

196 4825 596 4895 περικειμένας
647 4820 793 4894 εἶχεν
841 4824 1010 4887 αὐλὰς
1063 4824 1280 4894 μακρὰς
1318 4818 1466 4892 ἐομοῦ
1519 4819 1614 4872 καὶ
1641 4818 1781 4871 πλα-

195 4913 373 4975 τείας.
392 4912 557 4965 Ἀλλὰ
584 4915 637 4966 τί
658 4913 850 4979 ταῦτα,
881 4914 977 4966 καὶ
1005 4910 1099 4965 τοῦ
1126 4910 1232 4966 νεὼ
1260 4910 1328 4962 τὰ
1358 4909 1532 4979 μέτρα
1561 4906 1696 4975 πρὸς
1716 4905 1784 4958 τὰ

198 5004 388 5075 πλήθη
438 5005 533 5058 καὶ
582 4990 813 5076 μεγέθη,
844 5006 935 5059 καὶ
973 5003 1145 5073 κάλλη
1179 5001 1289 5055 τῶν
1318 4997 1596 5069 πανταχοῦ
1647 4997 1782 5051 καθ-

201 5097 508 5165 ιδρυμένων
551 5095 890 5167 Ἑκκλησιῶν
923 5098 1051 5166 μιᾶς
1072 5096 1171 5166 τῆς
1197 5095 1263 5149 ὲκ
1288 5091 1479 5148 πασῶν
1513 5088 1783 5160 ὑπαρχού-

198 5204 306 5256 σης
336 5188 668 5259 καθολικῆς;
699 5190 843 5260 Πρὸς
880 5190 947 5260 ἢν
989 5188 1241 5258 ἐπιφέρει
1261 5226 1277 5251 ,
1300 5187 1410 5241 Καὶ
1444 5184 1510 5238 τό
1543 5180 1780 5251 σπέρμα

198 5293 321 5332 σου
355 5277 798 5347 κληρονομήσει
822 5278 988 5347 ἔθνη.
1018 5278 1187 5331 Τοῦτο
1220 5276 1278 5330 δὲ
1302 5276 1395 5328 τὸν
1422 5271 1777 5343 εύαγγελικὺν

198 5372 361 5441 λόγον
387 5374 557 5445 δηλοῖ,
586 5376 718 5446 περὶ
733 5370 794 5430 οὗ
812 5392 974 5445 φησιν
999 5393 1011 5405 ·
1036 5394 1056 5426 ι
1088 5373 1342 5442 Ἐξῆλθεν
1370 5374 1399 5426 ὁ
1426 5372 1665 5442 σπείρων
1690 5369 1785 5422 τοῦ

201 5468 451 5537 σπεῖραι.
474 5485 494 5518 ι
516 5468 626 5520 Καὶ
656 5468 777 5538 ούχὶ
792 5468 951 5523 καλὸν
975 5466 1210 5536 σπέρμα
1239 5466 1498 5536 ἔσπειρας
1515 5467 1573 5518 ὲν
1593 5463 1669 5535 τῷ
1700 5462 1778 5533 σῷ

200 5560 379 5632 ἀγρῷ,
410 5559 472 5623 ἐξ
509 5548 571 5614 οὗ
599 5560 869 5614 πλείστων
900 5558 1070 5627 ἁγίων
1099 5558 1287 5629 γέγονε
1326 5561 1541 5628 μήτηρ;
1587 5555 1675 5620 Ἐξ
1705 5549 1779 5609 ὧν

1885 4545 2136 4612 ampliori
2192 4544 2260 4600 ad
2293 4545 2591 4599 liberorum
2627 4546 3059 4616 aCCt‘plaliOIIOIII
3091 4550 3292 4618 spatio,
3331 4567 3457 4621 pro-

1886 4638 1995 4693 lata
2031 4637 2086 4691 in
2142 4637 2194 4691 id
2231 4652 2261 4690 e
2289 4635 2851 4691 Mosis’tabernaculo
2902 4638 3286 4725 similitudine,
3316 4658 3457 4715 opus

1887 4729 2101 4784 habeat.
2138 4728 2335 4783 iisdem
2363 4727 2655 4799 siquidem.
2685 4729 2886 4797 quibus
2916 4729 3028 4794 ille,
3067 4732 3247 4789 verbis
3272 4743 3326 4789 et
3370 4737 3459 4793 hic

1885 4820 2079 4882 utitur,
2111 4818 2427 4888 pariterque
2476 4817 2868 4873 inconcussam
2925 4819 3186 4878 Ecclesiae
3224 4824 3456 4883 ﬁrmita-

1884 4918 1991 4965 tcm
2040 4909 2311 4985 clarorum
2343 4909 2564 4964 nomine
2609 4910 2899 4980 significat.
2934 4911 3110 4983 llujus
3139 4916 3285 4970 enim
3321 4916 3459 4987 ligu-

1882 5018 2021 5067 ram,
2051 5016 2309 5057 mensura
2344 5010 2525 5056 tamen
2579 5002 2738 5072 longe
2786 5002 3046 5071 breviori,
3078 5006 3207 5061 illud
3234 5023 3456 5076 expres—

1883 5096 1977 5162 sit,
2041 5094 2277 5165 indeque
2307 5094 2375 5149 ad
2430 5093 2677 5162 singulas
2711 5097 2899 5164 plagas
2928 5097 3069 5150 atria
3102 5098 3258 5166 longa
3287 5098 3453 5153 simul

1883 5195 1938 5242 et
1968 5186 2078 5240 lata
2109 5186 2372 5241 habuisse
2429 5184 2694 5254 reperias.
2744 5183 2945 5238 Verum
2986 5187 3117 5256 quid
3161 5188 3285 5253 ista,
3319 5196 3457 5243 tem-

1856 5276 2071 5347 _plique
2098 5275 2261 5330 etiam
2310 5273 2491 5328 futura
2548 5281 2633 5328 est
2689 5273 3033 5342 magnitudo,
3060 5275 3105 5330 si
3124 5290 3246 5331 cum
3277 5280 3456 5337 eccle-

1892 5370 2095 5424 siarum
2129 5366 2487 5437 amplitudine
2510 5376 2561 5420 et
2597 5365 2872 5428 vastitate,
2911 5365 2956 5419 si
2988 5381 3115 5421 cum
3150 5369 3456 5439 pulchritu.

1886 5459 2013 5514 dine
2048 5458 2282 5527 denique
2335 5453 2725 5521 conferantur,
2766 5469 2887 5523 qua:
2914 5455 3119 5527 ubique
3138 5468 3455 5523 exstructa;

1887 5554 2035 5608 illam
2093 5567 2258 5608 unam
2306 5566 2369 5605 ex
2424 5548 2682 5603 omnibus
2729 5547 2992 5620 elliciunt,
3024 5569 3145 5623 qua:
3184 5555 3458 5611 catholica

268 5738 312 5769 ’³
366 5738 558 5811 Ιῐριιοε.
588 5755 628 5797 ιι
652 5780 666 5807 ,
701 5740 789 5797 12.
868 5742 913 5774 ’⁸
949 5739 1149 5797 Jerem.
1177 5754 1272 5807 ιιι,
1298 5739 1351 5794 6.
1398 5740 1469 5815 *³⁸
1505 5737 1608 5794 lsa.
1636 5739 1781 5805 1.,l,‘

1907 5736 1948 5767 ³¹
1991 5734 2196 5792 Jerem.
2230 5750 2313 5802 ιιι,
2344 5734 2404 5788 4.·
2476 5734 2518 5767 ³³
2556 5731 2753 5789 Ειοοιι.
2781 5744 2893 5799 ιιι,
2926 5732 3011 5786 45.
