3978 6190
508 205 646 266 ἳῖἱίθ

1827 191 2174 254 PROCOPII
2211 188 2452 251 GAZ/EI

3558 199 3670 264 αλιι

510 321 723 380 buntur,
765 322 814 367 et
865 313 1024 368 colles
1071 309 1556 376 couturba‘lmntur,
1589 323 1750 379 quam
1795 311 2078 364 misericor-

2185 302 2734 374 ταραχθήσονται,ή
2765 301 2830 354 τὸ
2860 299 3008 371 ἐμὸν
3033 300 3203 368 ἕλεος
3230 304 3338 359 ἀπὸ
3367 308 3472 364 σοῦ
3498 318 3674 388 κινηθή-

507 404 597 456 dia
617 418 731 457 mea
755 419 786 456 a
816 411 862 456 te
887 402 1246 457 dimoveatur.
1265 400 1418 466 Quod
1455 400 1499 456 si
1531 400 1596 454 ad
1629 400 1948 470 interpretes
1983 402 2079 454 Se-

509 505 558 562 pt
571 495 788 563 uaginta
803 492 1162 561 respicis,non
1175 492 1482 560 exemplum
1496 491 1870 554 adhibere,sed
1884 490 2080 545 docere

509 586 691 651 potius
727 596 822 635 eos
852 583 1112 650 reperias,
1159 580 1324 635 Deum
1353 581 1464 649 jam
1497 581 1622 634 inde
1651 596 1678 633 a
1722 582 1925 635 diluvio
1952 596 2076 634 cum

511 673 792 722 hominum
824 672 1064 738 peccatis
1090 686 1195 722 non
1231 671 1462 739 amplius
1485 671 1765 724 decertare
1793 672 2074 734 statuisse,

509 772 784 824 unamque
825 759 1086 810 adversus
1117 775 1306 812 omnes
1361 761 1541 812 multae
1573 761 1837 812 rationem
1891 761 2076 816 decre-

508 845 652 897 risse
679 863 692 894 :
721 860 830 912 quo
857 845 1055 900 deinde
1095 855 1336 917 tempore
1373 863 1496 900 cum
1553 849 1864 905 hominibus
1897 867 2078 906 versa-

505 947 593 986 tus
621 941 702 986 est
731 934 1002 997 Christus,
1035 949 1226 989 omnes
1265 937 1414 1004 justo
1464 937 1554 991 Dei
1592 941 1803 993 calculo
1839 950 2074 995 veterem

505 1022 650 1072 illam
679 1034 914 1089 pinnam,
940 1023 1024 1071 cui
1059 1022 1258 1089 pariter
1282 1034 1436 1076 erant
1475 1028 1721 1087 obnoxii.
1769 1029 1953 1082 subire
1989 1029 2076 1082 de-

507 1111 722 1174 buisse,
763 1109 857 1164 sed
885 1110 1020 1161 iram
1058 1126 1117 1163 se
1172 1111 1226 1163 in
1265 1113 1679 1169 misericordiam
1717 1116 1879 1186 615
1925 1131 2074 1170 com-

505 1213 735 1263 mutare,
777 1209 832 1251 et
882 1215 1002 1268 quas
1032 1214 1058 1250 a
1096 1215 1154 1254 se
1185 1200 1407 1254 definita
1439 1204 1763 1272 decretaque
1791 1215 1938 1268 sunt,
1973 1204 2072 1258 ob-

505 1306 726 1344 servare
772 1301 825 1343 et
860 1289 1116 1342 retinere.
1167 1287 1259 1342 Est
1320 1305 1448 1344 vero
1498 1294 1645 1358 pacis
1704 1303 2072 1346 testamentum

506 1393 600 1444 per
630 1377 933 1430 Christum.
968 1375 1060 1427 Est
1093 1376 1236 1429 enim
1282 1376 1394 1445 ipse
1420 1393 1519 1446 pas
1560 1388 1743 1433 nostra
1769 1380 1815 1410 "
1852 1395 1867 1433 :
1907 1395 2070 1450 quam

507 1467 742 1534 postulat
773 1467 942 1520 lsaias
989 1467 1072 1520 his
1105 1466 1284 1521 verbis
1319 1487 1331 1520 :
1369 1487 1386 1518 ι
1429 1467 1648 1522 Domine
1674 1468 1816 1524 Deus
1857 1478 2068 1536 noster,

507 1575 691 1626 parem
736 1558 804 1612 da
850 1559 1032 1620 nobis,
1075 1558 1198 1625 quia
1233 1559 1415 1612 omnia
1449 1561 1718 1614 tradidisti
1771 1563 2014 1618 nobis“.
2044 1582 2062 1614 ι

2182 414 2355 451 σεται.
2388 396 2543 449 Κατά
2582 395 2638 448 δὲ
2678 395 2804 456 τοὺς
2834 395 2910 456 0',
2942 393 3042 447 οὐκ
3079 393 3190 447 ἐστι
3222 399 3674 472 παραδειγματικὸν,

2177 487 2325 557 δηλοῖ
2367 487 2422 539 δὲ
2460 485 2680 556 μᾶλλον,
2709 486 2784 547 ὡς
2825 484 2931 536 ἀπὸ
2960 483 3051 536 τοῦ
3083 486 3447 557 κατακλυσμοῦ
3474 495 3677 566 κέκριταξ

2181 597 2269 650 μοι
2298 579 2372 649 μὴ
2396 581 2509 639 τοῖς
2533 577 2889 648 ἀνθρωπίνοις
2917 577 3282 647 φιλονεικῆσαι
3305 581 3680 652 πταίσμασι,καί

2177 671 2308 740 μίαν
2341 669 2482 722 κατὰ
2531 670 2747 722 πάντων
2775 667 2952 736 ὁρίσαι
2982 667 3156 737 δίκην,
3185 669 3349 739 δηλῶν
3380 672 3447 734 ῶς
3471 676 3552 728 καὶ
3576 678 3683 728 καθ’

2176 759 2272 811 ὃνδ
2319 759 2628 830 ἐπεδήμησε
2655 760 3019 831 χρόνον,⁴θείᾳ
3046 761 3210 830 ψήφῳ
3247 763 3439 827 πάντας
3475 767 3568 820 ἔδει
3607 769 3683 839 τήν

2176 850 2414 919 ἀρχαίαν
2461 851 2676 918 ἐκείνην
2717 850 3018 920 προστῆναι
3061 851 3236 920 δίκην.
3291 855 3394 906 Καὶ
3433 859 3530 926 γὰρ
3577 855 3687 929 ἦσαν

2175 941 2378 1009 ὁμοίως
2410 940 2703 994 ὑπεύθυνοι
2723 958 2738 973 ⁶
2771 942 2906 994 ἀλλὰ
2935 942 3049 1011 τὴν
3074 943 3257 1012 ὀργὴν
3285 949 3549 1021 μεταφέρω
3580 953 3689 1020 πρὸς

2175 1032 2371 1096 ἔλεον,
2403 1033 2492 1084 τὸν
2540 1035 2668 1104 ὅρον
2721 1033 2999 1101 φυλάττων
3044 1033 3136 1085 τὸν
3188 1035 3506 1102 ἐμαυτοῦ.⁹ἰι
3529 1038 3578 1090 δὲ
3604 1039 3693 1106 τῆς

2172 1119 2414 1188 εἰρήνης
2464 1120 2738 1188 διαθήκη,
2765 1121 2853 1173 διὰ
2896 1121 3152 1192 Χριστοῦ.
3200 1122 3364 1184 Αὐτὸς
3392 1124 3491 1196 γάρ
3517 1128 3690 1198 ἐστινὴ

2173 1213 2365 1282 εἰρήνη
2392 1214 2571 1284 ήμῶν,
2602 1215 2777 1283 ἥνπερ
2817 1215 3044 1278 Ἡσαΐας
3068 1213 3230 1266 αἰτῶν
3260 1213 3357 1282 ἐτη
3381 1231 3394 1246 °
3426 1235 3441 1266 ι
3480 1217 3648 1286 Κύριε,
3673 1223 3696 1272 ὖ

2172 1301 2305 1364 Θεὸς
2340 1303 2518 1373 ήμῶν,
2551 1305 2774 1374 εἰρήνην
2798 1303 2884 1366 δὸς
2915 1305 3073 1373 ἡμῖν·
3107 1304 3282 1357 πάντα
3309 1305 3410 1374 γὰρ
3450 1307 3695 1370 ἀπέδωκας

2173 1393 2324 1461 ήμῖν.
2358 1412 2378 1445 s
2418 1395 2516 1446 Διὰ
2541 1393 2784 1465 Χριστοῦ
2830 1394 2936 1463 γὰρ
2974 1394 3218 1463 συνήφθη
3241 1395 3335 1464 μὲν
3365 1394 3438 1465 τῷ
3475 1395 3585 1464 Θεῷ
3619 1398 3697 1449 καὶ

2176 1482 2401 1554 Πατέρι.
2434 1484 2622 1537 Ταῦτα
2651 1485 2782 1548 Θεὸς
2817 1485 3209 1554 ἐπαγγέλλεται
3236 1485 3314 1554 τῷ
3355 1485 3578 1540 θεοσεϐεῖ
3615 1505 3695 1541 πο-

2173 1571 2480 1642 λιτεύματι,
2511 1575 2540 1626 ὃ
2593 1578 2832 1646 μετέστη
2887 1576 3024 1648 πρὸς
3054 1578 3122 1628 τὰ
3165 1575 3312 1646 ἔθνη,
3339 1576 3443 1630 τῶν
3465 1577 3698 1631 Ἰουδαίων

507 1652 607 1703 I’cl‘
660 1649 933 1702 Chrisutm
973 1649 1116 1723 enim
1156 1648 1263 1702 Deo
1303 1657 1355 1702 et
1383 1647 1527 1704 Patri
1578 1653 1817 1720 copulati
1856 1668 2066 1708 sumus.
2103 1660 2142 1714 Β
2175 1666 2505 1733 pannum,

504 1749 678 1814 Atque
717 1745 829 1797 lucc
855 1743 1070 1813 quidem
1111 1743 1238 1808 illis,
1271 1745 1361 1813 qui
1392 1746 1456 1798 ad
1484 1745 1702 1814 pietatis
1739 1748 2046 1802 institutum
2082 1751 2308 1824 degunt,
2330 1760 2474 1829 quod
2508 1775 2535 1812 a
2571 1757 2776 1813 Judais
2799 1759 3097 1829 neglectum
3135 1760 3204 1814 ad
3239 1770 3420 1829 gentes
3465 1763 3699 1823 transivit,

501 1840 650 1890 ‘lleus
683 1837 796 1905 ipse.
824 1836 1124 1904 pollicetur.

573 1927 760 1990 Qualis
791 1934 968 1976 autent
994 1935 1136 1978 esset
1159 1927 1298 1995 apud
1339 1924 1555 1982 Judwos
1588 1929 1754 1982 divini
1782 1931 1960 1986 cultus
1987 1947 2070 1986 ra-

500 2024 579 2072 tio
603 2029 788 2090 aperte
814 2019 1038 2081 indicat,
1067 2034 1188 2072 cum
1240 2020 1485 2074 humilem
1516 2031 1566 2076 et
1619 2024 1916 2079 instabilem
1951 2041 2070 2080 eam

503 2113 756 2182 appellat,
797 2122 1051 2178 tanquam
1104 2126 1223 2180 qum
1261 2113 1314 2164 in
1365 2128 1627 2182 corporea
1654 2117 2072 2172 circumcisione

506 2217 560 2257 et
601 2203 842 2255 vit-tituis
877 2212 1209 2254 versaretur.
1247 2202 1411 2257 Erant
1443 2219 1573 2258 vero
1606 2214 1655 2257 et
1709 2215 1896 2274 gentes
1946 2209 2073 2274 ipsa

504 2295 751 2356 immites,
785 2307 904 2359 qua:
941 2291 1247 2345 dauuonum
1271 2293 1677 2349 incursionibus
1699 2296 1847 2348 nullo
1869 2311 2071 2365 propuv

507 2394 707 2456 guante
748 2383 1024 2452 patebant.
1058 2381 1156 2436 Est
1201 2395 1254 2436 et
1309 2385 1611 2438 errantium
1669 2401 1763 2440 cor
1807 2387 2073 2448 instabile.

504 2479 894 2544 ebriorumque
935 2488 1104 2538 more,
1145 2473 1538 2543 cupiditatibus
1591 2461 1851 2547 agitatur,
1899 2487 1952 2532 et
1979 2493 2074 2531 va-

486 2551 680 2625 cillat.
710 2567 964 2631 Quolibet
1015 2565 1158 2618 enim
1202 2567 1396 2634 spiritu
1467 2567 1951 2636 circumaguntur;
1999 2578 2073 2632 et,

511 2661 658 2731 quod
710 2666 792 2712 est
846 2657 898 2710 in
931 2656 1228 2710 Pro-verbio
1254 2658 1320 2723 ",
1373 2659 1662 2728 rapiuntur
1716 2661 2076 2729 cupiditatum

509 2752 761 2805 tutbiue:
795 2749 976 2817 qualia
1006 2743 1430 2816 patilcrusalem
1463 2765 1569 2804 non
1609 2751 1728 2805 sine
1752 2752 1981 2807 crimine
2004 2755 2079 2808 si-

515 2841 794 2902 auilicmit
832 2840 1119 2902 Dominus,
1160 2855 1282 2892 cum
1311 2855 1428 2893 eam
1461 2841 1657 2895 animae
1676 2857 1789 2896 suae
1811 2842 2080 2912 cupidita-
2107 2877 2150 2934 ϐ

509 2935 678 2994 tibus,
732 2943 987 2998 tanquam
1057 2939 1239 2996 vento,
1295 2932 1484 2999 agitari
1540 2941 1769 3002 questus
1817 2943 1921 2989 est.
1986 2933 2082 2988 list

511 3041 638 3078 vero
665 3040 782 3093 qum
808 3021 999 3092 spiritu
1044 3023 1155 3090 rapi
1193 3038 1250 3076 se
1282 3022 1485 3091 patitur
1513 3025 1716 3086 anima,
1761 3025 1927 3078 etiam
1968 3041 2083 3078 om-

510 3118 640 3172 nino
683 3113 966 3168 instabilis.
1004 3111 1114 3166 Cur
1154 3123 1332 3167 autem
1371 3123 1419 3167 et
1466 3113 1860 3169 misericordem
1891 3131 1950 3169 se
1969 3114 2083 3171 fore

509 3205 699 3261 addit?
733 3197 974 3257 l’rimuin
1006 3203 1258 3272 quidem,
1311 3203 1438 3274 quia
1475 3205 1793 3260 misericors
1848 3206 1962 3274 ipse
1986 3205 2078 3261 sit.

511 3295 712 3348 Deinde
746 3310 872 3348 vero
932 3295 1057 3363 quia
1107 3294 1467 3350 consolatione
1499 3295 1615 3364 ipsa
1650 3296 1844 3348 caruit.
1878 3293 2082 3351 Deinde

508 3388 696 3450 etiam,
745 3388 870 3455 quia
908 3386 975 3455 (si
1025 3392 1092 3438 de
1143 3386 1230 3454 pio
1267 3387 1407 3454 apud
1463 3383 1682 3442 Judteos
1751 3387 1875 3440 vita:
1927 3388 2082 3441 iusti-

509 3487 626 3529 tuto
661 3491 840 3531 sermo
871 3476 962 3545 sit)
1014 3478 1275 3544 propheta
1325 3463 1530 3542 nullus,
1574 3487 1669 3530 aut
1715 3477 1861 3546 pius,
1897 3487 2081 3533 tantus

507 3578 612 3631 est,
648 3577 706 3621 ut
752 3566 883 3621 illud
943 3582 1194 3622 revocare
1238 3576 1291 3621 et
1341 3568 1645 3622 instaurare
1706 3578 1894 3637 queat.
1942 3569 2079 3634 Quia

507 3660 744 3729 denique
787 3659 856 3726 (si
901 3657 974 3712 de
1019 3659 1270 3728 gentibus
1322 3660 1536 3730 agatur)
1597 3660 1766 3730 legem
1816 3661 1920 3731 ipsi
1988 3671 2082 3716 aut

512 3754 826 3820 prophetas,
851 3750 942 3818 qui
973 3765 1070 3806 eos
1103 3752 1169 3804 ad
1196 3752 1479 3820 spirituale
1530 3753 1699 3808 robur
1752 3755 2078 3823 invitarunt,

511 3839 656 3893 sicut
689 3838 968 3904 Israelita,
1007 3854 1114 3892 non
1155 3839 1388 3908 amplexi
1424 3851 1580 3894 sunt:
1613 3841 1759 3910 quod
1817 3857 1912 3909 per
1959 3859 2078 3908 eos,

511 3931 605 3997 qui
644 3929 815 3982 ultitni
855 3929 910 3982 in
937 3928 1201 3998 parabola
1233 3928 1484 3984 mercede
1517 3931 1774 3986 conducti
1813 3939 1962 3997 sunt,
1995 3933 2080 3987 in-

512 4019 728 4072 ;licatur
753 4059 768 4082 ,
804 4034 928 4072 cum
961 4019 1251 4088 qumrenti,
1281 4018 1413 4087 quid
1445 4018 1556 4073 illic
1585 4027 1757 4073 totum
1793 4019 1935 4075 diem
1964 4031 2077 4075 sta-

510 4118 632 4163 rent
666 4109 828 4164 Otiosi
853 4148 872 4175 ,
902 4111 1028 4178 quia
1077 4123 1108 4162 a
1176 4108 1391 4164 nemine
1426 4109 1884 4176 conducerentur,
1913 4110 2075 4165 iidem

2251 1937 2354 1991 Οἴα
2397 1935 2453 1989 δέ
2499 1936 2632 2004 παρ’
2664 1935 2940 1999 Ἰουδαίοις
2991 1930 3060 2005 ἦν
3103 1939 3136 2007 ή
3185 1937 3434 2008 θεοσεϐὴς
3475 1937 3700 1999 πολιτεία,

2179 2029 2499 2100 παρίστησι,
2524 2026 2818 2093 ταπεινὴν
2851 2027 2946 2080 καί
2981 2027 3399 2081 ἀκατάστατον
3433 2027 3617 2096 ταύτην
3642 2029 3703 2078 εἰ·-

2182 2120 2296 2173 πών
2315 2134 2329 2148 ο
2367 2119 2650 2188 σωματικὴ
2691 2117 2800 2187 γὰρ
2828 2113 2896 2187 ἦν
2927 2118 3220 2188 περιτομὴ,
3253 2118 3344 2170 καὶ
3369 2117 3556 2170 θυσίαι.
3582 2119 3636 2169 Ol
3659 2116 3703 2182 ἐξ

2178 2208 2347 2261 ἐθνῶν
2373 2207 2428 2260 δὲ
2459 2209 2553 2261 καὶ
2585 2209 2703 2271 ταῖς
2731 2207 2839 2261 τῶν
2874 2207 3166 2279 δαιμονίων
3195 2209 3401 2276 ἐφόδοις
3441 2209 3704 2262 εῦεπίϐατοι

2178 2298 2463 2367 γεγονότες
2495 2300 2779 2352 ὑπέκειντο
2809 2297 3118 2366 ταπεινῶς.
3149 2299 3274 2354 Τῶν
3302 2300 3357 2353 δὲ
3384 2300 3705 2372 πλανωμένων

2181 2387 2593 2453 ἀκατάστατος
2644 2389 2677 2458 ή
2721 2387 2945 2459 καρδία,
2979 2389 3275 2458 μεθύοντος
3310 2392 3465 2460 δίκην
3494 2394 3704 2462 σειομένη

2179 2483 2293 2543 τοῖς
2337 2480 2555 2534 πάθεσι.
2583 2480 2752 2534 Παντὶ
2785 2479 2892 2550 γὰρ
2923 2481 3197 2552 πνεύματι
3229 2485 3613 2554 περιφέρονται,
3635 2486 3706 2536 καὶ

2182 2567 2323 2622 κατὰ
2361 2567 2459 2638 τὴν
2504 2567 2803 2637 παροιμίαν
2822 2608 2838 2633 ,
2867 2569 3189 2639 ρεμϐασμὸν
3213 2572 3511 2642 ἐπιθυμιῶν
3537 2575 3706 2642 ὑπομέ·

2182 2675 2396 2724 νουσιν,·
2445 2657 2473 2710 ὃ
2515 2658 2578 2719 δὴ
2627 2657 2903 2712 παθοῦσαν
2952 2659 3050 2729 τήν
3111 2659 3471 2732 Ἰερουσαλὴμ
3512 2663 3708 2715 αἰτιᾶται

2183 2749 2315 2812 Θεὸς
2343 2749 2536 2816 λέγων·
2558 2749 2645 2802 Ἐν
2674 2748 2990 2818 ἐπιθυμίαις
3018 2753 3204 2821 ψυχῆς
3233 2752 3405 2821 αὑτῆς
3433 2755 3712 2820 ἐπνευματο-

2185 2843 2422 2911 φορείτο.
2463 2841 3064 2911 Πνευματοφορουμένη
3109 2841 3173 2894 δὲ
3221 2841 3392 2912 ψυχὴ,
3423 2843 3617 2904 πάντως
3641 2840 3711 2892 καὶ

2184 2930 2616 2996 ἀκατάστατος.
2647 2932 2746 2984 Διὰ
2789 2931 2842 2983 τί
2889 2931 2946 2984 δέ
2978 2931 3159 2996 ἵλεώς
3200 2946 3338 2996 σοις
3369 2933 3576 3004 Πρῶτον
3619 2933 3711 3002 μὲν,

2182 3022 2263 3074 ὃτι
2297 3021 2595 3091 οἰκτίρμων
2618 3021 2747 3087 ἐγώ.
2777 3023 3005 3076 Ἔπειτα
3031 3023 3108 3087 δέ,
3145 3025 3230 3076 ὅτι
3256 3019 3342 3091 μὴ
3373 3023 3710 3090 παρεκλίθῃς.

2183 3112 2293 3164 Καὶ
2331 3112 2380 3163 εἰ
2433 3111 2529 3178 μέν
2561 3112 2690 3178 περί
2722 3109 2813 3164 τοῦ
2845 3113 2972 3180 παρ’
3001 3112 3288 3175 Ἰουδαίοις
3343 3111 3609 3173 θεοσεϐοῦς
3643 3125 3716 3162 πο-

2182 3199 2506 3270 λιτεύματος
2532 3201 2702 3268 λέγει,
2734 3199 2924 3272 ἐπειδὴ
2961 3201 3155 3272 μηδεὶς
3189 3203 3494 3272 προφήτης,
3516 3203 3546 3269 ἢ
3571 3200 3717 3253 θεοσε-

2182 3289 2282 3358 δὴς
2306 3290 2581 3354 τοσοῦτος,
2600 3290 2674 3352 ὡς
2696 3290 2983 3343 ἀναλαϐεῖν
3011 3291 3190 3361 αὐτὴν
3212 3296 3308 3345 καὶ
3330 3289 3717 3359 ἀνακτήσασθαι.

2181 3385 2244 3437 Εἰ
2276 3383 2332 3436 δέ
2365 3382 2494 3453 περὶ
2522 3382 2631 3436 τῶν
2659 3382 2854 3447 ἐθνῶν,
2890 3384 2972 3436 ὃτι
3017 3383 3093 3452 μὴ
3140 3384 3400 3454 καθάπερ
3431 3381 3631 3452 Ἰσραὴλ
3655 3379 3720 3428 νέ-

2184 3491 2302 3544 μον,
2335 3474 2366 3544 ἧ
2421 3476 2702 3546 προφήτας
2746 3474 3014 3539 ἐδέξαντο,
3047 3477 3192 3545 πρὸς
3239 3474 3540 3545 εὐρωστίαν
3565 3470 3723 3530 αὐτοὺς

2180 3564 2630 3637 παρακαλοῦντας
2675 3566 3270 3636 πνευματικήν.”οπερ
3319 3564 3408 3618 διὰ
3451 3561 3554 3614 τῶν
3594 3562 3642 3612 ἐν
3673 3560 3724 3625 τῇ

2182 3658 2464 3728 παραϐολῇ
2515 3657 2840 3709 τελευταίων
2878 3655 3273 3726 μισθωθέντων
3307 3653 3636 3725 σημαίνεται,
3663 3642 3724 3709 οἷς

2180 3750 2285 3819 ἔφη
2303 3766 2317 3780 ’
2347 3749 2412 3802 Τί
2439 3744 2539 3802 ὦδε
2569 3751 2832 3819 ἑστήκατε
2853 3745 2983 3819 ὅλην
3013 3748 3114 3819 τὴν
3151 3748 3375 3820 ἡμέραν
3403 3745 3581 3816 amat;
3607 3743 3660 3794 υε
3684 3741 3726 3792 δὲ

2181 3839 2316 3910 πρὸς
2366 3838 2558 3892 αὐτόν’
2595 3837 2718 3891 Ὀτι
2756 3837 2942 3908 μηδεὶς
2989 3838 3143 3907 ἡμᾶς
3190 3833 3558 3906 ἐμισθώσατο.
3585 3828 3725 3887 MM;

2178 3933 2287 4002 γὰρ
2328 3931 2522 3993 αὐτοὺς
2567 3931 2651 3983 ἐπ’
2682 3930 2925 3999 ἐσχάτων
2965 3927 3237 3982 ἐκάλεσεν
3265 3929 3296 3981 ό
3325 3926 3420 3980 τοῦ
3451 3919 3727 3995 ἀμπελῶνος

2177 4021 2472 4090 Δεσπότης.
2490 4016 2623 4074 Εἷτά
2652 4035 2845 4088 φησιν⁹
2889 4019 3044 4074 Ἰδοὺ
3073 4018 3197 4086 ἐγὼ
3229 4015 3510 4086 ἐτοιμὰζω
3531 4027 3619 4066 σοι
3647 4007 3728 4059 ἀν·

2124 4144 2128 4148 -
2178 4117 2365 4181 θρακα
2424 4109 2567 4174 τοὺς
2619 4111 2828 4174 λίθους
2881 4123 3020 4163 σου.
3067 4100 3307 4162 Ἀνθόῦ
3361 4109 3390 4160 ὁ
3441 4103 3728 4171 Σύμμαχκ⁸

513 4203 936 4272 responderunt.
972 4200 1128 4257 Unus
1161 4202 1305 4256 enim
1345 4203 1494 4272 ipsos
1543 4205 1610 4257 ab
1661 4203 1869 4259 ultimis
1915 4213 2076 4261 terra:

2191 4203 2344 4258 ἰδοὺ
2381 4201 2494 4271 ἐγὼ
2539 4202 2857 4268 συντίθημι
2894 4199 3091 4266 aﬂuat
3145 4200 3298 4265 τοὺς
3321 4198 3531 4261 λίθους
3555 4189 3729 4247 σου.”0

514 4294 716 4347 ﬁnibus
745 4293 958 4347 vocavit
979 4292 1149 4347 vinea:
1169 4292 1449 4348 Dominus.
1478 4291 1682 4349 Deinde
1705 4295 1782 4349 ait
1806 4293 1970 4350 :Ecce
1986 4312 2077 4367 ego

509 4387 820 4454 prteparabc
862 4384 955 4439 tibi
991 4387 1388 4452 carbunculum,
1417 4388 1615 4456 lapides
1657 4399 1816 4456 tuos;
1850 4405 1947 4459 pro
1972 4404 2081 4458 quo

513 4474 880 4546 Symmachus
908 4492 924 4529 :
967 4473 1101 4530 Ecce
1128 4492 1220 4546 ego
1243 4492 1494 4544 compono
1528 4479 1683 4532 stibio
1713 4479 1915 4548 lapides
1943 4490 2082 4543 tuos;

511 4567 740 4633 Aquilas
763 4575 968 4628 autem,
1012 4563 1144 4618 Ecce
1173 4565 1370 4618 inclina
1413 4567 1465 4619 in
1495 4567 1654 4620 stibio
1701 4569 1901 4636 lapides
1930 4579 2080 4634 tuos;

512 4654 817 4708 Theodotio
848 4669 1000 4716 vero,
1053 4655 1283 4709 immitto
1312 4657 1478 4726 616
1515 4657 1569 4710 in
1593 4659 1774 4723 stibio,
1803 4659 2078 4714 dixerunt.

2176 4298 2233 4351 δέ
2263 4296 2525 4358 Ἀκύλαςο
2571 4293 2718 4347 Ἰδοὺ
2758 4291 3102 4345 κατακλίνω
3147 4291 3225 4344 ἐν
3263 4292 3467 4358 στίμει
3501 4285 3630 4349 τοὺς
3661 4284 3732 4334 λί-

2177 4392 2315 4452 θους
2348 4401 2486 4439 σου.
2517 4383 2808 4436 Θεοδοτίων
2853 4381 2908 4434 δέ
2930 4397 2945 4412 ·
2986 4381 3312 4449 Ἐμὸάλλω
3350 4382 3422 4434 ἐν
3457 4371 3730 4445 delusa“;

2177 4478 2287 4546 γὰρ
2317 4476 2383 4529 ἂν
2414 4475 2550 4544 γυνὴ
2593 4473 3042 4542 καλλωπιζομένη
3075 4472 3416 4540 στιμίζοιτο
3435 4485 3449 4498 ·
3481 4467 3639 4525 οὕτως
3667 4461 3735 4512 εὐ·

2179 4568 2404 4640 πρεπῶς
2438 4568 2534 4636 τῆς
2567 4566 2664 4636 σῆς
2712 4564 3022 4633 οἰκοδομίας
3055 4562 3318 4633 διαθήσω
3362 4561 3504 4626 τοὺς
3537 4557 3730 4615 λίθους-

2178 4662 2405 4731 Μήποτε
2447 4659 2502 4711 δέ
2545 4659 2572 4710 ὁ
2606 4655 2735 4727 παρ’
2767 4657 2946 4718 αὐτοῖς
2986 4655 3416 4724 Ἐϐδομήκοντα
3442 4647 3670 4718 ἄνθραξ,
3692 4641 3737 4694 τδ

511 4749 584 4804 Ut
612 4748 756 4800 enim
789 4762 909 4816 qua:
933 4750 1167 4802 comitur
1193 4751 1410 4811 mulier,
1435 4749 1591 4804 stibio
1629 4750 1696 4804 ad
1733 4751 1920 4806 forma:
1957 4767 2078 4807 con-

2183 4751 2480 4820 καθάρσιον
2518 4749 2810 4802 αἰνίττεται
2843 4747 2941 4816 τῆς
2971 4746 3176 4815 ψυχῆς.
3231 4748 3313 4798 Δι’
3345 4744 3613 4814 ἄνθρακος
3653 4735 3735 4802 γὰρ

508 4841 843 4894 eiliationem
895 4836 1100 4903 utitur,
1159 4839 1240 4894 sic
1277 4847 1329 4892 et
1362 4840 1477 4908 ipse
1502 4838 1714 4894 aedilicii
1767 4843 1848 4895 tui
1885 4843 2085 4910 lapides

507 4931 784 4998 eleganter
813 4927 1120 4996 disponant.
1181 4925 1436 4985 Fortasse
1468 4944 1594 4984 vero
1652 4930 1746 5001 qui
1792 4947 1822 4984 a
1855 4931 2084 5002 Septua-

2184 4841 2278 4893 καὶ
2312 4841 2534 4893 Ἢσαῖου
2567 4837 2636 4891 τὰ
2665 4836 2818 4907 χείλη
2862 4836 3203 4906 κεκάθαρτο.
3237 4835 3408 4917 ᾼηλοί
3449 4828 3542 4886 οὖν
3573 4827 3739 4917 μηδένα

2183 4930 2282 4998 τῆς
2307 4927 2616 4996 οἰκοδομίας
2644 4928 2818 4980 λίθον
2844 4925 3104 4995 ὑπάρξειν
3133 4913 3484 4994 ἀκάθαρτον,
3513 4917 3642 4972 κατὰ
3662 4913 3736 4965 τό·

507 5021 663 5092 ginta
721 5018 1116 5086 interpretibus
1169 5019 1525 5073 carbunculus
1584 5021 1831 5086 dicitur,
1893 5001 2078 5075 animm

2191 5038 2209 5070 ι
2251 5019 2400 5072 Λίθοι
2443 5018 2586 5085 ἆγιοι
2642 5017 2914 5070 κυλίονται
2957 5015 3049 5069 ἐπὶ
3094 5016 3205 5086 τῆς
3253 5017 3397 5087 γῆς,
3439 5035 3458 5067 ι
3501 5009 3620 5082 περὶ
3660 5001 3742 5055 τῶν

455 5155 460 5160 .
509 5113 784 5180 piaculum
847 5109 1336 5179 lustrationemque
1395 5111 1690 5180 signiﬁcat.
1742 5111 1881 5166 Sunt
1936 5114 2078 5166 enim

508 5201 629 5270 ipsa
656 5200 818 5254 etiam
854 5197 1007 5256 Isaia:
1055 5201 1206 5255 labra
1238 5199 1478 5256 carbone
1507 5203 1723 5272 expiata
1747 5201 1814 5255 ⁵⁸.
1861 5200 2079 5256 Nullum

2190 5111 2360 5178 ἁγίων
2375 5109 2696 5191 λεγόμενον,
2738 5107 2797 5174 ἐξ
2833 5101 2962 5178 ὦνή
2999 5107 3092 5160 τοῦ
3135 5106 3286 5162 Θεοῦ
3333 5107 3638 5162 συνίσταται
3672 5093 3743 5148 πό-

2189 5219 2292 5266 Αις.

579 5355 625 5390 ³⁸
657 5354 855 5425 Ephes.
899 5369 960 5422 tt,
994 5356 1078 5410 H.
1155 5357 1202 5388 ”
1237 5358 1348 5413 Isa.
1386 5374 1535 5425 nrt,
1574 5359 1660 5411 12.
1735 5360 1776 5390 ⁸⁷
1813 5357 1940 5426 Sap.
1980 5373 2051 5418 tv,
2092 5356 2175 5411 l2.
2220 5357 2263 5387 ‘°
2290 5354 2396 5408 lsa.
2431 5371 2508 5416 γι.
2545 5362 2597 5418 7.

1816 5471 2053 5526 VARle
2095 5468 2502 5524 LECTIONES.

572 5540 602 5580 ιι
630 5539 716 5591 ισ.
740 5539 900 5591 λειπ.
933 5539 1187 5606 Χριστός.
