3976 6220
345 321 487 389 2541

1476 322 2016 385 COMMENTARII
2056 322 2137 382 IN
2173 320 2458 382 lSAIAM.

3470 315 3611 381 ἲιὲιὲ

343 438 511 500 igitur
566 425 781 485 aedilicii
815 429 1044 498 lapidem
1107 431 1386 499 impurum
1421 427 1537 484 fore
1581 430 1854 498 signilicat
1886 469 1900 492 ,
1935 429 2090 498 justa
2145 429 2276 483 illud
2314 449 2326 483 :
2375 449 2395 480 ι
2427 427 2661 498 Lapides
2696 428 2870 484 sancti
2927 430 3221 485 volvuntur
3286 447 3448 502 super
3505 443 3612 484 ter-

342 543 456 579 ram
488 525 534 555 '9
563 540 579 589 ;
618 543 637 575 ι
682 528 824 592 quod
870 531 958 578 est
992 526 1046 577 in
1077 532 1324 586 sanctos,
1357 538 1422 576 ex
1451 524 1654 591 quibus
1686 525 1804 591 ipsa
1838 524 1928 577 Dei
1966 523 2162 577 cititas
2189 530 2430 588 constat,
2460 535 2800 591 usurpatum.

415 617 570 679 Τινὲς
600 616 656 668 δὲ
685 616 1054 684 τὸν-Ἰησοῦν
1079 617 1349 684 ἄνθρακα
1374 616 1627 686 εἰρῆσθαί
1657 634 1840 686 φασιν,
1875 616 1927 669 ὃν

2116 616 2228 670 Non
2261 620 2457 670 desunt
2485 626 2687 680 tamen,
2721 618 3144 686 quicarbunculi
3180 620 3401 673 nomine
3431 620 3612 672 Jesunt

339 704 544 775 ἔφησεν
572 708 658 770 είς
683 708 754 759 τὰ
784 707 1026 775 θεμέλια
1054 707 1344 761 τεθεῖσθαι
1375 707 1546 771 Σιὼν,
1571 708 1649 768 εἰς
1680 706 1739 760 6v
1767 709 1819 760 εἰ
1845 725 1926 771 τις

341 797 716 861 πιστεύσειεν,
748 798 809 851 οὑ
854 799 930 868 μὴ
975 798 1446 868 καταισχυνθῇ.⁰0
1475 798 1532 850 δὲ
1567 796 1750 867 ’Λμὼς
1799 798 1930 852 ἀδά-

341 909 521 962 μαντα
563 890 753 944 τοῦτον
783 889 940 943 καλεῖ
965 889 1168 957 λέγων’
1216 909 1234 940 ι
1254 889 1532 944 Ἐντάσσω
1561 889 1844 959 ἀδάμαντα
1871 893 1927 942 ἐν

341 983 498 1054 μέσῳ
524 981 658 1036 λαοῦ
695 999 797 1051 μου
817 981 1064 1054 Ἰσραήλ.
1087 1000 1105 1032 ι
1132 978 1405 1053 Ζαχαρίας
1433 983 1490 1034 δέ
1523 999 1687 1051 φησιν
1706 999 1722 1012 ·
1754 1001 1772 1032 ι
1793 983 1925 1035 ’1δοῦ

338 1074 452 1142 ἐγὼ
479 1075 672 1142 ἐπάγω
715 1075 808 1126 ἐπὶ
849 1074 938 1126 τὸν
981 1072 1168 1126 δοῦλόν
1213 1091 1316 1143 μου
1363 1073 1648 1142 ἀνατολήν.
1683 1072 1760 1125 Δι’
1791 1074 1871 1124 ὅτι
1900 1075 1928 1125 6

336 1165 486 1228 λίθος
514 1167 572 1219 ὃν
604 1166 782 1219 ἔδωκα
818 1165 922 1236 πρὸ
953 1166 1246 1237 προσώπου
1275 1165 1477 1235 Ἰησοῦ,
1510 1164 1605 1216 ἐπὶ
1652 1165 1742 1217 τὸν
1780 1163 1929 1216 λίθον

338 1257 431 1310 τὸν
457 1257 555 1310 ἕνα
584 1257 728 1310 ἑπτὰ
767 1257 1033 1326 ὀφθαλμοί
1065 1257 1224 1310 εἰσιν.
1259 1276 1277 1308 ι
1330 1257 1726 1324 Παντεπὸπτης
1755 1256 1864 1324 γὰρ
1901 1256 1930 1307 6

335 1348 592 1417 Χριστός.
611 1349 672 1402 '0
717 1349 895 1402 τοίνυν
921 1348 1171 1417 ἄνθραξ,
1217 1350 1402 1418 φασὶν,
1434 1342 1590 1412 οὗτος
1645 1347 1929 1418 ὑποϐάθρα

334 1439 437 1509 τῆς
470 1440 678 1503 πόλεως
705 1442 797 1493 καὶ
825 1441 1120 1510 θεμέλιος,
1152 1436 1196 1509 ᾧ
1220 1441 1531 1508 ἐγγίζοντες
1556 1441 1608 1492 οἱ
1639 1440 1928 1493 ἀπόστολοι

334 1531 432 1581 καί⁵
459 1529 614 1580 αὐτοὶ
649 1528 906 1597 θεμέλιοι
936 1529 1111 1595 ὅντες,
1140 1529 1452 1601 ἐρρέθησαν
1481 1529 1804 1597 σάπφειροι
1834 1529 1928 1599 δη-

333 1620 591 1690 λούμενον.
624 1621 717 1673 καὶ
745 1621 832 1673 διὰ
865 1620 957 1673 τοῦ
988 1622 1458 1675 ἑπτακαιδεκάτου
1488 1619 1706 1690 ψαλμοῦ
1737 1615 1926 1687 λέγον-

334 1729 448 1778 τος,
483 1715 566 1764 ὅτι
599 1729 619 1762 ι
662 1711 946 1781 Ὠφθησαν
982 1714 1036 1765 αἱ
1072 1714 1245 1782 πηγαὶ
1275 1713 1384 1764 τῶν
1429 1713 1655 1774 ὑδάτων,
1693 1714 1787 1766 καὶ
1830 1716 1927 1766 ἁν-

336 1803 616 1874 εκαλύφθη
663 1803 731 1856 τὰ
764 1802 993 1873 θεμέλια
1036 1805 1139 1873 τῆς
1172 1807 1501 1875 οἰκουμένης
1529 1805 1636 1858 ἀπὸ
1666 1797 1924 1875 ἐπιτιμήὲ

335 1893 474 1957 cati);
507 1911 620 1959 σου,
657 1894 853 1964 Κύριε,
895 1895 1005 1948 ἀπὸ
1034 1897 1386 1966 ὲμπνεύσεως
1422 1898 1729 1967 πνεύματος
1755 1896 1927 1968 ὀργῆς

2036 705 2336 774 signiﬁcari
2357 706 2710 773 existiment;
2741 722 2902 775 quem
2959 707 3013 760 in
3047 705 3232 763 Sionis
3266 709 3613 774 fundamenta

2034 797 2267 864 positum
2293 811 2408 849 esse
2440 795 2620 861 dixit;
2686 796 2742 848 in
2791 811 2954 866 quem
2994 797 3039 851 si
3092 799 3216 866 quis
3251 798 3461 862 credat,
3501 813 3611 852 non

2033 886 2425 940 confundatur.
2467 884 2624 940 llunc
2655 895 2832 940 autem
2865 895 2920 940 et
2949 890 3113 941 Amos
3144 887 3484 942 adamantem
3515 903 3614 958 ap-

2037 982 2204 1052 pellat
2236 982 2322 1037 his
2349 981 2530 1037 verbis
2565 1002 2580 1038 :
2619 983 2942 1052 (Disponam
2970 983 3314 1038 adamantem
3345 985 3396 1038 in
3435 984 3612 1040 medio

2037 1076 2225 1144 populi
2261 1077 2365 1129 m‘ei
2392 1072 2557 1130 Israel
2596 1075 2666 1129 θ’.
2699 1094 2716 1126 ι
2765 1075 2902 1128 Sunt
2947 1083 3002 1130 et
3033 1076 3301 1143 ejusmodi
3332 1075 3614 1130 Zachariae

2037 1167 2242 1220 verba:
2307 1186 2328 1218 ‹
2367 1166 2507 1221 Ecce
2557 1182 2658 1235 ego
2707 1166 2918 1221 adduco
2969 1184 3133 1236 super
3167 1183 3386 1222 servum
3430 1185 3610 1224 meum

2034 1259 2326 1313 orientem.
2365 1259 2502 1324 Quia
2545 1274 2675 1313 ecce
2708 1259 2868 1328 lapis,
2900 1274 3060 1329 quem
3112 1259 3235 1313 dedi
3265 1269 3391 1313 ante
3422 1259 3612 1313 faciem

2033 1347 2362 1419 Jesu,super
2395 1349 2628 1420 lapidem
2663 1366 2826 1403 unum
2876 1361 3079 1419 septem
3134 1350 3280 1403 oculi
3319 1360 3448 1403 suut
3477 1351 3545 1403 “.
3588 1369 3607 1401 ι

2037 1439 2135 1494 Est
2168 1440 2315 1493 enim
2348 1441 2594 1494 omnium
2644 1441 2926 1510 inspector
2978 1449 3030 1494 et
3084 1441 3292 1496 arbiter
3339 1441 3611 1497 Christus.

2036 1531 2133 1586 Est
2163 1531 2352 1602 igitur,
2380 1531 2559 1606 aiunt,
2591 1531 2948 1586 carbunculus
3007 1531 3118 1596 hic,
3176 1539 3436 1600 tanquam
3465 1533 3615 1586 urbis

2035 1621 2272 1677 fulcrum
2301 1630 2356 1676 et
2382 1621 2785 1690 fundamentum
2807 1639 2826 1686 ;
2858 1629 2988 1677 sunt
3019 1629 3073 1676 et
3129 1622 3257 1675 huic
3285 1621 3449 1674 vicini
3478 1637 3614 1690 apo-

2035 1716 2160 1773 stoli
2189 1717 2539 1786 fundamenta
2565 1717 2732 1770 altera
2757 1717 3129 1786 sapphirorum
3162 1718 3382 1772 nomine
3407 1716 3618 1786 signifi-

2032 1810 2178 1873 cati;
2222 1809 2344 1877 ipso
2375 1808 2537 1862 etiam
2575 1807 2911 1877 suffragante
2942 1809 3155 1876 psalmo
3206 1808 3418 1862 decimo
3444 1807 3615 1877 Septi-

2035 1915 2126 1953 mo
2157 1899 2241 1952 his
2273 1898 2491 1953 verbis:
2538 1916 2558 1949 ι
2596 1897 2986 1967 Apparuerunt
3014 1897 3196 1952 fontes
3226 1912 3513 1968 aquarum,
3561 1905 3616 1950 et

337 2002 454 2039 σου.
484 2004 504 2037 ι
535 1985 1006 2056 Ἐπιτιμηθέντων
1055 1989 1164 2056 γὰρ
1213 1987 1320 2040 τῶν
1370 1986 1428 2052 ἐξ
1457 1988 1678 2059 Ἰσραὴλ
1723 1989 1810 2040 διὰ
1860 1989 1927 2043 τὰ

2034 1991 2273 2044 revelata
2305 1999 2436 2044 sunt
2469 1989 2828 2044 fundamenta
2879 1990 3030 2043 orbis
3067 1998 3360 2051 terrarmu,
3409 1993 3477 2042 ab
3530 1989 3616 2043 iu-

335 2077 674 2147 τολμηθέντα
722 2080 863 2133 κατὰ
908 2077 1169 2150 Χριστοῦ,
1218 2077 1374 2149 ὤφθη
1415 2079 1513 2148 μὲν
1554 2082 1587 2148 ή
1635 2079 1702 2132 δι’
1736 2079 1926 2143 ὓδατος

337 2167 608 2239 κάθαρσις
629 2183 644 2199 ⁸
689 2170 1082 2242 ἀνεδείχθησαν
1117 2170 1175 2223 δὲ
1206 2171 1300 2223 καὶ
1328 2171 1422 2223 τοῦ
1453 2171 1708 2241 Σωτῆρος
1735 2173 1782 2223 οἱ
1817 2189 1925 2242 μα-

337 2258 520 2330 θηταί.
537 2261 646 2314 Καὶ
675 2263 726 2314 oi
754 2264 1030 2333 προφῆται
1051 2262 1106 2314 δὲ
1131 2260 1406 2331 θεμέλιος
1424 2261 1690 2330 λέγονται,
1710 2261 1925 2316 Παύλου

335 2353 589 2422 λέγοντος
609 2371 623 2385 δ
657 2375 678 2407 ι
707 2356 1255 2427 Ἐποικοδομηθέντες
1304 2357 1397 2409 ἐπὶ
1422 2355 1501 2427 τῷ
1549 2356 1786 2428 θεμελίῳ
1817 2355 1927 2410 τῶν

335 2444 650 2498 ἀποστόλων
679 2447 772 2500 καὶ
791 2446 1110 2517 προῃητῶν.
1124 2467 1143 2498 ι
1164 2447 1228 2500 Ἡ
1245 2446 1302 2499 δὲ
1317 2446 1652 2515 σάπφειρος
1679 2446 1928 2516 οὐράνιον

334 2534 453 2602 ἔχει.
481 2534 542 2588 τὸ
565 2535 788 2606 χρῶμα.
829 2537 939 2591 Καὶ
985 2535 1201 2590 τούτων
1223 2537 1281 2590 δὲ
1317 2536 1380 2588 τὸ
1429 2536 1756 2606 πολίτευμα,
1787 2535 1929 2588 κατὰ

335 2623 429 2677 τὸν
465 2626 808 2692 Ἀπὸστολον,
838 2629 896 2682 ὲν
944 2628 1197 2700 οὐρανοῖς
1249 2630 1506 2699 ὑπάρχει.
1537 2627 1694 2682 Κατὰ
1733 2627 1791 2680 δὲ
1837 2627 1929 2681 τὸν

351 2713 634 2784 Ἰεζεκιὴλ,
669 2717 761 2770 καὶ
806 2718 834 2770 6
865 2717 1029 2780 τόπος
1069 2720 1100 2771 6
1151 2718 1412 2772 ὑποκάτω
1453 2716 1548 2770 τοῦ
1592 2717 1784 2787 θρόνου
1833 2714 1928 2769 τοῦ

335 2806 476 2860 θεοῦ
503 2807 580 2871 ὡς
615 2810 939 2881 σάπφειρος.
967 2809 1124 2865 Οῦτω
1152 2810 1334 2864 τοίνυν
1375 2809 1596 2880 εἴρηται
1629 2809 1716 2864 διὰ
1741 2809 1802 2863 τὸ
1828 2809 1929 2880 τὴν

335 2899 526 2951 εἰκόνα
569 2899 662 2951 τοῦ
710 2900 1036 2970 ἐπουρανίου
1081 2903 1290 2970 φορεῖν.
1311 2901 1642 2968 Ἀνθρακες
1686 2901 1746 2953 δὲ
1794 2900 1930 2953 καθ’

339 2986 535 3058 ἑτέραν
567 2989 732 3058 φασὶν
762 2990 996 3061 ἐκδοχὴν
1022 2990 1074 3043 oi
1102 2989 1441 3060 κοσμοῦντες
1467 2991 1629 3044 λίθοι
1657 2988 1847 3060 ὥσπερ
1872 2991 1929 3043 ὲν

339 3076 538 3145 στίμει
574 3079 700 3143 τοὺς
739 3078 840 3148 τῆς
878 3077 1118 3149 Νύμφης
1146 3078 1241 3132 τοῦ
1268 3077 1508 3148 Χριστοῦ
1535 3077 1852 3149 ὀφθαλμοὺς
1880 3077 1930 3131 oi

341 3167 490 3234 ἅγιοι
529 3171 806 3240 μάρτυρες
843 3170 932 3223 διὰ
971 3171 1142 3241 πυρὸς
1174 3170 1646 3240 δεδοκιμασμένοι.

2027 2083 2346 2148 crepatione
2381 2089 2492 2142 tua,
2544 2079 2794 2144 Domine,
2850 2079 2920 2133 ab
2976 2079 3340 2149 inspiratione
3388 2081 3614 2150 spiritus

2029 2172 2124 2226 iric
2154 2181 2263 2227 tua:
2290 2173 2358 2228 °’.
2399 2191 2418 2223 ι
2464 2174 2769 2242 lncrepatis
2792 2174 2936 2227 eiiim
2961 2172 3166 2228 Judznis
3191 2175 3262 2230 ob
3300 2190 3383 2237 ea,
3417 2191 3538 2243 qua-
3559 2177 3613 2228 in

2029 2263 2308 2319 Christum
2345 2263 2463 2318 ausi
2494 2273 2643 2324 sunt,
2679 2263 2795 2333 ipsa
2819 2271 2988 2327 certe,
3019 2281 3140 2333 qua:
3165 2281 3261 2334 per
3282 2281 3476 2336 aquam
3504 2282 3610 2334 est,

2031 2351 2288 2407 lustratio
2319 2352 2593 2420 apparuit.
2621 2353 3076 2421 Apparueruntet
3100 2355 3203 2422 ipsi
3236 2338 3453 2424 quoque
3493 2355 3613 2412 Sai-

2031 2444 2240 2499 vatoris
2293 2445 2550 2512 apostoli.
2609 2443 2878 2498 Dicuntur
2959 2459 3090 2498 vero
3148 2452 3204 2498 et
3260 2445 3613 2515 fundamenta

2031 2535 2336 2605 prephetae,
2377 2534 2550 2589 Paulo
2585 2544 2725 2590 teste
2755 2575 2771 2598 ,
2813 2536 2909 2605 qui
2943 2534 3214 2605 Ephesios
3247 2555 3416 2608 super
3473 2556 3612 2611 apo-

2029 2627 2300 2682 stolorum
2329 2635 2382 2681 et
2418 2629 2813 2696 prophetarum
2850 2627 3272 2684 fundamentum
3305 2645 3614 2702 superstru-

2029 2723 2151 2768 ctos
2185 2729 2305 2768 esse
2337 2714 2531 2768 scribit
2558 2715 2622 2768 “.
2654 2713 2752 2770 Est
2800 2731 2998 2770 rursus
3028 2725 3084 2772 et
3144 2719 3389 2773 cmlestis
3410 2721 3614 2775 coloris

2029 2803 2309 2872 sapphirus
2335 2821 2354 2868 ;
2377 2820 2488 2873 quo
2513 2805 2745 2859 istorum
2763 2808 3135 2872 conversatio,
3155 2807 3345 2863 eodem
3364 2818 3612 2875 auctore,

2030 2896 2086 2950 in
2114 2896 2270 2951 caelis
2304 2911 2426 2952 esse
2457 2897 2802 2968 signiﬁcatur
2829 2897 2894 2952 “.
2931 2900 3024 2954 Est
3078 2886 3318 2970 denique
3367 2913 3422 2956 et
3469 2905 3616 2975 ιῳιιι

2032 2987 2399 3052 Ezechiclcm,
2432 2989 2534 3042 sub
2555 2989 2759 3044 throno
2797 2990 2913 3056 Dei,
2956 2991 3111 3046 locus
3170 2999 3432 3061 tanquam
3487 3009 3616 3062 sap-

2034 3078 2227 3146 phirus
2279 3080 2346 3134 ⁸³.
2370 3077 2462 3133 Sic
2492 3079 2684 3150 igitur,
2713 3080 2863 3151 quod
2895 3081 3135 3137 cmlestis
3165 3081 3456 3151 imaginem
3483 3099 3613 3154 por-

2035 3177 2134 3235 tet,
2175 3169 2506 3239 appellatur.
2542 3167 2874 3225 Carbunculi
2901 3186 3032 3226 vero
3065 3171 3173 3225 alia
3225 3174 3392 3227 etiam
3424 3189 3615 3243 accep-

345 3262 495 3316 tione
517 3265 776 3318 dicuntur
806 3265 1040 3320 adhibiti
1059 3265 1125 3319 ad
1163 3261 1350 3319 forma
1375 3264 1842 3325 conciliationem,
1860 3262 2064 3331 lapidea
2089 3263 2300 3320 Christi
2321 3262 2550 3334 Sponsae
2570 3264 2765 3320 oculos
2795 3272 3056 3335 tanquam
3079 3265 3242 3320 stibio
3270 3266 3433 3337 317
3453 3267 3617 3322 ἀθρο-

346 3364 552 3420 rantes,
579 3356 757 3410 sancti
787 3355 892 3426 ipsi
921 3371 1017 3426 per
1037 3356 1218 3426 ignem
1253 3354 1464 3423 probati
1493 3363 1783 3422 martyres.

414 3444 480 3496 Ai.
507 3444 563 3498 δὲ
597 3444 698 3515 τῆς
728 3443 857 3507 νέας
896 3443 1583 3515 Ἰερουσαλὴμέπάλξεις
1621 3445 1854 3509 ἴασπις,
1893 3444 1927 3511 ή

2112 3443 2258 3498 Sunt
2310 3457 2475 3512 porro
2517 3441 2758 3496 recentis
2815 3440 3124 3497 Jerusalem
3176 3443 3610 3511 propugnacula,

343 3537 745 3608 καρχηδόνιος
786 3539 932 3594 κατὰ
979 3539 1276 3610 Σύμμαχον
1325 3539 1631 3606 ἐξαίρετος
1669 3537 1768 3592 καὶ
1800 3537 1928 3590 δια-

344 3629 564 3699 φανής.
597 3631 676 3684 Δι’
710 3624 788 3686 ὧν
807 3634 860 3686 οἱ
893 3633 952 3685 ὲν
990 3634 1057 3702 τῇ
1102 3629 1402 3700 Ἐκκλησία
1452 3629 1812 3700 σημαίνονται
1842 3627 1930 3680 λο-

346 3725 474 3793 γικῇ
503 3726 824 3795 παρασκευῇ
854 3725 952 3794 τὴν
980 3724 1162 3776 πίστιν
1183 3721 1558 3793 ὠχυρωμένοι,
1579 3719 1772 3791 ὥσπερ
1795 3737 1929 3790 προ-

348 3811 600 3882 μαχῶνες
624 3813 774 3879 ὄντες
795 3815 891 3868 καὶ
920 3815 1209 3885 δυνάμενοι
1243 3816 1351 3867 πᾶν
1391 3811 1596 3883 ὕψωμα
1638 3812 1928 3884 καθαιρεῖν

345 3904 712 3976 ἐπαιρόμενον
767 3909 908 3962 κατὰ
933 3908 1034 3977 τῆς
1086 3909 1340 3975 γνώσεως
1369 3905 1463 3960 τοῦ
1488 3905 1645 3960 Θεοῦ.
1710 3905 1823 3972 Τὰς
1867 3905 1926 3960 δὲ

343 3994 546 4061 πύλας
584 3997 798 4064 λίθους
826 3997 1218 4066 κρυστάλλου
1260 3999 1413 4070 φησι,
1465 3998 1528 4051 τὸ
1573 3997 1798 4066 διαυγὲς
1834 3997 1927 4051 καὶ

344 4089 589 4158 καθαρὸν
621 4091 720 4161 τῆς
773 4093 962 4161 ὑγιοῦς
997 4092 1234 4156 πίστεως
1278 4091 1565 4161 παριστῶν
1607 4091 1716 4145 τῶν
1759 4108 1924 4145 πεπι-

346 4183 658 4251 στευμένων
705 4184 805 4253 τὴν
853 4183 1205 4238 διδασκαλίαν
1233 4185 1336 4255 τὴν
1391 4181 1618 4254 πρώτην
1671 4183 1765 4237 καὶ
1809 4182 1924 4236 είσ-

343 4272 649 4342 αγωγικήν.
695 4272 754 4325 '0
775 4273 831 4326 δὲ
865 4272 1180 4344 Σύμμαχος,
1209 4273 1316 4341 τὰς
1353 4276 1558 4339 πύλας
1581 4291 1720 4337 σου,
1763 4275 1921 4344 φησὶ,

341 4363 553 4429 λίθους
579 4364 840 4435 γλυφῆς.
889 4364 947 4420 '0
989 4365 1049 4420 δὲ
1095 4365 1348 4430 Ἀκύλας,
1383 4368 1604 4433 Λίθους
1645 4380 1926 4435 τρυπανι-

339 4457 502 4523 σμοῦ
525 4457 586 4510 τὸ
615 4459 858 4512 ποικίλον
879 4459 979 4528 τῆς
1015 4459 1390 4529 στοιχειώδους
1440 4459 1792 4521 διδασκαλίας
1818 4454 1925 4514 ὧδέ

342 4563 461 4609 πως
493 4547 884 4618 αἰνιττόμενος.
921 4549 1228 4604 Ἔκλεκτοὶ
1255 4548 1312 4603 δὲ
1342 4549 1523 4612 λίθοι,
1561 4549 1749 4619 φησὶν,
1776 4550 1804 4602 6
1828 4565 1924 4601 πε-

342 4635 554 4707 ρίϐολος
584 4637 867 4708 σημαίνων
900 4640 1026 4704 τοὺς
1055 4642 1178 4703 ταῖς
1213 4640 1400 4710 εὐχαῖς
1450 4640 1923 4712 περιφράττοντας

339 4727 416 4782 τά
441 4727 658 4798 μεγάλα
692 4729 788 4782 καὶ
828 4728 1060 4800 λαμπρά
1102 4729 1203 4801 τῆς
1248 4730 1458 4793 πόλεως
1487 4730 1919 4801 οἰκοδομήματα,

339 4817 410 4872 τὰ
432 4817 614 4890 πλήθη
642 4819 753 4874 τῶν
784 4819 988 4874 λοιπῶν
1013 4820 1316 4894 οἰκητόρων
1347 4821 1703 4892 σημαίνοντα.
1736 4819 1924 4876 Ταῦτα

339 4911 399 4964 δὲ
429 4912 610 4966 πάντα
638 4913 927 4983 νοήσωμεν
948 4913 1008 4980 ἐξ
1030 4913 1329 4985 ἑρμηνείας
1347 4911 1715 4983 ἀποστολικῆς
1741 4911 1930 4980 λεγού-

345 5015 479 5072 σης’
518 5021 538 5053 ι
575 5001 710 5056 Θεοῦ
753 5003 1009 5076 οἰκοδομή
1063 5006 1211 5059 ἐστε.
1262 5004 1350 5069 Ὠς
1389 5003 1551 5073 σοφὸς
1589 5001 1930 5073 ἀρχιτέκτων

343 5090 595 5162 θεμέλιον
626 5093 823 5164 ἔθηκα.
864 5113 890 5147 ι
918 5095 1032 5150 Καὶ
1079 5095 1243 5150 πάλιν
1266 5112 1283 5127 ο
1322 5112 1339 5146 ι
1378 5094 1644 5165 Θεμέλιον
1691 5091 1800 5164 γὰρ
1837 5091 1933 5146 ἄλο

340 5179 434 5237 λον
460 5184 636 5249 οὐδεὶς
663 5185 889 5241 δύναται
913 5187 1088 5242 θεῖναι
1121 5187 1274 5254 παρὰ
1290 5187 1380 5240 τὸν
1408 5185 1684 5257 κείμενον,
1701 5186 1760 5250 ὅς
1779 5187 1930 5238 ὲστιν

355 5275 566 5346 Ἰησοῦς
599 5279 854 5350 Χριστός.
885 5280 949 5334 Et
966 5279 1024 5333 δέ
1047 5296 1130 5342 τις
1155 5278 1499 5349 ἐποικοδομεί
1525 5279 1621 5332 ἐπὶ
1643 5277 1735 5330 τὸν
1764 5276 1930 5346 θεμέ-

339 5366 458 5424 λιον
491 5369 703 5434 τοῦτον,
725 5371 972 5442 χρυσίον,
994 5369 1281 5442 ἀργύριον,
1306 5367 1490 5434 λίθους
1518 5369 1754 5440 τιμίους,
1776 5368 1931 5435 ξύλα,

347 5465 558 5533 χόβον,
586 5463 862 5536 καλάμην,
890 5464 1122 5519 ἑκάστου
1156 5462 1218 5515 τὸ
1246 5461 1408 5534 ἔργον
1433 5462 1664 5536 φανερὸν
1694 5463 1922 5534 γενησε-

417 5659 465 5690 ⁸⁹
497 5657 731 5714 Zachar.
768 5676 845 5721 ιι.
889 5660 973 5717 16.
1051 5659 1096 5692 ⁸³
1130 5659 1295 5714 Amos
1327 5673 1426 5720 vn,
1461 5659 1514 5714 8.
1593 5661 1635 5691 ει
1661 5658 1895 5713 Zachar.
1921 5673 2004 5710 ιιι.
2038 5657 2167 5725 8,9.

2028 3536 2226 3606 jaspis,
2259 3543 2353 3588 aut
2403 3532 2784 3587 carchedonius
2821 3535 3046 3587 eximius
3101 3545 3151 3586 et
3189 3537 3517 3604 perspicuus.
3557 3544 3617 3588 ut

2033 3627 2402 3698 Symmachus
2435 3626 2872 3694 interpretatur:
2910 3626 3113 3695 quibus
3139 3626 3175 3680 ii
3205 3627 3610 3697 significantur.

2031 3721 2123 3790 qui
2173 3719 2334 3774 fidem
2388 3719 2445 3773 in
2495 3717 2749 3772 Ecclesia
2806 3719 3084 3774 sermonis
3137 3727 3402 3789 apparatu
3450 3722 3613 3774 tutati

2030 3820 2185 3876 sunt,
2215 3825 2342 3866 cum
2366 3817 2556 3865 essent
2586 3809 2756 3864 veluti
2796 3801 3232 3879 propugnaCula,
3270 3821 3610 3882 possentque

2027 3917 2194 3958 omne
2221 3901 2367 3971 quod
2418 3916 2543 3956 sese
2581 3909 2774 3956 contra
2807 3899 2905 3954 Dei
2939 3901 3272 3970 agnitionem
3301 3903 3610 3968 attollebat,

2027 3995 2288 4067 dejicere.
2322 3991 2480 4059 Quod
2515 3990 2714 4046 deinde
2770 4001 2956 4059 portas
2995 3990 3228 4044 cristam
3275 3991 3480 4058 lapides
3509 3993 3610 4046 ad-

2021 4087 2167 4159 jicit,
2213 4093 2376 4141 rectae
2424 4083 2548 4140 ﬁdei
2598 4084 2782 4138 lucem
2834 4092 2890 4138 et
2923 4083 3218 4154 puritatem
3260 4082 3488 4148 indicat,
3535 4085 3610 4137 ita

2027 4178 2258 4250 primam
2282 4182 2496 4239 eorum,
2530 4175 2625 4244 qui
2659 4174 3037 4237 crediderunt,
3078 4173 3446 4244 disciplinam,
3490 4175 3605 4243 pri-

2027 4284 2286 4339 mumque
2310 4267 2676 4324 institutionis
2717 4266 2925 4321 aditum
2959 4266 3296 4334 signiﬁcans.
3338 4267 3406 4319 At
3443 4266 3606 4336 Sym-

2027 4345 2261 4419 machus
2283 4371 2469 4432 portas
2499 4369 2646 4424 tuae,
2678 4358 2883 4428 lapides
2915 4360 3206 4426 sculptura:
3227 4358 3364 4413 dicit
3390 4375 3405 4424 ;
3435 4357 3604 4428 Aqui-

2027 4455 2110 4512 las
2134 4462 2343 4515 autem,
2369 4451 2745 4508 terebrationis
2774 4467 2795 4515 ;
2827 4457 2889 4506 ut
2921 4451 2997 4506 ita
3012 4450 3366 4506 elementaris
3397 4449 3605 4504 doctri-

2025 4563 2110 4603 nas
2148 4546 2390 4601 varietas
2423 4541 2833 4616 quodammodo
2877 4541 3258 4598 adumbretur.
3309 4541 3451 4598 Sunt
3480 4557 3609 4597 vero

2024 4654 2218 4696 murus
2266 4637 2470 4707 lapides
2512 4633 2690 4698 electi,
2735 4634 2948 4704 inquit;
2978 4634 3015 4688 ii
3046 4633 3148 4705 ipsi
3187 4635 3474 4700 nimirum,
3510 4635 3607 4705 qui

2027 4726 2282 4798 precibus
2326 4737 2522 4796 magna
2551 4731 2607 4780 et
2635 4723 2898 4795 praeclara
2940 4722 3096 4778 urbis
3126 4723 3380 4789 aedilicia,
3433 4725 3489 4778 id
3521 4733 3610 4780 est

2030 4819 2369 4888 reliquorum
2417 4817 2620 4871 civium
2669 4815 3081 4871 multitudinem
3120 4815 3388 4886 obtegunt
3428 4834 3444 4872 :
3485 4831 3609 4887 qua:

2025 4909 2214 4966 omnia
2249 4910 2332 4964 vel
2366 4908 2597 4964 docente
2626 4905 2890 4978 Apostolo
2936 4907 3060 4963 licet
3105 4908 3431 4979 intelligere,
3479 4924 3609 4963 cum
3675 4983 3686 4990 '

2027 4998 2106 5051 ait
2149 5016 2162 5052 :
2199 5016 2217 5048 ι
2250 4995 2348 5050 Dei
2392 4994 2688 5050 aediﬁcatio
2731 4995 2888 5058 estis,
2926 5002 2986 5048 ut
3019 4995 3239 5064 sapiens
3270 4996 3606 5049 architectus

2027 5086 2451 5144 fundamentum
2479 5084 2637 5155 posui
2668 5084 2736 5139 “.
2771 5103 2791 5137 ι
2822 5084 2890 5140 Et
2912 5101 3130 5140 rursum
3162 5105 3176 5140 :
3205 5105 3223 5137 ι
3253 5085 3606 5142 Fundamen-

2029 5192 2145 5237 tum
2193 5181 2339 5238 enim
2386 5179 2536 5236 aliud
2589 5193 2751 5235 nemo
2786 5188 2966 5250 potest
3015 5194 3238 5250 ponere,
3306 5191 3504 5251 praeter
3551 5183 3608 5239 id

2031 5274 2176 5346 quod
2203 5275 2445 5344 positum
2473 5280 2578 5337 est,
2601 5271 2746 5342 quod
2787 5280 2874 5327 est
2902 5270 3067 5327 Jesus
3091 5270 3367 5330 Christus.
3403 5273 3460 5330 Si
3483 5279 3609 5346 quis

2041 5375 2224 5421 autem
2258 5363 2658 5434 superaedificat
2701 5377 2866 5433 super
2913 5362 3330 5420 fundamentum
3358 5367 3480 5431 hoc,
3508 5384 3608 5424 au-

2033 5471 2180 5522 rum,
2221 5454 2440 5526 lapides
2482 5454 2780 5525 pretiosos,
2837 5453 3008 5526 ligna,
3059 5453 3264 5524 fenum,
3310 5459 3608 5530 stipulam,

2279 5658 2324 5689 "
2347 5655 2494 5712 Psal.
2528 5671 2659 5724 xvn,
2696 5653 2782 5722 16,
2851 5655 2937 5710 17.
3050 5655 3096 5688 ⁸³
3158 5655 3360 5728 Ephes.
3407 5675 3465 5724 ιι,
3517 5657 3608 5712 20.

340 5723 397 5764 ⁸⁵
425 5725 664 5800 Philipp.
699 5746 782 5797 ιιι,
824 5730 912 5787 20.
991 5730 1039 5764 ⁸⁸
1065 5729 1262 5786 Ezech.
1299 5745 1334 5794 ι,
1367 5729 1457 5784 26.
1536 5730 1581 5762 “
1621 5729 1640 5784 l
1674 5731 1803 5786 Cor.
1839 5743 1917 5797 In,
1953 5726 2039 5782 10.
