3976 6220
478 253 620 317 25ᾄό

1805 254 2155 315 PROCOPII
2193 254 2435 315 GAZJEI

3571 256 3691 325 25M

479 365 920 436 uniuscujusque
952 380 1094 436 opus
1125 364 1479 421 manifestum
1504 365 1609 419 erit
1640 365 1704 419 ".
1745 385 1764 418 ι
1792 364 1859 419 Et
1886 367 2037 420 ἰιριιιτ

2154 384 2263 421 ται.
2309 387 2326 419 ι
2359 367 2469 420 Kal.
2491 367 2679 422 πάλιν·
2709 385 2728 418 ι
2775 365 3325 437 Ἐποικοδομηθέντες
3346 366 3436 420 ἐπὶ
3466 366 3537 439 τῷ
3557 369 3691 443 θεμε-

482 479 499 511 ι
531 456 966 527 Supermditicati
1013 472 1178 529 super
1218 456 1634 511 fundamentum
1677 458 2048 527 apostolorum

476 560 530 606 et
568 549 985 620 prOpbetarum,
1023 548 1144 618 ipso
1168 562 1384 603 summo
1413 549 1662 619 angulari
1709 550 1888 619 lapide
1920 548 2049 604 Jesu

476 641 693 696 Christo
719 640 783 694 ⁸⁸.
822 659 840 691 ι
887 639 992 695 Et:
1027 659 1045 691 ι
1072 638 1129 693 lu
1161 639 1361 709 quibus
1378 654 1572 694 omnes
1599 639 1943 695 aadiiicamiui
1970 642 2050 694 la-

478 735 631 802 pides
671 734 916 787 viventes
954 733 1019 784 ‘9.
1066 750 1085 783 ι
1120 732 1263 786 istos
1296 732 1463 802 igitur
1491 733 1597 786 hoc
1628 731 1750 787 loco
1776 733 2042 803 prepbeta

476 842 653 877 omnes
689 824 802 893 [ore
839 823 933 877 Dei
966 823 1259 893 discipulos
1291 823 1600 894 significat;
1632 824 1726 893 qui
1762 824 1971 880 nullum
1991 826 2048 880 in

480 919 641 971 terris
691 916 1011 985 magistrum
1066 914 1357 984 appellari,
1391 930 1513 969 cum
1546 930 1690 969 unus
1727 923 1941 970 tantum
1976 918 2048 971 sit

473 1007 528 1059 iu
562 1006 736 1066 caelis.
784 1004 1108 1058 edixerit".
1145 1004 1187 1057 A
1222 1019 1330 1073 quo
1353 1013 1405 1057 et
1449 1004 1704 1073 discipuli
1737 1005 1903 1063 etiam
1951 1005 2044 1075 qui

474 1095 921 1163 desumpseruut,
952 1092 1196 1164 gentium
1238 1092 1507 1161 magistri,
1533 1103 1587 1147 et
1615 1092 1824 1162 lapides
1846 1094 2041 1158 sancti,

472 1188 564 1256 qui
593 1199 758 1257 super
799 1193 1000 1238 terram
1026 1184 1327 1237 volvuntur
1361 1184 1429 1246 '“,
1460 1183 1749 1253 ipsamque
1777 1184 2045 1253 praedica-

471 1283 675 1333 tionem
715 1277 917 1346 ubique
940 1274 1360 1342 circumferunt,
1392 1276 1646 1344 appellati
1682 1287 1829 1331 sunt.
1857 1277 1933 1331 De
1958 1277 2045 1332 his

469 1382 524 1425 et
562 1369 704 1422 Deus
726 1374 884 1420 antea
919 1381 1013 1435 per
1045 1363 1237 1420 Isaiam
1273 1364 1329 1418 in
1353 1364 1467 1420 haec
1490 1365 1654 1419 verba
1688 1365 1904 1422 locutus
1936 1366 2040 1420 ait:

475 1480 493 1512 ο
524 1459 759 1514 Perdam
807 1458 1064 1528 injuriam
1099 1457 1437 1527 iniquorum,
1464 1467 1517 1512 et
1544 1457 1857 1528 superbiam
1889 1474 2044 1514 arro-

467 1552 718 1621 gantiam
772 1550 1099 1604 bumiliabo.
1150 1548 1216 1602 Et
1244 1557 1407 1604 erunt
1451 1549 1544 1619 qui
1598 1549 1846 1604 derelicti
1889 1558 2040 1613 sunt,

469 1660 608 1697 auro
656 1644 847 1698 obrizo
889 1642 1265 1712 pretiosiores,
1314 1651 1368 1697 et
1414 1642 1500 1695 vir
1528 1640 1711 1712 lapide
1742 1656 1806 1696 ex
1854 1642 2043 1712 saphir

2152 457 2252 527 λίῳ
2278 456 2388 510 τῶν
2434 457 2747 511 ἀποστόλων
2789 459 2881 512 καὶ
2932 456 3247 529 προφητῶν,
3281 456 3431 521 δντος
3463 458 3688 530 άιρογωυ

2153 546 2327 599 νιαίου
2357 545 2715 617 αὑτοῦΊησοῦ
2740 547 2999 617 Χριστοῦ.
3034 566 3051 600 ι
3087 547 3199 601 Kal.
3220 547 3410 602 πάλιν·
3450 567 3469 598 ι
3515 550 3594 602 Ἐν
3625 546 3693 616 οἷς

2153 639 2353 703 πάντες
2374 639 2747 710 οἰκοδομεῖσθε
2779 640 2916 695 λίθοι
2946 641 3168 706 ζῶντες.
3184 660 3202 692 ι
3225 639 3333 703 Οὓς
3354 641 3419 712 δὴ
3457 640 3546 695 νῦν
3566 643 3692 697 πάν-

2151 745 2257 797 τας
2276 734 2304 784 6
2333 734 2619 803 προφήτης
2644 733 2808 802 φησὶν
2833 720 3080 788 ἕσεσθαὶ
3110 733 3430 800 διδακτοὺς
3459 735 3595 788 Θεοῦ
3616 735 3692 788 τοῦ

2150 825 2395 887 εἰπόντος
2421 839 2434 853 ⁸
2468 824 2560 895 Μὴ
2588 824 2854 894 καλέσητε
2879 825 3199 880 διδάσκαλον
3228 826 3320 878 ἐπὶ
3356 826 3454 895 τῆς
3483 826 3599 895 γῆς.
3621 823 3696 889 Εἷς

2148 916 2257 987 γάρ
2289 917 2436 969 ἐστιν
2463 918 2615 987 ὑμῶν
2639 918 2960 983 διδάσκαλος
2982 920 3039 973 ἐν
3068 921 3184 981 τοῖς
3228 919 3494 989 οὐρανοῖς.
3543 919 3626 984 Ἐξ
3647 915 3697 973 οὗ

2149 1009 2243 1061 καὶ
2276 1009 2326 1060 οί
2360 1009 2601 1078 μαθητα)⁸
2634 1002 2914 1075 λαϐόντες,
2942 1007 3254 1063 διδάσκαλοι
3286 1008 3394 1062 τῶν
3431 1008 3592 1063 ὲθνῶν
3623 1026 3699 1077 γε-

2147 1097 2401 1165 γόνασιν·
2434 1098 2484 1151 οἳ
2528 1100 2622 1152 καὶ
2659 1101 2904 1170 εἴρηνται
2932 1099 3071 1152 λίθοι
3105 1098 3253 1167 ἅγιοι
3298 1099 3596 1169 κυλιόμενοι
3622 1101 3700 1153 ἐπὶ

2145 1191 2244 1261 τῆς
2276 1189 2401 1260 γῆς,
2430 1192 2525 1244 καὶ
2568 1191 2630 1244 τὸ
2675 1193 2941 1261 κήρυγμα
2985 1190 3264 1261 πανταχοῦ
3311 1191 3695 1261 περιφέροντες.

2146 1282 2282 1352 Περὶ⁵
2296 1275 2370 1336 ὧν
2388 1284 2417 1335 6
2434 1281 2566 1346 Θεὸς
2584 1281 2673 1335 διὰ
2702 1282 2923 1335 Ἡσαΐου
2944 1283 3109 1352 φησὶν
3130 1281 3410 1351 προειπών
3427 1298 3440 1311 ’
3473 1302 3492 1334 ι
3513 1283 3699 1335 Ἀπολῶ

2146 1372 2304 1444 ὕϐριν
2348 1373 2588 1444 ἀνόμων,
2622 1360 2917 1444 καὶνῦόριν
2956 1373 3325 1443 ὑπερηφάνων
3378 1373 3698 1427 ταπεινώσω.

2144 1465 2255 1518 Καὶ
2276 1463 2491 1517 ἔσονται
2523 1466 2574 1518 οἱ
2634 1464 3128 1534 καταλελειμμένοι
3178 1464 3386 1534 ἔντιμοι
3416 1464 3633 1535 μᾶλλον,
3669 1464 3699 1534 ἢ

2144 1554 2205 1607 τὸ
2244 1556 2466 1623 χρυσίον
2491 1553 2553 1607 τὸ
2573 1554 2808 1624 ἄπυρον.
2834 1555 2945 1608 Καὶ
2970 1554 2999 1606 6
3022 1553 3309 1622 ἄνθρωπος
3341 1554 3556 1625 ἔντιμος
3582 1555 3700 1625 μάλα

2142 1643 2286 1716 λονῆ
2325 1647 2353 1698 6
2373 1644 2519 1708 λίθος
2542 1646 2571 1697 6
2609 1647 2674 1698 ἐκ
2702 1644 2951 1716 σουφείρ.
2992 1664 3011 1698 s
3048 1645 3280 1712 Πάντες
3307 1640 3400 1699 οὖν
3428 1646 3478 1697 oi
3502 1646 3593 1715 τῆς
3615 1645 3700 1699 πό-

468 1735 766 1804 pretiosior
798 1734 864 1786 ".
890 1709 928 1784 -ι
961 1732 1102 1786 Sunt
1125 1749 1256 1801 ergo
1291 1749 1469 1787 omnes
1506 1709 1748 1786 civitatis
1790 1709 2037 1801 litin—Dei

2146 1709 2286 1800 λεως
2311 1736 2429 1790 υἱοὶ
2455 1734 2723 1790 διδακτοὶ
2765 1709 2934 1803 Θεοῦ,
2971 1737 3065 1791 καὶ
3101 1709 3314 1809 μάρτυς
3334 1738 3363 1789 6
3403 1709 3603 1800 Παῦλος
3625 1737 3697 1789 λέ·

467 1824 736 1890 discipufi,
771 1822 939 1877 Paulo
964 1825 1133 1894 618
1163 1826 1329 1878 etiam
1360 1823 1717 1893 suffragante,
1749 1824 1841 1879 ubi
1867 1822 2039 1879 Deum

470 1913 826 1968 multifariam
859 1914 1154 1984 multisque
1181 1914 1357 1969 modis
1388 1923 1572 1983 patres
1602 1914 1732 1968 olim
1771 1929 1866 1983 per
1915 1927 2043 1984 pro-

468 2006 682 2074 pltelas,
718 2020 817 2058 nos
843 2016 1022 2058 autem
1063 2004 1272 2059 ultimis
1313 2004 1466 2059 hisce
1491 2004 1685 2059 diebus
1717 2020 1814 2073 per
1842 2002 2039 2058 Filium

466 2111 590 2151 esse
615 2096 915 2148 allocutum
960 2098 1037 2147 ait
1065 2095 1132 2149 ⁷³.
1174 2094 1360 2163 Neque
1398 2094 1546 2149 enim
1592 2110 1948 2165 quemquam,
1983 2106 2041 2150 ut

466 2190 688 2256 quando
735 2202 860 2241 cum
907 2187 1187 2240 veteribus
1227 2187 1464 2255 agebat,
1514 2186 1882 2255 interposuit;
1944 2188 2037 2242 sed

466 2288 748 2349 assumpta
798 2293 965 2332 carne
1007 2278 1237 2331 verbum
1282 2275 1532 2338 eﬂ‘cctus,
1577 2276 1868 2330 uobiscum
1922 2279 2040 2346 ipse

464 2370 679 2425 locutus
708 2380 811 2424 est.
847 2367 1145 2423 Pollicetur
1171 2381 1303 2421 vero
1328 2377 1382 2421 et
1400 2367 1478 2422 eis
1508 2383 1712 2437 pacem,
1738 2367 1831 2437 qui
1860 2365 1998 2419 dixit
2021 2382 2034 2418 :

468 2480 486 2511 ι
525 2457 722 2513 Pacem
763 2472 937 2512 meam
976 2457 1048 2511 do
1081 2457 1236 2512 Vobis
1274 2454 1340 2510 ⁷⁸.
1393 2475 1414 2509 ι

534 2549 740 2605 Deinde
760 2547 949 2617 adjicit
978 2566 990 2600 :
1018 2550 1084 2601 Et
1116 2548 1167 2600 in
1178 2546 1396 2616 justiria
1421 2546 1792 2617 a-diﬁcaberis.
1812 2545 2039 2601 Summa

372 2676 375 2677 ν
461 2640 608 2694 enim
635 2638 889 2708 aequitate
917 2652 1039 2709 qua:
1071 2653 1255 2693 rerum
1281 2639 1526 2694 omnium
1561 2638 1918 2695 architectriv
1951 2647 2037 2694 est

462 2731 557 2786 Dei
607 2730 898 2800 sapientia,
937 2744 1063 2783 cum
1102 2732 1255 2785 vivos
1286 2740 1342 2784 et
1372 2730 1515 2785 bene
1543 2739 1866 2800 compactos
1896 2729 2038 2799 lapi-

460 2823 552 2876 des
599 2821 831 2890 adi/icio
867 2836 970 2877 suo
1001 2820 1352 2890 adiungeret,
1394 2821 1536 2876 alios
1566 2822 1787 2891 quidem
1821 2821 1875 2874 in
1910 2835 2038 2888 pro-

459 2911 762 2983 pugnacula
783 2954 798 2979 ,
836 2911 974 2967 alios
1001 2926 1131 2967 vero
1157 2912 1212 2966 in
1227 2910 1607 2980 fundamenta,
1637 2912 1774 2966 alios
1802 2911 2039 2980 denique

460 3004 517 3058 iu
547 3020 729 3058 muros
766 3003 974 3073 posuit.
1006 3002 1155 3057 Alios
1178 3017 1396 3057 rursum
1417 3004 1659 3059 civitatis
1694 3002 1898 3073 templo
1918 3003 2039 3071 qui-

2145 1843 2279 1896 γων·
2314 1846 2335 1879 ι
2373 1826 2706 1898 Πολυμερῶς
2732 1827 2826 1880 καὶ
2849 1826 3203 1897 πολυτρόπως
3238 1826 3408 1881 πάλαι
3426 1825 3593 1890 ὁΘεδς
3621 1825 3700 1882 λα-

2142 1916 2313 1988 λήσας
2340 1918 2452 1978 τοῖς
2481 1916 2751 1987 πατράσιν
2778 1914 2837 1967 ἐν
2859 1916 2971 1978 τοῖς
2996 1916 3327 1986 προφήταις,
3375 1914 3462 1966 ἐπ’
3492 1913 3696 1984 ἐσχάτου

2142 2008 2250 2062 τῶν
2303 2006 2526 2078 ἡμερῶν
2568 2006 2772 2059 τούτων
2800 2005 3064 2076 ἐλάλησεν
3098 2007 3229 2076 ἡμῖν
3257 2006 3315 2058 ὲν
3339 2002 3505 2074 Υἱῷ.»
3535 2003 3698 2067 Οὐδεὶς

2141 2092 2250 2164 γὰρ
2277 2095 2429 2164 ἡμῖν,
2462 2092 2537 2158 ὡς
2566 2096 2680 2157 τοῖς
2714 2093 2988 2158 παλαιοῖς,
3025 2094 3406 2164 ἐμεσίτευσεν.
3458 2092 3623 2156 Αὐτὸς
3649 2091 3697 2145 δὲ

2145 2183 2447 2253 σαρκωθεὶς
2476 2185 2504 2236 6
2530 2184 2703 2252 Λόγος
2743 2182 3063 2253 ἐφθέγγετο.
3091 2183 3518 2251 Ἐπαγγέλλεται
3542 2181 3593 2235 δὲ
3620 2182 3697 2236 καὶ

2140 2274 2390 2344 εἰρήνην
2422 2275 2605 2340 αὐτοῖς
2642 2277 2670 2328 6
2699 2275 2869 2329 εἰπών
2893 2292 2907 2306 ο
2959 2294 2978 2327 ι
3023 2275 3264 2345 Εἰρήνην
3305 2275 3410 2345 τὴν
3460 2274 3592 2345 ἐμὴν
3627 2272 3697 2327 δί-

2141 2365 2281 2436 δωμι
2305 2367 2452 2436 ὑμῖν.
2492 2385 2510 2417 ι

2211 2534 2304 2605 Οἷς
2332 2540 2576 2610 ἐπιλέγει
2601 2556 2614 2571 ο
2641 2542 2750 2596 Καὶ
2771 2542 2841 2595 ἐν
2866 2540 3225 2611 δικαιοσύνῃ
3249 2539 3691 2612 οικοδομηθήσῃ.

2138 2632 2300 2688 Κατὰ
2323 2632 2431 2703 γὰρ
2460 2631 2522 2686 τὸ
2547 2632 2909 2700 δικαιότατον,
2937 2633 3099 2698 αὐτὸς
3137 2634 3166 2686 6
3199 2633 3309 2687 τῶν
3339 2632 3482 2686 ὅλων
3522 2630 3695 2684 οἰκοδό-

2143 2737 2264 2792 μος,
2294 2722 2329 2791 ὴ
2364 2721 2524 2789 σοφία
2572 2720 2669 2775 τοῦ
2694 2720 2854 2787 Θεοῦ,
2909 2722 3041 2786 τοὺς
3083 2721 3291 2786 ζῶντας
3332 2721 3437 2776 καὶ
3466 2721 3695 2787 εὐπαγεῆ

2138 2810 2350 2876 λίθους
2379 2809 2713 2880 προσάπτων
2764 2810 2843 2882 τῇ
2897 2810 3206 2881 οἰκοδομῇ,
3237 2812 3370 2875 τοὺς
3413 2812 3513 2883 μὲν
3538 2803 3693 2863 excit-

2140 2899 2264 2967 ἕεις
2292 2902 2488 2966 ἐποίει,
2523 2903 2647 2967 τοὺς
2673 2902 2732 2956 δὲ
2757 2904 3071 2973 θεμελίους
3099 2902 3489 2967 κατεϐάλλετο,
3512 2903 3626 2964 τοὺς
3645 2899 3693 2953 δὲ

2139 2992 2198 3044 ἐν
2224 2993 2338 3056 τοῖς
2361 2994 2700 3061 περιϐόλοις
2724 2986 3047 3049 κατέταττε.
3073 2995 3185 3049 Καὶ
3211 2995 3338 3059 τοὺς
3378 2994 3484 3067 μὲν
3510 2993 3690 3063 ἀφώρι-

459 3096 583 3149 dem
624 3054 838 3149 additiit
859 3132 874 3157 ,
903 3094 1044 3149 alios
1084 3108 1214 3149 vero
1245 3095 1421 3164 ipsius
1440 3095 1602 3149 etiam
1630 3054 2033 3165 penetrfaiib‘us.

2139 3080 2231 3146 ξεν
2261 3054 2343 3146 είς
2369 3054 2463 3138 τὸν
2492 3082 2630 3137 νεὼν
2668 3054 2766 3155 τῆς
2801 3085 3033 3153 πόλεως,
3078 3085 3205 3149 τοὺς
3251 3054 3424 3149 δὲψείς
3463 3085 3529 3139 τὰ
3555 3054 3690 3136 ’ἔνδο-

459 3182 688 3239 (laeteris
722 3193 902 3238 autem
928 3184 1201 3253 reliquam
1225 3183 1505 3238 civitatem
1535 3183 1847 3245 exornavit,
1887 3182 2037 3237 nullo

459 3289 612 3331 more
636 3275 920 3329 hominum
947 3288 1048 3344 pro
1084 3273 1432 3342 singulorum
1464 3274 1733 3344 dignitate
1764 3272 1908 3328 facto
1923 3274 2037 3329 dis-

457 3365 714 3452 crimiqe,
765 3378 942 3433 neque
996 3362 1185 3416 habito
1237 3363 1569 3432 cujusquam
1618 3372 1907 3433 respectu;
1938 3364 2036 3419 sed

457 3473 526 3512 ex
551 3451 709 3525 aequo
752 3467 945 3508 omnes
975 3451 1295 3517 admittens,
1326 3452 1535 3507 liberos
1562 3460 1616 3507 et
1641 3467 1852 3521 servos,
1896 3470 2034 3525 pau-

458 3561 618 3618 peres
650 3553 706 3601 et
727 3543 951 3609 divites,
978 3557 1183 3612 eosque
1206 3544 1394 3608 etiam,
1418 3544 1508 3613 qui
1542 3544 1668 3600 vita:
1702 3558 1901 3615 genere
1933 3546 2034 3601 ob-

458 3639 609 3696 scuri
638 3637 996 3705 celebresque
1018 3635 1260 3690 fuerant.
1280 3638 1604 3706 Atque-haec
1625 3638 1845 3709 quidem
1878 3650 2032 3709 post-

459 3745 623 3802 quam
660 3727 930 3784 Ecclesiae
971 3725 1256 3797 pollicitus
1290 3735 1396 3793 est,
1440 3726 1688 3783 eamdem
1713 3728 1973 3800 deinceps
2001 3744 2033 3784 a

457 3820 662 3893 quibus
698 3816 1004 3875 cavendum
1047 3817 1139 3882 sit,
1164 3825 1352 3872 monet
1375 3835 1392 3886 ;
1417 3817 1545 3873 dum
1580 3818 1647 3872 ab
1676 3819 1857 3890 iniquo
1887 3835 2024 3874 rece-

455 3913 611 3978 dere,
666 3925 730 3965 ne
776 3917 974 3965 tremor
1012 3907 1183 3964 eidem
1221 3909 1643 3979 appropinquat,
1689 3909 1864 3980 jubet.
1924 3911 2032 3967 Eos

454 4002 602 4057 enim
647 3998 910 4071 mysteria
942 3997 1160 4061 edocet,
1193 3997 1377 4067 reipsa
1421 4007 1712 4068 praestans,
1736 4000 1879 4069 quod
1919 4000 2034 4069 fore

456 4090 557 4148 Dei
587 4090 880 4160 discipulos
909 4089 1048 4143 dixit
1081 4105 1096 4145 :
1129 4087 1198 4142 de
1227 4102 1336 4158 quo
1369 4096 1425 4143 et
1469 4089 1562 4143 illa
1603 4086 1832 4159 Sponsae
1864 4092 2031 4147 verba

455 4188 608 4249 sunt,
633 4195 757 4236 cum
796 4178 905 4235 sibi
950 4178 1208 4234 osculum
1242 4178 1357 4234 oris
1377 4178 1499 4247 ejus
1530 4180 1647 4233 dari
1687 4180 1932 4250 postulat
1959 4183 2028 4237 "‘.

453 4274 628 4343 Ipsam
667 4273 812 4326 enim
856 4270 1249 4340 prophetarum
1290 4269 1471 4325 verbis
1513 4257 1862 4339 peramanter
1899 4273 2031 4333 olim

2136 3173 2284 3226 τάτω
2312 3172 2407 3226 τοῦ
2439 3174 2592 3229 ναοῦ.
2614 3175 2740 3239 Τοῖς
2761 3175 2819 3228 δὲ
2844 3177 2944 3246 τὴν
2966 3176 3162 3247 λοιπὴν
3187 3176 3343 3229 πόλιν
3367 3175 3607 3246 ἐκόσμει,
3629 3171 3689 3243 μὴ

2135 3262 2429 3332 διακρίνων
2456 3262 2556 3327 τὰς
2585 3268 2709 3318 κατ’
2760 3264 3049 3335 ἄνθρωπον
3080 3264 3260 3330 ἀξίας,
3286 3264 3415 3319 οὐδὲ
3442 3267 3520 3329 εἰς
3545 3262 3691 3335 πρόσ-

2135 3370 2284 3406 ωπον
2301 3354 2543 3426 ἀφορῶν,
2560 3358 2628 3409 ὲκ
2650 3355 2744 3409 τοῦ
2764 3355 2974 3410 δικαίου
2995 3357 3052 3410 δὲ
3074 3357 3285 3420 πάντας
3307 3357 3633 3427 προσέμενος
3654 3351 3688 3417 ί»

2116 3428 2456 3515 Ιἐλευθέρους
2481 3446 2577 3499 καὶ⁵
2596 3446 2840 3514 δούλους,
2870 3448 3113 3519 πένητας
3141 3448 3236 3501 καὶ
3257 3447 3565 3512 πλουσίους,
3587 3442 3691 3504 τούς

2134 3551 2195 3588 τε
2226 3537 2369 3590 κατὰ
2398 3537 2490 3592 τὸν
2524 3537 2642 3607 βίον
2667 3537 2917 3609 ἀσήμους
2945 3556 3005 3592 τε
3036 3540 3130 3593 καὶ
3160 3541 3502 3611 περιφανεῖς.
3533 3534 3691 3590 Ταῦτα

2134 3632 2200 3700 τῇ
2232 3631 2531 3704 Ἐκκλησία
2553 3633 2962 3703 ὲπηγγελμένος
2983 3633 3113 3704 ἑξῆς
3137 3635 3275 3705 αὐτῇ
3304 3631 3688 3687 διαστέλλεται·

2148 3722 2375 3793 Ἀπέχου
2419 3724 2547 3777 ’ἀπὸ
2575 3723 2811 3788 ἀδίκου,
2856 3724 2955 3778 καὶ
2983 3725 3201 3794 τρόμος
3226 3726 3340 3779 οὐκ
3374 3722 3564 3795 tnta?
3585 3738 3686 3776 σοι.

2133 3815 2502 3883 Μυσταγωγεῖ
2525 3814 2634 3884 γὰρ
2684 3815 2884 3877 αὐτοὺς
2916 3813 3063 3886 ἔργῳ
3104 3815 3320 3878 δεικνὺς
3352 3814 3439 3881 τὸ,
3470 3815 3688 3868 ἔσονται

2131 3903 2398 3958 διδακτοὶ
2424 3903 2594 3958 Θεοῦ.
2626 3905 2761 3976 Περὶ
2778 3897 2840 3957 οὗ
2872 3904 2967 3957 καὶ
2995 3907 3028 3975 ἡ
3051 3904 3257 3975 Νόμφη
3284 3904 3467 3974 λέγει’
3508 3923 3527 3956 ι
3548 3902 3683 3972 Φιλη-

2133 4000 2283 4053 σάτω
2311 4016 2378 4069 με
2400 4000 2507 4053 ἀπὸ
2535 4000 2856 4071 φιλημάτων
2882 4002 3149 4072 στόματος
3170 4001 3579 4057 ἀύτοῦ.»Πάλαι
3602 4000 3685 4069 μὲν

2132 4091 2241 4161 γὰρ
2264 4092 2431 4161 αὐτὴν
2459 4090 2845 4162 κατησπάζετο
2886 4093 2976 4147 διά
3016 4093 3347 4165 προφητῶν,
3398 4093 3529 4164 πρὸς
3578 4106 3684 4143 συν·

2133 4185 2332 4254 άφειαν
2351 4185 2451 4256 τὴν
2482 4183 2678 4238 ἑαυτοῦ
2704 4184 2884 4238 καλῶν
2912 4184 2980 4238 δι’
3009 4185 3285 4254 άγιασμοῦ
3315 4186 3412 4238 καὶ
3441 4180 3685 4237 δικαιοσΰο

2132 4296 2251 4348 νης.
2293 4276 2382 4328 Ἐν
2417 4276 2584 4345 σαρκὶ
2616 4274 2673 4328 δὲ
2701 4276 2980 4345 φανέντος,
3013 4275 3121 4328 ἀπὸ
3155 4275 3478 4345 φιλημάτων
3510 4273 3686 4340 στόμα-

453 4362 719 4417 salutaret
750 4360 998 4431 quidem,
1032 4376 1158 4417 cum
1193 4360 1261 4415 ad
1296 4361 1753 4418 sanctificationis
1778 4371 1835 4419 et
1861 4364 2030 4434 justi-

2138 4388 2223 4435 τος
2244 4367 2411 4424 αὐτοῦ
2443 4367 2792 4438 πεφιλήμεθα
2820 4368 3003 4438 ’στόμα
3035 4367 3170 4437 πρὸς
3200 4368 3378 4436 στόμα
3423 4363 3686 4435 λελαληιιό⁶

452 4454 543 4507 tiae
568 4452 916 4523 complexum
947 4452 1208 4508 invitaret
1236 4468 1251 4506 :
1286 4453 1383 4508 sed
1413 4467 1478 4508 ex
1511 4452 1702 4523 quoin
1735 4469 1904 4509 carne
1934 4471 2032 4524 ap-

453 4549 662 4618 paruit,
690 4562 786 4603 ore
822 4548 889 4602 ad
919 4562 983 4602 os
1008 4548 1299 4604 nobiscum
1347 4562 1707 4618 congressus,
1762 4552 1878 4606 suis
1918 4552 2034 4621 ipse

456 4649 559 4689 nos
589 4636 702 4691 oris
732 4637 943 4691 osculis
972 4638 1260 4692 suaviatus
1285 4645 1391 4692 est.
1414 4636 1507 4690 Ait
1532 4651 1667 4707 ergo
1701 4640 1909 4692 nullum
1932 4640 2033 4694 tibi

455 4730 670 4784 hostem
711 4725 1154 4798 superfuturum,
1192 4731 1237 4783 si
1256 4730 1532 4798 justitiam
1563 4732 1738 4786 colas.
1770 4731 2032 4803 Sequitur

454 4818 652 4874 deinde
684 4834 701 4871 :
729 4816 796 4871 Et
820 4832 937 4871 ecce
960 4817 1213 4887 proselyti
1253 4817 1498 4871 accedent
1526 4819 1598 4872 ad
1629 4828 1677 4873 te
1701 4834 1942 4889 perime;
1973 4830 2031 4876 ut

388 4972 395 4977 κ
453 4925 570 4978 eos,
610 4910 703 4979 qui
751 4923 863 4963 uno
901 4923 1122 4980 quoque
1162 4919 1406 4978 tempore
1453 4909 1521 4965 de
1550 4911 1793 4983 gentium
1830 4929 2030 4970 nume-

452 5017 536 5068 ro,
569 5000 851 5057 autetiam
896 4997 1235 5063 Iudaeorum,
1272 5000 1336 5054 ad
1365 5000 1515 5070 ipsos
1543 5012 1919 5070 accesserunt,
1944 5005 2028 5058 in-

453 5095 618 5149 dicet.
658 5090 861 5149 Gentes
892 5092 1039 5146 enim
1071 5091 1222 5161 ipsas
1251 5107 1279 5144 a
1312 5099 1467 5163 tergo
1495 5098 1825 5164 sequuntur,
1854 5112 2034 5166 quan-

451 5184 703 5239 tumlibet
748 5190 908 5238 antea
942 5180 1154 5252 priores
1199 5180 1520 5237 incederent
1552 5200 1566 5237 :
1593 5181 1816 5255 jamque
1844 5201 2025 5254 prose-

453 5273 551 5343 lyti
585 5274 842 5343 gentibus
875 5275 1033 5339 fiunt,
1073 5273 1168 5344 qui
1207 5272 1430 5329 easdem
1472 5273 1602 5328 olim
1643 5273 1700 5329 in
1729 5274 2022 5347 proselyros

523 5390 568 5420 "
598 5391 614 5443 l
639 5390 765 5444 Cor.
794 5407 876 5452 ut,
918 5392 1098 5447 Η-Ιὸ.

450 5457 777 5524 xnl,ii,12.
872 5461 920 5492 ’⁸
953 5461 1114 5513 licbr.
1147 5467 1245 5531 t,l,
1271 5457 1331 5522 ἓξ
1350 5461 1395 5492 ’⁷⁵
1430 5461 1588 5516 Joau.
1626 5478 1738 5529 xw,
1773 5465 1865 5529 27,

2130 4480 2222 4525 τος
2250 4463 2401 4533 ἡμῖν.
2433 4460 2602 4530 Φησὶν
2624 4455 2738 4523 οὖν,
2770 4460 2846 4523 ὡς
2878 4458 3065 4520 Οὐδεὶς
3090 4457 3403 4528 ὲχθρόςισου
3424 4455 3688 4530 περιγενή-

2133 4568 2286 4605 σεται
2316 4549 2572 4626 τιμώσῃς
2599 4549 2666 4603 τὸ
2708 4548 2966 4602 δίκαιον.
3005 4547 3118 4601 Καὶ
3161 4545 3289 4600 ἰδοὺ
3336 4546 3685 4614 προσήλυτοι

2131 4641 2674 4711 προσελεύσονται,
2728 4638 2883 4709 φησὶ,
2916 4637 2991 4691 δι’
3038 4636 3208 4703 ἐμοῦ,
3243 4637 3371 4699 τοὺς
3410 4640 3471 4690 ὲν
3497 4637 3717 4702 ἑκάστῳσ

2132 4729 2311 4803 καιρῷ
2340 4729 2663 4801 προσιόντας
2700 4730 2766 4799 τῇ
2798 4727 2979 4780 πίστει
3010 4725 3195 4797 δηλῶν
3228 4725 3290 4792 ἐξ
3324 4726 3512 4791 ἐθνῶν,
3545 4724 3576 4796 ἢ
3607 4721 3685 4777 καὶ

2131 4821 2192 4887 ἐξ
2249 4820 2430 4874 αὐτῶν
2490 4819 2786 4873 Ἰουδαίων.
2840 4816 3090 4873 Κατόπιν
3136 4816 3246 4889 γὰρ
3298 4810 3684 4871 τέθεινταίτῶν

2128 4912 2321 4978 ἐθνῶν,
2352 4912 2532 4964 καίτοι
2561 4909 2789 4981 πρώτην
2841 4909 3060 4981 ἔχοντες
3100 4909 3279 4976 τάξιν,
3325 4912 3421 4964 καὶ
3451 4909 3684 4979 γεγόνασι

2129 5002 2505 5071 προσήλυτοι
2526 5004 2637 5064 τοῖς
2660 5001 2719 5065 ἐξ
2749 5000 2940 5066 ἐθνῶν,
2975 5003 3024 5055 οἱ
3056 4999 3225 5057 πάλαι
3255 5002 3475 5065 τούτους
3516 5010 3682 5069 προσ·

2127 5094 2394 5160 ηλύτους
2416 5091 2721 5163 δεχόμενοι.
2757 5090 2906 5161 Πλὴν
2932 5090 3210 5145 καὶτοῦτο
3251 5089 3327 5145 δι’
3358 5089 3523 5160 ἐμοῦ,
3549 5084 3681 5156 φησι.

2128 5186 2228 5239 Διὰ
2264 5185 2372 5254 γὰρ
2406 5183 2645 5256 Χριστοῦ
2673 5185 2707 5255 ή
2738 5184 2959 5238 πάντων
2983 5181 3311 5254 ἐπιστροφὴ,
3342 5183 3436 5235 καὶ
3463 5177 3683 5252 πρδςτὺν

2135 5276 2357 5348 Πατέρα
2384 5277 2478 5330 καὶ
2500 5276 2634 5329 θεὸν
2664 5275 2803 5338 ὁδός.
2840 5293 2861 5326 ι
2898 5274 3089 5337 οὐδεὶς
3116 5273 3229 5345 γὰρ
3270 5272 3506 5345 ἔρχεται,
3548 5268 3680 5338 φησὶ.

1198 5392 1243 5425 ⁸⁸
1270 5390 1470 5462 Ephes.
1505 5407 1566 5456 tl,
1604 5391 1696 5447 ΞΟ.
1774 5394 1818 5425 ⁸⁸
1853 5395 2037 5451 lPetr.

1200 5467 1245 5521 l.
1271 5467 1324 5521 ‘2.
1350 5461 1395 5492 ’⁷⁸
1430 5461 1588 5516 Joau.
1626 5478 1738 5521 τιν.
1773 5465 1865 5521 27.
1942 5468 2037 5521 τι(

2140 5395 2206 5519 t5.
2280 5396 2330 5517 ζ’
2364 5393 2560 5449 Matth.
2596 5390 2879 5458 xxm,8,9.
2909 5391 2954 5423 '”
2985 5389 3218 5446 Zachar.
3255 5401 3335 5457 lx,
3364 5384 3448 5443 16.
3522 5383 3569 5418 ’⁸
3589 5380 3679 5437 158.

2166 5507 2175 5519 .
2211 5483 2248 5521 ι.
2322 5504 2335 5517 .

1948 5481 1989 5499 ’⁸
2018 5481 2175 5521 haut.
2211 5483 2248 5525 ι,
2280 5481 2299 5517 1
2322 5504 2335 5517 .

1756 5577 1989 5634 VARI/ii
2024 5579 2425 5643 LECTIONES.

526 5645 543 5687 ί
580 5659 668 5715 γρ.
700 5641 1079 5712 προσιέμενος.
