3976 6220
344 302 485 372 2549

1507 320 2041 386 COMMENTARII
2066 318 2157 384 IN
2188 316 2479 380 ISAIAM.

3468 314 3610 379 2550

350 393 595 475 παιδεύει
629 418 705 493 μὴ
739 421 971 495 τείχεσιν
991 423 1181 490 ἅπλῶς
1212 428 1309 481 καὶ
1346 430 1457 493 τοῖς
1501 432 1792 500 φυλάττειν
1837 431 1926 485 δο-

2052 443 2296 485 :oncessa
2341 428 2766 495 instauratione,
2814 431 3152 485 consolabor.
3202 430 3283 484 Mc
3336 430 3479 483 enim
3518 447 3609 483 vo-

349 511 507 566 κοῦσι
531 512 685 567 πόλιν
719 512 965 589 θαρρεῖν,
997 527 1034 549 ἰ·
1059 518 1401 592 δικαιοσύνῃ.

2051 519 2201 574 lente
2233 519 2436 583 solum,
2463 518 2671 588 quaevis
2698 519 2751 573 in
2777 533 3026 592 promptu
3054 531 3136 576 est
3166 522 3403 591 pretiosa
3441 531 3610 575 mate-

347 603 452 667 ria,
485 605 530 661 si
567 619 664 676 per
693 607 1075 677 pmnitentiam
1110 609 1257 680 digni
1299 611 1461 668 ﬁalis.
1491 612 1645 679 Quod
1672 614 1719 670 si
1749 611 1895 670 istud
1936 610 2103 676 desit,
2144 610 2381 667 otiosam
2411 620 2467 665 et
2492 625 2684 666 vanam
2737 626 2862 668 esse
2930 615 3353 684 promissionem
3395 621 3607 668 certum

346 709 453 756 est.
496 700 586 756 Ad
619 716 716 757 eos
754 701 926 768 enim,
955 706 1049 772 qui
1088 704 1296 777 degunt
1328 723 1393 763 ex
1427 709 1563 779 legis
1593 708 1935 780 praescripto,
1976 713 2227 778 spectant
2256 705 2657 777 promissiones
2681 721 2826 776 ;quo
2852 706 2947 762 Dei
2982 709 3267 777 discipulos
3331 710 3433 764 hoc
3493 707 3615 763 loco

347 794 617 849 nominat.
654 789 823 851 Docet
849 803 1270 865 praetereranou
1299 799 1466 871 622
1513 801 1790 857 moenibus
1813 807 2031 876 tantum
2065 806 2121 855 et
2181 800 2549 866 custodibus,
2610 797 2705 855 sed
2770 797 2986 869 justitia
3036 802 3216 854 etiam‘
3266 812 3438 857 tutam
3493 819 3617 858 esse

348 887 650 942 civitatem.

419 979 591 1034 Τοῦτο
649 980 759 1053 γὰρ
812 983 894 1047 τὸ.
953 983 1025 1039 ἐν
1061 984 1417 1057 δικαιοσύνῃ
1454 986 1924 1061 οικοδομηθήσηο

352 1068 576 1142 Ταύτην
597 1071 707 1141 γὰρ
736 1072 1052 1131 ἀσκούντων
1103 1078 1290 1132 καὶτὰ
1322 1078 1504 1149 ὑψηλὰ
1530 1080 1631 1149 τῆς
1671 1077 1929 1148 Ἱεριχοῦς

243 1229 247 1232 η
352 1162 563 1215 ἀκονιτὶ
608 1161 887 1235 καθῄρητο
922 1166 1101 1238 τείχη.
1149 1168 1367 1240 Ταύτην
1399 1166 1496 1224 οὖν
1535 1168 1719 1224 ἀσκῶν
1757 1169 1820 1222 οὐ
1854 1167 1932 1239 μὴ

351 1251 669 1321 φοϐηθήσῃ
694 1269 707 1283 ο
747 1254 950 1323 μᾶλλον
992 1255 1051 1309 δὲ
1095 1258 1542 1325 ἀκαταγώνιστος
1586 1258 1709 1330 ἔσῃ,
1733 1259 1809 1322 ὡς
1838 1259 1934 1312 καὶ

352 1341 421 1397 τὰ
447 1342 632 1415 κύκλῳ
662 1344 1001 1416 πολεμοῦντα
1032 1364 1093 1401 σε
1120 1349 1254 1420 γένη
1285 1351 1647 1421 παροικήσειν
1672 1350 1823 1421 ὑμῖν,
1840 1349 1935 1401 καὶ

355 1433 447 1501 ὑφ’
500 1432 656 1503 ὑμῶν
714 1432 1048 1504 βοηθεῖσθαι,
1104 1436 1204 1507 τῆς
1238 1437 1379 1506 ἐμῆς
1425 1439 1596 1507 ῥοπῆς
1654 1434 1937 1506 παρούσης

355 1523 504 1593 ὑμῖν.
540 1524 621 1578 Τὸ
650 1526 937 1597 ἀκάματον
968 1527 1026 1581 δέ
1074 1531 1177 1600 τῆς
1213 1529 1412 1586 ἑαυτοῦ
1447 1530 1682 1599 φύσεως,
1732 1529 1828 1603 καὶ
1876 1528 1938 1580 τὸ

355 1615 449 1668 ἀπ’
499 1615 755 1683 ἐξουσίας
806 1616 952 1686 ἆπερ
983 1618 1050 1674 ἂν
1081 1620 1257 1675 ἐθέλοι
1289 1623 1465 1677 ποιεῖν
1498 1620 1559 1686 ἐξ
1603 1620 1939 1691 ἀναιρέσεως

356 1705 476 1760 τῶν
507 1708 923 1777 χαλκευτικιῖη-
949 1711 1248 1782 παρίστησι
1269 1712 1505 1784 μόχθων.
1522 1709 1700 1773 Κτίζω
1724 1712 1804 1777 δὲ,
1832 1728 1934 1782 φη-

356 1797 463 1863 σιν,
492 1798 553 1852 οὐ
582 1799 802 1854 σκοπῶν
828 1800 1133 1859 ἀπολέσαι
1170 1804 1231 1857 τὸ
1273 1803 1572 1875 παραχθέν.
1605 1804 1679 1857 Οὐ
1712 1801 1822 1875 γὰρ
1851 1802 1938 1857 ἵνα

356 1891 543 1961 σχοίην
588 1890 683 1955 οὓς
732 1893 1141 1964 τιμωρήσομαι,
1171 1895 1299 1959 τοὺς
1331 1895 1654 1966 ἀνθρώπους
1681 1894 1938 1964 ἐποίησα,

356 1974 417 2041 ἐξ
445 1977 780 2049 ἀγαθότητος
828 1979 885 2032 δὲ
943 1977 1176 2047 κτίζων,
1213 1983 1330 2053 μετ’
1381 1982 1554 2050 αὐτῆς
1601 1984 1696 2038 καὶ
1729 1982 1936 2037 διοικῶ.

368 2064 613 2136 Ἐχθρῶν
636 2065 693 2120 δέ
718 2083 823 2135 σοι,
853 2070 1044 2140 φησὶν,
1069 2071 1335 2125 ἐπιόντων
1369 2068 1493 2126 πᾶν
1514 2071 1738 2139 σκεῦος
1766 2073 1941 2144 ἀργή-

360 2172 444 2208 σει
470 2155 800 2227 πολεμικόν’
834 2159 910 2223 ὡς
934 2158 1045 2231 γὰρ
1086 2160 1333 2216 Ἰουδαῖοι
1359 2163 1540 2217 πάντα
1572 2164 1784 2219 δίκαιον
1817 2162 1940 2234 ἐμί-

361 2265 510 2313 σουν,
532 2247 873 2321 δύσχρηστον
894 2250 1192 2317 καλοῦντες
1228 2253 1392 2308 αὐτόν
1417 2269 1431 2284 ο
1471 2252 1645 2318 οὕτως
1665 2256 1714 2308 οἱ
1760 2253 1944 2325 κύκλῳ

360 2336 462 2404 τῆς
507 2337 763 2403 Ἰουδαίας
809 2338 1170 2395 θεοσεϐοῦντα
1205 2342 1300 2395 τὸν
1344 2342 1473 2396 λαδν
1513 2341 1941 2415 ἀπεστρέφοντο,

363 2426 806 2499 δυσχεραίνοντες
837 2431 924 2501 ἐφ’
952 2426 1033 2492 οἷς
1058 2431 1197 2486 Θεοῦ
1225 2432 1400 2506 ῥοπήν
1437 2430 1626 2505 ἐώρων
1663 2434 1944 2505 παροῦσαν

366 2519 571 2583 αὐτοῖς.
598 2521 798 2575 Λοιπὸν
826 2522 1101 2578 δείκνυσιν
1134 2526 1164 2578 δ
1195 2527 1482 2597 προφήτης
1505 2527 1581 2589 ὡς
1609 2526 1711 2580 οὐκ
1740 2525 1945 2596 ἄψυχον

364 2609 587 2677 σκεῦος
611 2612 851 2667 διακονεῖ
894 2614 974 2687 τῷ
1007 2614 1148 2686 Θεῷ,
1179 2615 1296 2669 ἀλλ’
1325 2617 1400 2681 ὡς
1435 2617 1533 2671 καὶ
1574 2616 1738 2682 αὐτὸς
1803 2634 1946 2689 παρ-

367 2702 733 2774 ακολούθησιν
751 2705 890 2777 ἔχων
909 2706 1018 2762 τῶν
1038 2709 1449 2778 πραττομένων,
1468 2709 1500 2781 ἢ
1519 2711 1750 2782 ἐπιτιμᾷ
1769 2711 1947 2783 ἁμαρ-

366 2795 586 2848 τάνουσι
608 2795 802 2865 λέγων’
816 2798 983 2852 «Οὐαὶ
1000 2798 1150 2864 ἔθνος
1171 2800 1513 2871 ἁμαρτωλόνο
1527 2802 1588 2873 »ἢ
1609 2802 1945 2872 ἀμελοῦντας

368 2887 775 2956 διανίστησιν,
799 2888 989 2961 ὥσπερ
1009 2890 1103 2944 καὶ
1132 2890 1248 2957 νῦν,
1275 2892 1388 2944 Οὐκ
1426 2891 1577 2945 ἔσται
1613 2908 1718 2959 σοι,
1752 2892 1944 2964 φησιν,

372 2978 631 3049 ἀνόνητον
661 2978 722 3032 τὸ
745 2979 1025 3034 πιστεύειν
1063 2981 1203 3053 Θεῷ,
1237 2983 1354 3036 ἀλλ’
1383 2981 1527 3048 ἕξεις
1553 2982 1777 3049 ἐλπίδας
1811 2989 1952 3062 κλη-

2036 973 2049 982 ’
2104 981 2221 1035 “oc
2259 979 2404 1034 enim
2443 976 2645 1041 innuit,
2687 989 2811 1030 cum
2851 974 2904 1028 in
2954 973 3175 1042 justitia
3231 972 3627 1043 a‘diﬁcaberis,

2030 1072 2251 1143 adjecit.
2293 1070 2447 1125 Hanc
2478 1068 2623 1123 enim
2650 1066 2741 1137 qui
2767 1066 2986 1130 colunt;
3015 1064 3099 1119 vel
3122 1064 3231 1117 alta
3275 1062 3614 1120 Jerichuntis

2029 1165 2235 1221 tnmnia
2274 1162 2427 1217 nulio
2448 1159 2668 1231 negotio
2712 1158 3011 1228 dejecerint
3043 1157 3110 1210 ⁸⁸.
3140 1155 3329 1227 itaque
3381 1174 3487 1211 non
3535 1166 3619 1212 est

2031 1255 2180 1327 quod
2209 1257 2419 1318 timeas,
2483 1252 2529 1308 si
2585 1267 2705 1308 eam
2765 1250 3137 1321 amplecteris.
3201 1249 3316 1305 lino
3358 1266 3491 1304 vero
3543 1249 3616 1302 ita

2035 1347 2239 1402 invicta
2270 1345 2450 1400 futura
2474 1360 2534 1400 es
2555 1384 2570 1409 ,
2604 1353 2663 1397 ut
2719 1343 2813 1413 qui
2847 1353 2899 1398 te
2927 1343 3173 1413 undique
3231 1342 3620 1403 adoriebantur

2034 1440 2239 1511 populi,
2270 1438 2496 1507 tuajam
2539 1430 2763 1501 vicinia,
2796 1443 3000 1505 tuoque
3030 1436 3260 1497 auxilio,
3297 1449 3422 1488 cum
3463 1449 3618 1489 meus

2036 1532 2134 1587 tibi
2198 1530 2356 1585 favor
2414 1528 2736 1593 accesserit,
2776 1527 2876 1584 sibi
2935 1526 3124 1583 felices
3178 1526 3493 1582 videantur.
3542 1522 3621 1579 Eo

2036 1633 2218 1677 autem
2248 1620 2551 1676 indefessas
2596 1630 2805 1674 naturae
2858 1634 2971 1673 sua:
3004 1619 3149 1673 vires
3206 1626 3260 1672 et
3294 1608 3627 1687 potestateul'

2042 1710 2338 1782 signiﬁcat,
2370 1709 2516 1780 quod
2537 1725 2595 1764 se
2621 1708 2773 1763 nullo
2814 1708 3022 1770 labore,
3046 1721 3391 1777 quaecunque
3435 1705 3624 1759 voluc-

2044 1802 2138 1869 rit,
2183 1810 2376 1856 contra
2436 1801 2751 1855 wrariorum
2809 1813 3037 1864 morem,
3088 1796 3408 1852 eﬂ'ecturum
3463 1796 3619 1851 dicit.

2041 1893 2307 1963 Adjungit
2332 1892 2496 1947 etiam
2533 1907 2641 1946 non
2676 1906 2742 1947 eo
2774 1905 2833 1946 se
2863 1891 2988 1951 line,
3024 1900 3081 1944 ut
3110 1889 3292 1958 perdat
3324 1892 3468 1959 quod
3509 1888 3627 1942 edi-

2042 1984 2143 2048 dit,
2178 2000 2377 2039 creure.
2410 1981 2597 2051 Neque
2626 1983 2773 2036 enim
2800 1997 2881 2047 se,
2908 1989 2966 2035 ut
2989 1982 3211 2036 haberet
3236 1995 3373 2051 quos
3396 1979 3626 2035 ulcisce-

2044 2085 2215 2141 retur,
2250 2075 2497 2130 homines
2536 2074 2767 2140 fecisse;
2816 2074 2911 2129 sed
2959 2090 3065 2144 qua
3101 2074 3348 2129 bonitate
3403 2072 3623 2135 creavit,

2044 2165 2231 2223 eadem
2258 2172 2313 2219 et
2343 2164 2468 2219 illos
2510 2164 2838 2234 gubernare.
2869 2162 3134 2219 Hostibus
3167 2179 3332 2233 porro
3365 2163 3625 2231 ingruen-

2058 2257 2234 2321 tibus,
2278 2256 2375 2316 ait,
2403 2270 2555 2308 omne
2594 2270 2686 2307 vas
2718 2253 2917 2308 hostile
2948 2254 3209 2307 cessabit.
3250 2252 3320 2307 Ut
3356 2253 3501 2307 enim
3536 2251 3627 2320 ju-

2047 2356 2190 2404 stum
2214 2346 2512 2416 quemlibet
2552 2344 2781 2399 oderant
2811 2342 3003 2408 Judaei,
3034 2344 3391 2412 inutilemque
3421 2343 3648 2398 vocita--

2046 2439 2209 2503 bant,
2236 2437 2318 2493 sic
2350 2445 2403 2490 et
2432 2434 2595 2489 vicini
2626 2433 2868 2502 undique
2912 2434 3058 2503 pium
3104 2431 3416 2511 indecorum
3450 2448 3626 2502 popu-

2046 2531 2160 2586 lum
2198 2527 2322 2582 ideo
2365 2524 2780 2589 aversabantur,
2816 2521 2964 2594 quod
2995 2523 3169 2578 eidem
3215 2521 3384 2577 Deum
3435 2524 3628 2579 adesse

2050 2620 2326 2675 videbant.
2366 2616 2635 2687 Deinceps
2678 2631 2739 2672 se
2764 2617 3052 2688 propheta,
3088 2632 3201 2671 non
3234 2626 3498 2688 tanquam
3534 2634 3626 2672 υιιι

2049 2712 2271 2783 aliquod
2298 2710 2559 2778 inanime,
2586 2708 2699 2764 Deo
2727 2709 3064 2771 subservire.
3094 2711 3189 2765 sed
3219 2724 3406 2765 eorum
3437 2709 3626 2776 etiam,

2049 2820 2170 2876 qua
2197 2811 2463 2874 geruntur
2510 2802 2761 2857 notitiam
2793 2801 2998 2858 habere
3053 2801 3302 2868 indicat;
3337 2802 3491 2867 dum,
3535 2811 3631 2857 aut

2050 2896 2436 2971 peccatoribus
2487 2905 2940 2951 succensencum
2995 2897 3144 2966 genti
3189 2896 3489 2967 peccatrici
3525 2896 3627 2949 im-

2052 2997 2349 3062 precatur:
2403 2998 2498 3043 aut
2547 2988 2778 3058 supinos
2839 2996 2893 3043 et
2935 2989 3272 3058 negligentes
3304 2989 3536 3053 excitat;
3574 2996 3635 3043 ut

369 3072 625 3139 ρονόμος
676 3072 931 3140 γενέσθαι
987 3072 1156 3128 Θεοῦ.
1196 3076 1292 3138 Ὃς
1336 3076 1429 3127 καὶ
1457 3074 1807 3141 αὐτεξούσιον
1842 3077 1946 3132 δει-

2055 3080 2161 3134 hoc
2190 3079 2330 3142 loco,
2359 3092 2484 3132 cum
2519 3076 2593 3139 ei,
2614 3077 2660 3132 si
2691 3075 2802 3131 Deo
2832 3075 3044 3137 credat,
3072 3092 3179 3130 non
3232 3075 3479 3131 futurum
3547 3077 3635 3131 in-

375 3162 504 3226 κνὺς
533 3163 633 3234 τήν
655 3163 875 3236 ἀρετὴν,
901 3164 1066 3236 φησίν
1090 3182 1104 3198 σ
1136 3166 1400 3221 Ἔσεσθέ
1426 3184 1527 3236 μοι
1555 3166 1791 3223 δίκαιοι.

958 3428 1207 3486 ΚΕΦΑΔ.
1248 3431 1373 3485 NE'.

435 3525 609 3589 α’-ιγ’.
654 3519 722 3574 οι
757 3517 1074 3589 διψῶντες,
1115 3506 1444 3589 πορεύεσθε
1495 3521 1589 3591 ἐφ’
1616 3522 1795 3590 ὕδωρ.
1857 3523 1954 3578 καί

379 3611 510 3667 ὅσοι
546 3612 632 3682 μὴ
654 3613 827 3680 ἔχετε
856 3611 1161 3681 ἀργύριον.
1192 3611 1564 3679 βαδίσαντες
1586 3613 1954 3682 (ἀγοράσατε,

380 3702 477 3758 καί
510 3704 677 3757 alere
720 3702 868 3757 ἄνευ
899 3702 1185 3772 ἀργυρίου
1217 3704 1316 3757 καί
1377 3703 1573 3773 τιμῆς,
1606 3701 1804 3780 ,οἶνον
1828 3767 1832 3772 ,
1858 3706 1957 3759 καὶ

2056 3171 2207 3229 utile,
2236 3170 2328 3224 sed
2366 3183 2519 3239 Spem
2553 3167 2746 3222 divinw
2775 3167 3105 3221 Iiazredilatis
3131 3166 3633 3223 adeundzehabitu—

2053 3273 2172 3311 rum
2204 3258 2435 3311 asserit:
2481 3270 2605 3309 cum
2643 3254 2882 3320 denique
2923 3253 3106 3307 liberae
3160 3254 3453 3322 potestatis
3512 3272 3635 3309 esse

2053 3348 2310 3401 virtutem
2334 3343 2743 3406 demonstrans,
2774 3343 2950 3413 justas
2976 3342 3076 3397 sibi
3102 3342 3216 3412 {ore
3239 3340 3489 3396 alilrmat.

2730 3434 2882 3489 CAP.
2918 3433 3027 3489 LV.

2122 3529 2285 3600 623
2320 3527 2484 3584 Vens.
2526 3527 2677 3581 1-15.
2707 3526 2809 3591 Qui
2852 3528 3036 3592 sititis,
3090 3528 3163 3582 ire
3216 3528 3284 3579 ad
3337 3542 3551 3595 aquam,
3586 3534 3634 3581 et

2055 3629 2308 3691 quotquot
2337 3636 2439 3673 non
2473 3618 2679 3672 habetis
2708 3627 3010 3687 argentum,
3044 3628 3227 3673 euntes
3264 3619 3441 3679 eruite,
3483 3630 3532 3672 et
3556 3615 3636 3669 bi-

2059 3712 2161 3764 bite
2196 3710 2391 3781 absque
2414 3719 2632 3779 argento
2650 3719 2698 3762 et
2722 3709 2891 3777 pretio
2915 3709 3096 3763 viuum
3132 3721 3177 3763 et
3204 3710 3437 3779 adipem.
3461 3708 3640 3775 Quare

381 3794 581 3864 στέαρ.
626 3794 751 3850 Ἵνα
781 3794 838 3848 τί
860 3795 1107 3865 τιμᾶσθε
1131 3795 1416 3864 ἀργυρίου
1442 3796 1538 3849 καὶ
1574 3796 1681 3850 τὸν
1724 3798 1946 3867 μόχθον

2057 3802 2350 3871 expenditis
2392 3812 2665 3873 argentum
2699 3817 2802 3853 non
2827 3802 2881 3854 in
2919 3802 3241 3867 punibus,et
3280 3802 3514 3856 laborem
3556 3817 3640 3855 ve-

382 3884 550 3954 ὐμῶν
577 3885 688 3940 οὐκ
738 3885 825 3948 εὶς
875 3883 1245 3953 πλησμονήν
1274 3901 1296 3949 ;
1341 3884 1655 3939 Ἀκούσατέ
1686 3903 1828 3956 μου.
1859 3887 1946 3940 καὶ

2060 3905 2229 3948 stram
2258 3910 2358 3948 non
2384 3893 2436 3946 in
2458 3893 2786 3946 saturitate?
2816 3892 3011 3946 Audite
3034 3909 3115 3947 me
3129 3902 3176 3946 et
3205 3893 3462 3948 comedite
3480 3893 3639 3956 bona,

379 3976 643 4047 φάγεσθε
693 3974 905 4044 ἀγαθὰ,
953 3974 1053 4028 καὶ
1094 3972 1457 4042 ἐντρυφήσει
1508 3974 1585 4028 ἐν’
1621 3975 1866 4045 ἀγαθοῖς
1916 3979 1954 4046 ἡ

380 4068 552 4138 ψυχὴ
584 4065 787 4137 ὑμῶν,
824 4084 877 4121 κ.
911 4085 961 4121 τ.
991 4066 1042 4120 λ.

462 4159 522 4211 Ὀ
554 4158 786 4229 Χριστὸς
818 4160 981 4210 πᾶσιν
1033 4159 1364 4228 ἐκήρυττεν·
1402 4175 1420 4207 ι
1455 4155 1521 4209 Et
1544 4174 1629 4221 τις
1677 4158 1829 4230 διψᾷ,
1864 4164 1959 4232 ἐρ-

387 4250 563 4320 χέσθω
588 4251 727 4320 Δπρός
753 4268 873 4322 με.»
907 4250 1185 4321 ποταμοὺς
1211 4251 1275 4302 ἐκ
1293 4249 1390 4319 τῆς
1412 4249 1619 4313 κοιλίας
1634 4252 1801 4306 αὐτοῦ
1830 4255 1957 4326 ῥεύ-

387 4358 502 4396 σειν
563 4341 754 4405 εἰπὼν,
813 4341 881 4394 δι’
934 4334 1011 4395 ὧν
1060 4340 1252 4410 ἐδήλου
1298 4341 1359 4393 τὸ
1408 4339 1637 4413 Πνεῦμα
1670 4346 1732 4395 τὸ
1781 4344 1957 4414 ἅγιον.

2061 4001 2106 4041 ει
2132 3985 2537 4041 deliciubituriu
2563 3983 2715 4038 bonis
2741 3987 2920 4038 anima
2955 3996 3147 4051 uestra,
3177 3996 3283 4040 etc.

2134 4158 2300 4231 624
2327 4159 2531 4217 Omnes
2586 4152 2853 4215 invitabat
2883 4159 3159 4225 Christus,
3205 4177 3329 4215 cum
3374 4162 3589 4219 diceret
3627 4180 3639 4215 :

2072 4268 2089 4299 ι
2134 4250 2189 4303 Si
2230 4248 2354 4318 quis
2396 4248 2533 4312 sitit,
2573 4248 2756 4302 veniat
2807 4248 2875 4303 ad
2922 4264 3054 4315 me;
3089 4248 3312 4302 numina
3339 4250 3406 4304 de
3450 4260 3646 4304 ventre

2066 4342 2187 4411 ejus
2215 4339 2388 4395 tinent
2420 4339 2471 4371 ⁸⁷
2502 4356 2516 4405 ;
2563 4359 2582 4392 ι
2625 4339 2826 4409 quibus
2858 4338 3044 4396 verbis
3080 4338 3346 4409 Spiritum
3384 4348 3645 4395 sanctum

386 4434 499 4488 Καὶ
529 4433 665 4506 πρὸς
707 4433 808 4506 τὴν
837 4433 1168 4512 Σαμαρεῖτιν
1197 4431 1251 4484 δέ
1267 4448 1431 4502 φησιν
1454 4448 1469 4464 ο
1505 4452 1525 4486 ι
1572 4437 1668 4499 Ὃς
1699 4435 1743 4489 δ’
1773 4438 1839 4491 ἂν
1862 4441 1946 4512 πίε

2068 4429 2416 4503 signiﬁcavit.
2466 4427 2565 4483 Est
2594 4428 2793 4484 deinde
2831 4439 2885 4485 et
2929 4428 3317 4485 Samaritidem
3368 4430 3647 4483 allocutus

384 4529 452 4581 ἐκ
482 4525 575 4580 τοῦ
605 4524 817 4590 ὓδατος,
857 4510 927 4578 οἶδ’
945 4524 1055 4593 ἐγὼ
1077 4522 1233 4577 δώσω
1291 4524 1462 4596 αὐτῷ,
1491 4528 1728 4597 ποταμοὶ
1771 4530 1834 4582 ἐκ
1868 4532 1946 4601 τῆς

2069 4525 2158 4579 his
2184 4522 2364 4577 verbis
2398 4539 2412 4575 :
2452 4540 2467 4571 ι
2510 4519 2613 4586 Qui
2641 4519 2844 4576 biberit
2875 4536 3100 4590 aquam,
3131 4537 3295 4591 quam
3343 4534 3443 4591 ego
3479 4518 3647 4585 dabo,

385 4617 595 4681 κοιλίας
622 4616 791 4670 αὐτοῦ
824 4617 1110 4688 ῥεύσουσιν
1155 4616 1348 4678 ῦδατος
1380 4614 1602 4680 ζῶντος.
1643 4638 1662 4670 ι
1707 4620 1842 4691 Περὶ
1861 4623 1964 4676 αὖ-

384 4706 481 4761 τοῦ
501 4708 558 4761 δὲ
591 4706 685 4761 τοῦ
711 4707 945 4779 Χριστοῦ
993 4707 1156 4761 Δα6“ιδ
1190 4708 1342 4775 ἔλεγε
1368 4723 1381 4736 ·
1426 4728 1444 4758 ι
1483 4708 1589 4760 Καὶ
1618 4709 1708 4762 τὸν
1735 4714 1968 4786 χειμάῤ..

2016 4632 2033 4642 η
2066 4613 2293 4669 ﬂumina
2339 4612 2406 4683 de
2450 4617 2641 4665 ventre
2667 4610 2787 4680 ejus
2819 4608 2988 4664 ﬂuent
3051 4625 3208 4680 aqure
3237 4608 3475 4663 viventis
3506 4607 3577 4662 ⁸⁸.
3623 4627 3643 4660 ι

2067 4705 2144 4761 De
2177 4705 2404 4758 Christo
2433 4710 2618 4758 autem
2665 4702 2787 4771 ipso
2830 4702 2884 4756 in
2937 4702 3054 4756 haec
3100 4704 3265 4757 verba
3306 4702 3529 4756 locutus
3564 4710 3648 4757 est

390 4800 518 4869 ρουν
544 4801 645 4869 τῆς
673 4801 886 4872 τρυφῆς
942 4815 1036 4851 σου
1071 4800 1279 4860 ποτιεῖς
1333 4797 1552 4863 αὐτοὺς,
1590 4799 1671 4852 ὅτι
1698 4804 1850 4874 παρὰ
1882 4807 1946 4858 σο

2068 4796 2277 4853 David:
2316 4814 2334 4847 ι
2372 4794 2438 4848 Et
2493 4802 2739 4850 torrente
2785 4795 3107 4851 deliciarum
3168 4802 3385 4848 tuarum
3431 4793 3651 4863 potabis
3715 4798 3719 4801 ’

390 4889 542 4960 πηγὴ
563 4887 728 4956 ζωῆς.
766 4908 784 4941 ι
821 4889 930 4945 Καὶ
968 4889 1161 4942 πάλιν·
1194 4907 1213 4940 ι
1249 4889 1353 4941 Τοῦ
1400 4889 1648 4960 ποταμοῦ
1694 4894 1764 4947 τὰ
1792 4882 1967 4967 ὁρμή-

2065 4907 2184 4958 eos,
2208 4890 2468 4962 quoniam
2502 4888 2645 4959 apud
2699 4896 2752 4944 te
2780 4886 2904 4943 fons
2927 4897 3012 4942 est
3042 4887 3166 4942 vita:
3184 4887 3253 4942 ”.
3290 4906 3307 4939 ι
3350 4888 3594 4953 Itemque
3632 4904 3644 4937 :

395 4997 541 5050 ματα
574 4979 926 5050 εὐφραίνουσι
970 4980 1070 5051 τὴν
1120 4980 1273 5032 πόλιν
1317 4979 1412 5033 τοῦ
1458 4980 1617 5036 Θεοῦ.
1656 5003 1675 5036 ι
1704 4984 1878 5050 Αὐτὸς
1909 4987 1946 5040 δί

2071 4983 2382 5039 «Fluminis
2423 4983 2662 5050 impetus
2708 4981 2989 5035 lwtilicant
3042 4980 3321 5033 civitatem
3384 4976 3478 5031 Dei
3509 4977 3574 5029 ".
3624 4994 3645 5027 ι

392 5069 581 5139 ἔλεγεν
611 5075 667 5124 ἐν
696 5074 1006 5142 προφήταις
1034 5071 1268 5142 Χριστός
1288 5087 1302 5100 ”
1344 5091 1363 5123 ι
1411 5073 1542 5127 Ἰδοὺ
1579 5073 1691 5143 ἐγὼ
1732 5079 1946 5134 ἐκκλίνο

2068 5077 2134 5132 Et
2161 5077 2229 5133 de
2254 5092 2314 5131 se
2342 5076 2394 5128 in
2420 5074 2708 5144 prephetis
2736 5072 3000 5127 Christus
3034 5092 3049 5126 :

1405 5184 1422 5214 ι
1464 5166 1599 5237 φησὶ
1630 5166 1689 5220 δὲ
1722 5171 1814 5223 καὶ
1861 5174 1970 5225 Za-

394 5253 589 5325 χαρίας
622 5264 673 5321 ιι,
704 5254 787 5307 δτι
823 5273 843 5306 ι
881 5255 1039 5326 Πηγὴ
1069 5255 1133 5307 ἐκ
1186 5252 1279 5306 τοῦ
1322 5256 1470 5308 οτκου
1522 5259 1729 5330 Κυρίου
1757 5262 1971 5328 ἐξελεύ-

393 5163 480 5217 ἐπ*
509 5163 708 5228 αὐτοὺς
735 5163 811 5228 ὡς
834 5162 1077 5233 ποταμὸς
1106 5164 1327 5233 εἰρήνης
1350 5182 1362 5193 ·

396 5350 694 5413 σεται,καὶ
728 5353 906 5404 ποτιεῖ
951 5350 1043 5404 τὸν
1078 5347 1416 5420 χειμάρρουν
1469 5347 1576 5402 τῶν
1628 5350 1900 5421 σχοινίων.
1945 5373 1964 5405 ι

467 5462 701 5520 “Iosue
733 5482 804 5529 τι,
839 5466 859 5518 l
898 5481 1053 5535 seqq.

392 5547 544 5597 vat,
580 5535 665 5589 l2.
742 5539 787 5568 "
816 5536 933 5592 Joel
968 5535 1148 5601 tu,18.

3085 5092 3101 5120 ι
3141 5070 3283 5125 Ecce
3307 5083 3411 5139 ego
3439 5068 3649 5123 inclino

2065 5168 2120 5222 in
2151 5172 2270 5231 eos,
2293 5177 2553 5232 tanquam
2584 5162 2781 5215 ﬂuvius
2805 5161 2959 5232 pacis
3003 5161 3072 5211 ".
3126 5177 3144 5208 ι
3176 5157 3242 5210 Ει
3273 5156 3394 5211 .Iocl
3427 5158 3593 5212 etiam
3630 5175 3644 5211 :

2068 5257 2214 5314 Fons
2247 5259 2313 5311 de
2341 5256 2505 5309 domo
2543 5253 2760 5306 Domini
2812 5248 3149 5320 egredietur,
3172 5255 3229 5301 et
3277 5248 3488 5316 potabit
3537 5256 3650 5302 tor-

2069 5349 2593 5419 rentemjuncorum
2632 5344 2700 5397 ".
2737 5362 2757 5393 ι
2801 5341 2884 5395 Ad
2912 5341 3029 5395 haec
3057 5338 3226 5410 igitur
3269 5346 3326 5394 et
3379 5341 3483 5395 hoc
3532 5339 3653 5396 loco

1146 5463 1191 5495 ⁸⁷
1236 5458 1392 5515 Joau.
1423 5479 1519 5535 vn,
1552 5466 1640 5521 58.
1718 5468 1763 5501 "
1793 5467 1946 5524 Joan.

2052 5508 2068 5535 ρ
2104 5468 2186 5533 15,
2221 5466 2305 5520 H-
2335 5454 2889 5521 ⁸⁸.ῐέ;ιι.κλιιν,9,ιο.
2938 5463 2987 5496 ⁹⁶
3007 5462 3153 5520 Psal.
3177 5479 3298 5529 ην,
3335 5461 3389 5516 5.
3464 5459 3511 5492 ⁸⁸
3542 5459 3649 5515 lsa.

1697 5633 1931 5691 VARUS
1973 5627 2383 5689 LEC'I‘IONES.

467 5731 511 5763 'I
545 5724 634 5778 ισ.
671 5723 807 5779 ἀλλὰ
847 5726 938 5780 καὶ
964 5728 1051 5797 τῇ.
1140 5733 1168 5762 ιι
1206 5744 1293 5797 γρ.
1336 5726 1511 5799 ’1ὡηλ.
