3976 6220
301 248 449 316 2553

1432 262 1971 326 COMMENTARII
2004 269 2088 327 IN
2129 269 2415 333 ISAIAM.

3408 278 3509 340 Ξῖῶ
3524 288 3549 349 ι

363 363 529 433 Λέγει
552 363 631 431 δὲ,
667 365 774 421 Kal
822 368 1355 441 ἐπακολουθήσητε
1388 375 1518 441 ταῖς
1538 376 1699 442 ὁδοῖς
1725 396 1841 446 μου

2033 384 2198 456 626
2223 387 2483 458 Sequitur
2525 389 2759 445 deinde:
2790 388 2856 444 Et
2899 391 3186 455 sequemini
3226 391 3339 447 vias
3376 379 3573 449 meast.

295 456 452 510 Κατὰ
473 457 557 521 τὸ,
585 475 605 509 ι
644 458 713 511 Εἴ
750 476 834 522 τις
873 459 1015 513 θέλει
1050 462 1228 517 ὀπίσω
1261 481 1364 533 μου
1395 465 1591 532 ἐλθεῖν,
1618 469 1870 541 ἀπαρνη-

296 549 480 603 σάσθω
538 551 752 615 ἑαυτὸν,
792 554 886 605 καὶ
940 554 1130 624 ἀράτω
1170 557 1262 610 τὸν
1291 558 1525 628 σταυρὸν
1558 560 1745 626 αὐτοῦ,
1773 562 1868 615 καὶ

293 641 656 696 ἀκολουθείτω
699 660 808 713 μοι.
852 663 871 697 ι
908 646 1192 715 Ψυχικὴν
1243 647 1299 700 δὲ
1329 648 1477 717 ζωὴν
1504 650 1605 719 τὴν
1639 650 1866 705 ἀποκει-

296 736 464 804 μένην
483 738 595 798 τοῖς
614 737 791 805 ἁγίοις
814 737 983 805 δηλοῖ,
1012 737 1047 791 ἃ
1076 738 1352 810 ὀφθαλμὸς
1382 743 1483 795 οὐκ
1516 739 1648 809 εἶδε,
1670 745 1763 796 καὶ
1799 744 1867 797 τὰ

291 828 383 879 ἐπὶ
438 828 630 899 τούτῳ.
680 829 966 900 Διεγείρας
1028 829 1173 896 οὕτω
1243 832 1381 903 πρὸς
1428 835 1710 888 συντονίαν
1766 836 1866 905 τὴν

290 918 492 987 ἀκοήν,
532 921 882 982 διδασκαλίας
913 922 1142 992 ἄρχεται
1183 922 1441 990 φάσκων·
1497 924 1865 994 Διαθήσομαι

287 1010 433 1078 ὑμῖν
459 1011 757 1080 διαθήκην
802 1012 1063 1080 αἰώνιον,
1093 1013 1168 1068 τὰ
1192 1014 1332 1069 ὅσια
1355 1016 1536 1070 Δαὸίδ
1563 1016 1635 1070 τὰ
1651 1018 1860 1074 πιστά.

297 1095 364 1153 Ἦ
374 1101 485 1173 γὰρ
510 1104 717 1157 παλαιὰ
734 1103 1012 1173 διαθήκη,
1034 1106 1170 1175 πρὸς
1182 1108 1375 1177 καιρὸν
1384 1108 1621 1171 δοθεῖσα,
1645 1126 1722 1162 πα
1730 1110 1863 1180 ρῆλ-

286 1190 412 1245 θενο
459 1192 528 1263 ήν
579 1194 637 1247 δὲ
688 1195 993 1267 πεποίημαι
1052 1198 1189 1267 πρὸς
1226 1198 1422 1263 Δαϐὶδ,
1467 1199 1528 1265 ἐξ
1556 1202 1720 1255 αὐτοῦ
1768 1204 1863 1257 τὸν

171 1285 175 1289 ’
282 1283 517 1354 Χριστὸν
547 1286 843 1350 ἀναδείξειν
879 1288 1369 1359 ἐπαγγειλάμενος,
1413 1292 1616 1365 πιστὴν
1648 1295 1862 1365 ποιήσω

174 1367 200 1377 ”
283 1375 420 1444 πρὸς
460 1375 619 1446 ἔργον
658 1377 927 1446 ἐκφέρων.
983 1379 1062 1433 Τὰ
1090 1379 1147 1433 δὲ
1172 1372 1332 1449 ὅσια,
1378 1381 1675 1455 Σύμμαχος
1714 1386 1858 1456 ὲλὲη

283 1468 435 1536 φησὶ,
462 1467 591 1536 περὶ
618 1460 695 1520 ὧν
713 1469 964 1537 ἐλέγετο*
1011 1489 1031 1521 ι
1064 1470 1145 1524 Τὰ
1193 1471 1317 1538 ὲλέη
1369 1474 1466 1526 τοῦ
1530 1476 1739 1547 Κυρίου
1777 1480 1858 1542 είς

279 1556 368 1609 τὸν
387 1556 558 1611 αίῶνα
585 1557 809 1630 ᾄσομαι.
850 1578 869 1612 ι
900 1559 1008 1613 Καὶ
1037 1561 1156 1630 μετ’
1180 1562 1361 1631 ὀλίγαι
1396 1581 1416 1616 t
1458 1566 1643 1631 Ἀπαξ
1663 1568 1856 1637 ὤμοσα

278 1648 336 1700 ὲν
363 1646 443 1718 τῷ
464 1649 613 1719 ἁγίῳ
635 1666 759 1719 μου,
792 1652 839 1702 εί
859 1650 937 1722 τῷ
996 1651 1162 1705 Δαόὶδ
1201 1651 1497 1723 ψεύσομαι,
1528 1656 1589 1710 τὺ
1633 1660 1853 1729 σπέρμα

275 1739 440 1792 αὑτοῦ
471 1741 551 1803 εἰς
581 1741 673 1794 τὸν
692 1741 865 1795 αἰῶνα
897 1744 1068 1813 μένει,
1112 1745 1221 1797 Καὶ
1260 1748 1288 1799 ὁ
1314 1746 1503 1815 θρόνος
1533 1749 1697 1802 αὑτοῦ
1824 1754 1853 1805 6
1883 1724 1927 1780 Β

274 1830 425 1900 ήλιος
446 1833 693 1885 ἐναντίον
723 1850 844 1903 μου.
885 1853 905 1886 ι
941 1834 1125 1889 Ταῦτα
1175 1838 1353 1890 τοίνυν
1384 1838 1513 1907 ὑμῖν
1532 1840 1853 1913 δωρήσομαι

274 1922 383 1984 τοίς
432 1922 586 1992 ἐμοῖς
638 1923 821 1992 λόγοις
883 1927 1234 1996 προσέχουσι.
1297 1929 1484 1982 Ταῦτα
1514 1930 1623 2002 γὰρ
1665 1933 1852 2003 ἔλεγεν

272 2011 462 2083 ἀγαθὰ
482 2014 691 2084 ψυχῆς
715 2015 815 2069 καὶ
842 2016 1100 2086 τρυφὴν,
1126 2018 1163 2072 ἃ
1189 2017 1284 2071 νῦν
1304 2020 1512 2076 alterni
1547 2040 1730 2094 φησιν.
1791 2026 1851 2080 '0

272 2104 380 2174 γὰρ
406 2106 569 2174 νόμος
599 2107 777 2161 ἔκειτο
806 2107 950 2162 κατὰ
971 2109 1063 2161 τὸν
1090 2109 1436 2179 Ἀπόστολον,
1467 2115 1626 2186 μέχρι
1651 2119 1846 2188 καιροῦ

271 2192 629 2264 διορθώσεως.
661 2196 863 2265 Διόπερ
894 2198 955 2250 ἐν
978 2199 1286 2269 προφήταις
1322 2203 1489 2272 φησί’
1520 2222 1539 2255 ι
1577 2206 1844 2277 Διαθήσο-

275 2301 370 2353 μαι
400 2285 668 2357 διαθήκην
695 2289 913 2361 καινὴν,
935 2289 997 2343 οὐ
1021 2292 1162 2344 κατὰ
1180 2292 1277 2359 τὴν
1304 2293 1571 2367 διαθήκην
1599 2300 1664 2368 ἢν
1677 2299 1848 2354 διεθέ-

274 2392 380 2445 μην
394 2378 504 2440 τοῖς
518 2377 798 2447 [πατράσιν
813 2378 988 2450 ὑμῶν,
1016 2398 1033 2432 ι
1052 2383 1147 2434 καὶ
1173 2384 1237 2436 τὶ
1266 2385 1508 2455 ἑπόμενα
1528 2387 1761 2454 τούτοις.
1778 2393 1844 2446 Ἦ

272 2465 494 2537 μὲνγὰρ
516 2462 585 2539 ἦν
603 2467 861 2539 σκιώδης.
878 2470 944 2524 Ἠ
977 2471 1033 2524 δὲ
1057 2473 1287 2545 ἀληθής.
1329 2476 1420 2530 Διὸ
1461 2479 1557 2532 καὶ
1592 2480 1844 2552 Ἰωάννης

270 2557 432 2648 φησίν
458 2559 615 2648 ι”ΫΟτι
642 2562 670 2613 6
698 2560 863 2631 νόμος
878 2562 965 2616 διὰ
990 2565 1232 2629 Μωσέως
1263 2567 1440 2639 ἐδόθη,
1467 2572 1498 2641 ή
1524 2572 1685 2642 χάρις
1703 2576 1841 2648 κιὶὴ

265 2644 487 2713 ἀλήθεια
503 2647 591 2701 διὰ
608 2649 783 2721 Ἰησοῦ
799 2652 1090 2722 Χριστοῦ.»
1115 2653 1302 2719 Είποις
1318 2657 1364 2710 δ’
1388 2656 1454 2711 ἂν
1481 2660 1619 2715 ὅσια
1652 2666 1743 2718 καὶ
1772 2644 1842 2720 τά

270 2736 386 2806 ιερὰ
399 2738 747 2808 θεσπίσματα
762 2742 857 2796 τοῦ
871 2744 1133 2815 Χριστοῦ,
1150 2746 1226 2809 ὡς
1250 2747 1429 2814 ὁσίους
1448 2753 1836 2824 ἀποτελοῦντα,

264 2828 338 2892 ὡς
372 2831 465 2884 καὶ
491 2831 583 2884 τδν
614 2833 778 2900 φόϐον
827 2836 1034 2905 Κυρίου
1070 2837 1235 2906 ἁγνόν
1259 2856 1425 2909 φησιν
1453 2843 1483 2894 6
1514 2845 1699 2912 Δασὶδ,
1727 2846 1841 2904 οἷον

263 2923 569 2989 ἀγνοποιόν.
599 2926 793 3001 Ἔλεγε
815 2926 873 2981 δὲ
891 2927 985 2980 καὶ
1002 2930 1029 2982 6
1048 2929 1268 3001 Σωτήρο
1282 2933 1390 2986 (Τὰ
1409 2936 1630 3006 ῥήματα
1659 2939 1696 2992 ἃ
1724 2939 1839 3010 ἐγὼ

1969 477 2129 532 Juxta
2167 480 2299 533 illud
2323 480 2573 551 :tSiquis
2590 482 2902 539 vultvenire
2919 493 3040 554 post
3059 501 3166 551 me,
3196 484 3425 557 abneget
3454 506 3537 543 Sw-

1969 571 2256 637 metipsnm
2278 578 2329 624 et
2347 571 2733 629 tollatcrucem
2757 590 2933 639 suam,
2980 584 3035 629 et
3057 585 3321 647 sequatur
3352 582 3535 632 me’.»

1969 659 2176 714 Anima:
2190 676 2317 716 vero
2334 663 2647 732 vitam,quze
2669 668 2874 721 sanctis
2893 669 3230 734 reconditur,
3251 687 3312 725 ea
3332 671 3541 740 signiﬁ-

1968 759 2115 814 cant,
2132 767 2252 821 qua:
2270 753 2460 809 oculus
2477 755 2722 809 nonvidit
2740 757 2780 820 ',
2794 765 2846 809 et
2864 773 2983 825 qua!
2998 760 3277 830 deinceps.
3292 758 3392 814 Ubi
3410 778 3541 815 vero

1968 842 2180 895 animos
2194 845 2259 897 ad
2274 846 2604 899 audiendum
2629 851 2971 918 praeparavit,
2993 850 3062 903 it-n
3082 850 3278 906 docere
3295 853 3546 921 aggredi‘

1969 929 2434 985 tur:Constituam
2475 935 2617 989 vobis
2652 943 3016 990 testamentum
3047 947 3325 1005 retentum;
3350 950 3538 994 sancta

1966 1019 2137 1087 David
2153 1024 2354 1090 ﬁdelia.
2375 1024 2615 1080 Transiit
2634 1029 2797 1091 enim,
2816 1027 2956 1098 quod
2974 1030 3038 1082 ad
3062 1038 3277 1100 tempus
3305 1046 3537 1090 conces-

1966 1127 2084 1167 sum
2106 1112 2477 1179 fuerat,vetus
2498 1127 2863 1172 testamentum
2898 1136 2916 1174 :
2951 1120 3211 1190 sedquod
3236 1136 3336 1192 ego
3354 1122 3534 1180 foedus

1964 1219 2085 1258 cum
2128 1207 2332 1262 Davide
2365 1211 2539 1281 pepigi
2568 1212 2610 1277 ³,
2647 1212 2872 1281 quando
2910 1212 3186 1291 Christum
3218 1214 3286 1266 ab
3308 1229 3372 1268 eo
3408 1229 3535 1283 pro-

1962 1298 2203 1352 diturum
2237 1314 2357 1354 esse
2386 1300 2490 1370 ipsi
2526 1318 2648 1357 sum
2698 1303 2999 1375 pollicitus,
3036 1303 3214 1371 reipsa
3242 1304 3535 1371 praestabo.

1959 1386 2029 1440 At
2059 1404 2167 1457 quo
2197 1389 2316 1443 loco
2341 1401 2527 1444 sancta
2554 1392 2809 1462 legimus,
2838 1391 3230 1445 misericordias
3262 1391 3536 1462 interpre-

1961 1486 2104 1534 tatus
2133 1490 2215 1536 est
2246 1480 2610 1553 Symmachus
2643 1502 2656 1536 :
2694 1484 2762 1538 de
2789 1484 2990 1554 quibus
3023 1491 3077 1537 et
3124 1483 3228 1537 ista
3265 1491 3395 1537 sunt
3430 1483 3537 1536 Da-

1958 1571 2099 1627 vidis
2135 1588 2149 1625 :
2189 1591 2208 1624 ι
2251 1571 2660 1629 Misericordias
2696 1570 2848 1643 tuas,
2881 1561 3130 1638 Domine,
3163 1575 3217 1629 in
3265 1584 3534 1629 aeternum

1958 1664 2194 1717 cantabo
2224 1664 2266 1719 ⁸.
2305 1684 2325 1717 ι
2380 1664 2445 1718 Ει
2506 1666 2669 1735 paulo
2716 1676 2841 1735 post
2881 1682 2895 1716 :
2934 1684 2953 1718 ι
2991 1664 3173 1720 Semel
3227 1666 3411 1735 juravi
3477 1666 3535 1721 in

1955 1763 2146 1810 sancto
2179 1771 2322 1821 meo,
2354 1758 2400 1811 si
2440 1757 2606 1811 David
2639 1760 2895 1826 mentiar,
2925 1772 3112 1812 semen
3143 1766 3299 1811 tuum
3346 1757 3401 1811 in
3431 1772 3535 1812 sa:-

1954 1848 2138 1902 culum
2191 1860 2406 1916 manet;
2442 1859 2496 1905 et
2532 1851 2763 1905 thronus
2810 1851 2933 1921 ejus
2971 1852 3116 1906 sicut
3167 1851 3250 1906 sol
3298 1849 3352 1904 in
3400 1863 3535 1904 eon-

1953 1949 2143 2011 spcctu
2174 1956 2296 1995 tneo
2326 1941 2368 1997 ⁸.
2409 1961 2428 1992 ›
2469 1943 2595 1996 Haec
2628 1941 2798 2013 igitur
2830 1942 3004 2009 vobis,
3036 1941 3131 2011 qui
3170 1941 3358 1995 verbis
3393 1939 3533 1995 meis

1954 2031 2263 2095 atlenditis,
2298 2032 2415 2102 ipse
2444 2046 2565 2084 sum
2602 2030 2930 2102 largiturus.
2960 2031 3035 2085 Ea
3063 2030 3210 2085 enim
3243 2030 3358 2099 ipsa
3397 2028 3532 2085 deli-

1951 2124 2065 2176 cias
2088 2131 2138 2176 et
2163 2124 2358 2177 anima:
2384 2122 2519 2177 bona
2562 2123 2793 2177 vocabat
2818 2141 2834 2189 ;
2869 2137 2992 2193 qua!
3016 2137 3163 2177 nunc
3210 2123 3529 2192 sempiterna

1951 2216 2210 2286 appellat.
2253 2216 2387 2273 Nam
2442 2225 2497 2272 et
2545 2217 2631 2273 lex
2681 2217 2823 2288 ipsa,
2852 2224 3079 2271 auctore
3119 2215 3405 2285 Apostolo,
3457 2215 3528 2271 ad

1950 2315 2165 2378 tempus
2205 2322 2379 2379 usque
2405 2307 2810 2364 emendationis
2842 2305 2970 2361 data
3000 2313 3117 2361 erat
3148 2306 3189 2359 ⁸.
3229 2304 3418 2375 Itaque
3446 2304 3527 2357 ait

1947 2398 2002 2453 in
2029 2397 2310 2468 prophetis
2344 2417 2358 2453 :
2393 2416 2412 2453 ι
2441 2396 2655 2453 Feriam
2686 2396 2868 2453 itedus
2907 2411 3134 2459 novum,
3176 2409 3284 2450 non
3323 2409 3526 2449 secun-

1945 2488 2074 2544 dum
2103 2498 2346 2559 paetum,
2381 2488 2525 2561 quod
2565 2489 2743 2559 pepigi
2774 2501 2899 2542 cum
2925 2485 3179 2557 patribus
3205 2484 3410 2540 vestris
3434 2484 3515 2550 7;»

1943 2586 1997 2634 et
2027 2593 2150 2649 quae
2184 2579 2467 2648 deinceps.
2498 2577 2760 2632 Umbram
2796 2576 2943 2632 enim
2978 2576 3084 2630 hoc
3125 2573 3358 2639 habuit;
3389 2571 3525 2628 illud

1943 2682 2125 2726 autem
2172 2671 2483 2735 veritatem.
2557 2667 2698 2723 Hinc
2754 2675 2809 2724 et
2874 2667 3117 2723 Joannes
3185 2663 3361 2733 legem
3423 2677 3527 2734 per

1941 2759 2152 2827 Mosen,
2186 2762 2418 2831 gratiam
2464 2767 2647 2815 autem
2681 2768 2736 2814 et
2785 2758 3069 2813 veritatem
3110 2769 3210 2827 per
3239 2754 3524 2809 Christum

1939 2852 2268 2910 datamcsse
2295 2851 2580 2908 afﬁrmavit
2601 2851 2645 2906 ⁸.
2668 2849 2950 2921 lntelligas
2983 2862 3113 2904 vero
3136 2852 3192 2903 et
3214 2853 3524 2901 sanctorum

1939 2947 2179 3011 nomine,
2215 2959 2373 3002 sacra
2400 2943 2611 3000 Christi
2648 2942 2896 3008 oracula,
2922 2950 3184 3011 tanquam
3219 2951 3341 3008 quae
3387 2950 3521 3023 san-

263 3012 421 3085 ἑλάλη
435 3032 495 3067 ια
508 3015 659 3085 ὑμῖν,
674 3016 892 3088 πνεῦμά
906 3020 1020 3072 ἐστι
1037 3021 1131 3074 καὶ
1147 3020 1279 3094 ζωή·
1292 3024 1441 3085 »ἀντὶ
1457 3026 1574 3105 τοῦ,
1593 3046 1834 3101 πνευμα-

1945 3045 2060 3093 ctos
2084 3037 2357 3104 elliciant;
2396 3047 2519 3095 “non
2569 3036 2731 3092 aliter
2794 3048 2961 3105 quam
3002 3033 3254 3089 timorem
3303 3012 3520 3083 1)οηῖἰηί

260 3106 388 3158 ctua
404 3108 498 3159 καί¹
516 3107 759 3172 ζωοποιὰ
775 3125 790 3139 ο
821 3111 915 3163 καὶ
942 3113 1108 3166 πιστὰ
1135 3114 1300 3168 πάλιν
1316 3116 1383 3170 τὰ
1404 3122 1717 3177 πιστοποιά.
1742 3125 1839 3179 Δύο

256 3208 425 3263 ναμις
446 3196 553 3268 γὰρ
576 3196 713 3267 αῦτη
732 3198 841 3254 τῶν
857 3199 944 3254 διὰ
970 3202 1207 3273 Χριστοῦ
1231 3205 1642 3279 θεσπισμάτων,
1661 3215 1840 3270 Δαϐίὸ

258 3282 351 3338 οὖν
379 3287 616 3353 καλέσας
641 3290 734 3344 τὸν
770 3291 837 3346 ἐκ
865 3294 1180 3364 σπέρματος
1227 3297 1322 3351 τοῦ
1365 3300 1550 3367 Δαϐὶδ,
1585 3304 1838 3379 ἐπιφέρει

256 3378 383 3449 περὶ
400 3379 567 3434 αὐτοῦ
588 3396 602 3410 ’
648 3381 796 3437 Ἰδοὺ
836 3387 1167 3459 μαρτύριον
1198 3388 1402 3444 ἔθνεσι
1440 3391 1670 3449 δέδωκα
1726 3378 1834 3453 ἀύ-

254 3470 379 3521 τόν.
410 3470 502 3522 Διῦ
536 3470 627 3523 καὶ
652 3473 854 3543 πρόσθε
884 3474 986 3543 τὴν
1031 3476 1251 3548 στείραν
1287 3479 1691 3550 εὐηγγελίζετο.
1724 3488 1835 3542 Καὶ

257 3558 429 3621 ἄλλως
456 3560 510 3613 δὲ
544 3562 809 3633 προειδὼς
851 3565 932 3618 ὅτι
995 3564 1093 3629 τὰς
1156 3568 1342 3634 φωνὰς
1404 3570 1585 3635 ἕξουσι
1632 3575 1836 3640 ταύτας

267 3648 525 3708 Ἰουδαῖοι,
554 3651 719 3719 μηδὲν
769 3652 828 3718 ἐξ
878 3654 1059 3708 αὐτῶν
1113 3655 1520 3728 ὠφελούμενοι,
1577 3665 1715 3732 πρὸς
1764 3667 1832 3720 τὰ

252 3736 379 3805 ἔθνη
427 3744 724 3812 μεταφέρει
784 3743 874 3796 τον
932 3744 1110 3813 λόγον,
1170 3747 1440 3817 σύμφωνα
1495 3752 1670 3821 λέγων
1722 3759 1832 3821 τοῖς

251 3830 475 3898 πρόσθε,
512 3835 595 3887 ὅτι
625 3830 707 3899 οἷς
736 3838 835 3890 οὐκ
861 3839 1162 3908 ἀνηγγέλη,
1197 3844 1325 3915 περὶ
1368 3845 1534 3900 αὐτοῦ
1579 3849 1825 3918 ὄψονταιο

247 3921 343 3973 καὶ
368 3922 417 3975 οἱ
446 3923 545 3976 οὐκ
569 3926 861 3994 ἀκηκόασι,
885 3930 1197 3996 συνήσουσι.
1222 3935 1557 4004 Μαρτύριον
1570 3937 1627 3992 δέ
1646 3956 1717 4011 φη
1728 3960 1827 4009 σιν,

244 4011 319 4073 ὡς
348 4017 731 4085 μαρτυροῦντα
763 4022 888 4090 περὶ
911 4021 1191 4090 ἀληθείας,
1225 4026 1323 4078 καὶ
1356 4029 1472 4081 ὑπὸ
1495 4029 1617 4083 τῶν
1639 4032 1831 4089 ἐθνῶν

246 4106 580 4174 ἀκουόμενον
630 4111 1004 4181 ἁπειθήσαντα
1059 4123 1080 4152 ³
1140 4116 1374 4186 Ἰσραήλ.
1424 4121 1830 4194 Διεμαρτύρετο

244 4194 303 4248 δὲ
335 4198 426 4249 καὶ
451 4198 523 4253 τὰ
547 4198 690 4269 ἔθνη
726 4202 800 4265 ὡς
822 4203 984 4256 δεκτά
1022 4204 1208 4258 λοιπόν
1237 4210 1342 4261 εἱσι
1385 4208 1459 4280 τῷ
1504 4211 1644 4284 Θεῷ,
1679 4217 1771 4268 καὶ
1797 4219 1826 4270 6

242 4288 347 4353 τῆς
375 4287 701 4356 θεογνωσίας
726 4295 1005 4365 ἀπείργων
1027 4298 1225 4361 οὐδείς.

1941 3135 2228 3200 mundum,
2246 3133 2377 3205 quia
2396 3132 2717 3189 munditiem
2743 3136 2988 3202 praestet,
3015 3125 3186 3181 David
3216 3124 3512 3195 appellat’.

1937 3230 2082 3295 Quin
2113 3237 2166 3283 et
2199 3226 2452 3282 Salvator
2481 3226 2621 3295 ipse,
2660 3237 2786 3279 cum
2822 3220 3009 3282 verba,
3037 3232 3161 3290 quae
3191 3215 3522 3286 loquebatur

1936 3320 2192 3392 spiritum
2217 3328 2271 3374 et
2300 3319 2466 3372 vitam
2500 3330 2645 3380 esse,
2678 3304 2907 3369 'dicebat
2939 3311 3012 3373 ιο,
3064 3325 3129 3366 ea
3156 3310 3275 3379 ipsa
3302 3306 3540 3389 elIicero.

1936 3410 2303 3482 signiﬁcabat.
2335 3423 2457 3463 cum
2498 3406 2606 3461 lida
2649 3404 2872 3468 deinde,
2903 3401 3028 3456 lidei
3065 3399 3331 3455 iacienda:
3360 3403 3519 3468 pote-

1935 3510 2131 3557 statem
2164 3499 2385 3555 habere.
2420 3495 2546 3552 llaec
2578 3496 2723 3552 enim
2768 3495 2947 3549 virtus
2993 3496 3082 3545 est
3133 3487 3514 3545 oraculorum.

1930 3607 2056 3663 quae
2085 3604 2180 3661 per
2199 3590 2479 3646 Christum
2514 3587 2775 3643 eduntur.
2807 3582 3111 3651 Postquam
3146 3577 3314 3648 igitur
3345 3574 3515 3663 Daui-

1934 3686 2049 3738 dem
2085 3696 2209 3736 eum
2239 3679 2473 3743 vocavit,
2507 3677 2599 3746 qui
2643 3676 2712 3729 de
2748 3672 2960 3728 semine
3001 3667 3227 3722 Davidis
3253 3672 3420 3727 esset,
3445 3662 3516 3718 de

1932 3771 2124 3825 eodem
2160 3784 2278 3836 quae
2311 3776 2619 3836 sequuntur
2650 3782 2665 3817 :
2708 3761 2839 3816 Ecce
2863 3760 3221 3815 testimonium
3250 3759 3304 3812 in
3336 3757 3513 3826 genti-

1933 3862 2029 3915 bus
2052 3858 2172 3914 dedi
2201 3875 2318 3912 eum
2340 3898 2354 3921 ,
2388 3856 2615 3910 addidit.
2664 3852 2854 3922 Itaque
2905 3860 2960 3905 et
2995 3849 3252 3918 superius
3285 3846 3358 3910 ei,
3390 3861 3513 3916 qua:

1932 3953 2138 4008 sterilis
2169 3957 2311 4013 erat,
2343 3946 2699 4017 Evangelium
2733 3941 3118 3998 annuntiabat.
3167 3938 3318 3994 Alias
3345 3937 3513 4009 627

1930 4041 2093 4094 etiam
2122 4052 2244 4091 cum
2285 4035 2453 4089 verba
2493 4035 2598 4090 ista
2639 4045 2806 4103 penes
2842 4045 2901 4085 se
2934 4028 3224 4083 habituros
3254 4038 3379 4078 esse
3406 4021 3509 4077 Ju-

1930 4131 2077 4185 daaos
2111 4129 2455 4199 praevideret,
2486 4139 2665 4195 neque
2698 4138 2763 4177 ex
2791 4121 2873 4177 eis
2901 4128 3084 4175 tamen
3106 4130 3229 4173 esse
3251 4113 3509 4169 utilitatis

1928 4220 2133 4290 aliquid
2187 4226 2570 4288 percepturos,
2615 4215 2880 4269 translata
2926 4213 2993 4266 ad
3030 4218 3222 4281 gentes
3251 4207 3506 4263 oratione

1928 4312 2309 4384 superioribus
2345 4326 2453 4365 non
2480 4309 2779 4378 incongrua
2822 4304 3114 4375 adjungit;
3152 4315 3250 4357 eos
3289 4311 3508 4367 nempe,

242 4381 446 4449 quibus
476 4385 694 4439 minime
737 4392 1097 4444 annuntiatus
1135 4390 1256 4454 fuit,
1290 4392 1440 4453 illum
1475 4412 1599 4453 esse
1647 4402 1965 4477 intuitnros,
1999 4381 2074 4465 et
2146 4407 2432 4478 agnituros
2476 4402 2568 4473 qui
2650 4416 2758 4455 non
2843 4397 3193 4453 audiverunt.
3255 4392 3509 4446 Testimo-

241 4474 392 4530 nium
424 4475 621 4533 deinde
656 4480 815 4543 dixit,
845 4484 974 4551 quia
1014 4484 1081 4537 de
1112 4486 1365 4542 veritate
1396 4500 1627 4549 tesnatus
1656 4508 1761 4565 est,
1793 4512 1841 4554 et
1882 4521 1913 4557 a
1945 4474 2207 4575 gentibus:
2232 4506 2569 4571 repugnante
2595 4496 2819 4559 lsraele,
2848 4490 3084 4546 auditus.
3116 4486 3211 4543 Est
3257 4496 3387 4539 vero
3451 4490 3507 4536 et

238 4575 426 4634 gentes
465 4578 807 4626 couteslalus
842 4571 947 4627 Deo
976 4576 1028 4627 iu
1078 4582 1359 4645 posterum
1392 4577 1507 4636 fore
1535 4596 1814 4655 acceptas.
1855 4571 2034 4665 neqlte
2072 4610 2168 4650 eas
2208 4604 2543 4664 quemquam
2580 4604 2610 4641 a
2675 4587 2765 4640 Dei
2831 4583 3111 4654 agnitione
3148 4594 3273 4636 esse
3317 4575 3504 4650 probi-

238 4660 508 4712 biturum.

306 4753 425 4816 Μαί
446 4752 649 4819 τύρων
667 4748 760 4805 οὖν
793 4771 925 4822 φασι
959 4754 1017 4808 τὸ
1070 4759 1329 4828 κήρυγμα
1360 4761 1420 4813 τὺ
1452 4765 1581 4835 περὶ
1628 4768 1817 4835 αὐτοῦ,

1998 4768 2199 4822 Volunt
2248 4766 2416 4836 igitur
2465 4762 2757 4818 testimonii
2795 4763 3042 4827 nomine,
3076 4761 3274 4817 factam
3322 4761 3392 4817 de
3436 4778 3505 4818 eo

231 4841 308 4929 ὡς
339 4842 501 4903 αὐτὸς
541 4842 747 4905 ἐδίδαξε
779 4845 953 4913 λέγων
975 4863 987 4877 ·
1011 4850 1103 4901 Δεῖ
1135 4852 1474 4924 κηρυχθῆναι
1499 4856 1560 4908 τὸ
1590 4858 1824 4929 Εὐαγγέ-

230 4928 347 4984 λιον
370 4932 528 4985 τοῦτο
563 4936 620 4985 ἐν
661 4936 757 5006 ὅλῃ
786 4939 852 5008 τῇ
883 4939 1173 5011 οἰκουμένῃ
1206 4945 1294 5009 εἰς
1328 4947 1661 5015 μαρτύριον
1691 4954 1821 5004 πᾶσι

230 5024 348 5085 τοῖς
386 5021 617 5079 ἔθνεσιν.
670 5029 777 5080 Καὶ
836 5031 985 5101 παρὰ
1018 5032 1093 5101 τῷ
1122 5034 1287 5087 Δαίῖὶδ
1313 5035 1369 5088 δὲ
1394 5037 1571 5090 πάντα
1594 5040 1664 5093 τὰ
1688 5041 1815 5110 ἔθνη

230 5112 472 5204 καλέσας
502 5115 708 5185 ἔλεγεί
740 5118 813 5171 Τὸ
844 5121 1019 5188 στόμα
1040 5140 1141 5187 μου
1170 5123 1393 5196 λαλήσει
1420 5129 1633 5196 σοφίαν,
1661 5134 1753 5184 καὶ
1786 5135 1815 5204 ἠ

230 5200 433 5272 μελέτη
462 5205 563 5274 τῆς
594 5208 821 5279 καρδίας
846 5228 950 5280 μου
996 5212 1228 5269 σύνεσιν.
1259 5215 1441 5270 »Ἔδει
1462 5218 1571 5291 γὰρ
1603 5223 1814 5289 σοφίας,

1924 4855 2372 4924 prtedieationem
2405 4850 2821 4913 demonstrari,
2854 4859 2910 4902 ut
2943 4850 3085 4905 idem
3128 4850 3341 4913 docuit,
3372 4865 3500 4905 cum

1925 4947 2279 5017 EVﬂllgt‘lilllll
2318 4960 2478 4998 suum
2518 4960 2612 5014 per
2667 4943 2855 4997 orbem
2893 4945 3210 4997 universum
3246 4941 3501 5012 gentibus

1924 5043 1976 5091 in
2008 5037 2368 5092 testimonium
2418 5036 2751 5105 promulgari
2786 5043 3041 5104 oportere
3072 5035 3227 5089 dixit.
3259 5032 3325 5087 Et
3355 5032 3500 5103 apud

1926 5131 2206 5190 Davidcm,
2240 5140 2365 5177 eum
2401 5138 2464 5178 os
2506 5139 2666 5177 somn
2716 5126 3048 5192 sapientiam
3088 5132 3141 5178 et
3185 5123 3497 5177 meditatio-

1921 5238 2043 5275 uetu
2102 5216 2290 5273 cordis
2359 5215 2443 5268 sui
2501 5215 2922 5285 intelligentimu
2992 5216 3305 5270 locuturum
3370 5229 3498 5271 esse

323 5377 338 5406 ¹
366 5374 605 5456 .If."°'_'3’
628 5379 720 5435 23°
771 5384 791 5413 ⁹
823 5382 927 5437 Ῐέπο
952 5386 1191 5456 [MV-gl:
1235 5385 1397 5441 Ιιῖον.
1434 5403 1488 5443 ll.
1523 5391 1554 5441 9
1643 5389 1663 5419 ³
1687 5390 1827 5447 Psal.
1850 5394 2144 5456 ειχχ1,11.
2195 5390 2381 5447 ‘Psal.
2418 5406 2682 5451 Lxxxvm.
2715 5390 2769 5444 2.
2832 5392 2852 5421 ‘
2880 5391 3010 5447 ibid.
3036 5389 3222 5450 36-38.
3267 5393 3289 5427 ⁸
3317 5387 3495 5448 Galat.

246 5459 335 5509 tu,
362 5446 449 5500 l9.
506 5449 524 5478 ⁷
550 5447 748 5503 Jerem.
783 5468 924 5514 xxxi.
957 5454 1047 5513 3i.
1075 5454 1163 5508 52.
1229 5458 1248 5487 '
1283 5457 1436 5512 δοίη..
1481 5477 1515 5519 ι,
1574 5463 1653 5514 ΓΙ.
1710 5467 1728 5494 ε’
1763 5446 1843 5519 l’s:

1945 5446 2207 5531 iit'n’,‘io.
2238 5446 2245 5447 ί
2273 5463 2315 5494 ¹⁶
2336 5461 2491 5518 Joan.
2528 5448 2603 5528 vt,
2638 5446 2725 5515 till.
2770 5530 2771 5535 η

1449 5588 1679 5647 VARUS
1721 5595 2127 5659 LECTIONES.

310 5688 333 5719 ‘
383 5701 473 5754 π).
504 5686 535 5736 ἁ
549 5682 921 5749 πειθὴσαντος.
