3978 6190
195 246 317 312 ρδιι

1347 247 1888 335 ΟΟΜΜΕΝΤᾼΒΙΙ
1929 247 2010 307 IN
2035 246 2321 306 ISAIAM.

3313 243 3456 307 25θὲ

195 375 280 425 γεν
307 374 319 387 ο
389 355 536 408 Ἀντὶ
581 354 775 418 κακίας
821 355 1188 426 δικαιοσύνην,
1262 355 1616 427 σωφροσύνην
1657 359 1773 411 ἀντ’

1884 368 1984 410 tum
2002 357 2113 426 jam
2140 353 2654 425 fragrantissimam,
2672 362 2723 409 et
2750 353 3224 424 procerissimam,
3243 370 3459 422 cupres-

196 446 492 516 ἀσελγείας,
534 448 629 500 καὶ
665 448 786 500 ἀντὶ
817 447 1059 516 θράσους
1080 447 1356 518 ἀνδρείαν,
1391 449 1653 519 φρόνησιν
1707 467 1767 502 τε

196 541 301 594 ἀντ’
325 538 658 610 ἀφρούνης.
694 538 890 607 Εὖροις
924 538 968 590 δ’
1005 538 1073 591 ἂν
1133 537 1290 590 τοῦτο
1340 539 1432 590 καὶ
1462 541 1519 590 ὲν
1558 542 1668 602 τοῖς
1715 540 1773 606 ἐξ

198 632 418 701 αἵματος
482 630 723 701 Ἰσραήλ.
782 631 994 696 Στοίϐη
1033 631 1143 699 γὰρ
1207 630 1360 693 ὅντες
1406 632 1500 682 καὶ
1556 628 1776 689 κόνυζὰ

199 738 322 773 ποτε
390 719 670 781 Ματθαῖος
727 721 824 773 καὶ
880 720 1112 784 Παῦλος,
1146 720 1174 770 ὁ
1241 719 1338 788 μὲν
1358 718 1669 788 τελώνης,ὁ
1715 719 1775 770 δὲ

197 808 442 878 διώκτης,
503 808 742 879 Χριστὸν
799 806 1191 870 εύωδιάζουσιν
1216 809 1274 860 ὲν
1308 810 1472 861 παντὶ
1496 809 1667 877 τόπῳ,
1717 806 1774 859 ἐν

198 917 252 952 τε
273 902 379 962 τοῖς
409 900 738 969 σωζομένοις
770 899 996 960 καὶτοῖς
1045 899 1251 955 ἀπολλυ
1263 899 1463 970 μένοις.
1493 899 1603 952 Καὶ
1647 899 1775 952 ἄλλο

199 992 252 1045 δέ
279 1009 330 1044 τι
369 990 676 1061 θαυμάσιον
709 990 1105 1058 ἐπαγγέλλεται
1154 992 1267 1052 τοῖς
1317 991 1408 1042 ἐπὶ
1444 990 1536 1042 τὸν
1570 989 1774 1060 Κύριον

201 1081 591 1152 ἐπιστρέψασιν
637 1080 866 1134 ἔθνεσιν.
925 1081 1136 1134 Ἔσται
1193 1082 1322 1151 γὰρ,
1378 1081 1531 1151 φησὶ,
1561 1081 1774 1148 Κύριος

200 1171 394 1236 αὐτοῖς
419 1174 508 1235 είς
546 1169 733 1239 ὄνομα
766 1170 864 1224 καὶ
892 1172 980 1236 εἰς
1017 1170 1271 1239 σημεῖον
1335 1170 1594 1224 αἰώνιον.
1632 1173 1775 1224 Παν-

201 1259 358 1328 ταχοῦ
414 1259 523 1328 γὰρ
573 1258 718 1311 ἔστιν
781 1258 908 1311 ἰδεῖν
953 1257 1061 1311 ἀπὸ
1114 1257 1351 1328 Χριστοῦ
1397 1259 1769 1327 καλουμένους

203 1347 574 1416 Χριστιανούς.
626 1349 738 1401 Καὶ
765 1346 1023 1415 σημεῖον
1069 1347 1340 1417 σωτηρίας
1380 1348 1776 1415 ἐπιγράφονται

211 1443 484 1509 τοῦνομα,
521 1441 660 1508 ὅπερ
696 1441 809 1492 οὐκ
835 1439 1106 1507 ἐκλείψει
1162 1439 1316 1492 ποτέ.
1362 1440 1776 1509 Ἀμεταμέλητα

204 1530 307 1600 γὰρ
338 1530 404 1582 τὰ
431 1528 748 1599 χαρίσματα
770 1529 862 1582 τοῦ
888 1528 1044 1583 Θεοῦ.
1091 1529 1248 1591 Τινὲς
1276 1529 1333 1582 δὲ
1389 1529 1663 1598 σημεῖον,
1687 1530 1778 1584 τὸν

203 1622 266 1674 δι’
295 1613 354 1673 οὗ
386 1619 708 1690 σεσῴσμεθα
735 1619 967 1690 σταυρὸν
987 1619 1242 1690 εἰρήκασι
1272 1635 1286 1649 ο
1344 1619 1444 1689 τήν
1493 1618 1552 1671 δὲ
1597 1621 1777 1673 πᾶσαν

1875 464 1992 501 sum
2024 455 2286 517 praeterea
2318 445 2505 499 odoris
2537 445 2754 514 optimi,
2795 446 3108 500 ediderunt.
3145 445 3236 499 Sic
3271 455 3456 500 autem

1877 537 2272 607 interpretatur
2304 535 2670 606 Symmachus
2708 555 2720 591 :
2759 536 2868 591 Pro
2902 538 3066 591 amba
3103 539 3346 592 ascendet
3372 554 3461 592 sa-

1877 627 2019 694 bina,
2051 644 2146 696 pro
2185 630 2362 682 urtica
2391 639 2563 682 autem
2595 630 2839 684 ascendet
2877 641 3105 700 myrtus.
3141 633 3218 685 Ac
3263 635 3306 686 si
3343 631 3462 686 fore

1879 720 2111 774 dixisset
2149 737 2246 789 pro
2272 720 2842 789 malitia,justitiam;
2881 737 2981 791 pro
3029 723 3282 782 lascivia.
3321 725 3462 775 telit-

1875 815 2215 882 perantiam;
2253 829 2352 884 pro
2382 813 3040 878 audacia,fortitudinem;
3077 828 3176 883 pro
3205 815 3459 876 stultitia,

1878 904 2256 971 prudentiam.
2317 904 2571 959 Invenias
2634 919 2769 958 vero
2821 911 2874 958 et
2911 903 3055 957 istud
3111 903 3171 956 in
3206 904 3299 968 llS,
3365 905 3458 972 qui

1877 1000 2008 1046 sunt
2043 1009 2107 1047 ex
2145 993 2520 1048 lsraelitarum
2555 993 2747 1062 stirpe.
2784 992 2965 1047 Slceba
2996 993 3142 1046 enim
3180 993 3459 1060 quondam

1878 1090 1932 1136 et
1961 1097 2167 1151 conyza
2225 1098 2346 1135 cum
2415 1091 2601 1137 essent
2646 1082 2931 1137 Mattbzeus
2981 1091 3036 1135 et
3068 1081 3308 1146 Paulus,
3367 1083 3466 1135 ille‘

1877 1173 2095 1242 quidem
2127 1174 2478 1242 publicanus,
2505 1175 2589 1228 hic
2629 1183 2808 1227 autem
2864 1181 3222 1243 persecutor;
3270 1172 3462 1227 Chris-

1879 1273 1991 1316 tum
2015 1272 2195 1316 tanten
2230 1264 2448 1332 ubique,
2475 1265 2616 1331 apud
2644 1279 2739 1318 eos
2766 1267 2879 1318 sive
2903 1265 2994 1333 qui
3021 1265 3318 1329 salvantur,
3347 1266 3464 1318 sive

1877 1352 2032 1422 apud
2096 1368 2194 1406 eos
2293 1355 2386 1422 qui
2443 1363 2690 1421 pereunt,
2756 1354 2892 1408 bene
2971 1355 3119 1407 olere
3173 1361 3459 1407 curarunt.

1881 1442 2133 1497 Mirabile
2162 1457 2291 1496 vero
2310 1443 2568 1512 quiddam
2596 1455 2650 1496 et
2673 1444 2822 1498 aliud
2856 1445 2920 1498 iis
2946 1444 3253 1512 pollicetur,
3283 1445 3373 1512 qui
3399 1446 3463 1497 de

1881 1535 2138 1604 gentibus
2167 1535 2235 1588 ad
2268 1533 2562 1588 Dominum
2589 1551 2712 1588 sese
2745 1535 3119 1598 centulerunt,
3145 1549 3268 1587 cum
3299 1535 3371 1586 eis
3407 1535 3461 1585 in

1883 1641 2070 1678 nomen
2092 1634 2141 1678 et
2165 1626 2374 1695 signum
2397 1627 2770 1693 sempiternum
2800 1626 2912 1686 fore
2953 1625 3231 1677 Demittunt
3264 1623 3463 1692 adjun-

205 1712 354 1781 ῥῆσιν
379 1710 551 1774 οὓτως
581 1711 926 1780 ὲρμήνευσαν
951 1710 1150 1782 ἒτεροιυ
1189 1709 1324 1763 Θεοῦ
1355 1708 1548 1763 σώσειν
1572 1711 1766 1775 αὐτοὺς

1884 1717 1970 1786 git.
2010 1714 2226 1786 Ubique
2250 1717 2394 1770 enim
2424 1717 2768 1770 Christianos
2805 1733 2831 1768 a
2866 1717 3086 1769 Christo
3112 1722 3462 1783 nuncupatos

202 1800 663 1869 ἐπαγγειλαμένου
685 1798 1098 1868 μετανοοῦντας,
1122 1799 1218 1850 καὶ
1239 1798 1364 1860 τοὺς
1392 1797 1622 1867 ἐχθροὺς
1645 1799 1777 1852 ὑπο-

1884 1805 2082 1870 rideas,
2113 1815 2166 1861 ct
2191 1807 2400 1876 signum
2454 1807 2652 1862 salutis
2712 1807 2816 1859 hoc
2879 1806 3182 1860 inscribere
3229 1805 3460 1868 nomine,

201 1890 375 1954 τάξειν
410 1890 617 1953 αὐτοῖς,
668 1894 762 1942 καὶ
792 1889 888 1942 τοῦ
919 1892 1197 1959 προφήτου
1253 1888 1388 1959 πρὸς
1443 1889 1626 1942 πίστιν
1672 1891 1772 1942 αύ-

1884 1899 2200 1975 1ttoq632
2233 1916 2332 1953 non
2362 1910 2439 1954 est
2468 1916 2708 1968 unquam
2737 1903 3225 1966 de]ecturum;cum
3252 1898 3461 1951 nullum

203 1984 319 2046 τοὺς
349 1982 714 2052 διεγείραντος
737 1983 1191 2053 (κληρονομήσειν
1228 1981 1338 2048 γὰρ
1374 1980 1571 2044 αὐτοὺς
1598 1999 1773 2052 σωτη-

1884 1985 2228 2052 beueﬁcium,
2261 1988 2579 2056 nullamque
2607 1987 2842 2058 gratiam
2877 1985 3022 2041 Deus
3072 1985 3321 2040 conferre
3367 1999 3460 2039 so-

210 2075 340 2144 ρίαν)
372 2074 480 2127 τῶν
506 2074 817 2128 ἀκουόντων
841 2074 1171 2145 κινηθέντων
1193 2073 1327 2144 πρὸς
1363 2072 1547 2138 πόθον,
1569 2074 1771 2128 ἐθέλειν

1889 2083 2000 2143 eat,
2028 2075 2186 2145 cujus
2212 2091 2338 2131 eum
2367 2087 2552 2146 postea
2590 2077 2872 2146 poeniteat.
2903 2075 3231 2130 Noudesuut
3258 2083 3460 2135 tamen,

205 2183 258 2217 τε
287 2163 525 2234 σωθῆναι
551 2165 837 2234 λεγόντων,
861 2164 998 2236 πρὸς
1023 2165 1122 2228 τὰς
1164 2162 1368 2227 ἐννοίας
1389 2163 1570 2218 αὐτῶν
1591 2166 1620 2218 ὁ
1637 2181 1771 2236 προ-

1884 2167 1974 2236 qui
1994 2168 2134 2237 signi
2180 2168 2560 2237 appellatione,
2588 2183 2806 2222 erucem
2840 2183 2983 2228 eam,
3027 2182 3122 2235 per
3155 2180 3317 2235 quam
3370 2180 3460 2218 sa-

207 2258 372 2328 φήτης
394 2257 469 2321 ὡς
497 2240 801 2325 διψῶντας
842 2257 1232 2328 προτρέπεται.

1884 2260 2054 2316 lutem
2102 2275 2294 2315 sumus
2343 2260 2543 2330 adepti,
2590 2270 2783 2329 putent
2840 2257 3159 2327 signiﬁcari.
3197 2256 3302 2310 Alii
3334 2271 3465 2310 vero

209 2351 306 2404 hoc
343 2360 514 2405 totum
547 2365 614 2406 eo
649 2349 917 2416 referunt,
957 2359 1018 2404 ut
1051 2353 1238 2420 velint,
1270 2351 1438 2408 Deum
1493 2352 1670 2422 ipsum
1717 2352 1808 2408 ubi
1847 2367 1967 2418 eos,
2036 2356 2129 2424 qui
2179 2353 2565 2424 resipuissenl,
2593 2361 2938 2407 servaturum
2973 2365 3054 2414 se,
3085 2358 3139 2404 et
3174 2349 3309 2418 ipsis
3359 2348 3465 2400 iui—

209 2445 372 2500 micos
392 2445 762 2515 subjecturum
791 2445 1184 2513 denuntiasset,
1207 2462 1348 2517 quos
1374 2447 1442 2502 ad
1468 2447 1626 2502 tidem
1699 2449 1962 2517 propheta
2027 2449 2288 2504 excitavit
2334 2448 2587 2519 (salutem
2655 2447 2800 2502 enim
2849 2459 3204 2516 possessuros
3280 2441 3468 2512 dixit),

207 2537 543 2594 auditoribus
598 2536 677 2593 rei
727 2535 1002 2592 desiderio
1047 2539 1316 2603 accensis,
1371 2548 1425 2594 et
1466 2538 1666 2593 salvari
1705 2554 1766 2593 se
1838 2553 2039 2609 cupere
2088 2539 2492 2608 proﬁtentibus,
2544 2539 2608 2592 ad
2659 2553 2723 2592 ea
2762 2537 2873 2607 jam
2906 2537 3090 2591 animo
3151 2535 3439 2605 cogitanda

208 2631 642 2702 meditandaque,
700 2632 868 2687 veluti
919 2635 1156 2689 sitientes
1189 2674 1204 2699 ,
1269 2633 1419 2704 ipsos
1476 2633 1779 2688 adhortari.

275 2723 428 2786 Τινὲς
458 2723 535 2787 δὲ,
562 2725 745 2793 φασὶν,
770 2725 857 2778 διὰ
877 2725 1034 2779 τοῦτο
1059 2727 1136 2788 είς
1155 2702 1363 2779 ἔνδειαν
1391 2725 1636 2795 ἤχθησαν
1662 2724 1778 2778 τῶν

1958 2720 2098 2776 Sunt
2134 2735 2258 2774 vero
2303 2719 2494 2788 aliqui,
2543 2717 2720 2780 aiunt,
2779 2719 2833 2770 in
2876 2717 3126 2768 bonorum
3181 2702 3463 2784 penuriam

207 2812 472 2881 ἀγαθῶν,
527 2811 614 2866 ἴνα
682 2813 835 2884 πόθῳ
875 2815 1010 2882 πρὸς
1081 2814 1221 2868 αὑτά
1274 2831 1418 2878 ,ποτε
1481 2813 1778 2868 σπεύσωσι.

1886 2814 2011 2870 ideo
2043 2810 2289 2875 adducti,
2335 2819 2397 2863 ut
2453 2825 2516 2863 ea
2557 2808 2787 2879 posthac
2844 2807 3233 2862 vehementiori
3286 2806 3472 2858 studio

221 2905 302 2966 Ὠς
347 2904 440 2958 οὖν
492 2909 548 2958 al
600 2905 892 2974 διψῶντες
948 2907 1207 2977 προσίασι
1254 2908 1375 2969 ταῖς
1406 2908 1630 2975 πηγαῖς,
1691 2906 1779 2958 οὖα·

1889 2903 2251 2974 requirerent.
2285 2899 2404 2967 Quo
2429 2899 2590 2953 modo
2621 2901 2789 2968 igitur
2813 2899 2903 2967 qui
2943 2899 3153 2962 sitiunt,
3193 2899 3258 2950 ad
3291 2895 3468 2950 fontes

207 3013 281 3049 τω
335 2997 428 3049 καὶ
479 2997 636 3067 ὑμεῖς
651 2997 730 3068 τῷ
759 2997 900 3068 Θεῷ,
931 2998 1050 3051 ἀντὶ
1081 2997 1282 3059 παντὸς
1319 2997 1605 3065 ἀργυρίου
1659 3013 1782 3048 συν»

208 3091 456 3161 αίσθησιν
510 3092 620 3145 τῶν
667 3093 1073 3164 ἡμαρτημένων
1126 3091 1405 3155 λαϐόντες.
1457 3091 1571 3144 Ούκ
1591 3091 1776 3160 ὠνητά

208 3181 314 3252 γὰρ
351 3182 421 3236 τὰ
473 3181 625 3252 παρά
667 3182 826 3247 Θεοῦ,
861 3182 980 3235 οὐδὲ
1030 3180 1188 3252 χρεία
1229 3181 1366 3252 πρὸς
1419 3181 1517 3250 μὲν
1543 3179 1779 3251 σπονδὴν

207 3273 396 3336 οἴνου,
449 3274 583 3344 πρὸς
608 3273 665 3326 δὲ
707 3284 730 3311 ι
760 3273 949 3327 θυσίαν
974 3271 1245 3338 στέατος,
1300 3274 1443 3341 ἆπερ
1485 3271 1781 3341 ὠνούμενοι

206 3365 356 3418 οὐδὲν
409 3365 755 3438 ἀποφέρεσθε
810 3363 973 3419 πλέον
1033 3366 1112 3428 είς
1135 3364 1344 3435 ὄνησιν,
1390 3365 1424 3434 ἢ
1465 3363 1634 3416 κόπον
1687 3361 1782 3414 καὶ

209 3456 429 3526 μόχθον,
462 3456 536 3527 μὴ
568 3457 738 3511 ὄντων
764 3457 964 3511 ἱκανῶν
990 3456 1431 3528 δυσωπημὰτων.
1478 3455 1650 3525 Ἀργὰ
1672 3455 1782 3526 γὰρ

207 3545 378 3599 ταῦτα
395 3547 526 3617 πρὸς
539 3547 816 3618 ἁμαρτίας
837 3546 1134 3616 ἐξάλειψιν,
1153 3547 1218 3617 ἢν
1242 3546 1502 3616 μετάνοια
1525 3547 1668 3599 ποιεῖ
1684 3546 1781 3598 καὶ

210 3638 436 3707 πίστιςή
455 3638 696 3702 εἰςΘεόν.
719 3638 860 3708 Πρὸς
888 3638 1127 3708 ἀγαθῶν
1149 3639 1205 3690 δὲ
1224 3639 1452 3708 δωρεὰν,
1477 3637 1784 3706 ἀκροατὴν

208 3729 308 3781 οὐκ
325 3728 642 3798 εὐγνώμονα
661 3729 820 3799 μόνον
841 3729 1015 3799 ζητεῖ,
1035 3729 1170 3782 ἀλλὰ
1186 3729 1280 3782 καὶ
1304 3729 1553 3782 συνιέντα
1566 3769 1580 3793 ,
1597 3728 1690 3782 καὶ
1706 3727 1783 3799 τῷ

208 3818 462 3873 καλοῦντι
511 3818 937 3890 προστρέχοντα.
997 3821 1300 3890 Προσέχετε
1333 3818 1414 3884 δὲ,
1458 3819 1614 3890 φησὶ,
1669 3822 1784 3882 τοῖς

206 3909 363 3963 ὠσίν·
393 3910 487 3962 καὶ
513 3911 561 3962 εἰ
595 3910 696 3980 μὲν
728 3911 1041 3981 σωματικὸν
1067 3911 1459 3981 ἀκατάλληλον.
1530 3913 1785 3980 Ὀφθαλ-

204 4000 335 4070 μῶν
354 4001 463 4072 γὰρ
521 4001 590 4054 τὸ
617 4000 962 4070 προσέχειν.
995 4002 1057 4056 Εἰ
1082 4003 1140 4056 δὲ
1196 4004 1338 4056 κατὰ
1393 4003 1592 4073 ψυχήν,
1644 4003 1777 4055 ἀκό-

207 4089 419 4143 λουθον.
449 4089 627 4159 Ἀπλῆ
660 4091 770 4160 γὰρ
790 4091 927 4144 οὖσα
956 4094 1048 4144 καὶ
1076 4092 1374 4162 μονοειδὴς,
1409 4093 1473 4145 ὲν·
1497 4095 1597 4163 μιᾷ
1621 4092 1782 4146 δυνά-

211 4196 303 4249 μει
333 4179 433 4241 τὰς
464 4178 612 4231 ἔνδον
635 4180 918 4253 αἰσθήσεις
949 4183 1552 4267 έκτήσατο.Τοιγαροξ›ν
1582 4182 1786 4252 ὀφθαλ-

210 4271 337 4339 μοῖς
374 4269 580 4323 ἀκούει
612 4272 640 4323 ὁ
668 4273 990 4343 γράμμασιν
1035 4275 1398 4344 ἐντυγχάνων,
1452 4277 1548 4328 καὶ
1585 4275 1786 4329 δακτύ-

206 4357 324 4422 λοις
377 4358 686 4428 διαλέγεται
725 4362 998 4425 ὀτούτοις
1063 4366 1311 4435 γράφων.
1347 4361 1480 4420 Εἶτα
1509 4369 1785 4439 μέμνηται

1886 2994 2194 3058 accedunt,
2228 2993 2309 3047 sic
2370 3000 2423 3046 et
2453 3007 2552 3046 vos
2595 2993 2663 3044 ad
2715 2991 2882 3044 Deum
2938 2991 3093 3044 decet
3147 3003 3464 3057 properare,

1885 3101 2074 3141 eorum
2122 3099 2246 3156 qua:
2301 3083 2573 3153 peccastis
2631 3082 3053 3143 recordatione,
3117 3096 3216 3149 pro
3271 3079 3466 3147 quovis

1883 3185 2121 3246 argento,
2151 3176 2415 3228 munitos.
2449 3171 2568 3226 Non
2601 3173 2747 3227 enim
2779 3180 2909 3226 sunt
2942 3171 3177 3232 venalia,
3219 3185 3339 3238 qua}
3371 3170 3465 3222 Dei

1882 3277 2046 3322 sunt:
2078 3279 2258 3335 neque
2282 3266 2400 3317 vino
2432 3261 2501 3316 ad
2560 3262 2881 3316 libationem
2939 3274 3080 3329 opus
3119 3269 3222 3319 est,
3269 3267 3358 3311 aut
3397 3257 3466 3309 ad

1885 3357 2216 3413 sacrificium
2245 3354 2435 3422 adipe:
2462 3369 2529 3408 ex
2560 3368 2796 3423 quorum
2841 3351 3121 3420 emptione
3155 3349 3279 3418 plus
3317 3348 3468 3401 labo-

1886 3449 1961 3502 ris
1987 3457 2040 3502 et
2067 3445 2354 3511 molestiae,
2380 3459 2544 3514 quam
2585 3442 2843 3498 utilitatis
2885 3439 3170 3510 percipitis
3201 3478 3217 3503 ,
3247 3454 3371 3491 eum
3401 3437 3469 3490 ad

1884 3533 2246 3603 placatiouem
2307 3546 2415 3585 non
2481 3529 2773 3584 sttﬁiciant.
2847 3527 2989 3582 Sunt
3036 3527 3180 3580 enim
3233 3527 3352 3580 ista'
3398 3525 3466 3578 ad

1883 3624 2144 3678 eluendas
2179 3627 2529 3690 peccatorum
2585 3621 2781 3674 sordes
2817 3619 3039 3685 inepta;
3099 3619 3244 3686 quod
3293 3619 3467 3684 ptem-

1887 3715 2054 3771 tentia
2075 3723 2129 3768 et
2165 3713 2265 3766 ﬁde
2320 3712 2375 3764 in
2414 3710 2582 3764 Deum
2615 3708 2868 3762 elﬁcitur.
2921 3707 3170 3762 Postulat
3233 3723 3365 3762 vero
3399 3706 3467 3760 ad

1886 3807 2140 3861 bonorum
2199 3803 2573 3873 largitionem,
2636 3803 2937 3854 auditorem
2973 3815 3078 3852 non
3138 3799 3467 3853 benevolum

1885 3908 2122 3962 tantum,
2161 3897 2254 3953 sed
2281 3895 2676 3964 intelligenlem
2697 3894 2885 3954 etiam,
2907 3893 3236 3960 vocantique
3273 3905 3470 3945 accur-

1887 3999 2117 4044 rentem.
2147 3984 2301 4051 Quod
2334 3983 2530 4038 deinde
2565 3984 2833 4035 attendere
2864 3981 3087 4033 auribus
3116 3979 3287 4047 jussit
3323 3979 3368 4033 si
3402 3978 3467 4030 ad

1887 4093 2088 4148 corpus
2116 4075 2345 4140 referas,
2378 4085 2504 4143 apte
2533 4075 2712 4126 minus
2741 4083 3062 4140 usurpatum
3106 4069 3335 4122 videtur.
3372 4066 3469 4122 Est

1886 4171 2031 4227 enim
2104 4167 2370 4221 attendere
2424 4164 2635 4237 (Graece
2669 4163 2981 4235 προσέχειν)
3027 4161 3324 4214 oculorum.
3369 4159 3466 4212 Sin
3533 4197 3542 4215 ι

1888 4269 2070 4316 autem
2088 4262 2157 4316 ad
2188 4262 2459 4323 animum,
2497 4260 2890 4314 convenienter
2925 4266 2977 4312 et
3007 4256 3315 4311 commode.
3370 4252 3468 4307 llic

1888 4368 2059 4434 enim,
2095 4384 2220 4423 cum
2251 4368 2479 4438 simplex
2519 4369 2612 4431 sit,
2643 4375 2696 4421 et
2729 4366 2945 4436 generis
2981 4365 3163 4431 unius,
3220 4365 3272 4416 in
3303 4364 3464 4417 unica

203 4449 306 4503 τοῦ
364 4449 550 4516 Δαὸὶδ,
587 4452 683 4504 καὶ
731 4454 830 4523 τῆς
886 4455 1023 4525 πρὸς
1074 4457 1280 4508 ἐκεῖνον
1326 4459 1584 4526 σχέσεως,
1623 4459 1690 4511 δι’
1723 4459 1779 4530 ἢκ.

1897 4469 2154 4523 facultate
2185 4483 2382 4523 sensus
2439 4467 2733 4522 interiores
2763 4467 2990 4521 sortitus
3041 4472 3146 4517 est.
3181 4463 3368 4524 Itaque
3413 4471 3467 4516 et

207 4542 363 4612 αὑτῷ
391 4544 570 4597 πᾶσαν
601 4547 834 4615 παρεῖχε
869 4545 1060 4616 ῥοπὴν,
1083 4541 1151 4617 ἧς
1196 4547 1482 4610 τεύξεσθαι
1529 4549 1625 4602 καὶ
1656 4550 1784 4602 τού-

204 4649 338 4695 τους
361 4637 549 4702 φησιν,
598 4636 757 4707 εἰπερ
789 4637 1007 4690 ἀκούειν
1053 4639 1309 4693 ἐθέλοιεν.
1347 4638 1504 4692 Οὕτω
1558 4640 1666 4710 γὰρ
1693 4641 1788 4711 ζή-

209 4741 422 4790 σονται,
462 4727 521 4779 οὐ
555 4727 657 4799 τὴν
679 4728 962 4798 παροῦσαν
998 4731 1158 4800 μόνον
1186 4730 1353 4802 ζωὴν,
1385 4731 1521 4784 ἀλλὰ
1566 4733 1662 4786 καὶ
1693 4733 1790 4803 τήν

207 4816 484 4887 μένουσαν
515 4831 566 4860 α’
595 4819 658 4872 ού
693 4819 851 4890 μόνον
876 4821 934 4873 δὲ
955 4821 1112 4893 ὑμεῖς
1160 4821 1447 4892 ζηλοῦντες
1490 4825 1582 4876 τὸν
1623 4814 1789 4878 αὐτοῦ

197 4906 426 4976 τρόπον’
473 4911 570 4965 καὶ
628 4910 728 4980 τὴν
783 4912 1096 4981 μετάνοιαν,
1133 4914 1242 4970 τῶν
1307 4916 1489 4967 αὐτῶν
1510 4913 1786 4983 τεύξεσθε,

197 4998 350 5054 ἀλλὰ
373 5001 468 5054 καὶ
496 5002 553 5055 έν
587 5003 748 5056 παντὶ
771 5003 914 5057 ἔθνει
941 5004 1128 5069 δεκτὸς
1151 5009 1179 5060 ὁ
1229 5005 1338 5071 ζῶν
1373 5009 1575 5078 ὁμοίως
1616 5007 1786 5079 αὐτῷ.

198 5091 421 5145 Οἰκειοί
448 5091 556 5160 γὰρ
583 5092 644 5144 ού
667 5092 844 5161 γένος,
873 5093 1008 5148 ἀλλὰ
1033 5096 1228 5167 κἀρδία
1253 5099 1346 5150 καὶ
1381 5099 1512 5166 βίος.

1895 4560 2070 4612 oculis
2091 4557 2264 4624 audit,
2305 4557 2406 4627 qui
2447 4557 2649 4626 scripta
2699 4557 2850 4625 legit,
2883 4564 2937 4609 et
2992 4555 3233 4624 loquitur
3279 4554 3466 4621 digitis

1894 4649 1984 4717 qui
2016 4649 2125 4702 illis
2159 4649 2292 4717 ipsis
2344 4649 2556 4701 scribit.
2592 4647 2796 4714 Adjicit
2853 4657 3115 4714 praeterea
3165 4643 3231 4696 dc
3267 4641 3470 4696 Davide

1897 4742 2251 4800 mentionem,
2289 4753 2454 4806 quam
2480 4752 2608 4806 erga
2642 4737 2792 4788 illum
2813 4737 2948 4790 bene
2976 4734 3249 4787 animatus
3285 4731 3468 4794 fin-rit,

1897 4832 2090 4886 uudea
2116 4847 2175 4885 se
2213 4831 2348 4884 nihil
2383 4846 2489 4883 non
2524 4829 2714 4883 auxilii
2749 4827 3013 4888 senserit;
3037 4825 3221 4894 qualia
3262 4834 3318 4877 et
3353 4822 3472 4876 istis

1894 4921 2084 4985 etiam,
2111 4919 2156 4973 si
2186 4920 2378 4973 audire
2411 4920 2708 4976 voluerint,
2746 4933 2849 4969 non
2886 4916 3140 4970 defutura
3174 4912 3467 4981 signiﬁcat.

1898 5009 1976 5062 lta
2001 5010 2144 5062 enim
2171 5009 2279 5061 vita
2304 5025 2410 5060 non
2437 5008 2692 5077 prtesenti
2731 5008 2930 5069 Stilttlll,
2968 5007 3060 5059 Sl'd
3103 5004 3283 5076 futura
3306 5002 3468 5052 etiam

1899 5116 2019 5155 esse
2044 5101 2338 5170 pctituros.
2403 5099 2735 5168 Nequevero
2795 5116 2856 5151 ea
2907 5101 3019 5165 ipsa
3079 5111 3170 5146 vos
3237 5101 3471 5153 tantum,

199 5187 418 5257 inquit,
441 5191 534 5260 qui
568 5205 748 5246 mores
779 5192 928 5246 illius
955 5201 1011 5248 et
1035 5193 1413 5263 paenitentiam
1441 5194 1800 5258 amiulamini,
1841 5197 2080 5251 habituri
2113 5197 2280 5250 estis:
2314 5196 2408 5249 sed
2456 5196 2510 5248 in
2589 5204 2744 5264 gente
2794 5192 3032 5260 qualibet
3063 5189 3223 5241 etiam
3306 5185 3489 5239 fuerin

200 5277 307 5333 ille
337 5278 469 5334 mihi
494 5290 683 5350 gratus
709 5291 765 5336 et
797 5291 1076 5352 acceptus,
1125 5283 1287 5354 633
1320 5287 1412 5354 qui
1489 5287 1656 5339 vitam
1744 5287 1863 5355 ejus
1903 5288 2230 5342 imitabitur.
2286 5285 2556 5342 Conciliat
2607 5286 2749 5339 enim
2796 5282 3088 5335 amicitiam
3140 5294 3248 5331 non
3300 5290 3472 5347 genus

202 5377 418 5444 ipsum,
450 5376 546 5463 sed
583 5378 799 5432 animus
832 5387 884 5432 et
920 5380 1048 5432 vita.

1418 5559 1648 5616 VARl/E
1698 5557 2105 5615 LECTIONES.

288 5655 313 5683 ²
345 5665 438 5719 rp.
479 5651 602 5705 οὐδὲ
640 5652 797 5723 πρός.
877 5663 902 5692 α
932 5651 1018 5705 τσ.
1051 5648 1375 5722 μέλλουσαν.
