3976 6220
205 229 210 232 ·
255 195 384 288 2565

1417 235 1564 294 COM
1578 231 1957 314 ΜΕΝΤΑΒΙΙ
1992 231 2069 290 ΙΝ
2112 231 2398 292 ISAIAM.

3336 230 3478 292 2.766

253 332 418 394 τείαν,
439 305 529 383 ἐπὶ
561 331 620 383 τὸ
652 331 759 385 τῶν
793 333 1060 390 Ἰουδαίων
1094 336 1279 407 τάγμα
1323 339 1524 410 μετέϐη
1555 338 1663 390 τῶν
1698 338 1816 390 τότε

1933 337 1987 390 ad
2019 335 2234 392 Judaeos
2263 339 2372 406 jam
2421 337 2615 394 transit
2642 338 2850 404 oratio;
2904 340 2997 409 qui
3029 339 3304 411 propheta.-
3337 350 3471 396 tun-

255 421 326 492 τῷ
368 421 624 492 προφήτῃ
677 423 965 491 συνόντων,
1009 425 1203 490 οἵτινες
1247 427 1505 498 ἐφρόνουν
1530 427 1615 480 ἐπ’
1655 427 1813 494 εὑγευ

257 511 387 581 νείᾳ,
411 511 504 563 καὶ
526 509 604 584 τῷ
629 513 919 580 φυλάττειν
941 517 1007 569 τά
1033 516 1308 581 Σάϐϐατα,
1331 520 1425 570 καὶ
1446 518 1506 570 τὸ
1526 517 1816 586 πολύγονον

255 601 529 664 εὐσεϐείας
572 602 821 672 ἐνόμιζον
859 605 1047 676 γέρας,
1082 607 1158 671 ὼς
1204 609 1530 682 ἀναπίπτειν
1570 608 1818 661 ἐντεῦθεν

258 695 373 757 τοὺς
402 695 825 761 προσηλύτους
863 697 960 749 καὶ
988 697 1128 763 τοὺς
1164 700 1498 767 εὐνούχους
1519 715 1532 729 ·
1566 700 1691 761 τοὺς
1723 700 1819 768 μὲν

258 781 325 845 ὡς
358 780 659 848 εὐγενείας,
689 782 816 844 τοὺς
845 783 900 836 δὲ
933 784 1008 847 ὡς
1037 785 1240 838 παίδων
1282 788 1697 856 ἐστερημένους.
1731 786 1820 837 At?)

255 871 492 923 δείκνυσι
529 870 662 933 Θεὸς
706 872 764 922 ὲν
786 873 1007 942 τρόποις
1038 869 1177 926 εἷναι
1209 874 1305 927 καὶ
1348 877 1470 936 ταῖς
1506 875 1726 944 ἀρεταῖς
1760 872 1820 923 τὸ
1855 900 1858 903 -

261 959 544 1028 μακάριον.
599 961 660 1010 '0
711 959 822 1029 γὰρ
874 961 1236 1032 ἐστερημένος
1284 962 1682 1027 δικαιοσύνης
1724 960 1821 1013 καὶ

257 1051 528 1116 κρίσεως,
557 1050 656 1103 κάν
686 1067 738 1103 τι
764 1050 872 1103 τῶν
903 1036 1208 1122 εἰρημένων
1232 1052 1350 1123 ἔχῃ.
1375 1052 1494 1106 λίαν
1523 1053 1670 1104 ἐστὶν
1696 1050 1821 1104 ἀνό-

258 1157 428 1210 νητος.
471 1140 634 1192 Ὅθεν
666 1140 837 1210 φησί·
869 1142 1055 1210 Πάσης
1094 1141 1319 1212 ἀκρίτου
1347 1142 1629 1196 παύσασθε
1681 1138 1824 1208 γνώ-

259 1246 382 1300 μης,
430 1229 755 1298 κεκριμένῳ
806 1229 1051 1301 λογισμῷ
1116 1233 1390 1302 μετιόντες
1437 1234 1502 1285 τὸ
1550 1232 1818 1284 δίκαιον·

261 1321 439 1390 ἧγουν,
475 1320 556 1372 Τὰ
579 1319 716 1390 ὀρθὰ
751 1320 1048 1389 φυλάττετε
1079 1323 1354 1390 κρίματα,
1387 1321 1420 1393 ἢ
1451 1322 1520 1375 τὰ
1559 1321 1677 1374 θεῖα
1705 1322 1826 1392 κρί-

265 1427 421 1479 ματα,
449 1409 730 1478 δηλονότι
760 1411 860 1474 τάς
917 1412 1158 1475 ἐντολάς.
1193 1416 1285 1466 Δεῖ
1335 1414 1390 1466 δὲ
1435 1416 1529 1468 καὶ
1581 1413 1826 1485 λογισμῷ

263 1496 562 1564 φυλάττειν,
593 1497 686 1549 καὶ
718 1496 866 1570 ἑργῳ
897 1502 1095 1554 ποιεῖν.
1119 1500 1212 1552 Διό
1265 1518 1397 1570 φησι
1420 1517 1435 1532 °
1469 1501 1573 1555 καὶ
1606 1501 1828 1554 ποιεῖτε

1921 424 2144 491 poribus
2177 424 2443 493 viventes,
2489 425 2702 494 generis
2765 427 3048 483 nobilitate
3071 429 3476 497 superbiebant,

1922 511 2198 580 prolisque
2224 509 2608 564 fecunditatem
2655 513 2870 579 pietatis
2901 529 3021 569 esse
3048 516 3329 584 praemium
3362 519 3474 568 exi-

1919 601 2214 655 SIimabant
2241 618 2253 653 :
2285 600 2428 654 unde
2457 601 2548 670 qui
2590 601 2890 670 alienigenae
2935 605 3258 675 annuo/tique
3303 618 3479 671 erant,

1919 689 2120 742 animis
2147 687 2508 741 concidebant
2541 704 2554 739 :
2589 687 2641 740 hi
2675 689 2928 756 quidem,
2968 701 3224 758 tanquam
3269 692 3480 760 ignobi-

1920 780 2033 846 les;
2070 780 2146 832 illi
2183 789 2387 843 autem,
2428 788 2486 833 ut
2533 779 2830 839 infecundi.
2879 781 3174 852 liberisque
3205 795 3475 840 carentes.

1921 867 2038 931 Quo
2069 865 2127 919 fit
2184 875 2244 920 ut
2296 868 2348 920 in
2397 867 2642 922 moribus
2693 868 2847 936 ipsis,
2894 877 2948 922 et
2985 870 3300 934 virtutibus,
3357 887 3479 925 csse

1923 958 2238 1011 beatitatcm
2272 958 2604 1012 demonstret
2625 958 2784 1014 Deus.
2805 958 2988 1028 Neque
3014 962 3156 1015 enim
3183 963 3480 1032 quidquam

1925 1049 2237 1116 profecerit,
2280 1051 2370 1117 qui
2423 1051 2678 1115 prmtlicta
2725 1050 2940 1115 haheat,
2988 1052 3032 1105 si
3071 1051 3286 1120 justitia
3317 1062 3364 1106 et
3389 1054 3475 1118 ju.

1924 1140 2063 1193 dicio
2102 1151 2308 1194 careat.
2369 1139 2570 1196 Omnes
2622 1158 2720 1196 vos
2780 1145 2962 1211 igitur,
3025 1144 3220 1214 inquit,
3277 1147 3510 1215 abjecta'

1925 1226 2124 1281 mentis
2149 1229 2540 1290 inconstantia,
2573 1229 2974 1298 certojudicio,
3007 1233 3150 1299 quod
3166 1233 3371 1299 justum
3401 1242 3485 1287 est

1926 1318 2170 1388 quaerite.
2195 1317 2488 1379 Nimirum,
2518 1329 2662 1373 recta
2689 1304 2896 1389 judicia
2921 1338 2939 1375 :
2967 1331 3056 1376 aut
3087 1323 3248 1377 etiam
3278 1324 3483 1389 divina;

1927 1409 1980 1464 id
2021 1418 2126 1470 est,
2153 1409 2246 1465 Dei
2296 1419 2561 1480 praecepta
2612 1412 2885 1466 custodite.
2936 1412 3101 1468 Decet
3137 1428 3265 1468 vero
3296 1415 3385 1467 illa
3435 1424 3489 1466 et

1928 1500 2108 1553 animo
2137 1498 2434 1561 custodire,
2463 1509 2515 1553 et
2556 1515 2744 1570 reapse
2797 1512 3056 1568 praestare
3106 1523 3118 1557 :
3176 1519 3284 1571 quo
3317 1493 3378 1557 fit
3429 1511 3488 1556 ιιι

253 1588 666 1654 δικαιοσόνην,
718 1588 910 1658 μισθὸν
935 1589 1408 1661 ἐπαγγειλάμενος
1426 1591 1494 1644 τὸ
1532 1591 1829 1659 σωτήριον

1933 1591 2196 1658 iustitiam
2240 1590 2412 1658 facere
2450 1590 2668 1656 juhens,
2706 1592 2930 1644 salutem
2959 1600 3008 1645 et
3039 1591 3484 1654 misericordiam,

261 1678 445 1731 καὶτὸ
492 1677 685 1742 ἕλεος,
717 1657 773 1748 ἢ,
818 1679 961 1732 κατά
1008 1657 1139 1743 τούς
1182 1657 1427 1745 λοιποὺς,
1457 1682 1555 1752 τὴν
1605 1657 1824 1736 anteuo-

1933 1689 2024 1734 aut
2077 1679 2375 1734 secundum
2427 1679 2690 1747 reliquos,
2729 1681 3041 1748 justitiam,
3099 1680 3152 1732 in
3206 1682 3484 1749 przetnium

258 1770 473 1834 σύνην.
510 1767 664 1830 Τινὲς
694 1769 749 1821 δέ
797 1786 984 1837 φασιν·
1021 1771 1138 1824 Ἵνα
1175 1771 1249 1842 μὴ
1279 1773 1574 1842 νομίσωσιν
1599 1775 1691 1825 ἐπὶ
1726 1773 1825 1844 τὴν

260 1861 348 1912 τοῦ
386 1861 551 1928 νόμου
580 1862 810 1930 τήρησιν
849 1861 947 1928 τὴν
984 1864 1041 1914 ὲν
1077 1865 1256 1922 σκιαῖς
1287 1864 1381 1915 atat
1411 1864 1602 1926 τύποις
1643 1881 1825 1932 παρα-

256 1949 558 2013 καλεῖσθαι,
596 1951 779 2020 ἐγγὺς
805 1947 976 2015 εἶναι,
1010 1954 1166 2020 φησὶ,
1195 1953 1262 2006 τὸ
1285 1953 1602 2021 σωτήριον,
1628 1956 1723 2007 καὶ
1759 1953 1827 2006 τὸ

259 2039 447 2104 ἔλεος,
479 2039 625 2092 τοῦτ’
657 2039 772 2094 ἐστι
812 2043 1068 2112 Χριστόν.
1115 2043 1374 2114 Ἐλεήσας
1403 2047 1511 2115 γὰρ
1535 2046 1702 2114 ἡμᾶς,
1738 2045 1828 2098 διὰ

259 2129 354 2198 τῆς
399 2131 646 2198 ἀφέσεως
672 2131 895 2185 ἔσωσεν.
929 2132 1086 2186 Οὕτω
1121 2136 1214 2186 καὶ
1254 2135 1576 2206 Ἀμϐακούμ
1600 2151 1616 2166 ’
1651 2154 1670 2187 ι
1703 2137 1827 2188 Ἔτι

257 2220 474 2291 μικρὸν,
495 2222 586 2274 καὶ
612 2224 640 2274 ὁ
662 2223 953 2293 ἐρχόμενος
980 2223 1121 2294 ἥξει,
1153 2226 1246 2279 καὶ
1267 2228 1326 2278 οὐ
1358 2229 1578 2295 χρονιεῖ.
1606 2246 1625 2279 ι
1668 2227 1830 2280 Ἀπο-

257 2311 637 2381 καλυφθῆναι
693 2314 750 2366 δέ
791 2331 992 2383 φησιν,
1027 2315 1219 2385 ἐπειδὴ
1268 2315 1571 2387 προῦλεγον
1621 2317 1721 2388 μὲν
1778 2319 1828 2370 οί

265 2401 534 2470 προφῆται
588 2404 714 2469 περὶ
761 2402 952 2465 αὑτοῦ,
987 2403 1046 2453 ὲν
1089 2403 1238 2466 ἰδίοις
1292 2403 1350 2457 δὲ
1385 2407 1597 2474 καιροῖς
1638 2406 1832 2472 ἐφανε-

258 2491 428 2562 ρώθη.
461 2491 630 2543 Τοῦτο
660 2493 752 2544 καὶ
772 2492 935 2545 Δαϐὶδ
975 2493 1159 2562 ἔλεγεν
1187 2511 1202 2526 ·
1239 2513 1258 2546 ι
1295 2495 1588 2564 Ἐγνώρισε
1627 2495 1829 2566 Κύριος

263 2583 320 2633 τὸ
352 2583 616 2654 σωτήριον
646 2582 810 2636 αὑτοῦ
847 2583 1091 2637 ἐναντίον
1127 2586 1236 2637 τῶν
1267 2584 1459 2640 ἐθνῶν.
1488 2585 1828 2654 Ἀπεκάλυψε

265 2672 719 2743 τὴνίδικαιοσύνην
748 2673 935 2727 αὑτοῦ.
962 2693 981 2725 ι
1024 2675 1145 2728 Ἐπὶ
1171 2676 1451 2740 τοιαύταις
1479 2673 1571 2730 οὖν
1611 2677 1828 2732 ἐλπίσιν

263 2766 524 2833 ἐπιλέγει,
545 2766 847 2835 Μακάριος
869 2765 1024 2834 ἀνὴρ
1053 2769 1086 2820 ὀ
1115 2767 1302 2821 ποιῶν
1328 2769 1534 2824 ταῦτα.
1559 2769 1679 2837 Τὴν
1703 2771 1828 2838 κρί-

258 2871 363 2908 σιν
385 2854 533 2921 λέγει
564 2855 660 2907 καὶ
693 2855 808 2921 τὴν
832 2855 1248 2924 δικαιοσύνην,
1294 2858 1410 2911 ἀλλ’
1439 2860 1538 2928 οὐχ
1567 2859 1596 2911 ό
1638 2874 1832 2928 προτε-

267 2949 332 3017 ρὴ
341 2965 472 3017 μασι
495 2947 793 3017 κομπάζων
819 2954 1172 3020 σωματικοῖ.·,
1195 2953 1446 3024 εὐγενείᾳ
1469 2971 1526 3006 τε
1550 2954 1643 3007 καὶ
1664 2954 1828 3006 πολυ-

266 3039 471 3109 παιδίᾳ.
501 3039 717 3108 Συνῳδὰ
763 3039 972 3107 τούτοις
1019 3041 1206 3113 ἔλεγεν
1261 3044 1512 3117 Ἰωάννης
1561 3048 1589 3102 ὀ
1628 3047 1830 3102 Damt-

268 3133 428 3203 στής·
467 3147 490 3184 ‹
525 3133 799 3204 Ποιήσατε
846 3135 940 3188 οὖν
993 3141 1241 3208 καρποὺς
1291 3139 1473 3204 ἀξίους
1520 3141 1616 3210 τῆς
1667 3159 1834 3211 μετα-

264 3225 432 3289 νοίας,
466 3227 559 3278 καὶ
611 3227 688 3296 μὴ
732 3224 922 3298 δόξητε
973 3228 1178 3296 λέγειν,
1225 3230 1444 3301 Πατέρα
1496 3230 1693 3301 ἔχομεν
1745 3231 1835 3284 τὸν

279 3314 548 3385 Ἀϐραάμ.
586 3333 606 3367 ι
667 3315 899 3385 Ὁμοίως
942 3318 1034 3370 καὶ
1071 3319 1100 3370 ὁ
1150 3319 1360 3390 Σωτήρο
1401 3339 1420 3372 ι
1448 3323 1509 3374 El
1539 3322 1701 3375 τέκνα
1739 3321 1834 3376 τοῦ

278 3407 527 3478 Ἀϐραὰμ
549 3402 670 3478 ἦτε,
692 3407 760 3460 τά
791 3406 926 3477 ἔργα
955 3408 1049 3462 τοῦ
1081 3409 1332 3481 Ἀϐραάμ
1356 3414 1587 3467 ἐποιεῖτε
1613 3414 1698 3468 ἄν.
1730 3432 1748 3465 ι

333 3581 424 3631 Δεῖ
449 3578 506 3631 δὲ
539 3580 674 3648 πρὸς
706 3578 786 3645 τῷ
823 3581 1154 3649 φυλάττειν
1184 3581 1508 3657 [Σάϐϐατα],
1539 3586 1638 3642 καὶ
1698 3587 1836 3642 ἀντ-

269 3667 511 3738 έχεσθαι
537 3669 646 3738 τῆς
689 3669 1099 3741 δικαιοσύνης,
1144 3675 1242 3728 καὶ
1293 3677 1562 3744 κρίσεως,
1614 3682 1712 3733 καὶ
1761 3681 1836 3751 μὴ

273 3760 570 3832 παρέργως
602 3761 690 3814 ἐπ’
717 3763 857 3816 αὐτά
884 3766 1101 3834 χωρεῖν.
1135 3766 1288 3820 Μετά
1333 3767 1534 3822 τούτων
1582 3770 1694 3841 γὰρ
1742 3773 1837 3824 καὶ

269 3852 310 3918 ἡ
334 3851 579 3920 φυλακὴ
612 3851 730 3905 τῶν
754 3853 1069 3908 Σαϐϐάτων
1099 3857 1382 3926 ἐπαινετὴ,
1413 3859 1535 3928 ἥτις
1563 3861 1710 3914 ἐστὶν
1739 3863 1836 3933 οὐχ

269 3941 459 4006 ἁπλῶς
485 3943 543 3996 ὲν
571 3943 761 4014 ἀργίᾳ,
793 3943 908 3997 ἀλλ’
934 3948 992 4000 ὲν
1027 3947 1106 4015 τῷ
1130 3948 1239 4014 τὰς
1273 3948 1494 4018 χεζοας,
1535 3951 1680 4005 τοῦτ’
1722 3953 1836 4006 ἔστι

263 4033 366 4096 τὰς
394 4033 624 4104 πράξεις
651 4035 894 4104 καθαρὰς
924 4037 1138 4092 ἀτόπων
1193 4039 1372 4108 ἔργων
1417 4045 1628 4113 τηρεῖν.
1680 4043 1837 4099 Οὕτω

263 4125 377 4195 γὰρ
405 4125 487 4177 δεῖ
520 4125 984 4193 Σαϐϐατίζοντας
1012 4127 1203 4192 θυσίας
1248 4132 1544 4200 προσάγειν
1596 4151 1840 4204 πνευμα-

263 4214 448 4277 τικάς.
482 4208 616 4266 Εἶτα
653 4217 1060 4287 παραμυθεῖται
1095 4219 1236 4285 τοὺς
1277 4225 1704 4293 προσηλύτους
1739 4227 1838 4282 καὶ

1931 1772 2271 1840 polliceatur.
2314 1770 2514 1824 Putant
2548 1772 2817 1835 nonnulli,
2852 1787 2916 1825 ne
2965 1772 3211 1824 vitientur
3242 1771 3308 1824 ad
3356 1772 3489 1837 legis

1933 1864 2222 1926 umbram,
2285 1871 2648 1933 typorumque
2704 1863 3134 1916 observationem
3187 1863 3487 1926 adhortari,

1933 1955 2156 2009 salutem
2204 1961 2254 2009 et
2285 1955 2726 2018 misericordiam,
2781 1954 2833 2007 id
2869 1963 2951 2009 est
2991 1954 3292 2020 Christum,
3335 1970 3491 2023 prope

1931 2061 2043 2099 esse
2084 2043 2430 2114 significare;
2469 2045 2628 2114 cujus
2673 2045 3021 2098 miseratione
3051 2059 3146 2114 per
3205 2047 3485 2101 remissio-

1935 2150 2057 2189 nem
2100 2135 2301 2190 servati
2333 2149 2545 2189 sumus.
2574 2135 2729 2201 Quod
2777 2136 3064 2190 conlirmat
3104 2147 3156 2191 et
3212 2135 3490 2191 Habacum

1936 2226 2020 2279 his
2057 2225 2237 2280 verbis
2270 2242 2284 2278 :
2323 2242 2342 2276 ι
2375 2225 2567 2279 Adhuc
2598 2225 2896 2291 modicum,
2933 2236 2987 2280 et
3028 2227 3120 2295 qui
3163 2229 3330 2293 venit,
3367 2226 3492 2282 ade-

1935 2313 2032 2376 rit,
2061 2327 2238 2381 neque
2264 2311 2500 2366 tardabit
2535 2312 2600 2365 ⁶³.
2642 2330 2661 2363 ι
2698 2312 2825 2366 Ideo
2858 2320 3036 2366 autem
3081 2314 3358 2367 revelatum
3382 2330 3493 2368 esse

1935 2403 2096 2468 dixit,
2133 2402 2278 2471 quod
2303 2417 2421 2471 quae
2448 2402 2514 2456 de
2546 2416 2612 2455 eo
2647 2402 2920 2470 prOpbetaz
2951 2403 3336 2472 praedixerant,
3376 2407 3492 2457 suis

1934 2493 2275 2562 temporibus
2305 2493 2357 2546 in
2388 2493 2561 2546 lucem
2595 2491 2939 2560 prodierint,
2967 2493 3126 2562 juxta
3168 2493 3300 2548 illud
3337 2493 3494 2546 Davi-

1935 2579 2066 2634 dis:
2111 2597 2129 2632 ι
2173 2577 2372 2632 Notum
2428 2578 2556 2633 fecit
2611 2577 2873 2635 Dominus
2923 2581 3166 2634 salutare
3221 2596 3402 2635 suum.
3439 2581 3492 2633 In

1936 2682 2232 2741 conspectu
2263 2670 2501 2740 gentium
2531 2671 2787 2725 revelavit
2809 2671 3074 2740 justitiam
3097 2672 3218 2740 ejus
3256 2670 3322 2726 “.
3362 2691 3381 2724 ι
3420 2670 3496 2725 Ea

1935 2777 2032 2832 spe
2060 2763 2226 2833 igitur
2250 2760 2526 2817 concludit
2555 2761 2776 2815 Beatum
2805 2778 2918 2816 esse
2947 2765 3112 2817 virum
3156 2765 3246 2833 qui
3271 2765 3374 2817 ista
3409 2766 3496 2832 [a-

1934 2852 2082 2916 ciat,
2105 2850 2373 2921 judicium
2404 2850 2663 2904 nimirum
2698 2860 2747 2903 et
2768 2851 3035 2915 iustitiam
3059 2867 3078 2904 :
3110 2868 3214 2905 non
3248 2853 3339 2922 qui
3372 2867 3496 2906 cor-

1936 2941 2088 3013 poris
2119 2940 2516 3010 praarogativis,
2551 2939 2835 2994 nobilitate
2861 2941 3091 3007 scilicet,
3122 2953 3174 2994 et
3217 2942 3365 3011 prole
3397 2957 3491 2996 su-

1935 3034 2164 3109 perbiat.
2189 3032 2398 3102 Quibus
2434 3041 2488 3089 et
2530 3030 2619 3088 illa
2649 3033 3023 3099 consentiunt,
3064 3047 3185 3104 quae
3228 3047 3256 3085 a
3287 3031 3496 3087 Joanne

1934 3125 2101 3197 638
2135 3123 2378 3192 Baptista
2427 3122 2479 3175 in
2512 3123 2656 3175 hunc
2689 3123 2909 3176 modum
2944 3133 3198 3194 usurpata
3227 3125 3493 3194 legimus:

1941 3239 1959 3271 ι
1998 3219 2184 3273 Facite
2230 3232 2362 3287 ergo
2413 3216 2624 3274 fructus
2658 3217 2853 3288 dignos
2902 3219 3271 3288 pmnitentiae,
3321 3235 3497 3288 neque

1935 3311 2227 3365 videamini
2259 3310 2443 3364 dicere
2473 3329 2484 3364 :
2523 3309 2739 3365 Patrem
2773 3310 3034 3364 habemus
3064 3299 3342 3364 Abraham
3366 3309 3432 3364 ⁸⁷.
3472 3330 3492 3363 ι

1936 3399 2002 3453 Et
2035 3401 2125 3454 illa
2155 3401 2341 3462 etiam,
2374 3414 2492 3468 quae
2522 3414 2552 3452 a
2575 3399 2857 3454 Salvatore
2890 3418 2904 3454 :
2948 3417 2967 3450 ι
3008 3399 3066 3453 Si
3097 3399 3191 3454 filii
3222 3400 3495 3455 Abraham

1937 3491 2148 3554 essetis,
2184 3505 2349 3558 opera
2375 3490 2606 3544 Abrahae
2636 3489 2891 3545 faceretis
2915 3491 2984 3544 ⁸⁸.
3015 3509 3034 3542 ι
3507 3487 3510 3490 ’

2006 3578 2156 3647 Opus
2197 3585 2281 3633 est
2336 3593 2462 3631 vero
2510 3578 2579 3628 ad
2646 3577 3003 3631 Sabbatorum
3061 3580 3494 3643 observationem,

1929 3666 2202 3736 justitiam
2229 3666 2364 3720 tueri
2400 3675 2450 3720 et
2481 3666 2788 3735 judicium;
2819 3684 2925 3722 non
2961 3669 3176 3739 frigide,
3217 3687 3322 3725 non
3355 3674 3498 3727 osci-

1938 3767 2115 3811 tanter
2143 3755 2209 3810 ad
2236 3771 2424 3810 eorum
2447 3757 2883 3811 observationem
2917 3759 3196 3814 accedere.
3226 3759 3321 3814 Est
3351 3763 3495 3816 enim

1937 3863 2061 3905 cum
2114 3849 2236 3904 istis
2288 3847 2558 3902 laudanda
2615 3845 2973 3901 Sabbatorum
3017 3847 3342 3914 observatio;
3388 3867 3496 3906 non

1939 3943 2029 3996 illa
2060 3941 2207 3995 iners
2253 3939 2449 4009 plane;
2495 3939 2593 3994 sed
2625 3955 2744 4009 quae
2775 3955 2986 4006 manus,
3030 3940 3081 3994 id
3112 3949 3196 3995 est
3229 3944 3496 4006 actiones,

1939 4035 2008 4089 ab
2036 4033 2350 4104 impuritate
2387 4032 2592 4086 alienas
2622 4039 2926 4086 conservet.
2964 4032 3037 4085 Ita
3068 4034 3214 4087 enim
3255 4049 3374 4096 eos,
3405 4037 3498 4104 qui
3590 4039 3593 4043 '

1939 4124 2178 4179 Sabbata
2198 4123 2497 4187 observant,
2527 4123 2840 4192 spirituales
2870 4123 3076 4178 hostias
3097 4124 3254 4179 decet
3277 4125 3494 4179 offerre.

1939 4215 2271 4286 Alienigeuas
2303 4214 2499 4269 deinde
2518 4224 2566 4267 et
2583 4213 2840 4267 eunudtns
2870 4215 3206 4280 consolatur,
3240 4225 3496 4283 tanquam

267 4304 412 4369 τοὺς
431 4306 787 4374 εὐνούχους,
829 4308 904 4372 ὡς
933 4309 1146 4375 οὐδενὸς
1173 4313 1282 4366 τῶν
1325 4314 1582 4384 μεγάλων
1610 4319 1830 4390 ἐστερη-

1941 4309 2074 4364 levis
2103 4308 2316 4378 jactura
2356 4307 2448 4369 sit,
2489 4307 2534 4359 si
2554 4307 2833 4375 sanguinis
2873 4307 3191 4374 nobilitate,
3222 4308 3499 4382 prolisque

267 4395 468 4464 μένους
499 4399 818 4468 σωματικῆς
855 4399 1136 4467 εὐγενείας
1170 4403 1264 4455 καὶ
1304 4404 1509 4460 παίδων
1535 4408 1716 4478 γονῆς.
1761 4407 1836 4462 Οὐ

261 4487 378 4557 γὰρ
410 4487 692 4557 ὲμποδίσει
736 4488 911 4544 ταῦτα
959 4491 1067 4544 τῶν
1116 4491 1276 4546 θείων
1304 4498 1488 4565 τυχεῖν
1518 4497 1759 4564 ἀγαθῶν,
1789 4499 1837 4551 εί

261 4573 409 4644 ζῷεν
431 4574 720 4640 θεοσεϐῶς,
751 4575 828 4646 τῷ
857 4577 1305 4650 δικαιοπραγεῖν
1330 4583 1404 4646 ὡς
1441 4584 1523 4637 δεῖ
1555 4588 1839 4641 Σαϐϐατι-

261 4666 488 4732 ζοντες.
516 4667 591 4720 Οὐ
614 4667 723 4738 γὰρ
747 4667 879 4737 ψιλὰ
908 4668 1048 4724 θέλει
1076 4673 1147 4727 τὰ
1169 4672 1441 4728 Σάϐϐατα
1469 4678 1498 4728 ό
1527 4678 1646 4730 κατ’
1668 4678 1842 4748 ἀρχὰς

261 4750 438 4806 εἰπὼν
487 4754 583 4806 τοῦ
619 4754 854 4824 βιϐλίον
893 4775 912 4808 ι
942 4758 1053 4822 Τὰς
1076 4761 1371 4830 νουμηνίας
1409 4764 1582 4834 ὑμῶν,
1632 4768 1725 4819 καί⁵
1773 4768 1839 4820 τὰ

261 4843 546 4905 Σάϐϐατα,
578 4847 672 4896 καὶ
701 4845 915 4916 ἡμέραν
947 4849 1190 4920 μεγάλην
1212 4852 1312 4905 οὐκ
1338 4854 1620 4924 ἀνέχομαιο
1665 4876 1684 4909 ι
1721 4857 1836 4911 ἀλλ’

261 4935 313 4994 εί
343 4935 440 4986 καὶ
470 4934 576 4987 ἔδει
601 4936 722 4988 τότε
761 4940 1088 5006 σωματικῶς
1117 4944 1418 5012 τηρεῖσθαι,
1449 4945 1534 4998 διὰ
1566 4946 1664 5018 τὴν
1693 4966 1834 5019 παρ-

260 5024 528 5092 αγγελίαν
560 5025 654 5078 τοῦ
696 5026 861 5097 νόμου
915 5028 978 5082 τὸ
1016 5030 1353 5096 Σάϐϐατον,
1395 5037 1546 5104 μετὰ
1584 5055 1644 5104 ac;
1659 5039 1836 5105 ι’σεως

258 5115 367 5166 καί
390 5113 777 5182 δικαιοσύνης
797 5112 876 5185 ἦν
896 5123 1204 5186 τηρητέον.
1226 5125 1338 5176 Οὐκ
1362 5127 1467 5196 ἄρα
1490 5129 1834 5198 παραϐλάψει

256 5205 376 5259 ⁸ιὸν
404 5205 706 5276 ἀλλογενῆ
750 5208 811 5260 τὺ
853 5211 1005 5265 νόθον
1035 5214 1127 5266 τοῦ
1177 5216 1385 5282 γένους.
1431 5221 1704 5290 Ἀρέσκων
1725 5222 1833 5291 γάρ

258 5297 456 5367 Κυρίῳ
484 5297 566 5360 είς
593 5295 745 5360 ἔθνος
793 5297 949 5366 ἆγιον
984 5303 1079 5356 καὶ
1123 5307 1181 5357 έν
1224 5307 1436 5373 τέκνοις
1485 5311 1688 5365 τελέσει
1737 5313 1828 5366 τοῦ

336 5494 386 5573 ξ’
417 5494 621 5573 Haba_c_.
646 5515 709 5567 tt,
735 5502 800 5570 3;
835 5503 1000 5562 Hebr.
1037 5523 1092 5573 χ,
1121 5506 1208 5563 37.

257 5563 309 5594 η
336 5508 621 5594 ζηηῗυξίξς
646 5515 709 5567 ην
735 5508 800 5570 ⁵;
835 5508 1000 5562 Hebr.
1037 5523 1092 5573 χ,
1121 5508 1208 5563 57.
1320 5509 1365 5539 ⁸⁸
1396 5508 1543 5564 Psal.
1570 5526 1736 5579 xcvn,
1776 5514 1831 5568 2.

336 5563 446 5620 lsa.
474 5582 516 5636 ι,
551 5569 639 5626 η.

1939 4399 2274 4454 fecunditate
2303 4396 2673 4451 destituantur
2700 4411 2715 4449 :
2741 4412 2862 4450 cum
2893 4398 3200 4452 divinorum
3230 4401 3496 4454 honorum

1941 4491 2340 4564 perceptionem
2369 4490 2499 4544 talia
2519 4505 2626 4544 non
2657 4489 2954 4559 impediant
2979 4506 3121 4562 ;qua
3158 4499 3368 4547 tantum
3407 4510 3500 4561 po-

1941 4583 2555 4653 ticntur,quijustitiam
2576 4580 2751 4635 colunt
2774 4589 2826 4635 et
2839 4583 3090 4650 pietatem
3121 4599 3136 4648 ;
3160 4584 3212 4636 in
3242 4600 3348 4650 quo
3374 4600 3500 4638 vera

1945 4675 2296 4730 Sabbatorum
2334 4679 2512 4746 posita
2555 4675 2627 4729 sit
2672 4674 2987 4730 observatio.
3018 4674 3136 4730 Non
3181 4679 3324 4731 enim
3358 4679 3501 4731 nuda

1942 4769 2190 4837 exposcit
2238 4767 2496 4829 Sabbata,
2525 4769 2616 4837 qui
2653 4782 2710 4821 se
2759 4768 2882 4822 libri
2919 4768 3082 4837 hujus
3126 4771 3281 4824 initio
3305 4769 3371 4832 δ’,
3409 4787 3502 4824 co-

1943 4874 2060 4911 ruut
2090 4859 2386 4922 Kalendas,
2420 4868 2472 4912 et
2512 4856 2768 4921 Sabbata,
2795 4860 3046 4929 diemque
3081 4877 3331 4930 magnum
3363 4860 3502 4914 ferre

1941 4965 2048 5003 non
2103 4965 2262 5019 posse
2313 4951 2592 5018 professus
2612 4957 2712 5003 est.
2767 4949 2875 5004 IUIO
2911 4950 3076 5014 vero,‘
3096 4954 3258 5004 etiam
3296 4950 3349 5003 'si
3387 4961 3497 5002 tum

1938 5041 2290 5108 corporaliter
2325 5039 2602 5093 observari
2635 5038 2924 5093 Sabbatum
2959 5056 3024 5095 ex
3066 5042 3198 5109 legis
3236 5051 3500 5108 ptmccpto

1943 5140 2243 5201 oporteret,
2282 5146 2401 5182 cum
2448 5129 2654 5197 judicio
2717 5139 2897 5184 tamen
2959 5139 3009 5183 et
3059 5129 3279 5196 justitia
3335 5131 3498 5182 etiam

1942 5222 2119 5290 fuerat
2162 5219 2586 5274 custodiendum.
2630 5218 2745 5273 Non
2797 5221 2961 5287 igitur
2993 5220 3343 5288 alienigenam
3385 5222 3497 5288 ipsa

1940 5311 2155 5382 generis
2175 5309 2408 5364 oll’endet
2440 5311 2693 5364 varietas.
2731 5310 2870 5374 Quin
2905 5309 3246 5378 potiusinter
3268 5312 3497 5363 Abralue

2023 5516 2066 5548 "’
2105 5514 2293 5569 Matth.
2333 5529 2413 5580 ιιι,
2456 5510 2523 5577 8;
2559 5508 2696 5565 Luc.
2732 5526 2813 5576 ιιι,
2849 5510 2915 5577 8;
2988 5509 3033 5541 ⁸⁸
3069 5509 3226 5566 Joan.
3255 5529 3369 5580 vui,
3407 5513 3494 5570 59.
