3976 6220
230 317 234 320 ’
281 301 419 368 2021
1431 303 1865 366 COMMENTAI

2008 305 2090 364 1N
2133 306 2416 371 ISAIAM.
3397 304 3540 371 2621

281 418 392 469 τῶν
431 414 655 482 ἀγίων,»
687 413 780 465 καὶ
800 412 867 466 τά
894 412 982 465 ἐπὶ
1011 412 1237 476 τούτοις.
1267 412 1354 465 Ἐν
1390 408 1472 475 οἷς
1504 414 1649 466 ἔστιν
1689 414 1859 469 «εἶναι

1970 414 2358 482 exspectabas,
2411 412 2666 470 audiunt.
2715 416 2894 488 Atque
2941 416 3032 475 hic
3076 417 3293 491 quidem
3342 433 3532 475 eorum
3582 433 3588 438 ‘

279 510 348 560 τά
399 506 526 574 ἔθνη
587 502 1027 574 συγκληρονόμα,
1062 504 1156 558 καὶ
1187 504 1473 574 σύσσωμα,
1505 507 1600 558 καὶ
1650 506 1860 576 συμμέ-

1975 507 2187 574 primus
2215 506 2354 559 ordo
2388 506 2574 560 fuerit.
2611 506 2876 577 Sequitur
2905 527 3035 565 vero
3066 522 3119 566 et
3143 511 3279 564 alter
3317 525 3383 564 ea:
3409 527 3538 582 gen-

280 616 415 669 τοχα
441 600 540 668 τῆς
564 596 894 664 ἐπαγγελίας
925 599 982 650 ἐν
1015 595 1254 666 Χριστῷ.
1293 614 1312 646 ι

1969 599 2100 649 tium
2135 596 2402 654 Ecclesiis
2442 597 2736 664 conﬂatus,
2769 616 2932 668 quem
2959 603 3128 672 priori
3183 604 3346 662 etiam
3399 618 3535 657 con-

162 721 170 726 -
259 693 467 762 _junxi.t
527 690 850 760 Apostolus,
907 689 1000 742 ubi
1033 679 1147 757 fiam
1185 704 1291 742 non
1351 703 1474 743 esse
1521 688 1768 757 hospites
1819 695 1872 740 et
1910 687 2173 754 advenas,
2209 690 2301 744 sed
2337 691 2595 745 concivcs
2647 701 2964 746 sanctorum
3031 693 3095 756 "',
3141 693 3340 763 illaque
3417 707 3538 762 qua:

284 794 610 852 sequuntur,
645 782 854 852 colligit
899 799 913 835 :
983 782 1034 834 in
1088 782 1286 849 quibus
1355 781 1520 834 etiam
1583 790 1772 851 gentes
1821 793 1943 838 esse
1981 781 2316 848 cohzeredes,
2354 791 2406 836 et
2425 782 2877 851 concorporales,
2910 782 3077 854 684
3114 791 3170 839 et
3191 782 3540 862 compartici-

283 891 380 944 pes
412 876 467 926 in
496 872 715 927 Christo
751 871 793 902 ¹²⁹
825 871 1184 942 signiﬁcatur.

361 966 598 1026 Εἰκότως
652 959 746 1018 οὖν
812 964 1309 1035 εὐαγγελισάμενος
1373 965 1469 1018 νῦν
1526 966 1602 1035 τῷ
1658 964 1864 1034 πρώτῳ

2046 957 2166 1012 Non
2198 957 2474 1014 immerito
2498 958 2689 1030 igitur,
2713 968 3067 1028 posteaquam
3093 958 3307 1026 priores
3329 959 3542 1018 allocu-

286 1057 526 1123 τάγματι
601 1054 900 1124 ἐπήνεγκε·
971 1054 1079 1108 Καὶ
1130 1057 1531 1123 πορεύσονται
1586 1058 1730 1123 ἔθνη
1784 1055 1865 1120 τῷ

1969 1059 2056 1106 lus
2091 1060 2196 1111 est.
2225 1051 2593 1106 ambulatum:
2624 1061 2674 1105 et
2716 1062 2893 1121 gemes
2921 1053 2973 1104 in
3010 1050 3209 1104 lmnine
3247 1067 3342 1104 suo
3388 1065 3538 1105 nunc

289 1148 436 1217 φωτί
487 1163 625 1209 σου,
655 1146 870 1209 δεικνὺς
898 1147 1078 1200 κοινὸν
1136 1149 1466 1218 ἀμφοτέροις
1494 1150 1561 1202 τὸ
1594 1148 1720 1218 φῶς
1749 1151 1864 1212 τοῖς

295 1239 398 1311 τρὸ
419 1240 518 1306 τῆς
550 1239 874 1308 παρουσίας,
912 1240 1008 1294 καὶ
1039 1238 1287 1318 ὕστερον,
1323 1243 1416 1296 καὶ
1449 1241 1567 1307 τὴν
1594 1242 1863 1310 ,λαμπρό-

293 1345 453 1391 tnta.
482 1327 548 1397 ἢν
577 1327 610 1396 η
643 1325 817 1395 ρύπου
863 1327 1065 1389 παντὸς
1111 1327 1422 1398 ἀπόσμηξις
1467 1330 1861 1398 ἀπεργάζεται.

291 1418 475 1488 Ταύτῃ
503 1419 607 1487 γὰρ
645 1419 740 1470 καὶ
771 1420 824 1471 οί
860 1415 978 1471 τῶν
1013 1419 1204 1471 ἐθνῶν
1233 1421 1526 1491 χρήσονται
1554 1420 1861 1486 βασιλεῖς,

293 1509 678 1579 καθαιρόμενοι
719 1510 784 1578 τῇ
829 1510 936 1561 τῶν
984 1509 1140 1562 θείων
1183 1509 1498 1581 μυστηρίων
1553 1511 1802 1581 δυνάμει,
1836 1511 1864 1565 ὃ

291 1603 354 1670 δὴ
393 1601 512 1653 καθ’
543 1603 689 1670 ἡμᾶς
745 1600 833 1654 διὰ
880 1601 988 1654 τῶν
1021 1601 1198 1672 ἔργων
1227 1605 1440 1673 ὁρᾶται.
1493 1599 1623 1656 Εἶτα
1675 1604 1865 1675 ἐπειδὴ

291 1689 482 1744 ἐθνῶν
512 1691 907 1761 ἐμνημόνευσε,
938 1692 1036 1745 καὶ
1067 1693 1380 1757 ,Βασιλέων
1411 1694 1603 1756 ἐθνῶν,
1643 1694 1867 1748 ἀκολού-

291 1781 398 1856 θως
428 1781 527 1848 τὴν
557 1781 830 1849 προτέραν
862 1781 958 1833 τοῦ
1011 1781 1146 1834 Θεοῦ
1197 1782 1352 1836 πόλιν
1385 1782 1624 1835 διδάσκει
1660 1783 1866 1846 πάντας

288 1853 414 1934 τοὺς
540 1843 744 1925 ἐθνῶν.
771 1872 1095 1941 προσιόντας
1128 1871 1204 1941 τῷ
1235 1871 1481 1926 θεοσεϐεῖ
1507 1843 1861 1945 πολιτεύματι
1893 1843 1939 1902 Β

291 1963 466 2014 οἰκεῖα
494 1961 673 2016 τέκνα
719 1963 974 2032 ἡγεῖσθαι
1005 1963 1177 2030 λέγων
1199 1979 1214 1992 ·
1253 1963 1365 2017 Ἴδε
1409 1965 1760 2034 συνηγμένα
1789 1967 1863 2018 τὰ

294 2052 473 2108 τέκνα
505 2069 642 2116 σου,
673 2051 767 2114 οὒς
799 2053 888 2104 καί
937 2069 1100 2123 φησιν
1128 2053 1219 2105 ἐπ’
1253 2052 1427 2122 ὤμων
1469 2055 1859 2123 ἀρθήσεσθαι.

293 2143 384 2194 Διὸ
418 2143 615 2206 πάντες
642 2145 692 2196 ot
735 2144 804 2208 ἐξ
854 2143 1044 2197 ἐθνῶν
1071 2145 1496 2209 πεπιστευκότες
1531 2147 1863 2215 ἐπαγγελίαν

294 2237 580 2305 εἰλήφασιν
607 2238 688 2299 είς
746 2237 981 2300 κόλπους
1008 2237 1261 2308 Ἀϐραὰμ
1289 2238 1728 2294 ἀναπαύσασθαι.
1754 2241 1864 2294 Καὶ

294 2327 558 2397 πολλαχοῦ
597 2327 656 2380 δὲ
705 2327 968 2399 θυγάτηρ
1006 2328 1389 2399 Ἰερουσαλὴμ,
1416 2331 1511 2384 καὶ
1544 2330 1702 2396 Σιὼν,
1737 2333 1770 2402 ἠ
1805 2332 1864 2398 ἐξ

291 2417 483 2472 ἐθνῶν
527 2417 828 2489 Ἐκκλησία
885 2418 1241 2490 χρηματίζει,
1277 2419 1353 2484 ὠς
1394 2420 1452 2472 ὲν
1499 2419 1598 2490 τῷ,
1649 2423 1863 2492 «Χαῖρε

293 2507 518 2576 σφόδρα,
546 2506 792 2577 θυγάτηρ
821 2505 978 2561 Σιών.
1027 2509 1310 2578 Κήρυσσε,
1359 2509 1604 2581 θυγάτηρ
1665 2510 1864 2582 Ἰερου-

293 2599 498 2670 σαλήμ.
549 2600 677 2660 Ἰδοὺ
728 2600 984 2671 ἔρχομαι,
1014 2602 1110 2654 καὶ
1146 2601 1553 2674 κατασκηνώσω
1604 2604 1661 2655 ὲν
1713 2601 1864 2673 μέσῳ

293 2709 409 2757 σου,
434 2692 581 2760 λέγει
616 2693 840 2764 Κύριος,
891 2694 984 2746 καὶ
1022 2693 1378 2764 πορεύσονται
1401 2695 1526 2764 ἔθνη
1575 2693 1745 2748 πολλὰ
1773 2695 1865 2748 ἐπὶ

291 2784 382 2836 τὸν
419 2783 642 2853 Κύριον.
677 2803 696 2836 ι
749 2784 823 2838 Τὸ
867 2785 923 2838 δὲ
957 2786 1262 2854 πόρῤωθεν
1295 2785 1486 2854 ἥκειν,
1535 2787 1865 2858 παρίστησιν

294 2872 368 2936 ὡς
473 2875 570 2944 μὲν
603 2875 794 2946 πόρρω
824 2893 924 2928 που
951 2877 1049 2945 τῆς
1077 2876 1355 2946 βασιλείας
1379 2877 1473 2931 τοῦ
1502 2879 1738 2950 Ἰσραὴλ,
1771 2880 1866 2935 καὶ

293 2965 434 3030 ξένοι
471 2965 578 3019 τῶν
610 2967 885 3037 διαθηκῶν
913 2969 1010 3035 τῆς
1059 2969 1415 3038 ἐπαγγελίας.
1449 2988 1468 3022 ι
1501 2969 1642 3024 Ἀλλ’
1683 2972 1862 3041 ὑμεῖς,

293 3056 480 3124 φησὶν,
507 3057 560 3110 of
585 3075 714 3111 ποτε
747 3058 964 3130 μακρὰν
980 3059 1151 3126 ὄντες,
1190 3061 1356 3130 ἐγγὺς
1384 3061 1699 3134 ἐγενήθητε.
1739 3083 1758 3116 ι
1778 3063 1868 3128 Ὠς

291 3148 401 3234 γάρ
449 3150 478 3202 ὁ
527 3147 740 3213 Παῦλος
784 3166 969 3221 φησιν’
1009 3151 1126 3205 «οὑ
1177 3151 1378 3216 πάντες
1411 3155 1460 3208 oi
1511 3154 1572 3220 ἐξ
1619 3153 1858 3226 Ἰσραὴλ,
1889 3169 1935 3234 c

292 3231 444 3292 οὗτοι
501 3240 756 3311 Ἰσραήλο
791 3240 927 3299 ἀλλὰ
967 3241 1032 3295 τά
1061 3242 1227 3297 τέκνα
1265 3242 1365 3312 τῆς
1402 3244 1740 3314 ἐπαγγελίας
1774 3247 1863 3300 λο-

289 3329 502 3399 γίζεται
530 3332 611 3395 εις
639 3331 882 3404 σπέρμα.
908 3351 927 3384 ι
959 3333 1068 3386 Καὶ
1099 3334 1234 3404 πρὸς
1267 3333 1520 3406 Ἀϐραάμ
1543 3335 1599 3389 δὲ
1620 3338 1822 3410 ἐρρέθη
1845 3357 1862 3374 ο

292 3419 515 3490 Πατέρα
550 3421 760 3474 πολλῶν
791 3422 962 3478 ἐθνῶν
1001 3422 1224 3478 τέθεικά
1249 3441 1330 3479 σε.
1372 3425 1515 3497 Πρὸς
1542 3427 1578 3482 ἃ
1604 3445 1689 3491 τις
1729 3446 1865 3501 προ-

293 3512 472 3581 φήτης
518 3513 688 3583 φησί·
731 3533 750 3565 ι
786 3513 1104 3586 Μνησθητε,
1153 3515 1203 3569 οι
1236 3515 1454 3585 μακράν
1501 3517 1596 3571 τοῦ
1633 3520 1862 3591 Κυρίου,

294 3599 388 3654 καὶ
431 3601 784 3673 Ἰερουσαλὴμ
829 3604 1092 3676 άναὸήτω
1132 3605 1224 3659 ἐπὶ
1262 3605 1361 3676 τὴν
1389 3607 1618 3678 καρδίαν
1647 3609 1854 3680 ὑμῶν.)

299 3693 364 3744 ’Δ
385 3692 448 3761 δὴ
473 3693 566 3770 καὶ
590 3693 904 3761 πεισθέντα,
930 3696 1069 3748 κατά
1089 3695 1178 3749 τὸν
1196 3697 1443 3764 Ἡσαΐαν,
1469 3699 1620 3768 φασί·
1646 3699 1860 3766 «Δεῦτε,

292 3773 586 3852 ἀναδῶμεν
612 3785 692 3848 είς
720 3785 781 3837 τὸ
811 3784 938 3855 ὅρος
968 3785 1062 3838 τοῦ
1096 3785 1324 3856 Κυρίου,
1363 3788 1460 3842 καὶ
1487 3790 1566 3852 εἰς
1596 3775 1687 3842 τὸν
1717 3787 1865 3845 οἷκον

290 3870 386 3925 τοῦ
413 3870 547 3924 Θεοῦ
581 3871 800 3938 Ἰακὼὸ,
833 3875 924 3926 καὶ
955 3874 1246 3941 ἀναγγελεῖ
1274 3874 1372 3946 τὴν
1397 3876 1516 3929 ὁδὸν
1556 3877 1744 3946 αὐτοῦ,
1770 3881 1865 3934 καὶ

293 3964 674 4034 πορευσόμεθα
704 3966 763 4018 ὲν
809 3965 969 4036 αὐτῇ.
1001 3985 1020 4017 ι
1055 3967 1222 4031 Ἀλλ’,
1271 3967 1400 4022 ἰδοὺ
1450 3969 1655 4036 ἧκασι,
1707 3973 1862 4042 φησὶ,

292 4053 439 4110 τοῦτ’
470 4053 638 4118 ἐστιν,
665 4057 765 4109 οὐκ
791 4057 868 4123 εἰς
915 4057 1132 4128 μακρὰν
1160 4059 1193 4128 ή
1243 4059 1438 4129 κλῆσις
1486 4061 1688 4115 αὐτῶν.
1721 4065 1864 4133 Δρα-

296 4145 523 4216 μοῦνται
565 4148 672 4219 γὰρ
725 4149 914 4221 ὥσπερ
963 4151 1103 4203 κατὰ
1150 4149 1287 4204 πόδα
1334 4150 1444 4205 τῶν
1493 4152 1866 4221 εὐαγγελικῶν

295 4238 684 4306 κηρυγμάτων,
729 4238 852 4309 δίχα
898 4240 1059 4293 πόνου
1111 4240 1332 4303 παντὸς.
1367 4239 1495 4294 Ἐπ’
1539 4240 1713 4310 ὤμων
1756 4243 1865 4313 γάρ

291 4327 681 4395 ἀρθήσονται,
717 4324 804 4382 οἷα
842 4329 906 4400 δὴ
963 4330 1137 4400 βρέφη
1182 4331 1304 4393 ταῖς
1345 4331 1456 4384 τῶν
1489 4333 1867 4401 μυσταγωγῶν

293 4420 692 4488 παιδαγωγίαις
737 4422 1256 4492 χειραγωγούμενοι.
1281 4423 1427 4476 Γάλα
1461 4423 1570 4494 γάρ
1617 4424 1865 4489 ποτίζον·

1962 1143 2234 1212 adiungit,
2269 1149 2338 1194 ιιι.
2356 1158 2646 1198 commune
2677 1148 2851 1196 tamen
2892 1142 3142 1211 utrisque
3165 1152 3290 1195 ante
3337 1141 3538 1196 adven-

1964 1247 2101 1297 tum,
2135 1245 2191 1290 et
2221 1236 2500 1304 deinceps,
2529 1250 2988 1303 communemque
3016 1232 3345 1301 splendorem
3375 1247 3535 1303 quem

1961 1327 2207 1382 Sontium
2279 1326 2526 1382 omnium
2608 1324 2802 1379 elliciat
2879 1325 3172 1387 abstersio,
3257 1338 3384 1378 esse
3445 1323 3540 1378 de-

1970 1427 2263 1473 monstret.
2303 1417 2377 1474 Ea
2407 1417 2552 1472 enim
2581 1417 2684 1489 ipsi
2709 1416 2873 1470 etiam
2905 1415 3143 1486 gentium
3183 1431 3328 1484 reges
3376 1423 3538 1468 uten-

1964 1518 2074 1572 tur,
2123 1513 2246 1562 eum
2308 1509 2461 1579 ipsos
2512 1508 2832 1565 divinorum.
2889 1507 3277 1578 mysteriorum
3333 1506 3540 1560 virtute

1965 1600 2216 1665 lustrari,
2245 1601 2396 1670 quod
2443 1601 2650 1654 sa~culo
2704 1609 2894 1655 nostro
2944 1599 3124 1669 reipsa
3173 1598 3375 1653 factrum
3430 1603 3535 1652 est.

1964 1691 2279 1760 contigerit.
2315 1690 2590 1758 Quoniam
2624 1689 2819 1744 deinde
2856 1690 3092 1759 gentium
3135 1688 3408 1747 meminit,
3456 1703 3538 1738 re-

1966 1797 2193 1851 gumque
2242 1796 2470 1846 earum;
2506 1781 2742 1849 priorem
2796 1781 3056 1850 deinceps
3115 1779 3206 1832 Dei
3262 1779 3540 1832 civitatem

1966 1886 2154 1924 omnes
2185 1885 2280 1924 eos
2304 1870 2371 1924 de
2411 1871 2670 1940 gentibus,
2699 1871 2793 1940 qui
2823 1881 3076 1926 sanctum
3127 1881 3181 1925 et
3232 1871 3381 1939 pium
3417 1871 3544 1924 vitm

1967 1961 2279 2018 institutum
2305 1962 2752 2031 amplectentur,
2785 1963 2927 2030 ﬁlios
2955 1963 3079 2030 ejus
3104 1962 3300 2017 haberi
3338 1963 3540 2028 docet;

1964 2065 2088 2106 cum
2134 2061 2472 2121 congregatos
2507 2052 2649 2120 ﬁlios
2693 2051 2806 2120 ejus
2843 2051 3016 2107 videre
3059 2053 3340 2122 pracipit;
3393 2052 3543 2123 quod

1964 2142 2132 2197 etiam
2160 2142 2393 2198 humeris
2417 2143 2689 2197 sublatum
2721 2143 2791 2196 iri
2814 2144 3065 2214 adjungit
3097 2160 3110 2198 :
3149 2144 3294 2200 unde
3319 2159 3541 2206 omnes,

1965 2233 2060 2303 qui
2093 2233 2162 2288 de
2210 2234 2445 2304 gentium
2502 2248 2733 2288 numero
2780 2234 3155 2300 crediderunt,
3201 2235 3256 2288 in
3309 2233 3548 2289 Abrahae

1966 2323 2092 2377 sin‘u
2135 2325 2373 2392 quietem
2407 2339 2467 2378 se
2499 2323 2810 2388 habituros,
2841 2324 3269 2392 promissionem
3297 2339 3530 2394 accepe-

1967 2424 2116 2471 runt.
2140 2415 2391 2484 Persaape
2413 2429 2544 2470 vero
2568 2423 2624 2469 et
2648 2416 2819 2484 ﬁliam
2840 2413 3167 2480 Jerusalem,
3205 2425 3257 2470 et
3291 2413 3541 2479 Siouem,

1968 2507 2141 2578 ipsam
2186 2509 2418 2578 gentium
2456 2505 2758 2562 Ecclesiam
2793 2508 3102 2578 nuncupari
3141 2507 3384 2577 reperias
3418 2523 3435 2533 ~
3482 2515 3544 2560 ut

1967 2597 2070 2657 hoc
2099 2597 2216 2652 loco
2248 2615 2262 2652 :
2300 2617 2319 2649 ι
2345 2597 2532 2653 Gaude
2587 2597 2954 2663 vehementer,
2993 2598 3104 2654 ﬂlia
3129 2598 3261 2653 Sion
3290 2617 3305 2665 ;
3333 2597 3535 2668 jubila,

1970 2690 2085 2746 lilia
2113 2687 2442 2750 Jerusalem.
2479 2691 2620 2748 Ecce
2658 2691 2838 2756 venio,
2871 2699 2926 2747 ct
2961 2691 3223 2747 habitabo
3270 2691 3541 2747 invmedio

1969 2782 2068 2847 tui,
2101 2781 2236 2837 dicit
2274 2781 2585 2838 Dominus:
2634 2790 2688 2838 et
2741 2783 2965 2838 venient
3017 2792 3208 2854 gentes
3256 2781 3442 2836 multae
3470 2781 3540 2836 ad

1967 2872 2257 2928 Dominum
2285 2873 2352 2927 '°.
2403 2891 2424 2925 ι
2460 2873 2616 2940 Quod
2645 2883 2826 2930 autem
2857 2873 2924 2930 de
2959 2875 3110 2944 longe
3142 2874 3336 2937 venire,
3365 2872 3546 2942 dixit,

1971 2965 2130 3033 longe
2159 2979 2263 3020 nos
2292 2965 2593 3035 aliquando
2619 2965 2690 3020 ab
2718 2965 2938 3024 lsraelis
2970 2980 3142 3033 regno
3188 2963 3458 3027 abfuisse,
3487 2974 3544 3019 et

1970 3069 2001 3108 a
2053 3062 2510 3110 testamentorum
2569 3055 2935 3126 promissione
2989 3055 3308 3125 peregrinos
3369 3051 3545 3110 fuisse

1970 3145 2261 3216 signiﬁcat.
2307 3165 2324 3198 ι
2369 3145 2475 3203 Sed
2505 3161 2623 3212 vos,
2658 3149 2860 3218 inquit,
2890 3147 2984 3217 qui
3035 3146 3332 3217 aliquando
3371 3147 3546 3201 eratis

1968 3233 2146 3303 longe.
2177 3247 2326 3288 nunc
2366 3233 2494 3289 iacti
2524 3235 2659 3291 estis
2701 3250 2872 3307 prepe
2895 3237 2964 3291 “.
3005 3254 3025 3288 ι
3061 3266 3130 3276 -
3163 3253 3182 3288 ι
3220 3234 3341 3290 Non
3371 3236 3541 3298 enim.

1966 3323 2148 3396 inquit
2201 3325 2537 3394 Apostolus,
2572 3341 2765 3383 omnes
2821 3328 2917 3398 qui
2973 3339 3103 3388 sunt
3147 3326 3214 3382 de
3264 3326 3472 3392 Israel,
3506 3329 3541 3379 ii

1966 3426 2097 3477 sunt
2130 3418 2299 3476 Israel
2327 3437 2343 3475 :
2379 3421 2476 3477 sed
2507 3421 2601 3492 qui
2628 3430 2760 3477 sunt
2785 3421 2882 3477 lilii
2913 3421 3326 3492 promissionis,
3364 3421 3422 3475 in
3455 3435 3545 3476 se-

1965 3527 2088 3566 men
2121 3511 2222 3580 ipsi
2258 3520 2586 3581 reputantur
2614 3515 2682 3567 ".
2721 3533 2740 3565 ›
2782 3514 2923 3570 Sunt
2959 3531 3088 3570 vero
3145 3524 3201 3570 et
3254 3513 3322 3568 ad
3372 3514 3548 3566 Abra-

1967 3603 2190 3657 hamum
2221 3604 2506 3667 nonnulla,
2536 3605 2741 3674 quibus
2763 3605 3015 3661 eumdem
3044 3607 3291 3674 gentium
3329 3613 3540 3672 patrem

1971 3694 2087 3749 ﬁeri
2117 3694 2286 3749 voluit
2317 3694 2584 3752 Dominus
2613 3711 2628 3750 :
2655 3697 2722 3752 ad
2759 3711 2883 3766 qua:
2911 3711 3036 3751 cum
3067 3696 3370 3766 respiceret
3404 3709 3538 3765 pro-

1968 3785 2132 3855 pheta
2170 3786 2421 3856 quidam,
2451 3802 2570 3853 eos,
2634 3789 2728 3858 qui
2784 3789 2947 3859 longe
2995 3787 3276 3855 abessent,
3327 3786 3541 3844 Domini

1969 3876 2311 3940 meminisse,
2370 3886 2426 3932 et
2472 3876 2781 3936 Jerusalem
2840 3878 2898 3932 in
2942 3875 3111 3933 corda
3161 3891 3262 3931 sua
3329 3876 3546 3933 inferre

1966 3969 2326 4038 praecepit".
2372 3987 2390 4020 ›
2458 3967 2672 4034 Quibus
2737 3970 2870 4039 quia
2928 3976 3252 4038 paruerunt,
3304 3967 3400 4022 illa
3428 3968 3542 4037 jam

1970 4059 2126 4115 Isaiae
2161 4069 2431 4129 usurpant
2465 4079 2478 4115 :
2517 4080 2535 4113 ι
2567 4061 2780 4127 \‘enite,
2807 4061 3174 4118 ascendamus
3203 4059 3262 4114 in
3301 4069 3544 4116 montem

1967 4150 2203 4214 Domini,
2239 4153 2374 4207 etin
2401 4153 2627 4210 domum
2680 4152 2776 4208 Dei
2821 4153 3018 4208 Jacob.
3073 4152 3141 4206 Et
3193 4151 3546 4208 annuntiabit

1967 4241 2108 4295 viam
2139 4243 2281 4312 ejus,
2333 4243 2386 4297 in
2436 4259 2610 4313 eaque
2639 4244 3043 4300 ambulabimus
3076 4243 3144 4297 “.
3193 4261 3213 4294 ι
3259 4241 3374 4299 lmo
3409 4241 3554 4296 Ecce-

1967 4345 2261 4400 eenerunt,
2323 4336 2544 4404 inquit;
2610 4343 2874 4406 tanquam
2929 4351 3038 4391 non
3095 4335 3289 4406 procul
3350 4334 3547 4390 abesse

1968 4442 2160 4482 eorum
2229 4429 2576 4509 vocationem
2634 4429 2939 4497 signiﬁcet.
3001 4428 3319 4499 Sequeutur
3373 4426 3544 4487 enim.

292 4527 382 4562 ται
421 4511 538 4564 κατ’
585 4512 779 4582 ἀρχὰς,
813 4513 955 4566 κατὰ
989 4513 1159 4584 βραχὺ
1212 4513 1348 4582 πρὸς
1400 4513 1600 4585 μέτρον
1648 4514 1865 4586 ἡλικίας

1969 4527 2228 4587 tanquam
2253 4503 2298 4574 e'
2311 4519 2547 4587 vestigio
2571 4519 2747 4591 385-
2769 4519 3097 4592 evaugeiicae
3115 4517 3545 4590 praedicationis,

295 4600 671 4665 ἀναϐαίνοντες
707 4603 911 4658 τέλειον
957 4602 1084 4656 ὅσοι.
1110 4603 1207 4672 τῆς
1253 4602 1342 4656 διὰ
1389 4603 1707 4673 Πνεύματος
1739 4606 1868 4658 ἀναο

293 4695 598 4764 γεννήσεως
627 4695 841 4766 ἔτυχον.
872 4694 1175 4768 Τοιγαροῦν
1200 4699 1228 4750 ὀ
1258 4696 1482 4762 Παῦλος
1511 4715 1529 4749 ι
1556 4698 1645 4762 Ὠς
1684 4699 1750 4754 ἄν
1784 4715 1866 4765 τις

289 4786 484 4854 τροφὸς
513 4785 692 4857 θάλπῃ
725 4789 793 4844 τά
824 4787 1024 4857 ἑαυτῆς
1052 4787 1239 4852 τέκνα,
1271 4806 1290 4839 ι
1330 4789 1516 4858 φησίν.

1967 4609 2118 4665 nullo
2157 4610 2368 4674 labore,
2393 4612 2657 4682 nulloque
2690 4613 2950 4682 negotio:
2981 4612 3384 4683 quialutmeris
3425 4623 3548 4678 pora

1969 4703 2248 4767 (abutitur,
2282 4711 2543 4772 tanquam
2577 4702 2820 4758 iniantes
2851 4705 3024 4774 aliqui
3063 4705 3134 4758 ab
3161 4700 3548 4757 iniliatoribus

1966 4793 2026 4848 in
2062 4809 2350 4849 sacrorum
2382 4794 2688 4878 penetralia
2726 4810 2891 4849 manu
2935 4795 3181 4850 deducti.
3230 4791 3339 4846 Lac
3387 4790 3542 4846 enim

291 4875 484 4931 bibunt
514 4878 773 4946 primum,
797 4879 946 4937 brevi
975 4880 1231 4952 deinceps
1265 4882 1332 4936 ad
1365 4898 1682 4940 mensuram
1726 4887 1905 4942 aetatis
1940 4889 2239 4958 perfectam
2310 4875 2674 4946 ascendentes
2735 4897 3009 4960 quotquot
3098 4887 3325 4958 spiritus
3392 4895 3549 4952 tege-

291 4971 632 5027 nerationem
671 4972 852 5043 adepti
879 4983 1027 5030 sunt.
1073 4974 1193 5042 Quo
1265 4975 1469 5032 factum
1516 4986 1624 5045 est,
1699 4987 1759 5034 ut
1825 4983 2343 5053 tanquam'nutrix,
2397 4996 2522 5052 quae
2588 4982 2729 5038 [ilius
2758 4996 2891 5038 suos
2948 4979 3154 5044 foveat,

291 5061 491 5118 dixerit
523 5065 590 5119 ⁸³.

374 5179 492 5250 Ἐφ’
513 5175 594 5243 οἷς
619 5181 765 5250 λέγει
786 5199 798 5212 ·
829 5183 974 5238 Τότε
1003 5185 1163 5254 ὄψει,
1194 5187 1289 5242 καὶ
1319 5189 1582 5258 χαρήσῃ.
1610 5191 1720 5252 Καὶ
1748 5191 1866 5257 πῶς

290 5269 352 5321 οὐ
387 5271 570 5340 μέλλει.
616 5274 799 5344 μήτηρ
845 5275 970 5345 περὶ
1004 5276 1235 5344 τέκνοις
1266 5278 1590 5350 σωζομένοις
1621 5283 1866 5352 εὐφραί-

291 5365 531 5427 νεσθαι;
558 5365 631 5418 Τὸ
657 5365 714 5419 δὲ
739 5367 1080 5438 φοϐηθήσῃ,
1103 5370 1254 5440 παρὰ
1283 5371 1383 5441 μὲν
1406 5375 1520 5437 τοῖς
1541 5373 1744 5439 λοιποῖς
1765 5376 1866 5429 οὐκ

292 5455 616 5527 ἐμφέρεται.
651 5460 914 5531 Σημαίνει
938 5462 995 5516 δὲ
1022 5462 1084 5516 τὸ
1101 5463 1394 5535 ἐκστήσῃ,
1425 5467 1517 5520 καὶ
1542 5467 1861 5538 θαυμάσεις.

371 5636 411 5712 ‘_'
431 5636 628 5706 Ephrs.
667 5657 726 5696 ιι.
766 5641 879 5712 19η
928 5642 969 5692 ‘9
1005 5640 1202 5711 Ephcs.
1236 5642 1462 5712 "1,6."
1493 5641 1662 5712 Soph.
1702 5657 1783 5712 ιιι,
1821 5645 1865 5699 H

1969 5643 2174 5700 Lichar.
2209 5658 2282 5707 ιι,
2323 5642 2374 5696 13.

297 5705 341 5742 ”
374 5704 569 5767 Jerem.
610 5712 831 5781 usti."
867 5711 967 5766 lsa.
1027 5704 1085 5776 Ii,
1114 5712 1164 5766 5.
1245 5713 1288 5744 ’⁵
1329 5704 1652 5779 1Ἰἰιοεε.ἰι,
1699 5711 1748 5767 7.

3248 4971 3544 5044 Apostolus

2048 5165 2309 5261 sequitur
2332 5190 2568 5246 deinde:
2605 5187 2750 5243 Tum:
2788 5187 3005 5252 videbis,
3039 5194 3090 5241 el
3125 5181 3400 5255 gaudebis.
3437 5180 3542 5248 Qui

1972 5285 2117 5342 enim
2163 5291 2390 5338 matrem
2457 5283 2690 5352 gaudere
2738 5296 2848 5334 non
2891 5279 3194 5347 contingat,
3245 5275 3289 5330 si
3345 5274 3543 5329 salvari

1971 5377 2110 5448 ﬁlios
2144 5361 2295 5432 suos.
2325 5375 2552 5429 videat?
2597 5373 2703 5427 Sed
2735 5387 2844 5426 non
2871 5378 2954 5426 est
2999 5367 3363 5440 ignoraudum
3398 5367 3544 5436 apud

1971 5469 2112 5524 alios
2143 5468 2345 5522 timebis
2381 5467 2602 5522 verbum
2652 5480 2761 5519 non
2795 5461 3024 5533 reperiri
3062 5478 3080 5518 :
3112 5461 3366 5529 idemque
3400 5457 3544 5527 quod

2455 5644 2494 5674 "
2536 5641 2734 5723 Ephes.
2778 5654 2836 5705 Il,
2871 5639 2955 5695 1'5.
3031 5638 3077 5672 "
3109 5633 3262 5690 Rom.
3301 5631 3448 5699 lx,7,
3483 5629 3541 5684 8.
