3972 6192
502 230 644 296 2δῖἰὸ

501 436 738 486 ctrinam
773 432 970 486 cedere
1003 430 1317 500 contigerit,
1352 428 1536 481 omnia
1567 444 1658 497 per
1690 428 1974 483 Christum
2016 428 2069 480 in

500 536 656 581 tanto
699 525 927 579 meliora
975 532 1365 577 commutatum
1407 520 1500 586 iri,
1537 529 1801 591 quantum
1838 528 1921 574 est
1972 536 2075 572 tere

502 620 698 689 [ιτιιιιιι
738 618 1113 686 praestantius.
1166 613 1377 669 Habere
1409 614 1554 669 enim
1586 630 1657 667 ws
1690 613 1809 666 auri
1853 611 2073 682 quidem

499 711 754 779 speciem;
787 724 885 763 nec
924 724 1118 762 aurum
1152 715 1333 760 tmncn
1367 721 1510 761 esse.
1539 705 1757 759 Habere
1786 715 1841 759 et
1872 703 2074 773 ferrum

500 801 724 871 argenti,
779 809 1000 869 propter
1047 798 1414 867 splendorem,
1462 809 1564 849 nec
1598 810 1723 849 esse
1775 805 1956 848 tamen
1989 808 2077 846 ar-

498 902 732 963 gentum,
763 906 872 960 quo
900 891 1103 943 factum
1136 898 1241 953 est,
1267 895 1325 940 ut
1360 886 1564 940 Paulus
1591 886 1729 956 ipse,
1782 902 1907 940 cum
1938 887 2075 957 legis

498 985 889 1054 cognitionem,
914 996 1038 1034 cum
1079 994 1142 1034 ea
1201 994 1322 1048 qua:
1346 978 1549 1033 Christi
1576 986 1661 1032 est
1707 988 2073 1047 compararet,

498 1073 826 1144 quisquilias
856 1072 1133 1141 appellare
1175 1087 1280 1124 non
1317 1068 1587 1123 dubitarit
1619 1069 1685 1124 δ’.
1720 1067 1906 1139 Neque
1949 1084 2075 1124 vero

498 1167 640 1219 male
676 1164 996 1218 Scribarum
1039 1170 1091 1216 et
1148 1160 1549 1214 Phariszeorum
1581 1159 1895 1230 disciplina,
1946 1159 2074 1229 quia

498 1260 746 1313 fabulosa
776 1298 791 1321 ,
834 1256 990 1326 lignis
1040 1263 1089 1307 et
1149 1252 1416 1320 lapidibus
1467 1260 1855 1321 comparetur;
1908 1267 2073 1323 quam

498 1360 649 1405 tanto
685 1357 908 1418 superat
937 1361 1060 1418 quae
1103 1344 1168 1398 de
1194 1344 1418 1399 Christo
1459 1350 1579 1409 est;
1612 1352 1823 1413 quanto
1854 1352 1939 1397 est
1972 1359 2076 1411 (ονε

498 1445 700 1513 lignum
728 1482 742 1506 ,
787 1448 996 1510 quanto
1039 1437 1218 1507 lapide
1263 1435 1465 1507 ferrum
1505 1436 1881 1506 praestantius.
1934 1433 2075 1490 Sunt

497 1537 641 1590 enim
678 1536 847 1586 altera
890 1530 1108 1601 quidem
1155 1529 1222 1584 ad
1264 1527 1718 1584 contundendam
1766 1526 2073 1597 infringen-

497 1628 738 1697 dumque
783 1623 964 1677 facilia
992 1632 1042 1677 et
1083 1628 1332 1692 prompta
1368 1635 1382 1671 :
1414 1621 1585 1675 altera
1612 1628 1820 1685 autem,
1879 1627 2075 1688 praeter

1839 230 2186 291 l’iithOl’ll
2234 234 2473 292 G.’.Z.E[

573 339 880 409 Slgltinttuf‘l
911 346 1091 393 tamen
1159 338 1311 391 aiunt
1340 336 1612 400 nonnulli,
1647 352 1769 390 cum
1808 338 1939 406 iegis
1980 337 2079 388 do—
2109 345 2147 396 Α

2253 339 2404 398 Τινὲς
2437 340 2490 391 δέ
2523 356 2651 406 φασι
2694 338 2977 407 βούλεσθαι
3014 340 3190 409 λέγειν
3222 383 3235 408 ,
3265 343 3337 395 ὅτι
3372 346 3523 398 πάντα
3569 350 3672 415 πρὸς

2178 429 2235 481 τὺ
2290 430 2509 500 ἄμεινον
2569 433 3008 501 μεταστήσεται,
3051 438 3463 506 παραχωρούσης
3513 441 3595 506 τῆς
3632 444 3673 493 ἐν

2179 522 2327 592 νόμῳ
2353 522 2688 584 παιδεύσεως
2720 526 2785 594 τῇ
2839 523 2927 577 διὰ
2950 523 3045 577 τοῦ
3078 525 3302 595 Χριστοῦ
3330 529 3548 581 τοσοῦτον
3572 532 3674 603 ούσῃ

2179 613 2469 683 κρείττονι,
2492 614 2613 667 ὅσον
2648 615 2882 682 χαλκοῦ
2931 619 3178 685 χρυσός.
3209 621 3571 687 Χρυσοέρανῖες
3604 625 3676 691 μὲν

2178 704 2287 775 γὰρ
2316 707 2349 757 ὁ
2370 705 2618 773 χαλκὸς,
2652 706 2789 776 πλὴν
2823 708 2884 759 οὐ
2915 709 3161 776 χρυσός.
3200 710 3596 779 Ἀργιιροφιινὴς
3618 714 3676 776 δὲ,

2178 795 2263 849 διὰ
2307 797 2367 849 τὸ
2423 796 2695 863 στιλπνὸν,
2733 798 2828 851 καλ⁸
2861 798 2889 850 δ
2916 799 3154 868 σίδηρος,
3205 799 3315 853 ἀλλ’
3346 802 3436 853 οὐκ
3453 801 3676 871 ἄργυρος.

2180 886 2477 958 Τοιγαροῦν
2516 887 2613 958 τὴν
2664 890 2721 941 ὲν
2782 889 2931 959 νόμῳ
2964 889 3163 957 γνῶσιν
3192 891 3323 959 πρὸς
3366 892 3455 960 τὴν
3478 892 3552 946 διὰ
3578 896 3679 966 Χρι-

2180 978 2328 1042 στοῦ,
2367 978 2611 1033 σκύϐαλα
2640 978 2850 1043 Παῦλος
2879 981 3058 1046 καλεῖ,
3093 983 3124 1050 ἡ
3151 980 3204 1032 δὲ
3234 980 3336 1032 τῶν
3365 981 3400 1032 Γ
3405 987 3680 1052 ραμματέων

2179 1072 2273 1124 καὶ
2300 1070 2610 1142 Φαρισαίων
2638 1071 2958 1126 διδασίιαλία
3003 1070 3250 1142 μυθώδης
3297 1069 3440 1140 οὖσα,
3465 1077 3679 1145 παρεικά-

2177 1163 2324 1229 ζοιτο
2354 1164 2564 1232 ξύλοις
2598 1165 2696 1219 καὶ
2756 1168 2971 1231 λίθοις,
2998 1162 3067 1238 ἦς
3097 1168 3129 1236 ἡ
3163 1167 3218 1220 ὲν
3252 1168 3457 1239 Χριστῷ
3480 1171 3680 1224 τοσοῦτον

2177 1258 2433 1328 ἀμείνων,
2482 1259 2605 1312 ὅσον
2662 1259 2855 1325 ξύλου
2891 1261 3139 1329 χαλκὸς,
3185 1261 3422 1328 σίδηρός
3446 1277 3501 1314 τε
3525 1262 3679 1317 λίθου.

2177 1348 2259 1400 Τὰ
2287 1349 2385 1420 μὲν
2420 1350 2527 1421 γὰρ
2558 1348 2848 1414 εῦθλαστα,
2885 1351 2955 1403 τὰ
2990 1350 3069 1415 δὲ,
3105 1352 3238 1421 πρὸς
3291 1350 3363 1421 τῷ
3388 1351 3589 1421 λαμπρῷ
3612 1355 3681 1406 καὶ

2176 1439 2360 1510 τιμίῳ,
2411 1440 2505 1493 καὶ
2548 1442 2790 1511 ἀρραγῆ.
2832 1441 2951 1503 Βίος
2979 1441 3087 1512 γὰρ
3114 1424 3269 1513 ὀρθὸς
3298 1442 3425 1511 μετὰ
3453 1441 3680 1511 δογμάτων

2176 1529 2390 1600 ἀληθῶν
2430 1531 2804 1601 παραδίδοται,
2838 1532 2925 1585 διὰ
2956 1531 3115 1602 τοῦτο
3142 1532 3231 1586 καὶ
3254 1531 3447 1596 Παῦλος
3467 1533 3550 1602 τῆς
3568 1535 3682 1600 παρά

2176 1644 2337 1680 τινων
2366 1625 2757 1696 μυσταγωγίας
2788 1625 2887 1695 τὴν
2937 1624 3189 1693 δύναμιν,
3217 1623 3364 1688 ξύλα,
3404 1625 3584 1694 χόρτον,
3612 1629 3682 1676 καί

495 1734 658 1791 quam
700 1715 848 1788 quod
887 1711 1178 1785 splendore
1230 1711 1479 1781 praedita,
1529 1712 1768 1781 pretiosa
1810 1712 1973 1765 etiam
2020 1717 2074 1763 et

2179 1717 2357 1781 λίθους
2385 1717 2558 1771 καλεῖ.
2583 1716 2739 1776 Τινὲς
2772 1716 2828 1769 δὲ
2853 1718 2949 1770 καὶ
2973 1717 3114 1769 κατὰ
3142 1716 3237 1787 τὴν
3267 1715 3402 1781 λέξιν
3430 1716 3679 1777 ἀπέδωκαν,

498 1811 791 1880 infragilia.
825 1808 978 1863 Solet
1015 1806 1160 1861 enim
1195 1805 1330 1870 vita,
1358 1818 1478 1872 qua:
1512 1810 1659 1859 recta
1687 1810 1795 1867 est,
1826 1817 1950 1857 cum
1984 1815 2072 1855 re»

495 1904 574 1958 ris
615 1900 923 1971 disciplinis
968 1897 1034 1953 ad
1074 1898 1212 1951 alios
1261 1896 1517 1949 transire.
1563 1892 1682 1960 Quo
1720 1892 1925 1949 factum
1961 1902 2069 1957 est,

497 2006 556 2049 ut
589 1994 831 2064 mysticae
864 1989 1231 2062 quorumdam
1284 1986 1588 2057 disciplina:
1635 1985 1977 2049 facultatem,
2006 1984 2071 2038 li-

493 2103 623 2157 gna,
652 2087 835 2142 fenum
852 2092 905 2139 et
931 2081 1138 2153 lapides
1167 2080 1374 2135 Paulus
1398 2079 1690 2150 appellarit
1712 2080 1780 2131 ⁵ο.
1809 2077 2071 2133 Nonnulli

495 2196 626 2236 vero
650 2178 812 2233 etiam
839 2176 903 2231 ad
928 2175 1166 2230 litteram
1211 2173 1555 2243 explicarunt
1603 2171 2074 2244 tanquamcivita-

494 2275 531 2327 ti
557 2272 817 2341 pietatem
852 2265 1051 2321 colenti
1087 2265 1317 2320 materia
1342 2264 1620 2335 quaelibet,
1656 2265 1895 2336 pretiosa
1913 2281 2068 2337 teque

2178 1811 2253 1875 ὡς
2287 1810 2586 1882 εὐσεϐούσῃ
2617 1811 2684 1880 τῇ
2741 1808 2893 1860 πόλει
2924 1809 3074 1861 πᾶσα
3106 1806 3207 1877 ῦλη
3231 1807 3380 1877 τιμία
3416 1808 3468 1859 ὲν
3495 1808 3577 1875 ῐσῳ
3593 1809 3679 1868 ταῖς

2180 1903 2394 1974 ἀτίμοις
2432 1902 2740 1974 δοθήσεται.
2768 1900 2860 1972 Μὴ
2898 1900 2954 1953 δὲ
2995 1900 3105 1970 γὰρ
3131 1899 3383 1953 ἀδύνατον
3417 1896 3681 1952 εἶναιτοῦτο

2181 1993 2319 2064 Θεῷ.
2361 1993 2508 2065 Πλὴν
2567 1992 2770 2047 τούτων
2820 1990 2961 2044 οὕτω
3003 1992 3300 2061 γινομένων
3348 1994 3398 2044 οἱ
3450 1990 3681 2059 ἄρχοντές

2179 2102 2295 2141 σου
2333 2087 2517 2140 λοιπὸν
2553 2087 2622 2139 ἐν
2671 2087 2880 2154 εἰρήνῃ
2943 2085 3213 2151 διάξουσι,
3256 2084 3390 2137 κατά
3436 2082 3680 2155 πρόγνωσιν

2179 2180 2375 2243 αὐτοὺς
2407 2180 2781 2244 ἐπισκόπους
2803 2175 3060 2240 καλέσας.
3102 2176 3174 2229 Τὸ
3205 2177 3282 2241 δὲ,
3307 2176 3404 2230 Ἐν
3427 2173 3605 2242 alpier
3625 2172 3679 2223 5;-

2179 2272 2397 2338 άξουσιν
2461 2270 2556 2323 καὶ
2588 2270 2659 2323 ἐν
2681 2269 3061 2335 δικαιοσύνῃ,
3110 2269 3174 2321 ἐκ
3198 2269 3384 2338 μέρους
3422 2262 3677 2335 ἐπληροῦτο,

495 2381 558 2419 ac
587 2364 820 2432 abjecta,
855 2358 1108 2415 donanda
1137 2358 1230 2413 sit.
1266 2356 1437 2413 Posse
1457 2357 1601 2413 enim
1640 2357 1875 2428 idipsum
1899 2357 2070 2414 Deum

2177 2363 2311 2422 κατὰ
2343 2362 2422 2427 τὸ,
2471 2380 2488 2411 ι
2525 2360 2624 2413 Ἐκ
2667 2360 2870 2431 μέρους
2912 2361 3274 2430 γινώσκομεν,
3326 2359 3411 2410 καὶ
3442 2358 3498 2409 ὲκ
3527 2359 3680 2425 μέρους

494 2456 732 2513 etlicere.
767 2452 1036 2508 Caeterum
1073 2465 1199 2504 cum
1237 2448 1342 2503 ista
1374 2448 1491 2504 fieri
1540 2449 1858 2519 contigerit,
1888 2450 2073 2506 vivent

2177 2453 2615 2528 προφητεύομεν,
2641 2471 2659 2504 ι
2714 2450 2856 2505 κατὰ
2906 2450 2998 2503 τὸν
3042 2452 3286 2522 παρόντα
3333 2449 3437 2519 βίον
3474 2447 3677 2517 δηλονότι.

494 2552 549 2603 in
574 2564 700 2618 pace
729 2547 991 2617 principes
1021 2543 1118 2606 tui,
1151 2540 1341 2611 adjicit
1364 2557 1379 2605 ;
1402 2555 1543 2612 quos
1585 2550 1808 2613 propter
1841 2542 2069 2598 futuro-

497 2661 617 2698 rum
644 2640 1071 2712 praasensionem
1096 2636 1367 2705 episcopos
1395 2636 1657 2707 appellat.
1692 2635 1899 2692 Deinde
1923 2638 2073 2710 quod

2182 2568 2199 2627 ι
2232 2548 2399 2600 Ὅταν
2437 2545 2492 2599 δὲ
2513 2543 2643 2617 ἔλθη
2664 2544 2721 2596 τὺ
2749 2543 2977 2608 τέλειον,
2999 2542 3062 2597 τὸ
3089 2547 3151 2598 ἐκ
3185 2544 3373 2614 μέρους
3401 2537 3681 2609 καταργηθή-

2182 2655 2356 2691 σεται.
2404 2655 2423 2687 ι

496 2740 551 2790 in
600 2751 751 2804 pace,
787 2732 1109 2804 justitiaque
1156 2730 1401 2785 victuros
1436 2727 1597 2795 dixit,
1651 2728 1706 2783 id
1726 2729 1967 2801 quadam
1994 2746 2062 2787 ex
2102 2740 2255 2801 parte
2303 2731 2416 2801 jam
2451 2727 2755 2798 praestitum
2805 2735 2889 2782 est
2935 2744 2949 2793 ;
2992 2728 3151 2798 juxta
3200 2724 3370 2779 illud:
3409 2743 3425 2776 ι
3468 2724 3531 2777 Ex
3570 2730 3681 2794 parzc

493 2826 922 2898 cognoscimus;
961 2838 1027 2878 ex
1064 2830 1221 2893 parte
1254 2828 1436 2876 autem
1484 2820 1924 2891 prephetamus:
1965 2841 1984 2872 ι
2028 2822 2175 2892 quod
2236 2830 2316 2877 est
2360 2818 2427 2875 ad
2464 2819 2630 2873 vitam
2699 2817 2861 2872 istaut
2932 2817 3303 2874 referendum.
3340 2835 3357 2866 ι
3399 2812 3518 2869 Cum
3544 2822 3679 2867 autem

497 2923 706 2979 venerit
735 2919 881 2990 quod
914 2916 1217 2989 perfectum
1240 2926 1357 2983 est;
1398 2916 1564 2989 695
1598 2916 1745 2987 quod
1776 2933 1841 2973 ex
1872 2928 2027 2988 parte
2055 2925 2160 2983 est,
2191 2915 2550 2972 evacuabitur
2587 2915 2656 2967 ⁸⁸.
2689 2932 2706 2965 ι

563 3015 740 3081 Atque
765 3010 854 3066 hic
879 3009 1103 3080 quidem
1132 3007 1352 3064 futurus
1374 3020 1462 3064 est
1495 3009 1621 3065 linis
1656 3009 1806 3080 regni
1847 3009 2075 3073 Christi,
2102 3014 2147 3076 ί]

495 3121 620 3159 cum
644 3102 813 3158 fuerit
838 3100 1022 3156 omnis
1058 3098 1279 3156 sublata
1310 3100 1566 3169 iniquitas
1589 3141 1604 3166 ,
1636 3115 1763 3155 cum
1798 3103 2077 3167 contritio,

496 3209 621 3247 cum
650 3190 864 3264 miseria
896 3186 1159 3257 denique.
1186 3184 1385 3244 Nullus
1413 3191 1560 3244 enim
1596 3189 1858 3261 deinceps
1881 3191 2077 3276 hostis,

499 3283 646 3339 nulla
676 3279 902 3337 sceleris
931 3276 1242 3333 recordatio
1274 3280 1583 3349 supererit:
1614 3281 1780 3350 quale
1812 3290 1897 3338 est
1914 3282 2075 3337 illud:

444 3397 490 3436 ,ι
526 3371 809 3432 Abscessit
838 3369 1020 3434 dolor,
1045 3377 1102 3424 et
1139 3369 1416 3435 molestia,
1441 3377 1497 3425 et
1534 3371 1774 3443 gemitus
1801 3373 1871 3427 ⁵³.
1912 3392 1930 3426 ι
1976 3372 2077 3428 Ve-

498 3483 640 3532 rum,
673 3475 932 3533 tanquam
962 3460 1243 3532 prioribus
1271 3459 1487 3531 ejectis,
1511 3463 1652 3520 alios
1674 3464 1916 3520 instituit
1967 3466 2077 3534 epi-

495 3574 681 3627 scapos
711 3564 761 3611 et
792 3554 1093 3622 principes;
1124 3553 1214 3623 qui
1234 3568 1415 3622 pacem
1448 3569 1572 3609 cum
1610 3555 1726 3611 Deo
1752 3556 1960 3622 colant,
1979 3556 2070 3628 ju-

499 3651 809 3718 stitiamque
831 3654 1164 3702 venerentur
1196 3663 1210 3700 :
1243 3646 1408 3716 quale
1439 3647 1573 3701 illud
1607 3646 1846 3705 fortasse
1883 3647 2073 3716 fuerit,

496 3747 642 3816 quod
673 3743 784 3812 jam
818 3742 871 3796 in
903 3740 1019 3795 haec
1051 3740 1214 3796 verba
1249 3742 1537 3810 usurpavit
1568 3758 1583 3794 :
1621 3759 1641 3794 ι
1680 3741 1747 3796 Et
1781 3743 2072 3798 immittam

498 3850 720 3891 mamnn
763 3846 940 3888 meam
984 3831 1041 3885 in
1084 3838 1158 3896 te,
1203 3841 1256 3884 et
1305 3843 1610 3900 excoquam
1656 3841 1709 3886 te
1736 3829 1804 3885 ad
1853 3846 2070 3901 purum.

498 3929 604 3983 tios
631 3933 815 3981 autem
862 3922 957 3993 qui
994 3937 1105 3977 non
1140 3919 1502 3986 crediderint,
1537 3918 1803 3991 perdam;
1834 3929 1890 3975 et
1918 3919 2072 3975 aufe-

492 4033 612 4073 ram
637 4030 828 4070 omnes
862 4013 1085 4082 iniquos
1116 4023 1145 4062 a
1177 4016 1250 4075 te,
1279 4019 1333 4065 et
1369 4024 1564 4065 omnes
1588 4009 1860 4078 superbos
1883 4008 2071 4079 depri-

493 4126 661 4172 mam,
688 4116 744 4163 et
776 4103 1302 4174 praeficiamjudices
1332 4101 1451 4169 tibi,
1480 4102 1624 4157 sicut
1653 4100 1889 4172 prius”,
1926 4119 1945 4153 ι
1969 4116 2071 4157 cat-

491 4213 726 4270 teraque
762 4199 1048 4267 deinceps.
1090 4195 1231 4250 Sunt
1263 4208 1391 4250 vero
1418 4202 1476 4249 et
1514 4184 1621 4250 ista
1663 4194 1966 4250 Salvatoris
2000 4194 2069 4249 ad

494 4292 803 4348 Judaaorum
837 4285 1127 4360 praefectos
1155 4303 1169 4341 :
1211 4305 1230 4338 ι
1268 4284 1563 4340 Auferetur
1585 4299 1614 4338 a
1634 4284 1788 4340 vobis
1814 4300 2067 4353 regnum,

2255 3007 2433 3077 Ὅπερ
2456 3004 2573 3060 ἐστὶ
2596 3006 2695 3075 τῆς
2725 3002 2964 3076 Χριστοῦ
3012 3002 3291 3071 βασιλείας
3323 3001 3379 3052 τὸ
3417 2989 3570 3060 τέλος,
3609 2994 3683 3046 xi-

2185 3118 2282 3171 σης
2311 3098 2545 3164 ἀδικίας
2573 3097 2946 3170 ἀνῃρημένης,
2981 3094 3189 3159 παντός
3231 3111 3289 3147 τε
3314 3091 3682 3158 συντρψματος

2182 3195 2278 3247 καὶ
2300 3193 2725 3259 ταλαιπωρίας.
2764 3184 2987 3262 Ἐχθρὸς
3022 3190 3138 3261 γὰρ
3163 3188 3580 3257 ὑπολειφθήσεται
3602 3184 3680 3231 λοι-

2181 3283 2282 3338 πὸν
2302 3282 2500 3347 οὐδεὶς,
2537 3282 2659 3336 οὐδὲ
2685 3281 2876 3353 μνήμη
2904 3281 3129 3347 κακίας,
3162 3280 3301 3334 κατὰ
3340 3280 3415 3342 τὸ,
3444 3297 3459 3328 ι
3507 3272 3682 3339 ’Δπέδρα

2178 3377 2359 3447 ὀδύνη,
2391 3377 2487 3430 καὶ
2536 3376 2703 3447 λύπη,
2748 3379 2845 3430 καὶ
2892 3376 3223 3444 στεναγμός.
3272 3394 3289 3425 ι
3323 3373 3456 3442 Πλὴν
3505 3371 3565 3430 ὡς
3606 3364 3682 3416 τῶν

2178 3466 2413 3538 πρώτων
2438 3464 2879 3536 ὲκὸεὸλημένων,
2939 3465 3168 3534 ἐτέρους
3206 3464 3471 3530 ἀνίστησιν
3499 3453 3684 3511 ἐπισκό-

2180 3577 2361 3626 πους,
2394 3558 2495 3613 καὶ
2524 3557 2822 3627 ἄρχοντας
2850 3558 3282 3625 είρηνεὺοντας
3310 3557 3437 3627 πρὸς
3470 3551 3595 3608 Θεὸν.
3621 3544 3684 3599 καὶ

2177 3651 2454 3722 τιμῶντας
2475 3650 2543 3703 τὸ
2570 3649 2806 3702 δίκαιον
2863 3650 3047 3701 ὁποῖον
3097 3647 3169 3702 ἂν
3215 3649 3299 3716 εἰη
3327 3646 3384 3699 τὸ
3419 3644 3507 3715 ἤδη
3537 3638 3683 3712 ῥηθέν

2185 3762 2202 3794 ι
2232 3744 2340 3798 Καὶ
2368 3741 2555 3809 ἐπάξω
2580 3741 2677 3812 τὴν
2712 3741 2870 3811 χεῖρά
2902 3757 3005 3811 μου
3036 3741 3133 3794 ἐπὶ
3186 3741 3268 3802 σὲ,
3294 3739 3384 3794 καὶ
3421 3732 3622 3806 πυρώσω
3644 3744 3684 3780 σε

2176 3836 2258 3898 είς
2320 3834 2582 3904 καθαρόν.
2641 3834 2782 3897 Τοὺς
2829 3834 2885 3887 δὲ
2940 3832 3306 3898 ἀπειθοῦντας
3353 3828 3590 3888 ἀπολέσω,
3619 3824 3686 3876 καὶ

2176 3924 2360 3996 ἀφελῶ
2390 3926 2599 3988 πάντας
2647 3924 2883 3993 ἀνόμους
2919 3922 3030 3977 ἀπὸ
3062 3923 3182 3988 σοῦ,
3220 3923 3316 3976 καὶ
3339 3912 3524 3981 πάντας
3560 3915 3683 3977 ὑπερ-

2173 4019 2415 4087 ηφάνους
2437 4015 2782 4082 ταπεινώσω,
2813 4015 2910 4069 καὶ
2958 4016 3241 4086 ἐπιστήσω
3283 4014 3403 4076 τοὺς
3433 4008 3595 4081 κριτάς
3618 4017 3684 4053 σου

2172 4111 2247 4174 ὡς
2285 4109 2347 4163 τὸ
2379 4110 2674 4181 πρότερον,
2710 4126 2730 4159 ι
2762 4108 2856 4162 καί
2886 4107 2954 4160 τὰ
2983 4107 3075 4161 ἐπὶ
3117 4107 3346 4169 τούτοις.
3383 4094 3685 4163 aanimi?

2172 4202 2229 4256 δὲ
2254 4205 2365 4266 τοῖς
2402 4201 2676 4256 Ἰουδαίων
2723 4201 2870 4268 λέγει
2923 4199 3265 4272 καθηγηταῖς
3294 4215 3307 4228 ·
3363 4217 3381 4249 ι
3425 4193 3685 4265 Ἀρθὴσεται

2172 4296 2263 4363 ἀφ’
2297 4293 2454 4365 ὑμῶν
2507 4296 2539 4362 ἠ
2607 4292 2855 4363 βασιλεία
2915 4293 3008 4345 καὶ
3056 4292 3344 4363 δοθήσεται
3394 4288 3522 4341 ἔθνει
3558 4278 3685 4346 ἑτέρῳ

492 4393 545 4438 et
569 4381 788 4438 dabitur
826 4368 982 4452 ‘genti
1025 4377 1254 4433 facienti
1303 4376 1517 4432 fructus
1543 4375 1666 4443 ejus
1711 4376 1781 4429 “.
1821 4395 1839 4428 ι
1882 4376 2069 4447 Neque

2177 4385 2419 4441 ποιοῦντι
2452 4387 2578 4448 τοὺς
2609 4385 2858 4456 καρποὺς
2887 4383 3082 4452 αὐτῆς.
3128 4402 3147 4435 ι
3181 4383 3336 4446 Τινὲς
3362 4381 3415 4434 δὲ
3441 4375 3561 4432 κατὰ
3579 4368 3685 4435 λέξιν

415 4527 433 4537 ,
495 4491 623 4530 vero
647 4475 866 4538 desunt,
889 4473 983 4543 qui
1016 4470 1085 4525 ad
1115 4469 1356 4525 litteram
1395 4468 1754 4538 explicantes,
1791 4468 2067 4535 justitiam

495 4583 618 4621 cum
663 4564 903 4621 subditis
928 4562 1180 4618 culturos
1206 4576 1330 4618 esse
1356 4560 1620 4628 principes
1648 4573 1864 4624 eorum,
1894 4559 2066 4615 bello-

492 4672 600 4727 que
640 4671 767 4723 pace
808 4665 1135 4723 comparata
1186 4652 1261 4706 ita
1309 4650 1579 4707 fruituros
1622 4650 1830 4714 dicant,
1868 4662 1927 4704 ut
1972 4651 2066 4721 qui

491 4750 678 4802 hostes
708 4753 803 4798 aut
850 4741 998 4798 feras
1024 4741 1236 4805 timeat,
1268 4738 1335 4792 ad
1369 4739 1520 4807 ipsos
1547 4738 1852 4809 confugiat.
1897 4738 2066 4793 Voca-

492 4841 687 4891 buntur
716 4842 927 4894 autem,
965 4827 1179 4899 adjicit,
1202 4828 1637 4891 salutare,'muri
1664 4829 1743 4881 tui
1770 4843 1787 4881 :
1818 4826 1933 4894 ubi,
1968 4843 2067 4898 pro

490 4945 601 4999 quo
635 4926 879 4981 salutare
924 4921 1086 4987 dixit,
1138 4918 1405 4974 liebraica
1438 4918 1603 4975 lectio
1637 4917 1823 4973 Jesum
1859 4919 2064 4988 posuit.

491 5022 590 5077 Est
639 5020 786 5075 enim
835 5015 979 5072 idem
1028 5014 1167 5084 ipse,
1199 5011 1294 5083 qui
1341 5028 1494 5067 muro
1539 5012 1700 5082 cingit
1741 5009 2066 5067 Ecclesium.

493 5110 749 5181 Sequitur
768 5104 967 5164 deinde
1004 5118 1025 5158 ι
1053 5102 1118 5159 Et
1148 5113 1317 5173 porta
1347 5114 1449 5158 tua:
1465 5102 1741 5171 sculptura
1775 5118 1793 5157 :
1820 5119 1932 5173 quo
1947 5106 2068 5159 loco

492 5204 672 5257 verbis
693 5201 912 5271 quidem
950 5196 1211 5264 diversis,
1246 5210 1354 5250 non
1382 5210 1439 5250 re
1476 5205 1656 5250 tamen
1689 5193 2069 5252 differentibus

493 5292 855 5361 Symmachus
906 5297 962 5344 et
1013 5288 1244 5359 Aquilus
1282 5287 1465 5342 laudes
1513 5289 1863 5357 interpretati
1916 5298 2064 5342 sunt.

494 5387 661 5439 ltatur
712 5384 856 5434 enim
895 5381 997 5434 bac
1034 5382 1249 5435 ratione
1297 5381 1362 5433 ad
1395 5381 1542 5450 pium
1579 5380 1703 5435 vita:
1744 5381 2058 5436 institutum

2178 4476 2362 4543 φασὶν,
2387 4474 2463 4538 ὡς
2508 4474 2801 4544 τιμήσουσι
2846 4473 2911 4526 τὸ
2946 4475 3184 4527 δίκαιον
3210 4473 3347 4544 μετὰ
3368 4470 3464 4523 τῶν
3487 4463 3685 4531 ὑπηκόων

2175 4569 2230 4620 οι
2252 4565 2562 4634 ἄρχοντες,
2596 4564 2841 4632 εἰρήνης
2871 4582 2929 4618 τε
2953 4562 3231 4628 τεύξονται
3261 4563 3358 4633 τῆς
3388 4562 3449 4614 ἐκ
3470 4556 3683 4623 πολέμων.

2177 4654 2253 4718 ὡς
2277 4655 2367 4708 τὸν
2399 4654 2605 4709 δεδιότα
2632 4653 2948 4725 πολεμίους,
2976 4653 3010 4723 ἦ
3044 4655 3243 4726 θῆρας,
3269 4649 3599 4720 καταφεύγειν
3624 4638 3685 4692 ἐπ’

2177 4748 2367 4816 αὑτήν.
2402 4746 2785 4815 κληθήσεται
2831 4746 2909 4811 δὲ,
2947 4744 3118 4815 λέγει,
3168 4746 3457 4814 σωτήριον
3477 4741 3538 4793 τὰ
3563 4736 3685 4800 τείχη

2176 4854 2312 4891 σου.
2342 4837 2509 4891 Πάλιν
2529 4838 2589 4891 τὸ
2605 4837 2923 4907 σωτήριον,
2952 4838 3203 4905 Ἰησοῦν
3220 4838 3332 4908 ἔχει
3352 4838 3409 4889 τὸ
3443 4825 3683 4901 Ἑϐραῐκόν.

2172 4926 2343 4991 Αὐτὸς
2365 4928 2473 4999 γάρ
2502 4929 2650 4983 ἐστιν
2672 4931 2701 4982 ό
2728 4929 2823 4982 καὶ
2852 4928 3260 5000 περιτειχίζων
3280 4931 3378 4999 τὴν
3405 4916 3684 4989 Ἐκκλησίαν.

2173 5021 2284 5074 Καὶ
2326 5024 2387 5075 αἱ
2446 5023 2634 5077 πύλαι
2686 5038 2802 5077 σου
2851 5024 3125 5093 τλύμμα,
3171 5024 3309 5093 ὅπερ
3342 5020 3548 5077 Ἀκύλας
3598 5012 3685 5078 μὲν,

2173 5110 2452 5179 ὕμνησις,
2484 5111 2672 5180 φησὶν,
2709 5113 2737 5163 ὁ
2762 5111 2818 5164 δὲ
2851 5110 3182 5183 Σύμμαχος,
3216 5113 3463 5171 αἴγεσις.
3495 5103 3575 5156 Διά
3600 5093 3686 5148 τού-

2174 5217 2281 5253 των
2312 5201 2476 5270 γὰρὴ
2507 5201 2710 5266 εἴσοδος
2738 5201 2831 5256 τοῦ
2864 5201 3149 5264 θεοσεϐοῦς
3187 5203 3573 5268 πολιτεύματος.
3612 5185 3687 5270 τῶν

2180 5268 2507 5359 προσιόντων
2530 5291 2934 5363 διδασκομένων
2967 5290 3183 5361 ὑμνεῖν
3208 5290 3298 5342 τὸν
3321 5288 3463 5341 Θεόν.
3497 5278 3623 5336 Τινὲς
3647 5268 3687 5321 δῖ

2170 5383 2338 5450 τείχη
2367 5383 2461 5435 καὶ
2497 5384 2721 5450 πύλας,
2745 5385 2870 5447 τοὺς
2908 5382 3266 5446 διδασκάλους
3306 5366 3432 5449 φασὶ
3477 5367 3686 5461 ccxxiiii"

558 5579 603 5609 ⁸⁵
634 5577 864 5651 Philipp.
892 5595 971 5643 ιιι,
1005 5578 1056 5633 8.
1134 5579 1217 5632 "l
1251 5580 1381 5636 (lor.
1408 5593 1488 5644 ιιι,
1522 5579 1611 5632 12.
1689 5581 1729 5611 ¹¹
1767 5580 1936 5634 Ιίέοι.
1972 5596 2088 5644 xzn,
2127 5581 2178 5646 9,
2210 5582 2289 5635 ltt.
2370 5583 2413 5614 θ’
2438 5582 2606 5651 Apm‘.
2635 5597 2744 5645 ut,
2784 5580 2835 5634 4.
2913 5581 2963 5620 ⁸³
2992 5580 3096 5636 lsa.
3131 5579 3285 5645 1,23,
3326 5576 3414 5632 26,
3483 5561 3681 5623 "Matth-

483 5665 598 5703 τίι.
646 5650 735 5706 45.
