3976 6210
419 349 554 414 263Ἱ

1542 356 2073 418 CUMMENTARII
2122 358 2197 419 IN
2241 358 2514 416 l‘.~3.\l.\.‘d.

3535 350 3672 414 2633

418 475 514 522 τας
552 461 648 531 την
685 459 1008 533 Ἐκκλησίαν
1033 463 1131 536 βίῳ
1156 468 1248 520 καὶ
1274 467 1529 539 δόγμασι,
1563 474 1652 523 καὶ
1684 474 1808 535 τοὺς
1835 463 1994 544 προσ-

2108 472 2324 535 aditus;
2360 472 2404 523 si
2443 470 2536 540 qui
2569 469 2861 536 accedunt,
2903 471 2993 526 Dei
3028 470 3213 523 laudes
3272 467 3567 547 decantare
3583 466 3675 522 do-

422 551 602 614 ιόντας
632 554 974 621 εἰσάγοντας.
994 558 1251 627 Γλύμμα
1282 560 1357 621 δὲ,
1388 561 1468 613 ὅτι
1499 563 1827 633 περικαλλὴς
1857 564 1995 632 ἄγαν

416 647 445 699 ὁ
467 644 624 712 λόγος
655 646 856 711 αὐτοῖς,
885 649 981 701 καὶ
1012 652 1148 721 πρὸς
1192 652 1450 722 ἀλήθειαν
1488 656 1995 725 ἑκτετορνευμένος.

417 740 609 792 Νοοίτο
640 738 687 792 δ’
720 739 784 794 ἂν
814 736 909 795 καὶ
960 743 1054 797 ἐπὶ
1100 744 1359 812 Χριστοῦ.
1405 745 1469 797 Ἠ
1527 746 1634 813 γὰρ
1682 747 1884 809 εἴσοδος
1928 746 1995 798 δι’

416 828 583 881 αὐτοῦ
609 829 744 899 πρὸς
772 830 865 883 τὸν
902 832 1140 903 Πατέρα,
1167 834 1225 897 ὃς
1257 835 1373 886 ἐστι
1408 835 1502 887 καὶ
1537 837 1801 904 γλύμμα,
1835 837 1996 889 οἱονεὶ

419 922 603 992 μορφὴ
638 922 730 973 καὶ
758 922 1045 993 χαρακτὴρ
1081 923 1185 993 τῆς
1215 925 1571 991 ὑποστάσεως
1601 927 1694 981 τοῦ
1730 928 1993 998 Πατέρος,

417 1014 509 1066 καὶ
536 1011 879 1083 ἀπαύγασμα
905 1012 1007 1083 τῆς
1035 1013 1194 1084 δόξης
1241 1017 1430 1070 αὐτοῦ.
1473 1016 1632 1072 Ἀλλά
1673 1020 1768 1073 καὶ
1798 1018 1997 1072 οὐκέτι

418 1103 593 1170 ἥλιος
618 1103 847 1174 ἡμέραν
893 1118 993 1159 σοι
1024 1105 1290 1175 παρέξει,
1319 1108 1461 1162 οὐδὲ
1490 1110 1708 1173 νυκτὸς
1738 1110 1776 1177 ἢ
1814 1110 1997 1173 σελή-

413 1213 489 1264 νη
528 1214 602 1251 σε
632 1197 849 1266 φωτιεῖ.
879 1196 1015 1250 Οὔτε
1057 1198 1167 1269 γὰρ
1210 1199 1281 1252 ἐν
1315 1199 1507 1265 νυκτὶ,
1537 1200 1651 1254 (ὥτ’
1683 1202 1739 1255 ὲν
1752 1199 1995 1271 αἰσθητῷ

413 1290 560 1357 φωτὶ
592 1291 916 1361 γενήσονται
958 1291 1009 1342 οἱ
1044 1292 1138 1344 τοῦ
1184 1292 1374 1345 καινοῦ
1410 1292 1627 1357 αἰῶνος.
1662 1292 1801 1362 Φησὶ
1830 1294 1939 1363 γὰρ
1967 1293 1995 1344 6

414 1378 608 1448 Σωτήρ
623 1394 636 1407 ·
667 1377 725 1431 '0
739 1378 889 1450 ἥλιος
906 1379 1341 1450 σκοτισθήσεται,
1357 1382 1451 1433 καὶ
1482 1384 1514 1453 ἠ
1539 1383 1733 1453 σελήνη
1753 1384 1812 1436 οὐ
1834 1383 1995 1437 δώσει

412 1470 473 1521 τὸ
503 1472 705 1538 φέγγος
765 1471 957 1543 αὐτῆς.
1010 1471 1140 1537 Φῶς
1170 1472 1277 1542 γὰρ
1305 1472 1485 1527 αὐτῶν
1510 1476 1608 1527 καὶ
1635 1475 1787 1539 δόξα
1813 1475 1957 1541 980';-
1976 1492 1990 1504 '

410 1560 765 1632 τελειοτέροις
826 1562 945 1631 μὲν,
993 1562 1110 1616 ἀνθ’
1147 1563 1324 1635 ἡλίου,
1361 1564 1728 1632 ύποϐεδηκόσι
1763 1566 1841 1631 δὲ,
1873 1568 1996 1620 ἀντὶ

412 1653 639 1723 σελήνης
674 1654 980 1724 γινόμενος,
1022 1655 1300 1723 ἀναλόγως
1340 1654 1421 1725 τῷ
1462 1654 1669 1709 τούτων
1698 1655 1993 1727 χωρητικῷ

409 1744 506 1808 τὰς
540 1745 738 1799 ἑαυτοῦ
777 1746 955 1810 διδοὺς
1003 1748 1252 1811 ἀκτῖνας,
1294 1748 1441 1820 ἔργῳ
1478 1749 1699 1821 πληρῶν
1730 1751 1853 1813 τοὺς
1884 1767 1989 1819 μα-

2101 574 2346 619 ceantur.
2385 562 2522 617 Sunt
2546 578 2673 617 vero
2703 564 2889 624 etiam.
2944 565 3034 634 qui
3079 579 3350 617 murorum
3375 572 3677 631 portarunt-

2100 673 2196 727 que
2233 656 2566 722 nominibus,
2600 656 2852 711 doctores
2874 656 3170 725 signiﬁcari
3198 663 3385 725 putent
3405 671 3418 718 ;
3438 669 3672 727 quorum

2102 750 2213 803 vita
2242 758 2295 802 et
2325 748 2596 813 doctrina,
2631 757 2891 818 tanquam
2923 764 3103 803 muro.
3128 749 3366 818 cingitur
3398 746 3669 810 Ecclesia;

2101 842 2153 895 in
2190 858 2357 911 quam
2381 842 2544 896 etiam
2563 841 2889 897 accedentes
2911 842 3291 896 introducunt.
3325 840 3670 911 Sculpluram

2100 931 2299 987 deinde
2340 932 2581 998 dixisse;
2628 932 2773 1002 quod
2816 947 3007 989 eorum
3040 934 3198 989 valde
3225 933 3295 988 sit
3319 930 3575 994 illustris,
3617 939 3672 985 et

2100 1022 2166 1077 ad
2194 1023 2446 1078 veritatis
2478 1021 2849 1079 defensionem
2876 1025 3153 1079 elaborata
3172 1025 3373 1080 oratio.
3394 1023 3672 1095 Intelliga-

2098 1121 2190 1168 tur
2217 1114 2471 1171 fortassis
2503 1115 2569 1171 de
2599 1115 2821 1173 Christo
2852 1116 3041 1172 etiam.
3076 1116 3235 1172 Patet
3276 1119 3422 1171 enim
3466 1132 3562 1186 per
3592 1118 3673 1184 ip-

2100 1221 2221 1260 sum
2263 1207 2330 1260 ad
2366 1205 2582 1261 Patrem
2634 1208 2852 1266 aditus:
2884 1209 2976 1279 qui
3012 1217 3094 1261 est
3129 1218 3181 1264 et
3212 1208 3512 1274 sculptura,
3549 1217 3673 1260 tan-

2097 1314 2258 1368 quam
2281 1298 2476 1366 l‘orma,
2494 1309 2549 1354 et
2566 1302 2850 1356 character
2865 1304 3186 1357 substantiae
3206 1301 3406 1366 Patris,
3422 1309 3475 1355 et
3489 1302 3675 1370 splen-

2098 1386 2198 1441 dor
2240 1387 2426 1455 glorize
2462 1387 2643 1458 ipsius
2663 1389 2728 1441 ⁵⁸.
2768 1389 2871 1444 Sed
2906 1407 2999 1443 nec
3032 1390 3127 1443 tibi
3155 1390 3237 1444 sol
3272 1389 3500 1457 amplius
3531 1388 3671 1443 diem

2096 1479 2363 1546 prwbebit,
2410 1480 2578 1552 696
2624 1498 2718 1535 nec
2762 1491 2912 1536 nocte
2939 1482 3067 1536 luna
3097 1483 3190 1537 tibi
3236 1480 3453 1537 lucebit.
3486 1479 3673 1553 Neque

2096 1571 2243 1625 enim
2275 1573 2328 1625 in
2365 1582 2534 1638 nocte,
2562 1575 2646 1629 vel
2688 1574 2821 1640 luce,
2850 1590 2972 1646 quae
2997 1575 3257 1631 sensibus
3274 1574 3671 1644 percipiantur,

2098 1662 2134 1716 ii
2162 1664 2552 1729 versabuntur,
2586 1667 2676 1735 qui
2712 1668 2950 1722 recentis
2975 1667 3076 1722 sevi
3115 1682 3344 1723 munere
3386 1665 3677 1721 donabun-

2098 1763 2231 1821 tur;
2273 1757 2354 1810 vel
2397 1757 2520 1827 ipso
2566 1766 2704 1814 teSIe
2756 1758 3063 1823 Salvatore,
3109 1760 3203 1829 qui
3237 1758 3407 1814 solem
3443 1756 3671 1812 obtcne-

410 1837 734 1907 καρισμοὺς,
764 1836 831 1890 δι’
854 1830 929 1890 ὧν
958 1835 1111 1890 εἶπεν
1130 1852 1143 1867 ·
1183 1840 1247 1892 Ol
1283 1840 1601 1903 πενθοῦντες
1641 1840 1994 1912 παρακληθή-

2101 1847 2315 1900 bratum
2357 1848 2464 1901 iri:
2495 1850 2585 1917 qui
2628 1849 2812 1904 lunam
2844 1851 3189 1920 splendorem
3224 1865 3384 1905 suum
3434 1866 3543 1903 non
3580 1847 3676 1901 da-

410 1947 612 1996 σονται,
647 1931 745 1984 καὶ
774 1933 823 1983 οἱ
855 1931 1135 1997 κλαίοντες
1162 1932 1505 2001 γελάσονται.

2097 1945 2280 1991 turam
2316 1953 2440 1993 esse
2469 1939 2760 1994 aliirmavit
2786 1941 2850 1993 3".
2886 1940 3002 1994 Erit
3031 1941 3178 1995 enim
3221 1942 3314 1994 lux
3347 1941 3587 2003 illorum,
3626 1947 3675 1991 et

408 2024 616 2092 gloria.
662 2022 803 2077 Deus
836 2026 945 2087 ipse
984 2040 1003 2078 :
1034 2025 1461 2095 perflet-tioribus
1516 2027 1735 2097 quidem
1796 2031 1915 2094 sol;
1967 2028 2323 2085 inferioribus
2366 2041 2549 2087 autem
2601 2033 2744 2088 luna:
2812 2035 3009 2099 instar,
3048 2042 3106 2088 ut
3140 2049 3238 2104 pro
3279 2033 3669 2104 excipientium

330 2110 343 2128 ‘
411 2114 624 2167 ratione
655 2114 839 2168 radios
865 2131 997 2170 suos
1037 2116 1312 2182 ellundat;
1364 2133 1526 2188 opere
1563 2119 1823 2175 nimirum
1858 2122 1908 2176 id
1944 2132 2232 2192 praestans,
2254 2124 2398 2194 quod
2437 2124 2805 2182 heatitudines
2833 2125 3105 2181 allirmaut
3137 2146 3151 2181 :
3186 2127 3278 2181 ubi
3307 2128 3399 2198 qui
3431 2128 3673 2196 lugeant,

410 2210 750 2266 consolatum
776 2211 879 2277 iri;
924 2219 983 2267 et
1006 2212 1101 2283 qui
1130 2212 1316 2277 ﬂuant,
1353 2229 1475 2270 esse
1510 2215 1720 2272 risuros
1744 2216 1877 2273 dicit
1906 2218 1974 2272 ⁸⁷.

494 2393 659 2447 Ὅθεν
708 2392 1640 2465 ἐπιφέρειοἈναπληρωθήσονται
1684 2401 1743 2452 al
1789 2398 2000 2469 ἡμέραι

412 2487 517 2540 τοῦ
549 2485 812 2549 πένθους
837 2501 978 2549 σου,
1005 2485 1183 2554 πάσης
1217 2486 1434 2550 ἀδικίας
1490 2488 1864 2560 ἀνῃρημένης.
1910 2489 2001 2553 Ὠς

407 2574 500 2630 οὖν
531 2576 921 2646 ἐκλελεγμένος
956 2577 1406 2646 κληρονομήσει
1441 2577 1554 2647 τὴν
1580 2580 2000 2651 ἐπηγγελμένην

408 2669 555 2740 αὐτῷ
594 2667 711 2737 γῆν
735 2669 834 2741 τὴν
870 2671 982 2732 τοῖς
995 2669 1223 2739 πραέσιν
1250 2669 1664 2741 ἐπηγγελμένην
1682 2669 1732 2737 ἀ,
1764 2673 1822 2723 ὲν
1849 2665 1884 2745 ᾖ
1906 2671 1997 2724 καὶ

408 2763 440 2831 ἡ
499 2761 649 2823 πόλις
698 2761 731 2830 ἡ
780 2760 1122 2830 ἐπουράνιος.
1181 2760 1438 2825 Τοιοῦτος
1486 2762 1543 2814 δὲ
1590 2765 1624 2817 ό
1668 2762 1820 2828 λαός
1848 2780 1991 2832 μου,

2173 2400 2337 2455 Addit
2375 2400 2559 2470 itaque
2594 2418 2607 2455 :
2658 2397 2726 2452 Et
2746 2397 3164 2465 complebantur
3194 2393 3306 2448 dies
3347 2393 3523 2447 luctus
3556 2394 3670 2456 tui;

2099 2493 2382 2558 nimirum,
2410 2509 2534 2548 cum
2570 2493 2732 2547 fuerit
2759 2491 2945 2547 omnis
2977 2486 3191 2545 sublata
3230 2482 3677 2557 iniquitas.Tan-

2097 2599 2261 2653 quam
2296 2587 2466 2657 igitur
2499 2586 2708 2641 electus
2739 2594 2941 2639 terram
2972 2579 3295 2652 possidebit,
3324 2594 3489 2649 quam
3524 2579 3672 2632 miti-

2097 2679 2203 2735 bus
2234 2689 2322 2735 est
2357 2678 2634 2749 pollicitus
2664 2695 2678 2744 ;
2716 2680 2770 2732 in
2807 2689 2913 2747 qua
2940 2684 3023 2729 est
3055 2675 3171 2745 ipsa
3212 2671 3453 2729 caelestis
3478 2672 3675 2728 civitas

2096 2772 2366 2827 collocata
2404 2772 2469 2824 ⁸⁸.
2505 2769 2658 2824 Talis
2706 2783 2839 2825 vero
2877 2777 2962 2823 est
2978 2766 3213 2835 'populus
3255 2782 3423 2829 meus,
3461 2767 3673 2834 planta-

410 2854 635 2921 βῖιαστὸς
658 2852 798 2923 ἐμῆς
824 2853 1091 2921 φυτείας.
1132 2870 1150 2903 ι
1188 2854 1345 2907 Πᾶσα
1394 2853 1504 2924 γὰρ
1551 2855 1771 2924 φυτεία,
1803 2857 1869 2926 ἢν
1895 2857 1994 2908 οὐκ

2101 2865 2253 2918 tionis
2290 2878 2425 2919 mea:
2441 2862 2720 2917 surculus.
2753 2879 2772 2912 ι
2807 2860 3002 2915 Omnis
3022 2860 3170 2913 enim
3203 2858 3671 2927 plautatio,quam

411 2947 702 3015 ἐφύτευσεν
740 2946 769 2997 6
799 2946 987 3014 Πατήρ
1022 2961 1123 3013 μου
1154 2946 1183 2998 ό
1211 2946 1483 3016 οὐράνιος,
1507 2946 1991 3016 ἐκριζωθήσεται.»

2101 2970 2202 3009 non
2240 2953 2499 3024 plantavit
2519 2952 2763 3008 cmlestis
2790 2950 2952 3006 Pater
2976 2965 3151 3016 meus,
3181 2948 3669 3004 eradicabitur'm

410 3040 590 3107 Ἔργα
610 3037 678 3091 δὲ
706 3036 919 3107 χειρῶν
954 3036 1243 3106 ὑπάρχων
1278 3039 1469 3093 αὑτοῦ
1489 3078 1504 3102 ,
1551 3038 1994 3109 κληρονομήσει

2101 3045 2226 3098 Eum
2255 3055 2434 3099 autem
2462 3043 2533 3099 sit
2549 3058 2678 3111 opus
2705 3057 2959 3095 manuum
2975 3040 3112 3109 ejus,
3131 3037 3419 3105 possidebit
3442 3048 3673 3092 terram:

408 3127 504 3199 τὴν
536 3130 662 3198 γῆν,
693 3129 783 3182 ὅτε
830 3128 926 3182 καὶ
956 3130 984 3180 6
1019 3129 1077 3182 ὲν
1107 3128 1186 3198 τῷ
1232 3131 1483 3205 παρόντι
1516 3128 1616 3200 βίῳ
1656 3130 1994 3199 ὀλιγοστὸςι

2101 3137 2315 3203 quando
2358 3137 2524 3191 etiam
2556 3136 2653 3205 qui
2700 3135 2754 3189 in
2788 3134 2892 3188 hac
2932 3133 3046 3185 vita
3095 3148 3297 3202 paucas
3349 3130 3580 3193 exsistit,
3618 3131 3673 3183 in

409 3225 495 3287 εις
516 3220 795 3290 χιλιάδας
822 3220 995 3288 ἔσται,
1038 3220 1180 3274 κατὰ
1224 3220 1308 3287 τὸ,
1343 3238 1363 3271 ι
1398 3221 1537 3274 Ἰσθι
1578 3222 1827 3289 ἐξουσίαν
1857 3221 1994 3293 ἔχων

2101 3229 2273 3282 millia
2303 3229 2556 3284 abiturus
2584 3237 2671 3283 est
2695 3270 2710 3293 ,
2732 3226 2890 3296 juxta
2920 3223 3055 3279 illud
3082 3241 3096 3279 :
3138 3242 3155 3275 ι
3186 3223 3314 3277 Esto
3347 3229 3674 3292 potestatem

409 3314 595 3368 ἐπάνω
619 3315 800 3376 πέντε,
831 3313 863 3384 ἢ
887 3313 1018 3367 δέκα
1048 3313 1277 3369 πόλεων.
1307 3331 1326 3366 ι
1358 3315 1537 3367 Οίονεὶ
1561 3315 1741 3368 τοίνυν
1770 3315 1994 3385 χιλίαρ-

2101 3320 2305 3376 habens
2333 3334 2498 3391 super
2515 3292 2781 3391 quinque,
2796 3318 2879 3373 vel
2902 3318 3087 3373 decem
3104 3315 3420 3371 civitates“.
3450 3333 3468 3365 ι
3500 3313 3673 3370 Erunt

408 3425 505 3479 χοι
530 3407 640 3461 τῶν
674 3406 994 3477 σωζομένων
1031 3410 1379 3479 γενήσονται.
1452 3408 1563 3462 Καὶ
1594 3409 1623 3461 ό
1647 3407 1740 3459 νῦν
1767 3407 1826 3461 δὲ
1851 3406 1992 3462 ἐλά·

2101 3411 2262 3484 igitur
2298 3402 2513 3477 eorum,
2560 3411 2655 3483 qui
2695 3410 2931 3466 salutem
2977 3408 3157 3479 adepti
3206 3413 3356 3471 sunt,
3411 3414 3672 3475 tanquam

407 3518 641 3572 χιστος,
673 3506 759 3569 είς
782 3505 954 3570 ἔθνος
977 3502 1295 3574 μέγα.Οἶος
1326 3506 1354 3558 6
1375 3504 1587 3568 Παῦλος
1610 3504 1806 3573 λέγων’
1836 3503 1993 3575 Ἐμοὶ

2101 3503 2266 3560 duces
2292 3503 2582 3558 millenarii
2616 3517 2634 3555 :
2688 3502 2797 3557 erit
2832 3500 2997 3555 etiam
3032 3501 3126 3571 qui
3160 3501 3261 3554 hoc
3294 3505 3543 3568 tempore
3572 3501 3676 3551 mi-

407 3596 465 3648 δὲ
503 3594 581 3667 τῷ
612 3596 1005 3668 ἐλαχιστοτέρῳ
1060 3599 1279 3651 πάντων
1335 3597 1511 3665 ἁγίων
1561 3596 1783 3666 ὲδόθηή
1832 3595 1993 3665 χάρις

2101 3596 2270 3650 nimus
2303 3605 2403 3657 est,
2431 3595 2486 3649 in
2517 3603 2721 3666 gentem
2760 3608 3010 3662 magnam
3047 3592 3267 3662 :qualis
3296 3589 3501 3647 Paulus
3534 3590 3672 3660 ipse,

411 3686 573 3759 αῦτη,
603 3687 661 3751 ὃς
690 3687 877 3751 ἔθνους
912 3687 1069 3759 ἄρξει
1108 3698 1130 3726 ο
1157 3688 1416 3759 μεγίστου
1473 3688 1622 3757 παρὰ
1657 3686 1798 3757 Θεῷ.
1833 3687 1993 3752 "Hist

2101 3687 2190 3759 qui
2240 3686 2351 3745 sibi,
2390 3686 2638 3741 omnium
2690 3692 3010 3740 sanctorum
3072 3684 3307 3739 minimo
3348 3698 3672 3739 concessam

409 3779 487 3844 δὲ,
508 3779 694 3849 φησὶν,
729 3782 757 3833 6
782 3780 997 3844 τούτοις
1019 3782 1325 3851 ὡρισμένος
1360 3779 1675 3848 καιρὸς,ὄτε
1704 3760 1877 3834 ταῦτα
1905 3781 1994 3834 δεά

2101 3780 2239 3833 hanc
2287 3792 2410 3832 esse
2451 3775 2685 3847 gratiam
2742 3775 2940 3832 scribit
2979 3776 3043 3836 ".
3080 3784 3138 3829 ut
3178 3776 3325 3846 genti
3359 3776 3612 3830 maxime
3643 3791 3673 3828 a

410 3871 507 3941 τῆς
542 3874 676 3943 ἐμῆς
707 3872 859 3926 ἔσται
887 3872 1237 3943 Συναγωγῆς,
1274 3874 1363 3925 ὅτε
1391 3872 1519 3935 τοὺς
1554 3870 1823 3941 ἀγγέλους
1853 3871 1993 3925 ἀπο-

2101 3871 2329 3926 Domino
2358 3876 2637 3941 praeesset.
2662 3867 2860 3924 Veniet
2882 3883 3035 3930 vero,
3078 3866 3291 3935 inquit,
3322 3866 3433 3921 illis
3455 3875 3669 3921 certum

412 3964 610 4031 στελεῖ,
646 3966 742 4018 καὶ
771 3964 988 4029 συνάξει
1031 3965 1161 4027 τοὺς
1196 3964 1386 4031 ἁγίους
1426 3963 1520 4017 ἀπ’
1547 3963 1735 4035 ἄκρων
1763 3965 1874 4017 τῶν
1902 3965 1993 4018 ού-

2101 3970 2148 4018 ct
2175 3960 2457 4016 deﬁnitum
2499 3968 2738 4028 tempus,
2768 3975 2882 4030 quo
2913 3961 3017 4014 ista
3061 3972 3156 4028 per
3191 3959 3671 4027 congregationem

412 4057 610 4127 ρανῶν,
670 4056 799 4126 μίαν
841 4073 901 4108 τε
941 4058 1005 4109 ὲκ
1038 4055 1148 4109 τῶν
1188 4055 1283 4109 δύο
1327 4054 1473 4108 λαῶν
1518 4055 1992 4108 κατασκευάσεται

2101 4070 2273 4110 meam
2310 4054 2463 4119 ﬁent,
2502 4068 2628 4109 eum
2679 4053 2941 4109 nimirum
2977 4050 3165 4107 missis
3209 4050 3418 4119 angelis
3450 4059 3674 4105 sanctos

408 4149 587 4210 πόλιν,
640 4146 822 4199 ὁποῖόν
860 4149 977 4200 ἐστι
1009 4148 1106 4211 τὸ,
1146 4146 1234 4201 ἴνα
1278 4165 1297 4196 ι
1336 4145 1563 4217 γένηται
1606 4146 1706 4216 μία
1738 4146 1941 4217 ποίμνη
1974 4186 1989 4207 ,

2101 4154 2177 4203 est
2206 4153 2642 4216 congregaturus
2683 4160 2714 4199 a
2753 4143 3067 4201 summitate
3096 4142 3583 4211 cmlinunamque
3605 4157 3670 4201 ex

410 4234 489 4301 εἷς
521 4240 745 4309 ποιμήν.
796 4257 816 4291 ι
851 4240 1008 4304 Τινὲς
1029 4239 1084 4292 δὲ
1119 4240 1254 4310 πρὸς
1293 4240 1388 4292 τὸν
1426 4238 1599 4292 αίῶνα
1629 4239 1720 4291 τὸν
1746 4242 1993 4309 παρόντα

2101 4237 2309 4293 duobus
2339 4237 2558 4308 populis
2584 4238 2860 4292 civitatem
2900 4235 3257 4292 conlecturus
3288 4246 3309 4299 ;
3417 4242 3496 4298 ut,
3524 4236 3673 4304 quod

410 4331 478 4384 τὰ
501 4331 627 4402 περὶ
675 4332 854 4399 ἡλίου
902 4332 995 4386 καὶ
1041 4329 1313 4398 σελήνης
1344 4329 1621 4395 ἐξέλαϐον.
1667 4330 1729 4382 Εί
1765 4331 1872 4401 γὰρ
1899 4332 1994 4382 καὶ

2101 4327 2358 4382 scribitur
2387 4344 2399 4379 :
2452 4344 2472 4378 ι
2505 4325 2686 4382 Unum
2724 4327 2820 4381 ﬁat
2849 4327 3017 4390 ovile,
3049 4333 3105 4381 et
3138 4341 3283 4380 unus
3313 4333 3503 4395 pastor
3542 4324 3611 4379 ⁸⁸.
3649 4344 3667 4377 ι

413 4418 685 4487 ὑποχωρεῖ
714 4418 886 4484 ἥλιος
912 4419 1010 4489 μὲν
1025 4421 1094 4475 ἐν
1118 4417 1319 4486 νυκτί,
1341 4418 1576 4487 σελήνη
1602 4419 1657 4471 δὲ
1688 4419 1757 4472 ἐν
1777 4419 1987 4489 ἡμέρᾳ,

2101 4418 2236 4474 Sunt
2270 4434 2455 4491 porro,
2502 4420 2597 4490 qui
2630 4419 2696 4473 ad
2732 4434 2975 4490 praesens
3008 4419 3297 4483 sacculum,
3327 4428 3451 4488 qua!
3477 4417 3545 4472 de
3563 4416 3674 4471 sole

409 4509 521 4563 ἀλλ’
551 4507 645 4563 οὖν
676 4510 737 4563 τὸ
759 4509 903 4564 θεῖον
932 4511 1026 4564 καὶ
1049 4510 1240 4579 νοητὸν
1284 4509 1412 4579 φῶς
1438 4510 1466 4562 6
1493 4512 1584 4564 διὰ
1605 4511 1699 4564 τοῦ
1732 4510 1987 4581 Πνεῦμα-

2101 4520 2147 4567 et
2171 4512 2300 4565 luna
2343 4516 2653 4582 usurpavit,
2694 4510 2889 4566 rele‘l'ri
2927 4512 3142 4565 volunt.
3184 4510 3298 4565 Etsi
3324 4510 3471 4565 enim
3510 4518 3564 4564 et
3592 4508 3672 4562 sol

405 4619 496 4665 τος
531 4603 560 4654 6
606 4603 796 4672 Σωτὴρ
850 4606 1076 4672 χορηγεῖ
1119 4605 1231 4667 τοῖς
1289 4602 1677 4669 πιστεύουσιν,
1724 4601 1990 4657 ἀσόεστον

2101 4605 2211 4675 ipse
2247 4612 2428 4667 noctu,
2460 4604 2678 4691 ct‘luua
2714 4604 2800 4657 die
2840 4604 3007 4657 etiam
3054 4603 3335 4667 deﬁciant,
3390 4616 3671 4673 nunquam

406 4694 579 4758 ἔσται,
605 4694 697 4747 καὶ
730 4692 907 4762 φωτὸς
928 4694 1138 4757 οὐδενὸς
1157 4693 1419 4766 αἰσθητοῦ
1442 4694 1578 4765 πρὸς
1597 4694 1687 4746 νοῦ
1709 4694 1989 4764 φωτισμὸν

2101 4706 2273 4751 tamen
2296 4682 2537 4749 divinum
2551 4703 2605 4750 et
2628 4695 2972 4767 intelligibile
2991 4695 3171 4751 lumen
3189 4696 3322 4750 illud
3336 4697 3672 4751 exstinctum

404 4786 709 4839 ἀπιδέονται
738 4785 872 4855 πρὸς
899 4785 1101 4851 γνῶσιν
1139 4786 1298 4850 Θεοῦ,
1351 4787 1447 4840 καὶ
1476 4786 1827 4855 ἐπιτήδευσιν
1857 4788 1992 4859 ἀρε-

2101 4788 2182 4849 iri,
2217 4785 2365 4856 quod
2414 4800 2513 4855 per
2551 4785 2818 4856 Spiritum
2856 4797 3112 4841 sanctum
3168 4788 3422 4841 Salvator
3455 4786 3574 4855 ipse
3606 4785 3672 4837 lio

402 4877 531 4933 τῶν.
560 4876 651 4929 Διό
698 4892 863 4947 φησιν
887 4893 901 4907 ο
943 4896 961 4928 ι
984 4877 1125 4945 Ἑγὼ
1151 4880 1267 4949 είμι
1314 4879 1375 4930 τὸ
1404 4876 1519 4946 φῶς
1545 4876 1638 4930 τοῦ
1668 4876 1894 4948 κόσμου.
1933 4876 1991 4931 Ὅ

2101 4879 2303 4935 delihus
2326 4878 2701 4949 suppeditabit
2725 4896 2740 4944 ;
2763 4894 2940 4951 neque
2964 4880 3212 4949 ipsorum
3231 4878 3511 4932 mentibus
3539 4891 3670 4930 sen-

403 4968 715 5023 ἀκολουθῶν
758 4970 901 5040 ἐμοὶ,
955 4970 1016 5022 ού
1052 4969 1128 5041 μὴ
1187 4972 1540 5041 περιπατήσῃ
1582 4972 1640 5021 ὲν
1676 4972 1740 5039 τῇ
1773 4969 1989 5040 σκοτίᾳ,

2101 4970 2267 5025 sibilis
2318 4968 2556 5038 alicujus
2600 4970 2827 5024 luminis
2873 4967 2941 5022 ad
2978 4968 3072 5025 Dei
3101 4968 3476 5039 cognitionem
3506 4962 3670 5034 697

403 5061 519 5115 ἀλλ’
542 5060 653 5127 ἕξει
675 5060 734 5113 τὸ
753 5060 867 5130 φῶς
882 5061 981 5132 τῆς
1005 5062 1171 5131 ζωῆς.
1199 5082 1217 5114 ι
1236 5063 1309 5115 Τὸ
1335 5063 1411 5124 δὲ,
1435 5061 1544 5113 Καὶ
1556 5060 1989 5127 ἀναπληρωθῆ-

2101 5059 2430 5127 virtutisque
2482 5058 2727 5113 studium
2773 5058 3141 5112 illustrationc
3182 5072 3322 5125 opus
3369 5042 3507 5107 lore.
3551 5055 3672 5119 Qtto

402 5165 615 5206 σον-ται
642 5155 701 5205 al
730 5150 943 5221 ἡμέραι
1002 5152 1112 5206 τοῦ
1177 5153 1439 5217 πένθους
1480 5169 1621 5215 σου,
1660 5153 1846 5217 ἐπειδὴ
1878 5156 1989 5215 τοῖς

408 5244 505 5315 μὲν
544 5245 887 5316 ἁμαρτωλοῖς
916 5245 976 5297 τὸ
995 5245 1235 5313 κατηφὲς
1265 5247 1483 5310 οἰκεῖον,
1513 5243 1622 5310 πῦρ
1643 5244 1983 5311 προσδοκῶσι

2098 5150 2303 5205 factum
2332 5158 2438 5213 est,
2474 5157 2533 5202 ut
2561 5165 2621 5203 se
2650 5150 2838 5204 mundi
2871 5149 3050 5203 lucem
3075 5147 3345 5201 exsistere
3367 5145 3434 5210 “,
3470 5144 3673 5214 quiquo

2093 5258 2153 5297 se
2203 5249 2485 5310 sequatur,
2551 5242 2605 5294 in
2658 5240 2901 5295 tenebris
2955 5239 3181 5293 minime
3232 5237 3673 5299 ambulaturum;

473 5446 519 5479 ”
550 5444 716 5501 Hebr.
750 5464 791 5510 I,
834 5447 889 5499 3-
975 5443 1023 5476 ⁸⁸
1075 5442 1265 5497 Matth.
1307 5459 1455 5506 sxw,
1486 5441 1577 5494 ‘29.
1674 5441 1718 5472 ⁵⁷
1748 5439 1938 5493 Matth.
1964 5457 1993 5487 v

2101 5458 2113 5505 ;
2147 5437 2503 5510 Lur.vr,2l._
2592 5437 2849 5510 ’EMattn.
2875 5453 2929 5499 ν,
2974 5436 3080 5510 ll.
3176 5437 3221 5468 "
3239 5436 3428 5491 Matth.
3461 5453 3550 5502 xv,
3587 5437 3674 5493 εἴ).

400 5516 445 5547 ⁸⁸
472 5514 603 5572 Luc.
633 5534 748 5581 xix,
779 5507 867 5572 l9.
945 5514 985 5545 "
1017 5516 1214 5584 Ephes.
1266 5528 1346 5577 III,
1381 5515 1435 5564 8.
1513 5512 1556 5541 ’³
1578 5510 1765 5565 Matth.
1807 5530 1952 5582 xxnv,
1986 5512 2072 5568 3i.
2110 5511 2320 5563 "loau.
2357 5527 2405 5573 ς,
2446 5508 2528 5562 16.
2604 5507 2825 5562 “Joau.
2869 5523 2987 5571 vnt,
3024 5508 3108 5562 ιε.

1692 5666 1922 5720 VARUS
1966 5665 2308 5722 LECTIO.\'E
2330 5668 2373 5718 ὁ.

500 5787 526 5830 ά
557 5803 663 5858 αφ.
690 5789 786 5857 τὴν
817 5787 1254 5860 ἐπηγγελμένην.
1345 5796 1367 5824 ⁸
1398 5801 1485 5855 rp.
1510 5784 1582 5845 ὡς
1614 5783 1794 5847 ἔθνους
1824 5783 2024 5853 ἄρξειν.
