3972 6192
412 208 554 270 2539
1724 193 2077 256 PROCOPII
2126 191 2372 253 GAZ.‘EI
3519 195 3640 261 96ίο

417 317 510 371 sed
558 315 680 368 vitae
725 314 909 370 lumen
963 330 1085 369 esse
1128 311 1443 367 habiturum
1481 307 1684 362 dixerit
1735 309 1802 359 ⁸⁵.
1842 304 1994 370 Quod

2104 301 2199 355 καὶ
2228 301 2442 368 σκότος,
2475 303 2523 354 oi
2553 301 2609 356 δὲ
2640 302 2838 358 δίκαιοι
2866 305 2934 375 τῇ
2988 300 3162 357 ἑλπίδι
3211 305 3450 376 χαίρουσι
3476 309 3640 364 τὺτῶν

417 408 611 463 deinde
642 406 954 476 completum
977 405 1046 457 iri
1071 403 1180 458 dies
1204 403 1377 456 luctus
1400 401 1512 470 ejus
1540 396 1740 469 adjecit
1764 396 1847 463 ;id
1871 394 1994 450 ideo

2105 401 2393 471 ἁμαρτιῶν
2420 400 2751 472 ἀποθέμενοι
2771 401 3011 469 πένθος.

418 500 735 567 usurpavit,
767 503 846 551 'ut
891 495 1171 568 prepriam
1212 492 1597 563 peccatoribus
1645 505 1766 546 esse
1802 489 1991 546 vultus
2029 488 2421 550 demissionem
2448 502 2505 549 et
2536 488 3136 566 tristitiamiunum'et;
3191 497 3286 567 qui
3316 499 3444 555 nihil
3495 501 3644 570 aliud,

415 606 580 664 quam
600 590 857 646 tenebras
889 590 1181 661 ignemque
1208 594 1533 659 exspectent
1570 605 1583 640 :
1604 587 1787 656 justos
1810 592 1995 639 autem
2036 598 2135 654 spe
2166 586 2311 643 luctu
2345 596 2699 658 peccatorum
2733 589 2997 645 liberatos
3023 590 3222 661 gaudio
3238 594 3523 651 exsultare.

486 681 753 753 Sequitur
779 682 969 752 itaque
1001 701 1015 736 :
1050 681 1120 737 Et
1158 681 1259 736 erit
1287 679 1513 752 populus
1546 689 1665 732 tuus
1689 678 1870 748 justus
1895 693 1994 731 om-

2179 679 2271 733 Διὸ
2312 681 2546 751 ἐπάγει·
2578 683 2787 737 Ἔσται
2810 685 2845 737 ό
2884 683 3033 750 λαός
3093 698 3211 738 σου
3265 681 3384 750 πᾶς
3423 686 3643 757 δίκαιος.

417 777 526 831 nis.
557 775 668 831 Nos
696 777 843 832 enim
881 775 1141 831 Ecclesiae
1161 773 1416 845 populum
1443 787 1540 843 per
1573 771 1807 843 gratiam
1843 770 1994 825 Chri-

2108 771 2230 848 Τῆς.
2249 772 2357 844 γὰρ
2413 773 2740 844 Ἐκκλησίας
2771 774 2878 831 τὸν
2903 775 3061 831 λαὸν
3104 776 3341 848 Χριστὸς
3368 777 3573 835 δικαιοῖ
3590 786 3643 854 τῇ

416 878 535 924 stus
562 870 678 939 ipse
699 868 990 938 justi/icat,
1025 867 1184 937 cujus
1214 866 1316 936 ipsi
1344 880 1597 925 manuum
1621 862 1881 931 plantatio
1911 877 1994 917 su-

2106 862 2311 933 χάριτι,
2344 858 2405 917 οῦ
2453 865 2728 936 φύτευμά
2765 867 2933 938 ἐσμεν
2981 866 3103 922 τῶν
3138 870 3356 940 χειρῶν
3392 872 3644 946 ἐγκεντρί-

421 977 567 1024 mus,
604 976 747 1030 quos
776 960 829 1014 in
880 959 1219 1015 l'ructil'eram
1249 959 1451 1012 olivam
1493 958 1708 1012 insaevit
1737 957 1802 1010 ⁸⁸.
1845 954 1994 1010 Nunc

2108 969 2299 1016 σαντος
2350 955 2500 1026 ἡμᾶς
2545 957 2626 1019 είς
2668 957 2769 1027 τὴν
2818 957 3180 1012 καλλιέλαιον.
3217 960 3324 1014 Νῦν
3367 963 3462 1032 μὲν
3490 960 3573 1018 οῦν
3598 967 3647 1021 ὲν

417 1056 583 1127 igitur
604 1053 658 1107 in
690 1053 896 1108 saeculo
928 1054 1034 1108 is-to
1055 1052 1186 1107 latet
1216 1051 1430 1106 occulta
1455 1059 1777 1107 sanctorum
1799 1048 1994 1121 gloria,

2101 1042 2180 1115 τῷ
2204 1045 2362 1099 αἰῶνι
2395 1045 2571 1119 τούτῳ
2601 1047 2909 1120 κέκρυπται
2937 1049 3045 1103 τῶν
3075 1051 3245 1117 ἁγίων
3284 1054 3320 1120 ’ἡ
3349 1052 3510 1120 δόξα,
3528 1056 3645 1109 lvii

416 1147 511 1202 sed
552 1146 608 1200 iu
650 1144 838 1200 futuro
874 1145 989 1210 illo,
1023 1142 1393 1216 quimiuimus
1427 1151 1526 1206 est,
1561 1142 1994 1213 quamplurimis

2098 1134 2172 1206 τῷ
2202 1136 2454 1205 μέλλοντι
2493 1142 2526 1193 ὀ
2549 1138 2883 1211 ἐλάχιστος
2914 1141 3182 1198 πλείστων
3211 1145 3488 1215 ἡγήσεται,
3515 1143 3644 1217 ἔφ’ᾧ

416 1239 785 1312 prtellcietur:
820 1251 995 1308 eaque
1036 1237 1236 1292 ﬁducia
1278 1236 1634 1301 exsultantes
1666 1235 1760 1305 qui
1814 1233 1991 1291 sancti

2098 1231 2373 1304 χαίροντες
2396 1235 2447 1288 οί
2471 1234 2618 1304 ᾶγιοί
2638 1253 2804 1304 φασιν
2823 1253 2836 1270 ι
2853 1255 2871 1289 ι
2896 1236 3198 1305 ’Υπέταξεν
3224 1238 3383 1303 λαοὺς
3405 1242 3545 1310 ἡμῖν,
3565 1246 3644 1297 καὶ

418 1337 571 1394 sunt,
600 1328 892 1398 subjectos
926 1327 1029 1383 sibi
1065 1328 1322 1397 populos.
1350 1336 1653 1398 gentesque
1680 1325 1799 1381 suis
1830 1325 1988 1397 pedi-

2098 1320 2219 1393 ἔθνη
2251 1322 2356 1377 ὑπὸ
2384 1324 2511 1388 τοὺς
2536 1325 2701 1390 πόδας
2718 1327 2896 1397 ήμῶν.
2925 1327 3157 1382 »Ἔσται
3184 1327 3242 1382 δὲ
3268 1328 3443 1394 τοῦτο,
3461 1331 3543 1385 ὅτε
3559 1333 3641 1386 καί

414 1421 519 1477 bus
556 1435 680 1475 esse
718 1421 1028 1475 substratos
1063 1419 1116 1472 in
1146 1418 1383 1474 Psalmis
1435 1432 1545 1472 non
1578 1415 1835 1472 dubitant
1865 1416 1987 1489 glo-

2098 1417 2343 1484 συνάξω
2375 1421 2627 1489 αὐτοὺς,
2646 1422 2708 1487 ἐξ
2729 1422 2965 1494 οὐρανοῦ
2991 1424 3259 1490 καταϐὰς,
3278 1426 3639 1498 καὶάρπασθήα

414 1512 545 1567 riari
580 1512 645 1567 ".
678 1510 798 1567 Fiet
825 1527 953 1567 vero
976 1521 1028 1566 et
1050 1511 1222 1576 istud,
1246 1527 1369 1566 cum
1397 1526 1484 1567 me
1506 1511 1648 1566 cosio
1678 1510 1988 1581 delapsum,

2098 1527 2282 1566 σονται
2323 1512 2383 1566 ὲν
2426 1513 2682 1583 νεφέλαις
2705 1515 2785 1579 είς
2816 1515 3123 1587 ἁπάντησεν
3157 1534 3281 1587 μου.
3321 1518 3469 1583 Τινὲς
3496 1518 3545 1573 δὲ
3566 1520 3640 1574 οὗ·

414 1605 615 1676 inquit,
646 1621 734 1660 eos
785 1620 1121 1676 congregare,
1159 1603 1405 1674 mihique
1436 1603 1491 1657 in
1539 1616 1833 1657 occursum
1872 1601 1988 1672 rapi

2098 1619 2205 1666 τως
2255 1603 2568 1671 ἀπέδωκαν,
2616 1605 2694 1670 ὡς
2747 1608 3101 1679 παυσάμενος
3152 1610 3402 1675 ἀσεϐείας
3447 1613 3536 1666 οὐκ
3571 1614 3639 1666 ἔτι

412 1699 730 1770 contigerit.
763 1696 882 1752 bon
916 1698 1117 1753 desunt
1149 1706 1354 1761 tamen,
1387 1694 1480 1764 qui
1525 1694 1629 1750 ista
1683 1693 1986 1763 explicent,

2098 1693 2520 1764 προηγουμένως
2561 1695 2714 1765 ἡλίῳ
2761 1696 2865 1750 καί
2905 1697 3150 1768 σελήνῃ
3192 1698 3379 1771 λογίσῃ
3410 1700 3473 1755 τὸ
3509 1699 3635 1770 φῶς,

412 1806 478 1845 ac
507 1791 552 1846 si
589 1790 836 1860 deposita
863 1789 1144 1860 impietate
1181 1802 1291 1842 non
1333 1786 1436 1840 soli
1465 1786 1723 1857 amplius,
1747 1794 1799 1840 et
1826 1785 1986 1849 (ante,

342 1876 345 1877 ν
413 1884 581 1939 lucens
612 1883 787 1952 ipsam
835 1880 1215 1953 principaliter
1242 1878 1529 1945 attribuat,
1562 1877 1653 1949 qui
1692 1876 1986 1949 fulgentem

412 1976 533 2045 ejus
563 1975 853 2030 veritatem
884 1973 1104 2027 habeat.
1149 1968 1380 2026 Sedabit
1412 1968 1613 2025 deinde
1641 1971 1841 2023 luctum
1897 1981 1986 2022 ca-

381 2062 841 2135 'ptiv1tatistum,
879 2062 927 2118 si
978 2071 1172 2115 terram
1219 2070 1364 2113 tuam
1428 2059 1683 2127 recipias.
1723 2057 1991 2112 Convenit

413 2170 544 2213 vero
566 2171 685 2215 eos.
723 2165 986 2224 tanquam
1027 2151 1121 2221 qni
1143 2151 1345 2221 plantis
1380 2156 1807 2218 comparantur,
1858 2146 1989 2200 fru-

411 2259 536 2304 ctus
565 2245 783 2302 debitos
811 2243 995 2300 edere.
1024 2241 1121 2297 Est
1144 2241 1288 2297 enim
1323 2239 1467 2294 Deus
1500 2239 1591 2309 qui
1621 2237 1904 2307 plantavit,
1936 2243 1991 2291 et

411 2340 504 2411 qui
535 2352 723 2394 curam
749 2336 915 2392 habet
940 2374 956 2399 ,
983 2335 1187 2406 quique
1223 2346 1309 2398 ea,
1337 2346 1458 2400 «iure
1493 2330 1559 2385 ad
1584 2344 1737 2385 suam
1761 2329 1988 2401 gloriam

414 2430 756 2494 conducunt,
787 2435 946 2485 curat
976 2426 1102 2498 :qui
1127 2425 1347 2480 illorum
1372 2423 1611 2493 denique
1645 2423 1699 2476 in
1738 2422 1989 2477 multitu-

413 2524 599 2579 dinem
641 2518 974 2592 proicctum,
1021 2518 1205 2589 seipso
1246 2523 1615 2587 congregante,
1657 2522 1714 2568 et
1757 2528 1855 2569 eos
1895 2513 1989 2583 qui

412 2616 569 2684 pauci
599 2620 751 2679 sunt,
788 2612 842 2667 in
876 2618 1096 2684 gentem
1137 2623 1390 2681 magnam
1440 2616 1803 2679 propagatus,
1854 2620 1991 2676 pra:-

412 2697 568 2764 dicit.

1010 2792 1181 2855 .CAP.
1236 2790 1370 2847 LXI.

482 2889 650 2963 698
679 2885 842 2943 Vens.
880 2884 1031 2941 1-10.
1064 2885 1296 2956 Spiritus
1331 2882 1545 2938 Domini
1584 2897 1742 2953 super
1770 2898 1869 2949 me,
1896 2897 1989 2934 cu-

2088 1784 2225 1839 ἀλλὰ
2285 1785 2365 1856 τῷ
2425 1786 2632 1841 τούτων
2677 1790 3033 1861 Δημιουργῷ,
3093 1792 3472 1862 ὲπιλάμψασαν
3522 1795 3641 1864 ἔχων

2088 1877 2256 1931 αὐτοῦ
2282 1879 2381 1949 τὴν
2412 1878 2685 1949 ἀλήθειαν.
2710 1880 2820 1934 Καὶ
2843 1881 3116 1935 παύσεταί
3148 1899 3242 1936 σου
3272 1884 3369 1952 τῆς
3391 1884 3637 1954 αίχμαλω-

2090 1966 2210 2032 σίας
2244 1967 2312 2021 τὸ
2345 1966 2569 2035 πένθος
2606 1968 2977 2035 ἀπολαϐόντος
3012 1970 3132 2038 τὴν
3162 1969 3278 2040 γῆν
3307 1984 3440 2026 σου.
3482 1972 3561 2034 Ὧς
3591 1972 3639 2026 δὲ

2090 2057 2306 2127 φυτοῖς
2341 2058 2861 2129 παραϐαλλομένους
2891 2060 3173 2133 προσῆκόν
3198 2062 3313 2115 ἐστι
3340 2062 3428 2115 τὸν
3454 2062 3635 2132 ὀφειλό·

2092 2164 2251 2219 μενον
2269 2149 2478 2220 καρπὸν
2501 2150 2828 2206 ἀποδιδόναι.
2857 2151 2990 2217 Θεὸς
3017 2153 3131 2222 γὰρ
3159 2155 3192 2207 ό
3215 2154 3530 2221 φυτεύσας,
3559 2157 3634 2208 καὶ

2087 2237 2329 2311 δηλονότι
2372 2240 2824 2312 ἐπιμελούμενος,
2862 2241 3020 2297 ἅτινα
3052 2246 3145 2310 είς
3168 2243 3355 2310 δόξαν
3375 2243 3502 2298 Θεοῦ
3530 2260 3637 2298 συνο

2088 2334 2276 2388 τείνει.
2311 2337 2408 2399 Ὃς
2440 2336 2536 2389 καὶ
2572 2335 2832 2407 προλέγει
2872 2336 3054 2392 αὐτῶν
3081 2337 3191 2409 τὴν
3220 2338 3300 2402 είς
3324 2337 3512 2410 πλῆθος
3535 2339 3636 2391 tal-

2089 2426 2237 2480 δοσιν
2261 2425 2358 2480 τοῦ
2393 2425 2531 2480 Θεοῦ
2570 2428 2970 2497 συνάγοντος,
3008 2430 3256 2494 καὶτοὺς
3283 2430 3512 2501 ὀλίγους
3537 2445 3637 2484 ποι-

2089 2518 2278 2583 οῦντος
2317 2518 2567 2583 πολλούς.

2679 2786 2928 2839 ΚΕΦΑΛ.
2956 2786 3077 2840 ΞΝ.

2160 2883 2284 2930 α-ιθ.
2311 2876 2552 2947 Πνεῦμα
2576 2880 2798 2947 Κυρίου
2829 2879 2922 2933 ἐπ’
2943 2880 3069 2949 ἐμὲ,
3099 2876 3177 2937 οὗ
3198 2881 3422 2935 εἵνεκεν
3459 2880 3637 2950 ἔχρισᾶ

405 2983 497 3053 jus
552 2982 729 3052 gratia
782 2979 935 3033 unxit
993 2993 1072 3031 me
1129 2974 1386 3031 Dominus
1405 2982 1504 3040 ;ut
1568 2972 1988 3045 euangelizarem

2098 2986 2165 3038 με
2192 3012 2205 3033 ,
2265 2969 2781 3039 εὐαγγελίσασθαι
2850 2970 3111 3040 πτωχοῖς
3175 2971 3505 3027 ἀπέσταλκέ
3553 2986 3632 3038 με.

414 3031 493 3052 tm
898 3031 903 3032 κ
1405 3031 1419 3040 .
1700 3031 1724 3045 υ

414 3073 733 3144 pauperibus
764 3072 907 3126 misit
952 3086 1068 3137 me;
1103 3079 1157 3122 ut
1202 3083 1449 3123 sanarent
1491 3067 1749 3122 contritas
1793 3065 1991 3130 corde;

2098 3031 2398 3116 ίάσασθαί
2422 3031 2436 3037 ¹
2468 3061 2610 3128 τοὺς
2677 3031 3231 3131 συντετριιιζιιένους
3313 3062 3388 3132 τῇ
3456 3031 3634 3130 καρδίᾳ

416 3183 471 3221 ut
501 3166 873 3220 annuntiarem
898 3164 1118 3232 captivis
1150 3161 1530 3225 remissionem,
1564 3168 1614 3214 et
1659 3159 1813 3215 cwcis
1847 3160 1988 3214 visus

414 3257 899 3320 instaurationem;
947 3264 1000 3306 ut
1051 3253 1440 3323 proclamarem
1486 3268 1685 3307 annum
1759 3250 1989 3305 Domino

416 3346 810 3418 acceptabilem,
839 3356 889 3399 et
923 3344 1062 3400 diem
1103 3343 1470 3397 retributionis
1510 3341 1621 3398 Deo
1672 3352 1889 3409 nostro;
1933 3351 1991 3396 ut

416 3438 721 3493 consolarer
758 3451 934 3489 omnes
967 3434 1200 3505 lugentes
1223 3449 1241 3496 ;
1267 3442 1323 3487 ut
1357 3433 1513 3488 detur
1537 3434 1832 3505 lugentibus
1861 3432 1992 3490 Sion

408 3531 589 3603 gloria
620 3545 713 3599 pro
739 3528 949 3593 cinere;
977 3527 1157 3582 unctio
1188 3525 1394 3582 ltetititz
1420 3525 1738 3599 lugentibus,
1765 3528 1991 3583 amictus

415 3623 603 3694 gloria:
632 3638 726 3690 pro
751 3620 945 3688 spiritu
971 3618 1232 3685 maeroris,
1260 3627 1369 3672 etc.

487 3797 591 3864 Qui
639 3796 705 3851 ad
755 3795 1154 3867 promissiones
1214 3794 1557 3865 evangelicas
1604 3792 1892 3850 Dominum
1935 3809 1995 3849 se

416 3906 562 3952 esse,
602 3901 806 3959 eosque
841 3888 893 3940 in
917 3898 1162 3956 tempore
1190 3892 1653 3959 congregaturum
1680 3884 1990 3954 adiecerat;

419 3993 565 4035 nunc
593 3978 709 4049 ejus
743 3992 796 4031 se
824 3976 899 4030 rei
925 3975 1102 4045 gratia
1127 3993 1159 4029 a
1184 3974 1409 4029 Domino
1439 3972 1609 4045 699
1637 3982 1855 4028 unctum
1884 3988 1997 4028 esse

420 4073 715 4143 signiﬁcat.
747 4068 845 4126 Est
885 4083 1051 4140 porro
1075 4067 1176 4122 tibi
1225 4067 1804 4133 animadvertendum,
1847 4066 1993 4136 quod

417 4164 703 4220 Dominum
731 4179 763 4216 a
792 4161 1017 4216 Domino
1049 4159 1252 4230 Spiritu
1279 4168 1462 4214 sancto
1486 4168 1701 4213 unctum
1723 4175 1834 4215 esse
1854 4159 1999 4215 aﬂlr-

420 4265 567 4323 mat,
594 4269 651 4311 ut
678 4256 733 4310 in
765 4253 1036 4309 Trinitate
1066 4253 1330 4308 Deitatem
1360 4267 1652 4324 agnoscas.
1683 4252 1821 4308 Cum
1850 4254 1997 4307 enim

420 4359 616 4404 natura
652 4346 910 4402 Dominus
937 4356 994 4402 et
1029 4345 1171 4403 Deus
1218 4346 1315 4411 sit,
1365 4345 1731 4401 humanitatis
1780 4346 1995 4399 ratione

304 4454 323 4473 °
421 4441 624 4510 Spiritu
674 4455 703 4495 a
745 4438 905 4494 Patre
945 4437 1239 4509 inungitur.
1281 4437 1402 4493 Non
1451 4445 1537 4494 est
1594 4437 1761 4507 igitur
1831 4436 1994 4491 homo

420 4544 653 4597 tantum,
682 4531 727 4586 si
760 4530 1052 4596 Dominus;
1084 4545 1189 4586 nec
1216 4543 1384 4584 carne
1408 4527 1729 4592 destitutus,
1760 4527 1806 4583 si
1842 4527 1997 4598 ungi-

429 4637 528 4687 tur,
564 4624 657 4678 sed
695 4620 838 4676 idem
879 4623 1019 4676 Deus
1076 4629 1130 4674 et
1173 4620 1376 4687 homo;
1416 4633 1528 4697 non
1577 4618 1766 4673 eadem
1814 4626 1996 4672 tamen

424 4718 657 4773 ratione.
694 4712 815 4780 Quo
871 4714 929 4768 lit
967 4720 1044 4776 ut,
1076 4721 1340 4782 tanquam
1376 4726 1442 4767 ex
1488 4710 1688 4766 Davide
1727 4710 1820 4774 sit,
1873 4711 2001 4783 ungi

422 4810 663 4865 dicatur.
691 4802 811 4860 Jan:
848 4804 993 4859 enim
1029 4811 1083 4857 et
1108 4810 1273 4857 antea
1313 4816 1480 4873 super
1516 4816 1663 4867 eum,
1693 4802 1786 4873 qui
1814 4801 1882 4856 de
1918 4818 2004 4857 ra-

423 4905 547 4959 dice
603 4898 760 4956 lesse
817 4896 1113 4971 prodiisset
1141 4897 1207 4961 ⁸⁸,
1260 4896 1314 4951 id
1360 4902 1445 4951 est
1482 4910 1652 4966 super
1694 4895 2000 4959 Christum,

427 4995 694 5068 Spiritum
729 4990 945 5048 Domini
981 4988 1360 5061 requieturum
1394 4989 1631 5045 dixerat.
1681 4986 1802 5042 Non
1855 4988 2001 5043 enim

425 5089 587 5146 simili
623 5102 750 5142 cum
790 5083 1068 5141 veteribus
1115 5082 1330 5138 ratione
1365 5083 1610 5136 unctione
1653 5090 1840 5134 unctus
1890 5096 2004 5134 esse

423 5181 632 5235 dicitur
664 5196 679 5233 :
715 5176 923 5247 alioqui
953 5174 1089 5228 nihil
1124 5182 1325 5246 praeter
1349 5181 1580 5227 czeteros
1611 5170 1841 5225 haberet
1884 5170 2002 5224 esi-

425 5270 628 5332 mium;
657 5284 815 5337 quem
844 5278 1023 5319 tamen
1051 5264 1271 5321 Davidis
1288 5262 1603 5319 testimonio
1629 5276 1642 5314 :
1680 5278 1699 5312 ι
1742 5259 2000 5330 Propter-

424 5374 485 5413 ea
518 5358 679 5413 unxit
705 5366 758 5412 te
804 5357 970 5423 Deus,
1002 5356 1147 5411 Deus
1179 5356 1460 5421 tuus,oleo
1483 5352 1680 5407 laetitia:
1714 5365 1827 5422 prae
1865 5366 2000 5404 con-

425 5452 671 5504 sortibus
721 5447 831 5501 tuis
862 5448 926 5499 ‘9.
970 5465 989 5498 ι
1030 5445 1257 5511 Deinde,
1280 5456 1539 5514 tauquam
1569 5442 1683 5513 jam
1719 5443 1880 5496 honio
1908 5441 2015 5508 sit;

2093 3152 2350 3220 κηρύξαι
2382 3151 2785 3222 αἰχμαλώτοις
2823 3152 3079 3221 ἄφεσιν,
3119 3154 3224 3208 καί
3256 3152 3491 3223 τυφλοῖς
3518 3150 3636 3207 ἀνά-

2094 3245 2332 3313 ϐλεψιν,
2389 3242 2646 3300 καλέσαι
2710 3244 2992 3299 ἐνιαυτὸν
3034 3247 3264 3313 Κυρίου
3308 3246 3525 3312 δεκτόν,
3554 3245 3631 3298 καί

2090 3334 2319 3405 ἡμέραν
2339 3334 2821 3402 ἀνταποδόσεως,
2848 3337 3265 3406 παρακαλέσαι
3285 3337 3501 3404 πάντας
3522 3335 3634 3400 τοὺς

2093 3427 2493 3493 πενθοῦντος,
2527 3425 2778 3495 δοθῆναι
2824 3427 2951 3495 τοῖς
2987 3430 3283 3485 πενθοῦσι
3315 3432 3458 3486 Σιὼν
3481 3429 3635 3493 δόξαν

2093 3518 2230 3574 ἀντὶ
2270 3517 2510 3573 σποδοῦ
2534 3559 2549 3584 ,
2609 3518 2871 3588 ἄλειμμα
2929 3520 3315 3590 εὐφροσύνης
3362 3521 3478 3587 τοῖς
3521 3534 3636 3573 ster-

2095 3611 2290 3677 θοῦσι,
2324 3609 2717 3680 statuat-01hr
2760 3610 2950 3679 δόξης
2985 3611 3121 3667 ἀντὶ
3165 3614 3492 3685 πνεύματος
3515 3611 3635 3675 ἀκη-

2006 3730 2011 3735 ι
2094 3698 2249 3765 δίας,
2283 3717 2338 3753 κ.
2379 3718 2429 3754 τ.
2455 3699 2505 3754 λ.

2179 3789 2237 3842 '0
2276 3792 2393 3853 ταῖς
2412 3791 2801 3859 εὐαγγελικαῖς
2851 3792 3214 3862 ἐπαγγελίαις
3256 3788 3637 3859 ὲπειπὼν,Ἐγὼ

2096 3880 2301 3953 Κύριος
2322 3882 2462 3937 κατὰ
2483 3884 2672 3956 καιρὸν
2696 3884 2911 3949 συνάξω
2932 3886 3154 3953 αὐτοὺς,
3176 3886 3268 3941 νῦν
3284 3886 3436 3956 παρὰ
3451 3884 3635 3951 Κυρίου

2095 3976 2315 4031 τούτου
2355 3975 2532 4046 χάριν
2591 3977 2907 4045 κεκρίσθαι
2949 3980 3087 4048 φησὶ
3118 4016 3136 4041 ,
3191 3978 3288 4033 τοῦ
3351 3975 3638 4044 συναγαγεῖν

2099 4069 2295 4130 αὐτοὺς
2329 4067 2591 4139 δηλονότι.
2646 4070 2756 4123 Καὶ
2801 4070 2905 4141 ὅρα
2942 4071 3165 4139 Κύριον
3193 4070 3309 4127 ὑπὸ
3347 4063 3637 4139 Κυρίουτῷ

2098 4161 2245 4231 ἁγίῳ
2290 4162 2608 4231 χριόμενον
2640 4162 2971 4232 Πνεύματι,
3000 4162 3075 4228 ὡς
3117 4165 3177 4217 ὲν
3218 4163 3401 4235 Τριάδι
3436 4158 3637 4215 κυεῖσθαι

2100 4253 2160 4307 τὸ
2178 4254 2350 4307 Θεῖον.
2370 4254 2582 4327 Κύριος
2615 4253 2724 4326 γὰρ
2746 4252 2822 4308 ὢν
2846 4255 2940 4308 καὶ
2968 4254 3101 4320 Θεὸς
3130 4256 3312 4326 φύσει,
3344 4253 3475 4310 κατὰ
3486 4251 3538 4305 τὸ
3558 4240 3635 4303 ἀν-

2102 4342 2375 4414 θρώπινον
2421 4343 2526 4397 ὑπὸ
2569 4343 2667 4415 τοῦ
2707 4344 2953 4417 Πατέρος
2982 4344 3064 4411 τῷ
3090 4348 3387 4416 Πνεύματι
3425 4343 3634 4413 χρίεται.

2105 4436 2229 4491 οὖτ’
2255 4432 2348 4492 οὖν
2367 4436 2521 4507 ψιλὸς
2545 4437 2827 4510 ἄνθρωπος
2846 4478 2862 4503 ,
2889 4439 3004 4509 εἴγε
3024 4440 3248 4510 Κύριος,
3276 4438 3393 4493 οὔτε
3415 4438 3634 4503 ἄσαρκος,

2104 4528 2220 4599 εῐγε
2254 4530 2502 4599 χρίεται,
2561 4529 2694 4594 Θεὸς
2742 4529 2798 4583 δὲ
2850 4530 2945 4585 xui.
2994 4530 3284 4606 ἄνθρωπος
3327 4533 3354 4585 ὁ
3393 4528 3558 4592 αὐτὸς,
3588 4524 3636 4577 οὐ

2107 4621 2250 4677 κατὰ
2284 4621 2509 4675 ταύτόν·
2554 4622 2631 4684 ὡς
2654 4623 2719 4675 ὲκ
2750 4621 2915 4676 Δαϐὶδ
2931 4617 3024 4676 οῦν
3051 4624 3313 4695 ὑπάρχων
3331 4663 3345 4688 ,
3368 4619 3638 4690 κεκρίσθαι

2107 4713 2353 4781 λέγεται.
2396 4711 2507 4769 Καὶ
2532 4712 2633 4784 ἥδη
2666 4712 2775 4784 γὰρ
2812 4712 2967 4768 εἶπεν
2997 4713 3090 4767 ἐπὶ
3115 4715 3210 4768 τὸν
3249 4716 3314 4768 ὲκ
3357 4711 3500 4785 ῥίζης
3530 4709 3637 4760 Ἰεσο

2101 4805 2215 4869 σαὶ,
2244 4802 2488 4875 δηλονότι
2519 4804 2777 4874 Χριστὸν,
2811 4803 3307 4858 ὲπαναπεπαῦσθαι
3336 4803 3394 4856 τὸ
3426 4796 3634 4865 Πνεῦμα.

2101 4896 2176 4948 οὐ
2211 4896 2318 4966 γὰρ
2364 4896 2561 4967 ὲῤῥέθη
2613 4896 2897 4966 χρίσματι
2929 4897 3244 4966 κεκρίσθαι
3284 4897 3393 4958 τοῖς
3426 4887 3637 4946 παλαιοῖς

2100 4986 2339 5058 ὁμοίως.’
2371 4987 2441 5041 Ἦ
2472 4986 2582 5059 γὰρ
2613 4987 2680 5042 ἂν
2729 4987 2885 5042 οὐδὲν
2943 4983 3092 5059 εἶχεν
3139 4987 3430 5057 ἐξαίρετον.
3477 4980 3637 5035 Καίτοι

2102 5077 2267 5132 Δαϐὶδ
2306 5077 2584 5143 εἰπόντος·
2627 5098 2647 5131 ι
2677 5079 2778 5133 Διὰ
2820 5078 2983 5134 τοῦτο
3031 5080 3249 5151 ἔχρισέν
3296 5095 3355 5132 σε
3394 5078 3420 5130 ὁ
3455 5068 3638 5133 Θεὸςνδ

2101 5170 2235 5235 Θεὸς
2278 5171 2597 5238 σου,ἔλαιον
2643 5171 3020 5240 ἀγαλλιάσεως
3054 5171 3207 5243 παρὰ
3244 5172 3365 5233 τοὺς
3415 5163 3638 5243 μετόχοις

2111 5276 2224 5315 σου.
2258 5280 2277 5313 s
2324 5260 2412 5325 Ὠς
2460 5261 2517 5315 δὲ
2549 5262 2648 5334 ἤδη
2699 5263 2992 5333 γενόμενος
3046 5242 3332 5334 ἄνθρωπός
3365 5271 3532 5327 φησιν.
3578 5242 3636 5301 οὗ

2110 5351 2345 5406 εἵνεκεν
2368 5352 2618 5423 ἔχρισέν
2638 5371 2735 5422 με.
2771 5355 2881 5408 Kal.
2907 5353 3005 5424 τὴν
3028 5354 3208 5408 αἰτίαν
3244 5353 3521 5418 ἐπήγαγεν.
3551 5337 3639 5393 Καὶ

2127 5447 2390 5515 προεῖπεν
2427 5445 2484 5497 δὲ
2529 5446 2730 5515 φήσας,
2787 5445 2946 5497 Κατὰ
2984 5448 3170 5515 καιρὸν
3222 5442 3423 5506 συνάξω
3453 5432 3633 5490 αὑτούὸσ

491 5628 540 5661 ⁸⁸
564 5624 721 5679 Joan.
768 5636 882 5685 νην,
922 5621 1006 5677 l2.
1048 5623 1092 5653 "
1118 5619 1273 5678 Boni.
1305 5640 1391 5688 ιι,
1426 5620 1514 5674 2-1.
1595 5621 1636 5653 ⁶¹¹
1667 5619 1813 5676 Psal.
1848 5635 1990 5675 van

2109 5619 2161 5673 5.
2240 5621 2281 5651 ’ί
2313 5621 2420 5675 lsa.
2460 5637 2534 5684 rt,
2573 5622 2619 5675 l.
2698 5620 2744 5655 "
2768 5622 2915 5678 Psal.
2961 5637 3105 5686 xuv,
3137 5622 3189 5675 8.
