3976 6210
365 271 501 336 ἳδίί
1527 280 2062 342 COMMENTARII
2101 280 2182 340 IN
2223 281 2505 342 ISAIAM.
3493 279 3559 341 2i]
3574 281 3638 339 i2

380 381 466 443 Ὠς
516 381 615 450 μὲν
647 376 738 435 οὖν
783 381 917 444 Θεὸς
964 385 1190 454 χορηγεῖ
1240 384 1306 438 τὸ
1358 385 1601 456 Πνεῦμα
1646 390 1712 459 τῇ
1755 389 1950 452 κτίσει,

2069 389 2210 458 cujus
2232 389 2412 458 gratia
2440 388 2593 441 unxit
2618 404 2718 452 me,
2751 387 2969 457 adjecit,
3003 395 3062 441 ut
3087 401 3308 444 causam
3338 399 3446 440 non
3477 387 3639 441 omit-

367 470 443 533 ὡς
477 470 538 524 δὲ
576 470 864 542 ἄνθρωπος
895 471 1130 541 δέχεται.
1177 472 1268 526 Διὸ
1293 513 1306 536 ,
1355 475 1495 527 κατᾶ
1522 476 1756 541 Δουκᾶν,
1786 477 1861 541 ὡς
1893 479 1937 531 ἐι

2065 488 2230 546 teret;
2263 480 2353 550 qni
2389 493 2447 535 se
2471 495 2568 536 eos
2596 490 2752 534 antra
2795 481 2847 534 in
2881 487 3128 549 tempore
3172 486 3635 551 congregaturum

372 561 628 632 Ναζαρὲθ
662 563 955 633 γενόμενος
987 565 1234 634 εἰσῆλθεν
1260 567 1340 631 είς
1360 567 1460 638 τὴν
1483 567 1833 641 Συναγωγὴν,
1857 568 1942 623 καῚ

2069 572 2292 627 dixerat.
2329 568 2400 624 Ut
2434 570 2577 626 Deus
2612 570 2801 641 igitur,
2833 571 3080 637 spiritum
3119 578 3389 625 creaturae
3441 582 3639 638 sugge-

371 654 462 705 τὺν
511 653 738 706 Ἦσαῖαν
780 653 998 720 ἀνοίξας
1045 649 1173 728 εὗρε
1213 659 1366 712 τουτὶ
1398 657 1460 710 τὸ
1507 659 1704 730 ῥητὸν,
1746 659 1941 724 πτύξας

2069 663 2162 728 rit;
2209 662 2414 734 recepit
2453 669 2662 726 autem,
2696 672 2756 717 ut
2805 662 2990 716 homo.
3044 662 3253 732 itaque,
3297 659 3442 731 quod
3495 659 3639 728 apud

377 745 484 814 ἔφη
505 761 519 774 υ
547 745 796 815 Σήμερον
830 747 862 815 ή
899 747 1090 817 Γραφὴ
1112 746 1251 815 αῦτη
1271 749 1653 821 πεπλήρωται.
1683 752 1823 804 Κατ’
1853 751 1947 804 αὐ-

2070 753 2264 810 Lucam
2297 754 2551 824 legimus,
2579 769 2704 810 cum
2739 751 3014 808 Nazareth
3053 766 3385 824 synagogam
3427 749 3640 821 ingres-

378 837 468 888 τὸν
510 836 621 906 γὰρ
668 835 760 890 τὸν
807 837 998 908 καιρὸν
1048 839 1244 910 συνέὸη
1292 839 1388 893 καὶ
1438 839 1829 912 βαπτισθῆναι,
1869 843 1948 895 irai

2069 860 2180 909 sus,
2216 855 2408 916 aperto
2448 846 2604 902 Isaiae
2637 845 2802 911 libro,
2835 845 2891 900 in
2922 845 3088 900 verba
3117 844 3221 899 ista
3251 841 3533 897 incidisset
3559 839 3639 903 "°;

375 927 439 980 τὸ
476 927 718 998 Πνεῦμα
747 929 1033 983 κατελθεῖν
1067 930 1328 984 ὲπάύτὸν
1356 931 1416 984 ἐν
1437 931 1564 985 εῖδει
1604 935 1945 1004 περιστερᾶς

2067 936 2253 992 eodem
2295 939 2648 1008 complicato,
2677 952 2801 993 esse
2825 951 2892 991 eo
2914 936 3001 992 die
3025 935 3351 1005 completam
3382 932 3637 1001 Scriptu-

379 1016 499 1087 μεθ’
537 1018 566 1072 ὃ
599 1020 886 1091 πειραθεὶς
910 1016 1076 1092 ἦλθεν
1115 1023 1195 1086 είς
1219 1023 1502 1094 Ναζαρὲθ,
1535 1025 1627 1077 καὶ
1666 1023 1949 1095 πεπληρῶ-

2069 1044 2175 1084 ram
2212 1029 2524 1084 afﬁrmavit.
2557 1029 2801 1100 Contigit
2833 1030 2980 1084 enim
3035 1041 3100 1081 eo
3131 1035 3403 1094 tempore,
3459 1033 3514 1078 ut
3545 1023 3639 1079 ba-

377 1109 502 1164 σθαι
523 1110 623 1182 τὴν
663 1112 888 1184 Γραφὴν
913 1113 1258 1184 ἀπεφήνατο.

2071 1121 2388 1191 ptizaretur;
2417 1129 2474 1176 ut
2501 1121 2759 1191 Spiritum
2781 1123 2942 1178 etiam
2985 1120 3038 1174 in
3074 1119 3340 1174 columba:
3375 1116 3550 1171 forma
3588 1113 3641 1167 in

376 1222 436 1259 se
463 1206 794 1263 admitteret.
847 1209 1057 1274 Quibus
1084 1209 1304 1266 demum
1333 1211 1624 1278 absolutis,
1667 1213 1722 1267 in
1765 1211 2038 1272 Nazarelh
2073 1217 2360 1288 ingressus
2396 1227 2502 1283 est,
2555 1226 2610 1274 et
2650 1218 2725 1273 ibi
2799 1215 3129 1286 completam
3196 1227 3320 1269 esse
3389 1209 3642 1279 Scriptu-

379 1312 494 1350 ram
524 1299 917 1368 pronuntiavit.

447 1389 603 1455 Τινὲς
625 1390 703 1456 δὲ,
742 1389 817 1453 ὼς
847 1389 1084 1462 εἴρηται,
1109 1390 1206 1445 ἐπὶ
1231 1391 1325 1446 τὸν
1359 1393 1457 1464 τῆς
1489 1394 1800 1466 γεννήσεως
1834 1413 1960 1449 και-

2133 1393 2250 1448 Non
2273 1391 2469 1447 desunt
2500 1404 2703 1455 tamen,
2735 1399 2793 1446 ιιι
2814 1391 3022 1445 dictum
3054 1397 3159 1455 est,
3185 1387 3276 1459 qui
3301 1385 3467 1457 quod,
3490 1385 3643 1439 unxit

392 1481 484 1549 ρδν
516 1481 661 1552 ἔχειν
687 1482 819 1550 φασὶ
847 1481 947 1553 τὴν
984 1483 1268 1553 ἀναφορὰν
1297 1483 1378 1550 τὸ,
1415 1485 1662 1555 ἔχρισέν
1687 1503 1782 1556 με.
1812 1487 1960 1558 Πλὴν

2074 1503 2166 1551 me,
2199 1485 2430 1550 addidit,
2466 1485 2531 1538 ad
2566 1484 2869 1539 nativitatis
2899 1492 3116 1552 tempus
3152 1480 3346 1536 referri
3375 1477 3644 1533 arbitren-

383 1572 521 1641 μετά
547 1572 608 1625 τὸ
634 1571 920 1644 βάπτισμα
948 1574 1199 1641 φαίνεται
1234 1574 1521 1646 κηρύσσων
1555 1578 1653 1648 τὴν
1684 1578 1953 1646 βασιλείαν

2069 1588 2172 1634 tur.
2211 1578 2317 1632 Sed
2352 1576 2709 1631 manifestum
2736 1585 2840 1641 est,
2874 1584 3000 1645 post
3025 1573 3356 1643 baptismum
3395 1576 3639 1624 secutam

379 1663 486 1715 τῶν
523 1663 776 1735 οὐρανῶν·
814 1666 980 1738 (ὅπερ
1005 1661 1075 1737 ἦν
1113 1666 1596 1736 εὐαγγελίζεσθαι
1637 1669 1760 1735 τοῖς
1803 1685 1949 1723 xta)-

2071 1689 2183 1730 esse
2214 1672 2455 1728 cceleStis
2477 1671 2631 1740 regni
2665 1685 2760 1740 per
2783 1684 2908 1724 eum
2939 1664 3466 1737 promulgationem;
3494 1661 3641 1732 quod

379 1753 529 1823 χοῖς)
560 1756 658 1808 καὶ
685 1756 811 1818 τοὺς
854 1759 1239 1828 μακαρισμοῦς
1272 1758 1644 1830 ἐκτιθέμενος.
1673 1761 1783 1814 Καὶ
1831 1761 1949 1815 ἰᾶτο

2075 1776 2148 1822 εει
2185 1766 2504 1835 pauperibus
2535 1763 2897 1835 evangelizare
2926 1777 2942 1815 :
2979 1777 3102 1816 esse
3141 1759 3374 1828 denique
3405 1757 3645 1813 beatitu-

377 1847 433 1899 δὲ
471 1847 615 1914 τοὺς
653 1849 1202 1920 συντετριμμένους
1233 1849 1309 1920 τῇ
1337 1851 1586 1920 καρδίᾳ,
1639 1846 1947 1923 θεραπεύὼι

2074 1857 2252 1912 iinum
2299 1871 2500 1928 genera
2533 1856 2602 1911 ab
2648 1857 2767 1924 ipso
2822 1853 3114 1923 explicata.
3159 1849 3398 1906 Sanabat
3449 1847 3644 1904 deinde

379 1939 740 2007 ἐπαγγελίαις
761 1982 778 2007 ,
831 1943 926 1994 καὶ
977 1941 1152 2010 λέγων
1172 1957 1184 1972 ·
1217 1943 1494 2014 Μακάριοι
1540 1945 1589 1998 οἱ
1615 1944 1949 2009 πενθοῦντες,

2070 1949 2315 2002 εοηιι-ἱιοι
2373 1950 2554 2010 corde,
2619 1945 2844 1999 admoto
2893 1940 3323 2013 promissionum
3375 1936 3640 2000 remedio,

381 2029 462 2080 ὅτι
495 2029 652 2082 αὐτοὶ
676 2031 1216 2102 παρακληθήσονται.
1248 2035 1356 2088 Καὶ
1395 2036 1655 2105 μακάριοι
1681 2037 1728 2090 oi
1751 2035 1951 2091 κλαίον-

2069 2055 2186 2095 cum
2243 2041 2438 2095 beatos
2478 2038 2572 2108 qui
2611 2037 2882 2108 lugerent,
2927 2049 3051 2090 esse
3094 2035 3340 2098 doceret,
3382 2030 3639 2102 quoniam

383 2139 494 2186 τες,
537 2123 621 2176 ὅτι
663 2123 1007 2191 γελάσονται.
1051 2127 1162 2179 Καὶ
1199 2129 1312 2191 τοῖς
1343 2127 1400 2181 δὲ
1445 2127 1816 2199 αἰχμαλώτοις
1856 2129 1953 2182 ὑπὲ

2074 2132 2501 2188 .‘onsolatiouem-
2521 2139 2706 2184 essent
2737 2129 2986 2192 nacluri;
3025 2127 3213 2180 beatos
3246 2124 3373 2179 item
3407 2121 3500 2192 qui
3547 2119 3644 2174 lle-

380 2213 652 2282 δαιμόνων
709 2214 890 2269 ἔθεσιν
944 2215 1142 2285 ἄφεσιν
1172 2216 1464 2288 ἐκήρυττε,
1517 2219 1632 2282 τοῖς
1691 2217 1950 2290 μαθηταῖς

2072 2234 2204 2289 rent,
2243 2222 2508 2292 quoniam
2541 2221 2714 2276 risuri
2749 2215 2815 2272 τί.
2851 2217 3121 2272 Gentibus
3163 2222 3452 2285 praeterea,
3488 2211 3578 2281 qui
3612 2224 3642 2264 a

381 2302 551 2356 εἰπών
581 2320 593 2332 ε
641 2304 1006 2375 Πορευθέντες
1055 2306 1434 2374 μαθητεύσατε
1459 2308 1637 2361 πάντα
1682 2309 1750 2362 τὰ
1807 2308 1951 2379 ἔθνη,

2061 2316 2402 2372 daunonibus
2444 2315 2646 2383 captivi
2677 2310 3089 2371 detinebantur,
3126 2307 3504 2362 dimissionem
3543 2318 3609 2356 an

383 2393 737 2466 βαπτίζοντες
771 2396 988 2460 αὐτοὺς,
1016 2397 1102 2450 ἐπ’
1138 2397 1332 2464 ἀφέσει
1355 2398 1595 2464 δηλονότι
1636 2399 1953 2470 πλημμελη-

2073 2406 2314 2468 nuntiat;
2344 2420 2467 2459 cum
2489 2403 2794 2473 discipulos
2818 2401 3124 2470 alloquens,
3148 2397 3214 2452 ad
3241 2406 3429 2466 gentes
3451 2406 3643 2448 omnes

385 2489 572 2556 μάτων
591 2503 604 2518 ·
647 2488 702 2541 οἳ
733 2489 826 2541 καὶ
849 2488 1113 2557 ἀϐλεψίαν
1138 2490 1381 2556 ἐνόσουν,
1417 2493 1482 2561 τῇ
1511 2491 1756 2561 πολυθέῳ
1783 2492 1955 2564 πλάνῃ

2072 2492 2360 2560 proﬁcisci,
2399 2491 2564 2561 700
2608 2503 2817 2558 easque
2857 2486 3076 2550 docere,
3125 2493 3179 2540 et
3233 2483 3535 2552 baptizare,
3589 2479 3642 2532 in

379 2579 744 2642 δουλεύοντες.
777 2579 976 2650 Διόπερ
1016 2582 1074 2634 ὲν
1118 2582 1228 2645 τοῖς
1271 2580 1634 2652 προλαϐοῦσιν
1665 2581 1902 2651 ἔφασκεν
1932 2584 1949 2636 ἐ

2095 2583 2446 2639 emissionem
2501 2588 2854 2650 peccatorum
2896 2576 3170 2640 videlicet,
3224 2572 3517 2644 imperavit
3564 2572 3665 2631 ’ίςη

383 2673 612 2742 Πατήρο
657 2673 810 2736 Ἰδοὺ,
849 2673 1072 2726 τέθεικὰ
1121 2689 1182 2726 σε
1219 2676 1300 2736 είς
1352 2674 1467 2742 φῶς
1508 2673 1696 2737 ἐθνῶν,
1752 2675 1953 2739 ἀνοῖξαι

2068 2691 2182 2746 quur
2221 2675 2426 2728 dudum
2455 2672 2704 2726 caecitate
2741 2672 3077 2734 laborantes,
3119 2675 3181 2721 ut
3221 2681 3376 2721 vanae
3410 2663 3638 2720 deorum

379 2763 693 2834 ὀφθαλμοὺς
713 2765 952 2832 τυφλῶν,
978 2765 1267 2834 ἐξαγαγεῖν
1301 2768 1364 2819 ἐκ
1383 2765 1597 2835 δεσμῶν
1618 2767 1949 2837 δεδεμένους.

2075 2763 2400 2820 nul-Iitudini
2447 2762 2778 2817 serviebant.
2812 2760 2932 2826 Quo
2981 2759 3185 2811 factum
3214 2762 3320 2820 est,
3352 2763 3412 2808 ut
3447 2755 3503 2809 in
3553 2769 3645 2809 sn-

384 2854 492 2907 Και
512 2855 734 2923 πτωχοὶ
769 2855 824 2906 δὲ
855 2851 1016 2926 ἦσαν,
1039 2854 1114 2919 ὡς
1151 2857 1352 2919 παντὸς
1389 2856 1598 2924 ἀγαθοῦ
1635 2857 1954 2928 νοσήσαντες

2076 2857 2393 2920 acrioribus,
2426 2869 2552 2910 eum
2585 2853 2724 2910 sein
2764 2853 2941 2906 lucent
2992 2849 3232 2920 gentium
3265 2849 3538 2918 posuisse.
3589 2855 3646 2900 ut

381 2945 606 3011 ἔνδειαν,
636 2945 830 2998 ἐλπίδα
865 2947 938 3015 μὴ
963 2944 1200 3015 ἔχοντες,
1227 2947 1321 2998 καὶ
1350 2946 1506 3000 ἄθεοι
1535 2947 1594 2999 ὲν
1618 2945 1698 3016 τῷ
1736 2947 1950 3017 κόσμῳ,

2073 2948 2252 3003 oculos
2280 2947 2441 3002 caecis
2474 2945 2714 3016 aperiret
2733 2982 2749 3005 ,
2795 2955 2851 2997 ut
2892 2943 2966 2996 de
2990 2941 3225 2994 vinculis
3253 2953 3350 2994 eos
3370 2938 3643 3001 educeret,

391 3037 451 3088 Εἰ
481 3036 578 3107 μὴ,
625 3036 734 3107 ἄρα
765 3035 890 3102 τοῖς
919 3035 1178 3103 πτωχοῖς
1210 3036 1288 3105 τῷ
1324 3037 1596 3107 πνεύματι
1623 3036 1959 3107 δεδωρῆσθαί

2072 3039 2156 3109 qui
2207 3039 2261 3094 iu
2329 3038 2467 3108 ipsis
2511 3045 2694 3092 essent
2749 3032 3069 3098 constricti,
3132 3029 3295 3086 Pater
3329 3027 3642 3084 alﬁrnzaret.

383 3145 516 3198 φησι
561 3129 672 3181 τῶν
721 3128 792 3181 δι’
832 3127 1000 3180 αὐτοῦ
1051 3127 1410 3199 χαρισμάτων
1440 3127 1800 3200 τὴν-ἄφθονον
1835 3147 1953 3200 χορ·

2076 3128 2238 3184 Erant
2268 3143 2398 3182 vero
2423 3138 2476 3181 et
2501 3141 2778 3195 pauperes,
2803 3125 2898 3194 qui
2934 3123 3205 3177 bonorum
3254 3118 3502 3175 omnium
3556 3133 3646 3187 pe-

382 3217 562 3288 ηγίαν.
590 3215 1138 3286 Συντετριμμένους
1163 3217 1220 3271 δὲ
1261 3217 1436 3282 ἄλλως
1474 3219 1601 3282 τοὺς
1634 3218 1836 3289 ἀσθενῆ
1866 3220 1952 3290 τὴι

2075 3219 2232 3277 nuria
2261 3218 2613 3281 laborarent;
2648 3215 2742 3286 qui
2791 3229 2888 3285 spe
2921 3220 3209 3278 carerent;
3242 3211 3346 3280 qui.
3389 3208 3555 3264 Deum
3592 3208 3645 3262 in

381 3311 637 3380 καρδίαν
681 3311 774 3364 καὶ
823 3309 1216 3381 εύδιάθρυπτον
1252 3309 1499 3381 ἔχοντας,
1539 3311 1617 3375 ὡς
1645 3311 1951 3381 ἀντιστῆναι

2077 3311 2276 3365 mundo
2316 3325 2430 3364 non
2461 3313 2846 3378 agnoscerent.
2882 3301 2978 3358 Sin
3010 3301 3218 3368 minus,
3260 3301 3328 3357 iis
3360 3308 3529 3365 certe,
3557 3299 3647 3369 qui

383 3404 458 3474 μὴ
487 3402 750 3456 δύνασθαι
773 3408 894 3467 ταῖς
909 3405 1033 3458 θεῶν
1063 3402 1254 3458 παθῶν
1287 3402 1636 3474 προσϐολαῖς,
1669 3401 1953 3472 αἰχμαλώ-

2076 3402 2271 3474 spiritu
2323 3414 2581 3470 pauperes
2638 3404 2789 3461 sunt,
2846 3396 3125 3466 ingentem
3175 3407 3304 3448 esse
3347 3393 3646 3463 gratiarum

379 3513 496 3549 των
541 3495 598 3549 δὲ
646 3495 802 3567 δίκην
834 3496 1045 3560 τούτοις
1083 3493 1436 3557 δουλεύοντας
1459 3509 1472 3523 ·
1517 3495 1748 3564 ἁρμόσει
1779 3495 1838 3548 δὲ
1872 3495 1949 3548 κα“

2079 3493 2476 3562 suppeditatam
2518 3491 2734 3560 copiam
2791 3486 3110 3558 signiﬁcat:
3163 3484 3420 3538 contritas
3471 3497 3649 3537 autem

380 3588 491 3650 τοῖς
538 3585 599 3651 ἐξ
638 3577 860 3657 Ἶσραὴλ
910 3587 976 3640 τὰ
1008 3586 1298 3656 λεγόμενα.
1346 3586 1419 3639 Οὐ
1453 3585 1560 3656 γὰρ
1598 3580 1667 3655 ἦν
1694 3585 1785 3637 ἐπὶ
1813 3585 1950 3655 γῆςι

2080 3582 2202 3636 tlias
2228 3594 2326 3636 eos
2349 3581 2521 3649 ipsos,
2552 3579 2646 3648 qui
2677 3578 2748 3631 ita
2779 3575 2936 3630 corde
2962 3584 3092 3630 sunt
3124 3575 3401 3629 imbecillo
3431 3581 3486 3628 et
3515 3588 3650 3643 prae-

383 3678 549 3731 ποιῶν
580 3679 958 3750 χρηστότητα,
988 3679 1088 3732 οὐκ
1131 3674 1200 3750 ἦν
1221 3717 1235 3740 ,
1267 3678 1372 3740 ἕως
1395 3678 1532 3740 ἑνός.
1579 3676 1787 3730 Οὐκοῦν
1833 3679 1953 3731 πάν-

2080 3671 2269 3733 l'racto,
2336 3677 2396 3724 ut
2458 3667 2752 3724 aﬂ‘ectuum
2821 3667 3120 3723 insultibus
3173 3667 3398 3720 minime
3448 3675 3650 3733 queant

382 3787 470 3833 τες
526 3772 631 3825 υἱοὶ
672 3771 868 3835 νυκτὸς
936 3771 1090 3835 δντες
1143 3772 1238 3824 καὶ
1281 3771 1526 3834 σκότους,
1573 3769 1751 3838 φωτὸς
1808 3769 1952 3838 γεγό·

2080 3765 2366 3825 obsistere;
2400 3761 2492 3818 sed
2527 3762 2655 3824 illis,
2704 3761 3032 3829 captivorum
3073 3772 3259 3820 more,
3315 3765 3539 3826 pareant
3598 3766 3650 3811 et

381 3877 505 3914 νασι
546 3861 733 3916 τέκνα.
781 3861 1056 3934 Διηύγασε
1125 3861 1236 3931 γὰρ
1287 3861 1472 3923 αὐτοῖς
1506 3861 1540 3930 ή
1579 3859 1781 3930 ἡμέρα,
1817 3859 1951 3912 καὶέ

2080 3856 2422 3911 famulentur.
2447 3853 2788 3910 Conveniunt
2815 3867 2945 3906 vero
2969 3861 3022 3905 et
3046 3848 3312 3906 lsraelitis
3339 3849 3504 3902 etiam
3531 3863 3650 3920 qua:

379 3949 479 4020 τῆς
503 3952 854 4024 δικαιοσύνης
894 3953 1124 4024 ἀνέσχεν
1156 3952 1326 4023 ἥλιος,
1358 3950 1454 4004 καὶ
1481 3949 1731 4022 λαμπρὸς
1758 3949 1949 4004 ἀνέτει-

2083 3948 2353 4004 dicuntur.
2388 3945 2505 4000 Non
2539 3946 2684 4000 enim
2712 3952 2833 4000 erat
2867 3944 2922 3999 in
2957 3952 3125 4007 terra,
3157 3943 3274 4012 qui,
3309 3941 3453 4010 quod
3490 3942 3653 3995 bone-

380 4041 471 4094 λεν
513 4043 812 4114 ἑωσφόρος.

2077 4047 2216 4094 stum
2247 4045 2413 4100 esset,
2450 4037 2676 4099 faceret,
2713 4051 2819 4091 non
2853 4044 2994 4098 erat,
3034 4051 3100 4089 ne
3136 4051 3282 4089 unus
3322 4032 3543 4104 quidem
3584 4032 3647 4084 ".

383 4135 591 4204 Itaque,
641 4155 764 4193 cum
808 4138 899 4194 lilii
948 4138 1126 4193 noctis
1170 4145 1355 4193 essent
1391 4153 1582 4192 omnes
1609 4144 1664 4192 et
1700 4136 2050 4190 tenebrarum
2082 4175 2095 4198 ,
2127 4135 2180 4189 in
2211 4134 2350 4190 lucis
2381 4133 2525 4188 ﬁlios
2564 4139 2882 4188 evaserunt.
2943 4130 3057 4188 Illis
3083 4129 3228 4186 enim
3266 4128 3383 4184 dies
3433 4129 3569 4200 ipse,
3599 4135 3652 4182 et

381 4230 480 4299 qui
499 4229 832 4301 S‘oljnstitiaa
855 4233 1142 4294 dicitur",
1174 4245 1376 4285 aurora
1403 4231 1640 4300 denique
1662 4228 1863 4291 lucida.
1895 4228 2091 4282 illuxit.

451 4324 778 4390 Κεχρίσθαι
821 4324 879 4377 δέ
929 4340 1064 4392 φησι
1111 4323 1206 4376 καὶ
1255 4321 1534 4376 ἐνιαυτὸν
1595 4320 1819 4389 Κυρίου
1866 4321 2021 4376 xa—l

2152 4317 2242 4371 Ait
2270 4331 2402 4371 vero
2434 4315 2599 4372 etiam
2625 4327 2838 4369 unctum
2869 4331 3000 4379 esse,
3042 4322 3102 4370 ιιι
3143 4316 3500 4384 proclamaret
3549 4331 3648 4368 an-

381 4411 560 4465 λέσαι
627 4412 883 4478 δεκτὸν,
941 4412 1034 4465 τὸν
1093 4411 1195 4482 τῆς
1256 4411 1724 4481 ὲνανθρωπήσεως
1778 4408 1951 4474 καιρὸι

2081 4425 2196 4462 num
2241 4406 2458 4461 Domini
2497 4406 2874 4476 acceptabilem
2907 4420 2925 4459 :
2963 4407 3037 4461 ita
3083 4406 3344 4460 nimirum
3395 4406 3651 4460 incarna-

383 4501 554 4564 οὕτως
611 4501 802 4567 εἰπὼν,
832 4504 889 4555 ὲν
940 4496 985 4569 ᾧ
1035 4502 1240 4570 διάγων
1287 4502 1381 4556 ἐπὶ
1426 4502 1551 4570 γῆς,
1596 4500 1709 4568 φῶς
1753 4499 1953 4570 ἡμέρας

2085 4500 2244 4554 Lionis
2283 4507 2501 4569 tempus
2532 4499 2792 4562 innuens,
2820 4511 2950 4567 quo,
2996 4511 3121 4551 cum
3168 4498 3221 4550 in
3263 4497 3428 4552 terris
3470 4512 3655 4551 versa-

383 4600 496 4656 τοῖς
543 4595 829 4665 προσιοῦσι
878 4595 1194 4665 παρείχετο.
1229 4596 1316 4658 Ὠς
1359 4594 1466 4664 γὰρ
1517 4593 1650 4664 ἡλίῳ
1701 4591 1953 4645 δικαιοσύ·

2086 4602 2248 4657 retur,
2283 4592 2462 4647 lucem
2497 4590 2600 4645 diei
2633 4590 2980 4646 venientibus
3009 4593 3076 4644 ad
3103 4605 3160 4645 se
3185 4591 3479 4660 praebebat.
3522 4589 3656 4645 llnic

384 4701 482 4751 νης
530 4685 560 4736 ό
610 4682 852 4746 τοιοῦτος
886 4685 1162 4754 προσῆκεν
1190 4684 1748 4752 ἐνιαυτός.-Μήποτε
1791 4681 1847 4734 δὲ
1877 4681 1954 4734 τοι

2085 4687 2244 4752 enim,
2279 4694 2538 4756 tanquam
2573 4683 2686 4738 Soli
2708 4683 2956 4752 justitia‘,
2987 4684 3112 4738 talis
3139 4692 3223 4739 est
3244 4701 3411 4739 anuus
3443 4685 3655 4740 debitus

389 4775 655 4843 μέλλοντα
696 4773 871 4828 αἰῶνα
950 4773 1135 4845 δηλοῖ,
1186 4776 1272 4844 ἐφ’
1315 4775 1373 4827 ὃν
1404 4774 1472 4827 τὰ
1523 4775 1620 4844 τῆς
1671 4774 1866 4827 ἑαυτοῦ
1899 4773 1959 4825 δι.-

2086 4785 2129 4832 ει
2158 4779 2507 4833 commodus.
2542 4779 2742 4831 Annon
2773 4779 2901 4830 vero
2936 4774 3178 4829 futurum
3204 4777 3464 4831 saeculum
3496 4775 3656 4846 signi-

385 4867 681 4932 δασκαλίας
719 4869 1058 4939 ἀνέπεμπεν,
1103 4870 1194 4922 ὅτε
1247 4868 1358 4936 Ούχ
1408 4867 1580 4937 ἥλιος,
1627 4866 1687 4918 οὐ
1731 4865 1955 4936 σελήνη,

2082 4872 2276 4927 licasse.
2316 4871 2630 4940 putandus;
2681 4869 2746 4921 ad
2810 4866 2978 4938 quod,
3037 4883 3158 4936 quae
3218 4869 3283 4920 ad
3348 4868 3433 4920 dm
3456 4867 3652 4918 trinam

386 4959 500 5012 ἀλλ’
525 4959 678 5012 ἔσται
709 4976 812 5024 σοι,
840 4962 974 5030 φησὶ
997 5001 1010 5021 ,
1056 4959 1261 5031 Κύριος
1289 4959 1402 5027 φῶς
1446 4958 1698 5023 αἱώνιον;
1741 4958 1821 5011 διὸ
1853 4963 1956 5013 Κυ-

2079 4979 2234 5020 suam
2271 4963 2572 5032 pertinent,
2625 4959 2870 5023 remisit;
2929 4973 3037 5026 quo
3089 4967 3335 5026 tempore
3385 4972 3490 5009 non
3546 4955 3649 5016 sol,

386 5050 518 5118 ρίου
547 5051 767 5118 λέγεται
805 5052 1106 5118 ἐνιαυτός,
1139 5053 1214 5114 ὡς
1246 5051 1336 5106 ὑπ’
1373 5051 1539 5104 αὐτοῦ
1575 5051 1956 5121 (ι’)ωἰίζόμενος1

2082 5070 2186 5108 non
2230 5055 2356 5108 luna
2397 5052 2495 5106 tibi
2549 5051 2735 5104 futura
2767 5059 2870 5114 est,
2898 5049 3077 5117 inquit
3105 5047 3205 5109 ⁷⁸⁸⁸,
3237 5046 3332 5100 sed
3369 5047 3652 5107 Dominus,

387 5139 482 5192 καὶ
507 5140 741 5207 δεκτὸς,
774 5141 806 5211 ἢ
830 5143 972 5194 κατᾶ
992 5144 1119 5204 τοὺς
1134 5142 1376 5206 λοιποὺς,
1399 5141 1697 5207 εὐδοκίας.
1732 5142 1957 5205 Ἐκεῖνος

2082 5147 2167 5200 lux
2204 5145 2323 5215 ipsa
2357 5142 2738 5214 sempiterna?
2798 5158 2907 5212 quo
2954 5142 3033 5206 iit,
3084 5147 3139 5192 ιιι
3188 5155 3359 5190 anuus
3421 5137 3652 5203 Domini,

389 5231 496 5302 γάρ
535 5235 683 5286 ἐστιν
731 5235 764 5287 δ’
807 5234 1149 5304 καταθύμιος
1187 5235 1264 5304 τῷ
1312 5235 1452 5307 Θεῷ,
1495 5238 1524 5290 ό
1565 5236 1729 5300 αὐτὸς
1757 5236 1834 5290 ὢν
1871 5237 1959 5290 καί

2089 5246 2349 5308 tanquam
2376 5237 2442 5290 ab
2476 5237 2596 5306 ipso
2626 5235 2802 5290 lucem
2836 5233 3033 5286 habeat
3066 5251 3077 5285 :
3110 5239 3158 5283 et
3185 5230 3546 5296 acceptabilis,
3572 5235 3654 5286 vel

389 5322 577 5392 ἡμέρα
606 5325 1094 5393 ἁνταποδόσεως.
1117 5327 1205 5380 ὅτε
1236 5327 1335 5391 τὰς
1363 5329 1601 5398 ἀμοιϐὰς
1632 5331 1680 5382 oi
1709 5330 1849 5382 κατά
1874 5330 1959 5382 τὸν

2085 5327 2387 5383 secundum
2437 5328 2614 5388 alios.
2653 5321 3121 5392 comprobationis,
3168 5321 3498 5376 nominetur.
3564 5322 3655 5378 Est

391 5413 632 5484 παρόντα
651 5417 993 5486 κεκμηκότες
1014 5417 1127 5484 βίον
1155 5419 1493 5488 κομίζονται.
1514 5421 1666 5483 Τινὲς
1686 5422 1741 5474 δὲ
1759 5421 1961 5475 δεκτόν

2085 5421 2223 5474 enim
2253 5421 2364 5474 Deo
2386 5427 2575 5490 gratus
2602 5419 2714 5483 ille,
2745 5425 2797 5471 ct
2823 5423 3122 5484 acceptus;
3157 5415 3362 5485 quippe
3398 5417 3485 5487 qni
3546 5417 3655 5471 dies

495 5617 539 5690 1°
571 5614 704 5690 Luc.
753 5634 826 5679 tv.
860 5617 937 5678 Π,
1017 5620 1058 5650 ⁷³
1091 5618 1280 5676 Matth.
1313 5638 1363 5686 ν,
1399 5621 1465 5687 5';
1508 5620 1638 5675 Luc.
1682 5641 1751 5689 vr,
1783 5628 1874 5680 c.’.l.
1949 5625 1992 5656 ⁷¹
2021 5623 2065 5679 Μ

2081 5622 2210 5679 altb.
2247 5640 2438 5689 xxvm,
2479 5625 2661 5680 l8-':?.0.
2741 5623 2950 5678 "l'sal.
2976 5641 3093 5690 xm,
3123 5624 3176 5689 ‘2,
3209 5625 3262 5681 3.
3339 5628 3380 5658 ⁷³
3424 5620 3651 5677 Malach.

395 5685 540 5746 me.
617 5688 696 5720 M‘
731 5691 838 5742 lsa.
870 5705 958 5752 ιιι,
993 5690 1184 5754 19,20.
