3976 6210
374 251 514 316 9645

1494 265 2027 331 COMMENTARII
2072 270 2149 331 ΙΝ
2194 271 2478 334 ISAIAM.

3488 271 3557 331 2i}
3569 266 3626 328 £6

375 362 631 430 θοῡντας
693 365 790 430 τὰς
834 368 1108 440 ἁμαρτίας
1169 368 1352 440 φασὶν,
1403 370 1453 423 οἳ
1485 374 1579 424 καὶ⁵
1608 375 1946 443 προσεδόκων

2058 387 2197 445 tum,
2229 381 2409 450 populi
2435 387 2655 449 peccata
2692 380 2961 452 lugebant,
2988 378 3268 447 referant;
3318 378 3417 449 qui
3463 381 3628 433 etiam

371 455 464 507 τὸν
492 454 803 510 δικαιοῦντα
829 462 892 530 τῇ
927 460 1106 513 πίστει
1138 461 1227 513 τὸν
1254 460 1451 531 ἀσεϐῆ,
1502 461 1646 531 ἆγιοί
1678 481 1736 516 τε
1781 464 1955 531 ὄντες,

377 545 471 597 κιὶ
500 546 947 619 τὰςπροφητείας
976 552 1200 615 ειδότες.
1234 551 1443 623 Βρέφος
1484 554 1538 621 γ’
1564 549 1657 608 οὖν
1687 555 1956 627 ὁΣυμεὼν

375 634 433 685 ἐν
458 635 727 703 ἀγκάλαις
764 638 944 693 λαϐὼν
978 640 1068 694 τὸν
1107 642 1376 710 Χριστὸν,
1409 642 1536 696 ἰδεῖν
1584 644 1958 715 ἐξομολογεῖτο

381 743 399 776 ι
448 727 562 794 φῶς
612 730 693 792 είς
747 730 1084 803 ἀποκάλυψιν
1145 736 1350 801 ἐθνῶν,
1398 734 1676 802 καὶδόξαν
1702 736 1828 790 λαοῦ
1861 753 1954 790 σου

389 818 626 889 Ἰσραήλ.
662 839 680 870 ι
738 821 848 874 Καὶ
903 824 1177 895 Ζαχαρίας
1240 827 1269 878 ὁ
1312 827 1563 881 Ἰωάννου
1614 826 1817 898 πσιὴρ.
1873 828 1956 879 ὅτι

375 910 744 980 ἐπεσκέψατο,
764 914 856 966 καὶ
885 915 1143 988 ἐποίησεν
1176 916 1445 988 λύτρωσιν
1482 916 1559 987 τῷ
1610 917 1724 988 λαῷ
1758 917 1949 975 αὑτοῦ.

377 1002 486 1055 Καὶ
518 1004 832 1075 Ναθαναὴλ,
865 1007 962 1061 Ὃν
991 1007 1194 1080 ἔγραψε
1228 1011 1434 1079 Μωσῆς
1464 1012 1558 1063 καὶ
1582 1011 1630 1064 οἱ
1654 1011 1949 1083 προφῆται,

377 1096 570 1162 φησὶν,
599 1098 917 1169 εὑρήκαμεν
966 1102 1229 1168 Ἰησοῦν.
1260 1101 1599 1158 Πενθοῦσιν
1649 1098 1742 1158 οὗν
1772 1106 1954 1167 αὐτοῖς

375 1188 408 1256 ἡ
440 1186 528 1241 διὰ
558 1189 795 1259 Χριστοῦ
852 1190 1235 1264 παράκλησις
1266 1193 1493 1249 δέδοται.
1522 1194 1595 1247 Τὸ
1620 1194 1676 1249 δὲ
1695 1195 1954 1265 ἄλειμμα

374 1282 433 1335 τδ
462 1281 562 1352 τῆς
626 1284 1014 1354 εὐφροσύνης
1038 1286 1367 1359 παρίστησιν
1422 1288 1624 1359 ἱλαρόν.
1667 1288 1853 1361 Ἐδόθη
1894 1289 1952 1342 δὲ

375 1374 563 1438 αὐτοῖς
596 1377 690 1428 καὶ
712 1376 863 1441 δόξα
892 1378 1125 1447 Χριστός
1158 1395 1173 1409 ·
1208 1380 1266 1451 ἢ,
1297 1380 1372 1444 ῶς
1406 1382 1537 1450 φασί
1564 1397 1731 1445 τινες,
1767 1381 1951 1451 ἐπειδὴ

374 1465 642 1521 τέθεινται
704 1469 874 1540 αὐτῆς
930 1471 1266 1543 καθηγηταὶ,
1319 1475 1411 1525 καὶ
1466 1473 1777 1529 διδάσκαλοι
1810 1491 1824 1505 ·
1858 1474 1951 1528 καὶ

372 1559 538 1613 τέκνα
573 1559 727 1622 ὅντες
759 1561 859 1629 τῆς
897 1563 1173 1618 Ἰουδαίων
1222 1564 1552 1635 Συναγωγῆς
1590 1566 1668 1630 εἰς
1708 1566 1951 1637 πατέρας

372 1651 637 1718 ἐγένοντο.
681 1653 825 1724 Πρὸς
860 1653 926 1724 ἦν
957 1670 1122 1725 φησιν
1154 1657 1181 1709 ὁ
1208 1655 1372 1709 Δαϐίδ
1403 1674 1415 1686 ·
1460 1657 1604 1711 ’Λντὶ
1641 1657 1751 1712 τῶν
1782 1658 1948 1711 πατέ-

374 1759 482 1813 ρων
510 1759 603 1795 σου
657 1743 995 1815 ἐγενήθησαν
1021 1724 1070 1798 οἱ
1115 1746 1223 1800 υἱοί
1252 1764 1371 1803 σου.
1428 1748 1539 1802 Καὶ
1558 1748 1693 1818 γοῦν
1736 1750 1950 1812 Παῦλος
1985 1724 2024 1779 Β

370 1832 577 1904 ἔγραφε
612 1836 723 1897 τοῖς
747 1834 1015 1905 μαθηταῖς
1045 1852 1063 1869 ·
1113 1839 1203 1893 Ἐν
1265 1839 1374 1911 γὰρ
1403 1840 1625 1912 Χριστῷ
1662 1840 1834 1913 Ἰησοῦ
1861 1842 1950 1896 διὰ

369 1923 463 1977 τοῦ
518 1925 848 1994 Εὐαγγελίου
914 1927 1023 1993 ἐγὼ
1052 1929 1192 1999 ὑμᾶς
1215 1931 1497 2003 ἐγέννησα.
1525 1934 1634 1986 Καὶ
1666 1933 1839 1997 ἄλλως
1893 1935 1951 1988 δὲ

370 2015 528 2081 δόξαν
557 2017 828 2083 ἐδέξαντο,
867 2020 995 2073 ποτέ
1058 2020 1156 2091 μὲν
1182 2022 1471 2086 ἀκούοντες
1492 2039 1505 2054 ⁸
1558 2023 1949 2090 ’Δσθενοῦντας

378 2106 738 2175 θεραπεύετε,
772 2109 1026 2180 δαιμόνια
1060 2111 1352 2167 ἐκϐάλλετε
1378 2155 1393 2181 ,
1429 2115 1656 2185 νεκροὺς
1681 2115 1947 2187 ἐγείρετε,

372 2198 504 2251 ποτὲ
537 2200 615 2262 δέ,
653 2200 844 2271 Ὑμεῖς
871 2204 993 2255 ἐστε
1016 2203 1078 2256 τὸ
1106 2203 1222 2275 φῶς
1259 2204 1352 2257 τοῦ
1378 2206 1604 2276 κόσμου.
1630 2202 1765 2262 Εἶτά
1788 2222 1953 2277 φησιο

370 2291 478 2343 Καὶ
525 2292 940 2359 κληθήσονται
990 2298 1188 2365 γενεαὶ
1242 2296 1638 2365 δικαιοσύνης
1681 2300 1954 2369 φύτευμα

370 2382 590 2449 ΚιῬίου
616 2385 704 2448 εὶς
730 2383 960 2449 δόξαν..
1015 2388 1258 2458 δηλονότι
1315 2389 1364 2441 οἱ
1414 2389 1953 2461 καταξιωθησόμενοι

368 2472 475 2526 τοῦ
499 2472 714 2529 δεκτοῦ
742 2477 1041 2532 ἐνιαυτοῦ.
1071 2479 1364 2551 Σύμμαχος
1376 2483 1432 2537 δὲ
1455 2484 1576 2537 ἀντὶ
1610 2480 1702 2535 τοῦ
1730 2483 1949 2551 γενεαὶ,

371 2567 537 2636 φησιν
555 2569 817 2636 ἰσχυροί.
842 2570 1257 2641 Χρηματίζουσι
1308 2575 1418 2645 γὰρ
1451 2577 1498 2628 oi
1529 2575 1587 2641 ἐξ
1616 2575 1804 2640 ἐθνῶν,
1861 2575 1951 2642 γέ-

370 2675 460 2721 νος
509 2660 821 2725 ἐκλεκτὸν,
849 2660 1000 2725 ἔθνος
1021 2660 1201 2731 ἅγιον,
1244 2664 1372 2729 λαὸς
1400 2666 1480 2728 είς
1504 2664 1876 2736 περιποίησιν.

371 2752 635 2821 plantatio
660 2752 880 2809 Domini
915 2758 966 2809 in
999 2756 1229 2826 gloriam
1273 2775 1292 2812 :

2061 471 2372 527 sanctitatis
2427 480 2481 525 et
2528 470 2860 541 praphetica:
2912 471 3247 543 cognitionis
3277 471 3453 539 gloria
3504 469 3629 523 illit-

2062 572 2206 618 stres
2232 577 2382 628 eum,
2415 578 2444 616 a
2465 577 2574 630 quo
2597 578 2690 630 per
2715 561 2872 617 lidem
2890 562 3632 633 justiﬁcaretttrimpius,ex-

2058 653 2402 722 spectabant.
2463 653 2756 708 Pusionem
2807 654 3007 724 quippe
3076 651 3299 706 Simeon
3358 654 3476 721 ipse
3506 665 3630 705 cum

2056 742 2340 800 Christum
2374 746 2425 798 in
2464 743 2690 799 brachia
2738 743 3036 814 accepisset
3084 762 3096 798 :
3166 762 3185 795 ι
3221 740 3432 798 Lumen
3467 756 3527 797 se
3562 739 3630 793 ad

2060 835 2451 890 revelationem
2482 834 2748 906 gentium,
2787 844 2841 890 et
2872 833 3103 905 gloriam
3137 835 3324 905 populi
3353 816 3529 889 Israel
3552 831 3633 885 in-

2058 926 2197 981 Iueri
2249 925 2531 995 professus
2580 933 2664 982 est
2701 925 2766 980 ⁸⁸.
2812 946 2832 978 ι
2893 926 3148 982 Asseruit
3208 934 3262 981 et
3314 912 3630 986 zacharias,

2054 1015 2287 1072 Joannis
2313 1028 2486 1086 pater,
2540 1016 2849 1086 inspexisse
2891 1016 3208 1083 Dominum,
3263 1019 3643 1089 populumque

2056 1124 2216 1163 suum
2252 1108 2668 1187 redemisse".
2731 1109 2873 1164 Dixit
2927 1110 3164 1181 denique
3220 1118 3274 1165 et
3308 1106 3631 1172 Nathanael,

2056 1213 2217 1268 quem
2242 1199 2363 1253 suis
2388 1198 2610 1268 scriptis
2636 1196 2814 1256 Moses
2840 1201 2980 1271 ipse,
3001 1211 3056 1255 et
3078 1201 3358 1272 propheta!
3379 1199 3635 1267 designa-

2055 1300 2180 1345 rant
2211 1287 2396 1344 Jesum
2429 1304 2489 1345 se
2521 1289 2796 1347 invenisse
2829 1291 2896 1346 ⁸⁸.
2930 1290 3027 1347 Est
3074 1292 3239 1363 igitur
3287 1290 3423 1362 ipsis
3458 1290 3635 1359 lugen-

2055 1381 2194 1434 tibus
2213 1396 2309 1450 per
2325 1380 2607 1437 Christum
2625 1380 2785 1435 allata
2802 1383 3117 1437 consolatio.
3136 1381 3420 1453 Signiﬁcat
3436 1380 3635 1436 deinde

2054 1471 2316 1526 unctionis
2335 1486 2555 1538 nomen,
2572 1472 2744 1542 ipsam
2770 1473 2972 1529 thitiw
2992 1476 3337 1529 hilaritatem.
3360 1471 3456 1529 Est
3471 1488 3634 1543 porro

2054 1572 2108 1617 et
2155 1562 2263 1617 illis
2305 1560 2502 1631 gloria,
2536 1561 2789 1618 Christus
2816 1564 2932 1634 ipse
2963 1564 3183 1620 tributa.
3216 1561 3314 1620 Vel
3344 1564 3421 1632 id,
3477 1564 3632 1633 juxta
3730 1588 3748 1606 ι

2056 1651 2440 1707 nonnullorum
2456 1651 2791 1721 opinionem,
2808 1668 2876 1709 eo
2893 1655 3076 1709 retulit
3098 1672 3114 1721 ;
3141 1654 3286 1724 quod
3316 1653 3440 1724 ejus
3467 1655 3633 1706 duces

2056 1751 2111 1798 et
2146 1744 2437 1814 magistros
2476 1744 2580 1798 sibi
2643 1745 2933 1815 praefectos
2970 1748 3219 1813 haberet,
3260 1747 3353 1817 qui
3414 1755 3471 1803 et
3525 1747 3632 1817 ipsi

2054 1833 2297 1890 Judaica:
2320 1833 2617 1907 Synagogte
2648 1836 2765 1900 ﬁlii,
2790 1835 2846 1891 in
2869 1847 3053 1909 patres
3087 1851 3410 1904 evaserant;
3435 1838 3504 1897 de
3524 1855 3634 1911 qua

2059 1927 2317 1981 Davident
2350 1943 2471 1982 esse
2505 1930 2744 1982 locutum
2778 1944 2885 1984 non
2938 1931 3292 2003 ambigimus,
3357 1948 3482 1988 cum
3535 1949 3635 2004 pro

2058 2019 2307 2088 patribus
2336 2029 2493 2072 natos
2542 2034 2664 2074 esse
2696 2019 2838 2075 ﬁlios
2873 2021 3161 2077 atlirmavit
3185 2024 3252 2077 ”.
3291 2022 3357 2078 Et
3406 2022 3634 2079 Paulum

2058 2113 2251 2176 etiam,
2287 2127 2411 2165 cum
2445 2111 2751 2181 discipulos
2797 2128 2929 2169 suos
2981 2115 3290 2185 alloquens,
3340 2131 3436 2173 eos
3485 2132 3546 2173 se
3576 2118 3634 2171 in

2063 2201 2285 2258 Christo
2325 2202 2453 2259 Jesu
2491 2222 2586 2277 per
2612 2207 2964 2279 Evangelium
3022 2208 3280 2278 genuisse
3324 2207 3516 2264 scribit
3559 2209 3630 2262 ”.

2056 2294 2207 2348 Alias
2240 2309 2371 2349 vero
2395 2304 2450 2349 «οι
2471 2296 2641 2366 gloria
2670 2296 2850 2352 affecti
2904 2294 3065 2362 sunt;
3116 2297 3210 2365 qui
3240 2297 3492 2352 inﬁrmos
3520 2296 3635 2367 qui-

2056 2386 2178 2441 dem
2209 2388 2463 2452 sanandi,
2492 2390 2582 2460 qui
2609 2388 2878 2444 daemonia
2910 2388 3191 2459 ejiciendi,
3239 2389 3334 2459 qui
3386 2398 3633 2446 mortuos

2053 2478 2216 2533 etiam
2250 2479 2553 2534 suscitandi
2581 2485 2905 2549 potestatem
2937 2491 3264 2550 acceperunt
3300 2481 3344 2513 "
3376 2498 3391 2548 ;
3424 2484 3515 2551 qui
3538 2482 3633 2535 de-

2056 2562 2429 2641 niquelumen
2463 2587 2522 2626 se
2554 2571 2796 2640 gentium
2851 2570 2969 2627 ﬁeri
3014 2571 3349 2637 audiverunt
3403 2572 3473 2626 ⁹¹.
3529 2570 3631 2627 Se-

2055 2664 2242 2734 quitur
2275 2662 2511 2717 deindc:
2546 2661 2610 2717 Et
2648 2662 2973 2718 vocabuntur
3017 2665 3380 2735 generationes
3401 2663 3634 2733 justitia:

1358 2759 1392 2813 ii
1461 2760 1744 2826 nimirum,
1807 2761 1904 2830 qui
1962 2760 2277 2828 ιιι-θερισὺὶιί
2315 2775 2453 2812 anno
2520 2759 2717 2831 dignos
2761 2774 2821 2814 se
2852 2758 3206 2828 pratbuerint.
3232 2760 3340 2818 Sed
3383 2775 3485 2832 pro
3522 2776 3633 2831 quo

370 2854 733 2921 generationes
758 2855 1043 2915 habemus.
1066 2852 1380 2923 fortcsdixit
1401 2852 1788 2926 Symmachus.
1851 2854 1991 2910 Sunt
2026 2858 2194 2919 enim.
2232 2855 2327 2925 qui
2374 2855 2442 2909 de
2496 2854 2754 2924 gentibus
2799 2854 3100 2920 exsistunt,
3150 2869 3322 2929 genus
3388 2856 3631 2923 electum,

372 2960 504 3015 gens
531 2956 742 3011 sancta,
767 2948 1000 3018 populus
1034 2949 1412 3019 acquisitionis
1432 2949 1499 3006 ’³.

441 3064 837 3131 Δικαιοσύνης
860 3064 919 3118 δέ
937 3065 1137 3134 γενεαί
1163 3069 1261 3138 τῆς
1298 3069 1356 3121 ἐν
1408 3069 1627 3141 Χριστῷ
1650 3070 1742 3125 καὶ
1764 3070 1863 3141 τὴν
1886 3073 1944 3126 ἐν

2119 3068 2278 3140 703
2337 3066 2575 3121 Justitite
2616 3082 2736 3121 vero
2777 3064 3160 3136 generationes,
3194 3028 3355 3136 ejus,‘
3400 3079 3524 3135 qua:
3575 3065 3633 3120 in

372 3152 521 3223 νόμῳ
549 3148 804 3224 νικώσης.
844 3172 862 3204 ι
907 3155 1031 3208 Ἐὰν
1061 3157 1170 3228 γὰρ
1214 3157 1289 3228 μὴ
1344 3158 1706 3231 περισσεύσῃ,
1756 3160 1945 3231 φησὶν,

373 3243 750 3315 ἡδικαιοσύνη
827 3246 981 3316 ὑμῶν
1011 3245 1192 3300 πλεῖον
1246 3248 1355 3301 τῶν
1413 3249 1791 3321 Γραμματέων
1852 3253 1948 3305 καὶ

370 3336 700 3407 Φαρισαίων,
731 3338 793 3391 οὐ
830 3337 906 3409 μὴ
945 3339 1225 3409 εἰσέλθητε
1278 3341 1359 3403 είς
1393 3341 1490 3413 τὴν
1519 3341 1799 3412 βασιλείαν
1840 3343 1949 3397 τῶν

369 3428 637 3498 οὐρανῶν,
678 3447 696 3480 ι
729 3429 796 3499 ἢν
821 3429 1079 3500 διήνυσαν
1119 3434 1355 3500 ἰσχυροὶ
1394 3435 1701 3500 γεγονότες.
1746 3436 1823 3499 ῶς
1862 3434 1949 3499 ἐξ·

370 3518 538 3572 έδωκε
563 3519 880 3590 Σύμμαχος.
900 3523 1175 3591 Φύτευμα
1192 3523 1247 3574 δὲ
1264 3523 1506 3590 Κυρίου,
1524 3524 1597 3587 ὡς
1618 3525 1753 3578 θεοῦ
1773 3526 1949 3596 γεώρ-

371 3629 508 3678 γιον,
538 3613 666 3682 περὶ
690 3605 764 3665 ὧν
785 3612 1014 3683 ἔψαλλεν
1036 3616 1075 3680 ,ὁ
1132 3613 1296 3667 Δαϐίδ
1322 3630 1338 3645 ο
1376 3634 1393 3665 ι
1431 3614 1835 3687 Πεφυτευμὲνοι
1889 3617 1949 3669 ἐν

370 3703 448 3773 τῷ
469 3704 601 3774 οἴκῳ
631 3705 862 3775 Κυρίου,
886 3706 944 3757 ἐν
964 3708 1083 3770 ταῖς
1110 3706 1301 3769 αὐλαῖς
1328 3706 1421 3759 τοῦ
1448 3704 1585 3759 Θεοῦ
1609 3707 1765 3777 ήμῶν
1787 3707 1948 3774 ἐξαν-

372 3798 619 3866 θήσουσι.
662 3815 680 3848 ι
726 3798 836 3849 Καὶ
855 3797 1065 3862 Παῦλος
1117 3797 1176 3851 δέ
1209 3814 1374 3868 φησιν
1403 3815 1417 3830 ·
1454 3817 1472 3850 ι
1513 3797 1651 3866 Ἐγὼ
1675 3798 1948 3868 ἐφύτευσα

370 3890 537 3956 ὑμᾶς,
578 3888 851 3953 Ἀπολλὼς
883 3890 1153 3953 ἐπότισεν,
1179 3892 1206 3943 ὀ
1230 3891 1286 3945 δὲ
1318 3890 1716 3959 Θεδςηῦξανεν.
1755 3910 1774 3942 s
1812 3892 1947 3945 Συν-

368 3982 485 4053 ᾴδει
538 3981 633 4035 καὶ
663 3982 744 4045 τὸ,
803 4000 821 4031 ι
859 3981 1078 4043 Δίκαιος
1127 3980 1200 4045 ὡς
1230 3982 1405 4049 φοῖνιξ
1454 3982 1696 4053 ἀνθήσει,
1734 4002 1751 4034 ι
1836 3984 1948 4037 Καὶ

368 4072 884 4143 οἰκοδομήσουσιν
903 4072 1166 4143 ἐρήμους
1196 4076 1440 4140 αὶωνίας
1470 4091 1485 4107 ο
1513 4073 1622 4127 τῶν
1656 4075 1787 4146 πρὶν
1813 4077 1949 4145 ἐρή·

362 4178 496 4229 μων
524 4162 692 4216 ἐθνῶν
720 4163 814 4226 τὰς
843 4163 1041 4233 ψυχάς.
1092 4164 1316 4231 Ἥγουν,
1366 4166 1498 4233 φασί
1522 4181 1687 4230 τινες,
1721 4165 1781 4219 τὸ
1808 4167 1944 4237 πλῆ-

368 4253 461 4315 θος
493 4254 748 4323 ἐμφαίνει
773 4254 881 4307 τῶν
904 4255 992 4321 διὰ
1032 4254 1272 4317 πίστεως
1300 4254 1676 4326 κεκλημένων,
1733 4258 1810 4322 ὡς
1840 4258 1946 4311 δεῖ-

369 4345 492 4397 σθαι
545 4347 784 4400 πόλεων
832 4346 1036 4417 ἐτέρων
1091 4345 1163 4399 ἐν
1220 4344 1464 4415 ἐρήμοις
1514 4350 1897 4420 γενησομένων
1927 4366 1941 4380 '

2056 3161 2277 3217 Christo
2304 3168 2409 3224 est,
2440 3167 2497 3214 et
2532 3157 2758 3228 legalem
2783 3165 3028 3227 superat:
3060 3155 3207 3213 «Nisi
3223 3157 3369 3213 enim
3396 3156 3636 3211 abunda-

2057 3255 2214 3316 verit,
2232 3252 2431 3320 inquit.
2453 3249 2670 3319 justitia
2693 3251 3208 3320 vestra.plnsquam
3227 3248 3547 3304 Scribarum
3580 3259 3636 3303 et

2057 3343 2455 3401 Pharisaeorum
2480 3381 2496 3408 ,
2552 3355 2662 3395 non
2691 3340 2942 3411 poteritis
2988 3338 3043 3394 in
3084 3354 3313 3411 regnum
3366 3340 3631 3395 omlorutn

2057 3435 2268 3506 ingredi
2300 3432 2385 3499 ἰς
2429 3451 2449 3483 ι
2492 3446 2729 3502 eamque
2756 3431 3064 3487 absolutam
3098 3442 3152 3486 et
3183 3429 3479 3500 perfectam
3508 3431 3635 3485 red-

2056 3522 2337 3587 diderunt,
2368 3519 2464 3590 qui
2500 3520 2665 3588 fortes
2718 3534 2798 3585 se,
2829 3528 2888 3573 ut
2920 3527 3006 3573 est
3061 3534 3089 3573 a
3132 3519 3465 3591 Symmacho
3510 3518 3635 3573 red-

2022 3613 2254 3676 ditum,
2318 3611 2716 3681 praesnterunt.
2752 3608 2846 3664 Est
2900 3626 3029 3666 vero
3073 3610 3339 3677 plantatt‘o
3393 3609 3629 3673 Domini,

2056 3712 2319 3773 tanquam
2348 3700 2445 3757 Dei
2476 3701 2849 3773 agricultura:
2894 3700 2963 3755 de
2990 3701 3194 3770 quibus
3245 3710 3375 3757 sunt
3405 3704 3500 3756 illa
3528 3700 3632 3754 Da-

2054 3795 2238 3850 vidis:
2306 3815 2324 3845 ι
2367 3793 2602 3847 Plantati
2653 3792 2709 3846 in
2758 3791 2940 3846 domo
2982 3790 3220 3856 Domini,
3257 3793 3310 3846 in
3351 3793 3508 3847 atriis
3540 3780 3632 3846 Dei

2055 3886 2230 3940 nostri
2263 3884 2623 3940 ﬂorebunt".
2655 3903 2674 3937 ι
2740 3884 2811 3939 Et
2848 3884 3095 3955 Apostoli
3124 3902 3138 3939 :
3204 3903 3222 3936 ι
3257 3883 3369 3954 Ego
3395 3885 3633 3953 plantavi

2054 3995 2191 4044 vos;
2225 3981 2424 4048 Apollo
2452 3980 2687 4049 rigavit;
2738 3978 2882 4035 Deus
2908 3989 3088 4035 autem
3121 3979 3518 4034 incrementum
3541 3980 3630 4033 dc-

2055 4076 2137 4130 dit
2170 4076 2237 4127 ⁹⁶.
2274 4092 2292 4125 ι
2363 4073 2581 4139 Quibus
2632 4072 2892 4127 convenit
2946 4079 3001 4125 et
3043 4070 3214 4124 illud:
3279 4066 3521 4125 tJustus
3578 4078 3632 4124 ut

2054 4167 2236 4235 palma
2293 4163 2594 4219 ﬂorebit".
2629 4182 2647 4214 ι
2694 4161 2958 4233 Sequitur
2980 4162 3220 4217 deinde:
3280 4160 3347 4215 Et
3400 4161 3635 4230 redi/ica-

2055 4257 2181 4311 bunt
2206 4255 2419 4311 deserta
2456 4257 2774 4324 sempiterna
2796 4297 2811 4319 ,
2847 4254 3051 4325 quibus
3077 4255 3414 4309 desertarum
3471 4264 3633 4309 antea

2053 4348 2303 4419 gentium
2339 4348 2554 4403 animas
2617 4347 2896 4419 intelligit.
2934 4345 3031 4404 Vel
3070 4356 3220 4404 certe
3279 4351 3451 4415 (aiunt
3495 4365 3635 4403 non-

364 4436 533 4504 ἤγουν
569 4436 664 4498 τὰς
692 4437 989 4506 ἐκκλησίας
1017 4437 1117 4500 τὰς
1150 4436 1281 4507 πρὶν
1318 4439 1560 4508 ἐρήμους
1612 4439 1943 4505 θεοσεϐείας.

2055 4441 2215 4507 nulli)
2265 4455 2457 4495 eorum
2517 4439 2793 4509 ingentem
2858 4438 2996 4493 adeo
3030 4454 3340 4505 numerum,
3382 4440 3477 4511 qui
3539 4456 3633 4509 per

366 4528 475 4580 Καὶ
494 4525 753 4593 ἥξουσιν
770 4527 1139 4596 ἀλλογενεῒς,
1163 4529 1582 4597 ποιμαίνοντες
1598 4532 1668 4586 τὰ
1686 4533 1950 4600 πρόϐατά

365 4635 502 4672 σου.
540 4617 660 4671 Τῶν
689 4618 798 4689 γὰρ
827 4619 1106 4689 προτέρων
1157 4619 1579 4691 ἐκϐεϐλημένων
1634 4623 1797 4694 (πρὸς
1853 4624 1948 4688 οῦς

362 4727 447 4772 τις
487 4708 635 4777 λέγει
679 4711 965 4781 προφήτης
998 4726 1012 4741 ο
1056 4731 1074 4764 ι
1120 4707 1190 4764 Ὠ
1240 4712 1500 4784 ποιμένες
1542 4714 1759 4785 Ἰσραήλ
1789 4730 1804 4746 ⁸
1869 4716 1944 4784 μὴ

363 4801 653 4871 βύσκουσιν
709 4805 757 4856 oi
830 4803 1089 4873 ποιμένες
1135 4805 1405 4871 ἐαυτούς;
1439 4807 1563 4877 οὐχὶ
1592 4807 1661 4860 τὰ
1693 4808 1943 4878 πρόϐατα

363 4898 652 4965 βόσκουσιν
688 4899 738 4951 οἱ
763 4899 1053 4970 ποιμένες;
1094 4918 1112 4952 ›
1150 4900 1288 4972 πρὸς
1322 4899 1416 4964 οὓς
1438 4900 1624 4968 ἔλεγεν
1655 4902 1682 4953 ὁ
1702 4900 1897 4969 Σωτήρ
1923 4917 1937 4931 ⁸

365 5009 384 5041 ι
428 4990 756 5061 Ἀρθήσεται
798 4993 894 5060 ἀφ’
946 4992 1162 5063 ὑμῶνὴ
1213 4991 1461 5062 βασιλεία
1489 4992 1584 5045 τοῦ
1629 4990 1788 5055 Θεοῦ,
1847 4992 1942 5045 καὶ

356 5080 640 5153 δοθήσεται
701 5082 845 5136 ἔθνει
894 5082 1139 5138 ποιοῦντι
1172 5085 1298 5149 τοὺς
1348 5083 1597 5155 καρποὺς
1650 5083 1823 5154 αὐτῆς
1858 5085 1941 5153 ι),

359 5172 479 5223 ἀντὶ
526 5172 730 5226 τούτων
801 5173 1012 5228 ἐθνικοὶ
1068 5175 1351 5245 ποιμένες
1403 5174 1771 5245 κατέστησαν.
1823 5174 1941 5228 Ἐνδ-

356 5264 530 5317 ταῦθα
553 5265 609 5317 δὲ
648 5266 832 5334 σαφῶς
865 5267 961 5319 τοῦ
998 5267 1166 5335 νόμου
1227 5267 1539 5335 μετάθεσιν,
1571 5269 1663 5320 καὶ
1690 5267 1788 5336 τῆς
1815 5270 1941 5320 κατ’

356 5354 518 5407 αύτδν
561 5356 861 5427 ἱερωσύνης
910 5356 1232 5428 παρίστησι,
1268 5358 1465 5427 μηκέτι
1514 5358 1623 5410 τῶν
1679 5358 1744 5409 ἐκ
1800 5356 1935 5410 Λευῖ

2060 4534 2221 4586 tidem
2246 4531 2425 4586 vocati
2452 4530 2807 4597 sunt,‘l‘uisse
2839 4531 3213 4599 demonstrat;
3241 4543 3301 4587 ut
3331 4533 3634 4588 civitatibus

2056 4622 2205 4683 aliis,
2244 4636 2367 4691 quae
2401 4622 2456 4676 in
2484 4622 2863 4677 solitudinibus
2892 4632 3312 4690 construantur,
3350 4640 3489 4696 opus
3517 4626 3630 4681 sit:

2055 4716 2139 4769 rel
2169 4716 2335 4770 etiam
2370 4714 2652 4772 Ecclesias
2682 4715 2835 4786 ipsas
2864 4716 3082 4783 innuit,
3112 4732 3235 4788 qua:
3264 4720 3468 4787 pietate
3510 4718 3634 4773 Dei-

2054 4818 2164 4869 que
2196 4803 2350 4857 cultu
2391 4803 2619 4857 fuerant.
2650 4813 2810 4859 antea
2862 4802 3161 4859 destitutae.
3218 4805 3422 4875 Adjicit
3469 4821 3634 4875 porro

2054 4904 2298 4969 venturos
2350 4910 2465 4947 esse
2514 4895 2866 4965 alienigenas,
2914 4896 3007 4966 qui
3066 4913 3183 4953 oves
3222 4897 3339 4966 ejus
3385 4907 3631 4967 pascant.

2050 4987 2337 5041 Prioribus
2369 4987 2518 5040 enim
2547 4987 2790 5056 expulsis
2817 4988 2884 5043 ad
2915 5004 3055 5058 quos
3077 4997 3207 5043 sunt
3236 4990 3325 5043 illa
3354 4990 3633 5059 prophetat:

2049 5078 2457 5147 cujusdamch
2482 5088 2733 5149 pastores
2768 5078 2961 5145 Israel,
3005 5080 3255 5149 nunquid
3304 5086 3629 5149 semetipsos

2050 5180 2286 5241 pascunt
2315 5183 2566 5241 pastores
2586 5172 2824 5227 ‘lAnnon
2855 5187 2988 5227 oves
3015 5182 3244 5243 pascunt
3257 5181 3506 5244 pastores
3522 5174 3624 5227 “1's

2052 5262 2115 5315 Et
2144 5263 2234 5315 illa
2276 5263 2618 5320 Salvatoris:
2661 5262 2989 5317 «Auferetut'
3013 5280 3041 5316 a
3069 5265 3225 5319 vobis
3258 5280 3482 5334 regnum
3507 5262 3626 5329 Dei,

2043 5364 2097 5412 et
2132 5353 2354 5409 dabitur
2387 5356 2563 5425 genti,
2597 5371 2721 5427 qua:
2763 5354 2890 5408 edat
2948 5354 3164 5411 fructus
3227 5355 3345 5424 ejus
3369 5358 3437 5411 ⁹⁹.
3475 5376 3495 5409 ι
3568 5357 3628 5412 In

425 5531 471 5602 ff
503 5530 634 5585 Luc.
678 5549 736 5597 Il,
773 5535 861 5589 52.
938 5535 983 5567 ⁸⁷
1022 5535 1155 5591 an.
1188 5551 1225 5601 ι,
1268 5536 1359 5592 68.
1438 5537 1483 5568 ⁸⁸
1516 5536 1673 5590 Joan.
1710 5554 1748 5601 ι,
1786 5538 1879 5602 Alii,

2055 5539 2174 5592 ἐπι.
2214 5554 2361 5597 mv,
2404 5538 2488 5591 l7.
2566 5536 2652 5589 ⁹⁸1
2682 5536 2811 5590 Cor.
2865 5552 2937 5595 ιν,
2988 5535 3072 5588 Ιῦ.
3148 5535 3191 5575 9³
3241 5534 3429 5588 Matth.
3476 5551 3526 5594 ιι.
3566 5537 3621 5591 8.

357 5601 402 5632 ⁹¹
426 5599 614 5656 Matth.
641 5620 689 5665 ν,
730 5603 814 5654 14.
890 5604 974 5658 ⁹⁵Ι
1018 5606 1167 5662 Pett'.
1214 5599 1298 5672 in,
1325 5607 1376 5662 9.

357 5687 464 5735 xm,
530 5672 611 5725 15.

1486 5608 1531 5639 ⁸⁵
1572 5608 1758 5661 Matth.
1816 5624 1866 5671 τ,
1909 5608 1999 5663 ΞΟ.

720 5673 765 5705 ⁹¹¹
799 5674 993 5729 lineali.
1028 5693 1212 5741 xxxiv,
1278 5680 1332 5732 2.
1409 5679 1453 5712 ’ν
1486 5676 1671 5731 Matth.
1724 5694 1836 5743 nt,
1885 5679 1970 5732 45.

2113 5612 2155 5641 “⁶
2227 5608 2370 5662 ιιδςιι.
2436 5622 2542 5669 xcr,
2611 5608 2692 5661 ll.
2770 5606 2815 5636 "
2866 5604 2882 5658 I
2926 5608 3031 5661 Co-
3106 5620 3186 5670 ιιι,
3224 5610 3277 5659 6.
3388 5605 3431 5636 ”
3479 5606 3621 5662 l‘ssl.
