3976 6210
235 306 325 373 26
338 306 401 371 i9

1306 282 1317 293 ’
1383 307 1915 371 COMMENTARII
1974 311 2053 369 IN
2114 310 2402 371 ISAIAM.

3388 309 3529 372 2650

328 422 489 488 Τινὲς
518 422 577 478 δέ
621 439 784 493 φασιν
814 422 993 485 αἰτίαν
1034 415 1173 479 εἶναι
1201 419 1426 484 τούτους
1473 422 1600 486 πρὶν
1628 420 1839 489 ἀπελη-

2018 420 2158 475 8υιιι
2191 431 2371 476 tamen
2428 419 2521 490 qui
2562 434 2785 477 causam
2822 437 2946 479 esse
2995 421 3203 487 dicant,
3240 435 3343 477 cur
3385 422 3527 477 isms

239 515 458 572 λάσθαι
487 516 779 591 ποιμένας
806 515 1088 593 πλεονεξία
1120 514 1436 585 χαίροντας.
1463 513 1622 584 οἷπερ
1659 515 1669 554 ί
1707 515 1842 567 ’ἀδί-

239 623 375 670 κως
408 606 788 681 πλουτοῦντες,
813 607 958 664 καθά
986 623 1152 678 φησιν
1185 610 1212 660 ὁ
1237 608 1525 677 προφήτης
1545 623 1558 635 ·
1588 624 1607 658 ι
1626 604 1839 675 Θησαυ·

246 698 504 769 ρίζοντες
563 700 775 763 ἑαυτοῖς
834 697 1111 760 ἁσέᾶειαν,
1152 697 1247 751 καὶ
1292 697 1710 767 ταλαιπωρίαν,
1762 700 1849 766 εἰς

242 788 483 859 ἐτέρους
528 788 669 845 αὐτὰ
701 786 1234 863 παραπέμπουσιν.»
1263 787 1411 855 Ἔφη
1449 785 1578 853 γοῦν
1613 788 1641 840 ὁ
1679 787 1841 840 Σολο-

247 880 403 951 μῶν,
432 884 514 936 ὅτι
546 879 779 943 πλοῦτος
809 879 1010 942 ἀδίκως
1039 877 1404 948 συναγόμενος
1427 878 1840 949 ὲξεμεθήσεται.

244 970 396 1039 Περὶ
450 962 513 1026 οὗ
572 972 920 1042 συστήματος
974 970 1067 1025 καὶ
1098 972 1126 1023 ὁ
1170 969 1335 1027 Δαϐίδ
1386 986 1583 1039 φησιν’
1628 988 1647 1021 ι
1694 968 1845 1041 Πλὴν.

249 1060 441 1131 μάτην
481 1061 834 1133 ταράσσεται.
871 1060 1228 1131 Θησαυρίζει,
1275 1061 1369 1119 καὶ
1401 1062 1501 1116 οὐκ
1547 1056 1689 1114 οἶδεν
1732 1061 1843 1114 τίνι

245 1150 478 1214 συνάξει
505 1150 665 1204 αὐτὰ.
702 1169 720 1202 ι
748 1151 859 1207 Καὶ
887 1150 1059 1212 ἄλλως
1090 1150 1146 1204 δὲ
1178 1152 1289 1213 τοῖς
1335 1148 1404 1216 ἐξ
1435 1150 1630 1207 ἐθνῶν
1682 1150 1839 1221 ἐδόθη

240 1241 366 1297 τῶν
420 1241 729 1301 Ἰουδαϊκῶν
776 1242 1116 1301 διδασκάλων
1144 1245 1175 1297 ὀ
1203 1241 1471 1317 μόχθος,
1534 1240 1679 1296 κατὰ
1735 1242 1794 1295 τό
1822 1258 1837 1274 ⁸

253 1351 280 1383 ι
306 1332 629 1402 ’Δρθήσεται
662 1332 755 1401 ἀφ’
793 1333 945 1403 ὑμῶν
986 1334 1019 1402 ἡ
1084 1332 1333 1402 βασιλεία
1383 1332 1479 1386 τοῦ
1510 1331 1646 1386 Θεοῦ
1676 1371 1689 1395 ,
1747 1331 1847 1385 καὶ

243 1424 544 1496 δοθήσεται
568 1424 713 1479 ἔθνει
745 1424 986 1478 ποιοῦντι
1015 1426 1140 1488 τούς
1184 1426 1431 1494 καρποὺς
1456 1425 1646 1495 αὐτῆς.
1686 1442 1706 1475 ι
1741 1419 1843 1491 Οἷς

246 1518 356 1575 καί
396 1504 959 1587 ὃωθάκηνάίώνὼγ
992 1516 1377 1586 διαθήσομαι.
1409 1517 1472 1573 οὐ
1510 1518 1577 1573 τὰ
1602 1517 1845 1580 Μωσέως

248 1607 596 1681 ἐντάλματα,
624 1609 686 1662 τὸ
714 1607 771 1664 δὲ
813 1607 914 1679 τῆς
957 1607 1153 1677 καινῆς
1207 1607 1471 1678 διαθήκης
1512 1599 1842 1679 μυστήριον

244 1700 297 1772 ἢ
325 1700 425 1773 τὴν
445 1701 637 1759 ἐλπίδα
655 1700 756 1779 τὴν
780 1700 1158 1772 ἀτελεύτητον.
1192 1696 1328 1755 Εἴτά
1352 1717 1489 1770 φησι
1507 1716 1520 1731 ·
1553 1700 1665 1758 Καὶ
1697 1717 1844 1770 γνω-

1942 522 2181 581 pastores
2209 511 2453 567 avaritiae
2498 512 2713 568 deditos
2746 515 2900 583 prius
2938 514 3182 584 abegerit
3213 532 3226 569 :
3273 514 3400 586 quia
3438 514 3522 568 in-

1939 604 2089 673 iuste
2117 603 2462 667 ditescendo,
2502 610 2563 657 ut
2605 611 2691 660 est
2737 606 2880 673 apud
2929 605 3275 675 prophetam,
3317 621 3339 657 ι
3376 602 3525 658 Tlte-

1944 697 2289 755 saurizantes
2340 694 2445 751 sibi
2488 694 2829 764 impietatem
2886 707 2940 751 et
2968 692 3271 763 miseriam,
3304 696 3525 752 in.alios

1943 800 2006 841 ea
2035 788 2417 850 transmittunt
2448 787 2490 843 ⁵.
2546 806 2565 839 ι
2611 786 2829 856 Optime
2865 788 3029 857 igitur
3067 788 3349 853 Salomon,
3395 802 3520 842 cum

1945 879 2169 935 divitias
2197 881 2382 949 inique
2433 887 2727 949 congestas
2774 882 2952 934 evomi
3008 882 3231 935 tandem
3267 895 3519 952 pronun-

1945 972 2103 1026 tiavit
2137 972 2181 1028 ⁸.
2298 972 2373 1028 De
2409 972 2666 1043 congerie
2707 970 2979 1039 ejusmodi
3046 970 3251 1026 fuerint
3310 978 3365 1025 et
3427 971 3523 1025 illa

1946 1064 2175 1127 Davidis
2239 1082 2251 1119 :
2312 1084 2329 1117 ι
2390 1063 2785 1124 Verumtamen
2872 1062 3075 1117 frustra
3136 1062 3527 1120 conturbatur.

1944 1154 2339 1217 Thesaurizat,
2413 1164 2468 1211 et
2518 1154 2734 1223 ignorat
2770 1153 2858 1208 cui
2920 1152 3279 1224 congregabit
3320 1165 3385 1206 ea
3414 1150 3457 1205 ⁸.
3498 1167 3517 1200 ι

1946 1244 2012 1300 Ει
2049 1261 2182 1305 vero
2217 1244 2354 1299 alias
2384 1244 2452 1303 ad
2499 1261 2596 1303 eos
2624 1247 2815 1312 etiam,
2849 1245 2941 1315 qui
2981 1243 3055 1298 de
3079 1243 3316 1314 gentibus
3370 1249 3522 1308 sunt,

1947 1338 2169 1395 transiit
2198 1337 2551 1393 Judaicorum
2597 1338 2885 1395 doctorum
2930 1335 3085 1390 labor
3105 1375 3120 1399 ,
3158 1334 3314 1403 juxta
3343 1333 3476 1387 illud
3505 1353 3520 1390 :

1953 1448 1979 1489 ο,
2003 1427 2297 1485 Auferetur
2327 1444 2356 1484 a
2389 1428 2546 1484 vobis
2581 1443 2807 1497 regnum
2846 1427 2963 1493 Dei,
3009 1434 3066 1483 et
3100 1425 3323 1481 dabitur
3350 1422 3523 1494 genti,

1949 1538 2072 1592 qua:
2122 1519 2286 1576 iaciat
2332 1520 2546 1575 fructus
2583 1520 2703 1588 eius
2743 1520 2787 1573 ".
2827 1538 2845 1571 ι
2888 1520 2979 1572 Ait
3010 1526 3274 1589 praeterea
3319 1531 3378 1572 se
3405 1529 3526 1567 cum

1948 1617 2024 1677 eis
2056 1613 2227 1685 [trdus
2257 1614 2628 1681 sempiternam
2675 1612 2974 1674 initurum;
3021 1626 3129 1665 non
3165 1608 3334 1665 Musis
3380 1622 3523 1678 pra:-

1949 1716 2129 1774 cepta,
2172 1704 2269 1760 sed
2307 1705 2543 1760 recentis
2579 1703 2895 1761 testamenti
2926 1702 3210 1774 nnsteria,
3249 1701 3335 1755 vel
3361 1700 3522 1756 fidem

246 1793 548 1860 σθήσεται
581 1794 652 1847 ἐν
704 1791 828 1860 τοῖς
860 1793 1068 1849 ἔθνεσι
1113 1793 1184 1848 τὸ
1228 1791 1470 1862 σπέρμα
1509 1792 1743 1847 αὐτῶνθ
1780 1792 1843 1846 οὐ

1949 1811 2241 1868 perennem
2271 1803 2324 1850 et
2359 1795 2735 1851 immortalem,
2780 1794 3116 1864 intelligens.
3153 1790 3360 1845 Deinde
3386 1789 3525 1859 adji-

244 1884 319 1937 τὸ
347 1884 679 1955 σωματικὸν,
712 1886 797 1954 ἐφ’
821 1875 975 1957 ᾧπερ
1020 1883 1285 1954 αὐχοῦσιν
1311 1884 1582 1945 Ἰουδαῖοι,
1610 1884 1747 1938 ἀλλὰ
1783 1884 1845 1938 τὸ

246 1976 475 2045 λογικὸν
503 1977 602 2048 τῆς
624 1979 978 2047 Ἐκκλησίας,
1014 1977 1043 2031 ὃ
1071 1976 1250 2031 παντί
1282 1977 1596 2047 γνώριμον,
1632 1976 1709 2041 ὼς
1742 1978 1847 2031 ὐπὸ

248 2068 394 2122 Θεοῦ
423 2069 522 2140 τὴν
559 2068 786 2142 αὐξησιν
814 2070 949 2141 ἔχει.
977 2070 1219 2139 Σπέρμα
1252 2070 1362 2140 γὰρ
1388 2070 1420 2141 ἢ
1458 2069 1556 2142 τὴν
1580 2070 1843 2125 διδασκα-

249 2159 404 2225 λίαν,
448 2160 484 2230 ἢ
528 2162 654 2224 τοὺς
702 2160 961 2231 μαθητὰς,
1008 2160 1276 2232 προσήκει
1310 2162 1451 2215 νοεῖν
1478 2202 1493 2226 ,
1527 2162 1576 2215 οἳ
1636 2164 1733 2215 καὶ
1788 2162 1847 2235 ἐξ

253 2253 435 2323 αὐτῆς
461 2251 638 2322 ὅψεως
685 2252 774 2307 διὰ
801 2253 899 2323 τῆς
929 2252 1306 2326 ἁγαθουργίας
1358 2253 1669 2324 ὑπάρχουσι
1705 2254 1846 2323 γνώ-

257 2360 433 2412 ριμοι,
468 2342 543 2405 ὡς
570 2342 741 2411 ἁγίων
784 2343 1086 2412 ὑπάρχουσι
1120 2341 1389 2411 μαθηταὶ,
1423 2343 1665 2412 σπέρμα
1693 2343 1849 2408 ὄντες

256 2432 631 2504 εὐλογημένον
673 2434 778 2486 ὐπὸ
826 2422 1225 2487 9coﬁ."01roia
1250 2434 1320 2487 τὰ
1374 2435 1497 2488 θεῖα
1526 2436 1636 2487 τῶν
1684 2453 1847 2505 μοναο

259 2523 465 2589 ζόντων
500 2525 845 2595 συστήματα,
887 2526 1017 2596 περὶ
1067 2519 1143 2580 ὧν
1173 2528 1201 2579 ὁ
1235 2524 1448 2589 Παῦλος
1496 2542 1692 2596 φησιν·
1727 2546 1745 2578 ι
1784 2527 1847 2579 0i

255 2616 320 2671 δὲ
349 2615 441 2670 τοῦ
472 2616 717 2687 Χριστοῦ
754 2616 955 2688 Ἰησοῦ,
1009 2616 1115 2688 τὴν.
1142 2618 1323 2688 σάρκα
1350 2617 1709 2687 ἐσταύρωσαν
1745 2617 1845 2670 σὺν

257 2710 378 2771 τοῖς
433 2706 729 2777 παθήμασι
767 2709 861 2763 καὶ
898 2710 1018 2772 ταῖς
1052 2707 1404 2779 ἐπιθυμίαις·
1436 2727 1456 2760 ι
1496 2709 1546 2761 οἳ
1572 2709 1665 2762 καὶ
1692 2710 1849 2767 αὐτοὶ

261 2798 793 2868 εὐφρανθήσονται
829 2800 928 2854 ἐπὶ
972 2799 1055 2866 τῷ
1105 2800 1317 2869 Κυρίῳ,
1365 2794 1456 2854 οἷα
1493 2800 1558 2871 δὴ
1591 2802 1849 2856 τοιούτων

267 2892 494 2963 σπέρμα
526 2891 830 2963 γενόμενοι,
857 2909 924 2947 πε
934 2892 990 2963 pl
1019 2885 1094 2947 ὧν
1120 2890 1329 2961 ἔλεγεν*
1362 2893 1471 2947 Καὶ
1499 2894 1847 2963 εὐφροσύνη

266 2983 503 3050 αἰώνιος
538 2983 692 3053 ὑπὲρ
723 2983 997 3052 κεφαλῆς
1039 2983 1261 3041 αὐτῶν.
1291 2984 1450 3048 Τινὲς
1492 2984 1550 3038 δὲ
1592 2984 1689 3057 τὴν
1716 2986 1847 3055 ὃλην

271 3074 437 3147 ῥῆσιν
451 3074 712 3130 δύνασθαί
744 3091 877 3144 φασι
906 3075 1001 3128 καὶ
1048 3074 1123 3140 ὡς
1151 3076 1258 3129 ἀπὸ
1289 3076 1385 3130 τοῦ
1420 3078 1706 3148 προρήτου
1752 3077 1842 3130 λε·

268 3166 513 3236 τομένην
552 3169 713 3222 νοεῖν.
757 3168 909 3221 Ἐπεὶ
952 3166 1062 3239 γὰρ
1093 3167 1541 3238 ὑπερϐάλλουσαν
1589 3168 1693 3239 ἔφη
1743 3170 1838 3223 τοῦ

267 3259 541 3317 Δεσπότου
574 3258 991 3333 φιλανθρωπίαν
1017 3259 1113 3313 ἐπὶ
1136 3261 1195 3313 τὸ
1226 3262 1478 3332 κρεῖττον
1508 3261 1685 3315 πάντα
1713 3278 1846 3326 μετ-

268 3348 508 3414 οίσοντος
531 3390 546 3413 ,
581 3346 695 3406 Οὐκ
716 3350 848 3422 ἒμδς
867 3352 896 3405 ὁ
924 3350 1107 3420 λόγος,
1146 3352 1280 3423 φησὶ
1299 3392 1315 3415 ,
1338 3352 1441 3422 τῆς
1472 3351 1531 3404 δὲ
1552 3351 1644 3406 τοῦ
1676 3352 1846 3406 Πνεύ-

273 3459 443 3515 ματος
476 3443 791 3515 ἐνηχήσεως
820 3442 960 3497 οεοῦ
1004 3461 1072 3514 με
1117 3447 1257 3515 πρὸς
1284 3444 1682 3514 εὐαγγελισμὸν
1713 3446 1846 3499 ἁνα-

269 3534 541 3601 διίξαντος
570 3536 677 3589 τῶν
714 3535 1019 3607 μελλόντων
1066 3536 1287 3604 ἀγαθῶν
1315 3538 1424 3599 τοῖς
1454 3537 1515 3588 ὲν
1551 3536 1729 3602 πενίᾳ
1757 3552 1847 3604 γεο

271 3628 609 3700 νησομένων,
632 3627 710 3692 ὼς
748 3627 825 3682 ἂν
849 3627 992 3682 τασιν
1015 3627 1300 3698 δεξάμενοι
1339 3626 1581 3698 ψυχικὴν
1609 3627 1841 3685 ἐπανέλ-

190 3778 197 3783 _
274 3718 437 3774 θωσιν
459 3720 567 3775 ἀπὸ
596 3720 697 3791 τῆς
727 3718 872 3775 κατὰ
903 3720 1111 3791 ταύτην
1137 3721 1575 3789 αἰχμαλωσίας,
1605 3719 1727 3789 ἥτις
1753 3718 1847 3772 καὶ

275 3811 476 3883 κυρίως
535 3810 706 3867 eorrin
785 3810 1124 3881 Σωματικῶς
1178 3810 1288 3883 γὰρ
1347 3811 1417 3864 ἐν
1470 3810 1849 3878 αἰχμαλωσίᾳ

275 3902 521 3971 Δανιὴλ,
553 3904 650 3959 καὶ
688 3903 738 3955 oi
773 3906 923 3973 τρεῖς
953 3902 1236 3972 γενόμενοι
1283 3902 1507 3967 παῖδες,
1544 3899 1846 3954 ἀδούλωτον

276 3996 518 4068 ἔσχοντο
574 3997 865 4068 φρόνημαο
902 3995 1107 4068 μᾶλλον
1139 3994 1197 4049 δὲ
1250 3995 1347 4047 καὶ
1399 3994 1461 4048 τὸ
1512 3994 1673 4064 σῶμα
1710 3996 1846 4064 μήτε

271 4088 461 4157 πυρὸς,
498 4089 635 4158 μήτε
685 4087 891 4157 θηρίων
928 4084 1392 4155 καθικνουμάνων.
1445 4084 1756 4146 Ἐνιαυτὸς
1788 4084 1851 4136 δὲ

271 4180 491 4247 Κυρίου
529 4179 762 4245 δεκτὸς,
791 4180 849 4232 ἐν
877 4171 922 4246 ᾧ
984 4177 1285 4248 μεταϐαλεῖ
1319 4176 1454 4245 πρὸς
1488 4177 1549 4229 τὸ
1592 4178 1842 4247 κρεῖττον

271 4267 412 4337 ψυχὴ
443 4267 521 4338 τῷ
571 4268 678 4320 τῶν
716 4268 906 4338 ψυχῶν
947 4265 1178 4338 γεωργῷ
1210 4266 1308 4337 τὴν
1355 4265 1662 4335 εὐκαρπίαν
1698 4282 1845 4336 παρ⁸

273 4359 490 4428 ἔχουσα,
531 4358 786 4431 καθάπερ
836 4358 1009 4428 φορὰν
1054 4358 1385 4429 σπερμάτων
1440 4356 1657 4427 ἐτήσιον
1712 4354 1846 4425 βλα-

1947 1890 2022 1945 cit
2050 1904 2071 1942 ε
2096 1888 2163 1942 Εἰ
2194 1896 2537 1959 cognoscatur
2580 1887 2636 1941 in
2666 1886 2909 1957 gentibus
2944 1902 3118 1940 semen
3149 1899 3331 1938 eorum
3360 1897 3379 1936 .'
3411 1896 3522 1935 non

1947 1996 2273 2052 corporeum
2307 1979 2725 2051 quidemillud,
2783 1994 2896 2049 quo
2958 1978 3269 2048 gloriantur
3309 1973 3523 2037 Judaei;

1947 2079 2041 2131 sed
2070 2074 2138 2129 ad
2166 2073 2469 2128 Ecclesiam
2517 2071 2782 2136 relatum;
2815 2069 2962 2141 quod
3002 2077 3088 2125 est
3144 2067 3388 2122 omnibus
3435 2084 3527 2122 co-

1945 2168 2171 2239 gnitum,
2218 2174 2476 2235 tanquam
2514 2164 2658 2234 quod
2700 2178 2729 2216 a
2765 2163 2877 2216 Deo
2933 2162 3259 2217 incrementi
3308 2159 3392 2215 sui
3434 2176 3527 2214 ra—

1948 2258 2159 2319 tionem.
2205 2256 2425 2317 habeat.
2481 2253 2713 2309 Seminis
2771 2253 2916 2308 enim
2990 2251 3380 2320 appellatione,
3441 2251 3520 2300 ι-υι

1948 2349 2279 2413 doctrinam,
2338 2348 2421 2402 vel
2473 2346 2779 2416 discipulos
2838 2345 2995 2397 decet
3047 2343 3382 2412 intelligere;
3429 2342 3524 2412 qui

1949 2444 2069 2514 ipso
2098 2444 2382 2497 oculorum
2410 2455 2572 2496 sensu
2599 2447 2817 2508 propter
2849 2452 3079 2504 operum
3104 2437 3400 2490 bonitatem
3431 2449 3526 2488 coo

1949 2535 2109 2606 gnili,
2161 2532 2327 2588 veluti
2380 2540 2703 2585 sanctorum
2759 2527 3043 2596 discipuli,
3108 2542 3283 2579 semen
3317 2540 3348 2579 a
3418 2524 3525 2580 Deo

1950 2628 2293 2683 benedictum
2323 2622 2620 2679 exsistunt.
2655 2618 2980 2689 Cuiusmodi
3026 2628 3153 2674 sunt
3184 2618 3364 2674 sancti
3406 2630 3529 2670 mo-

1950 2721 2253 2776 nachorum
2282 2723 2479 2780 cretus,
2512 2714 2581 2769 de
2611 2712 2812 2784 quibus
2860 2712 3007 2782 apud
3049 2712 3279 2765 Paulum
3324 2710 3378 2766 in
3410 2709 3527 2764 haec

1950 2813 2113 2867 verba
2174 2811 2405 2881 legimus
2442 2825 2490 2861 τι
2516 2806 2618 2874 Qui
2670 2813 2853 2860 autem
2910 2804 3041 2859 Jesu
3103 2804 3315 2858 Christi
3375 2810 3526 2863 sunt,

1950 2916 2172 2957 carnem
2205 2899 2600 2956 crucinxerunt
2643 2910 2769 2950 cum
2820 2894 3109 2949 adectibus
3155 2903 3208 2948 et
3255 2892 3529 2961 cupidita-

1951 2996 2099 3049 tibus
2122 2994 2165 3048 ⁸.
2205 3012 2224 3044 ι
2253 2992 2419 3047 iidem
2445 3001 2499 3045 et
2537 2990 2593 3042 in
2629 2988 2854 3041 Domino
2900 2986 3290 3047 exsultabant,
3327 2985 3531 3054 quippe

1952 3086 2046 3155 qui
2074 3085 2180 3140 tale
2207 3099 2391 3140 semen
2415 3080 2713 3142 evaserint,
2741 3078 2809 3134 de
2839 3076 3046 3147 quibus
3077 3078 3366 3142 intellexit,
3401 3092 3526 3131 cum

1949 3179 2194 3235 ltetitiam
2220 3176 2590 3244 sempiternam
2616 3172 2669 3224 in
2690 3181 2845 3238 caput
2879 3185 3062 3224 eorum
3098 3168 3214 3223 fore
3250 3168 3534 3237 significa-

1947 3272 2045 3326 vit.
2076 3270 2218 3323 Sunt
2244 3279 2448 3329 tamen,
2478 3264 2572 3332 qui
2606 3271 2778 3317 totam
2825 3261 3120 3317 verborum
3154 3260 3373 3325 seriem,
3404 3266 3531 3313 tau-

1948 3375 2113 3432 quam
2148 3374 2177 3411 a
2215 3358 2489 3428 propheta:
2520 3344 2751 3425 persona
2801 3354 2938 3420 sint,
2986 3353 3397 3423 intelligendam
3432 3367 3533 3421 pu-

1947 3459 2082 3507 tent.
2112 3449 2274 3519 106
2296 3446 2746 3516 Quandoquidem
2775 3445 2919 3499 enim
2973 3444 3367 3513 permaximam
3413 3459 3536 3497 esse

1947 3541 2168 3597 Domini
2205 3539 2599 3609 benignitatem
2641 3535 2805 3601 dixit,
2857 3536 2950 3605 qui
3004 3534 3190 3588 omnia
3232 3535 3284 3587 in
3338 3535 3535 3588 melius

1947 3632 2281 3697 transferat;
2317 3647 2426 3685 non
2484 3644 2648 3685 suum
2696 3627 2831 3697 jam,
2865 3626 2961 3681 sed
3005 3624 3319 3679 resonantis
3371 3624 3423 3676 in
3476 3640 3537 3679 se

1945 3726 2186 3796 Spiritus
2227 3723 2322 3777 Dei
2354 3735 2665 3777 sermonem
2700 3732 2823 3773 esse
2865 3716 3024 3777 dicit,
3054 3718 3147 3785 qui
3188 3732 3246 3770 se
3287 3715 3353 3768 ad
3385 3715 3533 3769 futu-

1945 3829 2132 3868 rorum
2189 3812 2456 3867 bonorum
2519 3804 3000 3862 denuntiationem
3058 3804 3127 3856 iis
3188 3802 3534 3873 designavit,

1946 3920 2084 3975 quos
2111 3910 2257 3959 esset
2286 3910 2570 3970 paupertas
2605 3898 2868 3951 iuvasura
2898 3913 2912 3949 :
2951 3905 3010 3949 ut
3046 3894 3216 3947 animi
3252 3894 3531 3947 medelam

1945 3994 2177 4065 experti,
2203 3992 2451 4060 ejusdem
2478 3990 2554 4043 illi
2578 4004 2638 4043 se
2665 3987 2995 4056 captivitate,
3025 3999 3146 4055 qua:
3180 3998 3305 4036 vere
3330 3990 3382 4038 et
3411 3998 3536 4051 pro-

1949 4086 2063 4155 prie
2119 4083 2351 4144 dicitur,
2402 4080 2723 4134 liberarent.
2782 4075 3027 4145 Corpore
3082 4074 3352 4143 siquidem
3408 4074 3536 4127 licet

1948 4172 2168 4235 Daniel,
2225 4168 2487 4239 puerique
2552 4177 2664 4221 tres
2686 4206 2701 4230 ,
2736 4165 3099 4233 captivitatem
3134 4171 3451 4233 paterentur
3474 4163 3528 4228 ’,

1947 4263 2132 4318 animo
2160 4269 2342 4315 tamen
2373 4274 2482 4313 non
2513 4256 2847 4313 sentiebant.
2891 4253 3003 4308 lmo
3050 4269 3118 4309 ne
3170 4268 3373 4322 corpus
3404 4254 3532 4323 qui-

1945 4354 2069 4410 dem
2099 4354 2320 4409 illorum
2357 4349 2439 4405 vel
2473 4349 2642 4419 ignis,
2668 4347 2752 4403 vel
2798 4345 2929 4401 ferr
2974 4344 3298 4415 attigerunt.
3351 4343 3534 4399 Fuerit

276 4450 574 4504 στανόντων
608 4451 706 4521 μὲν
755 4452 813 4502 ὲν
843 4449 1093 4521 χειμῶνι,
1127 4449 1186 4501 ὲν
1233 4448 1357 4518 ἔαρι
1400 4448 1459 4501 δὲ
1505 4446 1840 4517 αὐξομένων,

1951 4460 2080 4499 vero
2112 4458 2286 4498 annus
2328 4439 2545 4495 Domini
2572 4435 2939 4504 acceptabilis,
2992 4436 3048 4488 in
3080 4448 3190 4503 quo
3230 4434 3533 4488 animarum

275 4542 366 4594 ἐπὶ
395 4542 452 4596 δὲ
484 4542 678 4612 θέρους
707 4541 1126 4610 τελειουμένων.
1190 4556 1195 4562 ·

1952 4533 2175 4598 culturi,
2205 4532 2385 4585 anima
2417 4530 2536 4600 ipsa
2562 4528 2616 4582 in
2650 4528 2844 4582 melius
2870 4532 3225 4587 commutata,
3257 4523 3533 4579 fructuum

276 4633 662 4690 abundantiam
708 4634 986 4689 ediderit:
1030 4649 1143 4687 non
1195 4633 1355 4688 aliter
1411 4648 1575 4703 quam
1627 4632 1839 4688 semina
1879 4628 2104 4700 quidem
2132 4629 2251 4697 ipsa
2299 4626 2601 4695 quotannis
2633 4622 2813 4678 hieme
2840 4620 3184 4692 germinare;
3250 4633 3378 4673 vere
3439 4631 3537 4672 au-

274 4736 376 4784 tem
408 4744 658 4787 crescere
714 4738 770 4786 et
798 4731 1009 4800 augeri,
1053 4737 1243 4785 testate
1278 4729 1511 4798 denique
1554 4726 1740 4798 perfici
1768 4725 2043 4781 videmus.

341 4816 431 4885 Οἷς
471 4821 605 4877 ἀν·τί
650 4824 917 4891 πένθους
958 4824 1349 4893 εὐφροσύνην
1376 4821 1833 4891 εὐαγγελίζεται,

276 4911 368 4966 καὶ
393 4913 493 4983 τῆς
521 4914 856 4985 κατεχούσης
882 4917 1076 4979 αὐτοὺς
1109 4915 1379 4985 ἑκατέρας
1402 4912 1834 4983 αἰχμαλωσίας,

275 4999 321 5053 οἳ
351 5002 443 5053 καὶ
501 5003 989 5075 ἀνοικοδομήσουσι
1035 5006 1135 5069 τὰς
1187 5006 1445 5069 πλείστας
1494 5020 1841 5074 κατεστραμ-

281 5086 464 5155 μένας,
499 5090 682 5157 ἕξουσί
709 5108 770 5144 τε
800 5095 925 5156 τοὺς
953 5093 1281 5163 ἀλλοφύλους
1315 5094 1374 5145 ὲν
1412 5090 1702 5162 ὑπηρετῶν
1746 5089 1843 5143 τά-

278 5194 445 5247 γματι
502 5182 813 5253 εὐχομένων
858 5184 1114 5254 θητεῦσαι
1167 5188 1277 5248 τοῖς
1341 5183 1707 5253 Ἰσραηλίταις
1759 5180 1840 5252 τῷ

283 5266 420 5338 λόγῳ
454 5270 555 5340 τῆς
594 5272 902 5337 θεοσεϐείας
941 5274 1276 5345 ἱερωμένοις.
1319 5276 1442 5329 Ὅτι
1472 5275 1579 5345 γὰρ
1612 5274 1843 5335 ἕκαστος

284 5357 467 5425 lapsi";
493 5356 632 5414 εἶναι
657 5361 883 5417 δύναται
912 5364 1007 5418 τοῦ
1038 5364 1194 5430 θεοῦ,
1220 5366 1461 5420 δείκνυσι
1480 5366 1575 5419 καὶ
1606 5365 1667 5418 τὸ
1704 5364 1826 5422 κατ’
1886 5387 1893 5394 ·

2012 4815 2240 4869 Talibus
2298 4810 2463 4877 igitur
2515 4824 2610 4876 pro
2664 4805 2807 4859 luctu
2899 4805 3146 4859 latitiam
3212 4804 3537 4869 denuntiat,

1940 4904 2304 4979 quantumvis
2344 4918 2444 4957 eos
2476 4910 2773 4969 utrumque
2808 4905 3041 4967 oceupet
3069 4896 3397 4964 captivitatis
3442 4911 3535 4963 ge-

1941 5013 2066 5052 nus.
2095 4992 2426 5049 Excitabunt
2457 4998 2512 5042 et
2543 4988 2646 5057 ipsi
2670 4987 2883 5039 animas
2912 4984 3381 5052 quamplurimas.
3412 4994 3541 5045 qua,

1943 5092 2239 5157 prostratae
2268 5079 2549 5150 jacebant,
2603 5076 2995 5143 habebantque
3044 5070 3381 5141 alienigenas
3413 5083 3537 5121 scr-

1944 5192 2139 5233 vorum
2169 5175 2310 5234 loco,
2359 5170 2453 5240 qui
2510 5166 2776 5221 lsraelitis
2808 5166 3032 5234 pietatis
3078 5178 3205 5231 ergo
3266 5174 3423 5213 sacra
3458 5157 3537 5211 fa-

1948 5270 2246 5328 cientibus,
2283 5259 2534 5316 famulari
2566 5266 2847 5325 exoptem.
2900 5252 3363 5322 Unumqucmque
3387 5251 3533 5305 enim

1951 5359 2043 5415 Dei
2079 5352 2402 5411 sacerdotem
2429 5362 2552 5404 esse
2577 5360 2739 5416 posse
2776 5343 3020 5398 ostendit
3057 5350 3111 5395 et
3137 5355 3258 5411 quae
3298 5354 3393 5410 per
3421 5328 3522 5393 do-

346 5465 557 5524 ‘Amos
598 5484 658 5526 ut
681 5512 696 5537 ,
733 5475 818 5532 l0.
910 5478 932 5510 '
973 5476 1106 5542 lmo,
1140 5473 1242 5533 Job
1269 5491 1357 5543 xx,
1390 5476 1477 5532 l5.
1550 5477 1571 5509 ⁸
1600 5475 1745 5532 Psal.
1777 5491 1845 5529 xx

1948 5489 2023 5538 ιι,
2048 5472 2105 5524 ’1.
2184 5469 2204 5500 ’
2240 5464 2429 5521 Matth.
2463 5477 2553 5517 ut
2576 5503 2590 5527 ,
2633 5461 2723 5515 i3.
2816 5457 2839 5489 ⁸
2872 5454 3050 5510 Galat.
3084 5470 3137 5520 v,
3170 5453 3263 5508 2i.
3337 5453 3360 5485 ⁹
3383 5452 3520 5511 Dan,

303 5550 319 5590 t
359 5546 411 5593 et
440 5555 522 5594 Ill.

1562 5628 1790 5693 V'ARbE
1826 5623 2234 5683 LECTIONES.

356 5713 368 5754 ί
435 5713 521 5768 ισ.
552 5715 632 5768 ὅτι
663 5734 788 5788 περ.
