3972 6192
442 205 575 270 2651

1813 215 2167 278 PROCOPH
2202 219 2448 279 ΕΑΖᾹΞῘ

3575 222 3727 285 2652

442 336 563 375 mos
593 310 836 393 singulas
870 321 992 378 ovis
1023 324 1394 389 mactabatur,
1428 335 1484 381 et
1525 343 1647 398 qum
1698 346 1795 400 per
1824 333 2028 402 quosli-

2138 328 2284 388 οἶκον
2327 333 2589 403 θυόμενον
2623 332 2918 403 πρόϐατον,
2950 322 3104 401 καὶὴ
3140 330 3230 383 διὰ
3279 330 3455 397 λόγων
3485 331 3729 385 ἑκάστου

442 415 530 468 het
557 428 746 482 preces
780 412 889 468 Deo
910 412 1236 468 offeruntur.
1267 415 1369 481 Qui
1404 418 1569 487 igitur
1593 419 1781 489 pietati
1805 420 2020 475 incum-

442 505 593 570 bent,
625 506 860 574 gentium
896 506 1271 561 oblationibus
1310 507 1500 562 divites
1531 509 1733 575 ell'ecti,
1778 512 2021 567 admira—

441 599 576 654 biles
606 598 771 653 etiam
802 597 969 652 futuri
1002 608 1157 666 sunt,
1188 610 1491 669 terramque
1515 601 1702 667 aliam,
1734 616 1845 657 non
1872 610 2021 658 vete-

441 706 578 754 rem,
608 690 930 757 possessuri,
985 704 1092 744 non
1137 690 1250 759 jam
1310 691 1403 759 qui
1445 690 1661 746 fuerant
1709 700 1891 756 antea,
1923 692 2020 747 sed

441 783 555 845 alii,
587 791 641 839 et
680 782 841 838 amici
885 781 1142 852 judicati.
1201 781 1315 853 Ego
1346 784 1510 847 enim,
1567 784 1737 850 addit,
1786 786 2021 855 justitia

439 891 556 929 sum
600 875 878 940 Dominus,
920 876 1013 946 qui
1072 890 1183 930 non
1239 890 1403 931 omne
1455 892 1629 947 genus
1684 880 2017 947 rapinarum,

441 968 534 1021 sed
564 967 800 1036 quodex
853 967 1139 1036 iniquitate
1169 974 1267 1031 est,
1310 966 1434 1020 odio
1476 984 1788 1038 prosequor.
1836 968 2018 1039 Diligo

440 1058 711 1127 siquidem
739 1068 791 1112 et
818 1072 936 1121 eos,
967 1059 1060 1129 qui
1107 1073 1335 1128 regnum
1381 1058 1650 1113 caelorum
1696 1062 1910 1127 rapiunt
1952 1062 2016 1114 ".

440 1146 543 1214 Qui
579 1157 758 1203 autem
803 1148 1006 1218 injuste
1055 1151 1308 1218 rapiunt,
1355 1166 1462 1204 non
1508 1152 1577 1207 iis
1626 1161 1861 1219 tantum,
1900 1169 2021 1222 quae

441 1249 754 1307 rapuerunt,
788 1240 1009 1311 privati,
1045 1241 1290 1311 nudique
1337 1242 1540 1296 ahitnri
1590 1251 1740 1310 sunt,
1772 1242 1864 1299 sed
1902 1258 2020 1313 pte-

443 1346 542 1386 nas
563 1331 730 1386 etiam
785 1332 893 1387 isto
945 1332 1165 1386 nomine
1225 1332 1434 1387 luituri.
1496 1331 1645 1387 Iusti
1690 1348 1839 1400 vero,
1892 1337 2019 1405 quia

440 1439 653 1488 eorum,
719 1439 841 1494 quae
915 1432 1225 1494 ceperunt,
1285 1425 1413 1479 boni
1481 1425 1895 1494 dispensatores
1961 1442 2020 1483 se

440 1516 810 1585 praebuerunt,
843 1516 1208 1586 praesentibus
1263 1517 1426 1572 bonis
1513 1526 1566 1573 et
1627 1520 1848 1575 aeternis
1903 1528 2017 1574 tum

442 1610 659 1662 demum
710 1609 936 1679 petituri
972 1616 1121 1674 sunt,
1155 1625 1280 1664 cum
1333 1625 1453 1676 eos,
1504 1618 1766 1682 tanquam
1808 1612 2019 1667 benedi-

442 1699 633 1752 ctionis
663 1698 912 1755 haeredes
946 1703 1166 1769 agnosci
1195 1702 1356 1772 707
1396 1702 1690 1774 contigerit
1726 1721 1739 1758 :
1773 1720 1882 1758 non
1919 1704 2022 1759 ali-

444 1801 526 1845 ter
563 1807 628 1845 ae
678 1792 965 1847 sceleratis
1002 1807 1102 1847 sua
1152 1808 1261 1849 non
1294 1793 1547 1849 defutura
1589 1803 1673 1852 est
1710 1797 1866 1862 ultio,
1912 1796 2023 1852 illis

445 1882 691 1936 lwtitiam
727 1884 1102 1954 sempiternam
1126 1884 1539 1951 possidentibus.

450 2078 467 2101 κ
513 2015 679 2085 708
710 2014 873 2071 Vsus.
917 2015 1004 2081 10,
1045 2016 1130 2069 Η.
1171 2014 1417 2071 Exsultet
1462 2018 1646 2072 anima
1681 2035 1796 2073 mea
1830 2020 1886 2073 in
1913 2017 2023 2074 Do-

446 2105 610 2159 mino.
672 2105 863 2159 Induit
909 2108 1049 2161 enim
1099 2124 1178 2161 me
1212 2109 1526 2163 vestimento
1580 2109 1799 2177 salutis,
1849 2122 1897 2165 et
1939 2121 2023 2165 tu-

2127 425 2518 495 προσαγομένη
2548 423 2626 493 τῷ
2672 422 2791 493 Θεῷ
2830 423 3129 493 προσευχὴ.
3180 421 3479 493 Θεοσεὸεἱα
3540 422 3711 475 τοίνυ-

2128 514 2520 584 προσκείμενοι
2548 512 2794 578 δέξονται
2829 510 2984 582 παρὰ
3016 510 3137 565 τῶν
3161 511 3356 567 ἐθνῶν
3390 514 3728 584 προσφορὰς

2123 605 2534 670 πλουτοῦντες
2572 604 2667 657 καὶ
2694 601 3153 671 θαυμαζόμενοι·
3193 603 3290 657 uel
3330 604 3453 656 ἀντὶ
3482 603 3582 669 τῆς
3624 607 3731 672 ἁρ-

2125 697 2287 767 χαέας
2344 698 2539 768 ἑτέραν
2595 694 3128 764 κληρονομήσουσι
3201 695 3354 764 γῆν,
3399 698 3515 750 ἀντ’
3546 696 3731 751 ἄλλων

2123 789 2650 860 ἄλλοι-φαινόμενοι,
2686 790 2781 842 καὶ
2810 787 2954 857 φίλοι
2970 786 3144 852 ὄντες.
3178 789 3576 854 Δικαιοσύνης
3609 786 3730 853 ἐγὼ

2122 880 2236 949 γάρ
2259 885 2374 949 ειμι
2406 882 2639 949 Κύριος,
2674 879 2796 950 οὐχὶ
2821 878 3092 948 πάντατὰ
3122 878 3481 947 ἁρπάγματα
3495 877 3726 947 μισῶν,

2123 972 2259 1025 ἀλλὰ
2294 973 2361 1026 τὰ
2383 972 2452 1035 ἐξ
2474 971 2733 1038 ἀδικίας.
2774 971 2885 1024 Καὶ
2908 970 3019 1041 γὰρ
3040 968 3187 1033 τοὺς
3219 968 3594 1037 ἁρπάζοντας
3618 968 3727 1037 τὴν

2123 1060 2404 1130 βασιλείαν
2427 1061 2536 1115 τῶν
2565 1060 2814 1132 οὐρανῶν
2845 1056 3076 1129 ἀγαπῶ.
3114 1059 3176 1109 υἱ
3207 1056 3263 1109 δὲ
3287 1057 3488 1121 ἀδίκως
3522 1056 3727 1123 ἀρπά-

2121 1151 2319 1218 ζοντες
2349 1151 2549 1221 γυμνοί
2576 1168 2637 1204 τε
2666 1150 2775 1204 τῶν
2797 1140 3201 1218 ἀρπαγμὶῐτιυν
3243 1147 3459 1211 ἀπίασι,
3497 1149 3595 1198 καὶ
3627 1146 3730 1217 τὴν

2122 1245 2259 1316 ὑπὲρ
2287 1244 2466 1298 αὐτῶν
2501 1243 2820 1298 ἀποτίσουσι
2870 1241 3050 1310 δίκην.
3083 1242 3149 1293 Οἱ
3186 1239 3245 1291 δὲ
3284 1238 3445 1292 δίκαι
3483 1256 3535 1293 οι
3563 1238 3733 1291 καλοὶ

2120 1336 2228 1389 τῶν
2253 1335 2567 1405 ληφθέντων
2608 1333 2885 1403 οἰκονόμοι
2913 1330 3224 1405 γενόμενοι,
3250 1330 3347 1384 καὶ
3375 1330 3483 1383 τῶν
3513 1330 3731 1398 παρόν-

2121 1446 2248 1491 των,
2264 1429 2357 1482 καὶ
2380 1427 2489 1491 τῷν
2515 1425 2752 1480 αἰωνίων
2781 1422 3001 1494 ἀγαθῶν
3032 1396 3462 1487 ἀπολαύσουσιν,
3496 1422 3619 1483 ὅτε,
3651 1420 3730 1483 ὡς

2119 1520 2398 1589 εὐλογίας
2429 1518 2581 1582 ὄντες
2616 1515 2972 1587 κληρονόμοι,
3004 1512 3483 1584 γνωσθήσονται,
3521 1513 3729 1582 ὥσπερ

2123 1607 2217 1665 οὖν
2259 1611 2357 1663 καὶ
2389 1610 2439 1662 οἱ
2490 1607 2716 1678 πονηροὶ
2748 1604 3146 1677 κολαζόμενοι,⁶
3169 1603 3732 1674 κληρονομούντων

2127 1696 2355 1751 ἐκείνων
2383 1695 2776 1765 εὐφροσύνην
2805 1693 3068 1748 αἰώνιον.

2190 2024 2250 2082 ι’,
2290 2022 2381 2071 ια’.
2412 2014 2827 2086 Ἀγηλλιὰσθω
2856 2015 2894 2084 ἠ
2915 2015 3087 2086 ψυχή
3105 2033 3226 2086 μου
3248 2015 3345 2071 ἐπὶ
3383 2013 3464 2082 τῷ
3491 2016 3722 2087 Κιερίῳ.

2138 2109 2427 2166 Ἐνέδυσε
2457 2107 2571 2176 γάρ
2603 2124 2681 2176 με
2715 2105 2948 2175 ἱμάτιον
2994 2108 3321 2176 σωτηρίου,
3357 2108 3456 2161 καὶ
3493 2107 3728 2177 χιτῶνα

445 2196 566 2248 nica
633 2194 858 2250 lwtitite.
918 2195 1195 2266 Tanquam
1237 2213 1489 2264 sponsum
1536 2200 1886 2255 circumdedit
1945 2218 2028 2256 me

2138 2200 2535 2269 εὐφροσύνης.
2573 2198 2667 2263 Ὡς
2711 2198 2947 2266 νυμφίῳ
2985 2197 3300 2267 περιέθηκέ
3322 2216 3423 2267 μοι
3474 2201 3723 2267 μίτραν,

448 2286 630 2342 mitra.
661 2296 707 2338 et
744 2295 1000 2357 tanquam
1036 2303 1296 2355 sponsam
1324 2289 1533 2342 ornavit
1569 2306 1651 2342 me
1676 2291 1873 2345 mundo
1905 2307 2022 2345 mu-

2138 2293 2225 2347 καὶ
2256 2295 2334 2359 ὡς
2362 2294 2608 2362 νύμφην
2644 2294 3075 2361 κατεκόσμησέ
3104 2310 3183 2362 με
3219 2296 3452 2364 κόσμῳ,
3487 2313 3541 2349 κ.
3580 2314 3644 2350 τ.
3677 2295 3724 2351 λ.

446 2379 622 2445 liebri,
656 2392 763 2435 ctc.

2196 2489 2351 2544 Μετὰ
2394 2491 2494 2554 τὰς
2532 2490 2888 2559 ἐπαγγελίας,
2925 2489 2993 2554 ἃς
3030 2490 3224 2560 φανεὶς
3274 2492 3303 2542 ὀ
3341 2490 3586 2561 Χριστὸς
3632 2491 3727 2543 ἐπὶ

2131 2580 2235 2649 γῆς
2267 2578 2627 2651 ἐπληρώσατο
2657 2582 2739 2651 (ἐν
2776 2574 2865 2642 αἷς
2898 2575 2966 2651 ἦν
2998 2580 3093 2633 καὶ
3123 2579 3207 2645 τὸ,
3232 2579 3730 2650 Εὐφρανθήσονται

519 2490 645 2545 Post
674 2507 767 2547 eas
808 2493 1228 2562 promissiones,
1284 2512 1423 2565 quas
1474 2496 1753 2563 Christus,
1809 2514 1931 2555 cum
1968 2500 2024 2556 in

448 2583 614 2637 terris
657 2584 931 2652 apparuit,
984 2586 1274 2653 prq‘stitit;
1332 2587 1476 2641 inter
1528 2603 1664 2657 quas
1716 2591 1807 2644 ilia
1859 2591 2025 2645 etiam

450 2674 574 2740 fuit,
619 2689 728 2744 qua
762 2676 1040 2731 lzntaturos
1069 2678 1122 2730 in
1153 2676 1385 2731 Domino
1420 2679 1739 2747 atiirmavit,
1769 2680 2028 2737 Ecclesiae

2138 2673 2222 2725 ἐπὶ
2250 2670 2498 2743 Κύριον),
2526 2674 2932 2743 προσωποποιεῖ
2954 2672 3055 2741 τὴν
3096 2672 3421 2743 Ἐκκλησίαν
3471 2674 3502 2725 ὁ
3532 2671 3727 2741 λόγος.

446 2769 558 2836 jam
596 2782 889 2837 personam
920 2783 983 2823 ea
1020 2769 1134 2838 ipsa
1162 2810 1176 2833 ,
1205 2783 1324 2838 qua:
1364 2772 1558 2840 adepta
1596 2781 1701 2838 est,
1735 2788 1858 2827 cum
1895 2791 2028 2843 gau-

2138 2764 2215 2833 ὲφ’
2246 2758 2327 2827 οἷς
2371 2762 2558 2832 ἔτυχεν
2589 2760 3158 2832 ἑξομολογουμένην
3207 2763 3307 2817 καὶ
3356 2764 3729 2832 χαίρουσαν.

447 2858 538 2909 dio
576 2867 623 2910 et
655 2856 849 2911 laetitia
881 2859 1215 2927 conﬁtentem
1250 2857 1460 2914 inducit
1499 2863 1694 2916 oratio.
1720 2863 1846 2919 Suis
1880 2864 2025 2920 enim

451 2947 615 3000 veluti
657 2948 937 3014 membris,
995 2949 1047 3004 id
1104 2961 1208 3015 est,
1259 2966 1451 3006 eorum
1508 2955 1872 3023 plenitudine,
1930 2957 2023 3025 qui

453 3041 760 3105 salvantur,
810 3042 1150 3110 resumptis;
1212 3051 1473 3113 tanquam
1541 3046 1774 3115 pulchro
1808 3055 1864 3101 et
1914 3049 2027 3102 elc-

449 3130 597 3200 ganti
628 3144 859 3199 corpore
890 3133 1115 3202 praedita
1148 3150 1363 3202 sponsa,
1403 3134 1619 3204 adjecto
1647 3140 1809 3192 etiam
1849 3142 2031 3208 sponsi

450 3236 663 3286 ornatu,
695 3238 801 3275 non
843 3223 1121 3278 immerito
1148 3225 1383 3278 animam
1410 3243 1565 3279 suam
1587 3229 1641 3281 in
1673 3228 1900 3284 Domino
1932 3249 2030 3286 cu-

450 3317 526 3382 pit
547 3313 837 3367 exsultare.
862 3314 1028 3384 709
1058 3316 1150 3368 Est
1185 3332 1424 3386 namque
1453 3334 1561 3373 una
1590 3336 1805 3387 eorum,
1842 3338 1871 3376 a
1902 3326 2029 3392 qui-

452 3406 556 3457 bus
586 3403 865 3471 impletur,
895 3413 1116 3474 propter
1149 3414 1399 3463 mutuum
1432 3425 1791 3478 consensum,
1825 3418 2028 3482 anima,

447 3494 599 3562 ⁸ἱιιιιιει
635 3495 765 3549 illud
802 3513 815 3549 :
859 3514 877 3547 ι
919 3495 1047 3550 Erat
1081 3510 1260 3552 autem
1294 3500 1633 3557 credentium
1663 3508 1906 3560 omnium
1937 3524 2033 3563 cor

454 3600 646 3647 unum.
680 3597 732 3639 et
776 3588 959 3640 anima
1016 3602 1127 3642 una
1163 3589 1225 3645 ”.
1286 3609 1305 3641 ι
1373 3591 1529 3657 Quod
1566 3595 1737 3649 multo
1771 3597 1945 3667 magis
1976 3598 2032 3651 in

454 3691 595 3729 novo
629 3677 830 3733 saeculo
865 3678 1115 3746 futurum
1158 3690 1259 3739 est.
1305 3683 1359 3736 in
1405 3700 1514 3753 quo
1543 3686 1803 3754 superius
1839 3689 2033 3745 allatas

454 3783 615 3824 voces
673 3779 998 3839 usurpatum
1062 3782 1164 3826 est.
1214 3771 1307 3827 Est
1362 3791 1490 3830 vero
1549 3777 1788 3847 itlipsum
1840 3781 2032 3835 salutis

452 3877 644 3924 causa,
674 3861 820 3929 quod
854 3878 909 3915 se
956 3864 1265 3917 vestimento
1309 3866 1505 3919 salutis
1551 3884 1581 3920 a
1614 3868 1839 3924 Domino
1872 3871 2034 3926 indu-

455 3965 563 4005 tum
586 3970 699 4007 esse
720 3953 939 4022 adjecit.
970 3955 1295 4024 lmplebitur
1317 3957 1462 4011 enim
1496 3973 1700 4029 corpus
1737 3961 1913 4029 ipsum
1949 3979 2036 4019 re-

453 4045 817 4100 surrectionis
848 4048 966 4102 luce
989 4064 1005 4114 ;
1032 4064 1131 4102 nec
1162 4050 1357 4103 mortis
1380 4065 1504 4105 esse
1531 4051 1745 4107 dicetur
1776 4055 2031 4125 amplius;

451 4134 606 4202 juxta
631 4134 779 4188 Pauli
803 4150 1135 4202 sermonem,
1173 4140 1264 4193 ubi
1294 4142 1419 4208 quis
1448 4157 1507 4196 se
1536 4142 1604 4197 de
1628 4157 1860 4212 corpore
1890 4163 2037 4201 mor-

457 4236 526 4278 tis
561 4226 725 4295 hujus
766 4227 1101 4284 liberaturus
1135 4232 1228 4296 sit,
1259 4233 1456 4301 «luserit
1485 4236 1549 4288 ¹¹.
1580 4233 1845 4290 Inductur
1872 4239 2035 4293 etiam

2142 2854 2518 2911 Ἀπολαόοῦσα
2557 2857 2665 2924 γὰρ
2688 2854 2878 2925 ὥσπερ
2905 2854 3016 2907 τδια
3045 2854 3211 2925 μέλη,
3240 2856 3348 2908 τῶν
3393 2853 3735 2923 σωζομένων

2132 2948 2192 3000 τὸ
2227 2946 2520 3017 πλήρωμα,
2556 2945 2633 3008 ὡς
2664 2946 2729 2998 ὲκ
2755 2944 3008 3016 σώματος
3047 2944 3359 3016 εὐπρεποῦς
3382 2948 3731 3017 συγκειμένη

2142 3040 2385 3107 νύμφη,
2449 3038 2541 3093 καὶ
2600 3038 2690 3092 τὸν
2740 3040 2806 3091 ἐκ
2854 3037 2949 3092 τοῦ
3004 3038 3269 3106 νυμφίου
3338 3035 3731 3109 προσλαϐοῦσα

2139 3134 2392 3199 κόσμον,
2423 3130 2646 3194 εἰκότως
2678 3130 2871 3197 φησίν·
2909 3129 3310 3199 Ἀγαλλιάσθω
3340 3130 3377 3197 ἠ
3406 3127 3579 3197 ψυχή
3606 3144 3732 3197 μου

2137 3222 2238 3275 ἐπὶ
2268 3221 2345 3287 τῷ
2391 3222 2603 3289 Κυρίῳ.
2649 3222 2763 3274 Μία
2793 3222 2903 3292 γὰρ
2950 3221 3058 3273 τῶν
3088 3220 3256 3291 αὐτὴν
3302 3219 3668 3291 πληρούντων
3697 3220 3730 3287 '1;

2137 3312 2226 3366 διὰ
2248 3315 2345 3383 τῆς
2377 3313 2514 3383 πρὸς
2555 3312 2820 3381 ἀλλήλους
2866 3312 3173 3383 συμπνοίας
3209 3311 3404 3381 ψυχὴ,
3438 3310 3583 3365 κατὰ
3625 3311 3692 3362 τό
3715 3329 3729 3339 ο

2145 3425 2162 3457 ι
2191 3404 2301 3457 Καὶ
2334 3400 2401 3474 ἧν
2451 3404 2667 3457 πάντων
2703 3404 2812 3459 τῶν
2861 3405 3229 3475 πιστευόντων
3260 3405 3293 3474 ή
3330 3403 3528 3474 καρδία
3559 3405 3665 3455 καὶ
3696 3405 3730 3472 ἡ

2139 3496 2284 3567 ψυχὴ
2326 3496 2443 3566 μία.
2475 3515 2492 3547 ι
2534 3500 2600 3549 "U
2636 3496 2818 3566 πολλῷ
2845 3497 3049 3568 μᾶλλον
3095 3496 3190 3550 ἐπὶ
3234 3496 3330 3549 τοῦ
3384 3496 3580 3559 αἰῶνος
3635 3495 3731 3547 τοῦ

2139 3590 2262 3642 νέου
2311 3589 2625 3657 γενήσεται,
2666 3589 2724 3640 ὲν
2778 3580 2823 3655 ᾧ
2876 3590 2973 3651 τὰς
3030 3588 3399 3658 προκειμένας
3453 3586 3731 3640 ἀποδώσει

2130 3679 2348 3752 ρωνάς.
2373 3679 2448 3731 Τὸ
2499 3678 2557 3732 δὲ
2586 3677 2696 3746 τῆς
2729 3680 3033 3746 σωτηρίας
3063 3677 3259 3743 αἴτιον,
3288 3676 3581 3731 Ἐνέδυσε
3620 3676 3733 3745 γάρ

2146 3788 2214 3840 με
2251 3769 2490 3840 ἱμάτιον
2524 3771 2844 3838 σωτηρίου.
2889 3770 2964 3823 Τὸ
3008 3770 3117 3841 γὰρ
3158 3769 3318 3838 σῶμα
3354 3768 3454 3838 τῆς
3486 3768 3732 3821 ἀναστά-

2144 3880 2280 3927 σεως
2320 3865 2497 3933 φωτὸς
2528 3864 2681 3916 ἔσται
2712 3862 2939 3934 πλῆρες,
2968 3862 3068 3915 οὐκ
3104 3862 3186 3915 ἔτι
3232 3861 3461 3916 θανάτου
3493 3860 3732 3930 λεγόμε-

2142 3973 2251 4017 νον,
2285 3954 2427 4008 κατὰ
2464 3955 2544 4020 τὸ,
2589 3954 2687 4017 Τίς
2738 3971 2803 4023 με
2843 3953 3066 4025 ῥύσεται
3091 3955 3155 4006 ἐκ
3199 3952 3294 4005 τοῦ
3336 3950 3589 4021 σώματος
3635 3949 3732 4004 τοῦ

2144 4048 2379 4102 θανάτου
2405 4046 2598 4100 τούτου
2624 4063 2639 4113 ;
2667 4046 2968 4114 Σωτηρίω)
2998 4045 3054 4097 δὲ
3086 4043 3317 4114 ἳμὰτιον
3345 4040 3735 4111 περιτεθήσε-

2144 4154 2236 4191 ται
2261 4136 2334 4205 τῇ
2358 4135 2553 4205 ψυχῇ,
2576 4134 2674 4189 καὶ
2704 4133 2888 4203 χιτὼν
2909 4134 3597 4202 εὐφροσύνης.Ἒκαστος
3621 4131 3733 4200 γὰρ

2144 4230 2242 4294 τὰς
2274 4230 2409 4292 ἰδίας
2441 4227 2808 4298 ἀνδραγαθίας
2844 4228 3150 4288 ἐνδύσεται,
3179 4225 3405 4287 ταύταις
3436 4226 3734 4291 ἐνευφραι-

456 4321 758 4372 vestimento
789 4322 1002 4384 salutis,
1029 4321 1226 4391 inquit,
1261 4324 1444 4378 anima
1469 4365 1484 4388 ,
1519 4336 1569 4379 et
1599 4328 1781 4382 tunica
1811 4329 2028 4385 lattitiaz.

2144 4322 2392 4390 νόμενος.
2422 4320 2634 4385 Ἤγουν
2659 4315 2885 4386 χιτῶνά
2925 4331 3057 4387 φησι
3081 4315 3171 4368 τὸν
3204 4315 3459 4384 Χριστὸν,
3495 4312 3644 4365 κατὰ
3673 4312 3734 4362 τδ

457 4411 533 4463 lta
568 4413 714 4466 enim
766 4428 1236 4484 unumquemque,
1278 4431 1402 4485 qua).
1452 4418 1671 4472 fortiter
1724 4422 1916 4490 gessit,
1947 4423 2043 4476 ha-

457 4500 699 4552 biturum
723 4516 737 4566 ;
763 4500 1006 4568 illisque,
1033 4508 1296 4571 tanquam
1334 4505 2040 4571 vestimentis,delectatum

456 4592 520 4644 iri
553 4591 844 4661 signiﬁcat.
880 4591 976 4646 Vel
1007 4603 1158 4648 certe
1211 4580 1404 4649 tunica:
1452 4600 1694 4665 nomine,
1757 4600 2039 4658 Christum

457 4685 659 4753 ipsum,
721 4683 875 4746 juxta
935 4683 1087 4739 Pauli
1160 4691 1536 4754 sententiam,
1594 4690 1899 4763 intelligit;
1946 4695 2038 4762 qui

459 4774 746 4827 hominum
779 4786 1026 4829 nostrum
1071 4775 1261 4831 Jesum
1299 4777 1582 4834 Christum
1635 4782 1866 4838 induere
1898 4801 2038 4855 pra:-

456 4866 590 4933 ripit
629 4865 709 4930 ¹³;
741 4864 885 4935 quod
928 4867 1022 4935 qui
1055 4867 1267 4933 fecerit,
1304 4884 1410 4922 non
1445 4870 1675 4925 salutem
1711 4872 1893 4937 modo,
1945 4874 2040 4929 sed

456 4958 705 5013 lmtitiam
751 4958 917 5011 etiam
969 4958 1204 5030 adeptus
1259 4959 1467 5016 fuerit:
1514 4963 1674 5031 quale
1724 4973 1807 5019 est
1857 4966 2036 5022 illud:

462 5072 480 5103 ι
519 5053 629 5123 Ego
670 5051 787 5107 veni
830 5061 885 5105 ut
917 5053 1084 5107 vitam
1131 5054 1391 5119 habeant,
1425 5068 1479 5110 et
1524 5056 1900 5113 abundantius
1939 5059 2038 5113 ba-

457 5145 624 5198 beant
671 5144 736 5198 “.
792 5163 810 5195 ι
852 5144 905 5197 1η
966 5161 1078 5215 quo
1130 5145 1551 5202 abundantioris
1592 5149 1835 5210 nomine,
1867 5150 2036 5204 vitam

456 5249 601 5297 eam,
631 5250 750 5302 quae
775 5235 980 5290 lwtitice
998 5238 1449 5307 conjunctuouem
1475 5238 1697 5303 habeat,
1729 5240 1997 5295 intellexit
2022 5259 2034 5293 :

422 5334 622 5391 ‘quam
655 5327 698 5379 si
730 5327 852 5394 quis
882 5330 1260 5394 naucisra'ur,
1307 5342 1504 5384 ornatu
1544 5333 1787 5398 quolibet
1835 5333 2039 5387 intelli-

458 5415 607 5483 gibili
643 5418 1022 5476 coronabitur.
1061 5421 1216 5485 Quod
1251 5422 1297 5475 si
1342 5422 1394 5473 iu
1428 5425 1604 5475 virum
1642 5424 1881 5477 evaserit
1915 5440 2037 5493 per-

533 5612 574 5643 ¹⁰
606 5609 797 5665 Matth.
836 5629 920 5676 xi,
960 5613 1037 5667 l2.
1122 5618 1157 5647 ¹¹
1186 5622 1314 5678 Act.
1348 5634 1417 5677 iv,
1461 5621 1556 5673 52.
1634 5621 1674 5650 ι’
1714 5619 1871 5676 Rom.
1915 5636 2027 5687 vn,

2142 5660 2152 5672 .
2234 5620 2275 5651 ”
2306 5619 2464 5673 Bon).
2499 5636 2592 5673 xm
2618 5661 2628 5679 .
2658 5621 2736 5672 lt.

2143 4412 2221 4484 τῷ
2253 4411 2563 4480 ’Δποστόλῳ
2582 4409 2747 4482 ῥηθέν
2767 4425 2780 4438 ·
2817 4428 2835 4461 ι
2863 4407 3189 4461 Ἐνδύσασθε
3214 4406 3306 4459 τὸν
3333 4405 3535 4474 Κύριον
3569 4404 3733 4473 ἡμῶν

2153 4503 2364 4575 Ἰησοῦν
2391 4501 2484 4555 τὸν
2516 4500 2776 4573 Χριστόν.
2804 4501 2934 4554 »Ὃν
2967 4501 2995 4552 ὁ
3032 4499 3319 4568 δεχόμενος
3348 4496 3486 4567 πρὸς
3522 4498 3591 4565 τῇ
3625 4511 3734 4547 σω-

2139 4598 2339 4669 τηρίᾳ,
2390 4595 2487 4648 καὶ
2540 4594 2606 4648 τὸ
2650 4595 2720 4647 ἐν
2766 4593 3176 4662 εὐφροσύναις
3229 4587 3369 4643 εἶναι
3421 4586 3726 4658 κερδαίνει.

2154 4689 2374 4743 Ὀποῖόν
2404 4690 2521 4741 ἐστι
2564 4686 2626 4739 τό
2646 4701 2658 4714 ·
2691 4704 2710 4737 ‹
2751 4685 2895 4754 Ἐγὼ
2917 4680 3104 4755 ἦλθον,
3139 4683 3227 4736 ἵνα
3256 4679 3402 4751 ζωὴν
3420 4680 3606 4748 ἔχωσι,
3637 4678 3734 4730 καὶ

2146 4780 2407 4851 περισσὸν
2444 4779 2629 4849 ἔχωσι.
2669 4798 2687 4830 ι
2727 4778 2996 4848 Περισσδν
3044 4776 3219 4843 λέγων
3274 4775 3375 4842 τὴν
3406 4774 3464 4825 ἐν
3496 4771 3533 4838 ᾖ
3575 4765 3732 4837 χαρᾷ

2149 4872 2525 4945 γενησόμεθα·
2558 4871 2617 4924 ὃν
2645 4871 2780 4933 εἴτις
2806 4870 2985 4935 λάϐοι,
3017 4868 3496 4938 στεφανωθήσεται
3526 4867 3734 4932 κόσμῳ

2149 4965 2314 5018 παντὶ
2347 4963 2543 5035 νοητῷ.
2593 4964 2734 5016 Ἀλλ’
2775 4964 2822 5016 εἰ
2861 4962 2960 5032 μὲν
2988 4960 3068 5024 εἰς
3104 4961 3277 5030 ἄνδρα
3310 4958 3612 5026 κατήντησε
3644 4955 3736 5006 τὲ-

2142 5057 2308 5121 λειον,
2340 5057 2422 5122 ὡς
2475 5056 2735 5124 νυμφίος
2761 5053 3261 5123 στεφανωθήσεται.
3300 5049 3637 5102 Ὕποϐαἱνων
3674 5045 3735 5098 δὲ

2145 5151 2257 5211 τοῖς
2284 5148 2522 5218 μέτροις.
2543 5149 2623 5213 ὡς
2642 5149 2847 5217 νύμφη
2869 5143 3197 5213 κοσμεῖται,
3215 5140 3511 5211 δυναμένου
3534 5136 3627 5190 τοῦ
3649 5140 3734 5197 εἰς

2151 5242 2348 5311 μέτρον
2381 5240 2599 5309 ἡλικίας
2640 5239 2936 5307 ὲφθακότος
2970 5240 3144 5291 εἰπεῖν
3162 5252 3176 5267 ·
3197 5257 3214 5287 ι
3240 5226 3344 5288 Τὸν
3367 5234 3527 5287 καλὸν
3545 5230 3737 5299 ἀγῶνα

2150 5332 2484 5402 ἠγώνισμαι,
2502 5333 2592 5386 τὸν
2608 5333 2806 5403 δρόμον
2825 5331 3103 5397 τετέλεκα,
3120 5329 3216 5400 τὴν
3239 5329 3418 5381 πίστιν
3436 5328 3733 5396 τετήρηκα,

2147 5423 2333 5477 λοιπὸν
2369 5424 2659 5477 ἀπόκειταί
2687 5441 2774 5495 μοι
2814 5426 2841 5477 ὁ
2881 5424 2980 5495 τῆς
3010 5420 3355 5490 δικαιοσύνης
3383 5420 3658 5487 στέφανος.
3705 5434 3727 5468 s

2856 5619 2898 5650 "‘
2936 5617 3092 5671 Joan.
3132 5634 3183 5673 κ.
3223 5616 3305 5669 10.
