3972 6192
263 321 415 386 2653

1400 326 1931 406 COMMENTARII
1976 330 2056 387 IN
2090 332 2378 400 ISAIAM.

3397 341 3545 409 2651s

268 432 521 497 fectum;
565 441 819 503 tanquam
871 452 1097 504 sponsus
1138 436 1514 491 coronabitur.
1557 438 1654 492 Sin
1710 447 1889 493 autem
1944 454 2117 512 supra
2163 445 2385 502 modum
2414 461 2737 521 exsuperet;
2768 464 3017 526 tanquam
3074 473 3268 527 sponsa
3316 457 3537 511 ornabi-

269 535 389 587 tur,
440 540 564 579 eum
614 525 790 595 possit
821 527 913 595 qui
957 543 1268 583 mensuram
1321 528 1531 583 artatis.
1572 530 1773 598 attigit,
1840 529 2061 586 dicere:
2128 552 2147 586 ι
2194 535 2403 593 Bonum
2461 550 2740 598 certamen
2824 525 3048 615 certari,
3103 525 3324 637 cursum
3412 562 3533 602 cono

263 616 564 680 somniavi,
597 616 756 673 tidem
813 619 1023 673 servavi
1050 621 1092 653 ⁸³
1128 636 1143 686 ;
1176 620 1436 690 deinceps
1481 624 1765 676 recondita
1805 627 1890 675 est
1946 622 2077 676 mihi
2114 642 2316 683 corona
2347 631 2592 700 iustitiae.
2636 655 2654 686 ι

343 709 553 776 Ἥγουν
571 711 697 771 τοὺς
714 710 932 777 αὐτοὺς,
946 710 1033 763 διὰ
1048 712 1145 781 μὲν
1169 717 1270 785 τὴν
1291 714 1564 785 ἀνδρείαν,
1586 715 1830 784 νυμφίον

2024 718 2117 776 Vel
2147 732 2296 778 certe
2324 741 2419 781 eos
2446 727 2597 797 ipsos
2628 744 2722 797 per
2749 746 3022 798 sponsum,
3056 733 3148 803 qui
3183 735 3353 791 fortes
3380 748 3529 808 sunt,

266 799 447 854 καλεῖ.
503 800 600 852 Διὰ
652 801 710 853 δὲ
768 803 829 854 τὸ
881 804 1220 873 καρπογόνον
1278 804 1417 876 μετὰ
1461 804 1556 858 τοῦ
1604 805 1847 858 ποικίλον

263 889 329 953 ἐξ
348 888 562 959 ἀρετῶν
592 888 736 960 ἔχειν
765 892 826 944 τὸ
877 892 1072 957 κάλλος
1097 935 1110 957 ,
1140 896 1404 964 νύμφην.
1440 896 1667 967 Εἴρηται
1696 895 1846 961 γοῦν.

269 982 405 1033 «Διὰ
428 980 518 1032 τὸν
535 980 700 1049 φόδον
720 997 836 1047 σου,
855 982 1048 1053 Κύριε,
1063 985 1121 1037 ἐν
1132 985 1332 1055 γαστρὶ
1345 984 1630 1055 ἐλάϐομεν,
1645 1005 1664 1039 ι
1683 987 1851 1040 καὶτὰ

267 1072 410 1143 μετὰ
449 1070 643 1126 ταῦτα.
689 1072 750 1125 '0
784 1072 839 1125 δὲ
874 1073 1127 1138 Ἀκύλας,
1174 1075 1268 1140 Ὡς
1302 1077 1566 1145 νυμφίον
1596 1079 1854 1147 ἱερατευ-

258 1161 478 1232 μένον,
531 1164 628 1216 καὶ
676 1163 757 1227 ὡς
804 1165 1048 1234 νύμφην
1089 1168 1520 1236 κοσμουμένην
1563 1171 1854 1223 σκεύεσιν

264 1254 495 1324 αὐτῆς,
537 1255 824 1320 ἐξέδωκεν.
860 1257 919 1310 ’0
966 1258 1023 1313 δὲ
1064 1260 1393 1331 Σύμμαχος·
1433 1262 1658 1329 Ὥσπερ
1704 1280 1845 1332 νυμ-

266 1348 412 1415 φίον
452 1350 916 1419 κεκοσμημένον
968 1351 1282 1419 στεφάνῳ,
1333 1353 1432 1407 καὶ
1469 1352 1551 1418 ὡς
1605 1355 1850 1423 νύμφην

266 1439 692 1509 περικειμένην
745 1441 861 1508 τὴν
910 1443 1148 1510 σκευὴν
1198 1442 1410 1512 αὐτῆς.
1483 1444 1547 1497 Ἦ
1609 1444 1667 1498 δὲ
1706 1445 1847 1516 αὑτὴ

261 1533 468 1601 νύμφη
496 1550 578 1595 τις
616 1527 752 1585 οὖσα
798 1532 892 1587 τοῦ
939 1534 1194 1604 Νυμφίου
1226 1536 1421 1603 Λόγου,
1467 1537 1560 1588 καὶ
1602 1537 1671 1588 τὰ
1709 1538 1840 1607 παρ’

265 1622 434 1677 αὑτοῦ
485 1624 780 1694 σπέρματα
836 1624 1241 1697 ὑποδεξαμένη,
1296 1625 1566 1696 καρποὺς
1603 1626 1841 1698 ὡραίους

265 1713 592 1767 ἀποδιδοῦσα
625 1715 719 1767 καὶ
757 1715 1004 1779 εὐανθεῖς
1041 1717 1210 1784 λέγει,
1240 1717 1334 1771 καὶ
1371 1718 1452 1784 ὡς
1479 1716 1595 1787 γῆν
1618 1717 1840 1782 αὔξου-

170 1808 194 1822 ⁹
263 1821 387 1859 σαν
424 1804 490 1858 τὸ
519 1803 702 1870 ἄνθος
740 1803 951 1872 αὐτῆς.
986 1806 1076 1869 Ὠς
1106 1806 1172 1859 ἂν
1203 1807 1261 1859 δὲ
1289 1806 1364 1877 μὴ
1399 1805 1837 1878 συναρπάζοντες

1946 809 2252 880 significat;
2311 825 2367 869 ut
2435 834 2530 887 per
2593 836 2874 889 sponsam,
2930 827 3023 891 qni
3094 825 3381 882 fecundam
3436 830 3532 882 ha-

1948 899 2131 965 beant,
2205 915 2259 958 ct
2330 919 2457 961 cum
2535 910 2798 963 virtutum
2861 914 3121 970 varietate
3176 916 3528 986 coniunctam

1949 992 2428 1059 pulchritudinem.
2452 998 2723 1071 Scribitur
2752 1002 2925 1057 enim:
2968 1022 2985 1054 ι
3017 1004 3243 1074 Propter
3272 1011 3525 1066 timorem

1952 1092 2127 1149 tuum,
2172 1085 2421 1154 Domine,
2459 1092 2511 1144 in
2545 1097 2703 1146 utero
2729 1094 3085 1163 concepimus
3121 1096 3194 1163 ¹⁶;
3245 1116 3264 1149 ι
3316 1108 3371 1154 et
3404 1118 3528 1170 qua:

1952 1179 2230 1253 deinceps.
2260 1182 2366 1237 Sed
2392 1195 2476 1239 est
2506 1189 2806 1242 notandum
2832 1188 3082 1257 Aquilam
3101 1192 3354 1260 quidem:
3383 1194 3526 1249 Tan-

1951 1287 2107 1339 quam
2156 1289 2409 1341 sponsum
2463 1279 2763 1333 sacerdotio
2821 1281 3084 1349 functum,
3162 1294 3211 1338 et
3275 1294 3521 1355 tanquam

1949 1378 2198 1430 sponsam
2221 1380 2466 1423 ornatam
2497 1372 2642 1425 vasis
2684 1373 2820 1438 suis,
2862 1375 3238 1443 transtulisse;
3271 1376 3523 1446 Symma-

1950 1454 2112 1510 chum
2166 1466 2349 1513 autem
2395 1462 2552 1529 quasi
2609 1477 2857 1528 sponsum
2906 1474 3155 1518 ornatum
3208 1482 3426 1532 corona,
3471 1475 3524 1522 et

1946 1546 2099 1613 quasi
2124 1561 2373 1614 sponsam
2419 1552 2806 1607 circumdatam
2850 1555 3173 1622 supellectile
3204 1557 3365 1626 710
3400 1574 3519 1612 sua.

1944 1633 2077 1700 Quae
2095 1646 2277 1693 autem
2306 1638 2572 1708 ejusmodi
2605 1652 2687 1697 est
2717 1643 2914 1712 Sponsi
2939 1644 3100 1700 Verbi
3135 1662 3325 1714 sponsa
3371 1649 3522 1717 (quia

1944 1725 2014 1780 ab
2065 1727 2210 1807 ipso
2238 1731 2484 1799 germina
2536 1735 2749 1802 excepit
2786 1737 3171 1805 (tempestivos
3218 1737 3422 1805 fructus
3466 1744 3522 1792 et

1946 1831 2145 1881 suaves
2173 1820 2364 1887 edens,
2398 1839 2456 1877 se
2483 1823 2619 1876 sicut
2640 1834 2854 1890 terram,
2878 1843 2993 1896 qure
3010 1827 3196 1896 ﬂorem
3226 1845 3376 1881 suum
3398 1844 3520 1898 pro-

263 1897 344 1961 si;
366 1896 592 1960 ἑαυτοὺς
629 1896 870 1950 Ἰουδαῖοι
897 1896 1066 1951 ταῦτα
1091 1900 1439 1970 λαμϐάνοιεν,
1469 1898 1830 1953 διαστέλλεται

1944 1907 2049 1976 [ert
2082 1909 2279 1966 factam
2298 1929 2419 1969 esse
2447 1914 2544 1969 ait.
2569 1915 2647 1970 Ac
2682 1932 2747 1970 ue
2783 1886 3021 1986 iSta'pro'
3043 1935 3101 1974 sc
3122 1918 3229 1972 diei
3264 1886 3520 1989 putarent

260 1990 435 2059 λέγων
457 2005 469 2021 ν
530 1991 640 2045 Καὶ
691 1990 1039 2060 ἀγαλλίαμα
1097 1991 1376 2046 ἐναντίον
1427 1993 1670 2045 πάντων
1718 1991 1840 2046 τῶν

253 2080 469 2137 ἐθνῶν.
517 2083 736 2147 ’Δνθος
790 2081 850 2135 δέ
885 2099 1071 2149 φασιν,
1129 2083 1162 2152 ἢ
1216 2081 1307 2136 τὸν
1361 2082 1596 2154 Χριστὸν
1657 2082 1746 2135 τὸν
1781 2085 1837 2135 ὲν

255 2173 500 2245 ’ᾼσμασι
520 2174 767 2243 λέγοντα·
797 2193 815 2226 ι
838 2174 977 2244 Ἐγὼ
992 2176 1152 2239 ἄνθος
1179 2174 1273 2229 τοῦ
1298 2173 1703 2246 πεδίου,κρ¹ίνον
1727 2174 1836 2228 τῶν

250 2266 545 2327 κοιλάδων,
582 2286 600 2318 ι
639 2266 671 2338 ἢ
708 2266 767 2320 τὸ
783 2266 1471 2339 εὐαγγελικὸφκήρυγμα,
1511 2263 1574 2320 οὗ
1606 2266 1719 2337 τὴν
1751 2269 1836 2322 δι-

252 2359 597 2425 καιοσύνην
621 2363 650 2412 ό
676 2359 959 2431 κατορθῶν
986 2360 1488 2429 εὐφρανθήσεται,
1511 2361 1639 2415 ὅταν
1666 2362 1832 2414 ἀκού-

254 2464 359 2520 σῃ·
404 2466 422 2500 ι
458 2445 554 2508 Εὖ,
577 2448 733 2503 δοῦλε
780 2450 953 2519 ἀγαθὲ
1011 2452 1107 2505 καὶ
1170 2452 1329 2506 πιστὲ
1357 2494 1372 2518 ,
1421 2452 1513 2505 ἐπὶ
1565 2451 1722 2520 ὀλίγα
1765 2447 1833 2522 ἦς

252 2541 445 2604 πιστός
465 2556 479 2572 ’
519 2542 614 2615 ἐπὶ
648 2542 859 2597 πολλῶν
889 2560 948 2596 σε
984 2544 1333 2615 καταστήσω.
1368 2542 1592 2598 Εἴσελθε
1624 2545 1705 2608 είς
1731 2545 1832 2617 τὴν

251 2634 428 2704 χαρὰν
449 2631 545 2687 τοῦ
581 2634 792 2705 Κυρίου
825 2652 941 2690 σου.
974 2653 994 2689 ι

835 2814 1084 2866 ΚΕΦΔΛ.
1126 2813 1226 2867 ΞΒ⁹

274 2962 279 2965 _
324 2922 358 2956 α
390 2903 476 2974 ιβ’.
506 2903 607 2957 Διὰ
646 2902 803 2959 Σιὼν
840 2906 913 2958 οὐ
940 2904 1347 2974 σιωπήσομαι,
1377 2906 1476 2959 καὶ
1495 2906 1592 2960 διὰ
1626 2906 1829 2976 Ἰερου-

249 2995 461 3064 σαλὴμ
490 2998 601 3049 οὐκ
630 2996 863 3062 ἀνήσω,
892 2994 1005 3061 ἓως
1038 2995 1114 3049 ἂν
1146 2995 1363 3066 ἐξέλθῃ
1393 2998 1473 3064 ὡς
1511 2998 1637 3067 φῶς
1676 3000 1714 3067 ἠ
1746 2998 1831 3052 δι-

248 3086 547 3155 καιοσύνη
575 3104 727 3156 μου,
772 3086 839 3139 τὸ
869 3084 939 3139 δὲ
979 3086 1281 3155 σωτήριόν
1310 3105 1431 3157 μου
1476 3089 1557 3155 ὡς
1587 3092 1832 3159 λαμπὰς

1939 1995 2148 2065 Judtei;
2183 2001 2288 2055 alia
2342 2005 2504 2057 etiam
2548 2018 2672 2058 cum
2716 2005 3068 2061 distinctione
3114 2008 3340 2077 adjicit;
3392 2022 3516 2063 cum

1941 2090 2355 2146 exsultationem
2399 2110 2582 2148 coram
2627 2096 2868 2165 gentibus
2912 2098 3155 2151 omnibus
3186 2100 3517 2154 emissurum

1938 2176 2225 2235 Dominum
2267 2182 2521 2237 afﬁrmat.
2554 2183 2657 2239 Per
2698 2187 2886 2254 florem
2927 2188 3159 2252 deinde,
3212 2190 3293 2243 vel
3340 2191 3518 2245 Chri~

1936 2280 2081 2326 stum
2118 2271 2392 2341 intelligit,
2419 2274 2514 2343 qui
2541 2290 2600 2329 se
2628 2274 2683 2328 in
2719 2276 2979 2342 Canticis,
3027 2279 3203 2346 campi
3225 2277 3435 2338 ﬂorem,
3463 2288 3518 2333 et

1935 2362 2109 2416 lilium
2165 2363 2493 2419 convallium
2553 2367 2791 2437 appellat
2841 2368 2921 2421 ":
2975 2369 3058 2424 vel
3120 2369 3294 2439 ipsam
3349 2369 3515 2423 etiam

1934 2451 2211 2523 Evangelii
2237 2456 2724 2525 promulgationem
2752 2475 2766 2521 ;
2793 2459 2952 2527 cujus
2973 2462 3065 2529 qui
3083 2460 3358 2529 justitiam
3384 2459 3519 2528 fece-

1933 2540 2026 2604 rit,
2058 2538 2244 2595 laztitia
2272 2542 2580 2607 exsultabit,
2632 2560 2755 2598 cum
2794 2546 2898 2600 ista
2949 2546 3187 2601 audierit
3225 2566 3237 2603 :
3294 2568 3310 2598 ι
3345 2546 3515 2617 Euge,

1932 2647 2089 2688 serve
2116 2633 2256 2688 bone
2313 2642 2367 2688 et
2412 2634 2622 2701 fidelis;
2671 2652 2836 2707 super
2874 2638 3041 2693 multa
3078 2651 3130 2696 te
3161 2642 3513 2704 constituam,

1929 2721 2075 2778 intra
2107 2724 2160 2778 in
2192 2726 2448 2794 gaudium
2475 2725 2688 2780 Domini
2724 2729 2801 2781 tui
2838 2728 2902 2783 ’⁸.
2945 2749 2963 2781 ι

2532 2816 2687 2870 CAP.
2730 2815 2889 2872 LXII.

2004 2905 2171 2963 Vsus.
2219 2907 2371 2962 1-12.
2435 2906 2667 2976 Propter
2722 2906 2853 2963 Sion
2917 2926 3025 2963 non
3084 2911 3293 2975 tacebo,
3354 2926 3516 2980 neque

1928 3009 2144 3069 propter
2179 2998 2486 3054 Jerusalem
2526 3003 2820 3069 quiescam,
2873 3001 3037 3055 donec
3082 3004 3415 3073 egrediatur,
3457 3016 3516 3056 ut

1934 3092 2363 3161 lumen,justitia
2396 3109 2533 3154 utea,
2552 3101 2602 3145 et
2623 3093 2863 3146 salutare
2897 3110 3089 3159 meum,
3111 3096 3247 3149 sicut
3285 3098 3512 3163 lampas,

250 3178 635 3246 καυθήσεται.
672 3180 780 3233 Καὶ
817 3179 1069 3247 ὄψονται
1103 3180 1250 3248 ἔθνη
1282 3180 1399 3249 τὴν
1430 3180 1827 3250 δικαιοσύνην

1939 3184 2277 3237 accendatur.
2324 3181 2392 3235 Et
2433 3183 2679 3237 videbunt
2725 3192 2901 3254 gentes
2937 3182 3215 3254 justitiam
3262 3194 3431 3249 tuam,
3466 3194 3515 3239 et

248 3284 388 3335 σου,
420 3269 518 3322 καὶ
549 3266 837 3333 βασιλεῖς
866 3266 981 3334 τὴν
1024 3266 1214 3333 δόξαν
1256 3283 1395 3332 σου,
1440 3269 1540 3323 καὶ
1576 3269 1825 3324 καλέσει

247 3377 324 3414 σε
368 3359 433 3413 τὸ
466 3357 655 3427 ὄνομά
684 3373 804 3412 σου
858 3358 923 3411 τὸ
965 3360 1200 3425 καινὸν,
1237 3359 1268 3413 ὃ
1293 3364 1325 3415 ό
1364 3363 1581 3429 Κύριος
1608 3360 1825 3431 ὀνομά-

246 3465 344 3504 σει
385 3450 550 3504 αὑτό.
587 3449 694 3502 Καὶ
742 3448 860 3516 ἔσῃ
902 3451 1204 3517 στέφανος
1247 3451 1519 3517 κάλλους
1551 3455 1621 3506 ἐν
1675 3453 1823 3522 χειρὶ

249 3543 493 3611 Κυρίου,
544 3542 640 3596 καί
689 3540 950 3611 διάδημα
1000 3543 1328 3608 βασιλείας
1359 3544 1428 3597 ἐν
1476 3543 1627 3612 χειρὶ
1675 3544 1824 3598 Θεοῦ

249 3650 390 3695 σου.
422 3650 476 3687 κ.
506 3650 557 3688 τ.
588 3632 639 3687 λ.

332 3742 457 3794 Ἐπὶ
507 3741 563 3795 δὲ
602 3745 711 3808 τοῖς
755 3743 1071 3812 εἰρημένοις
1116 3743 1144 3794 ὁ
1197 3742 1488 3813 προφήτης
1533 3741 1822 3805 διατεθεὶς,

248 3835 341 3888 καὶ
371 3829 482 3889 οἷον
513 3833 698 3898 ἔνθους
725 3836 813 3903 ὑφ’
845 3833 1041 3903 ἡδονῆς
1060 3833 1370 3903 γενόμενος,
1390 3835 1494 3886 Διά
1521 3834 1692 3899 Σιὼν,
1724 3853 1825 3904 φη-

248 3924 351 3988 σὶν,
385 3924 457 3977 οὐ
493 3922 899 3991 σιωπήσομαι.
947 3921 1046 3973 Διὰ
1080 3922 1278 3983 παντὸς
1312 3923 1420 3992 γὰρ
1461 3923 1641 3993 βοήτω
1688 3926 1826 3994 πρὸς

243 4013 334 4066 τὸν
364 4016 496 4067 Θεὸν
540 4015 802 4069 ἱκετεύων
850 4013 911 4065 τὸ
960 4012 1068 4065 τῶν
1113 4014 1421 4085 εἰρημένων
1469 4015 1595 4068 ἰδεῖν
1625 4017 1825 4069 ἀποτέ-

243 4102 437 4172 λεσμα,
479 4103 617 4172 ὅπερ
691 4100 845 4152 ἔσται
879 4098 969 4151 ἐπ’
1021 4099 1088 4154 ἂν
1130 4100 1169 4168 ἡ
1206 4101 1559 4168 δικαιοσύνη
1611 4102 1711 4155 καὶ
1758 4102 1825 4155 τὸ

242 4190 543 4258 σωτήριον
605 4187 1011 4258 Ἰερουσαλὴμ
1082 4190 1179 4242 ἐπὶ
1236 4190 1447 4254 πάντας
1506 4190 1825 4265 ἀνθρώπους

244 4281 524 4353 ἐκλάμψῃ.
563 4282 638 4335 Τὸ
673 4282 783 4352 γὰρ
816 4281 943 4351 φῶς
984 4282 1156 4353 αὐτῆς
1184 4284 1269 4348 εἰς
1308 4282 1380 4336 τὰ
1407 4283 1550 4350 ἔθνη
1581 4283 1698 4353 μετ’
1727 4284 1824 4337 αὑ-

243 4372 342 4444 τὴν
370 4372 706 4443 διαϐήσεται.
752 4372 812 4425 ὐ
853 4373 961 4445 γὰρ
1006 4373 1116 4427 τῶν
1163 4372 1475 4427 ἀποστόλων
1520 4375 1676 4445 χορὸς
1724 4375 1823 4446 τὴν

243 4464 592 4519 διδασκαλίαν
635 4466 728 4520 ἐπὶ
779 4465 982 4533 πάσας
1031 4467 1141 4533 τὰς
1166 4467 1491 4532 βασιλείας
1535 4466 1821 4531 ἐξέτεινεν,

1855 3234 1902 3296 ο

1934 3288 2078 3343 reges
2138 3287 2317 3325 omnes
2351 3270 2583 3341 gloriam
2631 3285 2801 3336 tuam,
2854 3283 2903 3326 et
2955 3273 3160 3327 uocabit
3209 3284 3255 3327 te
3307 3274 3518 3327 nomine

1932 3363 2146 3423 recenti,
2180 3361 2319 3431 quod
2374 3361 2636 3416 Dominus
2690 3363 3008 3415 nominabit.
3048 3362 3115 3415 Et
3163 3363 3268 3416 eris
3317 3379 3515 3416 corona

1929 3453 2343 3518 pulchritudinis
2370 3454 2423 3506 in
2454 3470 2615 3507 manu
2651 3453 2887 3518 Domini,
2909 3464 2958 3507 et
2985 3453 3236 3507 diadema
3286 3454 3512 3523 rcgni‘in

1932 3556 2091 3593 manu
2135 3540 2229 3593 Dei
2256 3542 2356 3603 tui,
2387 3549 2496 3596 etc.

2004 3729 2075 3783 lis
2103 3730 2269 3800 igitur
2295 3745 2418 3800 qua:
2461 3731 2605 3785 dicta
2648 3742 2798 3797 sunt,
2840 3732 3105 3801 propheta
3148 3746 3512 3803 przeparattts,

1932 3830 1985 3875 et
2008 3822 2305 3889 voluptate,
2342 3821 2507 3873 veluti
2538 3821 2762 3875 numine
2802 3821 3094 3885 excitatus,
3145 3833 3358 3891 propter
3391 3824 3515 3877 Sioc

1933 3928 2047 3965 nem
2077 3927 2179 3964 non
2205 3926 2318 3965 esse
2363 3925 2417 3963 se
2444 3912 2729 3964 taciturum
2762 3909 3014 3967 aiIirtnat.
3062 3911 3334 3981 Perpetuo
3368 3916 3511 3968 enim

1933 4020 1992 4059 se
2042 4005 2475 4070 clamitatnrum,
2534 4004 2904 4074 precibusque
2953 4006 3399 4074 elllagitaturum,
3456 4017 3514 4061 ut

1932 4110 2144 4161 eorum,
2181 4111 2303 4166 qua!
2349 4095 2497 4150 dicta
2549 4106 2702 4171 sunt,
2753 4106 3008 4152 eventum
3066 4097 3383 4151 intueatur:
3417 4100 3510 4167 qui

1934 4196 2047 4241 tum
2079 4188 2296 4242 demum
2331 4186 2553 4243 futurus
2588 4195 2695 4254 est,
2718 4204 2843 4242 cum
2873 4189 3150 4257 justitiam
3184 4197 3235 4242 et
3274 4194 3513 4243 salutare

1930 4277 2231 4333 Jerusalem
2273 4279 2600 4335 mortalibus
2631 4279 2891 4335 omnibus
2943 4279 3164 4333 illucere
3195 4281 3510 4348 contigerit.

1933 4374 2089 4428 Tunc
2125 4374 2270 4428 enim
2306 4374 2482 4427 lumen
2534 4374 2708 4444 ipsius
2741 4374 2810 4427 ad
2850 4383 3026 4443 gentes
3078 4382 3197 4442 post
3230 4391 3347 4427 eam
3390 4390 3512 4429 esse

1933 4464 2323 4521 transiturum.
2346 4462 2501 4529 Quod
2529 4464 2903 4533 apostolorum
2930 4463 3177 4517 doctrina
3208 4467 3508 4533 praestitum

240 4556 364 4627 ἣτις
413 4552 483 4629 ἦν
538 4561 632 4613 καὶ
680 4559 790 4612 τῶν
842 4559 1010 4612 πάλαι
1063 4558 1414 4630 πληρούντων
1461 4560 1522 4612 τὸ
1573 4559 1823 4623 θεοσεϐὲς

1939 4571 2055 4625 est;
2086 4573 2207 4629 quae
2240 4558 2294 4612 in
2328 4557 2507 4610 omnia
2540 4572 2699 4625 regna
2732 4564 3031 4626 propagata
3075 4572 3201 4610 vere
3238 4557 3325 4609 illa
3359 4565 3510 4609 vetns

242 4651 375 4722 παρ’
410 4650 683 4716 Ἰουδαίοις
712 4652 1018 4722 πολίτευμα
1041 4652 1375 4722 καλούμενον
1409 4652 1817 4721 Ἰερουσαλήμ.

239 4742 399 4804 Τινὲς
437 4742 496 4796 δὲ
543 4745 640 4814 τὴν
693 4744 821 4797 νέαν
869 4747 1053 4813 φασίν.
1080 4744 1191 4814 Τῆς
1248 4745 1355 4812 γὰρ
1403 4743 1728 4814 Ἐκκλησίας
1770 4744 1821 4796 oi

241 4832 534 4909 ἀπόστολοι
585 4834 877 4903 γεγόνασιν
924 4834 1169 4905 ἀπαρχὴ.
1217 4836 1338 4886 Οὺκ
1381 4832 1591 4899 ἀνήσω
1639 4833 1820 4886 τοίνυν

237 4923 413 4992 μέχρι
452 4922 715 4994 πληρώσῃ
762 4922 894 4987 Θεὸς
939 4924 1077 4993 αὐτῇ
1135 4923 1205 4977 τὰ
1260 4923 1682 4993 ἐπηγγελμένα,
1723 4922 1820 4992 τὴν

241 5012 329 5065 διὰ
360 5012 598 5082 Χριστοῦ
633 5012 832 5083 δηλαδὴ
862 5014 1168 5080 σωτηρίαν
1198 5013 1346 5083 πάσῃ
1384 5015 1449 5082 τῇ
1482 5014 1574 5080 γῇ.
1606 5013 1681 5063 Οὐ
1710 5013 1818 5081 γὰρ

255 5102 521 5157 Ἰουδαίων
551 5105 729 5173 μόνων
760 5107 789 5157 ὁ
814 5103 968 5171 Θεὸς,
1015 5103 1152 5156 ἀλλὰ
1198 5102 1292 5156 καὶ
1344 5102 1532 5157 ὲθνῶν.
1576 5103 1731 5165 Τινὲς
1761 5103 1817 5155 δὲ

242 5192 341 5265 (ὡς
376 5194 470 5248 τοῦ
501 5195 667 5266 ῥητοῦ
700 5195 914 5266 ἔχοντος
933 5213 948 5228 ο
977 5194 1092 5262 τὴν
1116 5193 1516 5261 δικαιοσύνην
1539 5212 1682 5262 μου.
1719 5194 1815 5247 καὶ

242 5288 309 5339 τὸ
334 5286 637 5354 σωτήριόν
653 5297 795 5356 μου)
816 5286 925 5339 ἀπὸ
948 5284 1235 5357 προσώπου
1260 5285 1354 5338 τοῦ
1378 5285 1514 5339 Θεοῦ
1543 5286 1637 5339 τὸν
1662 5285 1817 5353 λόγον

242 5375 385 5432 εἷναί
415 5395 579 5445 φασιν
607 5378 1080 5447 ἐπαγγελλομένου)
1102 5375 1275 5432 ταῦτα
1310 5376 1571 5446 πληροῦν.
1598 5380 1819 5431 Δικαιο-

243 5468 403 5534 σύνη
426 5468 495 5521 δὲ
523 5468 619 5523 καὶ
659 5468 955 5539 σωτήριον
998 5471 1026 5523 ὁ
1072 5470 1328 5536 Χριστὸς,
1366 5466 1461 5525 οἷά
1498 5490 1581 5534 τις
1637 5474 1693 5525 ἐν
1726 5472 1816 5524 κό-

316 5714 358 5748 ¹⁸
386 5716 427 5769 ll
464 5716 601 5769 Tim.
642 5735 713 5779 tv,
750 5718 797 5773 7.
881 5721 921 5752 '°
1032 5724 1132 5779 isa.
1172 5744 1311 5794 sxw,
1351 5730 1435 5796 13,

1533 5726 1572 5756 ¹⁷
1603 5726 1762 5780 Cant.
1832 5743 1889 5791 It,
1948 5727 1995 5781 i.

1928 4652 2228 4711 Jerusalem
2258 4652 2380 4713 fuit,
2411 4664 2533 4717 quin
2559 4648 2707 4718 pium
2737 4658 2789 4702 et
2815 4657 3063 4702 sanctum
3120 4647 3261 4716 apud
3294 4646 3507 4704 Judzeos

1930 4746 2167 4804 civitatis
2199 4744 2510 4798 institutum
2541 4740 2892 4810 sequebatur.
2924 4738 3064 4793 Sunt
3093 4746 3295 4801 tamen,
3323 4740 3413 4809 qui
3441 4740 3507 4794 ad

1929 4852 2124 4893 novam
2155 4834 2479 4891 retulerunt.
2513 4830 2765 4887 Fuerunt
2792 4832 2938 4886 enim
2986 4832 3218 4900 apostoli
3255 4831 3511 4886 ECelesize

1927 4928 2197 4999 primitiae.
2229 4924 2353 4978 Non
2377 4924 2646 4993 quiescam
2676 4922 2861 4992 igitur,
2886 4922 3084 4990 inquit,
3111 4921 3274 4974 donec
3299 4936 3363 4973 ea
3404 4921 3507 4973 itu-

1926 5018 2153 5086 pleverit
2170 5015 2450 5075 Dominus,
2465 5028 2588 5082 qua:
2607 5013 2709 5083 ipsi
2728 5012 3009 5079 pollicitus
3026 5019 3110 5067 est
3128 5029 3142 5066 :
3167 5011 3219 5063 id
3237 5020 3320 5065 est
3336 5009 3509 5064 donec

1926 5108 2155 5161 salutem
2200 5106 2471 5159 universae
2518 5112 2680 5157 terra:
2716 5118 2811 5172 per
2841 5102 3125 5158 Christum
3168 5101 3505 5185 praestiterit.

1925 5197 2211 5258 Non.enim
2239 5204 2323 5251 est
2353 5196 2496 5249 Deus
2522 5192 2837 5249 Judaeorum
2874 5203 3106 5257 tantum,
3139 5191 3235 5247 sed
3262 5192 3505 5259 gentium

1925 5292 2087 5344 etiam
2122 5289 2186 5342 ".
2225 5286 2486 5341 Nonnulli
2529 5301 2682 5351 vero,
2717 5294 2981 5355 tanquam
3018 5284 3298 5354 justitiam
3331 5300 3504 5338 meam

1923 5390 1973 5436 et
2005 5380 2241 5433 salutare
2288 5394 2455 5431 meum
2501 5378 2755 5445 propheta
2806 5377 3025 5440 habent,
3057 5377 3124 5430 ad
3172 5376 3364 5441 Deum,
3408 5376 3503 5446 qui

1932 5473 2038 5527 ista
2068 5487 2128 5527 sc
2149 5470 2424 5524 facturum
2458 5469 2807 5537 polliceatur,
2838 5468 3161 5523 retulerunt.
3197 5467 3290 5524 Est
3321 5478 3503 5524 autem

2078 5726 2117 5756 ”
2175 5723 2363 5778 Matth.
2410 5720 2646 5786 xxv,?.l.
2727 5723 2768 5753 ¹⁹
2801 5723 2957 5777 Rom.
3010 5736 3094 5785 lli,
3125 5720 3224 5785 9.9,
