3976 6210
451 301 605 365 ἰδ’ᾇὸ

1782 299 2134 360 ιδιιοροριι
2165 301 2409 382 οΑΖίΕι

3604 286 3779 351 ξοδδ

450 419 667 475 iustitia
705 427 756 472 et
791 414 1030 472 sa’utare
1054 455 1069 475 .
1100 413 1359 469 Christus
1394 414 1533 482 ipse,
1563 413 1723 467 velati
1754 414 1961 484 lampas
1994 417 2047 468 in

2165 432 2276 487 ιμῳ
2306 414 2571 484 λαμπὰς,
2606 413 2809 469 είπών·
2840 413 2959 467 Ὀτ⁹
2988 412 3055 491 ἂν
3103 402 3148 463 ὦ
3176 412 3235 464 tv
3260 407 3339 479 τῷ
3361 406 3599 476 κόσμῳ,
3646 405 3780 474 φῶς

451 509 655 563 mundo
678 522 695 573 ;
720 508 807 574 qui
830 521 887 561 se
906 504 1147 575 quandin
1170 505 1223 556 in
1250 502 1454 557 mundo
1473 506 1817 566 versabatur,
1845 502 2033 558 mundi

451 601 634 654 lumen
656 612 778 653 esse
799 595 940 650 dixit
970 595 1039 660 ὀ,
1074 595 1127 649 in
1160 608 1270 664 quo
1300 601 1489 650 essent
1511 609 1703 651 omnes
1733 594 2036 665 impietatis

451 700 505 745 et
522 690 792 744 scelerum
825 686 1069 741 tenebris
1098 686 1251 756 prius
1274 685 1523 741 involuti.
1550 685 1838 757 Signiﬁcat
1869 700 2034 757 porro

451 800 551 855 per
590 783 748 855 711
783 781 1058 851 justitiam
1110 788 1159 833 et
1203 781 1456 851 gloriam,
1502 780 1782 836 Christum
1818 782 2036 851 ipsum;

452 875 510 930 in
543 892 652 946 quo
670 874 809 945 justi
831 916 845 940 ,
876 880 932 930 et
968 872 1128 941 cuius
1163 873 1340 943 gloria
1375 873 1575 929 divites
1608 872 1796 929 effecti
1822 888 2040 929 sumus.

526 966 667 1031 Quia
699 965 896 1021 deinde
918 965 1042 1019 vitae
1065 965 1363 1020 novitatem
1388 965 1839 1035 amplectebatur,
1859 964 2050 1021 habuit

455 1067 508 1116 et
537 1073 714 1113 recens
748 1073 977 1111 nomen:
1011 1072 1122 1111 non
1164 1054 1452 1127 Synagoga
1483 1056 1599 1126 jam
1632 1065 1691 1111 ut
1737 1065 1921 1122 antea,
1950 1055 2046 1111 sed

456 1150 727 1212 Ecclesia,
757 1156 813 1202 et
845 1148 1064 1216 domus,
1101 1154 1155 1203 et
1200 1148 1396 1202 civitas
1441 1147 1536 1204 Dei
1595 1155 1936 1217 nuncupata.
1972 1144 2046 1204 De

458 1255 565 1309 qua
592 1248 675 1295 est
731 1240 875 1310 apud
911 1239 1197 1303 Davidem,
1233 1256 1343 1310 quo
1374 1242 1496 1295 loco
1548 1241 1720 1311 ipsam
1752 1242 2040 1311 alloquens

460 1329 699 1402 gloriosa
731 1330 795 1383 de
830 1328 921 1384 Dei
953 1330 1177 1384 civitate
1205 1330 1354 1384 dicta
1387 1345 1511 1385 esse
1544 1328 1838 1385 afﬁrmavit
1870 1330 1937 1384 “.
1968 1327 2040 1384 Ut

463 1431 641 1475 autem
678 1422 1005 1492 elegantem,
1054 1422 1340 1493 formaque
1372 1434 1571 1493 praeter
1617 1432 1849 1479 caeteras
1900 1422 2042 1478 insi-

462 1527 644 1581 gnem,
678 1511 792 1567 fore
840 1511 1090 1574 doceret;
1134 1530 1387 1568 coronam
1428 1514 1846 1580 pulchritudinis
1897 1514 2045 1583 futu-

464 1616 581 1653 ram
636 1616 749 1655 esse
802 1600 1032 1655 addidit.
1072 1602 1222 1657 Licet
1267 1604 1413 1659 enim
1459 1612 1705 1660 sanctam
1747 1605 2051 1673 quamlibet

466 1693 722 1756 animam,
748 1691 1160 1764 Ecclesiamque
1190 1703 1387 1763 totam,
1417 1696 1650 1751 similem
1677 1714 1907 1762 corona,
1930 1712 2053 1766 quae

2145 509 2262 578 εἰμι
2294 507 2387 561 τοῦ
2422 507 2653 578 κόσμου,
2688 504 2918 575 ἀσεϐείᾳ
2946 503 3042 556 καὶ
3064 500 3557 572 πλημμελήμασιν
3584 496 3779 549 ἀπάν-

2143 614 2253 651 των
2285 597 2690 660 ὲσκοτισμένων
2717 594 2781 649 τὸ
2810 594 3098 666 πρότερον.
3122 589 3557 654 Δικαιοσύνην
3581 586 3643 640 ὢ
3670 586 3776 640 καὶ

2143 686 2338 753 δόξαν
2372 688 2536 743 πάλιν
2569 687 2729 742 καλεῖ
2759 686 2854 740 τὸν
2888 684 3146 756 Χριστόν.
3181 678 3630 750 Δεδικαιώμεθα
3660 680 3776 747 γὰρ

2145 781 2203 834 tv
2242 783 2413 855 αὐτῷ,
2447 783 2542 837 καὶ
2565 782 2664 854 τὴν
2690 783 2823 853 παρ’
2852 780 3015 834 αὑτοῦ
3055 777 3547 848 πεπλουτήκαμεν
3583 772 3772 838 δόξαν.

2229 960 2373 1033 Πρὸς
2402 959 2700 1030 καινότητα
2727 958 2785 1012 δὲ
2817 958 3093 1029 τραπείσα
3144 955 3313 1025 ζωῆς,
3349 951 3603 1007 καινὸν
3648 951 3774 1021 ἐστι

2155 1055 2252 1110 καὶ
2306 1054 2567 1122 τοῦνομα
2594 1091 2610 1115 ,
2655 1051 2778 1106 ἀντί
2841 1047 3173 1118 Συναγωγῆς
3241 1045 3579 1117 Ἐκκλησία.
3609 1082 3629 1104 .
3683 1044 3779 1096 καὶ

2151 1143 2320 1210 οἶκος,
2370 1145 2466 1200 καὶ
2516 1143 2673 1206 πόλις
2726 1141 2884 1208 Θεοῦ,
3028 1141 3244 1211 φησινό
3271 1138 3468 1193 Αασιδ·
3527 1136 3778 1201 Δεδοξα-

2154 1239 2326 1309 σμένα
2385 1234 2622 1305 ἐλαλήθη
2670 1234 2800 1303 περὶ
2842 1231 3027 1303 σοῦ,ή
3071 1231 3223 1294 πόλις
3271 1229 3367 1283 τοῦ
3427 1226 3619 1281 Θεοῦ.
3684 1229 3781 1280 Ou

2148 1328 2207 1381 δὲ
2262 1327 2357 1381 καὶ
2389 1325 2669 1396 εὐπρεπὴς
2717 1324 2908 1390 ἔσται,
2963 1324 3059 1378 καὶ
3115 1321 3504 1391 ἀπαραϐλήτῳ
3581 1318 3781 1372 κάλλει

2155 1417 2602 1487 κατεστεμμένη,
2657 1415 2974 1485 ἐπήγαγεν*
3039 1415 3187 1480 Ἕσῃ
3238 1411 3572 1481 στέφανος
3634 1408 3785 1462 κάλ-

2150 1513 2321 1574 λους.
2355 1509 2544 1562 Πᾶσαν
2572 1506 2682 1579 γὰρ
2703 1507 2866 1575 ἁγίαν
2889 1506 3125 1575 ψυχὴν,
3150 1504 3251 1557 καὶ
3275 1503 3376 1573 τὴν
3413 1501 3783 1568 Ἐκκλησέαν

2156 1603 2313 1671 ὃλην,
2367 1599 2650 1671 στεφάνῳ
2704 1598 3106 1668 παρεικαστέον
3147 1599 3211 1650 ὲκ
3258 1594 3486 1648 πολλῶν
3552 1592 3782 1646 ἀνθέων

2160 1695 2538 1764 συγκειμένῳ,
2581 1689 2886 1758 βασιλικῷ
2929 1708 2989 1743 τε
3050 1688 3391 1757 διαδήματι.
3445 1686 3613 1754 Φησὶ
3674 1684 3783 1757 γὰρ

463 1801 530 1840 ex
566 1785 718 1839 vario
763 1784 958 1838 ﬂorum
1005 1801 1202 1855 genere
1238 1789 1573 1848 contexitur.
1612 1789 1855 1859 regioque
1884 1789 2050 1846 etiam

2165 1783 2298 1838 εἶναι
2338 1784 2438 1855 τὴν
2480 1782 2810 1853 Ἐκκλησίαν
2852 1780 3019 1834 Δαϐὶδ
3064 1782 3122 1832 ὲν
3151 1775 3444 1849 ἱματισμῷ
3479 1774 3784 1845 διαχρύσῳ

465 1875 756 1929 diademati
792 1877 1017 1932 dicere:
1057 1894 1180 1932 cum
1214 1894 1335 1932 eam
1374 1879 1519 1949 apud
1557 1878 1821 1934 Davidem
1847 1883 2050 1936 vestitu

468 1964 738 2019 deaurato
795 1965 1045 2020 indutam
1118 1982 1264 2032 esse,
1311 1976 1369 2021 cl.
1419 1968 1781 2037 variegatam,
1860 1972 2059 2025 eadem

468 2055 632 2124 plane
667 2064 832 2125 atque
871 2057 961 2109 hic
995 2058 1233 2121 ratione,
1263 2059 1511 2126 legamus
1548 2062 1616 2113 “.
1662 2059 1817 2125 Quod
1856 2061 2057 2117 deinde

470 2147 523 2199 in
558 2164 722 2200 manu
754 2146 967 2202 Domini
999 2149 1159 2214 dixit,
1189 2149 1308 2217 ejus
1340 2154 1743 2220 protectionem
1782 2153 2058 2208 defensio-

470 2253 707 2308 nemque
752 2239 1130 2308 signiﬁcavit;
1168 2243 1261 2311 qui
1309 2258 1425 2298 sua:
1475 2227 1672 2298 manus
1719 2246 2062 2313 protectione

468 2343 589 2382 eam
623 2344 682 2383 se
711 2339 1092 2398 prmecturum
1137 2332 1447 2388 aﬂirmavit.
1486 2335 1700 2390 Asserit
1730 2350 1866 2390 vero
1890 2336 2063 2399 etiam

469 2418 728 2475 Christus
766 2420 883 2490 ipse
922 2422 1197 2477 neminem
1241 2440 1374 2482 suas
1400 2440 1531 2483 oves
1572 2425 1640 2481 de
1674 2425 1853 2482 Patris
1893 2443 2063 2483 manu

471 2525 595 2566 esse
622 2520 947 2583 erepturum
987 2514 1055 2568 ”.
1089 2514 1209 2570 Non
1253 2517 1456 2575 desunt
1493 2534 1685 2589 porro,
1724 2520 1820 2589 qui
1852 2536 2067 2575 coronae.

469 2603 718 2669 nomine,
745 2620 839 2658 eos
879 2605 1034 2674 ipsos
1076 2606 1414 2679 intelligant,
1446 2611 1539 2681 qui
1590 2612 1652 2664 in
1668 2610 1895 2666 Christo
1933 2627 2067 2666 cum

473 2693 676 2750 virtute
701 2704 755 2750 et
778 2697 939 2752 laude
964 2698 1217 2754 vixerunt
1241 2721 1254 2755 :
1288 2718 1384 2771 per
1411 2704 1556 2772 regni
1592 2719 1722 2758 vero
1754 2704 1928 2773 ipsius
1952 2703 2064 2758 dia-

479 2784 658 2853 dema,
693 2802 791 2843 eos
821 2788 1013 2854 etiam,
1047 2789 1140 2860 qui
1170 2792 1422 2847 eumdem
1461 2794 1730 2863 sanguine
1755 2811 1859 2850 suo
1879 2797 2063 2851 testati

474 2886 644 2933 sunt:
674 2894 814 2945 quos
841 2894 941 2935 sua
968 2880 1085 2950 ipse
1107 2899 1266 2937 manu
1301 2884 1543 2954 seligens
1576 2886 1762 2951 Pater,
1796 2885 1940 2940 Filio
1970 2889 2065 2940 ad-

475 2966 681 3040 iungit,
707 2971 877 3025 veluti
930 2987 1183 3026 coronam
1221 2988 1541 3044 apponens;
1585 2978 1828 3048 regioque
1872 2977 2062 3032 diade-

476 3069 638 3126 mate,
674 3060 726 3115 id
761 3072 868 3128 est,
906 3079 1095 3119 eorum
1136 3064 1449 3135 frequentia
1483 3067 1787 3135 honoruns,
1825 3070 1919 3140 qui
1966 3085 2065 3140 per

2157 1875 2672 1947 περιϐεϐλημένην,
2714 1871 3179 1944 πεποικιλμένην,
3246 1870 3342 1923 ῐσα
3391 1867 3597 1934 λέγων
3672 1868 3781 1928 τοῖς

2160 1968 2567 2039 προκειμένοις.
2604 1966 2698 2033 Τὸ,
2730 1966 2801 2019 ἐν
2833 1964 2985 2034 χειρί
3014 1964 3071 2017 δὲ
3098 1960 3270 2028 Θεοῦ,
3296 1960 3360 2013 τὸ
3403 1960 3525 2012 ὑπὸ
3554 1959 3779 2025 σκέπην

2155 2061 2306 2131 δηλοῖ
2334 2061 2431 2131 τὴν
2458 2060 2644 2114 αὑτοῦ.
2681 2061 2778 2123 Ὃς
2797 2059 2893 2112 καί
2915 2073 3105 2129 φησιν’
3139 2056 3249 2109 Καὶ
3270 2053 3378 2106 ὑπὸ
3415 2052 3663 2121 σκέπην
3683 2052 3775 2119 τῆς

2157 2155 2342 2224 χειρός
2369 2171 2470 2224 μου
2498 2153 2760 2206 σκεπὰσω
2782 2170 2866 2205 σε.
2899 2151 3009 2205 Καὶ
3040 2151 3067 2201 ὁ
3110 2149 3349 2219 Χριστὸς
3387 2146 3456 2199 δὲ
3495 2146 3646 2214 περὶ
3674 2144 3773 2197 τῶν

2161 2245 2307 2298 ἰδίων
2344 2246 2637 2315 προϐάτων
2663 2243 2799 2314 φησί
2824 2259 2837 2272 ο
2872 2243 2982 2295 Καὶ
3008 2240 3182 2304 οὐδεὶς
3221 2240 3477 2309 ἁρπάσει
3532 2238 3691 2291 αὐτὰ.
3718 2239 3773 2288 ἐκ

2157 2336 2257 2405 τῆς
2279 2338 2460 2406 χειρὸς
2488 2336 2583 2389 τοῦ
2607 2336 2848 2405 ηατέρος
2884 2351 3011 2403 μου.
3027 2333 3180 2394 Τινὲς
3199 2331 3254 2384 δὲ
3281 2329 3628 2398 στέφανον
3646 2329 3770 2394 Χρι-

2163 2426 2293 2480 στοῦ
2323 2429 2447 2489 τοὺς
2492 2428 2559 2480 δι’
2587 2427 2753 2480 αὐτοῦ
2780 2425 3181 2496 κατορθοῦντας
3208 2424 3483 2493 εἰρήκασι
3506 2439 3521 2452 ·
3554 2421 3661 2473 καὶ
3682 2422 3771 2487 τῆς

2159 2519 2325 2573 αὑτοῦ
2349 2520 2676 2584 βασιλείας
2696 2518 2979 2585 διάδημα,
2999 2517 3123 2580 τοὺς
3155 2515 3295 2585 ὑπὲρ
3334 2512 3523 2567 αὐτοῦ
3557 2528 3769 2581 μαρτυ-

2161 2612 2454 2682 ρήσαντας,
2490 2609 2582 2673 οὒς
2611 2613 2676 2681 τῇ
2703 2608 2896 2663 ἑαυτοῦ
2931 2608 3079 2678 χεφί
3110 2610 3138 2661 ὁ
3173 2604 3366 2676 Πατὴρ
3388 2602 3770 2671 ὲκλεξὰμενκ

2159 2702 2237 2773 τῷ
2266 2702 2381 2772 Υἱῷ
2407 2700 2768 2772 περιτίθησιν,
2788 2698 3106 2771 στεφανῶν
3128 2699 3291 2753 αὐτὸν
3309 2698 3414 2751 καὶ
3437 2695 3769 2764 διαδήματι

2155 2792 2458 2859 βασιλικῷ
2477 2793 2673 2863 τιμῶν,
2692 2794 2768 2863 τῷ
2787 2793 2977 2863 πλήθει
3000 2791 3107 2845 τῶν
3124 2791 3191 2844 δι’
3217 2787 3387 2842 αὑτοῦ
3415 2787 3528 2840 καὶ
3541 2789 3652 2842 ὑπ’
3674 2788 3769 2839 αὑ-

2161 2884 2269 2937 τοῦ
2285 2884 2671 2953 σεσωσμένων.
2701 2883 2818 2953 Ἐφ’
2848 2876 2929 2947 οἷς
2951 2884 3062 2935 οὐκ
3085 2881 3173 2935 ἔτι
3204 2878 3599 2945 κληθήσεται
3637 2878 3678 2944 ἡ
3708 2874 3767 2928 τό

2163 2973 2376 3028 καινὸν
2409 2973 2605 3043 ὄνομα
2646 2974 2947 3039 λαϐοῦσα,
2980 2968 3467 3039 ὑπολελειμμένην
3505 2969 3611 3021 καὶ
3640 2966 3770 3033 ἕρη-

2159 3080 2274 3133 μος
2292 3104 2307 3127 ,
2331 3062 2469 3116 ἀλλά
2485 3064 2715 3132 θέλημα
2732 3063 2907 3132 ἐμὸν,
2941 3062 3087 3116 τοῦτ’
3107 3062 3245 3122 ἐστι,
3281 3061 3428 3114 κατὰ
3449 3059 3519 3111 τὸ
3533 3052 3769 3124 θέλωιά

477 3154 682 3222 ipsum,
710 3166 764 3207 et
815 3154 884 3208 ab
917 3154 1039 3225 ipso
1078 3156 1313 3213 salutem
1364 3158 1547 3228 adepti
1578 3167 1707 3215 sunt
1740 3177 1754 3214 :
1792 3176 1823 3215 a
1860 3163 2061 3232 quibus

2165 3170 2303 3223 μου.
2324 3153 2403 3206 Δι’
2441 3146 2502 3208 οῦ
2537 3153 2688 3224 δηλοῖ
2712 3155 2806 3209 καὶ
2833 3153 2916 3217 τὸ,
2948 3152 3180 3224 θελητὴν
3211 3151 3384 3219 αὐτὴν
3410 3148 3645 3203 ἔσεσθαι
3668 3147 3764 3216 τήν

478 3258 589 3296 non
639 3244 916 3298 vocabitur
950 3247 1180 3314 amplius
1228 3264 1347 3316 qua:
1390 3264 1568 3302 recens
1599 3265 1788 3304 nomen
1827 3251 2062 3321 accepit,

477 3332 736 3386 derelicta
767 3343 817 3387 et
843 3334 1076 3400 deserta,
1107 3338 1200 3391 sed
1236 3338 1480 3391 voluntas
1511 3354 1654 3404 mea;
1688 3340 1738 3394 id
1764 3352 1848 3396 est
1870 3357 2069 3398 secun-

482 3427 609 3478 dum
637 3425 963 3480 voluntatem
1008 3443 1210 3481 meam:
1248 3427 1452 3497 quibus
1491 3443 1612 3483 eam
1656 3431 1821 3485 etiam
1851 3441 2062 3502 gratam

479 3516 595 3568 fore
619 3522 675 3568 et
693 3524 972 3585 acceptam
999 3516 1295 3587 significat.
1329 3516 1460 3584 Qum
1482 3517 1693 3574 deserta
1719 3521 1790 3575 ob
1820 3521 1896 3585 id,
1919 3522 2073 3593 quod.

482 3601 541 3654 in
579 3600 862 3657 Christum
899 3603 1217 3668 admiserat,
1254 3604 1398 3660 facta
1440 3605 1640 3670 fuerat,
1684 3607 1778 3663 sed
1826 3610 2065 3670 servatis

479 3692 753 3763 reliquiis,
784 3694 1127 3765 gentibusque
1160 3711 1285 3751 cum
1314 3697 1434 3767 ipso
1464 3698 1803 3766 conjunctis.
1831 3702 1884 3754 in
1916 3702 2066 3756 mul-

482 3786 770 3841 titudinem
804 3787 980 3843 evasit
1021 3788 1315 3851 inﬁnitam.
1355 3789 1463 3846 Deo
1497 3791 1674 3862 ipsam
1707 3793 1977 3863 probante
2014 3801 2073 3850 et

480 3878 885 3948 amplectente;
954 3883 1333 3950 quantumvis,
1398 3886 1814 3943 exercitationis
1866 3887 2073 3959 gratia,

479 3970 733 4027 afﬂictam
775 3989 918 4045 saepe
952 3976 1229 4046 negligere
1278 3977 1553 4033 videatur.
1594 3978 1827 4045 Quidam
1857 3990 2065 4043 autem,

478 4063 625 4129 quod
668 4075 717 4118 et
759 4076 905 4121 terra
951 4076 1042 4120 tua
1085 4066 1336 4121 habitata
1388 4069 1550 4135 dixit,
1584 4068 1654 4124 ad
1694 4086 1875 4126 recens
1916 4071 2075 4142 regni.

2167 3247 2297 3316 πρὶν
2325 3244 2760 3315 ἐρημωθεῖσαν,
2787 3244 2905 3299 ἀνθ’
2938 3239 3017 3305 ὥν
3064 3244 3332 3316 ὴθέτησεν
3361 3242 3447 3305 εἰς
3482 3239 3759 3310 Χριστόν·

2168 3336 2308 3391 ἀλλὰ
2337 3337 2603 3400 σωθέντος
2644 3336 2739 3390 τοῦ
2792 3336 3260 3407 καταλείμματος,
3295 3335 3395 3387 καὶ
3446 3332 3761 3385 ἑνωθέντων

2169 3428 2318 3499 αὐτῷ
2348 3428 2457 3482 τῶν
2485 3428 2554 3493 ἐξ
2581 3427 2798 3492 ἐθνῶν,
2835 3429 2917 3492 είς
2950 3426 3156 3498 πλῆθος
3188 3424 3468 3479 ἐπέδωκεν
3507 3424 3759 3490 ἄπειρον,

2171 3520 2522 3582 εὐδοκοῦντος
2559 3522 2616 3573 ὲν
2651 3522 2788 3590 αὐτῇ
2820 3519 2979 3585 Θεοῦ,
3010 3520 3067 3571 εἰ
3093 3518 3188 3571 καὶ
3236 3516 3465 3586 παρορᾷ
3496 3513 3761 3575 πολλάκις

2172 3613 2480 3683 γυμνασίας
2500 3613 2663 3684 χάριν
2694 3612 3055 3682 διωκομένην.
3089 3609 3245 3673 Τινὲς
3268 3608 3326 3662 δὲ
3349 3609 3437 3670 τὸ,
3470 3606 3591 3661 καὶ
3616 3608 3658 3674 ἡ
3690 3604 3763 3674 τῆ

2173 3720 2290 3758 σου
2337 3702 2695 3774 οἰκουμένη,
2737 3706 2797 3756 ὲν
2836 3701 2916 3767 τῷ
2948 3701 3133 3768 καινῷ
3176 3700 3333 3754 αἰῶνι
3371 3699 3476 3769 τῆς
3521 3695 3760 3769 Χριστοῦ

2177 3794 2457 3866 βασιλείας
2497 3795 2630 3866 φασὶ
2674 3795 2800 3858 τοὺς
2838 3793 2947 3848 τῶν
2990 3792 3333 3861 ἐπαγγελιῶν
3373 3790 3572 3856 ἀξίους
3612 3791 3761 3859 citi;-

2174 3906 2338 3960 τορας
2358 3886 2642 3955 igneam“
2665 3887 2715 3940 οἳ
2744 3886 2840 3940 καὶ
2857 3887 2912 3939 ὲν
2941 3884 3182 3956 τοσαύτῃ
3203 3882 3445 3954 θυμηδίᾳ
3460 3881 3763 3950 διάξουσιν,

2183 3980 2260 4044 ὡς
2282 3978 2541 4034 ἐοικέναι
2569 3978 2874 4041 νεανίσκῳ
2910 3977 3291 4044 συνῳκηκότι
3313 3975 3627 4043 παρθένῳ.

478 4153 686 4212 Christi
733 4161 994 4214 saeculum
1022 4161 1353 4227 retulerunt,
1423 4162 1585 4232 712
1650 4179 1762 4234 quo
1821 4170 2071 4233 tempore
2123 4163 2333 4221 incolas
2390 4163 2855 4235 promissionibus
2898 4162 3122 4219 minime
3178 4161 3442 4233 indignos
3501 4162 3763 4218 habitura

478 4257 586 4311 est,
620 4247 716 4317 qni
748 4250 853 4305 vita
883 4251 1318 4322 etiamjucunda
1374 4254 1511 4309 adeo
1581 4263 1636 4309 et
1693 4256 1991 4326 tranquilla
2064 4257 2293 4328 petituri
2352 4265 2504 4324 sunt,
2571 4264 2631 4311 ut
2679 4254 2890 4325 juvenis
2943 4270 3062 4308 cum
3117 4253 3316 4324 uirgine
3372 4251 3627 4308 habitare
3686 4253 3763 4307 vi-

481 4337 700 4390 deatur.

555 4426 700 4490 Sunt
737 4436 942 4493 tamen,
976 4429 1070 4499 qui
1124 4414 1189 4486 ex
1242 4430 1448 4489 Iudaeis
1491 4434 1730 4505 primum
1768 4436 2061 4494 Ecclesiam

2250 4434 2408 4497 Τινὲς
2452 4434 2508 4487 δέ
2541 4450 2710 4503 φασιν
2752 4433 2828 4496 ὡς
2850 4432 2909 4496 ἐξ
2964 4432 3230 4486 Ἰουδαίων
3261 4432 3495 4501 συνέστη
3540 4433 3609 4487 τὸ
3648 4435 3761 4487 κατ’

482 4520 652 4574 velint
684 4522 1038 4590 constitisse;
1075 4524 1221 4579 inter
1247 4541 1390 4595 quos
1415 4531 1633 4584 caeteris
1663 4529 1872 4585 Christi
1931 4546 2071 4601 prat-

485 4613 787 4666 stautiores
817 4616 1052 4682 apostoli
1081 4623 1232 4669 tanto
1259 4631 1386 4687 erga
1404 4633 1727 4673 camanlore
1750 4619 2081 4690 ﬂagrarunt,

486 4709 548 4755 ut
581 4718 680 4769 pro
708 4703 790 4758 eis
824 4707 1118 4760 anathema
1152 4706 1266 4763 fieri
1296 4706 1504 4764 Paulus
1545 4712 1826 4780 exoptarit
1855 4712 1923 4767 “.
1962 4712 2079 4768 Sed.

487 4801 571 4847 est
604 4808 786 4848 rerum
813 4794 1012 4865 ingens
1053 4798 1198 4853 facta
1225 4801 1535 4856 renovatio.
1583 4801 1750 4858 Vetus
1780 4803 1932 4858 enim
1966 4804 2071 4876 Sy-

487 4899 721 4957 nagoga,
756 4893 1032 4943 vetustate
1066 4889 1303 4958 quodam
1346 4899 1509 4961 pacto
1552 4893 1826 4962 obsoleta,
1872 4894 2076 4964 juven-

488 4978 627 5033 culaa
667 4991 1042 5047 comparatur.
1077 4982 1257 5050 Ipsius
1296 4983 1500 5040 deinde
1536 4985 1651 5050 illii,
1690 4986 1941 5056 Apostoli
1990 4987 2078 5041 ni»

491 5071 714 5135 mirum,
741 5087 859 5124 cum
889 5087 953 5127 ea
984 5071 1318 5141 habitarunt,
1346 5090 1470 5131 cum
1487 5078 1758 5141 eamdem,
1777 5077 1943 5132 veluti
1981 5092 2082 5131 nu-

496 5163 712 5227 tricem,
751 5178 914 5219 manu
948 5177 1241 5237 regerent;
1277 5184 1401 5223 cum
1435 5170 1579 5224 sicut
1613 5180 1853 5225 matrem
1876 5185 2077 5225 conso-

493 5251 778 5324 larentur;
805 5271 927 5312 cum
968 5258 1207 5330 denique
1262 5261 1398 5331 legis
1429 5264 1656 5318 umbras
1690 5262 1867 5316 vitare
1899 5261 2072 5316 doce-

499 5357 658 5399 rent:
696 5348 843 5404 unde
884 5368 981 5421 pro
1013 5356 1271 5424 patribus
1298 5370 1423 5412 esse
1453 5367 1616 5411 natos
1648 5356 1727 5410 illi
1760 5356 1901 5411 ﬁlios
1934 5355 2080 5424 apud

500 5435 771 5493 Davidem.
790 5441 1023 5512 legimus
1046 5448 1113 5502 ⁸³.
1140 5449 1276 5504 Cum
1300 5450 1446 5504 enim
1472 5449 1567 5504 lilii
1589 5457 1807 5510 essent,
1821 5449 1874 5503 in
1897 5456 2082 5517 patres

498 5535 823 5581 evaserunt.
871 5530 1001 5594 Qua:
1039 5550 1164 5590 cum
1214 5537 1290 5590 ita
1336 5553 1397 5592 se
1449 5538 1715 5604 habeant;
1750 5537 1826 5591 ita
1877 5537 2076 5604 inquit,

576 5642 621 5671 ’°
648 5638 807 5722 «Ιοβ-η.
856 5663 970 5714 vm,
1028 5651 1112 5706 I2.
1155 5655 1195 5685 "
1229 5654 1372 5711 Psal.
1428 5673 1647 5722 Luxvt,
1683 5658 1735 5712 5.
1813 5661 1856 5690 "
1887 5656 2034 5712 Psal.
2066 5670 2209 5719 κων,
2244 5653 2329 5705 10.

510 5725 658 5778 Iuv,
705 5712 788 5767 l7.

2179 4527 2375 4598 ἀρχὰς,
2409 4518 2485 4581 ὧν
2516 4524 2847 4596 προῦχοντες
2877 4521 3017 4595 ἦσαν
3042 4525 3091 4576 οί
3128 4524 3225 4576 τοῦ
3251 4524 3493 4593 Χριστοῦ
3520 4523 3759 4595 μαθηταὶ

2180 4621 2277 4682 τὴν
2317 4621 2397 4683 εἰς
2419 4618 2587 4689 ἄκρον
2609 4617 2831 4685 ἀγάπην
2852 4618 2930 4679 εἰς
2956 4614 3125 4687 αὐτὴν
3150 4613 3531 4680 διασώζοντες,
3567 4616 3645 4679 ὡς
3670 4618 3755 4669 καὶ

2178 4710 2468 4765 ὀδυνᾶσθαι
2517 4707 2610 4761 τὸν
2689 4705 2901 4760 Παῦλον
2949 4706 3090 4777 ὑπὲρ
3145 4706 3325 4760 αὐτῶν
3360 4706 3456 4759 καὶ
3507 4705 3752 4776 εὔχεσθαι

2174 4803 2425 4874 ἀνάθεμα
2448 4797 2609 4856 εἶναι.
2654 4799 2828 4863 Πολὺς
2860 4798 2917 4852 δὲ
2963 4798 3075 4852 τῶν
3120 4798 3459 4869 πραγμάτων
3508 4799 3537 4851 ό
3586 4816 3753 4852 xam-

2176 4895 2336 4966 σμός.
2384 4894 2445 4948 'H
2472 4884 2580 4965 γὰρ
2610 4890 2818 4963 ἀρχαία
2849 4888 3155 4960 Συναγωγὴ
3196 4890 3399 4960 τρόπον
3421 4887 3550 4941 τινὰ
3576 4906 3751 4943 πεπα-

2174 4984 2452 5055 λαιωμένη
2486 4987 2550 5054 τῇ
2597 4983 2940 5052 παλαιότητι,
2984 4979 3190 5037 νεάνιδι
3236 4979 3659 5051 παρεικάζεται.
3692 4982 3748 5034 Oi

2175 5076 2233 5130 δὲ
2261 5076 2368 5128 υἱοὶ
2390 5074 2557 5142 αὐτῆς
2581 5071 2867 5125 ἀπόστολοι
2886 5071 2955 5123 ἐν
2983 5068 3140 5139 αὑτῇ
3167 5067 3505 5135 κατῴκουν,
3530 5068 3605 5133 ὡς
3637 5088 3747 5140 τρο-

2179 5167 2280 5236 φὸν
2334 5162 2840 5236 χειραγωγοῦντες,
2897 5160 3345 5234 παρακαλοῦντες
3382 5161 3459 5224 ὡς
3516 5164 3742 5233 μητέρα,

2183 5258 2406 5329 φεύγειν
2434 5258 2529 5310 τοῦ
2562 5257 2727 5329 νόμου
2765 5257 2865 5323 τὰς
2923 5260 3083 5322 σκιὰς
3123 5258 3535 5330 εἰσηγούμενοι,
3564 5259 3641 5323 ὡς
3668 5263 3749 5313 τὸν

2191 5348 2356 5403 Δαϐὶδ
2386 5347 2597 5416 λέγειν’
2647 5348 2792 5401 Ἀντί
2834 5348 2943 5403 τῶν
2992 5348 3247 5421 πατέρων
3292 5364 3386 5401 σου
3424 5350 3750 5420 ἐγενήθησάν

2187 5457 2275 5494 σοι
2304 5441 2430 5493 υἰοί.
2466 5439 2583 5493 Υἱοὶ
2623 5439 2729 5511 γὰρ
2756 5441 2930 5506 ὄντες,
2967 5441 3048 5504 εἰς
3081 5440 3328 5510 πατέρας
3360 5440 3634 5507 ἐγένοντο.
3655 5437 3747 5496 Ὧν

2185 5531 2359 5594 οὕτως
2390 5531 2643 5601 ἑχόντων,
2670 5530 2843 5596 οὕτως
2885 5530 3366 5601 εὐφρανθήσεται
3404 5532 3618 5601 Κύριος
3659 5532 3747 5588 ἐπι

2429 5648 2474 5680 ³³
2508 5645 2667 5702 Jonn.
2702 5664 2752 5713 κ,
2778 5649 2869 5706 ‘28.
2975 5650 3021 5681 “
3056 5650 3215 5704 Rom.
3247 5664 3325 5713 ιι,
3354 5648 3409 5702 5.
3520 5649 3567 5682 ³⁵
3599 5648 3735 5708 Psal.
