3976 6210
192 274 336 340 2657

1326 268 1862 332 COMMENTARII
1890 267 1970 328 IN
2015 267 2300 328 ISAIAM.

3319 263 3460 327 2658

192 389 319 450 σοι,
364 382 630 452 καθάπερ
693 382 897 453 ἀμέλει
954 381 1053 437 και
1104 384 1360 452 νυμφίος
1399 382 1498 435 ἐπὶ
1550 384 1778 451 νύμφῃ.

1895 394 2040 447 super
2070 388 2117 432 te
2150 378 2422 432 laetabitur
2456 376 2738 443 Dominus,
2766 377 3212 450 quemadmodum
3239 377 3460 432 letatur

194 476 473 533 Καθίκετο
494 474 601 544 γὰρ
627 473 686 540 ἐξ
711 471 954 544 οὐρανῶν
978 474 1006 525 ὁ
1030 473 1327 544 μονογενὴς
1357 472 1530 540 Λόγος
1568 470 1773 542 ἔγκαρ.

197 586 299 624 πον
330 568 605 638 ἀποφῆναι
634 565 735 636 τὴν
771 564 1115 634 Ἐκκλησίαν,
1145 564 1210 634 ἢν
1237 562 1400 626 αὐτὸς
1433 560 1609 631 ἑαυτῷ
1638 577 1778 634 παρ-

194 661 397 732 ἀστησε
451 656 724 729 παρθένον
770 657 965 727 ἁγνὴν,
1003 655 1079 726 μὴ
1111 656 1344 725 ἔχουσαν
1382 653 1573 706 σπίλον
1606 652 1640 724 ἢ
1677 655 1775 723 ρυ-

192 753 333 806 τίδα.
371 750 655 822 Δεξαμένη
681 749 740 803 δὲ
779 750 911 820 παρ’
951 746 1117 802 αὑτοῦ
1143 748 1241 817 τῆς
1284 744 1648 813 εὐαγγελικῆς
1675 760 1778 797 ποτ-

192 843 402 907 λιτείας
427 841 497 895 τὰ
519 841 835 912 σπέρματα,
859 840 1082 893 τέτοκεν
1105 838 1292 892 οὐκέτι
1311 837 1410 909 τὴν
1437 836 1504 891 δι’
1526 836 1778 906 αἱμάτων

194 935 296 990 καὶ
347 931 559 988 καπνοῦ
606 933 886 1004 λατρείαν,
937 930 1052 984 ἀλλ’
1091 933 1150 983 ὲν
1269 930 1331 983 τὸ
1370 929 1470 998 τῆς
1520 928 1780 999 ἀληθείας

193 1028 605 1098 ὲντετόρνευται
647 1025 861 1089 κάλλος,
921 1018 1065 1098 ᾗπερ
1116 1024 1347 1087 εἰκότως
1374 1024 1778 1092 εὐφραίνεται,

194 1121 326 1183 τοὺς
351 1118 557 1181 τύπους
586 1120 669 1182 είς
696 1116 957 1189 ἀληθειαν
989 1115 1447 1187 μετατιθεμένους
1484 1114 1645 1185 δρῶν.
1671 1114 1781 1169 Καὶ

195 1212 266 1264 ὲκ
308 1210 531 1263 τελείων
593 1208 772 1279 μελῶν
820 1208 920 1279 τὴν
967 1209 1212 1277 νύμφην
1272 1205 1615 1261 συνεστῶσαν
1648 1205 1782 1259 θεώ-

200 1318 383 1372 μενος,
418 1300 514 1354 τοῦ
539 1317 598 1353 τε
632 1300 900 1372 προτέρου
945 1300 1040 1353 καὶ
1069 1298 1165 1353 τοῦ
1182 1299 1304 1353 νέου
1339 1299 1489 1364 λαοῦ,
1515 1294 1611 1353 οἷα
1635 1317 1783 1369 νυμ-

196 1394 342 1463 φίος
392 1393 491 1447 ἐπὶ
533 1392 739 1462 νύμφῃ
777 1390 1261 1461 εὐφρανθήσεται
1284 1431 1300 1458 ,
1341 1394 1673 1461 καταστήσει
1720 1408 1781 1445 τε

197 1479 502 1550 φυλακὰς,
550 1480 819 1549 ἀγγέλους
862 1481 1066 1553 δηλαδὴ
1108 1480 1285 1545 θείους
1308 1522 1324 1547 ,
1381 1480 1475 1534 καὶ
1520 1481 1782 1552 δυνάμεις

200 1575 365 1642 ἁγίας
402 1575 489 1640 είς
525 1571 591 1627 τὸ
620 1574 719 1640 τῆς
749 1572 876 1636 νέας
917 1571 1315 1642 Ἰερουσαλὴμ
1356 1573 1430 1626 τὰ
1460 1572 1627 1644 τείχη
1672 1590 1784 1642 φυ-

197 1662 468 1721 λάττειν.
517 1662 665 1726 ὅπως
687 1663 748 1716 ὲν
779 1664 971 1733 εἰρήνῃ
1011 1662 1327 1732 κατάρχων,
1379 1662 1543 1725 αὐτὸς
1583 1664 1663 1725 εἰς
1689 1662 1783 1714 τὸν

199 1755 377 1808 αἰῶνα
399 1754 597 1823 διάγοι.
627 1754 697 1806 Ἦ
726 1753 865 1824 τάχα
908 1755 1191 1824 φυλακὰς
1237 1754 1387 1822 λέγει
1427 1756 1553 1817 τοὺς
1602 1753 1789 1821 ἁγίους

202 1845 632 1917 μυσταγωγοὺς,
670 1844 719 1898 οἳ
757 1845 847 1898 διὰ
903 1847 1105 1910 παντὸς
1152 1838 1579 1918 ἀνυμνοῦσιπὴν
1628 1845 1789 1911 δόξαν

200 1936 399 2000 αὑτοῦ,
436 1936 777 2015 μεμνημένοι
809 1937 919 1991 τῶν
941 1936 1263 2008 θαυμασίων
1292 1937 1481 2005 αὑτοῦ,
1524 1937 1670 1991 καθὰ
1699 1939 1793 2006 γέ-
1826 1958 1829 1965 ί

201 2044 487 2100 γραπταισ
547 2029 685 2099 Περὶ
726 2025 788 2083 οὗ
832 2029 1098 2096 λέξουσιν,
1142 2032 1226 2084 ὅτι.
1274 2031 1388 2084 οὐκ
1431 2030 1604 2083 ἐστιν
1650 2028 1793 2097 ὑμῖν

202 2120 435 2191 ὅμοιος.
486 2121 650 2173 ’Ὅσον
701 2121 810 2192 γὰρ
868 2125 935 2193 τῇ
987 2122 1190 2191 φύσει,
1241 2120 1496 2174 τοσοῦτον
1540 2120 1791 2192 διαφέρει

202 2212 666 2285 χρηστότητι.⁹Ως
687 2213 908 2284 είρηται
932 2214 1041 2283 γὰρ
1062 2215 1121 2267 ὲν
1164 2213 1415 2282 Ψαλμοῖς
1435 2230 1449 2243 ·
1485 2230 1504 2264 ι
1536 2214 1611 2266 Οὐ
1646 2214 1791 2267 κατὰ

200 2304 308 2366 τὰς
348 2302 580 2373 ἀνομίας
623 2303 778 2374 ἡμῶν
809 2305 1065 2375 ἐποίησεν
1114 2306 1271 2376 ἡμῖν,
1333 2304 1454 2358 οὐδὲ
1506 2305 1649 2359 κατὰ
1691 2304 1791 2368 τὰς

202 2394 485 2466 ἁμαρτίας
513 2394 672 2466 ἡμῶν
699 2396 1086 2451 ἁνταπέδωκεν
1116 2399 1269 2468 ἡμῖν.
1298 2417 1318 2450 ι
1579 2411 1582 2414 ‘

293 2662 442 2715 ’Λντὶ
482 2661 537 2716 δὲ
588 2660 684 2714 τοῦ
715 2678 727 2689 ·
778 2663 899 2716 Οὐκ
944 2663 1077 2715 ἐστι
1110 2661 1219 2733 γὰρ
1254 2661 1398 2730 ἡμῖν
1435 2662 1659 2731 ὅμοιος,
1685 2659 1794 2715 ἐὰν

205 2751 532 2823 διορθώσῃ,
586 2753 684 2807 καὶ
733 2753 961 2822 ποιήσῃ
1016 2754 1415 2824 Ἰερουσαλὴμ
1458 2756 1793 2825 ἀγαιῬίαμα

206 2846 309 2898 ἐπὶ
363 2841 468 2911 τῆς
498 2842 639 2914 γῆς·
691 2844 1012 2915 Σύμμαχος,
1068 2843 1166 2913 Μὴ
1219 2844 1597 2914 ἠσυχάσητε,
1635 2849 1791 2918 φησι,

202 2937 365 3009 μηδὲ
413 2936 561 2991 δῶτε
608 2938 922 3007 ἡσυχάσαι
966 2940 1139 3005 λίθῳ,
1169 2938 1280 3006 ἕως
1329 2939 1641 3011 ἐτοιμὰσῃ,
1694 2939 1794 2995 και

207 3030 325 3094 ἕως
372 3026 447 3097 θῇ
488 3027 604 3095 τὴν
652 3028 1053 3098 Ἰερουσαλὴμ
1089 3028 1425 3083 αἵνεσινέν
1471 3028 1544 3098 τῇ
1582 3028 1680 3099 τῇ.
1728 3032 1795 3083 "A

208 3119 279 3189 δὴ
312 3119 560 3172 λέλεκται
589 3121 702 3181 τοῖς
735 3117 983 3171 εἰποῦσιν
1002 3119 1131 3173 ἄνω*
1161 3122 1266 3174 Διὰ
1293 3118 1450 3175 Σιὼν
1477 3123 1549 3174 οὐ
1570 3120 1795 3189 σιωπή-
1822 3101 1864 3160 C

208 3226 417 3279 σρμαι,
454 3209 551 3264 καὶ
587 3210 684 3264 διὰ
720 3211 1119 3280 Ἰερουσαλὴμ
1156 3213 1269 3265 οὐκ
1312 3210 1544 3281 ἀνήσω,
1577 3211 1689 3278 ἕως
1719 3212 1796 3266 ἂν

209 3304 436 3373 ἐξέλθῃ
476 3304 555 3370 ὡς
605 3302 730 3373 φῶς
776 3304 816 3371 ἡ
872 3305 1228 3371 δικαιοσύνη
1274 3304 1483 3373 αὐτῆς.
1532 3305 1639 3359 Τοῦ
1685 3307 1795 3379 γὰρ

213 3396 560 3468 προφητικοῦ
605 3396 776 3450 ταῦτα
819 3398 1102 3469 εἰρηκότος
1149 3397 1338 3467 χοροῦ,
1385 3398 1446 3452 τὸ
1475 3398 1700 3469 Πνεῦμα
1734 3400 1797 3454 τὸ

216 3489 370 3555 ἆγιον
397 3487 819 3559 παραθαρρύνει
845 3491 967 3551 ταῖς
1000 3488 1144 3557 ὑπὲρ
1183 3487 1368 3541 αὐτῶν
1397 3490 1682 3557 ἐπιμένειν
1706 3491 1792 3544 εὐ-

218 3582 365 3650 χαῖς,
398 3580 492 3633 καὶ
533 3580 609 3650 μὴ
646 3580 949 3649 συγχωρεῖν
994 3578 1309 3648 ήσυχάσαι
1344 3578 1424 3649 τῷ
1465 3578 1796 3646 ἐπαγγειλα-

222 3671 371 3742 μένῳ
425 3672 601 3725 ταῦτα
645 3669 784 3742 Θεῷ,
839 3671 945 3734 ἕως
992 3670 1070 3725 ἂν
1108 3669 1185 3738 θῇ
1231 3670 1347 3739 τὴν
1396 3670 1797 3740 Ἰερουσαλὴμ

219 3764 457 3818 αινεσιν
488 3763 556 3816 ἐν
576 3761 649 3830 τῇ
671 3761 771 3832 γῇ.
809 3756 910 3815 Ὧν
938 3762 1004 3833 δὴ
1040 3760 1308 3833 βοώντων,
1339 3764 1367 3816 ὁ
1399 3762 1604 3816 εἰπών’
1641 3763 1797 3815 «Ἔτι

223 3871 319 3909 σου
375 3853 661 3919 λαλοῦντος
705 3854 835 3925 ἐρῶ,
867 3853 1002 3909 Ἰδοὺ
1049 3856 1344 3927 adpetiti,»
1402 3854 1793 3926 ἀποκρίνεται·

225 3947 486 4015 Ὤμοσεν
533 3947 771 4014 Κύριος.
831 3947 990 4000 Κατὰ
1015 3946 1072 4001 δὲ
1115 3948 1243 4011 τοὺς
1283 3947 1689 4019 Ἐὁδομήκοντα
1737 3947 1797 4012 ἐξ

220 4039 415 4111 ἑτέρας
451 4037 631 4111 ἀρχῆς
676 4037 912 4109 ληπτέον
942 4040 1026 4105 τὸ,
1065 4039 1207 4094 Ἐὰν
1250 4041 1569 4109 διορθώσῃ,
1601 4041 1695 4094 καὶ
1726 4042 1798 4097 τὰ

221 4133 372 4202 ἑξῆς.
416 4132 482 4183 Τί
533 4129 629 4184 οὖν
680 4131 877 4201 ὄμνυσι
918 4132 1117 4202 μηκέτι
1175 4131 1463 4185 πείσεσθαι
1513 4130 1799 4195 αὐτοὺς,ἂ

224 4223 491 4293 πρότερον
531 4222 856 4288 ἀσεϐοῦντες
908 4222 1202 4293 ὑπέμενον,
1255 4222 1558 4292 δῃουμένης
1615 4222 1798 4275 αὐτῶν

224 4314 332 4368 ὑπὸ
377 4314 653 4385 πολεμίων
695 4315 797 4385 τῆς
839 4314 909 4387 χιὶ
925 4332 1058 4387 pag;
1090 4316 1202 4385 Οὐχ
1243 4314 1429 4378 ἁπλῶς
1450 4314 1531 4381 δὲ,
1556 4313 1669 4368 ἀλλ’
1700 4313 1797 4368 ἐὰν

1884 483 2110 538 sponsus
2144 483 2261 521 cum
2290 482 2505 535 sponsa.
2538 466 2827 522 Descendit
2855 469 3001 523 enim
3024 466 3094 524 de
3124 466 3281 523 caelis
3334 464 3464 519 Ver-

1883 559 2014 616 bum
2050 558 2310 628 unigena,
2347 566 2406 612 ut
2442 556 2744 613 Ecclesiam
2769 558 3124 623 lecundaret;
3154 570 3319 626 quam
3346 556 3467 626 ipse

1885 650 1992 708 sibi
2043 651 2313 723 virginem
2367 662 2577 706 castam
2639 651 2834 705 ascivit
2867 652 2935 714 ³⁸,
2994 666 3105 705 non
3168 649 3465 705 habentem

1886 745 2182 810 maculam,
2257 758 2344 799 ve.
2418 758 2612 815 rugam
2659 743 2726 795 ".
2786 742 2925 797 Cum
2976 752 3161 798 autem
3220 742 3289 797 ab
3344 741 3466 810 ipso

1886 836 2220 907 evangelicae
2282 836 2791 892 administrationis
2849 837 3064 891 semina
3121 833 3463 905 excepisset:

1884 942 1998 982 non
2031 927 2357 997 sanguinem
2389 928 2652 998 amplius,
2684 935 2740 982 et
2772 926 3278 982 fumosumcultum
3303 928 3466 981 enixa

1886 1026 1993 1086 est,
2029 1017 2123 1074 sed
2151 1035 2275 1074 eum
2300 1020 2502 1090 ipsum,
2540 1021 2593 1074 in
2625 1036 2736 1091 quo
2756 1034 3021 1090 expressa
3048 1029 3196 1077 esset
3216 1020 3466 1075 veritatis

1888 1112 2272 1183 pulchritudo;
2302 1129 2408 1184 qua
2440 1130 2551 1169 non
2581 1114 2859 1170 immerito
2886 1118 3122 1181 laetatur,
3151 1116 3244 1185 qui
3265 1115 3469 1185 ﬁguras

1888 1203 1945 1259 in
1977 1204 2268 1259 veritatem
2300 1214 2541 1260 mutatas
2568 1221 2693 1262 esse
2721 1206 2925 1261 videat.
2958 1207 3256 1262 Laetabitur
3278 1222 3464 1277 porro,

1889 1305 2146 1366 tanquam
2162 1296 2368 1351 veteris
2392 1293 2633 1366 novique
2656 1298 2842 1368 populi
2865 1313 3089 1366 sponsus
3109 1314 3228 1351 cum
3245 1313 3465 1366 sponsa,

1888 1404 2014 1444 cum
2059 1389 2177 1445 suis
2227 1390 2496 1445 membris
2542 1388 2851 1444 absolutam
2903 1399 2955 1445 et
3000 1388 3302 1459 perlectam
3344 1402 3469 1443 esse

1886 1496 2137 1550 sponsam
2182 1480 2509 1545 intuebitur,
2549 1482 2917 1545 custodesque,
2948 1480 3000 1535 id
3049 1489 3156 1547 est,
3206 1480 3466 1536 cmlestes

1889 1575 2132 1645 angelos,
2166 1581 2222 1629 et
2259 1574 2495 1629 virtutes
2538 1583 2784 1637 sanctas,
2809 1574 2874 1626 ad
2916 1589 3196 1627 murorum
3222 1570 3471 1627 recentis

1886 1664 2193 1721 Jerusalem
2227 1665 2534 1719 custodiam
2563 1667 2866 1731 constituet,
2896 1680 3007 1736 quo
3040 1665 3212 1735 possit
3253 1665 3307 1718 in
3336 1677 3469 1732 pace

1818 1758 1864 1817 B
1891 1758 2098 1829 degens
2149 1766 2417 1828 perpetuo
2464 1758 2760 1828 imperare.
2806 1756 2900 1811 Vel
2957 1759 3144 1813 forsan
3189 1757 3470 1812 custodum

1893 1850 2134 1913 nomine,
2163 1857 2387 1903 sanctos
2411 1862 2743 1904 arcanorum
2777 1846 3035 1904 doctores
3066 1848 3344 1918 intelligit,
3373 1848 3471 1918 qui

1888 1948 2230 2010 patratorum
2261 1938 2333 1993 ab
2365 1940 2486 2008 ipso
2526 1939 2920 1994 miraculorum
2959 1938 3281 1994 memoriam
3316 1951 3474 1994 reco-

1891 2032 2088 2094 lentes,
2132 2030 2255 2099 ejus
2296 2029 2529 2099 gloriam
2586 2038 2852 2100 perpetuu
2898 2030 3160 2087 laudibus
3178 2030 3466 2087 extollant.

1892 2122 1969 2179 De
2018 2108 2128 2192 quo
2162 2131 2218 2178 et
2256 2121 2392 2176 illud
2436 2122 2600 2177 etiam
2648 2137 2757 2178 non
2808 2132 2939 2179 sunt
2983 2124 3269 2189 omissuri,
3321 2123 3473 2194 quod

1895 2214 2086 2269 similis
2121 2214 2264 2269 vobis
2308 2231 2415 2269 non
2444 2214 2541 2268 sit.
2572 2214 2854 2279 Quantum
2902 2217 3048 2270 enim
3084 2223 3308 2281 natura,
3346 2224 3473 2269 tan-

1894 2314 2010 2361 tum
2035 2315 2089 2360 et
2134 2307 2228 2361 ille
2277 2306 2465 2362 differt
2509 2307 2777 2361 bonitate.
2822 2305 2890 2377 Ut
2927 2309 3073 2361 enim
3124 2308 3362 2377 legimus
3412 2309 3468 2362 in

1893 2395 2162 2452 Psalmis:
2218 2414 2237 2448 ι
2277 2395 2398 2450 Non
2446 2396 2746 2452 secundum
2798 2376 3018 2467 peccata
3070 2376 3231 2468 713
3279 2404 3471 2451 nostra

1894 2488 2026 2544 fecit
2078 2489 2258 2553 nobis,
2309 2504 2485 2558 neque
2526 2489 2825 2544 secundum
2877 2489 3198 2559 iniquitates
3250 2496 3471 2547 nostras

1895 2582 2148 2637 retribuit
2177 2581 2338 2637 nobis
2369 2582 2434 2637 ’°.
2475 2601 2493 2634 s

1970 2672 2168 2728 Verum
2200 2688 2310 2741 quo
2342 2673 2498 2728 loco:
2546 2671 2671 2727 Non
2707 2683 2781 2728 est
2802 2671 2954 2728 nobis
2986 2670 3202 2740 similis,
3230 2675 3277 2729 si
3302 2674 3474 2729 corri-

1895 2773 2009 2834 gat,
2036 2772 2087 2818 et
2117 2764 2287 2833 faciat
2319 2761 2617 2818 Jerusalem
2651 2764 2903 2835 gaudium
2935 2765 2989 2818 in
3014 2773 3176 2832 terra,
3206 2767 3363 2833 dixit,
3398 2768 3472 2820 ita

1895 2856 2290 2926 Symmachus:
2322 2856 2406 2911 Ne
2428 2858 2733 2927 quiescatis,
2773 2858 2971 2929 inquit,
3000 2875 3165 2929 neque
3202 2863 3473 2926 permitta-

1898 2952 1968 3004 tis
1997 2948 2168 3017 lapidi
2197 2952 2478 3020 quiescere,
2500 2950 2665 3004 donec
2693 2954 3095 3020 prwparaverit,
3119 2961 3168 3006 et
3194 2953 3357 3006 donec
3386 2968 3474 3021 po-

1899 3042 2064 3096 suerit
2103 3040 2408 3095 Jerusalem
2460 3040 2674 3096 laudem
2737 3044 2792 3097 in
2834 3053 2997 3099 terra.
3041 3042 3172 3110 Qua:
3209 3051 3360 3099 certe
3404 3043 3476 3099 iis

1898 3148 2023 3189 esse
2061 3147 2330 3202 responsa
2369 3142 2626 3203 apparet,
2664 3133 2845 3203 quise
2871 3147 3085 3203 propter
3130 3133 3338 3189 Sionem
3368 3150 3472 3189 non

1895 3240 2010 3278 esse
2040 3225 2332 3288 tat-ituros,
2378 3240 2541 3295 neque
2593 3234 2809 3293 propter
2852 3223 3156 3278 Jerusalem
3199 3210 3476 3295 quieturos

1896 3315 2056 3370 donec
2087 3316 2431 3386 egrediatur,
2483 3326 2540 3371 ut
2591 3317 2805 3382 lumen,
2856 3316 3072 3385 justitia
3117 3317 3261 3381 ejus,
3314 3328 3475 3373 antea

1895 3410 2170 3465 dixerant.
2223 3408 2365 3475 Quia
2397 3411 2541 3464 enim
2570 3410 2809 3480 idipsum
2855 3409 3244 3479 prephetarum
3270 3412 3474 3467 chorus

1897 3498 2227 3566 usurpavit;
2267 3497 2521 3567 precibus
2556 3498 2667 3567 jam
2693 3513 2886 3553 eorum
2920 3499 3141 3554 nomine
3178 3500 3476 3556 lundendis

1898 3588 2155 3644 insistere
2185 3598 2421 3645 sanctus
2460 3589 2819 3654 adhortatur,
2865 3606 3042 3662 neque
3086 3594 3238 3662 prius
3280 3593 3476 3660 Deum,

1897 3683 1991 3750 qui
2025 3681 2130 3734 ista
2169 3681 2475 3749 promittat,
2511 3681 2619 3749 pati
2641 3682 2928 3749 quiescere,
2962 3699 3120 3752 quam
3149 3682 3475 3749 Jerusalem,

1896 3775 1952 3827 in
1983 3783 2124 3827 terra
2154 3773 2365 3851 laudem
2396 3789 2508 3827 esse
2550 3772 2751 3842 fecerit.
2801 3772 3013 3839 Quibus
3043 3786 3192 3831 certe
3233 3778 3477 3833 claman-

1899 3865 2066 3927 tibus,
2097 3867 2190 3933 qui
2217 3865 2382 3919 dicit:
2426 3883 2441 3916 l
2473 3864 2665 3919 Adhuc
2692 3873 2745 3920 te
2774 3866 3033 3936 loquente
3054 3868 3232 3922 dicam
3257 3887 3272 3925 :
3296 3887 3315 3920 ι
3337 3869 3479 3926 Ecce

1897 3957 2091 4011 adsum
2111 3957 2191 4024 ";
2225 3972 2244 4008 ι
2288 3957 2509 4025 jurasse
2551 3956 2837 4012 Dominum
2866 3959 3167 4027 reSpondit.
3200 3959 3401 4015 Verum
3426 3963 3477 4017 si

1899 4048 1966 4103 ad
2005 4049 2337 4119 interpretes
2366 4050 2724 4119 Septuaginta
2762 4049 2990 4115 releras,
3020 4059 3102 4106 est
3133 4052 3289 4119 illud,
3326 4056 3471 4125 quod

1898 4139 2061 4205 dixit,
2092 4138 2150 4194 Si
2180 4143 2449 4212 corrigat,
2495 4148 2549 4196 et
2591 4156 2713 4213 qua!
2747 4142 3044 4214 deinceps;
3098 4153 3358 4215 tanquam
3403 4151 3511 4204 ahﬁ

1900 4235 2008 4289 alio
2032 4237 2304 4307 principio
2340 4239 2468 4308 poni
2508 4240 2958 4295 existimandum.
3003 4242 3146 4309 Quid
3170 4253 3253 4299 est
3284 4244 3475 4315 igitur,

1898 4330 2044 4399 quod
2077 4344 2185 4384 non
2217 4345 2278 4385 ea
2304 4345 2568 4398 passuros
2607 4335 2876 4401 amplius,
2922 4350 3044 4403 qua:
3080 4336 3208 4390 olim
3254 4351 3481 4410 propter

222 4404 621 4476 διορθώσωνται
657 4406 848 4461 τύπων
894 4407 1239 4478 παυσάμενοι
1271 4407 1534 4476 νομικῶν,
1577 4407 1677 4475 τὴν
1707 4405 1791 4459 διὰ

1900 4419 2232 4490 impietatem
2253 4431 2590 4485 senserunt,
2634 4436 2761 4476 cum
2789 4432 2874 4478 est
2902 4424 2974 4479 ab
3011 4404 3269 4483 hostibus
3281 4404 3478 4486 eorum

224 4499 461 4561 πίστεως
483 4497 769 4568 δεξάμενοι
791 4501 975 4572 χάριν,
1007 4498 1353 4570 καυχώμενοι
1381 4515 1441 4553 τε
1464 4501 1521 4552 ἐν
1551 4499 1795 4570 Χριστῷ.

224 4590 396 4645 Τοῦτο
423 4594 531 4662 γὰρ
569 4592 629 4646 τὸ
659 4592 854 4646 ποιεῖν
902 4593 1263 4662 ἁγαυρίαμα.
1298 4591 1433 4645 Τότε
1489 4590 1619 4663 γὰρ,
1655 4590 1798 4644 κατὰ

1895 4511 2105 4580 direpta
2135 4511 2318 4581 regio,
2344 4511 2705 4583 jurejurando
2735 4514 3007 4571 allirmat?
3028 4518 3093 4571 At
3118 4534 3225 4574 non
3258 4520 3310 4574 id
3337 4521 3475 4575 sim-

1896 4604 2111 4673 pliciter
2146 4604 2365 4673 quidem
2411 4607 2736 4675 pollicetur;
2775 4606 2871 4663 sed
2905 4610 2949 4665 si
2987 4613 3175 4681 ﬁguris
3208 4612 3478 4684 legalibus

222 4683 313 4736 τὸν
339 4683 503 4736 Δαὸὶδ
532 4681 729 4753 οοητῶς
754 4683 1041 4754 εἰρηκότα,
1087 4702 1106 4735 ι
1137 4684 1276 4747 Τοὺς
1299 4682 1549 4754 καρποὺς
1575 4682 1686 4736 τῶν
1709 4681 1791 4734 πό‹

1895 4694 2220 4764 antiquatis.
2251 4696 2373 4750 lidei
2402 4699 2634 4768 gratiam
2658 4701 2891 4769 amplexi
2914 4702 2966 4755 in
2989 4701 3207 4758 Christo
3232 4681 3473 4775 glorien-

221 4792 327 4828 νων
355 4791 448 4827 σου
479 4773 736 4843 φάγεσαι.
773 4793 793 4827 ι
828 4776 935 4827 Καὶ
977 4774 1121 4829 κατὰ
1152 4773 1386 4838 Παῦλον,
1422 4774 1531 4841 «Ὃ,
1552 4774 1661 4843 γὰρ
1702 4772 1799 4827 ἐὰν

222 4866 422 4936 σπείρῃ
466 4865 790 4937 ἄνθρωπος,
840 4865 1000 4920 τοῦτο
1029 4865 1135 4919 ’καὶ
1175 4865 1404 4938 θερίσει.
1447 4883 1466 4915 ι
1510 4864 1661 4928 Καὶ,
1701 4863 1801 4919 (Ὁ

223 4957 466 5025 σπείρων
508 4958 587 5019 εἰς
628 4958 691 5009 τὸ
724 4957 962 5027 πνεῦμα,
1013 4958 1079 5011 εκ
1107 4957 1202 5011 τοῦ
1238 4956 1547 5027 πνεύματος
1593 4955 1799 5026 θερίσει

223 5047 370 5118 ζωὴν
395 5048 632 5103 αἰώνιον.
665 5068 684 5101 ι
715 5049 887 5102 Πάλαι
910 5050 968 5103 δὲ
995 5050 1087 5103 τὸν
1117 5050 1325 5103 ἑαυτῶν
1346 5049 1560 5130 καρπὸν
1585 5046 1802 5117 ,ϐρῶμα

224 5143 487 5212 παρεῖχον
518 5140 640 5208 τοῖς
672 5141 907 5211 ἐχθροῖς
956 5141 1050 5196 τοῦ
1094 5142 1251 5209 Θεοῦ,
1292 5142 1564 5212 δαιμόνων
1593 5140 1801 5211 τροφὴν

223 5233 325 5297 τὰς
354 5233 564 5287 ἑαυτῶν
607 5235 834 5306 πράξεις
881 5235 1344 5306 ἀπεργαζόμενοι.
1391 5235 1563 5289 Τοῦτο
1608 5234 1667 5288 δὲ
1701 5233 1803 5286 οὐκ

227 5323 381 5376 ἔσται
426 5326 543 5387 τοῖς
605 5325 700 5378 τοῦ
760 5326 883 5378 νέου
957 5326 1522 5397 καταξιωθησομένοις
1578 5325 1800 5390 αἰῶνος,

226 5415 366 5469 ἀλλὰ
403 5416 505 5484 τὴν
557 5416 757 5487 ἀρετὴν
807 5416 1276 5489 κατορθώσαντες,
1306 5417 1414 5472 τῶν
1466 5417 1610 5471 ἰδίων
1655 5433 1796 5487 καρ⁶

1896 4794 2021 4841 tur:
2063 4786 2210 4856 quod
2252 4788 2390 4842 nihil
2443 4789 2592 4845 aliud
2628 4802 2741 4856 est,
2794 4808 2958 4863 quam
2988 4797 3238 4864 gaudium
3279 4798 3474 4867 facere.

1908 4877 2063 4934 Tunc
2089 4882 2235 4934 enim
2261 4882 2406 4951 quod
2434 4898 2640 4938 arcano
2666 4899 2831 4940 sensu
2862 4902 2958 4956 per
2978 4888 3235 4943 Davidem
3268 4891 3473 4945 dictum

1905 4981 1992 5027 est
2011 4988 2024 5024 :
2046 4989 2065 5023 ι
2093 4969 2334 5028 Labores
2352 4988 2611 5028 manuum
2645 4985 2861 5032 tuarum
2881 4979 3242 5033 manducabis
3271 4980 3411 5029 ³⁰·”⁶.
3450 5001 3481 5034 γ

1906 5059 2078 5126 Quale
2110 5068 2199 5116 est
2239 5070 2297 5116 et
2350 5063 2493 5133 apud
2536 5063 2893 5134 Apostolum,
2946 5083 3069 5121 cum
3122 5071 3227 5122 ait:
3262 5087 3280 5119 ι
3320 5070 3479 5137 Quud

1908 5151 2054 5206 enim
2089 5153 2326 5206 seminat
2351 5155 2537 5218 homo,
2599 5155 2835 5225 idipsum
2873 5165 2927 5212 et
2957 5168 3122 5212 metet
3160 5160 3229 5215 “.
3267 5181 3287 5211 ι
3326 5163 3477 5217 Item-

1903 5257 2039 5312 que:
2080 5260 2100 5293 ι
2136 5242 2242 5309 Qui
2264 5245 2502 5299 seminat
2531 5247 2583 5300 in
2618 5247 2836 5315 spiritu,
2878 5248 2945 5302 de
2972 5248 3170 5316 spiritu
3202 5262 3368 5309 metet
3392 5264 3475 5311 vi-

1905 5343 2012 5387 tam
2040 5337 2387 5391 mternam“.
2422 5354 2441 5387 ι
2478 5337 2612 5389 Cum
2652 5346 2830 5391 autem
2881 5338 3090 5394 fructus
3109 5356 3238 5398 suos
3261 5346 3390 5401 olim
3423 5364 3483 5403 ιη

1904 5425 2097 5493 cibum,
2127 5425 2223 5480 Dei
2250 5429 2488 5483 hostibus
2514 5439 2886 5499 suggererent,
2919 5432 3181 5487 damonis
3213 5437 3329 5508 ipsa
3363 5459 3476 5497 SUIS

300 5600 346 5633 “
374 5599 412 5654 ll
441 5600 722 5690 Consus.
777 5605 842 5690 I"
884 5602 1079 5676 Ephcs.
1108 5624 1157 5673 v,
1183 5606 1273 5662 27;
1348 5614 1392 5646 “
1415 5610 1558 5669 Psal.
1584 5628 1675 5678 cn,
1708 5614 1783 5667 ιο.
1863 5613 1909 5644 ’⁸
1931 5613 2034 5668 lsa.
2068 5629 2138 5667 ιιι
2164 5654 2179 5679 ,
2208 5613 2275 5679 6;
2323 5629 2467 5679 Lrnt,
2490 5614 2540 5671 9.
2621 5614 2744 5646 ³⁹·⁴⁰
2784 5613 3206 5690 Psal.cxxvn,2.
3296 5621 3336 5654 “
3368 5619 3480 5677 Ga-

231 5672 326 5728 lat.
385 5677 533 5736 vr.8.
611 5676 812 5729 “Ibid.
