3972 6192
298 241 435 305 ἓϐέῖι

1438 240 1850 304 COMMENTA
1864 239 1976 298 RII
2026 239 2110 299 IN
2169 241 2457 300 ISAIAM.

3350 210 3359 215 ’
3430 241 3573 304 2662

293 354 454 419 λόγον
480 352 574 405 τοῦ
596 352 832 425 Γαϐριὴλ
852 371 865 384 ο
890 354 1059 420 Αὐτὸς
1088 356 1195 426 γὰρ
1225 355 1387 408 σώσει
1418 355 1511 408 τὸν
1538 354 1666 407 λαὸν
1694 352 1880 405 αὐτοῦ.

1989 352 2219 407 salutem
2254 352 2413 407 nobis
2454 364 2692 422 pararet,
2723 364 2775 410 et
2806 355 2912 424 pati
2937 354 3185 426 contigit.
3218 352 3338 420 Quo
3362 353 3562 408 factum

294 442 463 497 Πάλιν
501 443 652 512 ἣξει,
685 446 878 517 κριτὴς
911 447 1047 517 ὁμοῦ
1085 448 1181 500 καὶ
1209 444 1663 516 μισθαποδότης
1688 444 1881 513 ἐσόμε-

290 553 398 597 νος.
434 536 540 590 Καὶ
570 535 684 590 ἀνω
710 537 766 590 δὲ
792 535 976 606 ἔλεγεν
1000 557 1013 569 ·
1053 538 1221 593 Είπὺν
1261 540 1380 602 ταῖς
1412 537 1635 590 πόλεσιν
1687 536 1879 600 Ἰούδα,

291 628 426 680 Ἰδοὺ
457 630 484 681 ὁ
521 627 713 697 μισθὸς
761 628 928 683 αὑτοῦ
974 630 1092 701 μετ’
1139 629 1327 696 αὐτοῦ,
1371 629 1468 682 καὶ
1500 629 1568 682 τὰ
1608 627 1692 697 ἐφ’
1730 627 1878 697 ἑξῆς.

302 719 450 771 ’Λντὶ
479 718 536 771 δὲ
563 718 657 772 τοῦ
678 760 693 782 ,
730 720 829 773 καὶ
869 720 1117 775 καλέσει
1161 721 1375 775 αὐτόν·
1433 718 1656 785 αὐτοὺς
1687 717 1880 782 ἐξέδω-

290 828 395 863 καν
424 812 471 864 οί
501 810 698 877 λοιποὶ,
725 810 925 882 δηλαδὴ
946 813 1070 876 τοὺς
1098 811 1538 882 σωθησομένους.
1556 811 1621 865 Ἦ
1654 810 1754 881 μὲν
1786 805 1909 869 οῦν,

290 900 534 968 ἐπίγειος
572 900 965 971 Ἰερουσαλὴμ
1005 899 1594 971 ἐγκαταλελειμμένη
1633 900 1877 969 λέγεται,

289 990 432 1068 αὕτη
463 992 518 1046 δὲ
540 992 997 1064 ἐπιζητουμένη.
1046 994 1106 1049 '0
1151 994 1260 1066 γὰρ
1306 994 1476 1047 ἐλθὼν
1505 992 1755 1062 ζητῆσαι
1787 992 1882 1046 καὶ

290 1085 464 1138 σῶσαι
514 1085 572 1138 τὸ
602 1085 898 1151 ἀπολωλὸς,
938 1078 1095 1151 οὗτος
1152 1086 1331 1157 εὑρὼν
1372 1086 1505 1141 αὐτὸ
1554 1087 1647 1140 καὶ
1677 1085 1878 1150 σώσας,

286 1178 388 1229 οὑκ
414 1176 493 1229 ἔτι
519 1177 816 1231 ἀπολέσθαι
847 1177 981 1230 αὐτὸ
1031 1174 1403 1248 συγχωρήσει.
1459 1178 1614 1239 Τινὲς
1653 1177 1710 1231 δὲ
1753 1176 1882 1248 περὶ

289 1269 389 1337 τῆς
436 1269 661 1340 πρώτης
703 1269 1013 1340 παρουσίας
1048 1270 1138 1324 τὸν
1177 1270 1336 1338 λόγον
1387 1268 1662 1337 ἐξέλαϐον.
1706 1270 1883 1335 Eua?-

290 1362 609 1428 τελέσασθαι
658 1361 715 1415 δὲ
767 1362 982 1416 κελεύει
1036 1363 1209 1428 Σιὼν,
1264 1359 1344 1425 οἷς
1386 1363 1482 1415 καὶ
1534 1362 1632 1425 τὰς
1681 1363 1882 1427 πύλας

248 1476 251 1479 ν
290 1453 600 1521 ἀνοιγνῦναι
639 1454 1064 1525 παρεκελεύετο.
1108 1455 1348 1527 Πάρεστι
1395 1453 1451 1507 δὲ
1509 1453 1724 1522 μαθεῖν,
1757 1454 1883 1507 ὅσον

290 1544 384 1597 τοῦ
421 1545 675 1615 Σωτῆρος
720 1546 814 1598 καὶ
852 1545 960 1599 τῶν
992 1545 1251 1616 μαθητῶν
1291 1546 1350 1600 τὸ
1379 1546 1656 1617 διάφορον.
1689 1545 1752 1596 Οί
1784 1546 1883 1615 μὲν

291 1635 397 1705 γὰρ
436 1634 727 1697 καλοῦντες
763 1638 845 1699 εἰς
876 1637 1128 1702 εὐζωῖαν,
1176 1639 1274 1701 τὰς
1307 1639 1370 1691 ὲκ
1402 1636 1539 1691 Θεοῦ
1586 1636 1879 1708 διεκήρυτ-

290 1744 378 1779 τον
424 1726 658 1796 ἀμοιϐάς
683 1744 696 1757 ·
729 1727 845 1781 ἀλλ’
894 1730 994 1783 οὐκ
1043 1730 1198 1782 αὐτοὶ
1228 1731 1586 1800 χαρισμάτων
1636 1725 1776 1801 ἦσαν
1800 1729 1884 1782 δο-
1915 1702 1957 1756 Β

288 1822 456 1892 τῆρες
490 1812 880 1891 πνευματικῶν
901 1839 913 1853 ⁶
946 1825 973 1876 ὁ
998 1823 1055 1876 δὲ
1096 1824 1321 1891 Σωτὴρ,
1352 1825 1427 1887 ὼς
1459 1824 1611 1887 Θεές,
1640 1823 1886 1892 διανέμει

293 1913 540 1983 μισθούς.
582 1914 793 1968 Οὐκοῦν
827 1915 920 1968 καὶ
966 1916 1058 1969 τὸν
1107 1917 1341 1969 ἑκάστου
1371 1918 1574 1987 τρόπον
1615 1917 1738 1986 ὁρᾷ.
1776 1915 1886 1968 Καὶ

287 2004 445 2059 τοῦτο
472 2006 529 2058 δὲ
571 2006 733 2076 μόνου
785 2006 943 2060 Θεοῦ.
989 2007 1305 2077 Γέγραπται
1346 2008 1477 2078 γὰρ,
1528 2008 1611 2060 ὅτι
1651 2005 1886 2059 ἐνώπιόν

287 2097 394 2148 είσι
424 2095 530 2148 τῶν
552 2096 646 2150 τοῦ
681 2096 815 2151 Θεοῦ
862 2096 1155 2168 ὀφθαλμῶν
1183 2099 1294 2152 ὁδοὶ
1341 2100 1555 2170 ἀνδρὸς,
1585 2101 1664 2163 είς
1690 2099 1746 2152 δὲ
1779 2102 1886 2153 πά-

288 2199 387 2246 σας
427 2183 526 2247 τὰς
557 2185 808 2256 τροχείας
848 2186 1013 2240 αὐτοῦ
1051 2188 1336 2242 σκοπεύει.
1373 2187 1679 2259 Τοιγαροῦν
1715 2188 1880 2258 οὐρα-

288 2274 382 2328 νοῦ
411 2276 509 2339 τὰς
533 2276 681 2339 κλεῖς
709 2277 901 2349 Πέτρῳ
927 2276 1169 2350 παρ’ἐσχε
1199 2280 1383 2343 καλῶς
1406 2280 1505 2352 τὴν
1538 2279 1723 2332 πίστιν
1749 2282 1882 2349 ὁμο-

290 2363 604 2432 λογήσαντι,
656 2368 749 2421 καὶ
789 2368 850 2421 τὸ
891 2368 1152 2422 δύνασθαι
1212 2370 1430 2440 δεσμεῖν
1474 2386 1533 2422 τε
1586 2370 1681 2439 καὶ
1710 2369 1880 2424 λύειν.

308 2456 628 2527 Ἐχαρίσατο
679 2457 737 2510 δὲ
796 2460 890 2512 καὶ
940 2463 1075 2513 πᾶσι
1126 2464 1237 2526 τοῖς
1293 2462 1564 2530 μαθηταῖς
1609 2460 1669 2513 τὸ
1707 2462 1885 2513 πᾶσαν

296 2548 448 2600 νόσον
484 2547 578 2599 καὶ
599 2548 874 2618 μαλακίαν
905 2549 1232 2622 θεραπεύειν
1259 2553 1315 2605 ὲν
1339 2551 1417 2621 τῷ
1448 2552 1615 2622 λόγῳ.
1646 2553 1886 2606 Μισθύν-

296 2656 353 2692 τε
385 2638 672 2709 ὁμολογίας
695 2640 876 2695 δίδωσι
903 2642 980 2715 τῷ
1003 2643 1175 2716 ληστῇ
1200 2645 1264 2697 τό
1285 2661 1298 2675 ο
1330 2645 1580 2716 Σήμερον
1611 2646 1728 2717 μετ’
1751 2644 1885 2715 ἐμοῦ

297 2730 396 2801 εση
422 2734 478 2785 ὲν
506 2731 582 2804 τῷ
618 2733 950 2805 παραδείσῳ.
979 2735 1202 2791 Ἐλθὼν
1223 2736 1303 2802 δὲ,
1336 2736 1490 2806 φησὶ,
1520 2738 1642 2800 τοὺς
1668 2738 1887 2792 πιστεύ-

300 2839 493 2886 σαντας
517 2824 766 2878 καλέσει
805 2827 963 2879 λαὸν
988 2820 1450 2896 λελυτρωμένον
1482 2826 1600 2882 ὑπὸ
1632 2831 1881 2897 Κυρίου.

299 2916 373 2969 Οὐ
411 2916 517 2988 γὰρ
550 2915 813 2986 πρέσϐυς,
859 2918 960 2970 οὐκ
1008 2917 1242 2985 ἄγγελος
1267 2956 1283 2979 ,
1325 2917 1442 2971 ἀλλ’
1478 2919 1642 2982 αὐτὸς
1677 2920 1885 2988 Κύριος

1984 452 2091 507 est,
2122 454 2180 499 ut
2203 445 2371 507 idem,
2400 447 2703 501 secundum
2724 446 2999 502 Cabrielis
3037 462 3248 509 vocem,
3272 446 3424 499 Jesus
3444 445 3567 499 ideo

1986 534 2319 598 nominetur,
2351 538 2494 604 quod
2531 536 2792 605 populum
2818 531 2980 591 suum
3004 538 3318 592 salvaturus
3334 546 3479 591 esset
3493 534 3563 589 ιο.

1995 629 2174 683 Veniet
2204 645 2421 685 rursum
2449 630 2619 699 judex
2653 630 2796 686 idem
2828 633 3184 704 mercedisque
3214 632 3450 687 tributor
3482 630 3566 684 fu-

1985 728 2165 789 turus,
2191 721 2346 791 juxta
2373 722 2518 791 quod
2551 731 2681 777 ante
2704 724 2993 793 usurpavit
3023 725 3111 780 his
3133 725 3315 779 verbis
3342 741 3355 777 :
3395 741 3413 773 ι
3444 722 3564 776 Dixi

1984 811 2302 869 civitatibus
2331 811 2527 869 Judae:
2567 814 2707 870 Ecce
2747 828 2962 870 merces
3013 815 3133 884 ejus
3178 831 3301 870 cum
3341 829 3406 869 eo
3433 814 3500 878 ⁸ο,
3538 832 3557 865 ι

1982 911 2036 958 ct
2063 918 2183 974 quae
2222 904 2507 975 deinceps.
2570 906 2769 961 Verum
2799 921 2908 975 quo
2939 906 3060 960 loco
3090 904 3158 958 Et
3201 904 3405 983 vocabit
3443 921 3563 958 eum

1984 994 2267 1062 habemus,
2296 1013 2383 1051 eos
2410 999 2905 1054 dixeruntcarteri:
2942 1005 3001 1052 ut
3029 997 3096 1051 de
3125 997 3192 1051 iis
3215 998 3305 1067 qui
3332 997 3581 1052 salutem

1983 1088 2335 1143 consecuturi
2373 1100 2527 1155 sunt,
2567 1091 2795 1162 intelligi
2819 1089 3209 1160 signiﬁcarent.
3248 1089 3377 1154 Quae
3400 1089 3567 1158 igitur

1983 1178 2264 1232 terrestris
2297 1185 2382 1234 est
2402 1177 2744 1246 Jerusalem,
2786 1180 3038 1234 derelicta
3062 1180 3293 1243 dicitur;
3326 1179 3439 1233 haec
3470 1194 3567 1234 au-

1983 1275 2091 1321 tem
2132 1270 2407 1336 requisita.
2453 1269 2730 1336 Quienim
2764 1273 2950 1339 venit,
2996 1280 3053 1325 ut
3104 1270 3248 1340 quod
3294 1272 3563 1339 perierat,

1982 1367 2242 1425 quwreret
2285 1367 2333 1414 el
2360 1361 2636 1416 salvaret:
2681 1362 2821 1417 idem
2855 1362 3000 1432 quod
3031 1364 3239 1416 invenit
3297 1370 3351 1414 ct
3384 1362 3565 1415 salva-

1984 1452 2082 1514 vit,
2115 1453 2296 1522 perire
2323 1454 2563 1524 amplius
2612 1472 2720 1510 nou
2752 1457 2917 1511 sinet.
2968 1455 3086 1509 Non
3118 1456 3318 1510 dcsunt
3362 1463 3563 1518 tamen,

1985 1544 2076 1611 qui
2113 1544 2177 1596 ad
2216 1545 2452 1614 priorem
2507 1548 2803 1601 adventum
2852 1551 3181 1601 retulerunt.
3216 1547 3378 1600 .lubet
3401 1561 3566 1615 porro

1988 1634 2142 1687 δῖοιιὶ
2167 1649 2263 1689 eos
2297 1638 2701 1707 evangelizare,
2731 1621 2935 1707 quibus
2960 1640 3122 1691 etiam
3150 1650 3332 1708 portas
3357 1640 3569 1707 aperire

1991 1726 2360 1794 praecipiebat.
2410 1725 2466 1781 In
2514 1743 2622 1795 quo
2665 1728 2878 1783 discere
2926 1741 3038 1791 est,
3069 1740 3274 1798 quanta
3324 1730 3395 1783 sit
3427 1730 3568 1781 inter

1992 1814 2334 1871 Salvatorcm
2364 1828 2417 1873 ct
2440 1820 2748 1888 discipulos
2782 1808 3113 1875 differentia;
3153 1821 3213 1874 lli
3241 1822 3405 1883 enim,
3441 1835 3564 1872 cum

1990 1910 2058 1963 ad
2085 1910 2210 1964 vitae
2257 1911 2584 1980 probitatem
2616 1912 2991 1975 hortarentur,
3041 1927 3136 1966 eas
3171 1920 3413 1975 tantum,
3447 1925 3568 1980 qua:

1989 2017 2018 2057 a
2052 2002 2161 2056 Deo
2190 2011 2369 2069 erant,
2403 2004 2799 2057 retributiones
2831 2004 3219 2072 praedicabant,
3253 2018 3376 2056 cum
3406 2003 3568 2069 spiri-

1990 2094 2168 2149 tuales
2201 2093 2277 2147 illi
2312 2094 2520 2164 gratias
2549 2094 2773 2148 minime
2804 2094 3160 2164 largire-ritur,
3198 2098 3290 2148 sed
3320 2092 3569 2147 Salvator

1988 2184 2431 2255 ipse,tanquam
2485 2183 2857 2251 Deusycujus
2913 2194 2997 2237 est
3053 2185 3357 2239 mercedem
3408 2189 3568 2237 retii-

1988 2275 2174 2329 liuere.
2224 2273 2379 2327 Videt
2414 2275 2580 2342 igitur
2605 2287 2658 2327 et
2691 2274 3034 2343 singulorum
3066 2289 3278 2337 mores;
3309 2275 3452 2342 qttod
3482 2280 3568 2326 cst

1989 2367 2152 2421 unius
2180 2373 2390 2431 tantum
2429 2365 2518 2419 Dei
2549 2367 2851 2435 proprium.
2894 2364 3169 2419 SCl'llJllUl‘
3195 2367 3363 2427 enim,
3390 2364 3568 2418 oculis

1991 2456 2084 2510 Dei
2118 2456 2232 2511 vias
2268 2455 2506 2510 hominis
2545 2464 2754 2525 patere,
2790 2471 3090 2525 omnesque
3127 2456 3290 2525 hujus
3340 2462 3567 2510 semitas

1987 2548 2236 2602 eumdem
2270 2547 2474 2602 intueri
2497 2549 2562 2601 “.
2583 2548 2763 2618 Atque
2792 2549 2917 2603 inde
2951 2557 3058 2612 est,
3082 2549 3226 2618 quod
3256 2548 3418 2602 Petro
3442 2548 3566 2604 coeli

1988 2640 2169 2693 claves
2201 2639 2465 2703 tradidit,
2521 2639 2786 2710 adjuncta
2823 2640 3027 2712 ligandi
3077 2640 3435 2710 solvendique
3468 2655 3567 2709 νο-

1990 2738 2204 2795 testate,
2243 2747 2369 2787 cum
2407 2732 2696 2801 pulchram
2743 2733 2869 2787 ﬁdei
2919 2731 3328 2786 confessionem
3364 2732 3569 2786 edidis-

1988 2824 2155 2878 set".
2197 2825 2327 2878 Eam
2357 2840 2488 2880 vero
2514 2825 2831 2879 facultatem
2874 2826 3040 2896 716
3065 2823 3289 2879 tradidit
3318 2833 3370 2880 ct
3396 2824 3567 2879 disci-

1990 2916 2133 2985 pulis
2190 2917 2484 2981 omnibus,
2540 2927 2601 2971 ut
2646 2917 2896 2971 morbum
2941 2931 3190 2977 omnem,
3244 2930 3570 2982 omnemque

299 3008 499 3062 ἔσωσεν
528 3010 691 3080 ἦμᾶς.
730 3006 1238 3077 Ἐπιζῆτουμένην
1273 3009 1330 3062 δὲ
1389 3009 1693 3078 κληθῆναί
1730 3029 1883 3081 φησι,

1994 3007 2364 3061 infirmitatem
2400 3010 2566 3063 vcrho
2615 3006 3066 3078 persanarent”.
3118 3005 3336 3061 Tribuit
3373 3019 3419 3059 et
3463 3005 3570 3059 La-

297 3100 443 3155 τοῦτ’
489 3102 607 3154 ἔστι
657 3100 879 3171 μνήμης
921 3099 1268 3172 ἀξιουμένην.
1304 3101 1529 3153 Τοιοῦτο
1570 3103 1680 3173 γὰρ
1705 3105 1767 3157 τὸ
1789 3104 1887 3174 ζη-

298 3194 609 3263 τούμενον.
654 3192 720 3247 Ἦ
765 3193 822 3247 δὲ
846 3191 1036 3265 πρώτη
1062 3194 1289 3263 γέγονεν
1316 3193 1882 3267 ὲγκαταλελειμμένη,

296 3284 395 3338 Διὰ
443 3285 552 3356 γὰρ
607 3282 873 3355 Ἰερεμίου
938 3286 1138 3355 φησίνο
1206 3305 1223 3336 ι
1263 3283 1730 3353 Ἐγκαταλὲλοιπα
1794 3292 1885 3343 τὸν

298 3368 447 3427 οἶκόν
494 3390 616 3442 μου,
665 3372 855 3442 ἀφῆκα
900 3372 997 3442 τὴν
1050 3372 1436 3442 κληρονομίαν.
1477 3392 1495 3423 ι
1547 3375 1656 3428 Καὶ
1708 3378 1736 3429 ὁ
1774 3377 1886 3430 Σω-

297 3466 405 3535 τὴρ
452 3464 509 3517 δέ
543 3481 743 3536 φησιν·
792 3483 809 3516 ι
850 3462 985 3517 Ἰδοὺ
1032 3464 1254 3532 ἀφίεται
1286 3464 1415 3533 ὑμῖν
1464 3465 1492 3517 ὁ
1529 3460 1678 3530 οἷκος
1728 3468 1883 3537 ὑμῶν

304 3554 528 3624 ἔρημος.
564 3572 582 3606 ι

1995 3098 2138 3153 troni
2167 3098 2538 3156 confessionis
2570 3100 2882 3164 mercedem,
2929 3115 3053 3154 cum
3086 3113 3153 3153 eo
3193 3096 3279 3174 die
3302 3114 3488 3153 secum
3516 3100 3568 3151 in

1994 3189 2246 3259 paradiso
2272 3188 2513 3244 futurum
2534 3206 2657 3245 eum
2681 3191 2963 3261 pollicitus
2986 3198 3070 3244 est
3087 3190 3155 3244 5".
3178 3190 3280 3246 Ubi
3299 3205 3462 3259 porro
3486 3206 3570 3244 ee-

1991 3284 2147 3346 nerit,
2182 3283 2377 3353 inquit,
2408 3297 2525 3337 'eos
2552 3283 2646 3352 qui
2685 3258 3064 3359 ci‘ediderunt,
3095 3285 3345 3351 populum
3376 3282 3572 3336 redem-

1990 3387 2139 3446 ptum
2162 3393 2192 3429 a
2216 3375 2437 3429 Domino
2456 3375 2680 3432 vocabit.
2703 3372 2821 3428 Non
2845 3375 2989 3430 enim
3012 3374 3254 3444 legatus,
3271 3390 3378 3428 non
3406 3390 3572 3443 ange-

1990 3468 2099 3529 lus,
2126 3469 2222 3522 sed
2266 3468 2383 3537 ipse
2421 3468 2689 3523 Dominus
2711 3468 3065 3522 salvavitnos
3086 3466 3153 3522 ".
3187 3466 3275 3519 Ait
3313 3477 3572 3535 praeterea

1990 3540 2297 3628 requisitam
2334 3575 2448 3613 esse
2497 3570 2759 3625 vocatam,
2817 3560 2869 3612 id
2911 3569 2996 3613 est
3054 3559 3316 3613 memoria
3350 3557 3571 3628 dignam

304 3641 543 3697 habitam
567 3663 580 3699 :
614 3645 921 3717 cuiusmodi
943 3651 1053 3711 est,
1073 3643 1217 3714 quod
1249 3645 1529 3715 quwrilur.
1561 3643 1654 3701 Est
1681 3662 1880 3716 porro,
1905 3668 2025 3723 quae
2045 3653 2220 3722 prima
2249 3651 2372 3716 fuit,
2397 3650 2609 3704 relicta.
2634 3650 2724 3703 Sic
2748 3650 2891 3704 enim
2923 3647 3211 3704 Jeremias:
3252 3667 3270 3700 ι
3299 3648 3570 3717 Dereliqui

305 3735 523 3791 domum
558 3752 755 3804 meam,
785 3738 969 3795 dimisi
1002 3737 1373 3794 hereditatem
1408 3752 1583 3793 meam
1604 3739 1674 3793 ⁸⁸.
1706 3759 1724 3792 ι
1756 3741 1820 3797 Et
1866 3743 1883 3797 ε

1988 3757 2155 3801 'ator:
2189 3764 2208 3797 ι
2247 3743 2386 3799 Ecce
2415 3745 2762 3813 relinquetur
2784 3743 2979 3798 domus
3001 3751 3183 3798 vestra
3214 3744 3431 3798 deserta
3451 3742 3516 3795 ⁸⁷.
3546 3756 3564 3786 ›

375 3826 531 3892 Τινὲς
562 3828 619 3883 δὲ
650 3829 713 3882 τὸ
739 3833 847 3883 πᾶν
887 3829 1061 3892 οὕτως
1101 3828 1308 3884 ἀνωθεν
1338 3829 1697 3903 ἐξηγήσαντο.
1732 3833 1883 3899 Ἔθος

2066 3838 2207 3893 Sunt
2231 3852 2360 3891 vero
2392 3837 2665 3901 nonnulli,
2700 3837 2793 3906 qui
2830 3838 3132 3891 totumhoc
3155 3836 3400 3890 abinitio
3426 3837 3571 3889 hunc

309 3921 416 3983 τοῖς
440 3922 748 3991 προφήταις
791 3920 876 3989 ἐφ’
925 3916 1007 3985 οἷς
1042 3921 1452 3992 προθεωροῦσιν
1498 3926 1747 3998 ἀνιαροῖς
1793 3927 1883 3997 μὲι

1993 3925 2049 3979 in
2085 3925 2305 3980 modum
2337 3924 2631 3994 explicent.
2674 3922 2948 3979 Usitatum
2981 3932 3065 3978 est
3087 3923 3368 3993 prepltetis
3399 3924 3468 3977 ob
3507 3939 3570 3977 ea

309 4012 541 4076 πενθεῖν,
579 4011 804 4079 ἀγαθοῖς
835 4012 892 4065 δὲ
929 4011 1050 4065 λίαν
1068 4014 1519 4090 εὐφραίνεσθαι·
1553 4016 1582 4069 ὅ
1616 4019 1712 4071 καὶ
1740 4016 1883 4071 νῦνὲ

1990 4030 2113 4084 quae
2161 4014 2380 4079 vident,
2422 4015 2468 4067 si
2519 4014 2744 4066 molesta
2811 4019 2961 4075 sunt,
3014 4012 3226 4081 lugere;
3277 4011 3320 4064 si
3369 4009 3569 4074 fausta,

313 4105 589 4175 προφήτης
620 4106 781 4157 ποιεῖ.
815 4104 1324 4177 Εὑαγγελισάμενος
1370 4108 1479 4182 γὰρ
1512 4107 1607 4162 τοῦ
1640 4110 1883 4182 Σωτῆρος

1994 4107 2172 4160 trctari
2196 4120 2362 4176 quam
2397 4107 2670 4160 maxime:
2698 4104 2845 4173 quod
2876 4115 2928 4160 et
2954 4104 3055 4160 hoc
3074 4105 3195 4158 loco
3226 4101 3354 4158 facit
3378 4104 3567 4159 Isaias.

307 4195 405 4265 τὴν
432 4194 634 4263 ἄφιξιν,
658 4198 753 4249 καὶ
780 4197 879 4266 τὴν
902 4194 1159 4252 ἀπάντων
1198 4180 1495 4269 σωτηρίαν,
1527 4199 1690 4252 αὐτόν
1714 4180 1883 4253 τεντὺν

1995 4197 2130 4252 Cum
2164 4198 2308 4251 enim
2343 4197 2647 4252 Salvatoris
2669 4197 2985 4261 adventum,
3012 4196 3296 4265 ipsamque
3322 4194 3566 4249 omnium

307 4288 541 4355 Χριστὸν
589 4285 1003 4359 ἐνδυσάμενος
1051 4283 1136 4360 (ᾧ
1185 4289 1537 4359 κοσμεῖται,
1584 4291 1680 4344 καὶ
1735 4308 1883 4361 περι-

1995 4289 2231 4345 salutcm
2262 4288 2682 4353 aununtiasset;
2709 4301 2833 4340 cum
2860 4285 3142 4339 Christum
3166 4284 3422 4352 denique,
3458 4298 3568 4354 quo

308 4377 605 4451 ὁαλλεται),
637 4379 999 4450 πανηγυρίζει
1027 4379 1106 4452 τῷ
1138 4378 1413 4449 πνεύματι
1450 4379 1691 4435 διάθεσιν
1722 4379 1881 4451 ἔχων,

304 4467 369 4538 ἢν
419 4468 639 4540 ἀνέσχε
692 4471 1019 4536 νεανίσκος
1058 4468 1197 4542 πρὸς
1229 4469 1555 4537 παρθένον,
1604 4471 1695 4525 καὶ
1723 4470 1885 4535 αὐτὸς

309 4557 483 4613 συνὼν
508 4559 586 4630 τῷ
624 4560 865 4631 Χριστῷ.
898 4560 972 4614 Τὸ
1015 4561 1112 4626 δὲ,
1149 4560 1228 4626 ὡς
1265 4560 1344 4630 γῆ
1394 4561 1671 4626 αὔξουσα
1699 4562 1882 4627 ἄνθος

306 4650 516 4719 αὐτῆς,
543 4649 694 4721 δηλοῖ
726 4652 852 4715 τοὺς
886 4654 1007 4716 ταῖς
1051 4651 1251 4722 ψυχαῖς
1289 4652 1745 4723 ὲναποκειμένους
1796 4652 1887 4706 λό-

309 4760 437 4813 γους
466 4742 933 4813 σπερματικοὺς,
955 4742 1336 4807 ὁδοποιοῦντας
1377 4743 1618 4813 Χριστῷ.
1664 4744 1753 4806 Ὠς
1781 4743 1887 4813 γὰρ

308 4833 575 4904 ὀφθαλμοὶ
627 4833 951 4902 συγγένειαν
992 4832 1205 4903 ἔχοντες
1248 4834 1387 4906 πρὸς
1433 4834 1508 4889 ,τὸ
1541 4833 1686 4904 φῶς,
1718 4835 1886 4888 ἔπειθ’

306 4925 375 4979 ἀν
418 4926 589 4996 παρῇ,
627 4924 942 4993 βλέπουσιν,
985 4924 1160 4989 οὓτως
1206 4926 1588 4991 ἀνατείλαντος
1622 4927 1884 4998 Χριστοῦ,

308 5020 374 5089 τῇ
402 5018 460 5070 ἐν
491 5019 622 5088 ἡμῖν
667 5016 1063 5087 ἐπιτηδειότητι
1120 5017 1436 5089 λάμπομεν,
1471 5019 1633 5081 εὐθὺς
1663 5019 1723 5071 τὸ
1754 5036 1882 5071 σκο-

309 5115 481 5171 τεινὸν
509 5115 863 5186 ἀποθέμενοι.
903 5115 988 5178 Ὦς
1017 5117 1080 5169 ὲκ
1110 5115 1264 5186 ῥίζης
1306 5115 1364 5169 δὲ
1404 5114 1499 5168 τοῦ
1547 5114 1762 5185 Ἰσραὴλ
1789 5114 1885 5168 καὶ

309 5208 436 5274 τοῖς
456 5207 657 5264 ἔθνεσι
672 5206 991 5277 φανεῖσθαι
1016 5206 1163 5276 λέγει
1193 5208 1308 5276 τὴν
1336 5208 1727 5277 ἀγαλλίασιν.
1751 5202 1885 5261 Εἶτα

306 5302 398 5354 ἶνα
433 5298 509 5371 μὴ
540 5298 668 5373 δόξῃ
699 5298 813 5367 τὴν
847 5298 1248 5367 Ἰερουσαλὴμ
1292 5301 1595 5370 ἀφηκέναι,
1636 5300 1749 5352 Οὐκ
1787 5300 1884 5352 ἀν-

310 5390 448 5457 ήσω,
473 5390 629 5462 φησὶ,
650 5390 749 5463 τὴν
768 5391 975 5446 ἀνωθεν
1006 5391 1212 5460 σχέσιν,
1245 5392 1339 5444 καὶ
1354 5392 1422 5444 τὰ
1451 5392 1655 5461 ταύτης
1679 5388 1872 5460 σεμνά.

1991 4388 2215 4432 ornatur
2256 4386 2312 4434 et
2359 4378 2635 4448 cingitur,
2679 4377 2937 4431 induisset
2971 4391 2990 4431 :
3039 4375 3415 4431 vehementius
3452 4374 3566 4445 jam

1993 4471 2191 4541 spiritu
2223 4471 2505 4537 exsultat,
2554 4472 2645 4539 qui
2678 4471 2929 4525 eumdem
2966 4469 3208 4522 animum
3241 4475 3418 4537 gerat,
3456 4483 3566 4537 quo

1994 4563 2063 4616 sit
2095 4578 2223 4634 erga
2255 4562 2508 4633 virginem
2530 4563 2741 4632 juvenis
2770 4577 2895 4616 cum
2924 4560 3145 4616 Christo
3209 4559 3373 4615 etiam
3416 4562 3566 4615 exsi-

1994 4663 2167 4711 stcus.
2226 4656 2383 4722 Quod
2437 4655 2639 4711 deinde
2702 4666 2954 4725 tanquam
2989 4663 3162 4717 terra,
3195 4669 3311 4724 quia
3365 4657 3565 4722 profert

1988 4765 2160 4803 semen
2182 4765 2358 4814 suum,
2392 4748 2613 4817 adjicit;
2654 4747 2940 4803 recondita
2967 4747 3020 4801 in
3055 4747 3255 4801 animis
3289 4746 3563 4800 rationum

1996 4842 2227 4909 semina,
2259 4857 2378 4910 quae
2407 4842 2475 4895 ad
2510 4841 2791 4896 Christum
2829 4856 2970 4894 viam
3013 4840 3241 4903 faciant,
3285 4839 3561 4908 intelligit.

1988 4933 2057 4989 Ut
2087 4934 2231 4989 enim
2264 4934 2410 4989 oculi
2450 4949 2575 4988 cum
2614 4934 2728 4988 luce
2769 4932 3153 5005 cognationem
3196 4932 3483 4995 habentes,
3517 4930 3563 4983 si

1991 5027 2081 5082 illa
2111 5042 2221 5081 non
2248 5026 2415 5090 desit,
2447 5040 2682 5081 cernunt
2708 5044 2720 5080 ε
2780 5028 2862 5081 sic
2906 5026 3130 5080 Christo
3156 5024 3472 5081 exoriente.
3517 5021 3562 5075 si

1992 5116 2148 5170 nobis
2185 5115 2329 5170 adsit
2365 5116 2646 5186 aptitudo,
2684 5114 2884 5183 fugatis
2926 5127 3086 5182 quam
3135 5112 3371 5180 primum
3413 5120 3565 5163 tene-

1989 5207 2104 5262 bris
2128 5208 2521 5262 illuminamur.
2547 5206 2808 5261 Utautem
2828 5223 2893 5261 ex
2922 5205 3139 5259 Israelis
3165 5208 3335 5274 stirpe
3368 5220 3565 5274 propa-

1990 5299 2169 5367 gatis;
2199 5300 2278 5354 sic
2304 5308 2357 5354 et
2374 5299 2616 5368 gentibus
2660 5300 2825 5353 etiam
2877 5298 3121 5350 lwtitiam
3167 5298 3327 5351 istam
3351 5296 3560 5364 conspi-

1983 5406 2138 5444 cuam
2172 5390 2285 5460 fore
2325 5391 2577 5445 aﬁirmal.
2620 5390 2825 5445 Deinde
2872 5407 2938 5444 ne
2983 5388 3284 5443 Jerusalem
3311 5391 3563 5444 deserere

381 5571 428 5604 δ’
456 5567 645 5625 Matth.
670 5569 975 5637 I,2|;Luc.
1008 5586 1045 5628 ι.
1079 5571 1168 5624 51.
1245 5569 1290 5601 ⁸ο
1324 5571 1427 5622 lsa.
1455 5584 1546 5631 ιιι,
1582 5566 1677 5632 ll);
1710 5566 1883 5637 an,l

2038 5568 2079 5600 ει
2122 5565 2492 5637 ιντοωνιηε.
2569 5566 2613 5597 σε
2649 5542 2991 5629 ιιςηιιιξχνι,
3035 5564 3219 5619 ιιι-ιι).
3299 5564 3562 5620 "Matth.

312 5654 377 5704 ι,
429 5646 478 5699 8ο

585 5642 631 5673 ⁸⁵
661 5642 794 5697 Luc.
823 5656 977 5707 XXIII,
1018 5642 1106 5695 45.
1183 5640 1227 5673 ⁵⁵
1269 5638 1369 5694 lsa.
1416 5653 1580 5715 unt,
1610 5638 1663 5691 9.
1748 5638 1791 5667 '°
1828 5636 2029 5692 ,πει-οη».
2068 5653 2165 5702 ιιι,
2200 5637 2254 5692 7.

2326 5638 2368 5668 ⁵⁷
2402 5634 2593 5688 Matth.
2628 5652 2783 5699 uiti,
2814 5638 2908 5690 58.
