3976 6210
506 320 650 386 26.33

1820 326 2171 390 PROCOPII
2198 326 2446 391 GAZAZl

3633 358 3750 421 26M

512 438 803 503 videatur;
846 452 957 493 non
1008 448 1126 493 eam
1163 453 1224 495 se
1257 452 1381 495 csse
1413 436 1880 503 familiaritatem,
1932 458 2091 511 quam

2203 443 2293 541 Διρ
2342 444 2563 541 πρῶτον
2608 444 2747 541 προς
2789 448 2854 502 τὰ
2906 449 3228 508 ἀπολωλότα
3280 457 3526 527 πρόϐατα
3571 463 3751 541 Ἰσραὴλ

456 554 463 559 ι
507 536 671 580 antea
701 541 827 580 cum
858 525 947 579 illa
983 526 1194 587 habuit,
1225 536 1285 580 ut
1316 542 1419 580 nec
1440 527 1687 595 ejusdem
1718 529 1837 582 loca
1862 538 2095 600 augusta

507 620 857 684 relicturum,
904 619 1118 689 adjicit.
1170 619 1294 685 Quo
1341 618 1544 673 factum
1583 624 1700 686 est,
1743 630 1801 674 ιιι
1846 622 1915 677 ad
1964 636 2096 678 oves

507 714 749 784 primum
789 712 993 777 Israel,
1051 724 1174 784 qme
1205 713 1524 784 perierant,
1564 714 1869 783 discipulos
1908 715 2094 770 mitte-

507 812 591 857 rct
617 804 699 858 ⁸⁸ε
744 812 799 859 et
838 804 982 875 apud
1022 803 1547 876 Symphmnissam,
1588 816 1757 861 canes
1788 820 1883 861 eos
1907 804 2092 877 appel-

507 900 619 953 lare
670 914 779 955 non
810 900 1092 956 dubitaret
1111 902 1192 967 ⁵³,
1243 901 1338 972 qui
1385 909 1576 972 postea
1608 903 1664 956 in
1716 901 1859 957 ﬁlios
1910 910 2096 958 essent

505 995 886 1063 computandi.
944 993 1076 1048 Erat
1116 996 1265 1049 enim
1317 995 1423 1066 ipsi
1467 1009 1671 1065 scopus
1718 994 1807 1049 hic
1841 996 2094 1066 proposi-

503 1093 629 1150 tus,
668 1095 727 1138 ut
777 1086 864 1139 isti
893 1086 1113 1156 quidem
1145 1086 1625 1151 illuminat-antur;
1669 1086 1749 1140 illi
1782 1096 1961 1140 autem
2001 1101 2094 1141 ne-

503 1190 781 1246 quaquam
822 1177 1164 1233 exciderent.
1190 1177 1297 1232 Sed
1314 1180 1606 1247 oportebat
1629 1194 1722 1233 eos
1747 1179 1903 1249 prius
1934 1174 2095 1249 717

2205 535 2416 605 πέμπει
2444 537 2571 601 τοὺς
2607 538 2880 611 μαθητάς.
2918 543 3030 597 Καὶ
3080 545 3218 616 πρὸς
3251 547 3351 619 τὴν
3383 535 3752 624 Συροφοινίχιι.

2204 641 2305 678 σαν
2359 626 2607 698 ἠνείχετο
2656 624 2797 695 τέως
2840 631 3011 697 κύνας
3062 635 3249 691 καλεῖν
3298 630 3422 704 τοὺς
3477 647 3536 697 ὲν
3575 646 3749 712 τέχνας

2201 715 2430 790 ὕστερον
2461 723 3074 796 καταταχθησομένους.
3118 724 3330 794 Σκοπὸς
3381 733 3489 807 γὰρ
3533 732 3598 808 ἦν
3630 742 3747 814 etith

2201 809 2296 901 καὶ
2321 810 2574 877 τούτους
2606 814 3005 885 φωτισθῆναι,
3038 820 3331 885 κακείνους
3366 823 3442 896 μὴ
3476 809 3744 901 ἀποτυχείν.

2215 899 2412 973 Ἐχρῆν
2448 901 2507 956 δὲ
2538 906 2973 979 προτιμηθῆναι,
3006 905 3113 979 οῖς,
3136 913 3279 966 κατὰ
3306 914 3536 986 Παῦλον,
3563 899 3694 995 ιδιιη
3721 928 3745 995 ἡ

2200 995 2515 1063 νομοθεσία,
2547 999 2643 1053 καὶ
2669 1002 2701 1072 ἡ
2733 1000 2979 1074 λατρεία,
3008 996 3084 1058 ὧν
3116 1006 3168 1059 bl
3203 1009 3462 1080 πατέρες,
3497 1014 3586 1067 καὶ
3614 1017 3663 1082 ἐξ
3689 1010 3746 1069 ὧν

2199 1087 2227 1138 ό
2257 1088 2491 1158 Χριστὸς
2520 1092 2660 1146 κατὰ
2694 1094 2894 1165 σάρκα’
2933 1096 3092 1169 ἦρκει
3142 1099 3250 1173 γὰρ
3285 1098 3365 1167 εἰς
3390 1106 3650 1176 σωτηρίαν
3673 1111 3745 1163 καὶ

2203 1181 2414 1246 τούτοις
2454 1185 2727 1250 κάκείνοις
2761 1189 2794 1259 ἡ
2830 1190 3010 1259 χάρις.

393 1281 401 1287 ·
508 1265 714 1322 honore
750 1266 932 1332 allici,
957 1267 1156 1336 quibus
1192 1266 1377 1321 datam
1408 1280 1534 1323 esse
1582 1267 1754 1337 legem
1785 1272 1837 1322 et
1874 1270 2085 1321 eul'tum
2125 1268 2259 1322 dicit
2290 1266 2530 1339 Paulus,
2577 1284 2812 1345 quorum
2862 1287 3044 1348 patres
3100 1281 3135 1336 ii
3179 1283 3343 1339 etiam
3422 1285 3646 1355 fuerunt,
3700 1301 3741 1345 et

503 1360 713 1431 quibus
789 1361 1095 1416 secundum
1159 1370 1379 1417 carnem
1422 1374 1585 1418 natus
1646 1371 1732 1419 est
1774 1356 2027 1419 Christus
2084 1365 2152 1418 “.
2196 1363 2514 1425 Sullici'ebat
2546 1372 2691 1427 enim
2731 1375 2796 1429 ad
2837 1378 3073 1432 salutem
3104 1382 3310 1451 gratia;
3354 1398 3465 1438 non
3516 1383 3629 1439 istis
3673 1401 3742 1440 so-

507 1455 640 1519 lum,
670 1456 765 1512 sed
805 1465 860 1511 et
893 1456 1000 1511 illis
1023 1456 1212 1511 etiam.

576 1552 734 1618 Quod
766 1552 965 1608 deinde
997 1554 1066 1610 de
1088 1554 1283 1609 recenti
1303 1557 1514 1607 nomine
1543 1553 1819 1624 adjunxlt,
1843 1550 1910 1606 ad
1935 1552 2094 1605 Chri-

507 1644 745 1707 stianos,
789 1652 847 1699 et
898 1659 1018 1710 eos,
1050 1645 1144 1714 qui
1194 1645 1353 1699 ﬁdem
1391 1646 1625 1716 amplexi
1676 1651 1826 1706 sunt,
1876 1642 2087 1698 retulit.

503 1734 717 1801 Quibus
752 1734 796 1790 si
830 1735 1167 1790 contradicit
1193 1736 1291 1806 qui
1325 1735 1549 1791 Judaeus
1580 1742 1688 1800 est,
1731 1748 1759 1788 a
1805 1749 1867 1790 se
1909 1750 2088 1792 recens

500 1843 694 1882 nomen
721 1827 944 1898 aliquod
980 1827 1188 1883 factum
1216 1828 1697 1885 cssedemonstret
1721 1843 1950 1884 necesse
1981 1838 2085 1883 est.

501 1919 766 1991 Intelligit
816 1936 947 1976 vero
980 1936 1079 1991 per
1127 1921 1453 1975 voluntatem
1512 1922 1651 1976 nihil
1697 1922 1868 1988 aliud,
1921 1937 2082 1990 qttazn

2260 1533 2484 1586 Καινὸν
2525 1534 2582 1589 δέ
2627 1552 2793 1608 φησιν
2838 1538 3029 1611 ὄνομα
3077 1543 3138 1597 τὸ
3185 1545 3528 1615 Χριστιαερῶν
3571 1552 3652 1605 καὶ
3689 1550 3739 1605 τὸ

2192 1624 2420 1681 πιστῶν.
2480 1627 2537 1680 Ὀ
2591 1627 2649 1682 δὲ
2690 1632 2987 1701 ἀντιλέγων
3039 1632 3312 1700 Ἰουδαῖος,
3371 1639 3624 1695 δεικνύτω
3669 1644 3736 1713 ἐφ’

2186 1718 2383 1772 ἑαυτοῦ
2426 1721 2640 1775 καινὸν
2672 1722 2962 1795 γενόμενον
3006 1726 3213 1796 ὄνομα.
3250 1729 3494 1800 Garum
3535 1731 3588 1785 δέ
3628 1750 3735 1803 φησι

2191 1813 2319 1876 τοὺς
2361 1812 2429 1866 τὸ
2470 1814 2705 1886 θέλημα
2730 1818 2918 1873 αὐτοῦ
2952 1819 3260 1888 ποιοῦντας,
3301 1821 3396 1886 οὓς
3431 1824 3525 1876 καὶ
3553 1825 3734 1896 ἀγαπᾷν

2190 1905 2362 1973 λέγει,
2399 1906 2476 1973 ὡς
2510 1909 2817 1965 συνοικῶν
2848 1914 3177 1979 νεανίσκος
3205 1916 3484 1984 παρθένῳ
3507 1933 3521 1948 ’
3544 1916 3663 1988 ὅπερ
3686 1918 3732 1970 οὐ

502 2028 621 2079 eos,
656 1986 751 2082 qui
781 1986 1109 2068 uoluntatem
1146 2030 1300 2068 suam
1328 2013 1569 2080 faciant;
1602 2030 1741 2084 quos
1771 1986 2087 2068 etiam-dili-

2197 1998 2420 2071 φθορὰν,
2459 2000 2573 2055 ἀλλ’
2619 2002 2974 2074 ἀκμάζουσαν
3017 2006 3201 2077 σχέσιν
3237 1999 3409 2079 δηλοῖ.
3455 2006 3619 2080 Τηρεῖ
3637 1986 3731 2082 γὰρ

502 2119 632 2176 gere
681 2120 762 2169 se,
813 2118 924 2175 quo
975 2118 1131 2158 more
1191 2103 1397 2158 habitat
1430 2104 1643 2175 juvenis
1694 2120 1813 2158 cum
1869 2105 2091 2174 virgine,

502 2197 782 2267 signiﬁcat
822 2214 835 2251 :
863 2197 1011 2267 quod
1045 2213 1151 2252 non
1174 2207 1260 2253 est
1280 2197 1347 2253 ad
1381 2206 1654 2268 stuprum,
1685 2200 1778 2253 sed
1804 2198 1871 2252 ad
1899 2212 2089 2251 neces-

503 2291 768 2346 situdinis
805 2290 1238 2362 magnitudinem
1301 2291 1678 2346 referendum.
1719 2290 1913 2345 Servat
1946 2290 2089 2344 enim

502 2384 677 2453 ipsam
711 2372 1095 2454 incorruptam
1122 2393 1176 2439 et
1207 2383 1512 2454 virginem;
1540 2384 1697 2452 juxta
1734 2380 1887 2437 Pauli
1913 2397 2094 2437 sacra-

502 2484 748 2531 mentum
802 2476 962 2541 illud,
1014 2475 1163 2547 quod
1214 2476 1358 2532 idem
1404 2477 1458 2531 in
1502 2477 1730 2531 Christo
1760 2486 1813 2531 et
1845 2475 2089 2531 Ecclesia

502 2583 625 2625 esse
656 2568 791 2622 dicit
810 2568 876 2622 σί,
898 2567 1236 2624 Prazsentem
1263 2560 1460 2624 deinde
1489 2569 1862 2625 Ecclesiarum
1883 2577 2087 2624 statum

503 2662 848 2717 demonstrat
891 2660 1050 2731 juxta
1107 2663 1461 2717 sacerdotum
1500 2672 1651 2718 nocte
1696 2679 1761 2716 ac
1800 2662 1886 2715 die
1918 2661 2092 2715 factas

513 2751 580 2806 ad
617 2751 902 2821 populum,
933 2752 1027 2821 qui
1050 2751 1219 2806 Deum
1250 2752 1490 2824 ignorat,
1518 2754 1904 2807 enarrationrs
1939 2754 2093 2821 :qni-

506 2844 608 2900 hus
624 2852 681 2898 ut
698 2845 929 2915 gratiam
952 2854 1203 2915 reponat,
1227 2863 1406 2900 muros
1423 2847 1543 2916 ejus
1562 2844 2014 2917 inexpugnabiles
2033 2860 2092 2900 se

504 2934 889 3001 redditurum;
913 2934 965 2989 id
988 2942 1073 2991 est
1102 2935 1367 2991 daemonis
1389 2951 1647 2991 accessus
1671 2935 2089 3007 propulsurum,

506 3028 820 3099 pollicetur.
860 3027 1351 3093 Promittitctiam,
1385 3029 1433 3084 si
1487 3027 1729 3084 litteram
1766 3041 2004 3098 spectes,
2038 3036 2092 3081 et

505 3132 677 3179 tutam
732 3122 1056 3178 civitatibus
1105 3122 1542 3209 habitationem;
1602 3133 1659 3177 ut
1716 3121 2092 3193 promovendo

506 3218 733 3268 alteram
771 3222 1023 3285 quaerant
1063 3212 1464 3284 intelligibilem
1512 3234 1525 3269 :
1561 3212 1679 3268 Non
1724 3214 1883 3269 aliter
1926 3230 2088 3285 quam

2192 2094 2362 2168 αὐτὴν
2395 2095 2681 2167 παρθένον,
2716 2101 2855 2153 κατὰ
2898 2100 2959 2153 τὸ
3005 2103 3155 2172 παρὰ
3205 2100 3406 2173 Παύλῳ
3455 2104 3729 2176 μυστήριον,

2190 2188 2331 2259 ὅπερ
2371 2189 2452 2252 είς
2496 2191 2731 2261 Χριστὸν
2780 2192 2873 2246 καὶ¹
2910 2193 3011 2265 τὴν
3054 2193 3382 2266 Ἐκκλησίαν
3431 2193 3592 2262 λέγει.
3630 2189 3730 2248 Εἶτα

2193 2281 2292 2355 τὴν
2326 2282 2420 2337 νῦν
2444 2286 2779 2340 κατάστασιν
2804 2286 2913 2341 τῶν
2949 2287 3288 2359 Ἐκκλησιῶν
3322 2288 3595 2359 ἐμφαίνει,
3622 2286 3729 2340 κατὰ

2191 2375 2293 2445 τὴν
2359 2377 2469 2430 τῶν
2526 2378 2718 2449 ἱερέων
2762 2378 3037 2451 ὑφήγησιν
3080 2380 3306 2451 ἡμέρας
3369 2380 3473 2435 καὶ
3533 2380 3727 2445 νυκτὸς,

2195 2464 2516 2532 ἀγνοοῦντος
2545 2466 2639 2518 τοῦ
2668 2465 2797 2520 λαοῦ
2828 2467 2917 2520 τὸν
2946 2465 3103 2531 Θεὸν,
3132 2467 3250 2520 ἀνθ’
3293 2460 3368 2521 ὧν
3422 2466 3733 2539 ἀμειεόμενος

2195 2557 2393 2625 τεῖχος
2449 2557 2627 2609 αὐτῶν
2684 2557 2995 2629 ἀπόρθητον
3048 2558 3278 2626 γίνεται»
3336 2560 3441 2622 τὰς
3483 2556 3731 2630 ἀφόδους.

2198 2649 2484 2721 ἅπείργων
2515 2649 2607 2702 τοῦ
2643 2650 2916 2720 δαίμονος.
2958 2651 3389 2720 Ἐπαγγέλλεται
3417 2652 3497 2717 δὲ,
3517 2653 3644 2706 κατά
3662 2651 3732 2720 τὴν

2193 2739 2361 2805 λέξιν,
2395 2742 2489 2795 καὶ
2516 2741 2736 2810 ἀσφαλῆ
2768 2744 2890 2805 ταῖς
2919 2740 3141 2795 πόλεσιν
3173 2741 3417 2812 οἴκησιν,
3448 2742 3524 2807 ὼς
3547 2742 3605 2796 ἂν
3634 2758 3733 2813 προ-

2195 2832 2466 2903 κόψαντες
2533 2834 2835 2905 ἐπιζητῶσι
2918 2833 3017 2905 τὴν
3110 2834 3350 2906 νοητήν·
3423 2835 3600 2907 ὥσπερ
3664 2828 3733 2887 οὖν

2207 2923 2461 2994 Ἀϐραὰμ
2500 2922 2603 2993 γῆς
2654 2921 2834 2976 λαϐὼν
2883 2924 3245 2993 ἐπαγγελίαν,
3293 2922 3358 2978 οὐ
3414 2926 3543 2996 περὶ
3571 2921 3733 2992 ταύτην

2195 3016 2465 3089 ἠσχόληντο
2484 3057 2499 3080 ,
2525 3017 2647 3070 οὐδὲ
2676 3016 2880 3089 ταύτην
2912 3016 3052 3089 ᾔτει,
3104 3019 3201 3089 τὴν
3227 3018 3283 3072 δὲ
3317 3017 3609 3088 μέλλουσαν
3637 3014 3733 3067 sud-

2196 3110 2298 3167 θει.
2329 3112 2454 3175 Τοῖς
2482 3108 2541 3166 δὲ
2561 3109 2705 3164 οὕτω
2733 3109 3116 3181 διακειμένοις,
3153 3112 3247 3164 καὶ
3290 3108 3526 3180 μάλιστα
3558 3110 3651 3170 τοῖς
3685 3105 3733 3156 ὲκ

2194 3204 2385 3274 γένους
2433 3203 2684 3276 Ἀϐραὰμ
2731 3204 2875 3257 κατὰ
2927 3203 3127 3273 σάρκα,
3183 3201 3446 3272 οὐδεμίαν
3498 3201 3733 3270 σύγκρισιν

506 3308 573 3361 de
608 3307 918 3359 Abrahamo
976 3306 1232 3375 legimus.
1270 3304 1364 3374 qui
1423 3304 1566 3359 facta
1604 3304 1706 3357 sibi
1753 3313 1913 3360 terra:
1961 3319 2087 3374 pro-

2198 3292 2335 3366 πρδς
2364 3293 2598 3380 mrem
2628 3295 2818 3367 φησιν,
2855 3293 3213 3366 ὑπερκεῖσθαι
3238 3292 3295 3348 δὲ
3320 3293 3467 3357 λίαν,
3503 3294 3611 3346 ὅσον
3631 3286 3732 3362 ἧκεν

507 3399 798 3465 missione,
835 3416 946 3453 non
980 3402 1033 3454 in
1067 3400 1171 3462 ista
1198 3400 1487 3469 occupari,
1527 3416 1635 3453 non
1668 3400 1918 3455 eamdem
1937 3416 2091 3469 qua:-

506 3508 650 3552 rere.
706 3492 801 3547 sed
835 3492 1074 3546 futuram
1124 3501 1384 3563 appetere
1411 3491 1563 3547 visus
1597 3501 1681 3547 est
1702 3492 1765 3546 ".
1810 3488 1880 3546 lis
1909 3492 2097 3562 igitur,

438 3646 445 3659 ν
509 3584 602 3654 qui
631 3585 703 3637 ita
730 3581 911 3637 allecti
947 3590 1100 3648 sunt,
1135 3583 1371 3637 maxime
1395 3592 1575 3638 autem
1602 3584 1857 3647 Abrahae,
1884 3598 2092 3638 secun-

508 3672 640 3727 dum
690 3688 913 3728 carnem
972 3674 1230 3745 posteris,
1285 3675 1430 3728 nulla
1490 3690 1614 3731 esse
1669 3690 1794 3729 cum
1851 3675 2091 3747 gentibus

509 3758 989 3833 comparationem
1064 3763 1364 3835 signiﬁcat,
1403 3762 1496 3818 sed
1552 3764 1621 3818 iis
1686 3765 1867 3834 longe,
1915 3780 2093 3835 quan-

508 3866 624 3909 tum
659 3855 725 3910 ad
758 3856 1027 3911 honorem
1061 3857 1261 3911 attinet
1288 3871 1413 3912 esse
1443 3856 1779 3924 superiOres.
1833 3848 1910 3909 Eo
1944 3857 2089 3910 enim

510 3950 615 4006 ﬁne
652 3957 707 4005 et
754 3948 945 4005 Patres
991 3958 1216 4004 sanctos
1273 3949 1443 4020 legem
1502 3948 1807 4015 habuisse,
1864 3963 1930 4002 co
1958 3947 2090 4004 item

508 4041 758 4096 miranda
826 4040 880 4095 in
949 4038 1190 4113 Egypto
1257 4056 1426 4108 opera
1465 4082 1480 4104 ,
1544 4047 1598 4095 ct
1665 4039 1722 4096 in
1798 4040 2095 4096 solitudine

506 4132 736 4199 vidisse,
801 4140 861 4186 ut
930 4146 1113 4187 mores
1149 4147 1283 4188 suos
1342 4131 1411 4186 ad
1476 4129 1643 4186 Deum
1708 4131 1988 4194 conversi.
2041 4138 2096 4185 et

509 4224 563 4278 in
615 4224 736 4293 ipso
782 4223 1170 4289 conﬁdentes,
1218 4223 1598 4279 emendarent.
1654 4220 1709 4279 ld
1762 4224 1911 4278 enim
1963 4238 2089 4278 vere

506 4312 689 4383 gaudii
716 4314 937 4367 nomine
962 4314 1287 4385 signiﬁcari.
1308 4313 1535 4368 Animas
1557 4313 1754 4369 deinde
1780 4313 2089 4383 alloquens,

504 4423 629 4478 quae
645 4408 711 4461 de
729 4407 1186 4477 promissionibus
1204 4406 1877 4478 ambigant,jnrejnrando
1897 4408 2091 4467 utitur,

2202 3389 2281 3452 εἰς
2319 3378 2518 3459 τιμήν,
2557 3385 2672 3440 Καὶ
2729 3386 2842 3458 γὰρ
2894 3386 3085 3456 ἔτυχον
3136 3385 3394 3458 πατέρων
3449 3382 3631 3452 ἁγίων,
3662 3378 3732 3432 καὶ

2201 3485 2392 3554 νόμου,
2436 3483 2529 3536 καὶ
2570 3482 2669 3547 τὰς
2704 3484 2760 3535 ὲν
2788 3481 3052 3554 Αἰγύπτῳ
3094 3481 3541 3554 θαυματουργίας
3589 3478 3732 3533 καὶέν

2201 3577 2395 3649 ἐρήμῳ
2435 3574 2723 3630 τεθέανται
2749 3617 2765 3639 ,
2812 3576 3123 3648 μόνωνὲὰν
3153 3584 3183 3613 ιι
3233 3576 3521 3646 διόρθωσιν
3560 3573 3734 3642 τρόπων

2201 3670 2523 3740 ποιήσονται
2546 3669 2869 3735 πεποιθότες
2900 3670 2991 3722 ἐπὶ
3019 3668 3158 3740 Θεῷ.
3185 3668 3360 3723 Τοῦτο
3390 3669 3499 3740 γὰρ
3526 3665 3583 3721 τδ
3609 3667 3736 3733 ἀγαν-

2202 3760 2398 3831 ρῐαμα.
2425 3756 2569 3830 Πρὸς
2597 3751 2654 3813 δὲ
2691 3759 2791 3824 τὰς
2825 3758 3162 3828 ἐπαγγελίας
3191 3759 3639 3830 ἀμφιϐαλλούσαις
3659 3754 3733 3825 ψυ-

2204 3852 2328 3922 χαῖς
2371 3850 2552 3904 λαλῶν
2582 3851 2738 3919 ὅρκῳ
2775 3851 3061 3923 κέχρηται,
3104 3844 3166 3904 οὗ
3194 3851 3263 3905 δι’
3303 3844 3498 3905 ἑαυτὸν
3529 3847 3733 3920 (ἀλήθεια

2202 3944 2308 4014 γάρ
2340 3943 2548 4015 ἐστιν),
2577 3943 2693 3997 ἀλλ’
2728 3943 2947 4007 ὲκείνας
2980 3941 3365 4013 πιστούμενος.
3400 3944 3511 3997 Καὶ
3548 3943 3652 4003 τοὺς
3687 3940 3734 3991 ἐκ

2201 4036 2304 4106 γῆς
2337 4035 2587 4106 καρποὺς
2620 4030 3040 4105 ἐπαγγέλλεται,
3072 4019 3343 4088 διδάσκων
3373 4034 3449 4098 ὼς
3478 4034 3622 4095 αὐτὸς
3642 4028 3734 4084 τού-

2200 4148 2310 4183 των
2337 4130 2455 4184 ἐστὶ
2496 4128 2754 4201 χορηγὸς,
2786 4129 2881 4183 καὶ
2905 4129 3084 4200 μάτην
3118 4129 3252 4200 περὶ
3295 4128 3490 4183 εἱδὼλα
3518 4126 3732 4197 στρέφον-

2200 4239 2313 4286 ται,
2351 4220 2432 4275 διὸ
2468 4222 2562 4275 καὶ
2595 4212 2742 4275 οὗτοι
2783 4221 2921 4292 πρὸς
2960 4224 3027 4292 τῇ
3058 4221 3363 4292 συγκομιδῇ
3393 4219 3731 4289 διεφθείροντο.

2199 4315 2276 4377 ὠς
2300 4311 2365 4366 ἂν
2397 4313 2493 4367 καὶ
2517 4312 2864 4385 τελεσφορείν
2896 4311 3222 4382 δυναμένου,
3251 4313 3344 4365 καὶ
3373 4312 3623 4386 παρέχειν
3643 4304 3732 4360 tli-

2200 4405 2409 4471 λοντος,
2438 4406 2596 4477 εἴπερ
2632 4404 2928 4475 ἐτύγχανον
2960 4400 3124 4471 ἄξιοι.

508 4514 616 4552 ιιοιι
644 4496 693 4551 id
724 4494 945 4566 quidem
977 4506 1200 4567 propter
1230 4513 1309 4563 se,
1347 4498 1441 4569 qui
1486 4497 1688 4553 veritas
1721 4494 1794 4551 sit
1824 4515 1837 4551 :
1874 4497 1969 4552 sed
2001 4506 2060 4551 ut
2101 4495 2212 4551 illis
2247 4495 2407 4551 ﬁdem
2440 4494 2625 4551 faciat.
2665 4488 2947 4551 Promittit
2990 4511 3119 4549 vcro
3156 4502 3209 4550 et
3246 4501 3418 4574 terra;
3452 4494 3661 4554 fructus,
3691 4494 3734 4540 ιιι

502 4604 599 4646 eos
639 4605 698 4646 se
755 4589 1130 4660 suppeditare,
1175 4588 1494 4660 frustraque
1536 4591 1603 4644 ad
1644 4590 1789 4644 idola
1825 4589 2124 4659 confugere
2145 4588 2384 4645 doceat:
2422 4584 2568 4643 unde
2600 4589 2677 4643 illi
2739 4592 2905 4642 etiam
2963 4588 3018 4642 in
3062 4586 3373 4655 colligendo
3405 4587 3656 4657 peribant,
3689 4588 3732 4634 ut

505 4689 562 4736 et
618 4678 685 4733 ad
722 4679 1092 4734 maturitatem
1124 4694 1285 4749 posse
1327 4681 1652 4749 perducere,
1696 4687 1749 4734 et
1783 4679 2029 4749 praebere
2064 4681 2203 4736 velle
2241 4681 2683 4743 demonsu-aret,
2738 4680 2786 4734 si
2845 4672 3013 4750 718
3057 4680 3259 4750 dignos
3294 4694 3353 4734 se
3393 4678 3729 4750 praebuissent.

576 4771 736 4828 Nunc
779 4784 960 4829 autem
1013 4775 1059 4830 si
1091 4775 1452 4844 corrigantur,
1504 4772 1748 4829 hostium
1802 4784 2090 4832 accessum

2270 4777 2379 4830 Kal.
2412 4776 2506 4830 νῦν
2556 4776 2613 4830 δὲ
2651 4775 3096 4845 διορθουμένων
3141 4774 3297 4846 ὑμῶν
3348 4774 3447 4838 τὰς
3474 4774 3573 4827 τῶν
3607 4770 3727 4824 1:025-

503 4878 631 4919 esse
657 4862 821 4916 etiam
854 4861 1288 4932 prohibiturum.
1323 4856 1614 4917 Portarum
1661 4862 1860 4919 deinde
1903 4865 2089 4935 appel-

2198 4871 2337 4943 μίων
2362 4869 2583 4938 ἐφόδους
2616 4865 2866 4922 κωλύσω.
2919 4867 3127 4934 Πύλας
3160 4860 3218 4922 δὲ
3257 4867 3411 4921 καλεί
3469 4860 3614 4935 λόγον
3650 4863 3734 4915 εἱσ-

508 4956 712 5010 latione
745 4968 1056 5009 sermonem
1086 4953 1450 5025 isagOgicum,
1483 4953 1876 5025 CltristquUe
1905 4956 2085 5027 ipsum

506 5049 859 5121 signiﬁcavit,
893 5049 987 5119 qui
1021 5056 1177 5118 porta
1225 5051 1389 5103 etiam
1440 5049 1666 5114 dicitur,
1695 5066 1793 5120 per
1820 5066 1986 5120 quam
2022 5053 2090 5106 ad

504 5138 721 5196 Patrem
750 5140 1061 5212 ingressum
1089 5142 1356 5197 habemus
1385 5139 1451 5193 ".
1488 5140 1562 5197 De
1593 5157 1703 5212 quo
1739 5143 2004 5199 scribitur
2036 5152 2091 5200 et

506 5230 675 5287 illud:
715 5250 733 5283 ι
759 5230 868 5288 lata
894 5242 978 5288 est
1004 5240 1161 5302 porta
1189 5231 1427 5299 Domini,
1455 5231 1592 5302 justi
1625 5230 2003 5306 ingredien‘tur
2035 5237 2089 5291 in

504 5339 625 5378 eam
656 5322 722 5377 ⁸⁸.
759 5343 777 5376 ι
809 5324 1201 5380 Sacerdotibus
1241 5324 1440 5380 deinde
1473 5327 1743 5396 praecipit,
1797 5335 1856 5380 ut
1897 5327 2091 5382 subdi-

507 5424 690 5471 torum
725 5433 905 5473 mores
933 5418 1233 5489 aequabiles
1278 5417 1529 5482 reddant,
1564 5434 1633 5472 ne
1665 5417 1717 5472 in
1760 5426 1960 5488 pravas
2005 5420 2087 5474 illi

578 5529 629 5605 δξ
652 5527 842 5605 Matth.
877 5546 929 5592 χ,
957 5529 1031 5605 ἐξ.-
1086 5531 1130 5563 "
1161 5530 1347 5585 Matth.
1392 5546 1480 5595 xv,
1511 5529 1602 5584 26.
1684 5531 1730 5563 ‘°
1767 5529 1925 5586 Rom.
1969 5548 2024 5585 ix
2047 5569 2091 5596 ,.

2223 5535 2265 5566 ⁶¹
2292 5534 2508 5605 Ερῑιω.
2541 5554 2592 5602 v,
2626 5535 2718 5591 32.

511 5600 560 5632 “
598 5598 743 5655 Psal.
773 5615 939 5665 cxvu,
967 5600 1056 5654 20.

585 5794 625 5822 ω
653 5799 742 5851 π),
776 5780 1018 5850 ἐφόδους.
1098 5790 1124 5818 λ
1152 5782 1237 5835 ῑσ.
1272 5781 1453 5850 μόνον,
1483 5784 1557 5846 ὡς
1582 5784 1670 5839 ἂν.

2197 4959 2493 5032 αγωγικδν,
2534 4945 2912 5033 καῖΧριστδν,
2951 4958 3009 5022 ὃς
3045 4959 3387 5030 ἐχρημάτισε
3439 4958 3590 5027 θύρα,
3611 4955 3665 5006 δι’
3686 4945 3732 5003 οὗ

2195 5054 2333 5126 πρὸς
2352 5053 2444 5108 τὸν
2466 5052 2685 5121 Πατέρα
2719 5052 2819 5124 τὴν
2851 5050 3058 5104 εἴσοδον
3123 5051 3342 5122 ἔχομεν.
3372 5050 3506 5121 Περὶ
3533 5043 3588 5102 οὗ
3619 5044 3732 5097 λέλε-

2190 5154 2358 5199 κται”
2398 5162 2416 5196 ι
2446 5142 2594 5214 Αὕτη
2643 5144 2677 5214 ἡ
2721 5142 2864 5213 πύλη
2914 5142 3007 5194 τοῦ
3029 5142 3262 5212 Κυρίου.
3302 5140 3509 5194 Δίκαιοι
3536 5131 3731 5190 aisais-J-

2191 5244 2376 5291 σονται
2425 5237 2484 5289 ἐν
2532 5235 2693 5306 αὐτῇ.
2734 5252 2753 5285 ι
2809 5230 2935 5296 Τοῖς
2988 5232 3044 5285 δὲ
3087 5222 3297 5303 ἱερεῦσι
3346 5225 3730 5303 παρακελεύεται

2191 5322 2373 5398 ὁμαλὰ
2403 5329 2513 5383 τῶν
2563 5329 2668 5382 ὑπὸ
2703 5329 2862 5398 χεῖρα
2903 5324 2971 5379 τὰ
2997 5324 3102 5397 ἦοη
3135 5328 3331 5390 ποιεῖν,
3373 5324 3450 5388 ὡς
3475 5321 3538 5376 ἂν
3567 5317 3632 5390 μὴ
3660 5332 3731 5365 τπδ’

2190 5424 2377 5493 νηροῖς
2434 5422 2831 5493 προσκόπτοιεν
2881 5419 3189 5490 λογισμοῖς.
3234 5416 3463 5486 Λέγοιτο
3491 5413 3534 5467 δ’
3565 5410 3621 5466 ἂν
3660 5399 3734 5456 καὶ

2827 5536 2872 5568 ⁸⁸
2909 5532 3076 5589 Hebr.
3108 5546 3186 5600 ιι,
3214 5531 3298 5588 l7.
3373 5529 3420 5564 ⁸³
3454 5513 3724 5583 ιιυιιιοιοθο

1782 5684 2020 5748 YAlll/E
2055 5692 2256 5750 LECTI
2265 5694 2354 5751 ON
2365 5644 2466 5754 ES.
