3976 6210
348 229 488 291 9065

1511 226 2045 290 COMMENTARH
2086 226 2169 285 IN
2206 222 2485 288 lSAIAM.
2556 298 2561 303 Δ

3473 227 3613 292 26⁸36

346 334 482 407 πρὸς
513 332 602 386 ’δν
636 333 692 386 ὲν
727 332 942 403 ἑκάστῳ
987 333 1133 399 νοῦν,
1171 334 1246 398 ὡς
1279 333 1345 388 ἂν
1388 336 1622 405 ἡνιοχεῖν
1660 336 1922 404 τεταγμέ-

2032 332 2392 400 cogitationes
2447 332 2773 403 impingant.
2818 332 3032 388 Referri
3084 334 3249 390 etiam
3312 344 3480 405 queat
3541 339 3607 391 ait

346 443 434 488 νος
464 425 562 495 τὴν
593 425 809 478 Ξιπασαν
830 425 1138 494 ὲΞομαλίζοι
1166 425 1366 496 ψυχήν.
1394 424 1527 479 Εἶτα
1552 427 1921 496 παρακελεύεο

346 537 437 571 ται
469 522 581 580 τοῖς
615 517 675 581 ἐξ
712 516 952 588 Ἰσραηλ,
990 518 1192 586 ἀρετῆς
1239 520 1333 570 καὶ
1368 519 1622 585 γνώσεως
1653 519 1788 571 Θεοῦ
1820 537 1924 572 παι

348 609 619 679 ράδειγμα
646 608 901 676 γενέσθαι
930 609 1052 673 τοῖς
1093 608 1357 664 ἔθνεσιν.
1396 610 1603 679 Ἀνῆψα
1637 611 1748 681 γὰρ
1776 612 1922 680 ὑμᾶς

346 700 550 753 ἄνωθεν
580 700 654 765 ὡς
682 700 963 768 λαμπάδα,
1006 701 1080 763 ὡς
1108 701 1174 754 ἂν
1197 701 1350 770 ὑμῶν
1379 702 1457 771 τῷ
1499 705 1638 771 φωτὶ
1670 702 1743 755 τὰ
1776 704 1922 772 ἔθνη

356 791 670 860 πορεύηται.
746 793 1178 862 Κατεπτηχότας
1237 794 1295 846 δὲ
1355 794 1455 856 τὰς
1515 796 1762 863 συνεχεῖς
1815 794 1924 847 τῶν

349 883 606 936 ἐπιόντων
634 884 852 952 ἐφόδους
885 883 1323 955 παραθαρρύνει,
1357 886 1454 952 τὴν
1484 886 1676 938 ἑαυτοῦ
1701 902 1927 953 παρου-

345 974 490 1025 σίαν
518 971 1006 1041 ἐπαγγελλόμενος.
1040 972 1196 1025 Οὕτω
1244 973 1301 1026 δὲ
1327 973 1426 1043 τὴν
1457 975 1653 1028 ἑαυτοῦ
1702 975 1927 1044 κηδεμο-

346 1062 463 1113 νίαν
485 1061 663 1114 καλεῖ.
706 1062 1007 1130 Τοιγαροῦν
1047 1063 1267 1130 ἔλεγονο
1320 1066 1392 1116 Οὐ
1428 1064 1502 1133 μὴ
1541 1064 1799 1133 τελέσητε
1826 1065 1924 1127 τὰς

346 1154 550 1216 πόλεις,
590 1154 695 1215 ἕως
726 1154 791 1206 ἂν
824 1155 954 1226 ἕλοῃ
981 1157 1009 1205 ὁ
1038 1154 1164 1217 Υἱὸς
1189 1154 1283 1208 τοῦ
1311 1156 1600 1225 ἀνθρώπου
1628 1172 1641 1187 ο
1672 1156 1733 1210 οὐ
1753 1157 1924 1226 δήπου

346 1245 510 1313 ἄλλην
546 1244 852 1314 παρουσίαν
874 1245 1072 1314 δηλῶν,
1104 1246 1240 1300 ἀλλὰ
1280 1245 1379 1317 τὴν
1411 1247 1604 1300 ἑαυτοῦ
1631 1248 1764 1317 πρὸς
1794 1264 1925 1318 καρ-

346 1333 527 1404 τερίαν
579 1335 947 1404 ἰιαράκλησιν.
1001 1337 1073 1390 Οὐ
1125 1336 1235 1406 γὰρ
1283 1336 1350 1390 ἂν
1402 1338 1663 1407 ἤνεγκαν.
1715 1339 1789 1408 μὴ
1824 1339 1925 1407 τὴν

349 1425 500 1492 ἰσχὺν
558 1423 659 1493 τὴν
708 1424 915 1477 ἄνωθεν
959 1425 1193 1496 ἔχοντες.
1256 1425 1339 1479 Τὰ
1386 1427 1607 1497 κρυπτὰ
1645 1427 1703 1481 δὲ
1747 1427 1922 1504 εἰδὼς,

349 1515 480 1584 πρὸς
512 1513 612 1584 τὴν
652 1514 809 1578 ἀξίαν
849 1516 1065 1587 ἑκάστῳ
1106 1518 1461 1585 παρίσταται.
1506 1520 1729 1587 μισθὸν
1750 1519 1926 1583 διδοὺς

346 1606 434 1657 τὸν
477 1607 848 1678 προσήκοντα.
893 1607 1054 1662 Οὕτω
1099 1610 1196 1662 καὶ
1252 1610 1320 1662 δι’
1364 1609 1628 1681 Ἰεζεκιὴλ
1656 1612 1925 1680 λεγόντων

2024 424 2363 493 singulorum
2423 432 2691 487 mentem;
2764 434 2824 479 ut
2902 441 3025 495 qure
3069 428 3300 483 habenis
3348 427 3603 496 prml‘ecla

2024 519 2130 575 est,
2162 521 2332 565 totam
2372 512 2608 565 animam
2646 515 2969 581 :equahilem
2998 515 3185 569 faciat.
3219 516 3485 587 Deinceps
3524 518 3604 573 ls-

2027 606 2246 659 raelitas
2287 604 2645 671 adhortatur,
2692 615 2747 659 ut
2793 609 3012 662 virtutis
3050 618 3106 662 et
3139 610 3478 675 cognitionis
3512 610 3605 679 Dei

2026 709 2148 749 sese
2187 696 2427 761 gentibus
2460 695 2773 765 exemplum
2815 699 3114 766 prmbeant.
3170 702 3293 756 Ideo
3342 702 3489 756 enim
3547 718 3607 756 se

2026 784 2150 839 illos
2182 785 2251 838 ab
2300 787 2464 839 initio
2499 786 2664 840 veluti
2712 789 3021 857 lampadem
3058 792 3402 856 accendisse,
3441 802 3502 846 ut
3553 794 3608 848 in

2027 890 2217 929 eorum
2246 876 2454 931 lumine
2491 888 2667 947 gentes
2699 879 3067 936 ambularent.
3102 880 3239 947 Quia
3265 883 3468 939 deinde
3501 883 3611 939 fre-

2027 976 2259 1037 quentes
2306 968 2708 1041 insurgentium
2739 986 3001 1026 accessus
3031 976 3382 1040 metuebant;
3435 978 3609 1032 conli-

2028 1058 2158 1114 dero
2191 1061 2461 1129 praecipit,
2504 1078 2665 1117 suum
2724 1064 2839 1133 ipse
2894 1065 3177 1123 adventum
3222 1069 3554 1125 denuntians
3592 1087 3608 1125 :

2028 1164 2135 1220 qua
2180 1151 2395 1204 ratione
2422 1167 2612 1206 curam
2645 1168 2802 1208 suam
2836 1170 2899 1210 ac
2945 1156 3285 1227 diligentiam
3340 1162 3611 1229 signiﬁca-

2027 1242 2127 1295 vit.
2163 1241 2303 1297 Hinc
2336 1243 2502 1314 igitur
2533 1244 2692 1309 illud,
2721 1247 2866 1315 quod
2900 1247 3197 1302 dicebant:
3234 1251 3353 1307 Non
3390 1252 3608 1307 faciatis

2029 1334 2195 1389 urbes
2223 1334 2402 1389 donec
2424 1336 2610 1391 veniat
2642 1337 2816 1392 Filius
2851 1340 3130 1406 hominis;
3164 1343 3255 1396 ubi
3293 1359 3404 1398 non
3439 1346 3606 1399 alium

2032 1429 2185 1478 certe
2221 1421 2521 1478 adventum
2542 1424 2857 1492 intellexit;
2890 1428 2983 1481 sed
3025 1443 3186 1497 quam
3221 1430 3339 1498 ipse
3363 1432 3610 1500 suggerit

2032 1515 2085 1569 in
2114 1514 2377 1584 patiendo
2413 1517 2867 1572 consolationem.
2905 1519 3162 1589 Alioquin
3205 1522 3352 1574 enim
3391 1522 3607 1574 terenda

2031 1618 2142 1658 non
2176 1602 2441 1672 fuissent,
2489 1606 2582 1676 qui
2620 1621 2863 1675 superne
2889 1609 3152 1663 omissum
3183 1610 3352 1664 robur
3379 1625 3485 1662 non
3516 1610 3615 1663 ha-

345 1699 557 1752 αὐτῶνθ
612 1718 629 1750 ι
665 1698 968 1752 Ἀπόλωλεν
1014 1702 1047 1771 ἡ
1097 1702 1252 1772 ἰσχὺς
1302 1701 1478 1771 ἡμῶν,
1536 1701 1808 1774 ἐξηράνθη
1854 1702 1922 1756 τὰ

2032 1695 2254 1754 bebant.
2322 1701 2523 1756 Verum
2571 1702 2665 1771 qui
2714 1705 2866 1757 novit
2913 1704 3254 1772 abscondita,
3290 1705 3606 1775 unicuique,

344 1791 476 1842 ὀστᾶ
498 1790 677 1859 ἡμῶν,
711 1808 727 1842 ι
760 1790 1196 1863 παραθαρρύνων
1250 1792 1415 1861 φησίν
1439 1807 1453 1821 ⁸
1503 1792 1595 1855 Ὠς
1650 1794 1793 1865 ὑγρὰ
1830 1793 1923 1863 ξη-

349 1883 505 1949 ρΞιναι
528 1881 786 1952 δύναμαι,
822 1882 966 1935 οὕτω
989 1886 1083 1936 καὶ
1110 1883 1438 1936 τούναντίον.
1479 1886 1543 1937 Ὃ
1575 1885 1669 1937 καὶ
1704 1886 1795 1938 ἐπὶ
1824 1886 1923 1954 τῆς

346 1971 545 2038 ῥάϐδου
583 1973 881 2043 πεποίηκεν
922 1973 1155 2044 Ἀαρών.
1193 1975 1303 2027 Καὶ
1338 1974 1432 2026 νῦν
1463 1969 1556 2027 οὖν
1586 1974 1923 2043 παρέσεσθαί

347 2079 533 2130 φησιν,
580 2062 674 2116 ἐὰν
694 2064 835 2129 ἄξιοι
882 2063 1169 2133 γένωνται.
1212 2066 1289 2117 Δι’
1334 2063 1466 2117 αὐτὸ
1497 2062 1607 2133 γὰρ
1654 2062 1923 2133 παρέσχον

347 2154 440 2205 καὶ
468 2153 668 2223 πλῆθος
694 2156 824 2224 ὑμῖν
873 2155 1130 2217 ὲντολῶν,
1166 2156 1264 2225 οὐχ
1304 2156 1389 2208 ἵνα
1418 2153 1619 2216 πολλὰς
1649 2154 1921 2224 παραϐαί-

347 2260 548 2307 νοντες.
586 2245 757 2300 πολλὰ
787 2249 879 2299 καὶ
909 2244 1374 2315 καταδικάζησθεο
1416 2244 1532 2299 ἀλλ’
1579 2245 1664 2298 ἵνα
1696 2245 1799 2299 κᾶν
1825 2246 1923 2307 τὰς

350 2336 595 2404 μεγάλας
623 2337 930 2408 ὑπερῦῆτε,
960 2338 1066 2390 τῶν
1098 2336 1446 2406 ἐλαττόνωνὴ
1474 2335 1689 2406 φυλακὴ
1710 2336 1923 2405 πρόφα-

350 2445 433 2481 σιν
460 2429 589 2498 ὑμῖν
616 2430 892 2501 σωτηρίας
940 2431 1218 2500 παράσχῃ.
1241 2417 1639 2496 ΔΦιλάνθρωπος
1685 2428 1815 2497 γὰρ,
1842 2427 1923 2495 οὐ

347 2519 835 2589 καταδικάζωνέξ
871 2518 945 2575 ὧν
993 2521 1392 2593 παραϐαίνετε,
1444 2520 1580 2573 ἀλλὰ
1631 2517 1833 2579 σώζων
1866 2518 1926 2584 ἐξ

345 2610 542 2675 ὀλίγων
598 2605 671 2665 ὧν
724 2610 1076 2681 κατορθοῦτε.
1137 2609 1243 2663 Τοῦ
1299 2611 1407 2680 γὰρ
1460 2607 1786 2678 ἅμαρτωλοῦ
1828 2606 1926 2678 τὴν

346 2700 501 2769 ζωὴν
557 2702 806 2773 βούλεται
867 2702 1089 2772 μᾶλλον,
1143 2703 1284 2772 ἥπερ
1335 2701 1427 2754 τὸν
1489 2700 1742 2753 θάνατον.
1793 2697 1927 2750 Τότε

347 2791 605 2861 ζητήσω,
629 2797 816 2867 φησὶν,
852 2794 1028 2865 ὑμᾶς,
1053 2795 1262 2863 ἁγίους
1282 2791 1506 2847 καλῶν.
1525 2791 1711 2845 Ταῦτα
1743 2790 1802 2845 δὲ
1835 2790 1929 2844 καὶ

350 2887 428 2949 εἰς
491 2887 588 2957 τὴν
636 2888 872 2965 ἑκάστου
933 2886 1169 2956 ληπτέον
1225 2886 1441 2955 ψυχὴν,
1508 2884 1582 2954 μὴ
1630 2884 1706 2946 ὡς
1767 2882 1928 2953 ψιλὰς

349 2978 591 3048 ἱστορίας
666 2978 1164 3047 ἀναγινώσκοντας.
1236 2976 1483 3045 Ἐκάστῳ
1542 2976 1650 3045 γὰρ
1732 2991 1929 3045 κατορ-

2033 1800 2195 1858 prout
2225 1792 2428 1862 dignus
2454 1801 2561 1858 est,
2618 1795 2758 1848 solet
2790 1795 3020 1859 adesse,
3070 1796 3334 1867 justaque
3375 1803 3612 1852 mercede

2039 1881 2255 1949 singula
2288 1896 2667 1950 compensare.
2707 1882 2802 1936 Sic
2828 1891 2883 1937 et
2909 1884 3050 1952 apud
3104 1884 3442 1940 Ezechielein
3484 1902 3611 1955 cum

2031 1979 2240 2039 essent,
2271 1973 2367 2041 qui
2391 1973 2638 2028 dicerent
2670 1992 2739 2031 :1
2779 1975 2943 2029 Periit
2974 1976 3149 2030 virtus
3178 1984 3402 2043 nostra;
3434 1979 3615 2032 exsic-

2032 2071 2151 2115 cata
2198 2072 2329 2117 sunt
2363 2078 2490 2118 ossa
2526 2074 2713 2120 nostra
2749 2066 2826 2125 ⁸⁸,
2875 2083 2893 2116 ›
2936 2065 3159 2120 eosdem
3207 2066 3485 2121 conlidere
3524 2068 3615 2135 jn-

2035 2152 2191 2218 bens,
2246 2161 2306 2207 ut
2337 2152 2560 2208 humida
2611 2155 2843 2218 siccare,
2901 2154 2979 2209 sic
3025 2163 3080 2209 ct
3128 2163 3319 2209 contra
3362 2171 3418 2209 se
3449 2171 3613 2224 posse
3693 2175 3715 2199 r

2033 2245 2338 2313 respondit.
2382 2245 2539 2313 Quod
2594 2247 2646 2301 in
2697 2247 2934 2301 Aaronis
2983 2246 3148 2301 etiam
3185 2248 3337 2317 virga
3398 2249 3612 2316 praesti-

2032 2338 2101 2389 tit
2137 2338 2204 2392 “.
2242 2337 2305 2390 Et
2336 2337 2441 2393 hoc
2471 2338 2593 2392 ioco
2620 2339 2810 2408 igitur,
2846 2338 2890 2393 si
2917 2338 3070 2407 digni
3106 2348 3255 2401 sunt,
3291 2338 3611 2393 adfuturum

2033 2442 2096 2483 se
2138 2429 2431 2497 signiﬁcat.
2466 2429 2628 2484 Ubid
2665 2431 2810 2485 enim
2841 2437 2894 2484 et
2925 2444 3045 2500 ego,
3090 2431 3292 2500 inquit,
3335 2431 3610 2501 ingentem

2033 2518 2155 2573 dedi
2194 2520 2576 2573 mandatorum
2614 2534 2905 2574 numerum
2939 2536 2951 2571 :
2988 2535 3100 2575 non
3136 2528 3217 2583 nt.
3254 2536 3376 2575 cum
3409 2535 3439 2574 a
3472 2522 3614 2575 mul-

2036 2609 2105 2662 tis
2135 2610 2488 2675 aberraretis,
2537 2611 2724 2663 multis
2770 2610 2936 2665 etiam
2970 2612 3023 2664 in
3058 2626 3157 2665 vos
3197 2611 3612 2667 animadverte-

2035 2713 2149 2755 rem
2200 2716 2211 2752 Ξ
2242 2699 2336 2754 sed
2370 2709 2449 2764 ιιι,
2486 2714 2613 2755 cum
2642 2715 2760 2764 νοε,
2801 2716 2925 2769 quae
2957 2716 3153 2773 magna
3181 2710 3390 2765 PSSCDI,
3423 2711 3612 2756 trans-

2036 2790 2188 2862 gredi
2216 2792 2560 2861 contingeret
2581 2832 2596 2856 ,
2632 2791 2893 2847 leviorum
2916 2784 3231 2849 observatio
3262 2796 3421 2850 vobis
3453 2810 3483 2848 a
3520 2810 3610 2849 me

2036 2883 2270 2938 salutem
2305 2890 2682 2953 extorqueret.
2718 2882 2849 2937 Sum
2894 2883 3040 2937 enim
3085 2883 3240 2940 mitis
3267 2894 3321 2939 et
3345 2886 3612 2950 clemens,

2036 2989 2144 3028 non
2172 2990 2238 3028 ex
2265 2974 2354 3039 iis,
2392 2990 2512 3045 quia:
2545 2988 2831 3045 perperam
2873 2974 3060 3045 agitis,
3090 2977 3478 3037 condemnare.
3502 2979 3613 3055 sed

346 3069 526 3124 θοῦντι
554 3073 824 3142 παρέσται
854 3071 1151 3144 συγχωρῶν
1178 3071 1245 3124 τὰ
1271 3068 1658 3141 ἡμαρτημένα.

2035 3084 2100 3123 οι
2124 3082 2422 3139 paucorum
2447 3066 2661 3121 ratione
2687 3081 2811 3136 qua:
2837 3067 2941 3136 ipsi
2963 3081 3090 3121 cum
3118 3069 3329 3124 virtute
3362 3077 3418 3124 et
3449 3069 3613 3124 laude

343 3162 526 3218 facitis
571 3166 778 3220 salvare
827 3165 1043 3225 solitus,
1091 3162 1187 3231 qui
1241 3161 1519 3231 peccantis
1568 3158 1681 3213 vita
1730 3157 1914 3227 potius
1952 3173 2116 3228 quam
2163 3166 2343 3213 morte
2383 3156 2649 3239 delector.
2712 3155 2871 3223 Tum,
2937 3157 3149 3228 inquit,
3222 3176 3456 3229 quaram
3500 3179 3613 3226 vos,

346 3272 470 3310 cum
529 3268 742 3313 sanctos
778 3257 993 3314 uocabo.
1032 3253 1199 3327 719
1226 3253 1391 3308 Decet
1423 3267 1551 3307 vero
1578 3260 1633 3306 et
1673 3252 1777 3306 ista
1811 3265 1919 3304 non
1959 3250 2225 3306 historias
2276 3250 2457 3305 nudas
2481 3259 2697 3320 putare,
2752 3250 2845 3304 sed
2913 3252 2981 3305 ad
3029 3251 3303 3322 cujusque
3367 3255 3608 3309 animam

346 3352 571 3407 referre.
623 3351 815 3405 Aderit
863 3351 1006 3406 enim
1069 3349 1302 3418 singulis
1358 3346 1504 3418 quod
1561 3354 1771 3400 rectum
1826 3354 1913 3400 est
1949 3343 2301 3409 facientibus,
2359 3344 2680 3399 ut'eisdem
2732 3342 3019 3399 condonet.
3047 3360 3170 3417 qua:
3221 3343 3538 3417 pec'earunt.

926 3442 1178 3496 ΚΕΦΑΛ.
1239 3438 1357 3495 El".

415 3546 555 3604 a-g'.
599 3540 692 3604 Τίς
748 3533 926 3602 οὗτος
980 3539 1013 3591 ό
1066 3535 1549 3604 παραγενόμενος
1584 3533 1655 3598 ἐξ
1694 3531 1921 3598 Ἐδώμῖ

342 3630 606 3697 ἐρύθημα
636 3628 881 3696 ἱματίων
901 3628 970 3681 ἐκ
991 3627 1214 3692 Βόσορ,
1237 3623 1427 3688 οὕτως
1448 3622 1661 3689 ὡραῖος
1687 3621 1758 3674 ἐν
1782 3636 1923 3673 στου

344 3719 448 3788 λῇ.
468 3721 591 3787 βία,
608 3719 756 3788 μετὰ
787 3718 1022 3786 ἰσχύος.
1063 3715 1204 3786 Ἐγὼ
1239 3714 1585 3782 διαιέγηομαι
1612 3711 1923 3765 δικαιοσύ-

344 3829 461 3879 ινην
490 3812 587 3864 καὶ
613 3810 816 3877 κρίσιν
838 3808 1155 3876 σωτηρίου.
1196 3806 1300 3861 Διὰ
1334 3809 1391 3859 τί
1437 3821 1555 3860 σου
1595 3806 1813 3873 ἐρυθρὰ
1852 3803 1925 3857 τὰ

344 3905 563 3972 incrta,
593 3903 692 3957 καὶ
727 3902 801 3955 τὰ
830 3900 1129 3968 ἐνδύματα
1152 3915 1270 3954 σου
1312 3901 1393 3965 ὡς
1425 3899 1542 3953 ἀπὸ
1577 3897 1925 3966 ποτήματος

354 3995 547 4061 ληνοῦ
588 3993 883 4062 πλήρους.
916 3990 1514 4060 καταπεπατημένης.
1544 4002 1600 4043 κ.
1625 4007 1674 4043 τ.
1705 3989 1753 4041 λ.

417 4086 631 4155 Ὠσπερ
665 4084 858 4153 μισθὸν
911 4086 956 4136 ὁ·
978 4084 1168 4154 Σωτὴρ
1219 4081 1434 4149 ἐλέγετο
1465 4082 1575 4143 τοῖς
1611 4078 1924 4133 εὐσεϐοῦσιν

345 4176 655 4228 ἀποδιδόναι
685 4174 810 4245 (εφη
843 4175 953 4247 γάρ
976 4189 991 4206 °
1024 4176 1131 4228 Καὶ
1168 4173 1197 4225 ὁ
1217 4172 1408 4242 μισθὸς
1440 4169 1606 4225 αὑτοῦ
1665 4170 1782 4240 μετ’
1828 4169 1924 4222 αὑ-

345 4265 465 4335 τοῦ)
492 4284 506 4297 ·
543 4265 715 4329 οὕτως
744 4269 856 4327 τοῖς
886 4265 1107 4319 ἀσεϐέσι
1147 4263 1372 4333 φοϐερὸς
1401 4261 1552 4332 ἥξειν
1585 4260 1921 4326 θεσπίζεται,

343 4356 456 4419 ὅτε,
491 4356 632 4407 κατὰ
669 4355 759 4407 τὸν
800 4353 1140 4415 Ἀπόστολον,
1176 4353 1497 4424 καταργήσῃ
1534 4354 1711 4405 πᾶσαν
1750 4353 1923 4421 ἀρχὴν

344 4445 440 4497 καὶ
474 4444 740 4507 ἐξουσίαν.
790 4445 878 4497 Ἐν
900 4440 980 4507 οἷς
1010 4447 1126 4499 ἐστι
1155 4446 1251 4496 καὶ
1280 4444 1340 4496 τὸ
1373 4444 1601 4513 ἔσχατον
1627 4446 1921 4513 καταργεῖ-

347 4535 584 4589 σθαιιτδν
609 4536 861 4590 θάνατον.
890 4536 1158 4607 Ὀρῶντες
1180 4535 1236 4588 δὲ
1259 4535 1420 4588 αὐτόν
1441 4551 1581 4597 τινες
1607 4536 1663 4586 ὲν
1686 4535 1923 4604 σχήματι

342 4627 777 4699 καθῃμαγμένον
807 4619 1132 4697 πολεμικῷ,
1189 4626 1325 4698 πρὸς
1370 4626 1430 4679 τὸ
1479 4625 1627 4689 ξένον
1662 4625 1759 4693 τῆς
1795 4623 1922 4686 θέας

2627 3436 2782 3491 CAP.
2827 3436 3011 3492 LXIII.
3373 3487 3378 3492 .

2097 3529 2262 3585 Vens.
2285 3530 2550 3595 1-6.0uis
2580 3540 2656 3583 est
2693 3531 2813 3592 iste,
2846 3531 2937 3599 qui
2959 3530 3096 3584 venit
3117 3531 3181 3585 de
3196 3533 3366 3585 Edam
3388 3536 3412 3588 1’
3433 3532 3610 3587 Rubor
3654 3510 3665 3523 ~

2025 3621 2243 3673 restium
2265 3620 2329 3673 de
2352 3620 2545 3673 Bosar.
2571 3619 2657 3673 Sic
2682 3620 2947 3687 formosus
2977 3622 3031 3674 in
3058 3623 3198 3676 stola
3227 3640 3346 3678 sua.
3395 3623 3606 3678 Violen-

2026 3711 2105 3762 tia
2140 3725 2259 3763 cum
2297 3709 2632 3778 fortitudine.
2674 3708 2787 3778 Ego
2834 3709 3025 3779 loquor
3060 3711 3334 3779 justitiam
3372 3724 3422 3768 et
3456 3715 3608 3784 judi-

2026 3803 2165 3855 cium
2217 3802 2493 3857 salutaris.
2553 3801 2732 3867 Quare
2775 3803 2939 3856 rubra
2996 3813 3118 3857 sunt
3164 3807 3473 3861 vestimenta
3515 3820 3605 3861 tua
3640 3834 3657 3844 ο

2024 3904 2073 3946 et
2107 3895 2417 3948 indumenta
2448 3904 2561 3957 tua,
2598 3903 2851 3964 tanquam
2905 3912 2938 3948 a
2978 3897 3373 3953 conrulcatione
3422 3910 3605 3955 torcu-

2028 3988 2157 4041 laris
2198 3986 2359 4055 pleni,
2399 3987 2713 4053 ronculcati,
2751 3996 2858 4043 etc.

2101 4082 2176 4138 Ut
2226 4082 2533 4137 mercedem
2588 4080 2838 4137 Salvator
2887 4083 2956 4137 iis
3011 4084 3166 4153 ipsis,
3208 4085 3301 4154 qui
3348 4085 3603 4154 pietatem

2027 4174 2289 4237 colerent,
2310 4172 2677 4228 retribnturus
2700 4173 2988 4228 dicebatur
3005 4176 3144 4245 (eam
3170 4176 3314 4230 enim
3338 4176 3451 4231 fore
3479 4192 3604 4231 cum

2029 4269 2148 4335 ipso
2188 4264 2520 4333 atlirmavit),
2552 4263 2632 4318 sic
2663 4264 2845 4334 impiis
2878 4266 3205 4321 metuendus
3235 4267 3437 4323 instare
3469 4285 3607 4339 prte-

2026 4357 2248 4416 dieitur,
2294 4370 2417 4410 enm
2463 4355 2617 4423 juxta
2659 4340 3027 4426 Apostolum;
3052 4372 3272 4413 omnem
3326 4359 3602 4431 principa-

2028 4456 2141 4500 tum
2195 4455 2249 4500 et
2281 4447 2584 4515 potentiam
2615 4448 2880 4504 deleverit
2904 4449 2971 4501 ⁸⁷.
3001 4447 3121 4515 Quo
3154 4450 3273 4505 loco
3305 4453 3606 4507 novissime

2026 4535 2363 4608 destructam
2401 4536 2465 4588 iri
2503 4544 2734 4590 mortem
2784 4538 3057 4606 adjunxit.
3093 4539 3227 4594 Cum
3267 4549 3446 4596 autem
3479 4557 3603 4598 eum

2030 4627 2278 4685 nonnulli
2314 4628 2538 4681 militari
2578 4627 2763 4683 habitu
2798 4631 3064 4701 sanguine
3100 4647 3386 4702 aspersum
3425 4635 3609 4689 intuo-

341 4719 620 4791 ipumiictv
645 4719 952 4790 .dlkqlou;
1018 4720 1073 4772 Ἐ
1084 4716 1237 4786 πειδὴ
1263 4716 1325 4769 δὲ
1343 4716 1542 4781 Βόσορ
1568 4713 1667 4767 καὶ
1708 4712 1917 4780 Ἔδὼμ,

2032 4730 2237 4781 rentur,
2271 4722 2349 4776 rei
2385 4720 2624 4775 novitate
2670 4723 2931 4777 commoti
2977 4724 3046 4779 ad
3097 4737 3319 4781 mutuas
3366 4728 3607 4783 interro-

338 4809 442 4879 τῆς
466 4812 577 4864 τῶν
603 4811 917 4880 ἀλλοφύλων
943 4809 1126 4880 χώρας
1143 4812 1236 4863 καὶ
1265 4807 1541 4877 πολεμίων
1561 4805 1654 4860 τοῦ
1678 4805 1915 4874 Ἰσραὴλ,

339 4905 565 4966 εἰκότως
584 4903 673 4957 διὰ
696 4901 903 4955 τούτων
930 4901 1026 4964 τὰς
1058 4897 1437 4968 ἀντικειμένας
1467 4897 1721 4967 δυνάμεις
1743 4896 1919 4949 αἰνίτ-

336 5013 510 5061 τεται,
536 4989 611 5049 ὧν
638 4995 736 5067 τὴν
763 4995 1042 5065 ἀναίρεσιν
1076 4992 1353 5064 τροπικῶς
1378 4992 1578 5058 αἵματι
1617 4989 1918 5060 παρείκασε

339 5085 563 5156 φονικῷ.
603 5085 819 5147 Εἰδότες
854 5083 911 5136 δὲ
961 5082 1124 5159 αὑτὸν
1151 5083 1379 5153 ἥμερον,
1410 5075 1510 5132 εἷθ’
1540 5076 1730 5147 ὥσπερ
1749 5081 1920 5131 τεθυ-

335 5177 610 5245 μωμένον
628 5176 886 5249 ὁρῶντες,
920 5175 1161 5229 ἐοίκασιν
1187 5173 1351 5226 αὐτὸν
1389 5172 1463 5243 μὴ
1492 5168 1801 5239 γινώσκειν.
1830 5168 1921 5220 Διὸ

338 5269 434 5320 καὶ
482 5268 868 5324 πυνθάνονται.
913 5269 972 5321 '0
1002 5267 1087 5333 ﬁt
1126 5265 1263 5336 πρὸς
1290 5265 1488 5327 αὐτοὺς
1539 5264 1916 5333 ἀποκρίνεται·

350 5357 501 5424 Ἐγὼ
533 5358 881 5428 διαλέγομαι
915 5357 1335 5423 δικαιοσύνην,
1360 5356 1458 5410 καί
1486 5357 1688 5423 κρίσιν
1721 5369 1915 5415 σωτη-

331 5450 490 5520 ρίου,
522 5453 661 5506 κατὰ
681 5454 739 5508 δὲ
771 5453 1066 5523 Σύμμαχον
1095 5468 1108 5481 °
1145 5450 1294 5520 Ἐγὼ
1323 5448 1493 5503 λαλῶ
1519 5450 1588 5502 ἐν
1608 5447 1915 5501 timaram?-

407 5635 455 5666 ⁸³
491 5633 685 5690 Ezech.
717 5650 925 5691 xxxvii.
957 5636 1038 5688 il.

619 5730 892 5791 Ριιτιιοι.
935 5732 1043 5793 (in.
1086 5725 1464 5789 LXXXV”.

2026 4816 2275 4883 gationes
2324 4813 2715 4884 confugerunt.
2773 4814 3044 4879 Quoniam
3096 4827 3279 4874 autem
3331 4819 3504 4877 Bosor
3555 4831 3606 4873 et

2030 4904 2223 4970 Edam,
2270 4912 2647 4969 externorum,
2701 4915 2756 4959 et
2813 4906 3054 4962 hostium
3113 4908 3303 4971 lsrael,
3353 4912 3604 4981 regiones

2029 4995 2197 5067 720
2226 5002 2383 5048 erant
2430 5011 2444 5047 :
2492 5009 2589 5062 per
2632 5009 2727 5048 eas
2773 5010 2881 5049 non
2925 4995 3223 5061 immerito,
3259 4997 3603 5053 adVersarias

2029 5092 2328 5155 potestates
2397 5083 2693 5146 indicavit,
2756 5098 2990 5152 quarum
3054 5086 3326 5140 excidium
3393 5089 3603 5158 tropice

2026 5176 2273 5245 sanguini
2313 5174 2461 5230 caede
2493 5174 2669 5229 eliuso
2701 5184 3068 5247 compararet.
3115 5176 3218 5243 Qui
3267 5186 3446 5231 autem
3497 5178 3601 5231 mi-

2023 5276 2132 5322 tem
2172 5283 2296 5322 eum
2331 5275 2386 5322 et
2416 5267 2697 5337 placidum
2732 5282 2855 5322 esse
2887 5267 3214 5335 didicerant,
3249 5284 3372 5323 cum
3412 5277 3602 5340 postea

2024 5358 2188 5412 veluti
2238 5358 2420 5426 furore
2469 5358 2725 5426 percitum
2762 5358 3437 5425 intuerentur,_enmdem
3489 5376 3601 5416 non

2024 5434 2321 5519 agnoscere
2352 5449 2453 5503 visi
2485 5455 2637 5515 sunt,
2670 5463 2777 5519 quo
2821 5447 3026 5504 factum
3061 5461 3166 5514 est,
3201 5460 3260 5505 ut
3299 5453 3423 5522 quis
3456 5463 3604 5510 esset

1116 5633 1160 5663 “
1200 5632 1361 5687 Num.
1408 5649 1538 5694 ιιι-ιι,
1570 5632 1621 5683 8.
1695 5630 1737 5660 ⁸⁷
1768 5628 1783 5681 l
1815 5629 1939 5683 Cor.
1972 5646 2060 5694 vv,
2092 5628 2181 5686 96.

3176 5723 3254 5785 85
