3976 6210
454 229 609 294 Ὡίὶίῗῖ

1781 218 2101 279 PROCOPI
2113 219 2137 278 Ι
2170 218 2414 279 (ἶΑΖᾸΞῐ

3566 227 3687 295 E2668

458 336 878 402 interrogarent.
931 327 1081 394 Quos
1138 325 1326 382 istltaac
1380 323 1627 395 ejusdem
1681 325 1899 395 excepit
1956 339 2043 378 re-

2148 342 2241 393 νη,
2307 322 2633 401 ὑπερμαχῶ
2665 326 2747 390 εἰς
2800 323 2865 376 τὸ
2917 322 3131 379 σῶσαι.
3188 325 3565 399 ’Υπερμαχῶν
3597 341 3689 406 γὰρ

461 424 686 497 sponsio
709 441 721 478 :
753 421 862 494 Ego
886 420 1072 491 loquor
1094 418 1365 488 iustitiam
1386 426 1434 472 et
1451 416 1716 487 judicium
1739 418 2033 481 salutaris;

461 516 564 577 vel,
600 522 657 568 ιιι
692 510 1024 584 Symmacho
1056 510 1235 582 placet
1272 526 1286 563 :
1319 506 1429 578 Ego
1472 508 1661 579 loquor
1699 509 1754 561 in
1777 507 1997 577 justitia
2020 547 2035 572 ,

460 608 669 660 decerto
718 613 776 657 ut
826 603 1022 658 salvem
1085 600 1221 655 Cum
1258 600 1402 655 enim
1443 613 1634 655 eorum
1674 599 1897 653 nomine
1940 591 2037 653 de-

461 704 708 758 certaret,
747 694 839 763 qui
902 691 1105 762 injuste
1162 690 1231 743 ab
1287 688 1622 745 adversariis
1674 687 2039 759 potestatibus

461 784 945 842 conculcabantur:
970 785 1106 838 istas
1126 780 1346 852 quidem
1369 780 1770 847 ulciscebatur;
1796 779 1918 835 illos
1940 794 2039 834 au-

460 890 568 934 tem
599 880 653 932 in
685 877 992 932 libertatem
1029 873 1331 930 asserebat.
1377 870 1638 941 Sequitur
1668 870 1777 940 jam
1806 871 2039 940 quaestio

462 974 630 1027 altera
683 986 697 1023 :
749 969 927 1034 Quare
973 967 1138 1019 rubra
1182 972 1307 1020 sunt
1355 964 1663 1019 uestimenta
1702 963 1838 1016 tua?
1874 977 2037 1032 quam

459 1064 624 1117 etiam
649 1061 784 1131 _sine
825 1057 1179 1128 responsione
1219 1056 1371 1110 abire
1403 1068 1514 1110 non
1555 1054 1780 1123 patitur.
1820 1052 1926 1108 Sed
1955 1061 2040 1108 est

461 1152 856 1208 advertendum
906 1165 1015 1220 quo
1071 1149 1217 1211 loco,
1265 1146 1330 1202 de
1375 1146 1616 1218 gentibus
1665 1145 1927 1217 legimus,
1975 1148 2040 1199 de

460 1247 671 1317 populis
706 1243 1053 1311 interpretari
1090 1240 1502 1311 Symmachum.
1536 1238 1656 1305 Quo
1689 1238 1810 1292 luco
1831 1238 2035 1292 etiam:

466 1339 667 1392 Deduxi
711 1336 1020 1402 sanguinem
1066 1350 1249 1401 eorum
1287 1333 1343 1385 in
1382 1341 1600 1399 terram,
1640 1330 1890 1386 eumdem
1922 1349 1935 1384 :
1972 1329 2038 1383 Et

461 1446 677 1499 aspersa
724 1438 799 1483 est
845 1426 1065 1481 uictoria
1109 1440 1293 1478 eorum
1342 1422 1852 1493 super.vestintenta
1901 1437 2036 1476 mea.

462 1524 761 1591 Tanquam.
784 1526 965 1573 autem
1008 1516 1274 1587 judicium
1303 1517 1457 1571 solus
1488 1530 1517 1569 a
1547 1515 1712 1570 Patre
1742 1513 2036 1583 acceperit,

468 1611 706 1668 torcular
752 1625 812 1665 se
856 1610 1035 1664 solum
1080 1607 1421 1661 conculcasse
1459 1606 1614 1672 dicit,
1662 1606 1737 1659 ita
1779 1613 2037 1675 peccato-

2139 418 2247 470 τῶν
2297 416 2524 483 ἀδίκως
2571 416 2675 469 ὑπὸ
2721 416 2831 469 τῶν
2862 416 3258 487 ἀντικειμένων
3284 420 3562 492 δυνάμεων
3600 444 3690 481 κα-

2138 507 2623 577 ταπατουμένων,
2659 507 2757 570 τὰς
2789 508 2889 577 μὲν
2927 507 3138 578 μετῄει,
3171 512 3297 573 τοὺς
3319 511 3372 564 δὲ
3403 513 3690 587 ἠλευθέρου.

2139 595 2273 653 Εἶτα
2299 598 2525 669 δευτέρα
2553 598 2781 662 πεῦσις’
2819 598 2923 653 Διὰ
2967 600 3026 653 τί
3057 614 3174 654 σου
3222 601 3442 671 ἐρυθρὰ
3476 606 3545 660 τὰ
3585 612 3693 678 1μὰ-

2138 703 2267 754 tta;
2297 689 2434 758 πρὸς
2453 687 2482 741 ὃ
2514 687 2675 741 πάλιν
2696 687 3073 759 ἀποκρίνεται.
3092 688 3239 742 ’Λντὶ
3269 689 3328 743 δὲ
3345 692 3458 756 τοῦ,
3486 697 3692 751 καὶτῶν

2137 778 2351 846 ἐθνῶν,
2379 782 2407 834 ὁ
2458 778 2774 851 Σύμμαχος⁹
2801 781 2895 833 καὶ
2931 780 3040 833 ἀπὸ
3069 779 3188 834 τῶν
3233 783 3402 837 λαῶν
3427 785 3688 855 ἐξέδωκεν,

2138 872 2233 925 καὶ
2268 871 2389 924 ἀντὶ
2415 869 2533 936 τοῦ,
2570 870 2926 940 Κατ-ἤγαγον
2969 872 3036 926 τὸ
3057 867 3203 941 αἷμα
3229 875 3429 929 αὐτῶν
3456 880 3542 944 εις
3578 880 3695 948 γῆν,

2138 963 2246 1018 Καὶ
2276 962 2635 1031 ἐῤῥαντισθη
2664 961 2728 1016 τὸ
2757 963 3053 1017 ἐπινίκιον
3075 965 3276 1019 αὐτῶν
3296 968 3394 1021 ἐπὶ
3429 969 3498 1023 τὰ
3523 972 3699 1039 ἱμάτιά

2133 1073 2274 1125 μου.
2317 1054 2406 1118 Ὠς
2435 1054 2490 1108 δὲ
2521 1053 2681 1125 μόνος
2710 1054 2826 1123 τὴν
2854 1056 3061 1123 κρίσιν
3085 1055 3265 1110 λαϐὼν
3300 1061 3452 1129 παρὰ
3480 1062 3571 1115 τοῦ
3604 1066 3698 1117 lia-

2138 1146 2313 1217 τέρος,
2375 1146 2536 1216 μόνος
2577 1145 2986 1214 πεπατηκέναι
3038 1149 3173 1218 φησὶ
3222 1151 3438 1217 ληνὸν,
3488 1152 3624 1206 οὕτω
3651 1156 3697 1208 δὲ

2139 1239 2295 1292 καλεὶ
2345 1240 2454 1292 τῶν
2478 1241 2897 1310 ἁμαρτημάτων
2922 1241 3022 1310 τὴν
3072 1240 3358 1311 ἔκπραξιν.
3402 1245 3510 1297 Καὶ
3564 1245 3704 1315 Ἰερε-

2142 1330 2270 1400 μίας
2291 1328 2348 1384 δὲ
2372 1332 2432 1384 ὲν
2454 1332 2687 1402 Θρήνοις
2711 1332 2867 1402 φησί’
2888 1331 3064 1401 Ληνδν
3087 1334 3326 1403 ἐπάτησε
3355 1335 3555 1405 Κύριος
3584 1354 3701 1408 παρ-

2140 1421 2278 1492 θένῳ
2306 1422 2540 1493 θυγατρὶ
2584 1422 2773 1479 Ἰούδα.
2828 1426 2949 1478 Ἐπὶ
2977 1426 3188 1489 τούτοις
3218 1425 3330 1494 ἐγὼ
3363 1427 3551 1482 κλαίω.
3587 1430 3699 1483 Ὦς·

2140 1531 2247 1583 περ
2270 1513 2325 1567 δὲ
2353 1512 2544 1581 ληνὸς
2567 1516 2602 1587 ἡ
2626 1514 2719 1568 ἐπὶ
2758 1516 2819 1569 τὸ
2849 1516 2982 1569 αὐτὸ
3013 1517 3122 1570 τῶν
3168 1518 3581 1589 ἁμαρτημάτων
3623 1521 3700 1573 εὖ-

2142 1603 2274 1657 θυνα
2293 1618 2308 1635 ⁶
2340 1603 2482 1658 οὕτω
2510 1605 2617 1659 τῶν
2646 1605 2754 1659 ἀπὸ
2781 1607 2881 1677 τῆς
2913 1606 3127 1677 ἀγαθῆς
3153 1609 3401 1679 ἀμπέλου
3447 1612 3702 1681 τρυγομὲο
3743 1623 3750 1630 ’

462 1721 582 1758 rum
643 1716 833 1773 pmnas
884 1700 1223 1771 signiﬁcans.
1263 1698 1338 1751 Ita
1377 1712 1509 1753 vero
1555 1705 1610 1753 et
1654 1695 1921 1751 Jcremias
1954 1696 2038 1749 lo-

2148 1712 2247 1748 νων
2290 1695 2520 1767 καρπῶν
2554 1698 2732 1764 ληνοὶ
2794 1698 2911 1770 Θεῷ
2969 1700 3302 1772 ἀρέσκουσαι
3337 1702 3597 1771 γίνονται,
3631 1703 3704 1771 ἐφ’

461 1797 647 1864 quitur
674 1794 727 1847 in
750 1788 1345 1854 Lamentationibus“,
1375 1804 1499 1844 cum
1528 1789 1770 1843 torcular
1796 1788 2047 1868 calcasse

464 1885 752 1940 Dominum
780 1882 978 1953 virgini
1015 1880 1137 1935 lilia:
1176 1878 1352 1944 Judaa,
1386 1877 1528 1933 unde
1559 1894 1620 1933 se
1659 1880 1878 1948 plorare
1909 1892 2043 1931 con-

464 1980 718 2047 tingeret,
772 1974 1093 2029 allirmavit.
1153 1971 1222 2026 Ut
1275 1980 1455 2031 autem
1510 1970 1699 2025 eodem
1755 1970 2040 2025 torcularis

464 2068 712 2132 nomine,
747 2081 868 2137 qua:
912 2065 1155 2136 peccatis
1199 2064 1492 2129 debentur,
1522 2077 1697 2131 pinnae
1725 2062 2041 2131 signiﬁcan-

464 2172 577 2224 tur,
613 2161 693 2216 sic
743 2158 839 2230 qui
895 2161 960 2213 tle
1013 2157 1158 2212 bona
1212 2155 1321 2211 vite
1374 2154 1589 2209 fructus
1645 2153 2038 2223 decerpuntur,

463 2254 757 2306 toreularia
787 2266 910 2306 esse
960 2248 1071 2304 Deo
1115 2249 1388 2318 placentia
1434 2247 1735 2311 credimus,
1764 2246 1857 2316 qui
1897 2245 2042 2315 psal-

463 2359 584 2398 mos
610 2343 679 2397 de
709 2336 1083 2396 torcularibus
1113 2339 1344 2395 inscribi
1387 2338 1658 2394 videmus.
1690 2338 1826 2392 Cum
1858 2345 2040 2391 autem

463 2433 729 2491 malitiam
754 2448 997 2495 omnem,
1018 2430 1409 2500 dmmonasque
1436 2430 1586 2498 ipsos
1616 2428 1737 2499 ejus
1767 2436 2037 2489 auctores,

463 2540 681 2583 cessare
718 2523 908 2579 iecerit
944 2540 959 2578 :
992 2536 1111 2586 eos,
1157 2521 1357 2591 quibus
1397 2521 1707 2592 imperavit,
1743 2521 1796 2575 in
1839 2521 2043 2576 saeculo

464 2616 672 2671 recenti
722 2614 789 2667 ad
831 2611 1051 2668 Patrem
1104 2611 1358 2673 adducet,
1400 2625 1514 2680 quo
1560 2611 1724 2665 etiam
1777 2618 2039 2678 tempore,

466 2708 548 2760 ait
584 2706 881 2775 Apostolus
921 2705 988 2766 ⁸⁸,
1045 2718 1273 2773 regnum
1318 2702 1426 2757 Deo
1464 2709 1517 2755 et
1558 2702 1708 2756 Patri
1740 2700 2042 2755 traditurus

466 2809 569 2854 cst.
604 2799 897 2861 Czeterum,
923 2804 981 2849 nt
1014 2802 1287 2865 perstaret
1312 2795 1364 2847 in
1393 2794 1666 2864 sanguinis
1699 2790 2040 2862 metaphora,

467 2891 777 2944 vestimenta
817 2904 929 2942 esse
978 2886 1257 2956 inquinata
1292 2885 1511 2955 adjecit.
1546 2884 1771 2950 Qualem
1806 2885 1950 2938 enim
1986 2884 2042 2937 in

470 2982 837 3051 potestatibus
930 2978 1273 3046 incorporeis
1362 2977 1683 3047 sanguinem
1760 2976 2044 3045 reperias?

2090 1818 2109 1829 -
2145 1782 2233 1852 αἷς
2253 1788 2412 1858 ὕμνοι
2443 1791 2499 1843 ὲν
2529 1790 2782 1860 Ψαλμοῖς
2811 1791 3079 1863 ὲπιλήνιοι
3113 1792 3383 1860 λέγονται.
3431 1795 3703 1865 Καταργὴο

2146 1897 2245 1943 σας
2264 1881 2321 1933 δὲ
2352 1882 2532 1935 πᾶσαν
2564 1882 2783 1943 κακίαν,
2816 1882 2913 1936 καὶ
2960 1883 3085 1946 τοὺς
3129 1883 3302 1955 αὐτὴν
3356 1886 3702 1954 γεννήσαντας

2142 1971 2423 2040 δαίμονας,
2452 1974 2577 2037 τοὺς
2599 1973 2692 2027 ὑπ’
2715 1973 2863 2043 αὐτῷ
2890 1973 3346 2044 βασιλευομένους
3372 1976 3429 2027 ὲν
3455 1974 3533 2043 τῷ
3555 1974 3704 2042 καινῷ

2143 2062 2301 2116 αἰῶνι
2359 2062 2619 2134 προσάξει
2640 2064 2717 2133 τῷ
2755 2064 2984 2135 Πατὲρι,
3034 2065 3121 2117 ὅτε
3154 2065 3251 2119 καὶ
3283 2068 3594 2139 παραδώσει
3623 2070 3705 2137 τὴν

2146 2151 2425 2222 βασιλείαν
2454 2152 2531 2223 τῷ
2565 2153 2687 2224 Θεῷ
2718 2155 2812 2207 καὶ
2840 2154 3067 2225 Πατέρι,
3088 2156 3231 2209 κατὰ
3257 2157 3350 2211 τὸν
3383 2159 3699 2212 Ἀπόστολον.

2157 2245 2441 2315 Ἐμμένων
2466 2244 2523 2298 δὲ
2552 2248 2617 2316 τῇ
2655 2248 2938 2316 μεταφορᾷ
2968 2246 3074 2301 τοῦ
3101 2248 3372 2316 αἵματος,
3419 2250 3495 2304 τὰ
3532 2251 3704 2320 lucina

2138 2338 2512 2407 μεμολύνθαι
2543 2337 2784 2404 λέγεται.
2813 2338 2974 2391 Ποῖον
3012 2337 3121 2409 γὰρ
3155 2340 3249 2393 ἐπὶ
3293 2342 3597 2411 ἀσωμάτων
3630 2342 3703 2394 δν-

2146 2430 2363 2498 νάμεων
2389 2422 2561 2498 αἷμας
2621 2426 2751 2481 Εἶτα
2799 2428 2964 2482 πάλιν
3002 2429 3226 2499 ἡμέρας
3257 2433 3704 2498 ἀνταποδώσεως

2146 2521 2245 2574 καὶ
2302 2520 2582 2575 ἐνιαυτοῦ
2614 2523 2974 2589 λυτρώσεως
3032 2524 3330 2593 μέμνηται,
3363 2526 3440 2590 ὡς
3487 2527 3576 2578 ἐπὶ
3611 2525 3703 2578 τῶν

2145 2611 2525 2683 χρηστοτέρων
2562 2610 2802 2679 ἐλέγετο,
2841 2612 3091 2683 Κηρύξαι
3120 2614 3367 2668 ἐνιαυτὸν
3408 2615 3609 2686 Κυρίου
3632 2615 3703 2667 δε-

2146 2703 2294 2766 κτὸν,
2330 2702 2424 2756 καὶ
2447 2700 2663 2772 ἡμέραν
2697 2701 3127 2764 ἀνταποδόσεως.
3164 2704 3255 2755 Διὸ
3295 2703 3388 2755 νῦν
3419 2705 3702 2775 προσέθηκε

2145 2793 2238 2846 καὶ
2263 2792 2540 2857 ἐνιαυτὸς
2563 2790 2934 2857 λυτρώσεως.
2955 2791 3091 2860 ὁμοῦ
3117 2791 3223 2862 γὰρ
3247 2793 3376 2856 τοὺς
3415 2793 3514 2861 μὲν
3540 2792 3702 2853 σώσει,

2144 2886 2253 2947 τοῖς
2276 2884 2331 2937 δὲ
2351 2882 2784 2954 ἀνταποδώσω,
2812 2882 2955 2936 καθά
2975 2899 3106 2953 φησι
3134 2885 3368 2954 Μωσῆς·
3402 2904 3422 2937 ι
3464 2885 3569 2937 Καὶ
3595 2884 3703 2936 ἀντι

2146 2975 2414 3029 ἀποδώσει
2481 2974 2636 3046 δίκην
2664 2975 2778 3037 τοῖς
2807 2974 3045 3045 ἐχθροῖς,
3075 2976 3171 3030 καὶ
3204 2978 3317 3041 τοῖς
3359 2976 3606 3047 μισοῦσιν
3626 2975 3704 3029 αὖ·

472 3074 737 3141 Deinceps
779 3086 998 3125 rursum
1025 3070 1131 3123 diei
1160 3070 1544 3133 retributionis,
1569 3069 1798 3137 annique
1837 3067 2043 3121 redem-

2148 3068 2239 3121 τὸν
2267 3065 2664 3120 ἀνταποδώσει.
2704 3084 2723 3117 ι

470 3163 666 3232 ptionis
706 3161 975 3222 meminit,
1011 3159 1174 3228 quale
1224 3159 1355 3214 illud
1390 3159 1514 3223 luit,
1555 3160 1700 3230 quod
1731 3159 1797 3214 de
1828 3160 2182 3230 probioribus
2222 3160 2477 3229 loquens,
2515 3169 2575 3212 ut
2606 3159 2762 3229 721
2799 3172 3000 3212 annum
3039 3157 3269 3214 Domino
3318 3160 3702 3231 acceptabilem,

472 3260 725 3325 diemque
771 3253 1154 3308 retributionis
1203 3253 1579 3318 annuntiarct,
1632 3253 1772 3306 mitti
1820 3269 1879 3309 se
1916 3253 2133 3307 dicebat
2163 3253 2231 3306 ὀ.
2263 3254 2385 3318 Quo
2419 3252 2624 3307 factum
2664 3262 2767 3317 est,
2809 3261 2889 3308 ut.
2935 3252 3026 3308 hic
3092 3256 3469 3323 redemptionis
3537 3270 3702 3309 annum

473 3350 771 3418 adjiceret;
823 3344 945 3399 istis
982 3342 1203 3412 quidem
1241 3344 1497 3409 salutem,
1555 3344 1665 3400 illis
1717 3352 1899 3398 autem
1965 3343 2365 3399 retributionem
2408 3343 2572 3399 simul
2623 3328 2960 3414 signiﬁcans.
3033 3343 3205 3411 Quale
3248 3355 3334 3401 est
3383 3346 3521 3402 illud
3588 3345 3703 3416 apud

474 3441 654 3495 Mosen
690 3454 702 3488 :
751 3453 768 3485 ι
809 3433 872 3488 Ει
909 3434 1177 3487 retribuet
1227 3433 1491 3488 ultionem
1551 3434 1816 3499 inimicis,
1855 3443 1910 3489 et
1956 3434 2049 3504 qui
2089 3434 2323 3490 oderunt
2354 3449 2502 3500 eum,
2532 3434 2798 3489 retribuet
2829 3436 2897 3489 ".
2938 3453 2958 3487 ι

546 3527 805 3597 Sequitur
837 3524 1037 3579 deinde
1074 3542 1085 3576 :
1120 3525 1335 3593 Aspexi,
1357 3533 1406 3579 et
1440 3541 1542 3578 non
1568 3534 1683 3578 erat
1716 3525 2053 3586 auxiliator;

473 3620 824 3681 consideraui,
856 3626 906 3670 et
947 3614 1127 3669 nullus
1176 3624 1317 3682 erat,
1354 3617 1447 3687 qui
1497 3616 1795 3686 adjtwaret,
1828 3626 1878 3671 et
1915 3619 2053 3671 eruit

475 3732 561 3767 eos
598 3704 869 3764 brachium
909 3724 1100 3763 meum.
1148 3706 1307 3761 Solus
1335 3710 1479 3763 enim
1516 3710 1821 3763 exinanivit
1852 3716 2054 3765 semet-

477 3806 678 3873 ipsum,
730 3799 957 3853 l‘orniain
1001 3799 1143 3853 servi
1167 3783 1453 3868 ‘accipiens
1487 3801 1552 3853 ⁷³.
1585 3800 1779 3856 Crucis
1820 3809 2050 3855 mortem

478 3901 740 3962 praeterea
775 3898 977 3943 nostra:
1005 3889 1203 3943 salutis
1240 3904 1405 3944 causa
1436 3890 1694 3960 pertulit;
1726 3905 1889 3961 quam
1926 3889 2051 3943 nul-

478 3988 562 4038 lus
602 3982 683 4036 vel
722 3983 973 4051 angelus,
1005 3981 1088 4033 vel
1121 3989 1381 4050 potestas,
1422 3983 1505 4037 vel
1548 3982 1715 4037 homo
1744 3981 1921 4037 fuerat
1954 3997 2052 4036 su-

478 4080 714 4130 liiturus.
754 4072 875 4139 Quo
910 4072 1117 4127 factum
1152 4080 1258 4140 est,
1293 4081 1352 4127 ut
1384 4090 1526 4128 unus
1548 4062 1765 4129 nomen
1798 4089 1829 4128 a
1868 4072 2050 4137 Patre,

476 4165 622 4236 quod
667 4172 750 4218 est
783 4177 947 4231 super
997 4176 1159 4217 omne
1215 4177 1412 4217 nomen
1458 4163 1525 4227 τ’,
1573 4161 1953 4233 judiciumque
1999 4164 2053 4216 in

478 4272 670 4311 omnes
702 4252 1054 4323 acceperit”.
1085 4252 1285 4308 Verum
1314 4253 1456 4323 quod
1489 4255 1597 4309 ait:
1622 4252 1690 4309 Et
1710 4253 1906 4308 deduxi
1931 4270 2056 4307 san-

477 4345 682 4411 guinem
718 4357 896 4394 eornm
929 4340 982 4392 in
1010 4348 1203 4392 terram
1227 4380 1241 4401 ,
1281 4340 1347 4394 de
1390 4340 1584 4413 adepta
1618 4341 1839 4395 victoria
1871 4340 2052 4394 caeteri

480 4437 912 4503 interpretantur
943 4451 955 4483 :
990 4438 1248 4499 tanquam
1279 4431 1451 4486 victos
1480 4448 1510 4486 a
1541 4447 1600 4487 se
1626 4432 1761 4502 jam,
1787 4432 1879 4502 qui
1913 4432 2055 4485 vinci

480 4542 588 4579 non
629 4531 900 4594 poterant,
939 4522 1231 4591 signiﬁcet.
1268 4522 1372 4576 Alii
1420 4538 1729 4579 sermonem
1774 4524 1937 4578 istum
1986 4522 2054 4575 ad

2231 3520 2365 3578 Εἷτά
2406 3541 2570 3594 φησιν
2594 3540 2607 3554 ·
2650 3522 3013 3593 Ἐπέϐλεψω
3039 3525 3265 3580 καὶούκ
3294 3521 3372 3595 ἦν
3412 3529 3447 3579 ό
3473 3524 3704 3593 βοηθῶν.

2162 3619 2269 3673 Καὶ
2302 3618 2714 3687 προσενόησα,
2748 3615 3066 3682 καὶοὺδεὶς
3091 3616 3590 3685 ἀντελαμϐάνετο.
3624 3615 3708 3668 Kal

2160 3709 2454 3778 ἑριἓύσατο
2478 3707 2702 3770 αὐτοὺς
2734 3709 2766 3760 ό
2793 3706 3068 3775 βραχίων
3106 3723 3244 3775 μου.
3276 3707 3454 3769 Μόνος
3492 3706 3593 3777 γὰρ
3615 3705 3708 3756 ἐκέκ

2160 3813 2330 3849 νωσεν
2367 3795 2588 3860 ἑαυτὸν,
2624 3796 2840 3865 μορφὴν
2871 3795 3061 3847 δούλου
3089 3794 3290 3849 λαϐὼν.
3322 3797 3432 3850 Καὶ
3455 3799 3544 3847 τὶν
3572 3797 3711 3864 μέχρι

2124 3895 2135 3906 '
2159 3883 2393 3955 σταυροῦ
2420 3882 2645 3938 θάνατον
2667 3882 2959 3953 ὑπέμεινεν
2985 3882 3124 3953 ὑπὲρ
3142 3884 3239 3952 τῆς
3262 3884 3420 3953 ἡμῶν
3446 3884 3709 3952 σωτηρίας,

2157 3978 2187 4030 ὃ
2219 3977 2408 4047 μηδεὶς
2436 3974 2706 4044 ἀγγέλων,
2734 3975 2767 4045 ἢ
2804 3974 3123 4044 δυναμένων
3153 3983 3197 4037 ⁸,
3232 3975 3263 4043 ἢ
3299 3974 3600 4045 ἀνθρώπων
3627 3975 3709 4025 ὑπ-

2161 4071 2291 4139 έστη
2310 4087 2324 4101 ⁸
2361 4068 2440 4121 διὸ
2468 4068 2562 4123 καὶ
2596 4067 2744 4138 μόνῳ
2767 4067 2795 4118 ὁ
2825 4065 3015 4137 Πατὴρ
3040 4066 3335 4136 ἐχαρίσατο
3357 4066 3420 4118 τὸ
3453 4066 3635 4133 δνομα,
3664 4065 3710 4112 τ’)

2167 4160 2311 4230 ὑπὲρ
2354 4160 2459 4213 πᾶν
2500 4157 2669 4226 ὄνομα
2718 4156 2811 4209 καὶ⁸
2856 4156 2955 4226 τὴν
2997 4158 3138 4211 κατὰ
3172 4156 3390 4210 πάντων
3438 4159 3710 4226 ἐνεχείρισε

2168 4252 2370 4319 κρίσιν.
2388 4247 2536 4302 Ἀντὶ
2563 4247 2619 4300 δὲ
2645 4247 2757 4299 τοῦ·
2790 4247 2897 4300 Kal
2928 4247 3265 4314 κατήγαγον
3288 4245 3350 4300 τὸ
3370 4242 3513 4314 alita
3542 4241 3713 4298 αὐτῶν

2165 4341 2251 4407 είς
2276 4338 2414 4408 γῆν,
2468 4339 2519 4390 οἱ
2556 4336 2743 4389 λοιποὶ
2775 4336 2835 4388 τὸ
2865 4336 3036 4401 νικος
3078 4335 3365 4398 ἐξέδωκαν.
3413 4334 3712 4401 Νενίκηνται

2165 4430 2274 4500 γὰρ
2302 4430 2393 4482 ὑπ’
2427 4428 2585 4499 ἐμοῦ,
2622 4428 2810 4496 φησιν,
2844 4427 2892 4478 οἱ
2931 4425 3213 4487 δοκοῦντες
3262 4425 3525 4494 ἀνίκητοι.
3556 4424 3711 4476 ’Λὶλοι

2163 4523 2218 4575 δὲ
2251 4521 2378 4592 περὶ
2409 4521 2507 4589 τῆς
2541 4518 2861 4587 ἀναλήψεως
2892 4515 2984 4569 τοῦ
3008 4517 3256 4589 Σωτῆρος
3288 4517 3384 4587 τὴν
3417 4518 3573 4586 ῥῆσιν
3591 4513 3715 4576 δεξὰ-

482 4614 789 4668 Sztlvatoris
834 4614 1210 4667 ascensionem
1257 4613 1581 4677 referentes,
1610 4615 1824 4684 expleta
1870 4613 2045 4668 carnis

2165 4616 2311 4686 μενοί
2348 4630 2530 4683 φασιν,
2565 4611 2641 4674 ὡς
2673 4610 2968 4681 πληρώσας
3002 4609 3100 4679 τὴν
3133 4609 3270 4678 μετὰ
3297 4609 3501 4674 σαρκὸς
3533 4610 3711 4660 οἰκονοο

483 4724 549 4760 (ιιι
571 4706 792 4759 onomia
824 4704 889 4758 ad
924 4704 1141 4758 Patrem
1176 4707 1433 4775 supernis
1466 4706 1831 4775 potestatibus
1864 4721 2059 4760 ascen-

484 4800 613 4850 dere
661 4794 840 4848 visum
891 4806 1049 4854 esse,
1096 4807 1218 4846 cum
1271 4795 1545 4863 passionis
1593 4795 1747 4865 signa
1795 4802 2058 4863 gestaret,

484 4888 860 4948 arbitrantur;
902 4899 1011 4936 non
1048 4885 1193 4953 quod
1239 4900 1364 4939 cum
1421 4887 1528 4941 illis
1576 4889 1883 4943 surrexerit
1917 4906 1929 4941 :
1966 4887 2059 4941 sed

2165 4706 2314 4775 μίαν,
2346 4702 2552 4765 ἀναϐὰς
2584 4701 2719 4773 πρὸς
2749 4701 2839 4754 τὸν
2860 4701 3077 4771 Πατέρα
3104 4698 3262 4769 ὤφθη
3300 4703 3417 4762 ταῖς
3422 4700 3555 4777 ,ἄνω
3575 4696 3711 4751 δυνά-

2169 4813 2315 4866 μεσι,
2355 4795 2449 4881 τοῦ
2481 4793 2686 4854 πάθους
2709 4792 2893 4863 φέρων
2927 4792 2996 4845 τὰ
3044 4790 3308 4861 σύμϐολα,
3338 4790 3438 4860 οὐχ
3476 4792 3557 4843 ὅτι
3597 4788 3711 4858 μετὰ

2166 4875 2623 4954 τούτιιιπίὰνὲστη,
2673 4876 2717 4949 ᾧ
2745 4882 2801 4934 δὲ
2842 4881 3028 4952 τρόπῳ
3072 4882 3384 4936 διστάσαντι
3427 4880 3622 4949 δὲδειχε
3649 4875 3715 4947 τῷ

483 4974 761 5050 quomodo
808 4974 1082 5028 dubitanti
1135 4974 1356 5032 Thema:
1409 4994 1470 5033 ea
1522 4978 1805 5045 ostendit;
1855 4979 1937 5034 sic
1984 4980 2043 5049 (tr

2167 4978 2356 5048 Θωμᾷ.
2402 4978 2588 5038 Οὕτως
2630 4975 2752 5045 (ἴνα
2804 4974 3081 5044 γνωρισθῇ
3121 4973 3216 5026 νῦν
3258 4978 3374 5035 ταῖς
3403 4974 3595 5043 ἀρχαῖς
3635 4969 3713 5022 καὶ

481 5082 591 5145 jam
623 5067 1029 5138 Principatibns
1060 5075 1112 5122 et
1144 5066 1517 5127 Potestatibtts
1548 5072 1601 5125 in
1634 5069 1790 5126 caelis
1832 5079 2059 5141 propter

486 5163 793 5223 Ecclesiam
827 5161 1200 5217 innotesceret
1235 5161 1520 5231 multiplex
1556 5162 1650 5217 Dei
1693 5160 1961 5232 sapientia
1990 5161 2062 5228 ⁷⁸)

489 5273 609 5311 eum
635 5252 909 5324 passionis
932 5251 1105 5322 signis
1133 5267 1445 5319 remeasse;
1475 5269 1649 5324 eoque
1678 5252 1880 5307 factum
1913 5265 2059 5314 esse,

2171 5071 2291 5133 ταῖς
2320 5068 2590 5132 ἐξουσίαις
2620 5069 2678 5119 ἑν
2707 5068 2819 5127 τοῖς
2849 5064 3213 5133 ἐπουρανίοις,
3243 5062 3333 5116 διὰ
3364 5062 3466 5131 τῆς
3512 5060 3714 5126 Ἐκκλη-

2172 5162 2289 5222 σίας
2322 5162 2354 5230 ἡ
2386 5157 2766 5219 πολυποίκιλος
2797 5155 2959 5223 σοφία
2988 5153 3083 5206 τοῦ
3113 5153 3272 5222 Θεοῦ)
3317 5152 3460 5223 μετὰ
3485 5154 3588 5205 τῶν
3636 5147 3712 5199 τοῦ

2170 5251 2374 5311 πάθους
2436 5248 2677 5318 σημείων
2727 5244 3048 5316 ἀνέδραμεν.
3108 5244 3430 5315 Θαυμάζουσ
3453 5262 3493 5295 ιι
3562 5242 3713 5294 τοίνυν

560 5373 604 5403 ⁸⁸
634 5370 910 5434 Tliren._1,
948 5367 1034 5422 l5.
1113 5370 1156 5401 ⁶⁹
1190 5368 1207 5422 l
1237 5368 1365 5425 Cor.
1395 5387 1485 5434 xv,
1520 5370 1610 5426 24.
1687 5370 1733 5401 ⁷⁸
1759 5369 1865 5424 lsa.
1890 5384 1998 5431 ιιιι,
2035 5368 2045 5419 l

2148 5366 2262 5418 auc.
2295 5380 2367 5426 tv,
2406 5363 2491 5415 l8.
2567 5360 2609 5392 7’
2644 5360 2799 5414 Deut.
2860 5371 3029 5421 xxx",
3083 5355 3171 5408 41.
3250 5356 3295 5387 ⁷³
3326 5353 3559 5425 Philipp.
3590 5368 3644 5419 ιι,
3670 5350 3710 5402 Ἰ.

492 5442 535 5472 ⁷³
569 5439 699 5495 ibid.
722 5440 775 5493 9.
842 5425 908 5468 ἠ’
930 5436 1091 5493 Joan.
1122 5455 1177 5502 v,
1209 5439 1299 5495 22.
1378 5442 1423 5475 ⁷⁸
1448 5425 1643 5511 Epltes.
1677 5455 1761 5505 ιιι,
1794 5437 1879 5491 l0.

1760 5527 1995 5584 VARIrE
2039 5524 2443 5583 LECTIONES.

580 5624 611 5651 οι
644 5632 734 5686 ῃ).
750 5612 1067 5685 δυνάμεων.
