3976 6210
287 213 428 278 2069

1925 108 1977 118 υ..

1478 218 2012 281 COMMENTARII
2043 217 2126 279 IN
2148 218 2434 296 ISAIAM-

3424 204 3565 276 2670
3584 276 3587 279 ,

289 330 530 393 ἀνιόντος
585 328 970 385 πυνθάνονται.
1028 332 1101 385 Τὸ
1148 331 1206 384 δὲ
1270 333 1476 403 Ἐἃὼμ,
1508 333 1879 404 ἑρμηνεύεται

1986 340 2044 386 ιιι
2080 334 2401 389 redeuntem
2452 332 2585 402 ipsae
2632 329 2918 387 demiratm
2966 330 3328 401 interrogent.
3380 328 3565 398 Signi-

289 422 539 493 πιφρὑς.
570 423 602 492 ἢ
643 421 872 492 γήϊνος.
908 423 982 477 Τδ
1008 424 1065 477 δὲ
1097 425 1319 494 Βόσορ,
1351 426 1384 497 ἢ
1437 425 1628 494 σὰρξ,
1666 425 1700 495 ἢ
1731 424 1878 493 σάρ-

290 534 477 579 κινος.
509 514 673 584 Δηλοῖ
699 515 878 568 τοίνυν
901 514 961 567 τὸ
985 516 1356 586 πεφοινῖχθαι,
1387 517 1463 580 ὡς
1486 512 1606 569 ’ἀπὸ
1651 516 1879 583 σαρκός

288 625 347 661 τε
379 606 481 660 καὶ
521 607 791 676 αἵματος.
845 606 934 669 Ὠς
963 607 1020 660 δὲ
1051 608 1421 680 γνωρίζουσαι
1453 608 1616 661 αὐτὸν
1641 608 1795 669 Θεὸν,
1831 611 1879 660 εἰ

290 700 387 755 καὶ
413 697 480 768 ἦν
506 701 564 752 ἐν
592 697 779 769 σαρκὶ,
808 698 1027 765 ὡραῖον
1048 700 1210 754 αὐτόν
1238 716 1403 769 φασιν
1432 700 1504 754 ἐν
1528 699 1748 768 στολῇ,
1780 698 1880 751 καὶ

290 792 475 862 ἰσχὺν
526 790 676 862 αὐτῷ
738 790 1105 864 μαρτυροῦσι.
1140 790 1313 846 Τοῦτο
1342 791 1453 861 γὰρ
1499 792 1539 859 ἡ
1563 790 1677 856 ,βία
1708 788 1875 859 δηλοῖ.

295 886 477 938 Ἔοικε
514 881 572 935 δὲ
600 882 661 936 τὸ
693 883 868 952 παρὸν
914 882 993 954 τῷ
1027 884 1086 936 ἑν
1137 890 1224 952 κγ’
1256 882 1493 954 ψαλμῷ·
1538 900 1559 934 ι
1596 881 1694 945 Τίς
1730 882 1880 932 ἐστιν

289 968 492 1038 οῦτοςό
518 973 775 1042 βασιλεὺς
833 974 933 1042 τῆς
970 974 1161 1043 δόξηςς
1203 993 1222 1026 ι
1272 974 1653 1046 ’Δποκρίνεται
1685 971 1767 1032 δὲ,
1794 972 1876 1023 ὅτι

303 1064 449 1134 Ἐγὼ
477 1064 823 1134 διαλέγομαι
860 1063 1278 1133 δικαιοσύνην,
1332 1065 1367 1136 ἢ
1410 1067 1474 1118 τὸ
1526 1061 1880 1132 εὐαγγελικδν

290 1155 573 1223 κήρυγμα,
605 1151 662 1221 ἢ,
715 1153 798 1205 ὅτι
824 1152 959 1206 Θεοῦ
990 1156 1099 1218 πᾶς
1119 1154 1274 1223 λόγος
1297 1154 1550 1220 δίκαιος.
1576 1154 1791 1221 Κρίσιν
1814 1150 1874 1205 δὲ

291 1244 612 1311 σωτηρίου,
666 1242 731 1295 τὸ
787 1243 873 1313 ἐφ’
913 1246 1045 1316 ἡμῖν
1072 1245 1331 1317 ὀνομάζει
1366 1247 1564 1318 κρῖμα.
1613 1243 1879 1296 Δεδίκακε

292 1333 401 1405 γὰρ
417 1337 484 1405 τῇ
506 1334 887 1408 ἀνθρωπότητι
916 1338 1010 1390 καὶ
1035 1337 1114 1409 τῷ
1141 1336 1345 1408 ταύτην
1394 1337 1740 1407 ἀπατήσαντι
1773 1335 1880 1388 Σα⁴

290 1431 447 1500 τανᾷ.
489 1430 683 1498 Ἔλεγε
729 1433 867 1504 γάρ·
923 1452 942 1485 ι
991 1432 1106 1486 Νῦν
1134 1432 1319 1505 κρίσις
1366 1432 1483 1486 ἐστὶ
1531 1430 1627 1485 τοῦ
1673 1432 1879 1500 κόσμου

1981 423 2107 478 ﬂeat
2131 436 2267 477 vero
2303 421 2498 485 Edam,
2530 421 2578 475 si
2609 420 3014 491 interpreteris,
3045 418 3188 474 idem
3220 421 3383 490 plane
3415 421 3562 488 quod

1983 510 2156 579 fulvus
2196 520 2292 564 aut
2344 520 2603 563 terrenus.
2653 509 2826 562 Bosor
2861 518 3068 572 autem,
3114 516 3375 579 tanquam
3413 526 3563 572 raro,

1980 603 2065 656 vel
2096 617 2318 655 corneus
2351 601 2526 656 dicas.
2580 598 2763 654 lnuuit
2809 601 2977 670 igitur
3022 608 3373 655 cruentatum
3417 615 3562 664 esse,

1982 699 2241 762 tanquam
2283 708 2313 747 a
2360 708 2541 755 carne,
2581 692 2667 746 vel
2705 694 2982 762 sanguine.
3024 691 3310 764 Tanquam
3366 692 3566 747 deinde

1982 783 2153 838 Deum
2182 800 2307 839 esse
2340 792 2729 855 agnoscerent,
2757 785 3110 853 quantumvis
3135 799 3355 838 carnem
3385 793 3569 853 gesta-

1982 883 2086 939 ret,
2117 863 2436 928 Formositm
2468 875 2524 928 in
2557 874 2695 928 stola
2719 890 2839 938 sua,
2870 883 2919 926 et
2953 875 3167 942 fortem,
3199 876 3343 945 quod
3373 874 3569 929 violen-

1985 969 2075 1022 tia:
2100 968 2324 1022 nomine
2355 967 2710 1037 significavit,
2733 981 2858 1022 esse
2892 975 3186 1023 testantur.
3221 969 3407 1038 Neque
3436 983 3568 1024 vero

1982 1059 2075 1114 isti
2122 1057 2396 1114 dissimile
2445 1058 2629 1125 fuerit,
2658 1060 2805 1130 quod
2856 1060 3071 1129 psalmo
3112 1062 3276 1115 tertio
3320 1072 3372 1116 et
3417 1064 3567 1116 vice-

1984 1151 2125 1206 simo
2157 1149 2410 1221 legimus,
2451 1153 2540 1205 ubi
2572 1169 2584 1205 :
2622 1169 2640 1202 ι
2680 1150 2814 1217 Quis
2848 1159 2932 1206 est
2961 1152 3065 1205 iste
3099 1166 3191 1205 rex
3226 1153 3410 1221 gloriae
3437 1154 3501 1217 ⁷⁸,
3543 1172 3562 1203 ι

1983 1242 2155 1313 qttteri
2216 1242 2704 1312 deprehendimus.
2767 1243 3081 1313 Respondet
3153 1256 3332 1297 autem
3388 1262 3402 1299 :
3457 1243 3569 1316 Ego

1986 1335 2172 1403 loquor
2202 1333 2498 1403 justitiam.
2534 1334 2655 1401 Quo
2700 1336 2867 1389 verlto
2904 1336 2984 1390 vel
3028 1335 3396 1405 evangelicum
3441 1351 3569 1404 pro-
3656 1396 3664 1415 δ

1985 1426 2382 1496 mulgationem
2437 1427 2655 1490 innuit,
2711 1427 2795 1480 vel
2844 1425 2939 1480 Dei
2994 1441 3302 1482 sermonem
3352 1442 3569 1481 omnem

291 1520 501 1592 τούτου.
538 1519 655 1574 Νῦν
674 1524 703 1576 ὁ
728 1523 914 1595 ἄρχων
937 1524 1034 1578 τοῦ
1080 1524 1290 1595 κόσμου
1332 1522 1662 1595 ἐκϐέϐληται
1689 1522 1816 1589 ἔξω.
1856 1539 1874 1572 ι

1986 1517 2186 1585 justum
2229 1532 2353 1573 esse
2393 1518 2814 1572 demonstravit.
2860 1516 3018 1583 Quod
3070 1519 3271 1573 deinde
3308 1517 3569 1588 judicium

293 1612 529 1685 Δευτέρα
578 1613 741 1667 πάλιν
789 1614 1079 1687 ἐρώτησις,
1117 1619 1174 1671 ὲν
1279 1617 1531 1687 μέμνησο
1562 1614 1657 1669 τοῦ
1689 1631 1879 1685 πατρι-

1986 1610 2149 1679 722
2207 1610 2470 1663 salutaris
2520 1608 2766 1673 addidit,
2823 1609 2958 1664 illttd
3023 1610 3225 1681 ipsum,
3277 1612 3420 1681 quod
3473 1628 3574 1681 pro

294 1701 461 1774 άρχου
509 1703 704 1758 Ἰακὼϐ
727 1704 975 1774 λέγοντος
998 1723 1011 1738 ·
1045 1725 1062 1757 ι
1094 1708 1295 1763 Πλυνεῖ
1322 1709 1379 1760 ὲν
1405 1706 1534 1777 οῐνῳ
1560 1706 1660 1775 τὴν
1685 1703 1879 1773 στολὴν

1986 1703 2144 1757 nobis
2177 1709 2300 1763 est,
2354 1701 2640 1756 intellexit.
2698 1700 2871 1756 Litetn
2922 1702 3068 1756 enim
3129 1702 3275 1779 inter
3321 1705 3574 1757 homines

292 1794 480 1859 αὑτοῦ,
504 1796 673 1850 καὶέν
694 1797 892 1867 αἵματι
917 1800 1194 1871 σταφυλῆς
1214 1801 1314 1871 τὴν
1336 1817 1401 1852 πε
1412 1798 1631 1871 ρι6ολὴν
1651 1795 1837 1851 αὑτοῦ.
1856 1814 1875 1845 ι

1991 1802 2046 1848 et
2082 1793 2365 1869 Satanam,
2398 1808 2428 1847 a
2459 1807 2569 1862 quo
2599 1792 2775 1847 delusi
2826 1792 3065 1860 fuerant,
3094 1793 3380 1862 judicavit.
3415 1792 3574 1849 Dice-

293 1890 386 1943 bat
415 1890 561 1943 enim
599 1907 612 1943 :
657 1910 674 1942 ι
711 1888 869 1945 Nunc
904 1892 1178 1957 judicium
1222 1902 1307 1946 est
1339 1892 1508 1961 hujus
1540 1890 1764 1955 mundi;
1804 1902 1951 1943 nunc
1989 1888 2244 1957 princeps
2277 1886 2466 1941 mundi
2499 1886 2750 1955 ejicietur
2780 1886 2931 1942 foras
2959 1888 3024 1942 '".
3058 1906 3077 1939 ι
3115 1888 3374 1958 Sequitur
3401 1890 3573 1944 altera

294 1996 487 2036 rursus
527 1982 908 2053 interrogatio,
940 1984 995 2038 in
1027 2000 1132 2055 qua
1182 1993 1237 2042 te
1280 1985 1473 2040 Jacobi
1526 1984 1857 2054 patriarchae
1888 1983 2053 2039 velim
2105 1980 2422 2036 meminisse
2449 1979 2685 2036 dicentis
2725 1999 2738 2035 :
2777 1999 2795 2031 ι
2833 1980 3061 2035 Lavahit
3094 1982 3148 2034 in
3204 1981 3328 2037 vino
3366 1984 3566 2037 stolam

294 2088 448 2128 suam
483 2084 537 2129 et
569 2074 622 2127 in
649 2075 918 2145 sanguine
947 2092 1066 2131 uvae
1097 2077 1485 2132 vestimentum
1522 2092 1684 2131 suum
1714 2074 1782 2130 ⁷⁸.
1819 2095 1837 2128 ι

364 2160 499 2217 Εἷτά
519 2180 652 2235 φησι
679 2181 692 2193 ·
723 2165 831 2219 Καὶ
860 2163 980 2219 τῶν
1008 2162 1201 2220 ἐθνῶν
1228 2145 1539 2220 οὐκδὲστιν
1565 2165 1724 2232 ἀνὴρ
1746 2165 1878 2235 μετ’

293 2257 459 2324 ἐμοῦ.
505 2258 571 2310 '0
602 2256 902 2310 συναπτέον
928 2256 1009 2328 τῷ
1033 2272 1049 2288 ο
1084 2256 1230 2326 Ἐγὼ
1259 2256 1610 2327 διαλέγομαι
1659 2257 1885 2311 δικαιο-

294 2349 495 2414 σύνην
519 2347 616 2401 καὶ
640 2348 845 2416 κρίσιν
882 2348 1206 2416 σωτηρίου.
1238 2348 1450 2413 Οὐδεὶς
1476 2349 1582 2420 γάρ
1606 2367 1709 2418 μοι
1735 2365 1882 2420 παρ·⁵

296 2441 449 2509 έστη,
487 2440 676 2509 φησὶν.
708 2438 742 2509 ἢ
779 2439 1085 2508 συνήλγησε
1125 2440 1410 2511 πάσχοντι.
1459 2441 1548 2504 Ὠς
1579 2442 1687 2512 γάρ
1720 2458 1885 2511 φησιν

295 2534 322 2583 ό
356 2532 753 2602 εὐαγγελιστής
774 2548 788 2564 ·
819 2533 955 2585 Τότε
988 2533 1191 2597 πάντες
1223 2534 1455 2603 ἀφέντες
1493 2533 1657 2588 αὐτὸν
1683 2535 1733 2588 οἱ
1785 2551 1889 2605 μα-

297 2622 456 2693 θηταὶ
491 2623 709 2692 ἔφυγον.
748 2626 814 2679 Ὃ
848 2626 943 2681 καὶ
974 2624 1275 2697 προῦλεγεν
1317 2628 1346 2679 ό
1382 2626 1619 2697 Χριστός
1642 2642 1655 2655 ·
1687 2628 1889 2697 Ἔρχε-

295 2730 384 2766 ται
407 2712 546 2782 ὥρα,
584 2714 678 2766 καὶ
710 2714 991 2783 ἐλήλυθεν,
1019 2715 1107 2768 ἵνα
1144 2714 1373 2778 ἕκαστος
1406 2715 1776 2786 σκορπισθῆτε
1808 2717 1889 2777 εἰς

297 2802 366 2856 τὰ
387 2803 516 2868 ῐδια,
548 2804 693 2874 κάμὲ
726 2804 885 2874 μόνον
908 2806 1107 2876 ἀφῆτε.
1155 2804 1267 2858 Καὶ
1304 2806 1362 2860 ἐν
1391 2805 1645 2876 Ψαλμοῖς
1677 2807 1735 2859 δέ
1780 2824 1887 2875 φη-

303 2912 415 2949 σιν·
448 2909 474 2948 ἰ
534 2896 870 2966 Ὀνειδισμὺν
907 2896 1309 2968 προσεδόκησεν
1356 2899 1390 2967 ή
1431 2898 1577 2968 ψυχή
1635 2916 1758 2969 μου,
1792 2898 1885 2950 καὶ

299 2988 696 3059 ταλαιπωρίαν,
725 2990 818 3042 καὶ
856 2989 1130 3061 ὑπέμεινα
1174 2989 1635 3061 συλλυπούμενον,
1668 2991 1760 3044 καὶ
1786 2991 1883 3060 οὐχ

301 3080 514 3151 ὑπῆρχε
534 3097 546 3109 ·
577 3081 672 3186 aiat
692 3078 1138 3150 παρακαλοῦντα,
1156 3086 1250 3136 καὶ
1271 3082 1369 3152 οὐχ
1399 3076 1578 3151 εὖρον.
1612 3100 1632 3131 ι
1663 3080 1883 3151 Καίπερ
1910 3130 1953 3186 C

299 3172 354 3226 δὲ
373 3174 561 3241 μόνος
583 3169 668 3225 ὢν
702 3171 1090 3240 κατεπάτησα
1140 3173 1366 3239 αὐτοὺς
1392 3173 1463 3226 ἐν
1511 3173 1694 3243 θυμῷ.
1728 3172 1881 3227 Μετὰ

301 3254 406 3330 γὰρ
433 3259 532 3330 τὴν
574 3259 842 3330 ἀνάληψιν
869 3260 963 3314 τοῦ
1018 3262 1249 3330 Κυρίου,
1287 3264 1395 3315 πᾶν
1432 3257 1573 3327 εἶδος
1595 3264 1883 3334 συμφορᾶς

312 3350 589 3416 Ἰουδαίοις
620 3353 955 3424 ἀπήντηκεν.
998 3353 1140 3408 Ἀλλ’
1185 3357 1213 3408 ὁ
1238 3354 1337 3425 τῆς
1372 3355 1597 3409 ἐκείνων
1624 3358 1882 3412 ἀνταπο-

297 3443 526 3509 δόσεως
555 3444 765 3516 καιρὸς,
788 3444 1110 3516 λυτρώσεως
1153 3442 1222 3517 ἦν
1247 3448 1362 3509 τοῖς
1397 3448 1735 3515 ἐπεγνωκόσι
1784 3447 1883 3518 τὴν

299 3536 624 3603 ἐπιφάνειαν
654 3533 840 3590 αὐτοῦ.
874 3536 1095 3606 Καίπερ
1121 3536 1176 3588 δὲ
1200 3534 1461 3605 μηδενὸς
1484 3535 1879 3603 βοηθοῦντος,

298 3627 331 3697 ἦ
362 3628 962 3697 ἀντιλαμϐανομένου
984 3630 1032 3701 (ὃ
1052 3632 1225 3683 ποιεῖν
1240 3609 1350 3682 ἔδει
1363 3630 1490 3692 τοῦς
1512 3628 1883 3701 Γραμματέας

299 3721 393 3772 καὶ
442 3721 795 3790 Φαρισαίους,
852 3722 903 3774 οἳ
935 3732 964 3772 P
1005 3722 1067 3774 τὸ
1113 3722 1355 3775 ἐναντίον
1412 3722 1711 3792 ἀνέτρεπον
1753 3722 1880 3783 τοὺς

299 3810 667 3882 λαοὺς),ὃμως
692 3812 898 3867 ἔσωσεν
925 3815 1124 3879 αὐτοὺς
1152 3816 1184 3885 ἡ
1221 3814 1329 3884 ἐμὴ
1354 3814 1606 3884 δύναμις.
1633 3814 1882 3867 Πλεῖστοι

298 3899 406 3970 γὰρ
438 3902 765 3955 ἐπίστευσαν
796 3904 855 3970 ἐξ
895 3903 1188 3958 Ἰουδαίων.
1208 3905 1332 3967 Τοῖς
1363 3902 1420 3957 δὲ
1450 3905 1789 3975 ἀπειθήσασι
1813 3903 1881 3957 τὰ

298 3992 397 4063 τῆς
426 3993 607 4064 ὀργῆς
640 3997 923 4067 ἀπήντηκε
974 3997 1177 4052 δίκαια.
1207 3998 1367 4061 Τινὲς
1416 3997 1472 4051 δὲ
1506 3998 1810 4068 συμφώνως
1852 4006 1879 4047 «ι

297 4084 566 4150 εἰπόντες,
588 4085 664 4149 ὡς
696 4086 991 4158 πληρωτὴς
1030 4089 1322 4158 γενόμενος
1346 4088 1455 4141 τῶν
1482 4090 1766 4159 πατρικῶν
1794 4093 1880 4143 ἐν·

216 4162 221 4167 ’
296 4175 489 4240 τολῶν,
522 4178 616 4230 καὶ
638 4180 896 4252 χωρήσας
928 4181 1007 4244 εἰς
1035 4180 1128 4233 τὸν
1158 4180 1299 4250 ὑπὲρ
1324 4180 1481 4251 ἡμῶν
1507 4180 1756 4245 θάνατον,
1787 4183 1881 4236 uati

298 4266 579 4335 πατήσας
606 4269 843 4334 τοῦτον,
892 4271 973 4335 ὡς
1004 4271 1074 4324 ἐν
1099 4268 1289 4337 ληνῷ,
1326 4274 1419 4323 καὶ
1434 4272 1779 4341 μολυνθεὶς,
1806 4273 1882 4337 ὠς

296 4357 407 4410 ἀπὸ
422 4361 689 4427 πατητοῦ
712 4361 924 4431 καρπὸς
948 4362 1129 4426 αὐτοῖς
1154 4362 1465 4430 γενόμενος,
1503 4364 1696 4416 ἑαυτὸν
1718 4380 1882 4435 προσ-

2053 2160 2236 2233 Pergit
2262 2177 2392 2218 vero
2423 2162 2508 2219 his
2531 2163 2713 2219 verbis
2740 2181 2753 2217 :
2786 2146 2856 2218 Et
2882 2162 2945 2219 de
2977 2164 3222 2234 gentibus
3254 2181 3358 2218 non
3385 2175 3466 2218 est
3498 2180 3576 2219 vir

1985 2270 2234 2308 mecum:
2266 2263 2459 2323 estque
2522 2254 2623 2319 illi,
2671 2255 2815 2324 quod
2871 2256 3037 2324 paulo
3091 2263 3220 2308 ante
3264 2258 3574 2324 usurpavit,

1985 2360 2110 2401 cum
2140 2346 2348 2423 diceret
2375 2362 2390 2400 :
2414 2345 2530 2415 Ego
2560 2347 2746 2416 loquor
2762 2346 3036 2420 justitiam
3063 2356 3113 2400 et
3135 2346 3401 2415 judicium
3423 2347 3575 2400 salu-

1991 2439 2147 2502 laris,
2181 2437 2681 2510 conjungendum:
2724 2447 2989 2509 tanquam
3042 2438 3246 2492 nullum
3297 2437 3399 2491 sibi
3447 2454 3574 2493 eum

1988 2539 2293 2602 pateretur,
2341 2531 2615 2596 adfuisse,
2672 2531 2759 2585 vel
2810 2530 3163 2587 condoluisse
3216 2531 3571 2603 significaret.

1990 2624 2127 2677 Tum
2160 2624 2311 2678 enim
2332 2622 2636 2693 discipulos
2658 2636 2872 2691 omnes,
2906 2631 2968 2677 ut
2999 2630 3081 2679 est
3115 2623 3261 2693 apud
3296 2622 3577 2692 Evangelii

1990 2716 2342 2787 scriptorem,
2372 2729 2440 2771 eo
2468 2716 2664 2771 relicto
2697 2714 2908 2787 fugisse
2938 2712 2953 2771 Ξ
2983 2716 3131 2788 quod
3165 2724 3219 2771 et
3250 2717 3368 2787 ipse
3414 2700 3579 2771 antea

1992 2817 2280 2863 monuerat
2310 2807 2588 2874 Christus,
2617 2823 2741 2862 cum
2775 2807 2969 2861 horam
3010 2807 3329 2872 adventare,
3376 2808 3486 2863 imo
3522 2818 3577 2862 ei

1991 2899 2271 2969 appulisse
2312 2898 2447 2965 jam,
2502 2899 2710 2953 diceret
2754 2899 2824 2965 ⁷⁸,
2859 2913 2967 2968 qua
3012 2899 3216 2969 singuli
3256 2899 3321 2953 ad
3363 2914 3462 2954 sua
3492 2898 3578 2952 di-

1989 2988 2168 3058 spersi
2199 2986 2442 3050 abirent,
2467 3002 2637 3056 seque
2668 2986 2848 3043 solum
2886 2986 3280 3057 relinquerent.
3313 2986 3406 3042 Sic
3440 3003 3578 3057 prte-

1989 3089 2138 3137 lerea
2168 3080 2403 3151 legimus
2433 3081 2489 3135 in
2519 3079 2792 3144 Psalmis:
2830 3100 2849 3132 ι
2873 3078 3269 3151 lmproperium
3290 3089 3578 3152 exspecta-

1988 3174 2063 3227 vit
2094 3173 2278 3227 anima
2309 3189 2455 3238 utea,
2486 3180 2542 3231 et
2572 3172 2877 3229 miseriam.
2924 3171 3253 3244 Exspectavi
3301 3176 3393 3243 qui
3442 3189 3577 3228 cou-

1985 3266 2215 3331 doleret,
2246 3274 2301 3321 et
2347 3281 2458 3321 nou
2508 3265 2644 3332 fuit;
2687 3274 2742 3321 et
2781 3267 2875 3337 qui
2917 3267 3327 3332 consolaretur,
3377 3277 3577 3323 etnon

1992 3356 2174 3410 inveni
2204 3356 2271 3411 '°.
2311 3375 2330 3409 ι
2375 3358 2443 3411 At
2474 3371 2605 3412 vero
2650 3358 3010 3428 quantumvis
3057 3375 3151 3429 ego
3199 3361 3344 3414 solus
3388 3376 3575 3421 essem,

1986 3447 2293 3515 conculcavi
2344 3454 2529 3502 tamen
2569 3463 2656 3501 eos
2703 3448 2758 3501 in
2805 3446 3005 3517 furore.
3057 3448 3133 3503 Ex
3175 3463 3284 3519 quo
3334 3449 3482 3503 enim
3522 3450 3579 3503 in

1985 3540 2158 3621 malos
2199 3538 2449 3593 ascendit
2496 3537 2785 3604 Dominus,
2817 3541 3032 3594 nullum
3068 3556 3172 3594 non
3214 3556 3387 3611 genus
3424 3542 3578 3595 cala-
3648 3556 3655 3561 ‘

1986 3630 2195 3685 mitatis
2243 3629 2484 3699 experiri
2519 3628 2742 3685 Judaeos
2792 3632 3047 3701 contigit.
3090 3630 3195 3688 Sed
3231 3633 3409 3691 fuerat
3451 3634 3577 3689 illo-

1988 3736 2105 3777 rum
2136 3720 2505 3776 retributionis
2549 3729 2770 3791 tempus
2815 3721 3108 3792 idem,’qui
3143 3733 3199 3779 et
3248 3726 3579 3797 redemptio-

1988 3816 2104 3879 nis,
2155 3815 2203 3869 si
2250 3814 2372 3883 ejtts
2419 3813 2715 3868 adventum
2766 3814 3182 3885 cognovissent.
3221 3815 3336 3872 Etsi
3373 3830 3574 3882 autem,

1988 3906 2185 3977 inquit,
2204 3905 2382 3959 nullus
2404 3914 2560 3966 esset,
2581 3906 2672 3973 qui
2694 3905 2780 3959 vel
2804 3904 3175 3960 consolaretur
3191 3906 3274 3960 vel
3300 3906 3578 3975 adjuvaret

1988 3998 2154 4068 (quod
2199 3994 2423 4051 Scriltas
2474 4003 2528 4050 et
2562 3992 2875 4052 Phariséeos
2912 3995 3096 4050 facere
3141 3997 3406 4067 oportuit,
3438 4012 3578 4066 ques

1988 4090 2250 4159 populum
2299 4089 2353 4142 in
2390 4088 2734 4142 contrarium
2782 4096 3033 4142 avertere
3087 4088 3421 4155 constabat),
3475 4088 3579 4142 sal-

1985 4181 2131 4234 vavit
2164 4189 2347 4235 tamen
2396 4195 2492 4234 eos
2536 4180 2715 4234 virtus
2746 4193 2889 4235 mea.
2924 4177 3063 4233 Sunt
3094 4179 3239 4233 enim
3267 4177 3428 4233 ﬁdem
3460 4193 3578 4232 am-

1985 4272 2130 4343 plexi
2159 4269 2333 4327 Judaei
2382 4271 2639 4343 permulti
2675 4287 2687 4324 :
2722 4272 2906 4326 exteri
2951 4280 3160 4335 autem,
3189 4270 3283 4340 qui
3325 4269 3576 4325 eamdem

1988 4373 2339 4426 recusarunt,
2386 4364 2473 4416 ira
2514 4360 2661 4432 justa
2691 4362 2924 4431 accepti,
2970 4369 3024 4416 et
3071 4360 3308 4414 multati.
3360 4350 3577 4414 Conve-

298 4451 506 4520 ήγαγεν
544 4453 681 4518 ὑπὲρ
714 4453 875 4524 ἡμῶν
906 4453 985 4524 τῷ
1025 4452 1230 4527 Πατέρι
1291 4454 1600 4526 δυσώπημα
1644 4457 1740 4509 κα)⁴
1795 4456 1879 4510 λυ·

1991 4459 2151 4512 niuut
2202 4472 2333 4511 vero
2391 4457 2682 4521 nonnulli,
2736 4469 2861 4511 cum
2912 4470 3039 4511 cum
3084 4452 3269 4509 Patris
3318 4452 3577 4506 mandato

294 4542 443 4613 τρὸν,
473 4542 658 4596 ἄνοδον
689 4546 769 4606 εἰς
798 4544 1062 4615 οὐρανοὺς
1094 4545 1297 4611 διδοὺς,
1322 4544 1419 4609 οὒς
1449 4546 1558 4607 ἔδει
1604 4548 1757 4601 κάτω
1787 4550 1880 4618 μὲ-

296 4648 408 4685 νειν
437 4634 499 4685 ὲκ
520 4634 617 4703 τῆς
647 4636 998 4704 ἀποφάσεως,
1032 4637 1125 4689 καὶ
1161 4637 1401 4707 συνάψας
1442 4642 1556 4701 τοῖς
1596 4640 1709 4694 ἄνω
1754 4642 1879 4704 τοὺς

296 4723 466 4776 κάτω.
511 4725 785 4793 ’Λγγέλων
812 4728 870 4779 δὲ
891 4728 1242 4799 ἀπορούντων
1266 4730 1503 4792 ἀκούων,
1539 4730 1613 4800 μὴ
1652 4730 1874 4805 ἐκείνοις

295 4814 516 4882 ἄγνοιαν
547 4815 831 4887 προσάψῃς
863 4816 1081 4887 (ᾔδεσαν
1107 4818 1215 4888 γὰρ
1239 4818 1308 4870 τὰ
1351 4818 1457 4870 ὑπὸ
1489 4816 1583 4869 τοῦ
1624 4818 1879 4888 Σωτῆρος

295 4906 872 4976 οἰκονομούμενα,,ἀφ“
914 4904 973 4963 οὗ
1004 4909 1101 4961 καὶ
1153 4910 1545 4978 σεσάρκωται),
1580 4911 1695 4962 ἀλλ’
1744 4910 1878 4979 ἡγοῦ

293 4986 645 5051 διδασκαλίαν
666 4999 727 5052 τὸ
767 5003 1019 5072 πρᾶγμα,
1069 5001 1153 5055 ὅτι
1199 5002 1291 5055 καὶ
1329 5002 1547 5071 ἄγγελοι
1595 5003 1879 5073 χαίρουσιν

295 5089 387 5141 ἐπὶ
409 5092 475 5160 τῇ
495 5090 605 5143 τῶν
625 5090 931 5164 ἀνθρώπων
958 5094 1225 5167 σωτηρίᾳ,
1250 5094 1346 5148 καὶ
1367 5093 1555 5147 τοῦτον
1580 5096 1877 5165 ἁνυμνοῦσι

295 5180 691 5252 θαυμάζοντες,
717 5183 836 5249 πῶς
864 5185 956 5237 τὸν
982 5187 1115 5256 ἡμῖν
1144 5185 1500 5255 ὀφειλόμενον
1529 5186 1750 5252 ἐδέξατο
1774 5188 1870 5240 0i-

294 5287 471 5327 νατον.
502 5274 636 5327 Οὐδὲ
658 5274 769 5344 γὰρ
790 5274 856 5328 ἂν
884 5275 1061 5339 εἴποις
1083 5276 1299 5344 ἀγνοεῖν
1324 5278 1453 5341 τοὺς
1487 5277 1773 5346 ἀγγέλους,
1797 5278 1871 5339 ὡς

393 5432 439 5465 ’⁸
469 5424 613 5488 Psal.
652 5450 806 5498 χχιιι,
839 5435 892 5491 8.
998 5436 1040 5466 ⁷⁷
1071 5432 1230 5489 Joan.
1280 5452 1382 5500 xu,
1425 5436 1512 5491 5|.

1624 5436 1671 5468 ⁷⁸
1708 5433 1845 5490 Gen.
1889 5451 2040 5500 χιιι,
2081 5436 2169 5491 Η.

1983 4550 2263 4620 paruisse,
2297 4564 2420 4604 cum
2465 4557 2698 4604 mortem
2742 4562 2843 4617 pro
2871 4545 3032 4636 nobis
3063 4545 3394 4614 amplexum,
3426 4559 3577 4599 eam-

1982 4643 2127 4706 dem,
2173 4652 2430 4712 tanquam
2486 4641 2540 4695 in
2587 4638 2868 4704 torculari,
2904 4639 3282 4702 conculcasse;
3329 4652 3453 4691 cum
3489 4637 3577 4689 iu-

1980 4738 2283 4805 quinatum,
2331 4743 2593 4803 tauquam
2655 4733 2798 4789 solet
2849 4732 3148 4787 calcatione
3207 4730 3446 4796 fructus,
3491 4746 3578 4785 se-

1985 4829 2168 4897 ipsum
2200 4826 2350 4881 Patri
2394 4842 2493 4897 pro
2526 4827 2684 4881 nobis
2712 4827 3075 4896 placationeut
3108 4824 3577 4896 redemptionem-

1982 4935 2089 4990 que
2122 4920 2450 4988 przehuisse;
2483 4936 2607 4975 cum
2661 4920 2826 4974 etiam
2877 4919 3113 4974 reditum
3145 4918 3200 4972 iu
3231 4918 3429 4971 caelum
3465 4916 3576 4970 illis

1983 5011 2352 5072 concessisse,
2394 5024 2536 5079 quos
2573 5006 2833 5062 deorsum
2882 5007 3133 5076 oportuit
3177 5018 3400 5058 manere
3441 5016 3575 5055 cott-

1980 5102 2293 5163 demnatos,
2321 5116 2447 5153 cum
2478 5097 2684 5153 inferos
2717 5098 2950 5167 denique
2971 5095 3190 5167 superis
3216 5093 3574 5161 conjunxisse

1980 5189 2257 5244 dixerunt.
2295 5188 2415 5243 Jam
2445 5201 2576 5241 vero
2601 5200 2726 5240 cum
2758 5185 2981 5256 angelos
3016 5185 3355 5250 interrogare
3387 5182 3569 5241 audis.

1966 5276 2051 5334 'ne
2076 5279 2210 5350 ipsis
2236 5278 2399 5349 723
2435 5277 2836 5350 ignorationem
2868 5274 3144 5330 attribuas
3175 5275 3396 5345 (norant
3427 5272 3571 5329 enim

2279 5437 2323 5469 τ’
2360 5436 2555 5491 Matth.
2593 5451 2745 5501 χχιιι,
2782 5436 2869 5491 45.
2984 5433 3031 5465 ⁸⁸
3061 5431 3210 5489 Psal.
3251 5445 3445 5499 vam,
3478 5433 3574 5488 ει.

1569 5546 1797 5608 VARle
1856 5552 2257 5609 LECTIONFS.
2272 5626 2285 5639 κ

365 5653 393 5693 ι)
419 5645 479 5698 λ.
513 5645 612 5708 εἰς.
687 5653 714 5693 τι
744 5660 834 5713 γρ.
857 5639 1233 5713 συμφωνοῦσι.
