3972 6192
307 380 447 446 2673

1460 379 1989 446 COMMENTARII
2019 381 2094 441 lN
2134 379 2418 442 ISAIAM.

3398 365 3543 430 2674

307 491 533 560 λιιμμα.
597 486 806 555 Δεῖγμα
855 484 911 537 δέ
967 484 1222 553 μέγιστον
1248 485 1356 551 τῆς
1393 487 1794 555 ἀγαθότητος,
1825 490 1886 543 τὸ

2005 493 2210 555 mitur,
2234 489 2327 559 qui
2354 483 2583 556 iustitia:
2612 462 2887 551 fastigium
2917 479 3158 543 obtinet,
3189 477 3282 533 sed
3311 476 3547 532 bonitate

308 578 539 646 ἀξιῶσαι
567 578 748 631 τέκνα
783 577 967 629 καλεῖν
986 576 1094 630 τὸν
1121 578 1377 641 λαὸν·ίεί
1405 579 1478 648 μὴ
1502 579 1746 634 ἀθετοῖεν
1779 581 1879 651 τὴν

2005 598 2120 637 ram
2161 581 2475 636 moderatur
2511 585 2564 630 et
2603 574 2753 628 lenit.
2805 572 2943 626 Sunt
2970 571 3114 626 enim
3156 570 3386 625 salutem
3416 585 3547 624 con-

309 673 489 742 χάριν.
521 669 611 722 Διὸ
632 668 771 720 κατὰ
795 665 1092 736 Σύμμαχον
1119 668 1333 737 εῐρηται
1357 684 1371 699 ο
1403 668 1575 735 Πλὴν
1597 670 1746 736 λαός
1763 672 1880 739 μού

307 763 468 817 εἰσιν
497 760 614 815 υἱοί
651 762 762 812 οὐκ
791 759 1301 824 ἀσυνθηκοὺντες.
1334 757 1441 817 Οὓς
1487 750 1801 830 ἀπήλεγχεν
1823 763 1880 815 ἐν

310 855 451 923 ἀρχῇ
487 852 681 920 λέγων·
708 850 871 912 Υίοὺς
902 850 1186 916 ἐγέννησα,
1221 849 1316 901 καὶ
1359 848 1553 918 ὕψωσα
1582 869 1593 880 ·
1634 851 1787 904 αὐτοὶ
1825 852 1880 905 δέ

234 988 237 989 ν
315 960 384 1014 με
411 942 707 1010 ἠθέτησαν.
770 941 967 1010 Ἐχρῆν
1002 942 1110 1011 γὰρ
1142 942 1217 1001 ῶς
1255 939 1434 993 τέκνα
1494 941 1777 995 πείθεσθαι
1806 942 1883 1011 τῷ

314 1032 533 1103 πατέρι,
552 1031 645 1085 καὶ
668 1029 1003 1098 αὐτάγγελον
1043 1031 1134 1083 ἐπὶ
1164 1030 1410 1101 σωτηρίᾳ
1460 1032 1702 1101 παρόντα
1728 1030 1883 1095 δέξα-

318 1120 440 1175 σθαι
476 1119 582 1173 τὸν
621 1119 778 1180 Υιὸν,
808 1119 906 1188 οὐχ
940 1118 1110 1189 ἑτέρῳ
1130 1119 1234 1171 τινὶ
1261 1119 1492 1189 διακόνῳ
1517 1107 1883 1190 χρησάμενον·

315 1212 374 1265 οὐ
395 1211 504 1280 γὰρ
526 1206 594 1279 ἦν
622 1210 910 1276 πρέσϐυς,
936 1208 1116 1282 [φησι]
1142 1211 1449 1280 προφήτης,
1473 1213 1583 1264 οὐκ
1609 1211 1885 1279 ἅγγελος.

1984 678 2186 727 secuta:
2233 654 2496 738 reliquiic.
2539 663 2633 717 Est
2677 677 2808 717 vero
2862 660 3113 713 bonitatis
3166 666 3545 726 argumentum

1986 760 2306 823 maximum,
2342 754 2487 826 quod
2542 751 2786 822 populum
2834 751 3069 817 ﬁliorum
3104 748 3265 818 727
3307 749 3548 817 appella-

1986 852 2134 906 tione
2168 848 2456 919 dignatur,
2488 845 2536 901 si
2575 843 2804 912 gratiam
2855 857 2961 893 non
3003 848 3381 906 aspernentur.
3429 835 3548 902 Quo

1988 941 2189 995 factum
2223 950 2325 1004 est,
2363 948 2422 991 ut
2471 938 2544 992 ita
2590 940 2827 989 verteret
2868 931 3228 1001 Symmachus
3266 944 3278 981 :
3326 926 3543 981 Verum.

1989 1039 2161 1083 tamen
2206 1028 2424 1097 populus
2475 1042 2619 1079 meus
2666 1032 2787 1078 sunt
2815 1021 2925 1089 [lit-5,
2962 1036 3062 1073 non
3110 1019 3549 1086 pra'raricnntes;

1987 1138 2125 1192 quos
2147 1122 2303 1176 initio
2328 1118 2697 1191 reprehendit,
2719 1132 2842 1171 cum
2872 1114 3007 1169 ﬁlios
3031 1114 3309 1184 genuisse,
3330 1122 3383 1168 ct
3412 1112 3557 1167 exal-

1990 1220 2160 1278 tasse,
2193 1212 2260 1265 ab
2294 1210 2429 1279 ipsis
2476 1216 2655 1260 autem
2688 1205 3007 1260 derelictum
3058 1217 3117 1255 se
3158 1215 3280 1256 esse
3314 1216 3557 1269 conque-

318 1306 458 1361 ritur
482 1305 550 1360 ⁸’.
581 1303 816 1359 Dccebat
855 1305 997 1358 enim
1030 1313 1289 1372 tanquam
1322 1303 1464 1371 ﬁlios
1503 1302 1651 1357 Patri
1684 1318 1888 1359 morem
1927 1319 2137 1375 gerere,
2164 1313 2218 1360 et
2246 1302 2469 1367 Filium,
2513 1303 2606 1370 qui
2640 1316 2668 1353 a
2703 1299 2880 1363 Patre,
2912 1297 3107 1352 salutis
3137 1310 3325 1349 eorum
3364 1308 3554 1357 causa,

320 1398 474 1451 nullo
538 1395 768 1450 alterius
827 1395 1165 1460 ministerio,
1224 1395 1496 1461 venisset,
1563 1404 1886 1466 praesentem
1956 1397 2229 1467 amplecti.
2307 1396 2430 1451 Non
2477 1395 2621 1451 enim
2678 1393 2877 1463 legatus
2935 1399 3052 1444 erat
3085 1390 3184 1455 (ait
3241 1387 3551 1457 propheta),

320 1503 422 1540 non
457 1486 697 1555 angelus.

389 1577 499 1630 Kal.
530 1578 588 1629 ἐν
602 1574 863 1645 Αἰγύπτῳ
880 1574 958 1642 δέ,
983 1577 1168 1643 φασὶν,
1198 1578 1246 1630 εί
1269 1578 1362 1631 καὶ
1387 1577 1549 1648 μέσος
1564 1572 1629 1650 ἦν
1653 1579 1879 1650 Μωσῆς,

2055 1579 2113 1634 In
2145 1576 2379 1649 Egyptu
2402 1575 2616 1640 deinde,
2645 1576 2818 1638 aiunt,
2846 1586 3159 1643 quanquam
3195 1567 3406 1623 medius
3440 1566 3559 1619 Mo-

320 1665 436 1721 ἀλλ’
472 1665 633 1728 αὐτὸς
654 1667 872 1741 ἐνήργει
900 1665 965 1717 δι’
990 1666 1198 1718 ἐκείνου
1227 1666 1295 1743 τὰ
1340 1670 1592 1736 μέγιστα.
1654 1669 1763 1722 Καὶ
1789 1669 1884 1739 μοὲ

2005 1690 2075 1728 ses
2102 1671 2286 1731 interit,
2318 1685 2412 1739 per
2442 1683 2567 1724 eum
2601 1668 2715 1736 ipse
2737 1680 2858 1736 quae
2890 1663 3124 1716 maxima
3177 1666 3335 1713 erant
3362 1671 3562 1724 opera-

325 1756 708 1825 σχοποιήσασιν
734 1753 1028 1824 ὴπειλησεν
1063 1753 1293 1822 ἄγγελον
1325 1755 1560 1825 πέμψειν
1610 1756 1703 1809 τὸν
1744 1758 1884 1828 ἡγη-

325 1846 575 1914 σάμενον.
615 1844 725 1897 Καὶ
753 1842 1141 1913 δυσφοροῦντος
1164 1845 1428 1908 Μωσέως,
1452 1845 1616 1910 αὐτὸς
1637 1846 1886 1918 ἡγεῖσθαι

1984 1765 2167 1818 batur.
2204 1761 2482 1816 Minitatus
2510 1767 2593 1814 est
2627 1766 2908 1828 praeterea,
2958 1769 3079 1808 cum
3108 1751 3345 1804 vitulum
3376 1748 3564 1802 conﬁr-

1988 1857 2216 1919 cissent,
2248 1854 2499 1924 angelum
2543 1866 2603 1906 se
2653 1850 2974 1910 missurum,
3024 1844 3116 1914 qui
3170 1842 3251 1897 eis
3280 1846 3573 1911 praeesset.

324 1935 815 2005 κατεπηγγείλατο.
845 1935 955 1988 Kal.
990 1934 1159 2003 αὐτὴν
1180 1934 1237 1987 δέ
1269 1936 1367 2004 τὴν
1421 1938 1746 2004 παρουσίαν,
1787 1938 1888 2008 οὐχ

2005 1945 2147 2012 Quod
2183 1960 2307 2000 cum
2335 1958 2478 2012 a‘gre
2504 1942 2645 1996 ferre
2671 1938 2858 1994 Mosen
2885 1937 3113 1997 videret,
3140 1934 3335 1987 ducem
3361 1945 3420 1986 se
3448 1928 3564 1984 fore
3664 1954 3669 1959 ο

321 2026 411 2079 ἴνα
470 2026 655 2096 κρίνῃ.
690 2020 1005 2096 πεποίηται,
1056 2027 1232 2081 καίτοι
1287 2027 1493 2096 κριτὴς
1525 2027 1620 2093 ῶν,
1649 2030 1762 2085 ἀλλ’
1804 2031 1889 2085 ἵνα

2005 2036 2214 2103 adjecit.
2260 2033 2449 2104 Neque
2482 2047 2611 2087 vero
2641 2031 2937 2086 adventum
2959 2041 3147 2091 suum,
3180 2031 3236 2077 ut
3267 2023 3561 2091 jmlicarct,

322 2117 422 2180 τὰς
451 2116 720 2186 ἁμαρτίας
749 2118 1140 2188 ὁμολογήσουσι
1171 2119 1189 2155 ί
1247 2120 1508 2194 παράσχῃ
1574 2122 1674 2192 τὴν
1699 2121 1893 2191 ἄφεσιν

2005 2124 2154 2183 iudex
2179 2124 2447 2192 alioquin,
2479 2129 2698 2176 exstare
2727 2118 2923 2183 voluit,
2962 2116 3056 2173 sed
3092 2109 3587 2186 utconlitentibus.

320 2206 412 2259 διὰ
463 2206 717 2269 πίστεως.
765 2206 918 2259 Θέλει
972 2207 1199 2276 γὰρκαὶ
1235 2209 1377 2277 ἡμᾶς
1427 2210 1640 2273 ἑαυτοῖς
1671 2209 1893 2278 ἀγαθῶν

322 2295 551 2360 αἰτίους,
580 2297 675 2350 καὶ
706 2295 781 2369 μὴ
806 2298 914 2349 τῶν
943 2298 1198 2351 ἐναντίων
1229 2299 1609 2356 καθίστασθαι.
1653 2302 1892 2372 Τοιγαρ-

322 2386 415 2438 οῦν
444 2384 544 2454 τῆς
566 2384 962 2456 αἱμορροούσης
1016 2385 1115 2457 τὴν
1139 2386 1321 2440 πίστιν
1370 2388 1548 2443 αίτίαν
1579 2389 1755 2459 ἔφησε
1796 2392 1897 2460 τῆς

328 2476 543 2539 ἰάσεως.
602 2477 767 2529 Ὅσον
821 2476 930 2547 γὰρ
984 2473 1121 2548 ἧκεν
1148 2479 1228 2541 είς
1264 2479 1448 2545 αὑτὸν,
1497 2478 1573 2545 ὡς
1592 2458 1788 2549 πατὴρ
1808 2458 1929 2537 ut!

328 2585 494 2634 κνοις
521 2568 601 2630 εἰς
621 2566 845 2635 ἀγαθῶν
879 2567 1162 2639 πρόκειται
1198 2570 1482 2640 χορηγίαν.
1518 2570 1739 2641 διηνεκῆ
1768 2589 1899 2643 προ-

326 2660 516 2713 τείνων
568 2658 661 2712 τὺν
714 2658 911 2724 ἔλεον,
954 2657 1094 2728 πλὴν
1126 2659 1174 2710 εἰ
1216 2660 1289 2729 μή
1319 2677 1404 2723 τις
1427 2660 1686 2732 ἁμαρ-τῶν
1711 2662 1896 2716 διακό-

325 2750 498 2819 ψειεν.
528 2750 608 2804 Τὰ
646 2750 745 2819 μὲν
770 2745 862 2803 οῦν
889 2750 988 2819 τῆς
1019 2748 1190 2803 αὐτοῦ
1226 2750 1632 2819 φιλανθρωπίας
1653 2752 1897 2807 τοιαῦτα.

327 2839 422 2910 Μὴ
446 2837 824 2909 παρασχόντες
850 2838 906 2891 δὲ
924 2836 1197 2908 πρόφασιν
1226 2837 1377 2907 αὐτῷ
1401 2838 1503 2907 τῆς
1548 2838 1757 2893 ἑαυτῶν
1793 2857 1898 2893 σω-

335 2932 555 3001 τηρίας,
614 2931 702 2994 εἰς
758 2929 1028 2996 πόλεμον
1085 2928 1486 2982 ἐπεσπάσαντο.
1530 2929 1616 2992 Ὣς
1636 2932 1747 3000 γάρ
1769 2944 1899 2999 φησι

330 3020 608 3074 καὶΔαϐίδ
635 3037 649 3051 ·
679 3037 700 3071 ι
759 3020 995 3082 Ποσὰκις
1038 3020 1458 3089 παρεπίκραναν
1505 3019 1667 3075 αὐτὸν
1722 3024 1780 3074 ἐν
1833 3024 1898 3094 τῇ

328 3110 553 3182 ἐρήμῳ;
585 3106 940 3179 παρὼργισαν
965 3109 1129 3161 αὐτὸν
1151 3111 1209 3161 ἐν
1236 3112 1307 3180 γῇ
1331 3108 1566 3179 ἀνύδρῳ.
1607 3128 1626 3162 ι
1654 3109 1894 3178 Παρώρ-

331 3215 512 3269 γισαν
561 3198 619 3252 δὲ
674 3199 768 3250 καὶ
789 3198 850 3250 τὸ
879 3198 1115 3267 πνεῦμα
1161 3198 1441 3266 Χριστοῦ,
1475 3199 1574 3268 τὴν
1607 3199 1893 3254 ἀπείθειαν

1994 2223 2218 2285 peccata
2251 2230 2347 2284 per
2377 2212 2535 2267 tidem
2576 2211 2895 2269 remitteret.
2931 2206 3058 2260 Vult
3083 2206 3229 2260 enim
3266 2204 3431 2258 etiam
3461 2214 3568 2255 nos

1996 2306 2152 2361 nobis
2177 2305 2465 2368 bonorum,
2486 2314 2541 2360 et
2572 2319 2679 2361 non
2708 2312 2920 2361 contra,
2939 2306 3192 2353 auctores
3221 2310 3343 2349 esse
3368 2311 3381 2347 :
3412 2292 3564 2349 indc-

1996 2411 2100 2467 que
2141 2396 2287 2465 ejus,
2344 2409 2464 2465 qua:
2514 2391 2838 2462 proﬂuvium
2904 2385 3188 2455 sanguinis
3234 2383 3563 2452 patiebatur,

1998 2486 2340 2543 sanationem
2389 2485 2454 2545 ad
2486 2484 2646 2538 ﬁdem
2691 2478 2968 2535 retulit”.
3003 2476 3278 2542 Quantum
3311 2474 3455 2527 enim
3509 2474 3562 2527 in

1999 2578 2120 2646 ipso
2146 2577 2313 2633 situm
2342 2583 2448 2642 est,
2476 2572 2643 2629 veluti
2682 2582 2830 2641 pater
2868 2569 2995 2638 ﬁliis
3047 2568 3115 2622 ad
3152 2569 3415 2621 bonorum
3455 2566 3568 2617 lar-

1999 2660 2258 2737 gitionem
2290 2679 2621 2736 propensus,
2664 2662 2941 2718 assiduam
2980 2657 3406 2717 misericordiam
3443 2672 3571 2727 pro-

1999 2756 2231 2825 tendit,
2268 2756 2379 2812 nisi
2438 2755 2563 2826 quis
2621 2769 2740 2810 eam
2807 2754 3049 2823 peccatis
3119 2750 3332 2805 irritant
3382 2747 3566 2803 faciat.

2000 2846 2154 2901 Talia
2195 2847 2362 2917 igitur
2406 2845 2762 2905 humanitatis
2815 2844 2990 2913 ipsius
3023 2850 3078 2898 et
3131 2839 3570 2895 mansuetudinis

2002 2937 2162 3006 signa
2193 2937 2541 2992 exstiterunt.
2589 2933 2695 2991 Sed
2736 2949 2858 2989 eum
2919 2949 3033 2988 sure
3082 2932 3276 2987 salutis
3327 2931 3572 2985 occasio-

2004 3044 2125 3084 nem
2174 3029 2224 3083 ci
2258 3044 2365 3082 non
2398 3028 2724 3098 praeberent,
2778 3026 2846 3079 ad
2897 3024 3087 3079 bellum
3132 3040 3254 3079 eum
3289 3024 3570 3091 compule-

2002 3130 2151 3174 runt.
2174 3117 2241 3172 Ut
2264 3119 2410 3172 enim
2427 3117 2509 3172 vel
2531 3116 2784 3170 Davidem
2813 3116 2866 3169 in
2886 3114 3260 3170 testimonium
3279 3126 3533 3183 vocemus
3558 3128 3571 3165 :

2011 3226 2028 3258 ι
2064 3207 2288 3273 Quoties
2323 3206 2792 3261 exacerbaverunt
2822 3218 2944 3258 eum
2981 3204 3034 3257 in
3076 3200 3329 3256 deserto?
3362 3199 3429 3253 ad
3463 3201 3573 3253 ira-

330 3294 678 3362 νοσὴσαντες.
711 3291 812 3343 Διὸ
844 3291 1101 3359 κατέστη
1144 3291 1453 3360 πολέμιος.
1494 3292 1614 3345 Ἵνα
1651 3290 1761 3362 γὰρ
1826 3293 1898 3362 μὴ

2005 3298 2261 3353 cundiam
2314 3305 2681 3368 provocarunt
2711 3296 2764 3350 in
2798 3304 2938 3350 terra
2992 3301 3215 3363 carente
3245 3292 3403 3362 aquis
3437 3291 3503 3345 ⁸⁸.
3548 3309 3567 3343 ι

330 3385 550 3452 δαίμοσι
570 3383 667 3451 τὴν
694 3378 1043 3452 ἐπαγομένην
1090 3383 1273 3446 αὐτοῖς
1316 3383 1676 3454 ἐπιγράφοιεν
1719 3383 1898 3456 δίκην,

334 3475 496 3535 αὑτὸς
516 3473 711 3535 αὐτοῖς·
739 3472 959 3539 λέγεται
985 3472 1450 3543 πεπολεμηκέναι.
1478 3475 1588 3526 Καὶ
1622 3474 1732 3544 γὰρ
1750 3475 1902 3538 Ἰὼϐ,

337 3566 535 3634 καίπερ
599 3562 756 3628 εἰδὼς
785 3566 849 3616 ἐκ
881 3563 976 3617 τοῦ
1008 3562 1254 3616 διαϐόλου
1284 3562 1529 3630 γίνεσθαι
1561 3565 1660 3627 τὰς
1690 3566 1909 3633 ἐπαγω-

338 3654 459 3722 γὰς,
531 3654 692 3721 αὑτοῦ
736 3655 834 3726 μὲν
892 3654 955 3709 οὐ
1015 3653 1305 3725 μέμνηται,
1342 3652 1418 3722 τῷ
1444 3652 1501 3704 δὲ
1536 3640 1907 3725 συγχωροῦντι

247 3762 261 3774 ·
340 3748 628 3814 ἐπιγράφει
687 3745 827 3817 Θεῷ.
854 3744 1240 3812 Πεπολέμηκε
1303 3743 1360 3796 δέ
1390 3742 1479 3796 τὸν
1503 3741 1633 3797 λαὸν
1666 3746 1747 3808 είς
1788 3746 1912 3799 νοῦν

340 3836 408 3889 τὰ
438 3835 630 3905 πρῶτα
659 3834 865 3898 λαϐὼν,
896 3834 991 3887 καὶ
1011 3835 1084 3897 ῶς
1111 3835 1174 3887 οὐ
1216 3830 1311 3887 νῦν
1331 3833 1535 3905 πρῶτοι
1564 3834 1794 3889 τοιοῦτοι
1821 3852 1913 3905 γε-

302 3944 305 3948 ·
339 3926 579 3992 γόνασιν.
615 3926 843 3987 Αὐτίκα,
874 3925 970 3976 καὶ
990 3922 1086 3975 διὰ
1114 3922 1373 3990 Μωσέως
1420 3924 1687 3997 τοσαύτης
1717 3944 1912 3998 πειρα-

343 4015 523 4076 θέντες
567 4016 657 4069 διὰ
711 4014 1009 4082 θαυμάτων
1067 4013 1408 4084 εὐεργεσίας,
1456 4015 1549 4070 τὸν
1576 4015 1746 4069 αἴτιον
1778 4019 1915 4072 ἀπο·

344 4105 671 4175 στραφέντες
700 4103 1161 4173 ἐμοσχοποίησαν,
1192 4105 1267 4174 μὴ
1296 4106 1672 4174 σκοπήσαντες
1696 4108 1771 4171 ὡς
1819 4108 1913 4164 θά-

341 4196 541 4249 λατταν
556 4194 735 4264 τεμὼν
757 4194 1046 4266 Ἐρυθρὰν,
1064 4195 1144 4261 ὡς
1160 4196 1370 4259 ἵππον,
1387 4198 1582 4263 αὐτοὺς
1603 4200 1692 4252 διὰ
1711 4201 1916 4272 ταύτης

341 4284 620 4350 διήγαγεν,
651 4283 951 4353 ἐπιστήσας
974 4283 1155 4345 αὐτοῖς
1188 4283 1436 4353 Μωσῆν,
1475 4281 1560 4340 οἷα
1596 4289 1915 4356 προϐάτοις

342 4372 614 4442 ποιμένα,
676 4373 765 4426 διὰ
812 4373 921 4426 τῶν
950 4374 1190 4443 σημείων
1236 4375 1464 4445 ύψώσας
1491 4378 1677 4434 αὐτόν.
1745 4380 1916 4434 Τοῦτο

342 4465 448 4536 γὰρ
478 4465 542 4518 τὸ
571 4465 910 4534 ἀναγαγεῖν,
942 4466 1109 4535 ἡγουν
1130 4467 1357 4537 ἐμβρανῆ
1412 4472 1761 4540 καταστήσας
1790 4471 1916 4526 λαν-

345 4555 575 4607 θάνοντα
625 4555 722 4608 καὶ
787 4554 1182 4626 κρυπτόμενον,
1234 4554 1294 4607 ὃν
1333 4555 1425 4607 καὶ
1481 4560 1770 4630 προφήτην
1809 4563 1914 4613 ἁπ-

350 4642 558 4708 ἑδειξεν
580 4643 674 4696 τοῦ
702 4643 831 4697 ἰδίου
856 4642 1148 4714 πληρώσας
1164 4643 1518 4712 πνεύματος.

2008 3387 2466 3453 Exacerbaverunt
2516 3402 2644 3444 vero
2683 3395 2736 3443 et
2790 3386 2988 3441 Christi
3038 3386 3306 3452 spiritum,
3341 3384 3432 3454 qui
3487 3382 3593 3437 ιιι-μ

2008 3480 2353 3534 credulitatis
2381 3480 2572 3534 morbo
2608 3479 2941 3534 laborarent.
2988 3476 3108 3542 Quo
3143 3475 3346 3529 factum
3381 3481 3486 3539 est,
3517 3484 3575 3529 ut

2009 3568 2112 3620 sint
2155 3570 2218 3620 ab
2268 3570 2383 3637 ipso
2414 3568 2720 3637 oppugnati.
2758 3569 2833 3621 Ita
2882 3565 3027 3621 enim
3082 3565 3187 3620 sibi
3243 3562 3575 3631 loquendum

2010 3672 2130 3712 esse
2159 3658 2530 3722 existimavit;
2567 3672 2633 3711 ne
2666 3673 2809 3727 quas.
2836 3656 2937 3723 ipsi
2992 3671 3183 3725 poenas
3213 3655 3575 3725 pertulerunt.

2012 3749 2354 3802 daemonibus
2403 3750 2785 3802 attribuerent.
2846 3746 3126 3816 Siquidem
3174 3756 3229 3801 et
3278 3744 3381 3800 Job
3443 3746 3577 3814 ipse,

2014 3839 2140 3892 licet
2189 3854 2311 3909 qua:
2356 3839 2683 3909 patiebatur,
2735 3837 2838 3893 sibi
2881 3853 2910 3891 a
2947 3836 3170 3891 diabolo
3224 3833 3414 3890 inferri
3471 3850 3601 3889 non.

2016 3928 2318 3998 ignoraret,
2377 3928 2443 3981 de
2471 3942 2538 3981 eo
2572 3937 2750 3981 tamen
2780 3942 2901 3981 csse
2952 3925 3055 3981 sibi
3112 3925 3403 3982 tacendum
3436 3925 3577 3978 arbi-

2016 4028 2218 4082 tratus,
2255 4034 2319 4073 ea
2374 4017 2484 4073 Deo
2545 4016 2671 4087 ipsi,
2715 4002 2807 4088 qui
2861 4016 2976 4070 lieri
3012 4018 3372 4085 permitteret,
3408 4015 3581 4069 ascri-

2017 4111 2099 4165 bit
2155 4112 2221 4163 ⁸⁸.
2257 4110 2582 4180 Oppugnavit
2628 4123 2757 4163 vero
2812 4108 3109 4177 populum,
3169 4106 3350 4176 priora
3403 4114 3603 4160 mente

2018 4204 2252 4272 agitans,
2277 4217 2401 4256 cum
2427 4201 2562 4256 tales
2588 4202 2657 4254 ab
2689 4200 2791 4254 hoc
2814 4207 3060 4267 tempore
3092 4198 3325 4266 primum
3362 4197 3583 4251 minime

2018 4292 2134 4347 ﬁeri
2183 4293 2416 4362 ccepisse
2438 4290 2841 4346 recordaretur.
2873 4288 2951 4342 Ac
3000 4304 3067 4341 ne
3102 4287 3271 4354 longe,
3293 4287 3577 4348 abeamus.

2017 4383 2180 4438 etiam
2232 4398 2357 4436 cum
2395 4381 2534 4435 duce
2587 4379 2734 4433 Hau
2790 4394 3041 4450 magnam
3084 4377 3226 4431 adeo
3265 4375 3433 4446 728
3486 4389 3581 4444 per

2018 4471 2267 4527 miranda
2312 4485 2476 4542 opera
2526 4472 2868 4541 largitionem
2922 4470 3129 4540 experti
3177 4477 3402 4534 essent;
3460 4466 3581 4536 ejus

2016 4568 2291 4615 auctorem
2315 4568 2492 4614 tamen
2518 4559 2775 4622 aversati,
2812 4559 3040 4613 vitulum
3074 4556 3176 4612 sibi
3200 4555 3443 4612 conﬂare
3469 4570 3579 4610 non

1942 4641 1994 4700 D
2019 4648 2340 4705 dubitarunt
2370 4651 2439 4706 “.
2470 4649 2582 4706 Nec
2636 4649 2949 4719 cogitarunt
3000 4661 3109 4717 quo
3139 4656 3298 4715 pacto
3343 4645 3580 4701 divisum

344 4747 494 4786 mare
540 4729 810 4795 Rubrum,
851 4743 1102 4800 tanquam
1151 4749 1337 4803 equus,
1389 4732 1740 4801 trajecerint;
1783 4750 1908 4791 cum
1945 4737 2057 4795 illis
2091 4741 2288 4798 ducem
2318 4739 2554 4812 Moysen,
2585 4741 2754 4798 veluti
2787 4748 3055 4809 pastorem
3133 4737 3338 4801 ovibus,
3410 4735 3581 4807 signis

341 4826 781 4881 commendatum
842 4824 1237 4894 praefecissem.
1287 4824 1532 4895 ldipsum
1589 4827 1734 4880 enim
1785 4835 1912 4895 est,
1947 4831 2093 4901 quod
2138 4833 2391 4887 educendi
2420 4834 2587 4890 verbo
2635 4832 2956 4904 signiﬁcare
3026 4827 3250 4883 voluit:
3322 4836 3581 4895 tanquam

341 4934 465 4971 eum
499 4934 559 4973 se
601 4919 894 4982 illustrem,
942 4918 1034 4988 qui
1083 4920 1136 4972 in
1190 4919 1407 4973 occulto
1453 4920 1676 4986 latebat,
1719 4921 2065 4992 reddidisse;
2126 4928 2234 4984 imo
2281 4937 2335 4984 et
2408 4929 2725 5000 prOphetam
2777 4928 2965 4991 etiam,
3043 4938 3167 4979 cum
3232 4920 3435 4988 Spiritu
3485 4933 3584 4974 suo

345 5009 703 5077 implevisset,
732 5009 983 5065 ell'ecisse
1016 5007 1245 5064 diceret.

421 5100 569 5163 Τινὲς
597 5099 654 5152 δὲ
686 5097 935 5169 ποιμένα
952 5100 1042 5151 τὸν
1079 5099 1277 5169 Ἰωσὴφ
1337 5099 1565 5169 ἔφασαν,
1611 5097 1783 5175 οὗπερ
1805 5105 1913 5161 ἀν-

342 5184 580 5259 αγαγὼν
604 5189 675 5242 τὰ
702 5191 855 5255 ὀστᾶ,
899 5187 1044 5278 ,μετὰ
1065 5188 1174 5242 τῶν
1201 5191 1330 5258 πρὶν
1375 5192 1703 5264 ύποχειρίων
1727 5194 1916 5266 διήγα-

344 5297 463 5346 γεν,
487 5278 700 5342 δεικνὺς
727 5279 801 5342 ὼς
824 5277 960 5330 ούδέ
982 5278 1192 5349 νεκρῶν
1214 5279 1322 5333 τῶν
1343 5281 1512 5349 ἁγίων
1561 5283 1912 5338 ἐπιλανθάνε-

330 5387 452 5446 ται,
479 5369 760 5434 ζωοποιεῖν
783 5368 921 5423 αὐτὰ
940 5408 946 5413 -
967 5368 1416 5440 προαιρούμενος.
1453 5374 1638 5427 Ἀλλοι
1658 5375 1748 5429 τὸν
1772 5377 1911 5446 Χρι-

415 5483 589 5562 '_'_Isa.
633 5482 767 5562 με.
831 5483 890 5562 ff
932 5482 1117 5562 lliattlt.
1158 5501 1246 5562 ωςζ
1283 5485 1351 5541 20
1392 5506 1543 5562 seqq.
1617 5491 1664 5524 ⁸³
1697 5490 1846 5546 Psal.
1895 5508 1900 5546 ι

2005 5505 2097 5554 vn,
2154 5489 2242 5544 40.
2364 5485 2408 5517 ⁸³
2448 5485 2550 5541 .lob
2586 5498 2627 5547 ι,
2665 5483 2755 5537 ‘ll.

345 5554 388 5586 ’ν
428 5554 563 5608 (icti.
597 5570 656 5619 ι,
680 5554 778 5615 24;
831 5551 1001 5606 Exod.
1036 5568 1152 5618 xm,
1184 5554 1269 5607 l9.

2087 5105 2206 5162 Non
2258 5078 2455 5160 desunt
2502 5114 2703 5164 tamen,
2734 5099 2827 5168 qui
2879 5093 3109 5167 pastoris
3151 5086 3478 5144 vocabulum
3512 5083 3579 5136 ad

2015 5198 2312 5268 Josepbum
2345 5194 2622 5259 referant;
2654 5190 2816 5259 cujus
2859 5202 2983 5243 cum
3013 5198 3139 5240 ossa
3168 5179 3320 5236 educi
3361 5184 3585 5232 curaret

2019 5286 2302 5352 Dominus,
2327 5293 2382 5340 ct
2412 5300 2475 5340 ea
2512 5299 2635 5338 cum
2670 5283 2801 5347 illis,
2827 5277 2920 5349 qui
2951 5286 3080 5332 ante
3107 5277 3309 5347 captivi
3334 5277 3574 5337 fuerant,

2018 5373 2237 5429 reduxit
2266 5373 2331 5441 ⁸⁷,
2373 5380 2430 5425 ιιι
2478 5378 2818 5434 sanctorum,
2849 5365 2938 5435 qui
2984 5363 3270 5429 obierunt,
3303 5378 3407 5417 non
3443 5361 3584 5417 obli-

2857 5479 2906 5511 “
2943 5478 3113 5534 Exod.
3142 5493 3288 5531 1m"
3313 5517 3326 5543 ,
3363 5478 3400 5531 l.
3425 5490 3578 5545 seqq.

1646 5648 1878 5702 vanu:
1919 5645 2323 5726 caenosas.

421 5744 438 5779 ι
475 5743 562 5797 ἷσ.
582 5744 966 5814 όμολογήὲῑασι.
