3976 6210
518 368 659 434 2675

1851 395 2204 459 PROCOPII
2242 395 2486 456 GAZJEI

3633 400 3751 465 2876

521 486 674 540 visci.
711 502 768 543 se
791 488 1244 587 demonstraret;
1276 503 1368 572 qui
1416 505 1508 560 illa
1553 508 1607 561 in
1650 508 1817 564 vitam
1851 526 2087 567 revocari

2214 512 2335 563 στὸν
2370 512 2578 579 ἔφασαν
2605 514 2673 567 ἐκ
2708 514 2819 582 γῆς
2853 513 3212 584 ἀναχθέντα,
3238 515 3269 587 ἦ
3311 516 3399 569 διὰ
3426 516 3524 586 τὴν
3545 518 3749 570 ἀνάπαι-

522 582 748 628 statuat.
778 577 881 632 Alii
913 580 980 634 ad
1007 581 1288 642 Christum
1317 590 1384 645 de
1415 601 1559 648 terra
1599 598 1851 652 eductum
1894 602 2100 655 retule-

519 676 651 721 runt
683 685 696 721 :
734 669 850 725 sive
880 671 1002 741 ejus
1036 676 1111 731 illi
1145 684 1628 754 resurrectionem,
1662 689 1777 744 sive
1807 690 1971 744 etiam
2006 708 2100 745 or-

519 769 632 814 tum
689 762 757 817 de
814 773 962 820 terra
1013 779 1350 839 spectarent.
1408 773 1635 842 Deinde.
1697 784 1842 851 quod
1892 785 2100 838 dierum

520 862 839 910 wteruorum
875 861 1143 927 meminit,
1177 866 1262 919 vel
1290 868 1550 937 antiquus
1574 873 1863 939 intellexit,
1898 878 1979 930 vel
2004 893 2100 932 eos

518 944 711 1012 etiam,
769 964 1006 1017 quorum
1064 952 1225 1009 debet
1282 973 1404 1013 esse
1437 966 1701 1017 memoria
1738 970 2096 1036 sempiterna.

517 1036 673 1100 Quod
708 1047 969 1107 pra-terea
999 1044 1090 1097 ubi
1127 1055 1235 1109 est,
1283 1052 1501 1117 quaerit,
1537 1067 1729 1108 eorum
1763 1056 2095 1113 oblivionem

516 1137 761 1183 accusat.
805 1132 1126 1201 Cujusmodi
1167 1147 1255 1193 est
1304 1141 1437 1197 illud
1476 1163 1489 1198 :
1537 1164 1556 1197 ι
1604 1146 1901 1202 Descendit
1947 1151 2095 1205 enim

521 1218 761 1286 Spiritus
798 1232 1026 1281 sanctus
1055 1242 1084 1280 a
1121 1227 1371 1298 Domino,
1402 1244 1456 1290 et
1486 1236 1592 1291 dux
1651 1239 1762 1294 illis
1794 1239 1897 1296 fuit
1942 1242 2009 1295 ⁸⁸.
2070 1263 2087 1294 ι

514 1309 582 1364 Ει
608 1314 751 1379 apud
785 1312 1037 1372 Davidem
1066 1337 1078 1370 :
1118 1317 1323 1378 «‘Misit
1354 1327 1608 1395 spiritum
1638 1344 1825 1394 suum,
1857 1343 1909 1387 et
1930 1348 2095 1387 sana-

512 1402 711 1459 viteos
743 1404 809 1459 3’.
856 1426 874 1458 ι
935 1407 1032 1463 Est
1065 1426 1192 1465 vero
1241 1413 1383 1469 Deus
1440 1418 1558 1485 ipse
1610 1422 1853 1489 spiritus.
1890 1421 2091 1478 Verum

514 1510 623 1561 quo
657 1496 799 1561 loco,
826 1502 1111 1567 prwraluit
1138 1521 1280 1574 aqua
1304 1524 1337 1559 a
1365 1507 1503 1576 [acie
1535 1511 1673 1579 ejus,
1702 1513 1969 1570 habemus
2000 1516 2092 1583 qui

513 1586 668 1657 fregit
730 1605 896 1659 aquas
944 1603 1071 1647 ante
1115 1612 1225 1661 eos,
1288 1602 1645 1658 transtulisse
1695 1605 2088 1675 Symmachum

511 1681 773 1748 reperias.
833 1684 1105 1755 Intelligas
1149 1690 1346 1747 deinde
1387 1694 1533 1761 quod
1580 1698 1922 1763 prwvaluisse
1953 1700 2091 1755 dixit

509 1787 697 1825 narum
733 1773 885 1827 illum
911 1786 1123 1844 natura:
1139 1780 1247 1833 vim
1267 1782 1539 1849 attulisse,
1564 1801 1689 1839 cum
1708 1788 2086 1844 condensavit.

512 1863 788 1919 Scribilur
821 1869 966 1922 enim
999 1880 1258 1939 tanquam
1291 1889 1508 1929 murum
1528 1879 1752 1934 stetisse
1777 1893 2087 1949 concretas,

2195 1876 2261 1931 ὲν
2304 1875 2509 1941 πεδίῳ,
2541 1877 2680 1945 μετά
2718 1878 2899 1949 πάσης
2940 1879 3198 1941 ἀνέσεως,
3237 1878 3552 1944 ίσοδυναμεῖ
3608 1877 3660 1928 τὸ
3695 1878 3739 1926 ἐν

509 1972 632 2021 quae
662 1956 832 2014 liuere
862 1969 1057 2017 natura
1092 1969 1577 2022 consueverant".
1607 1969 1703 2025 Vel
1732 1971 1784 2026 id
1815 1972 1934 2027 ideo
1964 1989 2087 2043 pro-

2195 1968 2462 2038 Ψαλμοῖς·
2499 1986 2518 2019 ι
2578 1968 2881 2038 ’Λνήγαγεν
2907 1968 2985 2032 ὡς
3032 1969 3286 2040 πρόϐατα
3314 1969 3407 2021 τὸν
3435 1969 3561 2021 λαὸν
3580 1966 3733 2030 αὐτοῦ,

510 2051 671 2119 pheta
713 2057 1020 2125 usurpavit,
1058 2068 1117 2112 ut
1152 2060 1495 2115 consistendi
1531 2065 1664 2117 vires
1687 2078 1720 2118 a
1761 2080 1821 2119 se
1853 2066 2089 2121 tributas

509 2143 682 2199 fuisse
715 2145 1145 2203 demonstraret.
1175 2147 1331 2215 Quod
1368 2149 1570 2205 factum
1603 2161 1706 2216 est,
1752 2163 1812 2207 ut
1841 2171 1927 2208 eos
1963 2169 2089 2224 pos-

508 2243 616 2298 tea,
645 2234 818 2301 aiunt,
844 2238 980 2290 velut
1011 2254 1201 2307 equum
1232 2239 1288 2291 in
1318 2256 1504 2309 campo
1530 2242 1677 2295 nulla
1704 2258 1933 2312 prorsus
1958 2259 2082 2297 cum

505 2327 759 2379 molestia
814 2326 1081 2383 educeret.
1136 2328 1312 2394 Quale
1361 2339 1447 2385 est
1496 2329 1631 2384 illud
1688 2331 1743 2385 in
1797 2331 2083 2387 Psalmis:

512 2437 531 2467 ι
571 2416 795 2482 Eduxit,
855 2427 1118 2489 tanquam
1171 2436 1323 2483 oves,
1364 2421 1626 2491 populum
1667 2437 1850 2488 suum,
1891 2431 1946 2478 et
1977 2422 2088 2478 dux

506 2505 617 2562 illis
653 2506 774 2571 fuit,
810 2517 1070 2578 tanquam
1102 2510 1230 2565 ovili
1265 2512 1317 2565 in
1349 2512 1570 2567 deserto
1588 2515 1657 2566 θ’.
1694 2532 1714 2566 ι
1756 2512 1932 2568 Simul
1960 2530 2089 2570 vero

504 2615 519 2646 ι
540 2606 557 2650 ι
581 2599 837 2667 populum
877 2617 1033 2653 suum
1067 2603 1325 2667 servavit,
1356 2614 1410 2658 et
1443 2604 1585 2673 facta
1608 2606 1710 2659 sibi
1735 2605 1945 2660 nomine
1974 2606 2089 2677 glo-

504 2693 643 2743 riam
704 2691 935 2761 adeptus
983 2700 1088 2747 est.
1140 2693 1296 2757 Quod
1353 2703 1558 2759 tamen,
1619 2704 1678 2749 ut
1725 2696 1792 2751 ad
1837 2698 2089 2765 populum

506 2798 666 2835 suum
724 2782 984 2838 retulisse
1027 2783 1328 2848 videretur,
1364 2801 1471 2838 non
1514 2785 1641 2850 sibi,
1672 2787 1765 2841 sed
1794 2788 1898 2850 eis,
1936 2788 2087 2858 Sym-

2213 617 2317 665 σιν,
2343 602 2375 669 ἢ
2401 604 2491 655 καὶ
2519 602 2607 655 διὰ
2629 603 2729 673 τὴν
2756 603 2864 656 ἀπὸ
2890 604 2994 674 γῆς
3025 605 3191 658 αὑτοῦ
3223 607 3494 676 γέννησιν.
3535 607 3748 675 Ἡμέρας

2207 693 2275 746 δὲ
2300 695 2598 758 αίωνίους,
2617 694 2651 762 ἢ
2672 693 2771 758 τὰς
2798 695 3051 765 ἀρχαίας,
3079 697 3111 767 ἢ
3142 698 3242 760 τὰς
3268 699 3350 750 ἀεὶ
3384 703 3747 768 μνημονευτού;

2208 800 2396 851 φησιν.
2416 783 2489 836 Τὸ
2516 783 2593 847 δὲ,
2622 783 2725 837 ποῦ
2756 787 2874 838 ἐστι
2898 802 2914 853 ;
2942 785 3039 854 τῆς
3066 786 3244 839 αὐτῶν
3258 787 3430 858 λήθης
3457 794 3744 860 κατηγορεῖ.

2208 876 2507 946 Σύμφωνον
2535 876 2592 930 δὲ
2624 877 2705 944 τὸ,
2732 896 2750 929 ι
2799 878 3022 948 Κατὲϐη
3083 880 3191 948 γὰρ
3222 880 3437 949 πνεῦμα
3458 882 3611 950 παρᾶ
3655 883 3745 934 Κυ-

2209 970 2346 1038 ρίου,
2372 970 2464 1021 καὶ
2518 969 2804 1038 ὡδήγησεν
2847 970 3064 1034 αὐτούς.
3097 990 3115 1022 ι
3157 972 3264 1024 Καὶ
3288 971 3453 1024 Δαϐὶδ
3484 971 3540 1024 δέ
3566 988 3711 1040 φησιν
3731 990 3742 1003 ·

2214 1079 2233 1111 ι
2272 1059 2688 1126 Ἐξαπὲστειλεν
2716 1060 2777 1112 τὺ
2824 1060 3044 1131 πνεῦμα
3092 1061 3278 1126 αὑτοῦ,
3334 1064 3428 1115 καὶ
3461 1063 3641 1115 ίάσατο
3672 1065 3746 1116 αὖ·

2204 1150 2352 1213 τούς.
2391 1169 2409 1201 ι
2452 1150 2510 1202 '0
2541 1149 2599 1203 δὲ
2631 1150 2763 1213 Θεὸς
2786 1151 2848 1203 τὸ
2871 1150 3111 1220 πνεῦμά
3161 1154 3334 1206 ἐστιν.
3369 1152 3519 1206 Ἀντὶ
3543 1154 3598 1205 at
3631 1153 3711 1206 τοῦ
3731 1197 3742 1217 ,

2203 1242 2589 1309 Κιιτίσχυσεν
2624 1240 2780 1309 ὕδωρ
2804 1242 2925 1295 ἀπὸ
2949 1240 3274 1309 προσώπου
3296 1242 3517 1306 αὐτοῦ,
3562 1244 3591 1295 ό
3624 1244 3743 1313 Σύμη

2206 1350 2394 1403 μαχος.
2430 1332 2491 1385 '0
2512 1331 2711 1398 ῥήξας
2753 1332 2942 1388 ὕδατα
2995 1333 3336 1402 ἔμπροσθεν
3371 1333 3587 1399 αὐτῶν,
3620 1337 3743 1405 εἴρη-

2201 1440 2316 1476 κεν.
2361 1422 2469 1475 Καὶ
2496 1424 2835 1491 κατίσχυσε
2870 1423 2928 1476 δὲ
2964 1427 3204 1493 νοήσεις,
3250 1426 3333 1479 ὅτι
3355 1425 3632 1493 νενίκηκεν
3667 1426 3744 1478 αὑ-

2199 1508 2319 1565 τῶν
2363 1516 2465 1584 τὴν
2536 1514 2697 1583 φύσιν
2724 1513 2898 1585 πήξας
2952 1516 3111 1570 αὐτὰ.
3176 1517 3389 1586 Ἐπάγη
3413 1518 3543 1586 γὰρ,
3582 1518 3740 1586 φησὶν,

2198 1604 2332 1657 ὡσεὶ
2370 1607 2543 1674 τεῖχος
2574 1605 2642 1658 τά
2664 1604 2835 1658 ὕδατα
2883 1606 3086 1676 ρευστά
3127 1609 3192 1677 τῇ
3228 1606 3390 1674 φύσει
3420 1606 3739 1675 τυγχάνοντα·

2198 1697 2370 1766 ήγουν
2435 1695 2572 1765 πρὸς
2599 1695 2661 1749 τὸ
2686 1696 2934 1766 παγῆναι
2961 1696 3161 1750 ἔδωκεν
3184 1698 3367 1759 αὐτοῖς
3399 1699 3602 1765 ἰσχύν.
3656 1697 3741 1748 Καὶ

2195 1785 2274 1856 τῷ
2296 1784 2436 1855 μετὰ
2465 1786 2658 1849 ταῦτα,
2689 1787 2843 1855 φασὶ,
2882 1786 3170 1857 Διήγαγεν
3210 1787 3455 1852 αὐτοὺς,
3486 1787 3562 1852 ὡς
3586 1786 3742 1838 ἵππον

2192 2063 2288 2115 καὶ
2343 2053 2631 2132 ὼδήγηεέεν
2680 2059 2906 2124 αὐτοὺς,
2968 2060 3046 2123 ὡς
3102 2061 3359 2131 ποίμνιον
3416 2063 3474 2113 ἐν
3496 2061 3685 2129 ἐρήμῳ.
3717 2077 3731 2106 ι
3862 2076 3865 2151 γ

2206 2153 2372 2224 Ὁμοῦ
2393 2154 2449 2207 δὲ
2483 2154 2577 2207 καὶ
2601 2153 2707 2208 τὸν
2728 2153 2882 2207 λαὸν
2904 2153 3096 2219 ἔσωζε,
3156 2154 3251 2207 καὶ
3274 2154 3440 2216 αὐτὸς
3467 2150 3735 2214 ὲὸσξάζετο

2194 2245 2382 2300 ποιῶν
2410 2244 2601 2312 ἐαυτῷ
2629 2246 2835 2315 ὄνομα.
2871 2244 2934 2300 '0
2955 2246 3012 2299 δὲ
3053 2246 3352 2316 Σύμμαχος
3384 2244 3584 2299 αὐτῶν
3609 2244 3692 2311 ἔφη
3722 2258 3732 2269 ’

2192 2336 2339 2389 τοῦτ’
2393 2336 2529 2398 ἔστι,
2572 2334 2663 2389 τὸν
2717 2335 2847 2389 ἴδιον
2901 2334 3138 2399 δοξάζων
3180 2337 3355 2388 λαόν.
3390 2331 3734 2402 Ἀναισθήτους

2196 2426 2373 2478 τοίνυν
2425 2423 2622 2496 εὑρὼν,
2654 2425 2848 2493 γέγονε
2902 2423 3196 2493 δυσμενής.
3249 2422 3323 2476 Οὐ
3356 2423 3466 2493 μὴν
3522 2422 3733 2485 ἀπογνωο

2197 2517 2350 2570 στὲον
2373 2532 2388 2547 ο
2415 2514 2531 2569 ἀλλ’
2562 2516 2934 2586 ἐπιμείνωμεν
2958 2514 3071 2585 ἐγώ
3130 2531 3189 2567 τε
3236 2514 3330 2566 καὶ.
3373 2514 3489 2566 ὅσοι
3512 2511 3736 2576 θεοφιλεῖς

2192 2610 2309 2671 ταῖς
2350 2608 2485 2677 πρῦς
2513 2606 2674 2659 αὐτὸν
2715 2607 2994 2671 ἱκετείαις,
3025 2606 3275 2674 λέγοντες
3306 2623 3323 2638 ο
3372 2604 3732 2671 Ἐπίστρεψον

2202 2698 2269 2750 ἐκ
2312 2696 2419 2749 τοῦ
2448 2696 2712 2765 οὐρανοῦ
2740 2714 2753 2727 ·
2791 2698 2906 2766 είγε
2950 2697 3237 2769 κρείττους
3290 2694 3607 2766 γενοίμεθα,
3659 2692 3732 2745 καὶ

2193 2790 2335 2855 ἄξιοι
2351 2788 2442 2841 τοῦ
2475 2788 2680 2857 λέγειν,
2713 2789 2848 2843 Ἴδε.

504 2873 735 2929 iiiachus
762 2874 959 2929 reddit.
987 2873 1083 2929 Est
1117 2875 1284 2944 igitur
1314 2876 1385 2929 ob
1422 2876 1473 2930 id
1508 2875 1686 2931 factus
1712 2878 1909 2945 hostis,
1938 2882 2084 2949 quod
2124 2897 2220 2937 eos
2249 2881 2414 2952 729
2436 2882 2585 2936 nullo
2616 2896 2781 2935 sensu
2818 2879 3024 2936 moveri
3052 2881 3275 2950 reperit.
3337 2880 3528 2949 Neque
3585 2887 3729 2930 tamen

503 2979 589 3027 est
639 2971 1060 3041 desperandum,
1088 2972 1181 3027 sed
1232 2973 1392 3040 mihi,
1444 2976 1769 3046 ueterisque
1798 2979 2075 3044 omnibus,
2118 2979 2210 3050 qui
2249 2978 2343 3033 Dei
2380 2993 2567 3033 amore
2612 2988 2888 3041 tenentur,

2971 2966 3231 3046 precibus
3262 2976 3331 3031 ab
3378 2977 3563 3032 eodem
3625 2987 3730 3026 con.

503 3063 869 3130 tendendum,
923 3075 982 3119 ut
1033 3064 1098 3120 de
1129 3066 1261 3121 cwlo
1316 3077 1676 3135 convertatur,
1732 3070 1777 3126 si
1831 3071 1987 3141 probi
2036 3082 2090 3129 et
2167 3073 2337 3145 digni,
2403 3073 2495 3144 qui
2546 3087 2670 3127 eum
2732 3070 2799 3126 ad
2858 3071 3138 3126 videndum
3226 3085 3603 3141 provocemus,
3644 3062 3730 3118 elli‘

505 3156 705 3213 citnur.

540 3260 545 3265 '
577 3249 718 3303 Sunt
741 3265 871 3304 vero
906 3250 999 3319 qui
1036 3252 1104 3305 ad
1138 3263 1351 3321 gentem
1390 3255 1701 3309 universam
1729 3256 1921 3311 referri
1969 3271 2087 3325 pre-

2266 3253 2423 3316 Τινὲς
2466 3252 2522 3305 δὲ
2548 3250 2656 3305 ἀπὸ
2685 3248 2887 3313 παντὸς
2919 3248 3014 3303 τοῦ
3082 3247 3269 3311 ἔθνους
3298 3247 3437 3316 φασὶ
3459 3245 3551 3307 τὰς
3569 3241 3721 3302 λιτάς·

505 3354 598 3394 ces
626 3340 962 3404 existiment,
1012 3341 1103 3394 alii
1152 3341 1316 3396 etiam
1367 3343 1433 3397 ad
1491 3344 1810 3413 prophetam
1846 3352 2085 3400 tantum.

504 3430 773 3500 Proponit
798 3446 965 3501 porro
1001 3430 1172 3486 Deum
1214 3432 1279 3486 de
1316 3437 1447 3487 cwlo
1485 3434 1953 3504 cegnoscendum,
1979 3452 2088 3491 non

504 3534 767 3592 tanquam
800 3523 922 3577 loco
957 3523 1345 3592 concludatur,
1398 3526 1491 3581 sed
1526 3536 1785 3597 tanquam
1822 3528 1877 3582 in
1907 3529 2089 3600 dignis

505 3630 728 3669 sursum
750 3614 1040 3669 virtutibus
1071 3617 1400 3686 requiescat.
1432 3618 1666 3687 Ideoque
1685 3634 1780 3689 per
1802 3619 2016 3675 domum
2036 3630 2089 3675 et

505 3708 776 3771 thronum,
813 3706 1003 3760 cwlum
1041 3708 1221 3777 ipsum
1258 3708 1615 3778 signiﬁcavit,
1672 3720 1733 3764 ut
1771 3710 2087 3764 auditorum

502 3805 736 3863 mentes,
754 3813 875 3866 quae
900 3798 953 3851 in
974 3805 1176 3851 terram
1197 3798 1545 3865 deciderant,
1580 3815 1803 3855 sursum
1834 3801 2086 3868 erigeret,

503 3905 615 3958 quo
665 3890 801 3944 nihil
853 3890 1059 3947 humile
1105 3889 1174 3944 de
1205 3889 1317 3945 Deo
1365 3891 1695 3961 cogitarent.
1731 3889 1867 3945 Eum
1915 3891 2085 3956 enim,

503 3982 597 4051 qui
636 3982 902 4036 universa
952 3981 1199 4036 continet
1244 3990 1296 4035 et
1350 3985 1509 4053 regit,
1539 3999 1571 4035 a
1601 3982 1730 4036 caelo
1776 3997 1887 4036 non
1947 3982 2089 4036 male

509 4075 749 4143 spectari
775 4084 830 4129 et
856 4076 1137 4144 cognosci.
1171 4075 1413 4130 Revocat
1439 4084 1619 4130 autem
1652 4074 1764 4130 Deo
1800 4075 1853 4129 in
1880 4089 2088 4129 memo-

500 4169 662 4232 riam,
692 4175 752 4220 ut
786 4182 928 4236 stupe
958 4182 1065 4220 non
1092 4175 1317 4236 prepter
1341 4167 1512 4237 ipsos,
1544 4167 1637 4222 sed
1666 4178 1886 4237 propter
1918 4166 2088 4220 zelum

503 4274 681 4320 suum,
711 4261 765 4312 in
817 4258 1070 4327 indignos
1112 4259 1187 4313 ita
1230 4274 1289 4314 se
1317 4259 1643 4313 clementem
1681 4260 1996 4329 praebuerit,
2029 4266 2088 4312 ut

502 4349 720 4419 populi,
779 4348 1117 4419 ﬁliorumque
1172 4349 1496 4405 nominibus
1543 4348 1767 4405 eosdem
1826 4349 2086 4420 dignatus

502 4443 576 4495 sit
610 4459 623 4495 :
671 4440 726 4493 in
758 4454 921 4509 quos,
959 4449 1221 4511 tanquam
1268 4438 1371 4494 zeli
1427 4440 1609 4513 ipsius.
1644 4448 1699 4493 et
1746 4438 2086 4509 fortitudinis

501 4530 799 4599 participes
856 4530 1091 4600 amplius
1146 4545 1254 4583 non
1286 4528 1419 4593 sint,
1470 4545 1578 4584 non
1612 4538 1870 4599 tanquam
1901 4529 2084 4598 ipsum

500 4622 594 4675 i.|a
632 4621 985 4684 defecissent,
1036 4623 1143 4676 ista
1198 4623 1503 4693 usurpavit.
1565 4621 1691 4677 Zela
1734 4622 1881 4677 enim
1931 4622 2084 4686 olim,

503 4729 628 4767 eum
689 4712 1073 4785 IEgyptiorum
1120 4716 1383 4768 servitute
1417 4722 1821 4785 premerentur,
1864 4721 1949 4769 est
1988 4729 2085 4769 eos

499 4812 867 4875 prosecutus;
896 4806 989 4873 qui
1014 4806 1122 4860 illis
1141 4806 1379 4860 etiamin
1409 4807 1782 4877 captivitatem
1805 4806 2082 4873 abductis,

501 4895 622 4950 zelo
656 4910 855 4965 magno
883 4896 1064 4951 zelare
1102 4912 1162 4951 se
1201 4894 1444 4951 Iudaeam
1491 4906 1544 4951 et
1575 4895 1802 4966 Sionern
1852 4894 2083 4951 allirma-

498 4988 580 5041 vit
632 4989 699 5039 ”.
764 4985 983 5055 Postea,
1038 5001 1163 5042 cum
1224 4988 1293 5043 iis
1344 5003 1423 5053 se,
1468 4986 1561 5057 qui
1595 5002 1717 5042 eam
1771 4988 2073 5055 cepissent,

497 5078 662 5135 irasci
694 5085 925 5135 testatus
1003 5088 1169 5147 esset,
1201 5079 1253 5133 id
1273 5068 1394 5135 ideo
1415 5078 1593 5134 facere
1624 5093 1683 5133 se
1698 5077 1913 5149 adjecit,
1945 5078 2094 5148 quod
2133 5093 2260 5139 eum
2309 5097 2501 5149 parum
2552 5082 2608 5137 in
2643 5096 2740 5137 eos
2775 5083 2947 5136 iratus
2980 5090 3148 5147 esset,
3216 5079 3284 5133 ad
3314 5077 3454 5132 mala
3519 5071 3609 5143 ipsi
3641 5068 3713 5124 ad-

500 5174 784 5239 jecissent.

573 5267 713 5322 Sunt
758 5276 962 5332 tamen,
989 5266 1080 5336 qui
1114 5267 1216 5322 zeli
1247 5268 1491 5333 nomine,
1526 5283 1648 5323 eam
1678 5266 2080 5337 providentiam

503 5366 700 5425 putent
752 5359 1004 5429 intelligi,
1065 5375 1231 5428 quam
1290 5375 1420 5430 erga
1486 5360 1636 5431 ipsos
1685 5359 2074 5414 manilestavit.

505 5449 695 5517 Itaque
722 5449 845 5502 inde
872 5465 1015 5511 esse,
1062 5450 1211 5517 quod
1266 5451 1319 5503 in
1355 5452 1617 5520 populum
1644 5450 1840 5510 iratus,
1872 5444 2074 5513 zelum,

2191 3346 2342 3401 ἄλλοι
2379 3336 2475 3397 τοῦ
2543 3344 2827 3414 προφήτου
2861 3341 3046 3412 μόνου.
3077 3340 3208 3394 Ἀπ’
3255 3337 3523 3407 οὐραγοῦ
3545 3336 3595 3389 δὲ
3617 3350 3724 3402 γνω-

2196 3435 2332 3506 ρίζει
2356 3434 2446 3487 τὸν
2472 3433 2626 3497 Θεὸν,
2659 3433 2757 3502 οὐχ
2795 3431 2871 3495 ὡς
2899 3432 3052 3501 τόπῳ
3107 3429 3571 3501 περικλειόμενον,
3624 3423 3713 3478 ἀλλ’

2190 3527 2266 3590 ὡς
2291 3528 2348 3578 ἐν
2370 3524 2549 3589 ἀξίαις
2590 3523 3009 3594 ἀναπαυόμενον
3043 3525 3165 3587 ταῖς
3203 3524 3315 3577 ἀνω
3342 3522 3638 3592 δυνάμεσιν.
3655 3514 3722 3569 Διὸ

2190 3619 2284 3672 καὶ
2311 3614 2481 3671 οἷκον
2508 3617 2601 3670 καὶ
2632 3618 2849 3685 θρόνον
2898 3616 3049 3685 λέγει
3081 3617 3191 3669 τὸν
3231 3617 3501 3684 οὐρανόν
3528 3629 3540 3642 '
3594 3614 3722 3680 ῆγῡυν

2189 3710 2362 3780 ἀναφέ
2372 3726 2479 3780 ρων
2499 3711 2565 3763 ἐκ
2584 3709 2692 3760 τῶν
2717 3708 2921 3777 γηΐνων
2951 3707 3293 3780 πραγμάτων
3312 3709 3384 3759 τὰ
3414 3705 3522 3759 τῶν
3545 3700 3723 3757 ἀκονόν·

2188 3819 2297 3854 των
2356 3801 2681 3871 φρονήματα
2739 3795 3211 3852 καταπεπτωκότα
3263 3796 3405 3868 πρὸς
3437 3798 3557 3865 γῆν,
3577 3793 3640 3853 ὡς
3675 3789 3723 3841 ἂν

2193 3891 2362 3962 μηδὲν
2395 3893 2645 3960 φρονοῖεν
2689 3890 2819 3961 περὶ
2844 3889 2981 3943 Θεοῦ
3026 3888 3305 3943 ταπεινόν.
3337 3887 3422 3941 Τὰ
3456 3887 3557 3955 γὰρ
3584 3883 3722 3935 πάντα

2192 3984 2456 4054 συνέχων,
2488 3984 2584 4038 καὶ
2606 3983 2908 4054 κυδερνῶν,
2954 3981 3385 4052 γνωρισθείτι·ἆν
3430 3980 3635 4038 εἰκότως
3671 3969 3722 4034 ἐξ

2189 4074 2472 4143 οὐρανοῦ.
2532 4073 3049 4144 ’Υπομιμνήσκουσι
3073 4073 3130 4125 δὲ
3156 4073 3246 4126 τὸν
3275 4072 3432 4137 Θεὸν,
3462 4069 3534 4132 ὡς
3564 4063 3721 4125 πολλά·

2189 4182 2277 4229 κις
2306 4167 2367 4219 οὐ
2386 4165 2456 4220 δι’
2489 4166 2708 4231 αὐτοὺς,
2732 4166 2819 4218 διὰ
2837 4166 2895 4219 δὲ
2919 4165 3010 4218 τὸν
3031 4165 3163 4218 ἴδιον
3190 4163 3396 4230 ζῆλον,
3433 4162 3607 4231 γέγονε
3623 4153 3721 4224 περὶ

2187 4258 2410 4323 τούτους
2449 4258 2833 4329 φιλάνθρωπος
2859 4258 3109 4323 ἀναξίους
3157 4257 3521 4326 ὑπάρχοντας,
3543 4253 3610 4314 ὡς
3650 4246 3720 4299 ναὶ

2189 4349 2534 4415 καταξιώσας
2573 4351 2769 4415 εἰπεῖν,
2814 4348 2868 4400 '0
2905 4347 3057 4414 λαός
3086 4365 3188 4418 μου
3221 4346 3422 4403 τέχνα.
3466 4346 3547 4407 Ὦς
3569 4342 3618 4394 δὲ
3639 4353 3719 4407 Μ’

2189 4444 2305 4497 κέτι
2329 4442 2649 4512 μετέχοντες
2684 4441 2789 4495 τοῦ
2820 4440 3024 4508 ζῆλον,
3057 4440 3151 4493 καὶ
3200 4439 3311 4507 τῆς
3335 4438 3543 4506 ἰσχύος
3568 4427 3715 4487 αὐτοῦ.

2187 4533 2362 4587 ταῦτα
2402 4549 2589 4602 φασιν,
2647 4533 2747 4601 οὐχ
2770 4532 2845 4595 ὡς
2876 4531 3103 4585 ἐκείνων
3147 4530 3555 4584 ἐκλελοιπότων.
3587 4519 3711 4582 ἘΜ-

2121 4605 2165 4660 D
2192 4627 2307 4677 λου
2338 4622 2446 4694 γάρ
2496 4624 2664 4678 παλαι
2695 4623 3049 4685 δουλεύοντας
3101 4621 3443 4689 Δίγυπτίοις,
3478 4610 3715 4687 αἱχμαλιὲν

2192 4733 2300 4770 των
2328 4732 2388 4768 τε
2410 4716 2712 4785 γεγονότων
2739 4715 2998 4785 ἔφασκεν
3048 4712 3330 4784 Ἐζήλωκα
3357 4712 3457 4781 τὴν
3498 4710 3716 4776 Ἰερουσα-

2190 4807 2302 4879 λὴμ
2360 4809 2453 4861 καὶ
2496 4805 2597 4876 τὴν
2654 4807 2791 4861 Σιὼν
2815 4807 2975 4877 ζῆλον
3002 4807 3196 4876 μέγαν.
3265 4801 3398 4857 Εἶτα
3443 4803 3549 4863 τοῖς
3572 4792 3712 4849 ἑλοῦσι

2190 4899 2368 4968 φήσας
2390 4897 2728 4967 ὀργίζεσθαι.
2761 4898 2959 4966 ὲπάγει
2984 4903 3001 4920 ⁸
3030 4897 3174 4950 ‘Av0‘
3208 4893 3285 4949 ὧν
3313 4893 3424 4962 ἐγὼ
3455 4891 3549 4962 μὲν
3576 4880 3708 4955 ὠργί-

2187 4988 2321 5060 σθην
2350 4990 2530 5058 ὀλίγα,
2565 4990 2720 5042 αὐτοὶ
2750 4989 2806 5042 δὲ
2828 4988 3185 5043 συνεπέθεντο
3211 4989 3291 5049 εἰς
3313 4983 3479 5040 κακά.
3499 4989 3511 5000 ’

2262 5263 2420 5326 Τινὲς
2444 5261 2497 5317 δὲ
2523 5261 2706 5328 ζῆλον
2739 5261 2837 5330 τὴν
2862 5261 2943 5323 εἰς
2976 5258 3175 5319 αὐτοὺς
3208 5254 3454 5319 ἐδέξαντο
3478 5249 3706 5320 πρόνοιαν.
3806 5302 3811 5315 ἱ
3836 5238 3841 5330 ll

2186 5354 2489 5425 Τοιγαροῦν
2549 5352 2902 5420 ὀργιζόμενος
2949 5348 3026 5418 τῷ
3078 5347 3194 5417 λαῷ
3248 5346 3415 5412 λέγει·
3468 5339 3600 5411 Ἀρῶ

2183 5443 2345 5513 ζῆλόν
2368 5423 2477 5514 μου
2518 5443 2626 5496 ἀπὸ
2646 5441 2763 5504 σοῦ,
2791 5440 2936 5493 τοῦτ’
2959 5439 3096 5500 ἔστι,
3123 5438 3223 5506 τὴν
3244 5432 3581 5506 κηδεμονίαν.
3610 5423 3706 5481 Οὐδὲ

507 5539 561 5595 id
591 5546 674 5591 est
705 5552 895 5591 curant
926 5546 981 5593 et
1007 5539 1463 5606 sollicitudinem,
1495 5541 1563 5594 ab
1593 5555 1657 5593 eo
1687 5556 1747 5595 se
1774 5540 2084 5595 ablaturum

2195 5535 2284 5605 Γάρ
2311 5535 2560 5603 Ἀδραὰμ
2596 5529 2675 5603 ἦν
2738 5531 2935 5600 πατὴρ
2974 5528 3165 5599 ἡμῶν,
3202 5529 3250 5581 εἰ
3305 5526 3397 5579 καὶ
3424 5526 3486 5594 τῇ
3530 5530 3697 5606 γενέσει

505 5626 664 5684 dixit.
706 5624 892 5695 Neque
928 5626 1075 5681 enim
1110 5627 1406 5695 Abraham,
1442 5603 1697 5699 quamvis
1718 5630 2087 5700 generationis

2195 5603 2265 5695 itq
2279 5628 2568 5697 κονήσατο.
2605 5625 2678 5677 Σὺ
2704 5623 2762 5678 δὲ
2787 5626 2816 5677 ὁ
2841 5625 2904 5676 ὲκ
2927 5623 3002 5693 μὴ
3042 5622 3213 5676 ὄντων
3264 5613 3606 5688 παραγαγὼν,
3634 5603 3702 5661 καὶ

600 5803 644 5834 ³⁸
687 5802 840 5857 Deut.
877 5818 1045 5874 xx'sn,
1081 5801 1161 5854 1‘2.
1239 5802 1284 5833 "
1320 5799 1462 5856 Psal.
1504 5816 1612 5867 ενι,
1666 5802 1757 5856 20.
1813 5805 1856 5835 9°
1893 5802 2068 5860 Exod.
2097 5818 2205 5870 xw,
2249 5802 2337 5856 22.
2418 5803 2457 5833 9’
2507 5800 2649 5856 Psal.
2696 5814 2901 5866 Lxxvn,
2938 5799 3025 5854 5'2.
3068 5802 3112 5831 "
3157 5796 3381 5854 Zachar.
3416 5807 3453 5857 ι,
3487 5790 3560 5844 ll.
3788 5790 3799 5829 ί
