3976 6210
262 386 267 391 '
330 366 463 430 9077

1451 326 1984 431 censimum
2012 366 2091 428 1N
2128 360 2412 426 ISAIAM.

3443 349 3584 411 Eii?

330 476 536 544 Πατὴρ
568 474 784 529 πάντων
810 474 1159 546 πνευμάτων,
1195 477 1288 532 καὶ
1313 478 1422 531 τῶν
1448 481 1569 532 κατ’
1597 480 1781 533 εἰκόνα
1809 479 1909 549 τὴν

2032 476 2285 539 ninister,
2343 485 2494 542 pater
2544 477 2724 523 noster
2772 462 2896 536 fuit,
2922 464 3017 521 sed
3056 469 3136 528 tu,
3167 460 3261 531 qui
3313 459 3378 513 de
3411 458 3586 511 nihilo

330 569 430 640 σήν
478 567 865 636 πεποιημένων
907 566 1115 637 ψυχῶν.
1160 567 1398 631 Ἐκεῖνος
1454 570 1565 640 γὰρ
1594 572 1642 622 εί
1670 573 1763 623 καὶ
1807 571 1906 639 τὴν

330 656 664 728 ἐπαγγελίαν
692 658 932 729 εἴληφεν,
972 658 1085 713 ἀλλ’
1111 662 1263 730 ήμᾶς
1317 661 1378 713 οὐ
1429 660 1705 714 τεθέαται.
1739 660 1903 714 Ὅθεν

332 751 554 821 ἐλέησον
609 750 782 821 ήμᾶς,
816 748 909 820 οθς
940 749 1007 803 τὸ
1048 750 1167 804 σὸν
1213 750 1403 820 ὄνομα
1433 753 1649 820 κοσμεῖ.
1673 748 1908 818 κλῆρος

329 842 438 909 γάρ
458 841 576 893 στου
614 839 780 910 κεκλή
790 839 951 909 μεθα.
971 839 1060 908 Τῷ
1091 840 1169 911 σῷ
1191 841 1373 894 τοίνυν
1392 842 1638 913 ὀνόματι
1662 841 1905 911 χάρισαι,

330 933 406 995 ὡς
430 930 597 1002 ἂνμὴ
623 931 1013 1003 βλασφημῆται
1040 931 1192 1001 παρὰ
1222 935 1333 995 τοῖς
1370 930 1601 987 ἔθνεσιν.
1642 930 1828 985 Ταῦτα
1851 931 1911 994 ἐξ

329 1024 531 1076 οξκείου
571 1020 883 1093 προσώπου,
930 1022 1025 1076 καὶ
1070 1023 1180 1076 τῶν
1222 1022 1629 1093 εὐλαϐεστέρων
1662 1020 1833 1076 εἰπὼν
1880 1021 1910 1073 ό

333 1114 640 1184 προφήτης,
673 1113 883 1181 είσάγει
930 1114 1057 1175 τοὺς
1092 1114 1150 1167 ἐν
1175 1112 1251 1184 τῷ
1286 1113 1400 1183 λαῷ
1451 1113 1752 1183 φιλαιτίους
1809 1112 1911 1165 οὐκ

331 1203 621 1267 ὀκνοῦντας
678 1204 827 1273 αὐτῷ
867 1203 1129 1269 πολλάκις
1177 1204 1636 1276 καταμέμφεσθαι
1685 1203 1764 1274 τῷ
1791 1202 1911 1273 Θεῷ

332 1295 591 1362 λέγοντας
626 1309 641 1324 ·
681 1293 742 1347 Τί
768 1291 1127 1360 ἐπλάνησας
1169 1291 1348 1361 ἡμᾶς.
1407 1292 1608 1359 Κύριε,
1638 1289 1758 1345 ἀπὸ
1798 1288 1912 1356 τῆς

334 1384 479 1438 ὀδοῦ
532 1398 692 1448 σου;
743 1381 820 1447 ὡς
869 1381 1139 1436 awaer
1191 1381 1291 1450 τῆς
1337 1379 1685 1447 ἐκπτώσεως,
1719 1380 1785 1451 ἣν
1825 1380 1913 1432 διὰ

335 1475 569 1547 Χριστὸν
602 1475 926 1544 ὑπέμειναν,
951 1472 1289 1542 αἰτιώμενοι,
1321 1470 1468 1525 κατὰ
1497 1471 1623 1533 τοὺς
1655 1470 1914 1538 λέγοντας

334 1567 442 1621 ἀπὸ
488 1566 581 1620 τοῦ
644 1566 774 1621 λαοῦ
817 1564 1020 1629 παντὸς
1047 1565 1140 1617 τὸν
1177 1564 1340 1632 λόγον
1397 1561 1675 1634 είρῆσθαι”
1746 1562 1913 1632 ἤγουν

333 1660 441 1713 ἀπὸ
501 1658 594 1713 τοῦ
645 1658 948 1729 προφήτου,
993 1656 1053 1720 ὃς
1085 1658 1285 1722 πάντα,
1313 1656 1497 1725 φασὶν,
1519 1655 1610 1707 ἐπὶ
1637 1653 1729 1708 τὸν
1780 1652 1914 1706 Θεὸν

334 1752 621 1822 ἀναφέρει,
675 1751 774 1819 οὐχ
838 1749 914 1812 ὡς
954 1748 1048 1802 τοῦ
1082 1748 1419 1820 ἁμαρτάνειν
1449 1748 1644 1811 αἴτιον,
1670 1745 1787 1800 ἀλλ’
1837 1744 1914 1808 ὡς

335 1812 719 1913 συγχωροῧντα
741 1812 774 1873 ’ί
799 1840 867 1894 δι’
892 1832 968 1895 ὧν
984 1841 1043 1894 οὐ
1085 1812 1433 1912 παραχρῆμα
1460 1839 1617 1909 δίκην
1651 1836 1914 1909 είσπράτ-
1946 1812 1989 1867 Β

333 1951 505 1987 τεται.
567 1932 753 1997 Οὕτως
799 1931 1209 2003 ἁμαρτάνοντες
1269 1929 1589 1999 πεπρᾶσθαι
1645 1928 1917 1999 λεγόμεθα

333 2021 465 2093 παρ’
504 2018 691 2085 αὑτοῦ,
740 2020 816 2085 ὡς
837 2023 960 2084 ταῖς
1002 2019 1159 2082 ιδίαις
1201 2018 1501 2089 ἁμαρτίαις
1557 2016 1916 2086 ἐκδεδομένοι.

336 2112 427 2165 Διὸ
452 2111 547 2166 καὶ
573 2110 665 2165 τοῦ
684 2110 885 2182 Φαραὼ
921 2100 1227 2181 σκληρῢναι
1281 2109 1502 2178 λέγεται
1545 2108 1644 2177 τὴν
1667 2107 1917 2179 καρδίαν,

334 2202 493 2273 διότι.
528 2202 920 2274 μακροθυμῶν,
968 2202 1069 2256 οὐκ
1111 2202 1219 2256 ἀπὸ
1270 2199 1496 2272 πρώτης
1548 2200 1713 2255 αὐτὸν
1743 2199 1919 2253 ἀνεῖλε

338 2293 578 2365 πληγῆς,
607 2293 682 2357 ὡς
708 2293 774 2347 ἂν
796 2292 1057 2356 πολλάκις
1076 2292 1400 2362 παιομένου,
1433 2291 1527 2344 καὶ
1561 2289 1637 2360 μὴ
1662 2289 1921 2359 ἐπιστρέ-

339 2400 551 2452 φοντος,
586 2382 830 2446 ἀναίτιος
869 2381 1056 2451 δειχθῇ
1085 2378 1185 2450 τὴν
1220 2379 1459 2449 ἐσχάτην
1498 2379 1721 2446 ἐπάγων
1781 2377 1920 2447 πλη-

338 2478 461 2546 γήν,
484 2478 555 2530 Σὺ
576 2477 620 2529 δ’
652 2473 766 2543 οὖν,
788 2480 816 2531 ὁ
832 2476 986 2541 Θεὸς,
1007 2484 1037 2512 υ
1058 2474 1159 2529 διὰ
1184 2473 1327 2541 τοὺς
1348 2472 1613 2537 δούλους
1637 2487 1781 2526 σου’
1823 2470 1920 2524 καὶ

336 2569 445 2640 γὰρ
496 2569 643 2632 είκὸς
695 2558 834 2623 εἷνα⁶ί
895 2584 1048 2631 τινας
1112 2567 1170 2620 ἐν
1229 2565 1309 2636 τῷ
1368 2564 1561 2636 πλήθει
1622 2562 1917 2626 τοιούτους

336 2662 503 2729 ἤγουν
536 2660 636 2715 διὰ
671 2661 797 2723 τοὺς
864 2657 1009 2713 κατὰ
1037 2656 1232 2726 γενεάν
1284 2653 1759 2731 εὐαρεστήσαντάς
1809 2668 1918 2705 σοι’

337 2752 505 2822 ᾕγουν
536 2752 725 2823 ἐπειδὴ
757 2750 905 2815 ἅπαξ
976 2750 1294 2820 ἐφθάσαμεν
1321 2746 1543 2815 κλῆρος
1562 2744 1921 2816 ὀνομάζεσθαι

342 2846 455 2908 σὸς,
486 2846 535 2897 εἰ
586 2844 680 2897 καὶ
732 2842 806 2913 μὴ
835 2843 902 2895 δι’
925 2841 1237 2904 εὐπειθείας
1262 2839 1660 2907 δουλεύομεν.
1701 2837 1821 2890 Ἔτι
1865 2836 1922 2888 δέ

342 2935 436 2988 καὶ
456 2935 554 2988 διὰ
590 2934 697 3000 τὰς
735 2931 934 3002 φυλὰς
964 2931 1074 3000 τῆς
1100 2932 1505 3000 κληρονομίας
1526 2944 1665 2992 σου,
1691 2928 1830 2997 ὅπερ
1846 2927 1923 2989 είς

342 3026 538 3079 ταύτὸν
559 3024 747 3078 τείνει.
781 3026 986 3092 Ἦγουν
1013 3023 1139 3086 τοὺς
1168 3023 1290 3076 κατ’
1331 3016 1473 3084 εῑδος
1493 3016 1924 3090 εὐαρεστοῦντάς

2014 567 2350 638 producens,
2386 578 2495 617 non
2519 561 2681 616 modo
2717 560 3009 630 spirituum
3042 555 3285 609 omnium
3319 550 3479 604 Pater
3506 566 3584 610 es,

2011 663 2105 715 sed
2144 657 2455 711 animarum
2488 653 2679 715 etiam,
2710 667 2830 720 ιιιιω
2860 658 2990 703 sunt
3018 648 3085 702 ad
3116 645 3411 713 imaginem
3437 650 3588 697 tuam

2009 754 2337 822 procreatae.
2365 746 2450 800 llli
2491 744 2640 800 enim
2690 743 2791 796 etsi
2829 740 3127 812 promissio
3175 737 3319 791 facta
3351 741 3456 800 est,
3489 748 3591 788 nos

2011 847 2191 893 tamen
2220 836 2365 891 haud
2395 826 2547 890 vidit.
2587 833 2768 887 Nostri
2799 832 2987 903 igitur,
3023 829 3274 893 obsecro,
3306 826 3591 884 miserere.

2011 943 2150 999 quos
2205 941 2390 980 nomen
2440 933 2589 978 tuum
2646 928 2901 978 exornat.
2966 917 3267 973 ﬂwreditas
3314 914 3459 968 enim
3500 923 3593 965 tua

2013 1033 2417 1089 nuncupamur.
2459 1014 2516 1071 ιιι
2570 1030 2703 1085 ergo
2760 1012 2967 1067 nomini
3004 1017 3094 1064 tuo
3129 1007 3331 1079 largire
3363 1013 3423 1060 ut
3451 1004 3590 1073 apud

2016 1121 2210 1181 gentes
2252 1125 2362 1164 non
2392 1107 2827 1177 blasphematur.
2871 1103 3004 1168 Quae
3033 1115 3158 1154 cum
3192 1113 3221 1152 a
3249 1114 3348 1155 sua
3381 1106 3434 1151 et
3465 1095 3595 1151 reii-

2015 1199 2290 1269 giosorum
2322 1211 2559 1265 persona
2608 1201 2933 1263 usurpasset
2970 1191 3133 1261 73o
3167 1187 3455 1259 propheta,
3500 1200 3598 1238 eos

2010 1293 2146 1359 jam,
2175 1289 2269 1358 qui
2296 1289 2363 1342 de
2401 1286 2605 1358 pepqu
2632 1282 3089 1339 accusationibus
3121 1280 3424 1351 gaudentes
3454 1292 3597 1342 δίιερε

2016 1378 2188 1433 Deum
2220 1392 2452 1449 arguere
2485 1389 2594 1431 non
2624 1374 2968 1434 dubitarent,
3002 1388 3035 1424 a
3071 1369 3296 1423 Domino
3324 1365 3597 1435 postular-

2019 1469 2171 1533 l'acit,
2203 1483 2366 1537 quare
2389 1482 2444 1521 se
2474 1483 2505 1519 a
2529 1470 2616 1519 ria
2646 1464 2761 1534 ejus
2790 1478 2969 1517 errare
2994 1461 3223 1530 fecisset,
3250 1464 3310 1511 ut
3339 1456 3405 1508 ad
3444 1456 3595 1506 illum

2017 1559 2345 1617 calamitatis
2396 1558 2543 1628 ejus,
2597 1570 2764 1627 quam
2822 1562 3045 1625 prepter
3102 1550 3388 1608 Christum
3450 1548 3597 1615 passi

2018 1661 2186 1716 sunt,
2229 1651 2636 1707 accusationem
2682 1664 2749 1705 ex
2785 1661 2977 1704 eorum
3019 1643 3289 1701 sententia
3336 1639 3597 1701 referant,

2017 1749 2110 1818 qui
2142 1748 2326 1818 populi
2365 1748 2533 1801 totius
2564 1760 2871 1802 sermonem
2908 1758 3031 1799 esse
3064 1743 3289 1806 volunt;
3320 1750 3415 1793 aut
3448 1745 3598 1793 certe

2020 1839 2325 1911 prephetas,
2385 1853 2416 1891 a
2470 1852 2581 1908 quo
2642 1836 2709 1891 ad
2749 1837 2918 1891 Deum
2953 1836 3160 1898 omnia,
3194 1847 3305 1885 non
3340 1839 3602 1899 tanquam

2019 1932 2284 2002 peccandi
2319 1938 2510 1985 auctor
2537 1930 2630 1993 sit,
2684 1929 2779 1985 sed
2814 1936 3074 1997 tanquam
3108 1940 3339 1996 peccare
3374 1921 3605 1991 permit-

2020 2031 2118 2088 tat,
2151 2022 2345 2078 referri
2380 2022 2556 2086 aiunt,
2589 2021 2791 2091 quibus
2816 2018 3072 2080 efﬁcitur,
3115 2025 3174 2070 ut
3213 2029 3402 2086 punias
3421 2012 3606 2067 statitn

2020 2128 2132 2168 non
2155 2119 2437 2182 exposcat.
2474 2110 2597 2166 Non
2629 2110 2732 2165 alia
2763 2110 2976 2165 ratione
3008 2123 3133 2163 cum
3188 2102 3506 2176 peccamus;
3542 2104 3610 2156 ah

2019 2205 2213 2261 eodem
2245 2186 2547 2260 venundati
2574 2204 2847 2269 dicimur;
2878 2210 3140 2271 tanquam
3177 2198 3421 2269 peccatis
3476 2210 3608 2248 nos-

2020 2298 2122 2352 tris
2171 2295 2462 2351 dedamur.
2524 2295 2656 2351 inde
2714 2304 2771 2351 et
2831 2309 2929 2348 cor
2971 2291 3299 2347 Pharaonis.
3324 2290 3611 2342 indnrnsse

2022 2385 2222 2459 legitur
2253 2387 2321 2453 ’³,
2348 2386 2611 2456 quoniam
2659 2386 2856 2439 leniter
2887 2385 2941 2437 in
2976 2399 3100 2438 eum
3140 2397 3199 2437 se
3248 2395 3466 2449 gerens,
3500 2394 3609 2429 non

2021 2481 2196 2550 prima
2243 2481 2430 2535 statim
2488 2478 2669 2548 ipsum
2720 2478 2881 2547 plaga
2913 2475 3176 2539 sustulit;
3211 2482 3270 2527 ut
3299 2487 3425 2528 cum
3467 2485 3610 2536 sirpe

2022 2572 2195 2641 tangi,
2220 2587 2323 2628 nec
2356 2571 2691 2640 resipiscere
2724 2567 3077 2623 manifestum
3108 2575 3278 2628 esset,
3306 2572 3608 2618 extremam

2022 2660 2237 2731 plagam
2270 2676 2377 2715 non
2407 2661 2612 2730 injuria
2662 2667 2947 2715 constaret
2986 2657 3259 2728 inﬂigere.
3294 2654 3611 2709 Convertere

2022 2750 2209 2820 igitur,
2239 2766 2273 2806 ο
2302 2749 2465 2816 Deus,
2494 2759 2707 2819 propter
2727 2765 2904 2804 servos
2943 2759 3102 2813 tuos;
3142 2744 3456 2816 cuiusmodi
3490 2759 3614 2797 esse

2023 2841 2239 2910 aliquos
2272 2840 2325 2895 in
2366 2841 2470 2895 hac
2503 2840 2809 2910 frequentia
2848 2856 2957 2895 non
3003 2847 3087 2894 est
3145 2838 3560 2893 dissentaneum
3597 2853 3610 2887 :

2023 2932 2106 2987 vel
2137 2940 2351 3001 propter
2375 2947 2495 2997 eos,
2522 2934 2616 3003 qui
2664 2931 2968 2988 secundum
3002 2937 3217 2985 aetatem
3262 2929 3358 2983 tibi
3397 2929 3616 2998 placue—

2023 3030 2189 3091 runt;
2222 3022 2305 3079 vel
2334 3023 2501 3078 etiam
2525 3063 2542 3090 ,
2580 3024 2710 3094 quia
2756 3022 2869 3093 jam
2919 3021 3013 3077 diu
3049 3032 3199 3078 certe
3251 3019 3613 3074 Iiwredimtem

347 3128 428 3163 σοι
471 3110 846 3178 ἐπίστρεψον
907 3111 1075 3180 ἡμᾶς,
1142 3108 1231 3162 ἵνα
1278 3109 1552 3179 προφάσει
1592 3107 1704 3159 τῶν
1754 3106 1922 3172 ἀξίων

2031 3127 2174 3169 tuam
2203 3115 2390 3169 vocari
2426 3130 2527 3171 nos
2571 3116 2823 3185 contigit,
2864 3114 3118 3185 quamvis
3167 3112 3616 3181 obtemperantes

343 3200 656 3272 δυνηθῶμεν
680 3199 775 3253 καὶ
796 3202 961 3271 ἡμεῖς
983 3197 1204 3269 μικρᾶς
1262 3199 1482 3270 μερίδος
1526 3200 1709 3268 τυχεῖν
1743 3198 1801 3250 ἐν
1842 3197 1924 3266 τῷ

345 3291 739 3362 ἐπηγγελμένῳ
762 3293 865 3345 ὑπὸ
893 3290 989 3344 σοῦ
1029 3293 1151 3360 ὄρει
1173 3289 1336 3361 ἁγίῳ.
1371 3290 1527 3343 Φίλον
1550 3289 1606 3342 δέ
1639 3291 1705 3359 τῇ
1731 3290 1925 3360 Γραφῇ

238 3392 245 3395 ·
348 3383 486 3450 ὄρος
543 3382 714 3450 ἅγιον
744 3382 843 3453 τὴν
902 3381 1233 3452 Ἐκκλησίαν
1290 3382 1500 3446 καλεῖν,
1539 3375 1606 3453 ἦς
1656 3381 1924 3449 γεγόνασι

340 3476 546 3547 βραχύ
576 3492 630 3528 τι
663 3475 829 3547 μέρος
853 3477 903 3528 oi
936 3475 998 3540 ἐξ
1064 3474 1299 3546 Ἰσραὴλ,
1348 3474 1435 3527 διὰ
1464 3474 1525 3527 τὸ
1557 3473 1927 3544 κατάλειμμα,

347 3566 440 3619 τοῦ
467 3565 526 3631 ἐξ
553 3565 720 3620 ἐθνῶν
765 3568 995 3636 ἀπείρου
1039 3564 1279 3636 πλήθους
1327 3563 1925 3627 πιστεύσαντος.Είκδς

348 3657 404 3709 δὲ
440 3657 640 3721 αὐτοὺς
662 3658 836 3711 αἰτεῖν
885 3658 979 3712 καὶ
1020 3659 1077 3710 ἐν
1107 3658 1174 3727 τῇ
1196 3656 1312 3710 ἄνω
1337 3654 1491 3709 πόλει
1537 3653 1709 3727 βραχύ
1749 3671 1802 3707 τι
1835 3653 1934 3722 μέ-

351 3765 445 3818 ρος
476 3748 899 3819 κληρονομεῖν.

2034 3209 2169 3263 servi
2198 3225 2309 3263 non
2336 3210 2532 3266 simus.
2565 3210 2645 3265 Ad
2677 3211 2781 3264 hoc
2812 3215 2865 3263 et
2897 3217 3112 3278 propter
3138 3206 3305 3260 tribus
3337 3202 3618 3260 [neredita-

2035 3305 2103 3358 tis
2152 3314 2294 3367 tum;
2333 3301 2480 3373 quod
2512 3300 2711 3356 eodem
2768 3310 3022 3370 spectare
3054 3296 3356 3368 putandum
3386 3304 3490 3350 est.
3525 3291 3617 3347 Vel

2036 3408 2139 3447 nos
2167 3392 2424 3463 denique,
2459 3390 2551 3461 qui
2604 3389 2701 3443 tibi
2731 3388 2916 3459 specie
2946 3396 3108 3447 tenus
3158 3387 3463 3457 placemus,
3500 3384 3618 3452 ipse

2038 3496 2278 3539 converte
2293 3499 2314 3549 ,'
2342 3491 2400 3538 ut
2421 3489 2476 3538 et
2497 3496 2690 3538 eorum
2723 3480 2815 3550 qui
2846 3480 3007 3549 digni
3023 3486 3171 3543 sunt,
3198 3478 3383 3532 habita
3408 3476 3622 3529 ratione

2038 3571 2288 3641 exiguam
2323 3578 2534 3640 partem
2596 3568 2792 3622 montis
2847 3583 2876 3621 a
2929 3576 2983 3622 te
3040 3566 3300 3637 promissi
3339 3562 3622 3634 possidere

2040 3662 2346 3717 valeamus.
2412 3661 2525 3717 Est-
2568 3675 2703 3715 vero
2765 3659 3063 3729 Scriptura
3121 3658 3387 3713 usitatum
3448 3652 3622 3708 sancti

2046 3751 2238 3804 montis
2292 3750 2661 3821 appellatione
2701 3749 3008 3804 Ecclesiani
3065 3748 3409 3818 signiﬁcare;
3462 3744 3622 3813 cujus

349 3841 544 3910 exigua
594 3854 744 3909 pars,
776 3848 1002 3910 preptcr
1045 3837 1331 3907 reliquias,
1362 3835 1460 3906 ip’si
1508 3833 1730 3890 fuerunt
1762 3834 2071 3894 israelitas:
2141 3855 2266 3896 eum
2295 3841 2561 3912 gentium,
2586 3840 2681 3911 qui
2736 3838 3115 3902 crediderunt,
3171 3838 3421 3893 inﬁnitus
3476 3843 3625 3893 esset

352 3947 642 3986 numerus.
691 3930 788 3989 Est
820 3942 1085 4002 przrlcrea
1129 3946 1238 3985 non
1274 3927 1599 3992 absurdum,
1635 3943 1752 3993 eos,
1783 3937 1842 3983 ut
1892 3928 1976 4015 'in
2048 3947 2288 4005 superna
2342 3933 2567 3990 civitate
2624 3932 2951 4004 particulam
3000 3932 3238 4002 aliquam
3291 3931 3621 4000 possideant,

352 4027 658 4095 postulare.

422 4118 582 4181 Τινές
613 4117 671 4169 δέ
701 4133 885 4185 φασιν,
922 4117 1035 4170 τῶν
1074 4116 1416 4185 Ἀσσυρίων
1460 4116 1560 4187 τὴν
1626 4116 1728 4187 γῆν
1755 4115 1939 4169 αὐτῶν

357 4210 688 4282 ἐσχηκότων,
720 4209 1147 4263 ἀντοικισάντων
1167 4227 1228 4262 τε
1259 4209 1390 4272 τοὺς
1423 4208 1765 4274 Γοθοαίους
1797 4216 1849 4271 ν,
1886 4209 1936 4262 οἳ

358 4304 451 4357 καὶ
481 4304 819 4374 Σαμαρεῖται
840 4302 918 4373 τῷ
942 4304 1093 4373 τόπῳ
1126 4301 1662 4374 παρωνομάσθησαν,
1696 4302 1938 4374 περιλει-

357 4394 556 4465 φθῆναι
587 4394 679 4448 δύο
696 4395 869 4465 ἥμισυ
904 4394 1066 4465 μόνον
1095 4394 1319 4464 φυλὰς,
1356 4394 1412 4448 αἳ
1435 4393 1640 4463 ,βραχύ
1672 4411 1731 4446 τι
1755 4394 1940 4462 μέρος

357 4485 632 4555 κατεῖχον.
683 4483 742 4537 '0
764 4484 1053 4555 προφήτης
1083 4492 1109 4520 ι
1148 4486 1290 4537 αίτεί
1340 4484 1477 4554 ὅπερ
1510 4485 1653 4553 ἔχειν
1698 4483 1939 4547 ἐδόκουν,

358 4574 541 4638 αὐτοῖς
574 4573 914 4645 φυλαχθῆναι
945 4574 1077 4644 πρὸς
1110 4575 1334 4645 μνήμην
1358 4574 1460 4643 τῆς
1512 4573 1582 4637 ἐξ
1638 4571 1831 4641 ἀρχῆς
1861 4574 1941 4638 εἰς

357 4666 419 4719 τὸ
443 4666 602 4735 γένος
627 4664 806 4720 αὐτῶν
831 4665 1142 4735 εὐμενείας,
1194 4662 1377 4739 ἦσπερ
1428 4665 1713 4736 ἀρθείσης,
1739 4664 1814 4725 ὡς
1866 4664 1942 4736 μὴ

358 4758 486 4821 λαὸς
538 4757 777 4828 ἐσόμεθα
825 4756 935 4823 σδς,
964 4756 1099 4826 μηδὲ
1142 4758 1300 4828 μερίς
1355 4774 1449 4810 σου
1477 4756 1940 4827 χρηματίσαντες,

360 4849 529 4918 ήγουν
561 4848 643 4912 ὠς
670 4848 739 4900 τὸ
770 4846 871 4901 ἀπ’
930 4847 1150 4917 ἀρχῆς,
1203 4848 1294 4901 ὅτε
1318 4846 1419 4923 τὴν
1451 4848 1510 4899 ἐν
1536 4846 1800 4916 Αἰγύπτῳ
1826 4846 1943 4900 δια-

359 4940 552 5011 τριϐὴν
596 4938 949 5010 ἐποιούμεθα,
1014 4941 1073 4993 οὐ
1102 4930 1431 5012 προφήτας,
1467 4939 1569 5009 οὐχ
1622 4938 1825 5008 ἱερέας,
1886 4941 1944 4992 οὐ

363 5031 603 5101 βασιλεῖς
624 5034 942 5104 ἐσχηκότες,
986 5036 1107 5091 οὑδέ
1165 5036 1275 5091 τῶν
1314 5037 1423 5090 σῶν
1476 5036 1836 5107 χαρισμάτων
1851 5034 1945 5088 οὐ·

362 5122 471 5186 δέν,
502 5123 634 5193 πρὶν
702 5126 835 5196 ἡμῖν
862 5129 1234 5200 ἀποσταλῆναι
1266 5129 1357 5182 τὸν
1405 5128 1630 5183 Μωσέα.
1657 5124 1805 5203 Τότε.
1838 5128 1947 5199 γὰρ

364 5214 466 5267 οὐκ
497 5214 803 5286 ἐλεγόμεθα
830 5218 935 5273 σοί.
967 5221 1078 5274 Καὶ
1105 5219 1202 5275 νῦν
1222 5220 1280 5274 δέ
1313 5221 1395 5284 είς
1430 5221 1515 5274 ,τὸ
1574 5220 1706 5273 αὐτὸ
1757 5219 1946 5291 περιέ-

369 5324 572 5377 στημεν
601 5308 778 5375 τέλος,
804 5311 907 5364 ὑπὸ
948 5312 1115 5378 πόδας
1135 5313 1392 5376 πεσόντες
1421 5312 1548 5376 τοὺς
1588 5311 1946 5374 διαϐο).ικοῦς.

369 5400 460 5453 καὶ
489 5405 786 5473 κοσμικαῖς
847 5404 1160 5470 ἐκδοθέντες
1206 5404 1543 5475 ἐπιθυμίαις.
1604 5401 1819 5467 Ταύτας
1843 5402 1952 5473 γὰρ

437 5576 484 5608 ⁸⁸
521 5575 695 5633 Exod.
730 5594 803 5643 tv,
833 5579 923 5633 2i.

2116 4118 2304 4175 Placet
2330 4134 2549 4189 quoque
2575 4119 2881 4184 nonnullis,
2915 4133 3038 4174 cum
3074 4133 3262 4174 eorum
3295 4127 3495 4173 terram
3521 4121 3624 4174 As-

2043 4212 2178 4282 syrii
2213 4220 2604 4282 occupassent,
2635 4208 3015 4282 Chuthieisque
3054 4209 3169 4283 (qui
3204 4211 3367 4265 etiam
3415 4210 3482 4265 de
3519 4211 3626 4266 loci

2045 4303 2268 4358 nomine
2313 4303 2646 4359 Samaritani
2707 4304 3010 4374 nuncupati
3077 4302 3227 4372 sunt)
3275 4302 3625 4356 habitandam

2046 4392 2365 4460 dedissent;
2400 4395 2543 4451 duas
2577 4378 2795 4450 tantum
2843 4395 3013 4449 tribus
3043 4403 3098 4450 et
3146 4384 3428 4449 dimidiam
3460 4394 3627 4448 relic-

2045 4492 2130 4542 tas
2166 4485 2361 4554 fuisse,
2396 4502 2520 4557 quae
2552 4485 2818 4541 modicam
2864 4487 2986 4557 ejus
3029 4496 3234 4556 partem
3269 4494 3626 4556 occuparent.

2049 4578 2297 4635 Postulat
2327 4578 2500 4650 igitur
2521 4579 2811 4650 propheta,
2849 4588 2909 4634 ut
2954 4594 3120 4650 quam
3166 4579 3267 4649 ipsi
3305 4576 3507 4635 habere
3548 4579 3631 4634 vi-
3712 4642 3722 4653 ο

2048 4670 2267 4735 dentur,
2300 4684 2365 4725 ea
2398 4671 2557 4740 ipsis,
2599 4670 2655 4725 in
2687 4669 2810 4738 ejus
2858 4669 3256 4725 benevolentia!
3288 4670 3633 4727 recordatio-

2049 4778 2199 4829 nem,
2234 4778 2341 4833 qua
2379 4762 2445 4817 ab
2477 4763 2632 4817 initio
2661 4762 2817 4834 73]
2850 4778 3026 4834 genus
3069 4777 3261 4818 eorum
3304 4771 3632 4834 prosecutus

2049 4864 2155 4922 est,
2188 4862 2469 4923 servetur;
2500 4871 2644 4926 quae,
2687 4854 2734 4910 si
2776 4854 3023 4921 tollatur,
3063 4864 3325 4926 tanquam
3373 4871 3483 4911 non
3536 4854 3629 4910 Dei

2054 4947 2314 5017 populus,
2348 4960 2451 5002 nec
2477 4961 2607 5017 pars
2644 4946 2789 5017 ejus,
2851 4946 3021 5007 futuri
3066 4961 3283 5002 sumus.
3341 4946 3451 4999 Aut
3483 4954 3631 4999 certe

2052 5034 2192 5090 velut
2234 5035 2299 5088 ab
2346 5034 2535 5101 initio,
2567 5051 2690 5090 eum
2736 5036 2794 5091 in
2844 5035 3086 5108 Egypto
3117 5048 3485 5097 moraremur,
3522 5047 3630 5088 non

2055 5127 2372 5197 prephctas,
2409 5140 2521 5180 non
2550 5127 2899 5193 sacerdotes,
2940 5143 3049 5182 non
3103 5141 3264 5195 reges
3302 5124 3567 5179 habentes
3612 5140 3625 5177 :

2053 5219 2165 5273 inio
2227 5231 2328 5273 nec
2389 5217 2458 5271 de
2509 5215 2622 5269 tuis
2691 5215 2856 5270 donis
2910 5225 2965 5270 et
3022 5214 3348 5270 muneribus
3375 5212 3628 5283 aliquod,

2053 5311 2378 5380 priusquam
2428 5309 2495 5363 ad
2549 5322 2650 5363 nos
2710 5307 2949 5379 Moysem
2991 5309 3261 5363 mitteres.
3304 5306 3441 5362 Tum
3479 5307 3628 5361 enim

2054 5399 2134 5453 tui
2174 5414 2284 5453 non
2312 5398 2655 5454 dicebantur.
2694 5395 2757 5450 Et
2793 5412 2936 5452 nunc
2961 5397 3127 5453 etiam
3160 5398 3215 5452 in
3250 5398 3391 5453 idem
3415 5396 3632 5452 tandem

1680 5664 1914 5719 Willile
1957 5665 2365 5727 LEiLTlONl‘JS.

442 5772 465 5800 υ
496 5762 553 5817 λ.
591 5764 936 5835 ἐπίστριψον.
994 5774 1015 5799 "
1044 5784 1133 5835 rp.
1165 5766 1481 5829 Χουθαίους.
1564 5777 1589 5806 ι
1623 5766 1765 5820 ,ίείπ
1812 5758 1922 5817 οὖν.
