3976 6210
239 361 379 425 2581

1382 367 1918 431 COMMENTARII
1966 364 2044 426 IN
2087 368 2377 431 ISAIAM.

3376 373 3522 436 2682

236 474 392 541 δόξαν
443 473 666 543 Κυρίου.
704 475 827 539 Τοῖς
875 478 934 530 δὲ
982 478 1355 546 ὑπομένουσί
1391 495 1486 538 σε,
1539 480 1683 531 τοῦτ’
1707 478 1819 531 ἐστι

1925 491 2082 531 cuant
2115 479 2375 533 onmibus
2424 478 2650 548 gloriam
2702 484 2978 552 apparuit,
3020 483 3255 540 obscure
3298 483 3516 539 innuit:

236 569 351 627 τοῖς
401 565 714 627 ἐλπίζουσιν
770 568 864 620 ἐπὶ
913 569 1002 631 σὲ,
1048 566 1421 636 ἐπιδαψιλεύει
1479 571 1569 623 τὸν
1627 571 1824 624 ἔλεον.

242 657 474 726 Ἔψεται
511 660 616 726 γὰρ
646 660 858 722 πάντως
893 660 1016 725 τοῖς
1057 660 1167 727 τῆς
1216 661 1609 728 δικαιοσύνης
1658 662 1826 732 ἐργά-

237 766 369 813 ταις
406 749 617 814 Ὀδοὺς
644 750 751 821 γὰρ
784 752 1005 818 Κυρίου
1048 752 1195 820 λέγει
1240 753 1337 816 τὰς
1373 752 1610 817 ἐντολὰς,
1639 754 1827 824 ὥσπερ

236 837 333 894 οὖν
385 843 413 894 ό
464 843 661 894 Astii-3°
706 843 793 895 Ἐν
822 847 889 913 τῇ
923 845 1025 914 ὁδῷ
1061 862 1153 897 σου
1188 845 1446 915 ζήσομαι,
1483 846 1577 898 καὶ
1621 846 1781 899 πάλιν
1809 864 1823 876 ο

249 933 400 987 Ὀδδν
445 935 675 988 ἐντολῶν
721 953 815 1001 σου
858 936 1126 1007 ἔδραμον,
1158 938 1234 989 ὅτ’
1260 937 1326 991 ἂν
1378 939 1684 1000 ἐπλάτυνας
1727 938 1826 1006 τὴν

238 1027 469 1095 καρδίαν
523 1027 862 1096 μον.’1στὲον
911 1029 968 1082 δὲ
1016 1030 1090 1093 ὡς
1141 1030 1233 1097 τὸ,
1282 1033 1404 1084 Οὺιι
1447 1032 1823 1099 ἠκούσαμεν,

234 1118 381 1171 οὐδὲ
422 1120 475 1171 οὶ
526 1119 818 1187 ὀφθαλμοὶ
865 1118 1037 1191 ἡμῶν
1069 1118 1252 1185 εἶδον,
1287 1123 1502 1191 εἴρηται
1535 1122 1633 1191 μὲν
1660 1124 1739 1183 εἰς
1765 1124 1826 1175 τὸ

236 1207 335 1274 τῆς
378 1205 531 1269 Θείας
563 1207 846 1276 δυνάμεως
878 1200 1285 1281 ἀὴαράὅλητον.
1305 1211 1364 1263 Ὀ
1388 1211 1446 1264 δὲ
1478 1210 1689 1274 Παῦλος
1723 1229 1827 1281 μη-

236 1298 324 1377 δξν
354 1297 531 1368 τούτῳ
576 1299 992 1369 λυμαινόμενος,
1038 1303 1118 1362 εἰς
1166 1303 1235 1355 τὰ
1281 1302 1687 1369 ἐπαγγελοέντα
1714 1307 1827 1367 τοῖς

239 1393 495 1458 ἀγαπῶσι
526 1397 617 1447 τὸν
645 1396 778 1446 Θεὸν
807 1397 1088 1466 ἐξεξληφεν
1126 1397 1326 1462 ἀγαθὰ,
1356 1396 1391 1450 ἃ
1415 1395 1692 1467 ὀρθαλμὸς
1725 1399 1824 1451 οὐκ

238 1478 396 1542 εἶδεν,
430 1482 524 1533 καὶ
567 1478 659 1545 οὖς
705 1484 804 1535 οὐκ
850 1484 1105 1554 ἤκουσεν.
1140 1483 1304 1536 Οὐδὲν
1338 1484 1447 1554 γὰρ
1477 1484 1714 1535 τοιοῦτον
1762 1484 1822 1536 οὐ

238 1569 448 1631 θεατὸν,
475 1570 601 1623 οὔτε
647 1573 753 1640 μὴν
801 1574 1084 1626 ἀκουστὸν.
1122 1573 1229 1625 Καὶ
1261 1572 1494 1642 ἀλλαχοῦ
1530 1573 1586 1625 δέ
1618 1589 1782 1642 φησιν
1809 1590 1822 1605 ·

249 1659 301 1710 Ἀ
315 1660 462 1727 ρθεὶς
484 1661 590 1717 ἓως
620 1663 805 1730 τρίτου
832 1663 1065 1730 οὐρανοῦ
1098 1664 1303 1734 ἥκουσα
1331 1663 1547 1733 ἄρρητα
1577 1665 1821 1732 ῥήματα,

230 1750 269 1803 ἂ
304 1753 403 1802 οὐκ
430 1752 550 1814 ἐξὸν
578 1752 851 1823 ἀνθρώπῳ
888 1753 1139 1823 λαλῆσαι·
1173 1755 1273 1823 οὐχ
1313 1753 1386 1816 ὡς
1432 1754 1709 1817 ἐνταλοεὶς
1747 1758 1820 1827 μὴ

1930 586 2053 623 cum
2088 571 2386 639 Scriptura:
2419 572 2735 627 testimonio
2765 576 3023 644 populmn
3056 591 3271 629 omnem
3301 574 3516 630 Domini

1929 659 2158 728 gloriam
2206 661 2464 715 intuitum
2514 677 2641 716 esse
2684 662 3133 721 didicerimus".
3181 663 3339 730 Quod
3390 680 3520 721 vero

1927 752 2353 821 exspectantibus
2386 762 2435 807 te
2460 754 2760 817 addidit,ad
2786 766 3068 823 sperantes
3100 756 3151 810 iu
3180 756 3347 811 Dettm
3372 766 3521 810 retu-

1929 841 1991 894 lit
2017 860 2029 904 ;
2060 843 2260 912 quibus
2291 853 2374 897 est
2409 844 2627 897 abunde
2661 845 3089 898 misericordiam
3135 861 3289 898 suam
3332 845 3517 915 largiri

1929 934 2146 988 solitus.
2186 935 2465 1003 Sequetur
2499 938 2645 990 enim
2670 954 2757 990 eos
2789 937 2980 1005 procul
3014 938 3202 999 dubio,
3236 938 3327 1006 qui
3355 938 3519 1005 justi-

1932 1027 2058 1078 tiam
2094 1029 2317 1096 faciunt.
2352 1027 2537 1097 Neque
2570 1043 2701 1082 sane
2741 1030 2947 1081 viarum
2980 1027 3077 1081 Dei
3113 1020 3335 1081 nomine’
3365 1029 3518 1094 quid~

1929 1134 2093 1187 quam
2123 1121 2291 1183 aliud,
2323 1135 2487 1188 quam
2519 1121 2639 1188 ejus
2695 1129 2963 1190 prtecepta
3020 1120 3309 1189 intelligit:
3354 1119 3519 1189 quale

1929 1217 2014 1263 est
2047 1209 2189 1278 apud
2229 1209 2511 1275 Davidem,
2540 1212 2633 1265 ubi
2676 1228 2734 1267 se
2761 1213 2815 1266 in
2859 1213 2943 1265 via
2975 1213 3095 1280 ejus
3127 1213 3393 1266 victurum
3430 1213 3516 1265 di-

1928 1301 2100 1353 cit”:
2135 1300 2221 1353 ubi
2257 1303 2383 1354 item
2415 1303 2470 1355 in
2502 1303 2586 1355 via
2623 1303 3003 1357 nmndatorum
3039 1302 3160 1369 ejus
3192 1303 3508 1356 curnrrisse

1929 1407 2007 1454 se,
2032 1406 2155 1445 cum
2178 1395 2410 1447 essetab
2434 1395 2623 1449 eodem
2657 1411 2750 1449 cor
2773 1395 2893 1464 ejus
2916 1394 3225 1449 dilatatnm.
3260 1393 3355 1447 Est
3379 1409 3508 1447 vero

1930 1482 2356 1553 haudquaquam
2383 1485 2962 1555 ignorandum,~quod
3009 1501 3067 1539 se
3089 1502 3181 1538 nec
3225 1483 3514 1544 audivisse,

1928 1590 2021 1625 nec
2060 1575 2226 1627 oculis
2261 1576 2372 1628 suis
2416 1577 2612 1629 vidisse
2652 1577 2872 1646 adjecit,
2904 1592 2969 1632 eo
3010 1576 3114 1631 line
3157 1575 3403 1639 dixisse,
3457 1583 3517 1629 ut

1928 1662 2022 1717 Dei
2061 1664 2205 1717 vires
2224 1681 2346 1718 cum
2378 1667 2544 1720 nullis
2575 1682 2735 1735 posse
2761 1667 3070 1736 comparari
3089 1665 3514 1720 demonstraret.

1927 1752 2083 1820 Quod
2112 1755 2313 1810 Paulus
2346 1768 2551 1821 tamen,
2587 1762 2737 1813 nulla
2772 1760 2874 1814 loci
2908 1761 3231 1826 violatione,
3253 1759 3319 1813 ad
3344 1762 3513 1819 bona.

235 1842 433 1905 εἰπεῖν,
460 1841 577 1895 ἀλλ’
609 1842 687 1906 ὡς
720 1845 796 1914 μὴ
829 1846 1035 1915 φρᾶσαι
1065 1843 1241 1898 ταῦτα
1278 1845 1412 1914 πρὸς
1458 1844 1613 1908 ἀξίαν
1662 1846 1819 1899 δυνά-

1925 1860 2046 1914 quae
2082 1846 2251 1901 Deum
2288 1848 2647 1917 diligentibus
2688 1851 3107 1920 promittuntur,
3134 1864 3517 1921 quaeneciicu-

236 1949 420 2000 μενος.
1928 1935 2014 1989 lus
2051 1936 2208 2002 vidit,
2266 1954 2367 1994 nec
2408 1942 2558 1994 auris
2610 1941 2835 2007 audivit,
2886 1944 3150 1997 retulit’:
3204 1957 3329 1995 cum
3379 1940 3519 1993 nihil

232 2024 502 2092 ejusmodi
542 2026 592 2078 in
643 2025 930 2077 oculorum
961 2026 1042 2078 vel
1084 2024 1301 2077 aurium
1361 2041 1559 2079 sensus
1614 2026 1814 2079 cadere
1856 2026 2344 2084 animadverteret.
2378 2029 2442 2084 Et
2472 2046 2600 2085 vero
2632 2033 2787 2095 alibi,
2855 2048 2979 2087 cum
3022 2043 3170 2089 esset
3242 2030 3403 2102 733
3446 2031 3520 2085 ad

234 2119 459 2170 tertium
501 2134 675 2186 usque
700 2118 899 2173 uelum
952 2128 1199 2179 evectus,
1232 2132 1296 2171 ea
1345 2132 1404 2171 se
1469 2132 1671 2171 arcana
1739 2115 1902 2171 verba
1939 2117 2218 2173 audivisse
2242 2121 2444 2175 asserit
2488 2121 2532 2187 ³,
2565 2138 2686 2191 (μιεὲ
2727 2123 2880 2177 etTari
2918 2124 3126 2179 homini
3174 2142 3285 2178 non
3332 2126 3515 2177 liceat.

230 2208 354 2263 Non
399 2209 545 2278 quod
587 2218 768 2263 tacere
812 2208 866 2261 in
916 2207 1190 2263 mandatis
1232 2208 1489 2274 haberet,
1515 2208 1610 2263 sed
1665 2208 1812 2278 quod
1850 2208 2045 2264 efferre
2075 2226 2173 2279 pro
2205 2211 2476 2282 dignitate
2500 2228 2610 2267 non
2638 2224 2842 2284 posset.

317 2304 476 2357 Ἰδοὺ
507 2304 588 2358 σὺ
615 2305 945 2374 ὠργίσθης,
982 2304 1079 2356 καὶ
1126 2303 1299 2373 ἡμεῖς
1342 2304 1715 2372 ἡμάρτομεν·
1750 2304 1828 2367 ὡς

235 2398 283 2450 εἰ
313 2397 645 2468 σαφέστερον
675 2397 884 2464 ἔλεγεν,
920 2396 1140 2466 Ἐπειδὴ
1167 2397 1326 2466 ἡμεῖς
1355 2382 1717 2463 ἡμάρτομεν,
1744 2395 1826 2449 σὺ

232 2489 552 2559 ὼργίσθης.
586 2491 695 2543 Καὶ
725 2490 898 2552 ἄλλως
928 2490 1006 2549 δὲ,
1029 2489 1165 2542 Θεοῦ
1194 2490 1344 2558 ἡμᾶς
1381 2488 1825 2557 ἀποστραφέντος

230 2582 306 2636 δι’
327 2582 637 2652 ἁμαρτίας,
664 2584 850 2652 μεῖζον
880 2585 937 2636 ὲν
960 2585 1091 2652 ἡμῖν
1121 2582 1179 2634 τὸ
1215 2582 1386 2633 κακὸν
1416 2580 1687 2649 ἐμφύεται
1711 2596 1725 2633 τ
1748 2579 1826 2641 ὡς

231 2673 589 2742 παιδαγωγοῦ
635 2691 779 2735 τινος
816 2674 1211 2743 ἀπειλήσαντος
1259 2672 1358 2740 μὲν
1399 2671 1682 2738 πολλάκις,
1724 2672 1816 2724 καὶ

230 2767 529 2837 τύψαντος,
566 2766 719 2829 τέλος
761 2766 818 2819 δὲ
851 2766 1170 2839 παριδόντος
1202 2766 1320 2819 νέον
1356 2764 1595 2834 συνεχῶς
1635 2764 1818 2835 ἁμαρ-

232 2858 488 2911 τάνοντα.
509 2855 696 2920 Meij
718 2857 824 2927 γὰρ
845 2849 1130 2923 οὖτοςητῶν
1158 2855 1339 2908 κακῶν
1359 2856 1471 2920 ’ἐξει
1491 2854 1589 2924 τὴν
1612 2854 1813 2908 ἄδειαν.

231 2948 294 3000 Εἰ
334 2947 442 3018 γὰρ
487 2945 623 3001 Θεοῦ
657 2947 1045 3018 συνεργοῦντός
1079 2948 1245 3016 ἐσμεν
1277 2945 1471 3013 ἀγαθοί
1494 2960 1507 2973 ·
1533 2945 1715 3014 δῆλον,
1743 2944 1818 3007 ὡς

231 3039 693 3108 ἀποστραφέντος,
710 3038 973 3107 μειζόνως
999 3039 1177 3091 κακοί.
1202 3038 1333 3099 Θεὸς
1358 3038 1463 3106 γάρ
1492 3037 1638 3088 ἐστιν
1664 3038 1691 3089 ό
1712 3035 1819 3086 τῶν

229 3128 509 3198 δυνάμεων
533 3128 757 3198 Κύριος.
782 3129 892 3182 Καὶ
910 3128 1020 3200 γὰρ
1053 3129 1156 3198 ἔφη
1186 3127 1418 3200 Χριστός
1438 3145 1453 3160 ·
1483 3129 1663 3197 Χ‹σ›ρίς
1684 3127 1817 3197 ἐμοῦ

2003 2306 2272 2376 Sequitur
2293 2323 2424 2362 vero
2451 2328 2464 2364 :
2498 2308 2637 2364 Ecce
2664 2321 2719 2364 tu
2745 2313 2916 2365 iratus
2954 2330 3030 2376 es,
3069 2324 3116 2365 et
3162 2330 3255 2373 nos
3276 2312 3516 2380 peccavi-

1926 2413 2084 2451 mus:
2123 2408 2384 2466 tauquam
2419 2416 2484 2454 eo
2517 2400 2661 2469 ipso,
2697 2388 2842 2470 quod
2874 2405 3228 2471 peccaverint,
3262 2406 3421 2458 irasci
3454 2420 3515 2458 se

1926 2489 2169 2559 apertius
2213 2490 2510 2559 signiticet.
2565 2492 2719 2546 Alias
2762 2492 2925 2547 etiam
2976 2495 3019 2548 si
3063 2510 3091 2546 a
3129 2496 3291 2549 nobis
3342 2495 3507 2562 Deus,

1922 2590 2137 2650 propter
2173 2581 2505 2651 iniquitates,
2542 2594 2853 2650 avertatur;
2910 2586 3086 2657 majus
3118 2589 3171 2641 in
3201 2588 3359 2643 nobis
3395 2604 3510 2643 ma-

1924 2671 2034 2724 lum
2073 2673 2407 2727 innascitur:
2439 2690 2562 2729 cunt
2587 2692 2729 2746 saepe
2746 2678 3162 2747 quidem,veluti
3187 2681 3510 2750 paniagogus

1924 2750 2145 2832 aliquis,
2168 2764 2365 2817 minari
2391 2766 2564 2820 soleat
2587 2784 2599 2819 :
2624 2782 2767 2837 saepe
2796 2769 2961 2822 etiam
2996 2769 3194 2824 ferire:
3234 2780 3513 2840 postremo

1927 2863 2108 2909 autem
2144 2872 2426 2926 spernere,
2461 2858 2506 2912 si
2532 2874 2671 2912 nova
2705 2860 2987 2929 prioribus
3022 2878 3241 2931 semper
3274 2863 3515 2932 adjicere

1924 2956 2247 3014 peccantem
2279 2949 2482 3015 videat.
2520 2947 2788 3004 Futurum
2828 2961 2913 3006 est
2941 2951 3113 3018 enim,
3156 2959 3217 3005 nt
3250 2953 3344 3023 qui
3387 2953 3513 3009 talis

1925 3040 2019 3102 sit,
2054 3040 2321 3093 malorum
2376 3050 2525 3094 metu
2572 3042 2757 3096 minus
2810 3040 3096 3097 aﬂiciatur.
3138 3043 3195 3097 Si
3228 3044 3375 3098 enim
3402 3043 3514 3099 Deo

1925 3129 2226 3184 accedente
2279 3128 2408 3183 boni
2464 3130 2778 3195 reddimur;
2835 3132 3027 3186 eodem
3073 3131 3241 3186 etiam
3281 3148 3312 3186 a
3354 3133 3516 3187 nobis

229 3222 289 3275 οὐ
325 3220 549 3276 δύνασοε
586 3224 760 3275 ποιεῖν
789 3221 961 3274 οὐδέν.
1003 3222 1113 3273 Καὶ
1158 3220 1422 3292 περὶτῶν
1459 3221 1627 3289 ἁγίων
1658 3220 1819 3289 φησιν

1925 3220 2221 3275 recedente
2274 3220 2568 3290 nequiores
2615 3222 2773 3292 longe
2821 3223 2936 3276 ﬁeri
2981 3223 3336 3278 manifestum
3383 3233 3511 3279 est:

229 3314 259 3364 ὁ
290 3312 451 3365 Δαὸίδ
475 3327 489 3342 ο
526 3312 681 3364 «Ὅτι
709 3311 771 3363 τὸ
801 3309 1067 3381 καύχημα
1096 3309 1204 3364 τῶν
1228 3309 1514 3379 δυνάμεων
1548 3310 1727 3363 αὐτῶν
1768 3306 1820 3362 εἴ

233 3403 318 3458 σύ.
353 3424 370 3455 ι
402 3404 513 3457 Καὶ
544 3402 775 3473 ἀλλαχοῦ
804 3402 862 3455 δέ
897 3420 1060 3474 φησιν
1079 3422 1093 3435 ο
1130 3423 1147 3453 ι
1177 3404 1291 3456 Οὐκ
1319 3404 1411 3456 ἐπὶ
1440 3402 1518 3472 τῷ
1546 3401 1686 3480 τόξῳ
1713 3419 1815 3472 μου

229 3495 420 3560 amca,
463 3497 555 3547 καὶ
577 3499 610 3564 ἡ
644 3494 889 3564 ῥομφαία
919 3511 1019 3563 μου
1046 3488 1302 3546 οὔσώσει
1337 3492 1687 3562 με.Ἕσωσας
1708 3494 1816 3563 γὰρ

231 3588 378 3654 ἡμᾶς
428 3588 493 3639 ὲκ
542 3585 649 3638 τῶν
700 3584 993 3660 θλιϐόντων
1035 3585 1203 3655 ἡμᾶς.
1239 3603 1257 3634 ι
1297 3585 1370 3637 Οὐ
1414 3583 1524 3654 γὰρ
1570 3584 1654 3651 ἐφ’
1683 3584 1816 3652 ἡμῖν

231 3678 518 3743 τοσοῦτον,
554 3680 681 3731 ὅσον
726 3679 783 3731 ὲν
826 3677 965 3746 Θεῷ,
1008 3677 1109 3746 τῆς
1159 3675 1435 3746 σωτηρίας
1482 3675 1516 3740 ἡ
1565 3674 1813 3743 δύναμις.

243 3770 404 3823 Ἀλλά
432 3772 526 3823 καὶ
562 3768 1011 3837 ἐπλανήθημεν,
1041 3767 1194 3837 φησι,
1222 3765 1321 3818 καὶ
1349 3763 1717 3834 ἐγενήθημεν
1737 3764 1817 3829 ὠς

233 3862 572 3930 ἀκάθαρτοι.
607 3864 667 3916 Εἰ
697 3863 752 3915 δὲ
786 3862 881 3914 καὶ
906 3860 1047 3926 δόξει
1078 3878 1161 3923 τις
1200 3861 1258 3919 ὲν
1289 3860 1419 3930 ἡμῖν
1448 3856 1648 3911 δικαία
1671 3858 1815 3928 πρᾶ-

232 3957 309 4019 ξις
344 3956 714 4026 εὑρίσκεσθαι,
750 3952 1142 4022 ἐρῤυπωμένη
1204 3953 1298 4005 καὶ
1332 3950 1471 4020 αὕτη
1500 3952 1594 4004 καὶ
1623 3951 1816 4020 ἄτιμος

232 4049 596 4117 ἐξελέγχεται.
629 4048 736 4100 Καὶ
763 4047 880 4109 πῶς
910 4046 1017 4115 γὰρ
1050 4045 1117 4098 ἂν
1163 4043 1249 4112 εἴη
1296 4042 1650 4109 δικαιοσύνη
1677 4042 1818 4111 παρ’

231 4136 415 4197 αὐτοῖς
446 4138 527 4197 εἰς
551 4135 782 4204 Χριστὸν
808 4133 1106 4205 ἠσεϐηκόσι
1127 4172 1141 4196 ,
1183 4133 1283 4203 τὴν
1309 4132 1477 4195 ὅντως
1506 4132 1809 4186 δικαιοσύ-

232 4242 379 4291 νηνς
399 4226 740 4293 Ἀκάθαρτοι
769 4227 971 4289 τοίνυν,
1004 4224 1110 4279 κᾶν
1139 4224 1348 4279 δοκοῖεν
1378 4240 1523 4286 τινες
1554 4225 1815 4287 ἐπιεικεῖς

234 4317 292 4368 ἐν
326 4316 528 4376 αὐτοῖς.
569 4316 687 4368 Κᾶν
714 4315 821 4385 γὰρ
856 4316 1226 4385 παρατηροῖεν
1268 4314 1367 4376 τὰς
1413 4313 1652 4377 ἐντολὰς,
1682 4313 1817 4387 ἀλλά

233 4407 471 4461 διάθεσιν
495 4407 595 4458 οὐκ
628 4406 813 4475 ἔχουσι
857 4406 991 4476 πρὸς
1020 4406 1173 4457 Θεόν.
1208 4403 1380 4457 Τοῦτο
1402 4404 1460 4457 δὲ
1493 4405 1584 4456 καὶ
1613 4404 1817 4472 Expav-

233 4492 529 4563 σινήμῖν,
552 4497 632 4561 ὠς
677 4496 937 4564 φύλλοις
965 4495 1033 4548 ἐκ
1056 4493 1308 4561 δένδρου
1362 4493 1684 4562 πεποίηκεν,
1719 4493 1817 4562 τῆς

234 4586 443 4641 ἑαυτῶν
492 4587 648 4658 ῥίζης
699 4586 1106 4639 ἐκπεπτωκόσι.
1138 4586 1248 4638 Καὶ
1296 4586 1323 4637 ὁ
1361 4584 1461 4654 μὲν
1495 4584 1818 4647 Ἀπόστολος

231 4679 324 4733 τοῦ
352 4680 538 4742 ἔθνους
569 4678 914 4750 κατηγορῶν,
941 4678 1016 4742 ὡς
1049 4678 1279 4740 κλάδους
1326 4678 1434 4730 ἀπὸ
1472 4677 1689 4746 δένδρου
1721 4693 1815 4729 κεοι

233 4769 466 4823 κλᾶσθαξ
521 4786 706 4838 φησιν.
742 4769 802 4821 '0
852 4768 910 4822 δὲ
962 4770 1062 4826 τὴν
1114 4768 1452 4838 κατηγορίαν
1507 4767 1816 4833 ἐπιτείνων,

231 4866 492 4933 φύλλοις
510 4862 817 4932 παρέϐαλεν
838 4863 896 4928 ἐξ
926 4862 1129 4932 ἀνέμου
1149 4864 1403 4932 ριφεϊσιν.
1429 4861 1820 4931 Εὐπαρακόμι-

234 4972 358 5009 στον
387 4956 498 5025 γὰρ
531 4956 802 5024 ἐσχήκασι
838 4952 938 5024 τὴν
967 4953 1195 5023 καρδίαν
1214 4992 1229 5015 ,
1263 4953 1362 5005 καὶ
1389 4945 1501 5004 οἷον
1527 4953 1691 5005 παντὶ
1721 4968 1818 5004 πε-

235 5046 606 5119 ριφερομένην
658 5044 954 5115 πνεύματι.
987 5044 1098 5098 Καὶ
1154 5044 1272 5107 πῶς
1320 5043 1429 5115 γὰρ
1465 5038 1534 5114 ἦν
1566 5043 1713 5113 ἡμᾶς
1756 5038 1815 5096 εὖ

232 5137 439 5207 πρᾶξαι
469 5137 567 5207 τὴν
591 5136 991 5205 ἀποστροφὴν
1019 5138 1119 5207 τὴν
1143 5136 1296 5207 παρὰ
1321 5135 1440 5198 σοῦ,
1465 5135 1652 5205 φησιν,
1681 5135 1815 5188 ὑπο-

236 5229 453 5299 μείναντ
471 5245 561 5291 ιςς
596 5228 732 5281 Οὐδὲ
764 5229 872 5298 γὰρ
901 5229 1102 5299 εὑρέθη
1137 5245 1223 5289 τις
1249 5230 1309 5281 ὲν
1332 5229 1465 5297 ἡμῖν
1492 5227 1520 5279 ὁ
1560 5227 1816 5297 δυσωπῆ-

233 5339 323 5374 σαι
350 5321 649 5391 δυνάμενός
679 5338 737 5373 σε
768 5321 1128 5387 δικαιοσύνῃ
1162 5321 1257 5373 καὶ
1287 5322 1638 5390 προσευχαῖς.

1920 3325 2044 3362 cum
2080 3310 2251 3363 Deum
2277 3325 2400 3364 esse
2425 3311 2696 3365 virtutum
2730 3312 3021 3367 Dominum
3053 3328 3215 3367 nemo
3251 3314 3510 3381 ambigat:

1918 3415 2044 3453 cum
2095 3400 2377 3455 Christum
2428 3402 2594 3456 etiam
2672 3403 2885 3471 absque
2956 3420 3015 3459 se
3084 3404 3219 3459 nihil
3266 3405 3513 3473 praestari

1919 3505 2102 3560 posse,
2132 3491 2431 3561 aliirmasse
2460 3502 2672 3548 certum
2698 3494 2771 3548 sit
2799 3494 2841 3548 ³.
2878 3491 3082 3550 Scribit
3113 3511 3277 3566 porro
3296 3494 3364 3549 de
3389 3511 3517 3550 san-

1918 3583 2023 3637 ctis
2044 3592 2097 3637 et
2124 3581 2291 3637 David
2311 3584 2457 3637 hunc
2476 3585 2528 3637 in
2549 3586 2771 3639 modum
2794 3603 2807 3639 :
2832 3586 3104 3651 Quoniam
3131 3587 3384 3656 gloriatio
3404 3587 3516 3640 vir-

1919 3681 2095 3726 tutum
2125 3672 2241 3742 ipse
2273 3672 2397 3727 es‘.
2434 3692 2453 3724 ι
2499 3672 2565 3726 Et
2600 3676 2729 3728 alibi
2760 3694 2774 3728 :
2811 3675 2958 3729 «Non
2994 3679 3047 3729 in
3072 3692 3201 3731 arcu
3241 3692 3361 3730 meo
3391 3692 3515 3745 spe-

1919 3766 2084 3832 rabo;
2126 3780 2302 3834 neqne
2338 3764 2554 3834 gladius
2594 3781 2753 3821 meus
2816 3766 3055 3821 salvabit
3117 3783 3223 3820 me.
3277 3766 3512 3821 Salvasti

1918 3858 2063 3912 enim
2092 3872 2195 3912 nos
2230 3872 2259 3910 a
2290 3857 2745 3912 tribulationibus
2778 3859 2819 3910 ⁸.
2858 3877 2876 3908 ι
2938 3856 3125 3927 Neque
3172 3859 3319 3914 enim
3360 3869 3513 3912 tanta

1917 3959 2002 4004 est
2046 3949 2100 4002 in
2147 3949 2308 4002 nobis
2362 3949 2539 4003 virtus
2581 3949 2650 4002 ad
2700 3949 2961 4014 salutem,
3029 3958 3234 4018 quanta
3284 3951 3338 4002 in
3378 3948 3511 4005 Deo.

1918 4039 2229 4106 Quinetiam
2260 4041 2578 4105 erravimus,
2629 4041 2815 4107 addit,
2851 4054 2899 4095 et
2953 4042 3087 4110 facti
3130 4057 3313 4095 sumus
3358 4042 3517 4109 quasi

1918 4129 2197 4183 immundi.
2248 4128 2362 4183 luto
2394 4144 2543 4194 vero,
2591 4130 2637 4184 si
2674 4131 2935 4184 nonnulla
2991 4132 3043 4185 in
3085 4130 3247 4185 nobis
3290 4140 3515 4199 apparet

1911 4219 2064 4286 justa
2097 4220 2275 4283 actio;
2309 4220 2623 4288 reperietur
2651 4220 2927 4273 immunda
2956 4228 3009 4274 et
3044 4220 3185 4287 ipsa,
3226 4221 3515 4291 gloriaque

1919 4308 2205 4364 destituta.
2241 4308 2424 4378 Ecqua
2438 4310 2583 4364 enim
2618 4310 2764 4380 apud
2790 4325 2887 4365 eos
2917 4326 3040 4365 esse
3052 4311 3275 4380 justitia
3300 4313 3506 4378 valeat,

1921 4402 2015 4472 qui
2039 4402 2092 4456 in
2121 4400 2423 4466 Christum,
2454 4402 2791 4471 quijustitia
2831 4417 2956 4456 vere
3002 4416 3083 4466 es,
3114 4402 3281 4471 impie
3322 4405 3515 4457 saevie-

1921 4495 2259 4549 runt?Sunt
2309 4494 2479 4563 igitur
2516 4494 2798 4559 immundi,
2844 4495 3201 4562 quantumvis
3249 4495 3395 4549 inter
3417 4511 3513 4549 eos

1922 4601 2044 4641 esse
2078 4588 2378 4641 clementes
2414 4586 2665 4639 nonnulli
2703 4586 3017 4640 videantur.
3050 4585 3165 4640 Etsi
3192 4588 3339 4640 enim
3360 4601 3513 4640 man-

1922 4679 2049 4733 data
2079 4680 2405 4741 observent,
2450 4678 2701 4733 instituto
2728 4685 2912 4734 tamen
2952 4688 3007 4733 et
3053 4680 3336 4734 voluntate
3383 4688 3516 4734 sunt

1922 4784 1952 4822 a
1984 4767 2095 4822 Deo
2119 4768 2306 4823 alieni.
2353 4769 2533 4839 Atque
2556 4768 2686 4823 illud
2733 4768 2964 4839 quidem
2998 4782 3103 4836 est,
3149 4771 3295 4840 quod
3338 4770 3514 4839 deﬂu-

1923 4861 2064 4913 rinm
2101 4862 2311 4930 peperit
2340 4860 2514 4925 nobis,
2553 4863 2713 4921 veluti
2733 4862 2881 4932 [aliis
2922 4862 2985 4915 ab
3021 4864 3231 4931 arbore,
3263 4880 3387 4917 eum
3421 4864 3514 4917 illa

1925 4969 1956 5006 a
1997 4954 2183 5008 radice
2232 4970 2330 5008 sua
2370 4954 2660 5010 decidunt.
2715 4955 2859 5021 Quin
2905 4966 2959 5010 et
3009 4957 3311 5026 Apostolus
3375 4958 3511 5019 ipse,

1926 5061 2051 5100 cum
2083 5055 2296 5113 gentem
2321 5057 2633 5114 accusaret,
2659 5056 2917 5119 tanquam
2956 5065 3171 5103 ramum
3205 5050 3274 5102 ab
3292 5047 3513 5114 arbore,

1934 5137 2179 5191 avulsam
2211 5153 2333 5192 esse
2365 5139 2744 5208 pronuntiavit
2770 5140 2812 5192 ⁸.
2837 5139 2936 5194 llic
2964 5149 3171 5203 autem,
3203 5149 3261 5194 ut
3281 5153 3514 5192 accusa.

1930 5230 2136 5283 tionem
2174 5238 2422 5299 augeret,
2449 5229 2595 5299 [aliis
2633 5231 3014 5300 comparavit;
3058 5247 3182 5299 quae
3223 5240 3512 5285 ventorum

1931 5320 2137 5390 impetu
2189 5323 2499 5389 rapiuntur.
2538 5320 2677 5375 Sunt
2701 5321 2847 5374 enim
2882 5321 3050 5374 corde
3078 5321 3182 5374 levi
3211 5332 3265 5376 et
3300 5319 3511 5385 mobili;

231 5414 325 5484 qui
356 5414 507 5467 nullo
542 5430 652 5467 non
689 5412 852 5467 veluti
894 5419 1057 5468 vento
1074 5412 1547 5480 circumaguntur.
1572 5411 1692 5477 Quo
1729 5421 1891 5482 pacto
1916 5413 2060 5467 enim
2095 5412 2324 5466 feliciter
2356 5427 2518 5483 agere
2545 5414 2846 5474 valeamus,
2916 5411 3113 5481 inquit,
3182 5416 3276 5481 qui
3349 5428 3509 5465 aver-

231 5510 432 5561 sionent
477 5522 507 5560 a
543 5516 595 5562 te
641 5506 916 5578 patimur?
969 5505 1088 5563 Non
1128 5505 1293 5579 734.
1336 5508 1482 5563 enim
1524 5507 1815 5579 quisquam
1857 5510 2001 5564 inter
2032 5522 2133 5563 nos
2165 5516 2415 5577 repertus
2442 5518 2550 5576 est,
2574 5525 2666 5579 qui
2690 5518 2877 5578 posset
2916 5518 2969 5563 te
2998 5509 3254 5577 precibus
3307 5515 3360 5562 et
3387 5507 3511 5574 jus-

234 5602 357 5657 titia
379 5604 616 5657 ﬂectere.

312 5722 356 5749 ν’
385 5720 696 5792 Exod.m,
736 5724 755 5776 1
794 5739 945 5792 seqq.
994 5727 1038 5756 ”
1066 5723 1206 5778 I’sal.
1233 5740 1421 5786 crvm,
1471 5725 1551 5780 li.
1620 5725 1631 5755 ¹
1666 5725 1683 5778 1
1714 5727 1815 5781 Cor

1955 5726 2007 5778 9.
2069 5729 2087 5755 ²
2116 5723 2299 5779 ilCot'.
2336 5738 2429 5789 xu,
2468 5723 2520 5776 ι1.
2573 5722 2591 5753 ⁸
2620 5718 2777 5777 Joan.
2813 5737 2864 5787 v,
2898 5720 2985 5775 19.
3021 5718 3041 5750 ⁸
3067 5719 3208 5775 Psal.
3235 5729 3498 5782 unum,

248 5790 329 5843 18.
412 5792 429 5817 "
450 5791 595 5847 l’sal.
622 5809 775 5863 xutt,
800 5790 921 5861 7,8;
951 5796 998 5870 v‘
1028 5794 1186 5849 Ιὶοιιι.
1216 5812 1286 5860 χι,
1325 5795 1406 5850 17.
