3976 6210
264 396 408 461 2635
467 479 471 482 ~

1445 396 1984 462 COMMENTARII
2029 395 2111 457 ΙΝ
2149 393 2439 456 ISAIAM.

3393 376 3535 442 2686

2952 448 2979 473 ρ

262 514 493 569 θάνατον
530 511 627 567 τοῦ
667 514 995 585 ἁμαρτωλοῦ
1038 514 1237 585 ζητῶν,
1271 514 1347 578 ὡς
1377 517 1475 586 τὴν
1512 517 1848 585 μετάνοιαν;

1959 513 2180 583 tempsi,
2203 511 2296 579 qui
2328 522 2436 561 non
2480 501 2787 572 peccatoris
2819 505 3015 564 morte,
3058 493 3155 553 sed
3214 494 3534 565 ptenitentia

260 604 387 668 Πῶς
416 604 462 657 δ’
489 602 555 656 ἂν
597 603 897 672 ὲπλάνησα,
945 606 1298 675 ἐπιστρέφειν
1341 606 1550 669 πάντας
1602 623 1854 675 παρακαο

260 696 391 757 λῶν,
408 697 501 749 καὶ
526 697 849 750 ἀνίστασθαι
872 699 1172 761 πίπτοντας
1193 715 1207 763 ;
1227 698 1342 761 πῶς
1369 698 1414 750 δ’
1437 697 1502 751 ἂν
1527 698 1691 767 ὲσκλή
1703 713 1856 767 ρυνον

263 787 432 856 ὑμᾶς,
457 789 485 839 ὀ
519 790 612 840 καὶ
638 791 751 851 τοῖς
782 789 999 859 μακρὰν
1030 789 1341 858 ἁφεστῶσιν
1377 789 1513 859 ὲμοῦ
1542 789 1629 842 διὰ
1662 790 1855 856 φιλαν-

265 877 516 947 θρωπίαν
546 880 857 950 ἐπιτρέχων
883 882 1213 951 αὐτόματος,
1243 882 1317 944 ὡς
1352 882 1449 934 καὶ
1472 882 1599 944 τοὺς
1624 879 1857 948 ἀλλοφύ-

263 968 389 1032 λους
440 969 729 1036 γινώσκειν
765 972 887 1038 ἐμὲ,
921 973 1087 1041 μηδὲν
1133 973 1215 1036 είς
1254 971 1413 1024 τοῦτο
1448 973 1853 1043 μοχθήσαντας,

263 1060 499 1129 ἐμαυτὸν
532 1061 716 1123 αὐτοῖς
749 1061 1153 1129 ὲπιδείξαντοςς
1200 1062 1259 1117 '0
1288 1062 1345 1116 δὲ
1377 1065 1507 1134 περὶ
1540 1064 1668 1127 τοὺς
1697 1062 1855 1116 ἀλλο-

261 1150 454 1222 τρίους
472 1151 733 1217 τοιοῦτος,
762 1153 881 1216 πῶς
906 1154 1035 1223 περὶ
1062 1154 1206 1224 ὑμᾶς
1232 1155 1483 1225 ἁπηνήςς
1514 1154 1624 1208 Καὶ
1658 1154 1765 1224 μὴν
1795 1153 1853 1220 ἐξ

263 1241 417 1312 ὑμῶν
445 1244 781 1316 ἀπηρξάμην
813 1246 912 1316 τῆς
944 1246 1167 1317 χάριτος
1186 1287 1201 1312 ,
1235 1246 1418 1300 καλῶν
1463 1245 1726 1317 εὐμενῶς,
1759 1246 1855 1300 καὶ

262 1326 352 1386 οἶα
397 1334 611 1401 χερσὶν
652 1334 1071 1404 ἐκτεταμέναις
1096 1337 1358 1404 γνησίους
1388 1336 1583 1400 παῖδας
1626 1335 1853 1407 περιλα-

265 1424 377 1478 ϐεῖν
407 1424 788 1497 ἐπειγόμενος,
816 1427 911 1481 καὶ
944 1427 1243 1499 μισοῦντας
1274 1428 1419 1499 ὑμᾶς
1454 1428 1707 1497 ἀγαπῶν.

335 1600 492 1669 Τινὲς
514 1602 572 1657 δὲ
598 1602 872 1673 λέγουσιν,
919 1602 996 1669 ὡς
1038 1603 1239 1669 αὐτούς
1267 1623 1402 1676 φησι
1442 1604 1516 1677 μὴ
1558 1604 1852 1675 ἐπερωτή·

264 1710 513 1762 σαντας.
538 1696 658 1766 Ἀφ’
689 1696 885 1751 ἑαυτοῦ
908 1699 1014 1772 γὰρ
1034 1700 1119 1763 είς
1136 1699 1237 1762 τὰς
1265 1698 1596 1768 συναγωγὰς
1620 1699 1853 1770 είσέτρε-

263 1803 378 1857 χεν,
430 1787 723 1859 κηρύσσων
755 1790 852 1844 καὶ
889 1790 1230 1859 θεραπεύων,
1278 1790 1466 1859 ἔλεγέν
1513 1807 1572 1843 τε
1622 1790 1848 1854 αὐτοῖς’

263 1876 406 1948 Ἐγώ
438 1880 557 1949 είμι
590 1879 655 1933 τὸ
683 1879 799 1950 φῶς
827 1881 921 1933 τοῦ
951 1880 1181 1951 κόσμου.
1222 1882 1355 1946 Καὶ,
1389 1881 1539 1943 Εῐτις
1570 1879 1719 1952 διψᾷ,
1750 1881 1846 1952 ἐρ·

261 1970 443 2042 χέσθω
469 1972 608 2041 πρός
636 1988 726 2042 με.
758 1971 900 2025 Ἀλλ’
924 1972 1254 2042 ἠκολούθουν
1270 1975 1390 2036 ταῖς
1420 1972 1631 2026 ἑαυτῶν
1661 1973 1845 2042 ἁμαρ-

262 2061 428 2123 τίαις.
451 2060 561 2114 Καί
583 2079 665 2114 τοι
690 2060 994 2130 γεγωνότος
1021 2060 1156 2133 ἐμοῦ
1182 2077 1196 2091 ⁸
1240 2062 1367 2114 Ἐὰν
1392 2061 1467 2132 μὴ
1493 2060 1845 2129 πιστεύσητε,

264 2151 348 2204 δτι
374 2152 485 2221 ὲγῶ
523 2154 660 2223 εἰμι,
692 2153 750 2207 ὲν
780 2156 900 2216 ταῖς
934 2152 1236 2224 ἁμαρτίαις
1266 2151 1420 2225 ὑμῶν
1458 2152 1842 2207 ἀποθανεῖσθε.

266 2244 426 2308 Τινὲς
450 2244 509 2298 δὲ
540 2244 679 2315 πρδς
707 2245 779 2298 τὰ
799 2247 856 2298 ὲν
880 2243 1165 2317 Αἰγύπτῳ,
1197 2245 1291 2299 καὶ
1328 2246 1471 2299 κατὰ
1499 2245 1723 2315 καιροὺς
1754 2245 1847 2296 λυ-

267 2336 438 2408 πηρὰ,
470 2338 561 2391 τὸν
610 2338 769 2406 λόγον
814 2339 1082 2405 ἐδέξαντο,
1131 2339 1214 2392 ὅτι
1267 2339 1342 2409 μὴ
1390 2336 1613 2408 κληθεὶς
1655 2337 1847 2400 αὐτοῖς

268 2431 500 2501 ὲδοήθει.
533 2431 678 2500 Ἐγὼ
703 2432 834 2502 γὰρ,
853 2435 885 2486 d
910 2432 1011 2486 καί
1036 2432 1134 2486 διὰ
1156 2429 1417 2497 Μωσέως
1445 2429 1648 2500 χεῖρας
1676 2429 1849 2482 ἐκπε-

265 2525 511 2590 ταννὺς,
549 2523 685 2594 πρὸς
719 2523 781 2576 τὸ
815 2523 942 2587 τοὺς
989 2524 1087 2594 μὲν
1119 2520 1511 2577 οἰκειώσασθαι
1542 2520 1630 2573 διὰ
1669 2518 1847 2588 νίκης,

265 2613 434 2668 cavas
461 2612 710 2684 Ἀμαλὴκ
742 2612 1036 2677 ἀπολέσαι,
1080 2611 1172 2665 καί
1211 2629 1294 2664 τοι
1345 2611 1659 2680 κεχηνότων
1709 2607 1852 2678 πρὸς

267 2705 479 2772 είδωλα,
518 2704 614 2759 καὶ
645 2706 766 2767 ταῖς
801 2704 1008 2757 ἑαυτῶν
1047 2703 1368 2772 ἐπιθυμίαις
1388 2698 1847 2764 ἀκολουθούντων,

268 2798 380 2851 ἀλλ’
401 2799 460 2851 οὐ
491 2796 586 2849 νῦν
615 2795 849 2867 πρῶτον.
882 2795 1074 2864 Ὑμεῖς
1103 2792 1213 2863 γὰρ
1241 2794 1292 2844 οἰ
1323 2793 1387 2843 ὲκ
1432 2790 1634 2853 παντὸς
1654 2789 1851 2853 αἰῶνός

271 2905 339 2960 με
382 2887 837 2958 παροξύναντος
863 2928 879 2951 ,
948 2886 1200 2950 θύοντες
1245 2881 1504 2937 ἐνώπιον
1547 2879 1693 2951 ἐμοῦ
1755 2880 1851 2933 τοῦ

272 2976 448 3031 πάντα
492 2975 799 3047 ἐφορῶντος
830 2973 987 3038 Θεοῦ,
1020 2976 1114 3027 καὶ
1143 2973 1417 3036 εἰπόντος·
1460 2972 1554 3038 Μὴ
1594 2971 1691 3024 ἀπ’
1717 2969 1852 3041 ἐμοῦ

274 3064 610 3138 κρυϐήσεταί
661 3081 716 3117 τι
793 3062 812 3135 [
859 3062 1140 3117 ἐναντίον
1198 3058 1388 3131 ἐμοῦ]
1436 3060 1605 3129 ἤγουν
1663 3058 1724 3110 ὲν
1777 3054 1855 3126 τῷ

1959 601 2282 662 delector“?
2319 599 2421 666 Qui
2456 598 2512 651 in
2546 608 2786 649 errorem
2817 590 3041 658 induxi,
3096 588 3212 659 qni,
3253 599 3308 642 ut
3359 585 3426 642 ad
3475 602 3536 642 se

1960 698 2203 753 redirent
2234 707 2448 753 omnes,
2475 698 2644 758 utque
2669 687 2916 757 jacentes
2957 682 3355 743 excitarentur,
3404 678 3535 732 bor-

1960 798 2107 844 tatus
2128 785 2295 843 sum?
2326 782 2429 849 Qui
2461 796 2557 836 vos
2579 793 2777 834 rursus
2807 774 3058 830 induravi
3082 817 3096 840 ,
3130 773 3223 842 qui
3258 770 3324 824 ad
3377 769 3536 836 longe

1959 888 2221 944 remotos,
2254 892 2361 946 qua
2394 890 2514 929 sum
2543 871 2597 925 in
2629 867 2880 924 homines
2914 862 3316 923 benevolentia,
3342 865 3535 929 sponte

1964 969 2243 1033 advolavi,
2274 977 2331 1021 ut
2366 954 2519 1019 nullo
2553 976 2641 1015 me
2667 957 2890 1029 negotio
2918 954 3083 1008 etiam
3115 946 3537 1019 alienigenisin-

1958 1060 2219 1124 tuendum
2247 1067 2300 1114 et
2328 1051 2773 1124 cognoscendum
2806 1045 3145 1118 praeberem?
3168 1043 3271 1109 Qui
3303 1041 3537 1109 denique

1958 1154 2013 1207 in
2040 1168 2135 1206 vos
2167 1166 2277 1205 non
2307 1149 2549 1202 clemens
2570 1158 2695 1199 esse
2723 1140 2875 1213 potui
2903 1158 2916 1207 ;
2946 1137 3041 1208 qui
3070 1136 3124 1190 in
3172 1135 3382 1188 alienos
3411 1130 3537 1185 talis

1956 1242 2182 1300 exstiti?
2226 1240 2341 1294 lmo
2376 1255 2406 1292 a
2442 1237 2597 1291 vobis
2648 1249 2751 1305 ego
2803 1233 2995 1304 gratiae
3034 1225 3307 1299 principia
3362 1222 3533 1285 duxi,

1956 1334 2048 1401 qui
2086 1332 2317 1399 benigne
2346 1326 2577 1392 vocavi;
2599 1326 2825 1395 quique,
2857 1320 3029 1377 veluti
3058 1317 3301 1372 manibus
3336 1330 3535 1382 expan-

1955 1427 2049 1489 sis,
2076 1425 2142 1479 ad
2184 1421 2344 1497 737
2374 1433 2669 1489 germanos
2693 1415 2836 1470 ﬁlios
2869 1426 3192 1484 properans,
3221 1423 3317 1464 vos
3344 1408 3532 1469 etiam,

1960 1519 2053 1590 qui
2105 1533 2190 1571 me
2224 1514 2444 1578 odistis,
2477 1511 2797 1580 complexus
2825 1522 2970 1562 sum.

2026 1606 2231 1661 Volunt
2278 1612 2461 1656 tamen
2520 1599 2792 1664 nonnulli,
2823 1612 2919 1652 eos
2980 1596 3365 1664 interrogantes
3428 1606 3537 1644 non

1955 1697 2161 1752 induci.
2199 1694 2279 1747 Ex
2318 1708 2378 1747 se
2406 1690 2552 1746 enim
2598 1688 2664 1741 ad
2705 1700 3011 1759 synagogas
3034 1681 3418 1747 concionandi,
3446 1694 3537 1735 sa-

1955 1788 2235 1856 nandique
2263 1783 2460 1855 gratia,
2484 1780 2821 1843 cucurrisse,
2847 1787 2903 1832 et
2931 1776 3212 1831 monuisse
3250 1773 3427 1828 lucem
3478 1786 3537 1825 se

1954 1895 2078 1937 esse
2108 1876 2299 1932 mundi
2328 1876 2369 1927 θ.
2404 1874 2489 1939 Et,
2523 1873 2567 1927 si
2598 1871 2725 1944 quis
2759 1871 2960 1936 sitiret,
2997 1868 3063 1924 ad
3088 1883 3146 1923 se
3164 1881 3287 1922 esse
3317 1864 3537 1918 venien-

1953 1973 2082 2030 dum
2119 1975 2185 2029 “’.
2214 1971 2318 2027 Sed
2355 1985 2456 2023 sua
2508 1981 2631 2041 esse
2685 1972 2906 2034 peccata
2956 1969 3173 2018 secutos
3205 1977 3221 2024 ;
3248 1964 3540 2028 quantum-

1954 2064 2178 2127 vis.nisi
2211 2062 2502 2117 crederent
2533 2059 2662 2129 quia
2723 2056 2839 2125 ipse
2895 2062 2997 2119 est,
3033 2052 3087 2107 in
3132 2048 3376 2122 peccatis
3421 2045 3538 2100 suis

1953 2175 2080 2216 esse
2136 2156 2438 2212 moriturus
2480 2152 2803 2207 inclamaret
2844 2148 2910 2200 “.
2947 2145 3085 2199 Sunt
3118 2143 3306 2205 etiam,
3340 2140 3432 2205 qui
3471 2136 3537 2190 ad

1955 2249 2336 2322 [Egyptiacam
2353 2244 2774 2305 servitutem,et
2810 2235 2876 2289 ad
2914 2232 3217 2295 molestias,
3244 2243 3386 2297 quas
3419 2241 3539 2279 cer-

1957 2315 2397 2408 tis‘te-mporibus
2441 2333 2766 2393 tolerarunt,
2794 2328 2919 2382 ideo
2944 2323 3228 2386 referant;
3277 2315 3423 2389 quod
3470 2315 3539 2368 ab

1955 2448 2044 2497 eo,
2063 2426 2460 2501 qucmminimc
2479 2421 2828 2483 invocabant,
2848 2416 3112 2472 auxilium
3132 2412 3417 2469 sentirent.
3444 2408 3539 2462 llle

1957 2500 2129 2586 enim,
2150 2520 2261 2590 Ego
2291 2517 2436 2580 sum,
2462 2512 2663 2584 inquit,
2695 2511 2788 2581 qui
2818 2524 3006 2563 manus
3030 2523 3173 2560 mea;
3200 2507 3254 2558 in
3277 2500 3425 2557 Mose
3441 2516 3539 2554 ex»

1957 2613 2168 2686 pandi;
2211 2618 2270 2665 ut
2344 2624 2441 2679 per
2484 2605 2766 2661 victoriam
2818 2617 2918 2656 vos
2975 2599 3109 2654 mihi
3163 2595 3538 2655 conciliarem,

1959 2684 2293 2762 Amalecitas
2325 2710 2505 2753 autem
2559 2694 2846 2766 perderem
2876 2710 2891 2745 :
2923 2689 3330 2761 quantumlibet
3377 2684 3540 2738 idolis

1959 2798 2237 2854 inhiantes
2256 2790 2453 2847 vestris
2471 2786 2872 2858 cupiditatibus
2895 2781 3240 2837 inserviretis
3263 2796 3279 2844 ;
3300 2792 3369 2831 ne
3394 2791 3541 2830 nunc

1961 2889 2015 2944 id
2049 2886 2283 2958 primum
2314 2879 2432 2935 iieri
2464 2876 2728 2932 aﬂ‘eratis.
2761 2873 2873 2929 Vos
2903 2873 3049 2928 enim
3105 2871 3173 2924 ab
3220 2868 3378 2935 omni
3424 2880 3540 2920 arvo

1962 2994 2050 3036 me
2083 2972 2440 3033 exacerbastis
2457 2985 2478 3036 ;
2513 2968 2606 3041 qui
2639 2967 2696 3021 in
2722 2976 3003 3033 conspectu
3028 2966 3138 3016 meo
3163 2958 3537 3027 sacriﬁcastis,

1963 3071 2060 3143 qui
2088 3071 2234 3124 Deus
2258 3079 2383 3119 sum
2411 3060 2627 3126 videns,
2653 3057 2859 3127 quique
2887 3070 2974 3110 me
3005 3052 3140 3108 nihil
3166 3050 3348 3105 celare
3379 3064 3543 3120 posse

271 3174 360 3229 μοι
401 3154 757 3225 ἀφιερωθέντι
802 3152 953 3222 ναῷ;
997 3153 1106 3204 Καὶ
1146 3151 1234 3204 διὰ
1271 3149 1539 3222 Ἰερεμίου
1575 3147 1686 3217 γὰρ
1724 3145 1850 3218 ἔφη·

1964 3140 2174 3211 monui.
2203 3150 2343 3218 Quid
2370 3149 2538 3220 igitur
2574 3161 2671 3216 per
2703 3152 3043 3213 conspectum
3072 3157 3249 3202 suum,
3276 3140 3382 3194 nisi
3408 3149 3544 3211 tein:-

1995 3247 2008 3252 -
2292 3242 2306 3252 α
2362 3240 2434 3252 ιιι
2741 3243 2756 3252 .
2903 3251 2910 3252 ,
2957 3244 2971 3252 .
3032 3235 3044 3252 Β
3095 3232 3290 3252 ._II-_.:.
3322 3229 3538 3252 ﬁtP-2----

275 3268 294 3302 ι
324 3248 389 3301 Τί
424 3250 457 3320 ὴ
491 3245 824 3318 ἠγαπημένη
855 3245 912 3297 ὲν
953 3244 1028 3313 τῷ
1054 3244 1188 3313 οἴκῳ
1226 3259 1328 3312 μου
1371 3240 1594 3312 ἐποίησε
1622 3238 1853 3311 βδέλυγ-

271 3357 385 3410 μας
445 3359 463 3391 ι
509 3337 652 3391 οῦτω
696 3336 795 3406 τῆς
828 3336 1048 3407 Γραφῆς
1088 3333 1359 3404 καλούσης
1391 3332 1452 3386 τὸ
1480 3331 1723 3386 εἴδωλον.
1777 3330 1851 3383 Τὸ

265 3432 322 3484 δὲ
357 3431 452 3484 καί⁹
489 3430 600 3483 οὐκ
624 3426 765 3491 εἰσὶ,
800 3427 928 3498 περὶ
953 3426 1060 3479 τῶν
1078 3426 1378 3494 δαιμόνων
1400 3423 1589 3493 φησὶν,
1626 3423 1704 3486 ὼς
1739 3423 1852 3477 οὐκ

265 3523 457 3576 ὄντων
505 3520 656 3603 θεῶν
680 3558 695 3582 ,
732 3514 815 3582 οἷς
852 3518 1007 3570 ἔθυον
1054 3519 1113 3570 ὲν
1146 3519 1260 3579 τοῖς
1306 3515 1375 3567 ἐκ
1412 3514 1682 3569 πλίνθων
1718 3529 1853 3566 κατ-

263 3614 689 3682 εσκευασμένοις
719 3610 942 3680 βωμοῖς.
967 3610 1173 3676 Ἦγουν
1208 3605 1463 3675 ἐπείπερ,
1530 3604 1692 3674 ἡνίκα
1737 3604 1851 3664 τοῖς

265 3705 594 3774 δαιμονίοις
670 3701 926 3771 εὔχοντο,
998 3701 1199 3760 τόπους
1258 3700 1538 3763 πλίνθοις
1604 3696 1851 3759 ἐοικότας

245 3781 584 3867 ⁴διέγραφον,
622 3792 708 3861 ἐφ’
750 3786 826 3846 ὧν
875 3793 1114 3845 ἵσταντο.
1145 3790 1239 3843 Ἐν
1274 3789 1522 3859 μνήμασι
1568 3786 1625 3838 δὲ
1677 3785 1847 3853 λέγει,

264 3887 351 3941 διὰ
389 3889 488 3951 τὰς
534 3882 1024 3954 νεκυομαντείας,
1079 3884 1137 3936 ὲν
1188 3881 1245 3934 δὲ
1310 3878 1661 3946 σπηλαίοις,
1718 3875 1847 3929 ἔνθα

265 3982 428 4033 ἴστων
496 3979 588 4031 ἐπ’
636 3976 815 4045 ὅρους
842 3974 1158 4045 ἀγάλματα,
1200 3972 1233 4043 ἢ
1279 3971 1376 4025 καὶ
1411 3970 1633 4033 τελετὰς
1658 3967 1847 4021 ἐπετέ-

264 4066 393 4125 λουν
414 4070 587 4134 τινας,
622 4067 727 4123 ὑπὸ
756 4067 998 4137 δένδρεσι
1038 4063 1299 4136 μεγάλοις
1327 4062 1519 4126 θυσίας
1546 4059 1848 4131 προσάγον-

265 4180 377 4225 τες.
413 4161 526 4215 Καὶ
557 4162 669 4223 τοῖς
700 4158 910 4217 ἔθνεσιν
954 4153 1174 4229 [φησὶν]
1209 4153 1557 4224 ὁμοιούμενοι
1578 4149 1849 4220 χοιρείων

267 4251 606 4323 ἐνεφορείσθε
636 4250 843 4319 κρεῶν,
874 4250 970 4302 καὶ
996 4248 1067 4301 ἐκ
1106 4244 1224 4299 τῶν
1262 4242 1515 4305 θυσιῶν,
1558 4235 1634 4294 ὧν
1679 4248 1845 4310 προσ-

266 4346 489 4414 εφέρετε
531 4344 800 4413 δαίμοσιν,
848 4340 1069 4410 ἕψοντες
1103 4336 1172 4390 τὰ
1197 4334 1444 4406 περιττὰ,
1478 4332 1601 4387 πᾶν
1621 4331 1848 4397 σκεῦος

266 4437 583 4509 ὲμολύνετετ
631 4437 740 4489 Καὶ
789 4433 1018 4486 τοιαῦτα
1067 4429 1305 4501 δρῶντες
1362 4427 1641 4495 πυρΓκαὶ
1692 4424 1846 4478 ῦδατι

1957 3247 2132 3320 plum,
2165 3242 2310 3313 quod
2331 3240 2436 3297 sibi
2473 3243 2997 3298 consecratumest,
3032 3229 3542 3288 intellexit?Etiam

1952 3339 2101 3394 enim
2131 3350 2227 3405 per
2255 3331 2571 3393 Jeremiam,
2615 3348 2633 3380 ι
2670 3328 2848 3393 Quam
2904 3326 3105 3380 dilecta
3140 3324 3194 3377 in
3248 3322 3413 3376 domo
3443 3334 3542 3375 sua

1953 3429 2085 3487 fecit
2118 3417 2959 3489 abominationem"ipostulare
2993 3414 3183 3469 videas
3232 3412 3277 3444 “
3304 3432 3319 3478 ;
3344 3410 3543 3479 quibus

1951 3519 2140 3575 verbis
2171 3517 2379 3572 idolum
2406 3513 2693 3582 Scriptura
2733 3507 3029 3579 signiﬁcat.
3070 3504 3225 3572 Quod
3254 3513 3437 3557 autem
3488 3514 3543 3555 et

1952 3629 2058 3666 non
2080 3625 2203 3664 sunt
2238 3606 2461 3676 adjecit,
2484 3604 2552 3659 de
2580 3602 2909 3657 dazmonibus
2944 3598 3213 3655 intellexit
3244 3604 3544 3665 ;tanquam

1951 3704 2076 3779 deos
2136 3717 2236 3755 non
2264 3714 2375 3753 esse
2405 3704 2636 3757 asserat,
2670 3686 2873 3762 quibus
2922 3706 3086 3760 super
3135 3689 3328 3743 altaria
3361 3685 3546 3741 lateri-

1952 3776 2049 3849 bus
2072 3800 2390 3848 constructa
2409 3776 2819 3843 sacriﬁcabant.
2836 3781 2934 3838 Vel
2954 3783 3242 3852 quia,cuin
3267 3779 3537 3835 daemonia

1950 3885 2339 3956 precabantur,
2392 3880 2515 3935 loca
2583 3876 2927 3948 quaedamin
2988 3873 3212 3927 laterum
3280 3870 3545 3925 similitu-

1951 3976 2230 4042 dinem,iu
2255 3973 2458 4043 quibus
2497 3986 2563 4026 ea
2598 3968 2906 4039 erigebant,
2938 3963 3311 4026 delineabant,
3369 3958 3547 4025 sepul-

1950 4083 2164 4121 crorum
2185 4061 2385 4119 deinde
2414 4060 2665 4116 meminit
2694 4075 2708 4124 ;
2743 4065 2803 4113 ut
2837 4054 3233 4111 divinationem
3269 4065 3367 4120 per
3397 4064 3546 4104 mor—

1952 4170 2077 4216 tuos
2135 4159 2413 4212 innueret.
2448 4151 2777 4209 Meminitet
2805 4148 3203 4218 speluncarum,
3250 4142 3341 4197 ubi
3376 4142 3549 4197 simu-

1950 4255 2097 4308 lacra
2117 4251 2170 4304 in
2186 4257 2360 4302 mome
2381 4244 2759 4307 collocabant;
2776 4250 2868 4295 aut
2886 4240 3051 4295 etiam
3094 4251 3251 4292 sacra
3274 4233 3546 4303 qmedam,

1952 4344 2211 4399 mactatis
2242 4339 2345 4394 sub
2376 4335 2624 4407 proceris
2656 4332 2949 4387 arboribus
2981 4327 3203 4391 hostiis,
3244 4323 3546 4381 faciebant,

1951 4431 2096 4497 Quin
2129 4437 2185 4483 et
2239 4434 2452 4495 gentes,
2490 4421 2588 4485 ait,
2624 4418 2846 4484 imitati,
2879 4417 3111 4472 suilibus
3156 4413 3405 4469 carnibus
3446 4410 3551 4464 im-

269 4504 745 4595 περιαγνιζὸμενοι
785 4520 1085 4589 καθαροὺς
1115 4517 1374 4583 ἑαυτοὺς
1411 4515 1747 4585 ὠνομάζετε.
1781 4515 1844 4566 Ἀ

1959 4518 2259 4595 plebamini
2288 4535 2304 4585 ;
2342 4530 2571 4585 vasaque
2594 4512 2775 4567 omnia
2815 4509 3112 4566 elixationc
3142 4504 3549 4576 superﬂuorum

263 4619 321 4672 δὲ
363 4617 541 4670 πάντα
587 4615 821 4679 καπνός
867 4616 988 4667 εισι
1021 4610 1128 4665 τοῦ
1162 4607 1355 4677 θυμοῦ
1404 4624 1545 4677 μου.
1584 4606 1698 4676 Πρὸ
1740 4605 1849 4675 γὰρ

264 4710 361 4778 τῆς
397 4707 697 4778 ἐπιδημίας
746 4704 888 4776 ἀρχή
924 4720 1042 4766 πως
1081 4698 1150 4772 ἦν
1177 4702 1275 4771 τῆς
1317 4697 1470 4761 θείας
1507 4696 1701 4767 ὀργῆς.
1747 4694 1850 4747 Τὸν

265 4804 320 4856 δὲ
339 4801 529 4872 θυμὸν
552 4801 757 4871 ἐξῆψαν
785 4799 855 4852 τὰ
875 4797 1021 4852 κατὰ
1048 4797 1143 4851 τοῦ
1173 4796 1426 4864 Σωτῆρος
1451 4793 1849 4862 τολμήσαντες.

276 4897 340 4945 ὐ
405 4894 461 4946 δὲ
516 4894 750 4958 καπνὸς
798 4894 885 4956 είς
930 4890 1051 4958 πῦρ
1113 4887 1497 4959 μετεϐάλλετο.
1534 4882 1759 4952 Ἐπειδὴ
1797 4881 1853 4933 δὲ

266 4994 379 5054 τοῖς
409 4990 719 5058 ἀνθρώποις
763 4988 985 5059 βοήθεια
1032 4988 1169 5059 πρὸς
1208 4985 1382 5056 λήθην
1417 4983 1488 5038 τὰ
1522 4980 1852 5052 γράμματα,

267 5082 543 5153 τροπικῶς
591 5085 655 5135 ἐκ
707 5083 913 5135 τούτων
959 5081 1201 5134 δείκνυσι
1246 5080 1307 5131 τὸ
1342 5077 1702 5144 ἀνεπίληστον
1756 5072 1851 5125 τοῦ

268 5174 402 5227 Θεοῦ
428 5188 443 5203 ⁸
477 5176 658 5227 ὁποῖον
698 5175 792 5228 καὶ
822 5174 973 5245 παρὰ
998 5171 1197 5242 Δανιὴλ
1238 5171 1320 5236 τὸ,
1357 5168 1543 5222 Βίϐλοι
1573 5165 1849 5235 ἀνεῴχθη-

271 5281 389 5325 σαν,
426 5266 689 5332 σημαῖνον
742 5264 842 5334 τὴν
870 5264 1045 5317 πάντα
1087 5260 1287 5329 γνῶσιν
1338 5257 1855 5330 περιλαμϐάνουσαν

267 5353 361 5407 τοῦ
403 5353 563 5406 Θεοῦ.

1959 4593 2023 4667 de
2063 4612 2449 4682 Itostiis,_quas
2515 4606 2618 4677 ipsi
2677 4602 2956 4667 feceratis,
3008 4594 3543 4668 coinquinaveratis.

1957 4706 2089 4772 Quae
2145 4715 2327 4758 tamen
2375 4717 2501 4755 cum
2565 4697 2818 4770 ageretis,
2846 4694 3138 4766 postquam
3179 4692 3297 4762 igne
3341 4703 3440 4743 vos
3496 4696 3552 4741 et

1964 4804 2106 4867 a’qua
2163 4794 2528 4855 Iustrassetis,
2577 4791 2799 4845 mundos
2846 4805 2936 4843 vos
2994 4783 3374 4856 appellabatis.
3420 4780 3554 4846 Quae

1964 4898 2115 4945 certe
2132 4888 2319 4942 omnia
2350 4886 2549 4955 furoris
2572 4884 2675 4937 mei
2703 4883 2883 4951 {unius
2915 4890 3061 4933 sunt.
3093 4876 3221 4931 Erat
3244 4875 3390 4931 enim
3428 4879 3555 4925 ante

1964 4980 2263 5036 adventrum
2307 4977 2476 5031 veluti
2507 4974 2783 5046 quoddam
2809 4972 3012 5026 divina:
3038 4970 3134 5024 ira:
3169 4964 3504 5038 principium
3536 4976 3550 5025 ;

1960 5070 2055 5126 sed
2089 5069 2255 5139 738
2287 5068 2521 5136 furorem
2563 5063 2811 5117 accendit
2851 5069 3130 5130 patratum
3177 5059 3232 5111 in
3291 5054 3550 5109 Salvato-

1963 5177 2077 5216 rcm
2111 5161 2326 5213 l'aciuus
2355 5177 2369 5212 :
2404 5158 2630 5227 ipseque
2683 5155 2859 5223 [unius
2892 5155 2946 5205 in
2978 5153 3095 5220 igne
3150 5155 3391 5203 mutatus
3447 5153 3551 5199 est.

1968 5251 2241 5319 Quoniam
2279 5258 2463 5303 autem
2527 5247 2782 5301 homines
2816 5245 2881 5299 ad
2920 5243 3197 5297 memoria:
3243 5234 3551 5295 subsidium

1965 5344 2176 5412 scriptis
2203 5341 2278 5394 uti
2310 5342 2561 5395 videmus
2596 5356 2610 5404 ;
2654 5339 2722 5390 ab
2755 5336 2864 5389 illis
2916 5335 3125 5403 tropice
3187 5333 3338 5386 nulla
3385 5331 3551 5383 Deum

269 5441 547 5498 oblivione
570 5442 824 5499 laborare
845 5445 1213 5499 demonstrat.
1236 5439 1560 5510 Cuiusmodi
1594 5437 1725 5492 illud
1746 5446 1850 5498 est,
1887 5435 2033 5505 quod
2086 5434 2227 5503 apud
2301 5432 2575 5486 [huic-lem
2638 5437 2859 5496 apertos
2936 5441 3057 5479 esse
3132 5426 3301 5479 libros
3349 5419 3555 5491 reperi-

270 5550 394 5592 mus
429 5538 508 5603 ”;
552 5545 611 5591 ut
640 5553 824 5593 omnia
868 5537 962 5592 Dei
1008 5536 1375 5606 cognitionem
1426 5534 1713 5604 cuiiiplrcti
1776 5531 2067 5597 signiticet.

351 5633 485 5709 Ἐπί
527 5634 584 5687 δὲ
632 5634 748 5689 τῶν
770 5633 1018 5700 ﬂow-(Br
1059 5631 1383 5686 ὠνείδισώ⁴
1434 5649 1532 5700 με,
1581 5630 1734 5700 φησί.
1772 5629 1845 5681 Ub

2035 5625 2297 5691 Sequitur
2317 5619 2511 5674 deinde
2546 5636 2557 5672 :
2590 5615 2657 5670 Et
2695 5632 2850 5685 super
2902 5612 3061 5667 colles
3108 5613 3553 5679 exprobrauerunt

343 5750 363 5781 ⁸
387 5752 578 5806 Ezecli.
606 5770 756 5818 κγιιι,
783 5753 874 5807 9.3.
929 5755 948 5784 θ
985 5750 1144 5805 Jonn.
1171 5765 1287 5813 \‘lll,
1321 5751 1396 5802 ιε.
1449 5750 1488 5779 ‘°
1527 5749 1656 5803 ibi'J.
1688 5764 1777 5811 γιι,
1813 5746 1845 5800 5

1984 5746 2019 5774 ¹¹
2064 5745 2193 5799 ibid.
2223 5758 2341 5807 \‘lll,
2383 5739 2474 5795 Ἡ.
2557 5735 2927 5801 "Jcrcm.x1,
2965 5733 3047 5787 iii.
3127 5731 3324 5787 l‘Dan.
3358 5740 3449 5789 vn,
3476 5722 3553 5785 l0;

270 5820 439 5890 Apoc.
473 5836 564 5885 xx,
608 5820 693 5874 1⁸2.
