3972 6192
249 176 383 239 9(δῦ

1371 170 1901 229 COMMENTARII
1946 168 2025 229 IN
2055 159 2340 235 Issum.
2618 203 2634 220 ι
3358 176 3498 237 esse

256 286 524 348 κατιόντες
572 285 651 347 είς
683 285 836 354 ᾅδου,
868 284 964 337 καὶ
1014 282 1107 352 τὴν
1148 281 1235 333 διὰ
1270 281 1440 359 stupe;
1466 282 1826 351 ὑπομένοντες

1949 285 2084 338 idem
2141 296 2490 353 respuerent,
2554 285 2747 341 refet'rt
2794 287 3000 342 dicant.
3040 284 3109 339 Ut
3177 286 3322 338 cnim
3389 301 3497 339 nou

255 378 491 442 κόλασιν,
535 377 627 439 οὓς
686 376 779 429 καὶ
830 375 995 445 τιμᾷν
1034 389 1166 443 φησι
1208 372 1305 442 τὴν
1342 376 1568 440 τέχην,
1612 372 1708 424 καὶ
1760 373 1821 424 τὸ

188 544 192 548 ,
251 472 573 543 δαιμόνιον.

1931 377 2153 444 impune
2184 377 2352 430 cessit
2408 377 2695 443 lsraelitis,
2726 379 2872 448 quod
2905 378 3124 434 Christo
3156 392 3263 430 non
3299 392 3499 445 parue-

1933 474 2064 519 rttnt
2088 467 2346 536 (servatis
2377 470 2522 522 enim
2544 468 2637 523 Dei
2666 470 3021 524 miseratione
3052 467 3301 535 reliquiis
3326 468 3501 520 inter-

168 607 175 613 .
253 567 463 622 uecioni
496 566 609 619 dati
631 565 916 636 sunt):sic
938 571 992 619 et
1021 567 1073 619 in
1095 566 1210 633 ipsa
1242 563 1485 632 gentium
1515 562 1823 617 vocatione.
1865 563 2131 631 quilidem
2152 577 2256 615 non
2281 562 2698 631 amplectentur,
2724 561 2779 614 in
2811 562 3009 615 caedem
3074 560 3297 614 demissi
3357 562 3498 632 apud
3562 576 3567 581 ·

253 661 458 717 inferos
525 661 840 722 tradentur,
898 661 1135 730 igneque
1187 660 1617 718 crnciabuntur;
1672 674 1812 727 quos
1851 658 2014 711 etiam
2050 657 2318 726 fortunam
2346 656 2737 710 etdrcmonium
2760 657 2937 711 colere
2965 656 3260 728 signiﬁcat.

295 762 493 823 ηυξ-κε’.
544 756 647 807 Διὰ
691 751 866 806 τοῦτο
905 750 1047 805 τάδε
1079 751 1241 820 λέγει
1274 749 1488 815 Κύριος
1513 766 1527 780 ο
1574 748 1732 804 Ἰδοὺ
1770 752 1825 803 oi

251 845 645 910 δουλεύοντές
675 862 777 913 μοι
814 843 1144 912 φὰγνωνται·
1173 840 1342 911 ὑμεῖς
1380 840 1447 893 δὲ
1487 840 1823 893 πεινάσετε.

266 934 415 989 Ἰδοὺ
441 937 495 987 οΙ
515 931 917 997 δουλεύοντές
934 948 1037 1000 μοι
1062 932 1311 983 πίωνται
1328 946 1341 959 ·
1364 929 1533 997 ὑμεῖς
1556 928 1624 982 δὲ
1645 929 1824 998 διψή-

254 1042 405 1079 σετε.
460 1023 608 1077 Ἰδοὺ
642 1026 696 1076 oi
726 1020 1122 1085 ὃουλεύοντές
1139 1037 1238 1089 μοι
1264 1019 1785 1089 εὐφρανθήσονται
1811 1038 1823 1050 ·

256 1116 418 1183 ὑμεῖς
451 1114 520 1167 δὲ
560 1111 1075 1181 αἰσχυνθήσεσθε.
1128 1111 1285 1165 Ἰδοὺ
1327 1114 1379 1164 οἱ
1427 1110 1817 1177 δοινλεύοντές

252 1223 343 1274 μοι
376 1206 851 1273 ἀγα.1.ίιάσονται
876 1204 947 1256 ἐν
974 1206 1349 1271 εὐφροσύνῃ,
1393 1222 1446 1258 κ.
1476 1220 1527 1255 τ.
1559 1204 1608 1256 λ.

325 1297 507 1349 Είπὼν
556 1296 616 1347 τὸ
643 1294 766 1348 κατ’
802 1296 1031 1364 ἐκλογὴν
1062 1296 1284 1365 σπέρμα
1317 1294 1412 1348 τοῦ
1457 1293 1694 1364 Ἰσραὴλ,
1731 1294 1827 1345 καὶ

258 1386 347 1441 τὰς
367 1384 435 1437 δι’
464 1384 643 1437 αὐτῶν
685 1383 958 1445 συστάσας
997 1383 1324 1451 Ἐκκλησίας
1345 1393 1371 1422 ι
1390 1397 1405 1413 ⁶
1440 1384 1553 1444 τοῖς
1581 1381 1636 1433 δὲ
1663 1379 1829 1434 ἀπολ-

256 1476 533 1545 λυμένοις,
584 1475 727 1528 κατὰ
780 1475 880 1544 μέν
922 1491 1075 1536 τινας
1107 1474 1492 1544 Ἰσραηλίταις,
1550 1472 1672 1524 καθ’
1712 1462 1829 1525 ἑτέ-

2003 748 2379 820 740-74]
2451 746 2617 802 Vens.
2656 747 2852 800 13-25.
2894 746 3179 814 Propterea
3221 749 3332 802 lure
3372 749 3503 801 dict'
3549 770 3555 787 ι

1932 839 2229 893 Dominus:
2263 839 2394 893 Ecce
2427 840 2564 893 servi
2591 843 2692 891 mei
2721 840 3012 897 comedent.
3043 858 3129 893 vos
3165 850 3339 894 autem
3378 858 3503 895 csu-

1930 931 2097 983 rietis.
2155 929 2286 984 Ecce
2333 931 2469 984 servi
2516 931 2617 983 mei
2665 929 2869 990 bibent,
2916 946 3002 983 vos
3060 940 3236 983 autem
3280 932 3493 985 sitietis.

1936 1022 2066 1076 Ecce
2091 1023 2225 1076 servi
2252 1024 2353 1075 mei
2380 1022 2705 1093 gaudebunt,
2736 1039 2823 1076 vos
2864 1034 3038 1075 autem
3074 1024 3501 1081 confundemiui.

1929 1114 2066 1168 Ecce
2103 1115 2236 1167 servi
2267 1115 2369 1167 mei
2406 1114 2749 1168 exsultabant
2778 1116 2830 1167 in
2861 1114 3075 1183 gaudio,
3105 1126 3213 1169 etc.

2004 1292 2165 1363 742
2199 1288 2561 1359 Posteaquam
2596 1289 2815 1345 lsraelis
2849 1306 3033 1345 semen
3070 1292 3298 1346 electum
3322 1302 3374 1348 et.
3401 1292 3507 1347 Ec-

1933 1387 2151 1447 clesias,
2179 1399 2300 1453 quae
2325 1399 2389 1438 ex
2428 1384 2547 1453 ipso
2578 1381 2824 1436 conﬂata:
2855 1390 3004 1444 sunt,
3066 1384 3245 1436 sancti
3298 1386 3508 1438 montis

1938 1476 2313 1529 Inereditatem
2346 1490 2467 1529 esse
2502 1473 2827 1541 audituros;
2892 1476 3249 1544 pereuntibus
3302 1486 3508 1539 autem,

240 1578 377 1633 -ρους
403 1561 458 1614 δὲ
481 1561 735 1624 ἐθνικαῖς,
758 1560 855 1621 τὰς
887 1559 1257 1629 καταλλήλους
1284 1560 1312 1598 δ
1335 1558 1504 1612 εἰπὼν
1534 1558 1824 1627 τιμωρίας

1949 1568 2048 1621 sive
2078 1565 2370 1627 lsraelitis,
2422 1566 2539 1620 sive
2573 1565 2852 1634 gentibus,
2901 1572 2961 1617 ut
3005 1566 3130 1618 aliis
3175 1576 3337 1634 atque
3384 1566 3512 1618 aliis

262 1654 392 1723 πρὸς
425 1653 549 1715 τοὺς
575 1652 773 1713 αὐτοὺς
796 1651 945 1718 λέγει
967 1651 1061 1703 καὶ
1085 1652 1153 1704 τὰ
1179 1651 1539 1720 προκείμενα,
1564 1649 1828 1703 διδάσκων

261 1743 330 1805 ὡς
367 1743 574 1819 δίκαιος
604 1740 680 1793 ὢν
716 1742 743 1795 ό
769 1741 924 1805 Θεὸς,
972 1742 1099 1803 τοὺς
1138 1740 1476 1810 πανταχόθεν
1502 1739 1652 1809 αὑτῷ
1689 1739 1831 1794 δουτ

222 1838 229 1846 ’
263 1836 574 1899 decor-mc,
609 1834 720 1886 ἀλλ’
751 1833 810 1885 οὐ
860 1835 1076 1895 πάντως
1124 1834 1183 1898 ἐξ
1219 1831 1437 1902 Ἰσραὴλ
1493 1830 1832 1900 ὑποδεξαμέ-

266 1945 381 1989 νους
409 1937 430 1966 ο
462 1926 620 1979 δώσει
652 1926 842 1988 αὐτοῖς
880 1926 960 1988 εἰς
996 1925 1204 1998 τροφὴν
1252 1926 1342 1978 τὸν
1375 1926 1623 1989 είπόντα,
1694 1923 1835 1991 Ἑγώ

264 2023 376 2088 είμι
403 2023 430 2072 ὀ
457 2019 619 2089 ἄρτος
650 2016 677 2072 ὸ
710 2019 775 2070 ὲκ
796 2017 889 2071 τοῦ
916 2016 1146 2087 οὐρανοῦ
1172 2015 1439 2079 καταϐάς,
1466 2007 1637 2084 οὗπερ
1671 2014 1718 2066 οἱ
1759 2012 1834 2083 μὴ

264 2111 657 2176 δουλεύοντες
704 2108 1129 2180 στερηθήσονται
1156 2123 1170 2139 ⁸
1214 2107 1310 2161 καὶ
1355 2107 1405 2160 οἱ
1451 2106 1549 2176 μὲν
1589 2104 1678 2157 τὸν
1732 2120 1836 2173 μυ-

268 2204 449 2256 στικὸν
477 2204 716 2257 πίονται
748 2198 912 2265 οἶνον,
933 2201 1100 2270 ἤγουν
1127 2198 1188 2252 τὸ
1212 2197 1380 2269 ὕδωρ,
1408 2214 1474 2249 πε
1486 2198 1539 2268 p‘t
1562 2188 1623 2249 οὗ
1647 2213 1834 2267 φησιν’

272 2299 361 2361 *υς
396 2295 460 2348 ἂν
495 2293 593 2366 πίῃ
617 2296 681 2347 ἐκ
713 2293 803 2345 τοῦ
834 2291 1045 2357 ὓδατος,
1081 2284 1143 2344 οὗ
1171 2288 1282 2357 ἐγὼ
1299 2289 1457 2341 δώσω
1490 2285 1661 2356 αὐτῷ,
1694 2306 1710 2338 ι
1745 2288 1840 2340 καὶ

273 2387 339 2438 τὰ
366 2384 517 2453 ἑξῆς,
560 2386 608 2436 ct
648 2382 705 2435 δὲ
738 2380 911 2451 τούτῳ
970 2379 1365 2448 διψήσουσιν.
1419 2377 1525 2429 Καὶ
1561 2376 1840 2444 ἀναλόγως

269 2482 314 2533 oi
362 2481 460 2548 μὲν
510 2475 972 2547 εὐφρανοῦνται.
1017 2472 1289 2542 Καθαιρεῐ
1321 2471 1430 2540 γάρ
1469 2468 1745 2539 ἁμαρτίας
1774 2467 1843 2521 τὰ

271 2570 546 2642 μυστικὰ,
595 2569 690 2623 καὶ
736 2569 825 2621 τὸν
861 2568 951 2620 ἐπὶ
989 2569 1101 2627 τοῖς
1141 2562 1551 2634 ἡμαρτημένοις
1601 2560 1842 2630 ἐξίστησι

270 2664 453 2731 φόϐον,
490 2663 583 2717 καὶ
609 2660 788 2729 ἀγαθὰ
813 2658 1027 2712 δίδωσιν
1056 2656 1298 2718 ἐλπίζειν
1344 2655 1412 2708 τὰ
1453 2653 1717 2722 μέλλοντα
1744 2668 1756 2681 ·
1792 2653 1843 2704 οἱ

269 2755 323 2808 δὲ
348 2753 909 2823 (ιίσχυνθήσσνταν
957 2748 1052 2801 καὶ
1089 2748 1138 2800 οἱ
1202 2746 1299 2817 μὲν
1349 2743 1842 2813 ἁγαλλιάσονται,

270 2848 478 2901 τούτων
529 2844 807 2915 τυχόντες,
860 2844 908 2894 oi
953 2841 1009 2894 δὲ
1046 2838 1269 2900 τούτους
1309 2836 1545 2907 ὁρῶντες
1579 2836 1640 2887 οὐ
1689 2834 1846 2904 σῶμα

1935 1656 2133 1724 placet,
2170 1669 2363 1725 pmnas
2391 1671 2452 1710 se
2484 1668 2767 1722 congruas
2800 1654 3179 1708 innuissurnm
3207 1655 3417 1719 docuit,
3452 1657 3504 1707 in

1933 1747 2151 1799 eosdem
2183 1756 2237 1800 et
2268 1761 2390 1815 quae
2439 1746 2529 1800 hic
2579 1746 2872 1808 habentur,
2919 1748 3190 1810 assumit;
3240 1746 3513 1815 docetque

1939 1839 2127 1901 llcnm,
2158 1839 2249 1908 qtti
2282 1838 2468 1907 justus
2506 1838 2597 1902 sit,
2630 1853 2771 1908 quos
2805 1839 3005 1907 ubique
3028 1855 3202 1891 serra:
3229 1839 3507 1903 habuerit,

1936 1946 2044 1984 non
2082 1931 2364 1984 lsraelitas
2396 1944 2591 1984 omnes
2652 1944 2781 1984 esse
2825 1930 3227 1999 amplexormn,
3275 1945 3513 1999 etunque

1938 2023 1991 2075 in
2028 2021 2212 2075 cibum
2249 2021 2360 2075 illis
2385 2020 2751 2085 traditurum,
2783 2021 2872 2089 qui
2914 2036 2972 2074 se
3002 2035 3194 2088 panem
3241 2021 3382 2074 cmlo
3422 2022 3518 2074 de-

1942 2113 2177 2168 missum
2201 2127 2323 2168 esse
2363 2111 2653 2166 aﬂlrmavit
2681 2111 2757 2177 ¹⁶;
2797 2126 2906 2180 quo
2938 2112 3025 2175 iis,
3071 2111 3164 2179 qui
3221 2113 3356 2165 servi
3406 2128 3517 2165 non

1941 2204 2170 2269 iuerint,
2193 2203 2493 2258 carendum
2536 2204 2630 2259 sit.
2660 2203 2727 2256 Et
2766 2204 2821 2256 hi
2855 2203 3075 2270 quidem
3108 2205 3399 2272 mysticum
3434 2203 3519 2255 vi-

1940 2311 2094 2359 mtm,
2125 2306 2217 2350 aut
2240 2311 2464 2366 aquam,
2496 2296 2710 2350 bibituri
2737 2304 2898 2357 sunt;
2935 2311 3099 2363 quam
3135 2305 3192 2348 ut
3223 2294 3513 2358 indicaret,

1942 2389 2109 2443 verba
2135 2388 2278 2441 ista:
2315 2404 2334 2438 ι
2364 2387 2468 2453 Qui
2517 2402 2718 2457 aquam
2765 2387 2988 2452 biberit,
3039 2403 3200 2457 qnam
3263 2402 3366 2457 ego
3419 2388 3520 2441 da-

1944 2480 2104 2543 bo",
2150 2497 2169 2529 ι
2221 2486 2274 2530 et
2316 2494 2439 2547 quae
2481 2478 2765 2547 deinceps,
2817 2482 3146 2546 usurpavit:
3204 2478 3281 2531 illi
3333 2487 3520 2533 autem

1945 2570 2178 2623 istorum
2204 2570 2297 2623 siti
2319 2570 2637 2624 laboraturi.
2678 2569 2807 2625 Pari
2838 2573 3002 2625 modo
3028 2572 3159 2625 sunt
3192 2584 3245 2626 et
3290 2572 3344 2624 lu“
3384 2589 3522 2643 gau-

1944 2663 2095 2715 dium
2123 2661 2359 2715 habituri
2394 2678 2413 2717 :
2449 2677 2575 2717 cum
2613 2662 2807 2716 tollant
2843 2670 3064 2732 peccata
3089 2664 3349 2734 mysteria
3380 2663 3520 2732 ipsa,

1949 2761 2207 2821 metuque
2266 2753 2521 2819 liberent,
2578 2751 2673 2821 qui
2731 2752 2813 2807 eis
2864 2753 3150 2814 incutitur,
3202 2767 3414 2822 nosque
3467 2754 3524 2806 in

1953 2844 2262 2898 futurorum
2295 2845 2562 2901 bonorum
2596 2862 2745 2916 spem
2794 2847 3039 2914 erigant;
3072 2846 3148 2897 illi
3177 2854 3357 2899 autem
3400 2862 3526 2898 cono

268 2936 635 3002 :t'orzicovc't,
665 2933 861 3005 μικρὸν
886 2931 995 3001 γὰρ
1023 2930 1203 2992 τοῦτο,
1225 2928 1324 2995 τὴν
1351 2926 1406 2979 δὲ
1430 2925 1681 2995 καρδίαν
1709 2924 1839 2978 ὀδυ-

1949 2934 2208 3004 fusionem
2251 2938 2495 3006 passuri.
2529 2938 2671 2992 Sunt
2704 2945 2757 2993 et
2787 2937 2840 2990 hi
2880 2944 3140 3005 praeterea
3171 2936 3520 2998 exsulmturi,

269 3025 660 3093 νηθήσονται,
686 3022 780 3075 τοῦ
822 3020 1010 3092 κριτοῦ
1041 3019 1110 3072 τὰ
1140 3016 1276 3089 πρὸς
1314 3015 1470 3080 ἀξίαν
1500 3016 1682 3077 αὐτοῖς
1714 3015 1847 3067 ἀπο-

271 3118 546 3186 νέμοντος.
587 3115 744 3175 Τινὲς
783 3112 837 3165 δέ
890 3129 1076 3181 φασιν,
1131 3110 1206 3172 ὡς
1252 3107 1696 3175 συγκαταϐαίνων
1736 3107 1847 3167 τοῖς

285 3209 595 3273 Ἰουδαίοις,
658 3207 717 3273 ἐξ
751 3200 825 3258 ὧν
865 3204 1128 3271 ὠρίζοντο
1166 3204 1264 3275 τὴν
1310 3200 1709 3272 μακαριότητα,
1754 3199 1848 3252 καὶ

272 3306 371 3375 τὴν
400 3303 557 3372 δίκην
589 3300 852 3371 ὁρίζεται.
885 3298 975 3350 Ἐν
1005 3298 1201 3367 γαστρὶ
1234 3296 1342 3366 γὰρ
1371 3294 1431 3347 τὸ
1456 3295 1563 3347 πᾶν
1607 3286 1850 3346 ἐτίθεντο

274 3390 372 3458 τῆς
403 3388 781 3449 ἀπολαύσεως.
829 3384 992 3438 Ὅθεν
1021 3384 1349 3457 ἐπιστρέψαι
1378 3382 1721 3453 βουλόμενος,
1750 3382 1850 3451 τὴν

273 3481 482 3535 τούτων
510 3478 767 3549 στέρησιν
797 3476 988 3547 ἐπῄνει
1011 3474 1062 3541 ά,
1095 3474 1264 3528 καὶτὸ
1289 3475 1423 3544 μηδὲ
1439 3474 1627 3542 ὄνομα
1647 3474 1850 3527 τούτων

278 3571 564 3641 φέρεσθαι,
586 3569 1057 3639 ἀντεισαγομένων
1080 3569 1157 3628 είς
1177 3566 1267 3617 τὸν
1288 3565 1487 3636 κλῆρον
1514 3563 1714 3628 αὐτῶν,
1740 3563 1850 3616 τῶν

275 3663 521 3727 δικαίων,
553 3660 647 3725 οὓς
674 3662 768 3714 καὶ
811 3660 1032 3730 κλῆρος,
1065 3657 1165 3712 καὶ
1188 3658 1375 3725 ὄνομα
1410 3654 1663 3723 πατέρων
1690 3670 1854 3721 περι-

275 3756 640 3827 λελείψεται.
671 3756 744 3808 Τὸ
766 3756 821 3808 δὲ
842 3757 928 3820 είς
957 3748 1353 3820 πλησμονὴν,
1390 3749 1468 3809 είς
1498 3748 1653 3816 μῖσος
1680 3744 1851 3814 δηλοῖ,

278 3850 420 3904 κατὰ
451 3851 744 3919 συνήθειαν
766 3845 1062 3918 γραφικὴν,
1094 3843 1169 3905 ὼς
1192 3842 1274 3906 τὸ,
1301 3839 1633 3911 Ἐγενήθητέ
1663 3855 1751 3907 μοι
1774 3837 1855 3899 είς

278 3942 619 4015 πλησμονήν.
665 3942 724 3993 '0
765 3939 873 4008 γὰρ
928 3938 1084 4006 κόρος
1141 3935 1493 4003 ἀποστροφὴν
1540 3927 1854 3999 ἀπεργάζε-

276 4051 394 4089 ται.
431 4033 719 4099 Βδέλυγμα
756 4029 934 4103 τοίνυν
986 4026 1197 4088 ἔσεσθε,
1238 4026 1395 4095 φησὶ,
1437 4023 1534 4077 καὶ
1574 4022 1853 4090 λεγόμενοι

279 4120 456 4195 [υίοί],
490 4124 538 4174 oi
565 4121 620 4173 δὲ
646 4121 865 4183 δίκαιοι,
915 4117 1042 4181 λαὸς
1076 4120 1251 4185 ἅγιος.
1274 4116 1426 4178 ἔθνος
1452 4113 1727 4178 ἐκλεκτὸν,
1757 4111 1856 4181 βα-

281 4214 483 4267 σίλειον
534 4211 854 4286 ἱεράτευμα,
915 4207 1056 4262 κατὰ
1111 4208 1212 4278 τὴν
1267 4205 1472 4276 Πέτρου
1504 4203 1709 4272 φωνήν.
1745 4202 1853 4253 Καὶ

280 4304 473 4370 ταῦτα,
505 4308 552 4359 εί
596 4304 734 4375 πρὸς
758 4302 1007 4365 ὲθνικοὺς
1054 4301 1146 4354 καὶ
1174 4297 1564 4367 εἰδωλολάτραις
1606 4297 1634 4348 ό
1671 4293 1850 4362 λόγος’

280 4399 329 4449 εἰ
392 4397 449 4449 δὲ
502 4396 638 4466 πρὸς
694 4395 819 4457 τοὺς
869 4392 928 4457 ἐξ
981 4390 1196 4463 Ἰσραὴλ
1243 4388 1669 4456 ἀπειθήσαντας,
1720 4385 1853 4437 suo

280 4490 422 4560 ὅπερ
452 4484 595 4559 ἦσαν
635 4488 811 4553 αὐτοὶ,
842 4488 1029 4551 τέκνα,
1064 4486 1158 4537 καὶ
1190 4482 1339 4547 λαὸς,
1365 4482 1458 4534 καὶ
1484 4478 1685 4549 κλῆρος
1718 4476 1855 4529 Θεοῦ

280 4581 734 4652 χρηματίζοντες,
765 4579 913 4634 τοῦτο
933 4578 983 4630 οἱ
1014 4576 1072 4643 ἐξ
1102 4574 1273 4627 ἐθνῶν
1306 4572 1732 4632 πεπιστευκότες
1761 4584 1856 4637 γε-

279 4674 535 4742 νήσονται
555 4685 568 4699 ’
615 4671 709 4724 καὶ
747 4669 904 4723 τοῦτο
936 4668 997 4720 τὸ
1027 4667 1117 4721 διὰ
1148 4665 1330 4735 φωνῆς
1358 4664 1515 4733 Ὡσηέ
1542 4677 1555 4690 ·
1604 4665 1712 4716 Καὶ
1755 4678 1854 4716 κα-

279 4739 426 4817 λέσω
454 4762 545 4818 τὸν
569 4761 697 4815 λαόν
720 4777 820 4831 μου
846 4761 906 4813 οὐ
927 4758 1054 4811 λαόν
1083 4774 1202 4828 μου.

1948 3042 2074 3084 cum
2110 3029 2223 3082 lucc
2256 3043 2352 3083 eos
2380 3028 2613 3097 adipisci
2645 3028 2948 3096 contigerit
2984 3045 2997 3081 :
3032 3027 3107 3082 illi
3146 3037 3326 3081 autem
3386 3029 3525 3084 istos

1925 3118 2231 3172 'intuentes
2262 3133 2370 3171 non
2406 3132 2641 3185 corpore
2667 3116 2970 3170 laboraturi
3013 3115 3151 3187 (hoc
3201 3118 3348 3171 enim
3399 3133 3529 3186 par-

1953 3225 2075 3263 vum
2106 3208 2255 3273 est),
2301 3209 2393 3264 sed
2421 3208 2579 3262 corde
2601 3208 2840 3262 dolorem
2870 3208 3180 3275 experturi;
3207 3222 3331 3261 cum
3355 3207 3528 3275 judex

1949 3313 2044 3352 eos
2080 3312 2179 3368 pro
2213 3297 2537 3354 meritorum
2588 3299 2804 3353 ratione
2861 3297 3267 3367 compensabit.
3323 3296 3531 3352 Volunt

1952 3398 2132 3445 tamen
2176 3389 2423 3444 nonnulli
2465 3404 2592 3443 eum
2646 3403 2707 3443 se
2759 3386 2829 3441 ad
2879 3385 3196 3441 Iudaeorum
3250 3388 3528 3458 ingenium

1950 3483 2266 3549 demittere;
2302 3492 2355 3535 et
2382 3495 2455 3536 ex
2485 3480 2551 3534 iis
2578 3479 2856 3548 justitiam
2888 3479 3145 3545 definire,
3178 3479 3382 3550 quibus
3431 3495 3529 3532 eos

1955 3570 2347 3625 beatitudinem
2413 3584 2650 3625 censere
2710 3571 3234 3625 animadvertebat.
3298 3569 3530 3625 Omnem

1954 3663 2098 3713 enim
2131 3660 2550 3714 delectationem
2619 3668 2811 3715 ventre
2855 3661 3245 3716 metiebantur.
3284 3663 3403 3728 Quo
3453 3664 3559 3718 far

1955 3759 2102 3802 ctum
2127 3758 2231 3815 est,
2273 3758 2333 3803 ut
2357 3757 2602 3804 avertere
2624 3757 2893 3813 statuens,
2919 3750 3146 3804 istorum
3173 3752 3531 3822 privationem

1957 3849 2248 3911 proponat,
2290 3855 2527 3896 monens
2556 3856 2624 3895 ne
2655 3857 2842 3895 nomen
2871 3841 3093 3909 quidem
3129 3842 3358 3896 istorum
3406 3846 3537 3898 reti-

1957 3933 2106 3997 neri;
2137 3946 2264 3985 cum
2304 3932 2418 3986 sint
2463 3931 2519 3987 in
2560 3939 2765 3987 sortem
2820 3933 3040 3985 illorum
3096 3932 3231 4000 justi
3270 3934 3531 3996 admissi,
3594 3919 3601 3931 ’

1956 4023 2159 4090 quibus
2198 4030 2251 4076 et
2297 4036 2422 4078 sors
2465 4022 2605 4092 ipsa,
2640 4029 2695 4077 et
2748 4022 2986 4091 patrium
3043 4037 3227 4075 nomen
3277 4023 3538 4092 relinque-

1959 4122 2065 4166 tur.
2098 4111 2256 4179 Quod
2286 4113 2566 4168 deindein
2615 4113 2954 4167 saturitatem
2987 4113 3228 4179 addidit;
3258 4113 3311 4166 in
3346 4115 3535 4167 odium

1960 4202 2315 4272 signiﬁcavit,
2352 4202 2513 4275 743
2549 4205 2754 4259 usitato
2792 4202 3095 4274 Scripturis
3142 4205 3398 4274 loquendi
3446 4220 3539 4274 ge-

1962 4310 2093 4350 nere
2122 4311 2136 4348 :
2169 4296 2335 4364 quale
2368 4296 2502 4351 illud
2538 4296 2661 4360 fuit,
2700 4311 2826 4351 cum
2866 4296 3046 4351 factos
3076 4312 3200 4352 esse
3234 4299 3338 4352 sibi
3374 4298 3425 4352 in
3450 4312 3540 4351 sa-

1963 4387 2246 4441 turitatem
2306 4388 2562 4457 praedixit
2611 4388 2677 4442 ”.
2745 4388 2891 4442 Parit
2945 4389 3092 4443 enim
3143 4388 3421 4443 fastidium
3484 4396 3541 4443 et

1961 4480 2300 4535 aversionem
2334 4481 2585 4536 satietas.
2633 4480 2801 4536 Erilis
2846 4481 3037 4551 igitur.
3087 4481 3287 4552 inquit,
3327 4482 3540 4536 abomi-

1964 4570 2133 4653 natio,
2168 4571 2334 4625 etiam
2368 4571 2467 4625 ﬁlii
2500 4571 2801 4642 nuncupati
2838 4588 2855 4627 :
2884 4572 3021 4641 justi
3052 4579 3257 4635 autem,
3304 4573 3542 4642 populus

1963 4669 2218 4730 sanctus,
2275 4678 2408 4734 gens
2466 4664 2667 4731 electa,
2708 4664 2893 4731 regale
2941 4662 3339 4729 sacerdmium,
3394 4662 3543 4717 sicut

1965 4753 2107 4822 apud
2138 4752 2363 4809 Petrum
2399 4755 2635 4826 legimus
2665 4756 2732 4812 ".
2770 4758 2946 4826 Atque
2980 4754 3095 4809 haec
3127 4755 3371 4825 quidem,
3401 4755 3446 4810 si
3472 4754 3542 4807 ad

281 4869 498 4928 gentes,
531 4866 585 4910 et
612 4854 927 4909 idololatras
951 4863 1132 4905 sermo
1166 4849 1271 4913 sit;
1317 4848 1401 4901 sin
1432 4854 1615 4900 autem
1648 4844 1716 4897 ad
1746 4858 1864 4909 eos,
1904 4844 1999 4915 qui
2032 4860 2096 4899 ex
2123 4845 2326 4901 lsraele
2380 4862 2492 4901 non
2540 4857 2869 4917 paruerunt;
2942 4847 3089 4916 quod
3136 4848 3213 4902 illi
3303 4847 3542 4909 inerant,

281 4964 413 5003 eum
446 4946 565 5015 lilii,
591 4957 643 5000 et
676 4943 932 5015 populus,
961 4950 1014 4996 et
1055 4956 1177 4995 sors
1209 4939 1301 4996 Dei
1331 4939 1753 5001 vectabantur”,
1776 4934 2010 5006 idipsum
2028 4946 2243 5007 gentes,
2297 4940 2392 5009 qui
2440 4940 2831 5004 crediderunt,

2926 4940 3105 4995 iuturi
3173 4950 3322 4995 sunt.
3388 4939 3543 5005 Quod

281 5044 447 5099 nobis
476 5040 631 5096 Osca:
660 5040 842 5094 verbis
867 5034 1235 5106 significatum
1264 5045 1348 5089 est
1368 5034 1435 5101 ",
1468 5034 1558 5089 ubi
1579 5032 1859 5105 pqpulum,
1894 5033 1989 5102 qui
2026 5048 2163 5089 suns
2194 5049 2303 5088 non
2334 5035 2427 5103 sit,
2464 5050 2624 5091 suum
2652 5051 2711 5091 se
2738 5047 3061 5092 vocaturum
3134 5035 3398 5105 propheta
3457 5034 3533 5087 si-

282 5136 581 5207 gniﬁcavit.

353 5298 394 5331 ¹³
414 5295 578 5351 Joun.
605 5310 682 5360 Vt,
712 5292 802 5347 5i.
864 5292 906 5323 ¹⁹
936 5289 1068 5345 ibid.
1102 5303 1175 5353 tv,
1204 5288 1296 5349 5'5;
1328 5302 1421 5350 vn,
1451 5284 1539 5337 57.

1619 5283 1851 5347 ’°lsa.t,
1884 5283 1967 5335 11.

2045 5279 2087 5311 ²¹
2118 5281 2136 5332 1
2173 5279 2317 5333 Petr.
2352 5295 2413 5344 ιι,
2434 5279 2488 5333 9.

2566 5282 2608 5310 "
2635 5277 2792 5333 Dent.
2818 5294 2986 5339 usu,
3015 5279 3068 5332 9.
3147 5279 3190 5308 ’-‘
3215 5276 3353 5331 Osee
3374 5293 3428 5339 ιι,
3448 5277 3540 5331 ‘Zi.

1592 5403 1821 5459 VAIHA‘.‘
1860 5400 2271 5455 LECTIONES.

360 5540 380 5562 ⁶
412 5535 471 5585 .t;
503 5531 587 5584 Ῐσ.
620 5528 1049 5601 κληρονομήσειν
1082 5528 1141 5580 τὸ
1169 5525 1306 5598 ὅρος.
1418 5526 1445 5563 ιι
1472 5541 1562 5593 γρ.
1593 5522 1803 5575 δώσειν.

285 5602 507 5668 ἐπάγει.
589 5612 611 5639 ε
638 5600 739 5671 αφ.
768 5601 871 5653 ὅτι.

1961 5537 2044 5589 g-p.
2081 5518 2287 5580 ττὶιντάς
2334 5520 2457 5583 τοὺς
2517 5519 2575 5582 ἐξ
2604 5518 2821 5589 Ἰσραὴλ
2875 5516 3293 5583 ὑποδεξάμενος.

3395 5514 3419 5555 ιΙ
3454 5534 3539 5589 η’»,
