3976 6210
551 192 687 254 2691

1844 188 2198 251 PROCOPII
2251 185 2492 247 ΟΑΖιΕι

568 360 571 363 Α
620 308 717 360 Est
748 320 875 360 vero
915 304 1211 360 notandum
1233 320 1344 375 quo
1361 306 1482 360 loco
1507 307 1560 360 in
1591 308 1930 360 saturitate»:
1961 306 2129 359 habe-

2304 301 2380 354 Τὸ
2400 302 2480 362 δὲ,
2512 303 2601 364 εἰς
2651 297 3041 367 πλησμονὴν,
3097 300 3182 361 εἰς
3226 296 3403 364 ὅρκον
3451 293 3693 362 ἐξέδωκαν
3719 305 3755 353 oi

548 414 692 463 mus,
738 398 790 450 in
811 396 1177 465 juramentum
1201 405 1426 451 caeteros
1451 398 1838 462 transtulisse;
1872 406 2130 466 tanquam

547 491 832 560 deprecari
883 488 1202 558 iuramento
1250 491 1550 555 soleamus,
1609 506 1678 545 ne
1731 506 1795 545 ea
1836 489 2129 560 patiamur,

547 593 670 649 quae
734 576 1047 631 immaniter
1088 576 1225 630 alios
1275 588 1534 632 exercere
1585 575 1855 640 videmus,
1896 590 2131 646 quormn

550 672 751 743 aliquis
790 671 955 726 etiam
989 685 1179 724 nomen
1213 669 1307 741 qui
1355 669 1581 735 dicitur,
1619 679 1924 725 aversatur.
1974 668 2133 735 Quod

550 772 732 818 autem
760 777 857 818 eos
888 779 999 817 esse
1027 757 1754 829 interfecturum‘Dominum
1777 762 1990 834 adjicit,
2014 772 2135 816 tan-

549 870 713 926 quam
755 855 824 910 de
881 863 1129 909 extremo
1172 854 1441 909 malorum
1504 857 1751 909 omnium
1808 855 2132 924 usurpavit;

550 958 652 1000 nec
710 950 827 997 tam
864 944 1060 998 animae
1102 943 1506 1012 separationem
1554 958 1585 999 a
1647 958 1904 1014 corpore,
1966 958 2131 1012 quam

551 1031 667 1097 Dei,
700 1032 936 1101 vitaeque
969 1031 1303 1086 immortalis
1356 1030 1722 1101 privationem
1782 1030 2131 1101 signiﬁcavit.

550 1128 728 1195 Atque
770 1134 885 1179 nare
915 1123 1136 1194 quidem
1185 1122 1364 1185 vobis,
1416 1122 1619 1193 inquit,
1677 1131 1941 1178 eventura
1968 1130 2132 1187 sunt;

552 1215 766 1271 caeteris
806 1225 985 1269 autem
1022 1234 1036 1270 :
1076 1214 1181 1281 Qui
1217 1214 1627 1278 mihiserviunt,
1650 1214 1891 1284 qualibet
1916 1228 1947 1268 e
1976 1223 2136 1284 gente

552 1311 684 1372 sint,
709 1324 773 1363 ea
802 1324 924 1379 qum
954 1309 1225 1379 promissa
1256 1316 1407 1364 sunt.
1437 1308 1591 1375 Quod
1632 1307 1678 1363 si
1712 1308 1877 1363 etiam
1908 1308 2136 1378 quinam

552 1403 589 1455 ii
632 1402 763 1462 sint,
800 1400 945 1456 scire
978 1400 1144 1454 vultis
1173 1417 1189 1466 ;
1226 1415 1411 1454 nomen
1446 1400 1669 1470 quidem
1710 1399 1886 1469 ipsum
1914 1414 2024 1453 non
2055 1406 2137 1453 est

551 1493 696 1563 quod
738 1492 917 1547 adhuc
960 1492 1198 1546 nuntiari
1220 1492 1377 1547 vobis
1406 1491 1782 1561 exspectetis:
1832 1490 1928 1547 sed
1973 1506 2139 1546 nosse

552 1583 688 1637 satis
719 1581 901 1645 fuerit,
959 1579 1075 1634 fore
1132 1594 1329 1634 nomen
1362 1595 1575 1642 novum,
1610 1592 1714 1632 nec
1742 1577 1837 1631 ulli
1893 1591 2135 1646 unquam

2234 394 2436 452 λοιποὶ,
2470 392 2740 444 εἰωθότων
2782 391 2942 459 ἡμῶν
2973 390 3134 459 ὅρκον
3170 388 3460 449 ποιεῖσθαι,
3492 389 3550 441 τὸ
3581 390 3646 459 μὴ
3676 410 3755 444 πα-

2236 485 2368 549 θεῖν,
2402 486 2547 554 ἅπερ
2573 485 2621 536 οἱ
2668 482 2943 552 ἀνήκεστα
2971 483 3296 551 πάσχοντες,
3323 476 3393 534 ὧν
3426 498 3509 544 τις
3543 484 3628 534 καὶ
3657 488 3754 537 toi»

2234 594 2388 646 νομα
2441 577 2737 646 λεγομενον
2805 573 3202 643 ἀποτρέπεται.
3267 572 3442 644 ’Υμᾶς
3486 575 3542 627 δὲ
3601 576 3758 629 ἁγελεῖ

2236 670 2453 734 Κύριος
2476 684 2489 695 ·
2526 668 2555 721 ὃ
2584 648 2649 737 δὴ
2682 667 2791 718 τῶν
2823 666 3009 720 κακῶν
3056 665 3303 734 ἔσχατον,
3340 666 3400 718 ού
3434 666 3666 720 τοσοῦτον
3686 686 3753 739 ση-

2239 763 2429 829 μαῖνον
2460 760 2643 829 ψυχῆς
2669 758 2778 811 ἀπὸ
2800 757 3054 828 σώματος
3075 757 3373 828 χωρισμὸν,
3407 759 3531 811 ὅσον
3555 760 3752 827 στέρησιν

2236 851 2397 914 Θεοῦ,
2428 852 2523 904 καὶ
2553 851 2649 920 τῆς
2676 849 2949 903 ἀθανάτου
2985 850 3151 921 ζωῆς.
3184 849 3371 903 Ταῦτα
3405 850 3502 919 μὲν
3530 845 3616 903 οῦν
3644 852 3752 920 ὑμῖν,

2202 946 2348 1006 -τοῖς
2392 942 2436 995 δ’
2481 942 2611 1011 ἐμοὶ
2648 941 3073 1006 δουλεύοιίσιν,
3109 940 3168 1006 ἐξ
3200 942 3310 994 οἴου
3344 942 3575 1010 τύχωσιν
3599 942 3755 1005 ἔθνους,

2236 1032 2305 1083 τὰ
2350 1029 2762 1101 ἐπηγγελμένα.
2800 1031 2919 1083 Κᾶν
2977 1030 3167 1100 μαθεῖν
3210 1030 3357 1093 τινες
3413 1025 3522 1082 εἷεν
3573 1031 3753 1094 ἐθέλετε,

2239 1124 2501 1189 τοῦνομα
2531 1122 2627 1192 μὲν
2650 1120 2805 1175 οὔπω
2839 1121 3134 1186 λελέξεται,
3186 1123 3345 1194 ἀρκεῖ
3382 1121 3441 1175 δὲ
3489 1122 3667 1190 γνῶναι
3690 1125 3758 1190 μό.

2242 1232 2351 1276 νον,
2379 1215 2460 1267 ὃτι
2497 1213 2648 1267 ἔσται
2696 1215 2930 1279 καινὸν,
2961 1213 3150 1283 μηδενί
3194 1230 3280 1266 πω
3317 1212 3471 1265 τεθέν
3495 1228 3509 1241 ’
3555 1213 3584 1266 ὃ
3627 1215 3756 1268 εὐλο-

2238 1306 2574 1376 τηθήσεται
2651 1305 3019 1375 αὐξανόμενον
3075 1305 3170 1358 καὶ
3220 1304 3611 1374 πληθυνόμενον
3654 1305 3755 1373 ὑπὲρ
3828 1306 3855 1369 _'

2240 1401 2422 1453 πᾶσαν
2477 1398 2802 1468 σωματικὴν
2842 1397 3116 1465 εὐλογίαν.
3168 1396 3681 1465 Ἀντευλοτήσουσι
3852 1406 3855 1439 ξ

2240 1492 2335 1544 καὶ
2373 1492 2526 1544 αὐτοὶ
2555 1492 2647 1544 τὸν
2670 1491 2869 1552 αὐτοὺς
2914 1490 3065 1543 Θεὸν
3094 1488 3535 1558 εὐλογήσαντα,
3561 1490 3612 1540 ἐν
3632 1481 3669 1554 ᾧ
3690 1488 3757 1554 γέε
3852 1486 3853 1491 “

2243 1601 2369 1652 γονε
2401 1583 2581 1637 πάντα
2607 1586 2807 1645 καινὰ,
2834 1581 3076 1653 λατρεία,
3119 1583 3215 1634 καὶ
3244 1580 3381 1650 ζωὴ,
3408 1581 3504 1633 καὶ
3531 1579 3755 1649 ὀνομασία.

552 1673 813 1736 inditum,
844 1643 931 1726 cui
960 1679 1123 1739 aucto
1145 1681 1198 1725 et
1227 1670 1594 1740 multiplicato
1615 1668 1949 1724 benedicetur
1967 1643 2135 1737 supra

2246 1643 2523 1745 :l‘eloﬁpev
2552 1674 2662 1743 γὰρ
2694 1643 2844 1743 αὐτῷ
2872 1643 2972 1741 τὴν
3000 1643 3449 1743 ὲνγπνεύματξ-τε
3479 1672 3565 1725 καὶ
3584 1643 3756 1739 ἁληθεῖᾳ

554 1764 857 1834 quamlibet
916 1761 1354 1817 benedictionem
1438 1773 1784 1828 corpoream.
1851 1758 2137 1827 Reponent

555 1870 685 1910 vero
711 1865 765 1909 et
799 1855 904 1925 ipsi
950 1853 1055 1908 Deo
1106 1853 1536 1915 benedictionem,
1571 1866 1602 1905 a
1660 1865 1770 1920 quo
1820 1851 1923 1906 sibi
1973 1849 2137 1905 fuerit

555 1948 906 2003 benedictum
937 1964 954 2014 ;
982 1947 1037 2000 in
1069 1962 1179 2015 quo
1216 1945 1359 2001 facta
1388 1952 1518 2000 sunt
1548 1961 1681 1999 noua
1705 1944 2132 2008 omnia,cultus,

556 2038 685 2101 vita,
716 2045 775 2092 et
830 2048 1052 2092 nomen.
1084 2036 1222 2089 Eum
1276 2050 1514 2105 namque
1568 2036 1765 2105 spiritu
1816 2045 1871 2089 et
1912 2035 2138 2090 veritate

556 2133 866 2197 adoramus
904 2138 957 2184 et
988 2129 1263 2193 colimus;
1310 2127 1367 2182 in
1395 2129 1518 2182 vine
1568 2142 1765 2183 rursus
1812 2126 2139 2197 evangeliea:

555 2224 806 2287 novitate,
848 2222 915 2276 ad
956 2219 1234 2286 Christum
1271 2217 1609 2283 accedimus,
1662 2225 1719 2270 et
1758 2217 1825 2270 ab
1853 2230 1919 2271 eo
1949 2214 2140 2270 Chris-

556 2319 691 2373 tiani
723 2315 967 2379 nominis
1002 2313 1388 2385 appellatione,
1446 2310 1615 2365 veluti
1678 2324 1885 2365 corona
1916 2308 2141 2363 redimi-

557 2425 711 2475 mur;
753 2408 808 2462 in
833 2421 1069 2478 quorum
1110 2406 1280 2460 vicem
1323 2402 1566 2458 fructum
1591 2402 1667 2457 illi
1698 2401 1992 2463 labiorum,
2031 2399 2135 2453 liu-

554 2518 783 2575 guzeque
840 2502 1225 2556 benedictione:
1280 2499 1624 2570 reponimus.
1681 2496 1796 2551 lmo
1859 2496 1924 2551 ad
1975 2494 2135 2550 ﬁdem

555 2591 745 2653 etiam,
780 2605 901 2660 qua:
925 2591 1237 2658 juramento
1268 2587 1523 2651 efﬁcitur,
1571 2587 1618 2641 si
1664 2584 1909 2656 postulat
1944 2598 2139 2638 neces-

555 2682 715 2745 sitas,
746 2681 999 2737 etnndem
1039 2680 1407 2746 adhibemus;
1445 2679 1603 2748 juxta
1638 2679 1809 2748 quod,
1848 2674 2137 2730 Dominum

559 2773 726 2830 Deum
753 2783 1001 2828 nostrum
1026 2772 1281 2832 adorare,
1328 2785 1566 2841 eumque
1626 2784 1800 2824 unum
1830 2769 2032 2832 colere,
2080 2776 2135 2823 et

2244 1765 2639 1838 προσκύνησιν,
2677 1766 2773 1819 καὶ⁸
2793 1766 3070 1838 λατρείαν,
3111 1766 3206 1818 καὶ
3246 1767 3304 1818 ὲν
3333 1766 3622 1831 καινότητι
3654 1762 3756 1829 ζωῆς

2244 1859 2607 1927 εὐαγγελικῆς
2638 1860 2909 1929 πρόσιμεν
2939 1858 3015 1927 τῷ
3042 1857 3281 1928 Χριστῷ,
3312 1858 3411 1910 καὶ
3452 1857 3545 1927 τὴν
3583 1855 3663 1909 ἀπ’
3690 1856 3756 1907 r3-

2242 1949 2336 2003 τοῦ
2366 1949 2583 2018 κλῆσιν,
2610 1948 2800 2019 ὥσπερ
2831 1948 2953 2002 τινὰ
2984 1949 3245 2016 στέφανον
3269 1946 3632 2016 ἀναδούμενοι,
3661 1945 3753 2014 Χρι-

2246 2042 2454 2095 στιανοὶ
2505 2040 2939 2111 χρηματίζομεν.
3004 2040 3145 2093 Ἀνθ’
3197 2032 3272 2091 ὧν
3332 2039 3545 2108 καρπὸν
3588 2037 3750 2107 χειλέων

2241 2129 2336 2181 καὶ
2363 2128 2611 2197 γλώττης
2634 2128 2788 2196 αὐτῷ
2825 2128 3271 2198 προσκομίζομεν
3293 2129 3402 2193 τὰς
3428 2127 3721 2194 ὃοξολοτιας
3739 2140 3750 2154 ⁸

2243 2221 2348 2275 κᾶν
2375 2224 2423 2273 εἰ
2453 2222 2662 2287 γένοιτό
2713 2238 2829 2298 quo;
2866 2222 3100 2291 ἀνάγκη,
3126 2220 3227 2290 τῆς
3264 2220 3333 2272 δι’
3360 2221 3553 2289 ὄρχων
3581 2220 3752 2276 πίστεως

2243 2315 2405 2367 αὐτὸν
2434 2313 2850 2385 προϐαλλόμεθα
2889 2314 3030 2367 κατὰ
3068 2313 3149 2376 τὸ,
3182 2312 3392 2383 Κύριον
3429 2313 3518 2365 τὸν
3550 2311 3659 2365 Θεόν
3688 2328 3747 2363 σω

2246 2406 2667 2476 προσκυνήσεις,
2720 2407 2815 2458 καὶ
2860 2404 3011 2473 αὐτῷ
3066 2404 3212 2475 μόνῳ
3241 2404 3570 2474 λατρεύσεις,
3606 2402 3749 2470 καὶτῷ

2244 2498 2469 2568 ὀνόματι
2497 2497 2663 2550 αὐτοῦ
2694 2497 2828 2567 ὁμῇ.
2871 2499 3028 2561 Τινὲς
3062 2497 3118 2551 δέ
3149 2515 3318 2565 φασιν
3364 2499 3446 2551 ὅτι
3475 2497 3640 2565 ὄνομα
3671 2512 3750 2547 και-

2248 2592 2379 2654 νὸν,
2414 2589 2489 2653 ὡς
2518 2591 2628 2651 τοῖς
2658 2589 3028 2660 πατριάρχαις
3072 2590 3254 2652 αὐτοῖς
3293 2587 3682 2655 ἐπαγγέλλεται,
3704 2584 3750 2654 μὴ

2252 2683 2586 2735 πεισθέντων
2627 2682 2707 2743 δὲ.
2751 2685 2867 2745 τοῖς
2913 2682 3088 2735 ἔθνεσι
3122 2683 3187 2736 τὸ
3228 2681 3445 2735 καινὸν
3486 2676 3750 2751 Χριστιανῶν

2257 2773 2541 2826 ἀπέδωκεν
2572 2774 2779 2842 ὄνομα.

558 2866 615 2920 in
648 2865 867 2920 nomine
897 2864 1074 2934 ipsius
1096 2864 1308 2933 jurare,
1355 2862 1603 2933 prtecipit
1637 2860 1702 2913 “.
1740 2858 1940 2915 Putant
1984 2860 2148 2934 744
2188 2866 2429 2918 nonnulli
2459 2866 2685 2917 nominis
2718 2865 3025 2929 novitatem,
3060 2880 3164 2933 qua
3226 2865 3442 2918 ratione
3500 2858 3751 2931 patriarcliis

559 2959 695 3031 ipsis
729 2960 1002 3029 promissa
1038 2965 1144 3022 est,
1192 2959 1299 3012 hoc
1338 2958 1460 3011 loco
1511 2954 1815 3027 signiﬁcari

558 3061 748 3126 gentes
781 3066 903 3106 esse
936 3050 1255 3121 appellatas.

628 3143 858 3197 Notabis
892 3157 1059 3211 porro
1113 3142 1291 3196 locum
1323 3142 1488 3197 istum
1516 3158 1694 3213 usque
1732 3142 1821 3208 ad,
1851 3142 1954 3197 Deo
1989 3160 2131 3203 vero,
2164 3150 2204 3204 ο

564 3236 635 3287 ita
661 3233 915 3303 Aquilam
950 3233 1338 3302 interpretari:
1372 3232 1437 3287 Et
1465 3250 1643 3288 servos
1694 3236 1902 3288 vocabit
1934 3236 2143 3288 nomine

562 3326 693 3387 alio,
724 3340 826 3391 quo
854 3324 943 3392 qui
977 3333 1053 3376 est
1080 3323 1379 3378 benedictus
1403 3327 1454 3377 in
1480 3334 1645 3391 terra,
1666 3326 1999 3379 benedicetur
2017 3343 2143 3379 con-

561 3414 833 3481 ﬁrmatus.
895 3411 1284 3481 Symmachum
1324 3421 1504 3467 autem
1559 3418 1642 3468 sic
1680 3432 1694 3467 :
1729 3414 1916 3470 Servos
1962 3425 2143 3469 autem

562 3519 686 3557 suos
711 3502 995 3572 appellabit
1024 3502 1233 3556 nomine
1255 3502 1386 3568 alio,
1411 3506 1467 3557 in
1494 3522 1595 3575 quo
1617 3507 1705 3575 qui
1739 3506 2039 3562 benedictus
2068 3518 2144 3561 est

563 3594 618 3645 in
652 3601 816 3656 terra,
844 3592 1175 3646 benedicetur
1209 3595 1262 3646 in
1308 3592 1433 3649 Deo.
1466 3596 1651 3650 Amen.
1703 3597 1839 3652 Cum
1884 3598 1917 3650 ii
1960 3599 2144 3668 igitur,

563 3684 653 3751 qui
698 3684 835 3738 falso
863 3684 938 3738 dii
989 3696 1404 3757 nuncupantur,
1437 3687 1654 3743 liberati
1721 3689 1945 3755 fuerint,
1981 3690 2146 3743 Deum

565 3790 741 3828 rerum
770 3776 855 3829 sui
877 3774 1185 3829 Salvatoris
1230 3790 1396 3846 opera
1433 3777 1667 3848 agnituri
1700 3788 1852 3844 sunt,
1892 3788 1947 3835 et
1980 3795 2141 3848 quem

564 3865 713 3919 misit
748 3864 1037 3919 Dominum
1062 3864 1249 3920 Jesum
1277 3865 1576 3922 Christum.
1611 3867 1766 3935 Qum]
1793 3870 1883 3923 ubi
1906 3872 2147 3940 contige-

563 3957 654 4020 rit,
700 3957 1074 4011 obliviscentur
1108 3959 1491 4026 tribulationis,
1557 3977 1721 4031 quam
1780 3962 2144 4031 patiebantur,

562 4063 687 4101 cum
726 4049 1007 4102 daemonas
1029 4050 1202 4105 malos
1230 4052 1509 4119 colerent;
1534 4053 1738 4122 quibus
1776 4062 1972 4123 praeter
2010 4057 2147 4108 aiias

565 4139 791 4203 hostias,
833 4154 964 4195 suos
993 4140 1156 4194 etiam
1185 4141 1389 4198 liberos
1434 4154 1675 4200 mactare
1715 4129 2052 4214 j-ubebautur
2074 4147 2141 4201 ".

562 4227 871 4282 Accedebat
930 4242 1095 4297 porro
1127 4240 1180 4283 et
1231 4230 1386 4296 illud,
1444 4232 1613 4302 quod,
1658 4241 1717 4287 ut
1772 4236 2142 4304 neglectorum

564 4319 800 4373 vitarent
860 4320 1116 4384 insidias,
1180 4322 1382 4391 quibus
1447 4323 1538 4377 Dei
1597 4324 1804 4378 auxilio
1852 4326 2169 4381 destitutos

561 4410 925 4474 exercebant,
972 4412 1280 4468 innumeris
1333 4414 1711 4471 immolabant.
1774 4415 1894 4471 Non
1950 4420 2147 4474 desunt

562 4513 766 4564 tamen,
796 4503 887 4572 qui
915 4501 1193 4559 lsraelitas
1222 4520 1327 4559 non
1354 4521 1417 4561 ea
1443 4520 1703 4576 passuros
1726 4523 1851 4565 esse
1881 4511 2140 4579 amplius,
2177 4502 2219 4556 ί)

562 4606 681 4660 qua
717 4606 839 4646 cum
884 4594 1218 4662 impietatem
1251 4596 1516 4661 colerent,
1559 4599 1858 4669 signiﬁcari
1913 4609 2137 4671 putent:

563 4683 656 4736 sed
694 4698 944 4752 magnam
977 4685 1112 4739 adeo
1139 4685 1254 4739 fore
1279 4686 1332 4739 in
1366 4688 1563 4743 melius
1590 4691 2029 4755 conversionem,
2080 4702 2140 4746 ut

562 4771 830 4824 elementa
869 4772 1034 4825 etiam
1091 4775 1291 4827 mutari
1348 4774 1658 4833 videantur.
1687 4779 1964 4849 Appareut
1992 4784 2139 4836 enim

564 4861 702 4916 lzetis
737 4862 1056 4931 pulchriora
1102 4871 1157 4919 et
1193 4864 1456 4920 lucidiora
1502 4869 1708 4936 omnia,
1756 4871 1878 4926 aliis
1921 4874 1974 4926 in
2019 4876 2140 4929 (ταξιί

562 4955 683 5010 luce
715 4956 881 5011 etiam
918 4957 1220 5013 meridiana
1277 4960 1710 5019 caecutieutibus.
1762 4963 1859 5020 Vel
1915 4967 1965 5020 id
2023 4969 2143 5022 ideo

558 5051 714 5115 dicit,
740 5049 883 5120 quod
914 5065 1039 5105 cum
1071 5051 1206 5105 alias
1232 5061 1416 5115 antea,
1445 5054 1635 5107 mlum
1687 5055 1863 5125 ipsum
1919 5066 2138 5110 terram.

558 5160 654 5212 que
688 5144 1056 5207 intuerentur,
1104 5150 1414 5199 creaturam
1450 5146 1636 5215 potius
1696 5164 1859 5218 quam
1911 5148 2142 5205 Creato.

559 5249 671 5288 rem
701 5236 957 5291 colebant
982 5236 1029 5268 "
1063 5255 1078 5292 :
1108 5252 1230 5307 quze
1270 5236 1385 5307 jam
1442 5255 1575 5293 nova
1597 5240 1960 5311 conspicient,
2016 5257 2140 5295 cum

628 5389 675 5420 ’³
707 5389 960 5457 Dent.vt,
1000 5394 1103 5460 15;
1152 5394 1344 5450 Matth.
1376 5412 1448 5463 tv,
1491 5396 1576 5451 lO.
1656 5398 1699 5430 "
1757 5395 1898 5450 Psal.
1942 5410 2029 5461 cv,
2066 5395 2151 5449 57.

1865 2974 1878 3008 :
1922 2956 2015 3010 sed
2062 2959 2187 3024 quia
2266 2975 2369 3012 non
2442 2959 2815 3026 crediderunt,
2884 2960 3075 3013 recenti
3125 2957 3562 3013 Christianorum
3605 2954 3750 3009 nomine

2309 3142 2382 3193 Τὸ
2421 3140 2475 3192 δὲ
2512 3140 2693 3210 ῥητὸν,
2740 3138 2901 3209 μέχρι
2936 3138 3031 3192 τοῦ
3060 3154 3075 3169 ο
3109 3140 3260 3193 Θεὸν
3308 3141 3420 3194 τὸν
3447 3136 3750 3209 ξάληθινὸγ,6

2251 3233 2349 3301 μὲν
2402 3231 2633 3293 Ἀκύλας
2676 3230 2847 3293 οὕτως
2887 3226 3222 3301 ἑρμηνευσε·
3259 3233 3373 3285 Καὶ
3414 3231 3532 3298 τοῖς
3574 3231 3748 3293 δούλοις

2247 3323 2492 3377 eradicet
2538 3324 2725 3391 ὄνομα
2771 3321 2996 3390 ἕτερον,
3022 3316 3070 3389 ᾦ
3096 3324 3507 3394 εὐλογημένος
3544 3324 3604 3377 ἐν
3621 3320 3679 3390 τῇ
3698 3318 3748 3389 τῇ

2246 3404 2722 3484 enimmodo-erm
2783 3414 3252 3484 πεπιστωμένος.
3295 3415 3359 3469 '0
3406 3416 3461 3469 δὲ
3499 3414 3725 3484 Σύμμαχος
3738 3427 3748 3437 ’

2252 3508 2383 3573 Τοῖς
2415 3508 2471 3560 δε
2507 3486 2763 3571 δούλοις(
2784 3507 2974 3562 αὐτοῦ
3014 3507 3258 3560 καλέσει
3290 3507 3483 3575 ὄνομα
3508 3501 3748 3573 rapa,»

2246 3596 2295 3667 ᾦ
2323 3603 2354 3652 ὀ
2383 3598 2796 3668 εὐλογημένος
2822 3598 2920 3651 ἐπὶ
2969 3597 3077 3666 τῆς
3116 3597 3228 3667 γῆς
3251 3593 3749 3669 εὐλογηθήσεταιέτ

2248 3690 2327 3755 τῷ
2364 3690 2506 3756 Θεῷ.
2562 3690 2761 3758 Ἀμήν.
2808 3690 3239 3759 Ἀπαλλαγέντες
3276 3686 3372 3745 οὖν
3417 3692 3522 3743 τῶν
3550 3683 3750 3760 ψευδωνῦ·

2253 3800 2367 3851 μων
2401 3781 2562 3843 θεῶν,
2600 3780 2903 3849 γνώσονται
2931 3783 3083 3853 παρὰ
3108 3782 3199 3835 τοῦ
3226 3784 3483 3854 Σωτῆρος
3502 3780 3651 3835 αὐτῶν
3678 3776 3749 3830 τὸν

2247 3874 2542 3940 ἀληθινὸν
2573 3872 2746 3936 Θεὸν,
2790 3873 2885 3925 καλ⁸
2922 3873 2981 3933 ὃν
3016 3873 3335 3927 ἀπέστειλεν
3370 3873 3564 3943 Κύριον
3600 3865 3747 3937 Ἰησοῦν

2250 3963 2506 4033 Χριστόν.
2563 3958 2749 4034 Οὖπερ
2778 3963 3066 4033 γεγονότος
3089 4006 3102 4029 ,
3168 3964 3620 4031 ἐπιληθήσονται
3670 3956 3748 4020 τὴν

2250 4057 2481 4122 θλίψίνν
2507 4055 2573 4124 ἣν
2608 4055 2879 4124 ὑπέμενον
2902 4057 3014 4118 τοῖς
3048 4057 3305 4125 πονηροῖς
3332 4053 3659 4125 λατρεύοντες
3675 4045 3750 4099 δαῖε

2253 4161 2429 4214 μοσιν,
2466 4144 2615 4197 θύειν
2650 4144 2835 4198 καὶτὰ
2859 4145 3026 4199 τέκνα
3069 4146 3203 4216 πρὸς
3229 4149 3349 4210 ταῖς
3386 4147 3563 4206 ἄλλαις
3597 4142 3749 4197 θυσίας

2250 4238 2687 4307 ἐπιταττόμενοι.
2715 4239 2932 4308 Προσῆν
2955 4240 3011 4293 δὲ
3039 4241 3132 4293 καὶ
3152 4240 3211 4293 τὸ
3234 4240 3607 4310 ἀναριθμήτοις
3628 4233 3747 4285 θύειν.

2248 4332 2336 4385 διὰ
2370 4332 2469 4400 τὴν
2508 4335 2573 4384 ἐκ
2620 4331 2729 4383 τῶν
2759 4331 3122 4402 ἠμελημένων
3158 4332 3448 4401 ἐπιϐουλὴν
3496 4323 3747 4398 ἐνεργοῦσαν

2250 4420 2391 4473 κατὰ
2417 4421 2524 4473 τῶν
2555 4422 2763 4493 σκέπην
2790 4422 2889 4475 οὐκ
2923 4422 3158 4491 ἐχόντων
3188 4423 3285 4493 τὴν
3312 4423 3375 4474 ὲκ
3408 4420 3551 4473 Θεοῦ.
3579 4407 3747 4472 Τινὲςίῖὲ

2248 4514 2361 4575 τοῖς
2386 4512 2446 4576 ἐξ
2479 4512 2697 4582 Ἰσραὴλ
2724 4513 2980 4583 εἰρῆσθαί
3021 4532 3157 4583 φασι
3186 4513 3248 4566 τὸ
3279 4512 3475 4584 μηκέτι
3510 4501 3744 4561 πείσεσθαι.

2250 4606 2394 4674 ἆπερ
2445 4605 2771 4669 ἀσεϐοῦντες
2815 4607 3105 4677 ὑπέμενον.
3139 4605 3384 4674 Τοσαύτη
3429 4604 3482 4656 δὲ
3525 4591 3746 4670 ἡπρδςτδ

2253 4700 2495 4766 κρεῖττον
2522 4697 2677 4750 ἔσται
2726 4698 3021 4767 μεταϐολὴ,
3050 4697 3128 4759 ὡς
3159 4698 3252 4750 καὶ
3291 4697 3357 4749 τὰ
3391 4693 3605 4763 στοιχεῖα
3632 4697 3746 4757 μετα·

2251 4788 2545 4859 ϐεϐλῆσθαι
2574 4790 2774 4843 δοκεῖν.
2804 4791 2928 4853 Τοῖς
2969 4790 3078 4860 γὰρ
3108 4788 3356 4859 χαίρουσι
3404 4787 3565 4838 πάντα
3592 4771 3747 4849 φαιδρά·

2249 4893 2385 4945 τερα
2432 4880 2700 4948 φαίνεται,
2728 4884 2836 4934 τῶν
2866 4884 2923 4933 ὲν
2959 4898 3029 4934 συ
3056 4880 3073 4918 ί
3106 4882 3201 4933 καὶ
3242 4880 3299 4931 ὲν
3346 4875 3563 4944 σταθερᾷ
3591 4880 3745 4938 μεσημ·

2252 4969 2381 5040 ϐρίᾳ
2405 4971 2883 5026 σκοτοδινιῶντων.
2915 4972 2985 5023 Ἢ
3002 4972 3082 5024 ὅτι
3108 4970 3282 5033 ἄλλως
3312 4970 3561 5039 πρότερον
3575 4958 3746 5030 ὁρῶντες

2254 5061 2362 5113 τὸν
2402 5061 2688 5127 οὐρανὸν,
2725 5062 2822 5116 καὶ
2868 5060 2985 5128 τὴν
3025 5060 3163 5131 γῆν,
3219 5059 3469 5113 ἐσέϐοντο
3511 5053 3595 5123 τὴν
3625 5044 3745 5101 κτεσίν

2253 5152 2405 5221 παρὰ
2434 5153 2525 5205 τὸν
2544 5154 2825 5207 -κτίσαντα
2848 5171 2860 5183 ο
2891 5152 2986 5207 νῦν
3012 5154 3067 5207 δὲ
3114 5154 3292 5207 καινὰ
3321 5152 3488 5205 ταῦτα
3512 5141 3743 5218 βλέψονται.

2249 5244 2415 5313 ἡνίκα
2449 5244 2585 5298 θεοῦ
2630 5246 2934 5314 γνώσονται
2977 5246 3451 5317 δημιουργήματα.
3482 5236 3566 5291 Διό
3606 5236 3742 5301 φησιν’

2238 5397 2467 5450 “'Rmn.
2502 5416 2537 5459 ι,
2565 5400 2655 5454 ‘23.

1886 5512 2118 5567 VARUE
2163 5514 2569 5571 LI'ICTIUNES.

614 5598 655 5639 ’ί
693 5615 783 5667 γρ.
813 5598 896 5655 ἷσ.
928 5600 1160 5671 οὖρανῷ.
