3976 6210
399 237 540 302 2699

1673 226 2020 293 PROCOPII
2050 224 2292 286 GAZ/EI

3505 251 3507 253 ι
3519 216 3666 282 2700

395 355 608 413 domus,
638 361 799 417 quam
827 341 1165 414 cediﬁcabitis
1202 339 1373 394 mihi?
1407 347 1455 394 et
1487 339 1605 410 quis
1653 349 1732 394 est
1764 341 1862 394 iste
1900 339 1981 393 io-

2114 333 2255 392 »ἷκον
2279 335 2706 406 οἰκοδομήσετέ
2726 352 2829 404 μοι
2855 351 2876 398 ;
2903 332 2997 388 καί
3027 333 3197 398 ποῖος
3220 331 3402 398 τόπος
3426 328 3534 400 τῆς
3559 348 3668 385 κα·-

400 456 492 496 rus
515 435 854 508 requietionis
877 434 1052 504 mere?
1080 442 1185 490 etc.

468 529 567 586 Est
594 543 725 584 vero
756 528 996 582 humano
1028 542 1179 583 more
1201 529 1445 593 locutus,
1475 540 1598 582 cum
1624 524 1765 580 sedis
1793 531 1845 576 et
1866 538 1985 577 sca-

401 623 525 678 belli
552 620 780 677 nomina
805 619 1116 690 usurpavit.
1145 620 1222 676 De
1242 621 1523 691 sacriﬁciis
1547 632 1681 673 vero
1716 616 1854 688 ipsis
1876 629 1985 670 non

404 715 755 772 dissimiliter
788 715 1009 770 locutus
1039 723 1124 770 est
1153 722 1210 770 et
1261 714 1457 779 David,
1495 712 1588 769 ubi
1614 713 1669 766 in
1704 710 1821 765 haec
1865 723 1990 764 ver-

405 811 474 864 ba
534 809 612 863 ait
651 825 667 864 :
719 826 736 858 ι
785 806 843 862 Si
899 809 1184 872 esuriero,
1228 822 1411 864 nonne
1453 807 1631 861 dicam
1675 803 1820 860 tibi?
1856 815 1990 856 mea:

406 901 680 973 siquidem
713 907 845 956 sunt
865 915 1057 955 omnes
1090 898 1221 956 ferae
1256 899 1434 971 agri”
1462 917 1511 964 ,ι
1572 905 1627 953 et
1663 911 1786 967 quae
1830 895 1990 951 dein-

404 1010 556 1065 ceps.
587 995 655 1048 At
684 991 974 1062 propheta,
1027 989 1248 1060 rejectis
1313 989 1726 1062 repudiatisque
1778 983 1991 1043 sacriﬁ-

403 1084 530 1146 ciis,
572 1081 945 1152 evangelicam
989 1081 1163 1152 legem
1197 1078 1362 1152 749
1415 1079 1764 1152 (humilitate,
1795 1086 1843 1131 et
1877 1085 1986 1130 tre-

404 1191 569 1239 more,
593 1175 758 1228 etiam
814 1170 1146 1243 praepositis)
1176 1171 1503 1226 introducit.
1535 1167 1634 1224 Est
1659 1174 1842 1222 autem
1869 1164 1992 1220 ani-

404 1263 882 1330 madvertendum,
901 1261 1069 1318 scribi
1095 1277 1227 1327 non,
1247 1262 1459 1332 iniquus
1478 1270 1676 1326 autem,
1699 1265 1762 1314 ut
1777 1256 1992 1314 caeteris

405 1356 603 1426 placet,
628 1353 748 1420 sed,
779 1354 870 1425 qui
903 1353 1144 1407 immolat
1177 1353 1374 1406 bovem.

470 1448 678 1519 Adjicit
705 1445 904 1503 deinde
936 1446 1176 1510 lsraclis,
1205 1443 1567 1516 quantumvis
1593 1442 1994 1515 primogenitus

405 1543 500 1608 sit,
535 1540 825 1611 rejiciendi
857 1554 1125 1607 causam;
1157 1553 1280 1594 cum
1311 1540 1424 1593 vias
1466 1554 1598 1592 suas
1640 1551 1736 1593 eos
1781 1537 1995 1608 elegisse

2091 427 2452 494 ταυταύσεώς,
2461 445 2581 496 μου
2598 445 2622 493 ;
2652 444 2706 480 κ.
2731 444 2784 481 τ.
2811 425 2863 482 λ.

2177 519 2559 590 ’Δνθρωπίνως
2591 517 2650 574 δὲ
2689 518 2752 572 τδ
2794 518 3029 586 θρόνος,
3065 516 3161 572 καὶ
3218 516 3285 572 τὸ
3333 514 3674 572 ὑποπόδιον

2094 615 2331 686 είρηται.
2352 611 2499 683 «Περὶ
2519 610 2576 666 δὲ
2604 610 2713 664 τῶν
2738 611 2961 680 θηρίων
2999 609 3305 680 συμφώνως
3340 607 3536 680 ψάλλει
3565 609 3674 661 Δα-

2095 706 2181 761 σίδ
2203 720 2218 736 ⁸
2254 723 2274 760 t
2317 705 2444 760 Ἐὰν
2477 705 2738 767 πεινάσω,
2770 703 2830 756 οὐ
2870 702 2944 774 μή
2971 718 3053 755 σοι
3074 703 3247 770 sine);
3279 701 3390 767 ἐμὰ
3425 701 3534 770 γάρ
3558 702 3677 753 ἐστι

2095 799 2273 855 πάντα
2297 797 2367 854 τά
2409 796 2576 869 θηρία
2613 793 2710 849 τοῦ
2735 792 2936 864 άγροῦ,
2971 811 3003 844 .t
3043 791 3148 848 καὶ
3176 791 3246 846 τά
3283 791 3550 863 ἑπόμενα.
3614 789 3679 844 '0

2093 890 2150 946 δὲ
2178 891 2467 964 προφήτης
2496 888 2594 952 τὰς
2621 886 2810 949 θυσίας
2838 881 3279 955 ἁποῈαλὼν,,τὴν
3309 881 3682 951 εὐαγγελικὴν

2093 985 2387 1055 εισήγαγεν
2436 978 2729 1044 πολιτείαν,
2762 978 2827 1031 τὸ
2859 977 3165 1042 ταπεινὸν,
3207 973 3550 1044 καὶπρᾶον,
3581 972 3684 1026 καὶ

2091 1075 2321 1139 εὐλαϐὲς
2361 1073 2664 1146 προτίμων.
2686 1071 2762 1125 Οὐ
2802 1073 2979 1124 κεῖται
3005 1069 3063 1124 δὲ
3091 1067 3239 1123 κατὰ
3273 1067 3400 1130 τοὺς
3429 1067 3677 1131 λοιποὺς,

2093 1172 2127 1223 ό
2153 1166 2224 1222 δὲ
2259 1168 2506 1238 ἄνομος,
2545 1164 2659 1220 ἀλλ’
2687 1165 2722 1219 ὁ
2745 1162 2814 1218 δὲ
2835 1157 3155 1232 σφαδάζων
3183 1159 3443 1230 μόσχον.

2166 1430 2280 1502 Τὴν
2306 1429 2363 1484 δὲ
2384 1429 2484 1501 τῆς
2516 1427 2790 1500 ἀποϐολῆς
2821 1424 2915 1482 τοῦ
2949 1425 3170 1499 Ἰσραὴλ
3219 1425 3402 1481 αίτίαν
3439 1425 3532 1478 καί
3592 1441 3684 1478 τοι

2095 1525 2446 1595 πρωτοτόκου
2495 1521 2803 1591 γεγονότος,
2857 1519 3054 1589 ἐπάγει
3105 1518 3283 1585 λέγων
3318 1534 3334 1548 ⁸
3392 1518 3501 1571 Καὶ
3525 1509 3683 1570 οὗτοι

404 1637 564 1700 dicit,
596 1610 692 1705 qui
729 1635 783 1688 in
829 1633 995 1688 rebus
1032 1633 1368 1688 necessariis
1407 1630 1646 1702 iniustos
1687 1641 1748 1686 se
1781 1630 1994 1700 iudices

2114 1615 2456 1682 ἐξελέξαντο
2481 1615 2589 1682 τὰς
2615 1613 2796 1680 ὀδοὺς
2823 1611 3044 1677 αὐτῶν,
3069 1612 3169 1665 οὐκ
3216 1610 3368 1683 ὀρθοὶ
3393 1610 3688 1679 γεγονότες

406 1693 784 1798 ρντυὴυέτυιιι,
838 1740 978 1796 quos
1025 1723 1155 1781 duci
1207 1722 1432 1778 Christo
1463 1693 1678 1792 uparere
1728 1693 1992 1792 oportuit.

2114 1732 2156 1771 ιν
2209 1710 2532 1780 ἀναγκαίοις
2592 1708 2884 1780 πράγμασι
2927 1706 3204 1772 δικασταὶ,
3259 1706 3377 1758 δέον
3427 1705 3688 1772 εἰσηγου-

409 1817 706 1885 Deinceps,
743 1815 884 1884 quia
934 1815 1000 1868 ad
1045 1820 1287 1867 veterem
1319 1811 1485 1867 etiam
1529 1810 1895 1881 impietatem,
1941 1817 1997 1864 et

406 1906 834 1960 abominationes
867 1903 1102 1959 rediisse
1129 1902 1245 1967 ait;
1281 1909 1336 1956 et
1365 1917 1426 1972 se
1464 1915 1689 1971 quoque
1719 1900 1996 1955 illusiones

404 2015 612 2064 eorum,
647 1999 700 2052 id
733 2007 839 2063 est,
867 1998 1164 2053 illudentes
1197 1995 1333 2065 ipsis
1362 2003 1416 2048 et
1439 1995 1772 2050 insultantes
1795 1993 1999 2049 Roma-

408 2103 533 2154 nos,
572 2088 869 2144 eiecturum
919 2103 983 2143 ea
1034 2087 1101 2142 de
1151 2101 1321 2141 causa
1371 2085 1684 2156 signiﬁcat;
1738 2087 1910 2155 quod,
1939 2094 1998 2141 ut

407 2181 576 2235 etiam
626 2190 789 2236 antea
840 2180 1052 2236 dictum
1105 2186 1211 2243 est,
1273 2179 1447 2233 vocati
1495 2195 1600 2234 non
1652 2179 1996 2235 attenderint.

420 2272 646 2328 Vocatos
679 2280 866 2326 autem
897 2271 1072 2327 fuisse
1100 2271 1183 2325 vel
1229 2271 1354 2325 istis
1385 2273 1719 2335 constiterit,
1759 2270 1852 2326 ubi
1887 2271 1997 2326 ait:

414 2385 433 2418 ι
480 2365 744 2436 Accedite
785 2363 850 2418 ad
881 2379 990 2430 me,
1031 2379 1226 2419 omnes
1257 2365 1350 2433 qui
1379 2363 1646 2419 laboratis
1691 2370 1745 2418 et
1785 2363 1999 2418 onerati

407 2458 576 2521 estis;
608 2464 666 2512 et
717 2470 822 2526 ego
872 2454 1117 2510 reﬁciam
1151 2469 1250 2510 vos
1280 2452 1350 2508 “.
1386 2473 1407 2506 ι
1444 2453 1715 2508 Caeterum
1764 2469 1885 2524 quae
1935 2454 2003 2510 de

411 2550 574 2604 annis
603 2550 747 2603 dicta
775 2558 924 2615 sunt,
955 2547 1023 2601 ad
1054 2546 1332 2602 diuturna:
1355 2547 1482 2602 vita:
1531 2557 1778 2617 tempora
1810 2545 2002 2602 referri

413 2641 744 2710 simpliciter
777 2640 1130 2696 arbitrantur
1173 2639 1456 2705 nonnulli;
1501 2639 1547 2693 si
1585 2640 1733 2710 leges
1763 2654 1858 2695 eos
1899 2639 2003 2695 ob-

414 2747 642 2791 servare
678 2734 989 2801 contingat.
1020 2731 1096 2786 Ita
1124 2733 1268 2786 enim
1313 2741 1366 2787 et
1398 2731 1679 2802 regionem
1715 2731 2004 2799 habituros

411 2841 536 2882 esse
559 2824 1062 2897 inexpugnabilem,
1083 2833 1135 2880 ct
1158 2822 1400 2890 fructus,
1425 2833 1684 2895 tanquam
1715 2824 1769 2878 in
1807 2824 2002 2890 hortis,

378 2985 382 2989 Α
414 2925 684 2988 perpetuo
703 2917 993 2988 vigentes:
1033 2933 1156 2987 quae
1190 2931 1314 2971 cum
1343 2923 1532 2972 essent
1560 2916 1842 2986 praedicta,
1877 2907 2006 2988 pro-

416 3021 537 3081 pter
565 3026 756 3066 eorum
800 3009 1272 3075 incredulitatem,
1316 3008 1440 3065 ideo
1484 3024 1595 3065 non
1627 3009 2004 3081 contigerunt,
2031 3038 2076 3101 Ο

413 3101 562 3174 quod
592 3101 990 3173 pmnitentibus
1019 3100 1502 3171 promitterentur.
1542 3098 1817 3155 Futurum
1858 3102 2005 3155 enim

415 3203 523 3262 est,
551 3194 754 3264 inquit,
789 3201 848 3247 nt
878 3209 1095 3256 eorum,
1130 3192 1226 3262 qui
1257 3191 1634 3257 crediderunt,
1658 3208 1832 3246 semen
1860 3193 2010 3247 bene-

417 3288 664 3342 dicatur:
700 3288 813 3341 imo
850 3293 904 3340 et
931 3299 1117 3354 pacem
1149 3284 1334 3338 colant
1363 3283 1673 3350 vobiscum,
1699 3294 1754 3339 et
1798 3300 2006 3353 secum,

421 3381 550 3434 ferae
616 3379 765 3448 ipsae.
827 3374 1130 3441 Prmterea,
1187 3372 1336 3444 quod
1394 3373 1582 3429 caelum
1641 3374 1817 3428 sedem
1855 3393 2009 3432 suout

418 3487 542 3527 esse
577 3471 737 3537 dixit,
771 3469 826 3524 in
856 3468 1064 3524 sanctis
1101 3467 1454 3538 requiescere
1500 3483 1560 3522 se
1589 3466 2004 3524 demonstravit.

419 3561 576 3631 Quod
612 3561 812 3616 deinde
845 3572 1044 3614 terram
1070 3574 1183 3613 esse
1216 3557 1503 3612 scabellum
1523 3558 1716 3627 pedum
1749 3576 1970 3614 suorum
1990 3603 2006 3629 ,

421 3658 501 3709 sic
531 3669 616 3720 ea,
659 3666 780 3722 quae
817 3649 1044 3706 minime
1075 3657 1264 3704 sancta
1293 3657 1444 3715 sunt,
1471 3648 1527 3704 in
1571 3665 1671 3705 sua
1715 3665 1774 3706 se
1809 3651 2010 3707 habere

423 3753 701 3818 potestate
728 3741 1078 3814 signiﬁcavit.
1110 3739 1252 3808 Quia
1297 3750 1482 3796 autem
1517 3742 1696 3798 tribus
1726 3742 1846 3798 duae
1882 3758 2007 3798 cum

423 3839 675 3904 dimidia,
712 3851 821 3892 non
857 3849 1088 3906 operum
1119 3848 1346 3890 suorum
1376 3841 1433 3888 et
1463 3834 1714 3904 pietatis,
1739 3834 1835 3890 sed
1868 3843 2008 3890 tem-

425 3931 499 4002 pli
545 3929 637 3984 Dei
685 3929 910 3993 virtute,
962 3925 1428 3998 expugnationem
1463 3939 1525 3981 se
1567 3939 1692 3981 esse
1740 3927 2010 3982 vitaturas

425 4022 873 4082 arbitrabantur,
906 4021 1010 4075 ista
1059 4033 1165 4073 non
1224 4017 1354 4084 sibi,
1389 4017 1486 4073 sed
1544 4017 1654 4074 illis
1702 4018 2014 4074 conducere

425 4114 812 4178 demonstrat,
843 4120 903 4166 ut
941 4126 1066 4165 cum
1101 4109 1373 4182 legalibus
1406 4109 1749 4180 iuhmserint,
1778 4128 1888 4168 non
1925 4115 2012 4168 in.

427 4209 624 4281 dignos
649 4223 708 4263 se
735 4212 1020 4278 praestent,
1054 4203 1150 4275 qui
1183 4205 1239 4259 in
1290 4205 1427 4274 ipsis
1480 4205 1710 4260 habitet.
1748 4208 2010 4262 Aversari

429 4316 489 4356 se
519 4307 786 4371 praetcrea
826 4295 1039 4352 hOStias
1069 4293 1364 4365 signiﬁcat,
1396 4292 1520 4364 quae
1550 4295 1618 4348 ab
1644 4295 1814 4351 animi
1843 4301 2012 4353 recti-

2102 1810 2252 1883 μένῳ
2279 1808 2652 1878 πειθαρχῆσαι
2668 1800 2908 1874 Χριστῷ.
2934 1797 3069 1854 Εἶτα
3117 1799 3212 1853 καὶ¹
3259 1796 3396 1868 πρὸς
3424 1798 3521 1868 τὴν
3574 1795 3684 1866 ἁρ-

2099 1900 2260 1972 χαίαν
2289 1896 2602 1969 ἀνατρέχων
2627 1905 2669 1934 ω
2697 1891 2975 1958 ἀσέϐειαν,
3006 1890 3102 1943 καὶ
3158 1888 3227 1942 τὰ
3267 1888 3683 1956 ﬁdaﬁda-pata.

2100 1984 2234 2058 φησί
2262 2000 2276 2016 ·
2307 1984 2398 2038 Διὸ
2433 1982 2589 2051 κάγὼ
2621 1981 2944 2050 ἐκλέξομαι
2970 1978 3042 2032 τὰ
3060 1976 3432 2048 ἐμπαίγματα
3457 1975 3684 2031 αὐτῶν⁴⁹

2098 2078 2245 2133 τοῦτ’
2273 2077 2412 2141 ἔστι,
2453 2075 2582 2138 τοὺς
2623 2073 2990 2145 ὲμπαίζοντάς
3023 2088 3084 2125 τε
3133 2073 3228 2125 καὶ⁸
3280 2066 3686 2140 ὲμπαροινοῦν-

2099 2188 2196 2236 τας
2228 2170 2433 2235 αὐτοῖς,
2467 2166 2714 2240 δηλονότι
2763 2165 3091 2236 Ῥωμαίους.
3141 2162 3207 2216 Ἦ
3236 2163 3292 2215 δὲ
3331 2162 3504 2227 αίτία,
3542 2161 3684 2214 διότι

2100 2261 2372 2317 ἐκάλεσα
2426 2259 2645 2324 αὐτοὺς,
2698 2257 2796 2311 καὶ
2826 2257 2937 2310 οὐκ
2975 2253 3330 2321 ἐπήκουσὰν
3355 2269 3479 2324 μου,
3509 2251 3537 2304 ὅ
3589 2252 3689 2304 καὶ

2103 2359 2210 2430 πρὸ
2230 2354 2438 2410 τούτων
2469 2353 2706 2422 ἐλέγετο.
2746 2353 2811 2406 Ἦ
2834 2351 2892 2406 δὲ
2967 2349 3195 2418 κλῆσις
3223 2365 3238 2378 °
3279 2366 3300 2401 ι
3339 2345 3507 2400 Δεῦτε
3540 2345 3688 2417 πρός

2107 2468 2174 2523 με
2205 2450 2408 2512 πάντες
2439 2448 2489 2500 οἱ
2538 2445 2862 2509 κοπιῶντες,
2919 2443 3014 2496 καὶ
3053 2439 3498 2512 πεφορτισμένοι,
3527 2435 3694 2506 κάγὼ

2103 2540 2404 2597 ἀναπαύσω
2436 2539 2600 2608 ὑμᾶς.
2632 2555 2653 2589 ι
2692 2535 2776 2589 Τά
2801 2534 2858 2588 δὲ
2891 2536 3020 2606 περὶ
3070 2533 3180 2586 τῶν
3232 2531 3368 2584 ἐτῶν
3395 2529 3690 2601 εἰρημένα,

2103 2635 2248 2697 τινὲς
2272 2630 2463 2694 ἁπλῶς
2493 2627 2747 2702 εἰρῆσθαί
2785 2643 2949 2696 φασιν
2979 2624 3072 2679 ἐπὶ
3124 2622 3478 2693 πολυχρονίου
3505 2621 3682 2691 ζωῆς,

2105 2726 2221 2795 εἴγε
2273 2726 2387 2788 τοῖς
2433 2721 2598 2778 αὑτοῦ
2624 2717 3186 2791 νόμοιςὲμμέννοιεν.
3239 2715 3348 2768 Καὶ
3379 2712 3478 2785 τὴν
3499 2711 3693 2784 χώραν

2105 2818 2215 2890 γὰρ
2241 2816 2548 2887 ἀπόρθητον
2575 2811 2810 2878 ἕξουσιν,
2849 2811 2944 2864 καὶ
2971 2808 3272 2884 «αρποὺςη
3303 2807 3379 2871 ὡς
3410 2809 3468 2862 ἐν
3500 2822 3692 2877 παραυ

2107 2911 2303 2974 δείσοις
2363 2906 2656 2969 ἁειθαλεῖς,
2703 2901 3151 2974 ἃπρορρηθέντα
3202 2900 3290 2954 διὰ
3329 2899 3431 2972 τὴν
3501 2898 3698 2952 αὐτῶν

2111 3001 2396 3068 ἀπειθείαν
2424 2999 2485 3052 οὐ
2513 2998 2756 3066 γέγονεν.
2785 2991 3125 3049 Μετανοοῦσι
3175 2989 3284 3061 γάρ
3330 2989 3696 3059 ἐπήγγελται.

2111 3093 2456 3163 Πειθομένων
2503 3089 2632 3159 γάρ,
2691 3087 2878 3158 φησιν,
2927 3081 3336 3153 εὐλογημένον
3384 3079 3554 3135 ἔσται
3628 3080 3703 3134 τὸ

2113 3185 2368 3254 σπέρμα.
2397 3179 2718 3254 Εἰρηδεύσει
2747 3195 2805 3231 τε
2834 3177 2971 3249 πρὸς
2997 3177 3143 3246 ὑμᾶς
3169 3174 3239 3227 τὰ
3254 3171 3418 3244 θηρία
3443 3171 3538 3224 καὶ
3551 3170 3703 3224 αὐτὰ

2115 3279 2252 3349 πρὸς
2291 3275 2482 3332 ἑαυτά.
2539 3273 2612 3328 Τὸ
2658 3271 2714 3325 δὲ
2748 3273 2781 3325 ὁ
2814 3270 3071 3350 οὐρανός
3115 3285 3217 3336 μοι
3248 3265 3483 3334 θρόνος,
3545 3261 3704 3316 τοῦτ’

2115 3373 2284 3439 ἐστιν,
2312 3357 2619 3431 ἀνάπαυσις
2649 3365 2720 3420 τὰ
2738 3365 2892 3435 ἅγια.
2950 3363 3024 3416 Τὸ
3053 3361 3110 3416 δὲ
3157 3360 3196 3426 ἠ
3228 3357 3302 3427 τῆ
3334 3353 3702 3420 ὑποπόδιον.

2117 3464 2443 3532 ὑπεξουσίαν
2471 3472 2497 3499 ιι
2516 3461 2610 3515 καὶ
2638 3458 2704 3513 τὰ
2741 3457 2816 3529 μὴ
2877 3455 3026 3523 ἆγια.
3099 3453 3143 3505 Τ
3147 3451 3222 3504 ὦν
3269 3449 3361 3503 δύο
3384 3449 3438 3501 δὲ
3468 3447 3707 3519 ἡμίσεος

2117 3557 2299 3631 φυλῶν
2327 3555 2590 3625 οἰομένων
2611 3548 2924 3619 διαφεύγειν
2951 3545 3048 3618 τὴν
3079 3545 3302 3604 ἅλωσιν,
3333 3540 3421 3595 διὰ
3446 3541 3545 3609 τὴν
3558 3540 3706 3631 πρὸς

2115 3630 2208 3706 τὸν
2230 3649 2357 3703 ναὸν
2379 3646 2473 3700 τοῦ
2494 3642 2653 3707 Θεοῦ,
2679 3641 2797 3696 ἀλλ’
2829 3641 2890 3694 οὐ
2921 3638 3008 3691 διὰ
3053 3637 3271 3708 τρόπων
3313 3635 3537 3706 ἀρετὴν,
3605 3630 3708 3684 καὶ

2120 3740 2426 3804 εὐσέϐειαν,
2455 3737 2725 3791 δείκνυσιν
2755 3733 2832 3796 ὡς
2859 3731 2960 3784 οὐκ
3004 3727 3153 3798 αὐτῷ
3189 3725 3384 3792 ταῦτα,
3423 3725 3492 3777 δι’
3549 3724 3707 3776 ὲκεί-

2118 3851 2242 3897 νους
2302 3832 2361 3885 δὲ
2405 3831 2675 3902 χρήσιμα,
2711 3825 2859 3888 ὅπως
2891 3823 3009 3885 τοῖς
3065 3815 3705 3891 νομίμοιςὲμμένοντες,

2119 3925 2228 3983 εἷεν
2257 3926 2398 3992 ἄξιοι
2425 3921 2519 3978 τοῦ
2548 3919 2711 3974 αὐτὸν
2731 3919 2901 3972 οἰκεῖν
2940 3917 2998 3968 ἐν
3030 3914 3234 3976 αὐτοῖς.
3277 3911 3429 3964 Ἐπεὶ
3457 3909 3553 3962 καὶ
3602 3907 3708 3971 τὰς

2119 4017 2308 4080 θυσίας
2346 4012 2758 4085 ἀποστρέφομαι
2792 4009 2867 4080 μὴ
2898 4006 3193 4077 γινομένας
3248 4002 3345 4057 ἀπ’
3406 3999 3568 4072 ὀρθοῦ
3613 4000 3703 4052 λο-

2118 4108 2341 4180 γισμοῦ,
2392 4108 2678 4169 Ιιοιοῡντες
2725 4104 2834 4173 γάρ
2891 4101 3071 4154 αὐτῶν
3118 4099 3186 4151 τὰ
3242 4096 3545 4166 θελήματα,
3611 4096 3709 4146 καὶ

2117 4201 2552 4276 προσκυνοῦντες
2582 4196 2848 4260 εἰδώλοις,
2883 4194 3004 4265 ἐμοὶ
3053 4191 3192 4263 μετὰ
3221 4190 3427 4244 τούτων
3465 4187 3709 4258 προσέρ-

2121 4318 2326 4372 χονται.

431 4393 622 4448 tudine
667 4404 774 4446 non
809 4389 1256 4460 proﬁciscantur.
1295 4385 1489 4442 Solent
1515 4388 1660 4443 enim
1698 4391 1791 4460 qui
1857 4393 2230 4450 voluntatibus
2260 4394 2376 4448 suis
2439 4390 2838 4459 obsequuntur,
2902 4391 2957 4438 et
2999 4382 3064 4437 ad
3099 4381 3243 4436 idola
3314 4375 3708 4450 procumbunt,

431 4489 498 4545 ad
529 4499 655 4542 eum
679 4498 804 4538 cum
838 4482 960 4537 istis
989 4481 1272 4544 accedere,
1298 4489 1409 4537 etc.

431 4587 597 4660 750
617 4587 784 4646 Vsus.
819 4587 974 4644 5-H.
1004 4588 1198 4642 Audite
1225 4586 1383 4641 verba
1417 4587 1648 4652 Domini,
1686 4587 1776 4657 qui
1797 4589 2003 4642 tremiti:

2195 4584 2343 4639 εὀιδθ.
2377 4580 2707 4635 Ἀκούσατε
2724 4574 2965 4643 ῥήματα
3013 4571 3236 4639 Κυρίου
3277 4571 3330 4623 οι
3387 4565 3711 4636 τρέμοντες

501 4685 569 4734 ad
587 4695 884 4739 sermonem
908 4679 1043 4749 ejus.
1068 4678 1241 4732 Dicite
1269 4678 1527 4747 fratribus
1545 4679 1754 4742 uestris,
1777 4681 1867 4751 qui
1897 4682 2023 4735 ode-

506 4783 630 4831 runt
658 4788 771 4838 vos,
807 4782 856 4827 et
890 4769 1294 4832 abominantur,
1329 4778 1386 4822 ut
1427 4785 1614 4823 nomen
1653 4769 1868 4826 Domini
1905 4773 2018 4844 glo-

505 4865 768 4934 riﬁcetur,
795 4871 855 4917 ut
879 4871 1139 4931 appareat
1165 4860 1219 4914 in
1245 4859 1438 4914 la'titia
1461 4877 1666 4927 eorum,
1697 4869 1747 4916 et
1784 4861 1865 4916 illi
1893 4879 2022 4917 cou-

507 4957 824 5029 fundentur.
876 4955 992 5009 Vox
1019 4954 1274 5008 clamoris
1309 4952 1373 5008 de
1403 4954 1638 5018 ciuitate,
1669 4971 1769 5010 eoa:
1793 4955 1859 5011 de
1894 4966 2052 5011 tem-..

506 5052 618 5122 pio,
642 5065 743 5105 vox
779 5048 994 5103 Domini
1029 5045 1371 5102 retribuentis
1404 5047 1801 5102 retributionem
1836 5048 2021 5103 adrer-

505 5159 668 5199 801⁵118
700 5158 835 5197 suis.

2123 4678 2234 4730 τὸν
2283 4674 2474 4742 λόγον
2519 4665 2728 4723 αὑτοῦ.
2771 4664 2997 4718 Είπατε
3046 4657 3335 4729 ἀδελφοῖς
3360 4654 3532 4726 ἡμῶν
3577 4654 3714 4720 τοῖς

2121 4766 2417 4838 μισοῦσιν
2482 4759 2660 4831 ὑμᾶς,
2716 4756 2811 4810 καὶ
2863 4750 3415 4820 βδελυσσομένοις,
3487 4748 3587 4801 ἵνα
3642 4747 3714 4800 τὸ

2129 4861 2316 4930 ὄνομα
2346 4858 2566 4926 Κυρίου
2597 4847 2896 4916 δοξασθῇ,
2918 4846 3014 4901 καὶ
3049 4842 3207 4914 ὀφθῇ
3249 4843 3319 4897 ἐν
3378 4839 3451 4908 τῇ
3487 4842 3715 4930 suppal-

2127 4929 2289 5019 σύιλῃ
2321 4946 2544 5015 αὐτῶν,
2576 4945 2675 4999 καὶ
2698 4942 2922 4998 ἐκεῖνοι
2955 4935 3494 5008 αἱσχυνθήσονται.
3533 4929 3713 4998 Φωνὴ

2127 5039 2398 5111 κραυγῆς
2421 5038 2488 5092 ἐκ
2510 5039 2765 5099 πόλεως,
2791 5029 2957 5102 φωνὴ
2989 5030 3058 5083 ἐκ
3081 5027 3254 5088 ναοῦ,
3286 5023 3456 5094 φωνὴ
3485 5023 3715 5090 Κυρίου

2127 5131 2639 5195 ἀντιιποδίδοντος
2685 5122 3160 5183 ἀνταποδίδοσιν
3211 5119 3336 5184 τοῖς
3377 5114 3717 5184 ἀντικειμέ-

2051 5221 2053 5224 ⁴
2129 5243 2277 5292 νοις,
2305 5243 2359 5281 κ.
2393 5240 2442 5278 τ.
2472 5222 2524 5275 λ.

511 5321 672 5393 751
701 5318 1068 5391 Posteaquam
1113 5318 1182 5373 iis
1218 5330 1356 5371 nova
1396 5312 1510 5368 fore
1541 5317 1747 5380 Omnia,
1784 5318 2020 5388 promis-

516 5503 560 5535 "
584 5502 730 5558 Psal.
755 5503 1085 5567 thx,l2,iO.
1109 5509 1152 5540 “
1169 5500 1361 5556 Matth.
1405 5517 1480 5565 xi,
1529 5499 1618 5553 28.

2204 5321 2386 5374 Πάντα
2411 5319 2574 5372 κιιινὲσι
2605 5315 2746 5371 κατὰ
2782 5314 2871 5368 τὸν
2904 5310 3094 5384 καιρὸν
3136 5307 3306 5363 εἰπὼν
3341 5299 3557 5358 ἔσεσθαι
3600 5299 3720 5352 τῶν

1735 5592 1972 5649 νΑιιιΑῑ
2003 5591 2412 5659 LECTIONES.

522 5706 558 5732 ω
590 5707 679 5760 γρ,
710 5689 1051 5760 ἀνατρέχειν.
1153 5697 1178 5724 ι’
1211 5706 1299 5757 πρ.
1333 5686 1650 5756 ὑπεξούσια.
