3976 6210
370 151 502 218 2701

1530 156 2059 218 COMMENTARII
2106 157 2185 216 IN
2222 155 2503 219 lSAIAM.

3494 155 3639 219 2702

372 272 714 340 ἐπαγγελιῶν
771 276 879 338 τοῖς
931 275 1100 329 ταῦτα
1150 274 1492 346 προμαθοῦσι
1531 276 1672 330 κατὰ
1728 273 1821 328 τὸν
1864 277 1949 328 ὲν-

2064 273 2270 328 sionum
2299 283 2544 343 tempore
2575 272 2737 340 dixit,
2773 275 2867 345 qui
2899 273 3029 328 dum
3056 274 3330 336 viverent,
3359 271 3464 328 ista
3497 275 3640 329 didi-

372 364 582 417 εστὼτα
615 363 748 434 βίον,
775 366 1084 431 ἀκολούθως
1113 367 1286 423 ταῦτὰ
1311 387 1476 441 φησιν
1501 385 1512 396 ·
1553 370 1877 423 Ἀκούσατε
1900 371 1955 422 οι

373 455 688 526 τρέμοντες
714 458 855 524 τοὺς
881 460 1106 532 λόγους
1132 442 1351 528 αὐτοῦς
1397 463 1525 533 περὶ
1557 455 1632 515 ὧν
1656 461 1895 531 ἔφασκεν
1935 479 1951 492 ο

383 567 402 600 ι
424 549 545 603 Ἐπὶ
572 543 692 603 τίνα
707 550 764 604 δὲ
787 551 1086 623 ὲπιϐλέψω,
1115 553 1226 608 ἀλλ’
1257 555 1292 627 ἢ
1320 555 1416 608 ἐπὶ
1447 555 1538 608 τὸν
1559 553 1836 618 ταπεινὸν,
1860 556 1956 608 καὶ

378 637 618 710 ἡσύχιον,
643 643 734 696 καὶ
748 645 1016 716 τρέμοντα
1038 663 1138 716 μου
1151 647 1275 710 τοὺς
1289 647 1505 716 λόγουςξ
1530 665 1547 698 ι
1571 645 1652 710 οἷς
1674 646 1958 716 εὐαγγελισ-

377 731 470 782 κὸν
485 731 852 802 παράγγελμα
871 734 993 808 [δίδ]
1011 753 1146 789 ωσιν
1161 736 1312 790 οὐδὲν
1327 737 1583 806 διαφέρον
1599 736 1712 790 τοῦο
1743 756 1761 788 ι
1788 738 1955 807 ’Λγα-

376 822 512 874 πᾶτε
537 822 664 886 τοὺς
696 823 922 894 ἐχθροὺς
949 826 1100 896 ὑμῶν
1132 843 1146 858 ο
1182 826 1362 892 καλῶς
1394 830 1595 882 ποιεῖτε
1623 830 1736 892 τοῖς
1769 827 1957 898 μισοῦ-

377 930 461 966 σιν
492 914 656 983 ΰμᾶς.
693 916 1066 987 Προσεύχεσθε
1095 917 1237 990 ὑπὲρ
1260 919 1369 973 τῶν
1403 919 1956 991 ὲπηρεαζόντων,καὶ

373 1007 681 1062 διωκόντων
705 1009 870 1079 ὑμᾶς,
901 1011 987 1065 ἵνα
1013 1011 1246 1082 γένησθε
1285 1014 1391 1066 υἱοὶ
1419 1013 1512 1068 τοῦ
1539 1015 1782 1086 Πατέρος
1799 1017 1953 1087 ὑμῶν

374 1098 470 1152 τοῦ
506 1102 564 1154 ὲν
592 1104 704 1165 τοῖς
735 1103 1004 1174 οὐρανοῖς.
1038 1123 1056 1157 ι
1093 1107 1167 1160 Οὐ
1209 1105 1316 1178 γὰρ
1343 1107 1404 1160 τὸ
1436 1107 1670 1178 τρέμειν
1693 1109 1788 1163 τοῦ
1817 1111 1955 1165 Θεοῦ

376 1193 518 1256 τοὺς
552 1195 794 1263 λόγους,
816 1197 951 1267 πρὸς
988 1197 1292 1270 τελειότητα
1319 1199 1479 1270 μόνον
1520 1202 1683 1271 ἀρκεί
1709 1217 1724 1232 ο
1753 1203 1956 1273 ἀρετῆς

375 1284 430 1337 δὲ
460 1286 546 1337 ἐπ’
577 1287 745 1357 ἄκρον
771 1289 1038 1360 ἀνάληψις
1070 1291 1389 1362 ἁγαπητικὴ
1421 1293 1556 1363 πρὸς
1584 1293 1711 1356 τοὺς
1741 1293 1956 1348 θλίϐον·

374 1396 474 1442 τας
501 1378 719 1451 γνώμη,
780 1382 915 1436 Ἵνα
945 1385 1010 1437 τὸ
1055 1385 1243 1456 ὄνομα
1272 1387 1494 1456 Κυρίου
1529 1385 1824 1455 δοξασθῇ,
1857 1388 1957 1442 καὶ

377 1474 535 1545 ὀρθῇ
553 1476 624 1530 ἐν
651 1475 725 1546 τῇ
753 1479 1104 1549 εὐφροσύνῃ
1138 1479 1356 1534 αὐτῶν.
1380 1480 1458 1532 Δι’
1483 1473 1559 1534 ὧν
1577 1481 1646 1549 γᾶ
1655 1497 1687 1548 ρ
1707 1481 1795 1535 ἐπ’
1853 1482 1955 1535 αὑ-

373 1571 488 1632 τοῖς
541 1570 666 1624 ἀντὶ
715 1570 907 1640 μίσους
963 1572 1380 1642 εὐφραίνεσθε,
1429 1573 1577 1638 Θεὸς
1625 1573 1951 1640 δοξάζεται,

374 1660 517 1714 κατὰ
544 1660 605 1714 τό
637 1676 666 1704 ⁸-
691 1680 710 1712 ι
743 1662 862 1715 Ἵνα
897 1663 1046 1717 ἴδωσι
1071 1663 1139 1716 τὰ
1167 1663 1308 1718 καλὰ
1336 1664 1490 1736 ὑμῶν
1517 1665 1674 1736 ἔργα,
1695 1665 1788 1719 καὶ
1803 1665 1956 1730 605i-

377 1766 511 1803 σωσι
541 1752 633 1806 τὸν
658 1754 883 1825 Πατέρα
913 1755 1067 1826 ὑμῶν
1095 1756 1185 1810 τὸν
1208 1759 1266 1811 ὲν
1293 1759 1406 1822 τοῖς
1439 1759 1711 1827 οὐρανοῖς.
1756 1777 1776 1810 ι
1845 1760 1957 1812 Καὶ

373 1843 528 1896 αὐτοὶ
555 1843 612 1897 δὲ
639 1845 798 1916 τυχὸν
819 1845 914 1900 τοῦ
939 1847 1074 1901 Θεοῦ
1112 1847 1266 1917 ὑμῶν
1295 1847 1638 1913 ὃοξάσουσι
1668 1849 1954 1918 τοῦνομα,

371 1932 514 1987 οὕτω
561 1935 698 2005 πρὸς
748 1938 950 2002 αὐτοὺς
1004 1939 1382 2010 διακειμένους
1431 1939 1688 2011 ὁρῶντες,
1739 1943 1835 1994 καὶ
1886 1943 1955 2013 τῇ

371 2026 700 2097 χρηστότητι
731 2029 795 2098 τῇ
829 2028 959 2100 περὶ
1011 2029 1210 2092 αὐτοὺς
1254 2029 1694 2100 εὐφραινόμενοι.
1723 2029 1956 2100 Σύμμα-

369 2135 468 2189 χος
498 2118 575 2184 δὲ,
613 2120 717 2174 Kal
755 2121 1022 2190 ὀψόμεθα
1069 2123 1139 2176 ἐν
1170 2121 1244 2192 τῇ
1272 2123 1620 2192 εὐφροσύνῃ
1652 2123 1822 2193 ὑμῶν
1863 2125 1955 2192 6&-

369 2209 592 2278 έδωκεν,
619 2213 694 2276 ὡς
716 2213 782 2268 ἂν
799 2215 858 2266 ἐν
887 2214 965 2285 τῷ
983 2215 1127 2270 τέλει
1142 2218 1240 2286 τῆς
1263 2217 1593 2288 ἐκδικήσεως
1619 2217 1828 2271 τούτων
1857 2219 1956 2287 μὲν

372 2304 616 2375 ἐκδήλως
658 2309 1184 2378 εὐφραινουμένων
1210 2325 1224 2341 °
1271 2310 1494 2364 ἐκείνων
1520 2310 1577 2363 δὲ
1613 2310 1736 2364 λίαν
1761 2311 1850 2381 ἐφ’
1871 2305 1955 2373 οἷς

373 2395 576 2467 ὁρῶσιν
601 2399 1122 2468 αὶσχυνουμένων.
1170 2402 1556 2473 Ἐπιστήσεται
1592 2400 1701 2473 γὰρ
1757 2403 1787 2456 6
1851 2402 1950 2471 τῆς

373 2486 782 2553 ἁνταποδόσεως
828 2491 952 2542 ὅσον
994 2489 1148 2543 οὗπω
1206 2492 1417 2562 καιρὸς,
1457 2494 1546 2546 ὅτε
1600 2493 1781 2563 φωναὶ
1845 2493 1954 2546 τῶν

373 2576 862 2650 κολασθησομένων
891 2581 1344 2652 ἀκουσθήσονται,
1385 2582 1496 2636 τῶν
1521 2583 1622 2652 μὲν
1647 2585 1956 2656 οἰκητόρων

368 2666 656 2731 βοώντων
675 2668 741 2722 ἐκ
760 2669 862 2738 τῆς
891 2671 1146 2736 πόλεως,
1170 2671 1277 2724 τῶν
1305 2671 1360 2724 δὲ
1381 2671 1842 2744 λειτουργούντων
1887 2674 1956 2727 ἐκ

375 2758 482 2813 τοῦ
513 2761 685 2816 ναοῦ.
725 2761 1022 2828 Βοήσεται
1049 2763 1106 2818 δὲ
1136 2765 1230 2818 καὶ
1247 2765 1337 2818 διὰ
1382 2765 1492 2819 τῶν
1534 2765 1877 2836 πραγμάτιον
1926 2769 1960 2820 ὁ

375 2853 608 2918 Κύριος,
643 2854 719 2917 ὡς
745 2855 911 2908 αὑτοῦ
937 2856 1113 2926 κρίσει
1144 2857 1358 2938 γίνεται
1410 2858 1478 2913 τὰ
1518 2859 1690 2913 δεινά.
1741 2860 1956 2914 Εἰδέναι

373 2944 426 2998 δὲ
446 2945 554 3018 χρὴ
580 2945 657 3010 ὡς
693 2946 1067 3016 εὐαγγελικῶς
1105 2951 1484 3022 παραγγείλας
1529 2951 1838 3021 ἀδελφοὺς
1861 2970 1956 3006 νο-
1985 2969 2029 3025 (ζ

380 3035 557 3104 μίζειν
577 3041 704 3103 τοὺς
732 3039 1000 3104 eomch
1027 3043 1262 3111 νομικὴν
1312 3043 1504 3096 ἔλυσεν
1541 3045 1786 3115 ἐντολήν.
1816 3047 1958 3115 Φησὶ

377 3129 486 3198 γὰρ
514 3132 542 3182 6
569 3130 735 3201 νόμος
761 3146 774 3160 ⁸
807 3133 881 3184 Οὐ
912 3133 1164 3204 λαλήσεις
1186 3134 1370 3199 αὐτοῖς
1411 3136 1682 3206 εἰρηνικά.
1721 3138 1830 3191 Kal.
1855 3139 1961 3191 πᾶ-

379 3237 480 3274 σαν
509 3223 810 3294 ἐπιγαμίαν
839 3223 1107 3296 ἀπείρηκε
1137 3226 1272 3297 πρὸς
1294 3227 1514 3292 αὐτοὺς,
1535 3227 1611 3292 ὡς
1643 3229 1710 3282 ἂν
1736 3230 1810 3299 μὴ
1829 3229 1959 3302 παρ’

379 3311 561 3367 αὐτῶν
618 3313 929 3378 πεισθέντες
973 3319 1054 3379 εἰς
1091 3317 1534 3390 εἰδωλολατρείαν
1599 3322 1910 3377 ἐκπέσωσιν
1943 3341 1957 3356 ο

379 3403 494 3456 ἀλλ’
532 3404 589 3456 ἐν
619 3405 842 3476 Χριστῷ
869 3406 1060 3475 γέγονε
1096 3407 1162 3462 τὰ
1181 3407 1466 3479 ἀμφότερα
1489 3409 1571 3470 ἓν.
1602 3412 1696 3461 καὶ
1740 3410 1960 3465 λέλυται

378 3497 438 3548 τὸ
471 3496 784 3568 μεσότοιχον
817 3497 908 3551 τοῦ
936 3497 1215 3568 φραγμοῦ,
1261 3499 1611 3569 κατήργηται
1658 3501 1717 3554 δὲ
1780 3505 1876 3556 καὶ
1930 3505 1960 3556 6

380 3585 541 3656 νόμος
577 3587 686 3640 τῶν
704 3589 934 3643 ἐντολῶν
963 3592 1022 3644 ὲν
1052 3590 1336 3658 δόγμασιν.
1367 3591 1540 3654 Αὐτὸς
1576 3591 1686 3664 γάρ
1729 3592 1879 3647 ἐστιν
1923 3597 1956 3664 ή

381 3675 572 3747 εἰρήνη
606 3677 786 3748 ήμῶν.

449 3941 605 4004 Τινὲς
624 3941 679 3994 δὲ
703 3941 840 4012 πρὸς
864 3942 992 4005 τοὺς
1015 3942 1346 4007 ἀποστόλους
1393 3944 1644 4015 εἰρῆσθαί
1666 3963 1851 4015 φασιν,
1884 3947 1960 4013 ὠς

385 4030 672 4100 μέλλοντας
702 4033 806 4084 ὑπὸ
841 4032 1109 4087 Ἰουδαίων
1135 4033 1457 4098 κακοῦσθαι,
1481 4035 1576 4088 καὶ
1605 4036 1962 4106 μάλιστατῶν

382 4123 441 4176 ὲν
475 4124 851 4196 Ἰερουσαλὴμ,
880 4118 955 4179 ὧν
972 4127 1020 4178 oi
1057 4125 1317 4196 ἄρχοντες
1338 4129 1463 4191 τοὺς
1483 4130 1815 4194 ἀποστόλους
1839 4133 1962 4202 ᾐκί-

386 4229 564 4278 σαντο,
599 4212 826 4267 θάνατον
857 4215 1276 4285 ἀπειλήσαντες,
1313 4217 1361 4268 εἱ
1387 4215 1480 4268 τὸν
1499 4219 1770 4289 σωτήριον
1802 4221 1962 4290 λόγον

2056 365 2284 428 cissent,
2327 377 2436 418 non
2470 365 2775 435 incongrue
2819 364 2931 434 iam
2957 379 3076 428 eos,
3126 363 3217 434 qui
3246 366 3316 417 ad
3361 377 3653 417 sermonem

2056 445 2225 523 ipsius
2270 454 2702 520 contremiscunt,
2744 453 2932 509 audire
2979 453 3262 525 praecipit;
3311 451 3379 508 de
3435 452 3638 522 quibus

2058 553 2221 601 antea
2253 545 2544 608 intellexit,
2590 559 2716 599 cum
2767 545 2820 599 in
2873 560 3033 616 quem
3078 545 3245 599 alium
3287 543 3640 613 inspecturus

2056 645 2224 703 esset,
2256 637 2362 692 nisi
2397 638 2451 692 in
2477 636 2740 692 humilem
2781 644 2836 691 et
2881 637 3155 708 quietum,
3187 636 3395 707 quique
3423 633 3638 690 Domini

2059 729 2226 786 verba
2273 735 2563 792 metueret,
2613 728 2910 798 postulavit
2939 729 3022 782 ιιι
3064 730 3269 801 quibus
3303 734 3638 798 praeceptum

2057 821 2436 893 evangelicum
2456 821 2540 876 ab
2567 835 2634 878 eo
2680 821 2817 876 nihil
2849 821 3176 890 discrepans
3220 820 3498 893 proponit,
3527 833 3640 890 quo

2057 913 2313 969 inimicos
2344 913 2605 982 iubemur
2659 913 2920 984 diligere,
2959 928 3070 984 quo
3099 913 3187 979 iis,
3233 913 3327 984 qui
3374 927 3475 967 nos
3507 910 3640 966 ode-

2059 1014 2209 1069 runt,
2245 1003 2601 1072 benefacere;
2646 1019 2760 1076 quo
2788 1005 3026 1076 denique
3052 1021 3151 1076 pro
3176 1004 3265 1072 iis,
3295 1007 3388 1076 qui
3422 1005 3640 1059 calum-

2060 1093 2306 1158 niantur,
2343 1099 2397 1148 et
2427 1104 2846 1164 persequuntur
2887 1111 3022 1160 nos,
3063 1109 3247 1161 orare,
3277 1102 3334 1149 ut
3361 1093 3512 1148 Patri
3543 1108 3641 1148 no-

2059 1195 2202 1250 stro,
2247 1185 2341 1256 qui
2391 1185 2445 1239 in
2491 1185 2650 1241 caelis
2684 1196 2788 1253 est,
2821 1185 3032 1242 similes
3079 1184 3468 1242 eﬂiciamur“.
3521 1183 3640 1238 Non

2058 1278 2204 1332 enim
2256 1278 2432 1332 solum
2489 1286 2550 1332 ut
2594 1278 2826 1347 perfecti
2876 1278 3071 1342 simus,
3115 1278 3183 1332 ad
3221 1277 3313 1333 Dei
3347 1293 3641 1332 sermonem

2061 1381 2279 1426 tremere
2311 1373 2446 1427 satis
2475 1372 2667 1438 fuerit;
2695 1371 2790 1428 sed
2825 1387 3040 1428 summa
3081 1387 3220 1443 opus
3258 1371 3421 1426 etiam
3465 1370 3643 1424 virtu-

2061 1465 2133 1521 tis
2178 1465 2574 1536 resumptione,
2617 1481 2738 1537 quae
2783 1467 3098 1522 dilectionis
3149 1474 3204 1520 et
3247 1464 3644 1520 benevolentiae

2061 1556 2393 1612 voluntatem
2431 1559 2483 1612 in
2514 1557 2813 1628 altligcntes
2843 1557 3075 1613 habeat:
3108 1555 3175 1610 Ut
3217 1572 3404 1610 nonten
3428 1555 3643 1609 Domini

2058 1646 2406 1717 glorificatur.
2458 1657 2508 1702 et
2562 1655 2819 1716 appareat
2851 1647 2908 1701 in
2955 1645 3152 1700 la'tilia
3182 1661 3387 1699 eorum.
3427 1644 3642 1710 Quibus

2061 1740 2205 1794 enim
2236 1739 2290 1794 in
2320 1739 2423 1805 cis,
2453 1739 2653 1810 inquit,
2695 1739 2806 1795 odii
2855 1740 2996 1803 loco,
3047 1737 3327 1800 (tutamini,
3365 1735 3504 1790 Deus
3535 1736 3644 1804 ipse

2057 1831 2614 1901 glori/iceranjuxta
2643 1831 2775 1885 illud
2801 1849 2814 1885 :
2850 1849 2870 1882 ι
2899 1827 2970 1885 Ut
3000 1829 3226 1885 videant
3253 1843 3419 1898 opera
3458 1835 3644 1882 vestra

2060 1923 2226 1987 bona,
2265 1932 2320 1979 et
2375 1923 2598 1978 laudent
2651 1923 2868 1977 Patrem
2934 1930 3204 1987 vestrum,
3255 1921 3348 1990 qui
3397 1920 3453 1974 in
3487 1919 3643 1974 cadis

2059 2022 2145 2070 est
2168 2013 2234 2069 ⁸⁷.
2274 2032 2293 2066 ι
2330 2013 2589 2070 Fortasse
2620 2029 2750 2070 vero
2776 2021 2830 2069 et
2860 2013 2938 2068 illi
2978 2013 3075 2068 Dei
3107 2012 3274 2068 vestri
3305 2027 3491 2066 nomen
3525 2009 3644 2081 glo-

2059 2105 2369 2175 riﬁcabunt,
2403 2122 2526 2162 cum
2552 2121 2618 2162 eo
2645 2120 2742 2160 vos
2771 2119 2900 2176 erga
2924 2120 2985 2160 se
3009 2104 3197 2158 animo
3228 2117 3355 2158 esse
3381 2101 3642 2165 viderint,

2058 2197 2174 2266 ipsa
2220 2199 2386 2252 etiam
2417 2197 2473 2251 in
2509 2212 2569 2252 se
2599 2197 2942 2251 humanitate
2997 2205 3048 2249 et
3081 2191 3457 2249 benevolentia
3492 2191 3644 2246 dele-

2058 2288 2210 2344 ctati.
2235 2291 2302 2344 At
2326 2287 2727 2360 Symmachus:
2751 2286 2821 2340 Et
2846 2285 3131 2340 videbimus
3164 2287 3215 2338 in
3238 2285 3427 2337 lmtitia
3448 2295 3641 2346 vestra,

2059 2380 2341 2433 transtulit
2363 2394 2376 2443 ;
2399 2387 2654 2448 tanquam
2674 2377 2729 2432 in
2755 2376 2858 2431 line
2887 2376 3110 2431 ultionis
3140 2375 3278 2430 istos
3300 2374 3523 2444 quidem
3557 2375 3651 2456 ιωτ

2062 2480 2162 2534 tos,
2182 2471 2304 2525 illos
2333 2478 2516 2524 autem
2545 2469 2631 2535 iis,
2651 2484 2772 2540 quae
2789 2469 3030 2535 videant,
3058 2467 3236 2539 palam
3262 2467 3514 2536 confusos
3533 2469 3644 2536 {ore

2060 2563 2352 2636 significet.
2396 2563 2775 2634 Cognoscetur
2815 2563 2984 2628 enim,
3010 2571 3276 2630 quantum
3309 2577 3416 2614 non
3453 2569 3640 2620 antea.

2061 2655 2437 2711 retributionis
2468 2665 2712 2725 tempus;
2757 2670 2881 2709 cum
2933 2669 3123 2710 eorum
3159 2667 3346 2716 voces,
3390 2653 3483 2722 qui
3541 2668 3642 2722 pu-

2063 2747 2308 2812 nicntur,
2358 2745 2713 2799 clamantibus
2774 2745 2839 2799 ab
2872 2745 3001 2798 urbe
3045 2743 3264 2808 incolis,
3314 2743 3559 2814 ipsisque
3582 2744 3646 2798 de

2064 2839 2255 2908 templo
2296 2838 2589 2900 ministris.
2626 2838 2806 2893 audiri
2853 2841 3156 2907 continget.
3198 2833 3470 2892 Clamabit
3513 2853 3645 2894 vero

2063 2943 2116 2987 et
2167 2931 2429 3002 operibus
2481 2930 2616 3000 ipsis
2668 2930 2947 2993 Dominus,
2983 2943 3094 2984 non
3145 2930 3276 2995 alio,
3329 2947 3491 3000 quam
3543 2947 3646 2986 suo

2064 3025 2237 3095 ipsius
2262 3024 2476 3095 judicio
2507 3023 2668 3096 752
2699 3024 3042 3078 calamitates
3075 3021 3211 3077 istas
3243 3022 3486 3077 immitti.
3535 3023 3645 3077 No-

2062 3118 2286 3172 tandum
2339 3130 2524 3186 porro,
2577 3130 2644 3170 eo
2695 3117 2837 3184 ipso,
2886 3114 3031 3184 quod
3081 3121 3272 3184 gentes
3326 3115 3646 3184 evangelica

2062 3225 2214 3265 more
2245 3208 2442 3280 fratres
2498 3222 2622 3264 esse
2678 3205 2989 3262 censendos
3045 3213 3254 3265 monet,
3305 3206 3479 3274 legem
3516 3221 3643 3260 eum

2064 3300 2354 3369 abrogare,
2389 3314 2512 3369 qua
2545 3296 2773 3368 paciﬁca
2809 3295 2875 3350 ad
2921 3297 3048 3351 illos
3098 3297 3250 3366 loqui
3298 3296 3644 3366 prohibebat.

2063 3394 2297 3450 Caverat
2322 3401 2377 3449 et
2425 3393 2565 3461 ipsa,
2595 3405 2666 3446 ne
2697 3388 3047 3444 matrimonia
3089 3403 3216 3443 cum
3255 3390 3336 3444 eis
3367 3390 3657 3444 contrahe-

2061 3497 2222 3552 rent;
2256 3501 2326 3541 ne
2359 3485 2429 3540 ab
2463 3485 2598 3554 ipsis
2629 3482 2882 3552 persuasi
2943 3481 3314 3535 idololatriam
3347 3495 3651 3550 sequeren-

2062 3586 2152 3630 tur
2177 3577 2262 3630 ‘3:
2297 3574 2393 3630 sed
2447 3575 2500 3628 in
2549 3574 2778 3628 Christo
2813 3573 2926 3640 jam
2970 3582 3202 3641 utraque
3228 3588 3398 3626 unum
3446 3571 3645 3626 ell‘ecta

2062 3679 2212 3731 sunt,
2248 3666 2671 3734 disturbatoqne
2706 3664 2887 3720 medio
2925 3665 3184 3718 macerias
3215 3666 3447 3733 pariete.
3481 3665 3645 3719 etiam

1980 3809 1982 3811 .
2065 3760 2149 3812 lex
2180 3758 2320 3828 ipsa,
2352 3773 2476 3827 quae
2504 3756 2890 3810 mandatorum
2921 3756 3137 3825 placitis
3167 3756 3481 3821 constabat,
3501 3757 3649 3826 jacet

2064 3851 2348 3920 abrogata.
2382 3847 2475 3903 Est
2501 3849 2647 3904 enim
2683 3849 2799 3918 ipse
2835 3863 2937 3918 pax
2973 3856 3162 3902 nostra
3196 3847 3264 3901 δ’.

2133 3942 2366 4010 Quidam
2423 3950 2610 3996 tamen
2662 3941 2728 3993 ad
2780 3941 3061 4009 apostolos
3106 3939 3216 3994 dici
3266 3939 3647 4004 arbitrantur,

2065 4046 2325 4107 tanquam
2361 4051 2391 4090 a
2420 4034 2626 4091 ludatis
2659 4033 2858 4088 damna
2889 4041 3076 4088 essent
3113 4033 3433 4103 accepturi;
3462 4034 3557 4089 sed
3583 4036 3652 4088 ab

2065 4130 2132 4184 iis
2155 4127 2451 4199 praecipue,
2494 4125 2588 4196 qui
2635 4124 3144 4196 Hierosolymorum
3197 4125 3389 4180 urbem
3448 4126 3655 4182 incolc-

2065 4230 2222 4276 rent:
2265 4234 2497 4290 quorum
2536 4218 2628 4287 qui
2657 4217 2936 4287 principes
2965 4217 3331 4280 habebantur,
3368 4218 3651 4287 apostolos

383 4307 724 4377 κηρύττοιεν.
759 4309 867 4360 Καὶ
889 4307 1040 4360 τὶδεῖ
1070 4306 1272 4375 λέγειν,
1302 4307 1378 4371 ὡς
1422 4310 1454 4377 ή
1490 4317 1509 4338 ο
1551 4310 1650 4379 μὲν
1712 4309 1822 4378 τῆς
1868 4315 1957 4366 86-

2074 4312 2258 4383 llagris
2291 4316 2641 4380 acceperant,
2675 4316 2906 4363 mortem
2941 4307 3022 4363 eis
3050 4306 3392 4372 minitantes,
3416 4309 3461 4363 si
3501 4308 3654 4364 salu-

382 4400 694 4468 φροσύνης
712 4400 1012 4468 ϊπαγγελία
1038 4403 1149 4464 τοῖς
1183 4401 1420 4472 Χριστοῦ
1450 4401 1643 4470 γέγονε
1669 4403 1961 4474 μαθηταῖς,

381 4489 448 4542 δι’
507 4491 688 4543 αὐτῶν
712 4491 990 4562 πανταχοῦ
1041 4492 1450 4562 συνισταμένων
1482 4492 1850 4562 Ἑκκλησιῶν.
1898 4494 1962 4548 Ἦ

381 4579 438 4632 δὲ
453 4579 548 4633 τοῦ
569 4581 704 4635 Θεοῦ
736 4583 860 4646 τοὺς
885 4584 1244 4644 κακώσαντας
1272 4583 1468 4646 αὐτοὺς
1522 4583 1786 4653 μετῆλθεν
1800 4585 1962 4655 ὀργὴ,

382 4676 756 4745 περιστάντων
826 4675 1022 4738 αὐτοὺς
1077 4674 1370 4744 πολεμίων.
1431 4675 1544 4728 Καὶ
1626 4675 1804 4730 ταῦτα
1862 4679 1962 4746 μὲν

383 4767 631 4829 ἐκεινοις.
653 4767 726 4818 T6
745 4765 800 4819 δὲ
826 4765 1074 4829 θεοσεϐὲς
1100 4764 1420 4836 πολίτευμα,
1445 4767 1539 4818 καὶ
1559 4768 1592 4838 ή
1609 4767 1706 4821 νέα
1731 4770 1903 4835 Σιὼν,
1929 4773 1963 4842 ή

395 4856 692 4926 Ἐκκλησία
740 4859 808 4911 δι’
831 4857 984 4930 ὑμῶν
1011 4859 1414 4930 συστησομένη,
1471 4859 1726 4913 τοσοῦτον
1747 4861 1964 4933 ἀθρόως

383 4952 668 5022 γεννήσει
693 4953 896 5024 πλῆθος
925 4953 1090 5018 λαῶν,
1122 4953 1198 5017 ὡς
1235 4953 1578 5023 ἐκπλαγῆναι
1611 4953 1702 5006 τὸν
1739 4956 1966 5010 ἀκούον-

388 5063 470 5098 τα.
509 5046 594 5107 Ὠς
621 5045 729 5113 γὰρ
759 5045 824 5119 ᾂν
847 5045 1108 5115 αἰφνίδιον
1137 5044 1278 5098 κατὰ
1300 5045 1537 5116 γαστρὸς
1572 5045 1774 5116 ἔχουσα
1825 5065 1961 5118 γεν-

385 5135 562 5202 νήσει
587 5137 746 5207 γυνὴ,
789 5138 1058 5207 μηδεμιᾶς
1096 5137 1285 5200 ὠδῖνος
1334 5139 1694 5209 ήγησαμένης
1725 5154 1741 5170 ·
1816 5141 1880 5194 τὸ
1907 5141 1966 5195 δὲ

2073 4406 2142 4460 tis
2172 4402 2527 4471 Evangelium
2574 4403 2986 4472 promulgarent
3021 4401 3091 4454 '°.
3122 4399 3454 4472 Quanquam
3487 4402 3652 4457 etiam

2073 4512 2182 4549 non
2224 4495 2365 4548 male
2409 4493 2703 4548 conveniat
2753 4493 2929 4562 ipsam
2980 4491 3189 4546 (mitia:
3234 4493 3653 4562 promissionem

2073 4586 2276 4642 Christi
2321 4584 2610 4656 discipulis
2662 4585 2864 4639 factam
2899 4599 3021 4640 esse
3069 4583 3368 4650 aﬂirmare;
3416 4600 3653 4654 quorum

2073 4695 2238 4749 opera
2281 4678 2482 4746 ubique
2515 4687 2642 4732 sunt
2680 4687 3025 4748 congregata:
3068 4675 3350 4732 Ecclesiae.
3397 4675 3490 4731 Est
3527 4693 3655 4733 vero

2074 4781 2168 4825 eos
2194 4769 2286 4826 Dei
2315 4773 2417 4830 ira.
2458 4785 2487 4822 a
2517 4769 2716 4838 quibus
2760 4769 2961 4838 injuria
3000 4768 3178 4825 allecti
3215 4779 3367 4834 sunt,
3398 4772 3510 4824 ulta
3533 4787 3656 4827 esse.

2076 4862 2478 4928 existimanda;
2535 4877 2660 4916 cum
2709 4862 2777 4915 ab
2823 4863 3074 4918 hostibus
3113 4863 3353 4930 obsideri
3400 4865 3651 4934 contigit.

2080 4955 2259 5022 Atque
2298 4952 2411 5005 hzec
2445 4952 2664 5019 quidem
2698 4950 2828 5006 illis.
2861 4950 2966 5016 Qui
3003 4960 3183 5006 autem
3221 4952 3364 5021 piam
3400 4951 3523 5002 vita;
3564 4964 3653 5002 ra-

2083 5049 2286 5101 tionem
2323 5052 2645 5115 sequuntur,
2682 5043 2910 5113 ipsaque
2942 5043 3078 5098 adeo
3121 5057 3264 5097 nova
3303 5041 3456 5106 Sion,
3490 5043 3541 5096 id
3573 5052 3657 5097 est

2077 5141 2347 5203 Ecclesia,
2372 5155 2494 5208 qua:
2533 5144 2715 5192 vestra
2766 5137 2934 5188 coihit
2961 5151 3150 5205 opera,
3184 5142 3392 5188 tantam
3427 5145 3656 5204 repente

385 5227 618 5298 τεχθὲν,
677 5227 886 5296 ἄρσεν.
934 5228 1120 5291 Οὕτως
1175 5227 1469 5300 ὁλόκληρον
1521 5229 1736 5300 ἁθρόως
1788 5232 1821 5300 ή
1873 5231 1957 5284 νέα

2081 5235 2251 5304 pariet
2287 5231 2614 5302 populorum
2652 5227 3094 5288 multitudinem,
3137 5238 3194 5280 ut
3230 5226 3299 5282 iis
3333 5227 3521 5290 etiam,
3560 5228 3654 5297 qui

456 5344 503 5376 ⁵⁸
529 5343 631 5399 lsa.
669 5362 816 5408 vat,
847 5347 902 5401 9..
993 5348 1039 5380 “
1069 5347 1255 5404 Matth.
1284 5363 1336 5414 v,
1372 5349 1458 5415 Η,
1491 5348 1579 5404 ιδ.
1605 5351 1649 5381 ⁸⁷
1691 5350 1884 5407 Matth.
1920 5369 1950 5405 v
1975 5391 1992 5416 ,
2030 5347 2118 5403 16.

386 5431 448 5483 ιι,
476 5417 582 5471 M.‘
641 5417 686 5448 '°
720 5418 840 5474 Act.
867 5434 927 5473 ιιι
950 5427 1003 5474 et
1041 5437 1112 5476 Iv.

2223 5345 2267 5376 ’⁸⁸
2312 5342 2486 5398 Exod.
2536 5355 2696 5404 xxtll,
2747 5339 2847 5404 3‘2;
2904 5337 3055 5393 Deut.
3086 5355 3182 5404 vn,
3211 5339 3264 5395 2.
3381 5339 3426 5374 ⁸³
3454 5339 3653 5410 Epltes.

1695 5511 1779 5569 VA
1791 5511 1931 5568 [ΗΔΕ
1971 5505 2381 5567 LECTIONES.

459 5613 485 5640 ⁸
515 5623 609 5677 γρ.
643 5605 740 5662 καί
765 5622 877 5660 τοι.
