3976 6210
372 448 515 514 2705

1504 449 2045 510 COMMENTARII
2079 420 2166 509 IN
2209 450 2496 510 ISAIAM.

3470 452 3615 517 9.706

439 540 685 625 Τινὲς.δέ
713 559 869 615 τοῦτο
900 561 1034 630 πρὸς
1064 561 1160 625 τὰς
1194 560 1288 614 δύο
1342 560 1606 633 διαθήκας
1666 563 1939 629 ἐδέξαντο,

2119 565 2255 619 Sunt
2285 575 2485 628 tamen,
2516 566 2607 634 qui
2636 565 2778 621 istud
2808 568 2872 621 ad
2914 569 3021 623 duo
3063 575 3389 623 testamenta
3423 571 3620 625 retule—

369 653 678 716 ἀκολούθως
708 663 737 703 Ρ
776 649 913 708 εἶναι
942 652 1195 722 λέγοντες
1214 653 1312 724 τὴν
1344 653 1552 725 ἀθρόως
1583 654 1710 707 λαὸν
1727 657 1940 726 γεννή-

368 762 574 801 σασαν
607 746 837 815 ἄρσενα
864 745 941 816 τῷ
970 744 1111 815 Θεῷ,
1149 746 1246 799 καὶ
1310 744 1606 816 γάλακτος
1634 748 1712 811 εἰς
1762 750 1945 819 ἐκτρο-

370 839 474 909 φὴν
524 838 632 891 τῶν
678 839 847 907 αὐτῆς
915 837 1254 908 πληροῦσθαι
1304 838 1536 907 νηπίων⁹
1568 838 1596 891 ὃ
1624 839 1687 909 δὴ
1719 839 1944 908 λογικὸν

369 929 539 983 Γάλα
562 929 627 983 ἐκ
658 929 767 982 τῶν
791 927 886 982 δύο
910 929 1089 998 ῥεύσει
1116 928 1412 995 διαθηκῶν.
1438 928 1607 981 Λύταὶ
1633 930 1739 1001 γὰρ
1772 930 1945 998 αὐτῆς

367 1026 417 1077 οἱ
436 1023 530 1076 δύο
570 1024 768 1093 μαστοὶ
788 1022 980 1090 ἁγαθοὶ
1016 1021 1168 1086 ὅντες
1216 1022 1356 1092 ὑπὲρ
1412 1019 1574 1076 οἶνον.
1630 1023 1943 1092 Παρακλή-

368 1127 522 1178 σεως
551 1114 608 1167 δέ
633 1131 820 1185 φησιν,
854 1114 1150 1184 ἐπειδήπερ
1214 1117 1281 1189 cl.
1319 1116 1751 1182 παρακλητικοὶ
1796 1116 1943 1183 λόγοι

367 1204 473 1258 τῶν
495 1204 1080 1276 ἀτελεστέρων-ψυχῶν
1140 1205 1298 1274 γάλα
1357 1207 1564 1277 κυρίως
1618 1207 1944 1277 ὠνομάσθη-

370 1312 490 1360 σαν,
535 1296 634 1366 τῆς
692 1296 922 1364 στερεᾶς
947 1296 1158 1366 τροφῆς
1219 1297 1277 1349 ἐν
1328 1295 1591 1363 δόγμασιν
1663 1298 1944 1365 μυστικοῖς

368 1385 682 1456 νοουμένης,
741 1385 863 1455 ἥτις
925 1386 1125 1455 πρέπει
1149 1386 1261 1448 τοῖς
1326 1387 1405 1449 εὶς
1446 1384 1615 1454 ἄνδρα
1642 1385 1943 1455 προήκουσι

365 1476 591 1543 τέλειον,
612 1476 688 1547 μὴ
719 1476 1110 1546 ἐναπομείνασι
1144 1475 1220 1547 τῷ
1261 1475 1440 1547 νηπίῳ
1470 1492 1484 1506 ’
1532 1475 1611 1528 διὸ
1668 1474 1945 1553 προσέθη-

367 1587 481 1634 κεν,
525 1570 623 1623 ira
646 1570 1098 1638 ἐκθηλάσαντες
1162 1569 1509 1639 τρυφήσητε
1548 1568 1668 1623 ἀπὸ
1701 1568 1944 1623 εισόδου

365 1658 551 1727 δόξης
576 1659 766 1728 αὐτῆς
794 1676 808 1690 ⁸
845 1660 989 1714 τοῦτ’
1014 1660 1162 1715 ἐστιν
1196 1660 1300 1724 ἔξω
1326 1660 1492 1731 θήλης
1523 1661 1827 1729 γεγονότες,
1851 1662 1945 1714 καί⁸

366 1751 990 1822 ἀπογεγιίλακτισμένοι.
1018 1752 1128 1805 Καὶ
1160 1751 1351 1815 δόξαν
1420 1753 1518 1821 μὲν
1539 1752 1708 1822 αὐτῆς
1737 1753 1940 1823 ὀνομά-

364 1837 447 1905 ζει
477 1841 732 1910 Χριστδν,
750 1841 823 1904 ὡς
842 1842 935 1894 καὶ
953 1840 1137 1906 Δαὸὶδ,
1174 1859 1192 1891 ι
1227 1840 1332 1893 Τοῦ
1353 1840 1771 1912 κατασκηνῶσαι
1786 1840 1944 1906 δόξαν

365 1902 504 2002 ἐντῇ
532 1902 604 2002 γῇ
635 1902 816 2002 ἡμῶν.
856 1950 875 1982 ι
904 1902 1165 1983 Εἵσοδον
1183 1929 1240 1982 δὲ
1268 1929 1366 1999 τῆς
1395 1931 1533 1998 μετὰ
1564 1902 1767 1999 σαρκὸς
1792 1902 1939 1983 οἰκο-
1975 1902 2017 1956 Β

364 2021 554 2090 νομίας
597 2021 657 2075 τὸ
715 2021 1034 2091 μυστήριον.
1095 2022 1272 2074 Οἱονεὶ
1309 2020 1419 2091 γὰρ
1474 2020 1564 2073 διὰ
1603 2021 1806 2092 σαρκὸς
1862 2024 1942 2086 εἰς

363 2111 548 2165 τοῦτον
575 2113 665 2165 τὸν
701 2113 905 2183 κόσμον
944 2111 1288 2182 εἰσόἐϐηκεν.
1350 2111 1624 2180 Τρυφῶσι
1654 2113 1833 2167 τοίνυν
1892 2114 1943 2166 οἱ

362 2205 456 2258 τὸν
483 2202 774 2277 ἐπὶτούτῳ
817 2205 977 2274 λόγον
1008 2203 1416 2276 μεμαθηκότες.
1478 2204 1570 2258 Διὸ
1604 2207 1695 2257 καὶ
1720 2207 1748 2258 6
1811 2223 1944 2276 προ-

364 2297 543 2368 φήτης
605 2295 1069 2367 παρεζευγμένως
1120 2296 1219 2368 τὴν
1273 2296 1579 2366 ἐμφάνειαν
1632 2297 1799 2351 αὑτοῦ
1844 2299 1943 2368 τὴν

367 2388 505 2458 μετὰ
520 2388 723 2460 σαρκὸς
773 2389 978 2458 ἐναργῆ
1008 2398 1036 2437 ct
1057 2386 1130 2449 ὡς
1154 2386 1219 2441 ἂν
1246 2387 1411 2441 αὐτοῦ
1461 2387 1715 2456 λέγοντος
1741 2405 1756 2420 ο
1784 2387 1943 2442 Ἰδοὺ

362 2475 756 2545 ὲγὼέκκλίνω
792 2477 885 2530 ἐπ’
958 2476 1201 2540 αὐτοὺς,
1237 2475 1316 2541 ὡς
1351 2476 1619 2545 ποταμὸς
1672 2478 1941 2547 εἰρήνης,

362 2567 463 2621 καὶ
523 2568 602 2633 ὡς
625 2568 982 2637 χειμάρῤους
1010 2565 1344 2625 ἐπικλύζων
1373 2566 1564 2632 δόξαν
1593 2566 1805 2634 ἐθνῶν,
1835 2570 1948 2623 πάις

364 2654 449 2709 λιν
478 2657 761 2713 κάνταῦθα
829 2658 944 2724 τὴν
976 2656 1093 2709 τῶν
1120 2654 1312 2711 ἐθνῶν
1339 2655 1528 2721 δόξαν
1565 2658 1853 2712 συνάπτων
1875 2660 1942 2732 τῇ

232 2764 256 2775 ⁴
366 2749 727 2821 προλεχθείσῃ
772 2748 870 2819 νέᾳ
918 2748 1107 2814 Σιὼν,
1170 2749 1264 2802 καὶ
1298 2747 1541 2818 ποταμῷ
1593 2750 1946 2821 παρεικάζων

362 2840 462 2908 τὴν
525 2840 814 2911 δεδομένην
848 2838 1060 2903 τούτοις
1125 2839 1399 2909 εἰρήνην.
1456 2841 1566 2895 Kal.
1600 2841 1834 2912 ἀλλαχοῦ
1889 2842 1946 2895 δέ

366 2946 550 3003 φησιν’
579 2949 598 2983 ι
617 2932 677 2984 '0
698 2931 938 3001 ποταμὸς
949 2930 1041 2984 τοῦ
1060 2930 1193 2984 Θεοῦ
1208 2930 1500 3002 ἐπληρώθη
1517 2930 1746 2986 ὑδάτων.
1769 2951 1788 2983 s
1814 2933 1943 2986 Καί·

372 3042 395 3075 ιν
429 3022 535 3075 Τοῦ
562 3020 805 3092 ποταμοῦ
852 3020 921 3075 τὰ
952 3022 1251 3093 ὁρμήματα
1276 3022 1630 3093 εὐφραίνουσι
1662 3022 1759 3093 τὴν
1793 3023 1948 3080 πόλιν

369 3113 461 3168 τοῦ
477 3113 669 3168 Θεοῦ.»
690 3114 799 3167 Καὶ
829 3114 1011 3168 πάλιν·
1048 3133 1064 3165 ι
1096 3114 1205 3167 Καὶ
1232 3114 1320 3167 τὸν
1348 3117 1684 3187 χειμάρρουν
1700 3111 1948 3187 τῆςτρυ-

2045 659 2178 723 rint,
2229 667 2653 714 consentaneum
2702 675 2824 717 esse
2859 661 3138 727 arbitrati,
3180 670 3238 717 ut
3266 678 3385 731 qum
3419 679 3618 716 marem

2045 748 2307 817 populum
2344 746 2455 803 Deo
2485 747 2772 803 confertim
2816 752 3124 818 peperisset,
3156 752 3297 817 lacte
3340 753 3505 805 ctiam
3552 752 3617 802 ad

2045 836 2331 891 infantium
2379 838 2732 895 nutritionem
2777 840 3134 909 impleretur:
3170 841 3481 911 cujusmodi
3532 852 3622 891 ra-

2046 929 2249 984 tionale
2298 929 2453 983 lactis
2488 946 2661 1000 genus
2704 932 2774 986 ab
2804 941 3039 1001 utroque
3075 939 3403 989 testamento
3443 932 3619 987 ﬂuxu-

2044 1034 2166 1073 rum
2216 1035 2339 1074 esse
2374 1030 2676 1079 constaret.
2737 1021 2877 1076 Sunt
2913 1023 3057 1095 enim
3109 1022 3162 1077 lii
3215 1024 3392 1079 fontes
3447 1023 3621 1093 ipsius

2045 1108 2269 1177 gemini,
2297 1110 2422 1163 vino
2444 1111 2563 1179 ipso
2588 1113 3029 1181 praestantiores.
3061 1111 3462 1167 Consolationis
3489 1129 3623 1169 voce

2045 1206 2305 1268 praeterea
2336 1199 2458 1255 ideo
2498 1215 2635 1255 usus
2665 1209 2767 1266 est,
2797 1202 2942 1272 quod
2976 1202 3151 1257 vicem
3201 1203 3354 1258 lactis
3388 1204 3623 1258 habeant

2045 1289 2189 1360 apud
2210 1290 2643 1361 imperfectinres
2672 1293 2884 1348 animas
2919 1310 3203 1350 sermones
3235 1295 3584 1349 consolatorii
3602 1310 3623 1348 :

2045 1381 2256 1437 solidus
2290 1392 2473 1436 autem
2519 1383 2674 1438 cibus
2709 1383 2765 1437 in
2799 1384 3183 1439 abstrusorum
3235 1386 3622 1456 mysteriorum

2046 1474 2259 1529 ratione
2290 1482 2589 1544 spectetur,
2618 1475 2716 1544 qui
2764 1475 2910 1529 viros
2944 1476 3102 1531 decet
3145 1477 3438 1545 perfectos.
3484 1491 3625 1545 quos

2045 1570 2203 1634 nihil,
2240 1570 2382 1639 quod
2421 1570 2630 1639 puerile
2664 1571 2758 1631 sit,
2784 1578 3114 1626 remoretur.
3147 1569 3288 1624 Hinc
3317 1581 3401 1626 est
3432 1571 3623 1638 igitur,

2046 1661 2191 1728 quod
2236 1662 2460 1724 addidit,
2492 1670 2551 1714 ut
2578 1670 2855 1731 postquam
2884 1663 3165 1727 suuritis,
3198 1661 3528 1715 delectemini
3560 1664 3624 1713 ab

2046 1753 2271 1806 introitu
2309 1752 2492 1822 gloria:
2518 1754 2678 1821 ejus;
2714 1754 2904 1810 eodem
2936 1755 3095 1823 plane
3120 1769 3308 1818 sensu,
3344 1768 3410 1806 ac
3434 1754 3478 1807 si
3508 1756 3628 1807 sine

2048 1845 2238 1912 ubere,
2269 1854 2327 1900 et
2353 1861 2382 1899 a
2414 1847 2553 1900 lacte
2569 1845 2921 1914 depellendos
2950 1861 3073 1902 esse
3102 1847 3397 1916 signiﬁcet.
3429 1846 3627 1901 Gloria:

2047 1943 2310 2005 praeterea
2344 1935 2568 1990 nomine
2596 1935 2884 1990 Christum
2917 1936 3101 2004 ipsum
3138 1935 3453 2006 signiﬁcat:
3486 1944 3544 1986 ut
3574 1943 3628 1986 it

2046 2025 2239 2094 David,
2272 2026 2361 2080 ubi
2407 2026 2464 2079 in
2500 2034 2654 2080 terra
2697 2040 2888 2080 eorum
2942 2025 3319 2081 habitatnram
3354 2041 3479 2081 esse
3516 2027 3637 2094 glo«

2045 2117 2181 2171 riam
2216 2116 2421 2170 cecinit
2444 2114 2512 2168 ⁸⁸.
2550 2114 2706 2181 Quod
2741 2114 2938 2169 deinde
2965 2115 3226 2169 introitus
3259 2114 3530 2178 meminit,
3561 2111 3627 2164 ad

2043 2208 2439 2265 incarnationis
2471 2206 2834 2263 mconomiam
2870 2205 2992 2260 ideo
3022 2206 3229 2269 retulit,
3271 2204 3418 2273 quod
3457 2204 3627 2257 veluti

2045 2314 2141 2370 per
2170 2311 2392 2353 carnem
2419 2296 2473 2350 in
2513 2296 2662 2351 hunc
2693 2296 2965 2350 mundum
3000 2295 3251 2349 intravit.
3282 2292 3629 2347 Delectantur

2044 2404 2173 2459 ergo
2204 2387 2300 2458 qui
2333 2396 2645 2443 sermonem
2680 2384 2749 2440 de
2782 2385 2895 2440 hac'
2934 2386 3052 2455 ipsa
3094 2400 3153 2439 rc
3192 2385 3525 2441 didicerunt.
3563 2382 3631 2436 Et

2044 2480 2171 2534 hinc
2207 2479 2371 2549 igitur
2400 2475 2652 2532 eﬂ'ectum
2683 2483 2767 2531 est
2791 2515 2807 2536 .
2838 2485 2900 2530 ut
2949 2476 3068 2545 ejus
3106 2477 3160 2530 in
3195 2492 3359 2531 carne
3398 2475 3631 2530 manife-

2045 2570 2337 2625 stationem
2394 2567 2660 2640 propheta
2715 2566 2901 2620 statim
2942 2577 3186 2637 apertam
3242 2566 3466 2630 faceret,
3507 2575 3641 2619 tan-.

2045 2673 2206 2729 quam
2244 2658 2364 2728 ipso
2396 2657 2463 2711 ad
2498 2658 2644 2712 hunc
2679 2658 2901 2712 modum
2937 2659 3231 2728 loquente:
3261 2658 3395 2714 Ecce
3422 2676 3515 2729 ego
3539 2661 3630 2715 de-

2044 2748 2180 2802 clina
2210 2748 2279 2803 ad
2310 2765 2422 2812 eos,
2456 2748 2612 2819 quasi
2640 2748 2834 2817 ﬂuvius
2865 2750 3036 2815 pacis,
3056 2758 3105 2802 et
3131 2750 3285 2819 quasi
3312 2759 3520 2815 torrens
3550 2751 3633 2803 iu-

2044 2839 2253 2895 undans
2290 2839 2518 2911 gloriam
2564 2842 2836 2910 gentium:
2881 2840 2935 2893 in
2968 2855 3075 2910 quo
3114 2841 3346 2910 gloriam
3390 2842 3644 2909 gentium.

2047 2949 2174 2990 cum
2208 2933 2369 2989 Sioue
2396 2935 2508 3001 illa,
2540 2949 2663 3003 quae
2700 2948 2893 2988 recens
2915 2941 3041 2987 ante
3064 2934 3346 2987 nominata
3370 2942 3474 2997 est,
3498 2947 3633 2986 con-

2042 3024 2260 3096 jungit,
2318 3033 2374 3080 et
2434 3013 2619 3095 pacem
2677 3039 2800 3095 qua:
2849 3024 2972 3078 istis
3030 3024 3231 3079 tradita
3290 3032 3409 3085 est,
3468 3025 3639 3092 ﬂuvio.

2047 3118 2181 3173 facit
2212 3132 2322 3173 non
2361 3116 2707 3172 dissimilem.
2746 3116 2810 3170 Et
2861 3116 3064 3171 alicubi
3112 3117 3264 3171 etaim
3315 3116 3577 3171 scribitur
3621 3130 3635 3167 :

368 3208 474 3277 φῆς
505 3225 597 3261 σου
617 3210 826 3271 ποτιεῖς
858 3205 1074 3270 αὐτούς.
1098 3224 1116 3255 ι
1153 3206 1350 3269 Δόξαν
1377 3206 1432 3259 δὲ
1461 3206 1578 3260 τῶν
1615 3206 1809 3260 ἐθνῶν
1823 3207 1945 3272 τοὺς

2057 3228 2076 3262 ι
2109 3208 2338 3266 Flumen
2373 3209 2483 3279 Dei.-
2514 3210 2782 3280 repletum
2820 3216 2906 3265 est
2946 3208 3107 3279 aquis
3132 3209 3199 3263 ⁵⁵.
3241 3226 3261 3259 ι
3305 3208 3408 3261 Et:
3455 3228 3473 3259 ι
3509 3207 3636 3260 Flu-

365 3298 435 3364 ἐξ
450 3299 647 3355 αὐτῶν
663 3297 1096 3361 πεπιστευκότας
1118 3297 1293 3364 καλεῖ,
1315 3297 1456 3351 κατὰ
1480 3296 1560 3364 τὸ,
1581 3315 1600 3348 ι
1627 3294 1807 3361 Οὒςδὲ
1830 3298 1954 3353 ἐκά-

370 3390 548 3456 λεσεν,
582 3388 801 3453 τούτους
833 3391 926 3442 καὶ⁵
960 3388 1226 3452 ἐδόξασεν.
1255 3407 1275 3439 s

2058 3300 2221 3356 minis
2267 3300 2507 3371 impetus
2563 3298 2801 3354 laetificat
2845 3301 3119 3355 civitatem
3164 3297 3258 3354 Dei
3287 3299 3357 3353 ".
3394 3316 3414 3350 ι
3473 3296 3637 3368 755

2056 3391 2334 3462 Itemque:
2375 3391 2484 3447 «De
2513 3399 2759 3449 torrente
2785 3391 3111 3448 deliciarum
3142 3391 3361 3463 potabis
3384 3406 3482 3446 eos
3506 3389 3575 3442 ⁸⁷.
3611 3407 3632 3441 ι

368 3483 626 3553 lntelligit
669 3498 797 3539 vero
838 3499 934 3553 per
970 3484 1198 3553 gloriam
1236 3482 1503 3552 gentium,
1538 3497 1635 3538 eos
1662 3484 1846 3553 ipsos,
1902 3483 1995 3554 qui
2028 3484 2095 3540 de
2126 3486 2359 3554 gentium
2403 3500 2635 3553 numero
2681 3484 2843 3540 ﬁdem
2886 3484 3122 3553 διηριθιί
3174 3481 3527 3555 ειιηιςηιιιιιθ
3570 3480 3638 3535 il-

371 3573 459 3625 lud
501 3579 605 3636 εει,
640 3571 788 3640 quod
829 3570 973 3640 apud
1008 3568 1354 3640 Apostolum,
1418 3569 1637 3624 eosdem
1669 3570 1833 3624 etiam
1863 3570 2221 3641 gloriﬁcasse,
2260 3586 2399 3640 quos
2427 3573 2661 3636 vocavit,
2690 3572 2992 3643 reperimus
3019 3572 3090 3627 ⁵⁸.
3361 3572 3367 3579 ’

450 3663 796 3727 Ἐξέκλινεν
820 3662 877 3715 δὲ
906 3665 991 3729 εις
1021 3663 1092 3716 τὰ
1138 3661 1307 3727 ἔθνη,
1341 3659 1450 3713 τῶν
1490 3660 1550 3726 ἐξ
1613 3660 1834 3731 Ἰσραὴλ
1866 3662 1943 3734 μὴ

368 3754 674 3825 δεξαμένων
700 3753 882 3819 αὐτὸν,
912 3754 1047 3824 πρὸς
1073 3752 1166 3817 οὒς
1202 3748 1335 3825 ἦλθε
1367 3752 1823 3824 προηγουμένως..
1846 3755 1947 3808 El-

360 3847 523 3915 ρήνη
555 3847 609 3900 δὲ
637 3846 912 3918 βαθυτάτη
941 3846 1123 3917 πολλῷ
1155 3845 1236 3910 τῷ
1257 3845 1510 3914 ῥεύματι
1557 3845 1657 3917 τὴν
1714 3846 1947 3917 Ἐκκλη-

371 3940 490 3992 σίαν
517 3937 880 4003 ἐπέκλυσεν,
921 3941 1315 4009 πνευματικοῖς
1354 3936 1558 4008 νάμασι
1592 3937 1720 4002 τοὺς
1743 3936 1947 4010 ταύτης

368 4030 623 4100 ἐπάρδων
645 4030 814 4093 υἱούς.
863 4029 962 4083 Διὰ
991 4029 1101 4101 γὰρ
1127 4030 1222 4082 τοῦ
1260 4027 1531 4099 σωτηρίου
1566 4028 1948 4099 κηρύγματος,

368 4121 487 4188 τὴν
522 4120 767 4190 εἰρήνην
782 4122 882 4193 τὴν
916 4122 1050 4194 πρὸς
1078 4120 1170 4176 τὸν
1194 4121 1436 4193 Πατέρα,
1462 4119 1528 4173 δι’
1561 4119 1727 4173 αὐτοῦ
1758 4138 1950 4192 κεκερ-

371 4211 657 4279 δὰγκασιν,
682 4212 769 4264 ὅτε
798 4212 1006 4276 τιθηνοί
1027 4229 1172 4275 τινες
1204 4212 1333 4275 τοὺς
1360 4211 1535 4282 αὐτῆς
1557 4210 1787 4281 νηπίους
1817 4213 1950 4264 ὑπο-

371 4303 719 4370 ϐαστὰξουσι,
746 4305 1055 4358 διδάσκαλοί
1081 4321 1228 4368 τινες
1256 4303 1609 4374 Ἐκκλησίας,
1639 4304 1679 4375 ἢ
1702 4303 1946 4374 ἄγγελοι,

372 4394 516 4448 κατὰ
546 4395 627 4457 τὺ,
662 4413 683 4446 ι
718 4396 809 4467 Μὴ
836 4396 1288 4466 καταφρονήσητε
1319 4393 1437 4457 ἐνὸς
1456 4392 1565 4446 τῶν
1587 4394 1800 4464 μικρῶν
1827 4393 1950 4447 τού-

368 4502 497 4539 των.
535 4486 599 4539 Οἱ
628 4485 737 4556 γὰρ
763 4486 984 4554 ἄγγελοι
1011 4485 1190 4540 αὐτῶν
1230 4485 1319 4538 διὰ
1369 4486 1569 4547 παντὸς
1605 4484 1860 4555 βλέπουσι
1885 4486 1947 4539 τὸ

2115 3662 2414 3719 Declinavit
2441 3678 2569 3742 vero
2598 3662 2669 3717 ad
2697 3672 2896 3731 gentes,
2914 3679 3043 3719 cum
3092 3665 3164 3719 ab
3191 3664 3476 3729 lsraelitis.
3503 3677 3645 3735 quo-

2048 3768 2171 3808 rum
2195 3752 2420 3809 nomine
2443 3752 2720 3824 praecipue
2740 3760 2988 3816 venerat,
3027 3760 3302 3822 exceptus
3332 3768 3443 3806 non
3468 3763 3637 3809 esset.

2046 3841 2284 3913 Copioso
2319 3842 2513 3899 deinde
2541 3843 2764 3913 [lumine
2800 3842 3259 3913 tranquillissima
3313 3857 3423 3909 pan:
3450 3842 3641 3898 Eccle-

2046 3934 2185 3990 siam
2212 3935 2517 4002 inundavit,
2552 3950 2677 3991 cum
2716 3935 3102 4005 spiritualibus
3126 3934 3288 3990 undis
3318 3932 3643 4003 hujnsftlios

2048 4025 2323 4096 irrigaret.
2356 4023 2458 4080 l’er
2490 4026 2793 4080 salutarem
2832 4024 2980 4080 enim
3009 4024 3506 4094 promulgationem
3543 4038 3643 4090 pa-

2054 4129 2166 4170 cem
2200 4115 2305 4170 sibi
2342 4130 2466 4171 cum
2506 4114 2668 4171 Patre
2708 4114 2830 4184 ejus
2874 4128 3040 4184 Opera
3089 4120 3460 4185 pepererunt;
3489 4127 3639 4178 cum,

2056 4208 2226 4264 veluti
2261 4208 2477 4263 nutritii
2521 4206 2768 4278 quidam,
2806 4200 3048 4262 infantes
3098 4206 3275 4277 ipsius
3331 4214 3640 4275 gestarum,

2055 4299 2348 4355 doctorum
2374 4300 2550 4353 vicem
2579 4299 2633 4352 in
2678 4296 2947 4362 Ecclesia,
2975 4296 3060 4352 vel
3096 4297 3417 4368 angelorum
3448 4310 3641 4367 geren-
3745 4334 3757 4345 .

2053 4399 2157 4457 tes,
2180 4389 2342 4460 juxta
2373 4388 2508 4443 illud
2538 4406 2553 4444 :
2595 4406 2614 4440 ι
2650 4388 2727 4444 Ne
2751 4387 3199 4458 rontempseritis
3223 4403 3391 4442 unum
3424 4403 3489 4442 ex
3515 4402 3641 4456 par-

2050 4481 2195 4536 vulis
2248 4480 2391 4535 istis.
2438 4478 2631 4549 Angeli
2696 4480 2843 4534 enim
2898 4480 3140 4548 ipsorum
3194 4493 3413 4549 semper
3454 4479 3643 4533 vident

370 4576 662 4645 πρόσωπον
690 4577 782 4631 τοῦ
810 4578 1053 4648 Πατέρος
1086 4595 1189 4647 μου
1238 4573 1333 4630 τοῦ
1364 4576 1421 4629 ἐν
1457 4579 1569 4639 τοῖς
1613 4577 1883 4646 οὐρανοῖς.
1918 4595 1938 4627 ι

2052 4572 2250 4629 faciem
2281 4571 2465 4627 Patris
2496 4570 2626 4638 mei,
2656 4572 2745 4641 qui
2789 4571 2846 4626 in
2877 4570 3034 4626 caelis
3065 4577 3150 4627 est
3175 4570 3247 4623 ".
3288 4589 3308 4622 ι
3344 4569 3451 4636 Qui
3479 4571 3644 4642 igitur

366 4665 436 4719 Οἱ
455 4667 554 4735 μὲν
582 4662 673 4719 οὖν
702 4665 918 4730 τέλειοι,
949 4665 1075 4727 τοὺς
1107 4663 1496 4734 εἰσαγομένους
1527 4660 1619 4714 ἐπ’
1647 4661 1821 4728 ὤμων
1848 4661 1945 4715 καὶ

2053 4659 2279 4730 perfecti
2312 4669 2461 4723 sunt,
2492 4673 2610 4723 eos,
2662 4658 2756 4728 qui
2795 4658 3109 4726 initiantur,
3160 4658 3398 4714 humeris
3448 4669 3498 4713 et
3556 4676 3644 4730 ge.

372 4757 657 4826 γονάτων,
688 4757 843 4829 δίκην
867 4756 1215 4828 τιθηνοῦνται
1243 4754 1517 4825 μητέρος.
1580 4752 1722 4823 Ἐγὼ
1748 4752 1826 4817 δὲ,
1873 4752 1948 4817 ὡς

294 4858 299 4861 ‘
362 4848 590 4903 πάντων
623 4848 833 4921 Πατὴρ,
865 4847 1270 4918 παρακαλέσω
1297 4849 1422 4911 τοὺς
1471 4845 1585 4900 τῶν
1631 4845 1950 4927 ὑποδεεστέ-

373 4952 481 5006 ρων
514 4936 999 5005 παρακλήτορας.
1023 4936 1115 4989 Διό
1146 4952 1310 5008 φησιν
1344 4935 1372 4986 6
1410 4935 1729 4998 Ἀπόστολος
1752 4951 1766 4964 ·
1794 4951 1812 4985 ι
1842 4934 1950 4987 Εὐ-

370 5024 599 5095 λογητὸς
630 5028 658 5079 6
701 5025 853 5091 Θεὸς,
908 5027 937 5079 6
986 5025 1179 5097 Πατὴρ
1210 5025 1318 5080 τῶν
1345 5023 1664 5096 οἰκτιρμῶν,
1694 5024 1785 5077 καὶ
1815 5024 1952 5086 Θεὸς

371 5114 553 5185 πάσης
586 5116 1011 5187 παρακλήσεως,
1046 5118 1074 5169 6
1103 5114 1437 5185 παρακαλῶν
1488 5116 1638 5184 ἡμᾶς
1682 5113 1775 5167 ἐπὶ
1801 5114 1950 5183 πάσῃ

369 5206 436 5275 τῇ
465 5204 643 5275 θλίψει
667 5206 851 5277 ἡμῶν,
885 5206 1025 5277 πρὸς
1052 5205 1115 5258 τὸ
1144 5204 1406 5258 δύνασθαι
1436 5205 1586 5274 ἡμᾶς
1610 5203 1949 5274 παρακαλεῖν

368 5295 497 5358 τοὺς
526 5297 584 5349 ἐν
613 5297 764 5370 πάσῃ
783 5295 981 5365 θλίψει,
1000 5294 1091 5349 διὰ
1109 5294 1208 5364 τῆς
1232 5294 1652 5365 παρακλήσεως,
1680 5290 1748 5365 ἦς
1774 5310 1951 5362 παρα-

302 5427 306 5430 ~
372 5388 688 5458 καλούμεθα
716 5388 872 5443 αὐτοὶ
902 5388 1006 5442 ὑπὸ
1040 5386 1132 5440 τοῦ
1162 5386 1318 5441 Θεοῦ.
1368 5406 1385 5440 ι
1421 5381 1523 5440 Ὧν
1554 5387 1699 5440 οὕτω
1734 5387 1953 5457 γινομέ-

372 5495 499 5543 νων,
527 5479 776 5549 ὄψεσθε,
802 5480 955 5552 φησὶ,
984 5478 1083 5550 τὴν
1111 5478 1433 5549 ἐπουράνιον
1474 5478 1881 5549 Ἰερουσαλὴμ,
1912 5479 1946 5551 ἢ

440 5596 490 5629 ⁸⁵
512 5595 660 5653 Psal.
688 5614 907 5662 thxiv,
942 5597 1028 5651 ll).
1104 5597 1150 5628 ⁸⁸
1174 5596 1323 5652 Psal.
1345 5612 1492 5666 nxw,
1520 5597 1609 5655 i0.
1685 5598 1732 5630 '°
1761 5596 1909 5652 Psal.
1946 5612 2068 5666 ην,
2100 5597 2153 5652 5.

373 5682 506 5746 mil
534 5707 549 5734 ,
584 5669 671 5725 lo.
746 5668 792 5700 °°
825 5668 867 5721 ll
895 5668 1021 5723 Cor.
1048 5681 1093 5732 ι,
1136 5666 1190 5732 3,
1222 5668 1277 5721 4.

2053 4754 2223 4806 nubus
2251 4751 2388 4823 ipsis
2417 4751 2783 4818 sustinentes,
2808 4751 2976 4808 veluti
3016 4760 3216 4805 matres
3254 4751 3641 4807 nutricantnr.

2051 4842 2164 4915 Ego
2188 4859 2320 4900 vero
2353 4852 2614 4913 tanquam
2639 4857 2839 4913 parens
2870 4844 3138 4910 omnium,
3167 4858 3286 4908 eos,
3311 4843 3407 4912 qui
3430 4843 3642 4896 tenuia.

2053 4951 2141 5000 res
2195 4935 2620 5006 egentioresque
2672 4934 3058 4998 consolantur,
3110 4936 3228 5005 ipse
3267 4934 3644 4987 consolaturus

2053 5043 2193 5081 sum.
2230 5026 2353 5093 Quo
2392 5026 2477 5093 ﬁt,
2511 5034 2571 5079 ut
2611 5026 2757 5081 hunc
2797 5025 2854 5080 in
2905 5025 3128 5080 modum
3164 5024 3375 5079 scribat
3408 5024 3643 5093 Aposto-

2054 5117 2185 5175 lus:
2221 5137 2239 5171 ι
2281 5117 2610 5174 Benedictus
2663 5116 2831 5180 Deus,
2889 5117 3053 5172 Pater
3112 5116 3638 5181 misericordiarum,

2054 5217 2109 5263 et
2140 5207 2285 5263 Deus
2314 5208 2485 5263 totius
2514 5207 2937 5274 consolationis.
2965 5206 3061 5279 qui
3092 5206 3416 5261 consolatur
3457 5221 3560 5263 nos
3591 5208 3644 5262 in

2054 5297 2204 5352 omni
2236 5297 2587 5353 tribulatione
2618 5303 2829 5362 nostra,
2864 5304 2923 5350 ut
2975 5296 3258 5366 possimus
3293 5304 3348 5350 et
3380 5296 3486 5367 ipsi
3512 5313 3644 5353 con-

2055 5389 2222 5444 solari
2251 5403 2369 5453 eos,
2402 5389 2580 5459 qui,in
2628 5388 2775 5442 omni
2821 5402 3088 5457 pressura
3121 5398 3287 5453 sunt;
3320 5404 3417 5459 per
3446 5405 3646 5449 conso-

2052 5479 2334 5543 lationem,
2367 5495 2471 5550 qua
2502 5478 2854 5533 consolamur
2877 5478 2977 5547 ipsi
3027 5492 3057 5532 a
3093 5478 3204 5533 Deo
3244 5478 3311 5535 ⁸⁸.
3346 5498 3365 5531 ι
3412 5478 3545 5546 Quae
3588 5481 3634 5534 si

2230 5597 2276 5629 "
2301 5596 2445 5652 Psal.
2478 5610 2642 5662 xxxv,
2674 5594 2728 5650 9.
2803 5594 2850 5628 "
2882 5595 3187 5662 Rom..vm,
3221 5593 3314 5650 30.
3379 5594 3422 5629 "
3442 5592 3630 5650 Matth.

1716 5759 1946 5817 VABUE
1988 5757 2392 5816 LECTIONES.

458 5860 486 5900 ι)
514 5867 600 5921 γρ.
635 5848 946 5905 ἀκόλουθον.
1036 5861 1063 5901 (ι
1093 5850 1244 5906 iani.
1269 5852 1436 5905 ποιεῖ.
