3972 6192
462 495 604 560 2707

462 701 735 767 riualem;
771 708 866 755 aut
902 700 1069 755 etiam
1100 697 1270 754 Deum
1303 699 1506 768 ipsum,
1547 699 1640 766 qui
1688 696 1815 750 linis
1843 703 1929 752 est
1953 710 2048 764 op-

466 805 633 859 tatus,
665 803 721 850 et
749 794 940 848 latitia
977 791 1193 862 plenus.
1238 790 1532 845 Enimvero
1560 797 1616 844 et
1647 788 1904 843 Salvator
1933 787 2051 858 ipse

468 887 592 943 ideo
622 887 815 941 beatos
841 883 1125 955 praedicat,
1155 881 1251 955 qui
1287 879 1496 934 mundo
1522 887 1653 934 sunt
1679 877 1866 944 corde,
1905 875 2053 946 quod

469 899 592 943 ideo
625 899 815 941 beatos
841 899 1125 955 prmulcat,
1196 899 1251 936 ut
1287 899 1496 934 munuo
1522 899 1653 934 sunt
1679 899 1866 944 coruc,
1905 899 2053 946 quuu

469 981 638 1036 Deum
675 977 846 1033 visuri
881 976 993 1032 sint
1035 976 1103 1027 “.
1133 899 1398 1042 gsquitur
1429 989 1443 1025 :
1474 970 1545 1024 Et
1590 988 1713 1026 ossa
1748 981 1919 1026 vestra
1947 971 2056 1024 sic-

471 1081 529 1125 ut
587 1069 748 1124 herba
804 1065 1197 1138 germinabuut.
1237 1062 1478 1134 Surgent
1533 1063 1680 1118 enim
1727 1062 1961 1126 mortui,
2001 1071 2056 1116 et

471 1161 865 1216 excitabuntur
928 1157 1023 1228 qui
1070 1156 1262 1225 jacent
1309 1156 1362 1209 in
1412 1155 1784 1209 monumentis
1831 1154 1910 1214 ".
1960 1152 2052 1208 ubi

474 1269 602 1310 rore
634 1253 752 1320 illo,
788 1253 880 1324 qui
908 1263 1094 1308 manat
1118 1267 1147 1306 a
1178 1251 1424 1315 Christo,
1457 1249 1664 1319 Spiritu
1693 1249 1953 1303 nimirum
1974 1248 2058 1300 vi-

475 1345 638 1400 vilico
669 1345 827 1400 ditati
859 1343 1087 1409 fuerint,
1135 1340 1213 1397 de'
1248 1356 1358 1412 quo
1402 1343 1483 1398 sic
1513 1339 1658 1410 apud
1690 1338 1929 1394 Psaltem
1980 1338 2057 1392 le-

477 1434 700 1504 gimus:
735 1451 754 1485 (
790 1431 992 1487 Emitte
1022 1431 1277 1501 spiritum
1320 1439 1472 1485 tuum
1519 1436 1572 1484 et
1604 1428 1964 1492 creabuntur,
2005 1432 2060 1482 ct

479 1523 770 1580 renovabis
798 1522 994 1578 faciem
1021 1531 1182 1577 terrae
1209 1521 1284 1586 ⁸³;
1323 1532 1496 1575 i‘non
1542 1520 1702 1574 aliter
1735 1534 1898 1588 quam
1937 1533 2062 1588 quas

481 1616 537 1670 in
572 1616 718 1686 agris
755 1614 1081 1678 ﬂoruerunt,
1136 1613 1426 1679 occidere,
1462 1627 1590 1666 vere
1638 1619 1820 1667 autem
1868 1625 2063 1666 rursus

480 1706 614 1762 oriri
644 1706 913 1762 videmus.
948 1706 1030 1761 Ad
1077 1707 1220 1760 hunc
1261 1720 1390 1760 vero
1431 1705 1654 1759 modum
1703 1704 1870 1759 etiam
1907 1704 2065 1758 inno-

483 1807 640 1854 tescet
683 1800 947 1855 omnibus
972 1800 1074 1853 ista
1113 1797 1229 1853 ﬁeri
1266 1811 1376 1850 non
1431 1797 1673 1850 humana
1714 1795 1792 1860 vi,
1837 1795 1933 1850 sed
1967 1793 2065 1849 Dei

483 1903 682 1952 manu;
719 1888 775 1943 id
811 1898 894 1943 est
931 1887 1232 1959 Unigeniti,
1265 1901 1362 1957 per
1396 1900 1558 1956 quem
1583 1894 1638 1940 et
1677 1886 1796 1955 ipsa
1846 1885 2066 1940 exsistit

1800 492 2152 553 PROCOPII
2192 490 2434 552 GAZ/EI

372 657 376 660 .
465 612 538 664 ita
569 608 688 664 ﬁeri
739 606 1042 678 contingat,
1090 605 1356 681 videbitis,
1396 602 1598 674 inquit,
1633 604 1916 660 ccelestem
1946 603 2039 658 Je-
2069 661 2076 669 η

2181 606 2240 657 αἱ
2267 603 2429 657 αὑτὸν
2454 599 2546 652 τὸν
2565 597 2722 661 Θεὸν,
2746 594 2808 647 τὸ
2841 591 3052 662 ἐφετὸν,
3073 588 3168 643 καὶ
3198 586 3374 681 χαρᾶς
3401 589 3648 681 ἀνάμεστον

3542 481 3650 545 2703

2151 694 2322 758 τέλος.
2358 691 2467 745 Καὶ
2499 691 2526 746 ό
2559 684 2749 757 Σωτὴρ
2770 684 2828 740 δὲ
2862 682 3153 754 μακαρίζει
3181 680 3302 744 τοὺς
3347 677 3585 750 καθαροὺς
3603 684 3652 750 τῇ

2153 787 2372 858 καρδίᾳ,
2401 786 2484 839 ὅτι
2537 782 2693 837 αὐτοὶ
2736 778 2826 833 τὸν
2860 777 2992 831 Θεὸν
3021 776 3258 844 δψονται.
3317 773 3419 828 Kal
3450 773 3513 827 τὰ
3539 774 3655 829 ὀστᾶ

2152 877 2342 946 ὑμῶν,
2376 873 2529 945 φησὶ,
2562 872 2717 936 πόας
2759 869 2940 934 δίκην
2981 864 3250 932 ἀνθήσει.
3301 862 3656 933 Ἐγερθήσονται

2155 969 2264 1037 7&9
2283 967 2331 1020 οί
2360 963 2568 1035 νεκροὶ,
2586 961 2682 1014 καὶ
2704 957 3102 1027 ἀναστήσονται
3122 954 3170 1006 οἱ
3200 954 3255 1004 ὲν
3275 953 3383 1014 τοῖς
3409 953 3656 1021 μνημείοις,

2155 1057 2254 1128 τὴν
2287 1055 2439 1125 παρά
2474 1048 2713 1123 Χριστοῦ
2749 1047 3152 1114 πλουτήσαντες
3180 1042 3380 1114 δρόσον,
3413 1040 3467 1093 τὸ
3491 1041 3659 1107 πνεῦμα

2157 1147 2360 1221 δηλαδὴ
2410 1147 2472 1199 τὸ
2543 1143 2832 1209 ζωοποιόν.
2899 1139 3036 1208 Περὶ
3065 1131 3139 1191 ὧν
3191 1139 3218 1190 ὁ
3266 1136 3478 1190 Ψάλλων
3506 1137 3658 1206 φησίνο

2165 1260 2186 1292 ι
2227 1237 2638 1304 Ἐξαποστελεῖς
2672 1235 2730 1288 τὸ
2789 1229 3008 1300 πνεῦμά
3057 1245 3150 1283 σου
3194 1228 3284 1280 καὶ
3317 1227 3660 1298 κτισθήσονται,

2161 1331 2254 1386 καὶ
2305 1329 2642 1389 ἀνακαινιεῖς
2701 1323 2762 1378 τὸ
2813 1321 3103 1392 πρόσωπον
3159 1318 3255 1387 τῆς
3298 1318 3424 1387 γῆς’
3458 1318 3522 1380 ὡς
3545 1319 3662 1370 tibi

2163 1424 2354 1492 ἀγροῖς
2413 1419 2723 1490 ἀνθήσαντα
2784 1415 2994 1476 πίπτει,
3046 1410 3141 1463 καὶ
3189 1409 3345 1463 πάλι)
3394 1409 3573 1479 ἀνίσχει
3594 1408 3663 1461 τοῦ

2164 1515 2346 1584 ἔαρος.
2379 1511 2536 1566 Οῦτω
2587 1509 2644 1562 δὲ
2677 1507 2773 1561 καὶ
2807 1502 3224 1576 γνωσθήσεται
3276 1502 3451 1563 πᾶσιν,
3489 1499 3552 1564 ὼς
3592 1501 3665 1553 οὐκ

2165 1604 2481 1677 ἀνθρωπίνη
2513 1599 2689 1655 ταῦτα
2724 1594 2994 1666 πεποίηκε
3027 1593 3277 1662 δύναμις,
3305 1590 3430 1644 Θεοῦ
3463 1590 3511 1643 δὲ
3547 1591 3664 1658 χεὶρ,

2165 1701 2195 1752 ὁ
2214 1695 2548 1765 Μονογενὴς,
2575 1691 2642 1746 δι’
2669 1684 2730 1745 οὗ
2761 1689 2855 1742 καὶ
2887 1690 2920 1758 ἡ
2953 1687 3062 1740 τῶν
3092 1685 3297 1756 νεκρῶν
3321 1685 3593 1765 ἀνάστοασις
3620 1685 3669 1736 Ἦ

2169 1789 2265 1844 καὶ
2299 1785 2715 1858 γνωσθήσεται
2737 1780 2860 1846 τοῖς
2889 1777 3280 1847 φοϐουμένοις
3305 1775 3491 1830 αὐτόν.
3528 1773 3669 1826 Φόϐον

2169 1882 2280 1954 7&9
2305 1878 2657 1948 ἀνειληφότες
2691 1873 2827 1928 Θεοῦ
2858 1874 2948 1926 τὸν
2979 1873 3045 1925 ὲκ
3081 1870 3268 1938 σοφίας
3297 1868 3480 1940 (Ἀρχὴ
3500 1867 3589 1936 γὰρ
3610 1881 3670 1917 σοι

486 1986 830 2033 mortuorum
878 1955 1061 2049 756'
1105 1955 1391 2034 suscitatio
1433 1997 1446 2030 :
1503 1974 1637 2040 Qua:
1682 1977 1844 2029 etiam
1898 1975 2068 2030 Deum

2181 1975 2303 2045 φίας
2334 1971 2498 2041 φόϐος
2520 1966 2748 2039 Κυρίου)
2780 1965 3090 2036 νοήσουσιν,
3135 1962 3210 2025 ὡς
3242 1961 3338 2014 οὐκ
3375 1962 3488 2015 ἄνευ
3527 1955 3672 2049 χειρός

485 2070 838 2126 metuentibus
889 2087 993 2125 non
1025 2070 1250 2125 obscura
1289 2068 1473 2138 futura
1501 2079 1601 2136 est.
1660 2065 1762 2123 Ubi
1819 2083 2062 2137 namque

485 2159 580 2215 Dei
615 2172 833 2228 metum,
890 2161 984 2232 qui
1043 2177 1109 2217 ex
1165 2161 1433 2230 sapientia
1486 2167 1594 2224 est,
1663 2159 2062 2228 resnmpserint

2172 2063 2332 2128 Θεοῦ,
2368 2059 2604 2130 τοσαύτη
2633 2057 2795 2128 χάρις
2821 2057 2902 2118 είς
2934 2052 3256 2125 ἀνθρώπους
3283 2048 3673 2122 ἐνήργησεν.ἰ“οῖς

2168 2154 2226 2208 δὲ
2258 2154 2333 2224 μὴ
2367 2150 2632 2212 τοιούτοις
2661 2144 2986 2214 ἀπειλήσει
3007 2145 3076 2198 τά
3100 2144 3426 2214 ὲπαγόμενα.

485 2252 744 2322 (initium
784 2231 929 2310 enim
984 2253 1268 2323 sapientiae
1312 2253 1474 2307 timor
1529 2251 1741 2306 Domini
1777 2252 1859 2320 “)
1893 2294 1908 2318 ,
1943 2267 2055 2309 non
2093 2250 2302 2319 absque
2330 2261 2493 2300 manu
2521 2243 2636 2307 Dei,
2680 2248 2891 2294 tantam
2945 2239 3183 2308 gratiam
3264 2237 3401 2292 inter
3472 2231 3673 2288 mortales

447 2347 631 2402 ‘vires
673 2360 807 2403 suas
869 2360 1124 2402 exercere
1159 2345 1449 2438 Ipotuisse,
1524 2343 1853 2417 intelligent.
1898 2345 2016 2410 _lllis
2064 2353 2270 2407 autem,
2319 2337 2411 2410 qui
2463 2335 2602 2390 tales
2669 2346 2779 2388 non
2833 2329 3065 2396 fuerint,
3119 2345 3204 2395 ea,
3257 2342 3372 2398 quae
3417 2331 3677 2395 sequuntur,

487 2439 804 2495 minabitur.

557 2532 699 2588 Sunt
741 2548 896 2600 vero,
933 2534 1027 2604 qui
1059 2550 1090 2588 ει
1129 2535 1312 2590 verbis
1359 2535 1504 2601 istis,
1563 2552 1662 2591 vox
1700 2536 1934 2603 Domini,
1992 2537 2066 2591 ita

486 2627 782 2696 explicent,
809 2635 868 2682 ut
901 2629 1086 2683 omnia
1120 2630 1361 2699 undique
1391 2631 1605 2700 justum
1656 2629 1749 2686 Dei
1791 2631 2068 2700 judicium

487 2721 660 2776 velint
717 2736 1008 2787 resonare,
1069 2721 1321 2778 hostibus
1367 2723 1586 2794 quidem
1647 2723 1960 2794 subiugatis
2015 2731 2071 2778 et

489 2815 692 2881 victis;
743 2813 1010 2870 Ezechias
1053 2823 1234 2871 autem
1285 2815 1353 2872 de
1390 2815 1594 2886 templo
1628 2816 1909 2883 redeunte,
1945 2813 2071 2870 Dei-

489 2920 599 2974 que
641 2904 980 2975 maiestatem
1013 2904 1346 2976 praedicante
1393 2905 1472 2972 ⁶⁸;
1509 2904 1644 2975 ipsis
1674 2905 1931 2976 denique,
1977 2904 2069 2975 qni

492 2995 606 3052 Deo
635 2987 1096 3064 adversabantur,
1143 2996 1336 3050 ultioni
1396 2996 1638 3051 traditis.
1696 2993 1836 3050 Sunt
1887 3003 2068 3049 tamen

436 3098 442 3103 '
493 3101 686 3158 pmnas
713 3090 958 3153 vitaturi,
1008 3091 1054 3144 si
1105 3089 1374 3160 paenitere
1425 3089 1730 3158 contingat,
1767 3101 1879 3142 non
1913 3085 2074 3141 aliter

496 3195 660 3250 quam
713 3197 836 3252 quae
874 3183 1168 3236 masculum
1227 3182 1444 3250 peperit.
1503 3179 1863 3236 Ohliviscitur
1926 3179 2072 3234 enim

496 3270 764 3335 dolorum,
794 3285 860 3325 eo
885 3270 1008 3339 ipso
1035 3269 1180 3340 quod
1213 3269 1916 3340 peperit,'cousolationem
1944 3267 2075 3322 adc-

499 3447 628 3503 ideo
663 3447 834 3503 laetari
867 3445 1124 3515 afﬁrmat,
1164 3449 1310 3519 quod
1346 3449 1510 3504 homo
1560 3449 1616 3502 in
1664 3447 1927 3503 mundum
1962 3447 2081 3502 edi-

500 3549 591 3594 tus
626 3539 700 3593 sit
745 3539 812 3594 “.
855 3537 953 3594 Est
999 3539 1165 3611 igitur
1196 3540 1400 3610 inquit,
1435 3539 1684 3596 dolorum
1718 3548 1934 3610 tempus
1966 3553 2081 3610 pm-

504 3629 732 3684 nitentia
776 3630 1329 3698 praevertendumwt
1386 3639 1649 3702 tanquam
1697 3645 1952 3701 puerum,
1991 3646 2085 3686 ve-

505 3731 675 3776 stram
706 3722 813 3793 ipsi
835 3722 1066 3778 salutem
1093 3731 1250 3793 partu
1279 3723 1596 3778 enitamini.
1645 3723 1849 3778 Volunt
1901 3731 2082 3777 autem

506 3811 902 3884 Hierosolymis
957 3814 1061 3868 ista
1110 3814 1432 3884 contigisse,
1470 3828 1592 3883 qua:
1627 3813 1783 3869 brevi
1835 3822 2086 3882 tempore

505 3912 679 3974 gentes
727 3905 1019 3972 quaslibet,
1081 3919 1324 3973 suosque
1378 3904 1717 3961 habitatores
1771 3919 2087 3974 resumpse-

508 3995 638 4048 rint.
681 3993 778 4050 Est
811 3995 959 4050 enim
999 3995 1142 4051 Deus
1185 3995 1324 4064 ipse,
1371 3995 1464 4063 qui
1522 3995 1858 4050 sterilitatem
1904 3994 2088 4063 fecim-

507 4086 830 4156 ditatemque
881 4087 1133 4159 largitur.
1193 4085 1335 4154 Quia
1387 4095 1567 4142 autem
1604 4087 1843 4141 animam
1885 4086 2088 4142 futuris

507 4177 671 4234 bonis
693 4185 852 4234 antea
885 4188 1187 4242 recrearat,
1213 4180 1388 4249 ipsam
1409 4178 1714 4235 Jerusalem
1745 4179 1924 4234 lwtari
1949 4194 2088 4250 prae-

507 4271 662 4345 cipit,
698 4285 808 4325 non
835 4272 1176 4328 eversionem
1208 4288 1364 4328 suam
1405 4273 1580 4344 lugere
1604 4314 1620 4338 ,
1651 4273 1747 4328 sed
1780 4287 1901 4343 quae
1932 4281 2088 4342 post-

505 4377 570 4418 ea
608 4370 866 4419 secutura
896 4372 1014 4428 est,
1061 4367 1290 4436 gloriam
1323 4366 1677 4423 considerare
1703 4404 1718 4430 ,
1767 4378 2081 4435 puerosque

507 4471 640 4512 suos
679 4465 941 4527 tanquam
974 4457 1040 4512 ab
1069 4459 1314 4513 uberibus
1353 4472 1581 4528 pascere
1622 4476 1636 4512 :
1688 4458 1820 4526 quia
1851 4472 1950 4512 eos
1999 4456 2088 4510 in-

513 4545 757 4604 tuiturus
779 4548 855 4603 sit
887 4549 1170 4614 Dominus,
1206 4565 1492 4619 pacemque
1540 4546 1772 4602 multam
1824 4547 2084 4614 daturus,

505 4636 792 4704 ﬂuviorum
833 4654 985 4694 more
1021 4641 1485 4696 concurrentibus
1522 4638 1591 4693 ad
1623 4653 1748 4693 eum
1795 4637 2082 4694 omnibus.

506 4727 648 4798 Ipsis
674 4731 820 4784 enim
851 4732 1084 4805 gentium
1110 4733 1340 4802 gloriam
1371 4731 1653 4801 largietur,
1687 4739 1748 4784 ut
1777 4729 1920 4786 ﬁlios
1954 4731 2089 4802 ipsae

507 4823 566 4870 et
590 4815 733 4872 tilias
761 4817 994 4872 humeris
1048 4819 1103 4873 in
1157 4819 1438 4874 civitatem
1481 4818 1785 4874 Jerusalem
1843 4829 2089 4890 portent,

510 4905 623 4962 Deo
649 4905 792 4978 ipso,
820 4908 1009 4963 matris
1043 4907 1241 4977 instar,
1277 4908 1546 4964 auxilium
1597 4924 1899 4981 curamque
1935 4925 2090 4966 suam

507 4998 860 5070 adjungente,
901 5001 995 5071 qui
1034 5015 1130 5057 eos
1160 5016 1326 5072 super
1369 5001 1556 5057 futura
1607 5002 2095 5072 calamitatelcon-

509 5089 730 5160 soletur,
763 5106 1019 5164 novaque
1039 5092 1276 5164 quadam
1309 5094 1550 5159 ratione,
1582 5101 1643 5147 ut
1673 5109 1823 5160 ossa,
1863 5093 1931 5148 de
1959 5094 2092 5164 qui—

511 5183 615 5240 lius
660 5192 747 5242 est
804 5185 951 5256 apud
1003 5183 1350 5243 Ezechielem
1401 5186 1483 5252 ⁸⁷,
1523 5186 1579 5240 in
1632 5187 1803 5242 vitam
1852 5194 2092 5242 revocet.

510 5270 834 5331 Gestamina
881 5291 1071 5345 porro,
1115 5276 1234 5333 sive
1282 5290 1452 5333 onera
1499 5277 1770 5347 ipsorum,
1825 5276 2091 5331 honorem

510 5379 639 5420 eum
693 5367 966 5437 intellige,
998 5384 1161 5440 quem
1194 5367 1259 5422 de
1304 5367 1548 5439 gentibus
1576 5368 1687 5424 sibi
1737 5375 2096 5439 pepererunt,
2150 5409 2153 5412 .

514 5472 628 5526 quo
685 5469 952 5530 tempore,
989 5460 1297 5518 secundum
1358 5461 1881 5531 praeordinationem
1927 5459 2091 5532 757

518 5549 754 5614 Domini,
795 5565 923 5605 cum
958 5552 1104 5607 Darii
1151 5552 1410 5622 praesidio
1439 5551 1704 5609 adhibitis
1749 5552 1930 5623 epulis
1979 5557 2100 5606 tuta

586 5665 630 5700 ⁸³
667 5663 861 5726 Matth.
892 5683 944 5730 ν,
967 5667 1022 5720 8.

514 5751 635 5799 six,
663 5736 688 5789 1
726 5752 881 5807 seqq.

1101 5666 1144 5699 ⁶²
1182 5667 1315 5722 Dan.
1351 5685 1458 5732 xu,
1491 5669 1549 5734 ε,
1575 5668 1640 5731 5;
1672 5667 1830 5723 Joan.
1858 5684 1913 5732 ν,
1937 5667 2032 5731 28,
2065 5663 2158 5720 29.

986 5737 1032 5770 “
1051 5734 1209 5793 Joan.
1240 5755 1364 5807 xvr,
1399 5739 1492 5796 21.
1564 5739 1608 5778 ⁸⁷
1638 5737 1839 5795 Ezech.
1871 5753 2067 5804 xxxvu,
2127 5737 2150 5788 l
2186 5748 2343 5802 seqq.

2245 2527 2402 2589 Τινὲς
2437 2525 2495 2579 δὲ
2541 2523 2648 2577 ἀπὸ
2679 2519 2796 2582 τοῦ,
2849 2519 3018 2588 φωνὴ
3063 2518 3306 2586 Κυρίου,
3350 2515 3505 2576 οὕτως
3527 2511 3678 2582 iam.

2177 2637 2356 2676 σαντο.
2394 2617 2579 2671 Πάντα
2610 2613 2720 2683 γὰρ
2743 2609 3090 2681 πανταχόθεν
3116 2608 3240 2676 ,βοᾷ
3267 2608 3360 2679 τὴν
3391 2607 3574 2660 δικαίαν
3596 2604 3681 2675 upi-

2177 2731 2260 2766 ow
2290 2709 2382 2764 τοῦ
2411 2707 2571 2772 Θεοῦ,
2607 2705 2884 2776 πολεμίων
2910 2704 3006 2775 μὲν
3032 2693 3679 2770 καταστρεφομένων,“Εζε-

2177 2805 2298 2859 κίου
2327 2802 2384 2856 δὲ
2415 2801 2478 2854 ὲκ
2503 2798 2596 2854 τοῦ
2628 2797 2759 2852 ναοῦ
2794 2795 3140 2858 ἐπανιόντος,
3171 2791 3245 2862 μὴ
3267 2788 3584 2860 κηρύττοντος
3615 2780 3700 2840 τοῦ,

2177 2894 2313 2950 Θεοῦ
2342 2893 2441 2964 τὴν
2471 2889 2891 2961 μεγαλειότητα,
2915 2887 3011 2941 καὶ
3052 2884 3167 2938 τῶν
3211 2879 3567 2951 ἀντικειμένων
3599 2872 3682 2942 Θεῷ

2177 3001 2422 3055 τιμωροῦ
2431 2983 2629 3054 μένων.
2676 2978 3105 3050 Ὲχερεύξονται
3126 2974 3296 3046 δὲτὴν
3317 2972 3461 3041 δίκην
3483 2968 3681 3040 μετανοή-

2181 3097 2372 3141 σαντες
2406 3076 2552 3131 καθά
2575 3076 2669 3129 καὶ
2703 3073 2842 3145 γυνὴ
2874 3073 3144 3128 τεκοῦσα
3182 3069 3384 3138 ἄρσεν.
3431 3057 3682 3117 Ἐπιλανθά-

2181 3187 2331 3224 νεται
2366 3167 2474 3238 γὰρ
2505 3166 2626 3220 τῶν
2648 3164 2911 3226 ὠδίνων,
2944 3158 3298 3232 παραμύθιον
3344 3155 3522 3226 ἔχουσα
3549 3151 3596 3202 τὸ
3622 3163 3683 3198 τε·

2183 3257 2328 3329 χθὲν,
2361 3257 2507 3310 κατά
2553 3256 2636 3320 τὸ,
2685 3254 2802 3308 Ὀτ’
2855 3253 2921 3307 ἂν
2956 3252 3012 3306 δὲ
3059 3252 3318 3322 γεννήσῃ,
3352 3246 3483 3317 χαρᾷ
3536 3240 3684 3313 χαίρει.

393 3388 402 3396 ο
498 3362 628 3425 pta;
663 3356 825 3425 quale
853 3334 937 3412 est
969 3334 1126 3424 illud,
1149 3334 1299 3428 quod
1325 3357 1608 3412 mulierem
1638 3371 1764 3411 cum
1794 3357 2070 3427 genuerit,

2181 3352 2258 3404 ὅτι
2288 3347 2554 3418 ἐγεννήθη
2589 3346 2876 3417 ἄνθρωπος
2913 3343 3008 3397 ἐπὶ
3036 3343 3140 3412 τῆς
3164 3341 3268 3411 γῆς
3305 3341 3384 3401 είς
3418 3337 3499 3390 τὸν
3521 3334 3683 3428 κόσμον.

2184 3440 2534 3512 Προληπτέον
2567 3435 2682 3504 οὖν,
2731 3437 2886 3507 φησὶ,
2915 3438 2981 3506 τῇ
3010 3433 3274 3505 μετανοίᾳ
3301 3431 3389 3485 τὸν
3428 3426 3588 3498 καιρὸν
3607 3419 3686 3476 τῶν

2185 3531 2439 3586 ὠδίνων.
2486 3530 2601 3585 Καὶ
2657 3529 2849 3599 ῶσπερ
2900 3525 3092 3592 παῖδα,
3119 3524 3220 3595 τὴν
3256 3521 3456 3576 ἑαυτῶν
3484 3513 3692 3584 σωτηρίαν

2185 3622 2561 3693 ἀποκυήσατε.
2608 3620 2734 3675 Ἐπὶ
2752 3619 2811 3672 δὲ
2835 3618 2937 3687 τῆς
2963 3615 3328 3688 Ἰερουσαλὴμ
3351 3610 3508 3666 ταῦτα
3529 3602 3692 3674 γεγενῆ·

2189 3715 2312 3771 σθαί
2347 3731 2511 3786 φασιν
2557 3714 2616 3766 ὲν
2665 3711 2862 3783 βραχεῖ
2906 3708 3087 3781 χρόνῳ
3137 3709 3284 3761 ἆπαν
3336 3703 3400 3758 τὸ
3441 3703 3604 3765 ἔθνος,
3630 3696 3695 3786 καί

2185 3786 2312 3873 τοὺς
2347 3807 2510 3869 ίδίους
2537 3801 3039 3874 ἀπολαμϐανούσης
3079 3800 3393 3870 οίκήτορας.
3423 3793 3538 3856 Θεὸς
3561 3787 3643 3858 γὰρ
3676 3785 3695 3832 ‘5

2188 3899 2509 3967 στείρωσιν
2531 3895 2729 3958 διδοὺς,
2755 3892 2855 3946 καί
2887 3889 3103 3961 γονήν.
3147 3885 3523 3962 Προεστιαθεὶς
3561 3881 3606 3932 δὲ
3629 3878 3698 3967 τὴν

2187 3966 2364 4057 ψυχήν
2389 3985 2483 4039 ἐπὶ
2505 3986 2616 4048 τοῖς
2641 3983 2930 4054 μέλλουσιν
2957 3979 3208 4049 ἀγαθοῖς,
3238 3982 3304 4050 τῇ
3337 3976 3481 4029 πόλει
3504 3966 3699 4038 εὐφράν-

2190 4081 2339 4144 θητι,
2376 4077 2560 4146 φησιν,
2601 4072 3008 4143 Ἰερουσαλὴμ
3040 4073 3116 4142 μὴ
3145 4069 3450 4127 πενθοῦσα
3469 4065 3552 4134 τὴν
3574 4074 3699 4114 κατα·

2192 4170 2454 4241 στροφὴν,
2483 4168 2582 4239 τὴν
2614 4167 2752 4238 μετά
2783 4165 2958 4220 ταῦτα
2987 4165 3044 4219 δὲ
3075 4165 3271 4229 δόξαν
3297 4149 3703 4230 λογιζομένη.Καὶ

2190 4264 2266 4326 ὡς
2293 4262 2412 4316 ἀπὸ
2442 4259 2694 4330 μαστῶν
2719 4259 2888 4329 τρέφε
2938 4258 3068 4320 τοὺς
3092 4255 3293 4318 παῖδας
3327 4270 3439 4316 σου,
3469 4248 3584 4303 διότι
3621 4243 3706 4295 titt-

2191 4353 2449 4422 σκέψεται
2480 4350 2684 4421 Κύριος
2710 4351 2911 4412 αὐτοὺς
2932 4390 2947 4415 ,
2987 4346 3260 4419 πλείστην
3291 4344 3522 4414 εἰρήνην
3557 4336 3702 4422 διδοὺς.

2191 4445 2288 4498 καὶ
2308 4421 2531 4498 πάντων
2563 4438 2915 4510 ποταμηδόν
2944 4441 3022 4502 εἰς
3049 4439 3225 4506 αὐτὴν
3252 4435 3580 4507 συρρεόντων.
3617 4421 3707 4478 Τῶν

2191 4537 2298 4608 7&9
2322 4532 2516 4590 ἐθνῶν
2569 4533 2756 4596 αὐτοῖς
2813 4532 3091 4601 χαριεῖται
3127 4531 3246 4597 τὴν
3297 4528 3494 4592 δόξαν,
3519 4522 3580 4584 ὡς
3615 4515 3708 4608 toi;

2195 4605 2344 4691 υἱοὺς
2376 4623 2550 4694 αὐτῆς
2584 4633 2631 4692 ι’,
2668 4623 2764 4677 καὶ
2791 4621 3104 4693 θυγατέρας
3137 4621 3234 4675 ἐπ’
3267 4621 3434 4691 ὤμων
3462 4613 3632 4684 φέρειν
3649 4605 3709 4704 είς

2209 4716 2623 4788 Ἰερουσαλὴμ,
2683 4714 2841 4778 Θεοῦ,
2903 4713 3060 4782 δίκην
3113 4712 3390 4782 μητέρος,
3428 4710 3517 4778 τὴν
3566 4704 3709 4755 tumo

2195 4809 2525 4892 κηδεμονίαν
2549 4807 2902 4878 παρέχοντος,
2939 4805 3034 4858 ἐπὶ
3069 4807 3132 4875 τῇ
3187 4799 3548 4892 ιιτρολτιιὸούσῃ⁸
3569 4802 3710 4892 παρα.

2195 4879 2534 4968 καλοῦντος
2563 4900 2762 4962 αὐτοὺς
2799 4897 3080 4968 συμφορᾷ,
3111 4895 3211 4948 καὶ
3233 4895 3431 4966 τρόπον
3454 4887 3561 4944 τινὰ
3591 4879 3712 4968 ’κάλειι

2197 4965 2880 5062 ἀνασιῶναι-ποιήσαντος,
2937 4965 3078 5041 κατὰ
3107 4987 3177 5039 τά
3207 4965 3358 5057 παρὰ
3404 4980 3475 5052 τῷ
3515 4965 3713 5069 Ἰεζεκιῂλ

2198 5086 2371 5145 ὀστᾶ.
2413 5084 2794 5154 Βαστάγματα
2817 5081 2874 5134 δὲ
2905 5079 3088 5134 αὐτῶν
3121 5079 3222 5150 τὴν
3252 5076 3369 5132 ἀπὸ
3421 5072 3531 5128 τῶν
3571 5067 3714 5154 librat

2197 5181 2308 5235 νόει
2360 5177 2567 5249 τιμὴν,
2615 5150 2777 5228 *κατά
2831 5171 3095 5243 πρόταξιν
3149 5168 3380 5238 Κυρίου,
3417 5163 3504 5220 καὶ
3539 5150 3714 5249 Δαρείξυ

2203 5271 2340 5343 μετά
2374 5240 2698 5340 δορύφορίας
2731 5240 3204 5336 παρα-πέμψαντος
3257 5261 3451 5321 αὐτοὺς
3471 5258 3523 5309 ὲν
3561 5240 3714 5343 είξωχξᾷ

2206 5331 2266 5419 τε
2295 5366 2390 5417 καὶ
2422 5331 2636 5432 έιρῆνῇι,
2671 5359 2780 5412 τῶν
3009 5356 3195 5417 αὐτοῖς
3225 5351 3432 5408 σκευῶν
3457 5331 3713 5404 ἀιιυοδειδομέὅ

2208 5472 2335 5517 νων,
2363 5452 2459 5507 καὶ
2480 5431 2628 5521 μετὰ
2653 5447 2747 5504 τοῦ
2790 5447 2920 5502 ναοῦ
2974 5444 3378 5513 ἀνοικισθείσης
3405 5441 3499 5510 τῆς

2212 5548 2278 5599 Ὀ
2305 5545 2397 5599 καὶ
2432 5543 2569 5614 μετά
2612 5541 2710 5614 τὴν
2744 5538 2839 5595 τοῦ
2883 5539 3136 5610 Σωτῆρος
3160 5537 3410 5606 φαίνεται
3455 5532 3712 5598 παρουσίαν.

2254 5663 2300 5696 ⁸³
2329 5661 2472 5715 Psal.
2511 5675 2640 5726 Clll,
2683 5657 2775 5714 50.
2889 5655 2937 5688 δι
2965 5652 3110 5713 Psal.
3155 5663 3248 5716 cx,
3291 5649 3376 5704 10.
3473 5632 3714 5696 “1V3?!-

1803 5821 2058 5886 νΑιιιΑκϊ
2075 5821 2487 5885 LECTIONES.

565 5931 588 5963 ι’
617 5940 709 5992 γρ.
743 5922 906 5975 αὑτά.
