3976 6210
301 452 475 536 ,που

1473 442 2005 504 COMMENTARII
2057 442 2137 502 IN
2179 443 2463 502 ISAIAM.

3450 439 3590 504 2710

332 567 448 639 Τὴν
469 562 646 635 ἀληθῆ
673 560 779 632 γὰρ
811 558 1012 621 πάντες
1059 555 1470 628 μεταδιώκομεν
1524 553 1913 624 Ἰερουσαλὴμ

2021 568 2153 622 pace
2191 553 2409 609 dimissi
2451 560 2617 620 sunt;
2663 569 2786 609 cum
2839 554 2979 626 ipsis
3037 555 3202 610 etiam
3250 553 3462 611 reddita
3501 566 3587 612 est

330 661 613 728 φέροντες
654 653 781 716 τοὺς
827 648 1048 720 ἀληθείς
1102 646 1390 711 Ἰουδαίους
1434 646 1529 700 ἐπ’
1574 644 1770 714 ὤμων,
1809 647 1908 698 καί

331 747 620 820 γονάτων,
654 746 746 798 ὅτε
789 741 942 812 μετὰ
988 739 1190 810 χεῖρας
1235 739 1434 810 ἔχομεν
1456 738 1582 800 τοὺς
1609 736 1914 807 μακαρίους

332 838 642 911 προφήτας,
665 834 760 888 ἐπὶ
779 833 871 888 τὸν
899 832 1032 886 Θεὸν
1065 831 1376 895 ἐλπίζοντες
1421 829 1672 901 Ἀϐραάμ
1696 845 1712 862 ο
1747 828 1829 882 ἐτι
1855 829 1911 882 δὲ

331 930 428 984 καὶ
460 927 570 980 τῶν
605 923 924 980 ἀποστόλων
978 919 1118 993 μετά
1169 920 1266 974 τοῦ
1317 919 1570 990 Σωτῆρος
1623 917 1694 971 τὰ
1732 917 1915 988 βιϐλία

332 1017 463 1084 ταῖς
500 1016 675 1087 χερσί
726 1013 1132 1084 περιφέρομεν·
1167 1011 1260 1064 καὶ
1309 1009 1402 1064 ἐπὶ
1457 1009 1557 1079 τῆς
1601 1006 1912 1061 ἐνταῦθαδέ

343 1106 734 1179 Ἰερουσαλὴμ
755 1104 963 1174 ἀληθὴς
983 1105 1014 1157 6
1037 1103 1218 1172 λόγος,
1247 1103 1327 1167 είς
1346 1101 1415 1174 ἢν
1439 1098 1730 1154 σπεύδουσι
1760 1095 1916 1169 βασι-

331 1199 442 1263 λεῖς
472 1198 566 1275 καὶ
599 1195 728 1266 ἔθνη
751 1193 842 1248 διά
866 1193 958 1247 τὸν
989 1194 1240 1262 Σωτῆρα.

2017 646 2284 716 supellex,
2319 660 2444 700 cum
2495 645 2757 716 templum
2805 646 3060 718 denique,
3112 647 3341 717 ipsaque
3387 647 3583 702 civitas

2019 738 2326 792 instaurata
2358 746 2488 791 sunt
2537 737 2623 792 ⁶⁸ε
2677 737 2822 806 quod
2878 738 3044 792 etiam
3104 747 3230 808 post
3283 737 3586 792 Salvatoris

2019 827 2313 880 adventum
2346 825 2648 898 contigisse
2679 827 2916 883 videtur.
2962 827 3042 882 Ad
3075 844 3258 883 veram
3283 830 3428 884 enim
3473 845 3590 883 om-

2021 931 2119 971 nes
2147 915 2446 972 Jerusalem
2479 919 2775 982 tendimus,
2808 934 2970 975 veros
3007 918 3224 976 Judaeos
3268 917 3326 975 in
3363 921 3593 992 Ιιιιειετίι

2021 1019 2070 1063 et
2099 1010 2341 1080 gentibus
2370 1021 2664 1080 portantes,
2708 1026 2833 1066 cum
2875 1011 3064 1066 beatos
3095 1013 3147 1065 in
3182 1013 3422 1067 manibus
3464 1028 3594 1083 pro-

2019 1102 2220 1171 phetas
2245 1112 2546 1174 gestamus,
2579 1103 2674 1174 qui
2708 1103 2761 1158 in
2816 1102 2982 1158 Deum
3014 1103 3308 1157 Abrahami
3348 1119 3476 1174 spes
3502 1120 3596 1160 no-

2023 1198 2170 1246 stras
2201 1192 2560 1248 collocamus.
2591 1191 2980 1262 Apostolorum
3009 1207 3222 1258 rursus,
3266 1192 3598 1250 Salvatoris-

334 1308 441 1364 que
470 1291 644 1346 libros
690 1287 940 1344 manibus
975 1287 1450 1342 circumlerimus.
1479 1285 1578 1342 Est
1609 1294 1875 1357 praeterea
1902 1284 1970 1339 de
2003 1283 2328 1352 Jerusalem,
2362 1301 2486 1358 qua:
2513 1287 2603 1342 hic
2629 1287 2877 1352 habetur,
2918 1289 3142 1343 minime
3173 1289 3406 1344 mendax
3471 1305 3599 1345 ora-

333 1389 432 1454 tio,
473 1386 540 1441 ad
569 1399 734 1455 quam
764 1392 818 1439 et
842 1397 1000 1453 reges
1027 1382 1199 1451 ipsos,
1239 1390 1292 1436 et
1336 1391 1524 1451 gentes
1567 1381 1730 1435 etiam
1775 1386 2000 1450 propter
2029 1377 2366 1434 Salvatorem
2392 1395 2689 1451 properare
2718 1391 2926 1436 certum
2961 1391 3066 1437 est.

405 1477 603 1533 ιε’-κδ’.
635 1474 784 1530 ἰδοὺ
811 1474 922 1544 γὰρ
949 1475 1166 1541 Κύριος
1195 1473 1276 1536 ὡς
1327 1471 1448 1539 πῦρ
1497 1470 1652 1538 ἣξει,
1705 1470 1804 1523 καί
1835 1469 1916 1534 ὡς

333 1565 600 1635 καταιγὶς
651 1564 725 1619 τὰ
783 1563 1016 1632 ἅρματα
1063 1559 1251 1616 αὐτοῦ
1282 1558 1615 1614 ἀποδοῦναι
1656 1558 1724 1612 ἐν
1752 1555 1917 1626 θυμῷ

331 1661 670 1726 ἐκδίκησιν,
702 1656 803 1712 καί
841 1651 1380 1723 ἀποσκορακισμὸν
1417 1651 1604 1707 αὑτοῦ
1631 1651 1702 1705 ἐν
1735 1649 1916 1721 φλογί

333 1751 544 1821 πυρός.
582 1749 680 1801 Ἐν
705 1746 815 1816 ⁸ιιὰρ
843 1743 922 1811 τῷ
944 1745 1087 1814 πυρὶ
1111 1743 1334 1814 Κυρίου
1365 1741 1708 1812 κριθήσεται
1746 1738 1916 1796 πᾶσα

332 1843 372 1912 ἠ
406 1840 506 1909 τῆ,
557 1839 655 1894 καί
691 1839 759 1891 ἐν
802 1834 878 1905 τῇ
921 1837 1192 1906 ῥομφαίᾳ
1243 1833 1453 1901 αὐτοῦ,
1506 1832 1676 1889 πᾶσα
1732 1831 1911 1902 σάρξ.

332 1896 557 1988 ἡάλξιοι
594 1896 948 2000 τραυματίαι
975 1896 1219 1982 dir-artat
1247 1926 1368 1982 ὑπὸ
1410 1896 1656 1994 Κυρίου,
1692 1896 1918 1994 ἁγνιζό-
1949 1896 1990 1950 Β

329 2042 522 2096 μενοι,
549 2024 648 2078 καί
669 2021 1119 2090 καθαριζόμενοι
1148 2021 1238 2084 είς
1273 2017 1418 2082 τοὺς
1440 2015 1698 2083 κήπους,
1731 2015 1829 2069 καὶ
1849 2016 1918 2068 ἐν

334 2117 458 2183 τοῖς
479 2116 796 2185 προθύροις
816 2114 1102 2178 ἔσθοντες
1121 2110 1301 2180 κρέας
1328 2110 1518 2174 ὕειον,
1549 2107 1648 2163 καὶ
1678 2109 1748 2163 τὰ
1772 2107 1918 2173 ,ϐδε-

334 2209 626 2277 λύτματα,
658 2207 758 2260 καὶ
787 2205 896 2259 τὸν
923 2204 1068 2274 μῦν,
1099 2203 1198 2256 ἐπὶ
1218 2204 1286 2255 τὸ
1309 2201 1454 2256 αὐτὸ
1483 2199 1914 2268 ἀναλωθήσον-

335 2315 450 2363 ται,
476 2293 606 2351 εἶπε
635 2298 872 2364 Κύριος.
909 2293 1086 2363 Κάγὼ
1131 2292 1206 2346 τὰ
1233 2292 1378 2362 ἔργα
1421 2288 1644 2355 αὐτῶν,
1680 2289 1781 2344 καὶ
1810 2291 1920 2344 τὸν

335 2387 631 2459 λογισμὸν
663 2385 864 2440 αὐτῶν
883 2385 1230 2454 ἐπίσταμαι,
1268 2401 1324 2438 κ.
1355 2401 1408 2437 τ.
1439 2382 1490 2438 λ.

403 2479 514 2544 Τὰς
546 2478 654 2532 τῶν
682 2477 1088 2532 πιστευσύντων
1115 2475 1453 2545 ἐπαγγελίας
1488 2471 1680 2540 εἰπὼν,
1714 2474 1809 2526 καὶ
1839 2474 1916 2539 ὼς

333 2569 623 2640 ἀπειλήσει
655 2571 769 2632 τοῖς
802 2567 1138 2636 ἀπειθήσασι
1189 2566 1289 2638 τὴν
1332 2564 1586 2636 ἀπειλὴν,
1637 2563 1917 2617 ἐκτίθεται

337 2661 433 2716 νῦν
461 2661 557 2732 τὴν
609 2659 818 2724 ἔνδοξον
865 2658 1030 2714 αὑτοῦ
1086 2657 1396 2728 παρουσίαν
1415 2697 1431 2722 ,
1462 2655 1640 2726 δηλῶν
1668 2657 1760 2710 ὅτε
1783 2654 1919 2723 ἣξει

343 2751 484 2823 μετά
509 2753 608 2822 τῆς
631 2750 789 2820 δόξης
825 2749 921 2802 τοῦ
954 2749 1222 2820 Πατέρος,
1265 2750 1360 2803 καὶ
1391 2749 1500 2802 τῶν
1526 2747 1777 2816 ἀγγέλων
1824 2749 1919 2800 αύ-

335 2842 450 2907 τοῦ,
480 2843 660 2912 κρῖναι
691 2840 899 2905 ζῶντας
927 2840 1022 2894 καὶ
1053 2840 1302 2910 νεκρούς.
1335 2840 1409 2892 Τὸ
1459 2840 1518 2892 δέ
1566 2839 1647 2904 ὠς
1673 2837 1818 2906 πῦρ,
1847 2839 1920 2891 ἐν

333 2933 477 3001 πυρί
505 2934 850 3004 ἐρμήνευσαν
871 2932 922 2984 οί
956 2930 1158 2986 λοιποί.
1193 2932 1452 3000 Ἀρματα
1475 2930 1534 2984 δὲ
1567 2931 1761 2999 λέγων,
1789 2931 1918 2994 τοὺς

334 3023 619 3092 ἀγγέλους,
655 3025 750 3077 καί
777 3022 877 3086 τάς
908 3023 1040 3095 περὶ⁵
1066 3022 1230 3078 αὐτὸν
1262 3022 1521 3092 δυνάμεις
1561 3022 1745 3092 δηλοῖ,
1773 3022 1917 3077 κατὰ

333 3115 477 3168 τὸέν
504 3113 786 3183 Ψαλμοῖςο
821 3131 840 3164 ι
879 3112 952 3165 Τὸ
979 3111 1132 3184 ἀρμα
1170 3111 1266 3165 τοῦ
1302 3111 1438 3166 Θεοῦ
1485 3111 1912 3184 μυριοπλάσιον,

2091 1466 2258 1523 Vsus.
2297 1469 2488 1526 15-24.
2528 1469 2661 1525 Ecce
2683 1473 2821 1525 enim
2859 1472 3134 1538 Dominus,
3167 1474 3322 1542 quasi
3355 1474 3492 1543 ignis
3515 1491 3596 1530 re-

2021 1559 2150 1621 niet,
2177 1558 2346 1630 758
2365 1573 2420 1615 et
2449 1562 2605 1631 quasi
2634 1571 2912 1630 tempestas
2935 1578 3124 1616 currus
3153 1564 3288 1632 ejus,
3315 1575 3371 1616 ut
3411 1564 3598 1619 reddat

2018 1651 2074 1704 in
2096 1651 2276 1720 furore
2301 1651 2579 1720 ultionem,
2603 1664 2652 1708 et
2679 1655 3085 1720 increpatione»:
3108 1671 3263 1709 suam
3301 1655 3355 1710 in
3376 1657 3598 1725 ﬂamma

2020 1739 2179 1807 ignis.
2217 1739 2282 1794 In
2311 1742 2427 1812 igne
2453 1743 2592 1796 enim
2617 1741 2835 1797 Domini
2859 1743 3190 1813 judicabitur
3216 1746 3388 1802 omnis
3431 1755 3596 1809 terra,

2019 1843 2069 1886 et
2097 1835 2152 1886 in
2179 1833 2364 1905 gladio
2401 1834 2517 1904 ejus
2557 1835 2710 1889 cadet
2743 1837 2986 1890 universa
3037 1853 3184 1891 caro.
3221 1835 3384 1891 Multi
3419 1839 3598 1893 rulne-

2021 1925 2128 1978 rati
2165 1935 2321 1979 erunt
2360 1927 2413 1978 in
2447 1925 2692 1982 Domino.
2733 1927 2839 1993 Qui
2871 1929 3301 1996 sanctiﬁcantur,
3333 1939 3383 1984 et
3411 1931 3602 1998 puriﬁ-

2019 2028 2214 2071 cantur
2253 2020 2308 2072 in
2331 2021 2532 2084 hortis,
2572 2030 2626 2074 et
2664 2023 2719 2075 in
2760 2021 3054 2086 liminibus,
3099 2022 3424 2077 comedenles
3477 2039 3599 2076 car-

2020 2128 2136 2166 nem
2181 2114 2480 2180 porcinam,
2516 2124 2566 2168 et
2605 2115 3050 2182 abominationes,
3081 2125 3132 2169 et
3165 2133 3389 2181 murem,
3439 2116 3600 2171 simul

2019 2213 2416 2270 consumantur,
2457 2205 2588 2258 dicit
2624 2204 2908 2259 Dominus.
2943 2204 3012 2258 Et
3056 2222 3150 2276 ego
3201 2222 3364 2275 opera
3393 2222 3596 2272 eorum,

2017 2302 2069 2346 et
2103 2293 2452 2364 cogitationes
2485 2311 2668 2350 eorum
2714 2298 2854 2362 novi,
2892 2303 3000 2350 etc.

2091 2472 2391 2544 Postquam
2447 2489 2640 2530 eorum
2693 2474 3130 2552 promissiones,
3172 2477 3266 2546 qui
3331 2476 3598 2536 credituri

2018 2571 2226 2628 essent,
2275 2575 2331 2618 et
2358 2578 2444 2629 ea,
2475 2579 2598 2635 quae
2640 2579 2700 2619 se
2733 2565 3113 2634 pertinacibus
3148 2567 3482 2623 minaturum
3513 2569 3599 2625 di-

2021 2653 2125 2719 xit,
2171 2656 2476 2720 enarravit,
2507 2655 2731 2726 exponit
2757 2654 2870 2724 jam
2902 2655 3204 2726 gloriosum
3244 2657 3364 2727 ejus
3396 2659 3602 2715 adven-

2019 2752 2160 2809 tum,
2211 2744 2600 2802 demonstrans
2647 2760 2760 2815 quo
2807 2756 3054 2815 tempore
3100 2746 3281 2804 Patris
3315 2750 3515 2816 gloria,
3547 2761 3602 2806 et

2018 2840 2230 2910 angelis
2269 2839 2392 2910 ejus
2441 2841 2763 2906 comitatus,
2815 2841 2970 2897 vivos
3015 2852 3068 2898 et
3115 2853 3360 2899 mortuos
3385 2845 3600 2914 judica-

2018 2938 2133 2984 tum
2183 2939 2436 2986 uenturus
2458 2932 2528 2986 sit
2575 2931 2642 2986 “.
2674 2930 2830 2998 Quod
2860 2939 3045 2987 autem
3084 2932 3224 2986 sicut
3248 2933 3386 3003 ignis
3437 2934 3604 2991 liabe-

1993 3036 2180 3094 .mus,
2213 3021 2270 3076 in
2300 3023 2420 3094 igne
2473 3023 2656 3079 cmteri
2715 3023 2977 3080 dixerunt
3037 3024 3388 3095 interpretes.
3440 3027 3604 3098 759

2019 3109 2292 3167 Curruum
2339 3114 2538 3170 deinde
2565 3115 2808 3179 nomine,
2861 3115 3111 3186 angelos,
3145 3124 3220 3184 et,
3267 3132 3390 3188 quae
3422 3118 3602 3189 ipsum

335 3202 568 3274 χιλιάδες
599 3200 994 3271 εὐθηνούντων.
1034 3219 1054 3254 ι
1099 3202 1194 3268 Ὠς
1230 3201 1500 3272 scaturrit;
1531 3201 1590 3254 δὲ
1631 3200 1760 3266 ἣξει
1787 3200 1911 3267 τοῖς

2021 3203 2291 3270 ambiunt,
2351 3213 2668 3290 potestates.
2713 3205 3026 3262 intellexit:
3089 3207 3254 3276 quale
3303 3207 3440 3264 illud
3496 3219 3604 3275 est,

339 3293 610 3362 τιμωρίας
637 3291 827 3359 ἀξίοις.
875 3293 935 3346 '0
961 3292 1016 3345 δέ
1048 3292 1582 3362 ἀποσκορακισμὸς
1625 3292 1776 3362 δηλοί
1820 3290 1918 3362 τὴν

335 3383 538 3440 τούτων
561 3382 856 3454 ἀποϐολὴν,
891 3384 1161 3454 ἐροῦντοςι
1189 3401 1208 3434 ι
1230 3383 1537 3454 Πορεύεσθε
1578 3385 1674 3438 ἀπ’
1695 3383 1830 3455 ἐμοῦ
1863 3385 1917 3438 οί

337 3472 706 3545 κατηραμένοι
727 3475 806 3536 είς
824 3473 886 3526 τὸ
899 3473 1008 3544 πῦρ
1029 3473 1089 3526 τὸ
1110 3472 1348 3526 αἰώνιον·
1375 3492 1396 3524 s
1417 3474 1517 3540 ἡδὲ
1523 3475 1790 3542 ῥομφαία
1811 3474 1913 3544 τὴν

334 3565 607 3636 τιμωρίαν
637 3565 914 3638 σημαίνει,
953 3564 1201 3636 συνήθως
1246 3564 1364 3634 ἅμα
1389 3565 1484 3617 καὶ
1533 3564 1779 3636 φοϐερῶς
1805 3568 1917 3630 τοῖς

335 3655 724 3728 ἀκροωμένοις.
741 3646 994 3710 Τοιοῦτον
1022 3656 1083 3710 τὸ
1106 3656 1484 3710 ἀποστολικόν’
1505 3676 1522 3708 ι
1546 3655 1706 3710 Κατὰ
1733 3655 1790 3710 δὲ
1815 3657 1916 3726 τὴν

337 3749 681 3821 σκληρότητά
716 3765 810 3802 σου
841 3749 935 3802 καὶ
958 3749 1372 3819 ἀμεταμέλητον
1395 3747 1620 3820 καρδίαν
1649 3747 1914 3820 θησαυρί-

336 3839 448 3903 ζεις
466 3838 676 3908 σεαυτῷ
696 3837 885 3910 ὀργὴν,
908 3858 928 3890 ι
963 3839 1056 3893 καὶ
1077 3837 1152 3892 τὰ
1176 3840 1269 3891 ἐπὶ
1299 3838 1532 3902 τούτοις.
1549 3839 1832 3910 Ἐπιφέρει
1853 3840 1911 3894 δὲ

335 3933 474 3986 τίσιν
510 3931 841 4002 ἡτοίμασται
893 3929 1094 4002 μᾶλλον
1146 3929 1212 3983 τὸ
1251 3928 1395 3998 πῦρ,
1448 3931 1543 3984 καὶ
1582 3932 1632 3984 εί
1675 3931 1774 4001 μὲν
1807 3932 1914 4002 πρὸ

335 4024 435 4092 τῆς
480 4022 817 4093 ἐπιδημίας,
873 4024 984 4085 τοῖς
1038 4021 1114 4092 μὴ
1149 4022 1293 4075 κατά
1340 4022 1504 4092 νόμον
1535 4023 1912 4093 ἀγνιζομένοις

336 4113 472 4182 φησὶ
506 4112 686 4184 σποδῷ
737 4130 798 4167 τε
860 4114 1169 4184 δαμάλεως,
1198 4113 1296 4168 καὶ⁵
1337 4113 1656 4179 θυσίαις,·εί
1682 4115 1739 4168 δὲ
1774 4114 1912 4184 μετά

335 4201 561 4272 ταύτην,
615 4205 730 4265 τοῖς
784 4203 907 4256 ἀντὶ
962 4203 1056 4257 τοῦ
1112 4203 1258 4258 θείου
1309 4203 1716 4275 βαπτίσματος,
1757 4204 1911 4260 ὕδατι

339 4291 500 4361 κήπο
529 4292 703 4365 ὑψιλῷ
733 4305 778 4362 ³,
817 4295 970 4365 ἤκαὶ
1023 4313 1086 4367 με
1097 4296 1423 4368 μαγευμένῳ
1471 4295 1908 4368 καθαιρομένοις,

335 4384 396 4436 ἐν
425 4383 650 4456 δρυμοῖς
689 4402 750 4439 τε
793 4388 888 4440 καί⁸
921 4387 1145 4442 ἄλσεσιν
1191 4388 1320 4441 ἔνθα
1363 4388 1458 4442 καὶ
1506 4388 1606 4451 τὰς
1655 4388 1911 4457 λατρείας

337 4477 696 4549 προσέφερον.
726 4479 1148 4550 Περιηγνίζοντο
1187 4478 1294 4550 γὰρ
1326 4480 1471 4548 πυρί
1493 4497 1549 4532 τε
1580 4480 1677 4534 καὶ
1714 4480 1906 4545 ὕδατι,

2018 3295 2165 3362 quod
2191 3296 2337 3365 apud
2369 3295 2608 3353 Psaltem
2652 3298 2706 3352 in
2741 3297 2858 3352 haec
2897 3297 3064 3353 verba
3098 3297 3337 3370 legimus
3357 3317 3380 3369 _:
3416 3317 3436 3352 ι
3464 3300 3603 3356 Cur-

2015 3401 2114 3441 rus
2150 3385 2243 3442 Dei
2275 3387 2466 3443 decem
2502 3388 2750 3444 millibus
2803 3379 3116 3459 multiplex,
3170 3389 3345 3445 millia
3396 3393 3604 3448 exube—

2016 3475 2259 3530 rantium
2293 3477 2362 3530 "°.
2403 3495 2424 3528 ι
2489 3475 2783 3533 Venturum
2845 3487 3133 3550 praeterea,
3188 3482 3346 3550 quasi
3408 3491 3605 3551 tempe-

2015 3577 2231 3636 statem,
2257 3570 2483 3638 adjicit;
2521 3579 2582 3626 ut
2611 3587 2730 3637 eos,
2762 3573 2856 3642 qui
2889 3573 3044 3642 digni
3089 3581 3242 3640 sunt,
3283 3572 3600 3629 ulciscatur.

2014 3657 2172 3724 Quod
2210 3673 2429 3713 rursum
2472 3660 2847 3728 increpationis
2881 3659 3050 3716 verbo
3090 3676 3227 3719 usus
3252 3671 3371 3728 est,
3410 3677 3601 3718 eorum

2015 3760 2048 3800 a
2089 3762 2149 3803 se
2178 3748 2534 3818 rejectionem
2586 3749 2942 3821 signiﬁcavit,
2980 3750 3073 3820 qui
3116 3765 3148 3804 a
3187 3767 3248 3808 se
3295 3766 3393 3808 eos
3423 3751 3605 3808 disce-

2013 3836 2267 3907 dere,qui
2295 3837 2636 3906 sempiterno
2664 3837 2775 3909 igni
2799 3837 2986 3893 devoti
3017 3848 3205 3892 essent
3229 3839 3272 3872 "
3298 3879 3314 3904 ,
3339 3839 3602 3909 jussurus

2013 3928 2216 3984 fuerat.
2252 3928 2539 4000 Significat
2570 3945 2734 4001 porro
2763 3931 3028 3986 ultionem
3061 3929 3277 4000 gladius
3299 3967 3315 3994 ,
3358 3932 3452 4002 qui
3482 3947 3602 3989 mos

2013 4019 2181 4075 simul
2208 4028 2261 4075 et
2303 4020 2537 4075 usitatus
2573 4029 2678 4086 est,
2712 4029 2768 4076 et
2797 4029 3005 4076 metum
3051 4019 3406 4076 audientibus
3442 4020 3598 4076 incu-

2013 4111 2097 4177 tit,
2139 4110 2300 4182 quale
2345 4118 2430 4166 est
2484 4111 2630 4182 apud
2653 4111 2978 4182 Apostolum
3009 4111 3142 4167 illud
3178 4127 3192 4164 :
3226 4129 3246 4164 ι
3283 4108 3597 4168 Secundum

2012 4211 2195 4261 autem
2233 4201 2492 4259 duritiem
2521 4212 2670 4258 tuam
2703 4213 2758 4259 et
2801 4204 3154 4276 imptenitens
3192 4218 3329 4270 cor,
3367 4203 3594 4260 thesau-

2012 4297 2158 4352 rizas
2177 4295 2273 4350 tibi
2300 4294 2522 4362 iram",
2542 4316 2562 4350 ι
2593 4303 2648 4352 et
2680 4311 2802 4368 qua
2823 4297 3100 4367 deinceps.
3134 4295 3338 4366 Adjicit
3368 4310 3588 4353 rursum

2013 4387 2218 4460 quibus
2259 4386 2534 4458 praecipue
2562 4388 2636 4443 sit
2665 4390 2802 4460 ignis
2848 4389 2952 4446 iste
2987 4395 3349 4460 prreparatus.
3382 4387 3517 4456 Qua:
3540 4391 3585 4444 si

2014 4480 2082 4535 ad
2119 4489 2389 4551 tempora,
2435 4495 2558 4550 quae
2597 4481 2890 4538 adventum
2941 4490 3362 4552 pmcesserunl,
3396 4480 3597 4536 retule-

334 4565 510 4636 ψυχῆς
541 4566 854 4640 μολυσμοὺς
889 4569 980 4623 διά
999 4571 1204 4625 τούτων
1232 4570 1518 4623 ἐκπλύνειν
1544 4571 1802 4642 οἰόμενοι,
1827 4570 1913 4635 οὓς

2025 4571 2142 4637 ris;
2173 4572 2242 4627 de
2277 4571 2386 4636 his,
2420 4572 2515 4642 qui
2564 4573 2788 4628 minime
2847 4572 3151 4628 secundum
3204 4571 3377 4643 legem
3411 4572 3596 4627 vitula:

333 4653 392 4719 ἐξ
424 4653 719 4724 ἀσελγείας
743 4658 842 4711 καὶ
870 4659 1046 4728 φόνων
1081 4659 1514 4730 ἐναπεμάξαντο.

2018 4663 2228 4729 cinere,
2264 4670 2319 4718 et
2352 4663 2642 4719 sacriﬁciis
2669 4664 2945 4734 puriﬁcati
2977 4665 3205 4732 fuerint,
3236 4664 3590 4722 intellexerit.

334 4718 430 4801 Sin
475 4718 678 4815 autem,
699 4718 778 4806 ad
807 4718 894 4817 ea,
924 4767 1046 4823 quae
1074 4718 1325 4809 eumdem
1345 4718 1546 4810 secuta
1585 4763 1735 4820 sunt,
1776 4718 2013 4827 respicis
2035 4796 2052 4824 ,
2079 4718 2363 4827 eosvipsos
2392 4757 2594 4823 innuit,
2629 4718 2634 4719 ν
2663 4718 2754 4828 qui
2819 4718 2944 4829 pro
2983 4718 3205 4816 divino,
3238 4718 3590 4830 baptismate,

332 4855 481 4894 mera
508 4841 746 4896 hortensi
775 4857 944 4914 aqua,
979 4851 1073 4898 aut
1113 4845 1276 4899 etiam
1311 4845 1540 4914 magica,
1586 4845 1640 4898 in
1675 4844 1905 4902 saltibus
1942 4855 1998 4903 et
2025 4847 2115 4902 ubi
2141 4846 2318 4902 sacris
2346 4847 2736 4916 operabantur,
2766 4848 3163 4905 lustrabantur.
3236 4848 3367 4922 Igne
3423 4849 3598 4920 siqui-

332 4931 455 4987 dem
487 4941 536 4988 et
565 4949 708 5003 aqua
741 4934 1138 5000 lustrabantur,
1181 4935 1254 4990 ita
1326 4935 1518 4992 sordes
1560 4937 1778 5003 animae,
1847 4953 1990 5010 quas
2027 4937 2176 4994 crede
2233 4947 2287 4994 et
2325 4938 2551 4996 libidine
2603 4950 3016 5009 contraxerant,
3059 4944 3246 4999 eluere
3291 4957 3353 4998 se
3398 4943 3592 4998 existi-

331 5030 565 5077 mantes.

415 5115 560 5170 Ἀντὶ
586 5112 643 5166 δὲ
669 5113 766 5168 τοῦ
791 5131 804 5145 ·
833 5117 947 5170 Kal
984 5117 1056 5172 ἐν
1090 5117 1215 5185 τοῖς
1251 5121 1571 5189 προθύροις
1600 5121 1850 5187 ἐσοντες
1888 5121 1906 5157 ί

331 5207 511 5276 κρέας
537 5207 726 5274 ὕειον,
759 5209 788 5260 ὁ
816 5209 1114 5281 Σύμμαχος
1140 5227 1305 5281 φησιν
1329 5230 1342 5244 ·
1377 5212 1602 5268 Ὀπίσω
1621 5211 1916 5280 ἀλλήλων

327 5299 587 5370 ἐνμέσῳ
611 5299 942 5355 ἐσθιόντων
960 5301 1026 5355 τὸ
1047 5301 1226 5370 κρέας
1258 5303 1323 5358 τὸ
1362 5305 1642 5374 χοίρειον,
1676 5304 1777 5358 οὐκ
1813 5305 1913 5358 αύ-

2089 5119 2289 5176 Verum
2340 5135 2452 5190 quo
2490 5121 2647 5187 loco,
2718 5119 2790 5175 Et
2840 5124 2892 5176 in
2948 5121 3218 5177 liminibus
3267 5080 3589 5180 comedent“

2016 5227 2227 5264 carnem
2249 5212 2546 5280 porcinam,
2579 5212 2865 5280 habemus,
2892 5214 2966 5267 ita
2998 5213 3162 5269 vertit
3185 5212 3581 5284 Symmachus:

2015 5300 2178 5356 Retro
2203 5319 2260 5357 se
2299 5313 2484 5358 mutuo
2537 5305 2591 5357 in
2621 5304 2795 5360 medio
2845 5303 3173 5361 comedentes
3221 5322 3408 5362 carnes
3459 5313 3588 5366 suil-

327 5393 456 5455 τοὺς
485 5391 662 5460 λέγων
693 5393 946 5456 ἐσθίειν,
979 5395 1183 5463 μεταξὺ
1213 5396 1270 5450 δὲ
1305 5396 1406 5467 ζῇν
1450 5396 1558 5450 τῶν
1608 5394 1804 5461 ἐθνῶν,
1833 5395 1913 5450 διὸ

2021 5393 2098 5447 las
2130 5409 2148 5446 :
2177 5407 2287 5449 non
2324 5401 2384 5448 ut
2418 5408 2518 5451 eos
2555 5397 2822 5452 comedere
2854 5397 3147 5470 signiﬁcet,
3177 5401 3272 5456 sed
3295 5401 3440 5454 inter
3459 5416 3585 5472 gen-

331 5479 428 5532 obv
453 5478 638 5543 αὐτοῖς
662 5480 1011 5548 ἀπολοῦνται,
1045 5482 1139 5538 τοῦ
1187 5484 1324 5539 Θεοῦ
1365 5485 1443 5558 μὴ
1490 5486 1652 5557 μόνον
1684 5486 1913 5558 πράξεις

2021 5494 2101 5541 tes
2134 5486 2337 5552 vivere,
2371 5486 2604 5560 ideoque
2639 5504 2766 5544 cum
2819 5489 2929 5546 illis
2957 5505 3084 5546 esse
3116 5493 3430 5560 perituros;
3464 5507 3587 5547 cum

400 5584 720 5670 "JllEsdr.
755 5605 807 5654 ν,
846 5590 868 5644 t
906 5606 1062 5662 seqq.
1158 5592 1203 5626 ⁸ο
1232 5591 1423 5650 Matth.
1452 5612 1578 5663 xxv.
1628 5596 1691 5652 5!
1735 5610 1894 5666 sequ-

2035 5594 2185 5651 Psal.
2212 5611 2357 5652 van
2390 5639 2404 5663 ,
2462 5598 2550 5656 18.
2657 5603 2697 5634 ⁷¹
2733 5599 2924 5659 Mattb.
2988 5618 3112 5670 xxv,
3154 5603 3240 5659 Η.
3353 5607 3398 5638 ’³
3427 5608 3584 5663 lion).

329 5672 368 5711 η
400 5591 536 5709 "5|"
561 5591 720 5642 Esdr.
755 5605 807 5654 ν,
846 5591 868 5644 1
906 5606 1062 5662 seqq.
1158 5592 1203 5626 ⁶⁹
1232 5591 1423 5650 Matth.
1452 5612 1578 5663 XXV.
1628 5596 1691 5652 51
1735 5610 1894 5666 seqq-

961 5811 978 5820 __
1638 5755 1868 5812 VARUE
1909 5756 2310 5815 LECTIONES.

407 5857 433 5897 s
463 5859 552 5912 τρ.
584 5844 764 5913 κήπου
806 5845 967 5913 eos.
1054 5845 1068 5879 ί
1104 5842 1374 5907 ισθοντες.
