3976 6210
378 422 517 489 πει

1705 428 2015 489 PROCOPI
2026 428 2051 486 Ι
2092 428 2332 489 ΟΑΖλΕΙ

3490 432 3626 498 2712

378 555 487 594 non
518 539 769 609 corporis
796 546 1035 605 tantum,
1097 541 1190 595 sed
1250 543 1449 595 mentis
1496 542 1659 597 etiam
1709 545 1956 597 actiones

2067 541 2318 611 δρῶντος,
2351 539 2487 594 ἀλλά
2545 541 2639 597 καὶ
2698 540 3015 619 λογισμούς.
3076 560 3095 594 ι
3138 542 3351 596 Ὀποῖόν
3381 542 3497 595 ἐστι
3534 544 3621 607 ⁸τθ,

378 630 524 686 licus
554 631 851 686 intueatur.
876 631 1052 702 Cujus
1081 632 1297 701 generis
1326 642 1412 688 est
1462 635 1621 700 illud,
1657 634 1747 689 ubi
1789 652 1808 687 ι
1845 637 1955 687 lm-

383 722 693 790 perlectum
728 738 910 778 meum
942 718 1200 778 viderunt
1237 725 1380 779 oculi
1417 726 1498 779 tui
1530 726 1610 791 ",
1651 745 1671 778 ι
1705 726 1953 797 legimus.

376 813 498 869 Non
529 815 730 883 desunt
751 830 905 881 vero,
941 815 1035 886 qui
1082 816 1503 872 abominationes
1543 831 1654 871 non
1682 817 1752 871 ad
1781 818 1955 882 cibos,

377 905 473 959 sed
504 906 572 961 ad
604 905 750 961 idola
775 908 1119 971 retulerunt;
1159 908 1303 975 quod
1340 908 1415 962 illi
1456 923 1523 963 eo
1553 924 1748 980 usque,
1784 910 1956 975 aiunt,

378 1000 655 1068 progressi
703 1007 916 1065 essent,
964 1010 1023 1055 ut
1070 1016 1273 1056 murem
1322 1001 1581 1065 fortasse,
1617 1017 1778 1071 quem
1810 1002 1958 1055 cole-

378 1098 521 1153 rent,
549 1090 603 1142 iu
645 1090 889 1145 delubris
920 1092 1207 1148 haberent.
1254 1091 1395 1147 Sunt
1432 1104 1614 1147 tamen
1643 1094 1834 1163 aliqui,
1866 1094 1957 1164 qui

377 1197 557 1237 mures
581 1190 873 1238 terrestres
919 1185 1085 1239 etiam
1120 1200 1269 1240 nunc
1301 1186 1599 1242 comedunt.
1644 1184 1746 1241 Ubi
1798 1202 1959 1257 porro

378 1284 815 1346 congregatarum
845 1292 900 1330 se
924 1276 1162 1347 linguam
1190 1294 1397 1332 onmem
1430 1278 1568 1332 dixit
1594 1294 1609 1341 ς
1639 1278 1802 1333 etiam
1847 1278 1962 1348 glo—

378 1369 514 1422 riam
547 1382 702 1421 suam
736 1368 941 1423 visuros
971 1384 1104 1433 esse,
1141 1384 1396 1439 superque
1428 1386 1514 1423 eos
1542 1370 1748 1439 signum
1779 1384 1834 1422 se
1874 1385 1959 1421 re-

380 1462 670 1524 licturum;
701 1467 756 1513 et
783 1473 851 1514 ex
888 1459 980 1521 iis,
1011 1460 1100 1527 qui
1123 1460 1287 1530 760
1306 1454 1501 1513 saluati
1525 1458 1742 1528 fuerint,
1767 1473 1881 1511 esse
1909 1474 1964 1511 se

378 1551 687 1604 missurum‘
714 1549 932 1619 adjecit.
971 1549 1129 1616 Quod
1175 1550 1418 1621 apertius
1448 1550 1504 1603 in
1536 1548 1847 1619 Evangeliis
1878 1548 1964 1601 in-

378 1641 519 1710 quit,
551 1640 644 1694 ubi
682 1639 802 1693 ait:
848 1658 866 1689 ι
908 1641 1045 1695 Cum
1098 1648 1281 1696 autem
1322 1641 1532 1697 venerit
1576 1639 1749 1695 Filius
1787 1639 1963 1693 homi-

379 1731 467 1785 nis
500 1731 555 1784 in
585 1728 759 1801 gloria
799 1729 980 1786 Putris
1020 1732 1130 1799 sui,
1183 1742 1235 1787 et
1261 1747 1454 1786 omnes
1488 1731 1665 1801 angeli
1720 1745 1844 1785 cum
1875 1744 1961 1793 eo,

378 1833 511 1877 tunc
540 1820 753 1877 sedebit
783 1836 952 1893 super
983 1822 1167 1877 sedem
1210 1824 1515 1893 majestatis
1562 1837 1709 1886 sum;
1747 1828 1801 1876 et
1829 1834 1965 1875 cou-

2072 632 2505 704 Ἀκατέργαστόν
2539 650 2640 704 μου
2679 632 2894 705 εζδοσαν
2924 635 2973 687 οἱ
2996 633 3265 705 ὀφθαλμοί
3315 650 3431 687 σου.
3470 651 3495 685 ι
3529 634 3621 687 Τι-

2059 723 2147 786 νὲς
2171 725 2227 777 δὲ
2257 726 2327 779 τὰ
2343 725 2752 796 βδελύγματα,
2792 726 2892 778 οὐκ
2920 726 3013 779 ἐπὶ
3035 725 3366 797 βρωμάτων,
3402 725 3515 778 ἀλλ’
3540 726 3623 778 ἐπ’

2059 815 2293 869 εἰδώλων
2318 817 2589 881 ἐδέξαντο,
2614 817 2688 881 ὠς
2710 818 2807 870 καὶ
2832 817 2959 885 μῦν
2986 834 3170 886 φασιν,
3203 819 3335 880 ἴσως
3362 818 3422 869 ὲν
3446 820 3623 887 σηκοῖς

2060 910 2205 978 ἔχειν
2236 909 2549 980 σεϐόμενον.
2587 910 2735 981 Πλὴν
2762 909 2891 972 τοὺς
2919 909 3250 979 ἀρουραίους
3276 908 3422 972 τινὲς
3462 908 3623 961 εἰσέτι

2060 996 2154 1050 νῦν
2209 998 2486 1052 ἐσθίουσι
2519 998 2659 1067 μῦς.
2707 996 3001 1061 Συνάξειν
3047 997 3105 1050 δὲ
3165 994 3376 1050 πᾶσαν
3430 995 3620 1066 γλῶσ-

2060 1103 2183 1141 σαν
2213 1090 2407 1154 εἰπὼν,
2437 1090 2751 1157 Ὄψονται,
2781 1088 2935 1157 φησὶ,
2976 1086 3075 1158 τὴν
3123 1085 3314 1151 δόξαν
3356 1104 3490 1157 μου,
3532 1086 3622 1140 καί

2061 1180 2403 1246 καταλείψω
2431 1180 2524 1232 ἐπ’
2556 1178 2755 1232 αὐτῶν
2790 1177 3065 1246 σημεῖον,
3102 1178 3201 1230 καὶ
3248 1177 3626 1243 ἐξαποστελῶ

2061 1269 2130 1333 ἐξ
2159 1270 2357 1324 αὐτῶν
2382 1270 2835 1340 σεσωσμένους.
2866 1271 2931 1323 Ὃ
2960 1269 3290 1339 σαφέστερον
3307 1271 3364 1321 ὲν
3393 1269 3629 1336 Εὕαγγε-

2061 1361 2195 1425 λίοις
2220 1362 2418 1432 φησίν*
2455 1379 2475 1413 ι
2504 1362 2624 1414 Ὄτ⁹
2658 1361 2723 1415 ἂν
2751 1361 2807 1415 δὲ
2838 1359 2967 1430 ἔλθῃ
2997 1362 3025 1413 ὁ
3055 1359 3181 1423 Tib;
3229 1359 3324 1412 τοῦ
3346 1358 3624 1431 ἀνθρώπου

2063 1456 2123 1506 ὲν
2146 1454 2212 1523 τῇ
2236 1453 2362 1524 δόξῃ
2389 1452 2483 1506 τοῦ
2511 1453 2752 1523 Πατέρος
2781 1452 2967 1515 αὐτοῦ,
3003 1454 3096 1504 καὶ
3123 1452 3327 1514 πάντες
3347 1454 3395 1504 οί
3415 1452 3626 1519 ἄγγελοι

2067 1544 2187 1615 μετ’
2203 1544 2390 1607 αὑτοῦ,
2408 1546 2501 1596 καὶ
2521 1543 2806 1608 συνάξουσι
2821 1543 2996 1597 πάντα
3018 1544 3085 1596 τὰ
3111 1543 3260 1613 ἔθνη.
3291 1562 3310 1592 ι
3342 1543 3435 1597 καὶ
3458 1544 3522 1595 τὰ
3540 1545 3627 1594 ἐπὶ

2062 1635 2256 1704 τούτῳ.
2300 1634 2387 1698 Ὠς
2414 1635 2480 1689 ἂν
2511 1635 2567 1688 δὲ
2599 1635 2748 1706 δείξῃ
2771 1635 2884 1689 τῶν
2916 1634 3147 1687 ὲθνικῶν
3175 1636 3303 1697 τοὺς
3328 1633 3446 1687 κατ’
3477 1633 3629 1699 ἀξίαν

2064 1728 2552 1796 σωθησομένους,
2587 1730 2682 1780 ἐπὶ
2702 1728 2802 1799 τὴν
2835 1727 3059 1798 πρώτην
3093 1726 3399 1798 ἀνέδραμεν
3432 1742 3629 1796 παρου-

2067 1819 2187 1873 σίαν
2210 1836 2225 1850 ·
2262 1821 2389 1888 περὶ
2416 1814 2483 1891 ἦς
2508 1819 2705 1884 καὶτὸ,
2733 1819 2981 1883 συνάξω
3025 1819 3133 1885 τὰς
3161 1819 3462 1889 γλώσσας,
3493 1817 3632 1881 τινὲς

381 1914 758 1985 gregabuntur
789 1924 915 1968 ante
937 1930 1063 1968 eum
1115 1930 1309 1970 omnes
1337 1923 1528 1987 gentes
1576 1914 1624 1946 ἰ
1645 1954 1659 1976 ,
1698 1933 1717 1967 ι
1756 1922 1808 1968 et
1843 1928 1964 1982 qure

2067 1910 2413 1979 ὲξειλήφασιν
2442 1910 2921 1979 ἀνακεφαλαίωσιν
2951 1906 3092 1965 εἶναι
3138 1911 3236 1981 τῆς
3263 1910 3391 1980 ὅλης
3423 1926 3632 1980 7:90:91}-

378 2013 593 2075 postea.
634 2003 703 2059 Ut
741 2011 924 2057 autem
954 2004 1290 2070 ostenderet,
1323 2006 1418 2075 qui
1450 2003 1518 2059 de
1551 2002 1809 2074 gentibus
1864 2018 1964 2068 pro

2061 2000 2233 2063 τείας,
2253 2000 2321 2054 τά
2347 2000 2599 2054 ἐντεῦθεν
2630 2003 2877 2065 εἰπόντες
2911 2003 3011 2073 τῆς
3044 2001 3182 2072 μετά
3209 2002 3413 2071 σαρκὸς
3437 2002 3635 2052 οἰκονο-

378 2095 579 2149 merito
621 2093 868 2148 saluundi
916 2101 1092 2158 erant,
1130 2093 1198 2147 ad
1257 2093 1497 2163 primum
1537 2092 1830 2147 adventura
1879 2106 1964 2146 re-

2067 2094 2193 2164 μίας
2216 2094 2315 2165 τὴν
2340 2093 2571 2163 δύναμιν
2621 2095 2715 2147 ἀπ’
2762 2095 2956 2165 ἀρχῆς,
3009 2095 3169 2163 μέχρι
3219 2093 3425 2157 τέλους,
3456 2090 3531 2153 ὡς
3575 2092 3633 2143 ὲν

384 2202 576 2241 versus
611 2193 697 2241 est
731 2203 745 2239 :
780 2184 847 2237 ad
878 2200 1040 2254 quem
1093 2194 1148 2239 et
1198 2186 1314 2250 illa,
1378 2185 1581 2255 quibus
1638 2184 1850 2253 linguas
1908 2199 1965 2237 se

2067 2184 2256 2254 βραχεῖ
2287 2186 2634 2255 περιέχοντα,
2650 2185 2915 2254 δηλοῦντα
2940 2184 3059 2239 τῶν
3080 2183 3271 2239 ἐθνῶν
3294 2183 3396 2254 τὴν
3423 2182 3632 2252 κλῆσιν,

380 2284 825 2347 congregatarum
848 2275 1009 2341 dixit,
1042 2275 1348 2331 referentes
1379 2274 1649 2339 nonnulli,
1688 2275 1961 2345 recapitu-

2067 2276 2136 2339 ὡς
2168 2283 2197 2313 ιι
2229 2278 2471 2341 καὶτοὺς
2494 2277 2824 2339 ἀποστόλους
2851 2288 2878 2317 τ
2908 2278 3188 2342 ἀναδείξας
3236 2277 3388 2348 παρά
3440 2276 3631 2339 staqu

382 2369 643 2423 lationem
676 2366 845 2421 totius
878 2381 1000 2421 esse
1047 2367 1344 2436 prophetia:
1400 2364 1777 2431 arbitrantur;
1834 2379 1960 2419 Clllll

2067 2368 2280 2435 ἔθνους
2310 2371 2906 2438 προσκυνηθήσεται.

381 2462 556 2525 aiunt,
597 2474 719 2529 qua:
751 2459 1009 2529 deinceps
1032 2458 1462 2530 dispensationis
1496 2459 1550 2512 in
1581 2473 1748 2515 carne
1774 2458 2031 2514 virtutem
2075 2462 2143 2514 ab
2171 2461 2328 2516 initio
2357 2461 2425 2516 ad
2495 2462 2679 2527 linem,
2753 2462 2916 2516 veluti
2983 2460 3332 2530 compendio.
3398 2459 3634 2528 comple~

381 2566 632 2624 utentur,
688 2556 922 2628 gentium
978 2559 1320 2613 vocationem
1381 2557 1689 2629 signiﬁcare
1724 2574 1739 2622 ;
1776 2565 1972 2625 utque
2008 2556 2309 2633 designatis
2345 2558 2598 2613 Christus
2628 2559 2891 2629 apostolis
2933 2558 3001 2613 ab
3032 2556 3180 2612 omni
3237 2565 3387 2626 gente
3442 2554 3639 2610 adora-

383 2650 552 2703 bitur.

454 2741 651 2811 Legem
701 2740 848 2795 enim
896 2749 1160 2807 veterem,
1211 2748 1417 2811 gentem
1449 2754 1636 2805 unam,
1688 2753 1964 2809 unamque

384 2835 627 2905 linguam
661 2847 1031 2903 congregasse,
1065 2831 1351 2887 Christum
1385 2841 1566 2887 autem
1604 2839 1796 2903 gentes
1841 2833 1965 2886 uni-

380 2941 595 2990 versas,
622 2936 677 2980 et
702 2940 818 2991 eos,
848 2926 942 2995 qui
986 2925 1055 2981 de
1084 2926 1288 2981 lsraele
1318 2925 1514 2979 saluati
1543 2933 1687 2989 sunt,
1714 2939 1839 2980 cum
1868 2938 1964 2977 au-

379 3015 503 3072 dire
529 3016 635 3070 ista
687 3025 879 3085 gentes
929 3029 1124 3071 onmes
1184 3014 1479 3086 praecipit:
1536 3014 1740 3083 quibus
1798 3013 1975 3068 etiam

380 3105 608 3177 gloriam
646 3105 817 3173 ipsius
847 3106 1023 3159 videre
1052 3104 1307 3175 contigit,
1343 3118 1468 3159 cum
1503 3102 1688 3176 divina
1718 3101 1964 3171 Evange-

383 3200 442 3254 lii
473 3199 913 3276 promulgatione
935 3198 1199 3268 aqualem
1224 3212 1359 3268 _esse
1385 3195 1555 3261 Patri,
1584 3195 1967 3263 mirabiliaque

384 3306 552 3361 opera
581 3289 767 3355 edere,
805 3298 863 3345 et
894 3297 1144 3344 mortuos
1175 3289 1229 3342 iu
1288 3288 1456 3341 vitam
1506 3301 1768 3342 revocare
1817 3283 1962 3341 didi-

386 3383 627 3445 cissent;
655 3394 764 3433 non
809 3377 1126 3433 Judaaorum
1163 3392 1315 3431 more
1341 3384 1649 3447 quaerentes
1680 3390 1803 3441 cur,
1836 3390 1961 3429 cum

2152 2740 2211 2793 ’0
2246 2740 2346 2811 μὲν
2398 2741 2506 2811 γὰρ
2567 2740 2801 2805 παλαιὸς
2842 2739 3007 2810 νόμος
3043 2740 3100 2792 ἓν
3137 2739 3333 2805 ἔθνος.
3386 2738 3479 2791 καὶ
3508 2739 3638 2809 μίαν

2070 2833 2361 2902 γλῶσσαν
2381 2834 2755 2902 συνήγαγεν.
2799 2835 2856 2887 '0
2893 2833 2950 2885 δὲ
2999 2832 3230 2902 Χριστὸς
3267 2831 3443 2884 πάντα
3502 2833 3639 2901 μετά

2069 2923 2177 2976 τῶν
2190 2923 2507 2977 ’σωθέντων
2529 2924 2587 2987 ἐξ
2626 2922 2842 2994 Ἰσραὴλ
2867 2908 3040 2989 λέγων
3080 2948 3085 2951 τ
3116 2919 3411 2974 Ἀκρότατε
3436 2919 3639 2972 ταῦττα

2071 3014 2248 3069 πάντα
2269 3014 2339 3068 τὰ
2361 3014 2510 3084 ἔθνη.
2533 3014 2597 3069 Οἳ
2628 3016 2721 3068 καὶ
2747 3014 3053 3069 τεθέανται
3079 3012 3411 3081 τὴνηδόξαν
3430 3010 3636 3073 αὐτοῦ,

2076 3106 2337 3176 μαθόντες
2361 3106 2449 3160 διὰ
2474 3105 2568 3161 τοῦ
2597 3106 2743 3160 θείου
2783 3106 3160 3177 κηρύγματος,
3186 3106 3262 3169 ὡς
3284 3105 3397 3167 ἴσος
3425 3106 3538 3157 ἐστὶ
3559 3105 3640 3174 τῷ

2075 3198 2300 3270 Πατέρι,
2336 3198 2741 3270 θαυματουργεϊ
2758 3215 2818 3251 τε
2857 3180 3019 3269 μέχρι
3057 3199 3151 3252 καὶ
3177 3197 3388 3269 νεκρῶν
3410 3198 3641 3251 ἀναστά-

2076 3306 2232 3353 σεως,
2268 3290 2362 3344 καὶ
2396 3290 2472 3361 μὴ
2495 3290 2635 3343 κατά
2658 3291 2786 3352 τοὺς
2815 3290 3102 3353 Ἰουδαίους
3123 3289 3371 3351 εἰπόντες
3393 3304 3408 3323 '
3446 3305 3466 3341 ι
3489 3289 3639 3342 Διατί

2078 3379 2142 3431 σὺ
2170 3379 2459 3451 ἄνθρωπος
2476 3379 2573 3446 ῶν,
2598 3383 2773 3444 ποιεῖς
2791 3380 3016 3435 σεαυτὸν
3028 3380 3194 3446 Θεόν;
3220 3398 3238 3430 ι
3270 3378 3636 3448 συμφώνωςᾶ

385 3475 553 3526 horno
583 3478 751 3537 esset,
784 3469 957 3524 Deum
990 3484 1050 3523 se
1076 3468 1426 3539 proﬁteretur
1453 3469 1503 3501 ⁷⁸
1531 3486 1545 3523 :
1576 3468 1670 3525 sed
1701 3484 1812 3523 uno
1831 3483 1963 3524 cono

2067 3470 2338 3539 λέγοντες·
2357 3490 2378 3524 r
2402 3472 2474 3525 Σὺ
2493 3468 2582 3526 εϊό
2605 3474 2732 3537 Υἱὸς
2754 3472 2849 3527 τοῦ
2865 3471 3003 3526 Θεοῦ
3014 3471 3106 3526 τοῦ
3128 3470 3350 3536 ζῶντος.
3366 3490 3384 3522 ι
3406 3470 3529 3540 Ἐφ’
3550 3464 3637 3523 ών-

385 3580 554 3621 sensu
608 3562 700 3618 Dei
740 3562 987 3618 'viventis
1038 3577 1162 3617 esse
1221 3559 1419 3617 Filium
1483 3571 1815 3619 asserentes.
1869 3561 1968 3617 Est

384 3667 553 3725 porro
581 3668 738 3722 super
762 3669 851 3708 eos
880 3654 1090 3723 signum
1110 3655 1302 3710 ’erucis
1337 3654 1659 3709 venerandae
1689 3655 1926 3723 positum
1948 3660 1983 3707 :'

389 3745 492 3808 vel,
532 3745 609 3798 uti
641 3743 846 3798 Paulus
886 3745 1003 3798 ait:
1040 3764 1057 3796 ι
1101 3742 1385 3815 Obsignati
1435 3760 1626 3799 sumus
1656 3746 1850 3815 spiritu
1882 3748 1981 3798 rc-‘

385 3826 718 3906 deniptionis
753 3836 819 3890 ".
864 3853 883 3887 ι
914 3834 997 3889 Ex
1036 3835 1164 3903 ipsis
1188 3850 1412 3890 rursum
1443 3851 1567 3890 cum
1596 3851 1650 3888 se
1680 3836 1968 3887 missurum

385 3928 457 3984 ad
484 3938 660 3999 gentes
687 3928 848 3994 dixit,
876 3922 941 3982 de
978 3929 1045 3982 iis
1068 3929 1161 3997 qui
1194 3929 1464 3997 petierant
1494 3927 1796 3991 intellexit;
1828 3942 1969 3995 quos

384 4022 548 4076 simul
609 4028 983 4088 consumptum
1047 4019 1115 4073 iri
1169 4027 1477 4074 monuerat.
1544 4013 1788 4084 Quorum
1848 4034 1971 4087 qua:

384 4116 611 4171 saluata:
647 4114 848 4183 fuerint
899 4114 1164 4183 reliquiae,
1201 4114 1267 4167 ad
1310 4114 1502 4167 harum
1545 4121 1709 4181 atque
1752 4106 1969 4165 illarum

382 4208 615 4277 gentium
669 4206 1015 4261 vocationem
1068 4204 1407 4270 emittantur,
1460 4212 1512 4258 et
1561 4202 1809 4257 videbunt
1857 4201 1985 4272 glo-'

384 4301 522 4353 riam
551 4315 745 4353 meum.
775 4296 939 4352 Juxta
967 4296 1114 4367 quod
1151 4306 1316 4350 antea
1353 4292 1560 4365 dictum
1590 4282 1972 4357 est",ubiillos

382 4405 510 4446 eum
537 4404 664 4444 esse
699 4389 936 4451 visuros,
963 4387 1166 4457 quibus
1204 4384 1439 4439 minime
1478 4386 1821 4439 renuntlatus
1845 4391 1971 4448 est;

384 4489 442 4536 et
473 4480 718 4545 rursum,
748 4481 840 4536 ubi
865 4495 927 4536 se
962 4488 1148 4534 notum
1181 4478 1247 4532 iis
1280 4475 1487 4531 factum
1516 4487 1659 4541 esse,
1704 4489 1733 4527 a
1763 4474 1970 4544 quibus

2069 3563 2163 3613 καὶ
2190 3561 2429 3615 τέθειται
2457 3563 2711 3632 σημεῖον
2758 3563 2853 3617 τοῦ
2886 3564 3069 3633 τιμίου
3101 3560 3372 3633 σταυροῦ·
3421 3560 3455 3632 ἢ
3499 3560 3641 3613 κατά

2071 3652 2279 3707 Παῦλον
2330 3655 2589 3710 εἰπόνταο
2654 3674 2674 3707 ‹
2719 3653 3204 3724 Ἐσφραγίσθημεν
3250 3652 3329 3723 τῷ
3376 3651 3637 3722 πνεύματι

2068 3747 2167 3814 τῆς
2184 3746 2628 3817 ἀπολυτρώσεως.
2642 3766 2661 3798 ›
2683 3746 2798 3801 Ἀπ’
2813 3728 3104 3812 αὑτῶνδὲ,
3124 3748 3310 3816 φησιν,
3327 3741 3640 3799 ἀποστελῶ

2070 3838 2167 3891 ἐπὶ
2202 3839 2274 3893 τὰ
2319 3837 2486 3908 ἔθνη,
2527 3838 2768 3909 δηλονότι
2809 3838 2918 3891 τῶν
2970 3838 3379 3908 ἀπολλυμένων,
3404 3837 3528 3910 περὶ
3564 3830 3642 3889 ὧν

2072 3929 2323 3997 ὲλέγετο·’
2346 3930 2469 3982 Ἐπὶ
2497 3930 2558 3983 τὸ
2580 3930 2711 3984 αὐτὸ
2750 3929 3268 3997 ἀναλωθήσονται.
3299 3928 3390 3993 Ἐξ
3408 3922 3480 3984 ὧν
3510 3929 3637 3982 δια-

2071 4022 2268 4076 σωθὲν
2299 4021 2360 4075 τὸ
2377 4022 2728 4093 κατάλειμμα
2755 4016 2892 4095 πρὸς
2943 4022 3042 4094 τὴν
3089 4022 3207 4075 τῶν
3252 4021 3446 4078 ἐθνῶν
3475 4021 3637 4075 τῶνδε

2074 4113 2168 4166 καὶ
2216 4112 2383 4167 τῶνδε
2438 4114 2631 4184 κλῆσιν
2688 4113 3206 4181 ἀποσταλήσεται,
3253 4113 3352 4167 καί
3392 4113 3641 4181 ὄψον-ταί

2067 4221 2187 4273 μου
2218 4204 2334 4272 τὴν
2360 4205 2570 4269 δόξαν,
2606 4205 2747 4258 κατά
2774 4206 2834 4258 τὸ
2861 4205 2960 4276 ἤδη
2986 4206 3149 4278 ῥηθέν
3170 4223 3183 4235 ·
3216 4201 3313 4270 Οἷς
3343 4207 3442 4261 οὐκ
3472 4210 3641 4275 ἀνηγ-

2073 4296 2225 4366 γέλη,
2253 4298 2382 4366 περὶ
2400 4297 2562 4365 αὐτοῦ
2588 4297 2826 4367 ὄψονται·
2849 4299 2946 4351 καὶ
2969 4298 3159 4352 πάλινί
3179 4318 3198 4350 ί
3222 4298 3497 4370 Ἐμφανὴς
3519 4300 3640 4367 ἐγε-

2075 4387 2247 4458 νόμην
2279 4388 2391 4449 τοϊς
2439 4386 2538 4457 ἐμὲ
2568 4387 2642 4457 μὴ
2675 4388 3043 4457 ἐπερωτῶσιν.
3080 4407 3099 4439 ι
3123 4382 3201 4440 Ὀἳ
3242 4389 3383 4457 μετά
3417 4388 3510 4443 τοῦ
3542 4406 3642 4457 ση-

2079 4477 2231 4547 μείου
2282 4476 2376 4530 τοῦ
2418 4478 2552 4548 ἐμοῦ
2589 4478 2967 4550 πορευθέντες,
3006 4481 3132 4543 τοὺς
3161 4481 3277 4534 ἀπὸ
3305 4479 3423 4534 τῶν
3456 4478 3645 4535 soror

389 4575 612 4628 minime
645 4572 1117 4643 interrogabatur,
1148 4569 1487 4625 ‘allirmavit.
1590 4567 1696 4633 Qui
1723 4567 1815 4622 ubi
1845 4582 1965 4621 cum

2075 4566 2371 4636 ἀδελφοὺς
2414 4569 2838 4637 ἀπεργάσονται,
2899 4569 2996 4623 καί
3037 4569 3231 4637 δῶρον
3270 4570 3643 4638 προσάξουσι

388 4668 546 4733 signo
582 4679 706 4720 mco
752 4661 1177 4724 ambulaverint,
1232 4660 1431 4730 inquit,
1466 4671 1564 4713 eos
1603 4657 1731 4727 ipsi,
1766 4656 1858 4725 qui
1905 4656 1965 4710 de

2076 4657 2156 4723 τῷ
2195 4656 2335 4723 Θεῷ.
2369 4658 2462 4711 Διὸ
2487 4663 2583 4713 καὶ
2606 4661 2971 4730 καυχώμενοι,
2999 4660 3172 4732 χαρὰν
3196 4663 3393 4725 αὐτοὺς
3415 4663 3506 4715 καὶ
3534 4663 3647 4714 στέ-

386 4754 628 4825 gentibus
660 4761 812 4819 sunt,
848 4753 1042 4821 fratres
1076 4749 1331 4814 eﬂicient,
1369 4746 1660 4804 et’donum
1706 4746 1965 4801 adducent

2078 4746 2244 4815 φανόν
2280 4747 2629 4815 ὀνομάζουσι.
2684 4747 2758 4800 Τὸ
2789 4748 2848 4801 δὲ
2902 4748 3121 4802 ἀπονονι
3154 4749 3256 4817 τῆς
3290 4742 3411 4801 τῶν
3458 4746 3648 4803 ἐθνῶν

385 4816 641 4900 bomino.
697 4816 815 4908 Quo
848 4816 936 4907 itit,
972 4844 1034 4893 ut
1087 4838 1453 4904 exsultantes,
1497 4852 1593 4892 eos
1640 4838 1790 4907 ipsos
1829 4827 1965 4907 gari-'-

2073 4840 2408 4909 ἐπιστροφῆς
2429 4840 2539 4892 ἀπὸ
2567 4840 2880 4911 μεταφορᾶς
2912 4838 3022 4893 τῶν
3052 4841 3111 4892 ὲν
3151 4840 3394 4909 ὀχήμασι
3426 4838 3648 4907 κομιζο-

385 4939 539 4992 dium
567 4943 622 4991 et
646 4947 905 4989 coronam
932 4931 1219 4985 nominent
1240 4930 1307 4984 ⁷⁸.
1337 4928 1409 4984 Ut
1434 4939 1615 4984 autem
1651 4929 1772 4984 sine
1809 4929 1965 5000 761

2074 4929 2250 5000 μένων
2283 4929 2602 4999 παρίστησι,
2639 4930 2819 4998 πάσης
2844 4930 3039 4993 αὐτοὺς
3084 4929 3403 4999 ἀναπαύλης
3429 4927 3644 4993 ἀξιοῦν-

387 5028 595 5083 labore.
623 5038 949 5080 conversum
1007 5022 1073 5075 iri
1127 5029 1307 5092 gentes
1362 5020 1669 5086 indicaret;
1733 5021 1965 5089 idipsum

2069 5037 2159 5082 τος
2180 5019 2337 5073 Θεοῦ.
2374 5020 2629 5075 Ἔσονται
2674 5021 2731 5074 δὲ
2759 5022 3147 5099 κεχαρισμένοι
3176 5021 3319 5091 Θεῷ,
3349 5021 3425 5084 ὡς
3467 5020 3647 5075 θυσία

388 5127 606 5190 sumpta
637 5117 706 5172 ab
754 5116 822 5171 iis
863 5114 1204 5183 metaphora,
1245 5114 1343 5183 qui
1388 5113 1661 5168 vehiculis
1698 5112 1965 5176 feruntur,

2069 5112 2318 5182 νομίμως
2351 5113 2736 5183 προσαγομένη
2798 5114 2916 5183 μετ’
2962 5113 3126 5185 ᾠδῆς,
3168 5107 3266 5187 καὶ
3319 5111 3644 5181 δοξολοσίίας.

386 5209 815 5274 demonstrauit;
860 5217 1121 5276 tanquam
1149 5221 1246 5262 eos
1273 5206 1423 5261 nulla
1485 5220 1594 5260 non
1647 5206 1830 5275 quiete
1886 5205 1965 5259 di-

2082 5202 2199 5255 Ἀπ’
2220 5201 2422 5256 αὐτῶν
2446 5203 2526 5268 δὲ,
2551 5221 2625 5273 φη
2636 5204 2709 5269 al,
2740 5204 3012 5273 λήψομαι
3053 5202 3229 5273 ἱερεῖς
3255 5202 3351 5256 καὶ
3375 5204 3646 5265 Λευττας,

390 5316 588 5374 guetur
637 5303 807 5358 Deus.
863 5298 1007 5355 Sunt
1034 5313 1163 5354 vero
1194 5298 1305 5354 Deo
1367 5299 1508 5369 grati
1561 5313 1716 5368 aeque
1765 5296 1965 5357 futuri.

2072 5294 2167 5347 κοιλ⁸
2214 5294 2277 5347 τὸ
2326 5296 2390 5347 ὲκ
2418 5292 2525 5346 τῶν
2563 5295 2879 5349 ἀποστόλων
2906 5308 2934 5336 ι
2954 5335 2968 5359 ,
3002 5296 3098 5348 καὶ
3132 5296 3193 5348 τὸ
3236 5296 3302 5349 ὲκ
3342 5293 3452 5346 τῶν
3477 5291 3648 5345 ἐθνῶν

390 5404 557 5462 atque
586 5394 827 5457 victima,
862 5406 984 5462 quas
1043 5390 1284 5460 legitime
1335 5405 1443 5444 non
1495 5389 1614 5444 sine
1651 5389 1883 5441 canticis
1917 5395 1965 5439 et

2074 5384 2455 5455 ἀληθέστερον.
2489 5386 2690 5438 Λοιπὸν
2720 5385 3240 5455 παραδειγματικῶς
3331 5384 3394 5437 τὸ
3437 5386 3533 5453 τῆς
3561 5381 3648 5433 ἑλ-

390 5484 614 5541 lautlum
641 5482 1054 5552 praedicatione,
1088 5482 1194 5550 ipsi
1246 5482 1495 5535 olfertur.
1540 5478 1696 5545 Quod
1738 5470 1870 5532 vero
1904 5492 1965 5530 ea:

2079 5478 2231 5541 πίδος
2247 5477 2354 5532 τῶν
2380 5480 2734 5550 κεκλημένων
2759 5478 3056 5533 ἀσάλευτον
3072 5478 3361 5532 δείκνυσιν.
3381 5473 3650 5543 Οὐρανοῦ

461 5596 506 5628 ⁷³
552 5594 693 5647 Psal.
745 5570 1018 5657 cxxxvm,
1047 5592 1131 5647 lli.
1237 5594 1280 5625 '"’
1304 5592 1495 5647 Matth.
1534 5606 1661 5657 xxv,
1692 5593 1781 5657 5l,
1823 5591 1909 5647 52.

2089 5591 2248 5647 Joan.
2300 5608 2356 5658 x,
2393 5593 2481 5648 35.
2550 5590 2553 5595 ’
2589 5594 2634 5624 ⁷⁸
2658 5592 2853 5658 Ephes.
2895 5608 2945 5647 Iv
2971 5630 2986 5658 ,
3035 5593 3123 5647 50.
3232 5592 3276 5622 ’⁷
3310 5591 3414 5646 lsa.
3445 5605 3516 5646 ut
3540 5631 3555 5656 ,
3591 5565 3670 5646 δέ

2589 5594 2634 5624 ⁷⁸
2658 5592 2853 5664 Ephes.
2895 5608 2945 5647 Iv
2971 5630 2986 5658 ,
3035 5593 3123 5647 50.

388 5666 436 5705 ⁷⁸
464 5665 697 5733 ξἰήιῡμι).
732 5679 785 5716 tv
805 5703 819 5729 ,
852 5665 901 5715 1.

1714 5748 1949 5805 νΑίῖίιΕ
1994 5752 2395 5809 LECTIONES.

476 5844 860 5910 "numam.
938 5854 963 5884 ν
1005 5847 1064 5897 ιι.
1112 5842 1476 5912 laxe-mc-
1556 5844 1693 5896 ιτσ·
1730 5846 1972 5916 σπέρμ’
