3972 6192
236 476 372 543 2713

1383 461 1917 526 COMMENTARII
1958 459 2038 521 ΙΝ
2081 456 2363 518 ISMAM'.

3303 488 3309 494 -
3361 451 3427 514 ‘27
3440 448 3504 517 ιιι

238 588 347 658 ⁴μὰρ
371 583 472 640 καὶ
496 583 610 655 γῆς
635 585 669 637 ό
689 570 1128 650 ἀνακαίνισμὸζ-
1152 579 1323 651 πέρας
1353 581 1455 651 οὐχ
1476 579 1610 645 ﬁgat.
1645 578 1832 641 Οὕτως

1959 578 2000 631 is
2035 564 2369 644 sumpturum
2401 588 2455 625 se
2485 570 2781 624 sacerdotes
2837 578 2887 624 et
2923 569 3107 624 levitas
3143 570 3252 635 ait;
3302 570 3370 626 de
3418 585 3509 625 sc-
3595 552 3597 555 l

132 692 135 693 '
238 681 391 734 ἔσται
415 678 487 733 τὰ
510 676 635 732 καθ’
658 678 831 747 ἡμᾶς.
864 674 1288 745 Ἀμεταμέλητα
1313 673 1423 744 γὰρ
1451 673 1521 726 τὰ
1546 658 1823 743 χαρίσμα-
1867 667 1873 673 ’

236 788 304 825 τα
337 774 476 841 καὶὴ
504 767 703 838 κλῆσις
729 765 826 819 τοῦ
878 763 1038 819 Θεοῦ.
1078 764 1153 817 Τὸ
1188 764 1413 833 συνεχὲς
1465 763 1523 817 δὲ
1552 764 1651 834 τῆς
1680 762 1828 815 εὐσε-

239 859 365 922 ϐοῦς
396 854 654 929 λατρείας
672 855 764 910 διὰ
791 855 900 911 τῶν
921 857 979 909 ὲν
1015 854 1167 926 νόμῳ
1191 855 1495 926 παρίστησι
1522 851 1790 906 τοπικῶν.

1933 669 2081 722 mine
2110 664 2507 735 apoStolorum,
2553 672 2607 716 et
2635 660 2880 731 gentium
2914 661 3101 725 etiam,
3148 660 3298 730 quod
3330 659 3514 744 verius

1936 760 2031 826 sit,
2059 756 2349 813 intellexit.
2388 754 2589 810 Eorum
2626 752 2911 823 deinceps,
2938 755 3031 823 qui
3064 752 3243 808 vocati
3288 759 3418 807 sunt
3444 750 3514 812 τ’,

1937 850 2328 905 inconcussam
2384 847 2504 915 spei
2546 845 2928 901 fortitudinem
2988 861 3212 901 manere
3267 844 3520 913 exemplo

241 951 536 1024 signiﬁcat.
578 947 650 1006 Ut
681 952 851 1015 enim,
906 949 1003 1015 ait,
1037 948 1153 1002 cwli
1188 956 1239 1002 et
1276 956 1435 1002 terra:
1478 946 1751 1001 renovatio
1793 944 1957 999 linem
1983 942 2245 997 habitura
2290 955 2399 995 non
2469 948 2594 1006 est;
2648 940 2728 994 sic
2776 948 2926 1005 sunt,
2962 955 3084 1010 quae
3146 955 3177 993 a
3263 957 3349 997 me
3389 954 3521 1010 pro-

240 1045 411 1100 deunt
436 1050 641 1098 aeterna
684 1041 890 1098 futura.
942 1039 1113 1096 Deum
1176 1039 1325 1095 enim
1397 1052 1680 1109 nunquam
1757 1036 2028 1091 donorum
2108 1046 2336 1089 suorum
2388 1032 2805 1101 vocationisque
2881 1035 3128 1102 paenitet.
3185 1033 3266 1089 Pii
3321 1038 3521 1095 deinde

239 1134 427 1187 cultus
455 1128 874 1202 perpetuitatem
907 1144 1005 1200 per
1027 1145 1114 1195 ea,
1153 1145 1276 1200 quae
1315 1136 1445 1185 sunt
1473 1129 1531 1184 in
1557 1129 1697 1199 lege,
1726 1128 2082 1185 demonstrat.

307 1228 467 1290 Τινὲς
507 1226 565 1279 δὲ
610 1225 675 1278 τὸ
725 1224 951 1289 ἄξουσι
991 1226 1136 1292 τοὺς
1180 1224 1507 1296 ἀδελφοὺς,
1554 1224 1701 1279 κατὰ
1746 1224 1839 1278 τὸν

243 1319 434 1391 καιρὸν
458 1318 559 1387 τῆς
593 1315 909 1379 συντελείας
943 1317 1108 1386 φασὶν
1136 1317 1231 1369 ἐπὶ
1254 1316 1354 1389 τὴν
1380 1317 1708 1387 ἐπουράνιον
1744 1317 1842 1370 Ἱε-

246 1410 550 1482 ρουσαλὴμ,
589 1407 792 1477 ὅτεπερ
829 1408 894 1461 ὲν
938 1407 1250 1479 ἀγγελικῷ,
1306 1409 1451 1463 κατὰ
1503 1408 1597 1463 τὸν
1626 1407 1839 1475 Ἠλίαν,

243 1500 723 1570 ἀναληφθήσονται
762 1499 996 1571 ἅρματι,
1027 1502 1170 1570 φωτὶ
1185 1501 1315 1572 Θείῳ
1346 1501 1838 1572 περιλαμπόμενοι.

243 1593 352 1647 Καὶ
401 1591 562 1662 δῆλον
605 1591 670 1643 ἐκ
716 1591 815 1661 τῆς
854 1592 1130 1663 Ζαχαρίου
1175 1592 1537 1663 προφητείας.
1589 1593 1842 1659 Ἵππους

243 1684 354 1754 γὰρ
387 1683 699 1753 διαγράψας
730 1682 831 1736 καί
861 1682 1114 1752 ἅρματα,
1150 1725 1163 1749 ,
1195 1684 1456 1755 δυνάμεις
1482 1684 1639 1748 τινὰς
1668 1686 1841 1754 ἀγγε-

245 1772 404 1836 λικὰς
467 1772 835 1845 συνῃνίττετο.
870 1772 1216 1842 Λαμπηναὶ
1258 1773 1315 1826 δὲ
1342 1774 1613 1843 ἡμιόνων
1643 1776 1713 1828 τὰ
1738 1774 1841 1843 τῆς

245 1862 600 1925 ἀναστάσεως
630 1861 959 1932 σημαίνουσι
999 1862 1252 1934 σώματα,
1280 1866 1369 1919 διὰ
1413 1865 1510 1938 τὴν
1550 1869 1610 1920 ὲν
1657 1868 1841 1932 αὐτοῖς

245 1954 635 2024 ἐκλάμπουσαν
679 1951 891 2016 δόξαν.
936 1953 1083 2007 Ἀντὶ
1126 1955 1184 2008 δὲ
1222 1955 1341 2022 τοῦ,
1381 1958 1453 2011 ἐν
1492 1958 1844 2027 λαμπηναῖς

2012 1224 2121 1279 Sed
2172 1225 2417 1295 reperias
2475 1222 2793 1288 nonnullos,
2846 1222 2939 1291 qui
2994 1222 3140 1292 quod
3195 1223 3523 1285 adducturos

1944 1317 2140 1386 fratres
2164 1313 2323 1381 dixit,
2353 1316 2471 1385 ipso
2501 1314 2998 1369 consummationis
3030 1324 3277 1384 tempore
3302 1318 3365 1371 ad
3407 1333 3522 1373 coe-

1946 1410 2137 1463 lestem
2192 1405 2497 1462 Jerusalem
2548 1405 2745 1461 referri
2807 1405 3013 1470 velint;
3067 1420 3195 1458 cum
3251 1406 3307 1461 in
3358 1423 3525 1465 curru

1946 1500 2217 1569 angelico,
2254 1506 2314 1552 ut
2344 1498 2515 1562 Elias,
2547 1477 2755 1554 lumine
2799 1496 2989 1553 divino
3040 1496 3311 1567 fulgentes
3359 1516 3527 1557 assu-

1946 1604 2169 1651 mentur
2197 1595 2288 1665 “7:
2329 1597 2476 1665 quod
2530 1594 2650 1664 ipsa
2706 1593 2874 1650 etiam
2926 1593 3209 1648 Zachariae
3242 1595 3527 1664 prophetia

1944 1686 2298 1742 manifestum
2328 1693 2414 1743 est
2455 1686 2527 1740 δ’.
2558 1685 2696 1740 Cum
2729 1685 2875 1741 enim
2926 1700 3084 1755 equos
3113 1694 3164 1739 et
3218 1701 3406 1739 currus
3436 1685 3529 1740 dc-

1944 1778 2161 1843 scribit,
2189 1779 2424 1836 virtutes
2459 1781 2726 1850 quasdam
2777 1783 3054 1853 angelicas
3098 1785 3303 1840 innuit.
3343 1783 3529 1856 Signi-

1945 1870 2114 1925 llcant
2151 1886 2319 1941 porro
2377 1872 2638 1941 lampena:
2684 1876 2952 1929 mulorum
3002 1891 3234 1948 corpora
3285 1892 3370 1944 ea,
3408 1892 3531 1947 qua:

1946 1963 2405 2018 resurrectionem
2448 1963 2645 2035 adepta
2688 1974 2841 2029 sunt,
2897 1975 3124 2038 propter
3182 1969 3524 2023 relucentem

245 2045 515 2115 ἡμιόνων
537 2041 690 2112 μετὰ
718 2042 1032 2108 σκιαδίων,
1063 2047 1092 2098 ὁ
1117 2045 1439 2117 Σύμμαχος,
1484 2048 1578 2117 ἐφ’
1610 2048 1842 2115 ἵπποις,

1959 2055 2006 2108 in
2041 2053 2122 2109 eis
2152 2052 2404 2124 gloriam.
2463 2054 2570 2110 Sed
2620 2069 2722 2127 pro
2781 2056 3038 2124 lampcuis
3091 2057 3358 2133 mularum
3410 2074 3531 2111 cum

246 2137 347 2191 καί
381 2135 453 2189 ἐν
472 2133 717 2204 ἅρμασι,
746 2134 847 2188 καὶ
876 2134 949 2187 ἐν
970 2135 1235 2205 λεκτίσι,
1267 2139 1367 2191 καὶ
1397 2137 1468 2191 ἐν
1489 2138 1837 2206 καρούκαις,

247 2232 347 2287 καί
380 2231 452 2284 ἐν
475 2230 759 2300 φορείοις,
790 2229 1152 2299 ἑρμήνευσεν,
1187 2228 1256 2281 δι’
1290 2222 1365 2282 ὧν
1401 2228 1731 2299 σωματικῶς
1760 2230 1840 2281 εί·-

248 2323 506 2396 ρημένων
545 2321 636 2376 διὰ
674 2322 802 2385 τοὺς
843 2318 1167 2384 ἀκούοντας,
1208 2321 1242 2392 ἡ
1279 2319 1521 2390 δι’ἀέρος
1550 2321 1842 2407 μετέρσιος

249 2418 330 2479 είς
357 2413 622 2486 οὐρανοὺς
642 2411 839 2483 πορεία
861 2410 1210 2483 σημαίνεται,
1233 2410 1374 2465 κατὰ
1397 2409 1478 2477 τὺ,
1517 2429 1536 2462 ι
1557 2410 1842 2481 Ἀρπαγη-

251 2505 458 2579 σόμεθα
474 2508 533 2560 ὲν
557 2504 835 2576 νεφέλαις,
860 2523 880 2557 ι
907 2504 977 2558 τὰ
995 2503 1093 2557 νῦν
1124 2503 1359 2575 ρηθέντα
1388 2492 1687 2574 σαφηνίζον
1713 2504 1845 2573 ὀχή-

254 2618 422 2674 ματα.
457 2599 565 2666 Είς
590 2597 708 2667 τὴν
736 2597 918 2668 ἁγίαν
942 2597 1000 2651 δὲ
1023 2598 1210 2651 πόλιν
1231 2596 1590 2667 κομίζονται.
1616 2597 1746 2667 ’περὶ
1776 2591 1846 2668 ἧς

253 2712 419 2766 φησιν
442 2709 457 2725 ⁸
497 2713 517 2748 ι
555 2693 620 2747 Ἦ
652 2692 710 2747 δὲ
757 2693 870 2748 ἄνω
910 2692 1271 2764 Ἰερουσαλὴμ
1320 2690 1584 2762 ἐλευθέρα
1622 2674 1790 2743 ἐστίν.
1821 2709 1867 2757 ι,

255 2785 400 2838 Kal’
439 2803 459 2837 ι
491 2781 943 2855 Προσεληλύθατε
990 2780 1129 2834 Σιὼν
1178 2780 1321 2851 ὄρει,
1367 2780 1466 2834 καὶ
1502 2779 1656 2833 πόλει
1709 2778 1846 2831 Θεοῦ

256 2877 459 2942 ζῶντος
518 2874 882 2947 Ἰερουσαλὴμ
941 2873 1277 2945 ἐπουρανίῳ.
1340 2891 1360 2926 ι
1419 2871 1577 2939 ΔἈντί.
1632 2871 1690 2926 δὲ
1749 2870 1847 2925 τοῦ

250 2969 406 3040 μετά
439 2967 725 3039 ψαλμῶν,
757 2968 827 3022 ἐν
854 2966 1063 3021 σκεύει
1090 2963 1328 3035 καθαρῷ
1360 2965 1665 3036 ἐρμήνευσε
1699 2963 1848 3033 Σύμ-

262 3076 457 3132 μαχος.
498 3060 588 3124 Ὠς
616 3058 726 3129 γὰρ
757 3060 806 3112 οἱ
840 3058 1029 3124 πάλαι,
1057 3056 1212 3127 φησὶ,
1244 3057 1345 3119 τὰς
1385 3048 1614 3125 νομικὰς
1635 3056 1852 3121 θυσίας

260 3153 405 3209 κατὰ
427 3150 596 3222 νόμον
623 3151 717 3204 ἐπὶ
743 3150 845 3220 τῆς
873 3148 1122 3217 ἐπιγείου
1159 3144 1539 3216 προσέφερον
1565 3145 1853 3214 Ἰερουσα-

259 3244 386 3314 λήμ
411 3259 423 3273 ·
455 3243 628 3306 οὕτως
652 3243 876 3313 ἥξουσιν
905 3244 1104 3296 ἐκεῖνοι
1136 3239 1277 3311 μετὰ
1299 3239 1408 3293 τῶν
1443 3239 1592 3293 ἰδίων
1621 3238 1853 3310 καρπῶν
1900 3240 1902 3242 ’

261 3339 413 3411 δῶρα
433 3334 772 3409 κομίζοντες,
805 3336 953 3407 ἅπερ
977 3334 1210 3398 ἕκαστος
1238 3335 1296 3386 ὲν
1329 3329 1478 3403 ψυχῇ
1509 3330 1855 3402 παρεσκεύα-

266 3448 378 3486 σεν.

1944 2142 2301 2208 umbraculis,
2340 2145 2503 2199 vertit
2535 2144 2927 2216 Symmachus,
2968 2149 3026 2200 in
3053 2148 3223 2216 equis,
3253 2157 3301 2201 et
3331 2148 3386 2200 in
3417 2164 3533 2201 cur-

1947 2234 2115 2301 ribus,
2144 2243 2193 2288 et
2230 2236 2286 2288 in
2313 2236 2510 2289 lecticis
2537 2244 2586 2289 el
2611 2237 2663 2289 in
2689 2237 2949 2300 carrucis,
2979 2246 3027 2290 et
3059 2237 3109 2290 in
3128 2236 3344 2305 ferculis
3363 2251 3382 2290 :
3406 2237 3531 2307 qui-

1946 2324 2052 2381 bus
2079 2325 2300 2396 quidem
2334 2335 2558 2395 propter
2592 2326 2874 2383 auditores
2905 2328 3267 2398 corporaliter
3298 2342 3534 2397 usurpa-

1951 2416 2042 2479 tis,
2084 2415 2198 2485 ipsa
2238 2413 2496 2469 sublimis
2537 2414 2605 2469 ad
2649 2416 2852 2469 cmlum
2896 2431 2994 2487 per
3040 2431 3223 2472 aerem
3260 2416 3531 2487 profectio

1950 2506 2360 2561 demonstratur
2391 2522 2404 2560 :
2437 2507 2600 2575 quale
2625 2514 2709 2561 est
2738 2507 2895 2573 illud,
2927 2523 3035 2578 quo
3073 2523 3175 2564 nos
3214 2509 3271 2564 in
3296 2507 3533 2565 nubibus

1952 2596 2246 2666 rapiendos
2283 2611 2403 2652 esse
2450 2597 2682 2668 legimus
2728 2597 2813 2663 ",
2858 2599 2950 2654 ubi
3004 2615 3128 2670 quae
3164 2602 3268 2656 hoc
3300 2601 3420 2656 loco
3466 2601 3535 2657 de

1951 2687 2209 2743 curribus
2241 2686 2529 2755 dicuntur,
2561 2696 2749 2759 aperte
2775 2691 3147 2767 explicantur.
3174 2690 3330 2759 Quod
3353 2701 3534 2748 autem

1952 2781 2006 2833 in
2035 2790 2277 2834 sanctam
2316 2766 2580 2836 ciuitatem
2607 2781 2742 2851 ferri
2770 2799 2858 2837 eos
2904 2783 3054 2849 dicit,
3089 2799 3209 2839 cam
3246 2785 3420 2855 ipsam
3452 2785 3538 2840 in-

1955 2874 2168 2943 telligit,
2216 2873 2285 2928 de
2320 2890 2427 2945 qua
2483 2875 2673 2930 isthaec
2726 2882 2887 2930 antea
2950 2877 3276 2947 usurpavit:
3330 2895 3351 2929 ι
3406 2875 3538 2944 Quae

1957 2974 2138 3021 autem
2178 2981 2398 3023 sursum
2444 2979 2528 3024 est
2556 2966 2896 3034 Jerusalem,
2945 2968 3119 3023 libera
3162 2976 3247 3024 est
3274 2968 3341 3024 ⁸³.
3379 2987 3399 3021 ι
3434 2967 3538 3024 Et:

1962 3077 1981 3110 ι
2022 3054 2275 3114 Accedite
2305 3061 2372 3115 ad
2403 3069 2644 3115 montem
2698 3059 2832 3115 Sion
2884 3069 2939 3117 et
2998 3061 3277 3117 civitatem
3331 3061 3424 3116 Dei
3457 3062 3540 3116 vi-

1960 3152 2158 3218 ventis,
2196 3154 2477 3209 caalestem
2509 3152 2814 3209 Jerusalem
2855 3152 2924 3208 ”.
2967 3172 2986 3204 ι
3022 3153 3144 3219 Quo
3175 3153 3372 3208 deinde
3420 3136 3542 3207 loco

1959 3260 2079 3296 cum
2109 3243 2333 3314 psalmis
2367 3244 2657 3309 habemus,
2706 3246 2762 3298 in
2795 3261 2916 3299 vase
2959 3245 3155 3298 mundo
3193 3243 3544 3315 interpretari

1963 3332 2359 3404 Symmachum
2410 3334 2678 3404 reperias.
2732 3332 2806 3390 Ut
2864 3334 3012 3389 enim
3056 3343 3294 3403 veteres,
3344 3336 3543 3406 inquit,

1878 3417 1924 3477 (Ξ
1970 3426 2170 3495 legales
2204 3427 2446 3481 victimas
2486 3442 2554 3482 ex
2589 3427 2726 3497 legis
2756 3428 3009 3483 instituto
3037 3427 3198 3499 762
3239 3427 3291 3481 in
3327 3434 3545 3483 terrena

267 3518 908 3595 oﬂ'erebantlerusalem,
952 3517 1035 3573 sic
1070 3516 1295 3572 venient
1321 3513 1401 3568 illi
1428 3529 1552 3569 cum
1582 3513 1856 3570 fructibus
1897 3518 2018 3571 suis
2081 3517 2225 3572 dona
2277 3517 2537 3583 ferentes,
2586 3534 2710 3589 quae
2753 3520 2987 3590 quisque
3037 3521 3092 3574 in
3167 3520 3369 3584 anima,
3422 3527 3547 3575 tan-

269 3632 433 3688 quam
460 3629 613 3678 vase,
651 3612 1000 3683 praeparavit.
1557 3679 1561 3683 Δ

344 3707 481 3763 Εἶτά
506 3722 671 3777 φησιν
687 3723 701 3737 ⁸
727 3705 837 3760 Kal
866 3704 967 3757 ἀπ’
987 3702 1190 3758 αὐτῶν
1210 3699 1483 3769 λήψομαι
1509 3698 1722 3771 (ποίων,
1749 3700 1863 3753 ἀλλ’

269 3804 305 3874 ἢ
329 3801 439 3857 τῶν
469 3797 906 3867 κατειλεγμένων
916 3794 1110 3851 ἐθνῶν
1124 3794 1167 3866 ;)
1199 3792 1374 3861 ἱερεῖς
1390 3791 1490 3845 καί
1506 3793 1779 3858 Λευῖτας.
1801 3794 1841 3846 Ε
1850 3794 1867 3845 ί

272 3896 381 3966 γὰρ
420 3891 632 3956 καινὸς
664 3888 924 3958 οὐρανὸς
952 3885 1126 3960 ἔσται,
1170 3886 1270 3941 καί
1307 3884 1385 3956 τῆ
1424 3883 1527 3940 καί
1571 3887 1869 3953 Ἰερουσα-

270 3990 417 4059 λὴμ,
452 3983 747 4041 ἀκόλουθον
778 3975 918 4034 εἶναι
955 3979 1055 4033 καὶ
1085 3976 1337 4044 καινοὺς
1367 3975 1741 4048 λειτουργούς.
1783 3978 1862 4030 Δι’

271 4083 411 4151 ὅπερ
432 4079 669 4148 ἔφασκεν
688 4091 701 4107 ·
736 4092 755 4125 ι
784 4074 860 4126 Οὐ
894 4072 971 4143 μὴ
1001 4070 1283 4142 μνησθῶσι
1306 4069 1417 4135 τῶν
1438 4069 1741 4147 προτέρων,
1775 4070 1869 4124 καὶ

273 4174 375 4227 οὐκ
423 4169 758 4240 ἀναϐήσεται
790 4164 971 4220 αὐτῶν
1010 4163 1105 4216 ἐπὶ
1130 4161 1229 4235 τὴν
1255 4161 1504 4231 καρδίαν.
1539 4180 1558 4212 ι
1582 4160 1869 4214 Ἀπίθανον

275 4264 386 4335 γὰρ
449 4262 510 4328 ἐξ
549 4258 823 4314 Ἰουδαίων
870 4257 1069 4320 εἰπεῖν,
1122 4254 1225 4325 ἤδη
1270 4254 1401 4325 παρ’
1435 4254 1617 4317 αὐτοῖς
1662 4252 1868 4306 τούτων

278 4353 740 4427 προῦφεστώτων.
796 4348 920 4413 Πῶς
962 4348 1010 4401 δ’
1040 4346 1108 4401 ἂν
1152 4346 1223 4411 ἐξ
1283 4346 1489 4416 ἱερέων
1522 4346 1736 4416 ἱερέας,
1771 4344 1870 4399 καὶ

276 4448 346 4503 ὲιι
376 4442 646 4502 Λευττῶν
677 4439 915 4509 εἰλήφει
948 4438 1222 4503 Λευΐτας,
1256 4437 1437 4508 πάσης
1467 4438 1567 4507 τῆς
1594 4436 1739 4491 Λευῒ
1765 4454 1870 4506 φυ-

278 4542 379 4611 λῆς
429 4537 523 4592 ἐπὶ
548 4537 773 4598 τούτους
795 4530 1154 4605 διῃρημένης,
1181 4527 1277 4593 οὓς
1305 4528 1596 4592 ἀπεικάζει
1634 4526 1871 4596 οὐρανῷ

280 4651 346 4688 τε
388 4629 596 4696 καινῷ,
632 4627 733 4682 καί
766 4624 881 4696 γῇ;
918 4625 1047 4694 περὶ
1077 4623 1188 4693 γὰρ
1214 4620 1325 4675 τῶν
1360 4621 1593 4691 πρώτων
1633 4620 1868 4693 ἐρρέθη.

290 4747 305 4777 ι
342 4725 399 4779 '0
430 4721 677 4800 οὐρανὸς,
715 4719 809 4772 καὶ
839 4719 874 4787 ἡ
915 4718 988 4787 γῆ
1026 4714 1446 4786 παρελεύσεται.
1482 4732 1502 4765 ι
1537 4713 1648 4767 Καὶ
1672 4712 1866 4766 πάλινο

289 4836 307 4867 ι
334 4814 677 4884 Ἐλιγήσεται
706 4819 756 4875 γ,
796 4807 872 4870 ὡς
914 4804 1139 4876 βιϐλίον,
1187 4806 1215 4858 ὁ
1268 4802 1518 4875 οὐρανὸς,
1556 4802 1651 4857 καὶ
1695 4801 1872 4874 φθορᾷ

286 4908 632 4977 φθαρήσεται
662 4902 695 4973 ἡ
721 4899 814 4970 γῆ.
850 4916 868 4948 ι
901 4895 1008 4949 Τοῦ
1032 4896 1090 4949 δὲ
1119 4893 1406 4965 μέλλοντος
1431 4893 1626 4957 αίῶνος
1648 4892 1871 4964 ἀπαρχὴ

2041 3708 2304 3778 Sequitur
2338 3709 2560 3773 deinde,
2598 3723 2647 3764 et
2695 3710 2762 3763 ab
2807 3713 2884 3765 eis
2926 3710 3042 3779 (sed
3070 3711 3294 3779 quibus,
3332 3710 3438 3765 nisi
3480 3711 3549 3766 ab

1966 3801 2304 3856 enumeratis
2331 3801 2574 3871 gentibus
2608 3802 2669 3874 ?)
2699 3819 2906 3856 sumam
2936 3804 3234 3857 sacerdotes
3267 3812 3317 3856 et
3340 3804 3545 3859 levitas.

1969 3890 2027 3947 Si
2056 3893 2196 3947 enim
2238 3892 2429 3947 malum
2465 3893 2666 3963 ipsum,
2719 3904 2963 3965 terraque
2996 3903 3047 3948 et
3085 3879 3386 3948 Jerusalem
3417 3912 3549 3949 nova

1969 3983 2153 4039 futura
2188 3995 2336 4051 sunt,
2371 3987 2622 4056 sequitur
2644 3993 2692 4040 et
2722 4002 2879 4041 novos
2903 3986 3066 4042 etiam
3100 3985 3408 4040 habituram
3427 4002 3551 4041 esse

1968 4076 2255 4132 ministros
2289 4093 2302 4130 :
2340 4076 2577 4147 indeque
2606 4085 2714 4143 est,
2763 4077 2907 4147 quod
2960 4077 3205 4146 priorum
3269 4092 3377 4132 non
3428 4093 3550 4132 esse

1968 4167 2380 4232 recordaturos,
2415 4181 2589 4236 neque
2618 4181 2680 4220 ea
2711 4166 2765 4221 in
2806 4181 2905 4221 cor
2942 4166 3185 4236 ipsorum
3218 4180 3549 4233 ascensura,

1970 4256 2316 4327 signiﬁcavit.
2369 4255 2528 4312 Esset
2577 4259 2723 4312 enim
2770 4257 3011 4328 ineptum
3073 4273 3137 4312 ex
3171 4256 3374 4313 Judazis
3407 4258 3551 4316 sumi

1970 4347 2263 4413 afﬁrmare,
2299 4347 2393 4418 qui
2419 4348 2539 4403 istis
2566 4346 2890 4416 jamdudum
2912 4347 3055 4418 apud
3082 4362 3178 4402 eos
3210 4346 3549 4416 przefuerint.

1972 4439 2076 4505 Qui
2113 4455 2284 4510 porro
2315 4454 2380 4493 ea:
2413 4437 2778 4493 sacerdotibus
2827 4438 3151 4506 sacerdotes,
3180 4453 3245 4493 ea:
3276 4438 3446 4493 levitis
3476 4438 3553 4493 le-

1972 4534 2094 4587 vitw
2123 4533 2264 4588 sumi
2302 4531 2634 4602 potuissent,
2664 4546 2789 4585 cum
2822 4531 2878 4585 in
2915 4531 3015 4586 hos
3040 4532 3217 4585 divisa
3259 4539 3407 4585 esset
3439 4539 3551 4585 tota

1972 4625 2150 4680 tribus
2181 4624 2412 4691 levitica,
2444 4640 2583 4695 quos
2602 4622 2731 4677 caelo
2753 4640 2883 4679 novo
2912 4633 2960 4678 et
2994 4631 3147 4677 terra:
3178 4640 3324 4676 nocte
3347 4622 3556 4677 similes

1971 4732 2095 4773 esse
2128 4715 2295 4772 dicit?
2325 4716 2399 4773 De
2432 4717 2624 4787 primis
2659 4713 2806 4770 enim
2851 4715 3057 4770 dictum
3104 4722 3232 4770 est:
3282 4733 3299 4764 ι
3339 4713 3552 4769 (Icelum

1973 4817 2027 4864 et
2065 4816 2213 4865 terra
2250 4807 2568 4863 transibunt
2608 4806 2675 4861 ⁸⁵.
2721 4826 2741 4860 ι
2788 4805 2854 4859 Ει
2889 4829 2900 4861 :
2938 4825 2957 4859 ι
3010 4805 3375 4876 Corruptione
3428 4820 3553 4859 cor-

1973 4906 2263 4970 rumpctur
2297 4911 2443 4955 terra
2462 4899 2530 4955 ⁸⁸.
2570 4918 2590 4951 ι
2624 4897 2694 4952 At
2733 4908 2862 4954 sunt
2893 4898 3063 4953 luturi
3087 4898 3269 4954 smculi
3301 4896 3555 4968 primitia:

287 4976 556 5070 Χριστός·
608 4991 822 5053 ἔπειτα,
862 4990 913 5042 οἱ
960 4986 1055 5041 τοῦ
1104 4984 1379 5055 Χριστοῦ·
1429 4981 1569 5051 εἶτα,
1618 4987 1852 5054 οὐρανὸς

1978 4991 2236 5046 Christus
2270 4991 2416 5060 ipse;
2451 4998 2636 5059 postea
2666 5005 2814 5055 vero,
2841 4992 2933 5059 qui
2967 4990 3169 5046 Christi
3204 4997 3355 5045 sunt.
3390 4987 3551 5042 Dein-

288 5091 386 5146 κιιὶ
416 5086 494 5158 τῆ
520 5084 719 5141 καινά.
751 5081 971 5136 Τούτων
1003 5079 1113 5133 τῶν
1134 5087 1157 5115 ³
1189 5076 1437 5149 οὐρανῶν
1464 5077 1563 5148 τὴν
1592 5077 1852 5148 βασιλείατ

1977 5084 2045 5139 de
2078 5101 2090 5137 :
2122 5081 2324 5136 Caelum
2358 5088 2406 5135 et
2439 5090 2580 5135 terra
2610 5097 2743 5134 nova
2762 5078 2831 5134 ⁸⁷.
2858 5077 3071 5133 Talium
3097 5080 3262 5150 igitur
3292 5093 3554 5149 quorunn-

14 5168 227 5273 ΚΧ
288 5179 451 5234 τινῶν
483 5177 586 5248 ἔφη
623 5170 1083 5246 μακαριζομένων
1105 5164 1269 5235 εἶναι,
1302 5168 1395 5221 καὶ
1416 5167 1561 5222 ἄλλω
1577 5180 1604 5208 ιι
1625 5168 1724 5238 τὴν
1745 5168 1847 5239 κλη

1979 5172 2129 5236 dam,
2159 5170 2253 5240 qui
2288 5169 2737 5242 bea‘tidicuntur,
2771 5184 2896 5224 esse
2926 5171 3103 5223 innuit
3142 5184 3370 5239 regnum
3399 5167 3556 5221 coelo-

228 5271 549 5357 προνομίαν
578 5267 689 5336 τῆς
724 5264 858 5336 γῆς.
896 5262 1018 5357 Τῶν
1053 5262 1164 5333 γὰρ
1202 5260 1370 5357 napi:
1387 5259 1465 5331 τῷ
1495 5261 1669 5357 Πατρὶ
1696 5262 1852 5332 μονῶ

1979 5279 2098 5317 rum
2158 5272 2410 5332 terrisque
2463 5261 2601 5317 adeo
2652 5262 3059 5331 possessionem
3109 5260 3175 5315 ⁸⁸.
3222 5260 3357 5314 Cum
3411 5264 3557 5314 enim

290 5350 401 5418 τῶν
450 5363 547 5433 μὲν
591 5359 768 5413 οὑσιῖιν
808 5354 1131 5419 ἐλαττόνων,
1174 5352 1284 5406 τῶν
1325 5352 1383 5406 δὲ
1419 5355 1765 5423 κρειττόνων,
1807 5357 1852 5424 τῇ

1982 5355 2356 5421 mansionum,
2381 5370 2503 5424 qua:
2528 5354 2671 5425 apud
2694 5352 2913 5407 Patrem
2948 5361 3076 5407 sunt
3097 5351 3144 5386 ⁸³
3163 5389 3177 5431 ,
3195 5351 3314 5405 aliae
3338 5350 3561 5421 quidem

293 5457 431 5531 πρὸς
478 5454 712 5524 ἀλλήλας
743 5449 954 5515 δόξουσι
989 5446 1172 5518 σχέσει
1210 5445 1267 5498 αἱ
1303 5445 1400 5514 μὲν
1444 5444 1553 5499 τῶν
1583 5445 1676 5499 ὑπ’
1708 5446 1852 5500 αὐτὰ

1988 5450 2290 5513 minorum,
2320 5446 2442 5501 alia:
2471 5455 2653 5501 autem
2684 5446 3126 5517 praestandorum
3163 5444 3313 5512 sint;
3344 5444 3390 5498 si
3423 5444 3568 5497 inter

367 5597 413 5630 ⁷⁰
444 5594 605 5647 llont.
636 5606 714 5653 xt,
740 5591 796 5645 5.
898 5589 945 5623 3°
979 5583 1045 5640 IV
1077 5583 1210 5653 Reg.
1246 5582 1360 5640 n.'l
1397 5600 1553 5653 seqq.
1628 5587 1673 5617 ⁸⁸
1710 5586 1852 5639 Zach

1968 5602 2020 5640 τι
2044 5620 2056 5632 σ
2100 5585 2123 5637 1
2157 5600 2312 5653 seqq.
2402 5584 2448 5615 ⁸³
2475 5583 2493 5638 l
2519 5582 2733 5653 Thess.
2771 5599 2845 5645 tv,
2880 5582 2966 5638 16.
3069 5580 3114 5614 ⁸⁸
3147 5579 3437 5653 ϐλιίιῐηινρ,
3472 5578 3561 5634 ἓϐ.

297 5673 343 5702 ⁸³
373 5666 541 5721 llebr.
575 5679 671 5729 xu,
703 5648 798 5717 Ξῖ.
872 5659 920 5695 ⁸⁸
944 5657 1080 5712 Luc.
1112 5648 1225 5721 xii,
1252 5654 1340 5710 35.
1416 5648 1699 5710 “'Jerem.
1735 5673 1806 5710 vn
1833 5696 1848 5720 ,
1876 5657 1964 5711 54.
2042 5656 2086 5687 ⁸⁷
2145 5648 2313 5733 Apoc,
2355 5674 2462 5722 ut,
2508 5656 2557 5722 1,
2600 5656 2647 5685 ⁸⁸
2686 5652 2876 5711 Matth.
2918 5670 2979 5723 v,
3012 5654 3030 5708 l
3064 5668 3218 5723 seqq.
3320 5651 3366 5682 ”
3401 5648 3565 5706 Joan.

216 5774 221 5777 -
289 5754 413 5803 ω»
442 5737 498 5791 ε·
1594 5819 1825 5879 vanu:
1865 5792 2269 5875 LECTIONES-

377 5931 402 5971 γ
428 5937 515 5992 γρ.
546 5918 919 5993 ἐλιχθήσεται.
997 5928 1019 5956 ι
1049 5921 1133 5996 lo.
1160 5935 1441 5974 τοιουτων.
1521 5930 1544 5957 ι
1572 5933 1661 5986 γρ.
1689 5914 1881 5977 ἄλὶιωςο
