3976 6210
453 427 593 495 2715

1748 421 2104 485 PROCOPII
2138 414 2402 482 GAZ/EI'

3577 406 3718 478 2116

449 552 512 593 se
545 534 925 603 conferantur,
959 535 1077 590 cmli
1123 532 1343 604 quidem
1392 532 1536 601 alia',
1579 531 1765 588 habita
1797 532 1864 587 ad
1897 531 2030 588 infe-

2133 529 2398 598 οὐράνιοι
2421 527 2471 594 δ,
2509 527 2566 581 αἱ
2597 526 2653 580 δέ
2687 525 2797 582 τῶν
2830 524 2974 594 ὑπὲρ
3014 523 3185 588 αύτάς
3211 514 3312 592 γῆ.
3345 519 3627 592 Διηνεκεῖς
3655 522 3713 577 δὲ

448 629 626 684 riores
669 628 906 694 ratione,
937 641 1060 684 esse
1097 626 1466 693 videbuntur;
1515 633 1670 680 terra:
1698 631 1894 687 autem
1928 640 2032 680 cae-

447 729 603 784 tera}.
629 721 674 777 si
705 736 831 777 cum
862 720 952 782 iis,
1005 734 1126 790 quae
1170 718 1482 790 superiores
1513 725 1666 779 sunt,
1702 730 2033 786 comparen-

448 821 560 869 tur.
595 811 935 879 Quatamen
961 821 1093 869 sunt
1121 811 1620 868 omnescontinuaa
1649 819 1702 866 et
1734 817 2030 880 perpetuae.

453 902 598 958 Sunt
621 905 766 959 enim
802 903 1164 973 temporaria,
1194 917 1316 972 qua:
1343 901 1396 955 in
1431 901 1718 955 oculorum
1749 907 2031 969 aspectum

450 981 696 1062 cadunt;
729 1002 1221 1066 perpetuaautem,
1246 1007 1369 1064 quae
1400 992 1550 1048 cerni
1581 1007 1692 1048 non
1715 991 2030 1061 possunt”.

450 1083 608 1148 Quod
644 1085 690 1141 si
721 1085 879 1154 signa
928 1092 1059 1140 sunt
1091 1093 1146 1140 et
1185 1083 1480 1152 imagines,
1530 1097 1653 1153 quae
1702 1081 1820 1153 lege
1849 1081 2033 1136 conti--

451 1184 672 1241 nentur,
704 1175 862 1244 juxta
914 1175 1060 1246 quod
1110 1174 1362 1229 umbram
1416 1173 1728 1229 futurorum
1761 1173 2030 1228 bonorum

449 1269 699 1323 eamdem
733 1268 936 1324 habere
965 1268 1104 1324 dixit
1137 1267 1435 1337 Apostolus
1467 1266 1512 1299 "
1543 1284 1557 1320 :
1597 1271 2030 1320 consentaneum

449 1367 556 1427 est,
589 1368 649 1414 ut
686 1362 979 1415 cwlestium
1005 1361 1249 1426 nomine,
1287 1364 1352 1415 el'
1373 1358 1510 1416 festa
1545 1359 1687 1429 ipsa,
1729 1367 1778 1413 et
1807 1374 2029 1424 menses,

445 1458 498 1504 et
545 1449 787 1505 Sabbata
862 1451 1264 1520 intelligamus,
1322 1452 1389 1505 de
1437 1449 1638 1520 quibus
1700 1463 1811 1504 non
1866 1447 2032 1516 hujus

449 1543 716 1612 temporis
740 1543 904 1599 fuerit
944 1554 1134 1599 exacte
1167 1542 1472 1612 disputare.
1500 1540 1729 1608 Verum,
1762 1541 2032 1612 quemad-

446 1633 670 1688 modum
720 1633 895 1689 Judaai
949 1634 1152 1688 multas
1191 1634 1433 1704 alioquin
1490 1634 1654 1689 urbes
1706 1634 2030 1701 incolentes,

450 1738 615 1778 unam
655 1724 978 1779 habitabant
1011 1723 1311 1778 Jerusalem
1348 1724 1531 1779 cultus
1559 1723 1848 1779 sanctitate
1893 1739 2034 1803 prae-

445 1816 692 1885 cipuam,
726 1814 780 1870 in
812 1830 919 1886 qua
952 1816 1114 1872 statis
1159 1815 1523 1886 temporibus,
1553 1813 1647 1885 qui
1687 1823 1916 1870 caeteras
1946 1815 2030 1870 in-

2134 623 2330 675 πᾶσαι.
2373 620 2454 674 Τά
2489 619 2596 690 γὰρ
2647 617 2978 688 βλεπόμενα,
3015 615 3362 686 πρόσκαιραο
3424 611 3497 666 τὰ
3533 611 3591 666 δέ
3638 612 3710 683 μὴ

2134 714 2470 784 βλεπόμενα,
2495 711 2714 767 αἰώνια.
2743 709 2807 764 El
2835 710 2895 764 δὲ
2921 707 3166 780 σύμϐολα
3191 706 3289 762 καὶ
3311 705 3525 770 εἰκόνες
3548 706 3616 760 τὰ
3635 721 3716 758 va-

2135 807 2292 879 μικά,
2309 807 2455 862 κατὰ
2482 806 2567 871 τὸ,
2592 824 2611 858 ι
2637 803 2803 857 Σκιάν
2826 802 2936 874 γάρ
2951 801 3089 872 ἔχων
3113 802 3141 854 ό
3163 800 3329 869 νόμος
3345 799 3454 852 τῶν
3488 799 3706 870 μελλόν-

2130 918 2239 956 των
2268 899 2490 968 ἀγαθῶν
2513 915 2526 927 ·
2565 917 2586 951 ι
2604 895 2898 952 ἀκόλουθον
2947 893 3272 961 οὐρανίους
3301 894 3462 957 νοεῖν,
3496 890 3704 960 ἐορτάς,

2132 989 2235 1044 καὶ
2260 989 2488 1059 μῆνας,
2545 987 2646 1041 καὶ
2678 984 2970 1044 Σάϐϐατα,
3022 983 3164 1054 ἆπερ
3195 979 3473 1048 ἐξετάζειν
3514 981 3577 1034 οὐ
3612 980 3701 1034 τοῦ

2133 1082 2404 1154 παρόντος
2455 1078 2670 1150 καιροῦ.
2734 1076 2902 1146 Πλὴν,
2957 1075 3146 1145 ῶσπερ
3223 1073 3465 1128 Ἰουδαῖοι
3524 1072 3701 1133 πόλεις

2133 1173 2309 1246 ᾤκουν
2339 1171 2564 1239 πολλὰς,
2598 1170 2863 1244 κρείττων
2891 1168 2950 1222 δὲ
2981 1165 3380 1236 Ἰερουσαλὴμ
3409 1166 3443 1236 ἡ
3461 1164 3523 1217 τὸ
3552 1164 3700 1232 ἀγίασ

2134 1284 2249 1338 σμα
2280 1266 2540 1336 φέρουσα,
2564 1264 2646 1326 είς
2679 1262 2768 1332 ῆν,
2794 1260 2940 1316 κατά
2967 1257 3212 1330 καιροὺς,
3242 1258 3292 1310 οἱ
3319 1257 3419 1319 τὰς
3451 1255 3616 1319 ἄλλας
3643 1256 3709 1308 οἱ·

2133 1355 2358 1418 κοῦντες
2381 1355 2662 1425 ἀπήντων,
2687 1352 2786 1422 τὴν
2819 1347 3116 1422 θρησκείαν
3141 1345 3547 1407 ἐπιτελέσοντες
3568 1361 3583 1374 ⁸
3623 1343 3709 1398 ob-

2132 1464 2210 1502 τω
2240 1446 2460 1518 νοητέον
2497 1446 2570 1499 ἐν
2606 1443 2889 1512 οὐρανοῖς
2917 1440 3166 1509 ἀγίασμα
3197 1437 3467 1509 ὑπάρχειν
3497 1435 3709 1506 ἐξαίρε-

2131 1557 2245 1607 τον,
2281 1539 2419 1610 πλὴν
2435 1537 2540 1611 ,τοῦ
2572 1535 2877 1608 ἀρχιερέως
2903 1532 3034 1586 Υίοῦ
3066 1531 3163 1586 τοῦ
3190 1529 3349 1596 Θεοῦ,
3379 1529 3578 1583 ἄϐατον
3607 1529 3711 1582 ὕπ-

2134 1633 2302 1704 ἀρχον
2356 1633 2469 1694 τοῖς
2523 1629 2727 1693 ἀλλοις,
2769 1621 2816 1696 ᾧ
2865 1627 3009 1698 μόνῳ
3055 1623 3213 1693 Θέμις
3266 1624 3332 1692 τῇ
3376 1619 3472 1673 τοῦ
3503 1619 3713 1689 Πατρός

2133 1725 2390 1789 πελάζειν
2413 1723 2652 1792 θεότητι,
2679 1721 2758 1784 είς
2791 1736 2850 1773 τε
2874 1718 3107 1781 κόλπους
3128 1733 3142 1747 ο
3166 1716 3276 1769 τῶν
3303 1713 3477 1769 ἀλλων
3505 1715 3712 1782 καιροῖς

2131 1813 2493 1884 τεταγμένοις
2521 1811 2739 1882 (οἵτινές
2769 1826 2902 1863 ποτε
2936 1810 2987 1861 οι
3026 1805 3210 1878 καιροὶ
3267 1803 3515 1858 νοοῦνται
3548 1796 3708 1867 οὗτοι,

447 1905 726 1971 colebant,
766 1921 1052 1961 sacrorum
1088 1921 1255 1960 causa
1283 1905 1726 1972 conveniebant,
1761 1905 1842 1961 sic
1865 1905 2030 1960 intel-

2134 1906 2228 1962 καὶ
2256 1908 2326 1962 τά
2357 1908 2415 1960 ἐν
2447 1909 2513 1977 τῇ
2547 1907 2705 1959 τακεῖ
2729 1913 2778 1968 ο,
2817 1895 2894 1957 ὧν
2918 1917 3006 1965 τις
3047 1898 3332 1971 προφήτης
3367 1900 3427 1952 ἐν
3469 1895 3713 1967 περινοίᾳ

448 1995 724 2064 ligendum
753 2004 839 2052 est
869 1997 1125 2052 eximiam
1159 1997 1216 2050 in
1255 1995 1399 2050 ctelis
1425 1996 1608 2051 inesse
1639 1998 1854 2052 caneris
1888 1996 2034 2053 inac-

445 2101 663 2142 cessam
723 2087 820 2141 ﬁlii
882 2087 976 2143 Dei
1043 2087 1322 2157 pontiﬁcis
1369 2087 1595 2142 maximi
1647 2088 2033 2158 sanctitatem;

445 2183 607 2254 763
638 2183 728 2238 cui
773 2183 878 2239 soli
931 2182 1016 2238 fas
1055 2184 1128 2238 sit
1185 2181 1253 2238 ad
1310 2181 1493 2238 Patris
1545 2182 1889 2238 divinitatem
1951 2183 2034 2239 si-

446 2267 690 2345 numque
739 2275 1002 2330 accedere
1047 2291 1062 2329 :
1127 2289 1252 2329 cum
1320 2275 1482 2331 statis
1549 2274 1642 2328 alii
1693 2274 2037 2346 temporibus

355 2371 359 2376 '
446 2363 606 2450 (quae
667 2364 888 2436 quidem
925 2365 1032 2421 ista
1077 2381 1201 2422 esse
1245 2366 1671 2436 intelliguntur,
1706 2373 1762 2422 et
1813 2365 1909 2436 qui
1955 2365 2029 2422 ibi

445 2464 578 2511 sunt
620 2458 777 2523 anni,
823 2457 893 2514 ad
926 2472 1068 2528 quos
1120 2457 1389 2528 propheta
1429 2456 1649 2526 quidam
1701 2457 2026 2528 respiciens,

446 2563 621 2604 annos
665 2557 905 2605 aeternos
954 2549 1010 2604 in
1043 2548 1310 2604 memoria
1367 2546 1630 2602 habuisse
1658 2561 1716 2602 se
1751 2556 1806 2602 et
1856 2545 2029 2601 medi-

447 2647 620 2692 tatum
696 2654 821 2696 esse
887 2638 1103 2694 dicebat
1155 2635 1242 2709 ⁹²)
1303 2637 1370 2692 ad
1421 2636 1681 2691 eximiam
1755 2635 2025 2692 ctelorum

446 2728 722 2785 civitatem
755 2737 1058 2798 transeant,
1103 2727 1196 2785 Dei
1227 2742 1418 2800 regno,
1453 2735 1507 2783 et
1533 2725 1624 2794 iis,
1653 2726 1750 2796 qui
1775 2727 1843 2781 ad
1873 2741 2027 2783 sum-

446 2835 597 2875 mum
658 2820 1017 2879 beatitudinis
1077 2820 1357 2892 fastigium
1405 2829 1810 2890 pervenerunt,
1861 2817 2030 2874 ascri-

2136 1999 2434 2070 γενόμενος
2456 1996 2786 2065 ἐλεγεοιΚαὶ
2810 1994 2906 2064 ἐτη
2927 1991 3125 2047 αἰώνια
3140 1989 3440 2062 ἐμνήσθην,
3469 1989 3564 2044 καὶ
3586 1990 3710 2058 ἐμε-

2133 2089 2340 2160 λέτησα
2368 2089 2414 2160 ι)
2430 2088 2811 2143 διαϐαινόντων
2826 2087 2918 2140 ἐπὶ
2935 2085 3037 2157 τὴν
3052 2083 3328 2154 ἐξαίρετον
3340 2080 3707 2154 οὐρανόπολιν,

2137 2182 2204 2251 τῇ
2237 2179 2333 2234 τοῦ
2361 2179 2497 2234 Θεοῦ
2535 2179 2786 2251 βασιλείᾳ
2815 2176 3209 2248 ἀφωρισμένην
3256 2173 3446 2245 μονὴν,
3478 2173 3575 2227 καὶ
3604 2173 3708 2235 τοῖς

2137 2273 2220 2334 εἰς
2243 2270 2412 2342 ἀκρον
2446 2269 2849 2342 μακαριότητος
2878 2269 3127 2340 ἥκουσιν,
3163 2261 3234 2336 ἦς
3263 2265 3327 2318 οὐ
3358 2263 3708 2334 στερήσονται

2137 2361 2258 2415 ούδὲ
2277 2362 2327 2415 oi
2350 2360 2777 2431 ὑποϐεϐηκότες,
2810 2358 2954 2414 κατά
2978 2357 3036 2412 δέ
3061 2355 3346 2426 περιόδους
3374 2353 3525 2415 τινὰς
3543 2352 3603 2404 ἐν
3633 2352 3708 2405 oi»

2151 2453 2356 2526 ρανίοις
2377 2454 2592 2525 ἑορταῖς
2609 2451 3020 2522 ἀφικνούμενοι,
3073 2447 3257 2502 ἐνθέου
3280 2465 3338 2500 τε
3363 2446 3460 2500 καὶ
3480 2445 3708 2516 ἀλήκτου

2135 2542 2283 2607 τινὸς
2311 2565 2317 2572 ί
2341 2542 2686 2616 εὐφροσύνης
2719 2539 3142 2613 μεταλήψονται,
3194 2538 3452 2610 ἀρρήτων
3497 2534 3711 2604 ἀγαθῶν

2132 2634 2555 2699 ἀπολαύσοντες,
2592 2626 2668 2688 ῶν
2697 2630 3103 2704 ἐμφορηθέντες
3141 2629 3222 2693 είς
3254 2628 3424 2698 μονάς
3453 2628 3553 2689 τὰς
3581 2626 3707 2680 ἐαυ-

2133 2727 2244 2782 τῶν
2286 2727 2672 2796 ἐπανήΞουσιν,
2717 2726 2836 2778 ἐκεῖ
2857 2721 2886 2764 ει
2929 2721 3338 2792 Σαϐϐατισμὸς
3385 2718 3592 2791 ἀληθὴς
3621 2718 3715 2772 καὶ

2137 2819 2328 2890 ψυχῶν
2347 2820 2498 2873 ἐστιν
2528 2818 2858 2880 ἀνάπαυσις.

448 2923 594 2985 ptam
629 2918 1011 2985 mansionem;
1058 2933 1168 2988 qua
1203 2925 1385 2972 tamen
1415 2930 1525 2971 non
1558 2915 1594 2970 ii
1638 2914 2024 2986 privabuntur,
2057 2914 2150 2986 qui
2182 2913 2472 2972 inferiores
2519 2913 2748 2978 fuerint,
2811 2909 2912 2967 sed
2968 2908 3212 2982 periodis
3258 2906 3586 2980 quibusdam
3646 2905 3712 2959 ad

448 3009 708 3066 celestes
740 3009 1126 3067 solemnitates
1147 3009 1508 3080 appellentes,
1533 3007 1734 3064 divinae
1761 3015 1818 3065 et
1847 3009 2178 3065 immortalis
2215 3008 2505 3080 cujusdam
2536 3007 2757 3073 laetitia),
2786 2993 3257 3076 ineﬁ‘ab‘tliumque
3296 3004 3559 3060 bonorum
3583 3002 3714 3056 ﬁent

448 3100 782 3171 participes:
839 3101 1042 3172 quibus
1079 3115 1203 3156 cum
1251 3099 1552 3156 exsaturati
1587 3098 1814 3167 fuerint,
1847 3100 1915 3155 ad
1945 3115 2074 3158 suas
2123 3102 2230 3174 ipsi
2267 3100 2584 3158 mansiones
2612 3098 2893 3165 redibunt,
2942 3097 3037 3154 ubi
3071 3097 3442 3154 Sabbatismus
3493 3095 3715 3166 ipsaque

446 3188 583 3248 adeo
609 3192 917 3246 animarum
963 3193 1183 3262 requies
1233 3206 1360 3246 vera
1396 3200 1544 3247 sunt.

521 3283 912 3356 Signiﬁcantur
955 3300 1089 3340 vero
1142 3284 1321 3338 carnis
1371 3285 1776 3355 appellatione,
1842 3293 2020 3356 gentes

2195 3284 2356 3356 Σὰρξ
2385 3285 2442 3338 δὲ
2483 3287 2634 3339 πᾶσα
2677 3284 2750 3339 τὰ
2787 3283 2957 3352 ἔθνη,
3010 3282 3154 3338 κατὰ
3200 3283 3262 3336 τὸ
3307 3280 3501 3354 ρηθέψ
3541 3299 3558 3332 ι
3599 3279 3712 3334 Καὶ

446 3375 600 3444 ipsa.
634 3373 806 3441 Quale
839 3385 924 3429 est
966 3373 1140 3428 illud:
1179 3391 1198 3426 ι
1239 3373 1302 3426 Et
1333 3373 1540 3427 videbit
1568 3375 1750 3428 omnis
1784 3389 1912 3429 caro
1943 3389 2032 3430 sa-

447 3469 630 3524 lutare
661 3463 758 3520 Dei
809 3465 878 3520 ⁹³.
918 3482 956 3516 ι’
990 3461 1058 3516 Ει
1095 3454 1229 3518 illud
1269 3481 1284 3518 :
1327 3481 1346 3514 ι
1392 3462 1682 3518 Eﬁ‘undam
1722 3464 1792 3520 de
1834 3466 2031 3534 spiritu

453 3573 571 3612 uico
609 3569 777 3626 super
802 3568 1022 3610 omnem
1058 3566 1305 3618 carnem,
1357 3561 1413 3609 et
1462 3554 1866 3624 prophetabunt
1895 3556 1964 3612 “.
2005 3574 2022 3607 ι

451 3644 543 3704 Sic
567 3655 752 3702 autem
793 3646 1060 3719 loquitur.
1113 3661 1183 3701 ne
1213 3647 1283 3702 de
1333 3660 1395 3701 se
1448 3646 1553 3703 ista
1603 3662 1727 3703 eum
1761 3663 2032 3719 usurpare

457 3745 648 3810 putent
674 3735 870 3793 Judaei.
909 3738 1046 3804 Quo
1075 3738 1155 3802 ﬁt,
1201 3745 1261 3793 ut
1293 3737 1362 3793 de
1392 3739 1540 3794 omni
1590 3740 1901 3795 mortalium
1937 3755 2032 3811 ge-

452 3843 587 3884 nere
625 3828 898 3900 intelligat
926 3847 940 3882 :
974 3844 1112 3897 quos
1139 3829 1361 3898 quidem
1391 3839 1636 3885 venturos
1659 3846 1784 3887 esse
1815 3831 2030 3906 signiﬁ-

450 3923 562 3971 cat.
598 3916 740 3972 Sunt
765 3932 895 3976 vero
921 3916 1224 3972 Jerusalem
1254 3919 1402 3974 illius
1441 3919 1608 3984 cives,
1643 3920 1816 3974 multa
1854 3919 2028 3975 millia

450 4008 656 4078 (inquit
680 4009 981 4079 Apostolus
1028 4009 1111 4080 ")
1146 4010 1490 4080 angelorum,
1539 4010 1782 4066 Ecclesia
1819 4012 2030 4083 primo-

449 4100 786 4170 genitorum.
820 4101 897 4154 lbi
924 4109 1088 4156 erunt
1112 4101 1165 4156 in
1215 4110 1560 4173 perpetuum,
1589 4103 1684 4174 qui
1717 4101 1828 4158 Deo
1861 4102 2028 4157 mini-

451 4197 712 4257 strantes,
741 4191 846 4247 sub
883 4191 1141 4261 pontiﬁce
1189 4193 1429 4247 maximo
1486 4178 1704 4264 degerit.
1761 4194 2024 4252 Videbunt

451 4297 621 4352 porro
649 4283 1158 4352 omnesimpiorum
1182 4284 1492 4360 “interitum,
1517 4286 1704 4340 animo
1729 4288 2024 4358 agitantes,

449 4374 674 4443 quantis
725 4374 802 4429 illi
844 4375 1003 4431 b0uis
1046 4376 1244 4445 privati
1291 4376 1432 4432 sint.
1470 4375 1697 4440 Verum,
1745 4393 1856 4447 quo
1905 4380 2027 4434 loco

450 4468 689 4522 membra
719 4467 894 4535 dixit,
943 4478 1179 4522 extrema
1224 4466 1588 4539 Symmachus
1638 4468 2027 4538 interpretatus

447 4568 551 4615 est.
577 4559 684 4616 Sed
712 4576 947 4632 quorum
965 4560 1224 4624 membra,
1255 4560 1299 4615 si
1333 4577 1440 4614 non
1470 4575 1684 4628 eorum,
1715 4560 1984 4616 intellexit
2007 4601 2022 4626 ,

2133 3379 2324 3450 ὄψεται
2347 3379 2499 3432 πᾶσα
2530 3377 2667 3448 σάρξ
2687 3375 2748 3431 τὸ
2776 3378 3044 3448 σωτήριον
3065 3375 3159 3429 τοῦ
3187 3375 3341 3429 Θεοῦ.
3367 3393 3387 3427 ι
3425 3372 3533 3427 Καὶ
3552 3373 3706 3430 ἀλλα-τ

2133 3471 2264 3545 χοῦ·
2307 3490 2326 3524 ι
2364 3469 2572 3541 Ἐκχεῶ
2602 3469 2712 3524 ἀπὸ
2756 3467 2852 3524 τοῦ
2902 3468 3215 3538 πνεύματός
3258 3484 3360 3538 μου
3395 3466 3488 3521 ἐπὶ
3532 3467 3714 3519 πᾶσαν

2135 3564 2335 3635 σάρκα,
2363 3562 2456 3617 καὶ
2478 3561 2972 3634 προφητεύσουσιν.
3003 3578 3025 3614 ι
3057 3561 3213 3615 Οὕτω
3237 3559 3294 3613 δέ
3324 3559 3495 3626 λέγει,
3523 3559 3611 3612 ἵνα
3643 3559 3718 3628 μὴ

2133 3655 2263 3724 περὶ
2286 3655 2467 3709 αὐτῶν
2493 3652 2670 3708 ταῦτα
2686 3653 2942 3722 λέγεσθαι
2973 3651 3270 3721 νομίσωσιν
3301 3650 3567 3704 Ἰουδαῖοι·
3598 3649 3668 3703 δι’
3693 3650 3721 3701 ὃ

2133 3748 2242 3800 πᾶν
2267 3744 2570 3815 ἀνθρώπων
2590 3745 2745 3814 γένος
2765 3743 2934 3816 δηλοῖ.
2966 3743 3103 3798 Ἀλλ’
3130 3733 3277 3797 οὗτοι
3305 3741 3404 3813 μὲν
3428 3740 3719 3808 ἥξουσιν.

2132 3839 2196 3892 Οἱ
2224 3837 2280 3891 δὲ
2305 3837 2403 3906 τῆς
2442 3837 2834 3906 Ἰερουσαλὴμ
2865 3835 3080 3906 ἐκείνης
3113 3833 3328 3888 πολῖταί
3357 3835 3496 3887 εἰσιν
3525 3834 3582 3885 αῖ
3619 3850 3724 3903 μυ-

2131 3925 2337 3997 ριάδες,
2361 3925 2503 3980 κατά
2531 3924 2764 3993 Παῦλον,
2801 3924 3072 3994 ἀγγέλων,
3101 3925 3134 3996 ἡ
3175 3922 3474 3994 Ἐκκλησία
3499 3939 3721 3993 πρῶτος

2129 4018 2326 4072 τόκων.
2371 4018 2520 4071 Ἐκεῖ
2565 4018 2657 4074 διὰ
2695 4019 2897 4082 παντὸς
2951 4017 3168 4072 ἔσονται
3223 4016 3529 4085 λειτουργοὶ
3578 4015 3724 4070 Θεοῦ

2129 4109 2301 4172 ὄντες,
2349 4107 2442 4161 ὑπ’
2475 4109 2725 4180 ἀρχιερεῖ
2755 4108 2832 4179 τῷ
2865 4107 3091 4179 μεγάλῳ
3133 4107 3474 4178 ταττόμενοι.
3507 4106 3724 4169 Πάντες

2128 4199 2186 4254 δὲ
2224 4198 2478 4268 ὄψονται
2528 4198 2637 4252 τῶν
2671 4197 2884 4252 ἀσεϐῶν
2929 4197 3030 4269 τὴν
3074 4197 3374 4263 ἀπώλειαν,
3407 4196 3726 4260 ἐννοοῦντες

2128 4290 2254 4344 οἴων
2293 4289 2513 4358 ἀγαθῶν
2541 4289 2939 4362 ἐστερήθησαν.
2985 4289 3132 4343 Ἀντὶ
3169 4287 3228 4341 δέ
3268 4286 3390 4353 τοῦ,
3419 4286 3492 4340 τὰ
3525 4285 3723 4353 κῶλα,

2128 4379 2201 4434 τὰ
2239 4380 2469 4449 ἔσχατα
2507 4380 2802 4451 Σύμμαχος
2839 4379 3060 4451 ἔφησεν.
3103 4379 3280 4434 Τίνων
3313 4377 3369 4431 δέ
3404 4381 3478 4433 τὰ
3511 4377 3722 4444 acina;

2128 4473 2259 4544 περὶ
2315 4466 2390 4526 ὧν
2435 4472 2590 4541 ἔλεγε
2627 4474 2748 4526 κατ’
2786 4472 2992 4545 ἀρχάςο
3031 4491 3050 4524 ι
3080 4472 3245 4536 Υἱοὺς
3275 4471 3564 4542 ἐγέννησα,
3629 4473 3728 4525 καὶ

2131 4562 2321 4634 ὕψωσα
2347 4578 2364 4595 ο
2387 4563 2542 4618 αὐτοὶ
2567 4563 2626 4618 δέ
2663 4581 2731 4634 με
2758 4563 3053 4634 ἠθέτησαν.
3086 4581 3105 4615 ι
3130 4561 3236 4626 Οὓς
3267 4563 3486 4634 μακρὰν
3511 4564 3728 4618 ἐαυτῶν

449 4653 518 4709 de
545 4654 746 4724 quibus
810 4655 969 4710 initio
1019 4655 1290 4717 scribens,
1349 4654 1492 4709 ﬁlios
1556 4669 1617 4709 se
1667 4655 1924 4724 genuisse
1976 4665 2030 4710 et

2133 4654 2291 4720 ὄντας
2328 4656 2378 4708 οἱ
2425 4656 2496 4712 ἐκ
2529 4655 2640 4724 τῆς
2683 4653 3080 4724 Ἰερουσαλὴμ
3125 4653 3360 4719 ἐξιόντες
3404 4655 3723 4714 θεάσονται,

449 4745 725 4800 exaltasse
752 4747 829 4811 “,
877 4760 908 4800 a
941 4746 1144 4815 quibus
1199 4745 1440 4815 seipsum
1496 4745 1704 4814 despici
1769 4746 2021 4818 contigit,

448 4835 774 4892 aﬁirmavit?
799 4852 940 4908 quos
977 4837 1138 4910 longe
1167 4853 1198 4892 a
1236 4852 1298 4892 se
1340 4845 1606 4902 remotos,
1646 4837 1738 4908 qui
1770 4838 1837 4894 de
1863 4837 2026 4893 Jeru-

447 4929 616 4984 salem
645 4929 844 4985 exituri
899 4937 1049 4994 sunt,
1080 4928 1364 4996 videbunt,
1394 4937 1449 4986 et
1473 4930 1570 5000 qui
1613 4929 1681 4986 ad
1728 4946 1861 4988 suas
1907 4933 2025 4987 sin-

448 5023 561 5093 guli
594 5025 914 5080 mansiones
947 5029 1318 5079 revertentur.
1367 5022 1654 5095 Signiﬁcat
1695 5038 1862 5094 porro
1911 5035 2025 5080 t'er-

447 5117 549 5171 mis
603 5116 989 5187 appellatione,
1039 5115 1321 5173 assiduam
1375 5130 1764 5187 eorum,.qua:
1823 5115 2028 5187 singuli
2076 5142 2077 5145 η

448 5208 821 5277 peccavimus,
848 5209 905 5264 in
937 5208 1256 5280 pcenitendo
1293 5207 1727 5273 conscientiam;
1759 5222 1880 5277 quae
1904 5213 2030 5261 tau-

447 5308 630 5376 torum
689 5301 960 5359 bonorum
994 5303 1306 5374 privatione
1377 5303 1623 5356 animam
1678 5299 2026 5366 remordens,

448 5407 676 5448 suorum
733 5412 926 5453 omnes
1000 5397 1270 5453 scelerum
1329 5393 1720 5449 recordatione
1778 5402 2025 5449 accuset.

453 5479 639 5537 Fuerit
667 5484 863 5540 deinde
895 5488 1030 5558 ignis
1079 5489 1197 5566 ipse
1231 5485 1703 5557 inexstinguibilis,
1740 5485 1834 5555 qui
1881 5500 2027 5540 sem-

519 5596 574 5667 ”,
605 5594 647 5649 ll
673 5596 798 5652 Cor.
829 5614 904 5663 tv,
955 5600 1039 5654 l8.
1144 5601 1188 5632 ’ί
1223 5599 1388 5656 Hebr.
1421 5616 1475 5667 χ,
1504 5600 1555 5656 1.

455 5664 502 5696 (⁸³
537 5666 702 5722 Hebr.
736 5683 834 5732 xu,
866 5668 959 5722 ‘22.
1035 5669 1082 5700 “
1119 5670 1220 5724 lsa.
1256 5686 1311 5733 ι,
1357 5669 1410 5723 2.

1656 5599 1704 5632 "
1735 5597 1877 5655 Psal.
1927 5614 2112 5662 Lxxvt,
2146 5597 2200 5653 6.

2130 4745 2223 4800 καὶ
2255 4744 2349 4799 ἐπὶ
2366 4748 2465 4809 τὰς
2487 4745 2695 4810 οἰκείας
2731 4747 2898 4816 μονὰς
2935 4743 3292 4816 ἐπανήξουσι.
3326 4743 3630 4813 Σκώληκα
3668 4745 3721 4798 δέ

2129 4853 2296 4908 φησιν
2327 4838 2688 4910 ἀτελεύτητον
2726 4837 2824 4909 τὴν
2857 4840 2916 4893 ἐν
2969 4840 3048 4911 τῷ
3089 4839 3371 4909 μετανοεῖν
3414 4836 3524 4890 τῶν
3567 4837 3726 4890 ἰδίων

2132 4931 2545 5004 ἁμαρτημάτων
2591 4932 2918 5003 συνείδησιν,
2959 4935 3019 4986 ἐν
3068 4931 3146 5002 τῷ
3193 4928 3452 4984 τοιούτων
3494 4928 3727 4997 ἀγαθῶν

2131 5022 2458 5095 ἐστερῆσθαι
2501 5023 2848 5095 δακνομένων
2887 5025 2973 5078 ἀεὶ
3001 5023 3100 5095 τὴν
3126 5022 3326 5094 ψυχὴν,
3351 5020 3444 5074 καὶ
3475 5035 3730 5091 κατηγο-

2139 5117 2377 5188 ρούντων
2426 5117 2638 5173 ἑαυτῶν
2689 5116 2784 5170 ’ἐπὶ
2835 5119 2902 5188 τῇ
2949 5117 3208 5189 φθασάσῃ
3253 5113 3445 5184 κακίᾳ.
3492 5112 3629 5180 Πῦρ
3674 5112 3731 5165 δὲ

2135 5197 2461 5275 ἄσϐεστον,
2490 5210 2551 5263 τὸ
2573 5209 2738 5282 ῥηθὲν
2760 5210 2866 5263 ὑπὸ
2885 5208 2978 5263 τοῦ
3002 5209 3275 5280 Σωτῆρος,
3301 5207 3545 5267 αἰώνιον,
3573 5207 3736 5276 ἡτοι-

2139 5301 2434 5372 μασμένων
2459 5312 2482 5341 ο
2505 5301 2581 5371 τῷ
2608 5300 2837 5372 διαϐόλῳ
2859 5316 2872 5329 ·
2901 5299 3079 5369 σαρκί
3107 5301 3164 5352 δὲ
3191 5301 3279 5364 εὶς
3303 5297 3523 5367 ὅρασιν
3545 5295 3738 5350 ἐσονι

2133 5410 2230 5448 ται
2276 5397 2342 5465 τῇ
2375 5395 2450 5466 μὴ
2479 5393 2840 5468 κολαζομένη,
2879 5391 3009 5463 περὶ
3051 5387 3121 5464 ἦς
3163 5391 3269 5463 ἔφη
3292 5406 3306 5420 '
3345 5389 3511 5453 Ἥξει
3555 5388 3737 5444 πᾶσι]

2134 5485 2293 5554 σὰρξ
2340 5486 2447 5540 τοῦ
2491 5483 2918 5554 προσκυνῆσαι
2956 5483 3217 5537 ἐνώπιόν
3241 5499 3384 5552 μου.
3421 5481 3496 5534 Ἦ
3517 5480 3584 5535 τὸ
3621 5481 3739 5535 τῶν

2335 5599 2380 5631 ’³
2413 5597 2517 5653 lsa.
2550 5615 2644 5663 LII,
2692 5597 2794 5662 l0;
2842 5597 2977 5655 Luc.
3010 5611 3090 5662 ιιι,
3133 5594 3185 5650 6.
3294 5593 3343 5626 "
3367 5592 3493 5650 Juel
3528 5612 3606 5661 ιι,
3639 5596 3741 5651 2-3.

1758 5763 1988 5818 VARUE
2035 5763 2438 5820 LECTIONES.

525 5850 551 5891 ι’
699 5852 937 5924 οὐρανοί,
1017 5864 1039 5891 ο
1109 5853 1197 5907 ίσ.
1235 5853 1328 5924 ἔτη
1357 5855 1424 5907 τὰ
1451 5857 1584 5910 ἐκεῖ.
1655 5856 1677 5895 δ
1710 5875 1798 5925 γρ.
1831 5857 1984 5912 ὅπου.

2069 5870 2092 5897 ε
2123 5875 2212 5928 γρ.
2244 5861 2668 5931 ἡτοιμασμένον.
