3976 6210
460 396 562 462 719

1754 385 2106 447 PROCOPII
2145 382 2388 445 (ΞΑΖίΕΙ

3552 375 3696 441 Ξ-’Ξο

414 504 654 572 irrigans
681 497 905 555 divitem
955 493 1085 549 facit
1121 511 1134 558 ;
1164 501 1226 544 tu
1261 506 1411 554 vero,
1446 499 1536 568 tua
1578 490 1757 558 lingua
1826 492 2012 544 adole-

2154 506 2217 542 αν
2242 488 2406 542 αὐτοῦ
2438 486 2733 557 ἐπιρρέων,
2765 485 3019 542 πλουτεῖν
3043 486 3331 556 ἐπιτρέπει
3354 504 3365 515 ·
3399 487 3463 540 σὺ
3489 487 3547 542 δὲ
3576 491 3700 561 ταῖς

416 591 690 646 scentium
744 595 958 642 mentes
1027 597 1269 644 movens,
1346 582 1428 634 eis
1493 581 1557 633 ad
1607 578 2006 646 comparandas

419 683 669 739 scientiae
707 679 924 733 divitias
968 678 1072 730 dux
1107 674 1275 733 fuisti.
1313 689 1416 726 non
1459 685 1623 727 secus
1657 685 1721 724 ac
1741 670 1865 723 olim
1897 668 2006 738 Py-

423 779 681 845 thagoras
736 773 877 840 apud
941 768 1061 822 illos
1116 766 1519 835 peregrinatus,
1562 773 1659 817 aut
1702 762 1865 816 etiam
1924 760 2011 815 ille

423 869 598 921 Plato.
633 863 757 917 Haec
783 864 922 930 apud
955 876 1040 915 me
1076 858 1379 919 volvebam,
1408 866 1462 909 tu
1504 870 1656 916 vero,
1677 868 1765 907 me
1814 852 2010 914 inscio,

425 959 570 1011 haud
601 955 787 1024 procul
810 954 1024 1016 aberas,
1076 951 1218 1004 sicut
1262 950 1327 1001 ab
1372 962 1437 1000 eo
1486 946 1668 1014 accepi
1728 944 1816 1013 qui
1862 955 2013 997 tuam

426 1046 562 1099 mihi
627 1044 857 1097 reddidit
900 1041 1211 1111 epistulam.
1247 1038 1483 1092 Primum
1519 1038 1766 1106 quidem,
1814 1034 2012 1091 obstu-

428 1137 696 1207 pefactus,
730 1152 841 1189 rem
878 1135 1062 1188 censui
1090 1148 1212 1189 esse
1264 1146 1456 1186 vanam
1503 1130 1816 1199 imaginem,
1843 1138 2019 1196 neque

433 1228 569 1282 meis
588 1227 760 1281 oculis
793 1224 950 1277 fidem
977 1223 1174 1288 habui;
1204 1222 1295 1275 sed
1319 1230 1663 1290 posteaquam
1685 1218 1880 1272 litteris
1898 1232 2020 1286 per-

436 1322 618 1383 lectis,
646 1300 847 1371 certior
872 1314 945 1368 fui
968 1314 1145 1367 factus
1178 1313 1376 1366 nullius
1409 1311 1764 1365 alteriusillos
1793 1324 1911 1362 esse
1943 1308 2021 1362 le-

432 1418 887 1481 pores,quantum
926 1405 1119 1459 fuerim
1135 1404 1452 1468 delectatus,
1489 1401 1750 1469 cogitas?
1794 1399 2024 1468 Propius

436 1504 580 1555 enim
612 1502 754 1555 illaut
788 1499 914 1553 mihi
960 1499 1153 1551 adesse
1186 1512 1335 1565 spem
1380 1504 1432 1549 te
1479 1495 1673 1567 iterum
1704 1492 2026 1547 videndiar-

440 1572 673 1648 bitratus
714 1608 856 1647 smn.
915 1589 1112 1643 Patria:
1158 1602 1371 1656 quoque
1424 1602 1542 1639 sum
1598 1584 1920 1649 collaetatus,
1968 1591 2027 1637 ut

442 1699 540 1752 par
597 1692 737 1738 erat.
781 1681 1066 1749 Paulisper
1121 1680 1285 1748 igitur
1321 1689 1372 1733 te
1427 1679 1670 1732 invidum
1722 1674 2025 1746 praebuisti-

436 1776 554 1831 Joci
590 1775 764 1844 gratia
802 1774 933 1827 mihi
957 1773 1157 1841 videris
1185 1771 1487 1834 criminari,
1512 1770 1653 1839 quod
1705 1782 1899 1836 nempe
1940 1780 2033 1821 su-

446 1884 544 1939 pra
575 1841 1002 1936 c—aputimtninet
1022 1866 1065 1919 is
1095 1880 1191 1919 aer
1221 1863 1437 1933 qualem
1457 1863 1693 1925 dicebas,
1729 1860 1873 1931 quod
1894 1875 2029 1929 quo-
2061 1841 2102 1895 Β

441 1977 547 2031 que
584 1977 723 2028 aqua
775 1958 1087 2015 bibentibus
1124 1958 1174 2009 in
1207 1956 1525 2021 memoriam
1580 1967 1733 2008 mare
1785 1957 2024 2014 revocat,

442 2062 497 2108 et
525 2052 668 2122 quod
694 2050 847 2117 panis
878 2064 943 2101 ex
1001 2048 1205 2101 hordeo
1254 2046 1409 2099 nobis
1463 2054 1666 2099 temere
1718 2041 2024 2097 miscetur:

446 2159 550 2197 non
571 2141 853 2195 inﬁciabar
883 2156 897 2205 ;
924 2138 1223 2193 atetiamet
1247 2152 1275 2190 a
1310 2148 1359 2190 te
1386 2135 1664 2190 remissius
1694 2133 2030 2187 acerbaban-

448 2242 535 2286 tur
564 2230 630 2285 ad
681 2230 868 2298 patria:
899 2228 1276 2296 parcendum;
1315 2225 1393 2278 illi
1429 2234 1625 2284 tamen.
1688 2222 2029 2286 charissime,

449 2321 683 2390 gratiam
724 2330 773 2371 te
807 2317 1094 2387 oportebat
1117 2318 1379 2381 tribuere,
1414 2315 1613 2384 quippe
1640 2331 1761 2384 qua:
1813 2315 1877 2367 ad
1912 2313 2032 2383 phi-

450 2408 751 2475 lus-iphiam
795 2406 865 2457 ita
925 2414 1071 2457 tuam
1138 2404 1740 2469 tttentenrexercuerit,
1797 2401 2035 2457 utmodo

451 2497 628 2568 possis
660 2495 874 2565 A‘Zgypti
917 2489 1139 2549 delicias
1171 2495 1476 2563 aspernari.
1513 2493 1767 2563 Recogita
1809 2493 2030 2562 sapien-

452 2599 560 2643 tcm
582 2589 823 2658 Ulyssem
852 2601 1072 2655 parvam
1087 2596 1141 2639 et
1162 2584 1719 2654 asperamincoluisse
1758 2585 1990 2638 insulam
2021 2602 2035 2639 :

451 2680 581 2749 quid
635 2680 779 2732 enim
830 2678 975 2731 aliud
1039 2676 1276 2732 Ithacam
1326 2676 1433 2732 illis
1473 2676 1883 2746 praeposuisse?
1933 2676 2041 2730 Sed

460 2785 637 2841 neque
690 2767 990 2838 Spartanus
1020 2769 1329 2837 quisquam,
1363 2778 1420 2821 ut
1441 2782 1543 2837 ego
1571 2767 1784 2835 opinor,
1812 2766 2043 2837 patriant

459 2861 672 2915 vivendi
708 2860 971 2914 rationem
1006 2860 1270 2928 cogitans,
1296 2857 1545 2927 Spartam
1579 2867 1866 2927 propterea
1905 2858 2047 2931 ritu-1

458 2953 695 3020 perarit.
724 2950 833 3005 Sed
863 2952 1009 3005 unde
1037 2951 1104 3004 ad
1122 2950 1482 3004 accusandum
1514 2951 1632 3003 sine
1662 2949 1830 3003 dubio
1862 2946 2036 3002 fueris

464 3046 739 3109 inductus,
792 3044 907 3099 scio
936 3058 950 3096 :
983 3044 1320 3104 divitiarum,
1376 3043 1602 3109 optime,
1638 3056 1699 3096 es
1742 3056 1948 3106 amans,
1994 3048 2050 3095 et

2107 581 2217 634 τῶν
2249 580 2386 633 νέων
2423 579 2623 648 ψυχαῖς
2647 578 2748 648 τὴν
2775 577 3025 645 γλῶτταν
3049 578 3324 647 ἐπαφιεὶς,
3348 579 3440 631 ἐπὶ
3463 579 3556 632 τὸν
3588 580 3695 648 τῆς

2110 675 2422 743 ἐπιστήμης
2455 671 2686 723 πλοῦτον
2739 669 2960 733 ἰθύνεις,
3001 670 3155 723 οὐδὲν
3201 670 3478 743 ἔλαττονῆ
3531 672 3703 725 πάλαι

2113 766 2439 834 Πυθαγόρας
2464 764 2649 826 αὐτοῖς
2672 762 2978 833 ἐπιδημῶν.
3015 762 3110 816 καὶ
3146 761 3255 833 μὴν
3276 764 3483 827 ἐκεῖνος
3500 767 3529 817 ὁ
3550 765 3702 818 Πλά-

2112 874 2242 909 των.
2272 855 2455 908 Ταῦτα
2508 855 2607 925 μὲν
2661 849 2754 907 οὖν
2791 853 3147 923 ἐλογιζόμην·
3192 856 3256 908 σὺ
3295 854 3352 907 δέ
3388 856 3448 909 οὐ
3481 860 3707 926 μακράν

2117 946 2341 1015 ἀπέχων
2390 944 2705 1009 ἐλάνθανες,
2740 943 2816 1006 ὼς
2849 943 2914 1014 δὴ
2944 943 3038 997 καὶ
3070 946 3098 996 ὁ
3126 943 3224 1015 τὴν
3250 946 3539 1016 ἐπιστολὴν
3574 948 3704 999 ἐπι-

2117 1037 2261 1101 δοὺς,
2292 1037 2353 1090 τὸ
2380 1037 2592 1107 πρῶτον
2620 1034 2916 1105 θαυμάζων
2949 1035 3168 1106 ἀπάτην
3197 1036 3446 1108 ἡγεύμην
3470 1040 3531 1090 τὸ
3561 1040 3711 1109 πρᾶο

2120 1146 2257 1199 γμα,
2292 1130 2386 1181 καὶ
2415 1130 2515 1181 οὐκ
2547 1128 2848 1198 ἐπειθόμην
2890 1130 3005 1190 τοῖς
3038 1127 3368 1197 ὀφθαλμοῖς·
3398 1130 3473 1190 ὡς
3500 1131 3557 1184 δὲ
3591 1134 3709 1194 τοῖς

2123 1221 2598 1292 ἐγγεγραμμένοις
2645 1218 2885 1289 ἐντυχὼν
2935 1218 3195 1290 ἐπείσθην
3243 1221 3317 1291 μὴ
3343 1219 3411 1274 ἂν
3435 1223 3708 1292 ὑπάρχειν

2125 1310 2286 1364 ἄλλον
2319 1309 2419 1372 τὰς
2464 1311 2715 1380 χάριτας,
2753 1309 2927 1381 ἥσθην
2950 1298 3069 1373 πῶς
3120 1311 3334 1375 δοκείς;
3373 1312 3711 1383 Ἐγγυτέρας

2126 1401 2234 1471 γάρ
2287 1401 2459 1465 αὐτάς
2510 1401 2632 1471 ἐμοὶ
2684 1402 2783 1464 τὰς
2814 1402 2908 1454 τοῦ
2967 1419 3026 1455 σε
3074 1404 3238 1457 πάλιν
3286 1403 3411 1456 ἰδεῖν
3451 1404 3712 1473 ἡγούμην

2130 1491 2353 1553 ἐλπίδας
2379 1506 2392 1519 ·
2434 1490 2530 1544 καὶ
2581 1490 2901 1562 συνέχαιρον
2939 1493 3166 1554 εἰκότως
3214 1496 3263 1545 εἰ
3292 1492 3387 1563 τὴν
3430 1494 3711 1561 πατρίδα,

2131 1582 2379 1654 ζηλωτὴν
2412 1580 2545 1651 γοῦν
2593 1582 2787 1654 μικρὸν
2836 1582 3121 1654 ἀπέφηνας
3172 1584 3380 1655 χρόνον.
3427 1585 3499 1637 Σὺ
3521 1585 3579 1636 δὲ
3620 1603 3714 1655 μοι

2132 1679 2308 1742 δοκεῖς
2342 1676 2556 1740 παίζων
2595 1677 2778 1738 αὐτοῖς
2808 1678 3165 1747 κατηγορεῖν·
3202 1678 3288 1730 ὅτι
3328 1676 3427 1746 μὲν
3464 1677 3575 1748 γὰρ
3620 1678 3713 1730 τὸν

2136 1771 2278 1839 ὑπὲρ
2313 1770 2557 1841 κεφαλῆς
2594 1772 2734 1841 ἀέρα
2767 1765 2878 1823 οἷον
2911 1769 3046 1838 έφης
3072 1764 3211 1823 εἶναι
3253 1770 3575 1839 συμϐαίνει·
3620 1771 3714 1822 καὶ

2131 1863 2206 1925 ὡς
2230 1861 2292 1915 τὸ
2327 1861 2472 1933 ὕδωρ
2502 1862 2630 1924 τοὺς
2665 1861 2922 1924 πίνοντας
2963 1863 3042 1924 εἰς
3085 1862 3305 1931 μνήμην
3336 1860 3458 1927 ἄγει
3513 1860 3714 1915 θαλάτ-

2132 1970 2261 2023 της·
2288 1954 2383 2007 καί
2410 1952 2572 2024 ἄρτος
2605 1954 2736 2024 ἡμῖν
2756 1955 2821 2007 ἐκ
2843 1952 3037 2024 κριθῆς
3064 1953 3184 2023 εἰκῆ
3219 1952 3577 2022 μεμιγμένος,
3609 1952 3711 2004 0'52

2132 2044 2200 2099 ἂν
2246 2045 2578 2116 ἀρνηθείην·
2620 2044 2752 2097 ἀλλὰ
2810 2046 2903 2097 καὶ
2936 2043 3156 2097 ἔλαττον
3205 2040 3581 2114 ἐτραγῴδηταί
3630 2060 3711 2095 σοι

2135 2133 2312 2187 ταῦτα
2358 2134 2529 2203 φειδοῖ
2558 2133 2655 2203 τῆς
2686 2134 2941 2203 πατρίδος
2961 2152 2976 2165 ·
3012 2119 3133 2186 ἀλλ”
3154 2135 3323 2203 ὅμως,
3367 2127 3413 2186 ὦ
3442 2132 3709 2202 βέλτιστε,

2138 2226 2298 2298 χάριν
2329 2226 2505 2296 ἐχρῆν
2530 2226 2726 2281 εἰδέναι
2759 2229 2933 2298 ταύτῃ
2962 2228 3098 2297 πρὸς
3122 2227 3437 2295 φιλοσοφίαν
3466 2227 3711 2299 ἀεκούσῃ

2137 2319 2237 2388 τὴν
2256 2318 2505 2388 γνώμην,
2540 2319 2688 2383 ὅπως
2708 2319 2770 2371 ἂν
2793 2320 2993 2388 εἰδείης
3017 2321 3146 2372 ποτὲ
3164 2321 3374 2391 τρυφῆς
3405 2321 3711 2388 Αἰγυπτίας

2143 2411 2454 2481 ὑπερορᾷν·
2498 2410 2758 2465 Ὀδυσσέα
2786 2412 2842 2465 δὲ
2890 2412 2980 2464 τὸν
3015 2413 3177 2480 σοφὸν
3234 2412 3394 2481 νῆσον
3453 2414 3714 2466 οἰκοῦντα

2146 2498 2347 2570 μικρὸν
2403 2498 2538 2567 ὁμοῦ
2594 2500 2689 2553 καὶ
2722 2504 2982 2570 τραχεῖαν
3007 2503 3149 2577 χκαὶ
3186 2502 3238 2553 τί
3251 2501 3372 2571 ’γὰρ
3405 2501 3587 2572 ἄλλοῆ
3622 2504 3717 2572 τὴν

2155 2588 2368 2658 Ἰθάκην
2382 2589 2501 2640 ἀντὶ
2522 2588 2724 2642 τούτων
2741 2589 2976 2659 ᾑρῆσθαι
3001 2608 3015 2655 ;
3040 2590 3183 2643 Ἀλλ’
3206 2591 3326 2643 οὐδέ
3342 2593 3717 2663 Σπαρτιάτης,

2142 2674 2323 2748 οἶμαι,
2355 2678 2452 2749 τὴν
2482 2679 2617 2732 οἴκοι
2647 2679 2856 2733 δίαιταν
2890 2681 3106 2746 ἐννοῶν,
3140 2680 3238 2752 τὴν
3259 2684 3516 2753 Σπάρτην
3548 2686 3724 2754 ἐμέμ-

2146 2770 2305 2839 ψατο.
2351 2769 2493 2823 Ἀλλ’
2526 2766 2642 2825 οἶδα
2688 2772 2853 2824 πόθεν
2893 2774 3021 2825 ποτέ
3085 2777 3413 2844 κατηγορεῖν
3445 2776 3717 2847 ἐπήρθης

2148 2862 2375 2933 φιλοχρη
2386 2862 2569 2932 μάτως
2589 2864 2753 2933 ἔχεις,
2784 2858 2828 2916 ὧ
2842 2864 3033 2935 λῷστε·
3053 2863 3174 2919 εἶτα
3200 2868 3370 2938 βραχύ
3402 2885 3450 2918 τι
3468 2869 3560 2920 τοῦ
3579 2868 3646 2938 λη
3658 2888 3723 2937 μ-

2152 2972 2321 3024 ματος
2343 2957 2604 3019 ἀποστὰς,
2640 2957 2762 3021 Ὶοὺ,
2797 2956 2899 3021 ἰοὺ,
2928 2957 3075 3028 βοᾷς,
3106 2959 3201 3011 καὶ
3216 2958 3303 3010 τὸν
3324 2959 3514 3012 Νεῖλον
3535 2959 3727 3012 πολλα-

2151 3065 2239 3110 κις
2271 3048 2364 3101 καὶ
2398 3048 2487 3101 τὸν
2514 3047 2722 3101 ἐκεῖθεν
2753 3049 2979 3103 πλοῦτον
3010 3051 3321 3114 ἀνακαλεῖς.
3348 3051 3517 3103 Τοῦτό
3538 3054 3595 3103 σέ
3627 3071 3725 3105 που

460 3134 738 3205 paululum
775 3132 1063 3188 deficiente
1094 3131 1269 3196 lucro,
1304 3129 1395 3186 Va:
1432 3132 1447 3185 ἰ
1477 3132 1589 3184 v32!
1620 3132 1849 3195 clamas,
1878 3137 1933 3184 et
1966 3128 2042 3183 Ni-

2155 3139 2324 3206 ξένον,
2358 3141 2437 3204 ὡς
2476 3141 2641 3203 αὐτὸς
2674 3140 2830 3210 ἔφης,
2868 3147 3031 3206 ποιεῖ,
3069 3142 3247 3196 καὶτὸ
3282 3144 3437 3213 σῶμα
3468 3143 3563 3196 τοῦ
3591 3145 3725 3197 Xa:-

460 3228 575 3280 lum
611 3226 839 3295 ejusque
894 3224 1113 3277 divitias
1162 3223 1450 3277 celebras:
1488 3222 1539 3274 id
1600 3231 1649 3276 te
1706 3221 2048 3289 peregrinum

465 3317 616 3378 facit,
646 3326 704 3368 ut
735 3315 874 3368 dicis
899 3315 1037 3378 ipse,
1061 3324 1115 3366 et
1144 3326 1340 3379 corpus
1372 3312 1775 3380 Chrerephonte
1801 3328 1907 3365 non
1938 3325 2054 3365 tne-

467 3407 571 3461 lius
610 3407 927 3462 habentem.
955 3404 1092 3459 Puto
1152 3415 1331 3457 autem
1367 3414 1419 3458 te
1461 3418 1645 3457 amore
1675 3387 1901 3472 quoque
1926 3419 2055 3458 con-

467 3499 613 3568 jugis
641 3497 811 3552 teneri
842 3510 1015 3564 neque
1043 3494 1199 3548 facile
1235 3496 1366 3549 velle
1396 3496 1629 3563 experiri
1678 3510 1850 3564 quam
1901 3511 2055 3551 acer-

369 3638 374 3643 .
466 3592 594 3645 bum
657 3589 729 3643 sit
785 3588 1136 3643 desiderium.
1166 3587 1234 3641 At
1264 3589 1341 3642 sic
1368 3602 1428 3642 ea
1450 3591 1722 3652 eveniant,
1758 3589 2058 3656 Aphrodite

468 3682 663 3737 dilecta
698 3682 790 3737 iet
821 3681 962 3745 vale,
992 3691 1044 3736 et
1078 3682 1283 3735 utinam
1335 3691 1387 3736 te
1436 3681 1583 3735 brevi
1623 3681 1917 3736 liberorum
1960 3696 2055 3749 pa-

474 3785 608 3830 trem
642 3774 883 3828 salutare
908 3773 1068 3827 liccat
1100 3773 1112 3824 !

1121 3864 1182 3917 ll.
1218 3861 1497 3918 PYTlllO.

548 3958 606 4012 Si
635 3958 762 4028 quis
795 3972 878 4012 me
926 3955 1160 4026 primum
1202 3956 1532 4010 conveniens
1566 3969 1597 4009 a
1639 3969 1727 4011 me
1754 3953 2061 4010 sciscitare-

473 4061 562 4107 tur
594 4062 774 4105 utrunt
814 4049 929 4120 lyra
959 4049 1028 4102 sit
1068 4047 1199 4102 mihi
1226 4057 1281 4102 et
1306 4047 1372 4102 de
1425 4047 1704 4101 harmonia
1756 4061 2061 4102 sermonem

477 4144 706 4205 faceret,
739 4141 850 4193 cito
878 4153 965 4192 res
994 4153 1215 4208 prorsus
1239 4148 1382 4193 esset
1409 4147 1691 4207 perspecta
1712 4147 1768 4192 et
1791 4152 1913 4191 eum
1944 4151 2065 4192 esse

480 4234 751 4288 musicum
800 4231 1153 4301 intelligerem
1187 4247 1205 4297 ;
1238 4231 1281 4285 si
1332 4240 1513 4285 autem
1541 4232 1607 4285 de
1664 4231 1833 4285 armis
1880 4237 2066 4286 essent

478 4337 787 4387 sermones,
847 4336 1163 4391 pugnasque
1194 4330 1476 4376 enarraret
1523 4329 1580 4376 et
1633 4320 1760 4375 belli
1812 4321 2065 4376 fortunas

479 4415 855 4470 indesinenter
927 4420 1275 4476 memoraret,
1336 4426 1441 4466 non
1498 4427 1633 4481 opus
1681 4422 1848 4476 esset,
1897 4414 2065 4467 credo

2158 3232 2433 3303 ρεφῶντος
2465 3232 2614 3285 οὐδὲν
2659 3234 2999 3305 ἀστειότερον
3042 3233 3207 3305 ἔχειν.
3241 3230 3406 3305 Οἶμαι
3440 3236 3495 3288 δέ
3532 3253 3585 3288 τε
3636 3237 3731 3290 καῖ

2151 3325 2272 3393 τῆς·
2303 3326 2521 3393 νύμφης
2568 3324 2848 3395 ἐρωτικῶς
2893 3325 3267 3394 περιέχεσθαι,
3302 3326 3395 3378 καὶ
3436 3326 3731 3396 πειρᾶσθαι

2160 3416 2314 3487 μόλις
2360 3417 2537 3470 ὁπόσα
2577 3417 2747 3478 δεινὸς
2790 3417 2973 3479 πόθος.
3011 3417 3174 3470 Ἀλλά
3214 3419 3426 3486 γένοιτο
3456 3417 3607 3470 ταῦθ’
3637 3417 3733 3470 οὖ-

2158 3522 2284 3569 τως,
2327 3506 2613 3576 Ἀφροδίτη
2668 3506 2830 3577 φίλη·
2880 3507 2976 3559 καί⁵
3019 3506 3260 3578 ἔρρωσο·
3303 3507 3398 3559 καί
3446 3524 3507 3561 σε
3535 3508 3730 3562 θᾶττον

2159 3602 2511 3671 προσείποιμι
2550 3602 2642 3655 καὶ
2669 3602 2873 3655 παίδων
2902 3602 3130 3674 πατέρα.

2793 3866 2868 3921 B'.
2926 3867 3144 3923 UTGlQ.

2234 3956 2303 4008 Ετ
2321 3954 2414 4025 μοί
2434 3973 2518 4018 τις
2550 3957 2864 4027 προσελθὼν
2909 3960 2968 4012 οὺ
3014 3960 3278 4029 πρότερον
3316 3959 3470 4013 τοῦτο
3505 3963 3749 4028 statiua;-

2161 4043 2318 4114 ἠξίου
2351 4045 2640 4115 μανθάνειν
2669 4049 2718 4102 εἰ
2760 4049 2931 4118 λύραν
2971 4051 3170 4120 ἔχοιμι,
3195 4050 3290 4103 καὶ
3317 4052 3444 4121 περὶ
3468 4050 3743 4122 ἁρμονίας

2164 4134 2321 4202 λόγον
2352 4137 2548 4202 ἐποίει,
2576 4138 2794 4203 πάντως
2841 4140 2906 4193 ἂν
2930 4141 3178 4211 ᾐσθόμην
3225 4141 3287 4193 τὸ
3336 4143 3591 4211 πρᾶγμα,
3648 4144 3747 4197 καὶ

2165 4224 2246 4277 ὅτι
2296 4228 2555 4295 μουσικὸς
2604 4221 2757 4291 οὗτος
2804 4228 2966 4291 εὐθὺς
3022 4230 3359 4301 ἠπιστάμην.
3397 4230 3459 4282 Εἰ
3501 4230 3560 4282 ὁέ
3612 4232 3748 4299 περὶ

2166 4317 2346 4371 ὅπλων
2376 4313 2519 4388 ἦσαν
2550 4318 2601 4370 οἰ
2648 4318 2817 4387 λόγοι,
2868 4321 2961 4373 καὶ
2994 4322 3168 4391 μάχας
3205 4320 3356 4389 ἔλεγε
3376 4322 3469 4372 καὶ
3499 4320 3746 4389 πολέμου

2167 4407 2332 4478 τύχας
2360 4410 2445 4461 ἀεὶ
2464 4407 2721 4479 διηγεῖτο,
2749 4411 2850 4462 οὐκ
2882 4411 2991 4462 ἔδει
3032 4411 3310 4482 δήπουθεν
3338 4411 3456 4480 Θεῷ
3487 4411 3546 4465 δὲ
3577 4413 3746 4479 ἰέναι,

482 4505 648 4579 Deum
683 4504 834 4557 adire
862 4501 928 4556 ad
950 4501 1229 4556 sciendum
1265 4516 1385 4554 eum
1416 4517 1534 4557 esse
1565 4500 1806 4555 militem.
1840 4499 1945 4556 Sed
1999 4516 2042 4554 at

2170 4502 2265 4553 atat
2284 4501 2366 4553 ὅτι
2398 4500 2739 4572 στρατιώτης
2761 4496 2915 4564 οὗτος
2938 4501 3191 4566 duodeni;
3233 4502 3394 4556 Ἀλλά
3421 4503 3473 4555 τί
3496 4519 3588 4573 μοι
3622 4504 3749 4574 βού-

431 4620 438 4628 ·
481 4596 615 4665 (ιυίιί
648 4593 802 4649 hare?
826 4590 1058 4647 Prorsus
1079 4592 1191 4660 jam
1225 4590 1570 4658 intellexisti;
1595 4592 1947 4645 nihilominus
1978 4602 2058 4644 ta-

484 4702 607 4742 men
646 4688 821 4741 dicam
854 4685 948 4738 :‘is
984 4683 1114 4736 mihi
1142 4696 1195 4737 tu
1224 4683 1428 4738 videris
1482 4684 1536 4735 in
1573 4697 1681 4752 quo
1712 4698 1879 4737 musa:
1907 4683 2063 4737 habi—

479 4786 602 4832 tent
662 4791 898 4846 reapse;
945 4790 1177 4844 quorum
1213 4788 1279 4827 ex
1323 4773 1594 4828 consortio
1650 4774 1859 4827 dulcem
1912 4775 2065 4828 ducis

488 4871 652 4925 vitam
683 4883 857 4938 neque
888 4869 1182 4936 quidquam
1224 4865 1512 4919 demiraris
1557 4879 1754 4934 praeter
1796 4866 1983 4931 libros,
2009 4873 2065 4920 et

484 4974 789 5037 sermones,
850 4968 905 5013 et
956 4946 1215 5026 quidquid
1282 4964 1512 5010 mentem
1577 4956 1857 5010 meliorem
1909 4953 2064 5011 facit.

485 5053 616 5108 Mihi
646 5068 715 5106 ex
767 5040 1132 5118 illotempore
1171 5048 1368 5118 hospes
1401 5048 1552 5103 fuisti
1575 5060 1628 5103 et
1653 5064 1864 5104 mecum
1898 5048 2065 5103 iniisti

486 5146 781 5219 amicitiam
811 5143 926 5209 tibi,
958 5151 1017 5196 ttt
1046 5142 1258 5211 opinor,
1291 5151 1500 5210 gratam
1535 5159 1552 5208 ;
1584 5143 1678 5198 sed
1719 5142 1921 5197 utinam
1976 5142 2065 5196 illa

488 5251 635 5307 spes,
674 5250 837 5304 quam
864 5234 917 5287 in
945 5232 1101 5287 nobis
1134 5232 1447 5300 reposuisti,
1475 5243 1524 5287 te
1567 5247 1842 5300 nunquam
1860 5230 2066 5287 fefelle-

490 5329 562 5382 rit
600 5328 615 5381 l
659 5325 920 5381 Volumen
956 5335 1134 5379 autem
1190 5322 1319 5377 illud
1349 5324 1493 5393 quod
1523 5338 1552 5376 a
1590 5339 1673 5377 me
1704 5325 1863 5391 petis,
1902 5338 2067 5393 penes

492 5431 578 5471 me
601 5416 808 5470 utinam
837 5415 1037 5470 fuerit!
1073 5415 1361 5470 habuisses
1381 5416 1523 5469 enim
1565 5423 1618 5468 tu
1654 5416 1869 5484 quidem
1921 5414 2065 5485 quod

491 5508 788 5577 exoptabas
833 5510 966 5561 mihi
1016 5523 1143 5562 vero
1189 5506 1645 5577 pretiosissimum
1698 5507 1890 5563 fuisset
1937 5508 2066 5577 quid

493 5601 633 5670 grati
668 5600 769 5653 tibi
797 5602 1161 5669 praestitisse;
1211 5615 1355 5654 nunc
1382 5609 1563 5654 autem
1593 5614 1696 5654 nou
1730 5614 1826 5667 per
1868 5599 2065 5654 Socra-

604 5688 900 5763 platanum,
924 5690 1019 5743 sed
1064 5704 1161 5759 per
1207 5691 1351 5757 ipsos
1404 5689 1552 5742 illius
1598 5681 1894 5756 sermones,
1941 5690 2067 5760 juro

524 5698 529 5699 ν
604 5698 900 5763 platanum,
924 5698 1019 5743 sed
1064 5704 1161 5759 per
1207 5698 1351 5757 ipsos
1404 5698 1552 5742 illius
1598 5704 1894 5756 sermones,
1941 5698 2066 5760 juro

246 5698 860 5935 «Nam
886 5779 1052 5836 luisse
1086 5780 1478 5865 fruitunrbono
1514 5780 1625 5847 illo,
1670 5792 2066 5849 quantumcun-

2161 4592 2312 4646 λεται
2367 4591 2574 4657 ταῦτα;
2608 4594 2794 4660 Πάντα
2844 4594 2945 4663 μὲν
2982 4594 3084 4665 ἠδη
3147 4595 3467 4662 μανθάνεις·
3496 4594 3657 4648 οὐδὲν
3691 4596 3751 4649 δέ

2160 4679 2323 4754 ἧττον
2353 4686 2503 4754 ὅμως
2529 4687 2813 4755 εἰρήσεται
2831 4703 2846 4717 ·
2880 4686 3006 4756 ἐμοὶ
3031 4685 3206 4750 δοκεῖς
3234 4687 3310 4750 ὡς
3341 4687 3492 4758 παρά
3521 4688 3624 4757 τὴν
3648 4689 3750 4759 σὴν

2162 4774 2341 4844 ψυχὴν
2393 4774 2564 4838 ὅντως
2590 4775 2831 4829 οἰκοῦσιν
2878 4778 2935 4829 αί
2972 4764 3205 4846 μοῦσαι·
3253 4773 3372 4831 εἶτα
3398 4778 3751 4842 κάτοικοςῶν

2164 4867 2283 4928 ταῖς
2311 4864 2482 4929 θεαῖς,
2516 4865 2631 4934 βίον
2654 4865 2797 4937 ἔχεις
2829 4869 3023 4931 αὐταῖς
3043 4869 3330 4941 ἀνειμένον
3358 4871 3452 4922 καὶ
3471 4869 3633 4922 οὐδέν
3669 4887 3733 4922 σο

2167 4956 2501 5028 θαυμαστὸν,
2529 4959 2611 5012 ὅτι
2649 4959 2724 5029 μὴ
2771 4958 2953 5028 βιϐλία
2980 4962 3074 5014 καὶ
3118 4962 3268 5030 λόγοι
3313 4963 3407 5015 καὶ
3434 4963 3534 5015 ὅσα
3565 4962 3750 5033 ψυχὴν

2166 5048 2261 5100 ἐπὶ
2308 5049 2368 5121 τὸ
2395 5052 2646 5119 κρεῖττον
2689 5051 2915 5119 ἀνάγει·
2945 5052 3197 5107 ἐντεῦθεν
3234 5056 3370 5125 ἡμῖν
3405 5055 3752 5125 exesam,qu

2165 5138 2339 5210 ἀρχὴν
2355 5140 2536 5208 φιλίας
2559 5142 2932 5211 ποιησάμενος
2963 5144 3301 5214 πρέπουσαν,
3319 5141 3495 5215 οἶμαι,
3524 5146 3719 5217 σαυτῷ
3738 5164 3753 5177 ·

2167 5232 2303 5284 ἀλλὰ
2337 5232 2444 5303 γὰρ
2470 5233 2579 5285 εἴθε
2615 5234 2690 5304 μὴ
2739 5234 2842 5304 τῆς
2892 5237 2976 5304 ἐφ’
3008 5237 3140 5307 ἡμῖν
3170 5236 3381 5301 ἐλπίδος
3409 5238 3715 5308 διήμαρτες
3736 5256 3749 5267 ·

2167 5324 2285 5378 ἀλλ’
2309 5326 2447 5395 ὅπερ
2478 5326 2650 5388 αἰτεῖς
2678 5326 2906 5395 βιϐλίον,
2936 5326 3096 5379 τοῦτο
3122 5326 3182 5380 δὲ
3209 5324 3276 5399 ἦν
3315 5329 3447 5399 παρ’
3469 5333 3623 5400 ἡμῖν.
3647 5331 3753 5383 Οὔ·

2166 5434 2244 5471 τω
2281 5418 2391 5489 γὰρ
2413 5417 2507 5471 οὖν
2536 5419 2600 5471 σὺ
2634 5418 2735 5488 μὲν
2775 5414 2919 5488 εἶχες
2957 5420 3129 5472 ἀεὶτὸ
3158 5420 3510 5490 ποθούμενον,
3546 5422 3673 5490 ἐμοὶ
3698 5421 3753 5474 δὲ

2171 5510 2424 5580 μέγιστον
2481 5506 2547 5581 ἦν
2602 5510 2663 5563 τὸ
2707 5511 2885 5563 δοκεῖν
2938 5511 3068 5581 ὑμῖν
3125 5511 3481 5582 κεχαρίσθαι·
3534 5514 3659 5564 νυνὶ
3700 5513 3752 5565 δέ

2166 5602 2371 5672 ὄμνυμι
2403 5603 2465 5655 οὐ
2499 5604 2598 5674 τὴν
2633 5603 2903 5659 πλάτανον
2935 5604 3033 5675 τὴν
3078 5605 3424 5676 Σωκράτους,
3460 5604 3596 5659 ἀλλά
3625 5607 3753 5668 τοὺς

2167 5694 2359 5763 λόγους
2393 5695 2588 5758 αὐτοὺς
2619 5737 2634 5762 ,
2666 5698 2834 5766 μήπω
2853 5713 2923 5765 ,γε
2946 5698 3305 5768 τετυχηκέναι
3330 5697 3423 5751 τοῦ
3474 5698 3754 5766 κτήματος

2170 5786 2347 5841 καίτοι
2402 5786 2650 5863 πλεῖστον
2680 5787 2778 5857 ἤδη
2837 5788 3028 5859 χρόνον
3056 5790 3265 5859 ἐρῶντα
3285 5805 3299 5820 ·
3334 5782 3762 5862 μικρδνδέὒστε-

3898 5128 3909 5287 l
