3976 6210
281 170 415 238 2721

1670 163 2094 229 'EPISTOLIE.

3402 177 3541 242 am

282 315 376 372 ρον
408 293 568 365 (ἀλλὰ
600 293 697 347 σὺν
742 292 916 363 Ἐρμῇ
982 288 1074 343 καὶ
1111 288 1340 359 μούσαις
1358 285 1618 365 εἰρήσθω)
1654 287 1718 340 ἐκ
1763 290 1848 359 τῆς

1965 301 2070 356 que
2102 299 2169 341 ex
2210 287 2380 340 multo
2411 293 2655 356 tempore
2678 286 2791 357 jam
2826 298 3084 359 exoptato
3119 307 3132 355 ;
3166 290 3260 346 sed
3292 308 3397 346 min
3424 307 3543 362 post

292 384 697 457 Ἀλεξανδρείας
714 380 1136 452 κομισθήσεται’
1166 378 1327 431 τοῦτο
1355 378 1463 449 γὰρ
1493 375 1702 430 ἐκεῖθεν
1725 378 1858 447 ἡμῖν

276 481 326 533 οί
348 475 782 549 προσταχθέντες
835 470 1201 525 ἀπέστειλανο
1245 470 1381 541 ὅπερ
1416 472 1463 525 εί
1510 468 1645 541 πρὸς
1697 469 1859 539 ἔργον

276 570 501 641 ἐκϐαίη,
534 551 653 639 δψει
686 584 753 638 με
796 566 1015 628 πάντως
1053 563 1362 635 αὐτόματον
1408 563 1535 630 ύμῖν
1563 564 1857 633 προσιόντα

276 662 405 733 περὶ
450 661 544 714 τοῦ
595 656 918 731 μεταδοῦναι
949 655 1084 711 ὡσεὶ⁵
1137 654 1233 709 καὶ
1271 654 1433 717 αὐτὸς
1465 653 1650 707 λαϐεῖν
1701 656 1857 708 ἐδου-

269 749 472 820 πλόμην.

836 834 931 889 τ’.
964 834 1267 905 Alcmeo.

363 932 431 986 Ἥ
470 932 600 1003 περὶ⁵
624 929 722 999 τῆς
754 928 855 997 σῆς
890 926 1226 989 παιδεύσεως
1273 926 1429 996 φήμη
1464 925 1664 978 ὁποίων
1691 926 1856 997 ηὐχό-

278 1024 419 1096 μεθα
447 1023 623 1091 λόγων
656 1020 754 1084 τὰς
801 1018 1077 1089 ἡμετέρας
1108 1016 1405 1088 ἐνέπλησεν
1440 1017 1629 1082 ἀκοάς.
1670 1019 1729 1072 Ὀ
1755 1018 1855 1087 μὲν

275 1117 383 1186 γὰρ
417 1114 514 1186 τὴν
538 1114 637 1184 τῆς
677 1111 1006 1182 συνηγορίας
1050 1111 1317 1178 ἀφηγεῖτο
1365 1109 1626 1180 σπουδὴν,
1660 1112 1688 1163 6
1710 1109 1767 1163 δὲ
1794 1109 1855 1163 τὸ

310 1226 331 1263 δ
361 1209 473 1270 τοῖς
496 1188 867 1273 δικαστηρίοις
891 1200 1117 1256 εὔπονον
1143 1200 1558 1272 ἀπεθαύμαζεν,
1591 1203 1619 1254 6
1646 1201 1717 1270 ⁸δὲ
1751 1200 1854 1272 τὴν

286 1300 400 1371 τερὶ
422 1298 548 1359 τοὺς
576 1294 901 1366 προσιόντας
927 1292 1160 1360 εὖνοιαν,
1193 1293 1332 1364 πλὴν
1364 1295 1411 1345 εἰ
1449 1293 1522 1364 μή
1546 1310 1631 1357 τις
1657 1294 1852 1359 ἀδική-

283 1406 373 1453 τας
425 1387 760 1458 ἐτύγχανεν·
804 1382 923 1439 οἶδα
964 1386 1061 1438 καὶ⁹
1108 1384 1230 1438 τόδε
1292 1384 1531 1449 ἀκούσας
1583 1384 1660 1447 ὡς
1709 1385 1852 1456 ὁρῶν

279 1498 423 1545 ,τινας
461 1480 604 1550 μέγα
653 1479 749 1549 μὲν
797 1476 1151 1547 δυναμένους,
1214 1474 1593 1545 θαυμάζοντας
1633 1476 1690 1529 δὲ
1743 1475 1851 1529 τῶν

1961 379 2162 433 mullos
2184 377 2302 434 dies
2325 377 2552 447 juvante
2591 378 2861 436 Mercurio
2897 390 2951 436 et
2981 380 3170 446 Musis,
3210 383 3537 441 Alexandria

1959 470 2261 527 afferetur:
2296 470 2421 525 inde
2444 471 2590 525 enim
2634 472 2761 527 illud
2794 473 2831 527 ii
2871 475 2960 543 qui
2993 484 3120 530 sunt
3146 474 3281 544 jnssi
3331 477 3398 530 ad
3455 491 3542 531 me

1957 562 2269 632 allegarunt
2295 581 2309 617 :
2355 563 2499 633 quod
2526 563 2570 616 si
2600 578 2861 633 prospere
2890 568 3170 634 succedet,
3203 584 3289 622 me
3330 567 3539 623 videbis

1958 656 2026 709 ad
2057 671 2151 711 vos
2190 671 2353 724 quam
2378 656 2612 710 maxime
2653 656 2794 710 ultro
2823 670 3160 725 pergentem,
3205 663 3271 714 ad
3295 660 3375 716 sic
3404 660 3541 715 dan-

1958 747 2084 801 dum
2118 749 2271 816 quasi
2307 750 2417 818 ipse
2439 749 2687 816 accipere
2721 758 2984 818 Optarem.

2524 839 2612 895 HI.
2640 840 2964 896 DIODORO.

2030 931 2207 986 Aures
2269 944 2486 987 nosuas
2512 932 2579 986 iis
2602 934 2667 987 de
2704 942 2793 987 tua
2837 933 3178 988 institutione
3217 949 3353 1004 quos
3386 944 3539 1003 opta-

1957 1021 2151 1076 bamus
2179 1025 2525 1077 sermonibus
2550 1023 2693 1077 fama
2720 1025 2965 1094 implevit
2995 1043 3008 1078 :
3035 1026 3173 1078 alter
3189 1026 3333 1080 enim
3391 1037 3535 1081 tuam

1954 1111 2010 1166 in
2042 1114 2285 1168 dicendis
2317 1116 2501 1170 causis
2523 1116 2858 1187 diligentiam
2894 1116 3154 1170 narrabat
3176 1133 3201 1183 ,;
3238 1116 3375 1170 alter
3408 1131 3538 1171 vero

1956 1222 2118 1276 quam
2161 1206 2395 1262 feliciter
2427 1207 2520 1261 tibi
2558 1209 2609 1262 in
2664 1208 2885 1277 judiciis
2920 1212 3157 1273 cederet,
3193 1208 3538 1275 mirabatur;

1958 1299 2153 1353 tertius
2185 1309 2365 1353 autem
2400 1311 2600 1369 quanta
2657 1315 2807 1355 esses
2846 1301 3222 1357 benevolentia
3266 1303 3317 1356 in
3350 1316 3537 1370 quem-

1956 1398 2189 1452 cumque
2215 1386 2969 1457 accedentem.pra:terquam
3011 1405 3133 1445 cum
3190 1391 3310 1460 quis
3343 1392 3540 1461 injuste

1953 1476 2175 1547 egisset.
2241 1476 2354 1532 lloc
2403 1493 2619 1549 quoque
2664 1482 2785 1534 novi
2825 1480 3073 1545 audiens,
3126 1484 3269 1552 quod
3321 1498 3537 1552 nempe,

268 1571 493 1651 δικαίων
533 1569 718 1641 μηδὲν,
748 1569 916 1632 πολὺς
940 1569 1207 1632 ἑπνευσας
1231 1569 1351 1622 κατ’
1379 1567 1580 1634 αὐτῶν,
1610 1568 1707 1621 καὶ
1736 1568 1848 1621 λοι-

1954 1567 2218 1635 quosdam
2281 1582 2404 1622 cum
2468 1569 2683 1624 videres
2718 1570 2946 1624 multum
3009 1581 3276 1641 potentes,
3317 1572 3539 1627 minime

266 1663 452 1735 δορίαν
506 1662 909 1732 ἐπαινουμένην
983 1661 1262 1731 κατέχεες.
1338 1658 1479 1728 Ἐγὼ
1530 1660 1587 1712 δέ
1640 1659 1849 1714 τούτων

268 1757 506 1822 ἀκούων,
536 1752 711 1809 ἄλλων
742 1752 879 1808 ἄλλα
902 1754 1296 1824 διηγουμένων,
1319 1751 1509 1825 ῶσπερ
1541 1753 1728 1817 ἔνθους
1758 1754 1848 1823 ὑφ’

254 1850 461 1923 ἡδονῆς
491 1847 782 1918 ἐγενόμην,
812 1848 909 1901 καλ¹
942 1847 1085 1917 μέγα
1114 1862 1181 1915 γε
1225 1849 1339 1910 τοῖς
1374 1846 1553 1915 λόγοις
1610 1846 1847 1917 φρονῶν,

266 1942 487 1995 ἐδόκουν
526 1941 692 2004 αὐτὸς
747 1939 1125 1993 ἐπαινεῖσθαιο
1161 1939 1262 2010 ἤδη
1295 1939 1353 1993 δέ
1390 1942 1485 1994 καὶ
1514 1941 1675 2012 χάριν
1704 1940 1851 2009 ὡμο-

267 2034 461 2102 λόγουν
484 2036 599 2096 τοῖς
646 2031 1099 2101 ἐπαγγέλλουσιν,
1133 2029 1322 2101 ῶσπερ
1366 2030 1623 2085 εἰώθασιν
1653 2034 1702 2084 οί
1739 2032 1851 2084 τῶν

267 2127 474 2189 αὐτοὺς
501 2124 871 2178 ἐπαινούντων
894 2121 1207 2186 ἀκούοντες.
1256 2122 1412 2178 οὕτω
1468 2123 1525 2177 δέ
1556 2123 1733 2194 ἔχοντι
1757 2125 1852 2177 καὶ

264 2214 602 2285 λογιζομένῳ
653 2211 973 2284 προσελθὼν
1035 2214 1063 2265 6
1122 2212 1285 2275 καλὸς
1327 2212 1519 2283 Ὠρίων
1569 2214 1669 2285 τὴν
1718 2213 1849 2283 παρ’

268 2309 422 2377 ὑμῶν
452 2304 602 2376 αὐτῷ
630 2307 935 2376 γραφεῖσαν
992 2302 1285 2373 ἐπιστολὴν
1313 2302 1559 2357 ἐπεδίδου
1586 2320 1600 2335 ·
1633 2304 1727 2357 καί
1759 2321 1850 2375 μοι

266 2398 368 2467 τῆς
414 2397 598 2467 φιλίας
634 2395 975 2464 συνέχαιρεν,
1000 2393 1192 2464 ῶσπερ
1232 2392 1405 2446 δεινὸν
1438 2394 1763 2464 ⁴ἡγούμενος,
1802 2394 1850 2446 εί

266 2489 558 2550 λανθάνεις
613 2488 746 2558 παρ’
779 2486 905 2555 ἐμοὶ
940 2484 1181 2547 τοιοῦτος
1228 2485 1489 2555 ὑπάρχων
1510 2501 1524 2515 ο
1553 2484 1664 2554 ἐγὼ
1703 2484 1761 2537 δέ
1789 2501 1848 2536 σε

276 2578 416 2649 μετὰ
444 2577 544 2648 τὴν
560 2577 750 2647 φήμην
773 2577 839 2645 τῇ
868 2574 1038 2644 πείρᾳ
1071 2572 1277 2644 μαθὼν,
1312 2576 1406 2627 καὶ
1434 2568 1542 2636 οἷος
1565 2591 1631 2626 πε
1642 2574 1695 2644 ρὶ
1718 2573 1849 2657 τοὺς

262 2671 575 2741 δεομένους,
596 2669 700 2724 κᾶν
722 2668 797 2739 μὴ
821 2667 1064 2738 παρῶσι,
1081 2665 1445 2736 καθέστηκας,
1470 2665 1581 2719 οὐδ’
1598 2668 1664 2720 ἂν
1678 2669 1850 2719 εἰπεῖν
1896 2689 1901 2693 ·

265 2761 411 2830 ἔχοις
442 2761 567 2812 ὅσον
588 2756 898 2827 ἐθαύμασα,
920 2753 1016 2808 καὶ
1049 2753 1213 2806 αὑτὸν
1238 2752 1538 2805 ἐπεκάλουν
1561 2752 1850 2823 εὐδαίμονα

264 2853 364 2923 τὴν
399 2851 499 2921 σὴν
529 2848 871 2919 εύτυχηκότα
899 2846 1166 2916 σπουδήν·
1200 2844 1278 2907 ὡς
1300 2843 1356 2895 δέ
1384 2845 1476 2896 καὶ
1506 2844 1849 2913 γραμμάτων

1952 1674 2082 1713 vero
2108 1658 2370 1728 justitiam
2398 1660 2773 1730 observantes,
2814 1662 3130 1733 frequenter
3170 1665 3222 1718 in
3253 1680 3347 1719 eos
3385 1663 3538 1719 fuisti

1953 1749 2202 1806 invectus
2266 1752 2584 1808 collaudatis
2666 1754 3161 1824 objurgatiouibus.
3227 1755 3356 1822 Quae
3430 1771 3536 1809 au-

1939 1845 2107 1900 .diens
2139 1887 2155 1912 ,
2196 1845 2299 1901 alia
2347 1847 2472 1902 aliis
2523 1850 2895 1913 narrantibus,
2928 1858 3185 1919 tanquam
3235 1860 3389 1905 extra
3425 1863 3539 1903 me-

1954 1935 2133 2005 ipsum
2166 1952 2276 2006 pra:
2305 1939 2504 2005 gaudio
2560 1949 2751 2009 raptus
2784 1957 2956 2006 erant,
2978 1950 3143 2009 atque
3172 1940 3334 1994 dictis
3355 1945 3541 2008 s‘uper-
3562 1982 3574 1993 .

1953 2025 2129 2092 biens,
2157 2027 2267 2095 jam
2302 2029 2418 2097 ipse
2451 2029 2663 2083 laudari
2706 2031 2837 2085 mibi
2864 2031 3106 2096 videbar,
3136 2031 3539 2085 nuntiantibus—

1952 2132 2059 2186 que
2082 2119 2287 2187 gratias
2338 2120 2574 2174 tribuere
2602 2121 2894 2189 proﬁtebar
2937 2136 3045 2175 non
3089 2121 3324 2175 absimili
3374 2121 3533 2174 modo

1954 2226 2115 2279 quam
2149 2213 2240 2281 qui
2277 2222 2327 2267 te
2355 2213 2559 2267 laudari
2588 2214 2834 2269 audiunt.
2867 2213 2998 2269 Cum
3031 2224 3207 2268 autem
3262 2214 3335 2266 ita
3360 2227 3538 2269 essem

1953 2301 2196 2366 affectus,
2233 2304 2616 2372 superveniens
2648 2302 2920 2357 formosus
2937 2304 3102 2359 Orion
3121 2303 3405 2374 epistolam
3433 2313 3538 2359 ate

1955 2390 2048 2445 tibi
2082 2392 2340 2459 scriptam
2394 2393 2636 2446 ostendit
2674 2403 2727 2447 et
2763 2393 2893 2446 milii
2931 2405 3073 2447 tuam
3121 2395 3418 2447 amicitiam
3454 2405 3537 2448 est

1953 2481 2559 2550 congratulatus,quasi
2602 2483 3002 2553 mirabilequid
3033 2482 3303 2550 iudicaret
3333 2500 3392 2539 se
3441 2500 3538 2539 ne-

1954 2572 2099 2627 scire
2133 2572 2424 2628 illiusmodi
2456 2574 2599 2642 apud
2639 2590 2724 2629 me
2779 2586 2829 2628 te
2855 2589 2998 2629 esse.
3046 2574 3155 2645 Ego
3210 2591 3359 2636 vero.
3412 2590 3534 2630 cuin

1954 2679 2059 2717 non
2095 2663 2233 2717 fama
2263 2665 2436 2717 solum
2464 2665 2557 2719 sed
2600 2676 2655 2719 et
2690 2681 2749 2719 re
2777 2667 3166 2736 comperissem
3203 2668 3379 2737 qualis
3405 2684 3535 2737 erga

1955 2736 2237 2823 rogantes,
2270 2755 2398 2808 licet
2432 2770 2539 2809 non
2583 2764 2900 2823 pra-sentes,
2944 2757 3020 2812 sis
3053 2758 3247 2823 animi,
3284 2773 3389 2811 nou
3420 2776 3537 2827 pos-

1950 2860 2044 2917 ses
2073 2846 2374 2914 intelligere
2404 2857 2661 2915 quantum
2691 2848 2793 2901 siin
2825 2848 3117 2903 miratusel
3149 2850 3298 2903 illuni
3322 2850 3533 2905 felicem

263 2943 418 3012 ἠξίου
464 2942 650 3010 τυχεῖν
691 2936 827 3007 παρ’
870 2936 1028 3011 ἐμοῦ,
1084 2938 1149 3007 τῇ
1175 2936 1277 3005 τῆς
1306 2937 1488 3005 φιλίας
1535 2936 1722 3005 μνήμη
1753 2933 1848 3005 τὴν

1954 2932 2361 3002 praadicaverim
2396 2939 2487 3004 qui
2515 2948 2658 2991 tuam
2679 2939 2729 2992 in
2767 2954 2825 2993 se
2845 2940 3180 3010 diligentiam
3206 2941 3532 2996 obtinuerit:

267 3033 362 3105 σὴν
396 3030 708 3103 προθυμίαν
747 3030 828 3082 ἐτι
867 3029 1069 3099 μᾶλλον
1095 3028 1410 3100 ἐγείραντα,
1446 3027 1618 3098 εὐήθη
1657 3026 1847 3079 τοῦτον

265 3127 523 3181 ἐκάλουν
577 3124 652 3194 μὴ
675 3124 783 3192 γὰρ
814 3124 880 3177 ἄν
930 3139 989 3175 σε
1041 3119 1180 3192 πρὸς
1210 3121 1411 3193 ἀρετὴν
1441 3120 1722 3189 πεφυκότα
1744 3137 1847 3171 κα-

265 3217 399 3284 λῶς,
426 3216 781 3286 γραμμάτων
814 3213 1026 3267 δεῖσθαι
1056 3213 1194 3284 πρὸς
1228 3212 1434 3284 ταύτην
1466 3212 1839 3283 παρακαλούν·
1884 3270 1887 3271 ν

264 3325 407 3364 των’
459 3308 574 3361 ἀλλ’
614 3308 764 3375 ὅμως
797 3304 992 3358 τοῦτον
1016 3305 1121 3358 οὐκ
1160 3304 1409 3358 ἔπειθον·
1440 3290 1626 3357 ’ἐδόκει
1655 3306 1762 3374 γάρ
1792 3321 1845 3357 τι

266 3404 359 3457 καὶ
378 3402 586 3455 δίκαιον
614 3399 816 3465 λέγειν,
843 3396 916 3458 ὡς
951 3399 979 3449 6
1010 3397 1131 3451 καθ’
1161 3398 1354 3451 ἐαυτὶν
1378 3396 1639 3463 τοιοῦτος,
1667 3397 1750 3458 τίς
1778 3397 1845 3451 ἂν

264 3495 473 3563 γένοιτο
495 3491 840 3561 γραμμάτων
875 3488 1055 3557 τυχὼν
1084 3489 1233 3559 παρὰ
1262 3488 1397 3555 σούς
1429 3488 1638 3541 Οὐκοῦν
1664 3488 1845 3555 γένοιο

267 3587 368 3655 μὲν
399 3583 558 3646 αὐτὸς
585 3584 766 3644 ὁποῖος
801 3580 1180 3651 καὶπρότερον
1198 3596 1212 3611 ο
1245 3580 1574 3649 ἐπαινοίμην
1606 3580 1663 3633 δέ
1683 3580 1844 3633 πάλιν

266 3675 367 3743 τῆς
424 3673 605 3742 φιλίας
654 3670 799 3740 ἐγώο
848 3670 921 3741 μὴ
962 3670 1250 3741 διαμάρτοι
1298 3669 1355 3722 δέ
1395 3670 1496 3738 τῆς
1556 3669 1642 3737 ἐφ’
1684 3669 1843 3739 ὑμῶν

265 3764 478 3827 ἐλπίδος
515 3767 543 3817 6
567 3764 683 3828 νέος
714 3779 729 3794 ο
771 3763 907 3816 ἀλλὰ
937 3763 1233 3831 γνώτωσαν
1268 3764 1317 3814 oi
1350 3761 1420 3814 τὰ
1452 3761 1664 3829 μεγάλα
1684 3761 1836 3814 δύνα-

266 3859 390 3913 σθαι
412 3855 716 3922 δοκοῦντες,
746 3856 822 3918 ὡς
869 3855 979 3925 ἄρα
1004 3853 1112 3908 τῶν
1145 3853 1372 3908 δικαίων
1419 3854 1569 3907 ἐστὶν
1615 3853 1841 3917 εἰκότως

262 3952 550 4024 ἡττᾶσθαι.

816 4047 891 4098 A'.
911 4041 1291 4112 ΙΕΡΩΝΥΜῼ.

344 4137 487 4205 Ἐγὼ
523 4138 621 4208 μὲν
645 4139 744 4208 τῆς
770 4136 1008 4204 ἀδελφῆς
1035 4132 1316 4187 λανθάνειν
1338 4131 1495 4202 ᾤμην
1527 4132 1617 4186 τὸν
1637 4131 1837 4203 γάμον,

261 4232 355 4283 καὶ
385 4231 450 4299 δὴ
493 4233 607 4292 τοῖς
644 4228 985 4298 προσήκουσι
1024 4225 1122 4295 τὴν
1155 4225 1331 4277 οἰκίαν
1364 4223 1655 4292 ἐγνῶσθαι,
1689 4226 1761 4296 μή
1788 4242 1839 4278 τι

1953 3039 2074 3078 cum
2128 3037 2307 3078 autem
2348 3027 2509 3079 etiam
2546 3043 2574 3080 a
2619 3044 2703 3081 tne
2734 3030 2946 3083 litteras
2998 3030 3318 3098 postularet,
3356 3031 3530 3096 illum,

1949 3129 2014 3171 eo
2070 3119 2210 3187 quod
2263 3132 2404 3171 tuam
2458 3120 2892 3176 benevolentiam
2960 3125 3218 3178 amicitia:
3273 3125 3531 3179 memoria

1948 3222 2149 3277 augere
2202 3210 2387 3277 vellet,
2421 3212 2644 3265 stultum
2670 3214 2950 3271 dixi:non
2975 3217 3119 3269 enim
3154 3216 3275 3279 tibi,
3326 3217 3417 3286 qtti
3462 3216 3532 3270 ad

1950 3299 2213 3353 virtutem
2249 3301 2653 3358 feliciternatns
2673 3319 2753 3370 es,
2790 3306 2986 3361 litteris
3018 3316 3066 3361 te
3091 3308 3158 3361 ad
3216 3321 3338 3361 eum
3404 3308 3535 3361 inci-

1951 3392 2194 3444 tantibus
2227 3407 2364 3460 Opus
2398 3404 2500 3447 est.
2531 3393 2681 3448 Illum
2721 3406 2903 3452 tamen
2937 3414 3042 3452 non
3067 3400 3354 3467 persuasi:
3388 3410 3533 3456 recte

1946 3480 2090 3533 enim
2117 3482 2333 3548 quidem
2367 3483 2657 3539 videbatur
2702 3487 2751 3540 id
2801 3488 3007 3555 dicere,
3043 3503 3261 3557 nempe,
3309 3489 3398 3558 qui
3451 3490 3531 3544 sic

1944 3582 2027 3627 est
2054 3587 2082 3625 a
2110 3573 2309 3643 seipso,
2334 3575 2465 3645 quid
2504 3594 2609 3633 non
2637 3580 2960 3636 eritlitteras
2986 3598 3015 3634 a
3043 3592 3094 3636 te
3110 3582 3384 3652 accipiens
3407 3580 3532 3635 ?Tu

1947 3669 2112 3737 igitur
2140 3670 2183 3723 is
2213 3672 2289 3724 sis
2332 3673 2423 3742 qui
2460 3683 2643 3735 antea.
2677 3690 2777 3744 ego
2808 3686 2986 3730 autem
3025 3692 3214 3733 rursus
3242 3678 3308 3732 de
3339 3677 3534 3733 amici~

1947 3760 2018 3813 tia
2044 3760 2231 3816 lauder
2256 3762 2502 3829 ;juvenis
2532 3778 2711 3820 autem
2737 3767 2825 3821 illa
2850 3783 2965 3837 spe,
2993 3784 3091 3838 pro
3111 3779 3199 3822 tua
3227 3780 3400 3837 parte,
3422 3785 3529 3824 non

1944 3852 2179 3920 decidat,
2213 3857 2306 3910 sed
2332 3857 2510 3911 Sciant
2555 3860 2643 3926 qui
2686 3860 2915 3913 multum
2952 3873 3110 3928 posse
3142 3858 3416 3926 videntur,
3442 3858 3532 3929 ju-

1944 3944 2109 4000 stitiaa
2135 3962 2349 4015 quoque
2372 3963 2493 4002 esse
2523 3958 2828 4018 Opportune
2864 3950 3029 4004 vinci.

2468 4038 2557 4093 IV.
2595 4039 2898 4096 HlEllONY
2912 4039 3023 4095 ΜΟ.

2018 4129 2129 4199 Ego
2176 4131 2392 4199 quidem
2455 4134 2721 4202 opinabar
2776 4145 2827 4190 te
2874 4135 3126 4205 ignorare
3180 4141 3386 4198 sororis
3430 4157 3531 4196 nu-

1944 4222 2326 4290 ptias,easque
2349 4225 2601 4279 omnibus
2634 4226 2885 4282 aﬂinibus
2921 4237 3079 4285 notas
3120 4247 3263 4298 esse,
3303 4245 3530 4303 pra-ter-

263 4323 369 4384 σοὶ,
404 4323 462 4374 ὃν
491 4320 652 4393 ᾤμην
677 4321 758 4373 ἔτι
814 4320 965 4390 παρὰ
995 4318 1074 4389 τῷ
1111 4318 1293 4386 Νείλῳ
1340 4316 1639 4386 καθῆσθαι·
1686 4317 1745 4370 σὲ
1776 4316 1831 4369 δὲ

1953 4328 2102 4381 quam
2128 4315 2220 4366 tibi
2262 4330 2421 4382 quem
2478 4318 2653 4372 adhuc
2696 4320 2762 4372 ad
2813 4317 2992 4376 Nilum
3034 4338 3155 4378 esse
3203 4328 3527 4395 credebant;

258 4415 542 4468 λανθάνειν
577 4413 720 4465 ἔοικε
757 4410 866 4464 τῶν
895 4414 976 4475 εἰς
1004 4411 1216 4482 τρυφὴν
1244 4411 1488 4480 ἡκόντων
1508 4408 1658 4463 οὐδέν
1676 4428 1689 4442 ι
1724 4409 1837 4461 ἀλλ’

255 4504 406 4572 ἡμᾶς
433 4501 493 4554 τέ
527 4518 581 4555 τι
621 4501 842 4571 δρᾶται,
872 4500 968 4552 καὶ
1001 4498 1060 4550 σέ
1109 4496 1435 4568 προσϐάλλει
1492 4496 1775 4567 πόρρωθεν
1805 4497 1838 4565 ἡ

217 4642 221 4647 .
257 4593 367 4646 τῶν
400 4594 836 4665 ἐπιτελουμένων
872 4592 1041 4664 ὀσμή·
1076 4592 1167 4645 καί
1199 4608 1300 4643 που
1321 4590 1463 4659 τάχα
1487 4591 1579 4643 τὸν
1614 4590 1841 4659 Ὁμηρι-

258 4685 354 4737 κὸν
394 4684 491 4737 Δία
528 4685 685 4755 νικᾷς
721 4682 909 4753 λοιϐῆς
952 4684 1046 4737 καὶ
1077 4681 1305 4750 κνίσσης
1360 4678 1502 4750 ὁρῶν
1554 4678 1840 4748 ἑλισσομέ-

257 4796 357 4847 νης
389 4780 515 4847 περὶ
556 4776 783 4847 καπνῷ·
819 4777 994 4831 ταῦτά
1035 4795 1094 4831 σε
1141 4775 1333 4838 Νεῖλος
1378 4774 1619 4845 διέθηκε,
1666 4773 1761 4826 καὶ
1793 4775 1840 4825 οἱ

262 4870 392 4938 παρ’
440 4871 650 4921 ἐκεῖνον
707 4867 1019 4936 εὐδαίμονες
1065 4869 1368 4939 ἄνθρωποι,
1437 4864 1557 4935 μεθ’
1603 4863 1697 4927 οὓς
1742 4865 1841 4937 τὴν

257 4958 482 5012 ἀλοῦσαν
514 4959 701 5025 οἰκῶν,
730 4957 995 5030 ὀξυτέραν
1028 4958 1171 5028 ἔχεις
1205 4960 1303 5031 τὴν
1330 4958 1607 5027 αἴσθησιν,
1640 4954 1695 5007 εί
1737 4972 1841 5007 που

258 5046 320 5116 δή
350 5064 414 5114 γε
445 5047 651 5109 καπνὸς
703 5046 1037 5099 ἀναδίδοται·
1072 5045 1163 5098 τὸν
1219 5046 1275 5098 δὲ
1326 5046 1418 5099 σὺν
1447 5045 1614 5099 παῖδα
1644 5043 1840 5115 μικροῦ

256 5139 366 5190 δεῖν
400 5137 639 5208 ὥρμησα
678 5137 941 5191 διαθεῖναι
999 5138 1208 5201 κακῶς,
1253 5139 1334 5191 ὅτι
1363 5138 1437 5209 μὴ
1487 5139 1841 5208 μαζὸγραφος

256 5239 336 5297 εἰς
362 5235 563 5298 πλάτος
590 5234 771 5305 ἁφῆκέ
804 5252 897 5288 σου
932 5235 1028 5305 τὴν
1063 5235 1375 5305 ἐπιστολὴν,
1406 5237 1540 5287 ἀλλὰ
1571 5235 1723 5304 παρὰ
1747 5233 1840 5286 σοῦ

254 5325 406 5396 δῶρα
434 5327 752 5397 προσάγων,
790 5327 1055 5395 μετέλαϐε
1108 5345 1167 5380 τε
1200 5331 1266 5398 τῇ
1316 5328 1440 5399 θέᾳ·
1488 5328 1584 5379 καὶ
1611 5329 1711 5379 οὐκ
1745 5321 1840 5379 οἷδ’

254 5420 405 5479 ὅπως
442 5437 532 5488 μοι
564 5420 775 5473 διέλυσε
801 5421 894 5472 τὸν
919 5420 1091 5489 θυμόν
1115 5436 1132 5453 ο
1168 5422 1269 5473 οὐκ
1301 5422 1380 5483 εἰς
1435 5420 1651 5491 μακράν
1683 5420 1738 5473 δέ
1780 5436 1840 5471 σε

257 5509 447 5563 τοῦτον
507 5512 811 5582 ἀμείψομαι
834 5511 915 5582 ·’ῆ
953 5513 1057 5582 γὰρ
1104 5513 1296 5582 γέγονέ
1350 5529 1431 5567 σοι
1468 5511 1839 5584 θνγάτριον,ἢ

255 5604 565 5671 γενήσεται.

1944 4408 2037 4461 sed
2073 4420 2130 4461 ut
2174 4409 2407 4472 videtur,
2436 4412 2572 4463 nihil
2615 4421 2667 4466 te
2695 4413 2823 4469 latet
2853 4431 3039 4471 eorum
3060 4434 3179 4486 quae
3210 4420 3277 4473 ad
3309 4420 3528 4476 delicias

1943 4504 2254 4568 pertinent,
2290 4515 2346 4556 at
2389 4504 2571 4573 aliquo
2626 4508 2787 4562 modo
2828 4508 2878 4562 in
2926 4520 2976 4563 te
3015 4514 3146 4581 agit,
3174 4523 3227 4567 et
3265 4515 3331 4567 ad
3392 4526 3443 4570 te
3497 4532 3526 4570 a

1944 4592 2105 4660 longe
2130 4595 2373 4659 pervenit
2392 4596 2610 4664 quidam
2636 4611 2826 4651 eorum
2844 4615 2963 4669 quae
2986 4604 3342 4671 perﬁciuntur
3358 4611 3525 4674 odor;

1944 4683 2169 4737 forsitan
2221 4701 2435 4755 quoque
2483 4685 2670 4743 Jovem
2691 4690 3305 4749 vincisllotnericutnin
3351 4702 3525 4767 perci.

1942 4776 2141 4843 piendo
2173 4777 2459 4832 libationes
2483 4790 2536 4834 et
2578 4782 2824 4837 nidorem
2871 4785 2929 4838 in
2975 4786 3130 4841 fumo
3193 4789 3526 4846 volutatum:

1945 4867 2088 4934 quod
2116 4866 2211 4919 tibi
2247 4869 2391 4923 dedit
2445 4869 2598 4925 Nilus
2632 4883 2681 4927 et
2718 4872 2902 4931 felices
2949 4876 3068 4946 ejus
3115 4881 3338 4946 accolae,
3393 4884 3531 4935 inter

1943 4970 2078 5023 quos
2119 4959 2418 5024 placentem
2457 4975 2655 5016 terram
2687 4966 2927 5021 incolens
2976 4971 3315 5027 acntioribus
3349 4974 3528 5028 sensi-

1946 5047 2041 5101 bus
2077 5051 2308 5117 percipis
2365 5052 2536 5106 sicubi
2596 5058 2687 5107 Ιυιι
2715 5072 2776 5110 us
2802 5059 3063 5113 ascendit.
3109 5059 3305 5115 Parnm
3347 5074 3526 5116 autem

1945 5145 1989 5193 at
2013 5139 2115 5195 fuit
2171 5145 2301 5211 quin
2368 5160 2593 5212 puerum
2658 5158 2807 5202 tuum
2864 5152 3006 5206 male
3056 5153 3350 5218 baberent,
3401 5155 3525 5223 quia

1946 5243 2090 5285 tuam
2138 5234 2191 5286 in
2243 5235 2407 5287 altum
2459 5238 2742 5304 epistolam
2788 5241 3045 5295 emiserat
3079 5259 3093 5305 ;
3130 5244 3222 5296 sed
3276 5255 3362 5296 tua
3408 5262 3527 5298 mu-

1946 5341 2072 5379 nera
2139 5326 2419 5394 proferens
2481 5330 2611 5382 mihi
2670 5342 2904 5385 mentem
2975 5350 3161 5388 eorum
3231 5348 3526 5406 compertu

1946 5419 2173 5470 mutavit
2207 5430 2257 5470 et
2293 5436 2399 5486 qun
2433 5422 2616 5475 nescio
2648 5425 2807 5476 modo
2833 5426 2971 5479 iram
3034 5426 3242 5483 lettivit.
3277 5426 3390 5482 Non
3423 5414 3541 5483 ειιιο⁵

1946 5522 2050 5562 tem
2086 5511 2253 5562 multo
2283 5524 2400 5579 post
2443 5515 2534 5566 tibi
2570 5516 2858 5582 rependam
2895 5534 2908 5571 :
2950 5517 3030 5574 vel
3084 5520 3228 5574 enim
3260 5519 3372 5592 jam
3401 5533 3526 5576 nata

1944 5613 2026 5658 est
2057 5603 2138 5667 vel
2184 5612 2439 5658 nascetur
2478 5604 2571 5659 tibi
2606 5605 2736 5659 lilia.
