3976 6210
413 60 559 128 2723

1029 236 1344 294 ROMANO.

490 351 797 423 Legislator
848 349 938 406 ille
976 349 1168 417 Solon,
1233 364 1357 406 cum
1419 350 1533 407 suis
1581 351 1793 423 legibus
1842 368 2004 422 quam

1772 61 2088 123 PROCOPI
2097 62 2123 122 Ι
2153 63 2395 123 GAZ/EI

416 170 484 226 ν.
521 165 753 224 Αωρο
786 165 873 221 ET
916 164 1648 242 sracocnatnuartcrs
1689 167 1775 223 ar
1817 168 2004 225 lEItIO
2040 208 2045 232 1

2153 177 2186 224 ν.
2246 170 2481 242 anno
2538 171 2655 224 ΚΑΙ
2723 167 2894 242 arar

3551 68 3703 132 2724

2993 170 3517 227 ΓΡΑΜΜΑΤΙΚΟὶΣ
3579 173 3701 228 ΚΔΙ

2622 241 2799 321 ΙΕΡΙῼ
2853 240 3182 311 comma.

2182 354 2383 409 Σόλωνι
2418 354 2494 426 τῷ
2532 355 2800 429 νομοθέτῃ
2836 355 3026 424 ἐπειδὴ
3077 356 3261 443 νόμων
3313 356 3479 413 ἕνεκα
3515 358 3703 424 καλῶς

417 446 625 516 optime
670 445 974 499 institutam
1029 456 1152 497 esse
1189 441 1417 498 vidisset
1475 444 1775 509 civitatem,
1804 445 2006 499 malum

2149 465 2257 518 (ειν
2286 448 2495 520 ἡπόλις
2551 448 2750 513 ἐδόκει,
2802 447 2978 502 δεινὸν
3022 447 3327 521 ἡγούμενος
3392 451 3555 523 μέχρι
3599 453 3700 523 τῆς

421 551 545 592 esse
573 535 871 591 arbitratus
897 544 984 591 est
1022 532 1326 588 mirabilem
1371 548 1525 588 suam
1557 534 1880 605 sapientiam
1925 536 2010 590 in-

417 636 506 683 tra
558 629 754 683 Atticae
820 630 957 684 lines
1012 626 1336 699 angustiari.
1367 623 1555 697 Itaque
1611 628 1678 683 ad
1723 625 2010 700 Egyptios

318 720 326 726 ’
426 721 692 791 perrexit,
725 719 854 775 licet
886 719 1140 776 omnibus
1179 719 1543 791 sapientiores
1562 732 1684 774 esse
1713 719 2013 791 gloriaren-

420 824 514 868 tur
539 829 555 877 ;
585 813 684 867 ivit
711 827 931 883 quoque
958 812 1026 867 ad
1063 811 1316 868 Crtesum
1355 811 1561 867 divitiis
1622 822 1879 881 tanquam
1932 811 2014 867 fe-

421 905 631 960 licitate
652 906 1079 976 superbientem.
1110 903 1285 974 Maius
1316 919 1443 961 esse
1490 902 1674 960 Soloni
1730 903 2015 959 videbatur

421 997 693 1066 sapientia
734 996 936 1065 pollere
967 1012 1129 1067 quam
1182 996 1384 1052 divitiis
1416 995 1521 1051 illis
1576 1010 1715 1066 quas
1754 996 2016 1052 Pactolus

2126 540 2381 611 Ἀττικῆς
2409 539 2560 611 αὐτῷ
2596 539 2697 611 τῆς
2720 541 2909 611 σοφίας
2931 541 3154 596 ἑστάναι
3187 541 3247 595 τὸ
3273 542 3484 613 θαῦμα,
3512 546 3702 615 ἐφοίτα

2117 630 2218 701 μὲν
2243 632 2373 703 παρ’
2392 631 2726 701 Αἰγυπτίους
2766 633 2967 701 καίπερ
3015 633 3361 705 σοφωτέρους
3387 634 3496 689 τῶν
3526 638 3702 693 ἄλλων

2114 722 2452 793 αὐχοῦντας*
2501 722 2692 793 ἐφοίτα
2742 721 2801 776 δέ
2848 723 2945 776 καὶ
3000 721 3158 795 παρὰ
3206 725 3443 794 Κροῖσον
3494 726 3572 789 ὡς
3614 728 3703 780 ἐπ’

2117 818 2440 891 εὐδαιμονίᾳ
2465 816 2545 889 τῷ
2573 817 2788 889 πλούτῳ
2829 816 3109 889 κομῶντα.
3157 816 3360 883 Μεῖζον
3386 820 3496 891 γὰρ
3525 821 3701 875 ἐδόκει

2114 906 2195 977 τῷ
2231 906 2432 962 Σόλωνι
2476 904 2640 978 σοφίᾳ⁵
2672 907 2910 977 τρυφᾷν,
2939 905 2975 977 ἢ
3012 905 3201 977 χρυσῷ
3249 907 3391 978 ῥέων
3419 910 3451 962 ό
3479 910 3705 963 Πακτω-

2116 994 2208 1059 λὸς
2234 995 2338 1066 γῆν
2364 993 2464 1065 τὴν
2489 994 2623 1064 ὅσην
2652 993 2892 1064 ἐπῆλθεν
2917 995 3125 1056 ἐκεῖνος
3152 1009 3166 1023 ·
3189 994 3285 1048 καί¹
3322 995 3374 1048 oi
3403 996 3503 1065 μὲν
3530 996 3708 1065 ὁρῶν-

431 1092 484 1144 in
506 1091 656 1146 omni
696 1099 839 1144 terra
864 1103 1032 1158 quant
1074 1088 1283 1159 irrigat,
1327 1084 1602 1141 diffundit.
1633 1072 1886 1141 Solonem
1932 1087 2015 1140 vi-

2152 1099 2210 1147 ες
2249 1081 2562 1153 ἐθαύμαζον
2582 1097 2597 1113 ’
2627 1080 2702 1146 ὡς
2748 1081 2806 1134 δέ
2830 1080 3127 1150 ἀπεφοίτα,
3163 1081 3326 1136 πάλιν
3357 1083 3589 1137 ἐπόθουν
3616 1084 3707 1138 τδν

426 1183 619 1240 dentes
680 1182 934 1236 admirati
1003 1190 1174 1245 sunt;
1220 1194 1455 1249 cumque
1510 1178 1834 1243 discederet,
1872 1178 2019 1234 illius

2149 1175 2338 1230 ἒόλωνα
2362 1189 2376 1203 ’
2425 1174 2699 1246 Ἀθηναῖοι
2728 1175 2785 1229 δὲ
2805 1175 2937 1246 παρ’
2954 1169 3038 1238 οἷς
3061 1174 3161 1246 τὴν
3193 1176 3435 1249 κρηπίδα
3459 1175 3569 1230 τῶν
3602 1195 3707 1248 μαο

426 1272 706 1327 desiderio
720 1274 867 1341 capti
897 1280 1044 1327 sunt.
1069 1271 1439 1326 Atheuienses
1473 1278 1680 1336 autem,
1715 1271 1855 1339 apud
1882 1284 2020 1340 quos

2149 1268 2304 1341 ιητῶν
2335 1268 2581 1333 ἐϐάλετο,
2614 1268 2755 1339 τάχα
2802 1270 2899 1323 καί⁵
2938 1268 3039 1341 τὴν
3071 1270 3304 1341 Ἀθηνᾶν
3345 1269 3602 1341 ηὒχοντο,
3625 1271 3707 1333 τὸ,

430 1350 824 1433 discipulorum
852 1352 1133 1433 crepidam
1181 1369 1432 1424 exuerat,
1469 1360 1771 1417 Minervam
1822 1360 2015 1416 forsan

2149 1359 2422 1433 νομοθέτην
2453 1360 2610 1425 αὖθις
2636 1360 2931 1415 ἀποδοῦναι
2961 1362 3027 1433 τῇ
3062 1360 3215 1414 πόλει
3237 1378 3251 1392 ’
3288 1361 3426 1439 είχδὲ
3463 1362 3560 1415 καὶ
3583 1361 3710 1416 τού-

429 1466 762 1528 rogaverunt
788 1466 844 1512 ut
870 1471 1083 1511 rursum
1111 1456 1321 1510 civitati
1352 1454 1669 1510 redderetur
1694 1450 1973 1524 legislator
2001 1469 2016 1519 ;

2149 1471 2217 1507 'ou
2255 1453 2419 1507 ἕνεκα
2456 1453 2556 1525 τὴν
2602 1452 2916 1524 ἀποδημίαν
2950 1453 3252 1524 σοφίζεται,
3296 1454 3500 1523 γνῶναι
3541 1455 3714 1523 θέλων

434 1563 542 1602 non
565 1557 743 1603 autem
774 1548 1006 1602 mirarer
1034 1562 1134 1617 ego
1186 1546 1337 1600 illum
1372 1554 1657 1616 propterea
1701 1544 1767 1599 de
1793 1559 1889 1599 sua
1919 1558 2012 1613 pe-

2155 1563 2272 1611 πως
2312 1519 2522 1618 ἔρωτος
2555 1519 2798 1616 ἣκουσιν⁷
2828 1546 2906 1608 είς
2928 1519 3091 1598 abth
3129 1519 3426 1617 Ἀθηναῖοι,
3477 1547 3581 1601 οὐκ
3618 1519 3711 1612 liv,

437 1638 804 1707 regrinatione
835 1640 1123 1709 cogitasse,
1154 1638 1298 1708 quod
1332 1647 1593 1707 quantum
1626 1636 1678 1691 in
1711 1651 1771 1692 se
1813 1635 2018 1691 amoris

2152 1634 2302 1711 ῐμαι,
2352 1637 2719 1709 θαυμάσαιμι,
2768 1636 2909 1708 πλὴν
2942 1636 3062 1701 ἑνὸς
3087 1638 3280 1709 ἀνδρὸς
3312 1638 3546 1704 ἀπόντος
3585 1638 3713 1693 ὲδά·

433 1729 857 1786 Αειιθηῑειιεῐὺυε
885 1740 1033 1787 esset
1078 1731 1222 1787 scire
1259 1730 1460 1785 vellet:
1505 1739 1704 1801 prater
1736 1729 2018 1785 hominem

2149 1749 2334 1807 :puoav
2369 1730 2667 1802 Ἀθηναῖοι,
2691 1730 2870 1787 καίτοι
2889 1730 3111 1800 σοφοὺς,
3134 1731 3210 1795 ὡς
3231 1731 3400 1798 είκδς,
3427 1731 3714 1803 εὐτυχοῦν-

436 1815 606 1876 unum
640 1823 731 1891 qui
768 1832 894 1878 tunc
926 1823 1070 1878 forte
1103 1823 1315 1888 aberat,
1349 1820 1550 1877 ﬂevere
1571 1836 1783 1888 omnes,
1805 1822 2022 1877 etiamsi

2149 1844 2215 1891 τες
2251 1824 2513 1897 ἐτέρους*
2548 1824 2694 1888 τίνες
2727 1823 2794 1878 ἂν
2818 1824 3117 1896 γενοίμεθα.
3154 1825 3219 1877 τὸ
3263 1824 3562 1894 κεφάλαιον
3598 1825 3714 1879 ὅλον

436 1915 711 1983 sapientes
742 1914 901 1980 alios,
946 1923 1005 1970 ut
1057 1915 1357 1970 verisimile
1396 1926 1502 1982 est,
1557 1914 1840 1970 haberent.
1883 1914 2024 1982 Quid

2149 1919 2552 1991 ιφαιρούμενοι;
2586 1918 2681 1972 καὶ
2713 1919 2779 1988 ἥν
2809 1916 2876 1972 ἄν
2904 1935 2989 1982 τις
3020 1917 3267 1972 ἐδίστασε
3300 1917 3592 1989 πρότερον,
3640 1917 3713 1971 εί-

437 2007 505 2061 de
535 2006 690 2061 nobis
739 2018 909 2068 esset.
953 2008 996 2062 si
1038 2008 1169 2062 illud
1204 2023 1477 2063 summum
1508 2008 1707 2062 bonum
1743 2009 2027 2063 amittere-

2149 2027 2191 2063 τε
2217 2009 2316 2082 τὴν
2359 2007 2637 2079 Ἀττικὴν,
2665 2009 2775 2062 εἴτε
2793 2007 2893 2080 τὴν
2934 2007 3166 2063 Ἰταλίαν
3205 2009 3486 2080 προσῆκεν
3518 2011 3708 2075 εἰπεῖν,

440 2113 558 2152 mus
600 2098 624 2151 ?
676 2099 733 2153 Si
773 2101 897 2167 quis
919 2101 1070 2170 prius
1102 2100 1452 2166 dubitaverit,
1478 2101 1595 2156 sive
1615 2101 1854 2156 Atticam
1900 2102 2030 2179 sive

2149 2101 2275 2173 ιῦτη
2305 2102 2437 2173 σιγᾷ
2455 2101 2552 2154 νῦν
2586 2100 2848 2171 ἐξαίφνης
2876 2100 2988 2154 ,καὶ⁵
3035 2100 3146 2154 τῶν
3178 2101 3581 2173 γνωρισμάτων
3612 2102 3713 2169 ἀφ-

443 2185 650 2242 Italiam
680 2190 926 2259 proferre
966 2191 1126 2246 licet:
1176 2200 1407 2261 utraque
1434 2193 1595 2248 modo
1618 2191 1744 2247 silet
1781 2202 1835 2249 et
1853 2194 2031 2250 scien-

2149 2195 2366 2268 ᾕρηται·
2417 2194 2512 2249 καὶ
2540 2194 2714 2248 ταῦτα
2739 2194 2971 2267 πάσχειν
2997 2180 3142 2248 ἔοικε
3187 2193 3267 2265 τῷ
3302 2194 3598 2268 Κιθερῶνι,
3631 2195 3711 2248 ὅτι

442 2280 532 2334 tiis
564 2290 717 2336 caret
769 2291 931 2352 atque
980 2283 1169 2339 eadem
1204 2285 1316 2354 pati
1357 2285 1571 2339 videtur
1636 2299 1758 2353 quae
1785 2284 2032 2370 Citbero,

2149 2290 2304 2345 πολὺν
2341 2286 2634 2360 δεξάμενός
2661 2304 2794 2341 ποτε
2830 2288 2974 2354 θεὸν,
3000 2287 3255 2352 ἀπιόντος
3281 2287 3445 2341 πάλιν
3461 2288 3715 2357 ἐξαίφνης

440 2373 553 2457 qui,
582 2385 932 2446 posteaquam
965 2378 1265 2448 saepissime
1286 2377 1451 2433 deum
1496 2387 1812 2448 acceperat,
1837 2379 1929 2434 illo
1956 2394 2037 2435 re-

2149 2386 2345 2455 ἔρημος
2373 2377 2462 2453 ἦν⁸
2492 2382 2586 2435 καὶ
2618 2384 2646 2434 ό
2672 2380 2954 2445 Διονύσιος
2979 2379 3220 2451 οὐδαμοῦ
3243 2397 3258 2412 ’
3296 2380 3420 2435 ὅθεν
3442 2379 3716 2448 καταϐοή·

441 2465 689 2532 cedente,
718 2468 897 2523 subito
924 2469 1175 2525 desertus
1205 2472 1383 2526 factus
1405 2479 1509 2525 est.
1538 2468 1651 2525 Nec
1678 2471 1891 2543 uspiam
1914 2472 2037 2527 Dio-

2149 2494 2308 2547 σομαι
2342 2473 2440 2528 τοῦ
2484 2473 2819 2536 ’Λπόλλωνος
2842 2515 2858 2539 ,
2892 2473 2951 2536 ὃς
2984 2474 3078 2527 καὶ
3120 2472 3250 2544 παρ’
3295 2472 3488 2527 ἑαυτὸν
3539 2471 3719 2526 ἐκάλει

447 2558 654 2627 nysius.
691 2557 875 2630 Itaque
929 2561 1236 2631 Apollinem
1275 2562 1568 2631 increpabo
1601 2562 1694 2632 qui
1750 2563 1818 2618 ad
1863 2578 1923 2618 se
1971 2578 2037 2619 ex

2149 2568 2211 2622 τὰ
2242 2566 2485 2640 ἡμέτερα
2516 2563 2758 2635 παριδών
2779 2579 2791 2593 ·
2824 2565 2919 2619 καὶ
2958 2559 3113 2635 οἶμαι
3152 2563 3363 2628 τούτοις
3400 2561 3721 2634 συνήδεσθαι

447 2659 762 2721 contemptu
798 2661 984 2707 nostra
1000 2654 1276 2709 revocavit
1321 2662 1377 2710 et
1406 2655 1647 2710 arbitror
1673 2654 1887 2711 felicem
1932 2657 2041 2713 illis

2149 2660 2243 2730 τῆς
2276 2658 2534 2729 εὐτυχίας
2563 2657 2663 2719 τὰς
2698 2656 2961 2720 Μούσας·
2993 2657 3153 2729 ὑμεῖς
3173 2657 3345 2725 δήπου
3366 2657 3461 2710 καὶ
3476 2655 3722 2710 παλαιῶν

444 2753 651 2800 sortem
692 2746 1062 2815 gratulaturas
1096 2761 1220 2802 esse
1251 2746 1449 2802 Musas.
1504 2747 1615 2803 Vos
1647 2747 1912 2803 nimirum
1945 2765 2045 2804 an-

2149 2746 2618 2817 μυθολογημάτων
2657 2744 3031 2816 ἐμπίπλασθε,
3079 2744 3213 2816 παρ’
3264 2745 3436 2817 αὐτὴν
3484 2745 3587 2813 ἤδη
3623 2744 3724 2816 τὴν

451 2837 614 2905 ιτιιιιίε
644 2834 842 2892 fabulis
869 2838 1174 2908 replemini,
1201 2840 1563 2908 recogitantes
1595 2839 1727 2909 quid
1756 2838 1894 2897 deus
1941 2857 2038 2912 per

2149 2843 2361 2911 Δάφνην
2393 2838 2731 2909 λογιζόμενοι
2768 2838 2862 2892 τοῦ
2882 2837 3009 2892 θεοῦ
3033 2837 3096 2892 τὸ
3124 2837 3298 2900 πάθος
3316 2854 3331 2869 ’
3359 2836 3456 2910 τὴν
3484 2837 3720 2908 Δάφνην,

450 2931 618 2998 ipsam
687 2931 963 3003 Daphnem
1019 2930 1185 2988 fuerit
1219 2948 1437 3003 passus,
1497 2932 1778 3003 Daphnem
1820 2947 2037 3003 nempe,

451 3024 780 3090 castitatem,
836 3024 1368 3093 hmuanitatetnque,
1404 3025 1657 3080 arborem
1695 3039 1816 3093 quae
1852 3038 2042 3079 amau-

456 3124 566 3169 tem
600 3116 956 3183 consolatur;
1010 3128 1176 3186 atque
1210 3117 1367 3172 vobis
1422 3115 1566 3170 inter
1611 3115 1865 3171 homines
1910 3114 2042 3170 solis

453 3210 553 3261 den
611 3209 837 3281 pignora
899 3209 1124 3265 realiter
1176 3209 1368 3280 largita
1442 3216 1548 3263 est.
1616 3206 1715 3271 Si,
1773 3207 2038 3277 Apollinis

459 3300 651 3353 antica;
683 3299 882 3369 gratia,
923 3309 1064 3353 naue
1127 3307 1259 3354 sunt
1322 3298 1565 3369 cypressi
1613 3312 1818 3367 opacae,
1877 3308 2045 3369 atque

454 3389 621 3445 etiam
667 3389 950 3446 abundans
991 3404 1154 3459 aqua,
1183 3395 1239 3443 et
1280 3387 1485 3444 cicadae
1511 3398 1737 3455 canunt,
1763 3390 1844 3444 via
1903 3405 2041 3459 quo-

470 3496 577 3550 que
609 3476 755 3535 molli
800 3479 980 3535 herba
1040 3481 1262 3545 fruitur,
1294 3490 1350 3536 et
1384 3478 1613 3536 arbores
1660 3481 1783 3536 aliae
1818 3491 2043 3551 propter

462 3573 619 3636 alias,
675 3580 730 3628 et
786 3572 981 3627 domus
1014 3572 1272 3628 arborum
1305 3571 1627 3629 celsitudine
1655 3573 1725 3629 ad
1759 3573 2042 3630 dimidium

459 3664 761 3728 abscunsm,
792 3678 858 3719 ac
886 3680 1034 3719 aurae
1066 3665 1274 3732 dulces,
1302 3665 1556 3735 variique
1585 3666 1804 3733 odores,
1836 3676 1890 3720 et
1914 3665 2047 3722 solis

456 3757 714 3809 ardorem
755 3755 1026 3826 repellens
1057 3756 1249 3811 umbra
1277 3773 1293 3811 :
1318 3766 1559 3810 vestrum
1586 3765 1672 3812 est
1720 3767 1814 3812 aut
1843 3757 1953 3812 cito
1979 3772 2043 3813 ea

459 3847 714 3901 nuntiare
737 3855 833 3902 aut
858 3845 1079 3916 scriptis
1117 3847 1454 3905 describere.
1493 3845 1700 3904 Vellem
1753 3860 1933 3904 tamen
1976 3850 2045 3904 ad

462 3938 657 3994 νοεῖτε
683 3949 738 3995 et
773 3954 870 3995 vos
899 3940 1107 4006 videre,
1155 3949 1215 3994 ut
1259 3949 1460 4010 praater
1510 3952 1730 4005 caetera,
1787 3939 2044 3995 vaticinia

463 4045 680 4100 quoque
709 4031 921 4087 audiam
953 4049 970 4087 :
1006 4031 1136 4087 illud
1166 4033 1312 4088 enim
1343 4031 1552 4103 opinor
1584 4032 1741 4089 vobis
1761 4046 1790 4086 a
1824 4029 2046 4101 Daphne

465 4125 629 4178 etiam
648 4139 774 4180 esse
805 4139 1150 4181 concessum.

1035 4213 1121 4272 Vl.
1151 4214 1515 4272 PALLADIO.

539 4308 848 4364 Potentium
876 4309 1132 4364 virtutem
1187 4309 1478 4363 maximam
1547 4320 1744 4371 censeo
1769 4320 1891 4362 esse
1921 4320 2052 4362 con-

468 4404 631 4458 solari
686 4416 996 4473 oppressos.
1069 4401 1207 4458 Cum
1233 4400 1379 4456 enim
1413 4399 1669 4470 potentia:
1718 4399 1928 4455 accedit
1963 4414 2055 4454 vo-

473 4499 656 4551 luntas
681 4493 930 4550 servandi
969 4493 1264 4563 justitiam,
1295 4492 1425 4563 quid
1475 4491 1658 4547 obstat
1710 4491 1841 4562 quin
1891 4491 2055 4563 perii-

472 4590 688 4645 cianlur
716 4602 837 4657 qua:
879 4586 1091 4656 legibus
1143 4584 1434 4640 videntur?
1464 4582 1572 4638 Sed
1616 4597 1874 4653 quorsum
1926 4583 2057 4639 illud

477 4680 799 4751 prooemium
833 4679 858 4733 ‘l
903 4678 1143 4733 Isidorus
1187 4675 1574 4745 scholasticus,
1607 4675 1700 4746 qui
1744 4675 1870 4731 dum
1905 4675 2057 4730 vive-

478 4782 581 4839 ret,
615 4770 743 4824 tuibi
779 4769 879 4823 fuit
912 4769 1143 4832 amicus,
1195 4781 1337 4821 nunc
1394 4775 1573 4821 autem
1611 4766 1870 4821 memoria
1919 4766 2059 4821 idem

479 4877 564 4925 est
589 4880 655 4920 ac
697 4844 851 4920 vivus
882 4877 1021 4931 erat,
1052 4872 1107 4918 tu
1139 4862 1256 4918 aliis
1281 4863 1462 4918 dicere
1512 4877 1705 4933 posses
1758 4877 1920 4932 quam
1955 4862 2060 4916 mi-

483 4960 708 5016 rabilem
736 4973 794 5014 se
815 4953 1103 5029 pr'azbuerit
1133 4974 1149 5025 ;
1181 4972 1212 5011 e
1243 4955 1380 5011 vivis
1421 4954 1707 5011 discedens
1746 4954 2063 5011 destitutam

481 5053 628 5108 omni
673 5051 943 5122 adjutorio
984 5048 1209 5104 domum
1245 5047 1465 5116 reliquit
1504 5062 1521 5102 :
1562 5061 1682 5117 qua:
1705 5047 1851 5101 enim
1893 5057 2066 5101 mater

487 5145 684 5213 fuerat,
729 5144 862 5199 orba
921 5157 1086 5207 nunc,
1119 5143 1174 5195 in
1209 5149 1453 5195 extrema
1490 5129 1790 5203 senectute,
1826 5154 1924 5194 nec
1951 5139 2065 5209 jam

490 5248 707 5302 mater;
738 5252 875 5292 uxor
923 5243 1105 5290 autem
1158 5230 1439 5288 viduitatis
1465 5231 1597 5301 jugo
1646 5232 1912 5301 premitur
1951 5273 1969 5298 ,
2001 5234 2068 5287 de

491 5325 677 5381 liberis
711 5340 835 5381 vero
886 5326 1016 5395 quid
1045 5323 1332 5379 dicendum
1364 5321 1389 5377 7
1418 5320 1660 5376 Parvulas
1711 5330 1838 5376 sunt
1877 5321 2069 5389 puella:

491 5425 548 5469 et
572 5415 687 5482 jam
716 5415 1084 5484 orphanorum
1114 5414 1366 5468 miseram
1398 5422 1601 5466 sortem
1633 5419 1892 5481 experta,
1932 5425 2069 5466 unov

496 5518 712 5574 quoque
740 5503 928 5574 verbo,
951 5504 1203 5560 omnibus
1245 5502 1499 5573 iniuriam
1533 5499 1734 5559 inferre
1761 5501 2068 5559 volentibus

2076 4210 2122 4267 Ι)

2142 2933 2241 3005 τὴν
2295 2930 2656 3004 σωφροσύνην
2710 2932 2804 2986 καὶ
2852 2931 2914 2985 τὸ
2968 2931 3374 3003 φιλάνθρωπον,
3421 2931 3517 2986 καὶ
3557 2931 3722 2999 φιτδν

2143 3022 2646 3102 παραμυθούμενον
2673 3023 2910 3094 ἐραστήν
2932 3038 2947 3053 ·
2976 3023 3073 3077 καὶ
3100 3022 3230 3093 παρ’
3256 3022 3386 3094 ὑμῖν
3404 3022 3584 3093 μόνοις
3614 3022 3724 3076 τῶν

2106 3194 2111 3199 Ι
2142 3116 2443 3189 ὁρωμένων
2476 3115 2510 3185 ή
2540 3112 2641 3167 θέα
2674 3112 2753 3184 τῷ
2779 3113 2923 3184 λόγῳ
2949 3114 3049 3179 τὴν
3072 3113 3382 3186 μαρτυρίαν
3414 3110 3718 3184 χαρίζεται·

2143 3212 2193 3264 si
2214 3209 2271 3262 δὲ
2293 3209 2389 3262 καὶ
2426 3206 2758 3278 κυπάριττοι
2787 3205 2992 3259 πυκναὶ
3021 3207 3157 3275 πρὸς
3177 3206 3340 3278 χάριν
3369 3206 3606 3260 ἀνεῖνται
3625 3205 3723 3274 τῆς

2143 3300 2431 3372 ἐρωμένης
2469 3284 2829 3364 Ἀπόλλωνος,
2863 3297 2961 3352 καὶ
2996 3296 3144 3372 ὕδωρ
3179 3297 3413 3368 ἄφθονον
3439 3297 3537 3352 καὶ
3555 3296 3725 3351 τέττι-

2147 3409 2241 3460 γες
2268 3391 2479 3464 ᾅδουσι,
2509 3390 2610 3444 καὶ
2651 3389 2768 3454 ὁδὸς
2801 3391 2869 3461 τῇ
2921 3388 3032 3462 πόᾳ
3073 3389 3292 3461 μαλακῇ
3328 3390 3719 3462 παρακέχυται,

2145 3484 2241 3539 καὶ
2288 3483 2484 3554 δένδρα
2535 3482 2653 3537 ἄλλ’
2685 3480 2773 3535 ἐπ’
2816 3480 3019 3545 ἄλλοις.
3073 3481 3170 3535 καὶ
3195 3480 3364 3535 οίκίαι
3403 3479 3483 3553 τῷ
3525 3480 3727 3535 τούτων

2147 3577 2272 3649 ὕψει
2299 3576 2444 3632 κατὰ
2480 3578 2646 3648 μέσον
2672 3575 3075 3646 κρυπτόμεναι,
3102 3568 3248 3645 αὖρά
3292 3591 3354 3628 τε
3391 3573 3608 3646 μετρία,
3635 3574 3729 3626 καὶ

2144 3668 2289 3739 ὀσμὴ
2312 3666 2614 3739 συμμιγὴς,
2641 3666 2737 3719 καὶ
2764 3667 2893 3720 σκιὰ
2920 3664 3014 3719 τοῦ
3044 3664 3196 3736 ἡλίου
3224 3664 3287 3718 τὸ
3320 3664 3564 3735 λυπηρὸν
3593 3664 3730 3718 ἀπο-

2146 3760 2424 3823 κλείουσα,
2482 3757 2805 3830 ὑμέτερονῆ
2833 3756 2907 3820 ὡς
2937 3756 3103 3828 τάχος
3135 3755 3481 3827 ἀγγέλλεινῆ
3523 3754 3732 3826 διηγεί-

2148 3851 2275 3905 σθαι
2310 3852 2424 3915 τοῖς
2447 3850 2743 3920 γράμμασι
2760 3863 2773 3878 ο
2794 3846 2938 3918 πλὴν
2962 3846 3259 3919 βουλοίμην
3286 3848 3369 3912 είς
3386 3847 3529 3917 ὑμᾶς
3546 3846 3734 3900 ἐλθόν-

2145 3958 2247 4004 τας
2281 3940 2433 4004 ἰδεῖν,
2468 3938 2555 3993 ἵνα
2588 3938 2726 4010 πρὸς
2765 3941 2879 4003 τοῖς
2924 3938 3109 4002 ἄλλοις
3162 3938 3261 3992 καὶ
3317 3936 3733 4007 μαντευομένων

2148 4029 2474 4101 ἀκούσωμαι
2493 4041 2507 4056 ·
2544 4027 2641 4081 καὶ
2663 4027 2821 4080 τοῦτο
2842 4027 2951 4099 γὰρ
2982 4028 3111 4099 ὑμῖν
3145 4022 3303 4098 οἶμαι
3320 4019 3619 4081 δεδωκέναι
3635 4027 3735 4098 τὴν

2149 4125 2391 4195 Δάφνην.

2698 4215 2791 4281 ς’.
2834 4213 3195 4284 ΠΛΛΔΛΔΙῼ.

2226 4308 2339 4378 Τὴν
2369 4302 2479 4361 τῶν
2516 4298 2661 4377 μέγα
2689 4301 3005 4373 δυναμένων
3061 4299 3264 4370 ἀρετὴν
3294 4299 3557 4370 μεγίστην
3576 4291 3742 4368 οἶμαι

2153 4403 2266 4465 τοῖς
2308 4399 2686 4469 ἀδικουμένοις
2729 4393 3107 4467 παραμυθίαν.
3158 4392 3454 4463 Δυνάμεως
3502 4390 3608 4459 γὰρ
3659 4392 3743 4454 εἰς

2155 4490 2354 4547 ταυτὸν
2420 4489 2683 4560 ἐλθούσης
2733 4489 2828 4542 καὶ
2878 4485 3104 4557 γνώμης
3151 4484 3401 4556 τιμώσης
3434 4481 3503 4536 τὰ
3530 4482 3740 4545 δίκαια.

2156 4582 2211 4636 τί
2237 4580 2438 4636 κωλύει
2466 4580 2602 4652 πρὸς
2630 4578 2802 4651 πέρας
2831 4577 2971 4631 ίέναι
2990 4575 3061 4629 τὰ
3081 4574 3343 4629 δοκοῦντα
3368 4576 3483 4637 τοῖς
3514 4573 3745 4643 νόμοις;

2170 4672 2335 4728 Ἀλλὰ
2382 4672 2435 4725 τί
2494 4688 2583 4743 μοι
2624 4668 2875 4741 βούλεται
2903 4666 2964 4719 τὸ
3011 4664 3334 4737 προοίμιον;
3382 4662 3659 4735 Ἰσίδωρος
3719 4664 3749 4717 ὁ

2161 4766 2536 4836 σχολαστικὸς,
2591 4764 2620 4816 ὁ
2668 4760 2838 4815 πάλαι
2895 4760 2994 4829 μὲν
3016 4759 3170 4828 φίλος
3202 4756 3366 4829 ἡνίκα
3412 4756 3533 4828 εζη,
3566 4756 3666 4810 νῦν
3692 4756 3750 4811 δδ

2167 4859 2330 4929 μέχρι
2366 4857 2466 4925 τῆς
2512 4854 2774 4926 «μνήμης,
2818 4845 2930 4916 οἷος
2966 4850 3066 4918 μὲν
3108 4845 3177 4920 ἦν
3237 4850 3326 4903 τὸν
3379 4848 3515 4920 βίον,
3555 4848 3651 4902 καὶ
3671 4845 3752 4911 ὣς

2164 4948 2501 5019 πανταχόθεν
2531 4946 2695 4999 αὑτὸν
2738 4945 2967 5013 παρεῖχε
3026 4940 3352 5010 θαυμάζειν,
3403 4940 3496 4994 καὶ
3536 4939 3751 5009 ἑτέροις

2165 5042 2327 5105 αὐτὸς
2356 5041 2673 5110 ἐξηγήσαιο.
2732 5037 2872 5090 Νυνὶ
2908 5033 2967 5087 δὲ
3020 5031 3271 5087 ἀπελθὼν
3315 5031 3377 5097 ἐξ
3417 5029 3747 5101 ἀνθρώπων,

2166 5134 2373 5205 ἔρημον
2401 5128 2723 5201 συμμαχίας
2753 5124 3011 5181 κατέλιπε
3045 5124 3145 5192 τὴν
3171 5122 3367 5177 οίκίαν.
3407 5121 3475 5175 Ἦ
3504 5122 3606 5194 μὲν
3638 5121 3756 5193 γὰρ

2167 5226 2337 5281 πάλαι
2360 5224 2566 5296 μήτηρ,
2589 5220 2685 5275 νῦν
2707 5219 2875 5283 ἄπαις
2899 5218 2993 5272 ἐπὶ
3011 5219 3216 5290 γήραος
3247 5214 3408 5290 οὐδῷ,
3435 5215 3533 5270 καί⁵
3565 5214 3763 5286 μήτηρ

2168 5317 2354 5373 οὐκέτι
2376 5332 2390 5347 ο
2455 5317 2489 5387 ή
2533 5315 2589 5369 δὲ
2621 5312 2870 5373 σύνοικος
2903 5310 3133 5382 χηρείας
3164 5309 3431 5379 ὑποφέρει
3452 5306 3653 5375 ζυγόν·
3684 5309 3758 5361 τὰ

2168 5412 2226 5466 δὲ
2259 5408 2444 5463 παιδία
2477 5407 2528 5462 τί
2574 5405 2657 5459 δεῖ
2714 5404 2927 5472 λέγειν;
2972 5400 3133 5472 κόραι
3182 5399 3292 5471 γὰρ
3344 5392 3506 5453 αὗται
3543 5398 3762 5470 μικρὰν

2172 5504 2402 5573 ἄγουσαι
2435 5498 2533 5571 τὴν
2561 5495 2799 5569 ἠλικίαν,
2833 5492 2928 5549 καὶ
2978 5490 3245 5564 ὀρφανίας
3280 5489 3452 5563 τύχης
3481 5487 3767 5563 πειρῶμε-
