3976 6210
357 172 496 237 2725

1801 168 2206 229 EPISTOIJE.

3494 167 3636 237 2726

347 301 458 343 ναι·
513 282 787 338 συνελόντι
833 281 888 334 δὲ
945 282 1131 348 φάναι,
1177 280 1492 349 πρόκεινται
1522 280 1654 334 πᾶσι
1679 283 1788 345 τοῖς
1817 283 1921 336 ἀδι-

2033 282 2301 344 obuoxiae,
2333 280 2439 334 nisi
2483 288 2535 334 tu
2565 287 2718 334 vetes
2749 297 2763 334 :
2813 278 2958 334 illinc
3004 285 3238 348 vergunt
3272 293 3396 350 spes
3423 297 3634 336 earum.

346 379 462 433 κεῖν
496 375 867 447 βουλομένοις,
893 373 941 424 εί
965 372 1039 442 μὴ
1059 371 1121 424 σύ
1141 371 1425 435 κωλύσεις,
1453 373 1506 424 αί
1543 371 1749 425 τούτων
1793 373 1933 444 ὁρῶ-

348 487 431 524 σιν
473 469 704 531 ἐλπίδες.
747 468 807 520 '0
858 466 1006 520 δεῖνα
1060 466 1170 536 γάρ
1227 464 1388 533 φύσει
1437 465 1537 535 μέν
1571 465 1932 536 ὲπιπόνηρος·

346 561 658 634 προπικῶν
684 562 793 631 γὰρ
848 559 946 632 τὴν
989 558 1196 612 τούτων
1243 558 1438 618 οἰκίαν,
1484 556 1578 609 καὶ
1625 557 1716 610 τὸν
1747 558 1810 609 ἐκ
1839 556 1935 610 τοῦ

343 652 676 722 γειτνιάξειν
730 651 924 720 φθόνον
973 648 1179 714 λαϐὼν,
1209 649 1340 718 μίαν
1367 644 1663 716 πεποίηται
1707 645 1936 716 γνώμην

345 744 620 815 ἄχρηστον
658 743 852 805 αὐταῖς
878 740 1206 809 ἀποφαίνειν
1245 739 1344 809 τὴν
1387 738 1632 804 οἴκησιν·
1663 735 1787 789 ὅθεν
1810 735 1935 788 οὐτε

343 834 454 886 τῶν
484 831 915 902 οίκοδομούντων
959 829 1201 900 ἐννόμως
1249 827 1612 899 κωλυομένων
1637 827 1932 897 ἠνέσχετο⁹

344 928 438 980 καὶ
469 925 606 994 πρὸς
638 924 901 994 ἀλλήλους
939 922 1337 993 διαγράμματα
1387 921 1723 992 συγκείμενα
1768 919 1935 993 λῆρον

343 1014 667 1087 ἡγούμενος,
700 1014 1035 1087 κυριώτερον
1068 1015 1230 1068 αὐτὸν
1252 1013 1698 1084 ἀποφαίνειντῶν
1728 1014 1930 1084 νόμων,

343 1107 440 1162 καὶ
469 1101 544 1162 ὧν
562 1107 725 1171 αὐτὸς
739 1107 1093 1180 ὡμολόγησεν
1116 1120 1133 1138 ⁶
1157 1108 1293 1162 ἀλλὰ
1314 1104 1572 1182 δικαστοῦ
1596 1107 1690 1160 καὶ
1709 1105 1930 1176 μισοῦν-

342 1217 433 1262 τος
463 1199 532 1254 τὰ
549 1200 730 1271 φαῦλα
763 1199 990 1273 γνώμην
1015 1200 1221 1265 λαϐὼν,
1254 1200 1415 1270 γενοῦ
1453 1201 1573 1263 ταῖς
1603 1199 1794 1270 κόραις
1823 1216 1932 1252 πα-

341 1292 468 1362 τὴρ,
506 1293 600 1345 καὶ
621 1295 687 1363 τῇ
723 1293 894 1365 μητρὶ
921 1295 1072 1358 παῖς,
1133 1294 1226 1347 καὶ
1279 1295 1348 1364 τῇ
1395 1292 1618 1360 γυναικὶ
1644 1293 1810 1348 πάλιν
1836 1287 1932 1345 ἷσα

2052 374 2280 440 Quidam
2315 373 2484 438 enim,
2513 381 2703 426 natura
2733 385 3043 440 perversos,
3091 385 3280 425 earum
3321 373 3503 427 domui
3547 374 3630 426 vi-

2047 467 2226 530 ciuus,
2252 463 2533 520 vicinitate
2568 461 2770 516 invidia
2824 472 3004 532 capta,
3061 462 3110 515 id
3161 472 3368 517 tantum
3427 465 3633 535 cogitat

2044 573 2153 628 quo
2179 557 2284 610 illis
2310 557 2529 609 domum
2565 568 2718 607 suam
2744 553 2986 606 inutilem
3019 551 3180 608 faciat
3213 570 3228 607 :
3265 553 3345 608 sic
3364 568 3460 609 eos
3490 555 3630 623 legi-

2047 651 2175 703 time
2193 647 2464 702 aedificare
2505 659 2608 698 non
2640 659 2843 714 passus
2866 655 2947 698 est
2981 661 2996 712 ;
3025 655 3178 713 pacta
3209 660 3425 715 quoque
3441 655 3629 700 mutua

2043 756 2141 810 pro
2177 719 2608 803 nihilobabens,
2652 750 2709 791 se
2734 737 2940 804 legibus
2978 747 3029 790 et
3076 737 3312 808 propriis
3356 739 3626 808 pactioni-

2044 835 2144 888 bus
2184 832 2522 902 superiorem
2554 830 2776 900 praebet.
2807 828 3010 884 .ludicis
3055 831 3218 899 igitur
3259 842 3493 888 mentem
3543 840 3627 886 in—

2003 923 2260 994 'justiti:e
2318 923 2694 977 adversantem
2751 935 2991 984 sumens,
3025 921 3218 990 puellis
3280 931 3396 977 esto
3450 931 3625 992 pater,

2042 1015 2202 1073 matri
2243 1015 2386 1070 lllius
2413 1024 2464 1067 et
2489 1015 2645 1067 uxori
2678 1015 2882 1082 pariter
2904 1013 3122 1082 eonjux,
3157 1016 3466 1086 nostrisque
3496 1032 3629 1071 ocu-

2043 1109 2109 1164 lis
2133 1110 2178 1163 is
2215 1123 2373 1176 quem
2408 1106 3098 1176 experientia‘compluries
3143 1109 3420 1176 ostendit;
3451 1109 3628 1164 sciant

2042 1212 2147 1252 non
2169 1211 2291 1253 esse
2335 1196 2518 1251 auxilii
2548 1197 2780 1265 inopiam
2800 1197 2971 1251 donec
3009 1195 3142 1268 legis
3184 1207 3239 1252 et
3266 1197 3366 1254 viri
3403 1197 3624 1266 iustitiae

2041 1291 2278 1346 cultores
2311 1299 2454 1344 stent
2493 1291 2816 1344 incolumes.

343 1384 438 1437 καὶ
466 1383 736 1450 σύνοικος,
794 1387 929 1456 ἡμῖν
973 1384 1030 1439 δέ
1067 1384 1311 1448 τοιοῦτος
1343 1379 1524 1457 οἷονή
1574 1384 1924 1457 προλαϐοῦσα
1961 1386 2127 1454 πεῖρα
2174 1383 2434 1447 πολλάκις
2485 1383 2772 1450 ἀπέδειξε*
2823 1386 2917 1438 καὶ
2937 1383 3130 1452 γνώτω
3193 1385 3270 1450 ὠς
3312 1387 3414 1440 οὐκ
3480 1388 3626 1441 ἔστιν

342 1477 548 1550 ἔρημον
587 1475 726 1533 εἶναι
746 1479 1084 1551 συμμαχίας,
1109 1480 1215 1544 ἔως
1236 1482 1302 1536 ἂν
1328 1481 1383 1535 οῖ
1407 1499 1467 1534 τε
1495 1482 1649 1552 νόμοι
1673 1481 1935 1548 σώζονται
1979 1483 2071 1537 καὶ
2097 1482 2289 1552 ἄνδρες
2315 1482 2586 1552 τιμῶντες
2614 1482 2683 1534 τὰ
2708 1481 2913 1536 δίκαια.

680 1575 755 1628 Z'.
787 1575 1022 1646 ΓΕΣΣΙῼ
1067 1575 1586 1648 ΙΛΤΡΟΣΟΦΙΣΤῌ.

410 1664 523 1734 Τὴν
551 1665 826 1738 ὑμετέραν
851 1667 1145 1739 ἐπιστολὴν
1188 1669 1270 1733 είς
1305 1673 1496 1740 χεῖρας
1517 1669 1718 1734 λαϐὼν,
1752 1669 1924 1733 αὐτὰς

341 1758 494 1825 ἔδοξα
524 1758 678 1829 μόλις
710 1761 1074 1832 ἀπειληφέναι
1105 1764 1205 1827 τὰς
1250 1764 1496 1829 Μούσας,
1523 1763 1712 1826 ἔνθους
1747 1781 1809 1818 τε
1855 1760 1926 1836 ἦν

339 1853 429 1922 ὑφ’
456 1853 672 1924 ἡδονῆς.
705 1856 802 1908 καὶ
830 1855 932 1908 οὐκ
947 1851 1094 1926 εῖχον
1118 1858 1145 1910 ὃ
1175 1874 1228 1910 τι
1278 1858 1373 1910 καὶ
1419 1857 1701 1928 γένωμαι’
1733 1857 1926 1930 ὥσπερ

335 1951 384 2003 οἱ
415 1949 608 2020 Δελφοὶ
640 1950 860 2003 ἐπειδὰν
876 1951 950 2013 ώς
964 1951 1446 2022 ἐξὙπερϐορείων
1469 1951 1714 2015 ἐλθόντος
1729 1952 1925 2004 ’Λπόλ-

337 2040 527 2106 λωνος,
555 2040 616 2093 τὸ
638 2041 769 2110 πρὶν
795 2041 1077 2110 σιγῶντες,
1112 2045 1338 2114 πλήρεις
1364 2044 1628 2115 ἐξαίφνης
1658 2045 1924 2113 γένωνται

339 2132 436 2186 τοῦ
473 2133 619 2191 θεοῦ.
649 2134 904 2199 Τοιοῦτος
935 2129 1004 2206 ἦν
1054 2153 1138 2198 τις
1191 2135 1323 2206 ἐγὼ,
1377 2136 1554 2190 πάντα
1602 2136 1922 2208 θαυμάζων,

335 2225 444 2279 τῶν
469 2226 752 2296 ὀνομάτων
791 2227 890 2298 τὴν
941 2227 1114 2298 ὥραν,
1143 2227 1242 2297 τὴν
1289 2229 1428 2299 πρὸς
1477 2229 1682 2298 ἄλληλα
1717 2229 1924 2282 τούτων

333 2316 624 2387 ἁρμονίαν,
658 2317 718 2371 τὸ
744 2316 832 2371 διὰ
853 2311 1073 2371 πάντων
1103 2317 1301 2381 κάλλος
1332 2319 1754 2389 ἐπιφαινόμενον
1776 2338 1790 2351 ο
1829 2321 1924 2376 καὶ⁸

335 2407 396 2459 τὸ
419 2406 482 2476 δὴ
513 2407 794 2479 μέγιστον,
819 2409 946 2471 τοὺς
977 2407 1277 2479 ὑμετέρους
1308 2408 1568 2477 τρόπους,
1600 2407 1659 2473 ἐξ
1687 2402 1762 2462 ὧν
1796 2412 1924 2481 ἡμῖν

335 2496 573 2566 προῆλθε
631 2499 699 2552 τὰ
744 2499 1085 2569 πράγματα·
1139 2499 1234 2554 καί
1282 2516 1365 2552 σοι
1423 2501 1684 2566 πολλάκις
1744 2503 1926 2571 ἀγαθὰ

333 2587 549 2654 γένοιτο
569 2589 827 2660 τοιαύτην
850 2591 980 2660 ἡμῖν
1011 2591 1380 2644 ἀποδεδωκότι
1406 2590 1504 2660 τὴν
1527 2592 1722 2662 ἑορτήν
1743 2610 1756 2622 ·
1788 2593 1924 2648 ἀλλὰ

329 2680 443 2752 γάρ
480 2683 578 2750 μία
609 2681 831 2752 χελιδὼν
862 2683 982 2754 ἔαρ,
1009 2683 1195 2751 φησὶν,
1230 2685 1293 2737 οὐ
1323 2687 1491 2737 ποιεῖ·
1519 2679 1630 2738 οἷον
1672 2684 1729 2738 δὲ
1761 2685 1855 2738 καὶ
1889 2689 1921 2755 ή

333 2774 684 2844 προλαϐοῦσα
722 2773 953 2846 ,χελιδὼν
1012 2778 1092 2839 είς
1145 2775 1308 2847 ἔργου
1368 2777 1571 2848 ἧρκεσε
1606 2777 1825 2850 χρείανο
1877 2781 1924 2832 εί

325 2866 386 2918 δὲ
411 2867 507 2922 καὶ
539 2868 802 2940 δευτέραν
855 2869 1151 2942 προσθείην
1185 2871 1282 2924 καὶ
1329 2871 1523 2940 τρίτην
1549 2867 1668 2924 εἶτα
1694 2871 1918 2936 πολλὰς,

2310 1576 2420 1631 Vll.
2453 1576 2698 1632 GESSIO
2737 1577 2988 1634 INSIGNI
3044 1577 3319 1634 MEDlCO.

2099 1667 2268 1722 Tuam
2295 1669 2578 1740 epistolam
2613 1670 2672 1723 in
2696 1671 2946 1725 manibus
2971 1670 3266 1738 accipiens,
3310 1671 3455 1739 ipsas
3507 1669 3625 1725 Ilu-

2027 1775 2116 1815 sas
2143 1761 2288 1816 visus
2316 1761 2443 1815 mihi
2476 1778 2596 1816 sum
2635 1749 3055 1832 acciperezpraa
3101 1763 3378 1831 voluptate
3433 1777 3624 1817 amens

2029 1854 2242 1923 meique
2265 1854 2508 1909 nescius:
2529 1855 2978 1922 quemadmodum
3002 1853 3232 1922 Delphii,
3253 1869 3373 1908 cum
3397 1855 3535 1908 velut
3553 1870 3619 1908 ex

2027 1946 2392 2016 Hyperboreis
2449 1946 2668 2000 advenit
2715 1945 2940 2014 Apollo,
2973 1946 3123 2014 prius
3162 1945 3318 2009 muti,
3351 1946 3493 2014 pleni
3529 1961 3613 1998 re-

2029 2049 2188 2108 pente
2221 2039 2322 2093 deo
2357 2038 2492 2092 fiunt
2524 2056 2538 2104 ;
2577 2039 2654 2093 sic
2685 2054 2804 2108 ego,
2853 2039 3031 2092 omnia
3069 2038 3294 2104 mirans,
3329 2038 3618 2094 verborum

2027 2139 2392 2195 venustatem,
2415 2146 2604 2183 eorum
2642 2131 2707 2183 ad
2739 2130 2970 2185 iuvit-cm
3004 2130 3370 2194 harmoniam,
3398 2129 3620 2184 elucen-

2030 2232 2134 2274 tem
2159 2235 2220 2275 ex
2251 2221 2502 2275 omnibus
2541 2221 2816 2286 decorem,
2845 2221 2938 2276 sed
2972 2221 3269 2290 prmsertirn
3309 2230 3428 2276 tuos
3483 2219 3616 2276 all'eo

2027 2301 2148 2366 ctus
2175 2312 2375 2380 quibus
2416 2313 2483 2366 ad
2533 2327 2620 2366 me
2668 2327 2731 2366 ea
2771 2313 3123 2366 devenerant.
3176 2311 3451 2366 Permulta
3517 2313 3610 2365 tibi

2026 2403 2341 2473 contingant
2367 2405 2526 2459 bona.
2563 2405 2653 2474 qui
2685 2413 2895 2458 tantam
2941 2403 3073 2457 mihi
3131 2402 3479 2459 festivitatem
3537 2403 3616 2460 fe-

2027 2495 2148 2550 cisti
2179 2495 2476 2550 i-hirnndo
2509 2511 2636 2563 una,
2673 2503 2729 2548 ut
2791 2495 2963 2560 aiunt,
2994 2512 3089 2550 ver
3143 2511 3248 2550 non
3281 2495 3429 2563 facit,
3491 2495 3618 2551 licet.

2026 2589 2367 2655 praeveniens
2391 2589 2626 2643 hirundo
2662 2589 2728 2641 ad
2750 2587 2799 2640 id
2824 2589 2957 2642 satis
2990 2588 3059 2642 sit
3095 2603 3111 2654 ;
3147 2588 3286 2659 quod
3314 2589 3356 2643 si
3388 2589 3613 2644 alterum

2031 2678 2314 2746 adderem,
2350 2689 2405 2733 et
2441 2681 2752 2747 tertiam,et
2781 2680 2979 2734 multas
3009 2691 3221 2748 postea,
3248 2696 3344 2736 ver
3367 2681 3496 2736 mihi
3531 2693 3613 2735 ta-

2027 2785 2148 2824 men
2175 2784 2280 2822 non
2323 2781 2486 2836 esset,
2521 2772 2616 2824 sed
2640 2786 2814 2840 neque
2855 2771 2944 2826 ille
2974 2770 3220 2837 Croesus,
3262 2788 3441 2842 neque
3481 2788 3615 2832 amo

2030 2861 2202 2916 lluens
2235 2859 2509 2916 Pactolus.
2545 2860 2772 2917 Liberos
2801 2871 2924 2917 tuos
2950 2878 3070 2916 cum
3103 2862 3445 2930 jucunditale
3480 2865 3611 2930 vidi,

328 2959 482 3012 οὐδὲν
513 2960 579 3013 ἂν
619 2961 703 3031 εἴη
768 2960 867 3031 ἔαρ
919 2963 1086 3032 ἡμῖν·
1133 2960 1255 3015 οὔτε
1299 2964 1532 3032 Κροῖσος
1560 2965 1765 3026 ἐκεῖνος
1794 2962 1918 3016 οὐτε

2028 2961 2075 3006 et
2102 2953 2255 3021 quasi
2280 2968 2375 3021 per
2403 2953 2694 3022 imaginem
2714 2955 2808 3008 tibi
2834 2955 3010 3009 denuo
3029 2955 3399 3025 cenjungcbar
3427 2973 3442 3023 ;
3471 2961 3614 3012 unde

331 3048 520 3118 χρυσῷ
552 3049 692 3119 ῥέων
731 3050 760 3101 ὁ
815 3049 1131 3114 Πακτωλός.
1155 3050 1295 3112 Τοὺς
1325 3051 1382 3104 δὲ
1415 3050 1709 3122 ὑμετέρους
1727 3051 1918 3115 παῖδας

331 3137 469 3193 εἶδον
491 3141 683 3211 ἡδέως,
715 3143 810 3195 καὶ
868 3141 1058 3213 ὥσπερ
1092 3142 1158 3194 δι’
1187 3142 1399 3204 εἰκόνος
1459 3143 1745 3213 ἀνηγόμην
1780 3144 1920 3215 πρὸς

333 3230 424 3282 σέ·
444 3231 566 3283 ὅθεν
600 3229 858 3300 ηὐξάμην
915 3231 1010 3282 καὶ
1061 3229 1282 3293 πλείους
1313 3230 1440 3282 ίδεῖν
1460 3245 1473 3259 '
1500 3231 1594 3284 καὶ
1625 3232 1672 3282 εί
1703 3231 1918 3299 μεγάλα

331 3320 536 3389 λέγειν,
565 3320 660 3374 τοῦ
691 3322 895 3392 πατρὸς
920 3320 1179 3390 ἀμείνους
1203 3335 1214 3347 ·
1248 3320 1364 3375 ἀλλ’
1387 3317 1482 3375 οὖν
1511 3320 1792 3392 εὐχομένω
1817 3323 1917 3394 ῥᾲ-

330 3414 440 3467 διον
469 3414 648 3482 λέγειν
669 3415 769 3468 ὅσα
794 3430 857 3482 γε
883 3413 1154 3484 βούλεται,
1179 3414 1271 3467 καὶ
1295 3412 1581 3483 μιμεῖσθαι
1604 3412 1695 3466 τὸν
1719 3412 1918 3465 Ἕκτο-

333 3520 422 3574 ρα·
473 3505 566 3558 τὸν
605 3505 818 3575 ἑταῖρον
865 3505 1142 3576 Δωρόθεον
1182 3505 1344 3557 αὐτόν
1382 3522 1448 3574 με
1496 3503 1645 3560 δοκεῖ
1669 3505 1918 3574 παρόντα

335 3598 630 3665 προσάγειν
653 3599 782 3668 ὑμῖν
802 3615 816 3629 ο
837 3597 931 3651 καὶ
951 3597 1130 3666 λέγειν
1157 3595 1285 3649 ἄλλο
1311 3596 1410 3665 μὲν
1429 3595 1600 3661 οὐδὲν,
1631 3584 1949 3666 πληρῶσαι⁰

334 3689 394 3741 δὲ
419 3690 573 3743 τοῦτο
599 3692 697 3754 τὰς
727 3689 949 3753 ἐλπίδας
969 3683 1125 3760 ἀὐτῷ
1180 3689 1423 3761 παρέσχε
1463 3687 1532 3740 τά
1557 3688 1800 3758 ὑμέτερα
1829 3687 1914 3741 δι-

334 3783 666 3852 ηγούμενος·
695 3784 744 3836 εί
770 3783 826 3836 δὲ
847 3783 942 3836 καὶ
962 3782 1028 3836 δι’
1061 3783 1161 3852 ἐμέ
1204 3799 1256 3835 τι
1319 3781 1478 3856 πλέον
1500 3781 1642 3849 ἕξειν
1679 3781 1910 3849 ἐλπίζει,

339 3873 600 3944 ὑμέτερον
627 3872 692 3928 ἂν
721 3875 806 3942 εἴη
830 3874 1019 3928 τοῦτον
1063 3876 1138 3945 μὴ
1177 3873 1482 3944 ψευσθῆναι
1519 3873 1620 3943 τῆς
1668 3872 1912 3943 συγγνὼο

335 3983 442 4034 μης
463 3982 478 3998 ο
513 3967 774 4037 συστήσει
803 3966 861 4020 δὲ
887 3966 978 4020 τὸν
1027 3967 1146 4020 νέον
1196 3967 1326 4038 ὑμῖν
1357 3967 1452 4020 καὶ
1495 3966 1698 4037 τρόπος
1716 3966 1918 4037 ὁμοίως

330 4057 426 4108 καὶ
454 4056 678 4124 σπουδὴ,
707 4056 852 4128 ᾰπερ
874 4059 922 4110 εί
947 4053 1015 4128 ἦν
1031 4057 1194 4112 αὐτὸν
1220 4055 1339 4128 ἅμα
1357 4059 1421 4128 τῇ
1446 4057 1544 4129 θέᾳ
1561 4059 1917 4128 παραστῆσαι

331 4150 501 4217 σαφῆ,
529 4149 683 4202 οὐδὲν
714 4150 780 4202 ἂν
800 4150 929 4214 ἴσως
962 4149 1070 4203 ἔδει
1091 4150 1200 4204 τῶν
1220 4149 1504 4222 ἡμετέρων
1536 4149 1916 4221 γραμμάτωνο

331 4237 424 4291 νῦν
447 4239 503 4292 δὲ
537 4239 604 4294 δι’
663 4241 764 4312 ἐμὲ
830 4242 899 4295 τὰ
946 4241 1143 4310 πρῶτα
1191 4243 1453 4312 τιμήσας,
1512 4241 1739 4311 ὕστερον
1760 4236 1917 4311 οἶμαι

2021 3047 2270 3114 exaptavi
2308 3055 2362 3100 et
2411 3045 2596 3115 plures
2632 3045 2818 3102 videre
2852 3057 2906 3102 ct
2936 3047 2980 3102 si
3024 3063 3216 3119 magna
3249 3051 3431 3104 dicere
3463 3051 3614 3114 licet,

2022 3147 2177 3206 patre
2201 3137 2451 3192 meliores
2487 3157 2501 3202 ;
2539 3140 2634 3192 sed
2671 3139 2876 3207 optanti
2927 3139 3088 3195 facile
3129 3152 3214 3195 est
3273 3156 3613 3212 quascunque

2022 3229 2366 3295 velitdicere,
2389 3241 2441 3284 et
2461 3228 2746 3285 Hectorem
2769 3229 2988 3284 imitari.
3018 3229 3345 3286 Dorotbeum
3377 3233 3614 3287 amicum

2020 3319 2152 3374 mibi
2178 3321 2362 3374 videor
2391 3330 2712 3390 praesentem
2749 3322 2843 3375 tibi
2879 3322 3097 3386 sistere,
3119 3338 3218 3379 nec
3239 3323 3445 3392 aliquid
3470 3323 3613 3377 aliud

2018 3413 2224 3478 dicere,
2240 3415 2334 3468 sed
2367 3429 2485 3468 eam
2519 3413 2661 3468 illius
2688 3429 2840 3484 spem
2875 3415 3103 3485 implere
3161 3431 3325 3485 quam
3358 3425 3448 3470 tua
3485 3433 3613 3471 nar-

2019 3519 2146 3558 rans
2175 3505 2306 3558 oriri
2329 3504 2477 3560 fecit.
2499 3504 2556 3558 Si
2586 3515 2768 3560 autem
2792 3521 2888 3575 per
2915 3521 3000 3562 me
3029 3508 3334 3576 quidquam
3377 3511 3615 3580 amplius

2020 3594 2227 3649 habere
2249 3605 2459 3664 sperat,
2484 3606 2634 3651 tuum
2659 3597 2934 3653 eritillius
2957 3599 3288 3654 desiderium
3349 3617 3455 3656 non
3511 3601 3613 3656 fal-

2020 3684 2154 3740 lere.
2177 3684 2445 3742 Juvenem
2477 3688 2572 3742 tibi
2597 3689 2836 3746 vincient
2869 3705 3050 3745 mores
3095 3693 3255 3746 simul
3291 3703 3344 3748 et
3385 3695 3614 3765 diligen-

2021 3777 2135 3833 tia:
2191 3793 2312 3848 quaz
2371 3779 2415 3833 si
2463 3780 2722 3848 possibile
2766 3792 2953 3848 esset,
2999 3798 3102 3836 una
3171 3800 3296 3839 cum
3363 3788 3611 3856 corporis

2021 3868 2209 3924 habitu
2240 3868 2530 3926 manifeste
2562 3873 2870 3939 ostendere,
2903 3889 3010 3928 non
3043 3874 3228 3930 forsan
3261 3878 3398 3931 meis
3418 3879 3609 3938 litteris

2021 3973 2160 4028 Opus
2186 3972 2373 4029 esset;
2405 3961 2552 4016 illum
2586 3975 2810 4033 propter
2839 3980 2926 4018 me
2954 3965 3131 4035 primo
3169 3965 3609 4032 cobouestatum,

2021 4064 2228 4123 postea,
2255 4055 2442 4119 credo,
2469 4065 2693 4126 propter
2731 4057 2906 4126 ipsum
2967 4057 3256 4113 mirabere.
3289 4058 3431 4112 Puto
3476 4075 3612 4129 quo-

2021 4161 2128 4216 que
2161 4149 2395 4202 amicum
2424 4149 2779 4205 Anastasium
2808 4149 3059 4221 benignis
3090 4160 3142 4206 te
3157 4151 3330 4207 oculis
3385 4154 3601 4223 conspi~

2022 4253 2168 4305 cere,
2211 4241 2375 4296 veluti
2405 4257 2578 4312 genus
2609 4252 2856 4298 nostrum
2889 4258 3072 4298 onme.
3100 4245 3238 4310 Quid
3259 4244 3490 4315 amplius
3523 4247 3602 4302 di-

329 4329 634 4400 θαυμάσεις
651 4334 746 4387 καὶ
772 4333 839 4387 δι’
873 4333 1038 4388 αὐτόν
1058 4349 1072 4364 ο
1103 4330 1256 4404 οἶμαι
1287 4332 1345 4385 δὲ
1366 4334 1462 4386 καὶ
1491 4335 1707 4406 ἑταῖρον
1750 4335 1908 4387 Ἀνα-

2028 4334 2245 4388 :endum
2269 4336 2472 4390 homini
2487 4335 2811 4406 jampridem
2840 4339 3020 4394 amico
3039 4349 3094 4394 et
3136 4339 3232 4409 qui
3287 4342 3447 4396 modo
3497 4357 3604 4396 non

329 4421 548 4476 στάσιον
577 4423 865 4495 εὐμενέσιν
895 4424 1042 4495 ὑμᾶς
1081 4423 1212 4478 ίδεῖν
1248 4422 1549 4495 ὀφθαλμοῖς
1601 4423 1677 4487 ὡς
1715 4425 1811 4478 καὶ
1839 4424 1903 4476 τὸ

2013 4426 2210 4480 minori
2250 4427 2622 4484 benevolentia
2649 4429 2788 4485 allici
2812 4430 3054 4485 dicitur?

325 4517 596 4591 ἡμέτερον
625 4521 814 4591 γένος’
845 4520 899 4573 τί
931 4521 1041 4593 γὰρ
1061 4520 1144 4575 δεῖ
1190 4520 1355 4576 πλέον
1380 4520 1555 4574 εἰπεῖν
1605 4520 1740 4592 πρὸς
1775 4519 1946 4592 ἄνδρα
1983 4521 2153 4576 πάλαι
2200 4539 2260 4577 τε
2304 4524 2402 4579 καὶ
2437 4525 2592 4594 φίλον
2622 4525 2719 4581 καὶ
2744 4524 2839 4580 νῦν
2861 4525 3016 4580 οὐδὲν
3035 4519 3200 4599 ἦττον
3230 4526 3433 4581 εὐνοεῖν
3465 4529 3603 4600 ᾑρη-

329 4611 487 4682 μένον
499 4628 520 4678 ;

733 4707 816 4762 ην.
856 4705 1155 4779 ΖΑΧΛΡΙᾼ
1197 4705 1482 4777 Assam.

408 4796 496 4862 Ὠς
528 4797 728 4865 ἔοικεν,
763 4791 810 4852 ὦ
838 4797 1034 4869 λῷστε,
1062 4798 1171 4852 τῶν
1201 4801 1280 4861 εἰς
1304 4799 1452 4868 ἡμᾶς
1474 4798 1826 4869 σκωμμάτων
1845 4800 1906 4854 οὐ
1983 4779 1988 4784 1

327 4907 459 4944 ποτε
487 4892 640 4962 παύῃ
659 4906 673 4922 ·
699 4891 836 4961 μηδέ
867 4907 932 4960 γε
956 4889 1193 4945 παύσαιο
1212 4890 1438 4954 τούτων,
1456 4884 1501 4943 ὦ
1523 4889 1725 4954 πάντες
1754 4891 1867 4945 θεοί
1892 4907 1906 4921 ⁶

323 4982 397 5045 ὡς
425 4981 538 5050 ἐγὼ
561 4983 871 5054 λεγομένων
887 4983 1170 5052 προσγελῶ
1182 5001 1242 5036 τε
1260 4982 1467 5047 τούτοις
1483 4983 1796 5054 γράμμασι,
1814 4989 1909 5040 καὶ

326 5072 462 5144 πρὸς
516 5074 662 5143 ὑμᾶς
707 5075 1044 5147 ἀφικνοῦμαι
1091 5077 1160 5148 τῇ
1219 5075 1449 5148 διανοίᾳ,
1501 5077 1595 5130 καὶ
1630 5076 1809 5145 λέγειν
1855 5095 1906 5131 τι

323 5164 463 5220 δοκῶ
497 5165 637 5238 πρὸς
665 5167 816 5238 ἡμᾶς
846 5167 942 5222 καὶ
993 5167 1260 5236 λεγόντων
1289 5168 1533 5222 ἀκούειν.
1563 5170 1714 5222 Ὠστ’
1746 5173 1795 5224 εί
1826 5187 1909 5225 σοι

325 5259 477 5326 μέλει
506 5260 606 5330 τῆς
634 5260 694 5312 ἐν
723 5263 835 5324 τοῖς
879 5260 1175 5331 γράμμασι
1215 5261 1461 5333 χάριτος,
1494 5261 1648 5330 μέλει
1685 5261 1741 5314 δὲ
1767 5261 1906 5315 πάν-

321 5363 453 5410 τως,
481 5347 634 5418 βάλλ’
667 5351 865 5416 οὕτως,
902 5353 996 5406 καὶ
1028 5351 1254 5421 μείζονα
1292 5353 1617 5424 χαρίζεσθαι
1643 5353 1836 5418 δόξεις,
1868 5355 1901 5426 ἢ

321 5438 374 5491 εί
396 5455 487 5510 μοι
515 5443 776 5513 παρεῖχες
830 5444 1054 5514 Κροίσῳ
1106 5444 1394 5514 γενέσθαι⁸
1450 5445 1607 5500 κάλει
1649 5444 1708 5499 δὲ
1741 5445 1903 5499 πάλιν

324 5530 604 5602 σοφιστὴν,
631 5534 722 5587 καὶ
748 5533 870 5602 λέγε
896 5535 1108 5604 κρότων
1133 5538 1266 5608 ἐρᾷν
1287 5555 1298 5569 ·
1321 5537 1494 5611 ὀφρύν
1523 5556 1581 5591 τε
1616 5540 1899 5608 προστίθει

322 5623 414 5675 καὶ
432 5621 624 5694 τύφον,
657 5625 752 5678 καὶ
781 5628 888 5682 πᾶν
916 5628 946 5681 ὅ
979 5628 1030 5682 τί
1065 5645 1146 5682 σοι
1193 5629 1345 5698 φίλον
1368 5648 1380 5661 ο
1427 5630 1684 5696 πολλάκις
1719 5631 1773 5685 δὲ
1805 5632 1899 5685 καὶ

2375 4704 2507 4760 Vlll.
2547 4702 2920 4760 ZACHARIE
2967 4703 3248 4763 FRATRI.
3601 4761 3608 4774 ,

2089 4796 2157 4853 Ut
2185 4798 2372 4853 videre
2395 4807 2500 4860 est,
2533 4795 2878 4863 charissima,
2910 4797 3016 4852 tuis
3063 4799 3116 4852 in
3179 4813 3279 4855 nos
3335 4801 3602 4858 conviciis

2016 4906 2121 4946 non
2145 4892 2402 4948 desistis:
2435 4890 2529 4947 sed
2589 4905 2656 4946 ne
2689 4890 2946 4953 desistas.
2999 4890 3134 4960 proh
3175 4891 3314 4949 Deos
3365 4895 3598 4950 omnes!

2016 4973 2143 5055 quia
2177 4987 2350 5041 risum
2390 4987 2522 5042 mihi
2555 4997 2774 5044 movent
2801 5004 2922 5058 quze
2952 5007 3003 5044 In
3042 4991 3151 5047 nlis
3185 4993 3382 5047 litteris
3408 4994 3597 5048 dicun-

2018 5087 2127 5142 tur,
2152 5088 2207 5132 et
2241 5081 2307 5133 ad
2343 5094 2439 5134 vos
2457 5081 2788 5150 cogitatione
2813 5083 2975 5138 venio
3001 5093 3057 5138 et
3107 5084 3239 5138 mihi
3259 5093 3264 5100 '
3285 5085 3470 5139 videor
3503 5102 3601 5141 vos

2013 5169 2214 5240 alloqui
2248 5179 2298 5222 et
2330 5170 2540 5226 audire.
2573 5169 2807 5241 Ideoque
2848 5173 2894 5226 si
2941 5173 3037 5228 tibi
3089 5187 3238 5229 cura:
3273 5182 3356 5228 est
3384 5173 3595 5230 littera-

2010 5275 2131 5318 rum
2165 5263 2341 5334 gratia
2373 5265 2391 5333 (
2419 5273 2472 5320 et
2524 5266 2758 5321 maxime
2783 5266 2926 5336 est),
2954 5263 3056 5319 feri
3104 5265 3306 5331 denuo,
3357 5267 3598 5336 mihique

2010 5357 2182 5427 magis
2203 5367 2419 5428 gratum
2445 5356 2717 5413 videbitur
2745 5372 2906 5427 quam
2926 5357 2969 5412 si
2991 5372 3074 5412 me
3090 5358 3336 5414 Croesum
3354 5361 3594 5426 faceres;

2009 5466 2224 5506 rursum
2287 5450 2587 5519 sophistam
2651 5464 2780 5504 voca
2836 5458 2890 5504 et
2929 5449 3218 5517 plausuum
3265 5460 3592 5517 amatorem,

2009 5543 2359 5612 supercilium
2394 5543 2532 5599 adde
2564 5554 2619 5599 et
2678 5541 2989 5613 superbiam
3052 5553 3106 5599 ct.
3164 5544 3427 5614 quidquid
3493 5547 3587 5602 tibi

2008 5635 2290 5704 placuerit.
2331 5634 2504 5707 Saepe,
2569 5650 2693 5692 cum
2751 5633 3048 5706 sophistam
3085 5635 3592 5704 dieeres,intcnde-
