3976 6210
302 200 503 292 2729

1799 230 2203 309 Εριετοιηιῑ.

3486 234 3626 300 2730

362 338 495 392 θέαν
521 335 736 389 ἐπιοῦσι
758 335 849 388 τὸν
877 334 1090 407 ἔρωτα·
1144 338 1173 390 ὁ
1210 338 1317 408 γάρ
1352 338 1490 409 ἀνὴρ
1538 340 1799 412 ἐρωτικός
1829 346 1943 395 ἐστι

2052 342 2136 397 ille
2182 343 2521 413 egregiorum
2564 358 2752 397 amans
2786 355 2839 396 et
2886 344 3058 398 honos
3106 343 3295 398 sedulo
3344 346 3622 414 inquirens

362 424 475 480 τῶν
514 424 736 487 καλῶν,
788 426 881 477 καὶ
941 424 1393 496 πολυπραγμονεῖ
1444 431 1571 493 τοὺς
1628 430 1940 501 χρηστούς·

364 517 556 585 ὥσπερ
583 513 772 577 δεδιὼς
802 516 875 585 μή
895 517 1026 569 ποτέ
1061 533 1144 579 τις
1180 518 1418 573 τοιοῦτος
1444 518 1521 572 ὢν
1542 520 1782 574 διαλάθοι
1806 537 1819 550 ·
1852 522 1948 575 καὶ

2049 450 2116 488 ne
2147 436 2270 503 quis
2321 435 2490 489 bonus
2523 434 2614 487 tibi
2670 436 2741 488 sit
2781 437 2993 505 ignotus
3017 476 3031 490 .
3088 435 3193 489 Sed
3234 452 3402 506 quare
3437 441 3502 494 de
3534 441 3624 493 illo

2049 524 2144 577 tibi
2219 525 2502 580 dicerem?
2541 539 2661 578 nam
2713 527 3045 595 experientia
3107 528 3307 581 doctus
3381 529 3618 598 pejor-mn

364 610 419 661 τί
445 623 526 659 σοι
551 606 619 658 τά
647 607 780 674 περὶ
817 604 1009 658 τούτου
1030 604 1211 673 λέγειν
1248 626 1314 677 με
1347 608 1460 669 δεῖς
1497 610 1717 674 Πάντως
1746 612 1855 682 γὰρ
1879 613 1945 681 τῇ

2052 614 2317 682 iudicares
2341 618 2554 670 laudent
2598 627 2648 671 et
2684 632 2768 671 me
2794 619 3069 673 inlirmum
3098 634 3321 675 vocares
3351 632 3621 675 oratorem

368 696 533 767 πείρᾳ
558 694 721 749 τοῦτο
750 693 962 765 μαθὼν,
1015 694 1226 750 ἐλάττω
1282 699 1530 768 νομίσεις
1558 699 1649 757 τὸν
1685 701 1905 753 ἔπαινον
1929 717 1942 729 ·

366 789 463 842 καὶ
489 786 692 857 ἀσθενῆ
724 786 825 856 μὲν
850 785 1137 850 καλέσειας
1173 788 1401 860 ῥήτορα.
1430 789 1507 852 ὡς
1541 790 1663 843 οὐδὲ
1689 793 1756 843 τὰ
1786 808 1949 861 προσ-

365 878 495 932 όντα
520 877 699 945 λέγειν
719 876 1043 947 δυνάμενον.

945 969 1043 1021 IB'.
1068 970 1370 1042 ΔΙυΔΩΡῼ.

440 1062 611 1115 Τοῦτο
657 1062 833 1115 ἐκεῖνο
876 1060 905 1114 ὃ
960 1062 1057 1114 καὶ
1115 1062 1486 1134 προσδοκῶντί
1547 1083 1634 1136 μοι
1683 1067 1943 1134 γέγονεν’

364 1156 526 1228 ᾤμην
558 1157 667 1226 γὰρ
701 1156 861 1218 εὐθὺς
887 1154 962 1217 ὡς
987 1156 1168 1208 ἐκεῖσε
1198 1157 1490 1223 γενόμενος
1514 1156 1789 1227 ἀρχόντων
1811 1160 1946 1230 ὀρᾷν

368 1249 543 1319 βῆμα.
576 1249 668 1301 καὶ
692 1248 937 1319 ῥητόρων
965 1247 1144 1319 χορὸν,
1176 1249 1271 1300 καὶ
1308 1246 1644 1318 προσφύγων
1686 1249 1783 1319 οὐχ
1815 1250 1947 1304 ἑπό-

2047 707 2138 774 qui
2184 716 2238 760 et
2266 710 2500 775 amplius
2565 720 2773 772 essent,
2806 712 2986 765 dicere
3041 728 3149 769 non
3178 713 3517 782 potuissem.

2599 968 2712 1027 XII.
2776 969 3098 1025 DIODORO.

2120 1063 2251 1116 lllml
2276 1061 2407 1116 mihi
2471 1063 2613 1131 quod
2656 1063 3008 1131 prtevideratu
3064 1065 3291 1119 accidit:
3344 1066 3622 1120 existinm-

2051 1156 2171 1209 bam
2227 1153 2395 1218 enim,
2460 1152 2623 1207 simul
2675 1167 2739 1206 ac
2817 1153 2943 1207 illuc
2995 1154 3278 1210 deveneris
3317 1159 3626 1225 \‘itil'l‘isqm:

2049 1247 2357 1314 principum
2400 1244 2652 1308 tribunal,
2711 1246 2984 1299 rhetorum
3029 1248 3253 1300 chorum
3321 1249 3623 1302 clientium-

354 1340 554 1410 μενον,
578 1339 837 1412 πληθήσῃ
867 1339 968 1410 μὲν
993 1340 1192 1394 αὐτίκα
1225 1342 1570 1410 φρονήματος
1592 1357 1604 1370 ·
1634 1342 1738 1396 κᾶν
1766 1343 1945 1397 λαλεῖν

2052 1353 2154 1409 que
2191 1355 2295 1393 non
2347 1345 2685 1407 sequentem,
2722 1347 2772 1391 te
2796 1338 2979 1393 statim
3042 1338 3295 1407 superbia
3363 1355 3482 1394 esse
3540 1358 3626 1391 re-

363 1447 451 1492 τις
482 1430 664 1502 ἐθέλῃ,
720 1430 880 1500 μόνον
903 1432 1003 1484 οὐκ
1046 1432 1212 1505 ἀνέξῃ
1245 1432 1341 1486 τοῦ
1370 1434 1649 1502 λέγοντος’
1674 1435 1831 1506 ἡμῶν
1889 1436 1945 1490 δὲ

2052 1431 2323 1495 plendnm,
2355 1439 2432 1492 et,
2466 1429 2510 1483 si
2536 1430 2660 1497 quis
2688 1429 2754 1483 ad
2784 1438 2836 1484 te
2866 1428 3009 1497 loqui
3035 1429 3287 1493 voluerit,
3320 1429 3624 1499 loquentem

364 1520 523 1590 λόγος
552 1521 703 1575 ἔσται
733 1521 938 1593 βραχύς
959 1541 972 1554 ·
1032 1525 1127 1577 καὶ
1176 1524 1231 1578 τί
1260 1542 1355 1594 μοι
1391 1527 1518 1590 τοὺς
1553 1527 1611 1581 ἑν
1643 1528 1820 1599 σκότῳ
1855 1546 1945 1582 κε-

2052 1532 2155 1572 non
2176 1532 2297 1572 esse
2318 1531 2606 1586 passurmn
2637 1550 2652 1566 .
2688 1514 2880 1570 Sermo
2893 1526 3070 1570 autem
3104 1531 3259 1570 meus
3277 1519 3457 1572 brevis
3481 1519 3583 1573 erit
3611 1537 3623 1571 :

367 1612 721 1684 κρυμμένους
785 1615 1027 1679 ἐκείνους
1086 1616 1261 1683 λέξεις
1317 1618 1489 1689 δήπου
1555 1619 1772 1682 πάντως
1816 1622 1945 1691 περὶ

2052 1616 2105 1661 et
2143 1608 2271 1673 quid
2327 1606 2456 1660 mihi
2513 1606 2651 1662 dicis
2703 1605 2822 1660 illos
2868 1606 2920 1659 in
2962 1607 3202 1661 tenebris
3231 1608 3628 1663 absconditos?

364 1704 560 1774 ἡμῶν;
587 1704 649 1756 Εἰ
675 1704 731 1757 δὲ
758 1706 934 1775 χαμαὶ
958 1706 1273 1777 ἐρχομένοις
1286 1707 1624 1778 προσείποις,
1646 1710 1767 1763 οὐδὲ
1787 1711 1945 1764 τοῦτο

2052 1698 2092 1751 si
2141 1706 2319 1752 autem
2354 1697 2503 1752 humi
2533 1698 2871 1753 ambulantes
2907 1698 3110 1752 salutes
3132 1737 3147 1762 ,
3176 1700 3225 1752 id
3286 1715 3390 1753 non
3428 1702 3622 1755 mirer:

365 1796 750 1866 θαυμάσαιμι·
793 1799 854 1848 τὸ
906 1796 1041 1850 αὐτὸ
1090 1799 1185 1852 καὶ
1236 1799 1583 1870 προσεδόκων
1607 1802 1701 1855 καὶ
1750 1802 1944 1870 γέγονε

362 1886 526 1940 τοῦτο
560 1885 807 1941 τῶνκαθ’
829 1887 973 1959 ὑμᾶς
1004 1888 1251 1960 ρητόρων
1300 1890 1362 1943 τὸ
1394 1892 1649 1963 φρόνημα
1670 1910 1684 1925 ο
1715 1893 1787 1959 οἳ,
1818 1895 1945 1960 τοὺς

364 1978 559 2042 ἄλλους
597 1978 922 2051 πρόσφυγας
943 1978 1172 2033 καλοῦσι
1202 1982 1297 2036 καὶ
1318 1981 1387 2035 τά
1409 1983 1531 2036 καθ’
1558 1984 1786 2048 ἑαυτοὺς
1808 1985 1944 2040 ἀπο-

369 2072 769 2141 μιμνήσκοντες
824 2071 1163 2142 πράγματα’
1226 2074 1320 2127 καὶ
1375 2072 1471 2127 νῦν
1521 2075 1700 2139 δοκεῖς
1758 2078 1944 2145 φίλους

363 2164 514 2233 ἡμᾶς
541 2164 812 2233 είρῆσθαι,
842 2164 904 2218 τὸ
932 2166 1200 2235 πρότερον
1231 2167 1330 2220 οὐκ
1355 2167 1481 2235 ἄξια
1504 2168 1717 2239 κρίνας,
1751 2168 1942 2242 ὥσπερ

362 2255 533 2318 εἰκὸς,
565 2254 682 2308 ἀλλ’
718 2256 801 2310 ὃτι
844 2256 1170 2327 κρειττόνων
1231 2258 1459 2330 ἀπορία,
1513 2263 1626 2325 τοῖς
1676 2262 1944 2334 παροῦσιν

361 2348 586 2419 ἐχρήσω
615 2362 629 2375 ·
659 2347 754 2400 καὶ
805 2348 1104 2418 μεταμέλει
1154 2366 1238 2402 σοι
1288 2352 1489 2414 παντὸς
1521 2353 1616 2405 τοῦ
1646 2354 1862 2423 χρόνου,
1885 2353 1945 2407 ὃν

363 2437 499 2508 παρ’
536 2439 668 2509 ἡμῖν
697 2438 930 2504 ἀναξίως
953 2439 1225 2509 διέτριὸες·
1249 2454 1262 2467 ⁸
1298 2444 1392 2494 καὶ
1434 2443 1529 2495 νῦν
1564 2443 1779 2499 δέδοικα
1810 2446 1945 2516 γρά-

361 2545 481 2597 φων
516 2530 593 2599 μὴ
624 2530 759 2599 πρὸς
781 2530 881 2602 τὴν
908 2533 1038 2601 παρ’
1071 2530 1229 2601 ἡμῶν
1263 2530 1600 2606 δυσχεράνης
1629 2536 1942 2610 ἐπιστολήν·

360 2618 478 2687 ἐγὼ
521 2621 579 2673 δέ
618 2638 679 2675 σε
709 2621 889 2684 καλῶς
935 2622 1199 2694 πράττειν
1260 2624 1528 2695 εὐξαίμην
1553 2643 1566 2656 ·
1597 2625 1700 2680 κᾶν
1715 2627 1811 2701 δὲῃ
1838 2630 1945 2685 πά-

360 2712 450 2765 λιν
480 2714 957 2784 καταφρονεῖσθαι,
979 2715 1224 2787 λυπηρὸν
1249 2715 1372 2788 μὲν,
1389 2717 1606 2787 οἴσομεν
1620 2717 1665 2771 δ’
1684 2716 1777 2773 οὖν
1796 2721 1944 2792 ὅμως

361 2806 434 2877 τῇ
467 2808 534 2877 σῇ
568 2805 706 2877 τύχῃ
740 2806 1259 2879 παραμυθούμενοι.

683 2899 782 2954 II".
824 2900 1130 2972 ΖΛΧΑΡΙᾼ
1166 2902 1288 2955 KAI
1317 2901 1625 2975 ΦΙΛΙΠΠῼ.

437 2992 552 3062 Τῆς
581 2992 679 3063 μὲν
698 2992 1080 3063 προλαϐούσης
1115 2997 1327 3066 σιωπῆς
1350 2996 1449 3067 τὴν
1472 2998 1653 3052 αἰτίαν
1678 2999 1706 3051 ὀ
1737 2997 1943 3069 χειμὼν
1973 3036 2014 3094 c

361 3085 724 3155 dnocpepéaﬂm
747 3084 816 3139 τὰ
841 3085 1070 3140 εἰωθότα
1109 3086 1328 3141 λυπῶνο
1389 3090 1492 3159 τῆς
1515 3089 1561 3142 δ’
1588 3088 1862 3155 ἐντεῦθεν,
1893 3089 1947 3142 εἴ

362 3194 450 3240 τις
472 3176 580 3248 ἄρα
608 3178 702 3230 καὶ
726 3176 962 3245 γένοιτο,
994 3180 1153 3247 ὑμεῖς
1182 3177 1249 3233 ἂν
1285 3180 1512 3244 εἰκότως
1561 3181 1817 3252 ύπέχοιτε
1844 3182 1942 3247 τὰς

362 3267 596 3331 εὐθύνας
620 3284 634 3300 ο
692 3267 872 3322 καίτοι
924 3285 987 3337 γε
1018 3269 1203 3339 ἡλίκον
1245 3272 1358 3333 τοῖς
1402 3270 1668 3326 παθοῦσιν
1709 3274 1943 3343 πρᾶγμα

360 3356 477 3410 τῶν
500 3356 705 3410 παίδων
735 3357 934 3427 ὴσιγὴ,
966 3358 1083 3421 πῶς
1110 3358 1176 3412 ἄν
1232 3376 1316 3422 τις
1356 3363 1713 3433 παραστῆσαι
1733 3366 1845 3426 τοῖς
1866 3364 1941 3436 μὴ

363 3449 504 3518 πρὸς
563 3449 759 3519 πεῖραν
803 3447 1050 3501 ἐλθοῦσιν
1102 3448 1196 3503 τοῦ
1248 3452 1604 3522 πράγματος
1651 3454 1843 3523 Ὑμεῖς
1894 3454 1942 3507 δ’

365 3539 435 3593 ἂν
456 3539 682 3610 εἰδείητε
736 3540 957 3604 πάντως
997 3558 1113 3605 πως
1165 3542 1309 3609 φίλοι
1368 3544 1705 3609 διατεθέντες
1749 3550 1942 3617 ἐρωτι-

360 3631 477 3694 κῶς
503 3647 519 3662 ο
549 3634 611 3684 οὐ
635 3632 745 3704 γὰρ
761 3631 827 3687 ἂν
851 3631 1105 3687 τοσοῦτον
1151 3634 1509 3705 φρονήσαιμι,
1553 3636 1629 3698 ὼς
1661 3639 1751 3689 καὶ
1780 3637 1942 3703 αὐτὸς

356 3721 571 3777 δίεσθαι
601 3724 732 3795 παρ’
764 3723 919 3793 ὑμῶν
953 3724 1317 3793 ἅντε-,ριίῖσθαι⁹
1359 3725 1535 3778 καίτοι
1563 3726 1828 3798 εὐξαίμην
1849 3727 1943 3782 οὖν

362 3830 461 3883 μοι
492 3813 654 3868 τοῦτο
680 3814 940 3883 γενέσθαι
964 3815 1207 3885 μᾶλλονῆ
1238 3815 1416 3885 πολλῷ
1447 3818 1623 3889 κομᾷν
1651 3819 1730 3888 τῷ
1758 3820 1943 3892 χρυσῷ

358 3905 461 3959 καὶ
487 3906 803 3976 ἡστινοσοῦν
828 3907 996 3977 τύχης
1055 3909 1134 3970 εἰς
1182 3908 1351 3978 ἄκρον
1391 3908 1652 3979 ἀφίχθαι·
1676 3910 1799 3964 οὗτε
1834 3912 1942 3985 γὰρ

355 3998 430 4052 ἂν
457 3998 687 4062 ἕκαστος
742 3999 1010 4071 ῥᾳθυμεῖν
1061 4000 1160 4052 οὐκ
1191 3999 1333 4069 ἔχων
1380 4000 1469 4053 διὰ
1494 4003 1585 4055 τὸν
1608 4003 1771 4056 πόθον
1805 4005 1942 4074 ἐμοῦ

358 4092 584 4154 πάντως
637 4091 703 4146 ἂν
758 4092 1158 4164 παραμυθείτω
1212 4094 1304 4145 τὸν
1335 4093 1543 4170 ἔρωτα⁸
1577 4097 1624 4148 εί
1648 4095 1706 4148 δὲ
1733 4097 1944 4150 τοιοῦτο

359 4180 468 4254 μὲν
491 4181 664 4246 οὐδὲν,
681 4181 760 4235 ἔτι
779 4180 835 4235 δὲ
858 4180 1229 4252 σιωπήσεσθε,
1282 4185 1648 4254 κατηγορήσω
1681 4183 1802 4253 μὲν,
1827 4201 1940 4237 τοι·

355 4252 505 4327 ἀῦτα
559 4272 785 4331 παθών·
830 4274 1094 4346 κρινεῖδέ
1140 4291 1193 4326 τι
1227 4252 1491 4345 ἐρωτικὸς
1518 4252 1801 4347 δικαστὴς,
1849 4278 1943 4331 καὶ

2049 1788 2102 1842 id
2136 1788 2276 1856 quod
2322 1788 2680 1859 praevideram
2748 1791 2961 1853 evenit,
3010 1791 3205 1861 loquor
3245 1795 3311 1847 de
3349 1794 3625 1848 rhetorum
3670 1822 3680 1829 -

2047 1880 2343 1936 secundum
2387 1896 2483 1936 vos
2529 1880 2742 1937 illorum
2793 1884 3086 1951 superbia;
3126 1888 3326 1954 quippe
3374 1887 3465 1956 qni
3493 1888 3628 1941 alios

2048 1974 2272 2028 clientes
2322 1984 2522 2028 vocant
2583 1984 2638 2030 et
2699 1976 2912 2046 negotia
2967 1991 3062 2045 per
3112 1988 3163 2031 te
3203 1966 3446 2033 absoluta
3515 1995 3626 2033 mc-

2050 2076 2299 2121 morant.
2332 2065 2402 2120 Et
2464 2081 2607 2121 nunc
2652 2066 2855 2123 videris
2912 2083 3012 2123 nos
3044 2068 3247 2124 dixisse
3285 2071 3436 2140 prius
3492 2073 3628 2124 ami-

2047 2173 2162 2221 cos,
2190 2160 2334 2227 quod
2385 2168 2534 2214 recte
2571 2173 2677 2214 non
2729 2159 3082 2237 iudicaveris,
3138 2162 3291 2229 quasi
3342 2162 3623 2217 meliorum

2048 2251 2227 2320 inopia
2289 2251 2652 2321 prtesentibus
2715 2268 2848 2308 usus
2904 2253 3115 2307 lueris:
3177 2255 3435 2322 praeteriti
3487 2271 3626 2325 quo-

2047 2357 2151 2411 que
2179 2344 2437 2413 temporis
2476 2354 2526 2399 te
2557 2345 2851 2415 pmniteat,
2877 2346 3019 2414 quod
3071 2346 3351 2401 nobiscum
3411 2348 3627 2417 indigne

2047 2438 2466 2508 consumpsisti;
2527 2449 2582 2492 et
2634 2454 2781 2492 nunc
2842 2438 3087 2493 scribens
3132 2454 3325 2492 vereor
3367 2456 3433 2494 ne
3499 2455 3627 2494 uos-

2049 2539 2184 2585 tram
2214 2529 2506 2599 epistolam
2550 2531 2775 2585 moleste
2826 2530 2970 2587 l‘cras
2996 2550 3009 2584 :
3040 2535 3342 2602 ego'tatut-n
3369 2548 3624 2601 prospera

2049 2622 2144 2677 tibi
2193 2636 2406 2691 precor,
2436 2622 2650 2677 eliamsi
2700 2633 2977 2693 oporteret
3007 2636 3091 2677 tne
3145 2626 3339 2678 ilt‘rlllli
3392 2626 3621 2692 despici,

2047 2717 2188 2786 quod
2244 2731 2490 2771 amarum
2546 2724 2710 2782 esset,
2772 2727 2877 2770 tua:
2932 2725 3111 2771 autem
3161 2718 3387 2773 fortuna:
3448 2719 3622 2788 gratia

2048 2808 2256 2862 ferreus
2282 2849 2295 2862 .

2329 2898 2860 2975 XIII.ZAC_IIARI1E
2889 2900 2974 2955 ET
3012 2900 3343 2959 PHILIPPO.

2119 2991 2387 3048 Praeteriti
2453 2994 2653 3048 silentii
2710 2994 2918 3048 crimen
2979 2994 3117 3049 [erat
3192 2997 3407 3059 hiems.
3478 3014 3627 3052 more

2046 3084 2192 3140 soliti
2215 3087 2584 3152 contristans;
2617 3087 2825 3141 silentii
2895 3097 3074 3142 autem
3116 3088 3256 3143 illius
3283 3091 3428 3159 quod
3485 3108 3627 3144 nunc

2045 3177 2224 3241 foret,
2259 3193 2357 3234 vos
2390 3179 2652 3235 rationem
2710 3179 3032 3235 redderetis.
3101 3179 3382 3246 Quantum
3441 3191 3624 3235 autem

2045 3272 2245 3325 malum
2300 3272 2368 3326 sit
2416 3271 2708 3327 liberorum
2752 3272 3055 3337 silentium,
3109 3274 3233 3342 quis
3269 3274 3336 3327 iis
3379 3277 3629 3329 ostendet

2043 3370 2134 3438 qui
2200 3369 2446 3424 nondum
2521 3377 2646 3422 sunt
2699 3366 2950 3436 experti?
2990 3363 3104 3420 Vos
3153 3381 3378 3434 prorsus
3436 3366 3625 3421 scietis

2043 3476 2165 3515 cum
2232 3460 2440 3515 ardenti
2519 3474 2703 3515 amore
2796 3457 3122 3522 capiemini.
3172 3457 3285 3513 Non
3362 3473 3462 3530 ego
3504 3461 3628 3527 qui-

2043 3552 2163 3605 dem
2225 3552 2304 3605 sic
2362 3551 2617 3619 superhio
2671 3558 2727 3603 ut
2784 3565 2812 3603 a
2848 3550 2998 3605 vobis
3056 3550 3322 3604 redamari
3401 3558 3623 3617 putem,

2045 3644 2184 3714 quod
2243 3653 2421 3696 tamen
2451 3643 2584 3697 mihi
2615 3642 2783 3713 magis
2822 3654 3137 3712 exoptarem
3195 3642 3358 3710 quam
3399 3642 3627 3711 plurimo

2044 3751 2181 3789 auro
2226 3735 2503 3790 abundare
2529 3745 2585 3790 et
2637 3733 2703 3789 ad
2747 3748 3020 3790 summum
3080 3732 3302 3788 honoris
3354 3734 3624 3805 lastiginm

2046 3825 2339 3891 devenire;
2382 3824 2472 3893 qui
2536 3824 2679 3879 enim
2733 3824 3015 3893 quiescere
3073 3838 3176 3877 non
3244 3824 3466 3878 haberet
3531 3842 3628 3894 per

2046 3917 2372 3971 desiderium
2423 3931 2599 3969 meum
2638 3931 2743 3969 non
2794 3925 2971 3984 posset
3027 3915 3298 3969 consolari
3353 3932 3619 3971 antorem.

2045 4008 2101 4063 Si
2143 4006 2276 4061 nihil
2327 4005 2633 4075 hujustnodi
2673 4006 2732 4060 lit
2770 4015 2826 4058 et
2876 4006 3054 4060 adhuc
3113 4006 3365 4072 silebitis,
3402 4021 3625 4075 arguam

2046 4098 2170 4152 talia
2204 4097 2443 4168 patiens;
2494 4096 2759 4166 judicabit
2817 4100 2999 4152 autem
3028 4112 3220 4152 amans
3245 4108 3299 4152 et
3327 4097 3627 4153 declarabit

2043 4190 2171 4259 quid
2203 4191 2275 4244 sit
2308 4189 2462 4243 vobis
2506 4190 2820 4258 patiendum
2871 4199 2930 4243 et-
2987 4188 3455 4243 exsolvendum...
3515 4188 3630 4243 feli-

2044 4282 2181 4336 citer
2210 4281 2426 4351 quidem
2464 4282 2659 4351 pati
2696 4295 2763 4335 ne
2807 4295 2892 4335 me
2932 4296 3121 4336 rursus
3162 4296 3382 4343 amor.,..
3414 4281 3628 4351 judica-

352 4364 644 4435 ψηφιεῖται
663 4366 692 4419 ὅ
716 4382 769 4418 τι
791 4368 895 4437 χρὴ
923 4366 1117 4420 παθεῖν
1148 4365 1293 4435 ὑμᾶς
1306 4365 1729 4419 καὶάποτίσαι...
1755 4366 1814 4420 εὖ
1845 4368 1943 4437 μὲν

2052 4370 2130 4425 bit
2188 4379 2365 4425 autem
2428 4385 2524 4424 vos
2582 4378 2659 4423 tot
2691 4370 2997 4423 redditurus
3040 4370 3298 4439 epistolas
3346 4386 3510 4441 quam
3568 4381 3630 4426 ut

355 4458 558 4511 παθεῖν
586 4460 761 4513 ἀπο...
791 4476 880 4513 ται
914 4460 1001 4513 ἵνα
1050 4457 1125 4528 μὴ
1149 4458 1238 4510 τὸν
1264 4457 1475 4527 ἐρῶντά
1511 4475 1577 4527 με
1608 4459 1841 4514 πάλιν...
1864 4460 1938 4530 (1)

2051 4460 2306 4528 ρτωιετίιί
2370 4462 2627 4528 temporis
2686 4459 2961 4514 silentium
3008 4460 3391 4517 consolamini.

272 4568 277 4573 ‘
351 4553 646 4623 ψηφιεῖται
691 4554 749 4606 δὲ
810 4553 953 4623 ὑμᾶς
995 4550 1250 4605 ἀποτῖσαι
1308 4550 1563 4613 τοιαύτας
1615 4552 1936 4617 ἐπιστολὰς,
1974 4550 2114 4603 ὥστε
2161 4551 2240 4621 τῷ
2309 4551 2505 4624 πλήθει
2542 4551 2637 4605 τοῦ
2669 4551 3034 4622 προλαϐόντος
3102 4553 3300 4625 χρόνου
3364 4570 3635 4627 παραμυο

354 4647 573 4702 θεῖσθαι
609 4647 710 4717 τὴν
750 4648 983 4717 σιωπήν.

791 4738 887 4791 ιΔο.
923 4738 1196 4792 BIKTOPI
1230 4736 1516 4806 ΑΔΕΛΦῼ.

435 4830 703 4901 Δὲδεγμαι
722 4829 783 4884 τὸ
819 4829 1026 4900 βιόλίον
1047 4830 1108 4883 τὸ
1160 4830 1268 4901 πρὸ
1321 4831 1419 4899 τῆς
1450 4827 1642 4898 πείρας
1666 4826 1936 4897 ποθούμε-

348 4940 453 4979 νον
475 4940 488 4954 ·
520 4924 643 4995 ἥκει
680 4922 789 4995 γὰρ
821 4925 888 4994 τῇ
918 4923 1016 4992 μὲν
1066 4921 1323 4992 ἐπιστολῇ
1373 4917 1689 4989 θαυμαστὸν
1729 4917 1938 4988 ἡλίκον,

349 5016 441 5087 τῷ
472 5016 530 5068 δὲ
554 5016 839 5087 πράγματι
874 5014 1022 5080 ξένον
1061 5014 1223 5085 φέρον
1251 5014 1426 5075 οὐδὲν,
1457 5011 1571 5066 ἀλλ’
1614 5011 1642 5064 ὃ
1686 5012 1783 5065 καὶ
1807 5010 1939 5064 πολ·
1966 5007 1970 5011 “

348 5108 473 5160 λοίε
498 5107 594 5159 καὶ
622 5104 889 5168 ποικίλοις
914 5104 1279 5158 ἐσπούδασται
1301 5120 1315 5133 ·
1349 5103 1444 5157 σοῦ
1487 5102 1545 5156 δὲ
1580 5103 1742 5175 χάριν
1783 5103 1880 5156 καὶ
1914 5101 1942 5153 ὃ

344 5198 419 5250 τὸ
448 5196 656 5267 βέλτιον
678 5197 856 5249 εἰπεῖν
909 5194 1217 5267 σεσιγήσθω
1238 5212 1250 5225 ·
1300 5195 1415 5248 ἀλλ’
1448 5194 1543 5249 οὖν
1586 5195 1828 5248 κείσεται
1856 5211 1941 5247 σοι

344 5289 519 5362 χάρις
557 5290 638 5352 εἰς
677 5289 818 5360 ἐμὴν
861 5291 1086 5361 μνήμην
1123 5288 1473 5359 ἀνάγραπτος
1498 5304 1511 5317 ο
1550 5289 1692 5359 πλὴν
1721 5288 1819 5357 οὐχ
1852 5282 1941 5340 οἷα

343 5381 512 5453 παρὰ
538 5381 616 5452 τῷ
630 5382 915 5460 Παυσανίᾳ
928 5382 1004 5452 τῷ
1039 5382 1113 5453 μὴ
1137 5380 1299 5452 μέχρι
1326 5379 1525 5444 παντὸς
1554 5382 1942 5450 σωφρονοῦντι.

357 5474 429 5528 "0
457 5475 557 5545 μὲν
585 5475 694 5544 γὰρ
713 5476 831 5529 οὐδὲ
889 5475 1165 5538 Πλαταιὰς
1211 5473 1502 5538 αἰδεσθεὶς,
1542 5474 1663 5527 οὐδὲ
1707 5475 1944 5545 τρόπαια

2425 4731 2564 4786 XIV.
2617 4731 2892 4788 VICTORI
2943 4731 3237 4788 FRATRI.

2120 4825 2380 4882 Voltnnen
2420 4835 2545 4880 ante
2595 4827 2988 4896 experientiam
3038 4825 3151 4896 jam
3198 4838 3511 4899 exoptatum
3537 4844 3627 4885 re-

2050 4922 2189 4990 cepi.
2236 4918 2483 4976 Mirabile
2534 4919 2678 4974 enim
2724 4930 2987 4989 quantum
3025 4934 3090 4974 ex
3121 4929 3210 4974 tua
3249 4922 3476 4991 epistola
3531 4936 3626 4977 vc-

2051 5013 2162 5076 nit,
2218 5009 2348 5064 nihil
2420 5018 2598 5065 tamen
2667 5008 2828 5063 alieni
2897 5009 3072 5077 reipsa
3132 5010 3473 5080 adjunclttm,
3533 5014 3625 5066 sed

2049 5101 2191 5171 quod
2238 5100 2418 5155 multis
2456 5107 2510 5154 et
2568 5099 2799 5156 diversis
2830 5108 3138 5169 exoptatur;
3170 5100 3246 5153 tui
3277 5109 3457 5155 autem
3505 5116 3629 5170 gra-

2051 5195 2121 5248 tia
2154 5201 2397 5263 taceatur
2447 5200 2502 5246 et
2568 5195 2711 5262 quod
2776 5191 2957 5247 dicere
2988 5190 3222 5246 melius.
3296 5190 3411 5246 Tua
3453 5193 3627 5263 gratia

2049 5288 2103 5339 itt
2133 5301 2248 5341 mea
2272 5259 2535 5340 memoria
2557 5285 2762 5355 absque
2788 5283 2983 5338 litteris
3008 5273 3354 5354 perdurabit;
3383 5298 3540 5339 secus
3567 5300 3631 5338 ac

2050 5379 2192 5448 quod
2223 5378 2289 5433 de
2321 5376 2588 5433 Pausania
2618 5377 2710 5447 qui
2748 5377 2800 5431 in
2836 5378 2996 5431 linem
3059 5377 3279 5445 sapiens
3337 5391 3441 5433 non
3506 5377 3627 5433 fuit:

2054 5466 2231 5541 'ncque
2261 5470 2402 5525 enim
2434 5467 2665 5524 Plataeas
2695 5470 2965 5526 reveritus
2996 5484 3172 5539 neque
3205 5471 3488 5539 splendido
3520 5482 3629 5523 ιπηι-
3689 5505 3705 5522 .

1862 5566 2096 5625 NOTAE.

429 5663 584 5741 (ηιη
607 5664 693 5721 Itis
727 5664 932 5719 lacunis
948 5675 1212 5734 perpauca
1253 5660 1415 5714 verba
1455 5659 1556 5730 legi
1587 5669 1882 5731 nequeunt.

656 5758 927 5817 PATROL.
959 5757 1073 5816 GR.
1126 5752 1495 5815 LXXXVII.

3114 5744 3197 5807 86
