3976 6210
481 272 615 344 ε’ῗῖίι

1807 267 2163 341 PROCOPII
2204 267 2447 326 GAZ/EI

3589 268 3639 327 ἓ)
3650 271 3712 330 32

479 397 651 460 puteo,
702 386 941 442 Barbaro
1006 384 1282 439 trailidita
1317 398 1373 438 se
1431 383 1693 437 salvatam
1753 382 2055 447 Grmciam,

2168 384 2318 453 φίλαι
2383 382 2664 454 προεδίδου
2718 381 2990 451 Βαρςὰμρ
3035 382 3130 448 τὴν
3173 382 3238 434 δι’
3278 381 3439 434 αὑτοῦ
3471 382 3711 441 σωθεῖσαν

478 482 633 551 quasi
672 496 776 534 non
832 485 1109 547 pateretur
1134 477 1186 530 in
1258 474 1419 530 tinem
1507 490 1567 529 se
1612 475 1821 531 leiicem
1886 491 2052 532 esse.

481 574 560 627 Tu
589 586 718 625 vero
741 569 955 640 propria
976 582 1304 634 memorans,
1325 583 1430 620 non
1458 576 1542 622 est
1564 568 1705 636 quod
1730 582 1836 622 non
1867 568 2055 635 facias;

485 663 784 720 remanebit
814 673 902 716 tua
954 662 1150 729 gratia,
1183 676 1286 715 nou
1336 659 1553 728 quidem
1596 659 1795 728 prima,
1830 660 1923 714 sed
1965 673 2061 727 per

479 751 693 813 Jovem,
724 749 835 819 pati
882 750 1078 803 multas
1112 751 1357 819 priores,
1407 757 1463 803 et
1492 748 1697 814 altera;
1742 763 1849 803 una
1879 759 2058 802 autem

483 842 656 911 gratia
710 841 869 896 abiis
914 841 1002 909 qui
1036 839 1299 895 beneﬁcia
1341 840 1684 909 acceperint,
1716 839 1875 894 bonis
1924 839 2059 894 satis

481 936 626 1001 erit,
669 936 721 989 id
760 943 938 990 autem
989 940 1090 997 est,
1155 933 1466 989 meminisse
1491 948 1551 989 se
1577 933 1839 989 beneﬁcia
1900 949 2056 989 acce-

486 1030 652 1095 pisse.
707 1027 838 1081 Mihi
901 1042 1034 1081 vero
1088 1027 1367 1095 conlingat
1408 1040 1515 1080 non
1574 1040 1761 1081 eorum
1816 1026 2058 1081 oblivisci

482 1123 678 1190 quibus
748 1120 995 1173 voluntas
1028 1126 1112 1173 est
1151 1118 1282 1173 mihi
1333 1116 1749 1183 benefaciendi,
1786 1117 1913 1173 licet
1952 1134 2060 1174 non

480 1214 549 1268 ad
582 1226 693 1267 rem
724 1210 998 1267 deveniat.

1018 1298 1135 1353 XV.
1167 1295 1489 1355 DIODORO.

553 1394 744 1448 Adhuc
768 1390 949 1445 taces?
977 1390 1153 1443 adhuc
1183 1402 1280 1442 nos
1294 1387 1633 1456 aspernaris?
1650 1386 1728 1442 'l'e
1755 1387 2064 1443 arbitrabar

483 1488 538 1539 in
569 1485 905 1539 saturitatem
943 1482 1155 1537 venisse
1185 1481 1484 1549 superbiae,
1523 1480 1610 1534 cui
1641 1494 1890 1549 magnum
1918 1480 2060 1535 vide-

480 1587 572 1629 tttt‘
597 1575 789 1639 silere;
847 1588 944 1627 nos
997 1581 1176 1626 autem
1209 1586 1269 1626 re
1304 1570 1645 1625 ambitiosius
1683 1578 1920 1633 utemur,
1955 1583 2062 1638 quo

478 1664 827 1734 «irpercilittttt
877 1671 1097 1733 propter
1128 1661 1401 1716 silentium
1449 1662 1652 1714 elatum
1690 1658 2060 1714 demittatnus.

2176 476 2424 540 Ἐλλάδα,
2456 476 2646 545 ὥσπερ
2685 474 2787 528 οὐκ
2809 475 3017 544 ἀνέχων
3044 476 3123 535 εἰς
3152 474 3300 537 τέλος
3334 462 3564 546 εύτυχῆς
3609 479 3713 530 ἔπι-

2165 573 2347 639 μεῖναι
2369 585 2382 598 ·
2419 568 2482 621 σὺ
2506 568 2563 620 δὲ
2595 568 2661 619 τὰ
2693 567 2870 619 οἰκεῖα
2901 567 3223 636 πειριέπων.
3244 565 3367 619 οὐδὲ
3392 567 3421 619 ὅ
3443 584 3495 619 τι
3512 568 3584 637 μὴ
3605 568 3707 638 δρᾶ.

2165 678 2298 723 σεις.
2326 660 2584 714 Κείσεταί
2622 676 2703 712 σοι
2733 660 2913 713 τοίνυν
2937 661 2968 728 ἡ
2992 658 3150 728 χάρις
3173 658 3233 710 οὗ
3273 657 3483 729 πρώτη,
3524 660 3596 730 μὰ
3613 661 3712 724 Δία,

2163 750 2299 818 πρὸς
2323 748 2543 812 πολλαῖς
2566 748 2621 801 δὲ
2650 748 2896 820 πρώταις
2926 749 3115 815 ἑτέρα*
3170 747 3268 816 μία
3310 747 3366 799 δὲ
3400 749 3558 819 χάρις
3583 752 3716 819 παρά

2161 842 2270 894 τῶν
2300 837 2359 894 εὖ
2392 839 2675 894 παθόντων
2722 838 2953 911 ἀρκέσει
2994 841 3108 900 τοῖς
3144 838 3389 906 ἀγαθοῖς,
3431 839 3718 909 μεμνῆσθαι

2166 930 2324 1003 μόνον
2351 931 2435 984 ὅτι
2466 929 2798 984 πεπόνθασιν
2820 948 2833 962 ’
2869 930 2992 999 ἐμοὶ
3040 929 3095 983 δὲ
3129 930 3343 997 γένοιτο
3371 931 3433 982 τὸ
3464 931 3597 1001 μηδὲ
3623 932 3717 984 τῶν

2166 1025 2329 1096 μέχρι
2355 1023 2551 1094 βουλῆς
2574 1024 2814 1077 εύποιεῖν
2846 1022 3139 1076 ἐθελόντων
3170 1024 3534 1093 ἀμνημονεῖν·
3561 1024 3607 1076 εί
3636 1026 3718 1078 καὶ

2167 1115 2245 1187 μὴ
2271 1115 2446 1186 πέρας
2473 1113 2629 1167 ἔσται
2661 1116 2772 1178 τοῖς
2803 1112 3068 1179 δόξουσιν.

2722 1290 2827 1346 tE'.
2875 1291 3174 1362 AtOAQPQ.

2237 1388 2356 1440 Ἔτι
2382 1388 2571 1456 σιγᾷς;
2597 1385 2675 1438 ἔτι
2712 1385 3060 1453 περιφρονεῖς
3094 1385 3163 1436 τὰ
3188 1381 3465 1453 ἡμετερας
3490 1382 3603 1435 Καὶ
3628 1383 3717 1452 μὴν
3740 1398 3751 1404 ”

2164 1476 2322 1550 ᾤμην
2347 1496 2406 1531 σε
2432 1478 2568 1549 πρὸς
2606 1477 2769 1547 κόρον
2821 1473 3049 1544 ἀφίχθαι
3102 1473 3486 1544 φρονήματοςο
3542 1474 3718 1538 σεμνὸν

2168 1570 2267 1640 μὲν
2288 1568 2589 1640 ἡγούμενον
2616 1568 2677 1620 τὸ
2701 1568 2879 1637 σιγᾷν,
2924 1567 2955 1637 ἡ
2964 1566 3079 1635 μῶν
3095 1565 3150 1618 δὲ
3173 1564 3582 1634 φιλοτιμότερον
3601 1580 3719 1632 χρη-

2168 1662 2412 1732 σομένων
2460 1660 2540 1730 τῷ
2600 1658 2908 1729 πράγματι,
2963 1656 3050 1710 ἵνα
3078 1656 3173 1709 καὶ
3213 1656 3526 1726 νικήσωμεν
3572 1655 3720 1725 ὀφρὺν

485 1760 537 1810 l~l
561 1759 703 1810 enim
729 1756 966 1810 solitum.
992 1754 1190 1809 Statim
1216 1763 1272 1806 ut
1294 1751 1563 1808 Caesarem
1591 1750 1918 1821 viilerisalte
1941 1765 2055 1821 pros

2166 1755 2252 1808 διὰ
2281 1756 2442 1824 σιγὴν
2478 1751 2799 1824 ἐπηρμένην
2818 1767 2833 1782 °
2858 1751 3008 1803 τουτὶ
3030 1749 3138 1820 γὰρ
3166 1750 3345 1802 έκεῖνο
3383 1747 3445 1801 τὸ
3487 1747 3719 1814 σύνηθες.

478 1850 726 1915 gretleris
749 1860 796 1902 et
826 1847 968 1917 quod
1004 1846 1059 1899 in
1087 1844 1325 1899 sublime
1361 1842 1544 1898 Persei
1572 1843 1680 1898 alis
1703 1857 1808 1897 non
1833 1842 2054 1907 levaris,

487 1939 759 2002 irasceris;
784 1947 970 1990 nostra
1002 1945 1181 1989 autem
1209 1933 1576 1989 consideranti
1601 1947 1829 2003 parvum
1861 1933 2062 2001 quidet

480 2030 639 2097 quasi
679 2028 810 2081 nihil
840 2027 1125 2081 videntur.
1156 2025 1345 2094 Itaque
1367 2024 1536 2094 legem
1560 2024 1839 2094 antiquam
1857 2032 1910 2079 et
1938 2024 2059 2078 ubi-

476 2133 588 2186 que
612 2125 883 2185 potentem
911 2131 969 2170 es
995 2123 1383 2184 transgressus:
1410 2121 1625 2183 oportet
1651 2114 1818 2176 enim,
1842 2111 2059 2182 quando

479 2210 620 2277 quis,
646 2208 835 2262 solitos
873 2207 1205 2275 relinquens,
1242 2205 1309 2259 ad
1341 2204 1477 2258 alios
1506 2204 1861 2273 transcurrit,
1908 2204 2056 2258 illum

476 2302 655 2368 primo
692 2299 890 2354 litteris
922 2297 1230 2351 describere
1275 2295 1547 2365 quomodo
1588 2308 1742 2349 mare
1768 2304 1922 2350 actus
1968 2296 2056 2360 sit,

476 2406 599 2458 quae
618 2400 765 2443 terra
787 2403 908 2443 eum
932 2385 1312 2450 transmiserit,
1338 2394 1516 2440 utrum
1547 2384 1685 2441 bene
1712 2387 2057 2452 successerit,

483 2499 533 2532 ιι¹
550 2496 667 2533 rum
692 2478 1065 2534 benevolentia
1088 2477 1251 2532 fuerit
1279 2487 1569 2548 acceptus:
1596 2491 1826 2547 quorum
1849 2477 1984 2531 nihil
2004 2487 2060 2531 tu

483 2573 667 2626 .ixisti
723 2585 821 2624 nec
857 2569 1191 2624 narrandum
1236 2569 1587 2632 habebamus,
1622 2568 1718 2623 sed
1750 2583 1835 2622 me
1855 2567 2059 2637 judice,

480 2683 494 2724 ι
521 2662 719 2714 isriiuts
750 2660 918 2726 magis
955 2658 1102 2714 fuisti
1125 2669 1325 2723 mutus,
1357 2673 1423 2712 ne
1452 2669 1635 2713 autem
1663 2656 1885 2713 silentio
1916 2659 2060 2712 ami—

480 2776 494 2800 ‹
516 2754 605 2804 itia
631 2751 887 2819 paulatim
916 2750 968 2802 in
997 2748 1320 2803 oblivionem
1346 2748 1581 2812 decidat,
1608 2762 1721 2803 rem
1755 2761 1955 2802 renovo
2006 2755 2059 2800 et

484 2846 581 2897 tibi
629 2845 696 2896 tio
738 2842 990 2909 amicior;
1029 2852 1082 2895 ιιι
1135 2856 1285 2905 vero,
1326 2850 1385 2896 ut
1413 2840 1648 2906 solebas,
1681 2840 1731 2893 in
1761 2839 2057 2893 amicitiam

484 2937 620 3002 apinl
654 2950 772 2999 nos,
823 2945 910 2986 tua
943 2933 1116 3003 gratia
1173 2932 1316 3003 digni
1346 2972 1363 2999 ,
1397 2930 1617 3000 jocare.
1669 2930 1821 2997 Quod
1851 2929 1897 2983 si
1931 2929 2059 2998 quid

482 3026 678 3076 accidit
721 3024 968 3088 molesti,
1026 3022 1202 3076 ventis
1241 3021 1588 3090 permittatur
1613 3029 1668 3074 et
1697 3020 2057 3074 humanarum

486 3131 663 3168 rerum
706 3117 934 3167 fortuna:
962 3128 1082 3183 quae
1127 3124 1310 3167 nostra
1344 3112 1506 3181 inque
1532 3111 1709 3180 deque
1740 3113 2060 3181 perturbare

478 3208 779 3262 delectatur
824 3216 876 3260 et
923 3206 1107 3273 rapida
1142 3204 1473 3259 volutatione
1503 3206 1614 3271 agit
1635 3244 1652 3269 ,
1684 3196 1849 3259 nihil
1879 3204 2077 3259 volens.

483 3299 678 3353 stabile
722 3310 817 3352 aut
850 3298 1125 3351 immobile
1153 3298 1367 3351 videre.
1412 3295 1610 3350 Malum
1642 3297 1890 3365 equidem
1939 3313 2036 3351 ct-n

482 3403 575 3442 seu
601 3401 720 3442 esse
748 3388 1009 3450 dolorem,
1055 3387 1225 3440 multo
1251 3398 1429 3440 autem
1471 3386 1622 3454 pejus
1659 3387 1727 3441 iis
1756 3386 1848 3454 qui
1895 3401 2056 3456 spec-

481 3481 662 3536 taculo
736 3480 1057 3534 adfuerunt.
1134 3477 1337 3542 Puella,

482 3572 735 3625 erunibus
758 3580 909 3632 nota,
944 3585 1041 3640 pro
1078 3569 1327 3625 thalamo
1351 3571 1417 3625 ad
1448 3569 1758 3640 sepulcrum
1819 3569 2059 3637 ducitur;

480 3666 665 3730 sponsi
699 3664 887 3716 inanes
914 3676 1060 3730 spes;
1090 3662 1271 3731 pactio
1299 3661 1715 3717 matrimonialis
1760 3661 2055 3729 discerpta.

485 3755 759 3820 Miserum,
805 3764 863 3808 ιιι
911 3755 1166 3821 arbitror,
1201 3763 1257 3808 et
1296 3756 1437 3822 quod
1468 3752 1583 3808 ﬁeri
1629 3769 1734 3808 non
1767 3753 2011 3808 debuerit
2043 3767 2057 3806 :

490 3865 593 3899 Iit”;
625 3857 805 3901 autem
836 3848 890 3901 in
920 3863 1017 3902 nos
1042 3848 1274 3918 primum
1301 3848 1480 3903 saeviit
1506 3847 1749 3914 fortuna,
1770 3850 1862 3903 sed
1892 3847 2061 3916 pluri-

486 3953 601 3991 tuas
630 3938 735 4006 jam
799 3939 934 3993 alias
991 3940 1180 4009 patria:
1227 3942 1444 4008 eripuit,
1476 3938 1770 3992 thalamum
1815 3940 1866 3992 in
1900 3937 2060 3992 funus

483 4043 828 4085 convertens.
865 4032 1006 4098 Quot
1075 4033 1339 4098 homines,
1397 4045 1494 4100 spe
1530 4031 1655 4085 elati
1683 4046 1778 4101 per
1818 4046 1936 4084 eam
1979 4030 2059 4084 ia-

484 4124 602 4175 bula
660 4122 786 4177 facti
829 4125 992 4177 sunt!
1048 4120 1152 4177 Sed
1192 4137 1292 4177 nec
1335 4125 1602 4178 sententia
1657 4122 1856 4187 vincit;
1899 4121 2057 4176 simul

482 4231 544 4268 ac
602 4216 742 4279 vult,
795 4216 884 4279 tit;
932 4214 1088 4268 cedat
1125 4214 1478 4285 philosOpbia
1526 4223 1582 4269 et
1632 4210 2059 4278 voluntas;ali-

482 4302 613 4373 quid
661 4305 727 4355 sit
771 4303 1002 4372 amplius
1049 4304 1113 4357 iis
1151 4303 1242 4372 qui
1295 4303 1697 4358 incumbunt
1739 4302 1882 4357 scire
1916 4302 2059 4355 ferre

1434 3478 1673 3533 nondum
1745 3479 2064 3550 propinquis

2161 1846 2316 1916 ’Ἅμα
2347 1846 2443 1900 καὶ
2471 1847 2572 1914 τὴν
2597 1842 2876 1913 Καίσαρος
2910 1836 3069 1905 εἶδες,
3124 1839 3220 1894 καὶ⁵
3248 1839 3455 1910 βαίνεις
3489 1838 3624 1908 ὑψοῦ
3644 1839 3723 1891 καὶ

2161 1938 2511 2005 ἀγανακτεῖς,
2540 1936 2625 1988 ὄτι
2655 1933 2729 2004 μὴ
2756 1934 3012 2003 Περσέως
3027 1933 3245 2002 πτεροῖς
3275 1930 3404 2002 αῐρῃ
3436 1931 3720 2000 μετέωροςυ

2162 2030 2232 2081 τὰ
2253 2029 2312 2082 δὲ
2346 2026 2593 2097 ἡμέτερά
2618 2043 2708 2079 σοι
2740 2023 3095 2094 λογιζομένῳ,
3150 2023 3324 2093 μικρά
3359 2039 3418 2075 τε
3458 2022 3542 2075 ἔτι
3571 2022 3723 2074 δοκεῖν

2162 2119 2255 2173 καὶ
2289 2118 2475 2170 οὐδέν’
2524 2117 2647 2170 ὅθεν
2689 2132 2771 2169 σοι
2829 2116 2992 2183 νόμος
3047 2112 3275 2175 παλαιὸς
3329 2113 3425 2165 καὶ
3466 2110 3719 2180 πανταχοῦ

2161 2209 2384 2281 κρατῶν
2418 2207 2801 2280 παρεϐαίνετο.
2828 2205 2949 2277 Χρὴ
2975 2205 3084 2275 γὰρ
3101 2204 3322 2258 ἐπειδάν
3339 2221 3425 2267 τις
3454 2203 3582 2266 τοὺς
3612 2219 3719 2255 σνν-

2161 2300 2314 2373 ήθεις
2339 2297 2659 2353 καταλιπὼν
2694 2297 2781 2350 ἐπ’
2815 2295 3134 2357 ἀλλοδαποῖς
3171 2293 3343 2347 ἰθύνοι
3394 2293 3487 2347 τδν
3520 2293 3720 2364 δρόμον,

2161 2394 2325 2449 αὑτὸν
2352 2388 2490 2446 εἶναι
2513 2392 2730 2463 πρῶτον
2767 2390 2858 2443 τὸν
2898 2387 3304 2452 ἐπιστέλλοντα,
3350 2387 3535 2439 ὁποῖον
3580 2385 3724 2439 αὑτὸν

2161 2481 2345 2557 ἦγενή
2371 2484 2629 2549 θάλαττα,
2667 2483 2814 2545 ὅπως
2836 2481 2870 2551 ἠ
2896 2480 2966 2549 γῆ
2996 2479 3159 2533 τοῦτο
3190 2477 3576 2550 ὁδοιποροῦντα
3602 2492 3723 2546 παρ·

2163 2577 2428 2646 έπεμπεν,
2460 2577 2508 2628 εἰ
2534 2574 2781 2645 χρηστῆς
2831 2571 3082 2642 ἀπήλασε
3142 2571 3333 2642 τύχης,
3369 2573 3417 2623 εἰ
3462 2571 3554 2622 τὸν
3581 2570 3722 2621 αύτίν

2164 2667 2407 2738 εὐμενῶς
2465 2665 2792 2737 ὑπεδέχετοο
2825 2664 3030 2717 τούτων
3078 2663 3177 2734 μὲν
3209 2663 3370 2726 αὐτὸς
3401 2661 3539 2730 ἔφης
3567 2661 3722 2721 οὐδὲν,

2163 2759 2277 2814 οὐθ’
2301 2761 2464 2831 ἡμεῖς
2490 2757 2692 2829 ἔχομεν
2728 2754 3123 2828 διηγήσασθαι·
3145 2754 3283 2807 ἀλλὰ
3320 2754 3524 2824 τούμὸν
3556 2753 3719 2822 μέμ.

2166 2850 2347 2903 αὐτῶν
2379 2845 2580 2918 ἰχθύων
2607 2846 2837 2915 γέγονας
2890 2843 3229 2913 ἀφωνότερος
3251 2859 3266 2873 ο
3315 2842 3431 2895 ἀλλ’
3461 2844 3549 2895 ῖνα
3574 2843 3643 2912 μὴ
3668 2841 3723 2891 τὰ

2165 2938 2268 3009 τῆς
2302 2936 2483 3006 φιλίας
2511 2938 2578 3006 τῇ
2614 2937 2739 3005 σιγῇ
2768 2933 2902 3004 πρὸς
2934 2932 3102 3003 λήθην
3138 2930 3359 2986 ἐλθόντα
3381 2932 3521 2985 κατά
3551 2932 3723 3001 μικρὶν

2167 3030 2435 3102 ὑπορρέῃ,
2473 3027 2805 3097 ἀνανεοῦμαι
2838 3024 3000 3079 πάλιν
3038 3026 3098 3077 τὸ
3132 3026 3362 3096 πρᾶγμα
3392 3025 3486 3077 καὶ
3521 3020 3723 3091 γίνομαί

2169 3138 2251 3175 σοι
2304 3118 2850 3191 φιλανθρωπότερος’
2897 3118 2992 3170 καὶ
3052 3117 3118 3170 σὺ
3162 3115 3300 3179 πρὸς
3347 3114 3529 3184 φιλίαν
3579 3111 3719 3174 παῖζε

2168 3214 2301 3283 πρὸς
2329 3213 2476 3282 ἡμᾶς
2505 3212 2574 3264 τὰ
2596 3211 2803 3282 συνήθη
2851 3211 2945 3262 καὶ
2996 3208 3098 3278 τῆς
3133 3207 3233 3276 σῆς
3263 3207 3484 3277 χάριτος
3512 3204 3649 3269 ἄξια.
3672 3205 3721 3256 Εἰ

2165 3305 2223 3358 δέ
2250 3322 2303 3357 τι
2323 3304 2516 3371 γέγονε
2560 3302 2674 3355 τῶν
2728 3301 3024 3365 ἀνιώντων,
3075 3298 3273 3368 αὔραις
3310 3297 3472 3351 τοῦτο
3492 3296 3720 3353 διδόσθω,

2166 3400 2261 3450 καὶ
2284 3400 2350 3466 τῇ
2384 3396 2527 3467 τύχῃ
2557 3394 2668 3448 τῶν
2704 3392 3058 3463 ἀνθρωπίνων
3097 3391 3460 3460 πραγμάτων,
3506 3391 3624 3458 ἣτις
3649 3390 3724 3440 ἐν-

2162 3488 2426 3559 τρυφῶσα
2454 3489 2567 3549 τοῖς
2592 3485 2882 3555 ἡμετέροις
2929 3485 3040 3536 ἄνω
3073 3482 3169 3535 καὶ
3193 3482 3342 3534 κάτω
3394 3480 3615 3548 μεταθεῖ
3642 3480 3723 3529 καί

2167 3578 2395 3649 βραχείᾳ
2455 3580 2596 3648 ῥοπῇ
2654 3575 3069 3646 μεταϐάλλεται,
3123 3574 3285 3644 μηδὲν
3326 3573 3583 3625 ἐθέλουσα
3617 3568 3699 3638 ea:

2165 3688 2285 3723 πειν
2321 3670 2555 3740 ἑστηκὸς
2584 3669 2680 3725 καί
2727 3668 3013 3739 ἀκίνητον·
3054 3667 3147 3720 καὶ
3174 3665 3349 3718 δεινὸν
3375 3665 3473 3736 μὲν
3492 3660 3645 3733 οἶμαι
3673 3660 3726 3713 si

2162 3762 2354 3823 πὶιθος,
2377 3760 2679 3826 δεινότερον
2711 3759 2769 3812 δὲ
2799 3761 2913 3821 τοῖς
2939 3758 3104 3811 εἰδόσι
3131 3758 3193 3810 τὸ
3231 3757 3438 3824 θέαμα·
3474 3755 3609 3826 κόρη
3636 3767 3737 3824 μη-

2160 3850 2215 3902 δὲ
2246 3852 2359 3913 τοῖς
2380 3850 2603 3911 οἰκείοις
2627 3847 2832 3902 ἅπασιν
2865 3846 3208 3917 ἐγνωσμένη,
3235 3846 3293 3898 ὲν
3314 3845 3533 3898 πάντων
3556 3844 3727 3910 ὕψεσιν

2165 3943 2288 3995 ἀντί
2312 3941 2586 4003 παστάδος
2635 3940 2877 4010 ἀγομένη
2909 3938 3047 4009 πρὶς
3076 3937 3263 4006 τάφον.
3318 3935 3429 3990 Καὶ
3459 3937 3611 3988 κεναὶ
3638 3933 3725 4001 μὲν

2160 4032 2406 4086 ἐντεῦθεν
2432 4032 2746 4101 μνηστῆρος
2784 4030 3021 4093 ἐλπίδες,
3051 4028 3344 4101 συγγραφὴ
3380 4029 3439 4082 δὲ
3469 4027 3727 4099 γαμήλιος

2160 4125 2247 4177 ἐπ’
2270 4124 2408 4195 αὐτῇ
2451 4124 2812 4195 διερρήγνυτο
2838 4139 2849 4152 ·
2888 4122 3037 4177 δεινὰ
3087 4122 3186 4192 μὲν
3237 4116 3391 4190 οἶμαι
3419 4119 3611 4183 ταῦτα,
3642 4118 3727 4171 καὶ

2155 4216 2258 4268 οὒκ
2288 4214 2463 4283 ὢφελε
2486 4214 2737 4284 γενέσθαι
2763 4231 2777 4244 ·
2846 4214 2983 4285 πλὴν
3030 4215 3130 4267 οὐκ
3159 4213 3243 4283 ἐφ’
3283 4211 3441 4282 ἡμῶν
3473 4210 3729 4282 πρῶτονὴ

2159 4305 2296 4377 τύχη
2331 4306 2712 4377 στρατεύεται,
2739 4306 2938 4370 πολλὰς
2953 4307 3051 4377 ἥδη
3078 4323 3181 4359 που
3209 4306 3303 4358 καὶ
3328 4304 3493 4368 ἄλλας
3517 4306 3726 4376 ἥρπασε

477 4390 703 4443 Vulnera
733 4391 1000 4443 fortunae:
1048 4389 1218 4444 miror
1245 4389 1387 4444 enim
1437 4405 1537 4459 ego
1591 4388 1738 4443 illum
1783 4388 1873 4458 qui
1921 4387 2054 4443 dixit

2166 4398 2262 4467 τῆς
2328 4398 2607 4470 πατρίδος,
2664 4401 2759 4452 καὶ
2816 4399 3087 4469 νυμφικδν
3138 4397 3381 4469 θάλαμον
3429 4399 3508 4461 εἰς
3541 4400 3729 4468 θρῆνον

478 4482 793 4546 Sapienter:
823 4473 956 4533 Cum
1001 4495 1105 4534 non
1144 4482 1398 4536 eveniant
1442 4497 1563 4551 quae
1607 4481 1877 4545 volumus,
1934 4497 2053 4550 quae

480 4572 1175 4629 eveniuntvelimus.Ahit
1228 4582 1427 4625 terram
1478 4572 1788 4642 relinquens
1832 4582 1893 4627 ut
1918 4590 2051 4628 con-

454 4662 608 4731 jugii
670 4663 808 4715 mala
837 4675 893 4717 et
929 4664 1223 4719 liberorum
1275 4672 1480 4731 partus,
1543 4663 1588 4717 si
1624 4663 1790 4717 futuri
1830 4674 2056 4731 essent;

478 4755 855 4821 praetermitto.
883 4764 1062 4808 autem
1098 4755 1403 4809 nutricialia
1441 4754 1680 4823 pericula
1712 4765 1765 4837 σοι
1798 4756 1937 4808 inter
1981 4756 2060 4810 fe-

476 4842 736 4897 licitatem
801 4847 1043 4909 timores,
1104 4861 1172 4899 ne
1228 4846 1439 4901 scilicet
1495 4848 1854 4916 praesentibus
1900 4850 2053 4903 bouis

472 4936 790 5002 excidatur;
833 4937 986 4992 malis
1017 4937 1140 4991 vitae
1180 4938 1348 4993 libera
1378 4940 1512 5004 abit,
1547 4941 1689 4993 viam
1721 4954 1845 4995 vere
1886 4938 2050 4993 latam

472 5028 786 5098 ingrediens
819 5042 872 5084 et
906 5044 1067 5099 quam
1125 5045 1316 5086 omnes
1374 5046 1473 5085 nos
1504 5030 1714 5101 ingredi
1744 5039 1960 5100 oportet
1987 5047 2054 5087 eo

473 5123 616 5189 quod
650 5123 761 5176 nali
796 5137 985 5177 sumus
1010 5159 1026 5175 .
1967 5113 1974 5120 ’

2161 4490 2472 4559 μετέϐαλεν.
2511 4494 2576 4544 ’ίί
2605 4493 2757 4545 πόσοι
2816 4494 2937 4555 ταῖς
2967 4491 3147 4544 ἐλπίσι
3186 4491 3526 4563 τρυφῶντες,
3570 4490 3728 4559 μῦθος

2158 4580 2245 4634 διὰ
2293 4581 2497 4652 ταύτην
2558 4583 2836 4651 ἐγένοντο·
2869 4585 2986 4638 ἀλλ’
3015 4584 3136 4637 οὐδὲ
3166 4588 3230 4653 τῇ
3269 4585 3437 4656 ψήφῳ
3458 4585 3611 4654 νικᾷ·
3645 4587 3726 4634 καὶ

2159 4670 2348 4740 ἄματι
2373 4672 2513 4724 θέλει
2558 4673 2927 4742 καὶγίνεται·
2993 4668 3237 4727 νικάσθω
3294 4674 3587 4744 φιλοσοφία
3642 4672 3727 4722 καὶ

2164 4761 2357 4833 γνώμη
2387 4779 2399 4792 ·
2453 4766 2546 4818 καὶ
2574 4765 2716 4817 ἔστω
2767 4782 2819 4816 τι
2867 4765 3030 4818 πλέον
3062 4767 3173 4828 τοῖς
3207 4764 3589 4835 ἀνακειμένοις
3617 4780 3647 4817 τ
3686 4766 3728 4823 i;

2164 4853 2401 4922 μούσαις
2438 4854 2498 4907 τὸ
2534 4855 2720 4925 φέρειν
2751 4857 2946 4910 εἰδέναι
2975 4858 3071 4919 τὰς
3100 4856 3289 4926 τύχας.
3325 4855 3601 4926 Θαυμάζω
3631 4857 3730 4921 γὰρ

2162 4943 2337 5012 ἔγωγε
2385 4946 2477 4998 καὶ
2504 4946 2592 4997 τὸν
2629 4947 2888 5017 εἰρηκότα
2919 4949 3098 5017 σοφῶς
3130 4963 3144 4976 ·
3192 4947 3331 5001 Ἀλλ’
3355 4946 3540 5016 ἐπειδὴ
3557 4949 3635 5016 μὴ
3657 4950 3730 5013 γέ.

2162 5054 2312 5090 νεται
2357 5037 2394 5091 ἃ.
2437 5037 2684 5109 θέλομεν,
2720 5038 3038 5110 θελήσωμεν
3083 5040 3153 5093 τὰ
3200 5040 3494 5110 γινόμενα·
3525 5042 3729 5108 οῗχετσι

2163 5129 2260 5197 τὴν
2306 5131 2409 5198 γῆν
2454 5124 2829 5194 ’ἀπολιποῦσα,
2874 5134 2968 5186 καὶ
3009 5131 3192 5202 γάμου
3230 5131 3378 5185 κακὰ
3413 5130 3503 5185 καὶ
3530 5130 3732 5182 παίδων

471 5216 690 5283 ὠδῖνας,
725 5218 909 5272 εἴποτε
941 5221 1035 5272 καὶ
1089 5218 1374 5287 ἐγένοντο⁴
1411 5223 1506 5273 καὶ
1553 5222 1761 5311 σιωπῶ.
1795 5223 1922 5286 τοὺς
1952 5224 2051 5293 τῆς
2091 5226 2482 5297 πριιδοτροφίας
2512 5229 2812 5292 κινδύνους,
2851 5231 2947 5282 καὶ
2997 5230 3089 5283 τὸν
3119 5231 3178 5282 ἐν
3243 5229 3468 5300 εὐτυχίᾳ.
3546 5229 3728 5294 φόϐον,

475 5319 551 5385 μή
582 5332 712 5369 ποτε
746 5315 956 5384 γένοιτο
986 5316 1093 5368 τῶν
1126 5318 1411 5387 παρόντων
1442 5318 1769 5388 διαμαρτεῖν
1791 5335 1805 5350 ⁸
1842 5319 1955 5372 τῶν
2030 5322 2085 5373 δὲ
2128 5326 2446 5393 συντρόφων
2477 5325 2557 5396 τῷ
2587 5325 2687 5396 βίῳ
2706 5325 2895 5378 κακῶν
2932 5326 3200 5396 γενομένη
3242 5324 3458 5378 πάντων
3515 5320 3734 5377 ἐλεύθε-

476 5423 570 5478 ρος
596 5407 803 5478 οἴχεται
831 5407 1106 5479 λεωφόρον
1140 5408 1309 5473 ὄντως
1336 5409 1477 5478 ὁδὸν,
1504 5411 1600 5465 καὶ
1621 5406 1686 5475 ἦν
1724 5411 1943 5466 ὁδεῦσαι
1964 5414 2047 5465 δεῖ
2084 5415 2312 5481 πάντας,
2339 5415 2526 5486 ἐπειδὴ
2553 5417 2646 5468 καὶ
2668 5417 2995 5487 γεγόναμεν.

1029 5502 1144 5557 XVI
1172 5543 1186 5558 .
1233 5504 1440 5560 EIDEM
1467 5545 1483 5560 .

543 5590 701 5646 Nunc
744 5589 968 5657 cognovi
1032 5602 1232 5659 quanta
1288 5612 1376 5650 me
1429 5596 1580 5664 prius
1624 5596 1821 5668 injuria
1857 5608 1947 5653 tuo
1980 5600 2056 5652 si-

472 5683 641 5740 ntitio
674 5679 952 5733 effeceris:
1009 5689 1268 5749 quantum
1317 5688 1461 5740 enim
1498 5702 1583 5742 me
1609 5689 1856 5744 scribens
1905 5691 2058 5743 exhi-

2715 5513 2832 5581 tq".
2877 5514 2963 5585 Τῼ
2988 5514 3189 5586 arm.

2234 5602 2347 5655 Νῦν
2370 5603 2541 5673 ἔγνων
2571 5603 2695 5657 ὅσον
2721 5604 2928 5675 ἠδίκεις
2958 5605 3228 5677 πρότερον
3286 5604 3537 5658 σιωπῶν’
3581 5606 3642 5670 ἐξ
3664 5599 3734 5657 ὧν

2162 5694 2270 5763 γὰρ
2303 5693 2589 5765 ηὔφρανας
2644 5696 2890 5766 γράφων,
2936 5696 3000 5750 ἐκ
3051 5694 3257 5752 τούτων
3304 5696 3444 5762 ὅλους
3499 5695 3732 5767 σιγήσας
