3976 6210
517 284 656 352 2ῗ38

1957 284 2077 342 EPI
2088 281 2363 343 STOLAS.

3679 272 3780 339 734

518 394 729 456 λυπεῖς·
761 392 864 461 τὴν
915 390 1025 462 γὰρ
1070 389 1364 460 ἐπιστολὴν
1410 389 1490 452 εἰς
1542 392 1731 460 χεῖρας
1762 388 1963 451 λαϐὼν,
1994 404 2091 441 παι

2213 386 2412 452 Iurasti,
2446 394 2649 439 tantum
2686 394 2867 439 tacens
2900 383 3110 451 amigis.
3163 384 3332 439 Tuam
3384 401 3620 457 namque
3668 396 3783 458 epi-

516 484 673 547 λαιᾶς
702 480 984 553 ἐμνήσθην
1031 480 1378 550 εὐδαιμονίας
1399 496 1411 510 ·
1457 480 1517 533 σέ
1540 482 1795 548 παρεῖναι
1824 479 1998 533 δοκῶν
2037 480 2094 532 ἐν

518 579 629 639 τοῖς
654 574 967 647 γράμμασι,
998 572 1091 628 καί
1120 590 1174 626 τι
1198 574 1378 641 λέγειν
1400 573 1474 635 ὡς
1520 572 1751 644 παρόντι
1775 572 2055 648 προήχθην
2079 587 2093 600 ·

516 665 615 719 καὶ
642 665 710 717 τὰ
741 665 840 735 μὲν
866 660 1041 724 εἷπον.
1075 664 1142 717 τὰ
1162 663 1219 716 δέ
1285 662 1539 730 λέγοντος
1579 664 1801 716 ἀκούειν
1834 662 2050 714 ἐδὺκουν
2080 677 2092 689 ·

518 756 610 810 καὶ
641 755 795 825 μόλις
815 753 1148 822 ἀνενεγκὼν,
1184 754 1359 822 ἔγνων
1388 755 1464 814 ὼς
1492 753 1626 824 ὄναρ
1670 749 1740 823 ἦν
1769 755 1972 812 ἐκεῖνα,
2004 753 2098 806 καὶ

517 847 869 917 ἠπατήμεθα.
913 846 1126 901 Οὐκοῦν
1169 846 1348 916 γράφε
1398 846 1678 909 πολλάκις,
1721 846 1809 899 ἵνα
1840 846 1939 915 τῆς
1968 845 2099 910 θέας

516 937 870 1009 ἀποροῦντες,
898 938 1172 1007 ὀνείρασιν
1194 938 1617 1008 εὐφραινώμεθα
1638 955 1651 968 ·
1680 938 1983 1009 ἐπειδήπερ
2004 938 2099 992 καὶ

515 1031 687 1094 δεινὸς
719 1030 953 1100 ἐραστὴς
974 1029 1085 1082 τῶν
1117 1030 1388 1094 παιδικῶν
1419 1031 1657 1100 ἀτυχῶν,
1699 1033 1937 1102 χρηστὸν
1964 1028 2099 1101 ὄναρ

516 1119 626 1177 εἶδε
654 1123 752 1176 καὶ
812 1120 1233 1192 μεταϐάλλεται·
1268 1122 1403 1175 ἀλλὰ
1439 1123 1654 1175 δέδοικα
1698 1123 1860 1176 ταυτὶ
1890 1123 2096 1190 λέγειν,

522 1214 597 1286 μὴ
634 1215 729 1268 καὶ
758 1214 989 1284 νομίσας
1010 1213 1210 1283 ἀληθῆ,
1240 1216 1589 1286 φρονήματος
1617 1214 1975 1285 ἐμπλησθεὶς,
2005 1217 2100 1267 καὶ

517 1302 728 1379 γένοιτο
766 1309 927 1362 πάλιν
952 1310 1143 1380 σιγᾷν·
1199 1309 1390 1377 νόμιζε
1441 1308 1622 1362 τοίνυν
1679 1303 1819 1361 εἶναι
1885 1308 2054 1379 ψευδῆ
2083 1325 2096 1340 ο

517 1401 612 1453 καὶ
647 1398 806 1469 μόνον
837 1398 1127 1462 λαλοῦντος
1152 1399 1480 1470 ἀκούσομαι.
1532 1400 1635 1452 Τὸν
1663 1399 1719 1453 δὲ
1749 1400 1986 1471 φέροντα
2002 1402 2099 1468 τὴν

518 1491 809 1562 ἐπιστολὴν
834 1491 1054 1561 ἀνεψιὸν
1078 1491 1208 1546 ὅντα
1244 1492 1341 1546 καὶ
1385 1492 1671 1564 κηδεστὴν,
1724 1495 1778 1545 εἴ
1794 1509 1857 1561 γε
1912 1492 1992 1545 δεῖ
2040 1494 2100 1545 τὸ

524 1584 722 1653 μᾶλλον
750 1586 947 1650 εἰπεῖν,
970 1584 1259 1654 εὐμενέσιν
1308 1584 1431 1638 ίδὼν
1474 1584 1776 1655 ὀφθαλμοῖς
1802 1624 1818 1651 ,
1852 1587 1956 1639 κΞιν
1983 1585 2098 1658 δέῃ.

518 1672 817 1745 παρασχὼν
836 1674 986 1744 αὐτῷ
1018 1673 1415 1745 συμμαχοῦσαν
1446 1675 1546 1747 τὴν
1585 1676 1854 1745 γλῶτταν,
1879 1676 2003 1747 ἐμοί
2040 1692 2099 1728 τε

518 1767 629 1820 πᾶν
655 1765 860 1819 διδόναι
888 1764 1037 1819 δόκει
1072 1767 1171 1837 τῆς
1188 1766 1430 1837 χάριτος.

1084 1948 1292 2018 ιΖκτᾳ
1328 1948 1533 2017 arra.

588 2042 763 2112 "031]:
786 2040 1070 2109 ἁπήλαυσε
1110 2039 1241 2109 παρ’
1277 2038 1431 2108 ὑμῶν
1451 2039 1549 2110 τῆς
1578 2038 1829 2102 εὐποιίας
1873 2041 1902 2092 ὁ
1939 2040 2103 2092 καλὶς

521 2134 819 2203 Ζαχαρίας,
862 2132 1025 2194 αὐτός
1066 2148 1126 2183 τε
1156 2131 1447 2203 διηγεῖται,
1501 2130 1763 2194 πολλάκις
1802 2132 1898 2184 καὶ⁸
1942 2132 2103 2203 ἡμεῖς

521 2225 877 2293 ἀκηκόαμεν·
923 2222 1109 2295 ἐδήλου
1150 2222 1206 2274 δὲ
1240 2223 1330 2275 καὶ
1371 2221 1439 2275 τὰ
1487 2221 1729 2293 ὑμέτερα
1773 2222 2100 2293 γράμματα,

523 2317 662 2386 πλὴν
702 2315 841 2367 ἀλλά
872 2314 971 2382 τῆς
1003 2313 1257 2384 ἀληθείας
1292 2312 1551 2366 ἐλάττονα
1579 2328 1593 2341 ·
1626 2314 1776 2377 ὅπως
1808 2315 1895 2379 ἂν,
1922 2310 2097 2383 οἶμαι,

520 2405 676 2475 δόξης
734 2404 801 2456 τε
846 2403 1059 2474 χρηστα
1108 2404 1280 2457 ποιεῖν
1308 2403 1507 2456 είδέναι
1549 2402 1747 2473 μᾶλλον
1794 2404 1827 2474 ἢ
1870 2404 2051 2471 λέγειν
2087 2422 2100 2436 ·

526 2498 658 2565 ἰπερ
697 2497 799 2549 οὐκ
851 2495 1056 2566 ἀπορία
1080 2494 1172 2547 τοῦ
1210 2495 1479 2563 λέγοντος,
1520 2494 1654 2547 ἀλλὰ
1683 2496 1915 2566 σώφρων
1941 2495 2105 2559 αἰδὼς

520 2584 618 2655 τὴν
661 2584 863 2651 ἑαυτῆς
901 2584 1101 2654 ἀρετὴν
1147 2583 1580 2654 ἐπικρύπτουσα.
1636 2585 1747 2654 Τὴν
1787 2585 1844 2639 δέ
1895 2584 1994 2656 σὴν
2026 2586 2106 2648 είς

522 2679 670 2745 ἡμᾶς
728 2675 963 2746 σπουδὴν
1012 2677 1106 2728 καὶ
1146 2676 1278 2746 πρὶν
1335 2676 1590 2744 γενέσθαι
1630 2678 1764 2730 πᾶσι
1813 2677 1957 2748 βοῶ·
2011 2680 2107 2731 καὶ

526 2767 674 2832 ξένον
699 2767 849 2819 οὐδὲν
883 2768 1016 2836 ἡμῖν
1050 2765 1265 2819 ᾶπαντα
1305 2765 1341 2820 ὃ.
1371 2767 1467 2837 μὲν
1508 2766 1575 2820 ἂν
1603 2767 1914 2837 ἐλπίσωμεν
1947 2767 2105 2835 γενέ-

526 2860 684 2913 σθαι·
742 2861 836 2913 καὶ
904 2860 1145 2931 μεγάλης
1204 2859 1371 2931 οὐσης
1424 2860 1513 2914 ἀεὶ
1557 2860 1659 2929 τῆς
1715 2860 1949 2927 ἐλπίδος,
2005 2861 2107 2915 οὐκ

524 2954 739 3022 ἐλέγχει
766 2953 971 3019 ταύτην
1004 2956 1037 3018 ὴ
1079 2955 1240 3023 πεῖρα
1264 2968 1279 2983 ·
1312 2951 1423 3020 ἐγὼ
1458 2953 1558 3023 μὲν
1578 2952 1672 3006 οὖν
1701 2954 1796 3006 καὶ
1835 2954 2005 3007 πλείω
2030 2954 2109 3006 λέο

529 3062 649 3114 γειν
673 3044 842 3099 ἐθέλω
864 3062 876 3074 ·
900 3046 964 3099 σὺ
998 3046 1054 3099 δέ
1073 3063 1138 3112 με
1164 3043 1397 3111 παίζειν,
1416 3046 1516 3100 οὐκ
1548 3041 1641 3099 οἶδ’
1666 3047 1836 3110 ὅπως,
1858 3048 1988 3118 ἡγῇ,
2012 3045 2109 3099 καὶ

530 3137 856 3205 σιγήσομαι·
889 3136 1143 3189 τοσοῦτον
1169 3137 1279 3207 γάρ
1307 3153 1390 3190 σοι
1417 3139 1477 3188 τὸ
1514 3137 1756 3207 μέτριον,
1786 3136 1862 3200 ὡς
1893 3137 1987 3190 καὶ⁵
2016 3136 2108 3190 τὸν

528 3228 746 3299 ἀληθῶς
777 3230 1101 3283 ἐπαινοῦντα
1119 3230 1332 3294 παίζειν
1354 3233 1464 3302 ἡγῇ
1492 3247 1504 3262 ·
1541 3229 1659 3298 ἐγὼ
1676 3230 1733 3283 δὲ
1750 3229 1874 3282 οὐτε
1898 3229 2109 3294 παίζων

537 3321 629 3387 τῆς
659 3321 917 3391 ἀληθείας
938 3322 1244 3392 ἐξίσταμαι,
1278 3322 1402 3375 οὔτε
1437 3321 1717 3393 ἀληθεύων
1746 3320 1839 3374 τοῦ
1868 3318 2106 3384 παίζειν,

533 3411 695 3483 ἡνίκα
724 3411 787 3481 δή
831 3429 920 3480 μοι
970 3413 1104 3480 πρὸς
1151 3415 1273 3476 τοὺς
1324 3412 1610 3481 φιλοῦντας
1653 3415 1681 3465 ὁ
1744 3412 1927 3479 λόγος·
1968 3410 2109 3464 ὥστε

530 3501 737 3574 ὶδᾶχου]
779 3504 903 3565 τοὺς
962 3504 1130 3572 ἐμοὺς
1179 3504 1432 3566 ἐπαίνους
1465 3519 1476 3533 ·
1514 3502 1635 3555 οὔτε
1685 3502 1793 3571 γὰρ
1831 3502 2110 3564 παντελῶς

535 3594 638 3649 τῶν
667 3594 1099 3667 ἀπερριμμένων
1126 3591 1177 3647 εἴ
1204 3594 1333 3664 παρ’
1365 3593 1507 3663 ἐμοί.

1090 3687 1197 3740 nr.
1227 3684 1550 3757 ΔΩΡΟΘΕῼ.

603 3779 788 3843 Δεινὸς
809 3778 918 3849 ἄρα
948 3796 1029 3842 τις
1072 3774 1217 3847 ἦσθα
1263 3778 1331 3831 τά
1381 3777 1590 3851 σμικρὰ
1640 3776 1854 3846 μεγάλα
1912 3778 2109 3837 ποιεῖν,

548 3871 628 3924 ia“.
655 3864 735 3929 οἷς
767 3871 833 3924 ἂν
859 3870 1050 3941 ἐθέλῃς
1082 3872 1175 3922 καὶ
1203 3869 1407 3940 μοῦσαν
1444 3869 1641 3922 διδόναι
1665 3886 1674 3895 ·
1726 3867 1925 3920 καίτοι
1952 3867 2113 3919 enat.

534 3978 642 4024 νοις
681 3964 780 4032 οὐχ
824 3956 934 4026 οἷος
965 3961 1076 4031 ἐγὼ
1100 3962 1301 4031 λέγειν,
1345 3962 1457 4015 ἀλλ’
1506 3955 1617 4014 οἷον
1651 3960 1918 4031 προσήκει
1958 3958 2113 4027 γενέ-

533 4053 689 4107 σθαι·
728 4053 861 4105 ἀλλὰ
894 4052 1070 4121 καὶ,δέ
1089 4047 1164 4105 ῶν
1192 4070 1279 4124 μοι
1303 4052 1633 4120 τούςλόγους
1662 4050 1849 4107 αἰτῶν.
1870 4048 2112 4102 Ἀττικὸν

531 4162 583 4197 τι
624 4144 838 4216 φθέγγῃ
878 4146 973 4199 καὶ
1002 4147 1122 4207 ταῖς
1169 4145 1388 4215 χάρισιν
1421 4143 1707 4213 ἀνειμένον
1755 4140 1986 4203 πείθεις,
2035 4139 2111 4203 ὡς

535 4237 671 4306 μήτε
706 4235 848 4290 ἑκὼν
875 4232 1013 4289 εἶναι
1049 4236 1275 4299 τούτους
1314 4234 1691 4304 ἐκπέμψομεν,
1726 4232 1877 4302 φόϐῳ
1898 4231 1991 4284 τοῦ
2025 4230 2101 4300 μὴ

534 4328 685 4398 παρὰ
720 4328 803 4381 σοὶ
835 4331 996 4400 κριτῇ
1050 4330 1175 4391 τοὺς
1211 4329 1379 4398 ἐμοὺς
1421 4326 1739 4396 ἐλέγχεσθαι
1773 4324 1988 4386 παῖδας.
2037 4320 2112 4375 Τὸ

2200 479 2394 533 Stolam
2430 478 2483 531 in
2533 477 2781 531 manibus
2831 477 3129 545 accipiens,
3187 477 3430 546 pristina!
3466 481 3783 535 recordatus

2200 585 2320 623 Sum
2365 567 2673 629 {alit-natis;
2711 575 2763 619 te
2808 568 2859 619 in
2901 568 3008 622 tuis
3053 567 3249 622 litteris
3280 571 3471 623 adesse
3517 570 3784 638 opinabar

2201 672 2254 716 et
2300 663 2366 714 ad
2410 661 2789 729 alloqnendum
2840 668 2890 714 te
2926 661 3071 715 velut
3102 672 3422 731 praesentem
3469 664 3778 728 exeitabar;

2204 755 2360 809 modo
2427 754 2594 823 loqui,
2646 755 2803 806 modo
2841 753 3030 807 audire
3076 750 3218 805 ἠιίιιί
3283 754 3542 819 videbar;
3607 763 3660 806 rt
3696 758 3780 807 vix

2204 849 2346 901 farre
2374 848 2540 915 potui,
2615 861 2735 899 cum
2793 845 2984 913 agnovi
3030 845 3078 897 id
3110 859 3230 898 esse
3284 847 3553 899 somnium
3611 853 3663 897 cl
3699 862 3782 899 me

2203 937 2313 991 l'atli
2338 978 2350 990 .
2386 939 2593 1003 Saepius
2624 951 2752 1006 ergo
2776 935 2972 1000 scribe,
3027 944 3103 999 ut,
3150 945 3240 988 tuo
3271 948 3560 1005 (:Otispttt'itt
3613 939 3783 990 desti-

2205 1038 2374 1093 tutus,
2410 1027 2637 1079 somniis
2692 1024 2883 1078 saltent
2939 1025 3235 1092 gaudeam.
3270 1027 3547 1092 Siquidem
3586 1027 3782 1079 ardens

2203 1131 2435 1180 amator,
2519 1118 2632 1173 suis
2696 1117 2938 1185 privatus
3001 1115 3211 1178 amicis,
3286 1116 3442 1170 dulce
3506 1119 3777 1171 somnium

2203 1214 2349 1267 videt
2381 1225 2433 1268 et
2483 1216 2719 1283 seipsum
2767 1212 2921 1266 fallit.
2983 1212 3086 1266 Sed
3139 1212 3252 1265 luteo
3275 1212 3482 1279 dicens,
3520 1215 3679 1268 timeo
3716 1231 3784 1268 ne

2205 1319 2329 1357 vera
2362 1319 2483 1359 esse
2519 1314 2674 1374 putes
2720 1314 2774 1357 et
2825 1303 3077 1371 superbia
3116 1300 3308 1371 plenus
3348 1303 3525 1358 denuo
3569 1318 3779 1360 taceas:

2205 1398 2377 1465 cogita
2434 1411 2563 1467 ergo
2615 1395 2749 1449 l‘alsa
2804 1408 2945 1460 esse,
2999 1408 3107 1463 quo
3161 1403 3212 1447 te
3250 1408 3468 1463 Semper
3541 1399 3779 1454 audiam.

2204 1487 2304 1554 Qui
2343 1498 2519 1540 autem
2578 1503 2752 1541 meam
2795 1485 3078 1555 epistolam
3137 1488 3201 1539 ad
3253 1496 3304 1540 te
3357 1487 3587 1550 deferet,
3651 1505 3786 1559 quo-

2208 1581 2349 1632 niam
2378 1579 2736 1634 consobrinus
2753 1578 2866 1634 etsi
2899 1578 3027 1648 quid
3052 1578 3282 1648 amplius
3309 1582 3595 1634 dicendum
3623 1598 3788 1650 gener

2208 1687 2359 1725 meus
2425 1680 2536 1734 est,
2595 1686 2715 1725 cum
2768 1670 2939 1739 gratis
2989 1670 3227 1738 accipias
3276 1675 3468 1738 oculis,
3510 1683 3583 1739 et,
3613 1675 3658 1728 si
3692 1691 3785 1728 ltu-

2206 1777 2382 1826 cesse,
2437 1773 2700 1833 praestans
2760 1771 2815 1819 et
2846 1771 2950 1818 tua:
3008 1760 3205 1831 lingua:
3251 1762 3600 1833 adiutorium,
3632 1781 3782 1822 smu-

2206 1871 2347 1907 mam
2381 1854 2510 1907 mihi
2535 1854 2765 1925 gratiam
2800 1865 3027 1922 praestes
3056 1898 3070 1914 .

2785 1945 2947 2002 XVII.
2994 1949 3221 2005 ElilEM.

2276 2039 2487 2106 Quanta
2518 2042 2658 2110 apud
2690 2050 2739 2095 te
2772 2042 3032 2098 felicitate
3059 2046 3277 2113 gavisus
3316 2043 3479 2098 fuerit
3520 2042 3787 2098 formosus

2206 2127 2518 2192 Zacharias,
2556 2130 2670 2198 ipse
2704 2130 2858 2185 nobis
2891 2135 3131 2186 narravit
3170 2141 3224 2187 et
3252 2133 3578 2202 compluries
3617 2134 3785 2187 audi-

2205 2222 2416 2287 vimus;
2481 2232 2603 2276 tuas
2650 2236 2866 2291 quoque
2912 2224 3122 2277 litteras
3165 2225 3521 2291 monstrabat,
3559 2224 3788 2279 veritate

2209 2320 2386 2364 tmneu
2430 2313 2689 2376 minores,
2725 2315 3001 2381 quoniam,
3041 2326 3097 2367 ut
3145 2315 3362 2385 opinor,
3400 2316 3590 2370 melius
3632 2330 3788 2385 egre-

2205 2403 2277 2472 gii
2310 2402 2491 2458 facere
2520 2407 2628 2458 scis
2660 2420 2820 2472 quam
2863 2405 3071 2472 dicere,
3107 2423 3209 2460 mn
3241 2421 3305 2461 ex
3339 2408 3604 2462 sermonis
3649 2407 3787 2463 imii—

2206 2498 2412 2567 grntia,
2442 2498 2537 2551 sed
2581 2513 2644 2550 ex
2700 2498 2960 2552 modestia
3006 2514 3125 2567 qua)
3167 2515 3319 2555 suam
3362 2502 3615 2555 virtutem
3656 2519 3785 2571 prn-

2207 2593 2398 2644 denter
2443 2590 2696 2642 occultat.
2750 2589 2920 2644 Tuam
2976 2600 3155 2645 autem
3210 2592 3261 2645 itt
3311 2608 3407 2645 nos
3452 2594 3779 2664 diligentiam

2199 2682 2520 2753 jampridem
2554 2682 2899 2736 exsistcntem
2928 2685 3177 2739 omnilms
3216 2685 3409 2749 clamo,
3441 2694 3493 2739 et
3524 2686 3637 2740 Inec
3667 2704 3785 2741 om-

2208 2776 2295 2828 nia
2333 2790 2453 2845 qnze
2481 2789 2764 2844 speramus
2812 2776 2945 2829 nihil
2996 2774 3109 2831 lore
3158 2791 3394 2844 novum;
3449 2790 3781 2843 (ptantacnn-

2208 2880 2313 2934 qne
2343 2865 2487 2920 enim
2524 2876 2709 2921 nostra
2755 2881 2901 2933 spes,
2933 2882 3048 2920 eam
3078 2884 3182 2921 non
3212 2868 3359 2922 fallet
3390 2878 3637 2924 eventus.
3676 2871 3789 2941 Ego

2159 2977 2165 2983 ι
2210 2955 2424 3025 quidem
2479 2955 2636 3026 piura
2695 2957 2874 3011 dicere
2927 2958 3107 3021 velim,
3157 2961 3251 3013 sed
3287 2975 3395 3024 tne,
3430 2962 3613 3015 nescio
3670 2978 3786 3026 cur,

2135 3077 2175 3133 ε
2212 3048 2384 3119 jocari
2431 3048 2643 3117 putabis
2689 3056 2743 3102 et
2787 3051 2975 3102 tacebo
3006 3067 3019 3104 :
3054 3058 3199 3104 tanta
3250 3052 3393 3106 enim
3429 3061 3511 3107 est
3545 3065 3633 3109 tua
3673 3070 3789 3109 mo-

2213 3140 2384 3194 destia
2418 3151 2475 3193 ut
2506 3143 2772 3194 veraciter
2806 3140 3113 3195 laudantem
3146 3143 3314 3212 iocari
3348 3144 3659 3210 exis'imcs;
3694 3146 3789 3199 sed

2214 3247 2388 3302 neque
2421 3232 2546 3302 joco
2580 3249 2610 3288 a
2641 3236 2864 3290 veritate
2898 3236 3193 3299 discedam,
3225 3252 3400 3307 neque
3445 3252 3566 3291 vera
3608 3239 3793 3294 dicens

2213 3326 2409 3395 ajoeo,
2446 3326 2665 3394 quando
2694 3327 2759 3381 ad
2790 3328 2996 3382 amicos
3041 3328 3168 3382 IIIIIII
3212 3330 3315 3383 erit
3366 3345 3582 3393 sermo;
3631 3346 3659 3383 a
3710 3348 3793 3384 me

2214 3420 2375 3486 igitur
2408 3417 2596 3471 laudes
2628 3418 2843 3488 suscipe
2884 3438 2897 3474 :
2935 3435 3207 3489 tntuqnam
3255 3422 3397 3473 enim
3458 3437 3486 3474 c
3534 3420 3792 3476 memoria

2214 3516 2398 3557 nostra
2440 3506 2674 3559 deeides.

2697 3680 2880 3736 XVIII.
2917 3679 3310 3738 DOROTIIEO.

2286 3773 2485 3829 Potens
2508 3787 2642 3828 sane
2675 3789 2733 3827 es
2761 3773 2828 3828 de
2863 3774 3041 3842 parvis
3079 3791 3267 3841 magna
3296 3776 3475 3830 facere
3506 3788 3559 3831 et
3599 3778 3795 3848 quibus

2214 3868 2295 3921 vis
2332 3881 2513 3920 musas
2545 3866 2749 3935 largiri.
2775 3865 2890 3919 'Sed
2924 3882 3029 3917 non
3058 3866 3232 3932 ipsum
3266 3868 3356 3934 qui
3406 3868 3629 3923 laudare
3672 3886 3797 3939 pos—

2214 3961 2339 4024 sim,
2397 3960 2491 4013 sed
2531 3960 2783 4026 quoniam
2830 3956 2941 4011 ﬁeri
3011 3966 3189 4025 potest
3223 3957 3422 4012 dit-am.
3495 3961 3549 4013 In
3596 3965 3796 4029 quibus

2215 4051 2408 4106 litteris
2429 4065 2708 4105 sermones
2739 4066 2767 4106 a
2794 4067 2877 4104 tne
2905 4049 3136 4119 expetis,
3162 4050 3343 4104 Attice
3361 4052 3493 4105 dicis
3524 4062 3575 4105 et
3607 4056 3797 4122 gratiis

2214 4144 2526 4214 persuades.
2550 4144 2623 4196 ita
2645 4149 2781 4197 utad
2797 4151 2847 4196 te
2866 4157 2970 4195 non
3000 4141 3170 4196 libens
3196 4157 3290 4196 eos
3319 4143 3795 4206 miseritum-ritus

2215 4250 2410 4304 nempe
2437 4249 2525 4301 ne,
2566 4245 2618 4289 te
2641 4233 2846 4303 judice,
2867 4235 2975 4289 nati
3003 4234 3105 4287 mei
3133 4235 3481 4288 damnentur.
3513 4236 3667 4305 Apud
3702 4236 3794 4306 jn-

2215 4329 2363 4383 dices
2391 4330 2533 4381 enim
2582 4327 2851 4393 faventes,
2879 4327 3080 4396 aliquid
3136 4326 3275 4381 forte
3319 4337 3535 4392 essent;
3571 4330 3664 4382 sed
3700 4346 3796 4383 vo-

530 4419 640 4489 τὰρ
691 4420 959 4489 ἡμέτερον
1007 4422 1138 4490 παρ’
1173 4418 1418 4471 εὐνοοῦσι
1469 4418 1566 4485 μὲν
1620 4418 1900 4479 δικασταῖς
1950 4414 2104 4484 τυχὸν

2219 4421 2450 4474 lentibns
2486 4404 2716 4474 strictim
2748 4418 3218 4484 examinor,uiltil.
3247 4417 3350 4473 Sed
3376 4421 3505 4473 mihi
3539 4421 3583 4473 is
3608 4421 3682 4474 sis
3705 4422 3794 4489 qui

535 4512 663 4573 ἴσως
710 4512 851 4580 μέγα
883 4526 895 4538 ’
947 4508 1338 4581 παρεξετάζειν
1376 4509 1432 4561 δέ
1470 4506 1819 4577 βουλομένοις
1870 4506 2112 4557 ἐναντίον

531 4603 670 4668 δόξει
703 4619 715 4634 ·
762 4602 898 4656 ἀλλά
934 4620 1022 4672 μοι
1076 4602 1254 4683 γένοιο
1295 4600 1357 4652 τὸ
1390 4600 1653 4669 πρότερον
1679 4613 1692 4627 ·
1743 4599 1818 4660 ὡς
1867 4595 1963 4667 τὴν
2009 4596 2110 4666 σὴν

534 4694 818 4763 ἐπιστολὴν
831 4693 1059 4755 δεδιότες
1090 4694 1138 4745 οἱ
1170 4681 1341 4759 λόγοι,
1378 4691 1480 4743 Ἔα
1507 4688 1810 4752 λανθάνειν,
1839 4681 1884 4740 ῶ
1911 4687 2107 4757 πάτερ,

533 4786 793 4847 ποῖλάκις
834 4784 1002 4837 ἐϐόων
1029 4797 1043 4811 ⁸
1098 4782 1209 4851 ἐγὼ
1254 4783 1310 4834 δέ
1355 4781 1615 4843 πολλάκις
1669 4779 2108 4851 παρεμυθούμην

528 4876 738 4928 οἴκοθεν
766 4874 948 4927 οἴκαδε
977 4875 1255 4946 φοιτήσειν
1284 4872 1759 4941 ἐπαγγελλόμενος
1786 4887 1801 4901 ο
1838 4871 2107 4937 ἐπάγεται

528 4967 585 5019 ιε
620 4965 795 5034 ταύτῃ
838 4966 1065 5035 πολίτης
1096 4965 1397 5036 ὑμέτερος.
1450 4957 1495 5033 ᾧ
1522 4961 1593 5015 τὰ
1645 4962 1863 5031 μουσῶν
1919 4962 2069 5025 μέλει
2092 4977 2104 4990 '

446 5064 469 5092 ο
529 5056 804 5128 Δωρόθεος
833 5057 1001 5127 ὄνομα
1037 5056 1213 5128 αὐτῷ,
1254 5058 1349 5109 καὶ
1390 5054 1657 5122 Πελαγίου
1696 5052 1883 5106 τοῦτον
1917 5055 2078 5105 ἐπονο

531 5148 704 5217 μαζου
714 5166 814 5201 σιν.

680 5242 781 5294 ιι-γ.
810 5239 1109 5312 ΖΑΧΑΡΙᾼ
1142 5242 1261 5294 ΚΑΙ
1290 5235 1574 5309 (Duillii!)
1600 5236 1949 5291 ΛΔΕΛΦΟῙΣ.

603 5330 674 5386 Εὐ
714 5349 779 5401 γε
810 5332 919 5385 τῶν
946 5333 1226 5403 ὑμετέρων
1255 5333 1603 5402 γραμμάτων
1631 5345 1643 5359 ·
1676 5329 1750 5387 ὡς
1785 5329 1920 5399 πρὶς
1952 5326 2110 5379 εὐθυ-

535 5422 663 5493 μίαν
702 5425 837 5493 ὅσην
864 5424 1021 5494 ἡμῶν
1048 5419 1190 5476 οἶδεν
1225 5423 1473 5493 ἐπαίρειν
1503 5423 1602 5491 τὴν
1629 5421 1877 5492 γνώμην.
1912 5421 1976 5473 Τί
2003 5423 2109 5490 γὰρ

527 5516 677 5588 ἣδιον
713 5515 747 5586 ἢ
788 5514 1179 5585 φθεγγομένων
1214 5514 1436 5568 ἀκούειν
1477 5515 1565 5567 ὅτε
1598 5513 1856 5583 παρεῖναί
1909 5528 1990 5574 τις
2044 5511 2111 5565 ἂν

528 5608 680 5679 αὐτῴ
715 5607 975 5679 φθόγγοις
1010 5607 1357 5679 προσηύξατο
1382 5623 1395 5672 ;
1423 5606 1497 5670 ὡς
1519 5606 1636 5658 ἔδει
1683 5605 1780 5676 μὲν
1811 5604 1905 5656 καὶ
1942 5603 2110 5657 πάλαι

528 5699 707 5773 τούτῳ
733 5700 833 5772 τὴν
867 5700 1040 5774 τύχην
1080 5686 1396 5754 ἐπινεύςαι·
1447 5701 1655 5768 γένοιτ)
1682 5699 1729 5749 δ’
1756 5698 1820 5751 ἄν
1850 5713 1977 5749 ποτε
2014 5696 2109 5748 καὶ

2221 4522 2401 4566 antea.
2452 4509 2621 4563 Tuum
2677 4512 2929 4564 timentes
2974 4511 3284 4580 epistolam,
3354 4513 3457 4565 mei
3517 4528 3797 4568 sermones

2220 4604 2417 4672 sa'pins
2463 4602 2767 4655 clamabunt
2810 4601 3006 4666 :Sine,
3039 4618 3072 4655 o
3120 4612 3293 4671 pater,
3326 4603 3652 4670 noslatere;
3700 4621 3800 4675 rgo

2219 4705 2398 4747 autem
2433 4710 2527 4747 eos
2572 4695 2895 4747 consolabar
2940 4693 3259 4762 promittens
3306 4695 3372 4747 de
3414 4695 3574 4749 domo
3613 4712 3708 4749 sua
3743 4698 3795 4749 in

2220 4786 2438 4837 domum
2473 4798 2624 4837 suam
2653 4798 2746 4838 eos
2780 4798 2902 4838 esse
2952 4785 3143 4839 ituros.
3180 4784 3371 4839 Incitat
3428 4800 3645 4855 quoque
3698 4804 3796 4842 nos

2220 4891 2358 4930 unus
2390 4892 2452 4929 ex
2482 4876 2694 4931 civibus
2721 4890 2998 4930 musarum
3034 4877 3323 4947 plurimum
3359 4894 3573 4945 atttalts,
3601 4880 3684 4932 cui
3710 4896 3800 4934 no-

2221 4984 2340 5021 men
2376 4969 2681 5022 Dorotlteus
2709 4978 2763 5021 ct
2795 4967 3045 5036 Pelagius
3080 4984 3401 5038 cognomen.

2216 5240 2361 5295 XIX.
2424 5238 2797 5295 ΖΑΟΙΙΑΒΙᾹΞ
2858 5238 2945 5295 E'I‘
3015 5235 3793 5302 PIIILIPPO,FR.\TRIBUS.

2290 5333 2542 5388 Feliriter
2584 5343 2776 5386 vestrm
2810 5331 3050 5384 litterae:
3103 5338 3302 5398 quanta
3362 5330 3550 5386 Letitia
3621 5346 3795 5386 meant

2219 5433 2453 5478 tuentem
2509 5422 2893 5491 perfoderent!
2968 5423 3107 5489 Quid
3169 5421 3312 5474 enim
3374 5423 3585 5492 gratius
3634 5438 3795 5493 quam

2219 5514 2426 5575 audire,
2479 5528 2599 5565 cum
2648 5512 2769 5580 quis
2827 5521 3081 5581 precatur
3107 5511 3211 5565 sibi
3254 5512 3485 5566 adesse?
3532 5510 3652 5567 .Iam
3690 5512 3797 5581 pri-

2219 5606 2340 5656 dem
2377 5603 2664 5674 Oportebat
2724 5601 2997 5655 fortunam
3030 5604 3080 5658 id
3110 5603 3438 5665 concedere,
3500 5604 3598 5658 sed
3656 5618 3798 5657 tutuc

2224 5695 2312 5749 ﬁat
2348 5705 2398 5750 et
2432 5696 2566 5751 bene
2596 5694 2815 5751 eveniat
2844 5707 3021 5752 vestra
3048 5696 3349 5767 Voluntate,
3387 5697 3489 5762 Dii,
3548 5695 3601 5751 in
3625 5709 3798 5765 quan-
