3976 6210
423 360 564 424 2τ3Ἱ

952 475 1083 529 ιον.
1124 475 1212 545 τί)
1248 474 1453 544 arra.

392 602 409 608 -
497 567 663 635 Δέχου
701 565 799 638 τὴν
822 565 1104 637 παροῦσαν
1134 565 1445 636 ἐπιστολὴν,
1479 568 1702 638 χρονίαν
1730 567 1853 639 μὲν,
1888 567 2001 621 ἀλλ’
2075 561 2077 563 ’

424 659 573 728 ὅμως
616 656 946 728 θαρροῦσαν,
982 658 1066 711 ὅτι
1095 657 1247 729 παρᾶ
1286 658 1457 727 φίλων
1505 660 1731 727 ἀφῖκται
1758 675 1770 688 ο
1808 658 2005 712 ούκοῦν

428 753 502 817 μὴ
546 748 754 820 ψεύσῃς
784 750 953 819 αὐτὴν
986 750 1087 819 τῆς
1117 735 1352 815 ἐλπίδος,
1410 751 1886 822 άποστρεφόμενός
1946 769 2002 803 τε

424 840 517 892 xii.
538 842 636 902 τὰς
663 839 834 912 ὀφρῦς
871 840 1123 909 συνάγων
1143 841 1277 911 αὐτῇ
1310 856 1326 871 ο
1358 840 1481 894 ἐπεὶ
1506 841 1741 905 καὶτοὺς
1766 842 2005 912 ὲρῶντάς

424 950 558 1000 φασι
585 933 762 1004 χρόνῳ
787 934 883 988 καὶ
909 932 1061 1004 μόλις
1078 932 1452 1003 ἐπιτυχόντας,
1473 931 1577 987 ὑπὸ
1598 933 1698 1002 τῆς
1721 932 2005 1004 παρούσης

427 1025 610 1093 ἡδονῆς
650 1024 758 1078 τῶν
792 1024 1172 1096 προλαϐόντων
1216 1025 1394 1078 πόνων
1422 1024 1875 1079 ἐπιλανθάνεσθαι
1900 1042 1911 1055 ·
1956 1028 2006 1079 εἰ

422 1118 478 1169 δὲ
513 1116 839 1187 σκυθρωπὸς
888 1118 1026 1187 πρὸς
1064 1115 1265 1186 ταύτην
1316 1117 1559 1188 φανείης,
1610 1117 1854 1188 λυπηρὸν
1907 1117 2006 1187 μὲν

422 1210 562 1270 ὅλον⁹
596 1209 734 1275 λέξω
765 1208 810 1262 δ’
833 1210 981 1279 ὅμως
1015 1223 1027 1238 ·
1058 1208 1268 1262 δέδοικα
1295 1210 1402 1281 γὰρ
1445 1210 1520 1281 μὴ
1549 1210 1671 1263 οὐδὲ
1703 1210 1837 1278 άλλη
1870 1210 2005 1279 πρὸς

373 1286 377 1290 ”
425 1300 484 1352 σὲ
515 1300 714 1371 ῥᾳδίως
744 1299 1015 1369 ἀφίξεται,
1042 1300 1304 1372 ὑϐριστήν
1332 1318 1392 1353 τε
1430 1297 1751 1371 νομίζουσα,
1784 1302 1878 1355 καὶ
1907 1300 2005 1371 τὴν

427 1393 806 1456 προλ..ϐοῦοαν
836 1389 922 1447 οἶα
953 1393 1190 1448 πέπονθε
1226 1393 1572 1465 λογιζομένη.

872 1484 998 1539 ΚΒ’.
1031 1483 1221 1555 ΘΩΜᾼ
1261 1484 1543 1555 nemo.

495 1572 691 1625 Ἔοικα
720 1571 831 1625 τῶν
868 1572 1148 1643 ὑμετέρων
1170 1572 1519 1644 γραμμάτων
1551 1572 1914 1643 μετειληφὼς,
1945 1571 2002 1625 οὐ

424 1667 604 1733 μένεω
658 1664 743 1733 ἐρ’
770 1661 853 1728 οἷς
888 1683 989 1718 που
1036 1667 1131 1718 καὶ
1161 1668 1447 1736 πρότερον,
1491 1664 1625 1718 ἀλλὰ
1661 1666 1875 1735 τρυφᾷν
1926 1663 2013 1733 τῷ

420 1756 632 1826 καιρῴ-
680 1757 774 1810 κα¹ι
819 1759 1048 1829 ἕρμαιον
1102 1757 1355 1827 ἡγεῖσθαι
1396 1756 1496 1828 τὴν
1541 1759 1816 1827 ἀφορμήν.
1872 1756 2003 1809 Ἰδοὺ

418 1848 526 1917 γάρ
550 1865 632 1900 σοι
658 1848 767 1901 τῶν
787 1846 1082 1902 αἰτούντων
1108 1849 1367 1919 ἐξαίφνης
1397 1848 1527 1916 ἐγώ*
1559 1850 1623 1901 σὺ
1653 1848 1710 1901 δὲ
1734 1849 1793 1900 τὸ
1813 1850 1999 1918 τάχος,
2039 1830 2077 1884 Β

416 1934 596 2011 οἶμαιζ
627 1939 942 2010 θαυμάζων,
981 1938 1117 2010 ταχὺ
1144 1940 1203 1993 τὸ
1232 1941 1331 2010 τῆς
1354 1938 1643 2009 κωμῳδίας
1676 1941 1822 2010 ἐρεῖς
1842 1957 1854 1970 ·
1885 1939 1999 1993 ἀλλ’

418 2030 528 2098 ἐγὼ
559 2029 728 2083 δεινὸν
759 2028 1008 2101 ἡγούμην
1049 2030 1099 2082 εἰ
1142 2030 1232 2083 τὸν
1260 2029 1450 2098 χρόνον
1487 2029 1858 2098 περισκοπῶν,
1901 2029 2001 2082 οὐκ

418 2121 630 2191 αἰτήσω
685 2120 879 2175 θᾶττον
907 2119 937 2175 δ
967 2119 1064 2174 καὶ
1104 2119 1187 2174 σοι
1236 2119 1433 2173 διδόναι
1475 2120 1645 2190 κάμοὶ
1691 2119 1877 2173 λαϐεῖν
1911 2121 2001 2172 εὐ-

418 2212 649 2282 πρεπές.
701 2212 919 2277 Αἰνείας
946 2211 1106 2282 γὰρὸ
1135 2211 1234 2283 τὴν
1281 2210 1571 2282 ἐπιστολὴν
1613 2212 1769 2283 ἡμῶν
1821 2213 1998 2267 ἐπιδι-

337 2372 349 2382 .
417 2305 561 2367 δοὺς,
600 2303 822 2372 πολίτης
848 2302 997 2357 ἐστὶν
1030 2303 1319 2373 ἡμέτερος,
1359 2302 1419 2355 ὃν
1457 2302 1701 2371 εὐτυχεῖν
1736 2302 1999 2373 βούλομαι

417 2397 487 2449 δι’
512 2396 683 2466 ὑμῶν.
734 2395 931 2459 ι’ἐνους
957 2412 1017 2448 τε
1033 2393 1140 2465 γὰρ
1170 2393 1283 2465 ἔχει
1306 2392 1510 2457 καλῶς,
1540 2395 1634 2447 καί
1672 2394 1763 2446 τὸν
1798 2394 2000 2465 τρόπον

419 2489 567 2540 ἐστὶν
599 2486 905 2556 ἐλεύθερος,
953 2471 1049 2538 καὶ
1093 2485 1288 2555 τέχνην
1313 2481 1417 2536 οἶδε
1449 2486 1577 2546 τοὺς
1609 2484 1835 2554 νόμους·
1872 2484 1999 2554 βού-

418 2581 570 2633 λεται
596 2578 653 2632 δὲ
680 2577 932 2632 τοσοῦτον
965 2576 1260 2630 ἀπολαύειν
1285 2577 1382 2645 τῆς
1403 2576 1622 2646 τέχνης,
1651 2575 1726 2638 ώς
1750 2574 1881 2643 θεῷ,
1906 2577 2000 2628 καὶ

418 2671 519 2743 τὴν
566 2669 791 2741 γνώμην
840 2668 1024 2739 μένειν
1053 2649 1374 2737 ὲλεύθερονδο
1414 2668 1475 2720 οὐ
1504 2667 1614 2738 γὰρ
1658 2662 1766 2719 οἶδε
1799 2666 1995 2736 κέρδος

421 2761 678 2815 τοσοῦτον
731 2760 1065 2830 εὐφραίνειν,
1123 2758 1199 2829 μὴ
1244 2761 1380 2828 μετὰ
1423 2757 1632 2810 δικαίου
1684 2757 1998 2828 γενόμενον.

427 2854 667 2924 Πάρεστι
701 2853 755 2906 δὲ
784 2851 944 2906 τοῦτο
975 2852 1068 2904 καὶ
1097 2853 1162 2921 τῇ
1195 2850 1362 2922 πείρᾳ
1391 2850 1583 2921 μαθεῖν
1608 2865 1621 2881 ·
1656 2849 1864 2903 πόλεων
1893 2849 2001 2920 γάρ

425 2962 587 2998 τινων
613 2945 707 2998 ἐπὶ
731 2946 842 3006 τοῖς
873 2943 1104 3006 δικαίοις
1138 2942 1606 3013 προϐεϐλημένος,
1649 2942 1744 2994 καί
1785 2941 1884 3013 τὴν
1909 2943 2003 2994 ὲκ-

422 3036 574 3090 δίκου
604 3035 983 3106 προσηγορίαν
1019 3033 1218 3098 λαϐὼν,
1244 3026 1400 3097 οὗτος
1425 3033 1735 3103 ἐμιμήσατο
1759 3034 1884 3096 τοὺς
1910 3032 2000 3085 νόο

427 3145 582 3197 μους,
623 3127 767 3180 ὥστε
800 3127 894 3181 καὶ
926 3126 1262 3195 συκοφάντου
1294 3124 1455 3193 φύσιν
1498 3123 1750 3194 ἐνίκησεν
1771 3138 1784 3153 °
1824 3122 2002 3187 οὐδεὶς

424 3217 531 3287 γάρ
564 3217 779 3269 οὐδόλου
802 3216 923 3270 οὐδὲ
952 3216 1153 3278 ἀδίκως
1175 3214 1481 3285 ἐμέμψατο,
1515 3213 1651 3267 ἀλλὰ
1679 3213 1841 3267 τοῦτο
1862 3214 2003 3284 τάχα

426 3311 521 3361 καὶ
550 3309 725 3376 γέλως
752 3307 927 3361 ἐδόκει
957 3309 1070 3370 τοῖς
1090 3306 1321 3377 ἄρχουσι
1352 3306 1458 3377 πρὸ
1490 3304 1643 3377 ὑμῶν
1665 3321 1681 3337 ο
1710 3305 1871 3376 μόνου
1896 3304 2005 3377 γὰρ

424 3394 562 3469 ἦσαν
606 3398 701 3452 τοῦ
734 3398 950 3451 λαϐεῖν’
1000 3400 1028 3451 ὁ
1058 3397 1113 3450 δὲ
1152 3397 1261 3450 τῶν
1304 3397 1557 3469 διδόντων
1600 3396 1700 3449 οὐκ
1739 3390 1837 3467 ἦν’
1883 3396 2006 3450 ὅθεν

424 3467 457 3542 δ
484 3488 584 3559 μὲν
604 3488 858 3552 ἐπαύετο,
877 3486 1054 3557 ἕτεροι
1083 3486 1140 3539 δὲ
1161 3481 1323 3555 ἦσαν,
1352 3485 1426 3547 ὡς
1442 3467 1613 3550 εἰκὸς,
1632 3483 1758 3550 ἄξια
1771 3483 2007 3557 δρῶντες

425 3573 500 3631 ὧν
576 3577 968 3644 ἐδεδώκεισανο
1020 3576 1268 3647 βούλεται
1300 3575 1356 3628 δὲ
1401 3575 1497 3628 νῦν
1548 3575 1641 3627 ἐπὶ
1684 3577 1783 3645 τῆς
1835 3575 2007 3645 αὐτῆς

428 3668 599 3738 τύχης
640 3665 917 3735 γενέσθαι,
948 3664 1155 3735 δωρεὰν
1200 3664 1330 3733 ὑμῖν
1369 3661 1664 3733 προσάγων
1690 3660 1753 3713 τὸ
1789 3660 2008 3713 δικαίαν

428 3763 572 3831 ἔχειν
607 3761 707 3833 τὴν
759 3760 988 3831 γνώμην
1013 3776 1025 3789 ο
1082 3753 1192 3828 ἆρά
1239 3774 1322 3809 σοι
1356 3755 1448 3809 τοῦ
1502 3756 1677 3809 αἰτεῖν
1703 3756 1768 3807 ὲκ
1803 3754 2008 3824 μητρὸς

428 3857 668 3922 ἡκόντων
711 3854 1058 3924 κατάρχομαι
1084 3869 1099 3914 ς
1148 3850 1343 3904 οὐκοῦν
1374 3850 1422 3902 εἰ
1453 3847 1756 3920 θαυμάζεις
1783 3846 1882 3919 τὴν
1924 3848 2008 3900 αῖ-

431 3963 606 4015 τησιν,
631 3945 766 4017 τίμα
792 3944 998 4015 ταύτην
1024 3945 1135 4005 τοῖς
1167 3942 1372 4012 λόγοις.

972 4122 1097 4176 ari.
1138 4122 1225 4193 To
1261 4119 1463 4192 Αγτο.

511 4215 655 4286 Ἐγώ
697 4234 794 4270 σου
840 4216 938 4286 τὴν
985 4213 1276 4284 επιστολὴν
1321 4212 1573 4282 ἀσμένως
1625 4212 1769 4278 ἰδὼν,
1818 4211 2009 4282 ὥσπερ

431 4310 598 4373 εἰκὸς,
628 4310 873 4362 ἐπαινεῖν
904 4306 961 4358 δὲ
985 4306 1121 4376 πρὸς
1155 4304 1315 4371 ἀξίαν
1345 4303 1444 4356 οὐκ
1472 4301 1633 4373 ἔχων,
1665 4301 1865 4374 μικροῦ
1898 4302 2008 4355 δεῖν

438 4420 514 4455 τοι
552 4402 655 4472 τὴν
698 4400 867 4471 αὐτὴν
908 4396 1278 4466 ἁντεπέθηκα,
1310 4394 1793 4466 τούπιγραμμένον
1839 4410 2008 4464 μετα-

1864 328 2268 420 Εινιδτοωε.

3551 351 3692 412 2738

2698 476 2840 532 XXI.
2883 476 3109 532 EIDEM.

2174 568 2323 623 Hanc
2371 568 2558 638 accipe
2600 569 2883 636 epistolam
2935 571 3087 623 tarde
3118 567 3333 637 quidem
3383 564 3705 631 venientem,

2108 664 2204 717 sed
2266 670 2444 716 tamen
2474 662 2838 716 confidentem
2890 678 2951 716 se
2974 678 3040 715 ex
3081 662 3257 715 amico
3315 659 3518 714 venire.
3560 657 3690 711 Eant

2110 754 2279 824 igitur
2331 768 2398 808 ue
2430 769 2525 822 spe
2563 753 2853 809 defraudes
2877 794 2892 817 ,
2936 769 3034 808 nec
3066 752 3336 822 despicias
3371 766 3470 805 nec
3501 750 3685 803 adver-

2107 862 2203 901 sus
2230 861 2349 901 eam
2374 845 2663 916 supercilia
2691 860 2929 899 moveas.
2958 846 3235 915 Siquidem
3265 844 3523 897 dicuntur
3539 859 3693 894 ama-

2110 949 2279 1004 tores,
2336 947 2581 1008 tempore
2647 938 2734 991 vix
2801 947 3058 1004 arrepto,
3111 937 3508 1006 praeteritorum
3582 951 3691 1005 pra:

2108 1030 2362 1097 praesenti
2401 1030 2677 1098 voluptate
2701 1029 2947 1083 oblivisci
2983 1030 3267 1083 malorum.
3303 1029 3358 1082 Si
3378 1039 3561 1084 autem
3588 1029 3691 1080 du-

2109 1137 2201 1174 rus
2232 1121 2285 1175 in
2311 1135 2429 1176 eam
2458 1135 2628 1183 esses,
2680 1119 2899 1175 Christo
2927 1119 3172 1185 omnino,
3234 1135 3340 1174 non
3380 1130 3560 1174 tamen
3610 1129 3692 1173 ta-

2108 1211 2244 1267 cebo
2278 1227 2515 1267 :vereor
2540 1213 2741 1267 etenim
2781 1222 2839 1265 ttt
2863 1211 2973 1280 jam
3010 1212 3181 1265 altera
3211 1212 3278 1273 ad
3306 1222 3357 1266 te
3394 1212 3549 1266 facile
3577 1223 3686 1266 eat.

2108 1305 2185 1360 Te
2238 1313 2436 1375 putans
2489 1305 2810 1375 iniuriosum
2857 1313 2912 1359 et
2966 1319 3086 1373 qua:
3126 1318 3283 1372 passa
3326 1305 3490 1359 fuerit
3543 1305 3691 1373 prior

2109 1410 2294 1450 secum
2330 1405 2607 1465 reputans.

2528 1484 2691 1540 XXII.
2724 1483 2987 1541 TIIOM/E
3017 1482 3293 1539 FRATRI.

2181 1575 2307 1631 Milti
2345 1577 2521 1633 visunt
2553 1588 2659 1643 est,
2689 1588 2992 1633 vestrarum
3035 1578 3342 1631 litterarum
3380 1578 3693 1648 cognitione

2108 1667 2317 1733 habita,
2349 1682 2452 1721 non
2484 1679 2633 1723 stare
2668 1669 2735 1723 iis
2765 1669 2965 1737 quibus
3015 1668 3198 1724 forsan
3229 1680 3285 1723 et
3309 1671 3565 1739 primum,
3597 1675 3691 1727 sed

2108 1756 2212 1810 frui
2237 1757 2526 1812 occasione
2548 1798 2563 1819 ,
2598 1768 2652 1811 et
2685 1767 2937 1827 tauquam
2968 1760 3178 1811 lucrum
3210 1758 3530 1813 existimare
3561 1769 3695 1813 tem-

2111 1862 2209 1917 pus
2236 1859 2598 1917 opportuntttn
2640 1863 2653 1903 :
2691 1863 2823 1903 ecce
2858 1849 3002 1903 enim
3039 1851 3133 1903 tibi
3164 1859 3218 1903 et
3255 1864 3480 1904 numero
3510 1858 3694 1919 postu-

2112 1938 2335 1992 lantiunt
2371 1939 2563 1993 adsum
2591 1940 2773 1995 subito
2799 1957 2813 1992 :
2844 1948 2897 1992 tu
2926 1955 3055 1994 vero
3084 1940 3421 1994 celeritatem
3460 1944 3690 2005 mirans,

2109 2030 2325 2097 opinor,
2374 2029 2501 2084 illttd
2544 2031 2814 2085 comicum
2847 2032 2997 2085 dices
3030 2046 3043 2084 :
3082 2030 3179 2085 sed
3207 2046 3308 2101 ego
3339 2032 3537 2085 tttirttm
3569 2033 3692 2086 exi-

2109 2123 2420 2178 stimassem
2456 2122 2599 2190 quod
2630 2131 2846 2192 tempus
2881 2122 3352 2191 circumspiciens,
3388 2137 3494 2177 non
3518 2124 3691 2190 petis-

2109 2228 2222 2266 sent
2253 2212 2412 2268 citius
2443 2214 2586 2283 qttod
2608 2222 2664 2268 et
2693 2214 2784 2268 tibi
2824 2214 2952 2268 dare
2973 2223 3028 2268 et
3058 2212 3188 2266 tnilti
3223 2214 3468 2282 accipere
3491 2228 3693 2267 couve~

2110 2303 2208 2356 nit.
2245 2302 2448 2358 IEneas
2486 2304 2629 2357 enim
2683 2302 2773 2372 qui
2820 2313 3059 2356 uoStratu
3109 2300 3393 2368 epistolam
3440 2301 3690 2371 porrigit,

2108 2395 2350 2449 concivis
2395 2404 2478 2449 est
2516 2404 2721 2459 noster,
2776 2410 2935 2463 quem
2981 2410 3077 2462 per
3106 2409 3202 2448 vos
3250 2392 3448 2448 bonam
3502 2393 3690 2449 sortiri

2110 2483 2380 2538 fortunam
2424 2484 2545 2540 volo
2581 2503 2596 2541 :
2639 2485 2781 2538 bono
2818 2500 3019 2552 genere
3073 2494 3255 2549 natus,
3282 2482 3597 2538 conditione
3625 2482 3691 2539 lio

2109 2578 2235 2633 bera
2266 2589 2369 2643 est,
2394 2586 2449 2634 et
2487 2576 2663 2646 quoad
2693 2585 2865 2631 artem
2914 2577 3064 2631 novit
3096 2574 3242 2645 leges
3273 2593 3291 2632 :
3320 2575 3435 2630 vult
3458 2591 3693 2645 praeser-

2109 2669 2203 2725 titu
2233 2668 2337 2723 frui
2387 2678 2524 2733 arte,
2554 2676 2613 2723 ut
2646 2668 2775 2722 ntilti
2813 2668 3051 2733 videtur,
3102 2676 3158 2723 et
3189 2669 3242 2723 in
3284 2667 3569 2723 sententiis
3604 2683 3695 2722 re-

2109 2777 2332 2817 manere
2386 2761 2563 2817 liber:
2613 2777 2719 2816 non
2776 2761 2919 2815 enim
2968 2761 3172 2829 cogitat
3216 2757 3430 2815 lucrum
3480 2769 3688 2813 tantum

2109 2851 2404 2918 delectare,
2448 2866 2554 2907 non
2588 2866 2713 2907 cum
2745 2850 2960 2919 iustitia
2992 2856 3349 2920 perceptum:
3392 2857 3608 2904 constat
3635 2858 3692 2904 et

2108 2942 2237 2998 illud
2270 2943 2607 3013 experientia
2655 2943 2950 2999 didicisse:
2991 2942 3207 2996 urbium
3252 2942 3396 2996 enim
3422 2956 3690 3011 quarunt-

2110 3038 2232 3090 dam
2262 3048 2362 3105 pro
2399 3034 2613 3106 juribus
2660 3034 3008 3105 praepositus,
3042 3039 3096 3087 et
3123 3031 3431 3087 defensoris
3466 3046 3691 3086 tnttttere

2109 3137 2364 3199 suscepto
2409 3129 2515 3183 iste
2546 3128 2694 3198 leges
2737 3126 3015 3183 simulavit
3055 3125 3131 3180 ita
3163 3134 3224 3179 ut
3255 3133 3313 3180 et
3339 3126 3689 3196 sycophantas

2108 3228 2358 3274 naturam
2392 3218 2730 3290 superaverit
2763 3234 2777 3272 :
2804 3217 2980 3273 nullus
3000 3218 3144 3273 enim
3176 3216 3291 3272 ullo
3318 3217 3478 3271 modo
3515 3232 3689 3284 neque

2110 3310 2308 3380 injuste
2333 3310 2627 3377 incusavit,
2654 3310 2748 3366 sed
2777 3310 2911 3364 illud
2955 3308 3139 3363 forsan
3172 3318 3226 3365 et
3257 3308 3440 3362 irrisio
3467 3308 3688 3360 videbu-

2111 3409 2195 3457 tur
2225 3401 2329 3457 illis
2353 3401 2443 3471 qui
2476 3409 2602 3456 ante
2639 3415 2736 3456 vos
2782 3400 3163 3471 imperabant:
3203 3398 3381 3454 solum
3426 3399 3573 3453 enim
3607 3416 3690 3451 nco

2109 3493 2290 3559 cipere
2314 3500 2579 3547 noverant
2605 3508 2621 3546 :
2654 3492 2743 3546 ille
2776 3500 2954 3545 autem
2985 3491 3128 3545 inter
3159 3490 3351 3545 dantes
3383 3504 3488 3543 non
3529 3500 3687 3545 erat:

2111 3579 2232 3633 ideo
2260 3579 2362 3634 iste
2391 3581 2729 3650 quiescebat,
2756 3580 2844 3633 alii
2869 3594 2997 3633 vero
3027 3577 3300 3632 faciebant
3328 3587 3387 3632 ut
3415 3580 3688 3643 convenit,

2111 3671 2274 3740 digna
2312 3670 2379 3724 iis
2408 3686 2527 3738 qua:
2569 3671 2832 3726 dederant
2862 3689 2875 3725 :
2920 3670 3031 3723 vult
3063 3679 3242 3725 autem
3274 3685 3418 3724 nunc
3442 3672 3687 3724 eamdem

2112 3771 2283 3815 artem
2311 3775 2569 3816 exercere
2603 3761 2802 3816 donum
2831 3761 2984 3815 vobis
3012 3759 3246 3815 oll‘erens
3263 3761 3464 3831 justam
3492 3761 3692 3815 habere

2110 3853 2439 3907 sententiam
2482 3870 2496 3906 :
2552 3869 2678 3906 ttuttt
2732 3868 2761 3906 a
2814 3861 2865 3907 te
2898 3862 3081 3920 petere
3114 3866 3234 3922 quae
3265 3866 3331 3907 ex
3378 3862 3552 3907 matre
3599 3868 3693 3906 ve-

2111 3944 2287 4008 niunt,
2324 3944 2567 4014 incipio?
2597 3934 2768 4015 igitur
2804 3946 2848 3999 si
2889 3944 3106 3998 miraris
3132 3943 3473 4014 petitionem,
3499 3959 3693 3999 verere

2112 4034 2256 4089 illam
2301 4036 2667 4091 sermonibus.
3050 4074 3057 4080 ε

2653 4127 2843 4183 XXIII.
2889 4126 3119 4182 EIDEM.

2179 4221 2294 4291 Ego
2327 4231 2473 4276 tuam
2519 4221 2805 4289 epistolam
2850 4220 3082 4275 libenter
3131 4220 3239 4274 vidi
3297 4229 3354 4274 ut
3397 4223 3689 4286 convenit,

2106 4332 2232 4393 cum
2258 4328 2440 4370 autem
2488 4314 2713 4369 laudare
2751 4314 3055 4369 secundum
3092 4314 3345 4368 meritum
3379 4329 3483 4369 non
3523 4315 3692 4368 habe-

2112 4421 2250 4472 rem,
2292 4420 2484 4476 parum
2525 4404 2701 4460 abfuit
2726 4404 2857 4475 quin
2910 4405 3007 4457 tibi
3039 4404 3283 4459 eamdem
3332 4407 3689 4471 remitterem,

394 4483 645 4550 ;'6a).o'iv'
686 4484 769 4553 οἷς
820 4490 932 4561 γὰρ
992 4486 1144 4556 τάμὰ
1187 4483 1482 4555 θαυμάζων
1518 4483 1857 4547 ἐπέστειλας,
1898 4484 2006 4536 τῶν

2116 4501 2386 4568 scriptura
2438 4506 2642 4552 mutata
2678 4516 2691 4552 :
2750 4512 2847 4567 per
2876 4510 2970 4551 eos
3013 4497 3157 4550 cuitu
3197 4497 3395 4566 quibus
3433 4512 3548 4551 mea
3594 4497 3697 4550 nti-

433 4582 543 4636 σῶν
572 4581 811 4635 ἐπαίνων
837 4579 1056 4633 ἀκούειν
1087 4576 1329 4630 ἐδόκουν.
1357 4573 1466 4626 Καί
1497 4572 1588 4646 μοί
1622 4590 1676 4628 τι
1720 4573 2012 4645 παραπλή-

434 4692 549 4727 σιον
577 4674 785 4737 ἐδόκεις
816 4674 1011 4734 ποιεῖν,
1037 4669 1112 4732 ώς
1135 4668 1200 4721 ἂν
1224 4669 1273 4719 εἰ
1307 4666 1401 4720 καὶ
1421 4666 1515 4719 τὸν
1550 4666 1819 4736 Θερσίτην
1848 4666 2012 4719 ἐθαύ-

437 4765 607 4837 μαζεν
639 4767 667 4819 ό
694 4764 934 4836 Νηρεὺς,
957 4762 1015 4825 ὃς
1040 4762 1327 4824 κάλλιστος
1355 4760 1493 4829 ἀνὴρ
1530 4759 1636 4814 ὑπὸ
1663 4759 1825 4814 Ἴλιον
1855 4756 2007 4831 ἦλθε.

438 4859 601 4912 Ὅθεν
620 4859 784 4922 αἰδώς
812 4875 905 4927 μοι
932 4856 1272 4928 προσέπιπτε
1305 4854 1414 4907 τῶν
1442 4852 1679 4907 ἐπαίνων
1697 4868 1711 4882 ·
1744 4852 1886 4923 πλὴν
1915 4855 2013 4925 οὐχ

436 4951 578 5005 ὥστε
615 4950 692 5023 μὴ
731 4951 944 5021 χαίρειν
980 4947 1058 5017 τῷ
1088 4947 1373 5017 πράγματι
1398 4962 1412 4976 ο
1446 4947 1479 5015 ἡ
1511 4945 1619 5016 γὰρ
1649 4945 1908 5016 ἐπιστολὴ
1942 4945 2011 4999 δι’

439 5039 512 5103 ὧν
560 5042 721 5113 δῆθεν
753 5040 941 5112 ἐπῄνει
982 5040 1050 5094 τά
1087 5040 1218 5109 ἐμὰ,
1264 5037 1533 5107 ώραῖζετό
1615 5054 1675 5089 τε
1724 5038 1821 5092 καὶ
1876 5039 2013 5113 πρδς

441 5108 622 5205 μείζω⁷
659 5108 1042 5188 πόθον-’ἐκίνει
1097 5108 1191 5184 τὸν
1243 5131 1502 5201 ἐραστήν.
1547 5127 1713 5183 Ἀλλὰ
1767 5129 1865 5183 καὶ

439 5226 743 5299 πρεσϐείαν
767 5225 829 5278 οὐ
857 5224 1095 5296 μετρίως
1125 5223 1307 5291 ἑπῆρα
1339 5224 1451 5284 τοῖς
1470 5221 1798 5293 γράμμασιν
1824 5238 1839 5253 ο
1878 5222 1928 5273 εἰ
1955 5221 2012 5274 δὲ

440 5316 764 5388 πρεσϐεύων
800 5315 1154 5384 ἐπαινοῦμαι.
1198 5314 1282 5378 τίς
1328 5313 1395 5367 ἂν
1442 5313 1561 5382 εἴην
1594 5312 1755 5377 αὐτὸς
1798 5314 2012 5368 ἐπινεύ-

442 5425 576 5474 σας;
608 5408 733 5462 ὅθεν
757 5408 868 5477 γὰρ
901 5405 1087 5476 μεῖζον
1111 5405 1206 5458 τοῦ
1232 5407 1409 5458 αἰτεῖν
1433 5406 1493 5457 τὸ
1520 5404 1739 5469 διδόναι,
1761 5405 2014 5458 τοσοῦτον

440 5500 644 5571 ἀρετῆς
684 5500 840 5567 λόγον
889 5500 919 5551 ό
967 5497 1163 5550 διδόναι
1219 5496 1430 5567 μέλλων
1466 5497 1557 5547 τὸν
1586 5496 1827 5565 ῄτηκότα
1861 5499 2008 5569 νικᾷ.

456 5592 515 5646 ’ὓ
560 5592 619 5646 δὲ
665 5590 992 5663 λογιώτατος
1049 5591 1265 5653 Αἰνείας
1315 5590 1390 5651 ὡς
1448 5589 1549 5660 ήδη
1604 5588 1784 5643 λαϐὼν
1841 5591 2014 5660 δινυμμ⁵

441 5687 559 5741 νεῖ·
621 5686 725 5756 ήδη
770 5677 902 5757 ’γὰρ
949 5683 1110 5755 ἡμῶν
1170 5684 1248 5745 εἰς
1309 5683 1503 5750 πεῖραν
1547 5680 1752 5748 ἐλθὼν,
1806 5682 1862 5734 ἐν
1917 5684 2016 5753 ἴσῳ

442 5777 505 5831 τὸ
561 5777 753 5846 μέλλον
813 5780 890 5849 τῷ
938 5775 1232 5848 πραχθέντι
1291 5773 1601 5841 λογίζεται*
1660 5774 1706 5825 εἰ
1768 5773 1824 5827 δὲ
1886 5777 2015 5846 πρὶν

2116 4606 2245 4647 rans
2276 4606 2375 4661 per
2424 4590 2635 4645 litteras
2666 4588 2892 4652 misisti,
2930 4598 3051 4642 tuas
3087 4587 3274 4642 laudes
3311 4589 3500 4643 audire
3539 4588 3695 4642 vide-

2116 4684 2243 4746 bar;
2275 4692 2329 4736 et
2356 4682 2488 4736 mihi
2523 4680 2726 4751 aliquid
2771 4680 2949 4736 simile
2976 4680 3246 4734 videbaris
3275 4678 3459 4735 facere
3497 4680 3573 4734 illi
3598 4682 3690 4750 qui

2117 4772 2423 4827 mirabatur
2469 4771 2777 4826 Tltersitetn
2828 4768 3027 4834 Nereo,
3088 4771 3454 4840 pulcherrimo
3513 4772 3691 4825 virum

2114 4863 2210 4935 qui
2250 4864 2351 4919 sub
2394 4861 2546 4916 Ilittnt
2589 4874 2894 4917 venerunt:
2932 4864 3055 4917 ideo
3087 4865 3261 4931 pttdor
3293 4878 3377 4917 me
3403 4861 3693 4931 superfun-

2116 4956 2278 5009 tlebat
2301 4954 2511 5007 illarum
2545 4952 2764 5007 laudum
2794 4971 2809 5007 :
2851 4967 2956 5006 non
3006 4960 3262 5020 excerpta
3290 4951 3437 5021 qttnd
3470 4966 3557 5004 res
3585 4967 3694 5005 non

2117 5044 2248 5099 tttihi
2278 5042 2498 5098 afferret
2540 5044 2793 5110 gaudium
2822 5062 2835 5097 :
2871 5042 3097 5113 epistola
3130 5043 3274 5097 enim
3306 5042 3375 5096 ab
3402 5042 3465 5097 iis
3493 5042 3692 5112 quibus

2114 5135 2324 5191 scilicet
2363 5133 2618 5189 laudabat
2653 5149 2798 5202 mea,
2832 5135 3134 5190 ornabatur
3167 5144 3223 5188 et
3246 5133 3313 5188 ad
3345 5133 3520 5203 majus
3544 5136 3686 5191 desi-

2116 5229 2325 5284 derium
2354 5226 2629 5282 excitabat
2661 5228 2893 5281 amicum
2928 5243 2942 5279 :
2973 5226 3020 5281 si
3059 5225 3202 5280 enim
3232 5223 3438 5291 legatos
3467 5226 3690 5280 mittens

2119 5319 2328 5386 laudor,
2360 5319 2484 5383 quis
2522 5333 2697 5373 essent
2730 5318 2848 5386 ipse
2889 5315 3206 5387 appelletis?
3235 5316 3401 5386 Igitur
3429 5332 3497 5372 eo
3523 5322 3695 5390 magis

2116 5411 2257 5481 quod
2317 5408 2552 5464 nobilius
2599 5417 2684 5462 est
2724 5409 2854 5463 dare
2904 5423 3065 5477 quam
3114 5416 3319 5477 petere,
3365 5408 3584 5463 virtutis
3617 5426 3697 5464 ra-

2120 5505 2318 5559 tionem
2350 5503 2441 5570 qui
2494 5500 2623 5556 dare
2656 5501 2819 5556 debet
2850 5510 3067 5570 praestat
3122 5500 3216 5555 illo
3244 5502 3335 5572 qui
3372 5502 3525 5571 petiit
3554 5519 3568 5557 :
3610 5499 3696 5555 ι..-

2118 5594 2489 5652 cundissimus
2513 5604 2697 5648 autem
2740 5592 2945 5648 [Encas
2986 5595 3211 5661 perinde
3236 5609 3300 5648 ac
3330 5595 3373 5649 si
3395 5594 3507 5664 jam
3537 5608 3694 5647 acce-

2120 5690 2291 5759 pisset
2317 5694 2501 5741 cantat
2529 5705 2542 5741 :
2585 5703 2706 5741 cunt
2739 5687 2880 5740 cuitu
2903 5686 3013 5755 jattt
3049 5697 3294 5741 nostrum
3320 5687 3372 5740 iu
3403 5683 3695 5752 experien-

2122 5784 2249 5837 tiam
2284 5780 2508 5845 t'cncrit,
2550 5796 2700 5849 a'qtte
2737 5781 2973 5835 futurum
3006 5794 3066 5834 ac
3100 5793 3379 5850 pernotum
3409 5775 3635 5865 uti?"
3670 5792 3685 5802 ·
