3976 6210
359 187 499 255 τῑιι

1618 198 1965 260 PROCOPII
2007 200 2247 260 (ἶΑΖίΕΙ

3477 218 3626 286 ειιι

358 305 641 359 Inimicum
666 304 1025 375 appellabam,
1068 307 1212 378 quod
1242 308 1308 363 ad
1340 325 1437 366 nos
1463 307 1777 376 adveniens,
1806 314 1937 366 nihil

2052 313 2366 383 ἀφιγμένος,
2414 316 2565 404 οὐδὲν
2605 319 2731 390 περὶ
2782 319 2936 389 ὑμῶν
2964 321 3073 375 τῶν
3121 324 3393 393 φιλτάτων
3439 330 3622 404 ἀπήγ-

357 402 421 449 de
452 395 603 451 vobis
635 396 726 467 qui
755 399 1061 454 charissimi
1104 401 1237 456 estis
1312 402 1672 466 annuntiavit,
1722 404 1788 459 de
1820 405 1942 473 qui-

360 490 458 537 t~ns
505 499 650 557 saepe
687 487 879 542 audire
923 485 1286 559 exoptabam:
1334 502 1573 549 attamen
1608 494 1711 549 iste
1757 493 1941 549 defen-

359 582 565 634 sionem
602 580 934 636 sufﬁcienter
976 583 1165 652 agebat
1204 585 1446 639 :etenim
1482 600 1703 640 causam
1748 584 1940 642 affere-

364 674 453 721 bat
479 668 682 738 fugam,
709 671 853 740 quod
888 670 1099 726 litteras
1138 688 1242 727 non
1276 672 1483 728 ferret:
1518 684 1574 729 et
1601 673 1674 729 illi
1720 676 1939 743 quidem

365 761 414 812 in
444 760 529 814 his
574 763 918 816 erubescenti
963 764 1176 818 veniam
1216 764 1526 833 largiebar:
1564 766 1811 819 dicebam
1844 782 1940 820 au-

362 860 469 903 tem
494 850 633 905 infra
666 852 929 920 meipsum
976 864 1175 921 quanta
1212 854 1429 911 auferre
1470 865 1524 910 et
1559 865 1769 911 mutare
1803 864 1938 912 tem-

363 957 461 1009 ptis
513 941 743 997 noverit.
797 943 1026 1011 Quando
1079 947 1223 1001 enim
1271 947 1466 1002 nobilis
1504 947 1691 1017 Ulpius
1743 959 1942 1006 nostra

362 1033 601 1102 antiquae
642 1034 877 1090 fortuna!
910 1039 1185 1108 particeps
1207 1048 1346 1103 erat,
1378 1042 1587 1095 amicus
1628 1052 1748 1096 erat
1778 1053 1833 1098 et
1861 1044 1941 1098 vi-

361 1126 611 1195 debatur,
662 1139 718 1184 et
764 1145 1038 1200 nunquam
1098 1132 1149 1186 in
1206 1133 1444 1186 animum
1494 1131 1735 1190 venisset
1792 1134 1937 1189 illum

363 1212 680 1278 mutandum
725 1228 885 1269 esse:
928 1230 1049 1269 cum
1086 1225 1264 1271 autem
1308 1216 1626 1286 magnificus
1674 1218 1942 1276 exaltatus

358 1312 443 1355 est
470 1313 525 1358 et
554 1319 781 1371 magnus
811 1306 1003 1367 evasit,
1036 1306 1394 1362 intolerabilis
1416 1316 1501 1362 est
1528 1308 1665 1364 bona
1703 1309 1942 1379 gaudens

359 1395 595 1460 fortuna,
627 1407 682 1452 et
712 1412 807 1452 eos
837 1397 930 1468 qui
966 1410 1123 1452 erant
1172 1409 1330 1454 antea
1361 1400 1520 1455 amici
1552 1401 1890 1456 obliviscitur
1923 1419 1936 1455 :

362 1485 498 1541 bona
532 1488 764 1556 gaudeat
788 1488 1001 1544 fortuna
1037 1500 1269 1554 tantum,
1304 1502 1358 1545 et
1381 1494 1657 1547 moderate
1689 1493 1898 1548 sustine
1920 1524 1938 1532 -

362 1579 538 1633 bimus
569 1580 806 1649 despecti
838 1599 852 1636 :
887 1584 1001 1639 hac
1032 1593 1086 1639 el
1115 1584 1312 1639 similia
1350 1585 1573 1641 dicens:
1608 1586 1771 1641 multa
1804 1601 1937 1641 con-

2045 403 2213 473 γειλε,
2283 406 2409 474 περὶ
2460 400 2536 461 ὧν
2584 410 2842 475 πολλάκις
2896 412 3143 486 ηὐχόμην
3189 416 3447 472 ἀκούειν·
3501 400 3622 478 ἀλλ’

2042 495 2192 565 ὅμως
2255 497 2467 561 ἐκεῖνος
2530 500 2630 569 τὴν
2662 501 2959 570 ἀπολογίαν
3004 505 3205 571 ίκανῶς
3230 510 3498 565 ἐποιεῖτο·
3521 518 3626 569 καὶ

2044 584 2153 655 γὰρ
2203 586 2376 640 αἴτιον
2436 588 2588 656 ἔλεγε
2633 590 2733 660 τὴν
2784 594 2985 664 φυγὴν,
3045 596 3125 649 ὃτι
3180 600 3486 669 γράμματα
3541 604 3624 675 μὴ

2044 676 2294 745 κομίζοιο
2336 682 2575 750 κάκείνῳ
2625 680 2725 751 μὲν
2755 685 3087 757 συγγνώμην
3130 688 3337 753 ἑδίδων,
3363 693 3456 746 ἐπὶ
3484 697 3629 750 τού-

2042 783 2157 830 τοις
2212 768 2555 840 ὲρυθριῶντι.
2595 771 2819 841 Ἔλεγον
2847 774 2905 827 δὲ
2936 776 3074 846 πρὸς
3111 780 3365 849 ἐμαυτὸν,
3420 783 3520 839 ὅσα
3551 784 3626 858 δὴ

2043 855 2229 947 φέρειν
2258 860 2350 912 καὶ
2384 861 2746 930 μεταὸἀλλειν
2773 864 2913 919 οἶδεν
2941 868 2970 920 ὁ
2999 868 3213 940 χρόνος.
3256 872 3489 941 Οὖλπιος
3506 855 3624 947 γὰρ

2040 949 2069 999 ὁ
2094 946 2253 1011 καλὸς
2284 950 2445 1020 ἡνίκα
2468 952 2565 1022 μὲν
2586 954 2718 1023 ἡμῖν
2738 955 2838 1026 τῆς
2860 955 3098 1022 παλαιᾶς
3116 962 3394 1016 ἐκοινώνει
3421 946 3620 1037 τύχης,

2042 1040 2196 1108 φίλος
2225 1058 2285 1093 τε
2315 1037 2384 1113 ἦν
2413 1044 2505 1096 καί
2556 1044 2750 1111 ἐδόκει,
2786 1049 2880 1103 καὶ
2933 1051 3031 1103 οὐκ
3063 1053 3128 1107 ἄν
3179 1069 3311 1107 ποτε
3350 1054 3506 1127 ᾤμην
3535 1059 3623 1123 ὡς

2045 1132 2472 1201 μεταϐάλλοιτοο
2533 1136 2608 1200 ὡς
2660 1137 2717 1191 δὲ
2773 1139 3025 1213 λαμπρὸς
3076 1144 3220 1215 ἡρθη
3272 1149 3366 1201 καὶ
3423 1149 3620 1219 γέγονε

2045 1224 2239 1295 μέγας,
2294 1227 2567 1299 ἁφόρητός
2624 1232 2774 1285 ἐστιν
2829 1234 3095 1305 εὐτυχῶν,
3141 1238 3234 1292 καὶ⁵
3254 1239 3371 1294 τῶν
3423 1242 3619 1313 πρώην

2041 1318 2262 1369 ἐκείνων
2321 1319 2757 1377 ἐπιλανθάνεται.
2824 1324 3089 1399 Εὐτυχοίη
3140 1328 3197 1382 δὲ
3260 1330 3458 1399 μόνον,
3515 1334 3619 1386 καὶ
3726 1344 3736 1390 ξ

2040 1409 2258 1479 οἴσομεν
2285 1412 2690 1483 παρορώμενοι.
2723 1415 2910 1471 Ταῦτα
2942 1420 3034 1472 καὶ
3062 1420 3131 1473 τὰ
3163 1421 3390 1476 τοιαῦτα
3415 1420 3614 1493 λέγων,

2043 1499 2244 1571 πολλὴν
2282 1503 2423 1556 κατὰ
2455 1503 2551 1557 σοῦ
2597 1509 2939 1578 κατηγορίαν
2990 1511 3302 1582 συνέλεγον.
3339 1515 3425 1579 Ὠς
3451 1516 3507 1570 δέ
3528 1535 3619 1581 τις

2044 1591 2214 1645 ἐλθὼν
2267 1594 2368 1664 τὴν
2413 1597 2544 1665 παρ’
2596 1597 2753 1668 ὐμῶν
2782 1600 3078 1675 ἐπιστολὴν
3107 1604 3374 1671 ἐπεδίδου,
3399 1608 3618 1677 πρῶτον

361 1681 439 1724 tra
488 1681 541 1726 te
592 1672 925 1728 instruebam
970 1676 1247 1730 crimina:
1307 1692 1427 1732 cum
1475 1693 1604 1733 vero
1640 1678 1834 1748 aliquis
1865 1679 1940 1732 in-

2052 1683 2146 1753 μὲν
2171 1685 2302 1754 πρὶν
2330 1685 2493 1741 λῦσαι
2518 1687 2781 1755 πολλάκις
2808 1693 2906 1760 τὴν
2923 1672 3239 1765 ἐπιγραφὴν
3265 1672 3612 1769 ἡσπαξόμην·

357 1776 575 1829 ετεεςυε
605 1779 636 1818 a
664 1766 816 1821 vobis
845 1766 1130 1837 epistolam
1174 1769 1414 1835 tradidit,
1447 1770 1680 1839 primum
1719 1769 1934 1838 quidem

358 1866 484 1911 ante
558 1858 789 1912 solutam
861 1874 1003 1929 saepe
1089 1862 1495 1931 inscriptionem
1579 1861 1931 1917 osculabar:

361 1949 555 2003 deinde
630 1950 681 2004 iu
745 1950 957 2007 litteras
1026 1952 1304 2019 incidens,
1372 1953 1647 2008 dilationis
1711 1942 1932 2009 causam

362 2042 562 2107 iuveni,
623 2051 677 2097 et
738 2060 840 2098 non
900 2046 1245 2100 mediocriter
1275 2047 1493 2116 gavisus
1538 2061 1655 2099 sum
1713 2055 1815 2099 :et
1851 2058 1934 2098 me

362 2132 654 2208 paenitebat
697 2136 983 2189 verborum
1029 2151 1149 2201 qua:
1191 2147 1318 2191 ante
1373 2136 1699 2205 protuleram
1739 2136 1934 2192 :dice-

364 2227 481 2276 haut
516 2236 694 2279 autem
755 2229 952 2295 potius,
995 2228 1127 2295 proli
1180 2243 1341 2297 quam
1390 2228 1553 2283 multa
1591 2229 1935 2297 suspicamur

363 2318 637 2373 homines!
672 2319 1046 2375 admirabilem
1091 2322 1236 2376 enim
1269 2332 1509 2376 nostrum
1555 2321 1771 2390 Ulpium
1818 2337 1934 2374 mu-

362 2411 494 2463 tavit
524 2426 696 2481 neque
725 2422 935 2482 tempus
965 2429 1137 2483 neque
1164 2413 1403 2480 fortuna,
1434 2414 1527 2468 sed
1558 2421 1641 2467 est
1671 2413 1936 2481 benignus

2042 1770 2163 1829 εἶτα
2189 1778 2300 1841 τοῖς
2331 1775 2668 1855 [γράμμασι]
2705 1787 3036 1856 περιτυχὼν,
3072 1789 3170 1841 καὶ
3197 1788 3296 1860 τὴν
3319 1790 3613 1859 ἀπολογίαν

2042 1865 2136 1920 τοῦ
2175 1867 2407 1938 βράδους
2427 1872 2620 1943 εὑρὼν,
2648 1874 2824 1947 ἣσθην
2853 1878 2916 1930 οὐ
2946 1878 3217 1949 μετρίωςο
3250 1881 3348 1935 καὶ
3386 1884 3620 1953 μετέμε-

2041 1956 2132 2012 λέν
2163 1977 2254 2029 μοι.
2294 1961 2404 2016 τῶν
2457 1964 2651 2034 πρώην
2701 1968 2963 2039 ῥημάτων
2983 1987 2997 2002 ·
3053 1971 3242 2039 ἔλεγον
3275 1973 3334 2028 δὲ
3368 1976 3566 2045 μᾶλλον
3597 1993 3614 2008 ·

2039 2048 2143 2103 Φεῦ
2175 2051 2250 2115 ὡς
2274 2053 2442 2108 πολλὰ
2481 2058 2683 2125 μᾶλλον
2723 2060 3126 2116 ὑποπτεύουσιν
3177 2065 3486 2136 ἄνθρωποιί
3523 2068 3618 2121 τὸν

2040 2140 2354 2212 θαυμαστὸν
2401 2146 2513 2217 γὰρ
2541 2150 2674 2218 ἡμῖν
2717 2149 2954 2206 Οῠλπιον
2991 2155 3290 2222 μετέϐαλεν
3323 2155 3445 2211 οὔτε
3489 2158 3617 2228 χρό-

2039 2247 2129 2295 νος
2161 2233 2284 2287 οὖτε
2307 2236 2340 2307 ἡ
2362 2235 2521 2307 τύχη,
2570 2240 2686 2292 ἀλλ’
2739 2242 3040 2314 εὐγνώμων
3069 2247 3127 2299 τέ
3154 2247 3323 2313 ἐστιν,
3353 2249 3500 2317 κάμὲ
3521 2250 3619 2302 τὸν

2039 2323 2333 2395 εὐεργέτην
2381 2329 2669 2384 ἐπίσταται
2698 2350 2711 2364 ·
2771 2333 2888 2387 ἀλλ’
2937 2336 3090 2406 ὅμως
3123 2337 3198 2409 μὴ
3238 2339 3400 2393 πάλιν
3449 2340 3619 2395 σιγῶν

2040 2411 2196 2481 αὖθις
2226 2418 2374 2487 ἡμᾶς
2406 2421 2491 2485 εἰς
2512 2421 2609 2494 τὴν
2640 2426 2979 2495 κατηγορίαν
3017 2428 3292 2499 ὲνέγκαις.

367 2524 416 2565 ιιι
454 2525 539 2564 me
568 2508 971 2565 benefacturem
1019 2526 1139 2566 esse
1174 2526 1279 2565 non
1326 2512 1535 2581 ignorat
1564 2527 1576 2563 :
1612 2511 1704 2567 sed
1740 2510 1945 2579 pariter
1983 2524 2051 2563 ne
2081 2511 2275 2567 iterum
2306 2515 2471 2571 silens
2500 2534 2599 2571 nos
2666 2521 2734 2576 ad
2771 2522 3168 2579 accusationem
3234 2524 3615 2579 intendemlam

362 2604 580 2658 inferas.

908 2694 1379 2751 XXXI.SILANO.

433 2788 641 2853 Quanta
675 2804 770 2855 spe
802 2804 897 2843 nos
935 2790 1161 2858 cjeceris
1204 2790 1384 2843 dicere
1412 2804 1516 2843 non
1550 2802 1769 2858 posses:
1811 2800 1935 2841 cum

2283 2693 2411 2748 AA'.
2462 2695 2732 2768 ΣΙΛΔΝῼ.
2767 2694 2963 2768 [thnd.
3014 2699 3351 2773 summa]

2121 2785 2480 2857 Ἐξὲκρουσας
2538 2789 2684 2857 ἡμᾶς
2729 2790 2968 2855 ἐλπίδος,
3013 2792 3123 2845 οὐδ’
3162 2793 3229 2847 ἂν
3270 2794 3445 2849 εἰπεῖν
3473 2794 3617 2864 ἔχοις

361 2882 503 2936 enim
547 2892 690 2935 mam
723 2882 1008 2949 epistolam
1066 2881 1209 2936 inter
1257 2895 1449 2934 manus
1491 2880 1844 2950 accepissem.
1884 2885 1940 2932 et

2052 2878 2261 2949 ὁπόσης.
2318 2877 2466 2947 Ἐγὼ
2504 2879 2611 2950 γάρ
2647 2881 2868 2951 σουξτὴν
2889 2882 3161 2952 προτέραν
3194 2885 3481 2953 ἐπιστολήν
3533 2887 3617 2949 είς

365 2992 429 3029 ex
465 2976 578 3043 ipsa
622 2977 896 3046 cognitum
949 2975 1142 3031 fuisset
1168 2984 1219 3029 te
1252 2973 1410 3043 paulo
1453 2981 1573 3041 post
1614 2971 1936 3033 rediturum,

2039 2971 2229 3041 χεῖρας
2257 2969 2462 3035 λαϐὼν,
2526 2973 2621 3023 καὶ
2650 2974 2812 3039 γνοὺς
2838 2971 2897 3037 ἐξ
2934 2972 3106 3043 αὐτῆς
3140 2973 3216 3038 ὡς
3244 2975 3438 3044 μικρὸν
3457 2973 3580 3029 facta

363 3068 574 3124 laetatus
607 3086 724 3124 sum
759 3078 811 3122 et
836 3069 1071 3123 animam
1098 3083 1208 3138 prae
1234 3066 1505 3134 voluptate
1539 3062 1810 3131 recipiens
1850 3061 1937 3114 in-

2052 3078 2134 3130 ρον
2190 3062 2322 3131 ἡμῖν
2351 3061 2662 3132 ἐπανήξεις,
2694 3061 2871 3133 ἥσθην
2896 3079 2956 3116 τε
2986 3065 3081 3116 καὶ
3135 3063 3277 3132 μέγα
3308 3064 3400 3134 ὑφ’
3419 3065 3614 3134 ἡδονῆς

362 3159 613 3228 quin-bam
658 3179 669 3214 :
706 3159 750 3215 Ο
778 3158 1012 3228 Jupiter,
1054 3160 1166 3213 haec
1216 3159 1464 3213 eveniant
1500 3172 1514 3208 :
1568 3155 1733 3222 igitur
1774 3151 1936 3205 animi

2052 3153 2389 3216 ἁναπνεύσας
2413 3151 2549 3222 ἔφην
2572 3169 2585 3182 ’
2615 3149 2686 3206 Ὠ
2718 3154 2841 3220 Ζεῦ,
2870 3155 3079 3223 γένοιτο
3104 3152 3297 3210 ταῦτα.
3325 3156 3619 3228 Τοιγαροῦν

362 3267 659 3317 suspensus
700 3267 848 3305 eram
899 3250 1125 3318 singulis
1157 3249 1348 3301 diebus
1385 3257 1438 3300 et
1475 3263 1528 3298 tn
1562 3259 1753 3297 vanam
1790 3257 1940 3311 spem

2052 3243 2323 3314 μετέωρος
2354 3240 2421 3315 ἦν
2451 3246 2728 3317 ὁσημέραι
2766 3247 2859 3301 καὶ⁵
2906 3247 3000 3300 ἐπὶ
3036 3248 3249 3318 κούφης
3277 3248 3492 3303 ἔϐαινον
3515 3251 3613 3318 τῆς

365 3344 691 3406 incidebant,
720 3342 1017 3396 dictitans:
1067 3341 1232 3409 igitur
1276 3354 1513 3406 unquam
1546 3337 1742 3390 videbo
1772 3344 1827 3389 et
1863 3333 1942 3388 al-

367 3435 558 3504 luqttar
581 3434 672 3502 qui
701 3433 901 3487 dudum
936 3449 1039 3486 non
1078 3431 1245 3494 venit,
1278 3439 1326 3483 et
1359 3430 1553 3483 iterum
1581 3427 1679 3482 iste
1707 3426 1898 3480 fiebam
1926 3443 1940 3479 :

366 3541 487 3578 rum
526 3532 702 3579 autem
738 3535 947 3593 tempus
979 3534 1124 3579 esset
1153 3530 1338 3577 contra
1378 3534 1550 3587 spem,
1578 3534 1683 3574 non
1706 3517 1945 3573 scribere

368 3615 655 3683 diguabar,
698 3614 1049 3676 incentivum,
1106 3611 1377 3681 inquiunt,
1430 3608 1631 3663 amoris
1682 3607 1808 3662 illud
1869 3607 1943 3659 fa-

367 3708 540 3766 ciens.
577 3713 635 3760 ut
665 3706 940 3761 contemni
974 3705 1141 3769 visus,
1182 3704 1250 3757 ad
1287 3716 1385 3756 nos
1414 3700 1721 3763 festinares,
1760 3698 1945 3753 volens

372 3800 466 3852 tibi
508 3798 838 3865 exprobrare
887 3797 1029 3864 quod
1087 3794 1384 3849 amicorum
1431 3809 1534 3847 non
1590 3780 1943 3846 memineris:

369 3899 422 3940 et
470 3887 599 3941 mihi
650 3888 850 3941 videris
900 3885 1200 3941 Strotocles
1241 3886 1398 3939 nobis
1437 3885 1625 3938 rhetor
1671 3883 1943 3938 evadere:

371 3984 470 4033 iste
519 3980 663 4035 enim
716 3980 872 4035 \ictis
926 3978 1351 4033 Atheniensibus
1399 3988 1454 4030 et
1505 3975 1668 4031 sortis
1723 3973 1945 4041 ignaris,

371 4071 654 4126 victoriam
691 4072 1072 4136 annuntiavit;
1109 4072 1289 4126 statim
1320 4070 1483 4140 igitur
1516 4069 1644 4120 urbs
1677 4075 1946 4120 commota

372 4175 479 4227 νει,
513 4174 567 4218 et
599 4165 665 4217 ad
706 4164 863 4218 ludos
904 4163 1279 4231 praecipitabat
1328 4172 1385 4214 et
1421 4158 1745 4213 infortunati
1797 4157 1945 4210 Iacta—

370 4258 567 4311 bantur
600 4275 613 4310 :
649 4273 772 4311 cum
821 4267 1002 4312 autem
1035 4256 1234 4310 veritas
1274 4252 1488 4318 cognita
1534 4261 1636 4312 est,
1680 4261 1735 4303 et
1776 4247 1947 4302 errori

2046 3335 2284 3401 ἐλπίδος,
2346 3336 2527 3389 πυκνὰ
2564 3336 2622 3389 δὲ
2657 3336 2865 3406 λέγων’
2893 3333 3041 3409 Ἀρά
3091 3356 3219 3392 ποτε
3280 3339 3483 3410 ὂψομαι
3528 3340 3617 3393 καὶ

2050 3427 2332 3496 προσείπω
2389 3428 2623 3498 χρόνιον,
2674 3429 2769 3483 καὶ
2798 3431 3060 3502 γενοίμην
3083 3430 3235 3494 αὖθις
3265 3432 3505 3496 ἐκεῖνος’
3547 3430 3619 3494 ὥς

2046 3519 2104 3573 δὲ
2135 3519 2325 3591 χρόνος
2372 3515 2441 3591 ἦν
2497 3522 2626 3591 παρ’
2683 3521 2928 3587 ἐλπίδας,
2978 3523 3101 3577 οὐδὲ
3148 3524 3358 3593 γράψαι
3418 3524 3617 3592 ἠξίουν,

2050 3611 2338 3682 ἐρέθισμα,
2368 3614 2553 3682 φησὶν,
2572 3612 2776 3683 ἔρωτος
2808 3613 2967 3666 τοῦτο
2979 3613 3168 3678 ποιῶν,
3188 3615 3339 3678 ὅπως
3365 3616 3431 3668 ἂν
3461 3630 3623 3667 xam-

2053 3704 2370 3773 φρονεῖσθαι
2433 3704 2626 3770 δοκῶν,
2654 3705 2739 3758 ἔτι
2776 3705 2977 3776 μᾶλλον
3004 3708 3250 3775 ὲπείγοιο
3274 3707 3410 3777 πρὸς
3453 3707 3617 3777 ἡμᾶς,

2051 3796 2306 3851 ὀνειδίσαι
2356 3797 2527 3851 θέλων
2553 3798 2614 3850 τὸ
2654 3797 2728 3868 μὴ
2764 3797 2937 3866 φίλων
2978 3796 3314 3868 μεμνῆσθαι.
3372 3796 3479 3851 Καί
3534 3813 3619 3865 μοι

2049 3889 2225 3954 δοκεῖς
2269 3890 2609 3960 Στρατοκλῆς
2658 3891 2792 3961 ἡμῖν
2821 3893 2849 3944 ό
2880 3892 3067 3963 ῥήτωρ
3094 3890 3349 3959 γενέσθαι
3374 3908 3387 3922 ·
3422 3889 3618 3951 ἐκεῖνος

2051 3982 2161 4052 γὰρ
2178 3982 2513 4051 ἡττωμένοις
2529 3984 2640 4044 τοῖς
2656 3982 2964 4052 Ἀθηναίοις
2989 3983 3084 4036 καὶ
3099 3983 3197 4051 τὴν
3214 3981 3386 4051 τύχην
3399 3980 3620 4046 ἀγνοοῦ-

2055 4093 2128 4140 σι,
2164 4075 2323 4145 νίκην
2346 4074 2704 4144 ἀπήγγειλεν.
2741 4076 2917 4139 Εὐθὺς
2942 4070 3038 4128 οὖν
3069 4077 3103 4144 ἡ
3136 4072 3287 4136 πόλις
3346 4071 3505 4143 ὀρθὴ,
3532 4069 3623 4123 καὶ

2054 4165 2270 4229 παίζειν
2316 4167 2517 4229 ἀνεῖτο,
2556 4166 2649 4219 καὶ
2677 4165 3068 4236 δυστυχοῦντες
3115 4163 3488 4234 εὐφραίνοντο.
3541 4161 3649 4222 Ὧς,

2052 4256 2108 4309 δὲ
2146 4255 2377 4326 τάληθὲς
2396 4256 2659 4326 ἠγγέλθη,
2686 4256 2858 4309 καὶτὸ
2884 4256 3062 4310 δοκεῖν
3088 4252 3157 4327 ἦν
3186 4254 3394 4316 οὐκέτι,
3419 4252 3487 4306 Τί
3522 4251 3624 4321 γὰρ

365 4347 476 4412 jam
509 4362 616 4401 non
652 4355 797 4402 esset
829 4347 999 4411 locus,
1034 4347 1085 4399 in
1119 4362 1226 4415 quo
1259 4346 1335 4399 ait
1363 4342 1664 4398 Stratocles
1696 4340 1942 4410 injuriam

2056 4346 2220 4415 φησὶν
2246 4347 2274 4397 ὁ
2298 4345 2668 4416 Στρατοκλῆς,
2691 4345 2931 4417 ⁴ἡδίκουν,
2950 4348 3000 4399 εί
3029 4347 3175 4399 δυοῖν
3195 4345 3429 4416 ἡμέραιν
3447 4342 3622 4411 ἡδίους

371 4439 497 4501 feci,
528 4440 573 4493 si
620 4438 828 4494 duabus
867 4441 1058 4494 diebus
1108 4439 1340 4491 laetiores
1385 4452 1480 4505 per
1529 4448 1612 4487 me
1646 4430 1859 4486 fuistis?
1897 4444 1942 4486 et

2060 4439 2321 4506 γεγόνατε
2371 4438 2437 4491 δι’
2468 4437 2602 4507 ὲμέ;
2657 4441 2752 4492 καὶ
2809 4439 3001 4512 κέρδος
3051 4435 3119 4510 ἦν
3152 4439 3213 4492 τὸ
3249 4438 3457 4492 δοκεῖν·
3514 4435 3622 4488 ἀλλ’

373 4531 583 4583 luctum
616 4542 734 4586 erat
767 4547 958 4585 error:
994 4532 1087 4585 sed
1120 4548 1241 4585 eum
1277 4531 1467 4583 matris
1506 4543 1664 4581 causa
1703 4538 1757 4579 et
1800 4538 1955 4593 nego~

374 4623 431 4674 tii
493 4624 666 4691 potior
722 4624 954 4676 Pindaro
1046 4634 1326 4693 appareat,
1395 4632 1444 4676 te
1522 4621 1729 4673 videret
1792 4619 1952 4672 citius

374 4713 545 4781 patrial
574 4724 627 4767 et
657 4731 755 4767 nus
790 4727 909 4783 post
928 4733 1067 4767 eum.

728 4804 939 4860 XXXII.
968 4803 1287 4861 PHILIPI’O
1315 4802 1592 4857 FRATRI.

453 4904 589 4959 Ecce
621 4904 713 4959 tibi
751 4904 944 4958 iterum
992 4901 1275 4969 epistolam
1328 4900 1610 4959 mittimus,
1665 4907 1717 4953 et
1755 4896 1952 4951 iterum

373 5002 514 5054 bene
556 4999 678 5054 novi
729 5013 900 5068 quare
958 4996 1215 5051 silueris:
1266 5004 1320 5048 et
1351 4993 1394 5046 si
1431 4991 1563 5046 mihi
1610 4989 1736 5044 illud
1774 4989 1955 5043 dicere

374 5107 518 5161 a-gre
562 5090 754 5145 ferenti
806 5090 1137 5159 ignosceres,
1187 5087 1239 5142 in
1312 5082 1788 5156 praesumptionem
1859 5080 1953 5136 tibi

378 5202 529 5238 versa
575 5193 656 5237 est
693 5182 922 5249 indoles,
960 5192 1015 5239 et
1049 5197 1154 5236 non
1195 5181 1274 5234 vis
1312 5192 1595 5234 remanere
1625 5173 1802 5245 qualis
1834 5189 1956 5230 eras

378 5288 431 5329 et
468 5288 622 5328 antea
654 5292 667 5330 :
701 5276 793 5330 sed
830 5276 953 5329 licet
989 5290 1093 5327 non
1124 5288 1271 5326 mare
1300 5269 1561 5339 anphori
1590 5266 1959 5331 transfretavi,

379 5377 433 5419 et
470 5367 608 5433 regis
655 5366 841 5421 urbem
893 5368 1171 5434 ingressus
1210 5379 1369 5419 sum:
1420 5361 1622 5430 pariter
1648 5374 1699 5413 et
1741 5374 1842 5428 ego
1885 5371 1960 5411 re-

380 5472 498 5523 gem
533 5471 784 5525 magnum
826 5458 1033 5522 videns,
1082 5466 1136 5512 et
1174 5456 1470 5523 primorum
1515 5463 1693 5522 togam
1735 5462 1790 5504 et
1844 5468 1956 5504 ma-

379 5552 663 5619 gistratum
692 5551 978 5617 quemdam
1025 5552 1319 5604 maximum
1358 5547 1707 5619 appellatum,
1742 5556 1793 5599 ct
1825 5562 1943 5615 qua!

381 5652 508 5699 sunt
540 5642 823 5711 magnifica
856 5641 991 5711 μιηιιὶ
1019 5657 1131 5707 vos,
1169 5641 1281 5695 sive
1298 5657 1411 5696 rem
1444 5641 1573 5695 velis
1611 5639 1813 5703 dicere,
1843 5640 1953 5692 sive

389 5739 567 5794 'lstlt.
600 5752 636 5801 t,
666 5735 718 5790 2.

2057 4531 2244 4602 ἔπειδὴ
2274 4530 2480 4602 μητρὸς
2525 4532 2760 4602 πρᾶγμα
2792 4532 2890 4588 καὶ
2919 4531 3174 4602 ἀσχολίας
3226 4530 3527 4600 ὑπέρτερον
3555 4525 3628 4590 τῷ

2060 4622 2309 4692 Πινδάρῳ
2332 4623 2347 4653 ί
2387 4623 2557 4688 δοκεῖ,
2596 4626 2694 4678 ίδοι
2723 4642 2781 4678 σε
2809 4625 3002 4679 θᾶττον
3041 4626 3075 4695 ἡ
3115 4623 3315 4693 πατρὶς
3366 4623 3462 4676 καὶ
3512 4619 3630 4692 μετ’

2059 4715 2275 4783 ἐκείνην
2300 4714 2478 4784 ἡμεῖς.

2458 4804 2582 4860 AB’.
2616 4805 2901 4878 etamno
2931 4806 3213 4877 ΔΔΕΛΦῼ.

2131 4898 2260 4951 Ἰδού
2296 4915 2379 4952 σοι
2438 4899 2598 4953 πάλιν
2642 4896 2902 4969 ἐπιστολὴ
2957 4901 3090 4969 παρ’
3131 4897 3316 4969 ἡμῶν·
3356 4895 3453 4948 καὶ
3474 4893 3636 4947 πάλιν

2060 4991 2118 5045 εὖ
2147 4987 2243 5045 οἶδ’
2272 4992 2300 5045 ὃ
2327 5010 2380 5045 τι
2415 4993 2649 5062 σιγήσας
2672 5033 2685 5057 ,
2751 4993 2845 5046 καὶ
2879 4990 2933 5044 εῐ
2968 5009 3060 5061 μοι
3107 4990 3255 5059 δοίης
3307 4987 3639 5056 συγγνώμην

2060 5087 2343 5157 ἀχθομένῳ
2362 5086 2567 5154 λέγειν,
2603 5084 3009 5155 μεταδέϐληταί
3037 5101 3120 5138 σοι
3149 5082 3290 5154 πρὸς
3317 5078 3638 5145 ἀλαζονείαν

2061 5183 2088 5234 ὁ
2116 5180 2338 5251 τρόπος,
2398 5181 2492 5234 καὶ
2523 5180 2584 5232 οὐ
2616 5180 2796 5242 θέλεις
2860 5179 3046 5249 μένειν
3068 5172 3182 5240 οἷος
3210 5171 3355 5246 ἦσθα
3378 5174 3476 5227 καὶ
3503 5173 3639 5243 πρό·

2064 5290 2241 5343 τερον·
2274 5271 2459 5326 ἀλλἐὓ
2481 5289 2544 5340 γε
2575 5274 2657 5326 ὅτι
2691 5272 2768 5341 μὴ
2796 5272 2896 5342 τὴν
2921 5271 3016 5324 τοῦ
3037 5268 3315 5338 Βοσπόρου
3341 5264 3643 5319 διέπλευσα

2064 5364 2353 5428 θάλατταν,
2412 5365 2507 5417 καὶ
2547 5364 2814 5433 βασιλέως
2856 5363 3011 5417 πόλιν
3060 5363 3301 5431 ἀφῖγμαι
3326 5376 3338 5388 ⁸
3376 5358 3506 5420 ἴσως
3530 5354 3642 5425 γὰρ

2064 5457 2127 5510 ἂν
2178 5458 2333 5525 κάγὼ
2387 5456 2611 5524 βασιλέα
2650 5457 2742 5508 τὸν
2785 5456 2957 5525 μέγαν
2980 5454 3143 5526 ὁρῶν,
3176 5455 3269 5506 καὶ
3293 5452 3392 5520 τὴν
3408 5448 3645 5502 ὑπάτων

2065 5548 2255 5619 στολὴν
2310 5548 2401 5601 καὶ
2462 5548 2636 5618 ἀρχὴν
2685 5548 2749 5617 δὴ
2786 5564 2907 5601 τινα
2971 5546 3235 5615 μεγίστην
3278 5540 3644 5610 καλουμένην,

2069 5642 2160 5696 καὶ
2194 5643 2256 5696 τὰ
2292 5642 2462 5712 σεμνᾶ
2492 5641 2555 5713 δὴ
2585 5643 2752 5695 ταῦτα
2812 5640 2940 5712 παρ’
2993 5641 3163 5712 ὑμῶν,
3203 5637 3312 5690 εἴτε
3343 5632 3641 5707 πράγματα
