  <div class='ocr_page' id='page_1' title='image "/cluster/home/n/w/nwhite01/storage/ocr_20150623/87:2/hvd.32044073502205/610.png"; bbox 0 0 3976 6210; ppageno 0'>
   <div class='ocr_carea' id='block_1_1' title="bbox 262 317 394 380">
    <p class='ocr_par' dir='ltr' id='par_1_1' title="bbox 262 317 394 380">
     <span class='ocr_line' id='line_1_1' title="bbox 262 317 394 380; baseline 0 0"><span class='ocrx_word' id='word_1_1' title='bbox 262 317 394 380; x_wconf 68' lang='grc'><strong>2715</strong></span> 
     </span>
    </p>
   </div>
   <div class='ocr_carea' id='block_1_2' title="bbox 1684 329 2067 390">
    <p class='ocr_par' dir='ltr' id='par_1_2' title="bbox 1684 329 2067 390">
     <span class='ocr_line' id='line_1_2' title="bbox 1684 329 2067 390; baseline 0 0"><span class='ocrx_word' id='word_1_2' title='bbox 1684 329 2067 390; x_wconf 70' lang='grc' dir='ltr'><strong>ΕΡΙΞΤΟΗΕ</strong></span> 
     </span>
    </p>
   </div>
   <div class='ocr_carea' id='block_1_3' title="bbox 3365 333 3504 395">
    <p class='ocr_par' dir='ltr' id='par_1_3' title="bbox 3365 333 3504 395">
     <span class='ocr_line' id='line_1_3' title="bbox 3365 333 3504 395; baseline 0.014 -2"><span class='ocrx_word' id='word_1_3' title='bbox 3365 333 3504 395; x_wconf 68' lang='grc' dir='ltr'><strong>27ίῦ</strong></span> 
     </span>
    </p>
   </div>
   <div class='ocr_carea' id='block_1_4' title="bbox 268 402 1835 511">
    <p class='ocr_par' dir='ltr' id='par_1_4' title="bbox 268 402 1830 508">
     <span class='ocr_line' id='line_1_4' title="bbox 268 402 1830 508; baseline 0.006 -28"><span class='ocrx_word' id='word_1_4' title='bbox 268 428 440 500; x_wconf 80' lang='grc' dir='ltr'><strong>βούλει</strong></span> <span class='ocrx_word' id='word_1_5' title='bbox 486 402 665 495; x_wconf 78' lang='grc' dir='ltr'>λέγειν</span> <span class='ocrx_word' id='word_1_6' title='bbox 709 428 821 482; x_wconf 71' lang='grc' dir='ltr'>εἴτε</span> <span class='ocrx_word' id='word_1_7' title='bbox 846 431 1108 500; x_wconf 73' lang='grc' dir='ltr'>ὀνόματα,</span> <span class='ocrx_word' id='word_1_8' title='bbox 1164 434 1343 505; x_wconf 80' lang='grc' dir='ltr'>ἐπῆρα</span> <span class='ocrx_word' id='word_1_9' title='bbox 1378 435 1474 504; x_wconf 80' lang='grc' dir='ltr'>τὴν</span> <span class='ocrx_word' id='word_1_10' title='bbox 1514 436 1708 508; x_wconf 80' lang='grc' dir='ltr'>ὀφρὺν,</span> <span class='ocrx_word' id='word_1_11' title='bbox 1736 441 1830 491; x_wconf 74' lang='grc' dir='ltr'>καὶ</span> 
     </span>
    </p>
   </div>
   <div class='ocr_carea' id='block_1_5' title="bbox 1944 402 3505 511">
    <p class='ocr_par' dir='ltr' id='par_1_5' title="bbox 1944 437 3505 511">
     <span class='ocr_line' id='line_1_5' title="bbox 1944 437 3505 511; baseline 0.006 -22"><span class='ocrx_word' id='word_1_12' title='bbox 1944 453 2153 502; x_wconf 81' lang='lat' dir='ltr'><strong>nomen,</strong></span> <span class='ocrx_word' id='word_1_13' title='bbox 2202 437 2488 506; x_wconf 87' lang='lat' dir='ltr'><strong>supercilia</strong></span> <span class='ocrx_word' id='word_1_14' title='bbox 2542 438 2763 491; x_wconf 83' lang='lat' dir='ltr'><strong>allevavt</strong></span> <span class='ocrx_word' id='word_1_15' title='bbox 2806 450 2856 492; x_wconf 88' lang='lat' dir='ltr'><strong>et</strong></span> <span class='ocrx_word' id='word_1_16' title='bbox 2900 455 3150 509; x_wconf 83' lang='lat' dir='ltr'><strong>magnum</strong></span> <span class='ocrx_word' id='word_1_17' title='bbox 3202 443 3328 511; x_wconf 89' lang='lat' dir='ltr'><strong>quid</strong></span> <span class='ocrx_word' id='word_1_18' title='bbox 3366 446 3505 500; x_wconf 55' lang='lat' dir='ltr'><strong>allec</strong></span> 
     </span>
    </p>
   </div>
   <div class='ocr_carea' id='block_1_6' title="bbox 266 520 1827 597">
    <p class='ocr_par' dir='ltr' id='par_1_6' title="bbox 266 520 1827 597">
     <span class='ocr_line' id='line_1_6' title="bbox 266 520 1827 597; baseline 0.005 -24"><span class='ocrx_word' id='word_1_19' title='bbox 266 520 506 574; x_wconf 80' lang='grc' dir='ltr'>νεανικὸν</span> <span class='ocrx_word' id='word_1_20' title='bbox 561 520 846 591; x_wconf 79' lang='grc' dir='ltr'>ἐφρόνουν,</span> <span class='ocrx_word' id='word_1_21' title='bbox 895 523 1030 593; x_wconf 78' lang='grc' dir='ltr'>πρὸς</span> <span class='ocrx_word' id='word_1_22' title='bbox 1062 524 1160 595; x_wconf 78' lang='grc' dir='ltr'>τὴν</span> <span class='ocrx_word' id='word_1_23' title='bbox 1212 526 1657 597; x_wconf 76' lang='grc' dir='ltr'>τῶν-ὁρωμένων</span> <span class='ocrx_word' id='word_1_24' title='bbox 1677 529 1827 581; x_wconf 76' lang='grc' dir='ltr'>ἐπαιο</span> 
     </span>
    </p>
   </div>
   <div class='ocr_carea' id='block_1_7' title="bbox 271 602 1827 689">
    <p class='ocr_par' dir='ltr' id='par_1_7' title="bbox 271 602 1827 689">
     <span class='ocr_line' id='line_1_7' title="bbox 271 602 1827 689; baseline 0.006 -25"><span class='ocrx_word' id='word_1_25' title='bbox 271 602 488 682; x_wconf 66' lang='grc' dir='ltr'>ρόμενος</span> <span class='ocrx_word' id='word_1_26' title='bbox 522 611 713 683; x_wconf 83' lang='grc' dir='ltr'>τύχην,</span> <span class='ocrx_word' id='word_1_27' title='bbox 744 614 840 667; x_wconf 86' lang='grc' dir='ltr'><strong>καί</strong></span> <span class='ocrx_word' id='word_1_28' title='bbox 877 632 966 685; x_wconf 87' lang='grc' dir='ltr'><strong>μοι</strong></span> <span class='ocrx_word' id='word_1_29' title='bbox 993 616 1060 669; x_wconf 75' lang='grc' dir='ltr'><strong>τὰ</strong></span> <span class='ocrx_word' id='word_1_30' title='bbox 1083 617 1249 670; x_wconf 85' lang='grc' dir='ltr'>πάλαι</span> <span class='ocrx_word' id='word_1_31' title='bbox 1271 618 1401 685; x_wconf 70' lang='grc' dir='ltr'>φίλα</span> <span class='ocrx_word' id='word_1_32' title='bbox 1429 618 1593 689; x_wconf 84' lang='grc' dir='ltr'>λῆρος</span> <span class='ocrx_word' id='word_1_33' title='bbox 1626 619 1827 673; x_wconf 79' lang='grc' dir='ltr'>ἐδόκει·</span> 
     </span>
    </p>
   </div>
   <div class='ocr_carea' id='block_1_8' title="bbox 266 700 1830 778">
    <p class='ocr_par' dir='ltr' id='par_1_8' title="bbox 266 700 1830 778">
     <span class='ocr_line' id='line_1_8' title="bbox 266 700 1830 778; baseline 0.004 -25"><span class='ocrx_word' id='word_1_34' title='bbox 266 702 394 754; x_wconf 80' lang='grc' dir='ltr'>ὅπου</span> <span class='ocrx_word' id='word_1_35' title='bbox 424 700 534 768; x_wconf 86' lang='grc' dir='ltr'><strong>γὰρ</strong></span> <span class='ocrx_word' id='word_1_36' title='bbox 562 701 658 754; x_wconf 63' lang='grc' dir='ltr'><strong>καί⁵</strong></span> <span class='ocrx_word' id='word_1_37' title='bbox 683 702 896 766; x_wconf 81' lang='grc' dir='ltr'><strong>τούτοις</strong></span> <span class='ocrx_word' id='word_1_38' title='bbox 937 703 1132 769; x_wconf 80' lang='grc' dir='ltr'>ἑάλως,</span> <span class='ocrx_word' id='word_1_39' title='bbox 1157 705 1256 758; x_wconf 83' lang='grc' dir='ltr'>οὐκ</span> <span class='ocrx_word' id='word_1_40' title='bbox 1276 705 1341 759; x_wconf 80' lang='grc' dir='ltr'>ἂν</span> <span class='ocrx_word' id='word_1_41' title='bbox 1370 708 1578 778; x_wconf 73' lang='grc' dir='ltr'>εἴποιμι</span> <span class='ocrx_word' id='word_1_42' title='bbox 1607 707 1830 778; x_wconf 75' lang='grc' dir='ltr'>ῥᾳδίως,</span> 
     </span>
    </p>
   </div>
   <div class='ocr_carea' id='block_1_9' title="bbox 268 791 1834 867">
    <p class='ocr_par' dir='ltr' id='par_1_9' title="bbox 268 791 1834 867">
     <span class='ocr_line' id='line_1_9' title="bbox 268 791 1834 867; baseline 0.006 -26"><span class='ocrx_word' id='word_1_43' title='bbox 268 794 338 854; x_wconf 81' lang='grc' dir='ltr'>ὼς</span> <span class='ocrx_word' id='word_1_44' title='bbox 360 791 615 859; x_wconf 72' lang='grc' dir='ltr'>διέφυγον</span> <span class='ocrx_word' id='word_1_45' title='bbox 640 792 707 846; x_wconf 83' lang='grc' dir='ltr'>ἂν</span> <span class='ocrx_word' id='word_1_46' title='bbox 735 792 797 845; x_wconf 74' lang='grc' dir='ltr'><strong>τὸ</strong></span> <span class='ocrx_word' id='word_1_47' title='bbox 825 794 898 863; x_wconf 80' lang='grc' dir='ltr'>μὴ</span> <span class='ocrx_word' id='word_1_48' title='bbox 942 794 1004 846; x_wconf 79' lang='grc' dir='ltr'>οὐ</span> <span class='ocrx_word' id='word_1_49' title='bbox 1044 795 1214 848; x_wconf 83' lang='grc' dir='ltr'>ταῦτα</span> <span class='ocrx_word' id='word_1_50' title='bbox 1272 798 1488 856; x_wconf 78' lang='grc' dir='ltr'>παθεῖν,</span> <span class='ocrx_word' id='word_1_51' title='bbox 1524 800 1573 850; x_wconf 83' lang='grc' dir='ltr'><strong>εί</strong></span> <span class='ocrx_word' id='word_1_52' title='bbox 1600 798 1675 867; x_wconf 79' lang='grc' dir='ltr'>μὴ</span> <span class='ocrx_word' id='word_1_53' title='bbox 1739 798 1834 851; x_wconf 86' lang='grc' dir='ltr'><strong>καί</strong></span> 
     </span>
    </p>
   </div>
   <div class='ocr_carea' id='block_1_10' title="bbox 267 881 1828 960">
    <p class='ocr_par' dir='ltr' id='par_1_10' title="bbox 267 881 1828 960">
     <span class='ocr_line' id='line_1_10' title="bbox 267 881 1828 960; baseline 0.007 -28"><span class='ocrx_word' id='word_1_54' title='bbox 267 898 347 944; x_wconf 84' lang='grc' dir='ltr'><strong>τις</strong></span> <span class='ocrx_word' id='word_1_55' title='bbox 403 881 662 952; x_wconf 79' lang='grc' dir='ltr'>λογισμὸς</span> <span class='ocrx_word' id='word_1_56' title='bbox 725 884 1072 955; x_wconf 79' lang='grc' dir='ltr'>ὑπεισῆλθεν,</span> <span class='ocrx_word' id='word_1_57' title='bbox 1098 888 1173 950; x_wconf 83' lang='grc' dir='ltr'>ὡς</span> <span class='ocrx_word' id='word_1_58' title='bbox 1201 888 1263 940; x_wconf 89' lang='grc' dir='ltr'><strong>ού</strong></span> <span class='ocrx_word' id='word_1_59' title='bbox 1306 890 1523 955; x_wconf 83' lang='grc' dir='ltr'>ταυτὸν,</span> <span class='ocrx_word' id='word_1_60' title='bbox 1558 884 1603 943; x_wconf 79' lang='grc' dir='ltr'><strong>ὦ</strong></span> <span class='ocrx_word' id='word_1_61' title='bbox 1632 890 1828 960; x_wconf 80' lang='grc' dir='ltr'>λῷστε,</span> 
     </span>
    </p>
   </div>
   <div class='ocr_carea' id='block_1_11' title="bbox 267 973 1832 1055">
    <p class='ocr_par' dir='ltr' id='par_1_11' title="bbox 267 973 1832 1055">
     <span class='ocr_line' id='line_1_11' title="bbox 267 973 1832 1055; baseline 0.008 -31"><span class='ocrx_word' id='word_1_62' title='bbox 267 973 452 1045; x_wconf 83' lang='grc' dir='ltr'><strong>γνώμη</strong></span> <span class='ocrx_word' id='word_1_63' title='bbox 484 979 577 1028; x_wconf 77' lang='grc' dir='ltr'>καὶ</span> <span class='ocrx_word' id='word_1_64' title='bbox 601 975 737 1046; x_wconf 83' lang='grc' dir='ltr'>τύχη</span> <span class='ocrx_word' id='word_1_65' title='bbox 758 994 773 1008; x_wconf 83' lang='grc'><em>’</em></span> <span class='ocrx_word' id='word_1_66' title='bbox 801 978 916 1032; x_wconf 84' lang='grc' dir='ltr'><strong>ἀλλ’</strong></span> <span class='ocrx_word' id='word_1_67' title='bbox 940 980 972 1047; x_wconf 79' lang='grc' dir='ltr'><strong>ἡ</strong></span> <span class='ocrx_word' id='word_1_68' title='bbox 998 979 1118 1047; x_wconf 86' lang='grc' dir='ltr'>μὲν,</span> <span class='ocrx_word' id='word_1_69' title='bbox 1141 978 1216 1042; x_wconf 82' lang='grc' dir='ltr'>ὡς</span> <span class='ocrx_word' id='word_1_70' title='bbox 1238 980 1304 1033; x_wconf 80' lang='grc' dir='ltr'>ἂν</span> <span class='ocrx_word' id='word_1_71' title='bbox 1323 983 1461 1054; x_wconf 80' lang='grc' dir='ltr'>αὐτῇ</span> <span class='ocrx_word' id='word_1_72' title='bbox 1490 983 1642 1054; x_wconf 75' lang='grc' dir='ltr'>δοκῇ,</span> <span class='ocrx_word' id='word_1_73' title='bbox 1669 985 1832 1055; x_wconf 73' lang='grc' dir='ltr'>φέρε-</span> 
     </span>
    </p>
   </div>
   <div class='ocr_carea' id='block_1_12' title="bbox 266 1066 1830 1148">
    <p class='ocr_par' dir='ltr' id='par_1_12' title="bbox 266 1066 1830 1148">
     <span class='ocr_line' id='line_1_12' title="bbox 266 1066 1830 1148; baseline 0.009 -32"><span class='ocrx_word' id='word_1_74' title='bbox 266 1081 370 1129; x_wconf 87' lang='grc' dir='ltr'>ται,</span> <span class='ocrx_word' id='word_1_75' title='bbox 404 1066 495 1119; x_wconf 75' lang='grc' dir='ltr'>καὶ</span> <span class='ocrx_word' id='word_1_76' title='bbox 537 1069 868 1135; x_wconf 76' lang='grc' dir='ltr'><strong>μεταπίπτει</strong></span> <span class='ocrx_word' id='word_1_77' title='bbox 897 1070 1156 1136; x_wconf 80' lang='grc' dir='ltr'><strong>πολλάκις</strong></span> <span class='ocrx_word' id='word_1_78' title='bbox 1184 1073 1279 1126; x_wconf 77' lang='grc' dir='ltr'>καὶ</span> <span class='ocrx_word' id='word_1_79' title='bbox 1300 1074 1437 1144; x_wconf 83' lang='grc' dir='ltr'>γελᾷ</span> <span class='ocrx_word' id='word_1_80' title='bbox 1456 1076 1525 1129; x_wconf 74' lang='grc' dir='ltr'><strong>τὰ</strong></span> <span class='ocrx_word' id='word_1_81' title='bbox 1551 1077 1794 1148; x_wconf 77' lang='grc' dir='ltr'>ἡμέτερα</span> <span class='ocrx_word' id='word_1_82' title='bbox 1815 1093 1830 1108; x_wconf 86' lang='grc'><strong>·</strong></span> 
     </span>
    </p>
   </div>
   <div class='ocr_carea' id='block_1_13' title="bbox 265 1154 1835 1236">
    <p class='ocr_par' dir='ltr' id='par_1_13' title="bbox 265 1154 1835 1236">
     <span class='ocr_line' id='line_1_13' title="bbox 265 1154 1835 1236; baseline 0.01 -30"><span class='ocrx_word' id='word_1_83' title='bbox 265 1154 361 1223; x_wconf 80' lang='grc' dir='ltr'>τῆς</span> <span class='ocrx_word' id='word_1_84' title='bbox 400 1156 457 1209; x_wconf 87' lang='grc' dir='ltr'>δὲ</span> <span class='ocrx_word' id='word_1_85' title='bbox 486 1156 677 1227; x_wconf 87' lang='grc' dir='ltr'>κύριον</span> <span class='ocrx_word' id='word_1_86' title='bbox 722 1161 991 1231; x_wconf 85' lang='grc' dir='ltr'>προσήκει</span> <span class='ocrx_word' id='word_1_87' title='bbox 1034 1161 1123 1216; x_wconf 80' lang='grc' dir='ltr'><strong>τὸν</strong></span> <span class='ocrx_word' id='word_1_88' title='bbox 1159 1163 1561 1234; x_wconf 80' lang='grc' dir='ltr'><strong>σωφρονοῦντα,</strong></span> <span class='ocrx_word' id='word_1_89' title='bbox 1607 1167 1701 1219; x_wconf 79' lang='grc' dir='ltr'>καὶ</span> <span class='ocrx_word' id='word_1_90' title='bbox 1731 1166 1835 1236; x_wconf 84' lang='grc' dir='ltr'><strong>μή·</strong></span> 
     </span>
    </p>
   </div>
   <div class='ocr_carea' id='block_1_14' title="bbox 269 1248 1831 1328">
    <p class='ocr_par' dir='ltr' id='par_1_14' title="bbox 269 1248 1831 1328">
     <span class='ocr_line' id='line_1_14' title="bbox 269 1248 1831 1328; baseline 0.008 -31"><span class='ocrx_word' id='word_1_91' title='bbox 269 1262 323 1297; x_wconf 85' lang='grc' dir='ltr'><strong>τε</strong></span> <span class='ocrx_word' id='word_1_92' title='bbox 353 1248 625 1320; x_wconf 77' lang='grc' dir='ltr'>αίρομένῃ</span> <span class='ocrx_word' id='word_1_93' title='bbox 683 1253 1107 1321; x_wconf 83' lang='grc' dir='ltr'>συναναστῆναι,</span> <span class='ocrx_word' id='word_1_94' title='bbox 1179 1255 1317 1325; x_wconf 75' lang='grc' dir='ltr'>μήτε</span> <span class='ocrx_word' id='word_1_95' title='bbox 1372 1255 1649 1328; x_wconf 77' lang='grc' dir='ltr'><strong>πιπτούσῃ</strong></span> <span class='ocrx_word' id='word_1_96' title='bbox 1690 1272 1831 1325; x_wconf 87' lang='grc' dir='ltr'>συμ-</span> 
     </span>
    </p>
   </div>
   <div class='ocr_carea' id='block_1_15' title="bbox 270 1341 716 1407">
    <p class='ocr_par' dir='ltr' id='par_1_15' title="bbox 270 1341 716 1407">
     <span class='ocr_line' id='line_1_15' title="bbox 270 1341 716 1407; baseline 0.011 -15"><span class='ocrx_word' id='word_1_97' title='bbox 270 1341 716 1407; x_wconf 75' lang='grc' dir='ltr'>μεταϐάλλεσθαι.</span> 
     </span>
    </p>
   </div>
   <div class='ocr_carea' id='block_1_16' title="bbox 645 1436 1445 1510">
    <p class='ocr_par' dir='ltr' id='par_1_16' title="bbox 645 1436 1445 1510">
     <span class='ocr_line' id='line_1_16' title="bbox 645 1436 1445 1510; baseline 0.005 -22"><span class='ocrx_word' id='word_1_98' title='bbox 645 1436 767 1489; x_wconf 78' lang='lat' dir='ltr'><strong>Al&quot;.</strong></span> <span class='ocrx_word' id='word_1_99' title='bbox 801 1436 1103 1509; x_wconf 69' lang='grc' dir='ltr'><strong>ΖΑΧΑΡΙᾼ</strong></span> <span class='ocrx_word' id='word_1_100' title='bbox 1158 1436 1445 1510; x_wconf 75' lang='grc' dir='ltr'><strong>ΑΔΕΛΦῼ.</strong></span> 
     </span>
    </p>
   </div>
   <div class='ocr_carea' id='block_1_17' title="bbox 332 1523 1835 1601">
    <p class='ocr_par' dir='ltr' id='par_1_17' title="bbox 332 1523 1835 1601">
     <span class='ocr_line' id='line_1_17' title="bbox 332 1523 1835 1601; baseline 0.003 -25"><span class='ocrx_word' id='word_1_101' title='bbox 332 1523 427 1586; x_wconf 86' lang='grc' dir='ltr'>Τίς</span> <span class='ocrx_word' id='word_1_102' title='bbox 443 1524 511 1577; x_wconf 81' lang='grc' dir='ltr'>ἂν</span> <span class='ocrx_word' id='word_1_103' title='bbox 541 1528 803 1596; x_wconf 84' lang='grc' dir='ltr'>γενοίμην</span> <span class='ocrx_word' id='word_1_104' title='bbox 825 1530 1063 1600; x_wconf 77' lang='grc' dir='ltr'>ἐραστὴν</span> <span class='ocrx_word' id='word_1_105' title='bbox 1094 1530 1188 1583; x_wconf 68' lang='grc' dir='ltr'>καὶ</span> <span class='ocrx_word' id='word_1_106' title='bbox 1218 1529 1444 1598; x_wconf 80' lang='grc' dir='ltr'>ἀδελφὸν</span> <span class='ocrx_word' id='word_1_107' title='bbox 1472 1530 1835 1601; x_wconf 82' lang='grc' dir='ltr'>κατηγοροῦν-</span> 
     </span>
    </p>
   </div>
   <div class='ocr_carea' id='block_1_18' title="bbox 266 1615 1830 1693">
    <p class='ocr_par' dir='ltr' id='par_1_18' title="bbox 266 1615 1830 1693">
     <span class='ocr_line' id='line_1_18' title="bbox 266 1615 1830 1693; baseline 0.004 -25"><span class='ocrx_word' id='word_1_108' title='bbox 266 1633 328 1668; x_wconf 91' lang='grc' dir='ltr'><strong>τα</strong></span> <span class='ocrx_word' id='word_1_109' title='bbox 349 1615 552 1679; x_wconf 69' lang='grc' dir='ltr'>λαϐὼν,</span> <span class='ocrx_word' id='word_1_110' title='bbox 576 1620 668 1673; x_wconf 70' lang='grc' dir='ltr'><strong>καὶ</strong></span> <span class='ocrx_word' id='word_1_111' title='bbox 693 1621 859 1692; x_wconf 74' lang='grc' dir='ltr'>μηδὲν</span> <span class='ocrx_word' id='word_1_112' title='bbox 887 1622 972 1692; x_wconf 75' lang='grc' dir='ltr'><strong>ἔχε</strong></span> <span class='ocrx_word' id='word_1_113' title='bbox 983 1640 1029 1674; x_wconf 93' lang='grc' dir='ltr'><strong>ιν</strong></span> <span class='ocrx_word' id='word_1_114' title='bbox 1062 1624 1310 1689; x_wconf 81' lang='grc' dir='ltr'>οἰόμενον</span> <span class='ocrx_word' id='word_1_115' title='bbox 1329 1623 1357 1676; x_wconf 87' lang='grc' dir='ltr'><strong>δ</strong></span> <span class='ocrx_word' id='word_1_116' title='bbox 1376 1640 1427 1675; x_wconf 87' lang='grc' dir='ltr'>τι</span> <span class='ocrx_word' id='word_1_117' title='bbox 1455 1624 1549 1676; x_wconf 71' lang='grc' dir='ltr'>καὶ</span> <span class='ocrx_word' id='word_1_118' title='bbox 1569 1622 1793 1693; x_wconf 77' lang='grc' dir='ltr'>λέξομεν</span> <span class='ocrx_word' id='word_1_119' title='bbox 1815 1639 1830 1688; x_wconf 88' lang='lat'><strong>;</strong></span> 
     </span>
    </p>
   </div>
   <div class='ocr_carea' id='block_1_19' title="bbox 267 1706 1832 1786">
    <p class='ocr_par' dir='ltr' id='par_1_19' title="bbox 267 1706 1832 1786">
     <span class='ocr_line' id='line_1_19' title="bbox 267 1706 1832 1786; baseline 0.007 -28"><span class='ocrx_word' id='word_1_120' title='bbox 267 1706 315 1759; x_wconf 87' lang='grc' dir='ltr'><strong>τί</strong></span> <span class='ocrx_word' id='word_1_121' title='bbox 364 1707 473 1778; x_wconf 81' lang='grc' dir='ltr'>γὰρ</span> <span class='ocrx_word' id='word_1_122' title='bbox 526 1709 589 1781; x_wconf 78' lang='grc' dir='ltr'>δὴ</span> <span class='ocrx_word' id='word_1_123' title='bbox 625 1711 769 1782; x_wconf 82' lang='grc' dir='ltr'><strong>φής;</strong></span> <span class='ocrx_word' id='word_1_124' title='bbox 833 1713 1090 1784; x_wconf 85' lang='grc' dir='ltr'>Ῥήτορες</span> <span class='ocrx_word' id='word_1_125' title='bbox 1147 1716 1309 1785; x_wconf 78' lang='grc' dir='ltr'>ἡμεῖς</span> <span class='ocrx_word' id='word_1_126' title='bbox 1372 1714 1465 1769; x_wconf 80' lang='grc' dir='ltr'><strong>καὶ</strong></span> <span class='ocrx_word' id='word_1_127' title='bbox 1514 1715 1832 1786; x_wconf 81' lang='grc' dir='ltr'><strong>θυγατέρων</strong></span> 
     </span>
    </p>
   </div>
   <div class='ocr_carea' id='block_1_20' title="bbox 270 1798 1833 1878">
    <p class='ocr_par' dir='ltr' id='par_1_20' title="bbox 270 1798 1833 1878">
     <span class='ocr_line' id='line_1_20' title="bbox 270 1798 1833 1878; baseline 0.008 -30"><span class='ocrx_word' id='word_1_128' title='bbox 270 1798 500 1868; x_wconf 77' lang='grc' dir='ltr'><strong>πατέρες</strong></span> <span class='ocrx_word' id='word_1_129' title='bbox 535 1802 746 1855; x_wconf 84' lang='grc' dir='ltr'>πολλῶν</span> <span class='ocrx_word' id='word_1_130' title='bbox 771 1818 786 1834; x_wconf 79' lang='grc'><strong><em>⁸</em></strong></span> <span class='ocrx_word' id='word_1_131' title='bbox 822 1804 918 1866; x_wconf 76' lang='grc' dir='ltr'><strong>τὰς</strong></span> <span class='ocrx_word' id='word_1_132' title='bbox 940 1806 1049 1877; x_wconf 72' lang='grc' dir='ltr'><strong>γὰρ</strong></span> <span class='ocrx_word' id='word_1_133' title='bbox 1084 1807 1375 1871; x_wconf 76' lang='grc' dir='ltr'>ἐπιστολὰς</span> <span class='ocrx_word' id='word_1_134' title='bbox 1432 1806 1604 1870; x_wconf 72' lang='grc' dir='ltr'>οὕτως</span> <span class='ocrx_word' id='word_1_135' title='bbox 1636 1807 1833 1878; x_wconf 85' lang='grc' dir='ltr'>ὀνομά-</span> 
     </span>
    </p>
   </div>
   <div class='ocr_carea' id='block_1_21' title="bbox 269 1885 1830 1967">
    <p class='ocr_par' dir='ltr' id='par_1_21' title="bbox 269 1885 1830 1967">
     <span class='ocr_line' id='line_1_21' title="bbox 269 1885 1830 1967; baseline 0.02 -29"><span class='ocrx_word' id='word_1_136' title='bbox 269 1885 376 1950; x_wconf 84' lang='grc' dir='ltr'>ζειν</span> <span class='ocrx_word' id='word_1_137' title='bbox 424 1890 622 1946; x_wconf 81' lang='grc' dir='ltr'>ἐδόκει.</span> <span class='ocrx_word' id='word_1_138' title='bbox 686 1894 829 1947; x_wconf 60' lang='grc' dir='ltr'>’Ἀλλ’</span> <span class='ocrx_word' id='word_1_139' title='bbox 877 1895 945 1964; x_wconf 84' lang='grc' dir='ltr'>ἢν</span> <span class='ocrx_word' id='word_1_140' title='bbox 1002 1898 1108 1966; x_wconf 71' lang='grc' dir='ltr'>φὴς</span> <span class='ocrx_word' id='word_1_141' title='bbox 1159 1898 1326 1952; x_wconf 86' lang='grc' dir='ltr'>πάλαι</span> <span class='ocrx_word' id='word_1_142' title='bbox 1381 1897 1571 1962; x_wconf 86' lang='grc' dir='ltr'>ταῦτα,</span> <span class='ocrx_word' id='word_1_143' title='bbox 1601 1897 1696 1950; x_wconf 78' lang='grc' dir='ltr'>νῦν</span> <span class='ocrx_word' id='word_1_144' title='bbox 1722 1898 1830 1967; x_wconf 85' lang='grc' dir='ltr'>γὰρ</span> 
     </span>
    </p>
   </div>
   <div class='ocr_carea' id='block_1_22' title="bbox 266 1982 1833 2058">
    <p class='ocr_par' dir='ltr' id='par_1_22' title="bbox 266 1982 1833 2058">
     <span class='ocr_line' id='line_1_22' title="bbox 266 1982 1833 2058; baseline 0.005 -25"><span class='ocrx_word' id='word_1_145' title='bbox 266 1982 444 2036; x_wconf 76' lang='grc' dir='ltr'>οὐκέτι</span> <span class='ocrx_word' id='word_1_146' title='bbox 472 2000 486 2015; x_wconf 89' lang='grc'><strong>·</strong></span> <span class='ocrx_word' id='word_1_147' title='bbox 521 1984 637 2038; x_wconf 73' lang='grc' dir='ltr'>ἀλλ’</span> <span class='ocrx_word' id='word_1_148' title='bbox 676 1985 928 2056; x_wconf 76' lang='grc' dir='ltr'>ὑϐρισταί</span> <span class='ocrx_word' id='word_1_149' title='bbox 957 2004 1102 2049; x_wconf 84' lang='grc' dir='ltr'>τινες</span> <span class='ocrx_word' id='word_1_150' title='bbox 1129 1989 1309 2058; x_wconf 82' lang='grc' dir='ltr'>ὑμεῖς,</span> <span class='ocrx_word' id='word_1_151' title='bbox 1362 1989 1456 2041; x_wconf 74' lang='grc' dir='ltr'><strong>καὶ</strong></span> <span class='ocrx_word' id='word_1_152' title='bbox 1483 1987 1685 2057; x_wconf 73' lang='grc' dir='ltr'>θεσμὸν</span> <span class='ocrx_word' id='word_1_153' title='bbox 1714 1991 1833 2042; x_wconf 83' lang='grc' dir='ltr'>ἀτι-</span> 
     </span>
    </p>
   </div>
   <div class='ocr_carea' id='block_1_23' title="bbox 269 2073 1831 2150">
    <p class='ocr_par' dir='ltr' id='par_1_23' title="bbox 269 2073 1831 2150">
     <span class='ocr_line' id='line_1_23' title="bbox 269 2073 1831 2150; baseline 0.006 -25"><span class='ocrx_word' id='word_1_154' title='bbox 269 2073 523 2142; x_wconf 78' lang='grc' dir='ltr'>μάζοντες</span> <span class='ocrx_word' id='word_1_155' title='bbox 560 2075 781 2145; x_wconf 77' lang='grc' dir='ltr'>ἔρωτος.</span> <span class='ocrx_word' id='word_1_156' title='bbox 832 2077 976 2130; x_wconf 77' lang='grc' dir='ltr'><strong>Ἀλλ’</strong></span> <span class='ocrx_word' id='word_1_157' title='bbox 1006 2080 1054 2130; x_wconf 88' lang='grc' dir='ltr'><strong>εί</strong></span> <span class='ocrx_word' id='word_1_158' title='bbox 1088 2078 1186 2147; x_wconf 83' lang='grc' dir='ltr'>μὲν</span> <span class='ocrx_word' id='word_1_159' title='bbox 1211 2075 1278 2150; x_wconf 79' lang='grc' dir='ltr'>ἦν</span> <span class='ocrx_word' id='word_1_160' title='bbox 1295 2097 1380 2142; x_wconf 85' lang='grc' dir='ltr'><strong>τις</strong></span> <span class='ocrx_word' id='word_1_161' title='bbox 1399 2080 1698 2150; x_wconf 73' lang='grc' dir='ltr'>ποιητικὸς.</span> <span class='ocrx_word' id='word_1_162' title='bbox 1738 2081 1831 2134; x_wconf 70' lang='grc' dir='ltr'><strong>τὸν</strong></span> 
     </span>
    </p>
   </div>
   <div class='ocr_carea' id='block_1_24' title="bbox 277 2166 1831 2243">
    <p class='ocr_par' dir='ltr' id='par_1_24' title="bbox 277 2166 1831 2243">
     <span class='ocr_line' id='line_1_24' title="bbox 277 2166 1831 2243; baseline 0.006 -27"><span class='ocrx_word' id='word_1_163' title='bbox 277 2166 584 2220; x_wconf 81' lang='grc' dir='ltr'>Ἀπόλλωνα</span> <span class='ocrx_word' id='word_1_164' title='bbox 611 2168 782 2236; x_wconf 83' lang='grc' dir='ltr'>δήπου</span> <span class='ocrx_word' id='word_1_165' title='bbox 815 2170 913 2222; x_wconf 65' lang='grc' dir='ltr'>καὶ</span> <span class='ocrx_word' id='word_1_166' title='bbox 940 2170 1039 2232; x_wconf 80' lang='grc' dir='ltr'>τὰς</span> <span class='ocrx_word' id='word_1_167' title='bbox 1090 2170 1293 2241; x_wconf 83' lang='grc' dir='ltr'><strong>μούσας</strong></span> <span class='ocrx_word' id='word_1_168' title='bbox 1334 2172 1593 2224; x_wconf 80' lang='grc' dir='ltr'><strong>ἐκάλουν·</strong></span> <span class='ocrx_word' id='word_1_169' title='bbox 1646 2173 1831 2243; x_wconf 75' lang='grc' dir='ltr'>Δῴητέ</span> 
     </span>
    </p>
   </div>
   <div class='ocr_carea' id='block_1_25' title="bbox 269 2256 1833 2332">
    <p class='ocr_par' dir='ltr' id='par_1_25' title="bbox 269 2256 1833 2332">
     <span class='ocr_line' id='line_1_25' title="bbox 269 2256 1833 2332; baseline 0.005 -25"><span class='ocrx_word' id='word_1_170' title='bbox 269 2272 376 2323; x_wconf 89' lang='grc' dir='ltr'>μοι,</span> <span class='ocrx_word' id='word_1_171' title='bbox 404 2256 785 2323; x_wconf 75' lang='grc' dir='ltr'>λέγων,είπεῖν</span> <span class='ocrx_word' id='word_1_172' title='bbox 812 2261 906 2313; x_wconf 79' lang='grc' dir='ltr'>καὶ</span> <span class='ocrx_word' id='word_1_173' title='bbox 936 2262 1151 2326; x_wconf 81' lang='grc' dir='ltr'>παῖδας,</span> <span class='ocrx_word' id='word_1_174' title='bbox 1180 2263 1268 2316; x_wconf 49' lang='grc' dir='ltr'><strong>καὶ</strong></span> <span class='ocrx_word' id='word_1_175' title='bbox 1295 2261 1368 2332; x_wconf 76' lang='grc' dir='ltr'>μὴ</span> <span class='ocrx_word' id='word_1_176' title='bbox 1388 2263 1570 2316; x_wconf 78' lang='grc' dir='ltr'>ἄδικον</span> <span class='ocrx_word' id='word_1_177' title='bbox 1596 2259 1833 2332; x_wconf 72' lang='grc' dir='ltr'>φανῆναι</span> 
     </span>
    </p>
   </div>
   <div class='ocr_carea' id='block_1_26' title="bbox 264 2347 1828 2423">
    <p class='ocr_par' dir='ltr' id='par_1_26' title="bbox 264 2347 1828 2423">
     <span class='ocr_line' id='line_1_26' title="bbox 264 2347 1828 2423; baseline 0.004 -25"><span class='ocrx_word' id='word_1_178' title='bbox 264 2347 328 2398; x_wconf 69' lang='grc' dir='ltr'>τὰ</span> <span class='ocrx_word' id='word_1_179' title='bbox 353 2349 593 2401; x_wconf 86' lang='grc' dir='ltr'>παιδικά.</span> <span class='ocrx_word' id='word_1_180' title='bbox 636 2351 774 2403; x_wconf 80' lang='grc' dir='ltr'>Νυνὶ</span> <span class='ocrx_word' id='word_1_181' title='bbox 798 2352 857 2404; x_wconf 77' lang='grc' dir='ltr'>δὲ</span> <span class='ocrx_word' id='word_1_182' title='bbox 890 2354 1203 2423; x_wconf 83' lang='grc' dir='ltr'>μιμήσομαι</span> <span class='ocrx_word' id='word_1_183' title='bbox 1250 2352 1380 2421; x_wconf 78' lang='grc' dir='ltr'>γοῦν</span> <span class='ocrx_word' id='word_1_184' title='bbox 1425 2370 1478 2406; x_wconf 88' lang='grc' dir='ltr'><strong>τι</strong></span> <span class='ocrx_word' id='word_1_185' title='bbox 1524 2354 1828 2423; x_wconf 80' lang='grc' dir='ltr'>ποιητικὸν,</span> 
     </span>
    </p>
   </div>
   <div class='ocr_carea' id='block_1_27' title="bbox 265 2439 1830 2518">
    <p class='ocr_par' dir='ltr' id='par_1_27' title="bbox 265 2439 1830 2518">
     <span class='ocr_line' id='line_1_27' title="bbox 265 2439 1830 2518; baseline 0.004 -26"><span class='ocrx_word' id='word_1_186' title='bbox 265 2439 356 2492; x_wconf 79' lang='grc' dir='ltr'>καὶ</span> <span class='ocrx_word' id='word_1_187' title='bbox 376 2440 469 2493; x_wconf 78' lang='grc' dir='ltr'><strong>ἐπὶ</strong></span> <span class='ocrx_word' id='word_1_188' title='bbox 514 2442 687 2510; x_wconf 79' lang='grc' dir='ltr'>μέγαν</span> <span class='ocrx_word' id='word_1_189' title='bbox 728 2443 891 2513; x_wconf 85' lang='grc' dir='ltr'>ὅρκον</span> <span class='ocrx_word' id='word_1_190' title='bbox 928 2444 1195 2516; x_wconf 75' lang='grc' dir='ltr'>ὀμοῦμαι,</span> <span class='ocrx_word' id='word_1_191' title='bbox 1233 2445 1346 2500; x_wconf 66' lang='grc' dir='ltr'><strong>θεολ⁵</strong></span> <span class='ocrx_word' id='word_1_192' title='bbox 1372 2446 1418 2498; x_wconf 83' lang='grc' dir='ltr'>δ’</span> <span class='ocrx_word' id='word_1_193' title='bbox 1452 2446 1830 2518; x_wconf 82' lang='grc' dir='ltr'>ἐπιμάρτυρες</span> 
     </span>
    </p>
   </div>
   <div class='ocr_carea' id='block_1_28' title="bbox 265 2527 1834 2607">
    <p class='ocr_par' dir='ltr' id='par_1_28' title="bbox 265 2527 1834 2607">
     <span class='ocr_line' id='line_1_28' title="bbox 265 2527 1834 2607; baseline 0.008 -28"><span class='ocrx_word' id='word_1_194' title='bbox 265 2527 453 2592; x_wconf 75' lang='grc' dir='ltr'>ἔστων,</span> <span class='ocrx_word' id='word_1_195' title='bbox 486 2530 561 2601; x_wconf 82' lang='grc' dir='ltr'>μὴ</span> <span class='ocrx_word' id='word_1_196' title='bbox 591 2531 767 2595; x_wconf 82' lang='grc' dir='ltr'>οὓτως</span> <span class='ocrx_word' id='word_1_197' title='bbox 819 2534 963 2604; x_wconf 78' lang='grc' dir='ltr'>ἔχειν</span> <span class='ocrx_word' id='word_1_198' title='bbox 994 2536 1059 2589; x_wconf 81' lang='grc' dir='ltr'><strong>τὰ</strong></span> <span class='ocrx_word' id='word_1_199' title='bbox 1093 2535 1214 2589; x_wconf 82' lang='grc' dir='ltr'>καθ’</span> <span class='ocrx_word' id='word_1_200' title='bbox 1269 2538 1418 2607; x_wconf 73' lang='grc' dir='ltr'>ἡμᾶς</span> <span class='ocrx_word' id='word_1_201' title='bbox 1465 2535 1540 2600; x_wconf 77' lang='grc' dir='ltr'>ὥς</span> <span class='ocrx_word' id='word_1_202' title='bbox 1581 2554 1684 2589; x_wconf 88' lang='grc' dir='ltr'><strong>που</strong></span> <span class='ocrx_word' id='word_1_203' title='bbox 1738 2538 1834 2591; x_wconf 79' lang='grc' dir='ltr'>καὶ</span> 
     </span>
    </p>
   </div>
   <div class='ocr_carea' id='block_1_29' title="bbox 265 2618 1831 2698">
    <p class='ocr_par' dir='ltr' id='par_1_29' title="bbox 265 2618 1831 2698">
     <span class='ocr_line' id='line_1_29' title="bbox 265 2618 1831 2698; baseline 0.009 -28"><span class='ocrx_word' id='word_1_204' title='bbox 265 2618 497 2686; x_wconf 83' lang='grc' dir='ltr'>λέγεται·</span> <span class='ocrx_word' id='word_1_205' title='bbox 520 2621 649 2675; x_wconf 75' lang='grc' dir='ltr'>ἀλλὰ</span> <span class='ocrx_word' id='word_1_206' title='bbox 672 2623 782 2693; x_wconf 83' lang='grc' dir='ltr'><strong>γὰρ</strong></span> <span class='ocrx_word' id='word_1_207' title='bbox 804 2625 895 2677; x_wconf 76' lang='grc' dir='ltr'>ἐπὶ</span> <span class='ocrx_word' id='word_1_208' title='bbox 922 2624 1106 2695; x_wconf 79' lang='grc' dir='ltr'>φιλίας</span> <span class='ocrx_word' id='word_1_209' title='bbox 1132 2625 1286 2697; x_wconf 79' lang='grc' dir='ltr'>ἡμῶν</span> <span class='ocrx_word' id='word_1_210' title='bbox 1317 2625 1481 2690; x_wconf 76' lang='grc' dir='ltr'>αἰδὼς</span> <span class='ocrx_word' id='word_1_211' title='bbox 1514 2627 1610 2680; x_wconf 77' lang='grc' dir='ltr'><strong>καὶ</strong></span> <span class='ocrx_word' id='word_1_212' title='bbox 1641 2628 1831 2698; x_wconf 79' lang='grc' dir='ltr'>μνήμη</span> 
     </span>
    </p>
   </div>
   <div class='ocr_carea' id='block_1_30' title="bbox 265 2711 1832 2789">
    <p class='ocr_par' dir='ltr' id='par_1_30' title="bbox 265 2711 1832 2789">
     <span class='ocr_line' id='line_1_30' title="bbox 265 2711 1832 2789; baseline 0.005 -26"><span class='ocrx_word' id='word_1_213' title='bbox 265 2711 534 2779; x_wconf 81' lang='grc' dir='ltr'>φιλτάτων</span> <span class='ocrx_word' id='word_1_214' title='bbox 555 2730 568 2745; x_wconf 89' lang='grc'><strong>·</strong></span> <span class='ocrx_word' id='word_1_215' title='bbox 592 2713 647 2767; x_wconf 87' lang='grc' dir='ltr'><strong>τί</strong></span> <span class='ocrx_word' id='word_1_216' title='bbox 670 2711 764 2769; x_wconf 75' lang='grc' dir='ltr'>οὖν</span> <span class='ocrx_word' id='word_1_217' title='bbox 795 2718 922 2786; x_wconf 78' lang='grc' dir='ltr'>φὴς,</span> <span class='ocrx_word' id='word_1_218' title='bbox 952 2719 985 2785; x_wconf 85' lang='grc' dir='ltr'><strong>ἡ</strong></span> <span class='ocrx_word' id='word_1_219' title='bbox 1019 2718 1178 2788; x_wconf 74' lang='grc' dir='ltr'>σιγῆς</span> <span class='ocrx_word' id='word_1_220' title='bbox 1206 2717 1418 2770; x_wconf 85' lang='grc' dir='ltr'>δέδοικα</span> <span class='ocrx_word' id='word_1_221' title='bbox 1438 2720 1511 2789; x_wconf 85' lang='grc' dir='ltr'>μή</span> <span class='ocrx_word' id='word_1_222' title='bbox 1540 2736 1623 2782; x_wconf 80' lang='grc' dir='ltr'><strong>τις</strong></span> <span class='ocrx_word' id='word_1_223' title='bbox 1650 2719 1832 2783; x_wconf 80' lang='grc' dir='ltr'>ἄδικος</span> 
     </span>
    </p>
   </div>
   <div class='ocr_carea' id='block_1_31' title="bbox 264 2804 1835 2879">
    <p class='ocr_par' dir='ltr' id='par_1_31' title="bbox 264 2804 1835 2879">
     <span class='ocr_line' id='line_1_31' title="bbox 264 2804 1835 2879; baseline 0.004 -25"><span class='ocrx_word' id='word_1_224' title='bbox 264 2804 397 2872; x_wconf 84' lang='grc' dir='ltr'><strong>τύχη</strong></span> <span class='ocrx_word' id='word_1_225' title='bbox 424 2805 543 2866; x_wconf 77' lang='grc' dir='ltr'>ταῖς</span> <span class='ocrx_word' id='word_1_226' title='bbox 562 2805 722 2873; x_wconf 80' lang='grc' dir='ltr'>ἐμαῖς</span> <span class='ocrx_word' id='word_1_227' title='bbox 755 2807 1081 2879; x_wconf 80' lang='grc' dir='ltr'>ἐπικωμάζῃ</span> <span class='ocrx_word' id='word_1_228' title='bbox 1108 2808 1314 2875; x_wconf 76' lang='grc' dir='ltr'>γοναῖς,</span> <span class='ocrx_word' id='word_1_229' title='bbox 1351 2810 1444 2861; x_wconf 58' lang='grc' dir='ltr'><strong>καί¹</strong></span> <span class='ocrx_word' id='word_1_230' title='bbox 1475 2809 1611 2878; x_wconf 74' lang='grc' dir='ltr'>-πρδς</span> <span class='ocrx_word' id='word_1_231' title='bbox 1643 2808 1701 2860; x_wconf 83' lang='grc' dir='ltr'>σὲ</span> <span class='ocrx_word' id='word_1_232' title='bbox 1736 2809 1835 2873; x_wconf 71' lang='grc' dir='ltr'><strong>τὰς</strong></span> 
     </span>
    </p>
   </div>
   <div class='ocr_carea' id='block_1_32' title="bbox 266 2894 1834 2969">
    <p class='ocr_par' dir='ltr' id='par_1_32' title="bbox 266 2894 1834 2969">
     <span class='ocr_line' id='line_1_32' title="bbox 266 2894 1834 2969; baseline 0.004 -24"><span class='ocrx_word' id='word_1_233' title='bbox 266 2894 402 2963; x_wconf 76' lang='grc' dir='ltr'>ἐμὰς</span> <span class='ocrx_word' id='word_1_234' title='bbox 439 2895 769 2966; x_wconf 80' lang='grc' dir='ltr'>ἐπείγομαι,</span> <span class='ocrx_word' id='word_1_235' title='bbox 814 2898 979 2969; x_wconf 77' lang='grc' dir='ltr'>ἄλλην</span> <span class='ocrx_word' id='word_1_236' title='bbox 1008 2898 1198 2953; x_wconf 79' lang='grc' dir='ltr'>ἄλλοτε</span> <span class='ocrx_word' id='word_1_237' title='bbox 1222 2899 1410 2969; x_wconf 79' lang='grc' dir='ltr'>φέρειν</span> <span class='ocrx_word' id='word_1_238' title='bbox 1431 2916 1445 2931; x_wconf 75' lang='grc' dir='ltr'><strong>ο</strong></span> <span class='ocrx_word' id='word_1_239' title='bbox 1488 2899 1581 2952; x_wconf 82' lang='grc' dir='ltr'><strong>καί</strong></span> <span class='ocrx_word' id='word_1_240' title='bbox 1619 2917 1720 2952; x_wconf 87' lang='grc' dir='ltr'><strong>που</strong></span> <span class='ocrx_word' id='word_1_241' title='bbox 1747 2899 1834 2965; x_wconf 76' lang='grc' dir='ltr'><strong>ξέ-</strong></span> 
     </span>
    </p>
   </div>
   <div class='ocr_carea' id='block_1_33' title="bbox 1934 528 3493 599">
    <p class='ocr_par' dir='ltr' id='par_1_33' title="bbox 1934 528 3493 599">
     <span class='ocr_line' id='line_1_33' title="bbox 1934 528 3493 599; baseline 0.005 -19"><span class='ocrx_word' id='word_1_242' title='bbox 1934 528 2171 594; x_wconf 86' lang='lat' dir='ltr'><strong>ctabatn,</strong></span> <span class='ocrx_word' id='word_1_243' title='bbox 2210 543 2498 597; x_wconf 77' lang='lat' dir='ltr'><strong>assurgens</strong></span> <span class='ocrx_word' id='word_1_244' title='bbox 2546 531 2611 582; x_wconf 86' lang='lat' dir='ltr'><strong>ad</strong></span> <span class='ocrx_word' id='word_1_245' title='bbox 2641 546 2828 582; x_wconf 88' lang='lat' dir='ltr'><strong>eorum</strong></span> <span class='ocrx_word' id='word_1_246' title='bbox 2867 546 3005 599; x_wconf 91' lang='lat' dir='ltr'><strong>quos</strong></span> <span class='ocrx_word' id='word_1_247' title='bbox 3050 533 3294 587; x_wconf 82' lang='lat' dir='ltr'><strong>videbam</strong></span> <span class='ocrx_word' id='word_1_248' title='bbox 3329 534 3493 589; x_wconf 86' lang='lat' dir='ltr'><strong>furtu-</strong></span> 
     </span>
    </p>
   </div>
   <div class='ocr_carea' id='block_1_34' title="bbox 1934 619 3500 695">
    <p class='ocr_par' dir='ltr' id='par_1_34' title="bbox 1934 619 3500 695">
     <span class='ocr_line' id='line_1_34' title="bbox 1934 619 3500 695; baseline 0.005 -23"><span class='ocrx_word' id='word_1_249' title='bbox 1934 634 2081 683; x_wconf 92' lang='lat' dir='ltr'><strong>nam,</strong></span> <span class='ocrx_word' id='word_1_250' title='bbox 2113 629 2165 674; x_wconf 88' lang='lat' dir='ltr'><strong>ct</strong></span> <span class='ocrx_word' id='word_1_251' title='bbox 2190 635 2309 689; x_wconf 70' lang='lat' dir='ltr'><strong>qua:</strong></span> <span class='ocrx_word' id='word_1_252' title='bbox 2344 619 2472 672; x_wconf 86' lang='lat' dir='ltr'><strong>mihi</strong></span> <span class='ocrx_word' id='word_1_253' title='bbox 2513 619 2642 671; x_wconf 90' lang='lat' dir='ltr'><strong>olim</strong></span> <span class='ocrx_word' id='word_1_254' title='bbox 2677 632 2830 674; x_wconf 87' lang='lat' dir='ltr'><strong>erant</strong></span> <span class='ocrx_word' id='word_1_255' title='bbox 2866 623 3031 677; x_wconf 82' lang='lat' dir='ltr'><strong>chara</strong></span> <span class='ocrx_word' id='word_1_256' title='bbox 3060 640 3214 695; x_wconf 67' lang='lat' dir='ltr'><strong>nugae</strong></span> <span class='ocrx_word' id='word_1_257' title='bbox 3240 627 3500 680; x_wconf 84' lang='lat' dir='ltr'><strong>videban-</strong></span> 
     </span>
    </p>
   </div>
   <div class='ocr_carea' id='block_1_35' title="bbox 1936 709 3500 779">
    <p class='ocr_par' dir='ltr' id='par_1_35' title="bbox 1936 709 3500 779">
     <span class='ocr_line' id='line_1_35' title="bbox 1936 709 3500 779; baseline 0.004 -18"><span class='ocrx_word' id='word_1_258' title='bbox 1936 719 2060 763; x_wconf 90' lang='lat' dir='ltr'><strong>tur:</strong></span> <span class='ocrx_word' id='word_1_259' title='bbox 2096 711 2292 779; x_wconf 83' lang='lat' dir='ltr'><strong>quippe</strong></span> <span class='ocrx_word' id='word_1_260' title='bbox 2326 710 2492 778; x_wconf 73' lang='lat' dir='ltr'><strong>igitur</strong></span> <span class='ocrx_word' id='word_1_261' title='bbox 2548 709 2630 762; x_wconf 73' lang='lat' dir='ltr'><strong>his</strong></span> <span class='ocrx_word' id='word_1_262' title='bbox 2658 722 2847 779; x_wconf 83' lang='lat' dir='ltr'><strong>captus</strong></span> <span class='ocrx_word' id='word_1_263' title='bbox 2883 712 3069 779; x_wconf 82' lang='lat' dir='ltr'><strong>fueris,</strong></span> <span class='ocrx_word' id='word_1_264' title='bbox 3117 732 3221 769; x_wconf 90' lang='lat' dir='ltr'><strong>non</strong></span> <span class='ocrx_word' id='word_1_265' title='bbox 3259 716 3500 771; x_wconf 72' lang='lat' dir='ltr'><strong>dicerem</strong></span> 
     </span>
    </p>
   </div>
   <div class='ocr_carea' id='block_1_36' title="bbox 1934 799 3499 871">
    <p class='ocr_par' dir='ltr' id='par_1_36' title="bbox 1934 799 3499 871">
     <span class='ocr_line' id='line_1_36' title="bbox 1934 799 3499 871; baseline 0.004 -19"><span class='ocrx_word' id='word_1_266' title='bbox 1934 799 2094 855; x_wconf 77' lang='lat' dir='ltr'><strong>facile</strong></span> <span class='ocrx_word' id='word_1_267' title='bbox 2144 803 2413 870; x_wconf 85' lang='lat' dir='ltr'><strong>quomodo</strong></span> <span class='ocrx_word' id='word_1_268' title='bbox 2463 800 2576 854; x_wconf 65' lang='lat' dir='ltr'><strong>haec</strong></span> <span class='ocrx_word' id='word_1_269' title='bbox 2624 816 2726 853; x_wconf 92' lang='lat' dir='ltr'><strong>non</strong></span> <span class='ocrx_word' id='word_1_270' title='bbox 2778 805 3018 869; x_wconf 78' lang='lat' dir='ltr'><strong>perferre</strong></span> <span class='ocrx_word' id='word_1_271' title='bbox 3072 806 3403 871; x_wconf 86' lang='lat' dir='ltr'><strong>vitavissem,</strong></span> <span class='ocrx_word' id='word_1_272' title='bbox 3453 806 3499 859; x_wconf 83' lang='lat' dir='ltr'><strong>si</strong></span> 
     </span>
    </p>
   </div>
   <div class='ocr_carea' id='block_1_37' title="bbox 1933 893 3501 962">
    <p class='ocr_par' dir='ltr' id='par_1_37' title="bbox 1933 893 3501 962">
     <span class='ocr_line' id='line_1_37' title="bbox 1933 893 3501 962; baseline 0.006 -19"><span class='ocrx_word' id='word_1_273' title='bbox 1933 893 2198 960; x_wconf 76' lang='lat' dir='ltr'><strong>quoddam</strong></span> <span class='ocrx_word' id='word_1_274' title='bbox 2252 893 2616 958; x_wconf 87' lang='lat' dir='ltr'><strong>ratiocinimn,</strong></span> <span class='ocrx_word' id='word_1_275' title='bbox 2680 895 2886 949; x_wconf 82' lang='lat' dir='ltr'><strong>scilicet</strong></span> <span class='ocrx_word' id='word_1_276' title='bbox 2951 912 3054 950; x_wconf 93' lang='lat' dir='ltr'><strong>non</strong></span> <span class='ocrx_word' id='word_1_277' title='bbox 3103 913 3220 953; x_wconf 83' lang='lat' dir='ltr'><strong>esse</strong></span> <span class='ocrx_word' id='word_1_278' title='bbox 3276 898 3501 962; x_wconf 83' lang='lat' dir='ltr'><strong>idem,c</strong></span> 
     </span>
    </p>
   </div>
   <div class='ocr_carea' id='block_1_38' title="bbox 1933 983 3498 1051">
    <p class='ocr_par' dir='ltr' id='par_1_38' title="bbox 1933 983 3498 1051">
     <span class='ocr_line' id='line_1_38' title="bbox 1933 983 3498 1051; baseline 0.006 -17"><span class='ocrx_word' id='word_1_279' title='bbox 1933 985 2155 1049; x_wconf 86' lang='lat' dir='ltr'><strong>optime,</strong></span> <span class='ocrx_word' id='word_1_280' title='bbox 2186 983 2496 1051; x_wconf 82' lang='lat' dir='ltr'><strong>Opinionem</strong></span> <span class='ocrx_word' id='word_1_281' title='bbox 2527 994 2580 1037; x_wconf 90' lang='lat' dir='ltr'><strong>et</strong></span> <span class='ocrx_word' id='word_1_282' title='bbox 2617 983 2910 1050; x_wconf 80' lang='lat' dir='ltr'><strong>fortunam,</strong></span> <span class='ocrx_word' id='word_1_283' title='bbox 2950 1004 3053 1040; x_wconf 92' lang='lat' dir='ltr'><strong>non</strong></span> <span class='ocrx_word' id='word_1_284' title='bbox 3085 1005 3167 1042; x_wconf 90' lang='lat' dir='ltr'><strong>me</strong></span> <span class='ocrx_word' id='word_1_285' title='bbox 3202 990 3451 1044; x_wconf 88' lang='lat' dir='ltr'><strong>subiisset</strong></span> <span class='ocrx_word' id='word_1_286' title='bbox 3483 1006 3498 1043; x_wconf 90' lang='lat'><strong>:</strong></span> 
     </span>
    </p>
   </div>
   <div class='ocr_carea' id='block_1_39' title="bbox 1934 1074 3500 1149">
    <p class='ocr_par' dir='ltr' id='par_1_39' title="bbox 1934 1074 3500 1149">
     <span class='ocr_line' id='line_1_39' title="bbox 1934 1074 3500 1149; baseline 0.003 -20"><span class='ocrx_word' id='word_1_287' title='bbox 1934 1074 2027 1129; x_wconf 86' lang='lat' dir='ltr'><strong>scd</strong></span> <span class='ocrx_word' id='word_1_288' title='bbox 2056 1075 2176 1138; x_wconf 90' lang='lat' dir='ltr'><strong>ista,</strong></span> <span class='ocrx_word' id='word_1_289' title='bbox 2210 1085 2268 1128; x_wconf 97' lang='grc' dir='ltr'><strong>ιιι</strong></span> <span class='ocrx_word' id='word_1_290' title='bbox 2303 1075 2403 1129; x_wconf 84' lang='lat' dir='ltr'><strong>sibi</strong></span> <span class='ocrx_word' id='word_1_291' title='bbox 2438 1077 2509 1129; x_wconf 91' lang='lat' dir='ltr'><strong>sit</strong></span> <span class='ocrx_word' id='word_1_292' title='bbox 2550 1076 2761 1140; x_wconf 87' lang='lat' dir='ltr'><strong>similis,</strong></span> <span class='ocrx_word' id='word_1_293' title='bbox 2797 1077 2985 1141; x_wconf 89' lang='lat' dir='ltr'><strong>fertur,</strong></span> <span class='ocrx_word' id='word_1_294' title='bbox 3018 1088 3073 1130; x_wconf 78' lang='lat' dir='ltr'><strong>et</strong></span> <span class='ocrx_word' id='word_1_295' title='bbox 3095 1080 3233 1131; x_wconf 85' lang='lat' dir='ltr'><strong>cadit</strong></span> <span class='ocrx_word' id='word_1_296' title='bbox 3277 1096 3416 1149; x_wconf 71' lang='lat' dir='ltr'><strong>saepe</strong></span> <span class='ocrx_word' id='word_1_297' title='bbox 3448 1093 3500 1134; x_wconf 88' lang='lat' dir='ltr'><strong>et</strong></span> 
     </span>
    </p>
   </div>
   <div class='ocr_carea' id='block_1_40' title="bbox 1938 1168 3502 1224">
    <p class='ocr_par' dir='ltr' id='par_1_40' title="bbox 1938 1168 3502 1224">
     <span class='ocr_line' id='line_1_40' title="bbox 1938 1168 3502 1224; baseline 0.003 -6"><span class='ocrx_word' id='word_1_298' title='bbox 1938 1177 2118 1220; x_wconf 85' lang='lat' dir='ltr'><strong>nostra</strong></span> <span class='ocrx_word' id='word_1_299' title='bbox 2156 1168 2344 1221; x_wconf 81' lang='lat' dir='ltr'><strong>irridet</strong></span> <span class='ocrx_word' id='word_1_300' title='bbox 2371 1186 2385 1221; x_wconf 89' lang='lat'><strong>:</strong></span> <span class='ocrx_word' id='word_1_301' title='bbox 2416 1168 2558 1222; x_wconf 91' lang='lat' dir='ltr'><strong>illius</strong></span> <span class='ocrx_word' id='word_1_302' title='bbox 2582 1179 2757 1222; x_wconf 86' lang='lat' dir='ltr'><strong>autem</strong></span> <span class='ocrx_word' id='word_1_303' title='bbox 2798 1170 3081 1222; x_wconf 90' lang='lat' dir='ltr'><strong>Dominum</strong></span> <span class='ocrx_word' id='word_1_304' title='bbox 3105 1185 3225 1224; x_wconf 84' lang='lat' dir='ltr'><strong>esse</strong></span> <span class='ocrx_word' id='word_1_305' title='bbox 3251 1171 3502 1224; x_wconf 81' lang='lat' dir='ltr'><strong>convenit</strong></span> 
     </span>
    </p>
   </div>
   <div class='ocr_carea' id='block_1_41' title="bbox 1933 1259 3500 1329">
    <p class='ocr_par' dir='ltr' id='par_1_41' title="bbox 1933 1259 3500 1329">
     <span class='ocr_line' id='line_1_41' title="bbox 1933 1259 3500 1329; baseline 0.003 -20"><span class='ocrx_word' id='word_1_306' title='bbox 1933 1259 2229 1324; x_wconf 83' lang='lat' dir='ltr'><strong>sapientem</strong></span> <span class='ocrx_word' id='word_1_307' title='bbox 2267 1274 2362 1313; x_wconf 91' lang='lat' dir='ltr'><strong>nec</strong></span> <span class='ocrx_word' id='word_1_308' title='bbox 2392 1275 2514 1312; x_wconf 89' lang='lat' dir='ltr'><strong>cum</strong></span> <span class='ocrx_word' id='word_1_309' title='bbox 2556 1260 2826 1313; x_wconf 77' lang='lat' dir='ltr'><strong>exaltatur</strong></span> <span class='ocrx_word' id='word_1_310' title='bbox 2872 1275 3220 1329; x_wconf 82' lang='lat' dir='ltr'><strong>consurgere,</strong></span> <span class='ocrx_word' id='word_1_311' title='bbox 3252 1275 3347 1314; x_wconf 86' lang='lat' dir='ltr'><strong>nec</strong></span> <span class='ocrx_word' id='word_1_312' title='bbox 3378 1276 3500 1314; x_wconf 91' lang='lat' dir='ltr'><strong>cum</strong></span> 
     </span>
    </p>
   </div>
   <div class='ocr_carea' id='block_1_42' title="bbox 1933 1347 2377 1405">
    <p class='ocr_par' dir='ltr' id='par_1_42' title="bbox 1933 1347 2377 1405">
     <span class='ocr_line' id='line_1_42' title="bbox 1933 1347 2377 1405; baseline 0.009 -4"><span class='ocrx_word' id='word_1_313' title='bbox 1933 1347 2079 1402; x_wconf 83' lang='lat' dir='ltr'><strong>cadit</strong></span> <span class='ocrx_word' id='word_1_314' title='bbox 2107 1363 2377 1405; x_wconf 87' lang='lat' dir='ltr'><strong>corruere.</strong></span> 
     </span>
    </p>
   </div>
   <div class='ocr_carea' id='block_1_43' title="bbox 2392 1438 3045 1495">
    <p class='ocr_par' dir='ltr' id='par_1_43' title="bbox 2392 1438 3045 1495">
     <span class='ocr_line' id='line_1_43' title="bbox 2392 1438 3045 1495; baseline 0.005 -3"><span class='ocrx_word' id='word_1_315' title='bbox 2392 1439 2635 1494; x_wconf 78' lang='lat' dir='ltr'><strong>XXXIII.</strong></span> <span class='ocrx_word' id='word_1_316' title='bbox 2658 1438 3045 1495; x_wconf 69' lang='lat' dir='ltr'><strong>ZACIIARIA‘I.</strong></span> 
     </span>
    </p>
   </div>
   <div class='ocr_carea' id='block_1_44' title="bbox 2008 1532 3497 1603">
    <p class='ocr_par' dir='ltr' id='par_1_44' title="bbox 2008 1532 3497 1603">
     <span class='ocr_line' id='line_1_44' title="bbox 2008 1532 3497 1603; baseline 0 -16"><span class='ocrx_word' id='word_1_317' title='bbox 2008 1534 2205 1603; x_wconf 78' lang='lat' dir='ltr'><strong>Accepi</strong></span> <span class='ocrx_word' id='word_1_318' title='bbox 2246 1533 2477 1587; x_wconf 87' lang='lat' dir='ltr'><strong>amicum</strong></span> <span class='ocrx_word' id='word_1_319' title='bbox 2533 1545 2587 1587; x_wconf 93' lang='lat' dir='ltr'><strong>ct</strong></span> <span class='ocrx_word' id='word_1_320' title='bbox 2642 1532 2864 1587; x_wconf 79' lang='lat' dir='ltr'><strong>fratrem</strong></span> <span class='ocrx_word' id='word_1_321' title='bbox 2913 1535 3034 1597; x_wconf 81' lang='lat' dir='ltr'><strong>quis</strong></span> <span class='ocrx_word' id='word_1_322' title='bbox 3077 1534 3368 1587; x_wconf 84' lang='lat' dir='ltr'><strong>evasissent</strong></span> <span class='ocrx_word' id='word_1_323' title='bbox 3408 1548 3497 1587; x_wconf 83' lang='lat' dir='ltr'><strong>ex-</strong></span> 
     </span>
    </p>
   </div>
   <div class='ocr_carea' id='block_1_45' title="bbox 1937 1624 3505 1692">
    <p class='ocr_par' dir='ltr' id='par_1_45' title="bbox 1937 1624 3505 1692">
     <span class='ocr_line' id='line_1_45' title="bbox 1937 1624 3505 1692; baseline 0.002 -19"><span class='ocrx_word' id='word_1_324' title='bbox 1937 1625 2281 1692; x_wconf 87' lang='lat' dir='ltr'><strong>probrautcm</strong></span> <span class='ocrx_word' id='word_1_325' title='bbox 2324 1634 2379 1678; x_wconf 88' lang='lat' dir='ltr'><strong>et</strong></span> <span class='ocrx_word' id='word_1_326' title='bbox 2410 1624 2737 1692; x_wconf 80' lang='lat' dir='ltr'><strong>cogitantem</strong></span> <span class='ocrx_word' id='word_1_327' title='bbox 2777 1624 2906 1677; x_wconf 92' lang='lat' dir='ltr'><strong>nihil</strong></span> <span class='ocrx_word' id='word_1_328' title='bbox 2949 1625 3149 1678; x_wconf 88' lang='lat' dir='ltr'><strong>habere</strong></span> <span class='ocrx_word' id='word_1_329' title='bbox 3199 1624 3325 1692; x_wconf 89' lang='lat' dir='ltr'><strong>quid</strong></span> <span class='ocrx_word' id='word_1_330' title='bbox 3354 1625 3505 1676; x_wconf 86' lang='lat' dir='ltr'><strong>dica—</strong></span> 
     </span>
    </p>
   </div>
   <div class='ocr_carea' id='block_1_46' title="bbox 1942 1710 3500 1780">
    <p class='ocr_par' dir='ltr' id='par_1_46' title="bbox 1942 1710 3500 1780">
     <span class='ocr_line' id='line_1_46' title="bbox 1942 1710 3500 1780; baseline 0 -13"><span class='ocrx_word' id='word_1_331' title='bbox 1942 1731 2059 1769; x_wconf 88' lang='lat' dir='ltr'><strong>mus</strong></span> <span class='ocrx_word' id='word_1_332' title='bbox 2092 1735 2106 1770; x_wconf 90' lang='lat'><strong>:</strong></span> <span class='ocrx_word' id='word_1_333' title='bbox 2139 1715 2273 1780; x_wconf 85' lang='lat' dir='ltr'><strong>Quid</strong></span> <span class='ocrx_word' id='word_1_334' title='bbox 2327 1729 2458 1767; x_wconf 84' lang='lat' dir='ltr'><strong>vero</strong></span> <span class='ocrx_word' id='word_1_335' title='bbox 2499 1716 2669 1770; x_wconf 85' lang='lat' dir='ltr'><strong>dicis?</strong></span> <span class='ocrx_word' id='word_1_336' title='bbox 2715 1716 2980 1769; x_wconf 68' lang='lat' dir='ltr'><strong>lihelores</strong></span> <span class='ocrx_word' id='word_1_337' title='bbox 3012 1731 3109 1769; x_wconf 90' lang='lat' dir='ltr'><strong>nos</strong></span> <span class='ocrx_word' id='word_1_338' title='bbox 3144 1732 3328 1771; x_wconf 81' lang='lat' dir='ltr'><strong>smnus</strong></span> <span class='ocrx_word' id='word_1_339' title='bbox 3360 1727 3410 1767; x_wconf 89' lang='lat' dir='ltr'><strong>et</strong></span> <span class='ocrx_word' id='word_1_340' title='bbox 3439 1710 3500 1761; x_wconf 79' lang='lat' dir='ltr'><strong>ﬁ-</strong></span> 
     </span>
    </p>
   </div>
   <div class='ocr_carea' id='block_1_47' title="bbox 1938 1806 3502 1875">
    <p class='ocr_par' dir='ltr' id='par_1_47' title="bbox 1938 1806 3502 1875">
     <span class='ocr_line' id='line_1_47' title="bbox 1938 1806 3502 1875; baseline 0 -16"><span class='ocrx_word' id='word_1_341' title='bbox 1938 1806 2128 1860; x_wconf 85' lang='lat' dir='ltr'><strong>liarum</strong></span> <span class='ocrx_word' id='word_1_342' title='bbox 2178 1818 2360 1875; x_wconf 80' lang='lat' dir='ltr'><strong>patres</strong></span> <span class='ocrx_word' id='word_1_343' title='bbox 2398 1807 2686 1861; x_wconf 86' lang='lat' dir='ltr'><strong>multarum</strong></span> <span class='ocrx_word' id='word_1_344' title='bbox 2721 1824 2735 1860; x_wconf 92' lang='lat'><strong>:</strong></span> <span class='ocrx_word' id='word_1_345' title='bbox 2790 1807 2997 1860; x_wconf 86' lang='lat' dir='ltr'><strong>litteras</strong></span> <span class='ocrx_word' id='word_1_346' title='bbox 3046 1810 3189 1861; x_wconf 86' lang='lat' dir='ltr'><strong>enim</strong></span> <span class='ocrx_word' id='word_1_347' title='bbox 3225 1808 3295 1860; x_wconf 84' lang='lat' dir='ltr'><strong>ita</strong></span> <span class='ocrx_word' id='word_1_348' title='bbox 3327 1808 3502 1861; x_wconf 85' lang='lat' dir='ltr'><strong>nomi-</strong></span> 
     </span>
    </p>
   </div>
   <div class='ocr_carea' id='block_1_48' title="bbox 1939 1897 3505 1960">
    <p class='ocr_par' dir='ltr' id='par_1_48' title="bbox 1939 1897 3505 1960">
     <span class='ocr_line' id='line_1_48' title="bbox 1939 1897 3505 1960; baseline 0.002 -11"><span class='ocrx_word' id='word_1_349' title='bbox 1939 1914 2069 1951; x_wconf 92' lang='lat' dir='ltr'><strong>nare</strong></span> <span class='ocrx_word' id='word_1_350' title='bbox 2120 1899 2448 1952; x_wconf 76' lang='lat' dir='ltr'><strong>videbatur:</strong></span> <span class='ocrx_word' id='word_1_351' title='bbox 2494 1899 2586 1951; x_wconf 90' lang='lat' dir='ltr'><strong>sed</strong></span> <span class='ocrx_word' id='word_1_352' title='bbox 2648 1898 2690 1951; x_wconf 92' lang='lat' dir='ltr'><strong>si</strong></span> <span class='ocrx_word' id='word_1_353' title='bbox 2739 1898 2851 1952; x_wconf 72' lang='lat' dir='ltr'><strong>haec</strong></span> <span class='ocrx_word' id='word_1_354' title='bbox 2911 1898 3118 1953; x_wconf 78' lang='lat' dir='ltr'><strong>dixeris</strong></span> <span class='ocrx_word' id='word_1_355' title='bbox 3167 1897 3319 1960; x_wconf 91' lang='lat' dir='ltr'><strong>olim,</strong></span> <span class='ocrx_word' id='word_1_356' title='bbox 3359 1912 3505 1952; x_wconf 87' lang='lat' dir='ltr'><strong>nunc</strong></span> 
     </span>
    </p>
   </div>
   <div class='ocr_carea' id='block_1_49' title="bbox 1935 1989 3505 2057">
    <p class='ocr_par' dir='ltr' id='par_1_49' title="bbox 1935 1989 3505 2057">
     <span class='ocr_line' id='line_1_49' title="bbox 1935 1989 3505 2057; baseline 0.001 -18"><span class='ocrx_word' id='word_1_357' title='bbox 1935 1997 2082 2040; x_wconf 82' lang='lat' dir='ltr'><strong>certe</strong></span> <span class='ocrx_word' id='word_1_358' title='bbox 2114 2003 2219 2040; x_wconf 88' lang='lat' dir='ltr'><strong>non</strong></span> <span class='ocrx_word' id='word_1_359' title='bbox 2249 1989 2517 2056; x_wconf 80' lang='lat' dir='ltr'><strong>amplius;</strong></span> <span class='ocrx_word' id='word_1_360' title='bbox 2545 1989 2638 2043; x_wconf 84' lang='lat' dir='ltr'><strong>sed</strong></span> <span class='ocrx_word' id='word_1_361' title='bbox 2670 1989 2801 2042; x_wconf 88' lang='lat' dir='ltr'><strong>estis</strong></span> <span class='ocrx_word' id='word_1_362' title='bbox 2831 1989 3049 2057; x_wconf 86' lang='lat' dir='ltr'><strong>quidam</strong></span> <span class='ocrx_word' id='word_1_363' title='bbox 3082 2005 3145 2041; x_wconf 80' lang='lat' dir='ltr'><strong>ex</strong></span> <span class='ocrx_word' id='word_1_364' title='bbox 3194 1989 3346 2043; x_wconf 82' lang='lat' dir='ltr'><strong>vobis</strong></span> <span class='ocrx_word' id='word_1_365' title='bbox 3372 2004 3505 2041; x_wconf 82' lang='lat' dir='ltr'><strong>con-</strong></span> 
     </span>
    </p>
   </div>
   <div class='ocr_carea' id='block_1_50' title="bbox 1935 2079 3503 2149">
    <p class='ocr_par' dir='ltr' id='par_1_50' title="bbox 1935 2079 3503 2149">
     <span class='ocr_line' id='line_1_50' title="bbox 1935 2079 3503 2149; baseline 0.002 -20"><span class='ocrx_word' id='word_1_366' title='bbox 1935 2079 2246 2142; x_wconf 85' lang='lat' dir='ltr'><strong>viciatores,</strong></span> <span class='ocrx_word' id='word_1_367' title='bbox 2298 2089 2352 2133; x_wconf 88' lang='lat' dir='ltr'><strong>et</strong></span> <span class='ocrx_word' id='word_1_368' title='bbox 2394 2095 2595 2132; x_wconf 86' lang='lat' dir='ltr'><strong>morem</strong></span> <span class='ocrx_word' id='word_1_369' title='bbox 2641 2092 2878 2135; x_wconf 84' lang='lat' dir='ltr'><strong>veterem</strong></span> <span class='ocrx_word' id='word_1_370' title='bbox 2948 2081 3150 2133; x_wconf 80' lang='lat' dir='ltr'><strong>amoris</strong></span> <span class='ocrx_word' id='word_1_371' title='bbox 3197 2079 3503 2149; x_wconf 70' lang='lat' dir='ltr'><strong>negligitis:</strong></span> 
     </span>
    </p>
   </div>
   <div class='ocr_carea' id='block_1_51' title="bbox 1935 2170 3508 2240">
    <p class='ocr_par' dir='ltr' id='par_1_51' title="bbox 1935 2170 3508 2240">
     <span class='ocr_line' id='line_1_51' title="bbox 1935 2170 3508 2240; baseline -0.002 -15"><span class='ocrx_word' id='word_1_372' title='bbox 1935 2172 2027 2225; x_wconf 89' lang='lat' dir='ltr'><strong>sed</strong></span> <span class='ocrx_word' id='word_1_373' title='bbox 2063 2170 2105 2223; x_wconf 89' lang='lat' dir='ltr'><strong>si</strong></span> <span class='ocrx_word' id='word_1_374' title='bbox 2156 2172 2277 2236; x_wconf 88' lang='lat' dir='ltr'><strong>quis</strong></span> <span class='ocrx_word' id='word_1_375' title='bbox 2331 2181 2478 2226; x_wconf 87' lang='lat' dir='ltr'><strong>esset</strong></span> <span class='ocrx_word' id='word_1_376' title='bbox 2545 2172 2811 2240; x_wconf 84' lang='lat' dir='ltr'><strong>poeticus,</strong></span> <span class='ocrx_word' id='word_1_377' title='bbox 2905 2172 3203 2240; x_wconf 76' lang='lat' dir='ltr'><strong>Apollinem</strong></span> <span class='ocrx_word' id='word_1_378' title='bbox 3259 2181 3407 2225; x_wconf 89' lang='lat' dir='ltr'><strong>certe</strong></span> <span class='ocrx_word' id='word_1_379' title='bbox 3451 2183 3508 2225; x_wconf 87' lang='lat' dir='ltr'><strong>et</strong></span> 
     </span>
    </p>
   </div>
   <div class='ocr_carea' id='block_1_52' title="bbox 1938 2262 3507 2326">
    <p class='ocr_par' dir='ltr' id='par_1_52' title="bbox 1938 2262 3507 2326">
     <span class='ocr_line' id='line_1_52' title="bbox 1938 2262 3507 2326; baseline 0.001 -13"><span class='ocrx_word' id='word_1_380' title='bbox 1938 2276 2117 2314; x_wconf 89' lang='lat' dir='ltr'><strong>musas</strong></span> <span class='ocrx_word' id='word_1_381' title='bbox 2146 2262 2448 2315; x_wconf 86' lang='lat' dir='ltr'><strong>invocarem</strong></span> <span class='ocrx_word' id='word_1_382' title='bbox 2482 2280 2495 2315; x_wconf 91' lang='lat'><strong>:</strong></span> <span class='ocrx_word' id='word_1_383' title='bbox 2542 2265 2664 2316; x_wconf 75' lang='lat' dir='ltr'><strong>date</strong></span> <span class='ocrx_word' id='word_1_384' title='bbox 2694 2263 2849 2326; x_wconf 90' lang='lat' dir='ltr'><strong>mihi,</strong></span> <span class='ocrx_word' id='word_1_385' title='bbox 2887 2264 3074 2317; x_wconf 89' lang='lat' dir='ltr'><strong>dicens</strong></span> <span class='ocrx_word' id='word_1_386' title='bbox 3104 2278 3199 2317; x_wconf 75' lang='lat' dir='ltr'><strong>vos</strong></span> <span class='ocrx_word' id='word_1_387' title='bbox 3225 2278 3423 2317; x_wconf 82' lang='lat' dir='ltr'><strong>vocare</strong></span> <span class='ocrx_word' id='word_1_388' title='bbox 3448 2272 3507 2316; x_wconf 86' lang='lat' dir='ltr'><strong>et</strong></span> 
     </span>
    </p>
   </div>
   <div class='ocr_carea' id='block_1_53' title="bbox 1933 2340 3506 2410">
    <p class='ocr_par' dir='ltr' id='par_1_53' title="bbox 1933 2340 3506 2410">
     <span class='ocr_line' id='line_1_53' title="bbox 1933 2340 3506 2410; baseline 0.001 -7"><span class='ocrx_word' id='word_1_389' title='bbox 1933 2349 2154 2410; x_wconf 84' lang='lat' dir='ltr'><strong>liberos.</strong></span> <span class='ocrx_word' id='word_1_390' title='bbox 2191 2362 2244 2404; x_wconf 86' lang='lat' dir='ltr'><strong>et</strong></span> <span class='ocrx_word' id='word_1_391' title='bbox 2280 2367 2384 2403; x_wconf 84' lang='lat' dir='ltr'><strong>non</strong></span> <span class='ocrx_word' id='word_1_392' title='bbox 2418 2340 2688 2403; x_wconf 82' lang='lat' dir='ltr'><strong>immerito</strong></span> <span class='ocrx_word' id='word_1_393' title='bbox 2722 2351 2888 2404; x_wconf 77' lang='lat' dir='ltr'><strong>videri</strong></span> <span class='ocrx_word' id='word_1_394' title='bbox 2929 2351 3184 2405; x_wconf 89' lang='lat' dir='ltr'><strong>delicias:</strong></span> <span class='ocrx_word' id='word_1_395' title='bbox 3236 2368 3378 2404; x_wconf 89' lang='lat' dir='ltr'><strong>nunc</strong></span> <span class='ocrx_word' id='word_1_396' title='bbox 3407 2366 3506 2404; x_wconf 84' lang='lat' dir='ltr'><strong>au-</strong></span> 
     </span>
    </p>
   </div>
   <div class='ocr_carea' id='block_1_54' title="bbox 1938 2438 3508 2510">
    <p class='ocr_par' dir='ltr' id='par_1_54' title="bbox 1938 2438 3508 2510">
     <span class='ocr_line' id='line_1_54' title="bbox 1938 2438 3508 2510; baseline 0.001 -20"><span class='ocrx_word' id='word_1_397' title='bbox 1938 2449 2043 2493; x_wconf 87' lang='lat' dir='ltr'><strong>tem</strong></span> <span class='ocrx_word' id='word_1_398' title='bbox 2082 2439 2283 2509; x_wconf 85' lang='lat' dir='ltr'><strong>aliquid</strong></span> <span class='ocrx_word' id='word_1_399' title='bbox 2310 2438 2555 2510; x_wconf 72' lang='lat' dir='ltr'><strong>cllingatn</strong></span> <span class='ocrx_word' id='word_1_400' title='bbox 2587 2441 2879 2508; x_wconf 89' lang='lat' dir='ltr'><strong>poeticum,</strong></span> <span class='ocrx_word' id='word_1_401' title='bbox 2910 2451 2963 2492; x_wconf 88' lang='lat' dir='ltr'><strong>et</strong></span> <span class='ocrx_word' id='word_1_402' title='bbox 2989 2456 3263 2508; x_wconf 81' lang='lat' dir='ltr'><strong>maguum,</strong></span> <span class='ocrx_word' id='word_1_403' title='bbox 3302 2449 3356 2494; x_wconf 89' lang='lat' dir='ltr'><strong>et</strong></span> <span class='ocrx_word' id='word_1_404' title='bbox 3392 2456 3508 2493; x_wconf 80' lang='lat' dir='ltr'><strong>ma-</strong></span> 
     </span>
    </p>
   </div>
   <div class='ocr_carea' id='block_1_55' title="bbox 1936 2532 3507 2609">
    <p class='ocr_par' dir='ltr' id='par_1_55' title="bbox 1936 2532 3507 2609">
     <span class='ocr_line' id='line_1_55' title="bbox 1936 2532 3507 2609; baseline 0.001 -24"><span class='ocrx_word' id='word_1_405' title='bbox 1936 2549 2097 2599; x_wconf 81' lang='lat' dir='ltr'><strong>gnum</strong></span> <span class='ocrx_word' id='word_1_406' title='bbox 2128 2533 2495 2609; x_wconf 83' lang='lat' dir='ltr'><strong>juramentnm</strong></span> <span class='ocrx_word' id='word_1_407' title='bbox 2551 2532 2695 2595; x_wconf 85' lang='lat' dir='ltr'><strong>dico,</strong></span> <span class='ocrx_word' id='word_1_408' title='bbox 2754 2532 2937 2601; x_wconf 91' lang='lat' dir='ltr'><strong>diique</strong></span> <span class='ocrx_word' id='word_1_409' title='bbox 2986 2539 3151 2585; x_wconf 85' lang='lat' dir='ltr'><strong>testes</strong></span> <span class='ocrx_word' id='word_1_410' title='bbox 3204 2532 3332 2595; x_wconf 88' lang='lat' dir='ltr'><strong>sint,</strong></span> <span class='ocrx_word' id='word_1_411' title='bbox 3364 2533 3507 2602; x_wconf 81' lang='lat' dir='ltr'><strong>quod</strong></span> 
     </span>
    </p>
   </div>
   <div class='ocr_carea' id='block_1_56' title="bbox 1940 2621 3507 2692">
    <p class='ocr_par' dir='ltr' id='par_1_56' title="bbox 1940 2621 3507 2692">
     <span class='ocr_line' id='line_1_56' title="bbox 1940 2621 3507 2692; baseline 0.001 -17"><span class='ocrx_word' id='word_1_412' title='bbox 1940 2641 2044 2677; x_wconf 89' lang='lat' dir='ltr'><strong>non</strong></span> <span class='ocrx_word' id='word_1_413' title='bbox 2080 2624 2151 2677; x_wconf 85' lang='lat' dir='ltr'><strong>ita</strong></span> <span class='ocrx_word' id='word_1_414' title='bbox 2177 2626 2248 2677; x_wconf 85' lang='lat' dir='ltr'><strong>sit</strong></span> <span class='ocrx_word' id='word_1_415' title='bbox 2274 2628 2413 2692; x_wconf 87' lang='lat' dir='ltr'><strong>apml</strong></span> <span class='ocrx_word' id='word_1_416' title='bbox 2456 2640 2553 2678; x_wconf 92' lang='lat' dir='ltr'><strong>nos</strong></span> <span class='ocrx_word' id='word_1_417' title='bbox 2582 2635 2639 2677; x_wconf 92' lang='lat' dir='ltr'><strong>ut</strong></span> <span class='ocrx_word' id='word_1_418' title='bbox 2667 2623 2863 2678; x_wconf 87' lang='lat' dir='ltr'><strong>alicubi</strong></span> <span class='ocrx_word' id='word_1_419' title='bbox 2914 2621 3210 2677; x_wconf 82' lang='lat' dir='ltr'><strong>aﬂirmatur</strong></span> <span class='ocrx_word' id='word_1_420' title='bbox 3240 2642 3255 2678; x_wconf 91' lang='lat'><strong>:</strong></span> <span class='ocrx_word' id='word_1_421' title='bbox 3289 2625 3341 2677; x_wconf 92' lang='lat' dir='ltr'><strong>in</strong></span> <span class='ocrx_word' id='word_1_422' title='bbox 3374 2626 3507 2677; x_wconf 83' lang='lat' dir='ltr'><strong>ami-</strong></span> 
     </span>
    </p>
   </div>
   <div class='ocr_carea' id='block_1_57' title="bbox 1937 2715 3505 2771">
    <p class='ocr_par' dir='ltr' id='par_1_57' title="bbox 1937 2715 3505 2771">
     <span class='ocr_line' id='line_1_57' title="bbox 1937 2715 3505 2771; baseline 0.003 -5"><span class='ocrx_word' id='word_1_423' title='bbox 1937 2716 2063 2768; x_wconf 85' lang='lat' dir='ltr'><strong>citia</strong></span> <span class='ocrx_word' id='word_1_424' title='bbox 2101 2726 2283 2768; x_wconf 86' lang='lat' dir='ltr'><strong>nostra</strong></span> <span class='ocrx_word' id='word_1_425' title='bbox 2308 2729 2622 2769; x_wconf 87' lang='lat' dir='ltr'><strong>reveremur</strong></span> <span class='ocrx_word' id='word_1_426' title='bbox 2653 2725 2702 2769; x_wconf 90' lang='lat' dir='ltr'><strong>et</strong></span> <span class='ocrx_word' id='word_1_427' title='bbox 2730 2715 3074 2770; x_wconf 89' lang='lat' dir='ltr'><strong>meminimus</strong></span> <span class='ocrx_word' id='word_1_428' title='bbox 3108 2716 3505 2771; x_wconf 83' lang='lat' dir='ltr'><strong>amicissimos:</strong></span> 
     </span>
    </p>
   </div>
   <div class='ocr_carea' id='block_1_58' title="bbox 1939 2805 3507 2876">
    <p class='ocr_par' dir='ltr' id='par_1_58' title="bbox 1939 2805 3507 2876">
     <span class='ocr_line' id='line_1_58' title="bbox 1939 2805 3507 2876; baseline 0.004 -22"><span class='ocrx_word' id='word_1_429' title='bbox 1939 2807 2066 2874; x_wconf 89' lang='lat' dir='ltr'><strong>qnid</strong></span> <span class='ocrx_word' id='word_1_430' title='bbox 2105 2805 2290 2875; x_wconf 79' lang='lat' dir='ltr'><strong>igitur,</strong></span> <span class='ocrx_word' id='word_1_431' title='bbox 2328 2806 2485 2871; x_wconf 74' lang='lat' dir='ltr'><strong>dicis,</strong></span> <span class='ocrx_word' id='word_1_432' title='bbox 2533 2808 2635 2861; x_wconf 90' lang='lat' dir='ltr'><strong>hoc</strong></span> <span class='ocrx_word' id='word_1_433' title='bbox 2674 2806 2997 2860; x_wconf 84' lang='lat' dir='ltr'><strong>silentium?</strong></span> <span class='ocrx_word' id='word_1_434' title='bbox 3029 2807 3190 2863; x_wconf 86' lang='lat' dir='ltr'><strong>timeo</strong></span> <span class='ocrx_word' id='word_1_435' title='bbox 3220 2823 3289 2861; x_wconf 90' lang='lat' dir='ltr'><strong>ne</strong></span> <span class='ocrx_word' id='word_1_436' title='bbox 3321 2806 3507 2876; x_wconf 85' lang='lat' dir='ltr'><strong>iniqua</strong></span> 
     </span>
    </p>
   </div>
   <div class='ocr_carea' id='block_1_59' title="bbox 1942 2897 3511 2963">
    <p class='ocr_par' dir='ltr' id='par_1_59' title="bbox 1942 2897 3511 2963">
     <span class='ocr_line' id='line_1_59' title="bbox 1942 2897 3511 2963; baseline 0.003 -15"><span class='ocrx_word' id='word_1_437' title='bbox 1942 2897 2155 2949; x_wconf 80' lang='lat' dir='ltr'><strong>fortuna</strong></span> <span class='ocrx_word' id='word_1_438' title='bbox 2207 2897 2260 2949; x_wconf 89' lang='lat' dir='ltr'><strong>in</strong></span> <span class='ocrx_word' id='word_1_439' title='bbox 2298 2912 2446 2952; x_wconf 79' lang='lat' dir='ltr'><strong>tneos</strong></span> <span class='ocrx_word' id='word_1_440' title='bbox 2477 2897 2690 2963; x_wconf 78' lang='lat' dir='ltr'><strong>genitos</strong></span> <span class='ocrx_word' id='word_1_441' title='bbox 2738 2897 3064 2951; x_wconf 79' lang='lat' dir='ltr'><strong>invehatur:</strong></span> <span class='ocrx_word' id='word_1_442' title='bbox 3100 2908 3150 2951; x_wconf 85' lang='lat' dir='ltr'><strong>et</strong></span> <span class='ocrx_word' id='word_1_443' title='bbox 3180 2898 3245 2950; x_wconf 88' lang='lat' dir='ltr'><strong>ad</strong></span> <span class='ocrx_word' id='word_1_444' title='bbox 3277 2908 3327 2952; x_wconf 89' lang='lat' dir='ltr'><strong>te</strong></span> <span class='ocrx_word' id='word_1_445' title='bbox 3361 2912 3511 2952; x_wconf 86' lang='lat' dir='ltr'><strong>meas</strong></span> 
     </span>
    </p>
   </div>
   <div class='ocr_carea' id='block_1_60' title="bbox 267 2987 1835 3061">
    <p class='ocr_par' dir='ltr' id='par_1_60' title="bbox 267 2987 1833 3061">
     <span class='ocr_line' id='line_1_60' title="bbox 267 2987 1833 3061; baseline 0.004 -23"><span class='ocrx_word' id='word_1_446' title='bbox 267 3004 371 3039; x_wconf 83' lang='grc' dir='ltr'><strong>νων</strong></span> <span class='ocrx_word' id='word_1_447' title='bbox 429 2987 636 3051; x_wconf 85' lang='grc' dir='ltr'>ταύτας</span> <span class='ocrx_word' id='word_1_448' title='bbox 698 2991 1003 3059; x_wconf 79' lang='grc' dir='ltr'>ἠνέγκαντο</span> <span class='ocrx_word' id='word_1_449' title='bbox 1053 2993 1256 3061; x_wconf 85' lang='grc' dir='ltr'>χεῖρες,</span> <span class='ocrx_word' id='word_1_450' title='bbox 1306 2990 1645 3059; x_wconf 84' lang='grc' dir='ltr'>ἀγνοούντων</span> <span class='ocrx_word' id='word_1_451' title='bbox 1689 2992 1833 3056; x_wconf 82' lang='grc' dir='ltr'>τίνες</span> 
     </span>
    </p>
   </div>
   <div class='ocr_carea' id='block_1_61' title="bbox 1944 2987 3516 3061">
    <p class='ocr_par' dir='ltr' id='par_1_61' title="bbox 1944 2987 3516 3061">
     <span class='ocr_line' id='line_1_61' title="bbox 1944 2987 3516 3061; baseline 0.003 -20"><span class='ocrx_word' id='word_1_452' title='bbox 1944 2990 2096 3041; x_wconf 90' lang='lat' dir='ltr'><strong>mitto</strong></span> <span class='ocrx_word' id='word_1_453' title='bbox 2130 2989 2268 3041; x_wconf 81' lang='lat' dir='ltr'><strong>ﬁlias</strong></span> <span class='ocrx_word' id='word_1_454' title='bbox 2305 2996 2364 3042; x_wconf 92' lang='lat' dir='ltr'><strong>ut</strong></span> <span class='ocrx_word' id='word_1_455' title='bbox 2405 2989 2498 3043; x_wconf 90' lang='lat' dir='ltr'><strong>tibi</strong></span> <span class='ocrx_word' id='word_1_456' title='bbox 2550 2988 2713 3042; x_wconf 86' lang='lat' dir='ltr'><strong>aliam</strong></span> <span class='ocrx_word' id='word_1_457' title='bbox 2768 2990 2929 3042; x_wconf 89' lang='lat' dir='ltr'><strong>modo</strong></span> <span class='ocrx_word' id='word_1_458' title='bbox 2980 2990 3206 3044; x_wconf 81' lang='lat' dir='ltr'><strong>ferant:</strong></span> <span class='ocrx_word' id='word_1_459' title='bbox 3262 2999 3318 3044; x_wconf 87' lang='lat' dir='ltr'><strong>et</strong></span> <span class='ocrx_word' id='word_1_460' title='bbox 3372 2987 3516 3061; x_wconf 55' lang='lat' dir='ltr'><strong>forte</strong></span> 
     </span>
    </p>
   </div>
   <div class='ocr_carea' id='block_1_62' title="bbox 268 3072 1834 3153">
    <p class='ocr_par' dir='ltr' id='par_1_62' title="bbox 268 3072 1834 3153">
     <span class='ocr_line' id='line_1_62' title="bbox 268 3072 1834 3153; baseline 0.003 -22"><span class='ocrx_word' id='word_1_461' title='bbox 268 3072 425 3132; x_wconf 74' lang='grc' dir='ltr'>αὗται</span> <span class='ocrx_word' id='word_1_462' title='bbox 471 3082 565 3133; x_wconf 71' lang='grc' dir='ltr'>καὶ</span> <span class='ocrx_word' id='word_1_463' title='bbox 614 3081 811 3135; x_wconf 71' lang='grc' dir='ltr'>πόθεν*</span> <span class='ocrx_word' id='word_1_464' title='bbox 879 3082 1014 3135; x_wconf 80' lang='grc' dir='ltr'>ἀλλὰ</span> <span class='ocrx_word' id='word_1_465' title='bbox 1069 3082 1178 3152; x_wconf 78' lang='grc' dir='ltr'>γὰρ</span> <span class='ocrx_word' id='word_1_466' title='bbox 1221 3081 1438 3153; x_wconf 80' lang='grc' dir='ltr'>ἀτυχὼν</span> <span class='ocrx_word' id='word_1_467' title='bbox 1492 3084 1585 3136; x_wconf 71' lang='grc' dir='ltr'>ἐπὶ</span> <span class='ocrx_word' id='word_1_468' title='bbox 1610 3083 1834 3147; x_wconf 81' lang='grc' dir='ltr'>ταύταις</span> 
     </span>
    </p>
   </div>
   <div class='ocr_carea' id='block_1_63' title="bbox 269 3167 1835 3241">
    <p class='ocr_par' dir='ltr' id='par_1_63' title="bbox 269 3167 1835 3241">
     <span class='ocr_line' id='line_1_63' title="bbox 269 3167 1835 3241; baseline 0.003 -23"><span class='ocrx_word' id='word_1_469' title='bbox 269 3167 678 3238; x_wconf 73' lang='grc' dir='ltr'>καὶ.άγνὼμων</span> <span class='ocrx_word' id='word_1_470' title='bbox 730 3168 949 3222; x_wconf 82' lang='grc' dir='ltr'>ἐδόκουν</span> <span class='ocrx_word' id='word_1_471' title='bbox 1002 3173 1096 3222; x_wconf 74' lang='grc' dir='ltr'><strong>καὶ</strong></span> <span class='ocrx_word' id='word_1_472' title='bbox 1135 3170 1420 3241; x_wconf 81' lang='grc' dir='ltr'>κρίνομαι·</span> <span class='ocrx_word' id='word_1_473' title='bbox 1465 3172 1564 3234; x_wconf 76' lang='grc' dir='ltr'><strong>τὰς</strong></span> <span class='ocrx_word' id='word_1_474' title='bbox 1614 3173 1713 3240; x_wconf 82' lang='grc' dir='ltr'>μὲν</span> <span class='ocrx_word' id='word_1_475' title='bbox 1742 3168 1835 3225; x_wconf 74' lang='grc' dir='ltr'><strong>οὖν</strong></span> 
     </span>
    </p>
   </div>
   <div class='ocr_carea' id='block_1_64' title="bbox 267 3259 1837 3333">
    <p class='ocr_par' dir='ltr' id='par_1_64' title="bbox 267 3259 1837 3333">
     <span class='ocr_line' id='line_1_64' title="bbox 267 3259 1837 3333; baseline 0.002 -21"><span class='ocrx_word' id='word_1_476' title='bbox 267 3259 432 3322; x_wconf 76' lang='grc' dir='ltr'>ἄλλας</span> <span class='ocrx_word' id='word_1_477' title='bbox 487 3260 570 3322; x_wconf 79' lang='grc' dir='ltr'><strong>τίς</strong></span> <span class='ocrx_word' id='word_1_478' title='bbox 603 3260 669 3314; x_wconf 80' lang='grc' dir='ltr'>ἄν</span> <span class='ocrx_word' id='word_1_479' title='bbox 701 3278 786 3323; x_wconf 83' lang='grc' dir='ltr'><strong>τις</strong></span> <span class='ocrx_word' id='word_1_480' title='bbox 828 3260 1025 3331; x_wconf 82' lang='grc' dir='ltr'>ἀνιῷτο</span> <span class='ocrx_word' id='word_1_481' title='bbox 1047 3260 1219 3329; x_wconf 78' lang='grc' dir='ltr'>λέγων</span> <span class='ocrx_word' id='word_1_482' title='bbox 1245 3279 1257 3291; x_wconf 86' lang='grc'><strong>·</strong></span> <span class='ocrx_word' id='word_1_483' title='bbox 1287 3262 1422 3314; x_wconf 81' lang='grc' dir='ltr'>ἀλλὰ</span> <span class='ocrx_word' id='word_1_484' title='bbox 1454 3262 1579 3333; x_wconf 79' lang='grc' dir='ltr'><strong>χοές</strong></span> <span class='ocrx_word' id='word_1_485' title='bbox 1609 3281 1711 3320; x_wconf 83' lang='grc' dir='ltr'><strong>που</strong></span> <span class='ocrx_word' id='word_1_486' title='bbox 1744 3265 1837 3316; x_wconf 74' lang='grc' dir='ltr'>καὶ</span> 
     </span>
    </p>
   </div>
   <div class='ocr_carea' id='block_1_65' title="bbox 272 3348 1836 3423">
    <p class='ocr_par' dir='ltr' id='par_1_65' title="bbox 272 3348 1836 3423">
     <span class='ocr_line' id='line_1_65' title="bbox 272 3348 1836 3423; baseline 0.003 -21"><span class='ocrx_word' id='word_1_487' title='bbox 272 3348 460 3421; x_wconf 83' lang='grc' dir='ltr'>πρώην</span> <span class='ocrx_word' id='word_1_488' title='bbox 489 3352 689 3422; x_wconf 77' lang='grc' dir='ltr'><strong>ἐστάλη</strong></span> <span class='ocrx_word' id='word_1_489' title='bbox 713 3370 795 3413; x_wconf 89' lang='grc' dir='ltr'><strong>τις</strong></span> <span class='ocrx_word' id='word_1_490' title='bbox 825 3352 898 3414; x_wconf 74' lang='grc' dir='ltr'>ὡς</span> <span class='ocrx_word' id='word_1_491' title='bbox 933 3354 1010 3411; x_wconf 80' lang='grc' dir='ltr'>σὲ,</span> <span class='ocrx_word' id='word_1_492' title='bbox 1042 3352 1166 3415; x_wconf 81' lang='grc' dir='ltr'>τοὺς</span> <span class='ocrx_word' id='word_1_493' title='bbox 1197 3356 1364 3422; x_wconf 69' lang='grc' dir='ltr'>ἐμοὺς</span> <span class='ocrx_word' id='word_1_494' title='bbox 1390 3354 1606 3422; x_wconf 73' lang='grc' dir='ltr'>ἀγῶνας</span> <span class='ocrx_word' id='word_1_495' title='bbox 1619 3354 1836 3423; x_wconf 81' lang='grc' dir='ltr'>διηγου-</span> 
     </span>
    </p>
   </div>
   <div class='ocr_carea' id='block_1_66' title="bbox 274 3442 1838 3511">
    <p class='ocr_par' dir='ltr' id='par_1_66' title="bbox 274 3442 1838 3511">
     <span class='ocr_line' id='line_1_66' title="bbox 274 3442 1838 3511; baseline 0.003 -18"><span class='ocrx_word' id='word_1_496' title='bbox 274 3442 447 3511; x_wconf 76' lang='grc' dir='ltr'>μένηο</span> <span class='ocrx_word' id='word_1_497' title='bbox 493 3442 588 3495; x_wconf 75' lang='grc' dir='ltr'>καὶ</span> <span class='ocrx_word' id='word_1_498' title='bbox 619 3442 733 3506; x_wconf 81' lang='grc' dir='ltr'>νῦν,</span> <span class='ocrx_word' id='word_1_499' title='bbox 791 3443 865 3505; x_wconf 77' lang='grc' dir='ltr'>ὡς</span> <span class='ocrx_word' id='word_1_500' title='bbox 907 3444 1069 3507; x_wconf 78' lang='grc' dir='ltr'>ἔοικε,</span> <span class='ocrx_word' id='word_1_501' title='bbox 1123 3443 1252 3511; x_wconf 79' lang='grc' dir='ltr'>ξένη</span> <span class='ocrx_word' id='word_1_502' title='bbox 1292 3462 1374 3506; x_wconf 81' lang='grc' dir='ltr'><strong>τις</strong></span> <span class='ocrx_word' id='word_1_503' title='bbox 1426 3445 1696 3498; x_wconf 78' lang='grc' dir='ltr'>πλανᾶται</span> <span class='ocrx_word' id='word_1_504' title='bbox 1743 3446 1838 3498; x_wconf 76' lang='grc' dir='ltr'><strong>καὶ</strong></span> 
     </span>
    </p>
   </div>
   <div class='ocr_carea' id='block_1_67' title="bbox 268 3532 1838 3607">
    <p class='ocr_par' dir='ltr' id='par_1_67' title="bbox 268 3532 1838 3607">
     <span class='ocr_line' id='line_1_67' title="bbox 268 3532 1838 3607; baseline 0.003 -23"><span class='ocrx_word' id='word_1_505' title='bbox 268 3532 471 3603; x_wconf 73' lang='grc' dir='ltr'>ἔρημος</span> <span class='ocrx_word' id='word_1_506' title='bbox 500 3551 512 3563; x_wconf 93' lang='grc'><strong>·</strong></span> <span class='ocrx_word' id='word_1_507' title='bbox 538 3534 653 3587; x_wconf 84' lang='grc' dir='ltr'><strong>ἀλλ’</strong></span> <span class='ocrx_word' id='word_1_508' title='bbox 683 3536 808 3605; x_wconf 77' lang='grc' dir='ltr'>ἥκοι</span> <span class='ocrx_word' id='word_1_509' title='bbox 856 3535 985 3587; x_wconf 84' lang='grc' dir='ltr'>ποτὲ</span> <span class='ocrx_word' id='word_1_510' title='bbox 1016 3537 1203 3605; x_wconf 80' lang='grc' dir='ltr'>χεῖρας</span> <span class='ocrx_word' id='word_1_511' title='bbox 1232 3534 1305 3598; x_wconf 82' lang='grc' dir='ltr'>ὡς</span> <span class='ocrx_word' id='word_1_512' title='bbox 1337 3536 1456 3600; x_wconf 72' lang='grc' dir='ltr'>σὰς,</span> <span class='ocrx_word' id='word_1_513' title='bbox 1486 3535 1581 3589; x_wconf 75' lang='grc' dir='ltr'>καὶ</span> <span class='ocrx_word' id='word_1_514' title='bbox 1608 3537 1838 3607; x_wconf 77' lang='grc' dir='ltr'>εὐφραι-</span> 
     </span>
    </p>
   </div>
   <div class='ocr_carea' id='block_1_68' title="bbox 269 3624 1840 3697">
    <p class='ocr_par' dir='ltr' id='par_1_68' title="bbox 269 3624 1840 3697">
     <span class='ocr_line' id='line_1_68' title="bbox 269 3624 1840 3697; baseline 0 -21"><span class='ocrx_word' id='word_1_515' title='bbox 269 3624 463 3694; x_wconf 89' lang='grc' dir='ltr'>νοίμην</span> <span class='ocrx_word' id='word_1_516' title='bbox 510 3626 778 3689; x_wconf 78' lang='grc' dir='ltr'>ἀκούσας’</span> <span class='ocrx_word' id='word_1_517' title='bbox 826 3626 894 3679; x_wconf 75' lang='grc' dir='ltr'><strong>τὰ</strong></span> <span class='ocrx_word' id='word_1_518' title='bbox 925 3627 980 3679; x_wconf 85' lang='grc' dir='ltr'>δὲ</span> <span class='ocrx_word' id='word_1_519' title='bbox 1035 3628 1103 3679; x_wconf 76' lang='grc' dir='ltr'><strong>σά</strong></span> <span class='ocrx_word' id='word_1_520' title='bbox 1142 3625 1291 3696; x_wconf 87' lang='grc' dir='ltr'>δῶρα</span> <span class='ocrx_word' id='word_1_521' title='bbox 1320 3624 1500 3679; x_wconf 81' lang='grc' dir='ltr'>λαϐὼν</span> <span class='ocrx_word' id='word_1_522' title='bbox 1546 3626 1720 3697; x_wconf 69' lang='grc' dir='ltr'>ἥσθην</span> <span class='ocrx_word' id='word_1_523' title='bbox 1746 3628 1840 3679; x_wconf 75' lang='grc' dir='ltr'>ἐπὶ</span> 
     </span>
    </p>
   </div>
   <div class='ocr_carea' id='block_1_69' title="bbox 268 3712 1837 3790">
    <p class='ocr_par' dir='ltr' id='par_1_69' title="bbox 268 3712 1837 3790">
     <span class='ocr_line' id='line_1_69' title="bbox 268 3712 1837 3790; baseline 0.001 -22"><span class='ocrx_word' id='word_1_524' title='bbox 268 3714 499 3781; x_wconf 77' lang='grc' dir='ltr'>τούτοις,</span> <span class='ocrx_word' id='word_1_525' title='bbox 524 3718 619 3787; x_wconf 82' lang='grc' dir='ltr'><strong>οὐχ</strong></span> <span class='ocrx_word' id='word_1_526' title='bbox 645 3712 807 3790; x_wconf 80' lang='grc' dir='ltr'>ἦττον</span> <span class='ocrx_word' id='word_1_527' title='bbox 828 3720 860 3787; x_wconf 79' lang='grc' dir='ltr'><strong>ἡ</strong></span> <span class='ocrx_word' id='word_1_528' title='bbox 897 3719 1186 3781; x_wconf 80' lang='grc' dir='ltr'>Ὀδυσσεὺς</span> <span class='ocrx_word' id='word_1_529' title='bbox 1209 3718 1307 3788; x_wconf 85' lang='grc' dir='ltr'>μὲν</span> <span class='ocrx_word' id='word_1_530' title='bbox 1330 3718 1609 3771; x_wconf 77' lang='grc' dir='ltr'>’Δλκινόου</span> <span class='ocrx_word' id='word_1_531' title='bbox 1629 3719 1837 3787; x_wconf 73' lang='grc' dir='ltr'>φιλοτι-</span> 
     </span>
    </p>
   </div>
   <div class='ocr_carea' id='block_1_70' title="bbox 275 3805 1839 3879">
    <p class='ocr_par' dir='ltr' id='par_1_70' title="bbox 275 3805 1839 3879">
     <span class='ocr_line' id='line_1_70' title="bbox 275 3805 1839 3879; baseline 0.001 -20"><span class='ocrx_word' id='word_1_532' title='bbox 275 3806 402 3875; x_wconf 86' lang='grc' dir='ltr'>μίαν</span> <span class='ocrx_word' id='word_1_533' title='bbox 428 3806 599 3878; x_wconf 80' lang='grc' dir='ltr'>ὀρῶν·</span> <span class='ocrx_word' id='word_1_534' title='bbox 638 3810 756 3861; x_wconf 78' lang='grc' dir='ltr'>ἐκεῖ</span> <span class='ocrx_word' id='word_1_535' title='bbox 781 3809 878 3878; x_wconf 85' lang='grc' dir='ltr'>μὲν</span> <span class='ocrx_word' id='word_1_536' title='bbox 903 3809 1013 3877; x_wconf 70' lang='grc' dir='ltr'>γὰρ</span> <span class='ocrx_word' id='word_1_537' title='bbox 1038 3810 1097 3862; x_wconf 77' lang='grc' dir='ltr'>τὸ</span> <span class='ocrx_word' id='word_1_538' title='bbox 1117 3809 1306 3862; x_wconf 76' lang='grc' dir='ltr'>λαϐεῖν</span> <span class='ocrx_word' id='word_1_539' title='bbox 1334 3805 1446 3879; x_wconf 73' lang='grc' dir='ltr'>εἶχε</span> <span class='ocrx_word' id='word_1_540' title='bbox 1481 3809 1672 3878; x_wconf 89' lang='grc' dir='ltr'>μόνην,</span> <span class='ocrx_word' id='word_1_541' title='bbox 1710 3809 1839 3879; x_wconf 86' lang='grc' dir='ltr'>παρ’</span> 
     </span>
    </p>
   </div>
   <div class='ocr_carea' id='block_1_71' title="bbox 272 3898 1841 3970">
    <p class='ocr_par' dir='ltr' id='par_1_71' title="bbox 272 3898 1841 3970">
     <span class='ocr_line' id='line_1_71' title="bbox 272 3898 1841 3970; baseline 0.002 -19"><span class='ocrx_word' id='word_1_542' title='bbox 272 3900 404 3968; x_wconf 79' lang='grc' dir='ltr'>ἡμῖν</span> <span class='ocrx_word' id='word_1_543' title='bbox 449 3900 508 3952; x_wconf 78' lang='grc' dir='ltr'>δὲ</span> <span class='ocrx_word' id='word_1_544' title='bbox 555 3898 758 3970; x_wconf 75' lang='grc' dir='ltr'>ἄμφωο</span> <span class='ocrx_word' id='word_1_545' title='bbox 811 3901 893 3954; x_wconf 80' lang='grc' dir='ltr'>ὅτι</span> <span class='ocrx_word' id='word_1_546' title='bbox 941 3902 1005 3955; x_wconf 79' lang='grc' dir='ltr'>σὺ</span> <span class='ocrx_word' id='word_1_547' title='bbox 1063 3901 1163 3970; x_wconf 84' lang='grc' dir='ltr'>μὲν</span> <span class='ocrx_word' id='word_1_548' title='bbox 1217 3900 1395 3967; x_wconf 83' lang='grc' dir='ltr'>δίδως,</span> <span class='ocrx_word' id='word_1_549' title='bbox 1466 3899 1579 3968; x_wconf 83' lang='grc' dir='ltr'>ἐγὼ</span> <span class='ocrx_word' id='word_1_550' title='bbox 1614 3899 1670 3953; x_wconf 85' lang='grc' dir='ltr'>δὲ</span> <span class='ocrx_word' id='word_1_551' title='bbox 1703 3900 1841 3970; x_wconf 84' lang='grc' dir='ltr'>λαμ-</span> 
     </span>
    </p>
   </div>
   <div class='ocr_carea' id='block_1_72' title="bbox 270 3991 439 4046">
    <p class='ocr_par' dir='ltr' id='par_1_72' title="bbox 270 3991 439 4046">
     <span class='ocr_line' id='line_1_72' title="bbox 270 3991 439 4046; baseline 0.024 -4"><span class='ocrx_word' id='word_1_552' title='bbox 270 3991 439 4046; x_wconf 76' lang='grc' dir='ltr'>θάνω.</span> 
     </span>
    </p>
   </div>
   <div class='ocr_carea' id='block_1_73' title="bbox 805 4079 1328 4152">
    <p class='ocr_par' dir='ltr' id='par_1_73' title="bbox 805 4079 1328 4152">
     <span class='ocr_line' id='line_1_73' title="bbox 805 4079 1328 4152; baseline 0.004 -18"><span class='ocrx_word' id='word_1_553' title='bbox 805 4081 921 4135; x_wconf 69' lang='grc' dir='ltr'><strong>Δι’.</strong></span> <span class='ocrx_word' id='word_1_554' title='bbox 987 4079 1328 4152; x_wconf 82' lang='grc' dir='ltr'><strong>ΕΠΙΦΛΝΙῼ.</strong></span> 
     </span>
    </p>
   </div>
   <div class='ocr_carea' id='block_1_74' title="bbox 345 4173 1843 4245">
    <p class='ocr_par' dir='ltr' id='par_1_74' title="bbox 345 4173 1843 4245">
     <span class='ocr_line' id='line_1_74' title="bbox 345 4173 1843 4245; baseline -0.001 -17"><span class='ocrx_word' id='word_1_555' title='bbox 345 4175 467 4229; x_wconf 84' lang='grc' dir='ltr'><strong>Ἔτι</strong></span> <span class='ocrx_word' id='word_1_556' title='bbox 486 4176 674 4245; x_wconf 79' lang='grc' dir='ltr'>σιγᾷς;</span> <span class='ocrx_word' id='word_1_557' title='bbox 708 4174 788 4226; x_wconf 80' lang='grc' dir='ltr'>ἔτι</span> <span class='ocrx_word' id='word_1_558' title='bbox 812 4173 922 4226; x_wconf 83' lang='grc' dir='ltr'>τῶν</span> <span class='ocrx_word' id='word_1_559' title='bbox 952 4174 1382 4243; x_wconf 75' lang='grc' dir='ltr'>ἀπερριμμένων</span> <span class='ocrx_word' id='word_1_560' title='bbox 1403 4176 1562 4243; x_wconf 81' lang='grc' dir='ltr'>ἡμεῖς</span> <span class='ocrx_word' id='word_1_561' title='bbox 1587 4191 1601 4237; x_wconf 89' lang='grc'>;</span> <span class='ocrx_word' id='word_1_562' title='bbox 1632 4174 1754 4227; x_wconf 75' lang='grc' dir='ltr'><strong>οὑδὲ</strong></span> <span class='ocrx_word' id='word_1_563' title='bbox 1783 4191 1843 4227; x_wconf 88' lang='grc' dir='ltr'><strong>σε</strong></span> 
     </span>
    </p>
   </div>
   <div class='ocr_carea' id='block_1_75' title="bbox 1940 3081 3517 3149">
    <p class='ocr_par' dir='ltr' id='par_1_75' title="bbox 1940 3081 3517 3149">
     <span class='ocr_line' id='line_1_75' title="bbox 1940 3081 3517 3149; baseline 0.003 -18"><span class='ocrx_word' id='word_1_564' title='bbox 1940 3095 2131 3135; x_wconf 86' lang='lat' dir='ltr'><strong>manus</strong></span> <span class='ocrx_word' id='word_1_565' title='bbox 2170 3081 2469 3135; x_wconf 86' lang='lat' dir='ltr'><strong>alienorum</strong></span> <span class='ocrx_word' id='word_1_566' title='bbox 2508 3082 2638 3135; x_wconf 87' lang='lat' dir='ltr'><strong>istas</strong></span> <span class='ocrx_word' id='word_1_567' title='bbox 2687 3082 2927 3135; x_wconf 87' lang='lat' dir='ltr'><strong>tttlerunt</strong></span> <span class='ocrx_word' id='word_1_568' title='bbox 2971 3096 3062 3149; x_wconf 85' lang='lat' dir='ltr'><strong>qut</strong></span> <span class='ocrx_word' id='word_1_569' title='bbox 3109 3094 3229 3149; x_wconf 74' lang='lat' dir='ltr'><strong>qua:</strong></span> <span class='ocrx_word' id='word_1_570' title='bbox 3269 3091 3323 3134; x_wconf 84' lang='lat' dir='ltr'><strong>et</strong></span> <span class='ocrx_word' id='word_1_571' title='bbox 3367 3082 3517 3135; x_wconf 78' lang='lat' dir='ltr'><strong>unde</strong></span> 
     </span>
    </p>
   </div>
   <div class='ocr_carea' id='block_1_76' title="bbox 1937 3170 3511 3242">
    <p class='ocr_par' dir='ltr' id='par_1_76' title="bbox 1937 3170 3511 3242">
     <span class='ocr_line' id='line_1_76' title="bbox 1937 3170 3511 3242; baseline -0.003 -15"><span class='ocrx_word' id='word_1_572' title='bbox 1937 3183 2120 3227; x_wconf 83' lang='lat' dir='ltr'><strong>essent</strong></span> <span class='ocrx_word' id='word_1_573' title='bbox 2148 3173 2467 3242; x_wconf 78' lang='lat' dir='ltr'><strong>ignorabant</strong></span> <span class='ocrx_word' id='word_1_574' title='bbox 2501 3189 2513 3226; x_wconf 91' lang='lat'><strong>:</strong></span> <span class='ocrx_word' id='word_1_575' title='bbox 2547 3173 2639 3226; x_wconf 90' lang='lat' dir='ltr'><strong>sed</strong></span> <span class='ocrx_word' id='word_1_576' title='bbox 2672 3172 2811 3227; x_wconf 88' lang='lat' dir='ltr'><strong>enim</strong></span> <span class='ocrx_word' id='word_1_577' title='bbox 2854 3172 3037 3225; x_wconf 76' lang='lat' dir='ltr'><strong>infelix</strong></span> <span class='ocrx_word' id='word_1_578' title='bbox 3096 3173 3160 3224; x_wconf 89' lang='lat' dir='ltr'><strong>de</strong></span> <span class='ocrx_word' id='word_1_579' title='bbox 3203 3170 3283 3224; x_wconf 81' lang='lat' dir='ltr'><strong>his</strong></span> <span class='ocrx_word' id='word_1_580' title='bbox 3327 3180 3383 3224; x_wconf 90' lang='lat' dir='ltr'><strong>et</strong></span> <span class='ocrx_word' id='word_1_581' title='bbox 3410 3172 3511 3224; x_wconf 87' lang='lat' dir='ltr'><strong>im-</strong></span> 
     </span>
    </p>
   </div>
   <div class='ocr_carea' id='block_1_77' title="bbox 1939 3261 3522 3333">
    <p class='ocr_par' dir='ltr' id='par_1_77' title="bbox 1939 3261 3522 3333">
     <span class='ocr_line' id='line_1_77' title="bbox 1939 3261 3522 3333; baseline -0.001 -17"><span class='ocrx_word' id='word_1_582' title='bbox 1939 3264 2173 3333; x_wconf 79' lang='lat' dir='ltr'><strong>prudens</strong></span> <span class='ocrx_word' id='word_1_583' title='bbox 2215 3263 2440 3317; x_wconf 84' lang='lat' dir='ltr'><strong>videbar</strong></span> <span class='ocrx_word' id='word_1_584' title='bbox 2481 3273 2534 3317; x_wconf 88' lang='lat' dir='ltr'><strong>et</strong></span> <span class='ocrx_word' id='word_1_585' title='bbox 2566 3261 2781 3331; x_wconf 84' lang='lat' dir='ltr'><strong>judicor</strong></span> <span class='ocrx_word' id='word_1_586' title='bbox 2822 3281 2835 3316; x_wconf 90' lang='lat'><strong>:</strong></span> <span class='ocrx_word' id='word_1_587' title='bbox 2883 3262 3019 3315; x_wconf 77' lang='lat' dir='ltr'><strong>alias</strong></span> <span class='ocrx_word' id='word_1_588' title='bbox 3083 3262 3299 3330; x_wconf 74' lang='lat' dir='ltr'><strong>quidem</strong></span> <span class='ocrx_word' id='word_1_589' title='bbox 3352 3262 3522 3331; x_wconf 73' lang='lat' dir='ltr'><strong>igitur</strong></span> 
     </span>
    </p>
   </div>
   <div class='ocr_carea' id='block_1_78' title="bbox 1936 3353 3515 3425">
    <p class='ocr_par' dir='ltr' id='par_1_78' title="bbox 1936 3353 3515 3425">
     <span class='ocr_line' id='line_1_78' title="bbox 1936 3353 3515 3425; baseline 0.001 -19"><span class='ocrx_word' id='word_1_590' title='bbox 1936 3356 2058 3425; x_wconf 84' lang='lat' dir='ltr'><strong>quis</strong></span> <span class='ocrx_word' id='word_1_591' title='bbox 2106 3353 2469 3409; x_wconf 72' lang='lat' dir='ltr'><strong>offenderetur</strong></span> <span class='ocrx_word' id='word_1_592' title='bbox 2506 3355 2729 3425; x_wconf 78' lang='lat' dir='ltr'><strong>legens?</strong></span> <span class='ocrx_word' id='word_1_593' title='bbox 2773 3354 2867 3409; x_wconf 87' lang='lat' dir='ltr'><strong>sed</strong></span> <span class='ocrx_word' id='word_1_594' title='bbox 2907 3354 3022 3408; x_wconf 90' lang='lat' dir='ltr'><strong>heri</strong></span> <span class='ocrx_word' id='word_1_595' title='bbox 3054 3363 3107 3408; x_wconf 89' lang='lat' dir='ltr'><strong>et</strong></span> <span class='ocrx_word' id='word_1_596' title='bbox 3145 3362 3304 3407; x_wconf 87' lang='lat' dir='ltr'><strong>antea</strong></span> <span class='ocrx_word' id='word_1_597' title='bbox 3348 3353 3515 3408; x_wconf 68' lang='lat' dir='ltr'><strong>missa</strong></span> 
     </span>
    </p>
   </div>
   <div class='ocr_carea' id='block_1_79' title="bbox 1940 3446 3516 3515">
    <p class='ocr_par' dir='ltr' id='par_1_79' title="bbox 1940 3446 3516 3515">
     <span class='ocr_line' id='line_1_79' title="bbox 1940 3446 3516 3515; baseline -0.001 -15"><span class='ocrx_word' id='word_1_598' title='bbox 1940 3448 2038 3500; x_wconf 88' lang='lat' dir='ltr'><strong>fuit</strong></span> <span class='ocrx_word' id='word_1_599' title='bbox 2065 3463 2170 3500; x_wconf 89' lang='lat' dir='ltr'><strong>una</strong></span> <span class='ocrx_word' id='word_1_600' title='bbox 2196 3462 2315 3515; x_wconf 68' lang='lat' dir='ltr'><strong>qua:</strong></span> <span class='ocrx_word' id='word_1_601' title='bbox 2354 3459 2402 3501; x_wconf 88' lang='lat' dir='ltr'><strong>te</strong></span> <span class='ocrx_word' id='word_1_602' title='bbox 2436 3463 2551 3501; x_wconf 87' lang='lat' dir='ltr'><strong>mea</strong></span> <span class='ocrx_word' id='word_1_603' title='bbox 2578 3449 2877 3502; x_wconf 82' lang='lat' dir='ltr'><strong>certamina</strong></span> <span class='ocrx_word' id='word_1_604' title='bbox 2914 3446 3134 3499; x_wconf 77' lang='lat' dir='ltr'><strong>doceret</strong></span> <span class='ocrx_word' id='word_1_605' title='bbox 3159 3462 3174 3498; x_wconf 90' lang='lat'><strong>:</strong></span> <span class='ocrx_word' id='word_1_606' title='bbox 3207 3454 3261 3497; x_wconf 89' lang='lat' dir='ltr'><strong>et</strong></span> <span class='ocrx_word' id='word_1_607' title='bbox 3286 3459 3428 3497; x_wconf 92' lang='lat' dir='ltr'><strong>nunc</strong></span> <span class='ocrx_word' id='word_1_608' title='bbox 3457 3453 3516 3498; x_wconf 85' lang='grc' dir='ltr'><strong>ιιι</strong></span> 
     </span>
    </p>
   </div>
   <div class='ocr_carea' id='block_1_80' title="bbox 1940 3536 3512 3609">
    <p class='ocr_par' dir='ltr' id='par_1_80' title="bbox 1940 3536 3512 3609">
     <span class='ocr_line' id='line_1_80' title="bbox 1940 3536 3512 3609; baseline 0 -20"><span class='ocrx_word' id='word_1_609' title='bbox 1940 3554 2185 3606; x_wconf 84' lang='lat' dir='ltr'><strong>apparet,</strong></span> <span class='ocrx_word' id='word_1_610' title='bbox 2228 3540 2511 3609; x_wconf 74' lang='lat' dir='ltr'><strong>peregrina</strong></span> <span class='ocrx_word' id='word_1_611' title='bbox 2549 3551 2698 3593; x_wconf 85' lang='lat' dir='ltr'><strong>errat</strong></span> <span class='ocrx_word' id='word_1_612' title='bbox 2741 3550 2793 3594; x_wconf 89' lang='lat' dir='ltr'><strong>et</strong></span> <span class='ocrx_word' id='word_1_613' title='bbox 2823 3540 3079 3592; x_wconf 84' lang='lat' dir='ltr'><strong>deserta:</strong></span> <span class='ocrx_word' id='word_1_614' title='bbox 3126 3538 3217 3591; x_wconf 84' lang='lat' dir='ltr'><strong>sed</strong></span> <span class='ocrx_word' id='word_1_615' title='bbox 3252 3536 3380 3590; x_wconf 90' lang='lat' dir='ltr'><strong>olim</strong></span> <span class='ocrx_word' id='word_1_616' title='bbox 3427 3536 3512 3589; x_wconf 89' lang='lat' dir='ltr'><strong>iu-</strong></span> 
     </span>
    </p>
   </div>
   <div class='ocr_carea' id='block_1_81' title="bbox 1942 3613 3511 3694">
    <p class='ocr_par' dir='ltr' id='par_1_81' title="bbox 1942 3613 3511 3694">
     <span class='ocr_line' id='line_1_81' title="bbox 1942 3613 3511 3694; baseline -0.001 -14"><span class='ocrx_word' id='word_1_617' title='bbox 1942 3631 2086 3683; x_wconf 75' lang='lat' dir='ltr'><strong>ridat</strong></span> <span class='ocrx_word' id='word_1_618' title='bbox 2111 3630 2165 3684; x_wconf 91' lang='lat' dir='ltr'><strong>in</strong></span> <span class='ocrx_word' id='word_1_619' title='bbox 2196 3647 2407 3694; x_wconf 87' lang='lat' dir='ltr'><strong>manus,</strong></span> <span class='ocrx_word' id='word_1_620' title='bbox 2443 3640 2497 3684; x_wconf 87' lang='lat' dir='ltr'><strong>et</strong></span> <span class='ocrx_word' id='word_1_621' title='bbox 2527 3613 2697 3684; x_wconf 69' lang='lat' dir='ltr'><strong>libens</strong></span> <span class='ocrx_word' id='word_1_622' title='bbox 2738 3632 2952 3683; x_wconf 84' lang='lat' dir='ltr'><strong>audiant</strong></span> <span class='ocrx_word' id='word_1_623' title='bbox 2982 3649 2994 3684; x_wconf 93' lang='lat'>:</span> <span class='ocrx_word' id='word_1_624' title='bbox 3034 3639 3123 3682; x_wconf 81' lang='lat' dir='ltr'><strong>tua</strong></span> <span class='ocrx_word' id='word_1_625' title='bbox 3165 3640 3346 3681; x_wconf 88' lang='lat' dir='ltr'><strong>autem</strong></span> <span class='ocrx_word' id='word_1_626' title='bbox 3376 3629 3511 3679; x_wconf 88' lang='lat' dir='ltr'><strong>dona</strong></span> 
     </span>
    </p>
   </div>
   <div class='ocr_carea' id='block_1_82' title="bbox 1943 3714 3517 3787">
    <p class='ocr_par' dir='ltr' id='par_1_82' title="bbox 1943 3714 3517 3787">
     <span class='ocr_line' id='line_1_82' title="bbox 1943 3714 3517 3787; baseline 0.001 -18"><span class='ocrx_word' id='word_1_627' title='bbox 1943 3717 2124 3787; x_wconf 85' lang='lat' dir='ltr'><strong>accepi</strong></span> <span class='ocrx_word' id='word_1_628' title='bbox 2152 3728 2205 3771; x_wconf 91' lang='lat' dir='ltr'><strong>et</strong></span> <span class='ocrx_word' id='word_1_629' title='bbox 2231 3717 2298 3771; x_wconf 86' lang='lat' dir='ltr'><strong>de</strong></span> <span class='ocrx_word' id='word_1_630' title='bbox 2326 3719 2408 3773; x_wconf 89' lang='lat' dir='ltr'><strong>his</strong></span> <span class='ocrx_word' id='word_1_631' title='bbox 2438 3717 2652 3772; x_wconf 63' lang='lat' dir='ltr'><strong>laetatus</strong></span> <span class='ocrx_word' id='word_1_632' title='bbox 2684 3735 2803 3775; x_wconf 84' lang='lat' dir='ltr'><strong>sum</strong></span> <span class='ocrx_word' id='word_1_633' title='bbox 2850 3735 2952 3773; x_wconf 88' lang='lat' dir='ltr'><strong>non</strong></span> <span class='ocrx_word' id='word_1_634' title='bbox 2996 3718 3174 3772; x_wconf 84' lang='lat' dir='ltr'><strong>minus</strong></span> <span class='ocrx_word' id='word_1_635' title='bbox 3202 3734 3266 3771; x_wconf 89' lang='lat' dir='ltr'><strong>ac</strong></span> <span class='ocrx_word' id='word_1_636' title='bbox 3300 3714 3517 3785; x_wconf 85' lang='lat' dir='ltr'><strong>Ulysses</strong></span> 
     </span>
    </p>
   </div>
   <div class='ocr_carea' id='block_1_83' title="bbox 1942 3810 3516 3877">
    <p class='ocr_par' dir='ltr' id='par_1_83' title="bbox 1942 3810 3516 3877">
     <span class='ocr_line' id='line_1_83' title="bbox 1942 3810 3516 3877; baseline -0.001 -14"><span class='ocrx_word' id='word_1_637' title='bbox 1942 3810 2151 3863; x_wconf 80' lang='lat' dir='ltr'><strong>Alcinoi</strong></span> <span class='ocrx_word' id='word_1_638' title='bbox 2208 3810 2641 3865; x_wconf 84' lang='lat' dir='ltr'><strong>benevolentiam</strong></span> <span class='ocrx_word' id='word_1_639' title='bbox 2691 3813 2917 3865; x_wconf 80' lang='lat' dir='ltr'><strong>videns:</strong></span> <span class='ocrx_word' id='word_1_640' title='bbox 2973 3812 3059 3864; x_wconf 89' lang='lat' dir='ltr'><strong>hic</strong></span> <span class='ocrx_word' id='word_1_641' title='bbox 3100 3810 3316 3877; x_wconf 88' lang='lat' dir='ltr'><strong>quidem</strong></span> <span class='ocrx_word' id='word_1_642' title='bbox 3369 3811 3516 3863; x_wconf 87' lang='lat' dir='ltr'><strong>enim</strong></span> 
     </span>
    </p>
   </div>
   <div class='ocr_carea' id='block_1_84' title="bbox 1945 3894 3515 3973">
    <p class='ocr_par' dir='ltr' id='par_1_84' title="bbox 1945 3894 3515 3973">
     <span class='ocr_line' id='line_1_84' title="bbox 1945 3894 3515 3973; baseline 0.001 -17"><span class='ocrx_word' id='word_1_643' title='bbox 1945 3902 2087 3956; x_wconf 87' lang='lat' dir='ltr'><strong>illam</strong></span> <span class='ocrx_word' id='word_1_644' title='bbox 2140 3904 2311 3959; x_wconf 88' lang='lat' dir='ltr'><strong>solam</strong></span> <span class='ocrx_word' id='word_1_645' title='bbox 2358 3904 2606 3973; x_wconf 88' lang='lat' dir='ltr'><strong>accipere</strong></span> <span class='ocrx_word' id='word_1_646' title='bbox 2642 3915 2777 3967; x_wconf 81' lang='lat' dir='ltr'><strong>erat,</strong></span> <span class='ocrx_word' id='word_1_647' title='bbox 2822 3894 2962 3973; x_wconf 69' lang='lat' dir='ltr'><strong>apud</strong></span> <span class='ocrx_word' id='word_1_648' title='bbox 3013 3917 3110 3956; x_wconf 91' lang='lat' dir='ltr'><strong>nos</strong></span> <span class='ocrx_word' id='word_1_649' title='bbox 3157 3912 3335 3956; x_wconf 90' lang='lat' dir='ltr'><strong>autem</strong></span> <span class='ocrx_word' id='word_1_650' title='bbox 3368 3902 3515 3957; x_wconf 86' lang='lat' dir='ltr'><strong>duo:</strong></span> 
     </span>
    </p>
   </div>
   <div class='ocr_carea' id='block_1_85' title="bbox 1945 3994 3210 4065">
    <p class='ocr_par' dir='ltr' id='par_1_85' title="bbox 1945 3994 3210 4065">
     <span class='ocr_line' id='line_1_85' title="bbox 1945 3994 3210 4065; baseline 0.004 -21"><span class='ocrx_word' id='word_1_651' title='bbox 1945 3995 2142 4064; x_wconf 83' lang='lat' dir='ltr'><strong>quippe</strong></span> <span class='ocrx_word' id='word_1_652' title='bbox 2170 3996 2387 4065; x_wconf 83' lang='lat' dir='ltr'><strong>quidem</strong></span> <span class='ocrx_word' id='word_1_653' title='bbox 2421 4006 2475 4049; x_wconf 91' lang='grc' dir='ltr'><strong>ιιι</strong></span> <span class='ocrx_word' id='word_1_654' title='bbox 2501 3999 2618 4058; x_wconf 85' lang='lat' dir='ltr'><strong>das,</strong></span> <span class='ocrx_word' id='word_1_655' title='bbox 2646 4012 2745 4064; x_wconf 81' lang='lat' dir='ltr'><strong>ego</strong></span> <span class='ocrx_word' id='word_1_656' title='bbox 2772 4005 2950 4049; x_wconf 90' lang='lat' dir='ltr'><strong>autem</strong></span> <span class='ocrx_word' id='word_1_657' title='bbox 2979 3994 3210 4063; x_wconf 85' lang='lat' dir='ltr'><strong>accipio.</strong></span> 
     </span>
    </p>
   </div>
   <div class='ocr_carea' id='block_1_86' title="bbox 2393 4084 3056 4142">
    <p class='ocr_par' dir='ltr' id='par_1_86' title="bbox 2393 4084 3056 4142">
     <span class='ocr_line' id='line_1_86' title="bbox 2393 4084 3056 4142; baseline -0.003 -1"><span class='ocrx_word' id='word_1_658' title='bbox 2393 4086 2634 4142; x_wconf 72' lang='lat' dir='ltr'><strong>XXXIV.</strong></span> <span class='ocrx_word' id='word_1_659' title='bbox 2668 4084 3056 4142; x_wconf 75' lang='lat' dir='ltr'><strong>EPIPIIANIO.</strong></span> 
     </span>
    </p>
   </div>
   <div class='ocr_carea' id='block_1_87' title="bbox 2016 4178 3517 4247">
    <p class='ocr_par' dir='ltr' id='par_1_87' title="bbox 2016 4178 3517 4247">
     <span class='ocr_line' id='line_1_87' title="bbox 2016 4178 3517 4247; baseline -0.003 -12"><span class='ocrx_word' id='word_1_660' title='bbox 2016 4181 2207 4235; x_wconf 85' lang='lat' dir='ltr'><strong>Adhuc</strong></span> <span class='ocrx_word' id='word_1_661' title='bbox 2248 4180 2413 4235; x_wconf 78' lang='lat' dir='ltr'><strong>siles?</strong></span> <span class='ocrx_word' id='word_1_662' title='bbox 2454 4180 2630 4233; x_wconf 81' lang='lat' dir='ltr'><strong>adhuc</strong></span> <span class='ocrx_word' id='word_1_663' title='bbox 2667 4181 2808 4231; x_wconf 84' lang='lat' dir='ltr'><strong>inter</strong></span> <span class='ocrx_word' id='word_1_664' title='bbox 2873 4179 3159 4247; x_wconf 83' lang='lat' dir='ltr'><strong>despectos</strong></span> <span class='ocrx_word' id='word_1_665' title='bbox 3205 4194 3302 4230; x_wconf 90' lang='lat' dir='ltr'><strong>nos</strong></span> <span class='ocrx_word' id='word_1_666' title='bbox 3351 4178 3517 4231; x_wconf 88' lang='lat' dir='ltr'><strong>hahe-</strong></span> 
     </span>
    </p>
   </div>
   <div class='ocr_carea' id='block_1_88' title="bbox 273 4261 1835 4339">
    <p class='ocr_par' dir='ltr' id='par_1_88' title="bbox 273 4261 1835 4339">
     <span class='ocr_line' id='line_1_88' title="bbox 273 4261 1835 4339; baseline -0.001 -19"><span class='ocrx_word' id='word_1_667' title='bbox 273 4270 523 4321; x_wconf 77' lang='grc' dir='ltr'>πα).α;ῶν</span> <span class='ocrx_word' id='word_1_668' title='bbox 574 4268 794 4339; x_wconf 79' lang='grc' dir='ltr'>ἐρώτων</span> <span class='ocrx_word' id='word_1_669' title='bbox 846 4265 1171 4335; x_wconf 82' lang='grc' dir='ltr'>ύπεισῆλθεν</span> <span class='ocrx_word' id='word_1_670' title='bbox 1229 4265 1379 4317; x_wconf 76' lang='grc' dir='ltr'>οὐδέν</span> <span class='ocrx_word' id='word_1_671' title='bbox 1405 4282 1418 4330; x_wconf 88' lang='lat'><strong>;</strong></span> <span class='ocrx_word' id='word_1_672' title='bbox 1445 4261 1643 4336; x_wconf 75' lang='grc' dir='ltr'>νηλεὴς</span> <span class='ocrx_word' id='word_1_673' title='bbox 1684 4264 1747 4319; x_wconf 85' lang='grc' dir='ltr'><strong>σύ</strong></span> <span class='ocrx_word' id='word_1_674' title='bbox 1778 4266 1835 4334; x_wconf 84' lang='grc' dir='ltr'>γέ</span> 
     </span>
    </p>
   </div>
   <div class='ocr_carea' id='block_1_89' title="bbox 1944 4261 3529 4339">
    <p class='ocr_par' dir='ltr' id='par_1_89' title="bbox 1952 4267 3529 4338">
     <span class='ocr_line' id='line_1_89' title="bbox 1952 4267 3529 4338; baseline -0.001 -13"><span class='ocrx_word' id='word_1_675' title='bbox 1952 4272 2118 4325; x_wconf 87' lang='lat' dir='ltr'><strong>mur?</strong></span> <span class='ocrx_word' id='word_1_676' title='bbox 2166 4268 2309 4324; x_wconf 85' lang='lat' dir='ltr'><strong>Nihil</strong></span> <span class='ocrx_word' id='word_1_677' title='bbox 2347 4284 2478 4338; x_wconf 75' lang='lat' dir='ltr'><strong>ergo</strong></span> <span class='ocrx_word' id='word_1_678' title='bbox 2527 4270 2732 4336; x_wconf 88' lang='lat' dir='ltr'><strong>antiqui</strong></span> <span class='ocrx_word' id='word_1_679' title='bbox 2777 4271 2981 4323; x_wconf 86' lang='lat' dir='ltr'><strong>amoris</strong></span> <span class='ocrx_word' id='word_1_680' title='bbox 3024 4269 3189 4322; x_wconf 90' lang='lat' dir='ltr'><strong>subiit</strong></span> <span class='ocrx_word' id='word_1_681' title='bbox 3243 4267 3529 4323; x_wconf 69' lang='lat' dir='ltr'><strong>animum?</strong></span> 
     </span>
    </p>
   </div>
   <div class='ocr_carea' id='block_1_90' title="bbox 269 4355 1835 4430">
    <p class='ocr_par' dir='ltr' id='par_1_90' title="bbox 269 4357 1835 4430">
     <span class='ocr_line' id='line_1_90' title="bbox 269 4357 1835 4430; baseline -0.001 -17"><span class='ocrx_word' id='word_1_682' title='bbox 269 4378 328 4416; x_wconf 84' lang='grc' dir='ltr'><strong>τι</strong></span> <span class='ocrx_word' id='word_1_683' title='bbox 354 4363 448 4414; x_wconf 81' lang='grc' dir='ltr'>καὶ</span> <span class='ocrx_word' id='word_1_684' title='bbox 474 4359 754 4430; x_wconf 81' lang='grc' dir='ltr'>ἀμείλιχος</span> <span class='ocrx_word' id='word_1_685' title='bbox 814 4358 1050 4412; x_wconf 77' lang='grc' dir='ltr'>ἁνάλαϐἑ</span> <span class='ocrx_word' id='word_1_686' title='bbox 1088 4374 1180 4428; x_wconf 89' lang='grc' dir='ltr'><strong>μοι</strong></span> <span class='ocrx_word' id='word_1_687' title='bbox 1212 4357 1311 4428; x_wconf 81' lang='grc' dir='ltr'>τὴν</span> <span class='ocrx_word' id='word_1_688' title='bbox 1346 4359 1587 4428; x_wconf 85' lang='grc' dir='ltr'>μνήμην,</span> <span class='ocrx_word' id='word_1_689' title='bbox 1614 4359 1690 4420; x_wconf 86' lang='grc' dir='ltr'>ὡς</span> <span class='ocrx_word' id='word_1_690' title='bbox 1720 4360 1835 4411; x_wconf 75' lang='grc' dir='ltr'><strong>οὐκ⁴</strong></span> 
     </span>
    </p>
   </div>
   <div class='ocr_carea' id='block_1_91' title="bbox 1944 4355 3522 4430">
    <p class='ocr_par' dir='ltr' id='par_1_91' title="bbox 1947 4355 3522 4427">
     <span class='ocr_line' id='line_1_91' title="bbox 1947 4355 3522 4427; baseline -0.006 -10"><span class='ocrx_word' id='word_1_691' title='bbox 1947 4360 2192 4418; x_wconf 87' lang='lat' dir='ltr'><strong>Crudelis</strong></span> <span class='ocrx_word' id='word_1_692' title='bbox 2229 4370 2285 4414; x_wconf 93' lang='lat' dir='ltr'><strong>tu</strong></span> <span class='ocrx_word' id='word_1_693' title='bbox 2320 4368 2375 4414; x_wconf 92' lang='lat' dir='ltr'><strong>et</strong></span> <span class='ocrx_word' id='word_1_694' title='bbox 2424 4357 2780 4427; x_wconf 86' lang='lat' dir='ltr'><strong>implacabilis</strong></span> <span class='ocrx_word' id='word_1_695' title='bbox 2831 4374 2914 4409; x_wconf 87' lang='lat' dir='ltr'><strong>tne</strong></span> <span class='ocrx_word' id='word_1_696' title='bbox 2968 4358 3032 4409; x_wconf 89' lang='lat' dir='ltr'><strong>ad</strong></span> <span class='ocrx_word' id='word_1_697' title='bbox 3084 4355 3400 4409; x_wconf 85' lang='lat' dir='ltr'><strong>memoriam</strong></span> <span class='ocrx_word' id='word_1_698' title='bbox 3437 4370 3522 4408; x_wconf 58' lang='lat' dir='ltr'><strong>rea</strong></span> 
     </span>
    </p>
   </div>
   <div class='ocr_carea' id='block_1_92' title="bbox 268 4447 1835 4523">
    <p class='ocr_par' dir='ltr' id='par_1_92' title="bbox 268 4450 1835 4521">
     <span class='ocr_line' id='line_1_92' title="bbox 268 4450 1835 4521; baseline -0.002 -17"><span class='ocrx_word' id='word_1_699' title='bbox 268 4454 356 4504; x_wconf 86' lang='grc' dir='ltr'>έτι</span> <span class='ocrx_word' id='word_1_700' title='bbox 417 4452 695 4514; x_wconf 74' lang='grc' dir='ltr'>τοιαύταις</span> <span class='ocrx_word' id='word_1_701' title='bbox 734 4453 865 4521; x_wconf 72' lang='grc' dir='ltr'>ἡμῖν</span> <span class='ocrx_word' id='word_1_702' title='bbox 891 4451 1108 4521; x_wconf 76' lang='grc' dir='ltr'>ἀπῆρας</span> <span class='ocrx_word' id='word_1_703' title='bbox 1135 4450 1346 4504; x_wconf 78' lang='grc' dir='ltr'>ἐλπίσιν</span> <span class='ocrx_word' id='word_1_704' title='bbox 1374 4467 1386 4480; x_wconf 78' lang='grc'><strong><em>⁸</em></strong></span> <span class='ocrx_word' id='word_1_705' title='bbox 1441 4450 1555 4503; x_wconf 82' lang='grc' dir='ltr'>ἀλλ’</span> <span class='ocrx_word' id='word_1_706' title='bbox 1587 4450 1835 4521; x_wconf 78' lang='grc' dir='ltr'>ἐδάκρυες</span> 
     </span>
    </p>
   </div>
   <div class='ocr_carea' id='block_1_93' title="bbox 1944 4447 3523 4523">
    <p class='ocr_par' dir='ltr' id='par_1_93' title="bbox 1949 4447 3523 4523">
     <span class='ocr_line' id='line_1_93' title="bbox 1949 4447 3523 4523; baseline -0.004 -16"><span class='ocrx_word' id='word_1_707' title='bbox 1949 4470 2081 4509; x_wconf 86' lang='lat' dir='ltr'><strong>voca</strong></span> <span class='ocrx_word' id='word_1_708' title='bbox 2111 4453 2254 4523; x_wconf 86' lang='lat' dir='ltr'><strong>quod</strong></span> <span class='ocrx_word' id='word_1_709' title='bbox 2295 4465 2570 4521; x_wconf 85' lang='lat' dir='ltr'><strong>nunquam</strong></span> <span class='ocrx_word' id='word_1_710' title='bbox 2623 4449 2857 4518; x_wconf 88' lang='lat' dir='ltr'><strong>amplius</strong></span> <span class='ocrx_word' id='word_1_711' title='bbox 2915 4448 3043 4507; x_wconf 90' lang='lat' dir='ltr'><strong>tuibi</strong></span> <span class='ocrx_word' id='word_1_712' title='bbox 3089 4447 3321 4502; x_wconf 85' lang='lat' dir='ltr'><strong>similem</strong></span> <span class='ocrx_word' id='word_1_713' title='bbox 3367 4462 3523 4514; x_wconf 79' lang='lat' dir='ltr'><strong>spem</strong></span> 
     </span>
    </p>
   </div>
   <div class='ocr_carea' id='block_1_94' title="bbox 272 4525 1835 4616">
    <p class='ocr_par' dir='ltr' id='par_1_94' title="bbox 272 4525 1835 4616">
     <span class='ocr_line' id='line_1_94' title="bbox 272 4525 1835 4616; baseline -0.002 -18"><span class='ocrx_word' id='word_1_714' title='bbox 272 4545 377 4616; x_wconf 76' lang='grc' dir='ltr'>μὲν</span> <span class='ocrx_word' id='word_1_715' title='bbox 409 4548 566 4615; x_wconf 73' lang='grc' dir='ltr'>Οἴμοι</span> <span class='ocrx_word' id='word_1_716' title='bbox 592 4547 604 4599; x_wconf 90' lang='lat'><strong>!</strong></span> <span class='ocrx_word' id='word_1_717' title='bbox 639 4546 732 4597; x_wconf 82' lang='grc' dir='ltr'>καὶ</span> <span class='ocrx_word' id='word_1_718' title='bbox 769 4545 922 4610; x_wconf 79' lang='grc' dir='ltr'>μόλις</span> <span class='ocrx_word' id='word_1_719' title='bbox 954 4544 1213 4614; x_wconf 72' lang='grc' dir='ltr'>ἀπείχουσ</span> <span class='ocrx_word' id='word_1_720' title='bbox 1246 4542 1479 4615; x_wconf 67' lang='grc' dir='ltr'>γράψειν</span> <span class='ocrx_word' id='word_1_721' title='bbox 1511 4525 1835 4613; x_wconf 78' lang='grc' dir='ltr'>διομολόγεις</span> 
     </span>
    </p>
   </div>
   <div class='ocr_carea' id='block_1_95' title="bbox 1944 4525 3527 4616">
    <p class='ocr_par' dir='ltr' id='par_1_95' title="bbox 1946 4538 3527 4614">
     <span class='ocr_line' id='line_1_95' title="bbox 1946 4538 3527 4614; baseline -0.004 -16"><span class='ocrx_word' id='word_1_722' title='bbox 1946 4545 2257 4614; x_wconf 85' lang='lat' dir='ltr'><strong>eripueris:</strong></span> <span class='ocrx_word' id='word_1_723' title='bbox 2295 4542 2390 4597; x_wconf 88' lang='lat' dir='ltr'><strong>sed</strong></span> <span class='ocrx_word' id='word_1_724' title='bbox 2442 4541 2631 4602; x_wconf 79' lang='lat' dir='ltr'><strong>ﬂebas,</strong></span> <span class='ocrx_word' id='word_1_725' title='bbox 2686 4541 2870 4600; x_wconf 79' lang='lat' dir='ltr'><strong>credo,</strong></span> <span class='ocrx_word' id='word_1_726' title='bbox 2921 4550 2973 4595; x_wconf 86' lang='lat' dir='ltr'><strong>et</strong></span> <span class='ocrx_word' id='word_1_727' title='bbox 3028 4541 3113 4591; x_wconf 84' lang='lat' dir='ltr'><strong>vix</strong></span> <span class='ocrx_word' id='word_1_728' title='bbox 3166 4538 3527 4593; x_wconf 71' lang='lat' dir='ltr'><strong>abstinebas:</strong></span> 
     </span>
    </p>
   </div>
   <div class='ocr_carea' id='block_1_96' title="bbox 271 4632 1835 4710">
    <p class='ocr_par' dir='ltr' id='par_1_96' title="bbox 271 4635 1835 4710">
     <span class='ocr_line' id='line_1_96' title="bbox 271 4635 1835 4710; baseline -0.004 -19"><span class='ocrx_word' id='word_1_729' title='bbox 271 4640 477 4710; x_wconf 81' lang='grc' dir='ltr'>μικροῦ</span> <span class='ocrx_word' id='word_1_730' title='bbox 502 4640 612 4692; x_wconf 86' lang='grc' dir='ltr'>δεῖν</span> <span class='ocrx_word' id='word_1_731' title='bbox 639 4640 733 4693; x_wconf 74' lang='grc' dir='ltr'>καὶ</span> <span class='ocrx_word' id='word_1_732' title='bbox 756 4639 886 4708; x_wconf 77' lang='grc' dir='ltr'>πρὶν</span> <span class='ocrx_word' id='word_1_733' title='bbox 906 4636 1162 4707; x_wconf 79' lang='grc' dir='ltr'>ἐπιϐῆναι</span> <span class='ocrx_word' id='word_1_734' title='bbox 1195 4635 1294 4704; x_wconf 81' lang='grc' dir='ltr'>τῆς</span> <span class='ocrx_word' id='word_1_735' title='bbox 1322 4635 1426 4704; x_wconf 83' lang='grc' dir='ltr'>γῆς</span> <span class='ocrx_word' id='word_1_736' title='bbox 1442 4652 1455 4665; x_wconf 87' lang='grc'>·</span> <span class='ocrx_word' id='word_1_737' title='bbox 1478 4636 1598 4688; x_wconf 77' lang='grc' dir='ltr'>νυνὶ</span> <span class='ocrx_word' id='word_1_738' title='bbox 1617 4635 1675 4686; x_wconf 77' lang='grc' dir='ltr'>δὲ</span> <span class='ocrx_word' id='word_1_739' title='bbox 1704 4636 1835 4703; x_wconf 73' lang='grc' dir='ltr'>οἴχει</span> 
     </span>
    </p>
   </div>
   <div class='ocr_carea' id='block_1_97' title="bbox 1944 4632 3527 4710">
    <p class='ocr_par' dir='ltr' id='par_1_97' title="bbox 1948 4632 3527 4702">
     <span class='ocr_line' id='line_1_97' title="bbox 1948 4632 3527 4702; baseline -0.005 -14"><span class='ocrx_word' id='word_1_740' title='bbox 1948 4635 2278 4702; x_wconf 75' lang='lat' dir='ltr'><strong>scripturum</strong></span> <span class='ocrx_word' id='word_1_741' title='bbox 2315 4632 2664 4688; x_wconf 75' lang='lat' dir='ltr'><strong>confitebaris</strong></span> <span class='ocrx_word' id='word_1_742' title='bbox 2700 4646 2891 4698; x_wconf 75' lang='lat' dir='ltr'><strong>parum</strong></span> <span class='ocrx_word' id='word_1_743' title='bbox 2928 4634 3100 4694; x_wconf 86' lang='lat' dir='ltr'><strong>abest,</strong></span> <span class='ocrx_word' id='word_1_744' title='bbox 3142 4641 3195 4684; x_wconf 90' lang='lat' dir='ltr'><strong>et</strong></span> <span class='ocrx_word' id='word_1_745' title='bbox 3229 4640 3527 4697; x_wconf 83' lang='lat' dir='ltr'><strong>antequam</strong></span> 
     </span>
    </p>
   </div>
   <div class='ocr_carea' id='block_1_98' title="bbox 267 4718 1835 4802">
    <p class='ocr_par' dir='ltr' id='par_1_98' title="bbox 267 4728 1835 4802">
     <span class='ocr_line' id='line_1_98' title="bbox 267 4728 1835 4802; baseline -0.003 -17"><span class='ocrx_word' id='word_1_746' title='bbox 267 4750 363 4785; x_wconf 90' lang='grc' dir='ltr'><strong>ται</strong></span> <span class='ocrx_word' id='word_1_747' title='bbox 400 4732 499 4802; x_wconf 81' lang='grc' dir='ltr'>μὲν</span> <span class='ocrx_word' id='word_1_748' title='bbox 527 4734 746 4794; x_wconf 78' lang='grc' dir='ltr'>ἐκεῖνα,</span> <span class='ocrx_word' id='word_1_749' title='bbox 796 4732 1005 4801; x_wconf 76' lang='grc' dir='ltr'>σιωπᾷς</span> <span class='ocrx_word' id='word_1_750' title='bbox 1040 4732 1238 4802; x_wconf 80' lang='grc' dir='ltr'>μόνον’</span> <span class='ocrx_word' id='word_1_751' title='bbox 1261 4731 1418 4800; x_wconf 81' lang='grc' dir='ltr'>ἡμῶν</span> <span class='ocrx_word' id='word_1_752' title='bbox 1456 4729 1514 4782; x_wconf 83' lang='grc' dir='ltr'>δὲ</span> <span class='ocrx_word' id='word_1_753' title='bbox 1552 4728 1707 4797; x_wconf 81' lang='grc' dir='ltr'>λόγος</span> <span class='ocrx_word' id='word_1_754' title='bbox 1756 4729 1835 4780; x_wconf 79' lang='grc' dir='ltr'><strong>οὐ·</strong></span> 
     </span>
    </p>
   </div>
   <div class='ocr_carea' id='block_1_99' title="bbox 1944 4718 3529 4802">
    <p class='ocr_par' dir='ltr' id='par_1_99' title="bbox 1951 4718 3529 4779">
     <span class='ocr_line' id='line_1_99' title="bbox 1951 4718 3529 4779; baseline -0.005 0"><span class='ocrx_word' id='word_1_755' title='bbox 1951 4726 2003 4779; x_wconf 91' lang='lat' dir='ltr'><strong>in</strong></span> <span class='ocrx_word' id='word_1_756' title='bbox 2036 4737 2239 4779; x_wconf 86' lang='lat' dir='ltr'><strong>terram</strong></span> <span class='ocrx_word' id='word_1_757' title='bbox 2290 4724 2702 4779; x_wconf 81' lang='lat' dir='ltr'><strong>descenderes:</strong></span> <span class='ocrx_word' id='word_1_758' title='bbox 2753 4735 2895 4775; x_wconf 91' lang='lat' dir='ltr'><strong>nunc</strong></span> <span class='ocrx_word' id='word_1_759' title='bbox 2943 4730 3124 4774; x_wconf 85' lang='lat' dir='ltr'><strong>autem</strong></span> <span class='ocrx_word' id='word_1_760' title='bbox 3174 4718 3356 4775; x_wconf 74' lang='lat' dir='ltr'><strong>abiere</strong></span> <span class='ocrx_word' id='word_1_761' title='bbox 3411 4719 3529 4771; x_wconf 78' lang='lat' dir='ltr'><strong>lia-c</strong></span> 
     </span>
    </p>
   </div>
   <div class='ocr_carea' id='block_1_100' title="bbox 268 4815 1835 4893">
    <p class='ocr_par' dir='ltr' id='par_1_100' title="bbox 268 4822 1835 4893">
     <span class='ocr_line' id='line_1_100' title="bbox 268 4822 1835 4893; baseline -0.004 -15"><span class='ocrx_word' id='word_1_762' title='bbox 268 4825 382 4885; x_wconf 77' lang='grc' dir='ltr'>δεῖς</span> <span class='ocrx_word' id='word_1_763' title='bbox 402 4839 417 4855; x_wconf 80' lang='grc'><strong>⁸</strong></span> <span class='ocrx_word' id='word_1_764' title='bbox 447 4826 496 4878; x_wconf 88' lang='grc' dir='ltr'><strong>εί</strong></span> <span class='ocrx_word' id='word_1_765' title='bbox 526 4825 584 4877; x_wconf 82' lang='grc' dir='ltr'>δὲ</span> <span class='ocrx_word' id='word_1_766' title='bbox 626 4824 923 4893; x_wconf 74' lang='grc' dir='ltr'>σιωπήσεις</span> <span class='ocrx_word' id='word_1_767' title='bbox 955 4823 1055 4886; x_wconf 82' lang='grc' dir='ltr'>ἐτι,</span> <span class='ocrx_word' id='word_1_768' title='bbox 1080 4822 1452 4892; x_wconf 77' lang='grc' dir='ltr'>ἀναϐοήσομαί</span> <span class='ocrx_word' id='word_1_769' title='bbox 1474 4838 1526 4873; x_wconf 89' lang='grc' dir='ltr'><strong>τι</strong></span> <span class='ocrx_word' id='word_1_770' title='bbox 1564 4822 1835 4891; x_wconf 64' lang='grc' dir='ltr'>τραγικὸν,</span> 
     </span>
    </p>
   </div>
   <div class='ocr_carea' id='block_1_101' title="bbox 1944 4815 3529 4893">
    <p class='ocr_par' dir='ltr' id='par_1_101' title="bbox 1948 4815 3529 4880">
     <span class='ocr_line' id='line_1_101' title="bbox 1948 4815 3529 4880; baseline -0.004 -11"><span class='ocrx_word' id='word_1_771' title='bbox 1948 4817 2153 4880; x_wconf 80' lang='lat' dir='ltr'><strong>omnia,</strong></span> <span class='ocrx_word' id='word_1_772' title='bbox 2189 4815 2321 4871; x_wconf 85' lang='lat' dir='ltr'><strong>siles</strong></span> <span class='ocrx_word' id='word_1_773' title='bbox 2368 4830 2499 4870; x_wconf 79' lang='lat' dir='ltr'><strong>vero</strong></span> <span class='ocrx_word' id='word_1_774' title='bbox 2542 4823 2749 4868; x_wconf 90' lang='lat' dir='ltr'><strong>tantum</strong></span> <span class='ocrx_word' id='word_1_775' title='bbox 2795 4829 2809 4865; x_wconf 88' lang='lat'><strong>:</strong></span> <span class='ocrx_word' id='word_1_776' title='bbox 2865 4821 3050 4866; x_wconf 80' lang='lat' dir='ltr'><strong>noster</strong></span> <span class='ocrx_word' id='word_1_777' title='bbox 3098 4822 3281 4866; x_wconf 90' lang='lat' dir='ltr'><strong>autem</strong></span> <span class='ocrx_word' id='word_1_778' title='bbox 3344 4823 3529 4864; x_wconf 83' lang='lat' dir='ltr'><strong>sermo</strong></span> 
     </span>
    </p>
   </div>
   <div class='ocr_carea' id='block_1_102' title="bbox 284 4903 1835 4984">
    <p class='ocr_par' dir='ltr' id='par_1_102' title="bbox 284 4910 1835 4984">
     <span class='ocr_line' id='line_1_102' title="bbox 284 4910 1835 4984; baseline -0.006 -13"><span class='ocrx_word' id='word_1_779' title='bbox 284 4916 397 4983; x_wconf 79' lang='grc' dir='ltr'><strong>Ἰὼ,</strong></span> <span class='ocrx_word' id='word_1_780' title='bbox 427 4917 550 4978; x_wconf 82' lang='grc' dir='ltr'>Ζεῦ,</span> <span class='ocrx_word' id='word_1_781' title='bbox 578 4917 775 4984; x_wconf 86' lang='grc' dir='ltr'>λέγων,</span> <span class='ocrx_word' id='word_1_782' title='bbox 797 4915 892 4967; x_wconf 72' lang='grc' dir='ltr'>καὶ</span> <span class='ocrx_word' id='word_1_783' title='bbox 918 4914 1071 4982; x_wconf 67' lang='grc' dir='ltr'>φιλία</span> <span class='ocrx_word' id='word_1_784' title='bbox 1105 4915 1194 4966; x_wconf 77' lang='grc' dir='ltr'>καὶ</span> <span class='ocrx_word' id='word_1_785' title='bbox 1224 4911 1411 4980; x_wconf 84' lang='grc' dir='ltr'>λόγοι·</span> <span class='ocrx_word' id='word_1_786' title='bbox 1455 4911 1712 4980; x_wconf 70' lang='grc' dir='ltr'>ἠδίκησθε</span> <span class='ocrx_word' id='word_1_787' title='bbox 1745 4910 1835 4979; x_wconf 69' lang='grc' dir='ltr'>μὲι</span> 
     </span>
    </p>
   </div>
   <div class='ocr_carea' id='block_1_103' title="bbox 1944 4903 3526 4984">
    <p class='ocr_par' dir='ltr' id='par_1_103' title="bbox 1952 4903 3526 4969">
     <span class='ocr_line' id='line_1_103' title="bbox 1952 4903 3526 4969; baseline -0.004 -9"><span class='ocrx_word' id='word_1_788' title='bbox 1952 4908 2131 4962; x_wconf 92' lang='lat' dir='ltr'><strong>nullus</strong></span> <span class='ocrx_word' id='word_1_789' title='bbox 2161 4924 2176 4962; x_wconf 91' lang='lat'><strong>:</strong></span> <span class='ocrx_word' id='word_1_790' title='bbox 2209 4908 2253 4962; x_wconf 89' lang='lat' dir='ltr'><strong>si</strong></span> <span class='ocrx_word' id='word_1_791' title='bbox 2287 4921 2416 4961; x_wconf 76' lang='lat' dir='ltr'><strong>vero</strong></span> <span class='ocrx_word' id='word_1_792' title='bbox 2446 4907 2666 4961; x_wconf 75' lang='lat' dir='ltr'><strong>siluer&#39;rs</strong></span> <span class='ocrx_word' id='word_1_793' title='bbox 2689 4907 2879 4965; x_wconf 87' lang='lat' dir='ltr'><strong>adhuc,</strong></span> <span class='ocrx_word' id='word_1_794' title='bbox 2920 4903 3232 4957; x_wconf 73' lang='lat' dir='ltr'><strong>exclatuabo</strong></span> <span class='ocrx_word' id='word_1_795' title='bbox 3264 4903 3526 4969; x_wconf 78' lang='lat' dir='ltr'><strong>Iragirr,0</strong></span> 
     </span>
    </p>
   </div>
   <div class='ocr_carea' id='block_1_104' title="bbox 269 4978 1835 5085">
    <p class='ocr_par' dir='ltr' id='par_1_104' title="bbox 269 4978 1835 5080">
     <span class='ocr_line' id='line_1_104' title="bbox 269 4978 1835 5080; baseline -0.008 -15"><span class='ocrx_word' id='word_1_796' title='bbox 269 4978 454 5080; x_wconf 56' lang='grc' dir='ltr'>ὑμείς·</span> <span class='ocrx_word' id='word_1_797' title='bbox 476 4978 743 5080; x_wconf 74' lang='grc' dir='ltr'>ἠδίκημαι</span> <span class='ocrx_word' id='word_1_798' title='bbox 760 4978 815 5060; x_wconf 82' lang='grc' dir='ltr'>δὲ</span> <span class='ocrx_word' id='word_1_799' title='bbox 845 4978 974 5075; x_wconf 65' lang='grc' dir='ltr'>ἐγω·</span> <span class='ocrx_word' id='word_1_800' title='bbox 995 5007 1023 5059; x_wconf 84' lang='grc' dir='ltr'>ὁ</span> <span class='ocrx_word' id='word_1_801' title='bbox 1050 5004 1105 5056; x_wconf 83' lang='grc' dir='ltr'>δὲ</span> <span class='ocrx_word' id='word_1_802' title='bbox 1127 4978 1325 5057; x_wconf 76' lang='grc' dir='ltr'>ἀδικῶν</span> <span class='ocrx_word' id='word_1_803' title='bbox 1346 4999 1413 5073; x_wconf 79' lang='grc' dir='ltr'>ἦν</span> <span class='ocrx_word' id='word_1_804' title='bbox 1436 4978 1524 5055; x_wconf 79' lang='grc' dir='ltr'>ὅτε</span> <span class='ocrx_word' id='word_1_805' title='bbox 1546 4978 1696 5071; x_wconf 85' lang='grc' dir='ltr'>φίλον</span> <span class='ocrx_word' id='word_1_806' title='bbox 1721 4978 1835 5054; x_wconf 83' lang='grc' dir='ltr'>ἐκά-</span> 
     </span>
    </p>
   </div>
   <div class='ocr_carea' id='block_1_105' title="bbox 1944 4978 3570 5085">
    <p class='ocr_par' dir='ltr' id='par_1_105' title="bbox 1948 4978 3570 5085">
     <span class='ocr_line' id='line_1_105' title="bbox 1948 4978 3570 5085; baseline -0.008 -33"><span class='ocrx_word' id='word_1_807' title='bbox 1948 5000 2179 5066; x_wconf 81' lang='lat' dir='ltr'><strong>.lnpiter,</strong></span> <span class='ocrx_word' id='word_1_808' title='bbox 2212 4999 2398 5053; x_wconf 83' lang='lat' dir='ltr'><strong>dicens</strong></span> <span class='ocrx_word' id='word_1_809' title='bbox 2439 5008 2493 5051; x_wconf 86' lang='lat' dir='ltr'><strong>et</strong></span> <span class='ocrx_word' id='word_1_810' title='bbox 2521 4998 2756 5050; x_wconf 83' lang='lat' dir='ltr'><strong>amicitia</strong></span> <span class='ocrx_word' id='word_1_811' title='bbox 2790 5006 2843 5050; x_wconf 89' lang='lat' dir='ltr'><strong>et</strong></span> <span class='ocrx_word' id='word_1_812' title='bbox 2876 4997 3036 5050; x_wconf 79' lang='lat' dir='ltr'><strong>verba</strong></span> <span class='ocrx_word' id='word_1_813' title='bbox 3067 5012 3081 5049; x_wconf 90' lang='lat'><strong>:</strong></span> <span class='ocrx_word' id='word_1_814' title='bbox 3116 4996 3269 5048; x_wconf 87' lang='lat' dir='ltr'><strong>vobis</strong></span> <span class='ocrx_word' id='word_1_815' title='bbox 3307 4978 3570 5085; x_wconf 41' lang='lat' dir='ltr'><strong>quidemi</strong></span> 
     </span>
    </p>
   </div>
   <div class='ocr_carea' id='block_1_106' title="bbox 270 5084 1835 5265">
    <p class='ocr_par' dir='ltr' id='par_1_106' title="bbox 270 5098 1683 5169">
     <span class='ocr_line' id='line_1_106' title="bbox 270 5098 1683 5169; baseline 0.001 -21"><span class='ocrx_word' id='word_1_816' title='bbox 270 5104 374 5154; x_wconf 62' lang='grc' dir='ltr'><strong>Αεγ</strong></span> <span class='ocrx_word' id='word_1_817' title='bbox 411 5099 504 5155; x_wconf 77' lang='grc' dir='ltr'>νῦν</span> <span class='ocrx_word' id='word_1_818' title='bbox 527 5100 633 5169; x_wconf 68' lang='grc' dir='ltr'>γὰρ</span> <span class='ocrx_word' id='word_1_819' title='bbox 652 5098 856 5151; x_wconf 80' lang='grc' dir='ltr'>οὐκέτι.</span> <span class='ocrx_word' id='word_1_820' title='bbox 1679 5135 1683 5139; x_wconf 58' lang='grc' dir='ltr'><strong>ι</strong></span> 
     </span>
    </p>
   </div>
   <div class='ocr_carea' id='block_1_107' title="bbox 1944 5084 3587 5265">
    <p class='ocr_par' dir='ltr' id='par_1_107' title="bbox 1952 5084 3587 5265">
     <span class='ocr_line' id='line_1_107' title="bbox 1952 5084 3524 5157; baseline -0.007 -12"><span class='ocrx_word' id='word_1_821' title='bbox 1952 5091 2147 5157; x_wconf 84' lang='lat' dir='ltr'><strong>injuria</strong></span> <span class='ocrx_word' id='word_1_822' title='bbox 2189 5087 2287 5143; x_wconf 88' lang='lat' dir='ltr'><strong>fuit</strong></span> <span class='ocrx_word' id='word_1_823' title='bbox 2317 5090 2509 5144; x_wconf 86' lang='lat' dir='ltr'><strong>illata:</strong></span> <span class='ocrx_word' id='word_1_824' title='bbox 2558 5090 2688 5142; x_wconf 89' lang='lat' dir='ltr'><strong>mihi</strong></span> <span class='ocrx_word' id='word_1_825' title='bbox 2732 5098 2911 5141; x_wconf 84' lang='lat' dir='ltr'><strong>autent</strong></span> <span class='ocrx_word' id='word_1_826' title='bbox 2967 5086 3068 5154; x_wconf 83' lang='lat' dir='ltr'><strong>ipsi</strong></span> <span class='ocrx_word' id='word_1_827' title='bbox 3103 5100 3116 5138; x_wconf 92' lang='lat'><strong>:</strong></span> <span class='ocrx_word' id='word_1_828' title='bbox 3154 5084 3524 5154; x_wconf 76' lang='lat' dir='ltr'><strong>injuriantau-</strong></span> 
     </span>
     <span class='ocr_line' id='line_1_108' title="bbox 1954 5090 3587 5265; baseline -0.004 -31"><span class='ocrx_word' id='word_1_829' title='bbox 1954 5194 2057 5235; x_wconf 70' lang='lat' dir='ltr'><strong>tvm</strong></span> <span class='ocrx_word' id='word_1_830' title='bbox 2090 5183 2328 5234; x_wconf 81' lang='lat' dir='ltr'><strong>inferens</strong></span> <span class='ocrx_word' id='word_1_831' title='bbox 2367 5190 2488 5233; x_wconf 83' lang='lat' dir='ltr'><strong>erat</strong></span> <span class='ocrx_word' id='word_1_832' title='bbox 2525 5196 2649 5235; x_wconf 89' lang='lat' dir='ltr'><strong>cum</strong></span> <span class='ocrx_word' id='word_1_833' title='bbox 2690 5193 2775 5232; x_wconf 82' lang='lat' dir='ltr'><strong>me</strong></span> <span class='ocrx_word' id='word_1_834' title='bbox 2802 5179 3037 5232; x_wconf 84' lang='lat' dir='ltr'><strong>amicum</strong></span> <span class='ocrx_word' id='word_1_835' title='bbox 3081 5177 3306 5230; x_wconf 75' lang='lat' dir='ltr'><strong>meabat</strong></span> <span class='ocrx_word' id='word_1_836' title='bbox 3336 5193 3351 5228; x_wconf 87' lang='lat'><strong>:</strong></span> <span class='ocrx_word' id='word_1_837' title='bbox 3387 5090 3587 5265; x_wconf 71' lang='lat' dir='ltr'><strong>nutth</strong></span> 
     </span>
    </p>
   </div>
   <div class='ocr_carea' id='block_1_108' title="bbox 3550 4963 3562 4972">
    <p class='ocr_par' dir='ltr' id='par_1_108' title="bbox 3550 4963 3562 4972">
     <span class='ocr_line' id='line_1_109' title="bbox 3550 4963 3562 4972; baseline 0 0"><span class='ocrx_word' id='word_1_838' title='bbox 3550 4963 3562 4972; x_wconf 75' lang='grc' dir='ltr'><strong>ο</strong></span> 
     </span>
    </p>
   </div>
   <div class='ocr_carea' id='block_1_109' title="bbox 1954 5177 3530 5235">
    <p class='ocr_par' dir='ltr' id='par_1_109' title="bbox 1954 5177 3530 5235">
     <span class='ocr_line' id='line_1_110' title="bbox 1954 5177 3530 5235; baseline -0.004 -1"><span class='ocrx_word' id='word_1_839' title='bbox 1954 5194 2057 5235; x_wconf 68' lang='lat' dir='ltr'><strong>tvm</strong></span> <span class='ocrx_word' id='word_1_840' title='bbox 2090 5183 2328 5234; x_wconf 88' lang='lat' dir='ltr'><strong>inferens</strong></span> <span class='ocrx_word' id='word_1_841' title='bbox 2367 5190 2488 5233; x_wconf 84' lang='lat' dir='ltr'><strong>erat</strong></span> <span class='ocrx_word' id='word_1_842' title='bbox 2525 5196 2649 5235; x_wconf 92' lang='lat' dir='ltr'><strong>cum</strong></span> <span class='ocrx_word' id='word_1_843' title='bbox 2690 5193 2775 5232; x_wconf 87' lang='lat' dir='ltr'><strong>me</strong></span> <span class='ocrx_word' id='word_1_844' title='bbox 2802 5179 3037 5232; x_wconf 86' lang='lat' dir='ltr'><strong>amicum</strong></span> <span class='ocrx_word' id='word_1_845' title='bbox 3081 5177 3306 5230; x_wconf 82' lang='lat' dir='ltr'><strong>voeabat</strong></span> <span class='ocrx_word' id='word_1_846' title='bbox 3336 5193 3351 5228; x_wconf 87' lang='lat'><strong>:</strong></span> <span class='ocrx_word' id='word_1_847' title='bbox 3387 5189 3530 5227; x_wconf 79' lang='lat' dir='ltr'><strong>nunc</strong></span> 
     </span>
    </p>
   </div>
   <div class='ocr_carea' id='block_1_110' title="bbox 1952 5272 2524 5341">
    <p class='ocr_par' dir='ltr' id='par_1_110' title="bbox 1952 5272 2524 5341">
     <span class='ocr_line' id='line_1_111' title="bbox 1952 5272 2524 5341; baseline 0 -15"><span class='ocrx_word' id='word_1_848' title='bbox 1952 5276 2096 5327; x_wconf 87' lang='lat' dir='ltr'><strong>enim</strong></span> <span class='ocrx_word' id='word_1_849' title='bbox 2131 5289 2234 5327; x_wconf 87' lang='lat' dir='ltr'><strong>non</strong></span> <span class='ocrx_word' id='word_1_850' title='bbox 2269 5272 2524 5341; x_wconf 75' lang='lat' dir='ltr'><strong>amplius.</strong></span> 
     </span>
    </p>
   </div>
   <div class='ocr_carea' id='block_1_111' title="bbox 2468 5356 3000 5415">
    <p class='ocr_par' dir='ltr' id='par_1_111' title="bbox 2468 5356 3000 5415">
     <span class='ocr_line' id='line_1_112' title="bbox 2468 5356 3000 5415; baseline -0.002 -1"><span class='ocrx_word' id='word_1_851' title='bbox 2468 5358 2704 5415; x_wconf 70' lang='lat' dir='ltr'><strong>‘XXXV.</strong></span> <span class='ocrx_word' id='word_1_852' title='bbox 2740 5356 3000 5415; x_wconf 72' lang='lat' dir='ltr'><strong>JOANNI.</strong></span> 
     </span>
    </p>
   </div>
   <div class='ocr_carea' id='block_1_112' title="bbox 2029 5450 3528 5518">
    <p class='ocr_par' dir='ltr' id='par_1_112' title="bbox 2029 5450 3528 5518">
     <span class='ocr_line' id='line_1_113' title="bbox 2029 5450 3528 5518; baseline -0.009 -9"><span class='ocrx_word' id='word_1_853' title='bbox 2029 5455 2085 5509; x_wconf 80' lang='lat' dir='ltr'><strong>Si</strong></span> <span class='ocrx_word' id='word_1_854' title='bbox 2148 5454 2444 5509; x_wconf 80' lang='lat' dir='ltr'><strong>amicitiam</strong></span> <span class='ocrx_word' id='word_1_855' title='bbox 2510 5456 2789 5518; x_wconf 81' lang='lat' dir='ltr'><strong>deceptam</strong></span> <span class='ocrx_word' id='word_1_856' title='bbox 2838 5454 3177 5505; x_wconf 79' lang='lat' dir='ltr'><strong>tletuonstrct</strong></span> <span class='ocrx_word' id='word_1_857' title='bbox 3230 5450 3528 5515; x_wconf 74' lang='lat' dir='ltr'><strong>silentium,</strong></span> 
     </span>
    </p>
   </div>
   <div class='ocr_carea' id='block_1_113' title="bbox 1956 5544 3529 5613">
    <p class='ocr_par' dir='ltr' id='par_1_113' title="bbox 1956 5544 3529 5613">
     <span class='ocr_line' id='line_1_114' title="bbox 1956 5544 3529 5613; baseline -0.006 -10"><span class='ocrx_word' id='word_1_858' title='bbox 1956 5562 2178 5603; x_wconf 80' lang='lat' dir='ltr'><strong>necesse</strong></span> <span class='ocrx_word' id='word_1_859' title='bbox 2209 5556 2292 5599; x_wconf 73' lang='lat' dir='ltr'><strong>(‘aI</strong></span> <span class='ocrx_word' id='word_1_860' title='bbox 2328 5562 2496 5613; x_wconf 70' lang='lat' dir='ltr'><strong>usque</strong></span> <span class='ocrx_word' id='word_1_861' title='bbox 2521 5546 2584 5596; x_wconf 87' lang='lat' dir='ltr'><strong>ad</strong></span> <span class='ocrx_word' id='word_1_862' title='bbox 2611 5546 2771 5597; x_wconf 74' lang='lat' dir='ltr'><strong>Verba</strong></span> <span class='ocrx_word' id='word_1_863' title='bbox 2804 5544 2975 5609; x_wconf 86' lang='lat' dir='ltr'><strong>ipsam</strong></span> <span class='ocrx_word' id='word_1_864' title='bbox 3007 5559 3220 5610; x_wconf 81' lang='lat' dir='ltr'><strong>semper</strong></span> <span class='ocrx_word' id='word_1_865' title='bbox 3246 5552 3529 5599; x_wconf 77' lang='lat' dir='ltr'><strong>constare:</strong></span> 
     </span>
    </p>
   </div>
   <div class='ocr_carea' id='block_1_114' title="bbox 1963 5635 3526 5709">
    <p class='ocr_par' dir='ltr' id='par_1_114' title="bbox 1963 5635 3526 5709">
     <span class='ocr_line' id='line_1_115' title="bbox 1963 5635 3526 5709; baseline -0.007 -14"><span class='ocrx_word' id='word_1_866' title='bbox 1963 5640 2231 5709; x_wconf 82' lang='lat' dir='ltr'><strong>siquidem</strong></span> <span class='ocrx_word' id='word_1_867' title='bbox 2283 5638 2400 5693; x_wconf 86' lang='lat' dir='ltr'><strong>istis</strong></span> <span class='ocrx_word' id='word_1_868' title='bbox 2453 5645 2506 5690; x_wconf 76' lang='grc' dir='ltr'><strong>ιι</strong></span> <span class='ocrx_word' id='word_1_869' title='bbox 2559 5638 2874 5690; x_wconf 63' lang='grc' dir='ltr'>ιιιιδιξιιιιιηιε</span> <span class='ocrx_word' id='word_1_870' title='bbox 2928 5636 3191 5690; x_wconf 70' lang='lat' dir='ltr'><strong>exsistere</strong></span> <span class='ocrx_word' id='word_1_871' title='bbox 3246 5635 3526 5702; x_wconf 86' lang='lat' dir='ltr'><strong>probatur.</strong></span> 
     </span>
    </p>
   </div>
   <div class='ocr_carea' id='block_1_115' title="bbox 1970 5724 3525 5800">
    <p class='ocr_par' dir='ltr' id='par_1_115' title="bbox 1970 5724 3525 5800">
     <span class='ocr_line' id='line_1_116' title="bbox 1970 5724 3525 5800; baseline -0.004 -18"><span class='ocrx_word' id='word_1_872' title='bbox 1970 5732 2131 5800; x_wconf 71' lang='lat' dir='ltr'><strong>igitur</strong></span> <span class='ocrx_word' id='word_1_873' title='bbox 2164 5740 2332 5784; x_wconf 64' lang='lat' dir='ltr'><strong>re&gt;tat</strong></span> <span class='ocrx_word' id='word_1_874' title='bbox 2372 5739 2424 5783; x_wconf 85' lang='lat' dir='ltr'><strong>ct</strong></span> <span class='ocrx_word' id='word_1_875' title='bbox 2461 5729 2784 5784; x_wconf 70' lang='lat' dir='ltr'><strong>ttmlrvnhnn</strong></span> <span class='ocrx_word' id='word_1_876' title='bbox 2822 5731 3054 5782; x_wconf 78' lang='lat' dir='ltr'><strong>amicum</strong></span> <span class='ocrx_word' id='word_1_877' title='bbox 3091 5727 3403 5781; x_wconf 60' lang='lat' dir='ltr'><strong>existimare</strong></span> <span class='ocrx_word' id='word_1_878' title='bbox 3436 5724 3525 5799; x_wconf 81' lang='lat' dir='ltr'><strong>qui</strong></span> 
     </span>
    </p>
   </div>
   <div class='ocr_carea' id='block_1_116' title="bbox 854 5362 1300 5432">
    <p class='ocr_par' dir='ltr' id='par_1_116' title="bbox 854 5362 1300 5432">
     <span class='ocr_line' id='line_1_117' title="bbox 854 5362 1300 5432; baseline 0 -15"><span class='ocrx_word' id='word_1_879' title='bbox 854 5364 976 5417; x_wconf 82' lang='lat' dir='ltr'><strong>AE&#39;.</strong></span> <span class='ocrx_word' id='word_1_880' title='bbox 1017 5362 1300 5432; x_wconf 71' lang='lat' dir='ltr'><strong>toANNn.</strong></span> 
     </span>
    </p>
   </div>
   <div class='ocr_carea' id='block_1_117' title="bbox 348 5454 1850 5532">
    <p class='ocr_par' dir='ltr' id='par_1_117' title="bbox 348 5454 1850 5532">
     <span class='ocr_line' id='line_1_118' title="bbox 348 5454 1850 5532; baseline -0.001 -23"><span class='ocrx_word' id='word_1_881' title='bbox 348 5462 411 5515; x_wconf 75' lang='lat' dir='ltr'><strong>Ei</strong></span> <span class='ocrx_word' id='word_1_882' title='bbox 441 5461 542 5532; x_wconf 77' lang='grc' dir='ltr'>τὴν</span> <span class='ocrx_word' id='word_1_883' title='bbox 568 5459 750 5527; x_wconf 79' lang='grc' dir='ltr'>φιλίαν</span> <span class='ocrx_word' id='word_1_884' title='bbox 780 5456 1120 5525; x_wconf 69' lang='grc' dir='ltr'>ἐψευσμένην</span> <span class='ocrx_word' id='word_1_885' title='bbox 1148 5455 1388 5507; x_wconf 83' lang='grc' dir='ltr'>δείκνυσι</span> <span class='ocrx_word' id='word_1_886' title='bbox 1432 5454 1493 5505; x_wconf 84' lang='grc' dir='ltr'>τὸ</span> <span class='ocrx_word' id='word_1_887' title='bbox 1541 5454 1718 5524; x_wconf 84' lang='grc' dir='ltr'>σιγᾷν,</span> <span class='ocrx_word' id='word_1_888' title='bbox 1757 5456 1850 5507; x_wconf 81' lang='grc' dir='ltr'><strong>ἁν-</strong></span> 
     </span>
    </p>
   </div>
   <div class='ocr_carea' id='block_1_118' title="bbox 266 5545 1853 5623">
    <p class='ocr_par' dir='ltr' id='par_1_118' title="bbox 266 5545 1853 5623">
     <span class='ocr_line' id='line_1_119' title="bbox 266 5545 1853 5623; baseline -0.006 -15"><span class='ocrx_word' id='word_1_889' title='bbox 266 5556 423 5623; x_wconf 79' lang='grc' dir='ltr'>άγκη</span> <span class='ocrx_word' id='word_1_890' title='bbox 458 5554 634 5623; x_wconf 79' lang='grc' dir='ltr'>μέχριο</span> <span class='ocrx_word' id='word_1_891' title='bbox 653 5550 826 5617; x_wconf 70' lang='grc' dir='ltr'>λόγων</span> <span class='ocrx_word' id='word_1_892' title='bbox 852 5548 1023 5617; x_wconf 73' lang='grc' dir='ltr'>αὑτὴν</span> <span class='ocrx_word' id='word_1_893' title='bbox 1052 5547 1139 5600; x_wconf 77' lang='grc' dir='ltr'><strong>ἀεὶ</strong></span> <span class='ocrx_word' id='word_1_894' title='bbox 1168 5546 1489 5604; x_wconf 74' lang='grc' dir='ltr'>συνεστάναι</span> <span class='ocrx_word' id='word_1_895' title='bbox 1512 5560 1526 5577; x_wconf 80' lang='grc'><em>’</em></span> <span class='ocrx_word' id='word_1_896' title='bbox 1563 5545 1617 5597; x_wconf 78' lang='grc' dir='ltr'>εἴ</span> <span class='ocrx_word' id='word_1_897' title='bbox 1643 5562 1704 5613; x_wconf 90' lang='grc' dir='ltr'><strong>γε</strong></span> <span class='ocrx_word' id='word_1_898' title='bbox 1733 5545 1853 5598; x_wconf 80' lang='grc' dir='ltr'>τού-</span> 
     </span>
    </p>
   </div>
   <div class='ocr_carea' id='block_1_119' title="bbox 266 5635 1851 5710">
    <p class='ocr_par' dir='ltr' id='par_1_119' title="bbox 266 5635 1851 5710">
     <span class='ocr_line' id='line_1_120' title="bbox 266 5635 1851 5710; baseline -0.008 -10"><span class='ocrx_word' id='word_1_899' title='bbox 266 5662 387 5700; x_wconf 84' lang='grc' dir='ltr'><strong>των</strong></span> <span class='ocrx_word' id='word_1_900' title='bbox 416 5645 663 5698; x_wconf 78' lang='grc' dir='ltr'>ἀπόντων</span> <span class='ocrx_word' id='word_1_901' title='bbox 693 5642 992 5710; x_wconf 75' lang='grc' dir='ltr'>ἐλέγχεται,</span> <span class='ocrx_word' id='word_1_902' title='bbox 1011 5636 1205 5690; x_wconf 71' lang='grc' dir='ltr'>οὐκοῦν</span> <span class='ocrx_word' id='word_1_903' title='bbox 1232 5635 1473 5688; x_wconf 84' lang='grc' dir='ltr'>λείπεται</span> <span class='ocrx_word' id='word_1_904' title='bbox 1494 5636 1586 5689; x_wconf 73' lang='grc' dir='ltr'><strong>καὶ</strong></span> <span class='ocrx_word' id='word_1_905' title='bbox 1613 5637 1701 5688; x_wconf 78' lang='grc' dir='ltr'>τὸν</span> <span class='ocrx_word' id='word_1_906' title='bbox 1728 5636 1851 5688; x_wconf 69' lang='grc' dir='ltr'><strong>δυσ⁴</strong></span> 
     </span>
    </p>
   </div>
   <div class='ocr_carea' id='block_1_120' title="bbox 277 5728 1857 5806">
    <p class='ocr_par' dir='ltr' id='par_1_120' title="bbox 277 5728 1857 5806">
     <span class='ocr_line' id='line_1_121' title="bbox 277 5728 1857 5806; baseline -0.006 -14"><span class='ocrx_word' id='word_1_907' title='bbox 277 5738 420 5805; x_wconf 75' lang='grc' dir='ltr'>μενῆ</span> <span class='ocrx_word' id='word_1_908' title='bbox 464 5738 614 5806; x_wconf 72' lang='grc' dir='ltr'>φίλον</span> <span class='ocrx_word' id='word_1_909' title='bbox 662 5733 931 5805; x_wconf 75' lang='grc' dir='ltr'>ἡγεῖσθαι,</span> <span class='ocrx_word' id='word_1_910' title='bbox 994 5730 1150 5801; x_wconf 73' lang='grc' dir='ltr'>μόνον</span> <span class='ocrx_word' id='word_1_911' title='bbox 1221 5728 1303 5781; x_wconf 63' lang='grc' dir='ltr'><strong>ἀεὶ</strong></span> <span class='ocrx_word' id='word_1_912' title='bbox 1367 5728 1857 5797; x_wconf 64' lang='grc' dir='ltr'>φθέγγοιτο.Ἀλλ5ι</span> 
     </span>
    </p>
   </div>
  </div>
