3976 6210
541 278 675 343 εῖει

537 384 682 441 enim
712 386 1044 459 petentibus,
1068 386 1262 456 aliquis
1290 384 1427 453 apud
1461 398 1559 438 vos
1578 382 1882 443 custodem,
1919 380 2125 434 auxilio
2159 389 2198 438 Α

538 482 717 536 veniet
746 480 962 547 opinor,
993 492 1051 534 ut
1072 494 1195 533 eum
1235 477 1640 532 ministrantem
1693 473 1909 533 habeat,
1943 473 2025 525 vel
2075 482 2127 523 et

539 573 712 627 solum
761 571 1008 625 nutriat:
1040 570 1235 626 scitote
1281 569 1427 622 enim
1496 567 1648 621 illum
1706 564 1909 618 nullum
1977 565 2126 617 inre-

542 670 781 717 mentem
818 662 1140 729 subsidium,
1176 676 1280 715 non
1311 660 1471 714 finem
1509 674 1772 720 nugarum
1817 656 2123 735 facturum;

542 757 585 806 si
619 768 747 807 vero
783 752 987 816 aliquid
1013 753 1334 808 beneficium
1364 762 1623 820 expertus
1658 749 1783 812 erit,
1819 764 1928 817 quo
1957 756 2128 801 terra-

547 863 666 900 rum
729 846 957 915 gratiam
1008 860 1187 900 nonne
1246 841 1621 913 pervulgabit?
1669 840 1905 894 dimittet
1958 839 2126 901 enim,

545 937 712 998 mede,
746 937 1051 992 naturalem
1081 937 1342 1006 ineptiam
1376 944 1433 988 ιιι
1462 935 1653 1001 gratiae
1681 934 1967 988 iulmreat.

1052 1045 1216 1102 XLII.
1260 1044 1625 1100 PALLADIO.

615 1157 823 1214 Vestra!
870 1158 1153 1228 sapientia:
1182 1158 1411 1228 epistola
1444 1158 1559 1213 visa
1612 1156 1829 1227 quidem
1874 1153 2130 1209 omnibus

543 1251 695 1318 juxta
738 1265 942 1304 morem
1001 1251 1168 1304 movit
1209 1249 1450 1303 lmtitiam
1481 1266 1495 1304 :
1528 1264 1649 1303 cum
1694 1257 1875 1301 autem
1922 1249 2128 1317 scripta

547 1342 933 1407 cognoscendo
990 1343 1377 1407 habuerimus,
1429 1356 1616 1410 parum
1655 1340 1830 1396 abfuit
1884 1339 2014 1409 quin
2076 1348 2131 1394 et

547 1434 809 1505 lwcrymis
850 1418 1033 1503 ipsam
1083 1435 1507 1504 impleverimus.
1578 1433 1819 1500 Quorum
1872 1434 2014 1488 enim
2076 1441 2131 1487 et

547 1528 738 1590 gaudia
792 1527 1104 1582 communia
1163 1536 1289 1580 sunt
1318 1564 1333 1591 ,
1407 1540 1502 1582 eos
1542 1525 1587 1579 si
1635 1525 1764 1595 quid
1799 1537 1885 1578 ρει
1927 1523 2131 1577 doloris

547 1618 841 1687 participes
886 1632 1006 1673 esse
1066 1632 1291 1674 necesse
1347 1625 1429 1672 cst
1459 1635 1474 1673 :
1509 1616 1600 1671 sed
1657 1617 1777 1670 vide
1831 1630 1929 1685 per
1972 1615 2127 1677 deos,

545 1719 808 1775 quantum
837 1708 1052 1763 fortuna
1095 1718 1220 1778 agat
1245 1708 1666 1772 inconsiderate,
1700 1721 1805 1761 non
1841 1705 2023 1760 volens
2050 1705 2130 1758 di-
2162 1724 2204 1778 Β

541 1799 788 1866 judicare
824 1810 1002 1853 utrum
1033 1800 1204 1855 malos
1239 1810 1524 1869 percutere
1557 1797 1861 1861 fcstiuahit,
1892 1811 1958 1850 an
1998 1811 2129 1849 con-

550 1901 629 1942 tra
663 1891 832 1945 honos
875 1890 978 1944 tela
1018 1892 1228 1945 emittet
1269 1909 1280 1944 :
1311 1890 1355 1944 si
1389 1891 1533 1944 enim
1568 1892 1768 1944 virtute
1798 1904 1887 1943 res
1922 1887 2128 1958 ponde-

551 1991 825 2047 rarenter,
855 1997 961 2037 non
998 1982 1244 2051 profecto
1273 1982 1527 2051 injustam
1562 1983 1832 2035 fortunam
1881 1979 2134 2049 pertulis-

548 2088 642 2128 acs
670 2090 685 2136 ;
725 2089 869 2128 mute
915 2082 1096 2127 autem
1123 2089 1344 2126 uxorem
1365 2072 1549 2137 defles,
1582 2073 1879 2140 sapientem
1912 2071 2129 2139 quidem

552 2176 604 2219 ut
664 2180 877 2234 aequum
939 2174 1049 2230 est,
1100 2174 1155 2219 et
1185 2165 1398 2235 qualem
1441 2164 1669 2218 decebat
1720 2163 1838 2218 viro
1898 2164 2130 2233 sapienti

550 2257 854 2312 consociari
884 2274 899 2324 ;
928 2258 1070 2326 quod
1108 2272 1234 2311 vero
1269 2257 1504 2311 maxime
1529 2257 1805 2318 acerbum,
1844 2255 2130 2310 infantium

551 2358 801 2413 matrem,
841 2357 896 2403 et
948 2346 1236 2402 infantium
1276 2348 1550 2417 egentium
1609 2356 1804 2401 matre.
1899 2346 2032 2412 Quis
2068 2361 2131 2401 ca

552 2440 816 2503 audiens,
877 2453 982 2491 non
1044 2437 1243 2492 ﬂeret?
1294 2437 1428 2502 Quis
1481 2451 1613 2491 vero
1653 2451 1846 2505 passus
1898 2434 2136 2504 perferat

552 2548 661 2587 non
733 2534 1040 2588 consentire
1100 2529 1315 2585 tecum?
1371 2528 1697 2583 Persuasum
1751 2528 1897 2583 enim
1961 2529 2136 2583 habeo

554 2623 778 2689 perinde
792 2637 853 2675 ac
876 2622 919 2675 si
945 2622 1226 2675 Socratem
1251 2620 1604 2689 persuadens,
1622 2624 1911 2688 anteduam
1932 2618 2135 2689 aliquid

555 2727 750 2780 passus
781 2711 972 2775 fueris,
1014 2713 1148 2766 illud
1197 2713 1369 2781 ipsum
1414 2710 1580 2765 fuisse
1624 2720 1906 2778 expertum
1951 2712 2135 2774 rebus.

556 2803 725 2855 multa
760 2801 959 2857 similia
1000 2801 1295 2864 videntem,
1330 2808 1423 2853 attt
1456 2799 1624 2855 nmlta
1668 2811 1884 2855 narrata
1914 2801 2139 2855 audien-

557 2904 687 2960 tem,
721 2909 841 2962 qua:
876 2894 1020 2947 euim
1059 2908 1145 2946 res
1181 2893 1393 2945 funesta
1455 2891 1615 2946 nobis
1656 2906 1763 2944 non
1811 2891 2010 2959 abripit
2058 2892 2142 2945 vi-

558 2986 713 3039 tam?
752 2987 890 3052 Quid
922 2995 1100 3039 autem
1139 2985 1274 3039 mari
1307 2984 1481 3054 magis
1511 2984 1777 3038 domitum
1816 2984 2141 3038 exhibetur?

558 3077 647 3131 tlte
673 3077 890 3146 quidem
929 3076 1135 3130 tollitur
1169 3090 1417 3143 magnus,
1457 3075 1561 3129 iste
1591 3089 1721 3129 vero
1754 3075 1822 3128 ad
1854 3077 2140 3129 summita-
2167 3061 2211 3120 ο

558 3182 668 3225 tem
697 3180 992 3241 provectus
1015 3169 1231 3225 fortuna
1258 3171 1503 3239 proditus
1525 3179 1609 3224 est
1640 3180 1691 3224 et
1724 3169 1924 3224 cecidit
1956 3185 1970 3223 :
2002 3182 2141 3222 unus

558 3264 817 3327 senescit,
850 3271 1078 3316 mortem
1102 3270 1158 3314 ut
1188 3261 1443 3315 solatium
1494 3261 1805 3330 postulans;
1841 3260 1983 3315 alter
2016 3269 2143 3315 ante

553 3354 835 3419 juventam
863 3352 1072 3405 ablatus
1099 3363 1184 3405 est
1219 3368 1232 3404 :
1266 3366 1493 3404 uxorem
1524 3351 1673 3405 ducit
1718 3352 1941 3421 quidam
1979 3350 2141 3416 alius,

559 3455 875 3499 consortem
899 3444 1228 3497 lamentatur
1260 3460 1274 3496 :
1307 3444 1419 3497 haac
1464 3442 1676 3512 replent
1706 3445 1867 3496 vitam
1904 3460 1918 3495 :
1949 3451 2002 3497 et
2036 3441 2145 3496 llo-

563 3536 700 3591 meri
734 3537 1063 3590 confirmare
1111 3537 1356 3605 cogimur
1392 3538 1736 3599 sententiam,
1789 3549 1979 3605 nempe
2026 3549 2147 3603 qua:

563 3627 700 3683 nihil
732 3627 966 3681 debilius
996 3638 1135 3681 terra
1174 3630 1374 3681 nutriat
1427 3627 1646 3681 luuniue
1679 3642 1693 3680 :
1726 3627 1959 3698 undique
2000 3630 2143 3683 enim

560 3721 887 3773 observatur
914 3719 1048 3773 nihil
1086 3720 1345 3773 fmtunati
1405 3735 1723 3787 permanere
1770 3720 1907 3774 sicut
1936 3732 1989 3775 et
2022 3737 2148 3776 eve-

566 3816 647 3869 nit
678 3834 692 3870 :
724 3814 816 3868 sed
851 3813 894 3867 si
929 3813 1055 3881 quid
1088 3813 1383 3867 secundum
1420 3815 1660 3865 animum
1703 3814 1775 3867 sit
1814 3814 2144 3876 hominibus,

567 3921 783 3975 parum,
816 3904 1091 3974 inquiunt,
1120 3905 1436 3973 remane-bit
1469 3917 1523 3958 et
1561 3904 1739 3957 omnia
1771 3905 2014 3959 abibunt.
2046 3902 2149 3975 Igi-

562 4011 660 4054 tur
710 3999 1044 4070 spatiamur,
1095 3998 1226 4051 illud
1279 3997 1372 4052 Dei
1405 3999 1743 4067 providentia
1788 3999 2026 4064 permitti
2055 4013 2136 4053 co-

568 4092 817 4146 tuedatur
863 4100 920 4144 et
953 4091 1234 4144 voluntate
1283 4106 1404 4159 qua:
1456 4092 1678 4145 omnino
1736 4091 1874 4144 bene
1910 4089 2150 4160 disponit

571 4194 758 4239 nostra
796 4201 811 4238 :
852 4198 1190 4253 qumcunque
1239 4193 1417 4236 autem
1465 4182 1708 4249 perferre
1757 4182 1898 4236 Deus
1939 4182 2149 4237 dederit

570 4276 815 4336 futtiter,
845 4275 1064 4328 vincere
1115 4275 1367 4327 virtutem
1418 4289 1640 4329 necesse
1672 4282 1776 4336 est,
1830 4288 1929 4327 nec
1968 4274 2148 4327 omnia

572 4373 788 4425 tradere
814 4370 1048 4425 fortuna:
1083 4388 1098 4425 :
1138 4369 1267 4424 illud
1308 4370 1452 4423 enim
1485 4371 1641 4423 bouis
1671 4367 1986 4441 gloriosum,
2034 4367 2149 4421 auio

572 4477 719 4515 mum
747 4463 907 4517 rebus
926 4460 1227 4517 uou'obviis
1252 4477 1267 4515 :
1296 4460 1480 4531 itaque
1502 4461 1637 4516 satis
1661 4462 1732 4515 sit
1749 4460 2108 4529 lacrymarum
2136 4476 2151 4511 :

573 4571 679 4607 tum
715 4556 859 4609 enim
890 4555 1032 4608 illaut
1084 4554 1386 4626 postnlabis
1429 4563 1721 4623 antequam
1762 4552 1963 4622 aliquid
2012 4551 2157 4604 aliud

597 4647 773 4699 ualutn
829 4646 1105 4715 patiaris:
1143 4646 1440 4700 infantibus
1489 4653 1670 4699 autem
1727 4643 1849 4713 ipse
1883 4652 1936 4697 et
1985 4654 2158 4695 mater

582 4742 677 4791 +er
712 4755 726 4791 :
761 4747 815 4792 ct
850 4737 993 4791 Deus
1023 4752 1149 4807 Spes
1180 4737 1357 4805 quoad
1405 4737 1550 4805 ipsos
1586 4736 1830 4805 perficiet
1859 4735 2155 4789 voluntate.

1066 4848 1249 4904 XLIII.
1291 4846 1658 4905 NESTORIO.

644 4959 913 5016 Gaudium
950 4959 1133 5014 attulit
1168 4970 1257 5015 tua
1301 4959 1541 5029 jucunda
1597 4961 1763 5016 nimis
1799 4961 2053 5031 epistola.
2091 4977 2159 5017 ex

574 5069 679 5108 una
734 5064 886 5122 parte
936 5066 1205 5106 excusans
1260 5053 1579 5107 diuturnum
1646 5053 1970 5118 silentium,
2014 5052 2159 5123 quod

575 5158 885 5219 quanquam
914 5158 1056 5214 saepe
1084 5144 1426 5210 scripsisses,
1458 5144 1593 5198 bene
1624 5145 1755 5199 mihi
1788 5146 2000 5200 scilicet
2037 5161 2158 5200 ser-

576 5239 746 5293 vabas
797 5238 975 5293 donec
1026 5237 1240 5292 litteras
1297 5237 1481 5306 accepi
1523 5252 1635 5291 :ex
1680 5238 1852 5291 altera
1898 5248 1955 5292 et
2004 5236 2160 5293 valde

576 5335 985 5403 reprehendens
1019 5337 1160 5403 quod
1205 5334 1256 5387 in
1288 5333 1557 5404 principio
1601 5332 1877 5386 silentium
1931 5332 2116 5384 incusa

582 5425 701 5476 nam
734 5442 749 5479 :
779 5425 892 5480 luce
925 5429 1032 5479 duo
1061 5426 1191 5480 mihi
1228 5424 1487 5494 gaudium
1521 5423 1818 5477 attulerunt
1852 5435 1947 5490 per
1988 5428 2155 5474 deos:

584 5532 743 5571 unum
800 5519 946 5570 euiut
986 5527 1106 5570 erat
1158 5516 1389 5585 alicujus
1442 5529 1546 5568 non
1597 5513 1935 5568 delleetentis
1984 5513 2161 5580 quoad

584 5607 784 5660 anticus
814 5623 829 5661 :
859 5605 1084 5660 alterum
1112 5622 1219 5659 non
1261 5604 1498 5659 volentis
1523 5618 1760 5673 unquam
1802 5602 1925 5656 talis
1967 5617 2160 5655 occur-

617 5698 932 5751 .oz'e-victns
966 5695 1126 5764 igitur
1145 5695 1523 5750 fui’silentium
1549 5694 1807 5749 incusans
1841 5711 1852 5748 :
1886 5701 1937 5746 et
1971 5692 2159 5748 vellem

1855 269 2205 353 I'ROCOPII
2254 268 2494 331 eam

3681 264 3755 327 ΞἹ
3768 263 3838 323 59
3930 316 3931 329 χ

2233 380 2580 451 βουλομένοις
2612 381 2827 448 τυχεῖν·
2860 375 3013 445 ὑμῶν
3056 376 3163 446 γὰρ
3204 375 3507 429 αἰτούντων
3541 373 3837 428 ἐπινεύσει

2231 492 2281 526 τι
2301 492 2333 537 ·,
2348 469 2523 540 οἶμαι,
2540 471 2650 525 τῶν
2668 474 2796 542 παρ’
2818 470 2972 542 ὑμῶν
2986 468 3320 531 ἐπισκόπων,
3343 469 3376 539 ἦ
3400 463 3835 535 λειτουργοῦντα

2230 565 2420 619 τοῦτον
2454 563 2615 629 ἕξειν,
2640 564 2673 633 ἢ
2699 565 2793 617 καὶ
2827 564 2986 632 μόνον
3008 561 3376 631 τρεφόμενον·
3410 557 3524 611 ἴστε
3551 556 3612 610 δὲ
3637 558 3721 617 ὡς
3745 559 3836 609 καὶ

2234 655 2398 726 μηδὲν
2425 654 2825 721 ὠφελούμενος,
2857 655 2919 707 οὐ
2951 652 3185 707 παύεται
3206 651 3495 720 φλυαρῶνο
3529 651 3581 703 εί
3608 649 3669 702 δὲ
3690 648 3834 718 τύχῃ

2229 747 2376 810 τινδς
2405 746 2759 815 εὐεργεσίας.
2797 745 2899 799 ποῦ
2941 746 3134 799 τοῦτον
3165 745 3266 798 οὐκ
3294 744 3442 806 εἰκὸς
3470 742 3832 811 ἀνακηρύξαι

2229 838 2329 907 τὴν
2363 839 2553 907 χάριν;
2584 836 2854 890 ἀναλώσει
2879 836 3009 907 γὰρ,
3042 833 3220 904 οἶμαι,
3245 837 3345 906 τὴν
3374 836 3628 907 ἔμφυτον
3656 834 3834 905 φλυα-

2234 933 2355 1004 ρίαν
2385 935 2463 997 είς
2492 933 2552 985 τὸ
2576 933 2855 1002 μενείσθαι
2877 934 2975 1002 τῆς
3002 933 3242 1003 χάριτος.

2749 1023 2883 1080 am.
2924 1025 3295 1096 ΠΔΛΛΑΔΙῼ.
3930 1023 3931 1096 ι

2316 1114 2382 1169 Ἦ
2425 1115 2528 1185 τῆς
2574 1115 2848 1185 ὑμετέρας
2894 1116 3091 1183 σοφίας
3137 1115 3395 1185 ἐπιστολὴ
3425 1116 3692 1187 ὁρωμένη
3733 1113 3833 1184 μὲν

2233 1209 2439 1263 ἅπασιν
2469 1208 2641 1262 ἐκίνει
2675 1208 2926 1276 συνήθως
2953 1208 3055 1277 τὴν
3080 1208 3273 1278 ἡδονήν
3292 1227 3307 1241 υ
3337 1209 3414 1273 ὡς
3448 1208 3509 1262 δὲ
3536 1207 3641 1262 καὶ
3688 1224 3833 1277 μαν-

2234 1300 2417 1352 θάνειν
2446 1298 2554 1351 ἔδει
2583 1298 2651 1350 τά
2671 1297 3060 1368 γεγραμμένα,
3083 1296 3282 1369 μικροῦ
3310 1297 3422 1351 δεῖν
3449 1298 3545 1351 καὶ
3564 1296 3832 1366 δακρύων

2233 1386 2406 1459 αὐτὴν
2435 1385 2871 1458 ἐπληρώσαμεν·
2902 1380 2978 1439 ὧν
3023 1386 3132 1458 γάρ
3179 1388 3236 1440 αἱ
3285 1386 3593 1458 εὐπραγίαι
3623 1386 3831 1446 κοιναὶ,

2231 1479 2455 1543 τούτους
2486 1481 2581 1532 καὶ
2630 1480 2682 1533 et
2723 1495 2777 1532 τι
2820 1478 2981 1533 λυπεῖ
3025 1479 3277 1550 μετέχειν
3313 1479 3532 1544 πάντως
3564 1480 3831 1550 ἀνάγκη’

2234 1568 2348 1624 ἀλλ’
2382 1569 2484 1640 ὅρα
2537 1567 2674 1639 πρὸς
2706 1566 2867 1630 θεῶν,
2902 1566 2949 1620 ὣ
2997 1567 3161 1621 πόσον
3214 1569 3246 1637 ἠ
3291 1567 3428 1639 τύχη
3460 1569 3830 1633 νεανιεύεται,

2240 1658 2407 1730 μηδὲν
2441 1656 2702 1711 ἐθέλουσα
2732 1657 3050 1726 διακρίνειν,
3082 1659 3130 1710 εί
3159 1657 3376 1727 βάλλειν
3407 1658 3707 1725 ἐπείγεται
3734 1675 3834 1711 πο-

2232 1752 2431 1822 νηροὺς
2453 1792 2467 1814 ,
2506 1752 2555 1804 εί
2587 1752 2728 1805 κατά
2752 1750 3058 1804 σπουδαίων
3090 1751 3282 1821 ἀφίησι
3310 1751 3379 1804 τά
3405 1749 3765 1818 τοξεύματαί
3790 1752 3833 1803 εί

2232 1846 2341 1917 γὰρ
2366 1840 2434 1915 ἦν
2469 1845 2638 1914 ἀρετῇ
2674 1842 2991 1913 μετρεῖσθαι
3036 1843 3106 1897 τὰ
3141 1843 3469 1913 πράγματα,
3497 1843 3607 1896 οὒκ
3645 1843 3739 1906 ἂν,
3779 1838 3832 1895 εὖ
3930 1838 3931 1909 ξ

2234 1937 2364 2002 ἴσθι,
2402 1936 2503 2006 τῆς
2534 1934 2721 1988 ἀδίκου
2771 1933 2943 2005 τύχης
2969 1934 3305 2005 πεπείρασο’
3351 1934 3447 1988 νῦν
3486 1934 3548 1988 δὲ
3603 1935 3833 2003 γυναῖκα

2233 2030 2473 2100 θρηνεῖς,
2508 2028 2765 2097 σώφρονα
2814 2027 2932 2095 μὲν,
2960 2026 3034 2090 ὡς
3086 2028 3254 2090 εἰκὸς.
3285 2027 3381 2081 καὶ
3429 2027 3557 2082 οἷαν
3596 2027 3832 2097 ἔπρεπεν

2233 2120 2388 2191 ἀνδρὶ
2423 2118 2575 2188 σοφῷ
2612 2120 2885 2173 συνοικεῖν
2906 2135 2920 2149 ·
2952 2118 3015 2171 τὸ
3059 2119 3115 2172 δὲ
3146 2119 3454 2174 δεινότατον
3482 2119 3710 2173 παίδων
3738 2138 3831 2189 μη-

2232 2212 2391 2283 τέρα,
2420 2211 2515 2265 καὶ
2562 2210 2767 2264 τούτων
2819 2210 3180 2279 ἐπιδεομένων
3232 2211 3457 2281 μητρός.
3512 2210 3724 2263 Ταῦτα
3766 2210 3818 2271 ἀ

2240 2303 2339 2373 μὲν
2367 2302 2580 2356 ἀκούων
2599 2339 2616 2365 ,
2638 2303 2739 2356 οὐκ
2764 2303 2829 2357 ἂν
2853 2302 3142 2374 δακρύσειε
3164 2321 3178 2369 ;
3215 2302 3299 2366 τίς
3323 2303 3380 2356 δὲ
3417 2302 3624 2355 παθὼν
3657 2318 3823 2371 καρτε-

2239 2397 2324 2466 ρεῖ
2359 2397 2435 2465 μὴ
2464 2394 2690 2465 γνώμην
2716 2396 3023 2465 εὐτυχήσας
3063 2394 3163 2465 τὴν
3195 2396 3329 2463 σὴν;
3377 2393 3719 2462 Πέπεισμαι
3749 2395 3833 2461 γάρ

2235 2486 2367 2539 ὡσεὶ
2420 2486 2718 2557 Σωκράτην
2762 2487 3117 2558 πειθόμενος,
3153 2486 3282 2555 πρίν
3326 2505 3379 2540 τι
3428 2486 3671 2550 παθεῖν,
3727 2485 3838 2540 aia-.6

2237 2578 2595 2648 ἐνεγυμνάσω
2620 2580 2733 2641 τοῖς
2765 2580 3081 2649 πράγμασι,
3102 2577 3272 2632 πολλὰ
3296 2577 3398 2646 μὲν
3417 2577 3572 2649 ὁρῶν
3599 2576 3839 2639 τοιαῦτα,

2238 2670 2450 2723 πολλῶν
2478 2670 2535 2724 δὲ
2564 2671 2944 2742 διηγουμένων
2978 2672 3230 2726 ἀκούων·
3274 2671 3327 2725 τί
3369 2672 3480 2742 γάρ
3532 2672 3658 2725 τῶν
3701 2670 3845 2743 χαλε·

2240 2762 2357 2816 πῶν
2389 2765 2522 2834 ἡμῖν
2543 2763 2642 2816 οὐκ
2669 2762 2794 2831 ἄγει
2817 2764 2910 2817 τὸν
2942 2764 3090 2832 βίον;
3122 2764 3178 2817 τί
3216 2764 3273 2817 δὲ
3316 2764 3608 2830 θαλάττης
3641 2765 3847 2818 δείκνυ-

2243 2872 2325 2908 σιν
2356 2855 2705 2927 ἡμερώτερον
2725 2877 2740 2921 ;
2761 2860 2789 2911 ὁ
2814 2859 2911 2927 μὲν
2934 2857 3151 2929 αἴρεται
3176 2858 3348 2926 μέγας
3367 2874 3383 2889 ³
3408 2860 3438 2911 ὁ
3456 2856 3523 2910 δὲ
3550 2857 3706 2927 πρὸς
3728 2856 3849 2927 ὕψος

2244 2946 2415 3002 ἐλθὼν
2450 2948 2807 3019 προδιδοῦσαν
2837 2950 2963 3018 ἔσχε
3004 2949 3104 3020 τὴν
3147 2950 3349 3020 τύχην,
3380 2950 3482 3002 καὶ
3537 2949 3844 3002 nimum?

2246 3042 2339 3094 mi.
2381 3042 2410 3094 ὁ
2449 3040 2548 3110 μὲν
2576 3043 2726 3112 γηρᾷ
2754 3040 2848 3094 τὸν
2882 3041 3113 3096 θάνατον
3143 3044 3222 3106 είς
3249 3041 3627 3113 παραμυθίαν
3648 3041 3851 3094 αἰτῶν

2243 3135 2272 3188 ὁ
2301 3134 2358 3187 δὲ
2392 3134 2492 3205 πρὸ
2510 3133 2610 3203 τῆς
2633 3134 2773 3205 ἥϐης
2796 3135 3176 3206 ἀνήρπασται·
3199 3137 3372 3205 γαμεῖ
3393 3152 3483 3195 τις
3514 3134 3854 3203 ἒτερος,τὴν

2246 3223 2603 3278 συνοικοῦσαν
2628 3225 2913 3297 ὀδύρεται·
2955 3225 3127 3280 ταῦτα
3177 3226 3268 3280 τὸν
3318 3226 3436 3297 βίον
3479 3224 3739 3297 «lupa-1'
3767 3223 3852 3278 ut

2244 3315 2344 3384 τὴν
2376 3313 2618 3386 Ὀμήρου
2668 3316 2920 3386 βεϐαιοῦν
2966 3318 3247 3385 ἐπείγεται
3291 3316 3559 3386 γνώμην,
3589 3317 3676 3380 ὡς
3708 3318 3855 3371 ούᾶν

2245 3406 2594 3476 ἀκιδνότερον
2619 3408 2752 3471 γαῖα
2781 3406 2973 3476 τρέφει
3001 3407 3314 3478 ἀνθρώποιο
3332 3424 3346 3439 ο
3375 3407 3738 3477 πανταχόθεν
3758 3410 3854 3477 γάρ

2245 3495 2543 3567 ψηφίζεται
2573 3495 2632 3548 τὸ
2658 3496 2938 3564 δαιμόνιον
2962 3497 3129 3567 μηδὲν
3153 3499 3332 3566 μένειν
3355 3491 3477 3550 οἷον
3502 3498 3606 3551 καὶ
3631 3498 3856 3565 γέγονε·

2247 3588 2362 3641 ἀλλ’
2395 3588 2516 3643 εἴτι
2538 3589 2681 3642 κατά
2697 3589 2822 3642 νοῦν
2852 3590 3001 3643 ἐστιν
3031 3588 3359 3661 ἀνθρώποις,
3390 3589 3645 3659 Μικρὸν,
3671 3593 3857 3660 φησὶν,

2248 3682 2563 3750 ἀνάμεινον,
2589 3681 2684 3734 καὶ
2710 3681 2889 3734 πάντα
2915 3683 3195 3751 οἰχήσεται
3215 3698 3230 3714 ο
3272 3682 3334 3734 to
3382 3681 3485 3750 μὲν
3532 3677 3641 3735 οὖν
3674 3680 3861 3733 παθεῖν

2248 3773 2384 3826 Θεοῦ
2420 3773 2648 3844 προνοίᾳ
2691 3773 2947 3836 δεδόσθω,
2978 3773 3074 3826 καὶ
3120 3772 3351 3842 νεύματι
3396 3771 3637 3835 πάντως
3682 3771 3859 3833 καλῶς

2249 3865 2437 3933 ἄγοντι
2462 3864 2530 3917 τὰ
2558 3864 2808 3936 ἡμέτερα
2829 3881 2846 3897 ·
2879 3864 2941 3919 τὸ
2967 3864 3022 3918 δὲ
3049 3864 3236 3935 φέρειν
3254 3865 3282 3918 ὅ
3311 3882 3362 3916 τι
3394 3863 3463 3918 ἂν
3497 3865 3528 3916 δ
3562 3864 3714 3927 Θεὸς
3746 3862 3860 3933 διδῷ

2248 3957 2532 4025 γενναίως,
2562 3958 2721 4028 νικᾷν
2773 3955 2922 4010 ἔστιν
2952 3957 3154 4029 ἀρετὴν
3202 3957 3294 4010 καὶ
3329 3955 3406 4027 μὴ
3438 3955 3629 4009 πάντα
3664 3955 3859 4009 διδόναι

2249 4049 2315 4118 τῇ
2340 4047 2506 4118 τύχῃ·
2539 4046 2700 4101 τοῦτο
2734 4046 2845 4118 γάρ
2887 4049 3003 4110 τοῖς
3051 4047 3278 4116 ἀγαθοῖς
3303 4044 3784 4115 ἐγκαλλὼπισμα,
3806 4044 3859 4097 τὸ

2254 4140 2329 4208 μὴ
2373 4138 2473 4209 τὴν
2515 4138 2744 4209 γνώμην
2789 4138 3273 4210 συμμεταπίπτειν
3325 4138 3441 4200 τοῖς
3493 4136 3857 4208 πράγματι,-

2250 4228 2448 4283 ούκοῦν
2479 4229 2596 4293 ἃλις
2627 4227 2767 4281 ἔστω
2793 4228 3047 4299 δακρύων
3066 4245 3081 4260 ·
3113 4229 3175 4282 οὐ
3198 4228 3308 4298 γάρ
3333 4243 3425 4298 μιν
3450 4228 3717 4297 αἰτήσεις
3740 4226 3860 4297 πρξν

2250 4338 2304 4374 τι
2338 4319 2509 4373 κακὸν
2538 4319 2667 4373 ἄλλο
2692 4318 2989 4372 παυέσθαι·
3039 4319 3153 4378 τοῖς
3201 4317 3258 4369 δὲ
3309 4316 3503 4369 παισὶν
3551 4316 3727 4380 αὐτὸς
3774 4316 3862 4367 καὶ

2182 4403 2228 4459 ι)
2258 4412 2442 4483 μήτηρ
2475 4412 2766 4480 γενήσεται
2789 4428 2804 4442 υ
2852 4411 2947 4463 καὶ
2994 4409 3129 4475 Θεὸς
3161 4410 3263 4473 τὰς
3308 4407 3397 4462 ἐπ’
3422 4408 3611 4472 αὐτοῖς
3641 4408 3861 4467 ἐλπίδας

3885 4498 3892 4523 I

2259 4506 2337 4569 είς
2367 4503 2529 4577 ἔργον
2556 4505 2674 4570 ἄξει
2696 4503 2776 4576 τῷ
2805 4502 3062 4575 νεύματι.

2781 4764 2915 4825 Ml".
2956 4766 3321 4837 ΝΕΣΤΟΡΙῼ.

2334 4862 2547 4935 Ἥσθην
2583 4879 2678 4916 σου
2729 4863 2797 4933 τῇ
2845 4861 2986 4928 καλῇ
3032 4859 3129 4914 καὶ
3178 4857 3301 4911 λίαν
3346 4855 3637 4926 ἐπιστολῇ,
3665 4854 3741 4908 τὰ
3773 4853 3866 4924 μὲν

2260 4956 2674 5028 ἀπολογουμένῃ
2704 4954 2834 5024 περὶ
2875 4954 2973 5022 τῆς
3026 4951 3247 5022 μακρᾶς
3279 4952 3516 5020 σιωπῆς.
3554 4950 3631 5019 ἣν
3684 4950 3737 5000 εί
3779 4948 3864 4997 καὶ

2263 5045 2527 5111 πολλάκις
2557 5046 2886 5118 ὲγεγράφεις
2907 5085 2922 5109 ,
2955 5039 3015 5097 εὖ
3064 5061 3154 5113 μοι
3183 5044 3316 5111 γοῦν
3346 5042 3539 5109 ἐσίγας
3570 5038 3751 5110 μέχρι
3777 5036 3865 5095 τὰς

2263 5139 2555 5202 ἐπιστολὰς
2588 5139 2888 5207 ἐδεξάμην·
2927 5136 2995 5190 τά
3033 5135 3091 5188 δὲ
3137 5136 3234 5188 καὶ
3266 5134 3384 5188 λίαν
3412 5130 3769 5202 ἐπιτιμιὶισῃ,
3796 5130 3863 5180 ἃτ-

2265 5250 2359 5286 σου
2392 5231 2492 5303 τὴν
2518 5231 2692 5301 ἀρχὴν
2724 5230 3016 5284 ἐνεκάλουν
3048 5230 3240 5297 σιγήν·
3272 5225 3449 5296 ἣσθην
3475 5225 3654 5293 ἄμφω
3685 5221 3867 5277 ταῦτα.

2267 5323 2344 5393 μὰ
2372 5322 2499 5385 τοὺς
2535 5322 2718 5385 θεούς’
2750 5323 2811 5374 τὸ
2847 5323 2945 5393 μὲν
2970 5322 3077 5391 γάρ
3104 5321 3200 5389 οὐχ
3233 5318 3623 5389 ἡμαρτηκότος
3655 5312 3733 5386 ἦν
3756 5329 3851 5376 περ

2264 5416 2453 5485 φίλους
2476 5431 2488 5444 ·
2519 5415 2582 5467 τὸ
2612 5414 2668 5467 δὲ
2695 5414 2828 5485 μηδέ
2876 5413 3209 5484 βουλομένου
3240 5411 3486 5464 τοιούτου
3523 5412 3723 5477 τυχεῖν
3742 5425 3756 5436 ·
3785 5406 3868 5470 ἦτ-

2263 5526 2437 5579 τημαι
2466 5508 2644 5561 τοίνυν
2677 5505 2892 5577 σιωπὴν
2940 5504 3240 5573 ἐγκαλέσας
3263 5519 3278 5531 ·
3323 5502 3421 5554 καὶ
3468 5500 3783 5571 βουλοίμην
3818 5493 3871 5547 Iri

2265 5601 2556 5663 διαπαντὸς
2608 5600 2666 5652 ἐν
2710 5596 2887 5668 τούτῳ
2940 5597 3231 5651 νικᾶσθαι’
3271 5594 3536 5661 δέδεγμαι
3567 5591 3623 5646 δέ
3664 5588 3870 5645 σουτέ

2269 5693 2555 5758 ἐπιστολὰς
2605 5691 2783 5767 χρόνῳ
2837 5691 2931 5747 καί
2988 5692 3179 5763 guilt,“
3241 5688 3337 5743 καὶ
3388 5689 3423 5759 ἦ
3473 5703 3540 5755 γε
3600 5683 3772 5754 παρὰ
3796 5676 3868 5732 δεῖ
