3976 6210
169 246 314 314 2753
1613 246 1737 305 ΕΡΙ

1854 245 2022 305 )Ldi.
3302 251 3443 316 275i

166 363 364 435 πρώτη
414 364 546 433 πρὶς
593 363 739 431 qui;
792 361 1017 429 ἀφῖκται
1064 364 1321 431 δευτέρα·
1376 364 1465 415 σὸν
1508 364 1550 415 δ’
1578 365 1640 415 ἂν
1677 364 1745 413 εἴτ

1869 377 2084 425 semper
2144 360 2194 411 itt
2270 361 2372 413 hoc
2427 360 2565 414 \lt20i
2601 378 2613 415 :
2649 364 2821 431 recepi
2890 373 3007 417 tuas
3056 366 3260 419 litteras
3323 379 3443 422 latt-

167 458 415 520 σκοπεῖν,
441 457 516 517 ὡς
543 456 589 506 εί
616 454 788 505 δοκῶν
821 453 1126 507 ἀδικεῖσθαι
1159 454 1411 506 τοσοῦτον
1441 456 1745 524 κατηγορῶ,

1860 454 1981 505 dem
2046 461 2098 506 et
2144 451 2407 505 diuit-ile:
2462 462 2517 507 et
2569 454 2755 521 primae
2810 471 2943 525 quas
2985 458 3180 513 tnisisti
3226 461 3293 513 ad
3340 476 3444 514 nos

165 549 246 612 τίς
278 547 343 601 ἂν
372 546 630 615 γενοίμην
662 546 829 607 ὅντως
861 544 1083 609 ualida);

701 812 829 864 MA'.
875 809 1209 880 meum.

234 906 307 958 Σὺ
341 904 439 975 μὲν
474 901 554 954 ἔτι
596 904 784 970 σιγᾷς·
839 901 934 953 καὶ
973 900 1147 953 ταῦτα
1191 901 1289 969 τὴν
1319 901 1535 969 Δάφνην
1565 900 1750 959 οἰκῶν.

164 991 227 1045 τὸ
272 989 432 1043 λάλον
480 987 626 1057 ὕδωρ
668 989 847 1040 ἐκεῖνο
892 987 989 1041 καὶ
1039 990 1337 1058 μαντικόν·
1366 989 1475 1057 ἐγὼ
1503 991 1559 1044 δὲ
1591 990 1752 1043 πάλιν

165 1082 489 1155 περισκοπῶ
517 1082 615 1144 τὰς
649 1080 905 1144 ὁλκάδας,
943 1082 1218 1153 μετέωρος
1247 1083 1335 1138 ἀεὶ
1369 1083 1503 1154 πρὸς
1533 1084 1594 1136 τὸ
1624 1083 1744 1154 μέλ-

160 1175 252 1229 λον
282 1175 565 1244 γινόμενος
590 1188 604 1202 ⁸
632 1174 688 1227 αἱ
714 1172 771 1225 δέ
806 1190 907 1226 που
936 1174 1260 1244 καταίρουσι
1288 1176 1381 1227 καὶ
1409 1174 1634 1243 δευτέρα
1660 1175 1751 1227 καὶ

160 1267 339 1339 τρίτη,
373 1267 468 1320 καὶ
500 1265 568 1318 τά
597 1264 720 1317 καθ’
746 1265 893 1334 ἡμᾶς
921 1264 1288 1335 διελέγχουσιν
1312 1266 1387 1330 ὡς
1420 1268 1580 1336 μόνον
1609 1262 1750 1338 ἦσαν

158 1358 379 1420 ἐλπίδες
400 1373 415 1387 ·
451 1358 553 1426 τὴν
596 1355 652 1408 δὲ
698 1356 799 1424 τῆς
844 1356 1000 1424 σιγῆς
1036 1357 1216 1409 αἰτίαν
1250 1358 1459 1420 σκοπῶ,
1490 1359 1582 1411 καὶ
1611 1375 1749 1412 παν-

159 1448 390 1517 ταχόθεν
431 1446 759 1516 ἠπόρημαι·
807 1446 855 1498 εί
901 1446 1001 1515 μὲν
1029 1446 1137 1514 γάρ
1175 1463 1227 1500 τι
1255 1446 1534 1518 λελύπηκα
1569 1449 1747 1504 καίτοι

157 1540 409 1609 λυπήσας
442 1538 642 1608 μηδὲν,
675 1538 851 1591 ταῦτα
886 1537 987 1606 μὲν
1016 1538 1247 1606 οἰχέσθω
1277 1539 1373 1591 καὶ
1405 1540 1624 1611 φέροιεν
1649 1538 1749 1596 αὖ·

161 1646 287 1700 ραι·
343 1630 518 1699 μείζω
542 1629 586 1680 δ’
614 1624 708 1681 οὖν
737 1630 886 1696 ὅμως
914 1628 1023 1681 τῶν
1051 1629 1413 1699 ἐγκλημάτων
1443 1631 1746 1703 ὑφίσταμαι

1858 546 2111 599 secunda:
2168 547 2823 600 renerunt:consideres
2880 548 3066 617 igitur,
3125 550 3171 604 si
3224 559 3436 605 tantum

1860 648 2183 688 accusarem
2223 634 2421 704 injuria
2454 634 2590 690 aﬂici
2629 637 2878 701 credens,
2908 640 3082 710 qualis
3114 656 3287 698 essent
3317 657 3437 697 rea-

1858 725 1985 780 liter
2018 741 2233 795 passus.

2352 817 2540 873 XLIV.
2572 817 2959 876 STEI‘IIANO.

1928 908 2007 963 Tu
2039 910 2256 978 quidem
2297 912 2475 964 adhuc
2503 911 2654 975 siles,
2688 921 2740 965 tu
2765 913 2856 981 qui
2911 913 3148 982 Daphita:
3199 915 3429 983 habitas,

1863 1016 2035 1071 prepe
2056 1016 2249 1071 aquam
2295 1000 2441 1054 illam
2469 1002 2752 1072 loquacem
2789 1011 2846 1057 et
2892 1007 3287 1073 propheticam.
3323 1006 3436 1078 Ego

1869 1101 2051 1145 autem
2081 1092 2668 1161 rursuscircumspicio
2696 1107 2883 1157 naves,
2934 1103 3172 1147 attentus
3194 1096 3259 1148 ad
3295 1097 3435 1150 l'ntu-

1856 1196 1976 1235 rum
2010 1180 2209 1236 factus.
2243 1180 2375 1247 Qua:
2405 1183 2626 1249 quidem
2685 1183 3035 1251 appelluntur
3086 1192 3141 1238 ct
3193 1188 3433 1240 secunda

1852 1281 1907 1327 et
1937 1272 2117 1335 tertia,
2176 1280 2233 1325 et
2293 1272 2430 1325 nihil
2480 1271 2628 1327 aliud
2675 1272 2980 1326 ostendunt
3030 1288 3192 1342 quam
3249 1276 3436 1329 irritas

1851 1362 2020 1419 fuisse
2065 1378 2189 1432 spes
2220 1372 2458 1419 nostras.
2516 1362 2618 1417 Tui
2677 1363 2878 1417 silentii
2932 1379 3152 1419 causam
3208 1366 3436 1423 investi-

1851 1470 2009 1526 gans,
2043 1456 2317 1526 .undique
2366 1455 2563 1510 dubius
2599 1454 2823 1509 ﬂucmo.
2876 1454 2933 1509 Si
2983 1458 3130 1510 enim
3165 1467 3217 1510 te
3254 1457 3437 1527 aliquo

1853 1547 2014 1602 modo
2047 1549 2366 1602 contristari
2402 1548 2672 1617 (quamvis
2704 1548 2927 1601 minime
2951 1549 3434 1617 contristaveriu),

1855 1640 1957 1695 hoc
2001 1641 2252 1695 abeundo
2278 1641 2527 1695 auferant
2557 1655 2703 1694 aurae
2741 1655 2755 1692 :
2790 1641 3050 1709 majorem
3084 1656 3214 1711 ergo
3234 1643 3434 1696 nihilo.

155 1723 330 1793 δίκην,
359 1724 407 1775 εί
440 1721 515 1791 μὴ
547 1720 835 1784 λαλοῦντος
880 1721 1223 1791 ἀκούσομαι·
1268 1724 1316 1776 εί
1365 1723 1423 1777 δὲ
1468 1725 1745 1795 τηνάλλως

1854 1730 2030 1785 minus
2087 1730 2405 1785 criminibus
2460 1730 2594 1783 meis
2646 1731 2814 1785 subeo
2870 1745 3109 1799 pmnam,
3177 1734 3221 1784 si
3256 1742 3431 1785 tenon

154 1815 358 1888 ἀκκίζῃ
411 1815 484 1885 μὴ
527 1815 787 1868 δύνασθαι
813 1815 988 1883 λέγων
1019 1820 1098 1879 εἰς
1127 1817 1322 1881 κάλλος
1354 1820 1526 1873 εἰπεῖν
1549 1860 1562 1883 ,
1592 1820 1749 1874 δικα-

158 1911 280 1960 σταὶ
306 1909 512 1960 τούτων
538 1908 720 1976 ἡμεῖς,
747 1908 843 1961 καὶ
873 1910 971 1976 τὴν
998 1909 1179 1961 αἰτίαν
1208 1911 1541 1980 μεμφόμεθα
1563 1928 1577 1944 ·
1617 1912 1716 1965 ἀλλ
1733 1913 1747 1934 ⁹

154 1999 256 2070 ἢδη
285 2016 384 2052 που
408 1998 550 2070 τάχα
575 1999 633 2051 τὸ
651 2000 883 2068 πρᾶγμα
907 2000 1269 2071 μαντεύομαι.
1300 2002 1435 2071 μηδὲ
1460 2004 1559 2072 τὴν
1611 2005 1746 2073 ὑμε-

153 2091 322 2162 τέραν
371 2090 587 2158 Δάφνην
638 2088 807 2142 πιών·
859 2088 1122 2161 έρυθριᾷν
1156 2093 1351 2162 φήσεις
1380 2093 1455 2156 ὼς
1489 2095 1745 2164 παραϐὰς

150 2182 255 2250 τὴν
295 2179 611 2249 ὑπόσχεσιν,
643 2179 737 2233 καὶ⁵
780 2179 879 2242 τὰς
919 2179 1193 2250 συνθήκας
1223 2182 1515 2252 ὑπεριδὼν.
1548 2187 1642 2238 καὶ
1686 2186 1746 2238 τὸ

152 2270 363 2341 βιϐλίον
390 2271 512 2341 ἕχον
544 2287 647 2323 που
679 2270 861 2341 τρίτον
889 2271 922 2341 ἦ
952 2271 1212 2342 τέταρτον
1239 2273 1359 2336 ἔτος
1391 2276 1546 2327 τουτὶ
1568 2316 1581 2334 ,
1611 2277 1639 2327 ό
1670 2278 1743 2345 μὴ

150 2362 212 2415 δὲ
239 2362 416 2431 τρίτον
450 2365 595 2432 μῆνα
618 2361 867 2428 καθέξειν
901 2363 1377 2432 ἐπαγγειλάμενος
1398 2379 1411 2394 ·
1442 2366 1617 2418 ταῦτα
1638 2366 1747 2419 τοί·

152 2473 254 2509 νυν
286 2457 336 2507 εί
366 2455 465 2523 μὲν
496 2453 799 2524 ἀχθόμενος
835 2456 1000 2524 ἐρεῖς,
1030 2455 1189 2525 δόξης
1224 2456 1302 2525 μὴ
1331 2456 1502 2509 πλείω
1552 2457 1745 2527 χρόνον

150 2550 478 2621 κρατήσεις,
514 2547 608 2600 καὶ
636 2548 735 2617 τὴν
767 2550 980 2616 σιωπὴν
1015 2549 1421 2617 ἀποδεξάμενος
1447 2550 1508 2603 τὸ
1538 2550 1746 2620 σύμϐοο

142 2641 247 2692 ὶον
293 2640 394 2708 τῆς
442 2639 646 2702 αἰδοῦς,
678 2638 838 2707 δόξης
872 2639 947 2708 μὴ
977 2639 1150 2692 πλείω
1182 2640 1375 2711 χρόνον
1405 2644 1702 2712 κρατήσεις
1727 2659 1741 2672 ·

139 2739 223 2805 ’τῇ
255 2736 471 2805 ἀνάγκη
491 2733 552 2786 τὸ
578 2734 812 2804 πρᾶγμα
831 2731 1116 2801 λογίζομαι
1136 2750 1151 2764 ·
1178 2734 1358 2787 καίτοι
1383 2734 1590 2804 βιϐλίον
1615 2735 1745 2804 ὑμῖν

138 2826 424 2890 δεδωκὼς,
450 2819 511 2879 οὗ
535 2825 633 2896 τὴν
659 2825 825 2895 τιμήν
853 2825 1065 2878 οὐδέπω
1087 2824 1183 2879 καὶ
1207 2824 1301 2879 νῦν
1322 2826 1709 2897 καταϐέϐληκα
1727 2845 1742 2859 ·

138 2918 271 2972 ἀλλ’
323 2918 518 2987 ἄδηλον
550 2918 659 2969 εἴτε
713 2915 808 2967 τοῦ
856 2916 1268 2986 πιπράσκοντός
1300 2919 1466 2981 ἐστιν,
1505 2917 1616 2971 εἴτε
1650 2917 1746 2971 τοῦ

138 3011 446 3072 δεδωκότος
496 3008 662 3078 ὁμοῦ·
714 3008 830 3060 ἀλλ’
856 3010 1006 3077 ὅμως
1052 3008 1209 3061 οὐδὲν
1261 3008 1513 3080 ἐμποδὼν
1560 3014 1625 3081 τῇ
1677 3013 1742 3081 σῇ

144 3100 313 3173 χρείᾳ
347 3099 686 3169 πεποίημαι·
714 3100 776 3151 οὐ
807 3099 868 3151 τὸ
896 3099 990 3151 τοῦ
1020 3100 1303 3168 κτήματος
1335 3099 1529 3169 ἄδηλον
1549 3116 1565 3133 ο
1593 3101 1652 3153 οὐ
1684 3102 1744 3154 τὸ

144 3194 264 3245 δτῖν
297 3190 357 3255 ἐξ
379 3190 545 3244 αὐτοῦ
580 3207 632 3242 τι
666 3190 884 3258 μαθεῖν·
916 3189 1053 3242 ἀλλά
1082 3191 1260 3244 πάντα
1286 3190 1531 3262 παριδὼν
1555 3232 1570 3256 ,
1606 3194 1745 3260 μετά

149 3282 364 3336 πολλῶν
380 3281 445 3334 ἀν
479 3298 561 3333 σοι
588 3281 885 3350 παρέσχον,
915 3282 966 3333 εί
996 3283 1089 3334 καὶ
1116 3281 1275 3336 τοῦτο
1300 3285 1476 3337 ποιεῖν
1510 3283 1746 3353 συνεχώ-

154 3390 301 3438 ρησα
322 3387 336 3401 ·
383 3374 534 3441 ὅμως
562 3371 715 3425 οὐδὲν
740 3372 914 3424 δεινὸν
955 3374 1005 3424 εί
1054 3374 1219 3443 μέχρι
1248 3371 1343 3427 τοῦ
1374 3372 1471 3428 νῦν
1495 3375 1656 3445 ὁρίζῃ
1683 3375 1744 3435 τὸ

154 3464 388 3536 βράδος·
438 3464 487 3515 εί
538 3462 597 3515 δὲ
647 3464 980 3535 προσθήσεις
1022 3464 1138 3529 ἔτι,
1171 3465 1427 3518 τοσοῦτον
1452 3466 1746 3519 ἀπολαύσω

152 3553 255 3607 τοῦ
287 3554 608 3624 πράγματος
656 3554 739 3607 ὅτι
784 3554 850 3624 δή
881 3555 1091 3618 πάντας
1121 3556 1383 3615 ἀπίστους
1424 3558 1701 3627 ἡγήσομαι
1727 3572 1741 3587 ·

154 3644 212 3695 τί
249 3642 358 3713 γάρ
391 3644 457 3695 ἂν
484 3643 790 3713 ὲλπίσαιμι,
814 3643 966 3714 παρά
998 3642 1093 3696 σοῦ
1116 3645 1343 3699 τοιαῦτα
1373 3646 1593 3712 παθών;
1622 3646 1747 3699 ἀλλ’

153 3734 259 3804 οὐχ
290 3733 318 3787 ὅ
366 3749 429 3801 γε
464 3730 775 3804 σοφώτατος
809 3733 1061 3805 Ἰωάννης
1090 3734 1357 3800 τοιοῦτος,
1392 3735 1452 3800 ὃς
1478 3735 1536 3789 ἓν
1567 3737 1746 3789 λαϐὼν

153 3827 289 3897 παρ’
321 3825 481 3895 ἐμοῦ.
520 3824 640 3896 μετ’
664 3827 726 3879 οὐ
773 3825 943 3880 πολὺν
973 3827 1168 3897 χρόνον
1213 3828 1468 3898 δεύτερον
1499 3845 1747 3898 προσαπ-

150 3918 431 3973 έστειλεν·
467 3916 641 3980 οὕτως
674 3918 973 3989 εὐγνώμων
1021 3920 1201 3973 δοκεῖν
1247 3920 1408 3990 ἤθελε
1461 3920 1661 3991 μᾶλλον
1709 3920 1741 3990 ἢ

151 4007 457 4076 κεκτῆσθαι
488 4006 709 4077 βιϐλίον·
742 4009 838 4060 καὶ
869 4008 942 4079 μή
976 4027 1065 4078 μοι
1098 4009 1247 4078 λέγε,
1270 4011 1345 4075 ὡς
1375 4011 1490 4065 Οὐκ
1516 4014 1744 4081 ἀπορεῖν

149 4099 357 4152 ἐθέλων
392 4100 683 4170 κατέσχον·
718 4098 879 4153 τοῦτο
903 4102 1003 4169 μὲν
1035 4101 1143 4173 γὰρ
1166 4103 1421 4172 τυγχάνω
1451 4104 1745 4172 πεπεισμέο

151 4180 399 4254 νος,’καὶ
440 4193 532 4243 ἐπὶ
583 4191 756 4260 μέγαν
802 4192 963 4261 ὅρκον
1014 4191 1291 4263 ὀμοῦμαι·
1342 4192 1457 4245 ἀλλ’
1487 4194 1586 4246 οὐκ
1637 4194 1745 4247 ἔδει

152 4285 485 4352 παρατεῖναι
514 4283 594 4352 τῷ
626 4283 811 4353 βράδει
832 4300 846 4313 ·
877 4285 1011 4337 ὅπου
1042 4301 1105 4351 γε
1137 4285 1232 4337 καὶ
1272 4283 1388 4338 ἴσον
1417 4285 1642 4339 δύναται
1669 4286 1746 4357 τῷ

1852 1823 2068 1875 audiam
2104 1822 2435 1891 loquentem.
2490 1822 2547 1875 Si
2591 1821 2728 1875 forte
2774 1824 2929 1890 quasi
2972 1824 3253 1878 delicatior
3286 1827 3434 1879 dcas

1852 1923 1906 1967 te
1942 1928 2049 1967 non
2087 1914 2333 1980 potuisse
2363 1913 2429 1965 ad
2460 1929 2692 1981 unguem
2731 1914 2918 1980 luqui;
2957 1931 3077 1978 nos,
3109 1916 3184 1969 tui
3216 1916 3435 1983 indices

1854 2003 2004 2064 facti.
2046 2005 2189 2058 hanc
2221 2019 2441 2057 causam
2472 2004 2863 2073 vituperamus.
2919 2005 3024 2058 Sed
3049 2005 3162 2072 jam
3190 2021 3291 2077 ego
3320 2022 3432 2061 rem

1858 2094 2085 2147 forsitan
2148 2110 2404 2164 auguror,
2467 2097 2717 2160 quamvis
2780 2096 3015 2163 Dapltnae
3061 2096 3264 2150 fontem
3326 2114 3432 2151 non

1848 2186 2100 2240 biberim.
2167 2185 2389 2238 Diceste
2423 2185 2622 2253 pudere
2655 2187 2799 2253 quod
2846 2200 2974 2253 ego.
3040 2189 3200 2240 tidem
3247 2198 3432 2240 trans-

1861 2288 2082 2344 gressus
2108 2282 2166 2327 et
2196 2273 2371 2343 pactis
2417 2289 2521 2326 non
2550 2284 2723 2335 stans,
2778 2289 2808 2326 a
2844 2275 3057 2329 duobus
3108 2277 3189 2329 vel
3257 2276 3433 2332 tribus

1858 2365 2020 2420 annis
2064 2365 2207 2421 hunc
2244 2366 2414 2433 ipsum
2450 2364 2732 2418 habuerim
2776 2364 3010 2427 librum,
3074 2382 3236 2434 quem
3295 2384 3432 2421 nun-

1848 2458 2111 2510 tiaverant
2155 2469 2222 2510 ne
2269 2464 2381 2509 tres
2412 2456 2632 2525 quidem
2670 2469 2888 2509 menses
2921 2457 3051 2509 mihi
3084 2458 3429 2511 retinendum

1846 2562 1992 2603 esse.
2030 2548 2088 2601 Id
2119 2547 2166 2600 si
2193 2556 2346 2601 ratus
2377 2546 2606 2610 dixeris,
2639 2562 2748 2599 non
2783 2546 2986 2602 diutius
3020 2564 3137 2601 mea
3165 2552 3431 2616 gaudebis

1853 2639 2304 2701 existimatione;
2345 2638 2389 2691 si
2414 2639 2691 2692 silentium
2742 2654 2839 2707 pro
2880 2639 3103 2707 pudoris
3146 2641 3301 2708 signo
3331 2642 3430 2693 ltu-

1850 2731 2052 2791 bueris,
2097 2743 2203 2783 non
2258 2730 2462 2784 diutius
2522 2732 2658 2783 bona
2702 2730 2903 2785 frueris
2953 2733 3235 2801 Opinione.
3298 2734 3433 2789 Fato

1854 2835 1966 2874 rem
2003 2820 2186 2874 tribuo
2225 2836 2243 2875 :
2285 2831 2338 2874 ιιι
2374 2822 2591 2888 quidem
2630 2820 2827 2876 librmu
2885 2823 3038 2878 nobis
3069 2823 3286 2887 dedisti,
3336 2842 3430 2878 cn-

1841 2914 1932 2981 jus
1993 2915 2232 2983 pretium
2287 2900 2526 2967 nondum
2587 2914 2758 2979 soivi;
2825 2914 2920 2969 sed
2975 2914 3243 2970 incertum
3307 2927 3432 2970 erat

1851 3015 2033 3057 utrum
2072 2985 2398 3057 venderetnr
2425 3019 2491 3056 an
2518 3018 2582 3056 ex
2619 3018 2767 3058 mera
2803 3005 3028 3060 daretur
3079 3006 3429 3063 liberaltate.

1848 3095 2189 3165 Caeteroqniu
2225 3095 2429 3147 nullum
2462 3096 2763 3151 commodis
2799 3096 2906 3151 tuis
2943 3098 3097 3152 attuli
3128 3100 3428 3155 detrimen-

1852 3197 1988 3252 tum,
2022 3202 2122 3239 nec
2161 3196 2431 3255 quatenus
2463 3187 2671 3241 incetta
2705 3197 2790 3241 est
2831 3187 2950 3243 libri
3004 3190 3294 3258 possessio,
3332 3207 3432 3246 nec

1848 3287 2124 3345 quatenus
2186 3289 2401 3347 oportet
2464 3278 2666 3347 aliquid
2722 3294 2788 3333 ex
2852 3281 3043 3334 eodem
3107 3290 3157 3335 te
3196 3282 3428 3337 discere.

1851 3370 2267 3433 Verumtamen,
2295 3370 2552 3423 omnibus
2602 3369 2686 3423 bis
2718 3370 2863 3424 nulla
2912 3373 3218 3428 attentione
3267 3375 3428 3440 data,

1846 3471 1970 3512 cum
2026 3459 2214 3513 multis
2257 3474 2371 3513 rem
2416 3460 2508 3514 tibi
2556 3460 2930 3529 praestitissem
2957 3501 2972 3528 ,
3037 3462 3083 3517 si
3120 3462 3223 3518 hoc
3251 3463 3434 3519 facere

1848 3552 2248 3603 concrssisses.
2316 3548 2688 3606 Nihilominus
2724 3554 2947 3607 minime
3005 3555 3199 3608 mirum
3250 3565 3335 3611 est
3385 3556 3431 3609 si

1849 3654 2058 3692 moram
2136 3638 2339 3703 finias;
2411 3640 2554 3709 quod
2615 3642 2660 3695 si
2721 3657 2752 3695 e
2799 3654 2991 3698 contra
3061 3648 3433 3714 produxeris,

1850 3734 1901 3786 id
1938 3730 2191 3784 utilitatis
2226 3746 2312 3785 res
2353 3731 2454 3785 ista
2500 3732 2631 3784 tuibi
2669 3731 2887 3799 afferet,
2943 3737 3085 3803 quod
3129 3754 3321 3793 omnes
3345 3757 3433 3794 re-

1846 3825 2049 3894 putabo
2073 3820 2295 3877 fallaces
2328 3840 2341 3876 :
2375 3826 2649 3893 quomodo
2687 3823 2831 3877 enim
2869 3826 3165 3891 confidam,
3227 3830 3355 3881 talia
3397 3849 3426 3883 ει

1850 3925 1902 3969 te
1958 3912 2291 3982 perpessus?
2342 3909 2457 3965 Non
2515 3912 2640 3966 talis
2691 3912 3130 3982 sapientissimus
3167 3914 3428 3980 Joannes,

1848 4006 1963 4075 qui,
1989 4021 2097 4058 uno
2123 4004 2261 4056 libro
2295 4019 2322 4056 a
2367 4016 2452 4057 me
2486 4012 2736 4072 accepto,
2760 4003 2991 4059 alterum
3017 4019 3124 4060 non
3161 4007 3233 4062 ita
3259 4008 3433 4063 multo

1847 4107 1969 4166 post
2012 4097 2142 4150 mihi
2165 4097 2355 4149 misit:
2400 4098 2529 4149 ades
2575 4095 2763 4150 maluit
2813 4096 2990 4152 contis
3045 4098 3221 4153 videri
3264 4116 3431 4170 quam

1850 4192 2046 4245 librmu
2079 4190 2380 4258 possidere.
2411 4187 2519 4242 Nec
2546 4189 2699 4242 dicas
2724 4204 2810 4245 me
2834 4190 3126 4250 retinuisse
3169 4197 3430 4262 pretium,

1847 4287 1972 4353 quia
2010 4281 2293 4352 penuriam
2334 4282 2506 4335 vitare
2556 4280 2854 4336 volebam:
2896 4282 2949 4336 id
3004 4286 3149 4339 enim
3199 4300 3430 4356 persua.

152 4379 488 4443 ἀποστερεῖν
529 4374 609 4445 τῷ
664 4377 844 4446 χρόνῳ
889 4378 980 4429 καὶ
1029 4376 1185 4446 μόλις
1232 4378 1579 4431 ἀποδιδόναι·
1610 4379 1745 4433 ἀλλά

1854 4391 1970 4431 sum
2033 4376 2227 4436 habeo,
2284 4384 2334 4427 et
2382 4387 2575 4442 magno
2611 4372 2921 4438 iuramento
2950 4375 3180 4433 aﬂirtno.
3234 4381 3432 4437 Atnon

156 4465 299 4536 πρὸς
341 4467 524 4532 φιλίαν
576 4468 650 4537 μὴ
683 4468 987 4539 ἀναμείνῃς
1021 4467 1101 4521 En
1135 4468 1366 4538 δεύτερα
1395 4471 1706 4540 γράμματα
1728 4488 1743 4502 ·

157 4557 299 4632 μηδὲ
345 4560 530 4613 πλοῖον
563 4558 751 4629 ἓτερον
805 4559 930 4628 ἢτο
978 4559 1204 4629 κομίζον
1257 4576 1341 4612 σοι
1386 4564 1484 4631 τὴν
1531 4563 1746 4614 ἐπιστο-

153 4654 281 4722 up.

716 4916 847 4969 ME’.
888 4916 1187 4987 ΔΙΟΔΩΡῼ.

244 5006 304 5060 '0
335 5008 517 5079 φέρων
552 5024 634 5060 σοι
666 5008 763 5076 τὴν
793 5007 1079 5078 ἐπιστολὴν
1099 5048 1114 5073 ,
1142 5008 1205 5060 οὐ
1246 5006 1341 5060 νῦν
1370 5009 1586 5077 πρῶτον
1620 5027 1745 5063 πειο

154 5092 464 5166 ραθήσεται
497 5095 598 5165 τῆς
651 5095 869 5158 εὐνοίας
911 5096 1010 5166 τῆς
1047 5099 1147 5166 σῆς
1167 5095 1329 5162 ,ἀλλ’
1363 5098 1445 5150 ἔτι
1471 5099 1572 5170 τὴν
1596 5099 1745 5171 πρώ-

148 5202 260 5255 την
307 5184 685 5256 διηγούμενος,
733 5187 997 5255 δευτέραν
1038 5185 1271 5257 λήψεται
1318 5190 1550 5260 πεῖραν·
1583 5189 1660 5253 ὼς
1688 5190 1745 5243 ἑὲ

149 5275 326 5337 δοκῶ,
350 5279 487 5347 τάχα
518 5278 615 5330 καὶ
640 5278 893 5347 μείζονα·
933 5278 1150 5348 ἐκείνης
1180 5277 1280 5348 μὲν
1299 5278 1408 5349 γάρ
1434 5279 1743 5351 ἀπήλαυσε,

149 5365 429 5438 κηδεστὴς
469 5368 749 5422 καλεῖσθαι
783 5368 992 5439 μέλλων
1018 5370 1284 5441 ἡμέτερος
1304 5387 1319 5401 ·
1347 5371 1553 5441 ταύτην
1574 5372 1630 5425 δὲ
1650 5371 1746 5443 λή-

146 5457 343 5527 ψεται,
377 5459 471 5511 καὶ
518 5459 582 5530 δὴ
628 5460 765 5529 πρὸς
812 5460 972 5530 ἔργον
1005 5459 1174 5514 ἐλθών
1197 5479 1208 5491 ·
1242 5463 1272 5514 ὁ
1303 5461 1360 5514 δέ
1389 5478 1453 5530 γε
1482 5463 1745 5532 μέλλοντα

149 5551 350 5604 τοῦτον
381 5553 619 5623 τιμήσας
640 5592 655 5616 ,
684 5554 769 5617 τίς
796 5554 862 5607 ἂν
887 5554 972 5624 εἴη
999 5555 1364 5624 γεγενημένος
1391 5555 1549 5622 ίδιέ›ν;
1574 5552 1743 5626 Οἶμαι

153 5641 272 5713 γὰρ
299 5642 374 5709 ὡς
406 5644 513 5697 τῶν
557 5649 729 5714 νόμωι
771 5645 932 5709 εὐθὺς
960 5648 1160 5721 ταμεῖα
1197 5646 1477 5718 κινήσεις·
1511 5648 1606 5700 καὶ
1635 5666 1742 5703 πα-

1850 4469 2089 4536 epnrtnit
2118 4482 2298 4520 moras
2326 4466 2713 4532 internectere,
2739 4481 2863 4519 cum
2893 4466 3034 4521 idem
3061 4469 3335 4539 signiﬁcet
3364 4475 3432 4530 de

1850 4560 1936 4613 die
1971 4559 2023 4612 in
2055 4560 2198 4612 diem
2235 4559 2447 4627 privare
2473 4572 2635 4623 quam
2661 4572 2806 4625 aegre
2852 4558 3101 4614 reddere.
3139 4558 3336 4618 Verum
3358 4569 3430 4620 ad

1849 4653 2147 4705 amicitiam
2208 4666 2276 4705 ne
2318 4662 2608 4720 exspectes
2639 4650 2931 4706 secundns'
2960 4652 3191 4720 litteras,
3255 4670 3433 4728 neque

1849 4742 2214 4811 aliquidaliud
2248 4758 2410 4813 quam
2442 4744 2587 4813 quod
2621 4744 2848 4814 requirit
2876 4747 3299 4804 transmittenda
3328 4751 3431 4806 tibi

1852 4835 1967 4889 haec
2004 4835 2255 4902 epistola.

2407 4924 2572 4981 XLV.
2616 4926 2943 4985 υιουοιιο.

1920 5021 2023 5087 Qui
2054 5022 2197 5076 hanc
2234 5020 2329 5075 tibi
2363 5020 2472 5075 fert
2502 5022 2814 5091 epistolam,
2860 5039 2965 5078 non
3018 5039 3165 5079 nunc
3191 5026 3429 5094 primum

1857 5121 2005 5167 tuam
2031 5112 2352 5180 experietur
2391 5113 2871 5179 benevolentiam;
2928 5114 3021 5169 sed
3064 5116 3294 5185 pritnam
3328 5116 3431 5173 ad-

1848 5199 1953 5254 huc
1980 5216 2310 5265 memoratis,
2339 5202 2634 5256 secundum
2674 5216 2856 5257 sumet
2885 5205 3303 5272 experientiam,
3335 5224 3423 5271 ac,

1850 5298 1909 5343 ut
1944 5303 2095 5358 puto,
2134 5291 2320 5345 forsan
2356 5290 2550 5346 adhuc
2577 5291 2882 5347 meliorem.
2917 5291 3095 5347 Priori
3120 5297 3264 5349 enim
3297 5296 3429 5351 frui-

1852 5389 1939 5432 tus
1969 5390 2075 5443 est,
2107 5379 2280 5436 afﬁnis
2316 5393 2504 5436 noster
2548 5398 2674 5436 mox
2709 5386 3018 5450 vocandus;
3072 5389 3427 5455 posteriorem

1848 5483 1980 5523 vero
2033 5481 2237 5539 sumet,
2291 5488 2414 5527 cum
2450 5472 2519 5526 ad
2554 5472 2825 5543 negotium
2896 5477 3106 5529 venerit
3137 5494 3152 5530 :
3183 5478 3276 5548 qui
3332 5496 3430 5532 an-

1847 5570 1957 5617 tem
1984 5562 2132 5616 illum
2170 5572 2458 5619 venturum
2518 5566 2819 5629 bonorasti,
2870 5570 3142 5635 quomodo
3205 5570 3430 5628 habebis

1843 5654 1955 5723 jam
1992 5655 2207 5709 visum?
2239 5657 2396 5725 Nam,
2423 5669 2480 5714 ut
2511 5674 2690 5729 Spero,
2765 5659 2943 5727 legum
2974 5662 3154 5717 statim
3203 5676 3427 5721 (Econo-
