3976 6210
324 246 462 310 2757

1766 249 2177 313 EPISTOLJE.

3452 259 3589 329 2758

280 368 287 373 ’
322 373 473 419 τα”ον
500 355 639 417 οὗτοι
673 362 739 416 δι’
770 363 965 426 αὐτοὺς
999 363 1275 417 ένεποίουν
1306 362 1396 416 τὶν
1447 363 1625 433 ἔρωτα
1652 381 1664 395 ·
1713 366 1895 433 κοσμεῖ

2013 363 2248 419 litmliter
2286 363 2335 419 bi
2364 364 2595 436 juvenes
2632 381 2728 437 per
2759 367 2967 439 scipsos
3002 372 3130 428 mihi
3188 372 3592 444 inspiraverunt

322 458 432 528 γόρ
468 458 661 520 αὖτοὺς
698 457 759 510 τὺ
791 457 888 527 μὲν
932 457 1146 528 πρῶτον
1170 455 1373 523 σπουδέ,
1397 472 1408 484 '
1445 458 1543 524 τὴν
1578 456 1634 512 δὲ
1669 457 1903 526 σπουδὴν

322 550 422 601 οὐκ
449 548 693 618 ἐλέγχειν
718 544 917 619 οἷδενή
950 547 1146 618 φύσις·
1178 546 1317 600 ὥστε
1352 547 1400 599 εί
1435 547 1511 617 μὴ
1545 547 1904 617 προμηνύσας

325 641 534 710 ἔτυχες,
572 640 678 693 ἴσθ’
735 640 802 694 ἂν
838 639 1249 711 ἐπιστευσάμην
1283 639 1359 703 ὡς
1392 639 1528 711 πρὸς
1556 640 1616 692 σὲ
1656 641 1718 691 τὸ
1750 639 1905 707 γένος

324 733 676 794 συνάπτουσι,
712 732 791 801 τῷ
823 732 1133 804 χαρακτῆρι
1172 732 1274 802 τῆς
1312 730 1528 799 φύσεως
1557 730 1903 801 στοχασάμε-

320 840 440 887 νο;’
478 823 596 878 ἀλλ’
622 819 681 877 εὖ
717 824 782 891 γέ
832 840 925 877 σου
953 823 1047 876 τοῦ
1100 824 1294 892 γένους
1333 824 1381 874 εί
1424 822 1651 876 τοιαῦτα
1696 823 1903 877 τίκτειν

319 915 647 969 ἐπίσταται·
698 917 798 983 τὴν
848 915 947 985 μὲν
978 910 1073 968 οὖν
1121 914 1261 986 ἐμὴν
1298 912 1526 985 γνώμην
1580 915 1905 985 ἐρρωμένην

321 1006 430 1059 ῖσθι
462 1010 575 1070 τοῖς
609 1010 783 1070 νέοις·
820 1009 868 1059 εί
900 1007 955 1059 δὲ
991 1008 1085 1059 καὶ
1113 1006 1344 1078 δύναμιν
1374 1006 1758 1080 ὐτωυργοῦσαν
1792 1006 1902 1078 ἔχω

318 1101 383 1168 τῇ
409 1097 712 1170 προθυμίᾳ,
744 1098 884 1152 θεῶν
916 1101 973 1153 ὲν
1002 1099 1231 1169 γούνασι
1263 1098 1487 1153 κείσθω.

613 1187 748 1242 Μθο.
788 1188 1091 1261 ΖΑΧΔΡΙᾼ
1124 1190 1245 1243 ΚΑΙ
1286 1189 1597 1261 ΦΙΛΙΠΠῼ.

392 1274 463 1333 '0
487 1279 647 1342 καλδς
674 1280 926 1349 Ἰωάννης
954 1283 1063 1336 κάκ
1087 1281 1183 1335 τοῦ
1204 1284 1396 1349 γένους
1433 1284 1579 1353 ὑμᾶς
1606 1284 1899 1355 ἀπαιτήσει

316 1371 416 1440 τὴν
442 1371 678 1434 εὖνοιαν,
708 1372 818 1425 κάκ
858 1374 956 1443 τῆς
985 1373 1117 1444 παρ’
1146 1373 1273 1442 ἐμοὶ
1300 1376 1721 1445 συμφοιτήσεως
1740 1391 1753 1405 ·
1784 1375 1900 1427 ἐστι

317 1463 429 1534 γὰρ
459 1462 713 1517 Λεοντίου
750 1466 879 1527 παῖς
899 1478 913 1492 ·
958 1465 1006 1516 εί
1035 1464 1315 1518 Διονύσιον
1350 1465 1466 1518 ῖστε
1495 1466 1596 1535 τῆς
1622 1464 1900 1537 ἡμετέρας

313 1556 507 1627 τίτθης
532 1556 623 1609 τὸν
636 1542 830 1628 ἀνδρα,
860 1557 1055 1611 τούτου
1077 1557 1319 1627 πέφυκεν
1365 1558 1616 1627 ἀδελφὸς,
1649 1560 1677 1611 ὁ
1706 1557 1899 1611 τούτου

286 1640 498 1720 ’πατὴρ
519 1666 533 1680 ·
561 1649 646 1702 ἵνα
667 1648 869 1721 καίπερ
893 1648 1114 1714 εἰδότες,
1139 1649 1442 1721 ὑπομνήσω
1468 1651 1560 1702 τὸν
1576 1649 1898 1719 ἄνθρωπον·

2008 472 2295 511 amorem:
2340 458 2684 513 commendat
2715 461 2857 516 enim
2896 478 2990 518 eos
3042 464 3273 530 primum
3323 467 3585 534 studium,

2008 548 2248 601 studium
2309 562 2436 603 vero
2499 550 2796 619 reprimere
2853 555 3026 607 nescit
3107 565 3323 611 natura.
3392 556 3473 611 Ita
3508 570 3592 622 ut.

2007 640 2219 694 etimnsi
2259 655 2347 694 me
2383 657 2487 695 non
2521 642 2964 710 prmmonuisses,
2995 658 3183 701 certus
3213 646 3433 703 fuissem
3460 648 3588 705 illos

2011 732 2105 784 tibi
2149 747 2361 801 genere.
2402 733 2641 804 coniugi,
2711 734 2889 789 indole
2948 746 3196 794 naturam
3263 755 3585 811 agnoscens.

2007 821 2156 875 Felix
2182 839 2354 894 genus
2394 834 2565 891 tnutn,
2619 826 2761 894 quod
2803 828 2930 880 talia
2951 832 3394 899 scitproducere.
3429 833 3583 887 Scito

2008 912 2169 979 igitur
2190 914 2318 965 mihi
2357 913 2410 967 in
2454 929 2644 984 magna
2668 931 2791 971 esse
2819 918 3194 972 benevolentia
3222 920 3322 975 hos
3368 921 3590 975 adoles-

2006 1015 2231 1067 centes;
2258 1004 2302 1055 si
2341 1015 2519 1057 autem
2551 1006 2694 1058 vires
2717 1005 2867 1059 bonae
2904 1008 3164 1060 voluntati
3192 1011 3586 1080 respondentes

2011 1095 2262 1159 habeam,
2293 1095 2391 1149 hor.
2424 1096 2473 1148 in
2511 1099 2730 1150 deormn
2765 1108 3063 1167 potestates
3093 1112 3406 1169 reponatur.

2248 1185 2439 1242 XLIX.
2483 1187 2860 1245 ZACHARUE
2890 1190 2975 1245 ET
3000 1190 3335 1248 PIIILIPPO.

2074 1277 2307 1334 Pulcher
2338 1278 2577 1335 Joatmcs
2601 1292 2836 1336 vestram
2864 1287 3101 1354 requiret
3126 1286 3581 1353 benevolentiam,

2006 1380 2118 1425 tum
2141 1384 2361 1441 propter
2397 1388 2567 1443 genus
2595 1388 2776 1437 suum,
2834 1384 2945 1428 tum
2978 1386 3198 1445 propter
3259 1392 3468 1433 meeum
3503 1381 3581 1433 l'a-

2007 1462 2400 1518 tniliaritatcnt.
2451 1464 2545 1518 Est
2571 1466 2715 1519 cnim
2768 1465 2910 1519 ﬁlius
2952 1465 3188 1533 Lrontii,
3245 1472 3399 1539 cujus
3430 1482 3583 1541 pater

2002 1551 2106 1607 fuit
2130 1553 2301 1607 frater
2340 1552 2605 1625 Dionysii,
2633 1556 2767 1609 avia:
2801 1559 3216 1623 nostrannariti,
3238 1561 3390 1615 Vobis
3419 1560 3585 1618 forsi-

2008 1654 2097 1699 tan
2130 1647 2362 1715 noti(nt,
2398 1646 2444 1701 si
2479 1647 2835 1716 cognovistis,
2890 1651 3207 1703 memoriam
3266 1653 3386 1721 elus
3431 1651 3583 1709 vobis

314 1741 363 1792 εἰ
388 1738 442 1791 δὲ
469 1740 565 1792 καὶ
594 1739 670 1811 μὴ
693 1739 871 1795 ταῦτα
890 1740 1123 1811 προσῆν,
1149 1740 1365 1804 πάντως
1392 1744 1590 1795 οἰκεῖον
1614 1742 1895 1813 ἡγήσασθε

2005 1738 2299 1809 revocem).
2329 1739 2481 1806 Quod
2514 1741 2557 1793 si
2600 1743 2713 1795 bac
2739 1743 2878 1795 ratio
2928 1759 3031 1796 non
3083 1745 3305 1810 valeret,
3360 1748 3585 1801 omnino

314 1829 591 1901 θιασώτην
620 1830 914 1904 ἡμέτερον,
949 1833 1043 1885 κα)⁸
1067 1831 1162 1885 τὸν
1195 1832 1327 1904 παρ’
1351 1833 1476 1903 ἐμοὶ
1506 1832 1666 1905 χορὸν
1691 1834 1900 1902 ἐκπλη-

316 1923 598 1992 ρώσαντα·
638 1922 837 1977 οὐκοῦν
896 1924 971 1996 μὴ
1032 1924 1255 1994 μέλλετε
1308 1925 1401 1978 τὸν
1459 1926 1581 1978 νέον
1622 1921 1681 1979 εὗ
1722 1927 1899 1979 ποιεῖν

314 2013 506 2082 ἔχοντα
526 2014 866 2084 πανταχόθεν
895 2014 1254 2086 ὀφειλομένην
1279 2014 1377 2086 τὴν
1410 2015 1654 2083 εὖνοιαν·
1705 2015 1898 2069 σιωπῶ

315 2107 424 2177 γὰρ
454 2106 633 2175 λέγειν
667 2106 738 2171 ὡς
763 2108 857 2162 καὶ
884 2107 963 2179 τῷ
987 2108 1179 2181 τρόπῳ
1207 2108 1333 2173 τοὺς
1360 2108 1603 2181 ὁρῶντας
1633 2110 1896 2179 ἐπάγεται

312 2199 594 2269 ἐρυθριᾴν,
624 2198 782 2263 εἰδὼς
813 2200 943 2271 πρίν
970 2217 1023 2254 τι
1053 2202 1148 2255 καὶ
1177 2200 1361 2271 λέγειν
1408 2201 1505 2255 καὶ
1558 2200 1896 2271 φθέγγεσθαι

316 2290 532 2360 μέτρια,
563 2288 642 2360 τῷ
671 2290 849 2362 καιρῷ
876 2292 1002 2355 τοὺς
1022 2292 1216 2361 λόγους
1244 2292 1482 2365 μετρῶν,
1514 2293 1607 2346 καὶ
1650 2292 1898 2353 τὸννοῦν

314 2382 455 2451 ὑπὲρ
481 2381 578 2452 τὴν
608 2382 826 2452 ἡλικίαν
847 2383 1190 2454 κτησάμενος
1209 2401 1224 2417 ·
1255 2385 1285 2436 ὁ
1316 2384 1373 2438 δὲ
1406 2385 1599 2455 μιαρὸς
1624 2384 1895 2457 Θεόδωρος

311 2473 405 2524 τον
444 2472 673 2526 πλοῦτον
703 2475 835 2544 ἡμῖν
890 2476 1253 2540 ὲπανατείνας
1309 2477 1470 2531 πάλιν
1506 2478 1668 2531 ἀνέδυ
1691 2517 1706 2543 ,
1755 2478 1897 2549 τάχα

314 2566 617 2633 καταγνοὺς
647 2565 842 2619 ἑαυτοῦ
875 2568 1031 2639 εἰπερ
1054 2586 1106 2621 τι
1140 2568 1419 2639 προειπὼν
1439 2570 1781 2642 ἀληθεύσειε,
1800 2570 1897 2624 καὶ

315 2658 451 2730 πρὸς
477 2658 651 2730 πέρας
682 2658 896 2726 ἐνέγκοι
929 2664 1018 2712 τὸν
1046 2659 1224 2729 λόγον.

824 2839 907 2892 Ν.
945 2837 1102 2890 ΤυΙΣ
1127 2837 1397 2893 ΛΥΤΟΙΣ.

387 2932 557 2985 Πάλιν
589 2932 719 3003 ὑμῖν
747 2930 1056 3001 ἐπιστολὴν,
1118 2932 1214 2985 καὶ
1246 2932 1408 2984 πάλιν
1457 2931 1645 3003 ἕτερος
1696 2932 1851 3002 δχλος
1878 2950 1893 2965 ·

2002 1831 2327 1887 familiarem
2362 1832 2593 1887 duxistis
2617 1834 2901 1889 convivam
2965 1846 3230 1901 nostram,
3294 1837 3385 1906 qui
3439 1840 3581 1908 apud

2001 1940 2087 1979 me
2116 1925 2286 1979 choro
2318 1924 2583 1979 interfuit.
2614 1924 2806 1979 Nonne
2832 1926 2996 1995 igitur
3025 1928 3161 1983 bene
3188 1930 3466 1998 excepturi
3496 1945 3586 1984 es-

2003 2014 2365 2084 tisjnvenem,
2400 2017 2484 2069 cui
2525 2016 2866 2071 omnimodas
2889 2017 2960 2071 ob
2983 2033 3176 2073 causas
3219 2019 3451 2074 debetur
3485 2020 3584 2075 beo

2001 2106 2353 2161 nevolentia?
2384 2105 2518 2161 Silet
2543 2109 2686 2163 enim
2716 2110 2781 2163 de
2814 2111 2933 2179 ejus
2964 2110 3228 2175 moribus,
3294 2111 3385 2177 qui
3416 2112 3585 2166 onmi-

2002 2200 2102 2252 bns
2144 2199 2460 2252 videntibus
2489 2199 2750 2268 pudorem
2777 2200 3087 2255 incutiunt:
3130 2217 3254 2254 num
3294 2201 3400 2256 scit
3429 2211 3584 2255 ante-

2006 2304 2170 2358 quam
2207 2289 2463 2358 loquatur
2492 2291 2794 2345 decentiam
2826 2292 3140 2354 observare.
3182 2308 3462 2349 sermones
3484 2308 3583 2364 ap-

2002 2390 2078 2434 tat
2114 2380 2563 2447 circumstantiis,
2589 2382 2999 2452 intelligentiam
3031 2385 3193 2440 habet
3225 2396 3382 2441 aetate
3414 2402 3578 2457 supe-

2000 2474 2219 2527 riorem.
2241 2472 2488 2543 Nequam
2520 2489 2651 2529 vero
2680 2472 3022 2544 Theodorus,
3082 2478 3365 2546 pecuniam
3423 2480 3581 2535 nobis

1998 2563 2295 2634 pollicitus,
2338 2578 2366 2616 a
2415 2576 2576 2633 pacto
2608 2566 2831 2619 recessit
2862 2581 3022 2620 :eum
3076 2566 3260 2622 forsan
3294 2570 3579 2639 paenituiso

1998 2664 2082 2709 set
2115 2657 2158 2710 si
2192 2655 2245 2708 in
2283 2654 2567 2723 promissis
2592 2654 2780 2709 fuisset
2814 2657 3081 2711 veridicos
3110 2667 3163 2713 et
3210 2660 3355 2714 dicta
3394 2660 3460 2715 ad
3484 2660 3571 2716 el-

1999 2744 2203 2801 fet-Ium
2230 2746 2496 2800 duxisset.

2603 2837 2665 2892 L.
2710 2836 2986 2893 ElSlﬂiil.

2070 2930 2278 2985 Rursus
2298 2943 2437 2984 nova
2475 2929 2628 2984 vobis
2671 2930 2919 2998 epistola,
2972 2946 3163 2987 rursus
3214 2934 3359 2987 aliud
3406 2949 3576 3006 nego-

316 3026 469 3077 ἒοικα
499 3024 609 3097 γάρ
641 3041 743 3077 που
773 3023 869 3077 τοῦ
918 3025 1092 3078 αἰτεῖν
1142 3027 1216 3095 μὴ
1259 3025 1399 3096 τάχα
1438 3025 1640 3097 μέτρον
1667 3027 1888 3091 ειδέναι,

2003 3032 2134 3075 tmm
2168 3036 2183 3073 :
2219 3020 2437 3073 videtur
2473 3033 2559 3073 me
2589 3020 2853 3088 precibus
2879 3020 3094 3073 modunn
3153 3019 3429 3088 imponere
3452 3037 3578 3076 nes-

314 3116 448 3168 ἀλλὰ
486 3114 711 3184 φθάνειν
739 3117 824 3169 ἀεὶ
852 3117 965 3178 τοῖς
989 3115 1265 3185 δευτέροις
1292 3116 1361 3169 τὰ
1387 3116 1751 3187 προλαϐόντα,
1796 3133 1891 3186 γε·

314 3208 411 3276 λᾷν
428 3223 487 3259 τε
513 3206 777 3275 ἀλλήλους
803 3208 895 3258 καὶ
919 3205 1120 3273 λέγειν,
1177 3206 1252 3266 ὡς
1288 3208 1535 3275 κρεῖττον
1568 3202 1635 3277 ἦν
1672 3207 1896 3259 σιωπῶν

314 3301 349 3366 ἢ
380 3302 602 3361 πυκνοῖς
635 3297 843 3367 βάλλων
880 3301 990 3360 τοῖς
1032 3296 1359 3369 γράμμασιν
1380 3313 1394 3327 ·
1428 3298 1544 3351 ἀλλ’
1596 3300 1746 3368 ὅμως
1787 3297 1895 3353 κᾶν

313 3390 596 3463 διατριϐὴν
648 3393 778 3461 ὑμῖν
836 3390 1062 3461 παρέχω
1115 3392 1210 3443 καί
1258 3391 1491 3459 γέλωτα,
1539 3393 1748 3462 σιωπᾷν
1795 3392 1895 3445 οὑιι

313 3482 602 3550 ανὲξῦμσι·
645 3482 722 3541 ὡς
752 3481 818 3535 ἂν
850 3481 1008 3550 ὑμεῖς
1030 3479 1234 3533 εἴποιτε
1269 3482 1463 3552 τέχνης
1502 3481 1590 3534 ἀεὶ
1617 3482 1677 3533 τὸ
1714 3481 1894 3534 λαλεῖν

315 3574 468 3643 παρά
498 3572 596 3641 τῆς
611 3573 809 3642 τέχνης
828 3572 1033 3625 λαλῶν·
1068 3573 1161 3624 καὶ
1188 3572 1358 3624 ταῦτα
1382 3586 1465 3623 σοι
1493 3571 1608 3624 νυνὶ
1636 3570 1897 3639 πράγμα-

313 3684 401 3729 τος
437 3669 515 3730 εἰς
539 3668 812 3737 ἡμετέραν
837 3667 1024 3738 χρείαν
1055 3667 1324 3739 ὁρῶντος·
1357 3668 1404 3719 οἱ
1438 3667 1547 3736 γὰρ
1589 3664 1721 3735 παρ’
1760 3666 1893 3735 ἡμῖν

313 3758 538 3826 λογάδες
579 3759 894 3829 ψηφίσματι
952 3758 1116 3828 κοινῴ
1169 3759 1269 3827 τὴν
1325 3759 1590 3828 μεγίστην
1648 3756 1894 3822 ἀξιοῦσιν

312 3851 509 3921 ἀρχὴν,
543 3850 725 3921 ῥᾴδιον
773 3850 1052 3902 ἐπινεῦσαι
1111 3851 1366 3921 πρᾶγμα,
1405 3849 1586 3901 πλεῖον
1619 3850 1679 3901 τὸ
1738 3866 1893 3918 σιτη-

316 3929 493 4013 ρέσιὸν
549 3960 639 4012 μοι
688 3943 994 4012 χορηγῆσαι
1050 3941 1381 4013 δυνάμενον·
1429 3941 1640 3994 αἰτοῦσι
1678 3941 1736 3993 δὲ
1798 3941 1893 3994 καὶ

314 4035 549 4096 παλαιὰς
574 4034 855 4098 συντάξεις
892 4033 1259 4105 βεϐαιωθῆναί
1297 4037 1409 4097 τοῖς
1460 4032 1891 4105 διαδεξαμένοις,

313 4131 404 4183 καὶ
432 4129 596 4200 ψιλὴν
632 4130 943 4200 μεταθεῖναι
969 4127 1342 4198 προσηγορίαν
1364 4145 1379 4159 ·
1415 4127 1587 4180 ταῦτα
1627 4128 1725 4198 τὴν
1755 4128 1893 4193 ὑμε-

309 4222 477 4291 τέραν
516 4219 775 4288 ἀναμένει
799 4218 1037 4287 σπουδήν
1058 4232 1072 4246 ·
1104 4217 1277 4270 ταῦτα
1296 4218 1432 4287 «pb;
1450 4217 1624 4287 πέρας
1649 4216 1896 4284 ἐνεγκόν-

310 4329 421 4376 τες,
454 4312 619 4380 κάμοὶ
647 4309 927 4381 χαριεῖσθε
987 4309 1083 4362 καὶ
1135 4311 1249 4371 τοῖς
1303 4310 1594 4379 αἰτήσασιν
1638 4309 1782 4378 ὑμᾶς
1823 4309 1891 4362 δι’

1998 3113 2134 3175 cire.
2180 3113 2274 3166 sed
2307 3110 2608 3180 praevenire
2638 3125 2854 3181 seraper
2908 3110 3301 3179 posterioribus
3333 3112 3577 3179 priores;

1998 3217 2059 3257 ac
2090 3202 2446 3271 probabiliter
2474 3201 2617 3257 inter
2639 3216 2735 3256 vos
2754 3201 2944 3255 ridetis
2977 3199 3219 3255 dicentes
3255 3200 3385 3255 mihi
3405 3202 3579 3257 satius

1997 3312 2118 3352 esse
2143 3296 2303 3350 silere
2341 3310 2504 3364 quam
2530 3294 2742 3350 crebris
2785 3294 3041 3364 persequi
3075 3293 3410 3348 voslitteris.
3474 3291 3581 3348 Ve-

1999 3370 2325 3454 rumtamen,
2354 3388 2569 3443 etiamsi
2602 3387 2880 3441 fastidium
2940 3386 3091 3441 vobis
3134 3397 3384 3456 praestem
3418 3397 3474 3443 et
3507 3388 3584 3442 ri.

1997 3496 2115 3535 sum
2161 3464 2346 3533 tac'ere
2374 3494 2480 3533 non
2529 3487 2740 3549 potero,
2800 3488 3058 3547 tanquam
3108 3478 3151 3530 si
3202 3478 3396 3532 dicatis
3444 3479 3580 3532 artis

1995 3585 2114 3627 esse
2140 3585 2355 3640 semper
2387 3570 2531 3639 loqui
2581 3577 2735 3624 extra
2786 3579 2959 3623 artem
2999 3566 3232 3637 loquens
3264 3576 3318 3622 et
3360 3569 3577 3638 quidem

2003 3660 2186 3730 agitur
2216 3674 2360 3713 nunc
2395 3660 2461 3713 de.
2516 3673 2576 3711 re
2615 3660 2681 3713 ad
2718 3672 2895 3712 meam
2929 3657 3219 3711 utllitatem
3270 3668 3576 3726 spectante.

1996 3750 2211 3806 Etenim
2250 3750 2350 3805 viri
2386 3749 2527 3818 apud
2558 3763 2657 3803 nos
2686 3748 2843 3803 electi
2891 3748 3166 3803 communi
3225 3765 3309 3802 me
3356 3751 3579 3804 decreto

1995 3860 2246 3914 suprema
2277 3844 2572 3913 dignantur
2597 3840 2961 3896 auctoritate:
2986 3840 3142 3907 cujus
3166 3839 3384 3908 quidem
3411 3855 3575 3894 exer-

1996 3939 2180 3993 citium
2218 3936 2373 3990 facile
2409 3948 2515 3998 est,
2545 3949 2609 3989 ac
2634 3934 2912 3989 meliorem
2973 3933 3105 3987 mihi
3147 3933 3348 3987 victum
3400 3942 3579 4003 potest

1995 4028 2370 4097 suppeditare;
2404 4037 2599 4093 rogant
2625 4041 2754 4079 vero
2796 4026 3050 4092 antiquas
3098 4022 3407 4080 conﬁrmari
3444 4039 3578 4093 pen-

1993 4118 2175 4173 siones
2212 4119 2278 4171 iis
2298 4116 2388 4186 qni
2415 4124 2756 4184 receperunt,
2786 4125 2841 4169 et
2872 4113 3175 4193 simplicius
3226 4116 3422 4169 mutari
3474 4131 3575 4168 no-
3618 4122 3625 4133 ‘

1998 4225 2139 4265 men.
2184 4208 2238 4262 Id
2265 4218 2494 4263 vestram
2533 4216 2717 4261 manet
2760 4221 2947 4260 curam
2978 4222 2991 4259 :
3027 4207 3128 4260 hoc
3173 4206 3446 4276 negotium
3510 4207 3577 4258 ad

1996 4301 2156 4355 tinem
2182 4300 2467 4363 ducentes,
2522 4307 2835 4367 pergratum
2869 4296 3080 4351 facietis
3119 4309 3175 4351 et
3223 4298 3354 4351 mibi
3390 4307 3445 4353 et
3473 4298 3575 4352 illis

314 4400 449 4470 ἐμοῦ
474 4418 488 4431 '
523 4405 571 4454 εί
600 4401 656 4453 δὲ
685 4400 861 4454 ταῦτα
893 4399 1194 4473 παρίδοιτε,
1239 4398 1403 4453 διπλᾶ
1459 4416 1550 4468 μοι
1601 4399 1890 4468 συμϐαίνει

2003 4395 2088 4462 qui
2132 4408 2228 4461 per
2257 4409 2345 4446 me
2370 4390 2692 4446 sollicitant.
2740 4389 2797 4444 Si
2835 4405 2966 4445 vero
3018 4389 3326 4460 negligatis,
3377 4390 3573 4460 duplex

315 4488 528 4555 παθεῖν,
588 4490 682 4543 καὶ
713 4489 773 4542 τὸ
826 4488 900 4559 μὴ
936 4492 1119 4559 τυχεῖν
1153 4490 1256 4559 τῆς
1294 4488 1528 4552 ἐλπίδος,
1583 4489 1679 4541 καὶ
1728 4489 1791 4541 τὸ
1823 4489 1890 4542 δι’

311 4580 467 4651 ὑμῶν
499 4581 575 4651 μὴ
604 4583 785 4651 τυχεῖν
806 4596 821 4610 ·
853 4575 928 4633 ὧν
961 4581 1022 4632 τὸ
1054 4580 1152 4650 μὲν
1190 4580 1474 4650 αίσχὺνην.
1510 4584 1571 4633 τ’)
1601 4580 1659 4635 δὲ
1688 4581 1893 4650 ζημίαν

311 4671 634 4742 ἐργάζεται·
666 4671 781 4725 ἀλλ’
810 4672 1182 4742 εὐτυχήσομεν
1212 4673 1444 4736 πάντως,
1465 4672 1599 4725 Θεοῦ
1626 4675 1726 4743 μὲν
1756 4676 1888 4727 ἄνω-

311 4766 404 4818 θεν
424 4763 788 4831 ὲπινεύοντος,
820 4765 973 4835 ὑμῶν
994 4765 1050 4817 δὲ
1074 4764 1463 4818 διακονούντων
1492 4769 1557 4837 τῇ
1586 4768 1766 4837 χρείᾳ,
1790 4768 1895 4838 ψη-

310 4857 611 4929 φίζομένης
640 4857 695 4909 δὲ
724 4858 820 4928 τῆς
863 4855 1125 4927 μεγίστης
1152 4855 1348 4926 ἀρχῆς.

754 5034 887 5091 NA'.
932 5034 1088 5088 T012
1120 5033 1392 5086 ΔΥΤΟῙΣ.

381 5128 647 5183 Τοσοῦτον
678 5129 825 5198 ἡμᾶς
854 5128 916 5180 τδ
943 5130 1106 5197 τάχος
1128 5124 1438 5195 κατέπληξε
1461 5122 1561 5194 τῆς
1616 5123 1887 5197 ὑμετέρας

310 5228 572 5297 σπουδῆς,
623 5227 698 5290 ὡς
737 5225 836 5287 τὰς
866 5223 1079 5294 ἡμέρας
1116 5221 1374 5291 ἀριθμεῖν
1417 5220 1476 5284 ἐξ
1499 5212 1561 5273 οὗ
1592 5221 1889 5291 πεπόμφα-

311 5339 410 5393 μεν
443 5319 513 5373 τὰ
545 5319 895 5388 ψηφίσματα,
930 5316 1023 5368 καὶ
1061 5313 1258 5384 μικροῦ
1287 5313 1398 5365 δεῖν
1431 5312 1578 5382 ὑμᾶς
1623 5312 1888 5374 νικῶντας

311 5412 397 5466 τὸν
436 5413 625 5481 χρόνον
658 5409 839 5477 εὑρεῖν
862 5422 876 5437 ·
926 5403 1180 5460 τοσοῦτόν
1210 5405 1357 5457 ἐστιν
1393 5403 1618 5471 ἀγαθῶν
1645 5402 1889 5472 ἀδελφῶν

308 5500 700 5574 περιάχθεσθαι
732 5500 960 5569 σπουδῇ,
1010 5496 1202 5567 κέρδος
1263 5496 1585 5567 ἡγουμένων
1642 5496 1787 5564 ειπερ
1823 5496 1889 5550 ἂν

309 5597 560 5667 ἀλλήλοις
581 5595 718 5667 πρὸς
739 5593 1006 5659 εὐθυμίαν
1030 5589 1361 5660 πορίσωνται
1386 5604 1401 5619 ·
1435 5588 1498 5640 τὸ
1520 5587 1577 5640 δὲ
1607 5588 1703 5640 καὶ
1729 5588 1889 5656 νικῆ-

311 5706 402 5743 σαι
421 5687 530 5742 τῶν
553 5685 887 5757 αἰτηθέντων
911 5683 1007 5752 τὴν
1021 5681 1233 5753 χρείαν,
1274 5681 1366 5733 καὶ
1392 5678 1564 5732 πλείω
1583 5680 1889 5750 παρασχεῖν

1997 4484 2170 4554 patiar
2206 4482 2641 4551 malum,uempe
2680 4483 2824 4551 quod
2879 4496 2974 4551 spe
3022 4481 3313 4536 frustratus
3343 4482 3474 4545 sim,
3520 4490 3576 4535 ct

1995 4575 2133 4644 quod
2166 4574 2266 4628 sim
2288 4588 2384 4643 per
2405 4588 2497 4627 vos
2529 4570 2825 4627 frustratus
2856 4586 2869 4622 :
2903 4587 3137 4641 quorum
3207 4574 3355 4641 prius
3404 4574 3574 4642 pudo-

1998 4685 2134 4733 rem,
2162 4665 2433 4736 posterius
2453 4664 2855 4719 incommodum
2878 4665 3007 4717 Inibi
3030 4661 3301 4718 afferretis
3326 4664 3421 4717 sed
3454 4664 3593 4760 [κη-ί

1995 4774 2085 4812 res
2111 4757 2331 4811 omnino
2354 4758 2557 4812 erimus
2580 4795 2596 4819 ,
2667 4757 2775 4810 Deo
2840 4756 3054 4810 caelitus
3084 4764 3375 4818 annuente,
3425 4755 3575 4808 vobis

1994 4850 2213 4904 utilitati
2244 4848 2642 4913 servientibus,
2692 4857 2749 4901 et
2784 4848 3007 4902 decreta
3056 4846 3189 4901 mihi
3224 4860 3433 4900 summa
3480 4861 3575 4912 po-

1995 4949 2207 4997 testate.

2600 5031 2687 5085 LI.
2725 5028 3001 5087 EISDEM.

2062 5128 2296 5184 Tantam
2328 5124 2484 5180 nobis
2505 5122 2759 5177 celeritas
2782 5122 2950 5176 vestri
2995 5117 3164 5172 studii
3194 5115 3362 5172 movit
3402 5114 3575 5172 admi-

1993 5225 2289 5283 rationem,
2328 5228 2384 5271 ut
2407 5218 2521 5272 dies
2550 5230 2901 5270 numeremus
2917 5229 2980 5265 ex
3002 5227 3111 5283 quo
3136 5210 3387 5281 snliragia
3417 5211 3573 5266 misi-

1991 5330 2131 5379 mus,
2182 5329 2243 5368 ac
2280 5321 2490 5366 tantum
2536 5323 2643 5361 non
2697 5307 3036 5361 inveniamus
3085 5320 3182 5358 vos
3227 5312 3439 5371 tempus
3496 5304 3575 5355 vi-

1990 5406 2131 5458 cisse
2159 5420 2172 5457 :
2206 5417 2381 5470 usque
2430 5400 2566 5453 adeo
2597 5396 2969 5451 sollicitudine
3026 5394 3163 5450 allici
3194 5403 3277 5448 est
3309 5394 3572 5447 beuorum

1989 5495 2319 5549 amicorum!
2370 5492 2582 5561 Quippe
2642 5491 2730 5560 qui
2787 5491 2998 5542 lucrum
3052 5490 3250 5541 habent
3309 5485 3572 5557 quidquid

1989 5590 2092 5644 sibi
2130 5588 2361 5641 invicem
2411 5584 2673 5639 benevole
2721 5581 3047 5652 largiuntur.
3103 5579 3334 5633 Vincrre
3390 5588 3571 5631 autern

1990 5678 2267 5735 concessis
2304 5676 2494 5749 petita,
2556 5684 2612 5731 et
2640 5674 2760 5745 plus
2783 5664 3236 5743 pra‘stare‘qnam
3257 5668 3424 5726 voluit
3444 5685 3573 5737 pus-
