3976 6210
463 194 603 258 2Ἶ59

1761 175 2117 239 PROCOPII
2145 176 2388 237 GAZzEI

3582 161 3713 229 2760

463 303 666 367 iulans,
698 310 958 371 quantam
991 294 1233 352 ostendit
1289 291 1707 361 benignitatem!
1758 288 1898 359 Ergo
1945 301 2044 341 ne-

2179 316 2183 358 ι
2222 288 2252 339 ό
2278 286 2510 357 αἰτήσας
2544 284 2825 355 ἠϐούλετο,
2861 280 3033 352 πόσην
3073 281 3173 334 οὐκ
3203 278 3461 348 ἐμφαίνει
3508 275 3603 350 τὴν
3628 277 3712 331 εὐ-

464 413 568 469 que
615 412 709 448 vos
763 391 1025 446 desinatis
1080 388 1204 441 talia
1263 387 1461 449 facere,
1521 396 1698 453 neque
1734 396 1831 436 nos
1873 381 1940 435 de
1980 379 2048 433 iis

464 490 692 543 multum
728 485 973 555 gloriari.

967 574 1071 627 LII.
1115 565 1543 624 IIIERONYMO.

534 673 639 735 Tu,
707 671 935 739 optime,
968 683 996 719 a
1036 665 1192 719 nobis
1240 661 1539 733 profectus,
1612 656 1759 727 prior
1806 654 2045 710 debuisti

464 761 623 816 nobis
649 762 908 823 scrib-re,
950 767 1003 808 et
1033 756 1347 808 doceretms
1364 751 1505 804 scire
1539 747 1824 817 cupientes
1849 759 1916 797 an
1948 744 2045 798 la:-

476 866 563 907 Itts
591 855 684 907 tibi
729 856 889 903 fuerit
920 846 1225 916 Neptunus,
1267 854 1321 898 et
1348 842 1469 895 navi
1499 852 1605 893 tua:
1638 853 1789 892 mare
1841 848 2050 891 strave-

469 950 559 1009 rit,
590 963 656 998 an
688 942 1029 997 Alexandriae
1058 950 1319 1009 prospere
1349 948 1409 988 se
1430 947 1516 988 res
1535 930 1842 990 habuerint.
1874 944 1941 982 an
1967 929 2050 982 iu-

468 1050 681 1105 gentem
703 1031 878 1086 Nlhim
910 1029 1138 1084 feliciter
1166 1024 1485 1086 transieris,
1528 1037 1596 1075 an
1630 1019 1822 1076 floride
1865 1020 1918 1073 in
1955 1028 2045 1072 tua

470 1125 762 1181 residentia
801 1136 851 1177 te
876 1123 1097 1184 habeas,
1141 1135 1208 1171 an
1246 1116 1522 1186 supersint
1552 1128 1896 1168 nummorum
1933 1127 2051 1180 my-

472 1220 674 1282 riades,
710 1234 777 1267 an
808 1216 1003 1269 domus
1039 1225 1127 1265 tua
1180 1208 1521 1280 Egyptiacis
1547 1207 1787 1261 abundet
1814 1207 2052 1258 muneri-

478 1311 601 1363 hus.
629 1310 749 1361 llam
778 1306 1017 1359 scribere
1040 1303 1293 1366 debuisti,
1322 1316 1386 1355 ac
1404 1299 1669 1370 promissa
1687 1296 1913 1368 implere
1938 1296 2055 1366 qui-

475 1402 575 1455 bus
625 1402 914 1452 missurum
944 1408 993 1449 te
1014 1394 1272 1465 epistolas
1301 1404 1357 1446 et
1383 1394 1589 1445 amicos
1611 1406 1885 1460 nunquam
1911 1390 2052 1444 ohli-

474 1503 654 1546 turum
696 1490 1062 1562 pollicebaris.
1110 1485 1189 1539 Tu
1231 1501 1358 1538 vero
1409 1500 1495 1538 tue
1520 1484 1687 1538 etiant
1723 1482 2052 1539 scribentem

474 1586 734 1652 despicis,
776 1582 1073 1649 dedignans
1102 1578 1236 1631 meis
1267 1578 1600 1645 respondere
1647 1576 1917 1645 epistolis.
1953 1580 2055 1630 'et-

488 1677 631 1729 enim
664 1674 772 1741 jam
798 1671 1091 1725 set-undam
1119 1670 1213 1722 tihi
1236 1670 1410 1722 mitto.
1435 1668 1490 1720 Si
1508 1668 1682 1721 adhuc
1705 1667 1911 1731 silebis,
1944 1665 2056 1720 lor-

480 1771 623 1821 Sila"
682 1767 898 1820 tertiam
927 1765 1105 1817 adhuc
1132 1764 1435 1824 mittemus,
1489 1761 1661 1815 donec
1701 1770 1752 1814 te
1788 1759 2059 1814 facturum

479 1861 701 1929 pudeat,
728 1868 985 1925 tuamque
1008 1853 1245 1923 linguam
1270 1854 1485 1907 tandem
1510 1852 1808 1906 solvamus.

1015 2030 1150 2085 ιλιι.
1178 2028 1528 2085 AGAPETO.

553 2121 770 2177 Petitus
803 2133 934 2188 ergo
968 2134 1028 2173 es
1060 2119 1467 2173 accusationem
1496 2117 1834 2189 subripiendi
1881 2135 2065 2190 spera-

494 2225 627 2276 tam,
666 2226 719 2266 et
749 2214 799 2266 iu
825 2212 963 2265 alios
1010 2209 1355 2278 retorqttentli
1402 2208 1631 2263 crimina
1664 2225 1784 2278 qua:
1805 2209 1943 2266 alius
1969 2211 2065 2266 tibi

477 2305 627 2376 fuste
652 2304 999 2359 intendisset.
1028 2299 1163 2356 Nam
1183 2301 1310 2355 olim
1332 2300 1616 2357 habitabas
1642 2302 2026 2358 Alexandriam
2051 2320 2065 2359 :

486 2400 589 2453 hac
615 2412 742 2450 vero
776 2396 961 2449 relicui
1004 2393 1223 2457 silehas,
1244 2403 1298 2448 et
1329 2408 1425 2463 pro
1451 2403 1539 2447 tua
1563 2402 1715 2464 parte
1741 2405 1885 2450 tuam
1904 2396 2067 2451 etiam

490 2494 707 2545 celabas
733 2505 826 2560 pra
847 2490 1102 2544 sentiam.
1140 2486 1246 2540 Sed
1283 2485 1514 2542 feliciter
1563 2487 1727 2552 fama,
1786 2504 1905 2557 quae
1934 2488 2070 2543 nihil

491 2582 690 2637 bonum
728 2581 896 2633 latere
914 2580 1063 2640 sinit,
1099 2590 1151 2630 et
1192 2578 1385 2631 mit-um
1420 2579 1685 2635 habebam
1714 2594 1811 2633 cur
1852 2580 2069 2636 sileres.

489 2673 548 2731 Si
570 2676 636 2727 atl
664 2675 764 2727 rite
787 2672 1189 2726 observandum
1231 2685 1449 2725 sacrum
1486 2671 1615 2725 illud
1655 2669 1976 2741 Pythagora:
2000 2675 2074 2727 si-

489 2771 714 2824 lentiqu
750 2785 766 2822 :
800 2776 877 2831 at,
918 2767 1258 2834 inquiebatn,
1288 2765 1527 2820 rhetoris
1558 2778 1664 2818 non
1696 2775 1780 2819 est
1807 2765 1994 2822 silere.
2016 2767 2073 2822 Si

488 2876 623 2917 vero
665 2871 869 2915 terram
924 2878 1046 2931 qua:
1076 2873 1125 2916 te
1152 2871 1469 2929 receperat,
1520 2870 1777 2931 tanquam
1811 2862 1913 2916 diis
1938 2863 2070 2916 invi-

2149 394 2333 443 νοιαν;
2380 379 2507 448 μήτ’
2530 372 2623 431 οὖν
2649 377 2808 446 ὑμεῖς
2836 373 3117 445 παύσησθε
3167 372 3396 425 τοιαῦτα
3427 368 3710 433 ποιοῦντες,

2152 473 2288 543 μήτε
2326 472 2468 542 μέγα
2503 470 2716 542 φρονῶν
2749 469 2841 520 ἐπὶ
2871 467 3082 529 τούτοις
3110 464 3241 534 ἐγώ.

2665 562 2791 615 NB’.
2840 560 3222 630 lEPﬂNl‘Mt}.

2218 656 2285 709 Σέ
2310 656 2429 726 μὲν,
2462 649 2507 709 ὧ
2535 654 2803 724 βέλτιστε,
2837 654 2927 706 τδν
2949 653 3007 720 ἐξ
3034 652 3195 722 ἡμῶν
3216 651 3509 722 ἀπάραντα
3536 655 3718 727 κατάρα

2152 767 2269 820 χειν
2300 748 2408 801 ἔδει
2448 747 2813 819 γραμμάτων,
2844 746 2939 799 καὶ
2969 744 3244 798 διδάσκειν
3276 745 3474 799 εἰδέναι
3506 746 3717 799 ποθοῦν.

2150 858 2271 903 τας,
2308 840 2361 892 εί
2391 851 2474 891 σοι
2498 839 2722 908 γέγονεν
2760 837 2998 907 εὐμενὴς
3028 837 3057 889 ό
3088 836 3380 899 Ποσειδὼν,
3409 838 3505 890 καὶ
3535 840 3599 907 τῇ
3640 837 3720 908 νηῒ

2150 935 2250 1005 τὴν
2303 932 2575 987 θάλατταν
2631 930 3025 1001 ὐπεστόρεσεν’
3076 931 3124 981 εί
3159 932 3225 982 τὰ
3282 930 3427 983 κατὰ
3457 929 3722 1000 τῆνἈλε-

2154 1027 2379 1099 ξάνδρου
2408 1027 2635 1095 γέγονεν
2667 1025 2870 1095 εὐμενῆ
2899 1040 2912 1052 ·
2965 1025 3013 1076 εί
3042 1023 3134 1077 τὸν
3167 1023 3336 1076 πολὺν
3383 1023 3591 1076 Νεῖλον
3625 1026 3712 1078 ἀν-

2154 1120 2425 1182 έπλευσας
2450 1118 2725 1189 εὐτυχῶς·
2766 1118 2813 1169 εί
2841 1115 2910 1169 τὰ
2936 1115 3033 1184 τῆς
3062 1115 3349 1186 διατριϐῆς
3365 1114 3564 1185 εὐθαλῆ
3588 1130 3601 1143 ·
3639 1114 3725 1168 καί

2156 1229 2237 1265 σοι
2261 1212 2448 1264 λοιπὸν
2477 1213 2537 1264 ἐν
2569 1208 2797 1280 μυριάσι
2814 1207 2875 1260 τὸ
2900 1207 3163 1277 νόμισμα,
3193 1206 3287 1259 καὶ
3305 1208 3397 1257 τὸν
3421 1201 3571 1259 οἷκον
3591 1205 3724 1274 ἔχεις

2153 1302 2475 1370 Αἰγυπτίοις
2509 1300 2783 1371 πλήθοντα
2815 1299 3008 1370 δώροις
3032 1315 3046 1327 ⁸
3083 1299 3255 1351 ταῦτα
3282 1298 3514 1368 γράφειν
3545 1299 3717 1369 ἐχρῆν,

2155 1395 2253 1449 καὶ
2292 1394 2393 1456 τὰς
2415 1392 2740 1462 ὑποσχέσεις
2771 1390 3032 1461 πληροῦν,
3058 1391 3115 1442 ἐν
3144 1385 3234 1450 αἷς
3255 1389 3449 1442 πολλαὶ
3478 1388 3579 1457 μέν
3609 1390 3723 1441 ἐπι-

2158 1484 2514 1555 στολαὶ,λήθη
2548 1484 2604 1537 δὲ
2629 1483 2738 1539 τῶν
2768 1480 2938 1552 φίλων
2965 1477 3146 1552 οὐκῆν
3166 1496 3180 1510 ⁸
3212 1482 3275 1534 σύ
3296 1480 3353 1532 δὲ
3374 1480 3469 1533 καὶ
3490 1478 3726 1532 ἐπιστέλ-

2159 1577 2344 1638 λοντος
2382 1576 2649 1646 παρορᾷς,
2684 1576 2783 1628 οὐκ
2813 1575 3009 1628 ἐθέλων
3038 1572 3364 1644 ἀμείϐεσθαι
3416 1571 3724 1641 γράμμασι⁸

2162 1667 2451 1739 τοιγαροῦν
2496 1668 2595 1738 ῆδη
2623 1668 2720 1720 καὶ
2748 1667 3008 1739 δευτέραν
3044 1665 3336 1719 ἐπέστειλα
3358 1682 3373 1695 ·
3416 1663 3517 1716 κᾶν
3546 1662 3624 1715 ἐτι
3655 1679 3733 1716 σι-

2162 1761 2358 1832 γήσῃς,
2413 1758 2554 1829 τάχα
2606 1758 2700 1811 καὶ
2752 1758 2944 1828 τρίτην
2991 1756 3397 1827 προσθήσομεν,
3426 1755 3530 1817 ἐως
3570 1753 3630 1806 σέ
3656 1770 3734 1814 τις

2164 1850 2455 1921 ἐπεισέλθῃ
2484 1849 2593 1903 τῶν
2614 1849 2910 1920 δρωμένων
2965 1848 3150 1915 αἰδὼς,
3179 1847 3274 1901 καὶ
3305 1845 3404 1916 τὴν
3435 1845 3534 1915 σὴν
3560 1842 3738 1913 ςωνὴν

2164 1943 2538 2012 εὐτυχήσομεν
3064 1930 3073 1939 ’

2711 2036 2834 2088 NI".
2873 2034 3215 2105 armum.

2238 2128 2423 2192 Δεινδς
2452 2128 2562 2197 ἄρα
2588 2145 2671 2187 τις
2700 2122 2863 2198 ἦσθα,
2926 2125 3260 2197 κατηγορίαν
3291 2124 3631 2195 ὑφαρπάζειν
3659 2126 3727 2178 ἐλα

2170 2223 2494 2293 πιζομένην,
2529 2223 2624 2278 καὶ
2668 2220 2840 2275 ταῦτα
2867 2220 3164 2291 προφέρειν
3188 2222 3298 2282 τοῖς
3327 2219 3529 2281 ἄλλοις.
3571 2214 3652 2282 οτς
3680 2220 3747 2272 ἄν

2169 2330 2253 2377 τις
2281 2312 2506 2375 δικαίως
2532 2314 2806 2384 ἐχρήσατο
2829 2311 2968 2365 κατὰ
2991 2309 3084 2363 σοῦ
3105 2327 3119 2340 ο
3155 2309 3321 2362 πάλαι
3354 2309 3451 2378 μὲν
3475 2310 3582 2378 γὰρ
3601 2306 3749 2378 εἶχες

2170 2404 2270 2475 τὴν
2291 2402 2668 2473 ’Δλεξάνδρου,
2693 2402 2791 2459 καὶ
2813 2402 3018 2471 ταύτην
3065 2399 3350 2455 ἀπολιπὼν
3402 2401 3613 2468 ἐσίγας,
3649 2402 3743 2453 καὶ

2170 2496 2232 2548 τὸ
2266 2495 2358 2549 σὸν
2391 2495 2555 2566 μέρος
2593 2492 2884 2556 ἐλάνθανες
2913 2493 3008 2546 καὶ
3050 2490 3269 2561 παρών·
3314 2491 3426 2544 ἀλλ’
3456 2490 3517 2546 εὐ
3548 2508 3617 2560 γε
3650 2492 3749 2561 τῆς

2175 2588 2384 2658 φήμης,
2416 2588 2449 2659 ἢ
2478 2585 2591 2639 τῶν
2619 2585 2859 2656 ἀρίστων
2887 2586 2953 2656 ἐᾷ
3006 2583 3289 2637 λανθάνειν
3317 2584 3487 2647 οὐδὲν,
3522 2581 3662 2652 αὕτη
3693 2600 3748 2635 σε

2177 2683 2422 2751 παρόντα
2467 2683 2751 2753 μεμήνυκε
2778 2700 2791 2715 ο
2818 2681 2913 2735 καὶ
2946 2680 3248 2750 θαυμάζειν
3287 2674 3432 2749 εἶχον
3476 2678 3596 2732 ἀνθ’
3630 2681 3749 2733 ὅτου

2176 2774 2241 2844 δὴ
2273 2776 2367 2828 καὶ
2391 2776 2583 2845 σιγᾷς·
2621 2774 2669 2826 εί
2705 2774 2801 2844 μὲν
2828 2772 3024 2842 σεμνὸν
3070 2770 3229 2825 τοῦτο
3281 2772 3372 2825 καὶ
3427 2769 3750 2842 Πυθαγόρου

2180 2866 2441 2939 νομίζων,
2473 2866 2588 2920 ἀλλ’
2617 2866 2678 2919 οὐ
2715 2867 2943 2937 ῥήτορος
2972 2863 3158 2932 ἔλεγον
3187 2864 3220 2933 ἡ
3278 2863 3405 2933 σιγή
3424 2879 3439 2894 ο
3480 2865 3533 2917 εί
3556 2863 3615 2916 δὲ
3657 2863 3753 2933 τὴν

491 2971 609 3008 sam
655 2965 710 3009 et
745 2954 1062 3009 barathrum
1080 2968 1223 3023 atgre
1269 2954 1569 3022 patereris,
1622 2954 1911 3025 oportebat
1951 2954 2072 3008 sola.

2189 2958 2416 3014 ἑλοῦσαν
2444 2958 2517 3021 ὼς
2543 2958 2684 3021 θεοῖς
2707 2955 2911 3027 ἐχθρὰν
2940 2956 3035 3009 καὶ
3064 2955 3336 3025 βάραθρον
3359 2954 3752 3025 ἐδυσχέραινες.

406 3072 409 3073 ν
490 3047 647 3110 tituu,
676 3047 745 3101 ab
768 3046 962 3101 amicis
996 3058 1201 3113 petere.
1249 3044 1405 3100 Unde
1448 3044 1654 3100 nullum
1707 3061 1775 3099 ex
1829 3046 1911 3100 his
1941 3060 2079 3115 prte-

495 3141 735 3194 textihus
776 3136 1155 3199 admittebam,
1200 3136 1292 3190 sed
1328 3135 1571 3191 dicebam
1598 3136 1778 3206 potius
1807 3145 1859 3190 te
1888 3150 2080 3205 super-

494 3230 685 3293 biisse,
718 3239 1040 3298 veteresque
1061 3229 1265 3281 amicos
1296 3225 1410 3294 jam
1458 3242 1556 3297 pro
1586 3226 1752 3282 nihilo
1785 3236 2035 3297 reputare
2063 3244 2073 3278 :

492 3335 804 3390 quanquam
852 3320 1126 3389 regionem
1165 3328 1308 3370 tuam
1342 3318 1454 3385 ipse
1507 3317 1842 3382 habitabant,
1892 3332 1953 3371 ac
1980 3332 2077 3385 pa-

497 3428 615 3464 rum
654 3412 844 3464 aberat
884 3410 1013 3478 quin
1043 3408 1267 3461 fratrem
1316 3419 1466 3460 tuum
1515 3407 1693 3461 ridere
1750 3406 2078 3462 nescientem

495 3504 847 3571 paedagogum
893 3497 1169 3551 haberem.
1210 3496 1336 3552 Hinc
1363 3511 1573 3550 mecum
1604 3497 1929 3567 reCOgilans,
1974 3512 2080 3552 non

494 3602 900 3662 exspectassent
952 3600 1003 3644 te
1063 3605 1240 3644 meum
1305 3590 1484 3645 subito
1540 3587 1653 3643 fore
1684 3597 2080 3644 accusatorem.

501 3682 657 3740 Unde
691 3693 811 3736 tttas
853 3683 1060 3736 litteras
1087 3698 1212 3736 cuttt
1238 3681 1345 3736 tisu
1369 3681 1721 3751 aspiciebam,
1761 3689 1818 3735 et
1846 3680 2084 3737 mirabar

497 3777 640 3846 quod
669 3776 939 3829 rhetorica
967 3784 1167 3827 tantam
1200 3782 1483 3842 pra-staret
1532 3774 1851 3842 potentiam,
1913 3782 1971 3826 ut
2018 3771 2083 3826 ad

496 3863 871 3921 defensionem
915 3881 1199 3920 recurrere
1248 3880 1475 3934 cogerer
1511 3880 1612 3933 ego
1636 3865 1725 3935 qui
1756 3863 1885 3919 olim
1919 3865 2083 3919 verba

503 3969 594 4013 tua
624 3960 945 4013 criminatus
969 3973 1138 4014 eram.
1175 3958 1340 4013 Sacra
1404 3958 1505 4015 ista
1564 3960 1856 4029 sophistica
1901 3973 1967 4013 ne
2000 3959 2085 4011 vi-

506 4051 585 4103 ris
648 4048 869 4118 quidem
945 4047 1186 4116 ejusdem
1247 4049 1382 4102 artis
1436 4047 1631 4117 parcit,
1706 4047 1797 4101 sed
1862 4062 1955 4103 eos
2017 4050 2083 4102 ad

509 4140 714 4206 glauca:
737 4136 973 4198 Palladis
1013 4138 1224 4204 urbem,
1258 4145 1316 4191 ut
1342 4138 1515 4204 aiunt,
1550 4136 1769 4206 relegat.
1822 4135 1925 4191 Mei
1956 4151 2086 4207 ergo

509 4232 603 4284 lilii
660 4228 761 4299 (sic
796 4228 941 4283 enim
987 4244 1138 4284 meos
1189 4232 1421 4284 vocabas
1469 4230 1768 4299 sermones)
1817 4230 1883 4285 ad
1920 4238 1971 4284 te
2007 4230 2086 4285 ire

506 4328 786 4387 verentur,
810 4323 900 4391 qui
936 4322 1042 4375 scis
1064 4322 1227 4374 etiam
1280 4321 1511 4377 latentes
1541 4322 1792 4391 detegere
1838 4320 2080 4377 mendas.
2118 4302 2162 4357 Ῐ)

1005 4409 1140 4467 LIV.
1199 4410 1591 4467 llORUTHEO.

584 4503 664 4556 Me
687 4500 793 4570 jam
822 4512 1063 4573 paratum
1103 4504 1289 4570 prima:
1326 4515 1427 4557 tum
1478 4503 1801 4571 respondete
1827 4504 2088 4570 epistolas,

500 4593 619 4658 ipse
652 4592 958 4659 praevenisti
1000 4595 1296 4645 secundam
1322 4593 1585 4647 mittendo
1615 4609 1626 4643 :
1657 4593 1791 4645 adeo
1852 4594 1904 4644 in
1960 4594 2090 4660 ipsis

501 4684 673 4739 etiam
727 4684 924 4739 litteris
972 4685 1192 4739 vincere
1249 4683 1511 4739 festinas!
1576 4686 1665 4748 At,
1732 4686 1964 4754 inquies,
1990 4701 2092 4741 cur

507 4783 660 4833 tanta
690 4775 882 4828 mora?
909 4775 1131 4829 Curilla
1172 4776 1444 4830 scribendi
1471 4776 1693 4831 dilatio!
1758 4776 1872 4831 Non
1915 4786 2091 4844 potest

503 4866 674 4923 homo
699 4866 962 4936 quidquid
998 4865 1122 4919 vult'
1139 4866 1337 4934 facere,
1399 4865 1494 4921 sed
1528 4881 1753 4922 necesse
1783 4876 1868 4922 est
1900 4868 2093 4923 cedere

508 4966 568 5013 et
623 4957 889 5012 inservire
956 4958 1178 5012 utilitati
1233 4969 1286 5013 et
1332 4969 1518 5028 patere
1590 4960 2015 5014 circumstantiis
2074 4977 2087 5012 :

505 5065 632 5121 qum
665 5050 881 5121 quidem
924 5066 1028 5107 non
1061 5054 1195 5107 dant
1235 5052 1493 5121 quidquid
1556 5055 1753 5121 cuique
1813 5053 1962 5120 hbet,
1995 5052 2090 5106 sed

509 5144 653 5212 quod
691 5142 757 5197 ad
792 5143 1075 5199 utilitatem
1119 5159 1344 5199 necesse
1380 5153 1463 5199 est
1494 5159 1831 5200 tnensurare.
1881 5142 2092 5198 Hacte-

511 5252 616 5292 nus
657 5237 820 5307 igitur
850 5238 1053 5292 invitus
1072 5247 1123 5291 et
1148 5251 1290 5307 mgre
1315 5237 1462 5303 silui,
1519 5252 1640 5292 cum
1674 5238 1975 5305 prasertim
1999 5238 2091 5290 ad-

513 5326 786 5380 mirationi
824 5328 1051 5383 habeam
1096 5338 1245 5382 tuuttt
1297 5330 1535 5383 studium
1569 5329 1785 5399 quando
1822 5331 1961 5398 apud
1996 5343 2094 5384 nos

510 5429 659 5482 eras,
690 5430 1130 5484 perseverantem
1163 5402 1328 5474 etiam
1346 5430 1468 5489 post
1526 5432 1673 5474 tuutn
1706 5421 1907 5475 abitum
1944 5431 2090 5477 tuam

506 5519 641 5571 erga
671 5520 758 5560 me
793 5506 1242 5577 benevolentiam,
1281 5523 1530 5568 exortum
1570 5523 1759 5569 contra
1807 5523 1859 5569 te
1906 5515 2090 5569 odium

510 5607 567 5652 et
620 5596 901 5668 antiquam
930 5598 1164 5656 fortunae
1197 5602 1499 5661 malitiam.
1527 5602 1633 5672 Tu,
1689 5607 1832 5660 velut
1872 5606 2091 5677 sapiens

2181 3046 2348 3115 ἐχρῆν
2377 3044 2504 3115 περὶ
2523 3044 2632 3097 τῶν
2658 3044 2827 3114 φίλων
2849 3043 3205 3118 παραμυθίαν
3247 3044 3420 3096 αίτείν
3444 3058 3459 3073 '
3484 3043 3613 3098 ὅθεν
3638 3044 3755 3097 τού-

2181 3154 2288 3190 των
2322 3135 2422 3205 μὲν
2449 3136 2623 3201 οὐδὲν,
2677 3135 2865 3204 ἔλεγον
2915 3135 2972 3188 δέ
3006 3135 3206 3206 μᾶλλον
3235 3134 3312 3200 ὼς
3364 3136 3532 3199 πολὺς
3567 3137 3754 3209 ῆρθης,

2183 3228 2431 3291 καὶτοὺς
2488 3228 2655 3282 πάλαι
2686 3227 2970 3297 φιλτάτους
3006 3227 3171 3297 λῆρον
3219 3222 3359 3281 εἶναι
3407 3228 3621 3293 δοκεῖς·
3667 3233 3758 3285 καὶ

2181 3318 2355 3372 ταῦτα
2385 3319 2482 3389 τὴν
2524 3318 2752 3373 ἑλοῦσαν
2777 3319 2961 3382 οίκῶν,
2991 3320 3083 3372 καὶ
3110 3317 3307 3389 μικροῦ
3346 3318 3461 3371 δεῖν
3488 3320 3580 3372 ὐπ’
3602 3321 3752 3373 ἁδελ-

2183 3411 2271 3482 φῷ
2306 3412 2382 3482 μὴ
2407 3412 2636 3480 γελῶντι
2666 3411 3211 3480 παιδαγωγούμενος’
3240 3409 3414 3464 ταῦτα
3446 3412 3570 3464 κατ’
3591 3412 3749 3480 ipa“-

2182 3505 2273 3558 τὸν
2299 3505 2516 3568 ἐννοῶν,
2548 3505 2647 3558 οὐκ
2697 3505 2762 3557 ἂν
2788 3504 2998 3576 ἦλπικά
3037 3520 3097 3557 σε
3145 3506 3453 3575 κατήγορον
3500 3502 3757 3573 ἐξαίφνης

2188 3597 2348 3651 ἰδεῖν·
2378 3597 2501 3651 ὅθεν
2525 3596 2871 3668 προσεγέλων
2901 3597 2970 3649 τὰ
2997 3596 3325 3667 γράμματα,
3355 3597 3450 3649 καὶ
3477 3595 3580 3663 τὴν
3606 3596 3767 3666 ῥητο-

2188 3687 2346 3759 ρικὴν
2369 3688 2675 3757 ἐθαύμαζον
2704 3687 2974 3757 τοσαύτην
2999 3686 3341 3759 χορηγοῦσαν
3363 3687 3466 3757 τὴν
3489 3687 3765 3752 ἐξιυσίαν,

2184 3778 2251 3832 δι’
2283 3780 2350 3851 ἣν
2379 3779 2675 3846 ἀπολογίαν
2706 3778 2952 3849 ἐζήτουν,
2988 3781 3016 3832 ὁ
3053 3779 3222 3831 πάλαι
3251 3778 3330 3848 τῷ
3358 3779 3503 3849 λόγῳ
3530 3794 3771 3845 κατηγο-

2190 3871 2298 3941 ρῶν
2323 3886 2337 3901 ·
2370 3869 2540 3923 ταῦτα
2567 3870 2665 3940 τῆς
2702 3870 3020 3940 σοφιστικῆς
3048 3870 3114 3922 τὰ
3161 3869 3356 3940 σεμνὰ,
3387 3870 3484 3921 καὶ
3509 3869 3633 3921 οὐδέ
3658 3868 3772 3921 τῶν

2185 3959 2495 4030 ὁμοτέχνων
2526 3959 2805 4027 ἐφείσατο,
2824 3957 3059 4026 γλαῦκα,
3084 3960 3272 4029 φησὶν,
3300 3957 3568 4028 Ἀθήναζε
3585 3974 3774 4026 παρα-

2188 4048 2511 4116 πέμπουσα·
2551 4048 2601 4099 οί
2630 4046 2687 4099 δέ
2735 4044 2869 4116 ἐμοὶ
2909 4046 3095 4108 παῖδες
3159 4044 3355 4114 (οὕτως
3387 4044 3496 4114 γὰρ
3551 4044 3775 4105 ἐκάλεις

2188 4141 2315 4203 τοὺς
2370 4138 2582 4210 λόγους)
2620 4138 2756 4208 πρὸς
2796 4138 2857 4191 σέ
2911 4140 3101 4208 φοιτᾷν
3139 4136 3456 4208 ἐρυθριῶσι,
3524 4135 3779 4205 ἐλέγχειν

2190 4233 2369 4287 εἰδότα
2410 4234 2503 4286 καὶ
2534 4232 2903 4288 λανθάνουσαν
2936 4232 3237 4303 ἀμορφίαν.

2744 4410 2865 4462 NA'.
2900 4407 3220 4479 neruoso.

2264 4502 2400 4573 Ἤδη
2438 4520 2506 4573 με
2548 4502 2809 4572 μέλλοντα
2858 4502 2993 4572 πρὸς
3052 4502 3152 4569 τὴν
3207 4499 3481 4571 προτέραν
3540 4499 3788 4569 γράφειν

2190 4595 2500 4666 ἐπιστολὴν,
2536 4593 2747 4662 φθάσας
2798 4594 2958 4657 αὐτδς
2999 4594 3095 4646 καὶ
3146 4591 3409 4663 δευτέραν
3454 4591 3745 4660 ἐπέθηκας
3771 4611 3785 4621 ·

2190 4687 2332 4741 οὐτω
2360 4689 2463 4741 κάν
2491 4689 2602 4749 τοῖς
2647 4686 2940 4758 γράμμασι
2972 4685 3172 4754 ἐπείγῃ
3202 4685 3384 4756 νικᾷν.
3428 4683 3592 4737 Ἀλλὰ
3616 4683 3711 4747 τίς
3764 4686 3793 4735 ὁ

2191 4782 2405 4854 χρόνος,
2432 4783 2598 4851 ἐρεῖς,
2650 4780 2745 4833 καὶ
2769 4781 2801 4850 ἡ
2828 4778 2923 4832 τοῦ
2954 4777 3029 4850 μὴ
3060 4778 3296 4847 γράφειν
3328 4775 3601 4846 ἀναδολή;
3667 4775 3794 4829 οὐκ

2192 4876 2338 4928 ἐστιν
2378 4874 2660 4944 ἄνθρωπον
2707 4872 2856 4936 δντα,
2909 4870 3171 4941 πράττειν
3215 4869 3319 4922 ὅσα
3371 4886 3456 4932 τις
3501 4868 3792 4937 βούλεται,

2192 4967 2305 5019 ἀλλ’
2344 4967 2558 5035 ἀνάγκη
2593 4962 2932 5037 παρέχεσθαι
2964 4961 3060 5014 καὶ
3084 4959 3360 5013 δουλεύειν
3389 4961 3457 5028 τῇ
3493 4958 3665 5029 χρείᾳ
3698 4960 3799 5010 καὶ

2193 5058 2478 5112 πείθεσθαι
2500 5057 2577 5127 τῷ
2607 5056 2783 5126 καιρῷ
2804 5072 2817 5085 ο
2848 5058 2876 5109 ὁ
2903 5055 2961 5107 δέ
2997 5054 3210 5109 δίδωσιν
3243 5053 3341 5123 οὐχ
3366 5054 3468 5106 ὅσα
3489 5069 3573 5115 τις
3605 5050 3797 5109 θέλει,

2192 5153 2306 5206 ἀλλ’
2327 5152 2429 5205 ὅσα
2452 5150 2589 5222 πρὸς
2616 5148 2714 5216 τὴν
2742 5148 2932 5217 χρείαν
2962 5146 3175 5215 ἀνάγκη
3207 5146 3448 5216 μετρεῖν.
3477 5142 3651 5197 Ταῦτ’
3678 5143 3803 5211 ἄρα

2195 5245 2388 5315 μέχρις
2422 5243 2521 5310 τῆς
2540 5241 2637 5294 νῦν
2656 5240 2805 5294 ἄκων
2839 5240 2964 5310 μὲν,
2999 5239 3219 5293 σιωπῶν
3247 5237 3292 5291 δ’
3320 5234 3414 5292 οὖν
3443 5237 3590 5306 ὅμως
3621 5236 3805 5307 ἠχθὸ·

2197 5356 2305 5409 μην
2324 5355 2337 5368 ’
2365 5335 2543 5390 καίτοι
2568 5334 2871 5404 θαυμάζειν
2890 5333 3030 5404 έχων
3054 5333 3154 5404 τὴν
3176 5333 3265 5386 ὅτε
3293 5332 3423 5402 παρ’
3461 5332 3593 5401 ημῖν
3635 5325 3806 5399 ἦσθα

2197 5430 2453 5500 σπουδὴν,
2474 5430 2575 5499 τὴν
2595 5428 2783 5498 ἐπειδὴ
2806 5428 2968 5481 πάλιν
2986 5427 3225 5496 ἀνῆχθης
3251 5425 3334 5479 ἔτι
3368 5440 3459 5492 μοι
3489 5423 3804 5491 διαμένων

2199 5538 2297 5574 σαν
2325 5520 2563 5583 εὐνοιαν,
2604 5518 2694 5571 τὸν
2713 5516 2853 5571 κατὰ
2888 5516 2982 5569 σοῦ
3018 5515 3292 5569 συστάντα
3329 5512 3525 5582 φθόνον
3555 5513 3658 5564 καὶ
3690 5509 3805 5578 τὴν

2197 5608 2366 5662 πάλαι
2396 5607 2493 5678 τῆς
2520 5606 2692 5678 τύχης
2713 5605 3008 5677 ἐπιϐουλήν
3028 5621 3040 5636 ·
3077 5604 3172 5659 καὶ
3196 5602 3273 5668 ὡς
3301 5603 3534 5673 σώφρων
3568 5601 3805 5671 ἀνήγου
