3976 6210
410 293 564 356 2ἷ63

1736 297 2080 356 l‘IiOCOPII
2107 297 2348 357 GAZJZI

3543 305 3635 372 itii

409 425 552 462 nunc
581 404 855 460 mollitiem
895 407 958 457 ad
993 403 1276 472 pristinam
1332 408 1649 475 gravitatem
1717 425 1957 464 revooart

2077 429 2158 475 τις
2190 411 2286 482 τὴν
2313 410 2546 482 ἀρχαίαν
2567 412 2862 484 ἐπανάγειν
2883 417 3040 490 ἐθέλῃ
3060 435 3074 450 ⁸
3109 417 3211 474 κᾶν
3251 421 3300 474 εἰ
3328 421 3425 491 τὴν
3459 441 3634 492 μουσιο

412 504 557 566 νυιίι,
595 517 658 554 ac
682 499 725 554 si
757 499 876 565 quis
922 497 1181 549 musicam
1215 497 1267 549 in
1299 497 1693 552 cantilenarum
1742 502 1970 568 ineptias

405 609 457 650 et
516 596 789 664 vulgarem
852 589 1182 659 proterviam
1239 588 1522 642 cadentem
1561 591 1626 642 ad
1669 591 1965 660 Terpandri

405 707 614 745 musam
647 687 890 742 reducat.
955 685 1072 752 Ipse
1115 696 1294 739 autem
1349 683 1491 738 unde
1541 681 1698 736 nobis
1727 683 1964 737 amicitia

402 787 596 852 dignus
627 780 847 842 videris,
890 779 933 833 si
957 778 1099 847 quod
1129 777 1350 830 verbum
1400 776 1600 829 dixeris
1639 769 1982 838 Atticorum,

401 889 452 931 et
483 874 792 928 laudatores
821 869 1051 933 invenis,
1092 878 1344 936 tanquam
1369 881 1434 922 ex
1460 867 1683 934 antiquo
1707 882 1857 920 more
1895 866 1963 919 li-

401 970 572 1024 citum
611 964 684 1017 sit
740 961 948 1029 impleri
997 959 1320 1028 quibusdam
1353 945 1534 1013 verbis
1582 958 1960 1012 communibus

402 1071 605 1125 easque
635 1055 687 1107 in
730 1061 908 1105 rostra
956 1049 1134 1104 ferre?
1169 1048 1352 1115 Quare
1397 1049 1560 1120 igitur
1580 1050 1763 1116 juveni
1821 1050 1961 1104 assi-

399 1151 533 1204 dens
579 1143 758 1200 credis
805 1140 1004 1209 aliquid
1054 1154 1306 1209 magnum
1355 1141 1421 1193 ad
1468 1140 1719 1194 Aristidis
1780 1139 1957 1207 Magni

398 1239 645 1297 conferre
673 1235 816 1290 sicut
835 1233 948 1300 ipse
979 1231 1256 1299 loquaris?
1286 1229 1355 1284 Ut
1381 1230 1508 1299 quid
1535 1230 1788 1285 Polemon
1817 1232 1960 1285 asia-

399 1331 520 1385 ticis
555 1324 874 1382 commentis
929 1330 1164 1375 veterem
1210 1321 1458 1390 purgavit
1504 1321 1808 1374 rhetoricen
1852 1319 1959 1375 ?Si

398 1434 527 1478 tunc
578 1417 844 1474 exsistere
877 1414 1088 1468 fortuna
1109 1413 1202 1466 tibi
1233 1413 1490 1476 dedisset,
1524 1411 1703 1468 forsan
1737 1427 1960 1467 accusa-

403 1516 630 1575 tionem,
665 1517 724 1563 ιιι
750 1515 899 1578 puto,
961 1505 1220 1559 adversus
1253 1503 1400 1556 illum
1443 1504 1769 1558 intentasses
1800 1519 1864 1559 ex
1895 1517 1961 1558 eo

396 1601 539 1672 quod
562 1595 1008 1654 consuetudinem
1047 1602 1421 1662 transgressus
1454 1591 1520 1646 ad
1547 1593 1825 1661 antiquam
1851 1607 1961 1646 mu-

401 1695 571 1746 sicam
603 1685 878 1742 redeundo
909 1683 1096 1737 thraso
1137 1696 1257 1735 esse
1313 1681 1592 1736 voluisset.
1647 1681 1823 1750 Atque
1853 1681 1960 1735 uti-

2069 504 2170 573 κὴν
2218 504 2550 558 ἐκπεσοῦσαν
2606 509 2684 570 είς
2723 507 2914 572 ὕθλους
2979 510 3178 578 μελῶν,
3214 513 3308 566 καὶ
3346 514 3632 587 δημοτικὴν

2068 594 2332 664 φλυαρίαν
2367 597 2414 647 εί
2440 597 2540 667 τὴν
2567 599 2917 670 Τερπάνδρου
2950 600 3157 670 μοῦσαν
3206 600 3360 668 αὖθις
3385 606 3591 674 ἐνέγκοι
3612 619 3628 638 ⁶

2065 682 2225 746 αὐτὸς
2251 684 2308 737 δέ
2330 685 2492 738 πόθεν
2516 688 2665 757 ἡμῖν,
2693 689 2829 758 πρὸς
2847 689 3042 758 φιλίου,
3070 693 3265 763 σεμνὸς
3291 690 3428 747 εἶναι
3445 695 3629 766 δοκεῖς,

2063 773 2189 826 εἴτι
2216 777 2373 845 ῥῆμα
2423 775 2686 843 φθέγξαιο
2722 777 2829 831 τῶν
2871 781 3132 834 Ἀττικῶν
3184 785 3279 838 καὶ
3307 784 3488 855 τύχοις
3528 788 3633 842 τῶν

2063 862 2463 932 ἐπαινούντων,
2501 868 2577 930 ὡς
2614 869 2840 937 ἀρχαῖον
2884 869 3189 942 καθέστηκε
3241 875 3414 944 παρὸν
3468 876 3630 945 ἐμφο-

2071 954 2280 1022 ρεῖσθαι
2309 955 2416 1008 τῶν
2443 957 2506 1008 ἐκ
2532 957 2742 1027 τριόδου
2789 959 3076 1028 ῥημάτων⁸
3119 963 3213 1014 καὶ
3253 963 3426 1016 ταῦτα
3454 965 3632 1036 φέρειν

2060 1044 2152 1094 ἐπὶ
2197 1045 2288 1098 τοῦ
2333 1047 2615 1116 ρήματοςς
2658 1048 2689 1118 ἢ
2733 1050 2785 1100 τί
2814 1050 2945 1120 δῆτα
2988 1050 3094 1103 τῶν
3146 1054 3444 1122 μειρακίων
3504 1072 3632 1125 ’προ⁴

2060 1134 2423 1205 καθεζόμενος
2455 1136 2556 1188 οἴει
2602 1154 2655 1190 τι
2714 1139 2857 1207 μέγα
2897 1140 3110 1210 φρονῶν
3156 1139 3478 1212 Ἀριστείδου
3534 1143 3627 1197 τοῦ

2061 1225 2206 1277 πάνυ
2239 1226 2376 1293 πρὸς
2426 1227 2668 1288 ἔπαινον,
2700 1229 2747 1280 εἰ
2774 1229 2950 1297 λέγοις
2980 1231 3055 1293 ὡς
3091 1232 3283 1297 αύτός;
3320 1234 3628 1304 ἧΠολέμων

2061 1314 2159 1382 τῆς
2219 1315 2470 1384 ’Δσιανῆς
2503 1317 2831 1386 [τερατείας
2898 1319 2996 1388 τὴν
3047 1321 3281 1389 ἀρχαξαν
3341 1324 3627 1393 ῥητορικὴν

2065 1404 2338 1473 ἐκάθηρεν
2359 1420 2372 1468 ;
2396 1406 2442 1456 εί
2475 1405 2529 1458 δέ
2553 1421 2632 1457 σοι
2653 1407 2773 1459 τότε
2810 1407 3058 1474 γενέσθαι
3085 1409 3357 1478 παρέσχεν
3381 1413 3414 1479 ἡ
3440 1413 3623 1480 τέχνη,

2062 1493 2203 1562 τάχα
2231 1512 2319 1563 μοι
2363 1495 2456 1546 καὶ
2479 1497 2698 1573 γραφὴν
2725 1496 3121 1564 ἐπενέγκασθαι
3146 1500 3264 1550 κατ’
3300 1499 3526 1563 ἐκείνου,
3545 1500 3629 1553 δο-

2059 1588 2175 1648 κεῖς
2197 1585 2281 1637 δτι
2310 1587 2378 1638 τά
2416 1587 2620 1656 συνήθη
2652 1587 2916 1657 παριδὼν,
2946 1586 3158 1652 ἀλαζὼν
3195 1586 3332 1642 εἶναι
3367 1589 3628 1660 βούλεται,

2065 1677 2203 1746 πρὸς
2224 1677 2456 1746 ἀρχαίαν
2476 1678 2811 1746 ἀναγόμενος
2843 1679 3081 1748 μοῦσαν·
3121 1680 3230 1732 εἴθε
3279 1681 3335 1733 δὲ
3369 1682 3463 1734 καὶ
3502 1684 3632 1752 τρά-

407 1797 531 1836 nam
587 1791 770 1833 mensa
835 1775 1129 1830 etiamnum
1169 1773 1377 1842 vigeret
1425 1772 1706 1827 laconica!
1751 1773 1956 1826 utinam

2063 1769 2200 1832 πεζα
2233 1769 2326 1822 νῦν
2352 1765 2506 1832 αῦθις
2528 1770 2744 1840 ἐκράτει
2765 1771 3077 1841 Λακωνικὴ,
3102 1773 3193 1824 καὶ
3219 1766 3287 1841 ἦν
3311 1773 3440 1841 ἡμῖν
3464 1773 3492 1826 ό
3520 1772 3630 1842 βίος

397 1872 551 1927 nobis
576 1870 749 1923 vietus
777 1874 942 1928 esset,
973 1875 1028 1917 ut
1053 1863 1176 1917 olim
1200 1866 1336 1932 apud
1371 1863 1583 1928 Persas,
1627 1877 1798 1929 maza,
1827 1877 1966 1932 aqua

395 1975 446 2017 ct
479 1958 834 2016 nasturtium!
887 1953 1012 2007 Hinc
1034 1969 1160 2006 vero
1185 1955 1306 2022 quis
1327 1969 1468 2008 nunc
1500 1953 1966 2022 vigeresineretin

397 2066 536 2107 terra
569 2063 688 2119 qua:
741 2056 794 2101 te
821 2044 1060 2112 recepit?
1089 2042 1205 2098 Non
1244 2053 1462 2113 pmpter
1496 2038 1764 2112 patientiae
1794 2052 1969 2097 trans-

395 2142 748 2212 gressionem,
775 2139 867 2192 sed
901 2137 1026 2205 quia
1062 2135 1185 2188 talia
1232 2149 1373 2204 argre
1408 2135 1655 2204 producit
1701 2135 1812 2190 suis
1871 2136 1968 2189 ha-

397 2233 718 2286 bitatoribus
785 2238 947 2282 terra.
1005 2228 1076 2280 At
1129 2227 1480 2280 nihilominus
1521 2227 1632 2296 ipse
1686 2227 1961 2280 mollitiem

397 2318 770 2388 Algyptiacam
800 2314 1012 2370 discens
1046 2315 1248 2382 patrios
1279 2314 1486 2368 deseris
1519 2329 1722 2380 mores,
1779 2324 1832 2369 tu
1872 2315 1962 2384 qui

393 2407 841 2462 consuetudinem
873 2403 1078 2458 servari
1112 2403 1378 2472 prmcipis,
1441 2405 1604 2459 etiam
1642 2405 1760 2474 plus
1799 2418 1960 2477 quam

393 2502 564 2554 decet.
598 2495 682 2550 Me
729 2503 908 2548 autem
959 2493 1264 2548 thrasonem
1313 2508 1527 2558 vocare,
1600 2495 1722 2564 quia
1769 2511 1959 2552 nomen

396 2601 541 2645 ttuun
568 2595 688 2656 post
718 2599 894 2639 meum
925 2584 1064 2638 forte
1129 2583 1343 2654 scripsi,
1401 2585 1504 2640 hoc
1551 2583 1795 2652 congruit
1854 2601 1958 2640 non

395 2680 528 2734 bene
573 2675 767 2730 scienti
810 2671 950 2743 quod
984 2673 1216 2743 primum
1248 2683 1330 2728 est
1377 2675 1567 2728 ordine
1608 2689 1712 2728 non
1747 2689 1962 2743 semper

393 2782 512 2825 esse
540 2765 772 2835 primum
798 2763 992 2834 pretio,
1030 2779 1134 2818 non
1157 2778 1283 2819 vero
1307 2765 1558 2818 convenit
1579 2763 1789 2819 docenti
1828 2764 1959 2818 illud

394 2854 856 2913 Demosthenisin
880 2869 987 2924 quo
1007 2869 1065 2909 se
1091 2869 1346 2909 exercere
1383 2855 1560 2910 solent
1602 2855 1775 2925 pueri,
1815 2855 1959 2910 vide-

395 2950 517 3005 licet
545 2950 836 3013 actionem,
885 2946 1132 3012 quamvis
1180 2945 1537 3016 posteriorem
1571 2947 1758 3001 ordine
1793 2963 1954 3016 quam

393 3042 748 3098 elocutionem
795 3048 852 3094 et
900 3047 1130 3108 gestum,
1190 3039 1425 3106 priorem
1489 3049 1664 3094 tamen
1723 3039 1955 3094 efﬁcacia

335 3153 340 3156 ·
392 3131 514 3190 esse
554 3147 617 3186 ac
665 3129 966 3185 meliorem.

393 3238 616 3293 prorsus
645 3222 931 3291 superbam
955 3235 1076 3275 esse
1114 3235 1333 3288 arguas,
1365 3221 1517 3276 locus
1537 3230 1620 3276 est
1651 3235 1744 3275 eos
1769 3221 1957 3283 etiam,

395 3315 486 3384 qui
521 3310 824 3378 huiusmodi
857 3310 1258 3378 inscriptionem
1291 3311 1416 3364 olim
1444 3312 1493 3365 itt
1519 3326 1671 3364 usum
1700 3311 1960 3365 adhibue-

399 3412 547 3470 runt,
603 3403 656 3456 in
702 3400 966 3470 superbiae
1002 3401 1189 3453 morbo
1225 3400 1384 3453 simul
1446 3415 1654 3454 mecum
1714 3415 1958 3468 compre-

400 3494 638 3548 hendere
664 3509 678 3545 :
707 3505 934 3558 quorum
960 3501 1184 3544 caeteros
1210 3491 1642 3558 pra-termitlens,
1678 3491 1957 3546 Socratem

391 3584 572 3638 citabo
621 3593 676 3637 et
725 3581 1027 3647 Platonem,
1093 3582 1184 3650 qui
1237 3580 1632 3652 pliilosOpbiam
1687 3591 1792 3636 tam
1853 3581 1960 3635 alte

395 3681 803 3743 promoverunt.
832 3671 900 3725 At
930 3669 998 3724 de
1031 3671 1425 3741 vaniloquentia
1467 3687 1532 3726 ex
1565 3673 1648 3728 his
1704 3673 1836 3742 ipsis
1876 3673 1957 3726 in-

395 3761 672 3816 tellcxisti.
740 3759 886 3816 Cave
917 3769 1092 3813 autem
1130 3776 1194 3812 ne
1225 3761 1276 3812 in
1323 3770 1484 3815 temet
1531 3763 1784 3831 evagines
1832 3779 1956 3830 pro-

391 3853 562 3907 verbii
595 3852 848 3922 gladium.
883 3850 1016 3905 Num
1047 3851 1208 3921 igitur
1229 3851 1280 3904 id
1299 3853 1519 3920 antiquo
1550 3867 1648 3906 usu
1683 3863 1952 3922 receptum

393 3955 493 4010 est,
527 3944 774 3998 videlicet
799 3945 943 4012 quod
969 3953 1042 4006 te,
1075 3943 1142 3997 de
1163 3958 1297 3996 nave
1332 3943 1416 3996 vix
1448 3958 1745 4012 egressum,
1775 3945 1953 3998 statim

392 4035 726 4091 clamoribus
775 4033 1022 4088 barbaris
1095 4034 1362 4100 prosecuti
1424 4032 1624 4086 fuerint
1674 4031 1954 4103 Egyptia-

390 4141 505 4179 rum
539 4126 712 4195 pueri,
745 4135 798 4179 et
831 4137 1005 4180 cmtus
1026 4108 1256 4178 adfuerit
1281 4124 1420 4178 haud
1454 4125 1627 4179 minor
1653 4138 1810 4192 quam
1832 4140 1950 4179 cum

387 4217 514 4272 olim
545 4231 736 4271 currus
787 4214 923 4294 ipsis
975 4229 1264 4282 prosperus
1313 4214 1468 4282 Apim
1522 4213 1847 4280 adveheret;
1900 4224 1950 4269 et

387 4309 530 4378 quod
561 4310 626 4362 de
653 4308 772 4361 istis
799 4308 978 4361 animo
1028 4305 1208 4360 elatus
1267 4306 1398 4359 mihi
1442 4319 1657 4373 parvam
1689 4305 1952 4358 habitanti

387 4400 574 4452 urbem
598 4397 702 4451 vile
733 4411 924 4450 nomen
957 4395 1193 4461 dederis,
1235 4408 1297 4449 ac
1325 4393 1681 4462 simpliciores
1723 4395 1819 4449 tibi
1851 4395 1949 4448 visi

387 4485 594 4540 fuerint
651 4485 825 4555 patria
880 4493 934 4538 et
987 4499 1124 4538 uxor
1177 4455 1230 4538 et
1295 4455 1614 4552 puer-ipse;
1668 4497 1946 4551 meamque
1982 4455 2024 4508 θ

392 4576 782 4645 phil050pliiam
825 4591 918 4644 pro
939 4576 1100 4629 meris
1134 4574 1384 4628 habueris
1423 4573 1652 4638 deliriis,
1685 4574 1806 4642 quia
1823 4573 1949 4626 mihi

392 4684 495 4722 non
544 4670 854 4736 astrepebat
900 4681 1004 4722 vox
1066 4681 1226 4721 sensu
1262 4680 1473 4729 carens,
1534 4679 1566 4718 ο
1597 4662 1836 4732 Jupiter!
1897 4675 1950 4719 et

386 4759 612 4814 barbara
639 4757 854 4826 lingua;
891 4771 952 4809 ac
975 4767 1024 4810 te
1053 4757 1388 4826 potissimum
1443 4753 1776 4822 reputaveris
1828 4752 1948 4808 feli-

387 4865 525 4913 cem,
553 4847 598 4902 si
632 4846 788 4916 plena
808 4860 945 4914 pane
977 4855 1030 4898 et
1060 4845 1314 4899 carnibus
1337 4843 1430 4897 tibi
1475 4843 1668 4897 domus
1695 4845 1948 4898 ostende-

384 4936 576 4992 batur?
612 4935 766 4990 Vides
806 4935 1080 5005 quantulis
1110 4935 1284 4991 elatus
1329 4932 1518 4997 fueris,
1582 4942 1636 4987 tu
1688 4935 1775 5003 qui
1818 4934 1947 4988 mihi

385 5044 524 5082 nunc
563 5027 864 5096 superbiam
891 5028 1206 5095 exprobras.
1262 5027 1387 5081 [huc
1449 5036 1628 5080 autem
1675 5027 1822 5091 dico,
1853 5040 1946 5096 per

381 5121 537 5174 deos!
582 5136 684 5172 non
729 5118 868 5188 quod
908 5129 994 5172 tua
1047 5118 1186 5172 dicta
1232 5119 1506 5188 corrigere
1554 5119 1714 5172 velim
1749 5120 1948 5190 (neque

380 5213 524 5265 enim
551 5213 653 5266 hoc
681 5227 810 5264 mea:
835 5225 955 5265 esse
984 5210 1335 5280 ριιίιοεοιιιιίω
1356 5211 1630 5279 arbitror),
1663 5211 1756 5266 sed
1797 5213 1945 5280 quia,

381 5303 424 5355 si
453 5302 672 5370 possim,
705 5302 1080 5356 modestiorem
1103 5302 1196 5355 tibi
1225 5303 1458 5371 linguam
1478 5301 1772 5370 03tendere
1794 5303 1940 5357 volo.

387 5390 604 5455 Verum,
641 5398 695 5442 ut
723 5405 823 5443 non
853 5390 960 5443 vim
998 5391 1276 5444 verborum
1305 5407 1544 5446 meorum
1571 5391 1942 5462 obstupescas,

381 5481 541 5547 longe
588 5481 724 5532 absit
749 5495 812 5533 ne
845 5481 966 5534 talia
1001 5484 1153 5538 nobis
1184 5483 1516 5551 exprobres;
1567 5498 1713 5547 nam,
1787 5485 1943 5538 obte-

377 5584 493 5628 stor
518 5579 664 5624 lumn
702 5569 876 5624 Nilum
903 5584 956 5626 et
987 5572 1598 5640 faventeslibiGratias,
1634 5582 1780 5629 tuam
1831 5577 1945 5644 epi-

2069 1861 2145 1924 ὠς
2173 1861 2338 1915 πάλαι
2359 1862 2472 1925 τοῖς
2504 1862 2742 1932 Πέρσαις
2772 1862 2917 1930 μάζα
2939 1863 3032 1916 καὶ
3063 1862 3207 1934 ῦδωρ
3234 1864 3327 1917 καὶ
3347 1865 3625 1935 κάρδαμαί

2065 1952 2240 2006 ταῦτα
2268 1953 2322 2005 δὲ
2339 1953 2434 2005 καὶ
2457 1951 2551 2005 νῦν
2578 1953 2634 2005 ἐν
2655 1953 2847 2023 ἑλούσῃ
2873 1954 2956 2016 τίς
2983 1953 3080 2006 ίδοι
3104 1954 3410 2024 κρατοῦντα
3438 1958 3501 2026 τῇ
3528 1957 3590 2024 σῇ
3612 1973 3627 2020 ;

2066 2043 2125 2094 οὐ
2165 2042 2252 2095 διά
2284 2043 2578 2114 καρτερίας
2609 2043 2934 2114 ὑπερϐολὴν,
2966 2043 3081 2098 ἀλλ’
3103 2047 3184 2099 δτι
3212 2045 3447 2099 τοσαῦτα
3481 2047 3632 2116 μόλις

2066 2135 2292 2204 χορηγεῖ
2306 2135 2417 2196 τοῖς
2439 2132 2736 2186 ἐνοικοῦσιν
2769 2135 2802 2204 ἡ
2841 2133 2914 2203 γῆ
2939 2150 2953 2164 ·
2996 2133 3108 2187 ἀλλ’
3134 2136 3282 2205 ὅμως
3309 2136 3469 2198 αὐτὸς
3500 2149 3630 2206 τρυε

2069 2221 2174 2293 φὴν
2201 2221 2505 2290 Αἰγυπτίαν
2535 2221 2722 2292 μαθὼν
2755 2224 3069 2287 ἀπολείπεις
3105 2225 3174 2280 τὰ
3197 2226 3402 2296 πάτρια
3427 2242 3441 2256 ο
3475 2227 3501 2278 ό
3527 2241 3630 2294 φυ-

2065 2310 2278 2365 λάττειν
2294 2311 2362 2364 τὰ
2392 2312 2596 2384 συνήθη
2625 2313 3086 2383 νομοθετῶν,⁶κᾶν
3109 2312 3214 2379 ἔξω
3255 2315 3349 2367 τοῦ
3393 2315 3628 2384 πρέπον-

2063 2417 2154 2464 τος
2175 2419 2188 2432 ·
2216 2401 2277 2453 τὸ
2308 2400 2366 2454 δὲ
2389 2403 2483 2455 καὶ
2513 2401 2746 2465 ἀλαζόνα
2777 2419 2844 2474 με
2873 2403 3079 2468 καλεῖν,
3112 2405 3195 2458 ὅτι
3249 2421 3306 2456 σε
3344 2405 3478 2474 μετά
3527 2404 3624 2475 τὴν

2062 2492 2300 2560 ἐμαυτοῦ
2321 2494 2689 2566 προσηγορίαν
2714 2496 2894 2565 φέρων
2920 2496 3183 2561 ὑπέταξα,
3216 2499 3391 2550 ἔοικεν
3419 2499 3476 2552 οὐ
3504 2499 3625 2552 λίαν

2061 2583 2288 2647 εἰδότοςο
2317 2585 2392 2648 ὡς
2433 2587 2490 2639 οὑ
2542 2587 2602 2640 τὸ
2633 2587 2846 2657 πρῶτον
2877 2591 2943 2659 τῇ
2984 2588 3154 2656 τάξει,
3205 2592 3298 2644 καὶ
3331 2594 3426 2662 τῆς
3461 2591 3626 2661 τιμῆς

2060 2672 2172 2742 ἔχει
2201 2675 2419 2740 πάντως
2446 2676 2514 2729 τὰ
2537 2677 2758 2748 πρῶτα⁶
2792 2677 2911 2730 ούδέ
2944 2678 3013 2731 τὰ
3033 2681 3406 2750 Δημοσθένους
3431 2684 3623 2737 εἰδέναι

2061 2765 2381 2835 ποιουμένου
2439 2767 2582 2835 άπερ
2640 2765 2867 2838 μελετᾷν
2929 2767 3085 2821 εἴωθε
3123 2770 3191 2822 τὰ
3234 2772 3513 2840 παιδάρια*
3546 2774 3620 2836 ὡς

2059 2851 2166 2923 ἀρα
2192 2853 2253 2905 τὸ
2275 2853 2555 2922 πράττειν,
2582 2855 2676 2910 τοῦ
2697 2856 2878 2924 λέγειν
2916 2856 3010 2909 καὶ
3042 2861 3371 2927 χειροτονεῖν
3401 2859 3621 2930 ὕστερον

2057 2942 2116 2995 ὃν
2145 2946 2209 3013 τῇ
2240 2942 2412 3008 τάξει,
2439 2945 2704 3016 πρότερον
2731 2949 2795 3016 τῇ
2823 2947 3048 3016 δυνάμει
3074 2949 3167 3000 καὶ
3191 2950 3438 3018 κρεῖττόν
3455 2951 3618 3018 ἐστιν.

2059 3036 2198 3088 Εξδέ
2237 3035 2453 3098 πάντως
2507 3035 2822 3100 ἀλαζονείαν
2877 3037 2946 3090 τὰ
3003 3038 3226 3091 τοιαῦτα
3276 3043 3617 3112 κατηγορεῖς,

1055 3127 1202 3194 Quod
1243 3129 1286 3183 si
1340 3128 1614 3198 praefatam
1673 3129 1957 3184 formulam

2063 3125 2252 3196 καιρὸς
2295 3127 2536 3189 καὶτοὺς
2573 3127 2740 3180 πάλαι
2795 3129 3168 3198 κεχρημένους
3220 3131 3296 3200 τῷ
3341 3133 3485 3200 νόμῳ
3526 3133 3622 3202 τῆς

2059 3217 2312 3283 τοιαύτης
2341 3217 2670 3288 ἐπιγραφῆς,
2699 3219 2998 3288 ὑπεροψίας
3021 3221 3116 3273 σὺν
3141 3223 3262 3289 ἐμοὶ
3283 3221 3624 3290 περιϐάλλειν

2061 3309 2360 3376 νοσήματι·
2389 3303 2464 3362 ὧν
2488 3310 2613 3372 τοὺς
2640 3308 2828 3371 ἀλλους
2858 3310 3074 3377 παρεὶς,
3135 3311 3428 3383 Σωκράτην
3479 3314 3623 3381 λέγω

2061 3399 2156 3450 καλ⁸
2185 3397 2444 3451 Πλάτωνα
2471 3399 2597 3461 τοὺς
2638 3399 2749 3453 ἀνω
2777 3397 2874 3469 τὴν
2932 3401 3251 3468 φιλοσοφίαν
3301 3402 3617 3472 ἐξάραντας,

2060 3488 2194 3540 ἀλλά
2227 3489 2353 3560 περ)⁸
2389 3489 2715 3553 ἀλαζονείας
2759 3489 2986 3544 αὐτόθεν
3027 3491 3359 3555 κατέλαϐες·
3415 3495 3510 3546 καὶ
3546 3495 3619 3563 μὴ

2061 3579 2199 3630 κίνει
2223 3579 2362 3632 κατά
2390 3578 2589 3632 σαυτοῦ
2621 3580 2719 3649 τῆς
2758 3581 3058 3650 παροιμίας
3111 3583 3209 3652 τὴν
3237 3582 3508 3654 μάχαιραν
3532 3598 3546 3611 ⁸
3590 3583 3620 3652 ἢ

2059 3666 2193 3726 οὖσα
2220 3669 2393 3738 δήπου
2417 3669 2582 3722 πάλαι
2608 3671 2782 3723 ταῦτα
2813 3671 3167 3742 καθέστηκεν,
3201 3673 3275 3736 ὡς
3304 3674 3420 3742 ἅμα
3439 3691 3494 3726 σε
3523 3674 3620 3743 τῆς

2059 3761 2283 3823 ὁλκάδος
2328 3761 2584 3826 ἐκϐάντα,
2628 3761 2987 3833 προύπεμπον
3009 3764 3071 3834 δὴ
3103 3766 3201 3816 σὺν
3233 3764 3326 3834 βοῇ
3357 3783 3460 3819 τινι
3489 3765 3619 3836 βαρ-

2060 3851 2210 3920 ϐάρῳ
2242 3849 2350 3903 τῶν
2389 3851 2700 3918 Αἰγυπτίων
2746 3853 2794 3904 οἱ
2845 3853 3063 3915 παῖδες·
3088 3854 3182 3906 καὶ
3211 3855 3514 3925 πανήγυρις
3554 3850 3621 3923 ἦν

2057 3941 2157 4010 οὐχ
2175 3937 2336 4010 ἦττον
2369 3940 2402 4010 ἢ
2441 3941 2530 3994 ὅτε
2563 3941 2730 3994 πάλαι
2763 3942 2908 4013 φορά
2939 3959 3022 4005 τις
3049 3943 3231 4006 αὐτοῖς
3259 3944 3493 4014 εὐμενὴς
3517 3943 3620 3996 ἐδί-

2057 4032 2146 4085 δου
2174 4033 2264 4086 τὸν
2291 4034 2453 4086 Ἀπιν
2475 4049 2490 4064 ·
2518 4033 2612 4087 καὶ
2635 4033 2710 4097 ὼς
2738 4034 2831 4086 ἐπὶ
2867 4033 3076 4098 τούτοις
3108 4034 3242 4103 ὑψοῦ
3267 4035 3367 4102 τῆς
3389 4034 3618 4096 διανοίας

2057 4122 2266 4196 ἀρθεὶς,
2305 4122 2404 4192 ἐμὲ
2444 4123 2542 4192 μέν
2566 4123 2767 4194 μικρὰν
2791 4122 3042 4176 οἰκοῦντα
3069 4124 3242 4188 πόλιν,
3276 4124 3476 4192 φαῦλον
3498 4123 3621 4176 Exti-

2056 4217 2168 4278 λεις
2189 4232 2202 4245 ’
2236 4215 2525 4286 ἀπέριττος
2555 4215 2609 4269 δέ
2639 4215 2790 4285 παρά
2820 4216 2901 4268 σοὶ
2941 4216 3140 4286 πατρίς
3167 4232 3226 4268 τε
3260 4215 3353 4269 καὶ
3373 4216 3508 4286 γυνὴ
3532 4217 3619 4268 καὶ

2055 4307 2114 4360 τὸ
2142 4306 2350 4359 παιδίον
2373 4304 2529 4359 αὑτό·
2557 4305 2648 4359 καί
2673 4305 2773 4359 πού
2805 4323 2871 4376 με
2897 4305 3289 4375 φιλοσοφοῦντα
3313 4307 3478 4375 λῆρον
3504 4307 3618 4359 ἐδό-

2057 4415 2170 4459 κεις
2189 4414 2202 4428 ·
2244 4397 2323 4449 ὅτι
2348 4413 2414 4466 με
2449 4396 2523 4466 μὴ
2549 4396 2738 4466 κρότος
2764 4391 2878 4465 εἶχε
2905 4397 3070 4459 πολὺς
3099 4397 3157 4460 ἐξ
3180 4398 3394 4466 ἀσήμου
3439 4383 3616 4466 φωνῆς

2061 4483 2126 4559 (ὦ
2143 4490 2243 4542 Ζεῦ
2262 4488 2298 4558 2)
2323 4487 2418 4541 καὶ
2441 4487 2713 4557 βαρϐάρου
2731 4487 2974 4556 γλώττης
2998 4487 3091 4540 ὤν’
3110 4489 3204 4540 καὶ¹
3217 4489 3277 4540 τὸ
3291 4488 3354 4558 δὴ
3371 4488 3615 4558 μέγιστον

2055 4581 2344 4650 εὐδαίμονα
2367 4579 2560 4632 σαυτὸν
2591 4579 2822 4645 ἐκάλεις,
2849 4581 2899 4632 εί
2929 4579 3076 4633 σίτου
3112 4578 3204 4631 καὶ
3237 4579 3414 4648 κρεῶν
3440 4579 3616 4650 πλήρη

2053 4670 2150 4740 τὴν
2177 4671 2352 4724 οὶκίαν
2376 4669 2694 4735 ἀπέδειξαν
2725 4670 2857 4738 ὁρᾷς
2878 4670 3001 4723 ὅσον
3032 4668 3127 4720 ἐπὶ
3159 4671 3410 4738 σμικροῖς
3447 4669 3614 4738 ἐπήρο

2055 4759 2172 4827 θης,
2204 4761 2232 4812 ό
2257 4758 2349 4812 νῦν
2375 4757 2690 4821 ἀλαζονείας
2707 4757 3047 4828 γραφόμενος
3069 4773 3082 4790 ·
3115 4757 3206 4810 καὶ
3243 4756 3420 4815 ταῦτά
3453 4773 3615 4826 φημι,

2055 4849 2130 4916 μὰ
2165 4848 2292 4910 τοῦς
2342 4847 2496 4910 θεοὺς
2527 4848 2538 4899 ί
2574 4847 2672 4900 οὐκ
2731 4846 3056 4916 ἀμείνασθαί
3089 4863 3147 4898 σε
3171 4859 3176 4862 ·
3201 4845 3308 4898 τῶν
3362 4845 3614 4916 ῥημάτων

2053 4939 2249 4990 ἐθέλων
2278 4939 2369 5006 (ού
2406 4939 2513 5009 γὰρ
2543 4937 2679 5008 πρὸς
2701 4937 2800 5005 τῆς
2830 4939 2970 5008 ἐμῆς
2998 4936 3156 4990 τοῦτο
3184 4937 3355 5008 κρίνω
3403 4937 3614 5006 φιλοσο-

2052 5030 2224 5098 φίας),
2253 5028 2366 5080 ἀλλ⁹
2411 5030 2463 5082 εἴ
2502 5046 2619 5092 πως
2665 5029 2932 5099 δυναίμην
2990 5029 3360 5098 μετριωτέραν
3397 5045 3475 5082 σοι
3514 5028 3613 5094 τὴν

2050 5120 2296 5187 γλῶτταν
2325 5119 2600 5182 ἀποδεῖξαι
2657 5118 2978 5190 βουλόμενος
2999 5136 3013 5150 °
3065 5119 3176 5171 ἀλλ’
3224 5120 3372 5182 ὅπως
3405 5119 3478 5189 μὴ
3514 5117 3615 5186 τὴν

2048 5211 2276 5282 δύναμιν
2303 5210 2410 5264 τῶν
2450 5209 2596 5279 ἐμῶν
2621 5209 2794 5278 λόγων
2843 5211 3220 5280 καταπλαγῇς,
3269 5211 3455 5280 πόρρω
3483 5209 3614 5280 γένῃ

2048 5306 2144 5359 τοῦ
2163 5307 2228 5360 τά
2255 5307 2478 5359 τοιαῦτα
2497 5304 2728 5377 γράφειν
2767 5307 2897 5375 ἡμῖν
2917 5322 2929 5336 ·
2964 5304 3041 5376 μὰ
3065 5305 3281 5374 γάρτὸν
3313 5305 3401 5356 σὸν
3426 5305 3614 5356 Νεῖλον

2050 5398 2144 5450 καὶ
2167 5396 2261 5458 τὰς
2285 5395 2564 5466 παρούσας
2597 5411 2679 5447 σοι
2709 5395 2974 5465 Χάριτας,
3005 5394 3230 5464 θέατρον
3259 5393 3476 5462 λογικὸν
3517 5392 3612 5463 τὴν

2049 5487 2148 5557 σὴν
2179 5488 2450 5557 παρέσχον
2497 5486 2808 5554 ἐπιστολὴν,
2840 5487 2943 5539 κάν
2987 5488 3054 5555 τῇ
3109 5484 3258 5554 Γάζῃ
3310 5485 3449 5554 μέση
3480 5482 3612 5553 πρὸς

2023 5576 2256 5636 ,πάντας
2278 5573 2524 5642 ἐλέγετοο
2561 5571 2716 5640 κάγὼ
2757 5572 2853 5642 μὲν
2896 5569 3108 5635 ἀλαζὼν
3138 5571 3342 5640 ἡδόμην
3375 5571 3479 5622 ὑπὸ
3509 5568 3613 5620 τῶν

3896 3903 3897 3922 l

3895 4047 3897 4076 l

3896 4093 3897 4122 l
