3976 6210
404 386 544 452 ἓτϐδ

1856 362 2270 432 ΕΡΙΞΤΟΗΕ.

3532 368 3673 432 2763

406 497 513 549 σῶν
543 490 890 563 γραμμάτων
942 487 1304 559 καλούμενος·
1339 489 1500 556 ἐγέλα
1548 486 1604 539 δὲ
1638 482 1697 536 τὸ
1756 479 1978 549 θέατρον

2092 482 2289 538 stolam
2324 481 2552 551 publicis
2584 494 2687 533 non
2721 477 2916 534 tradidi
2942 460 3378 543 serntonibus,ct
3409 478 3458 532 in
3493 481 3667 532 lllCtllJ

403 584 489 637 ἐπ’
513 582 665 653 ἐμοί’
714 581 777 633 σὺ
806 579 863 633 δὲ
884 578 992 632 τῶν
1021 578 1191 645 λόγων
1220 579 1489 649 εὐδαίμων
1519 577 1742 637 ἐδόκεις.

2084 576 2230 632 Gaza
2262 574 2403 644 apud
2438 586 2630 627 omnes
2667 586 2846 626 sermo
2876 572 2942 626 de
2966 584 3029 625 ea
3053 563 3204 636 erat;
3266 585 3327 626 ac
3354 572 3666 643 pergratum

407 683 523 726 erat
564 688 648 727 me
676 672 781 723 tuis
812 670 1338 725 litteristhrasonem
1372 680 1621 726 vocatum
1655 669 1857 737 fuisse;
1886 686 1984 743 ego
2019 669 2233 740 publico
2263 680 2411 720 erant
2447 663 2678 718 ludibrio
2698 671 2790 735 ;tu
2828 664 2882 719 in
2924 664 3264 721 sermonibus
3321 664 3453 721 felix
3521 666 3663 720 dice-

410 766 577 819 baris.

598 852 603 855 ’
999 844 1133 904 Nll’.
1178 845 1427 903 ΩΡΙΩΝΙ.

402 1009 408 1017 ί
488 943 597 997 ’Λεί
630 959 689 997 σε
723 940 906 1013 φέρων
938 946 1004 1014 τῇ
1041 941 1456 1016 μνήμῃ-μικροῦ
1490 960 1580 1014 μοι
1612 944 1704 998 καλ⁵
1730 942 1983 1016 παρεῖναι

404 1034 573 1098 δοκῶ,
626 1034 720 1087 καὶ
752 1033 821 1088 τὰ
865 1035 1043 1088 πάντα
1093 1036 1349 1105 παρεῖναι
1404 1033 1727 1103 σοφίζομαιο
1766 1036 1861 1089 καί
1894 1052 1984 1105 μοι

407 1124 741 1194 μεμνημένῳ
764 1124 941 1176 πάντα
966 1123 1103 1193 πρὸς
1126 1122 1318 1193 ἡδονὴν
1346 1124 1776 1193 συνεισέρχεται,
1798 1123 1858 1177 τὸ
1874 1124 1982 1178 τῶν

402 1215 621 1283 τρόπων
652 1213 916 1277 εὐσταθὲς
936 1256 951 1276 ,
997 1215 1030 1283 ή
1064 1216 1193 1284 περὶ
1224 1214 1349 1275 τοὺς
1381 1213 1574 1281 λόγους
1621 1213 1846 1281 σπουδὴ,
1881 1214 1982 1284 τῆς

402 1304 638 1367 διανοίας
664 1304 725 1356 τὸ
760 1304 1000 1374 μέτριον,
1026 1305 1121 1357 καὶ
1142 1305 1205 1357 τὸ
1231 1304 1295 1375 δὴ
1330 1304 1606 1373 μέγιστον,
1638 1303 1983 1375 σωφροσύνη,

405 1395 656 1464 νεότητος
709 1397 937 1465 ἀλόγους
982 1394 1161 1466 ὁρμὰς
1211 1394 1634 1448 ἀνακύπτουσα⁶
1695 1397 1789 1450 καὶ
1848 1394 1983 1466 πρὸς

402 1485 635 1555 ἐμαυτὸν
659 1486 767 1539 ἔσθ’
791 1488 879 1539 ὅτε
910 1485 1194 1555 λογίζομαι
1220 1480 1294 1549 ὡς
1320 1488 1348 1539 ό
1377 1485 1595 1540 πάντων
1628 1487 1659 1555 ἡ
1670 1485 1785 1555 μῶν
1816 1486 1986 1555 ὁρών-

403 1594 511 1630 των
548 1579 757 1631 τοιοῦτο
786 1579 1011 1647 φανεὶς,
1054 1577 1136 1641 τίς
1175 1578 1241 1630 ἂν
1284 1579 1491 1644 γένοιτο
1523 1577 1645 1629 καθ’
1688 1576 1852 1629 αὑτὸν
1888 1594 1985 1645 γε-

405 1664 609 1733 γονώςς
635 1668 846 1737 νικήσει
875 1666 1005 1735 γὰρ,
1031 1661 1206 1736 οἶμαι,
1236 1666 1313 1737 τῷ
1342 1666 1608 1744 φθᾴσαντι
1633 1666 1768 1737 πρὸς
1798 1667 1989 1721 ἐαυτὸν

409 1755 820 1826 ἁμιλλώμενος,
861 1758 1011 1818 ὅπως
1050 1756 1116 1809 ἂν
1151 1755 1299 1826 δείξῃ
1335 1759 1445 1819 τοῖς
1474 1755 1706 1810 ἀποῦσιν
1750 1758 1882 1827 ἡμῖν
1914 1757 1990 1821 ὡς

2667 845 2848 902 LVlll.
2885 846 3138 904 ORIONI.

2164 940 2392 1011 Semper
2413 952 2462 996 te
2491 942 2671 996 ferens
2715 941 2764 995 in
2825 942 3083 995 memoria
3122 956 3257 1011 pene
3312 942 3442 998 mihi
3473 942 3667 1000 adesse

2090 1045 2241 1104 puto,
2293 1043 2348 1088 et
2372 1034 2551 1087 omnia
2579 1034 2770 1087 adesse
2819 1031 3087 1095 arbitror;
3142 1041 3197 1085 et
3246 1032 3375 1087 mihi
3438 1033 3665 1087 memori

2089 1123 2271 1177 omnia
2314 1121 2521 1176 laetiﬁca
2550 1129 2896 1187 succurrunt,
2927 1133 3104 1174 mores
3167 1119 3305 1172 bene
3356 1118 3663 1188 compositi,
3686 1169 3703 1178 ,

2092 1213 2396 1268 litterarum
2431 1212 2692 1278 studium,
2741 1212 2910 1265 animi
2941 1209 3263 1275 moderatio,
3304 1223 3368 1263 ac
3418 1208 3666 1279 inprimis

2092 1281 2738 1374 sapientia’inconsultos
2773 1301 3067 1367 iuventutis
3116 1301 3350 1371 impetus
3384 1314 3663 1356 coercens.

2093 1396 2266 1466 Atque
2294 1411 2503 1450 mecum
2530 1394 2824 1463 aliquando
2860 1393 3099 1461 recogito
3133 1391 3309 1462 qualis
3344 1390 3498 1447 ﬁeret
3537 1390 3667 1445 sibi.

2092 1498 2203 1543 met
2229 1488 2467 1551 relictus,
2496 1487 2587 1558 qui
2629 1486 2785 1541 nobis
2814 1486 3068 1540 omnibus
3097 1484 3477 1555 spectantibus
3502 1481 3661 1537 talem

2090 1597 2149 1635 se
2201 1581 2484 1635 ostendit:
2522 1580 2690 1655 vincet
2731 1578 2876 1633 enim
2908 1578 3425 1633 excellentissimum
3473 1582 3661 1631 contra

2090 1670 2326 1736 seipsum
2352 1663 2698 1733 oblttctando,
2715 1676 2768 1721 ut
2786 1675 2971 1736 pateat
2987 1666 3302 1722 absentibus
3335 1666 3490 1719 nobis
3514 1664 3665 1717 illum

2090 1771 2235 1815 certe
2264 1762 2518 1815 virtutem
2548 1769 2768 1831 propter
2815 1761 2985 1829 ipsam
3026 1759 3280 1825 coluisse,
3306 1758 3419 1828 'qui
3470 1772 3537 1811 ne
3567 1770 3665 1810 nos

405 1846 512 1915 ἄρα
569 1847 637 1899 δι’
688 1848 859 1919 αὐτὴν
915 1849 1078 1918 ἐτίμα
1118 1848 1217 1918 τὴν
1265 1849 1497 1917 ἀρετὴν,
1531 1850 1626 1918 οὐχ
1664 1851 1813 1918 ἡμᾶς
1860 1851 1978 1912 τοὺς

2091 1848 2304 1915 quidem
2339 1856 2651 1917 spectantes
2685 1858 2918 1902 veretur.
2972 1848 3234 1914 Quamvis
3271 1858 3453 1901 autem
3504 1845 3666 1900 luxuo

401 1937 643 2005 ὁρῶντας
674 1939 993 2008 αίδούμενος
1012 1955 1025 1969 ·
1054 1939 1104 1990 εἰ
1126 1938 1183 1991 δὲ
1215 1940 1307 1991 καὶ
1344 1939 1499 1990 πόλιν
1530 1938 1641 2008 ἔχει
1668 1940 1982 2009 τρυφῶσαν,

404 2028 497 2080 καὶ
531 2028 698 2082 πολλὰ
736 2030 834 2099 τῆς
878 2028 1167 2096 ἀσελγείας
1212 2030 1281 2080 τά
1319 2029 1773 2097 παραδείγματα,
1826 2031 1985 2084 τοῦτο

402 2118 1002 2189 φιλοτιμότερονσαὺτδν
1035 2119 1310 2184 ἀντιτάξει
1344 2124 1461 2183 ταῖς
1490 2121 1703 2191 ἡδοναῖς
1724 2136 1738 2149 ·
1767 2122 1851 2185 τίς
1875 2123 1984 2193 γὰρ

400 2209 638 2281 ἀθλητὴς
681 2211 774 2263 ἐπὶ
813 2212 874 2264 τδ
906 2213 1063 2283 νικᾷν
1112 2212 1511 2283 σεμνυνόμενος
1549 2215 1630 2276 εἰς
1677 2212 1984 2283 Ὀλυμπίαν

399 2297 591 2365 ἐλθὼν,
617 2300 711 2353 τοῦ
760 2302 970 2370 ἀγῶνος
1003 2304 1065 2356 τὸ
1101 2303 1359 2373 μέγεθος,
1392 2305 1583 2375 καιρὸν
1641 2306 1839 2376 ῥᾷστον
1876 2307 1985 2359 εἰσ-

400 2395 701 2462 ηγήσεταις
735 2393 852 2446 ἀλλ’
883 2394 983 2446 οὐκ
1022 2394 1281 2447 ἐπιτείνει
1315 2394 1414 2464 μὲν
1445 2395 1644 2449 αὐτίκα
1682 2396 1782 2466 τὴν
1811 2395 1985 2472 ἄσκη-

400 2498 508 2548 σιν,
543 2480 832 2550 βεδαιώσει
876 2483 933 2537 δέ
967 2485 1067 2547 τὰς
1106 2483 1487 2554 προλαϐούσας
1514 2487 1580 2557 τῇ
1618 2487 1826 2553 μείζονι
1847 2502 1861 2551 ;
1888 2486 1984 2539 καὶ

402 2575 467 2628 σὺ
513 2575 578 2645 δὴ
622 2574 801 2644 μύσας
845 2576 945 2639 τὰς
991 2575 1303 2647 αἰσθήσεις,
1353 2578 1576 2651 ἀκλινὴς
1617 2578 1749 2647 πρὸς
1798 2580 1983 2633 πᾶσαν

399 2663 568 2736 ἀκοὴν
601 2664 694 2718 καὶ
722 2664 850 2719 θέαν
882 2668 1203 2736 γενόμενος’,
1237 2665 1433 2731 δείξεις
1458 2666 1532 2730 ὡς
1558 2668 1656 2738 οὐχ
1680 2667 1851 2738 ἡτῶν
1876 2685 1980 2722 κα-

400 2756 513 2808 κῶν
546 2757 748 2827 ἀπορία
791 2756 892 2828 τὴν
938 2758 1289 2830 σωφροσύνην
1336 2754 1442 2812 οἶδε
1477 2760 1657 2830 νικᾷν,
1705 2759 1819 2813 ἀλλ’
1852 2759 1980 2813 ἔνθα

401 2845 509 2898 τῶν
542 2846 887 2918 σεμνοτέρων
932 2846 961 2899 ὁ
989 2848 1150 2912 πόθος
1169 2863 1183 2878 ⁸
1217 2847 1318 2902 κᾶν
1348 2848 1450 2913 τὰς
1477 2849 1741 2920 Σειρῆνας
1771 2852 1977 2916 εἴποις,

401 2934 505 2987 κᾶν
543 2936 642 3007 τὴν
681 2937 859 2990 πάντα
890 2937 1329 3008 μεταϐάλλουσαν
1363 2941 1600 3011 Κίρκην,
1639 2941 1855 3011 κινήσειν
1873 2940 1981 2994 πά-

400 3029 486 3079 λιν
527 3028 849 3092 Ὀδυσσεύς·
897 3028 990 3083 νῦν
1023 3029 1084 3082 τὸ
1129 3030 1281 3100 μῶλυ
1309 3032 1553 3099 δεικνὺς,
1583 3032 1763 3100 λόγον,
1797 3027 1974 3102 οἶμαι,

401 3118 589 3171 τοῦτον
618 3119 677 3173 ὃν
706 3113 858 3185 οὗτος
893 3122 1241 3194 ἐδωρήσατο·
1278 3125 1396 3178 νυνὶ¹
1427 3124 1484 3179 δὲ
1518 3124 1828 3196 περιδείσας
1850 3126 1979 3179 sau-

401 3210 493 3262 τὸν
523 3213 714 3283 ἀρετῇ,
738 3213 832 3265 καὶ
852 3214 1017 3293 πολλά
1038 3212 1263 3285 βιώσας,
1295 3212 1474 3288 οἶμαι,
1518 3216 1854 3289 παραπλέων
1882 3219 1979 3283 τὰς

402 3300 621 3370 ἡδονάς.

352 3368 363 3377 ’
424 3368 434 3370 ἡ
916 3391 1045 3449 Ne'.
1086 3396 1500 3470 ΑΠΟΛΛΩΝΙῼ.

444 3540 449 3545 ,
484 3485 543 3539 '0
567 3486 955 3550 εύλαϐἐστατος
987 3489 1339 3559 Μαρτύριος,“
1370 3476 1615 3544 πλουτῶν
1649 3481 1747 3560 μέν
1780 3495 1980 3564 ἀρετῇ,

401 3578 468 3647 τῇ
498 3576 555 3629 δὲ
581 3576 718 3647 τύχῃ
750 3578 1076 3645 πενόμενος,
1105 3578 1273 3630 δεῖται
1304 3578 1405 3647 τῆς
1451 3580 1725 3651 ὑμετέρας
1770 3584 1942 3651 ῥοπῆς
1963 3597 1977 3612 ·

404 3667 667 3736 πλείστην
699 3666 827 3736 ἔχω,
856 3665 931 3729 ὥς
962 3683 1149 3737 φησιν,
1169 3669 1234 3721 ἐκ
1255 3668 1363 3721 τῶν
1389 3668 1710 3736 φθασάντων
1738 3656 1837 3742 {ipa
1863 3674 1980 3724 πεῖ-

409 3775 507 3828 ραν
530 3772 543 3786 ·
582 3758 674 3810 καί
717 3775 782 3828 με
818 3756 1016 3830 ῥᾳδίως
1058 3757 1273 3813 ἔπειθεν
1321 3761 1702 3831 ἐπιστάμενον,
1738 3762 1812 3825 ὡς
1845 3764 1979 3817 πᾶσι

403 3851 562 3921 χεῖρα
607 3848 910 3919 προτείνεις
939 3853 1050 3913 τοῖς
1089 3851 1378 3923 ὀρθοῦσθαι
1412 3851 1686 3923 δεομένοις
1718 3850 1811 3906 καὶ
1844 3855 1980 3924 πρὸς

404 3940 726 4010 ἐπικουρίαν
760 3939 1017 3993 καλοῦσιν
1041 3956 1053 3969 ·
1087 3941 1325 3994 τοσαῦτα
1366 3942 1476 4013 γὰρ
1507 3942 1646 4012 ἔχων
1686 3945 1816 4017 παρ’
1849 3945 1980 4014 ἡμῖν

402 4030 503 4083 ὅσα
548 4031 675 4101 μήτ’
724 4031 879 4100 ἰσχὺν
923 4032 1167 4102 ἐντίθησι
1216 4033 1310 4085 καὶ
1356 4032 1722 4104 ἀποθνήσκειν
1770 4036 1864 4106 ἐᾷ,
1897 4036 1979 4099 είς

405 4124 548 4192 ὑμᾶς
577 4111 678 4193 όρᾷ
698 4167 712 4189 ,
743 4123 894 4176 λύσιν
917 4119 1054 4176 εἶναι
1085 4123 1274 4177 κακῶν
1292 4125 1351 4197 ab
1380 4125 1619 4179 τοιοῦτον
1640 4124 1973 4199 ἡγούμενος*

402 4212 518 4266 ἀλλ’
551 4215 774 4285 ἀντέχου
814 4216 1142 4287 προθύμως,
1192 4216 1346 4286 ὄμμα
1392 4217 1569 4282 διδοὺς
1616 4220 1843 4291 εὐμενὲς
1882 4222 1977 4275 καὶ

400 4306 488 4360 διὰ
518 4307 714 4361 σαυτὸν
747 4309 835 4363 καὶ
867 4308 934 4361 δι’
964 4309 1065 4379 ἐμὲ
1098 4311 1187 4361 καὶ
1214 4309 1300 4362 διὰ
1327 4310 1417 4362 τὸν
1440 4312 1497 4364 ὲν
1525 4311 1685 4385 χρείᾳ
1706 4311 1975 4383 καθεστη-

401 4398 563 4450 κότα*
594 4398 687 4451 καὶ
706 4400 813 4471 γὰρ
843 4398 1063 4470 saepe».
1088 4399 1269 4465 ἔλεγεν
1288 4399 1363 4465 ὡς
1390 4402 1483 4455 ἐὰν
1512 4402 1638 4476 δέξῃ
1671 4402 1975 4474 γράμματα

2091 1938 2288 1990 rica-am
2318 1937 2523 1991 habitet
2543 1937 2817 1991 civitatem
2838 1948 2893 1991 et
2924 1938 3088 1992 multa
3125 1938 3320 1992 habeat
3345 1929 3679 2007 corruptelae!

2086 2026 2354 2094 exempla,
2412 2027 2482 2080 ob
2528 2027 2630 2081 hoc
2672 2028 2845 2098 ipsum
2892 2027 3087 2081 acriori
3150 2042 3271 2082 cum
3324 2027 3666 2082 aemulatione

2084 2116 2455 2186 voluptatibus
2484 2117 2862 2185 resistit.Quis
2885 2119 3027 2172 enim
3051 2117 3252 2173 athleta
3274 2133 3395 2173 cum
3424 2119 3667 2174 victoriae

2085 2207 2381 2260 ambitione
2407 2205 2714 2278 Olympiam
2765 2208 3010 2275 veniens,
3040 2207 3355 2263 certaminis
3386 2206 3664 2276 magnitu-

2085 2300 2265 2353 dinem
2329 2297 2641 2355 facillimam
2704 2314 2824 2356 esse
2881 2294 3223 2357 occasionem
3274 2301 3665 2370 persuadebit?

2086 2404 2266 2443 nonne
2288 2397 2481 2443 contra
2515 2392 2775 2445 exercitia
2808 2406 2903 2446 sua
2936 2391 3171 2462 augebit,
3222 2400 3277 2445 et
3301 2392 3661 2460 prmeedentia

2085 2480 2429 2536 conﬁrmabit
2461 2480 2799 2549 majoribus?
2845 2482 2947 2546 Tu,
2982 2480 3230 2537 obductis
3253 2482 3523 2553 sensibus,
3549 2482 3662 2536 fer-

2086 2585 2210 2626 reus
2236 2569 2305 2624 ad
2333 2585 2551 2625 omnem
2584 2572 2823 2626 auditum
2856 2578 2949 2626 attt
2979 2573 3150 2627 visum
3187 2571 3383 2639 factus,
3421 2571 3661 2627 ostendis

2086 2663 2351 2717 malorum
2371 2663 2618 2718 molestia
2645 2679 2750 2717 non
2773 2664 2912 2718 vinci
2933 2662 3275 2734 sapientiam,
3300 2664 3394 2719 sed
3415 2663 3661 2733 digniora

2084 2767 2358 2825 appetere.
2394 2755 2527 2821 lmo,
2567 2756 2777 2811 etiamsi
2811 2755 3012 2812 dixeris
3046 2757 3268 2811 Sirenas
3302 2756 3384 2811 vel
3430 2771 3660 2812 conver-

2087 2856 2283 2901 tentem
2332 2850 2514 2901 omnia
2543 2846 2760 2912 Circen,
2799 2847 2977 2903 vincet
3011 2864 3184 2904 novus
3207 2848 3447 2920 Ulysses,
3502 2851 3663 2903 modo

2086 2955 2214 2993 Usus
2254 2940 2415 3011 moly,
2471 2941 2521 2993 id
2570 2949 2672 3006 est,
2718 2951 2776 2995 ut
2823 2950 2970 3010 puto,
3006 2941 3095 2995 illa
3133 2956 3236 3011 qua
3275 2942 3532 3011 prteditus
3579 2946 3663 2995 est

2089 3033 2319 3099 ratione;
2355 3035 2512 3087 modo
2543 3034 2777 3102 seipsum
2804 3032 2991 3086 virtuti
3012 3031 3263 3103 alligans,
3315 3044 3367 3087 et
3394 3032 3466 3087 ita
3492 3030 3660 3086 multa

2089 3125 2355 3193 rapientes
2379 3135 2726 3180 transnatans
2754 3126 3074 3195 voluptates.

2587 3390 2718 3446 LlX.
2756 3386 3164 3447 APOLLONIO.

2155 3476 2553 3537 Timidissimns
2583 3482 2894 3556 Martyrius,
2957 3485 3107 3539 dives
3166 3486 3382 3554 quidem
3435 3485 3639 3540 virtute

2084 3572 2296 3625 fortuna
2325 3588 2453 3626 vero
2481 3589 2701 3643 pauper,
2737 3575 2941 3645 indiget
2973 3586 3155 3630 vestro
3183 3577 3449 3632 subsidio.
3488 3577 3661 3630 Mario

2085 3680 2223 3718 mam
2256 3666 2446 3729 habeo,
2506 3676 2562 3720 ut
2593 3668 2688 3729 ait,
2738 3683 2806 3722 ex
2852 3670 3349 3737 praedecessoribus
3372 3670 3659 3742 experieno

2085 3756 2248 3821 tiam;
2286 3767 2561 3821 cwterum,
2618 3772 2703 3813 tne
2735 3757 2897 3811 facile
2929 3761 3195 3828 persuasit
3231 3762 3492 3815 scientem
3523 3778 3660 3833 quo-

2080 3847 2242 3900 modo
2276 3861 2488 3901 manum
2522 3847 2769 3919 porrigas
2815 3851 3070 3905 omnibus
3121 3849 3348 3905 relevari
3391 3868 3527 3922 opus
3558 3854 3658 3907 ha-

2080 3937 2331 3992 bentihus
2373 3948 2427 3993 et
2461 3954 2555 3994 vos
2585 3939 2651 3994 ad
2673 3939 2931 3994 auxilium
2963 3941 3304 3998 vocantibus.
3357 3940 3488 3996 Nam
3516 3947 3657 4015 apud

2080 4045 2176 4084 nos
2191 4030 2279 4084 iila
2302 4040 2503 4085 tantum
2525 4032 2805 4101 reperiens
2822 4048 2943 4104 qua:
2958 4049 3056 4088 nec
3083 4034 3226 4089 vires
3244 4033 3538 4100 sufﬁciunt,
3558 4050 3659 4090 nee

2079 4129 2308 4174 mortem
2336 4121 2655 4189 impediunt,
2687 4122 2755 4177 ad
2787 4138 2880 4178 vos
2910 4132 3142 4193 Spectat,
3183 4123 3234 4178 in
3271 4123 3373 4180 hoc
3398 4140 3502 4178 uno
3527 4123 3654 4179 libe-

2080 4211 2345 4265 rationem
2390 4212 2581 4267 adesse
2626 4211 2887 4266 malorum
2937 4224 3132 4282 putans
3170 4230 3183 4267 :
3225 4228 3351 4268 eum
3417 4214 3656 4269 studiose

2076 4303 2289 4372 excipe,
2312 4301 2525 4357 oeulmn
2557 4312 2878 4359 convertens
2903 4305 3221 4361 benevolum
3266 4314 3322 4360 et
3366 4305 3434 4362 ad
3486 4319 3573 4360 me
3601 4316 3654 4362 et

2076 4396 2143 4446 ad
2168 4394 2397 4463 teipsum
2427 4403 2481 4449 et
2513 4395 2579 4449 ad
2607 4396 2879 4451 hominem
2910 4397 2965 4451 in
3005 4399 3329 4454 necessitate
3360 4386 3652 4453 versatum.

400 4490 530 4557 παρ’
574 4488 711 4559 ἐμοῦ
730 4531 746 4555 ,
777 4490 927 4542 οὐδὲν
956 4491 984 4542 ὃ
1011 4507 1065 4542 τι
1092 4493 1166 4561 μὴ
1208 4490 1403 4563 ῥᾳδίως
1443 4496 1721 4563 ποιήσεις*
1750 4493 1885 4565 ἐμοῦ
1918 4494 1973 4547 δέ

2084 4484 2427 4540 Conﬁdenter
2459 4485 2603 4539 enim
2634 4487 2847 4542 dicebat
2900 4498 2968 4552 te,
3003 4488 3216 4544 litteras
3250 4507 3277 4543 a
3305 4505 3391 4546 me
3424 4490 3471 4546 si
3514 4491 3659 4545 acci-

404 4578 737 4645 μειδιῶντος,
766 4580 861 4631 καὶ
886 4578 1079 4631 ὁπόθεν
1109 4575 1246 4632 οἶδεν
1276 4580 1629 4652 ἀνερομένου,
1662 4581 1755 4634 καὶ
1778 4596 1976 4649 κατεγ-

399 4669 635 4736 γυᾶσθαι
688 4668 749 4721 τὸ
790 4668 982 4739 μέλλον
1020 4670 1238 4741 ἕτοιμος
1290 4668 1359 4743 ἦν
1395 4689 1409 4703 ·
1446 4671 1643 4725 οὐκοῦν
1689 4673 1973 4744 πλήρωσον

398 4759 544 4830 αὐτῷ
584 4760 683 4822 τὰς
726 4759 982 4827 ἐλπίδας,
1027 4762 1114 4814 ἵνα
1145 4763 1220 4835 μὴ
1252 4763 1439 4834 χρείας
1471 4758 1627 4826 αὖθις
1662 4764 1970 4836 καλούσης,

398 4854 770 4921 κατεγγυᾶται
815 4852 877 4906 τὸ
922 4853 1136 4923 μέλλον,
1189 4855 1265 4919 ὡς
1315 4855 1467 4910 οὐδὲν
1520 4853 1784 4925 ἀνύσαιμι
1838 4854 1971 4926 παρ’

396 4958 427 4993 υ
434 4959 546 5013 μιν.

1073 5116 1398 5195 Numam.

464 5210 544 5261 Τὰ
577 5209 676 5279 μὲν
714 5210 772 5277 ἐξ
818 5212 973 5282 ὑμῶν
1016 5212 1319 5284 γράμματα
1347 5214 1484 5285 πρὸς
1515 5214 1616 5283 τὴν
1660 5215 1969 5286 πανήγυριν

391 5299 493 5371 ἤδη
538 5300 723 5353 καλεῖ-
772 5305 867 5355 καὶ
904 5302 996 5355 τὸν
1039 5298 1185 5357 οἷκον
1230 5305 1362 5376 ἡμῖν
1414 5305 1730 5378 προτιθέναι
1782 5307 1966 5377 φησὶν,

391 5389 544 5441 κοινά
576 5407 636 5443 τε
668 5391 736 5446 τὰ
778 5392 1020 5463 παρόντα
1066 5395 1244 5447 ποιεῖ’
1287 5395 1378 5449 καὶ
1420 5396 1480 5451 τὸ
1504 5396 1598 5450 τοῦ
1631 5397 1790 5466 λόγου
1834 5397 1968 5469 ἡμῖν

349 5469 357 5511 έ
390 5478 594 5545 ἀγαθὸν
620 5481 1055 5549 ἀπαγγέλ).εται’
1092 5484 1203 5552 ἐγὼ
1227 5484 1285 5538 δέ
1315 5486 1418 5555 τῆς
1452 5487 1552 5559 μὲν
1581 5488 1791 5551 εὐνοίας
1820 5488 1966 5561 ὑμᾶς

386 5565 773 5640 ύπεράγαμαι·
799 5571 892 5624 καὶ
909 5571 972 5643 δή
999 5589 1089 5642 μοι
1111 5573 1503 5647 πεπληρῶσθαι
1534 5577 1677 5631 δοκῶ
1711 5578 1810 5650 τὴν
1833 5596 1966 5633 παν-

388 5664 585 5728 ⁴ιξγυριν
625 5661 918 5732 ἐπιστολῆς
960 5666 1303 5736 συμμετρίας
1340 5667 1554 5740 τυχῶν·
1589 5664 1726 5742 πρδς
1772 5671 1830 5723 δὲ
1864 5670 1964 5739 τὴν

384 5746 635 5803 ἐντεῦθεν
660 5750 776 5805 ὁδὸν
800 5751 967 5805 πολλά
991 5770 1084 5825 μοι
1112 5754 1417 5831 καθέστηκε
1445 5759 1514 5815 τὰ
1539 5759 1863 5831 κωλύματα’
1897 5762 1961 5813 σὺ

2079 4591 2255 4645 pcres,
2316 4574 2447 4629 nihil
2490 4590 2593 4629 non
2640 4576 2795 4633 facile
2847 4592 3262 4633 concessurum.
3343 4577 3426 4634 Me
3472 4588 3652 4635 autem

2076 4662 2409 4725 subridente,
2461 4672 2516 4718 et
2548 4664 2916 4735 interrogante
2946 4667 3086 4721 unde
3130 4668 3181 4721 id
3208 4668 3398 4734 sciret,
3422 4682 3655 4739 sponso-

2076 4771 2189 4815 rem
2216 4754 2282 4809 de
2312 4754 2491 4809 futuro
2531 4770 2590 4810 se
2624 4756 2756 4812 dare
2787 4760 3033 4827 parabat.
3095 4759 3261 4830 Imple
3321 4761 3485 4835 igitur
3526 4775 3653 4831 spes

2076 4846 2236 4910 illius,
2267 4860 2330 4901 ne
2360 4861 2489 4910 non,
2524 4849 2847 4905 necessitate
2878 4850 3075 4905 iterum
3127 4864 3373 4922 urgente,
3423 4868 3656 4922 εροιιςυσΔ

2042 4946 2185 4991 'rem
2212 4937 2279 4991 de
2304 4936 2486 4992 futuro
2530 4952 2590 4993 se
2637 4941 2729 4993 det
2768 4954 2854 4995 me
2905 4941 3037 4996 nihil
3079 4956 3108 4995 a
3138 4944 3288 4997 vobis
3317 4958 3437 4999 esse
3461 4944 3652 5011 obten»

2075 5035 2273 5081 turum.

2600 5120 2712 5176 LX.
2753 5121 3121 5183 NEPHALIO.
3566 5182 3570 5187 .

2142 5211 2350 5266 Vestrae
2378 5211 2574 5268 litterae
2607 5216 2674 5270 ad
2707 5217 3014 5272 convivium
3041 5219 3152 5288 jam
3197 5235 3295 5275 nos
3326 5233 3649 5289 convocant,

2070 5318 2134 5358 ac
2159 5303 2377 5357 domum
2420 5303 2577 5360 nobis
2613 5304 2907 5378 pra-parari
2966 5310 3172 5376 dicunt,
3231 5322 3285 5366 et
3319 5314 3498 5368 omnia
3530 5328 3651 5384 quae

2072 5395 2336 5457 continet,
2360 5400 2668 5450 communia
2697 5398 2922 5455 faciunt.
2982 5399 3175 5456 Sermo
3198 5406 3647 5475 vesteroptitnutu

2070 5488 2201 5543 mihi
2252 5489 2413 5544 all'ert
2462 5493 2730 5559 nuntium,
2780 5501 2833 5547 et
2871 5493 3241 5551 benevolentia
3289 5508 3468 5554 vestra
3503 5515 3651 5555 sumo

2067 5591 2209 5630 mam
2237 5577 2366 5632 mihi
2398 5590 2576 5633 movet
2614 5582 3072 5652 admirationem;
3118 5595 3278 5657 atque
3315 5589 3651 5642 mihividoor

2065 5679 2265 5725 emtum
2315 5672 2695 5742 complevisse,
2752 5677 2995 5744 epistola:
3044 5679 3225 5735 habita
3279 5682 3646 5752 proportione.

2071 5761 2294 5834 Verum,
2317 5765 2611 5835 quominus
2639 5767 2765 5826 hinc
2792 5772 3039 5828 recedam
3072 5775 3238 5828 multa
3277 5775 3406 5829 mihi
3431 5774 3649 5828 obstant

2658 5946 2684 5962 κ
