3976 6210
430 281 574 348 2767

1704 279 2057 344 PROCOPII
2087 279 2329 343 GAZXEI

3537 272 3667 345 2’08

422 391 840 465 impedimenta.
883 390 962 447 Tu
995 398 1199 457 autem,
1252 400 1400 462 opto,
1455 404 1800 463 prosperare.
1854 396 2008 450 vince

2118 393 2168 449 δέ
2201 411 2293 465 μοι
2317 391 2411 447 καλ⁵
2442 392 2647 464 πρᾶττε
2679 390 2881 458 καλῶς,
2915 388 3011 444 καὶ
3034 388 3159 443 νίκα
3182 387 3249 443 τά
3271 387 3554 456 λυποῦντα,
3581 393 3659 447 καὶ

434 483 736 550 molestias,
766 494 1122 539 ac’mcmento
1144 498 1250 538 non
1282 483 1618 538 solummodo
1641 485 2007 554 praesentium.

417 564 593 644 ‘Quod
637 584 815 631 autem
873 574 978 630 tuis
1022 575 1217 632 litteris
1264 589 1362 630 nos
1398 575 1636 644 dejectos
1677 574 1875 644 erigas,
1908 576 2014 633 hoc

437 668 609 725 satius
644 667 783 722 duco
823 680 981 735 quam
1017 664 1315 737 Polycratis
1366 664 1702 721 felicitatem.
1757 666 2010 722 Nostrum

438 757 584 812 enim
641 756 880 811 auditum
922 754 1022 809 viri
1057 755 1253 826 simpli.
1274 755 1416 810 iores
1446 766 1873 822 commoverant,
1917 756 2012 811 libi

439 838 695 905 videlicet
756 849 931 904 diram
981 849 1245 904 accidisse
1299 847 1703 914 calamitatem;
1750 863 1814 903 ac
1846 849 1911 904 de
1956 855 2014 904 te

441 942 718 1009 dicebant,
749 941 949 1011 Captus
992 950 1077 997 est
1119 941 1259 997 inter
1284 941 1650 1007 vendendum,
1694 941 1746 995 in
1777 941 2014 997 obscuro

443 1031 682 1089 inclusus
711 1040 835 1089 est.‘
854 1033 920 1088 Et
952 1031 1076 1087 talia
1100 1031 2011 1103 narrando,‘testes’producebant,

441 1140 578 1195 quos
610 1124 761 1181 illinc.
799 1126 987 1181 venire
1013 1124 1272 1179 audacter
1314 1123 1688 1188 afﬁrmabant;
1745 1124 1880 1180 alius
1924 1124 2013 1179 alii

442 1217 755 1282 cnarrabat,
790 1224 844 1272 ct
873 1232 973 1288 per
998 1228 1186 1272 omnes
1203 1214 1339 1269 fama
1368 1216 1755 1271 bacchabatur.
1787 1216 2012 1284 Verum,

444 1309 625 1366 statim
649 1324 711 1364 ac
746 1316 890 1363 tuam
924 1308 1100 1379 recepi
1129 1306 1413 1378 epistolam
1445 1315 1653 1360 tantum
1695 1305 1895 1374 iniusto
1928 1322 2015 1361 ru-

2117 485 2366 554 μέμνησο
2408 482 2481 554 μὴ
2512 483 2673 555 μόνον
2699 481 2984 553 παρόντων
3005 496 3018 510 ’
3046 481 3093 533 εί
3123 480 3181 534 δὲ
3212 480 3525 551 γράμμασιν
3547 483 3663 536 ἀθυ-

2118 572 2355 643 μοῦντας
2389 574 2640 642 ἀγάγοις,
2675 573 2833 629 τοῦτο
2869 574 2968 645 μὲν
3001 573 3099 644 τῆς
3123 556 3665 644 Πολυκράτουςέὐτυ-

2114 662 2239 732 χίας
2265 662 2586 735 σεμνότερον
2602 663 2814 734 ’,πολλά
2835 663 2943 734 γάρ
2966 664 3013 716 oi
3043 663 3271 734 χρηστοὶ
3297 662 3397 726 τὰς
3416 663 3665 735 ἡμετέρας

2115 752 2394 807 διέσεισαν
2424 754 2628 821 ἀκοάς,
2659 753 2735 819 ὡς
2770 754 3023 826 πέπραχέ
3066 771 3122 807 τι
3155 754 3357 808 δεινόν·
3396 753 3454 807 σέ
3479 753 3539 823 δὴ
3584 754 3664 806 λέ-

2116 860 2323 913 γοντες,
2352 845 2428 909 ὡς
2451 846 2567 918 ἥλῳ
2591 846 2868 919 πράττων,
2893 848 2967 910 ὡς
2987 848 3213 915 γέγονεν
3240 846 3453 916 ἀφανής
3471 862 3484 875 ·
3511 846 3664 900 ταῦτα

2114 934 2546 1003 λογοποιοῦντες,
2576 937 2861 1010 μάρτυρας
2893 940 3164 1008 παρῆγονο
3182 936 3277 1001 οὓς
3305 937 3508 991 ἐκεῖθεν
3527 937 3665 1008 ήκειν

2103 1024 2548 1097 ’διισχυρίζοντω
2592 1029 2687 1082 καὶ
2738 1029 2897 1092 ἄλλος
2936 1028 3081 1099 ἄλλῳ
3130 1029 3401 1098 διηγεῖτο,
3451 1029 3542 1081 καὶ
3588 1028 3667 1083 διὰ

2116 1116 2338 1171 πάντων
2358 1118 2393 1189 ἡ
2427 1119 2608 1189 φήμη·
2626 1119 2706 1179 ὡς
2731 1120 2788 1174 δὲ
2820 1120 2918 1191 τὴν
2943 1120 3076 1190 παρ’
3102 1118 3256 1191 ὐμῶν
3279 1119 3540 1189 ἐδεξάμην
3558 1122 3664 1173 ἐπι-

2115 1209 2309 1280 στολὴν
2343 1210 2596 1266 τοσοῦτον
2641 1212 2950 1282 ἀπέχουσαν
3000 1212 3101 1282 τῆς
3136 1211 3328 1265 ἀδίκου
3365 1212 3576 1282 φήμης,
3600 1210 3665 1274 ὡς

2115 1302 2371 1373 καὶπρὸς
2404 1306 2711 1376 πανήγυριν
2749 1307 2877 1369 τοὺς
2914 1306 3099 1375 φίλους
3124 1303 3334 1370 καλεῖν,
3369 1303 3526 1367 εὐθὺς
3557 1305 3665 1371 ἔγε-

446 1401 580 1456 mori
614 1400 1076 1456 contradicentem
1105 1399 1264 1453 utatl
1297 1406 1495 1453 emtum
1533 1397 1736 1453 amicos
1770 1407 2013 1462 vocaret,

2118 1393 2289 1465 νόμην
2317 1396 2642 1468 περιχαρὴς,
2682 1397 2777 1450 καὶ
2809 1397 2902 1450 τοῦ
2933 1396 3162 1467 ψεύδους
3190 1395 3330 1467 ἔχων
3357 1395 3448 1449 τδν
3466 1394 3666 1463 ἔλεγχον

445 1493 730 1549 confestim
777 1492 974 1565 gaudio
1001 1491 1289 1555 exsultavi,
1325 1499 1381 1545 et
1429 1489 1698 1545 mendacii
1729 1504 2017 1561 argumen-

448 1598 560 1643 tum
595 1588 822 1653 habens,
859 1587 1058 1654 ubique
1106 1584 1249 1639 illam
1297 1583 1655 1654 praedicabam
1689 1600 1703 1638 :
1737 1582 1810 1636 ita
1836 1592 1892 1637 ut
1925 1582 2017 1653 qui

445 1676 571 1734 alim
598 1678 813 1734 fuerant
831 1676 1197 1741 audacissimi,
1222 1691 1367 1731 nunc
1384 1675 1559 1731 mmsti
1584 1675 1787 1747 pudore
1810 1673 2019 1729 sulfun-

2119 1485 2394 1557 πανταχοῦ
2419 1486 2622 1557 ταύτην
2658 1489 2958 1560 ἐκήρυττον
2977 1505 2992 1519 ·
3022 1489 3164 1543 ὥστε
3197 1490 3324 1551 τούς
3352 1487 3519 1539 πάλαι
3550 1486 3667 1559 θρα-

2121 1580 2233 1642 σεῖς
2274 1579 2427 1649 μόλις
2472 1579 2730 1652 ἐρυθριᾷν
2778 1579 2873 1635 καὶ
2923 1578 3150 1633 κύπτειν
3191 1581 3273 1641 είς
3301 1578 3437 1648 γῆν
3472 1576 3665 1645 καὶτῆς

2108 1669 2312 1741 τύχης,
2335 1666 2516 1742 οἶμαι,
2546 1672 2848 1745 καταδοᾷν,
2876 1672 2957 1754 ὃτι
3002 1671 3076 1744 μὴ
3107 1669 3279 1725 πλείω
3310 1670 3498 1741 χρόνον
3529 1666 3666 1721 ἐλάν-

447 1772 726 1836 derentnr,
759 1770 810 1825 in
839 1780 1036 1826 terram
1061 1770 1246 1825 oculos
1277 1768 1597 1839 deligerent,
1628 1783 1690 1823 ac
1713 1768 1780 1824 de
1797 1766 2012 1823 fortuna
2048 1759 2091 1819 Β
2121 1760 2299 1821 θανον.

447 1870 803 1934 quererentur
851 1861 994 1932 quod
1049 1876 1151 1917 non
1205 1859 1405 1915 diutius
1457 1860 1509 1914 in
1560 1859 1830 1916 oblivione
1881 1860 2015 1916 deli-

446 1956 689 2012 luissem.

1001 2041 1173 2106 ’LXI.‘
1196 2040 1463 2106 SlLANO.

496 2134 749 2199 'Pulcher
772 2140 1063 2208 Macarius,
1104 2143 1265 2199 studii
1301 2156 1622 2212 morumque
1672 2143 1846 2213 gratia
1897 2156 2017 2197 mea

445 2235 634 2291 fruens
660 2234 1058 2299 benevolentia,
1082 2234 1213 2289 mihi
1239 2234 1417 2289 attulit
1440 2242 1674 2290 vestram
1700 2234 2017 2305 epistolam;

444 2341 548 2397 ego
578 2337 728 2392 vero,
761 2330 1111 2383 characteres
1141 2326 1317 2397 primo
1351 2335 1570 2397 aspectu
1604 2340 1929 2395 agnoscens,
1965 2337 2021 2383 et

445 2415 857 2486 inscriptionem
900 2413 1172 2482 osculans,
1234 2414 1416 2469 statim
1463 2413 1687 2470 minime
1743 2416 1927 2471 curavi
1960 2415 2016 2471 in

446 2505 563 2577 ipsa
605 2508 811 2576 scriptu
858 2515 1165 2577 penetrare.
1225 2504 1293 2561 Et
1333 2507 1590 2562 continuo
1625 2522 1828 2578 cycnus
1883 2507 2019 2564 meis

445 2597 683 2652 accinuit
728 2598 967 2663 auribus,
1018 2611 1083 2652 ac
1121 2596 1282 2651 veluti
1330 2610 1536 2666 pennas
1573 2607 1734 2654 vento
1766 2598 2015 2665 credens,

444 2688 700 2744 omnibus
722 2702 783 2743 se
807 2687 950 2742 dedit
980 2687 1297 2743 accentibus
1325 2688 1690 2756 suavissimis;
1725 2698 1872 2745 tuam
1890 2706 2019 2747 vero

444 2780 733 2835 lusciniam
784 2779 975 2850 agnovi
1006 2793 1134 2834 vere
1180 2777 1347 2835 fuisse
1371 2776 1705 2834 Athenarum
1764 2781 2017 2853 puellam,

445 2880 500 2926 et
525 2869 720 2925 factam
747 2884 864 2925 esse
887 2884 1064 2933 avem,
1089 2877 1143 2924 et
1172 2871 1395 2924 atticum
1420 2883 1641 2925 servare
1673 2871 1840 2927 melos
1875 2889 1889 2926 :
1919 2872 2020 2927 sub

447 2961 753 3033 liujusmodi
804 2962 975 3032 ﬁgura
1028 2962 1201 3033 ipsam
1241 2959 1543 3034 depingunt
1588 2962 1870 3032 epistolam
1920 2964 2020 3019 hu-

447 3048 1002 3124 manm'litterm.“Ego
1043 3063 1220 3107 autem
1265 3053 1367 3108 hoc
1412 3048 1712 3110 delectatus
1762 3070 2015 3124 magnum

447 3144 672 3217 spiravi,
727 3154 781 3200 et
822 3145 875 3200 in
903 3144 1219 3200 memoriam
1247 3143 1495 3198 revocavi
1524 3144 1757 3214 priscam
1790 3138 2018 3199 felicita-

449 3246 580 3301 tem,
618 3248 675 3293 ut
700 3237 854 3292 nobis
890 3236 1124 3291 invicem
1156 3235 1298 3291 obvii
1328 3234 1590 3290 fuerimus
1625 3234 1777 3305 juxta
1814 3233 2017 3299 Nilum,

449 3337 507 3383 ut
538 3328 669 3382 mihi
704 3327 915 3381 dederit
943 3326 1154 3381 fortuna
1202 3337 1253 3381 te
1277 3341 1468 3383 secure
1494 3325 1622 3389 frui,
1669 3335 1725 3378 ut
1745 3334 1795 3379 te
1815 3325 2020 3380 amisso

449 3417 679 3490 aﬂlictus
728 3416 947 3482 fuerim,
1010 3424 1070 3470 ut
1100 3416 1359 3485 gaudeam
1398 3422 1449 3470 te
1503 3429 1645 3469 nunc
1675 3425 2024 3486 recuperato;

449 3524 546 3580 per
569 3508 883 3563 tuam'enim
920 3500 1205 3577 epistolam
1246 3516 1297 3563 te
1326 3506 1442 3577 'jam
1467 3507 1745 3577 possidere
1780 3508 1911 3562 mihi
1936 3507 2018 3563 vi-

447 3602 598 3667 deor,
621 3610 675 3656 et
696 3615 881 3656 ‘meam
905 3600 1185 3655 confessus
1214 3606 1330 3654 s‘um
1349 3598 1732 3670 gratitudinem
1753 3600 1803 3655 ei
1835 3601 1924 3670 qui
1952 3600 2018 3655 ad

450 3708 537 3746 me
571 3692 714 3746 illam
745 3690 944 3747 attulit.
984 3691 1157 3758 Quam
1202 3690 1437 3756 felicem,
1493 3704 1526 3746 0
1576 3706 1726 3761 puer,
1785 3691 2016 3755 aiebam,

448 3783 617 3840 habes
653 3782 916 3838 familiam
944 3783 956 3837 l
989 3782 1055 3837 Et
1081 3782 1159 3836 illi
1183 3781 1578 3852 exprobrabam
1611 3781 1750 3849 quod
1784 3797 1843 3837 se
1871 3778 1936 3837 ad
1968 3792 2020 3836 te

446 3875 723 3945 pertinere
767 3890 875 3928 non
911 3873 1206 3957 detegeret.
1245 3872 1386 3940 Quid
1412 3872 1649 3928 faciam?
1686 3871 1776 3942 qui
1816 3873 2018 3941 possim
2050 3908 2051 3911 η

447 3965 495 4019 ei
520 3973 726 4019 tantum
759 3976 1015 4035 praestare
1038 3974 1298 4034 quantum
1337 3964 1598 4034 cupioisi
1630 3964 2017 4036 gratitudinem

448 4055 516 4109 ad
557 4055 753 4109 bonam
801 4041 1130 4110 voluntatem
1185 4054 1609 4123 menspraveris,
1659 4054 1793 4108 nihil
1832 4069 1939 4109 non
1986 4066 2019 4108 ι

447 4145 605 4201 nobis
625 4145 876 4216 accipiet.
916 4144 989 4201 Ut
1015 4146 1194 4201 audivi
1229 4156 1409 4201 autem
1443 4154 1493 4200 te
1538 4144 1834 4215 nuptialem
1876 4143 2019 4199 ferre

442 4236 653 4306 jttgttm,
692 4246 816 4291 vota
845 4236 954 4292 fudi
990 4246 1046 4291 ut
1070 4245 1191 4293 tuos
1220 4238 1453 4293 viderem
1479 4236 1676 4293 liberos
1698 4247 1912 4310 patrem
1938 4236 2018 4292 Vi-

448 4326 703 4383 dentibus
737 4327 1114 4398 prmdicantes.

959 4417 1121 4474 LXII.
1157 4416 1474 4474 DIODORO.

519 4511 659 4578 Quid
693 4512 785 4567 tibi
820 4510 1040 4576 accidit,
1063 4526 1095 4566 ο
1125 4511 1306 4580 lingua
1329 4508 1629 4580 multiplex,
1657 4508 1748 4578 qui
1779 4507 1888 4565 alte
1904 4507 2020 4564 cla-

448 4604 638 4656 mabas
678 4612 867 4657 contra
915 4602 1192 4658 silentes?
1227 4601 1428 4658 Eorum
1468 4616 1590 4672 quas
1649 4602 2021 4672 exprobrabas

448 4692 565 4762 ipse
582 4693 859 4747 convictus
883 4708 959 4758 es,
989 4701 1043 4748 et
1071 4701 1237 4748 temet
1261 4693 1464 4748 inscius
1491 4690 1808 4757 accusabas,
1837 4700 1892 4747 et
1916 4691 2020 4747 tuis

448 4784 750 4852 illaqueans
777 4790 969 4850 captus
1000 4798 1059 4837 es
1080 4784 1314 4837 retibus.
1352 4782 1476 4838 Tibi
1511 4783 1710 4838 accidit
1738 4785 1881 4853 quod
1911 4781 2020 4839 fert

447 4873 735 4943 adagiiim:
775 4891 793 4924 ι
829 4870 1176 4940 Exprobrans
1218 4887 1340 4942 qua:
1383 4873 1494 4943 ipse
1535 4871 1732 4935 fecisti,
1784 4875 2016 4943 teipsum

445 4977 690 5029 accusas,
719 4962 936 5031 tuisque
966 4960 1179 5030 caperis
1214 4957 1336 5016 alis.
1374 4958 1586 5032 Itaque,
1608 4962 1653 5017 si
1677 4963 1779 5017 hoc
1799 4962 2016 5018 decuis-

445 5065 545 5122 set,
584 5065 728 5110 tuam
770 5054 865 5109 tibi
904 5052 1127 5108 oumino
1177 5053 1508 5109 remisissem
1542 5052 1823 5124 epistolam
1858 5071 1872 5108 :
1906 5053 2018 5109 for-

443 5163 541 5202 san
576 5147 723 5203 enim
758 5147 1013 5202 scivisses
1037 5156 1086 5200 te
1108 5153 1477 5202 accusatorem
1507 5145 1672 5202 fuisse
1705 5146 1859 5216 quasi
1901 5147 2015 5214 ipse

446 5252 571 5292 reus
627 5231 733 5293 non
766 5236 989 5303 fuisses,
1032 5246 1088 5293 et
1138 5253 1285 5293 nunc
1331 5237 1644 5308 delinquere
1694 5237 1849 5307 quasi
1881 5236 2016 5291 nihil

444 5329 851 5396 exprobrasses.
882 5328 942 5384 In
958 5342 1022 5384 eo
1049 5338 1225 5385 autem
1258 5329 1493 5384 maxime
1512 5329 1826 5398 peccavisti,
1849 5329 2012 5398 quod,

446 5415 670 5471 induere
703 5418 967 5475 aﬂ‘ectans
994 5422 1293 5475 cothurnos
1314 5421 1472 5475 valde
1497 5419 1750 5490 pulchros
1773 5427 1830 5473 et
1862 5420 2016 5489 pedi-

443 5502 547 5560 bus
598 5504 919 5561 concinnius
972 5517 1205 5576 aptatos,
1271 5520 1330 5562 ut
1378 5508 1658 5583 comoedia:
1699 5507 1810 5562 vult
1862 5523 2014 5575 usus,

445 5603 688 5666 agrestes
720 5595 854 5652 istas
881 5598 1076 5653 misisti
1112 5599 1323 5654 litteras
1365 5601 1586 5655 nomine
1636 5609 1690 5655 et
1719 5600 1896 5655 salute
1924 5614 2017 5653 ca-

446 5694 662 5755 tcntes;
703 5696 757 5742 et
786 5687 853 5741 de
893 5686 1014 5742 istis
1040 5696 1220 5743 tamen
1257 5689 1425 5759 magis
1456 5689 1831 5760 superbiebas,
1852 5705 2013 5759 quam

2675 2040 2799 2105 :A'.
2843 2050 3112 2122 ΣΙΛΑΝῼ.
3256 2108 3259 2111 ,

2186 2130 2262 2195 "0
2307 2140 2469 2206 καλὸς
2513 2142 2798 2213 Μακάριος
2848 2142 3091 2212 σπουδῆς
3128 2141 3289 2195 ἕνεκα
3338 2140 3435 2196 καὶ
3472 2140 3668 2212 τρόπων

2119 2235 2217 2306 τῆς
2259 2235 2398 2307 ἐμῆς
2447 2235 2737 2291 ἀπολαύων
2782 2237 3022 2305 εὐνοίας,
3076 2235 3319 2290 ἐπέδωκέ
3372 2254 3465 2307 μοι
3506 2235 3667 2307 φέρων

2121 2318 2392 2400 ὑμετέραν
2431 2328 2750 2399 ἐπιστολήν·
2797 2328 2907 2397 ἐγὼ
2936 2329 2994 2382 δὲ
3034 2330 3160 2392 τούς
3196 2327 3401 2391 τύπους
3434 2328 3671 2398 ἐπιγνοὺς

2119 2417 2237 2491 ἅμα
2265 2421 2333 2490 τῇ
2369 2417 2465 2490 θέᾳ
2500 2419 2597 2473 καὶ
2617 2419 2715 2490 τὴν
2745 2419 3055 2491 ἐπιγραφὴν
3080 2420 3468 2490 ἀσπασάμενος
3487 2461 3502 2486 ,
3530 2419 3668 2481 εὐθὺς

2124 2509 2364 2581 μελήσας
2392 2509 2568 2577 οὐδὲν,
2598 2509 2705 2564 τῶν
2734 2511 3133 2581 γεγραμμένων
3167 2511 3296 2563 εἴσω
3325 2510 3667 2579 γεγενῆσθαι·

2121 2594 2215 2654 καὶ
2254 2594 2290 2654 ’ὁ
2338 2593 2437 2670 μὲν
2486 2599 2685 2664 κύκνος
2732 2600 2895 2664 εὐθὺς
2944 2600 3125 2671 ἐνήχει
3158 2590 3281 2662 ταῖς
3330 2600 3552 2662 ἀκοαῖς,
3584 2590 3671 2651 καὶ

2120 2688 2311 2762 ὥσπερ
2348 2680 2426 2763 τίῷ
2458 2691 2677 2764 ζεφύρῳ
2703 2689 2768 2746 τὸ
2809 2689 3008 2762 πτερδν
3039 2681 3219 2755 ἀνεὶς,
3263 2688 3413 2753 ὅλαις
3444 2688 3671 2743 ἀνέκειτο

2120 2772 2236 2846 ταῖς
2281 2778 2445 2853 ᾠδαῖς
2489 2784 2584 2836 καὶ
2631 2781 3103 2853 μουσικωτάταις·
3153 2779 3253 2851 τὴν
3308 2779 3407 2851 σὴν
3460 2779 3670 2850 ἀηδόνην

2119 2872 2214 2929 νῦν
2260 2873 2429 2938 ὅντως
2470 2873 2643 2943 ἔγνων
2686 2874 2761 2938 ὡς
2799 2866 3041 2944 Ἀθηνῶν
3062 2872 3304 2943 ὑπῆρχεν
3332 2872 3367 2940 ή
3395 2870 3562 2940 κόρη,
3590 2870 3671 2922 καὶ

2120 2961 2343 3035 γέγονεν
2385 2965 2565 3037 ὅρνις,
2600 2967 2695 3021 καὶ
2723 2966 2822 3038 τὴν
2862 2965 3110 3037 Ἀττικὴν
3148 2964 3400 3034 φυλάττει
3446 2966 3556 3027 τοῖς
3585 2961 3669 3033 μὲ-

2119 3058 2269 3113 λεσι’
2302 3058 2543 3114 τοιοῦτον
2583 3058 2755 3129 αὐτῆς
2799 3059 2859 3112 τὸ
2898 3058 3084 3129 σχῆμα
3132 3057 3230 3126 τῆς
3268 3056 3557 3124 ἐπιστολῆς
3585 3055 3666 3125 δηδ

2124 3145 2476 3219 μιουργοῦσιν
2492 3147 2543 3199 οἱ
2559 3145 2709 3215 λόγοι
2727 3163 2739 3176 ο
2771 3145 2880 3215 ἐγὼ
2908 3144 2965 3200 δὲ
2991 3145 3150 3199 τοῦτο
3179 3139 3369 3209 ἡσθεὶς
3385 3144 3669 3197 ἀνέπνευσα

2117 3236 2180 3290 τὸ
2223 3236 2397 3306 μέγα,
2449 3236 2543 3289 καὶ
2594 3230 2833 3298 παλαιᾶς
2881 3234 3229 3306 εὐδαιμονίας
3275 3232 3561 3305 ἀνηγόμην
3603 3234 3670 3293 εἰς

2123 3327 2365 3398 μνήμην,
2397 3327 2473 3391 ὼς
2505 3329 2754 3397 συνεῖμεν
2789 3325 3038 3396 ἀλλήλοις
3068 3326 3219 3397 παρά
3253 3324 3345 3379 τὸν
3372 3326 3581 3385 Νεῖλον,
3606 3322 3668 3386 ὥς

2118 3417 2290 3482 ἀδεῶς
2329 3418 2680 3488 ἐμφορεῖσθαί
2713 3435 2811 3470 σου
2836 3419 3097 3488 παρεῖχεν
3130 3408 3168 3488 ’ἡ
3204 3417 3364 3487 τύχη,
3401 3416 3482 3480 ὡς
3503 3432 3669 3484 στερη,

2120 3507 2235 3573 θεὶς
2264 3510 2532 3581 ἠχθόμην,
2574 3510 2651 3574 ὡς
2686 3510 2860 3581 χαίρω
2895 3509 2991 3564 νῦν
3019 3504 3414 3580 κομισάμενος⁶
3446 3508 3540 3562 καλ⁵
3580 3506 3669 3574 γάρ

2121 3617 2180 3654 σε
2209 3596 2296 3654 διὰ
2319 3601 2417 3669 τῆς
2445 3601 2738 3671 ἐπιστολῆς
2765 3602 2909 3670 ἔχειν
2932 3601 3032 3671 ἤδη
3061 3600 3218 3664 δοκῶ,
3254 3601 3345 3654 καὶ
3371 3598 3528 3670 χάριν
3546 3600 3673 3669 ὠμο·

2118 3690 2311 3760 λόγουν
2338 3689 2416 3761 τῷ
2445 3690 2649 3761 ταύτην
2672 3687 2794 3763 ἐμοὶ
2819 3683 3102 3745 δεδωκότι·
3132 3691 3246 3752 καὶ.
3285 3693 3373 3755 Ὦς
3396 3692 3668 3761 εὐδαίμων.

2114 3780 2277 3855 ἔφην,
2294 3773 2338 3836 ὦ
2352 3776 2469 3849 παῖ,
2494 3783 2587 3836 τοῦ
2605 3783 2796 3851 γένους
2815 3782 3079 3854 ὑπάρχεις
3092 3784 3115 3837 ἰ
3137 3784 3231 3836 καὶ
3254 3774 3582 3853 ἐμεμφόμην
3599 3780 3672 3834 ὅτι

2121 3893 2206 3929 σοι
2229 3877 2520 3947 προσήκων
2555 3875 2813 3929 ἐλάνθανε
2835 3893 2848 3908 ·
2881 3876 2965 3939 τίς
2992 3872 3086 3929 οὖν
3116 3876 3396 3944 γένωμαι;
3430 3874 3589 3928 πόθεν
3612 3868 3671 3925 ἂν

2116 3964 2384 4039 δυναίμην
2413 3967 2564 4038 αὐτῷ
2589 3968 2848 4039 παρέχειν
2884 3967 3057 4022 ὁπόσα
3095 3968 3190 4020 καὶ
3224 3964 3523 4036 βούλομαι;
3555 3965 3599 4016 εἰ
3623 3959 3673 4015 δέ

2121 4062 2413 4133 μετρήσεις
2453 4063 2519 4132 τῇ
2553 4060 2833 4132 προθυμίᾳ
2864 4059 2962 4131 τὴν
2990 4059 3172 4129 χάριν,
3201 4055 3354 4111 οὐδέν
3383 4060 3531 4111 ἐστιν
3560 4052 3588 4108 ὅ
3625 4068 3671 4105 τι

2121 4152 2197 4222 μὴ
2228 4150 2459 4224 λήψεται
2498 4150 2830 4223 παρ”ήμῶν
2851 4168 2863 4181 ·
2910 4150 3147 4215 ἀκούσας
3192 4148 3247 4202 δέ
3297 4165 3356 4201 σε
3385 4150 3481 4202 καὶ
3510 4142 3672 4215 γάμου

2118 4240 2304 4314 φέρειν
2343 4240 2529 4311 ζυγὸν,
2576 4240 2841 4313 εὐξαίμην
2889 4258 2982 4294 σου
3034 4242 3129 4294 καὶ
3177 4235 3374 4302 παῖδας
3400 4239 3535 4292 ἲδεῖν
3574 4238 3672 4296 τοῖς

2000 4368 2015 4389 ι
2117 4331 2285 4403 δρῶσι
2315 4330 2406 4385 τὸν
2444 4331 2655 4403 πατέρα
2682 4329 3075 4401 κηρύττοντας.

2047 4429 2100 4490 Ι)

2680 4413 2806 4477 ειν.
2843 4419 3141 4491 nomen.

2191 4508 2257 4569 τί
2285 4530 2442 4566 τουτο
2470 4511 2744 4575 πέπονθας
2769 4513 2797 4565 ὁ
2818 4511 2987 4574 πολὺς
3008 4512 3108 4581 τὴν
3130 4505 3396 4584 γλῶτταν,
3421 4503 3517 4562 καὶ¹
3547 4504 3675 4576 μέγα

2120 4604 2297 4658 πνέων
2343 4602 2484 4658 κατά
2521 4603 2631 4657 τῶν
2675 4600 3030 4656 σιωπώντων·
3057 4593 3218 4669 ’ἧλως
3257 4592 3341 4661 οἷς
3380 4596 3672 4655 ἐνεκάλεις,

2121 4696 2216 4750 καὶ
2246 4695 2389 4750 κατά
2418 4694 2619 4750 σαυτοῦ
2663 4693 3050 4765 κατηγορήσας
3094 4688 3401 4752 ἐλάνθανες,
3446 4687 3541 4740 καὶ
3575 4685 3675 4746 τοῖς

2121 4785 2315 4841 ἐαυτοῦ
2353 4781 2588 4848 δικτύοις
2619 4780 2789 4847 ἑάλως
2823 4779 3210 4851 σαγηνευθείς’
3240 4776 3276 4832 ἃ
3307 4777 3414 4848 γὰρ
3457 4773 3678 4846 ἐμέμψω

2119 4876 2355 4948 δράσας,
2377 4873 2593 4949 ρῖκσθεν
2638 4872 2783 4942 ἔχεις
2810 4871 2901 4924 τὸν
2932 4870 3174 4940 ἔλεγχον,
3214 4866 3310 4921 καὶ
3348 4869 3459 4928 τοῖς
3492 4860 3676 4917 ἑαυτοῦ

2121 4968 2340 5028 πτεροῖς
2381 4965 2580 5032 ἑάλως,
2619 4963 2722 5034 τὴν
2770 4960 3069 5032 παροιμίαν
3112 4957 3336 5015 παθὼν·
3383 4953 3512 5010 ὥστ’
3559 4954 3679 5006 εἴτι

2118 5057 2226 5111 τῶν
2266 5055 2641 5128 εροσηκόντων
2682 5052 2921 5120 ἐγίνετο,
2972 5050 3073 5121 τὴν
3118 5049 3216 5120 σὴν
3242 5046 3308 5102 ἀν
3350 5063 3431 5100 σοι
3475 5042 3680 5102 πάντως

2118 5148 2410 5219 ἐπιστολὴν
2444 5144 2827 5215 ἀντεπέθηκαο
2875 5142 3016 5212 τάχα
3052 5140 3163 5211 γὰρ
3206 5138 3273 5194 ἀν
3297 5137 3465 5209 ἔγνως
3511 5138 3680 5188 ἐπιτι-

2122 5242 2304 5312 μήσας
2337 5234 2434 5309 μὲν
2459 5236 2534 5300 ὡς
2579 5236 2678 5289 οὐκ
2712 5233 2778 5288 ἂν
2824 5232 3109 5303 ἁμαρτὼν,
3143 5226 3475 5300 πλημμελῶν
3503 5224 3558 5277 δὲ
3592 5220 3680 5276 νῦν

2117 5331 2194 5393 ὡς
2225 5326 2612 5399 κατηγορήσας
2639 5325 2821 5380 οὐδέν’
2858 5325 2953 5378 καὶ
2980 5321 3042 5375 τὸ
3074 5320 3329 5392 μέγιστον
3369 5318 3449 5371 ὅτι
3482 5314 3681 5386 φιλοτιυ

2121 5419 2435 5491 μησάμενος
2467 5417 2795 5487 ὑποδήματα
2825 5412 2962 5466 καλά
2991 5429 3052 5465 τε
3090 5408 3211 5465 λίαν
3240 5411 3334 5463 καὶ
3370 5405 3499 5477 περὶ
3526 5403 3683 5463 πόδας

2122 5510 2343 5584 μᾶλλον,
2368 5509 2445 5572 ὼς
2483 5510 2550 5578 τῇ
2586 5505 2851 5577 κωμῳδίᾳ
2880 5504 3064 5569 δοκεῖ,
3106 5503 3200 5556 καὶ
3228 5501 3398 5587 ταῦτα
3429 5491 3684 5587 γραμμά⁹

2116 5580 2224 5659 των
2254 5601 2438 5670 ἔρημα
2466 5599 2760 5668 πέπομφας
2779 5635 2796 5661 ,
2825 5598 2961 5667 μήτε
3016 5598 3075 5647 τὸ
3120 5580 3289 5658 δεῖξαι
3320 5591 3455 5661 μήτε
3484 5586 3547 5638 τὸ
3575 5580 3684 5651 χαί·-

2121 5706 2233 5760 ρειν
2288 5686 2491 5742 εἰπών’
2533 5685 2711 5739 καίτοι
2767 5686 2973 5755 μεῖζον,
3027 5685 3102 5748 ὠς
3148 5683 3313 5746 εἰκὸς,
3353 5679 3439 5734 ἐπὶ
3484 5674 3685 5732 τούτοις
