3976 6210
393 318 535 385 2Ἰιῖ9

1808 310 2217 377 EPISTULE.‘
2236 370 2243 375 .

3497 299 3634 366 2770

393 432 731 503 ἔφρόνησας,
776 428 810 501 ἦ
855 428 1086 500 Κροῖσος
1132 427 1337 490 ἐκεῖνος
1386 426 1483 489 τὰς
1529 423 1847 496 θασμαστάς
1903 423 1975 494 δὴ.

2091 423 2157 477 lle
2204 422 2439 477 Crassus
2486 418 2763 480 mirabiles
2830 414 3063 487 Apollini
3113 414 3314 470 lateres
3377 410 3634 481 largiens.

397 524 655 589 πλίνθους
686 522 766 595 τῷ
799 505 982 589 Πυθίῳ
1008 519 1381 591 δωρούμενος
1428 518 1579 588 δηλοῖ
1609 517 1664 571 δὲ
1710 515 1771 570 τὸ
1802 514 1985 570 ττὸιλαιΔ

400 632 459 668 σε
506 613 677 668 ταῦτα
707 609 1003 683 περὶτοῦ.
1045 651 1059 664 .
1096 649 1110 663 .
1145 607 1283 680 ργοῦ
1318 607 1706 678 κομισάμενον,
1754 604 1967 670 μέλλειν

398 705 485 758 ἀεὶ
514 712 612 758 καὶ.
640 702 1135 773 καταστοχάζεσθαι
1164 700 1256 755 τοῦ
1290 698 1514 770 καιροῦ,
1544 698 1694 761 ὅπως
1719 696 1785 750 ἂν
1808 697 1968 768 ὲρχο-

403 797 570 867 μένης
599 796 695 866 τῆς
729 794 1086 866 πανηγύρεως
1103 833 1119 861 ,
1146 792 1321 847 ταῦτα
1342 790 1522 845 λαϐὼν
1552 790 1830 862 προσέλθω
1856 792 1970 854 τοῖς

398 889 567 959 ὁρῶσι
596 889 692 960 τὴν
723 888 1034 960 φιλοτιμίαν
1063 888 1230 958 βοῶν·
1264 887 1386 941 ὃθεν
1418 903 1512 939 σου
1564 885 1623 938 τὸ
1651 884 1822 948 πάθος
1863 901 1969 954 ματ

401 981 528 1048 θὼν,
554 982 779 1054 προῄειν
803 981 946 1035 κατὰ
964 982 1055 1034 τὸν
1087 982 1385 1052 Ὁμηρικὸν
1400 982 1603 1034 Δῖαντα
1629 979 1770 1050 μέγα
1789 976 1968 1049 βιϐάςο

400 1073 495 1126 καὶ
543 1071 907 1142 κατεκρότουν
956 1070 1055 1141 τὴν
1105 1069 1212 1139 γῆν
1247 1069 1593 1139 ἐπιστρέφων
1643 1066 1793 1136 παρὰ
1845 1066 1970 1126 τοὺς

402 1164 569 1227 πόδας
608 1165 698 1216 τδν
749 1162 984 1230 θεατήν*
1032 1162 1128 1214 καὶ
1165 1161 1328 1223 εἴτις
1379 1160 1513 1230 ὁρᾷν
1546 1158 1646 1211 οὐκ
1694 1154 1956 1224 ἠϐούλετο

401 1252 660 1324 ὑϐριστὴν
681 1251 870 1305 τοῦτον
901 1251 1138 1315 ἐδόκουν,
1168 1251 1261 1303 καὶ
1285 1249 1435 1311 τέλος
1460 1248 1593 1319 ὁρᾷν
1627 1246 1973 1316 κατηνάγκα-

400 1344 514 1410 ζον,
546 1345 643 1399 καὶ
670 1343 895 1415 μηδενὸς
914 1342 1223 1411 ἐρωτῶντος
1252 1341 1444 1413 ὁπόθεν
1477 1339 1586 1410 ἔχω
1612 1338 1973 1399 λαϐὼν,‹Διό-

399 1436 570 1505 δωρος
598 1437 627 1489 ὁ
657 1434 830 1499 δοὺς,ι
851 1433 1016 1504 ἀνεκή
1026 1450 1216 1506 ρυττον
1231 1448 1245 1463 ·
1264 1433 1359 1486 καὶ
1381 1432 1468 1486 διὰ
1487 1431 1703 1485 πάντων
1728 1429 1974 1501 ὑπῆρχεν

402 1528 490 1583 ἔπ’
521 1527 644 1597 ἐμοὶ
676 1528 778 1597 μὲν
823 1526 1213 1597 ἀπειροκαλίας
1237 1527 1265 1580 ὁ
1295 1525 1503 1595 γέλωςο
1532 1522 1626 1579 ἐπὶ
1658 1523 1740 1576 σοὶ
1761 1522 1838 1588 δὲ,
1873 1521 1974 1592 τῆς

401 1619 613 1680 εὐνοίας
644 1621 677 1689 ἡ
717 1620 937 1691 μνήμη·
988 1619 1215 1675 τοιαῦτά
1254 1636 1338 1673 σοι
1369 1617 1480 1671 τῶν
1530 1616 1712 1671 καλῶν
1760 1616 1977 1670 ὑποδειο

401 1709 627 1781 γμάτων
665 1710 983 1779 άπήλαυσα,
1032 1709 1231 1780 μικροῦ
1274 1709 1383 1762 δεῖν
1413 1709 1506 1763 ἐπὶ
1553 1707 1793 1780 κεφαλὴν
1825 1706 1973 1777 βαδί-

405 1817 524 1867 σας,
558 1800 703 1864 ὅπως
733 1803 790 1854 ὲν
825 1799 974 1877 καλῷ
1008 1801 1105 1871 τῆς
1134 1800 1261 1864 θέας
1294 1799 1449 1854 ἔσται
1485 1799 1545 1853 τὸ
1572 1795 1764 1859 δῶρον.

942 1892 1062 1947 ειν.
1104 1891 1450 1963 nummo.

474 1969 646 2060 δῐμαί
678 2005 741 2042 σε
774 1988 1045 2042 ποιεῖσθαι
1080 1986 1198 2060 λίαν
1241 1987 1299 2039 ἐν
1324 1985 1581 2056 θαύματι,
1611 1984 1666 2038 τί
1704 1984 1842 2053 δῆτα
1882 1984 1977 2037 νῦν

409 2053 595 2153 μαθων
627 2080 726 2152 ἤδη
768 2079 864 2132 καὶ
894 2053 1238 2149 γραμμάἶων
1282 2053 1629 2147 κατάρχομαι
1648 2090 1666 2106 ⁸
1698 2076 1889 2129 τούτου
1919 2074 1978 2129 δὲ

403 2176 503 2245 τὴν
533 2173 715 2235 αἰτίαν
740 2173 789 2225 εί
834 2169 1047 2241 βούλει,
1079 2170 1414 2240 Στρατὴγιος
1444 2171 1556 2232 τοῖς
1586 2167 1766 2237 λόγοις
1807 2184 1978 2238 στρα⁴

400 2267 623 2320 τεύεται
669 2262 811 2316 κατὰ
850 2262 974 2326 σοῦ,
1012 2262 1107 2315 καὶ
1160 2261 1327 2324 πολὺς
1390 2259 1488 2327 μὲν
1516 2261 1637 2321 ταῖς
1688 2258 1981 2328 λοιδορίαις

403 2359 597 2428 χωρεῖ,
652 2353 870 2425 μακράν
905 2353 962 2407 δὲ
1000 2352 1310 2408 κατατείνει
1342 2350 1699 2421 κατηγορίαν,
1762 2349 1858 2403 καὶ
1897 2348 1981 2402 δι-

406 2447 706 2517 καστήριόν
740 2463 830 2516 μοι
845 2444 941 2515 τὴν
962 2443 1141 2503 οίκίαν
1170 2441 1490 2505 πεποίηται’
1527 2440 1590 2493 τὸ
1614 2439 1672 2493 δὲ
1703 2439 1985 2510 μέγιστον,

407 2539 597 2609 ὥσπερ
626 2539 736 2609 γάρ
768 2538 817 2589 oi
847 2536 1009 2589 δεινοὶ
1033 2535 1139 2587 τῶν
1167 2533 1432 2604 ρητόρων.
1457 2532 1567 2585 οὐκ.
1587 2531 1844 2604 ἀρκεῖται
1868 2532 1983 2593 τοῖς

411 2627 647 2699 παροῦσι
698 2628 860 2695 μόνον
915 2623 1276 2693 ἐγκλήμασιν,
1329 2621 1467 2677 ἀλλὰ
1521 2620 1740 2691 μίγνυσι
1778 2619 1985 2675 παλαιὰ

411 2718 638 2779 καινοῖς,
667 2715 763 2767 καὶ
791 2713 991 2784 μύθους
1015 2712 1274 2782 ἀρχαίους
1299 2713 1573 2766 ἀνακινεῖθ
1604 2712 1698 2766 καὶ⁵
1731 2711 1984 2783 μάρτυρα

414 2807 557 2862 κατὰ
606 2805 701 2858 σοῦ
741 2803 896 2857 πόλιν
924 2805 1053 2875 ὃλην
1087 2804 1188 2874 τὴν
1250 2802 1598 2874 Ἀλεξάνδρου
1646 2803 1983 2874 παρέχεται,

415 2896 542 2959 θέας
580 2895 813 2959 ἱππικὰς
839 2893 1226 2965 διηγούμενος,
1257 2893 1352 2947 καὶ
1383 2891 1567 2947 κύϐων
1605 2892 1860 2965 σπουδὴν,
1891 2893 1987 2947 καὶ

414 2989 696 3057 διαλόγους
747 2987 875 3059 περὶ
925 2986 1035 3041 τῶν
1082 2986 1266 3041 ἵππων
1321 2987 1671 3057 δημοτικοὺς,
1721 2987 1815 3041 καὶ
1849 2987 1990 3042 ἅττα

2067 512 2220 567 Patet
2255 510 2582 582 jampridem
2637 519 2711 579 te,
2768 524 2836 565 ex
2876 522 2984 579 quo
3021 504 3265 562 carmina
3294 501 3384 557 illa
3409 515 3634 572 compo-

2069 604 2249 668 suisti,
2284 612 2474 674 optare
2511 615 2727 673 semper
2762 610 2817 657 et
2848 599 3107 669 aucupari
3141 596 3505 656 occasionem,
3557 604 3638 657 ut,

2069 696 2397 767 adventante
2429 703 2600 758 coetu,
2633 692 2717 747 his
2734 692 2961 762 sumptis
2978 691 3232 763 prodeam
3269 702 3449 743 coram
3479 685 3639 739 boum

2072 787 2369 842 certamina
2423 784 2816 855 spectantibus.
2871 782 3049 850 Unde,
3099 790 3242 835 tuam
3287 776 3640 848 cupiditatem

2070 893 2437 948 cognoscens,
2513 890 2832 947 progressus
2878 890 3035 939 sum,
3092 872 3247 942 juxta
3296 868 3641 926 Homerirum

2069 970 2325 1036 Ajacem,
2344 982 2537 1039 magno
2571 969 2817 1031 incessu;
2852 980 2915 1021 ac
2952 975 3149 1020 terram
3177 961 3406 1031 strepitu
3432 957 3644 1029 quatie-

2072 1061 2218 1125 bam,
2252 1074 2573 1115 convertens
2603 1060 2668 1113 ad
2693 1058 2855 1127 pedes
2891 1064 3294 1125 spectatorem;
3343 1061 3420 1117 et,
3452 1051 3497 1106 si
3525 1050 3648 1119 quis

2073 1154 2316 1221 aspicere
2373 1152 2560 1218 nollet,
2616 1151 2775 1206 istum
2834 1163 2934 1219 pro
2992 1146 3247 1203 insolenti
3289 1144 3557 1199 h’abebam
3590 1148 3647 1194 et

2075 1248 2234 1303 lluem
2269 1248 2451 1303 videre
2495 1245 2788 1316 cogebam;
2850 1252 2937 1310 et,
3005 1241 3219 1298 nemine
3276 1240 3647 1304 interrogante

2073 1341 2217 1397 unde
2275 1354 2493 1396 scenam
2523 1338 2853 1403 habuissem,
2899 1333 3243 1390 clamitabam
3276 1349 3292 1387 :
3333 1348 3357 1382 ι
3385 1328 3648 1383 Diodorus

2076 1433 2254 1500 dedit;
2292 1452 2314 1487 ι
2351 1438 2406 1487 at
2436 1432 2502 1487 ab
2533 1431 2782 1485 omnibus
2805 1425 3223 1497 superveniebat
3249 1422 3377 1478 mihi
3406 1421 3649 1476 stultitia;

2075 1525 2384 1590 ludibrium,
2415 1524 2511 1579 tibi
2555 1532 2736 1578 autem
2765 1518 3152 1577 benevolentiae
3181 1512 3666 1573 commemoratio._

2078 1619 2392 1690 Ilujusmodi
2426 1617 2662 1674 fructum
2685 1632 2752 1673 ex
2784 1624 2876 1671 tuo
2899 1613 3193 1684 specimine
3221 1609 3435 1679 collegi,
3477 1623 3669 1677 quan-.

2079 1728 2236 1783 quam
2255 1726 2391 1781 pene
2411 1725 2573 1781 supra
2596 1716 2757 1779 caput
2777 1704 3185 1769 ambulaverim,
3206 1711 3264 1757 ut
3280 1711 3431 1756 tuum
3456 1712 3656 1754 munus

2076 1802 2358 1873 pulchrum
2389 1804 2656 1873 praeberet
2685 1796 3076 1869 spectaculum.
3558 1808 3565 1816 ·

2565 1889 2748 1947 LXIII.
2788 1885 3172 1943 EPIPIIANIO.

2148 1984 2412 2040 Existimo
2439 1991 2491 2039 te
2520 1982 2677 2037 valde
2706 1980 2961 2036 admirari
2993 1994 3091 2034 cur
3110 1977 3221 2046 jam
3250 1990 3394 2032 nune
3413 1974 3663 2031 scribere.

2075 2062 2329 2147 incipiam
2364 2094 2378 2133 :
2411 2074 2566 2145 cujus
2599 2084 2820 2131 causam
2842 2073 2888 2128 si
2913 2068 3133 2142 qumvis,
3168 2071 3284 2125 haec
3311 2076 3414 2124 est.
3445 2067 3657 2123 Strate-

2076 2171 2197 2241 gius
2241 2169 2585 2225 sermonibus
2615 2168 2876 2247 adversus
2916 2173 2968 2221 te
2996 2164 3247 2228 dimicat,
3275 2160 3534 2216 conviciis
3563 2174 3655 2229 ag-

2077 2263 2394 2334 greditur,et
2410 2260 2626 2330 longam
2652 2259 2887 2327 esplieat
2907 2254 3329 2317 accusationem,
3351 2267 3415 2308 ac
3432 2253 3651 2307 domum

2080 2363 2257 2403 meam
2296 2346 2459 2415 elegit
2485 2346 2574 2401 ubi
2607 2345 2900 2400 discrimen
2929 2343 3291 2415 judicaretur.
3333 2341 3487 2407 Quod
3521 2354 3663 2396 vero.

2081 2439 2376 2495 maximum
2428 2446 2537 2503 est,
2597 2437 2896 2507 peritorum
2943 2434 3118 2491 instar
3174 2433 3477 2498 rhetorum,
3546 2447 3667 2492 non

2081 2539 2371 2588 contentus
2418 2538 2504 2585 est
2540 2527 2899 2599 praesentibus
2943 2524 3279 2582 solummodo
3314 2523 3653 2587 criminibus.

2083 2622 2178 2675 sed
2215 2620 2407 2675 miscet
2434 2628 2617 2675 vetera
2649 2619 2837 2684 novis,
2868 2628 2922 2674 et
2948 2618 3198 2688 antiquos
3222 2618 3429 2674 reducit
3450 2632 3666 2671 sermoa

2084 2725 2212 2777 nes;
2234 2708 2359 2773 imo
2393 2709 2447 2764 in
2475 2709 2843 2766 testimonium
2863 2708 3143 2765 adversus»
3165 2717 3217 2765 te
3239 2718 3401 2763 totam
3425 2707 3661 2763 Alexan-

2086 2801 2217 2857 driae
2276 2801 2465 2857 urbem
2511 2800 2766 2866 suscitat,
2808 2801 3008 2871 equina
3049 2798 3294 2856 referens
3327 2801 3654 2869 spectacula,

2085 2904 2140 2950 et
2162 2894 2391 2949 talorum
2422 2893 2682 2962 studium,
2699 2903 2753 2953 et
2773 2892 3062 2965 populares
3089 2893 3157 2949 de
3175 2892 3331 2963 equis
3357 2906 3659 2957 sermones.

2086 2994 2141 3042 ct
2189 2986 2354 3041 multa
2389 2986 2493 3042 alia
2542 3001 2876 3057 quarcunque
2905 2986 3045 3043 illius
3089 2985 3285 3057 linguze
3314 2993 3610 3041 occurrunt
3645 3006 3660 3041 :

417 3080 587 3135 πολλά
615 3078 789 3150 τούτῳ
833 3078 1011 3148 λέγειν
1056 3078 1289 3150 ἐπέλθῃ·
1326 3077 1464 3131 ἀλλὰ
1507 3080 1601 3133 καὶ
1652 3077 1746 3132 νῦν
1782 3095 1841 3132 σε
1872 3080 1986 3140 τοῖς

2091 3078 2381 3134 etiamnum
2423 3094 2552 3135 vero
2604 3079 2734 3135 dicit
2787 3089 2842 3135 te
2885 3081 2954 3136 ab
2992 3079 3150 3150 equis
3195 3078 3342 3171 vehi,
3392 3087 3448 3134 et
3500 3092 3660 3134 cursu

417 3172 605 3234 ἵπποις
647 3169 1017 3231 άνακινεῖσθαί
1043 3173 1208 3240 φησι,
1245 3170 1338 3223 καὶ
1363 3172 1476 3231 τοῖς
1509 3170 1722 3240 τρέχειν
1751 3170 1987 3240 δυναμέ-

417 3279 529 3325 νοις
558 3259 912 3331 παρεδρεύειν
949 3261 1066 3324 άεὶ,
1097 3260 1194 3314 καὶ
1228 3260 1423 3330 τέχνην
1449 3276 1508 3313 σε
1542 3259 1792 3313 κολάκων
1823 3262 1988 3313 ἐπαν-

416 3350 657 3422 ῃρῆσθαι
714 3353 780 3421 τῇ
810 3351 1009 3420 γαστρὶ
1039 3332 1423 3421 χαριζόμενον.
1464 3352 1578 3405 υύκ
1628 3349 1695 3406 ἂν
1723 3351 1989 3424 δυναίμην

421 3445 502 3506 εἰς
540 3444 685 3509 ἅπαξ
728 3443 903 3496 εἰπεῖν
933 3443 1033 3495 ὅσα
1057 3442 1122 3512 δὴ
1153 3441 1412 3513 πολλάκις
1439 3445 1557 3506 ταῖς
1601 3444 1760 3513 ἐμαῖς
1801 3446 1992 3507 ἀκοαῖς

421 3533 701 3588 ἐπαντλεῖο
719 3534 778 3587 τὸ
798 3532 854 3585 δὲ
879 3533 1071 3597 αἴτιον,
1088 3532 1317 3603 Γυμνὸς,
1342 3535 1497 3603 φησι,
1523 3535 1584 3586 τὸ
1603 3533 1792 3587 τούτου
1826 3533 1992 3604 μέρος

422 3626 562 3697 ἐγώ·
596 3625 654 3678 ἒν
700 3624 859 3695 μόνον
894 3641 982 3695 μοι
1028 3624 1240 3695 ἱμάτιον
1272 3624 1592 3678 ὑπελείπετο
1625 3624 1761 3696 πρὸς
1790 3624 1991 3694 ταφὴν,

423 3720 515 3775 καὶ
530 3717 619 3773 διὰ
646 3717 832 3771 τοῦτον
848 3715 1136 3773 ἀνάλωταν
1159 3714 1300 3768 λίνον
1329 3714 1458 3785 γάρ,
1484 3715 1668 3787 φησὶν,
1697 3714 1995 3795 εἰργασμέ-

423 3828 515 3865 νον
550 3809 755 3873 λαϐὼν,
797 3808 872 3870 ὡς
904 3807 968 3879 δὴ
1013 3807 1171 3877 χερσὶ
1215 3805 1324 3859 τῶν
1372 3805 1538 3859 αὑτοῦ
1597 3805 1995 3877 θεραπαινίδων

425 3900 721 3967 ἀποδείξων
769 3878 1007 3970 ἱμάτιον,
1051 3898 1199 3969 Ἴρου
1247 3914 1314 3969 με
1352 3897 1575 3969 παρεῖδε
1626 3878 1992 3968 γυμνότερονο

424 3991 617 4062 χρόνος
655 3991 841 4055 πολὺς,
869 3989 1035 4060 φησι,
1072 3990 1165 4043 καὶ
1204 3990 1587 4061 παρατέταμαι
1612 3992 1731 4053 ταῖς
1762 3988 1994 4044 ἐλπίσιν.

427 4084 491 4137 Et
520 4083 700 4136 τοίνυν
730 4099 812 4135 σοι
843 4083 993 4152 μέλει
1016 4081 1119 4153 τὴν
1150 4084 1356 4134 ἐκείνου
1395 4080 1641 4148 γλῶτταν
1681 4080 1997 4152 πραοτέραν

428 4175 883 4247 ἐργάσασθαι-καὶ
911 4175 1011 4238 τὰς
1039 4174 1180 4244 ἐμὰς
1207 4173 1524 4245 ἐλευθεροῦν
1544 4174 1733 4240 ἀκοὰς,
1759 4173 1834 4239 ὡς
1858 4175 1998 4244 τάχα

427 4269 612 4337 πέμπε
650 4267 925 4338 θοιμάτιον
947 4267 1036 4338 ’.εί
1072 4265 1230 4337 δὲμὴ
1253 4306 1267 4329 ,
1299 4264 1413 4319 ἀλλ’
1437 4266 1498 4318 οὐ
1525 4267 1674 4336 φέρω
1695 4264 1872 4333 λέγειν
1900 4265 1999 4318 ὅσα

428 4362 523 4414 καὶ
543 4359 746 4427 λέξειεν
764 4373 778 4389 ⁶
806 4359 881 4422 ὼς
904 4359 999 4412 καὶ
1031 4356 1200 4429 μηδὲν
1231 4356 1371 4428 ἔχων
1404 4357 1653 4425 ἐγκαλεῖν
1678 4396 1695 4421 ,
1729 4356 1999 4428 φλυαρίαν

2092 3172 2366 3228 velocibus
2394 3172 2634 3231 assidere
2671 3186 2908 3242 semper,
2940 3182 2994 3228 et
3009 3152 3351 3228 adulatorum
3388 3180 3506 3226 arte
3542 3183 3667 3227 ere-

2090 3274 2239 3318 ctum
2263 3262 2432 3319 fuisse
2451 3264 2541 3333 qui
2570 3264 2723 3335 prius
2741 3264 2917 3320 ventri
2949 3263 3285 3335 indulgebas.
3305 3262 3423 3320 Non
3449 3277 3663 3335 possem

2091 3370 2194 3409 una
2216 3356 2335 3412 vice
2365 3355 2549 3411 dicere
2580 3356 2840 3425 quidquid
2871 3371 3014 3425 saepe
3034 3356 3232 3426 saapius
3262 3356 3400 3411 meis
3439 3356 3664 3412 auribus

2093 3447 2410 3503 iustillabat.
2475 3446 2614 3502 Audi
2665 3462 2934 3503 causam:
2979 3464 3000 3500 ι
3032 3446 3219 3504 Nudus
3270 3462 3414 3513 sum,
3467 3446 3664 3519 inquit,

2093 3546 2355 3605 quantum
2378 3536 2513 3592 ineo
2540 3544 2641 3600 est,
2665 3550 2765 3607 ego
2795 3554 2812 3595 :
2842 3553 3006 3592 unum
3038 3538 3168 3593 mihi
3195 3547 3479 3608 superth
3501 3538 3668 3593 vestio

2095 3635 2334 3682 mentum
2357 3629 2425 3683 ad
2451 3629 2819 3697 sepulturam;
2856 3639 2908 3683 et
2934 3643 3032 3699 per
3054 3629 3216 3685 istum
3240 3630 3373 3685 mibi
3396 3630 3665 3701 perditum

2096 3717 2229 3785 fuit;
2267 3734 2391 3775 nam
2422 3720 2590 3775 linum
2614 3720 2968 3786 fabricatum,
3006 3728 3066 3776 ut
3090 3721 3290 3787 aiebat,
3343 3738 3563 3779 sumens
3609 3733 3669 3779 ut

2095 3819 2243 3865 esset
2290 3812 2565 3881 specimen
2614 3821 2681 3868 et
2722 3812 3001 3881 exemplar
3056 3812 3366 3869 vestimenti
3419 3815 3668 3870 manibus

2098 3900 2422 3956 tantularum
2457 3917 2677 3957 suarum
2708 3903 2948 3968 texendi,
2995 3902 3081 3959 Iro
3122 3902 3403 3959 uudiorem
3426 3919 3513 3959 me
3545 3921 3667 3962 esse

2098 4008 2215 4051 non.
2249 3994 2484 4050 advertit
2512 3993 2663 4063 :jam
2694 3994 2910 4065 longum
2948 3992 3156 4050 etiluxit
3183 4004 3417 4067 tempus,
3449 4005 3506 4053 et
3544 4013 3671 4069 spes

2099 4100 2220 4140 mea
2252 4099 2469 4155 semper
2488 4084 2755 4141 dill'ertur.
2797 4106 2817 4139 ι
2861 4085 2917 4141 Si
2942 4087 3106 4157 igitur
3125 4088 3519 4159 velislinguam
3552 4089 3702 4159 ejus'

2101 4178 2370 4234 mitiorem
2404 4180 2601 4246 facere,
2628 4190 2685 4235 et
2708 4195 2856 4235 meas
2885 4179 3116 4235 liberare
3144 4194 3326 4245 aures,
3373 4195 3535 4251 quam
3564 4183 3674 4237 cito

2100 4267 2254 4323 mitte
2277 4268 2658 4323 vestimentum
2686 4282 2702 4332 ;
2758 4267 2802 4321 si
2835 4281 2964 4331 non,
3014 4282 3119 4321 non
3156 4269 3308 4323 valeo
3337 4270 3517 4325 dicere
3543 4270 3673 4340 quid

2102 4353 2345 4409 dicturus
2372 4354 2464 4418 sit,
2505 4355 2630 4424 quia
2676 4353 2839 4408 etiam
2872 4369 2978 4409 non
3014 4355 3220 4411 habens
3242 4356 3384 4413 unde
3426 4358 3674 4414 incrimi.

427 4454 519 4506 τὸν
565 4450 678 4522 βίον
711 4450 1040 4519 πεποίηται’
1077 4448 1205 4502 εἰδὲ
1244 4448 1339 4502 καὶ
1366 4448 1659 4519 προσλάϐοι
1685 4467 1738 4502 τι
1776 4448 1986 4502 δίκαιον

2103 4460 2281 4515 netur,
2329 4449 2382 4502 in
2412 4448 2741 4516 loquacitate
2774 4449 2937 4503 vitam
2972 4463 3124 4503 suam
3162 4450 3404 4518 reponit;
3466 4452 3509 4506 si
3544 4453 3673 4522 quid

430 4543 605 4606 εἴποις
633 4543 700 4597 ἂν
729 4542 895 4597 αὐτοῦ
916 4543 993 4613 τῇ
1016 4541 1232 4614 γλώττῃ
1253 4540 1549 4611 resonat”.
1572 4541 1821 4599 ἐνοικεῖν.

431 4721 547 4776 ειν.
588 4723 823 4794 ΓΕΣΣΙῼ
869 4721 1363 4793 ιΑτΡυΣοφιΣτξι
1421 4719 1618 4792 [Βαηιιι
1647 4719 1941 4792 ΓΕΝΗΣΙῼ
1963 4719 1999 4792 ι.

505 4814 717 4885 Ἴισθην
748 4814 830 4868 ὅτι
857 4815 948 4868 τὸν
975 4815 1138 4868 καλὸν
1165 4810 1436 4884 Δωρόθεον
1462 4813 1520 4865 ὃν
1547 4813 1675 4883 ὑμῖν
1694 4812 1795 4869 ,διὰ
1823 4820 2002 4884 γραμὲ

436 4905 622 4975 μάτων
663 4904 969 4975 συνέστησα
1010 4906 1297 4975 πρότερον,
1350 4902 1537 4957 τοῦτον
1585 4905 1650 4957 ἐκ
1699 4904 2002 4973 μεταϐολῆς

432 4996 585 5050 αὐτοί
616 5014 706 5067 μοι
733 4995 1090 5058 συνιστῶντες
1126 4996 1422 5065 ἐγράψατε.
1452 4995 1517 5048 Τί
1558 4996 1664 5065 γὰρ
1690 4996 1776 5065 εἴη
1819 4995 2003 5066 μεῖζον

433 5090 731 5159 τεκμήριον
769 5088 861 5141 τοῦ
892 5089 1013 5141 κατ’
1044 5088 1262 5146 ἐλπίδας
1287 5090 1418 5157 ἡμῖν
1456 5088 1705 5158 χωρῆσαι
1734 5089 1800 5141 τά
1825 5089 2004 5161 γράμ-

439 5178 823 5251 ματα;ἰῢ.θὼν
860 5180 918 5233 δὲ
965 5179 1099 5249 πρὸς
1127 5182 1272 5249 ἡμᾶς
1299 5180 1451 5234 οὐδὲν
1489 5181 1646 5250 ἤθελε
1677 5182 1878 5248 λέγειν,
1900 5183 1928 5235 ὃ
1952 5198 2004 5234 τι

439 5273 515 5343 μὴ
557 5272 616 5326 σὲ
648 5271 816 5340 κάμοὶ
855 5271 1163 5341 χαριεῖσθαι
1201 5271 1392 5337 θέλων,
1445 5274 1542 5326 καὶ
1570 5275 1635 5343 τῇ
1676 5274 1862 5344 μνήμη
1897 5273 2005 5327 τῶν

439 5365 548 5419 σῶν
583 5364 1027 5436 εὐφραινόμενος,
1052 5363 1144 5417 καί
1171 5380 1228 5416 σε
1250 5364 1416 5417 πολὺν
1437 5364 1530 5416 ἐπὶ
1555 5366 1820 5434 στόματος
1847 5363 2002 5437 ἦγεν,

434 5456 511 5520 ὡς
552 5456 774 5520 εὔνουν,
815 5454 890 5518 ὡς
950 5454 1176 5523 ἀγαθὸν,
1214 5455 1289 5518 ὡς
1323 5454 1540 5526 γλώττῃ
1594 5456 1690 5509 καὶ
1723 5459 1869 5528 χειρὶ
1915 5458 2007 5511 τὸν

450 5550 774 5620 Ἀσκληπιὸν
804 5550 1225 5621 παρακείμενον.
1252 5550 1359 5603 Καὶ
1377 5549 1520 5603 οὕτω
1544 5551 1607 5618 δὴ
1628 5551 1689 5604 τὸ
1711 5554 1808 5623 τῆς
1833 5552 2006 5622 ἰατρι-

438 5645 540 5714 κῆς
578 5643 849 5714 αὐστηρὸν
872 5644 927 5695 αἱ
958 5642 1058 5712 τῆς
1098 5630 1369 5712 ὑμετέρας
1402 5642 1646 5713 γλώττης
1681 5644 2005 5715 παρεμυθή-

441 5732 601 5789 σιντο
657 5733 903 5807 χάριτες·
948 5731 1117 5787 ταῦτα
1141 5730 1385 5801 λέγοντος
1421 5730 1834 5803 προύὶάμϐανον
1882 5733 2007 5796 τοὺς

2101 4552 2279 4593 autem
2310 4539 2440 4610 justi
2476 4538 2818 4609 proﬁteatur,
2856 4540 3006 4595 dicas
3028 4538 3104 4593 illi
3132 4541 3372 4595 animum
3404 4541 3459 4596 in
3492 4542 3673 4613 lingua

2102 4632 2358 4687 residere.

2489 4722 2675 4780 LXIV.
2716 4724 2961 4782 GESSIO
2991 4724 3265 4782 MEDICO.

2172 4817 2401 4873 Gavisus
2429 4833 2551 4873 sum
2570 4833 2635 4873 eo
2657 4819 2801 4888 quod
2826 4819 3109 4889 pulchrum
3134 4819 3485 4887 Dorotbcum,
3513 4837 3674 4891 quem

2106 4911 2254 4965 vnbis
2284 4925 2378 4979 per
2419 4910 2624 4966 litteras
2662 4913 3169 4971 eununendaveram
3211 4913 3381 4981 prius,
3425 4916 3675 4969 eumdem

2105 5003 2221 5056 vice
2237 5017 2390 5056 vet-sa
2408 5001 2628 5069 vosipsi
2658 5003 2787 5056 mihi
2814 5002 2868 5056 in
2891 5004 3117 5073 epistola
3136 5004 3675 5061 commendaveritis:

2103 5093 2232 5162 quid
2260 5094 2402 5148 enim
2436 5092 2608 5162 magis
2634 5093 2837 5149 indicet
2869 5094 3079 5149 litteras
3132 5106 3345 5150 nostras
3398 5108 3676 5167 speratum

2103 5186 2406 5241 obtinuisse
2435 5185 2788 5241 successum?
2844 5185 2913 5242 Ut
2937 5187 3004 5241 ad
3036 5202 3135 5242 nos
3165 5189 3434 5254 pervenit,
3464 5191 3681 5247 nolebat

2105 5278 2399 5349 quidquam
2422 5276 2626 5341 dicere,
2669 5276 2798 5345 quin
2828 5286 2878 5330 te
2911 5276 3429 5344 mihi-gratissimum
3464 5279 3680 5337 eﬂicere

2106 5364 2351 5433 cuperet,
2406 5372 2731 5432 tuorumque
2764 5362 3148 5419 beneﬁciorum
3179 5366 3440 5420 memoria
3467 5367 3680 5424 laetare-

2108 5467 2229 5521 tur;
2263 5471 2325 5510 ac
2352 5466 2401 5510 te
2425 5454 2924 5525 frequentissimum
2953 5454 3006 5508 in
3032 5470 3129 5510 ore
3152 5455 3400 5531 habebat,
3434 5467 3493 5512 ut
3515 5460 3680 5514 bene-

2106 5548 2308 5612 volum,
2370 5556 2429 5600 ut
2486 5548 2772 5617 optimum,
2834 5556 2892 5600 ut
2935 5545 3115 5615 lingua
3145 5554 3200 5600 et
3235 5562 3394 5602 manu
3429 5547 3679 5621 Εεριιι..υί

2108 5641 2412 5711 prmintum
2440 5658 2456 5697 :
2492 5656 2663 5710 usque
2681 5640 2817 5695 adeo
2846 5638 3126 5695 medicinae
3143 5641 3491 5709 asperitatem
3513 5645 3681 5699 vestri

2111 5729 2374 5787 sermonis
2406 5730 2590 5801 gratiae
2630 5729 3023 5802 temperabant.
3068 5726 3217 5785 Talia
3266 5729 3535 5801 loquentis
3569 5733 3682 5790 elo-
