  <div class='ocr_page' id='page_1' title='image "/cluster/home/n/w/nwhite01/storage/ocr_20150623/87:2/hvd.32044073502205/624.png"; bbox 0 0 3976 6210; ppageno 0'>
   <div class='ocr_carea' id='block_1_1' title="bbox 399 262 3659 345">
    <p class='ocr_par' dir='ltr' id='par_1_1' title="bbox 399 262 3659 345">
     <span class='ocr_line' id='line_1_1' title="bbox 399 262 3659 345; baseline -0.006 0"><span class='ocrx_word' id='word_1_1' title='bbox 399 280 543 345; x_wconf 68' lang='lat' dir='ltr'><strong>2H3</strong></span> <span class='ocrx_word' id='word_1_2' title='bbox 1819 271 1940 335; x_wconf 85' lang='grc' dir='ltr'><strong>ΕΡ]</strong></span> <span class='ocrx_word' id='word_1_3' title='bbox 1951 270 2230 333; x_wconf 66' lang='grc' dir='ltr'><strong>ΞΤΟΙΔζ.</strong></span> <span class='ocrx_word' id='word_1_4' title='bbox 3518 262 3659 326; x_wconf 63' lang='grc' dir='ltr'><strong>27η</strong></span> 
     </span>
    </p>
   </div>
   <div class='ocr_carea' id='block_1_2' title="bbox 399 374 1970 463">
    <p class='ocr_par' dir='ltr' id='par_1_2' title="bbox 399 382 1970 463">
     <span class='ocr_line' id='line_1_2' title="bbox 399 382 1970 463; baseline -0.008 -17"><span class='ocrx_word' id='word_1_5' title='bbox 399 395 678 461; x_wconf 74' lang='grc' dir='ltr'><strong>ιπάγοντα</strong></span> <span class='ocrx_word' id='word_1_6' title='bbox 727 392 822 447; x_wconf 75' lang='grc' dir='ltr'><strong>καὶ</strong></span> <span class='ocrx_word' id='word_1_7' title='bbox 853 390 953 463; x_wconf 71' lang='grc' dir='ltr'><strong>τήν</strong></span> <span class='ocrx_word' id='word_1_8' title='bbox 995 392 1130 462; x_wconf 72' lang='grc' dir='ltr'><strong>πρὸς</strong></span> <span class='ocrx_word' id='word_1_9' title='bbox 1170 393 1314 463; x_wconf 80' lang='grc' dir='ltr'><strong>ὑμᾶς</strong></span> <span class='ocrx_word' id='word_1_10' title='bbox 1356 390 1475 447; x_wconf 77' lang='grc' dir='ltr'><strong>ὁδὸν</strong></span> <span class='ocrx_word' id='word_1_11' title='bbox 1516 384 1762 443; x_wconf 76' lang='grc' dir='ltr'><strong>κελεύειο</strong></span> <span class='ocrx_word' id='word_1_12' title='bbox 1812 382 1970 437; x_wconf 79' lang='grc' dir='ltr'><strong>τοῦτο</strong></span> 
     </span>
    </p>
   </div>
   <div class='ocr_carea' id='block_1_3' title="bbox 2080 374 3665 463">
    <p class='ocr_par' dir='ltr' id='par_1_3' title="bbox 2080 374 3665 449">
     <span class='ocr_line' id='line_1_3' title="bbox 2080 374 3665 449; baseline -0.01 -12"><span class='ocrx_word' id='word_1_13' title='bbox 2080 396 2198 437; x_wconf 88' lang='lat' dir='ltr'><strong>eum</strong></span> <span class='ocrx_word' id='word_1_14' title='bbox 2218 381 2284 435; x_wconf 90' lang='lat' dir='ltr'><strong>ad</strong></span> <span class='ocrx_word' id='word_1_15' title='bbox 2303 394 2397 437; x_wconf 84' lang='lat' dir='ltr'><strong>vos</strong></span> <span class='ocrx_word' id='word_1_16' title='bbox 2415 379 2494 435; x_wconf 90' lang='lat' dir='ltr'><strong>ire</strong></span> <span class='ocrx_word' id='word_1_17' title='bbox 2516 378 2679 449; x_wconf 76' lang='lat' dir='ltr'><strong>cogit.</strong></span> <span class='ocrx_word' id='word_1_18' title='bbox 2701 376 2835 433; x_wconf 80' lang='lat' dir='ltr'><strong>Huic</strong></span> <span class='ocrx_word' id='word_1_19' title='bbox 2851 374 2996 431; x_wconf 89' lang='lat' dir='ltr'><strong>enim</strong></span> <span class='ocrx_word' id='word_1_20' title='bbox 3013 382 3099 431; x_wconf 90' lang='lat' dir='ltr'><strong>est</strong></span> <span class='ocrx_word' id='word_1_21' title='bbox 3116 380 3265 445; x_wconf 89' lang='lat' dir='ltr'><strong>pater</strong></span> <span class='ocrx_word' id='word_1_22' title='bbox 3285 386 3464 427; x_wconf 90' lang='lat' dir='ltr'><strong>rerum</strong></span> <span class='ocrx_word' id='word_1_23' title='bbox 3486 379 3665 424; x_wconf 77' lang='lat' dir='ltr'><strong>mnta-</strong></span> 
     </span>
    </p>
   </div>
   <div class='ocr_carea' id='block_1_4' title="bbox 399 461 1970 557">
    <p class='ocr_par' dir='ltr' id='par_1_4' title="bbox 399 461 1970 557">
     <span class='ocr_line' id='line_1_4' title="bbox 399 461 1970 557; baseline -0.01 -16"><span class='ocrx_word' id='word_1_24' title='bbox 399 486 509 554; x_wconf 80' lang='grc' dir='ltr'><strong>γάρ</strong></span> <span class='ocrx_word' id='word_1_25' title='bbox 531 486 653 539; x_wconf 73' lang='grc' dir='ltr'><strong>ἐστι</strong></span> <span class='ocrx_word' id='word_1_26' title='bbox 700 486 883 556; x_wconf 79' lang='grc' dir='ltr'><strong>πατὴρ</strong></span> <span class='ocrx_word' id='word_1_27' title='bbox 911 461 977 541; x_wconf 58' lang='grc' dir='ltr'><strong>ἐκ</strong></span> <span class='ocrx_word' id='word_1_28' title='bbox 1032 461 1339 557; x_wconf 76' lang='grc' dir='ltr'><strong>μεταϐολῆς</strong></span> <span class='ocrx_word' id='word_1_29' title='bbox 1367 483 1588 555; x_wconf 77' lang='grc' dir='ltr'><strong>ἀπόρων</strong></span> <span class='ocrx_word' id='word_1_30' title='bbox 1619 497 1633 513; x_wconf 78' lang='grc' dir='ltr'>σ</span> <span class='ocrx_word' id='word_1_31' title='bbox 1666 476 1886 544; x_wconf 69' lang='grc' dir='ltr'><strong>ἀδελφοὶ</strong></span> <span class='ocrx_word' id='word_1_32' title='bbox 1917 472 1970 528; x_wconf 85' lang='grc' dir='ltr'><strong>δὲ</strong></span> 
     </span>
    </p>
   </div>
   <div class='ocr_carea' id='block_1_5' title="bbox 2080 461 3655 557">
    <p class='ocr_par' dir='ltr' id='par_1_5' title="bbox 2082 461 3655 544">
     <span class='ocr_line' id='line_1_5' title="bbox 2082 461 3655 544; baseline -0.011 -13"><span class='ocrx_word' id='word_1_33' title='bbox 2082 478 2226 531; x_wconf 85' lang='lat' dir='ltr'><strong>tione</strong></span> <span class='ocrx_word' id='word_1_34' title='bbox 2249 476 2302 529; x_wconf 92' lang='lat' dir='ltr'><strong>in</strong></span> <span class='ocrx_word' id='word_1_35' title='bbox 2328 472 2611 544; x_wconf 77' lang='lat' dir='ltr'><strong>penuriam</strong></span> <span class='ocrx_word' id='word_1_36' title='bbox 2640 468 2898 539; x_wconf 75' lang='lat' dir='ltr'><strong>deiectus,</strong></span> <span class='ocrx_word' id='word_1_37' title='bbox 2927 469 3122 522; x_wconf 77' lang='lat' dir='ltr'><strong>fratres</strong></span> <span class='ocrx_word' id='word_1_38' title='bbox 3144 477 3321 520; x_wconf 89' lang='lat' dir='ltr'><strong>autem</strong></span> <span class='ocrx_word' id='word_1_39' title='bbox 3347 474 3401 518; x_wconf 90' lang='lat' dir='ltr'><strong>et</strong></span> <span class='ocrx_word' id='word_1_40' title='bbox 3423 461 3655 517; x_wconf 84' lang='lat' dir='ltr'><strong>multim-</strong></span> 
     </span>
    </p>
   </div>
   <div class='ocr_carea' id='block_1_6' title="bbox 402 551 1970 646">
    <p class='ocr_par' dir='ltr' id='par_1_6' title="bbox 402 551 1970 646">
     <span class='ocr_line' id='line_1_6' title="bbox 402 551 1970 646; baseline -0.007 -20"><span class='ocrx_word' id='word_1_41' title='bbox 402 551 598 644; x_wconf 68' lang='grc' dir='ltr'><strong>πλήθει</strong></span> <span class='ocrx_word' id='word_1_42' title='bbox 626 575 720 629; x_wconf 76' lang='grc' dir='ltr'><strong>καὶ</strong></span> <span class='ocrx_word' id='word_1_43' title='bbox 751 551 927 646; x_wconf 73' lang='grc' dir='ltr'><strong>χρόνῳ</strong></span> <span class='ocrx_word' id='word_1_44' title='bbox 947 551 1274 639; x_wconf 76' lang='grc' dir='ltr'><strong>λυποῦντες’</strong></span> <span class='ocrx_word' id='word_1_45' title='bbox 1297 551 1498 626; x_wconf 48' lang='grc' dir='ltr'><strong>’πολλοί</strong></span> <span class='ocrx_word' id='word_1_46' title='bbox 1541 569 1649 640; x_wconf 75' lang='grc' dir='ltr'><strong>γὰρ</strong></span> <span class='ocrx_word' id='word_1_47' title='bbox 1696 567 1848 628; x_wconf 80' lang='grc' dir='ltr'><strong>ὅντες</strong></span> <span class='ocrx_word' id='word_1_48' title='bbox 1880 563 1970 617; x_wconf 71' lang='grc' dir='ltr'><strong>καὶ</strong></span> 
     </span>
    </p>
   </div>
   <div class='ocr_carea' id='block_1_7' title="bbox 2080 551 3659 646">
    <p class='ocr_par' dir='ltr' id='par_1_7' title="bbox 2080 551 3659 631">
     <span class='ocr_line' id='line_1_7' title="bbox 2080 551 3659 631; baseline -0.013 -8"><span class='ocrx_word' id='word_1_49' title='bbox 2080 569 2208 624; x_wconf 92' lang='lat' dir='ltr'><strong>dine</strong></span> <span class='ocrx_word' id='word_1_50' title='bbox 2237 575 2292 621; x_wconf 90' lang='lat' dir='ltr'><strong>et</strong></span> <span class='ocrx_word' id='word_1_51' title='bbox 2318 573 2477 620; x_wconf 72' lang='lat' dir='ltr'><strong>aetate</strong></span> <span class='ocrx_word' id='word_1_52' title='bbox 2501 563 2649 617; x_wconf 91' lang='lat' dir='ltr'><strong>illum</strong></span> <span class='ocrx_word' id='word_1_53' title='bbox 2673 570 2963 631; x_wconf 73' lang='lat' dir='ltr'><strong>gravantes</strong></span> <span class='ocrx_word' id='word_1_54' title='bbox 2984 575 2998 612; x_wconf 88' lang='lat'><strong>:</strong></span> <span class='ocrx_word' id='word_1_55' title='bbox 3022 573 3145 613; x_wconf 89' lang='lat' dir='ltr'><strong>cum</strong></span> <span class='ocrx_word' id='word_1_56' title='bbox 3181 555 3327 610; x_wconf 88' lang='lat' dir='ltr'><strong>enim</strong></span> <span class='ocrx_word' id='word_1_57' title='bbox 3365 554 3471 608; x_wconf 91' lang='lat' dir='ltr'><strong>sint</strong></span> <span class='ocrx_word' id='word_1_58' title='bbox 3504 551 3659 606; x_wconf 89' lang='lat' dir='ltr'><strong>multi</strong></span> 
     </span>
    </p>
   </div>
   <div class='ocr_carea' id='block_1_8' title="bbox 400 656 1975 739">
    <p class='ocr_par' dir='ltr' id='par_1_8' title="bbox 400 656 1975 739">
     <span class='ocr_line' id='line_1_8' title="bbox 400 656 1975 739; baseline -0.018 -3"><span class='ocrx_word' id='word_1_59' title='bbox 400 666 502 735; x_wconf 75' lang='grc' dir='ltr'><strong>τὴν</strong></span> <span class='ocrx_word' id='word_1_60' title='bbox 522 667 740 738; x_wconf 82' lang='grc' dir='ltr'><strong>ἡλικίαν</strong></span> <span class='ocrx_word' id='word_1_61' title='bbox 774 668 1014 739; x_wconf 85' lang='grc' dir='ltr'><strong>βραχεῖς,</strong></span> <span class='ocrx_word' id='word_1_62' title='bbox 1036 667 1117 731; x_wconf 80' lang='grc' dir='ltr'><strong>είς</strong></span> <span class='ocrx_word' id='word_1_63' title='bbox 1139 668 1238 731; x_wconf 80' lang='grc' dir='ltr'><strong>τὰς</strong></span> <span class='ocrx_word' id='word_1_64' title='bbox 1264 666 1358 720; x_wconf 85' lang='grc' dir='ltr'><strong>τοῦ</strong></span> <span class='ocrx_word' id='word_1_65' title='bbox 1394 662 1597 735; x_wconf 76' lang='grc' dir='ltr'><strong>πατρὸς</strong></span> <span class='ocrx_word' id='word_1_66' title='bbox 1621 663 1807 732; x_wconf 86' lang='grc' dir='ltr'><strong>χεῖρας</strong></span> <span class='ocrx_word' id='word_1_67' title='bbox 1838 656 1975 728; x_wconf 82' lang='grc' dir='ltr'><strong>ὁρῶ-</strong></span> 
     </span>
    </p>
   </div>
   <div class='ocr_carea' id='block_1_9' title="bbox 404 748 1974 829">
    <p class='ocr_par' dir='ltr' id='par_1_9' title="bbox 404 748 1974 829">
     <span class='ocr_line' id='line_1_9' title="bbox 404 748 1974 829; baseline -0.007 -18"><span class='ocrx_word' id='word_1_68' title='bbox 404 773 511 811; x_wconf 87' lang='grc' dir='ltr'><strong>σιν·</strong></span> <span class='ocrx_word' id='word_1_69' title='bbox 550 757 801 811; x_wconf 74' lang='grc' dir='ltr'><strong>ἐντεῦθεν</strong></span> <span class='ocrx_word' id='word_1_70' title='bbox 823 758 1059 829; x_wconf 83' lang='grc' dir='ltr'><strong>χρῆσται</strong></span> <span class='ocrx_word' id='word_1_71' title='bbox 1102 758 1203 829; x_wconf 83' lang='grc' dir='ltr'><strong>μὲν</strong></span> <span class='ocrx_word' id='word_1_72' title='bbox 1253 756 1460 819; x_wconf 73' lang='grc' dir='ltr'><strong>πολλοὶ,</strong></span> <span class='ocrx_word' id='word_1_73' title='bbox 1501 753 1637 809; x_wconf 82' lang='grc' dir='ltr'><strong>ἀλλὰ</strong></span> <span class='ocrx_word' id='word_1_74' title='bbox 1685 751 1825 819; x_wconf 81' lang='grc' dir='ltr'><strong>πλὴν</strong></span> <span class='ocrx_word' id='word_1_75' title='bbox 1856 748 1974 814; x_wconf 69' lang='grc' dir='ltr'><strong>ἐνὸς</strong></span> 
     </span>
    </p>
   </div>
   <div class='ocr_carea' id='block_1_10' title="bbox 403 839 1974 920">
    <p class='ocr_par' dir='ltr' id='par_1_10' title="bbox 403 839 1974 920">
     <span class='ocr_line' id='line_1_10' title="bbox 403 839 1974 920; baseline -0.008 -18"><span class='ocrx_word' id='word_1_76' title='bbox 403 847 604 911; x_wconf 79' lang='grc' dir='ltr'><strong>πάντες</strong></span> <span class='ocrx_word' id='word_1_77' title='bbox 625 848 999 920; x_wconf 82' lang='grc' dir='ltr'><strong>φιλάνθρωποι</strong></span> <span class='ocrx_word' id='word_1_78' title='bbox 1021 867 1035 881; x_wconf 88' lang='grc'><strong>·</strong></span> <span class='ocrx_word' id='word_1_79' title='bbox 1074 841 1229 911; x_wconf 75' lang='grc' dir='ltr'><strong>οὗτος</strong></span> <span class='ocrx_word' id='word_1_80' title='bbox 1256 848 1312 901; x_wconf 81' lang='grc' dir='ltr'><strong>δὲ</strong></span> <span class='ocrx_word' id='word_1_81' title='bbox 1358 848 1456 916; x_wconf 79' lang='grc' dir='ltr'><strong>τῆς</strong></span> <span class='ocrx_word' id='word_1_82' title='bbox 1487 844 1661 913; x_wconf 81' lang='grc' dir='ltr'><strong>τύχης</strong></span> <span class='ocrx_word' id='word_1_83' title='bbox 1701 839 1974 894; x_wconf 80' lang='grc' dir='ltr'><strong>συνεπιτί-</strong></span> 
     </span>
    </p>
   </div>
   <div class='ocr_carea' id='block_1_11' title="bbox 402 928 1969 1007">
    <p class='ocr_par' dir='ltr' id='par_1_11' title="bbox 402 928 1969 1007">
     <span class='ocr_line' id='line_1_11' title="bbox 402 928 1969 1007; baseline -0.009 -15"><span class='ocrx_word' id='word_1_84' title='bbox 402 936 584 992; x_wconf 82' lang='grc' dir='ltr'><strong>θεται·</strong></span> <span class='ocrx_word' id='word_1_85' title='bbox 618 940 683 1007; x_wconf 77' lang='grc' dir='ltr'><strong>ἦν</strong></span> <span class='ocrx_word' id='word_1_86' title='bbox 713 937 821 1007; x_wconf 85' lang='grc' dir='ltr'><strong>γὰρ</strong></span> <span class='ocrx_word' id='word_1_87' title='bbox 848 938 1002 1007; x_wconf 81' lang='grc' dir='ltr'><strong>μόλις</strong></span> <span class='ocrx_word' id='word_1_88' title='bbox 1019 939 1202 999; x_wconf 77' lang='grc' dir='ltr'><strong>αὐτοῖς</strong></span> <span class='ocrx_word' id='word_1_89' title='bbox 1223 934 1399 990; x_wconf 77' lang='grc' dir='ltr'><strong>οἰκίαν</strong></span> <span class='ocrx_word' id='word_1_90' title='bbox 1419 936 1446 987; x_wconf 88' lang='grc' dir='ltr'><strong>ὁ</strong></span> <span class='ocrx_word' id='word_1_91' title='bbox 1471 933 1680 1000; x_wconf 90' lang='grc' dir='ltr'><strong>δαίμων</strong></span> <span class='ocrx_word' id='word_1_92' title='bbox 1708 928 1969 982; x_wconf 76' lang='grc' dir='ltr'><strong>κατέλιπε</strong></span> 
     </span>
    </p>
   </div>
   <div class='ocr_carea' id='block_1_12' title="bbox 398 1008 1975 1097">
    <p class='ocr_par' dir='ltr' id='par_1_12' title="bbox 398 1008 1975 1097">
     <span class='ocr_line' id='line_1_12' title="bbox 398 1008 1975 1097; baseline -0.005 -18"><span class='ocrx_word' id='word_1_93' title='bbox 398 1026 673 1088; x_wconf 71' lang='grc' dir='ltr'><strong>τοσούτοις</strong></span> <span class='ocrx_word' id='word_1_94' title='bbox 690 1008 951 1097; x_wconf 78' lang='grc' dir='ltr'><strong>χρησταῖς</strong></span> <span class='ocrx_word' id='word_1_95' title='bbox 976 1026 1395 1097; x_wconf 80' lang='grc' dir='ltr'><strong>ὑποτιθεμένην,</strong></span> <span class='ocrx_word' id='word_1_96' title='bbox 1430 1023 1635 1092; x_wconf 87' lang='grc' dir='ltr'><strong>ταύτην</strong></span> <span class='ocrx_word' id='word_1_97' title='bbox 1669 1021 1828 1092; x_wconf 92' lang='grc' dir='ltr'><strong>μόνος</strong></span> <span class='ocrx_word' id='word_1_98' title='bbox 1878 1017 1975 1071; x_wconf 86' lang='grc' dir='ltr'><strong>λα-</strong></span> 
     </span>
    </p>
   </div>
   <div class='ocr_carea' id='block_1_13' title="bbox 401 1111 1972 1188">
    <p class='ocr_par' dir='ltr' id='par_1_13' title="bbox 401 1111 1972 1188">
     <span class='ocr_line' id='line_1_13' title="bbox 401 1111 1972 1188; baseline -0.002 -20"><span class='ocrx_word' id='word_1_99' title='bbox 401 1118 516 1169; x_wconf 70' lang='grc' dir='ltr'><strong>ϐεῖν</strong></span> <span class='ocrx_word' id='word_1_100' title='bbox 549 1117 692 1183; x_wconf 80' lang='grc' dir='ltr'><strong>ἀξιοῖ</strong></span> <span class='ocrx_word' id='word_1_101' title='bbox 747 1118 985 1172; x_wconf 83' lang='grc' dir='ltr'><strong>νικῶσαν</strong></span> <span class='ocrx_word' id='word_1_102' title='bbox 1027 1118 1219 1171; x_wconf 84' lang='grc' dir='ltr'><strong>τούτου</strong></span> <span class='ocrx_word' id='word_1_103' title='bbox 1274 1118 1336 1170; x_wconf 76' lang='grc' dir='ltr'><strong>τὸ</strong></span> <span class='ocrx_word' id='word_1_104' title='bbox 1393 1117 1604 1188; x_wconf 82' lang='grc' dir='ltr'><strong>χρέως·</strong></span> <span class='ocrx_word' id='word_1_105' title='bbox 1637 1115 1756 1168; x_wconf 85' lang='grc' dir='ltr'><strong>δέον</strong></span> <span class='ocrx_word' id='word_1_106' title='bbox 1804 1113 1836 1183; x_wconf 79' lang='grc' dir='ltr'>ἢ</span> <span class='ocrx_word' id='word_1_107' title='bbox 1883 1111 1972 1165; x_wconf 83' lang='grc' dir='ltr'><strong>τὸν</strong></span> 
     </span>
    </p>
   </div>
   <div class='ocr_carea' id='block_1_14' title="bbox 406 1192 1972 1278">
    <p class='ocr_par' dir='ltr' id='par_1_14' title="bbox 406 1192 1972 1278">
     <span class='ocr_line' id='line_1_14' title="bbox 406 1192 1972 1278; baseline -0.002 -19"><span class='ocrx_word' id='word_1_108' title='bbox 406 1206 716 1277; x_wconf 83' lang='grc' dir='ltr'><strong>ὠνούμενον</strong></span> <span class='ocrx_word' id='word_1_109' title='bbox 744 1192 1025 1276; x_wconf 52' lang='grc' dir='ltr'><strong>ἄῨεινριαὶ</strong></span> <span class='ocrx_word' id='word_1_110' title='bbox 1037 1208 1130 1262; x_wconf 81' lang='grc' dir='ltr'><strong>τοῦ</strong></span> <span class='ocrx_word' id='word_1_111' title='bbox 1157 1210 1357 1271; x_wconf 82' lang='grc' dir='ltr'><strong>παντὸς</strong></span> <span class='ocrx_word' id='word_1_112' title='bbox 1378 1210 1687 1278; x_wconf 76' lang='grc' dir='ltr'><strong>τιμήματος</strong></span> <span class='ocrx_word' id='word_1_113' title='bbox 1718 1206 1779 1258; x_wconf 85' lang='grc' dir='ltr'><strong>τὸ</strong></span> <span class='ocrx_word' id='word_1_114' title='bbox 1804 1221 1972 1273; x_wconf 79' lang='grc' dir='ltr'><strong>προσ-</strong></span> 
     </span>
    </p>
   </div>
   <div class='ocr_carea' id='block_1_15' title="bbox 400 1296 1970 1369">
    <p class='ocr_par' dir='ltr' id='par_1_15' title="bbox 400 1296 1970 1369">
     <span class='ocr_line' id='line_1_15' title="bbox 400 1296 1970 1369; baseline -0.002 -20"><span class='ocrx_word' id='word_1_115' title='bbox 400 1296 536 1366; x_wconf 73' lang='grc' dir='ltr'><strong>ῆκον</strong></span> <span class='ocrx_word' id='word_1_116' title='bbox 574 1297 781 1363; x_wconf 76' lang='grc' dir='ltr'><strong>λαϐεῖν,</strong></span> <span class='ocrx_word' id='word_1_117' title='bbox 817 1298 849 1367; x_wconf 82' lang='grc' dir='ltr'>ἢ</span> <span class='ocrx_word' id='word_1_118' title='bbox 895 1297 1378 1369; x_wconf 80' lang='grc' dir='ltr'><strong>δέχεσθαι’ταύτης</strong></span> <span class='ocrx_word' id='word_1_119' title='bbox 1404 1298 1568 1368; x_wconf 80' lang='grc' dir='ltr'><strong>μέρος</strong></span> <span class='ocrx_word' id='word_1_120' title='bbox 1590 1296 1733 1349; x_wconf 83' lang='grc' dir='ltr'><strong>ὂτοῦ</strong></span> <span class='ocrx_word' id='word_1_121' title='bbox 1776 1297 1970 1366; x_wconf 88' lang='grc' dir='ltr'><strong>χρέους</strong></span> 
     </span>
    </p>
   </div>
   <div class='ocr_carea' id='block_1_16' title="bbox 400 1386 1969 1461">
    <p class='ocr_par' dir='ltr' id='par_1_16' title="bbox 400 1386 1969 1461">
     <span class='ocr_line' id='line_1_16' title="bbox 400 1386 1969 1461; baseline -0.003 -20"><span class='ocrx_word' id='word_1_122' title='bbox 400 1386 791 1457; x_wconf 79' lang='grc' dir='ltr'><strong>ἀναπληρώσει</strong></span> <span class='ocrx_word' id='word_1_123' title='bbox 821 1389 881 1440; x_wconf 86' lang='grc' dir='ltr'><strong>τὸ</strong></span> <span class='ocrx_word' id='word_1_124' title='bbox 918 1391 1118 1461; x_wconf 80' lang='grc' dir='ltr'><strong>μέτρον</strong></span> <span class='ocrx_word' id='word_1_125' title='bbox 1143 1408 1155 1421; x_wconf 91' lang='grc'><strong>·</strong></span> <span class='ocrx_word' id='word_1_126' title='bbox 1199 1391 1228 1441; x_wconf 83' lang='grc' dir='ltr'>ὁ</span> <span class='ocrx_word' id='word_1_127' title='bbox 1257 1390 1313 1442; x_wconf 82' lang='grc' dir='ltr'><strong>δὲ</strong></span> <span class='ocrx_word' id='word_1_128' title='bbox 1341 1390 1440 1459; x_wconf 79' lang='grc' dir='ltr'><strong>τὴν</strong></span> <span class='ocrx_word' id='word_1_129' title='bbox 1490 1386 1598 1441; x_wconf 83' lang='grc' dir='ltr'><strong>τῶν</strong></span> <span class='ocrx_word' id='word_1_130' title='bbox 1642 1386 1969 1456; x_wconf 81' lang='grc' dir='ltr'><strong>ὠνουμένων</strong></span> 
     </span>
    </p>
   </div>
   <div class='ocr_carea' id='block_1_17' title="bbox 400 1478 1970 1553">
    <p class='ocr_par' dir='ltr' id='par_1_17' title="bbox 400 1478 1970 1553">
     <span class='ocr_line' id='line_1_17' title="bbox 400 1478 1970 1553; baseline 0 -21"><span class='ocrx_word' id='word_1_131' title='bbox 400 1478 541 1549; x_wconf 72' lang='grc' dir='ltr'><strong>πρὸς</strong></span> <span class='ocrx_word' id='word_1_132' title='bbox 588 1479 863 1547; x_wconf 79' lang='grc' dir='ltr'><strong>τὸοπαρὸν</strong></span> <span class='ocrx_word' id='word_1_133' title='bbox 901 1482 1139 1553; x_wconf 80' lang='grc' dir='ltr'><strong>ἀπορίαν</strong></span> <span class='ocrx_word' id='word_1_134' title='bbox 1162 1482 1392 1551; x_wconf 71' lang='grc' dir='ltr'><strong>ἕρμαιον</strong></span> <span class='ocrx_word' id='word_1_135' title='bbox 1434 1483 1671 1552; x_wconf 87' lang='grc' dir='ltr'><strong>ήγεῖται,</strong></span> <span class='ocrx_word' id='word_1_136' title='bbox 1730 1480 1826 1534; x_wconf 76' lang='grc' dir='ltr'><strong>καὶ</strong></span> <span class='ocrx_word' id='word_1_137' title='bbox 1868 1479 1970 1546; x_wconf 83' lang='grc' dir='ltr'><strong>τῆς</strong></span> 
     </span>
    </p>
   </div>
   <div class='ocr_carea' id='block_1_18' title="bbox 399 1570 1971 1644">
    <p class='ocr_par' dir='ltr' id='par_1_18' title="bbox 399 1570 1971 1644">
     <span class='ocr_line' id='line_1_18' title="bbox 399 1570 1971 1644; baseline 0.001 -21"><span class='ocrx_word' id='word_1_138' title='bbox 399 1570 570 1641; x_wconf 84' lang='grc' dir='ltr'><strong>τύχης</strong></span> <span class='ocrx_word' id='word_1_139' title='bbox 585 1571 705 1625; x_wconf 74' lang='grc' dir='ltr'><strong>ἐστὶ</strong></span> <span class='ocrx_word' id='word_1_140' title='bbox 740 1573 1063 1644; x_wconf 83' lang='grc' dir='ltr'><strong>πικρότερος</strong></span> <span class='ocrx_word' id='word_1_141' title='bbox 1081 1589 1094 1603; x_wconf 84' lang='grc'>⁶</span> <span class='ocrx_word' id='word_1_142' title='bbox 1133 1574 1271 1628; x_wconf 77' lang='grc' dir='ltr'><strong>ἀλλὰ</strong></span> <span class='ocrx_word' id='word_1_143' title='bbox 1299 1574 1443 1627; x_wconf 85' lang='grc' dir='ltr'><strong>δίδου</strong></span> <span class='ocrx_word' id='word_1_144' title='bbox 1473 1571 1552 1644; x_wconf 87' lang='grc' dir='ltr'>τῷ</span> <span class='ocrx_word' id='word_1_145' title='bbox 1567 1573 1807 1643; x_wconf 82' lang='grc' dir='ltr'><strong>δεομένῳ</strong></span> <span class='ocrx_word' id='word_1_146' title='bbox 1833 1571 1971 1642; x_wconf 81' lang='grc' dir='ltr'><strong>πρὸς</strong></span> 
     </span>
    </p>
   </div>
   <div class='ocr_carea' id='block_1_19' title="bbox 401 1657 1971 1732">
    <p class='ocr_par' dir='ltr' id='par_1_19' title="bbox 401 1657 1971 1732">
     <span class='ocr_line' id='line_1_19' title="bbox 401 1657 1971 1732; baseline 0.004 -24"><span class='ocrx_word' id='word_1_147' title='bbox 401 1657 721 1728; x_wconf 77' lang='grc' dir='ltr'><strong>συμμαχίαν</strong></span> <span class='ocrx_word' id='word_1_148' title='bbox 742 1658 840 1729; x_wconf 81' lang='grc' dir='ltr'><strong>τὴν</strong></span> <span class='ocrx_word' id='word_1_149' title='bbox 862 1660 1130 1728; x_wconf 86' lang='grc' dir='ltr'><strong>γλῶτταν,</strong></span> <span class='ocrx_word' id='word_1_150' title='bbox 1162 1662 1254 1714; x_wconf 76' lang='grc' dir='ltr'><strong>τὸν</strong></span> <span class='ocrx_word' id='word_1_151' title='bbox 1293 1662 1557 1731; x_wconf 86' lang='grc' dir='ltr'><strong>δικαστὴν</strong></span> <span class='ocrx_word' id='word_1_152' title='bbox 1584 1661 1735 1732; x_wconf 87' lang='grc' dir='ltr'><strong>αύτῷ</strong></span> <span class='ocrx_word' id='word_1_153' title='bbox 1790 1679 1971 1732; x_wconf 87' lang='grc' dir='ltr'><strong>παρα-</strong></span> 
     </span>
    </p>
   </div>
   <div class='ocr_carea' id='block_1_20' title="bbox 2078 650 3658 723">
    <p class='ocr_par' dir='ltr' id='par_1_20' title="bbox 2078 650 3658 723">
     <span class='ocr_line' id='line_1_20' title="bbox 2078 650 3658 723; baseline -0.016 -6"><span class='ocrx_word' id='word_1_154' title='bbox 2078 671 2133 717; x_wconf 89' lang='lat' dir='ltr'><strong>et</strong></span> <span class='ocrx_word' id='word_1_155' title='bbox 2158 659 2318 715; x_wconf 82' lang='lat' dir='ltr'><strong>annis</strong></span> <span class='ocrx_word' id='word_1_156' title='bbox 2350 656 2544 721; x_wconf 90' lang='lat' dir='ltr'><strong>teneri,</strong></span> <span class='ocrx_word' id='word_1_157' title='bbox 2568 668 2596 706; x_wconf 90' lang='lat' dir='ltr'><strong>a</strong></span> <span class='ocrx_word' id='word_1_158' title='bbox 2624 651 2795 723; x_wconf 77' lang='lat' dir='ltr'><strong>patris</strong></span> <span class='ocrx_word' id='word_1_159' title='bbox 2821 650 3072 704; x_wconf 90' lang='lat' dir='ltr'><strong>manibus</strong></span> <span class='ocrx_word' id='word_1_160' title='bbox 3088 650 3291 703; x_wconf 88' lang='lat' dir='ltr'><strong>victum</strong></span> <span class='ocrx_word' id='word_1_161' title='bbox 3316 651 3658 711; x_wconf 80' lang='lat' dir='ltr'><strong>exspectant.</strong></span> 
     </span>
    </p>
   </div>
   <div class='ocr_carea' id='block_1_21' title="bbox 2081 734 3656 813">
    <p class='ocr_par' dir='ltr' id='par_1_21' title="bbox 2081 734 3656 813">
     <span class='ocr_line' id='line_1_21' title="bbox 2081 734 3656 813; baseline -0.016 -4"><span class='ocrx_word' id='word_1_162' title='bbox 2081 752 2220 811; x_wconf 82' lang='lat' dir='ltr'><strong>Hinc</strong></span> <span class='ocrx_word' id='word_1_163' title='bbox 2254 748 2403 806; x_wconf 91' lang='lat' dir='ltr'><strong>multi</strong></span> <span class='ocrx_word' id='word_1_164' title='bbox 2431 746 2751 807; x_wconf 83' lang='lat' dir='ltr'><strong>creditores,</strong></span> <span class='ocrx_word' id='word_1_165' title='bbox 2776 742 2866 813; x_wconf 92' lang='lat' dir='ltr'><strong>qui</strong></span> <span class='ocrx_word' id='word_1_166' title='bbox 2898 740 3119 810; x_wconf 83' lang='lat' dir='ltr'><strong>quidem</strong></span> <span class='ocrx_word' id='word_1_167' title='bbox 3145 746 3270 792; x_wconf 90' lang='lat' dir='ltr'><strong>sunt</strong></span> <span class='ocrx_word' id='word_1_168' title='bbox 3294 734 3656 802; x_wconf 70' lang='lat' dir='ltr'><strong>indulgentes,</strong></span> 
     </span>
    </p>
   </div>
   <div class='ocr_carea' id='block_1_22' title="bbox 2076 824 3655 907">
    <p class='ocr_par' dir='ltr' id='par_1_22' title="bbox 2076 824 3655 907">
     <span class='ocr_line' id='line_1_22' title="bbox 2076 824 3655 907; baseline -0.018 -8"><span class='ocrx_word' id='word_1_169' title='bbox 2076 860 2185 899; x_wconf 91' lang='lat' dir='ltr'><strong>uno</strong></span> <span class='ocrx_word' id='word_1_170' title='bbox 2210 852 2389 898; x_wconf 88' lang='lat' dir='ltr'><strong>tamen</strong></span> <span class='ocrx_word' id='word_1_171' title='bbox 2415 846 2662 907; x_wconf 81' lang='lat' dir='ltr'><strong>excepto.</strong></span> <span class='ocrx_word' id='word_1_172' title='bbox 2708 837 2814 890; x_wconf 88' lang='lat' dir='ltr'><strong>Iste</strong></span> <span class='ocrx_word' id='word_1_173' title='bbox 2847 842 3026 888; x_wconf 88' lang='lat' dir='ltr'><strong>autem</strong></span> <span class='ocrx_word' id='word_1_174' title='bbox 3060 846 3125 885; x_wconf 84' lang='lat' dir='ltr'><strong>ex</strong></span> <span class='ocrx_word' id='word_1_175' title='bbox 3149 825 3449 884; x_wconf 88' lang='lat' dir='ltr'><strong>infortunio</strong></span> <span class='ocrx_word' id='word_1_176' title='bbox 3480 824 3655 878; x_wconf 85' lang='lat' dir='ltr'><strong>luera-</strong></span> 
     </span>
    </p>
   </div>
   <div class='ocr_carea' id='block_1_23' title="bbox 2080 915 3653 1005">
    <p class='ocr_par' dir='ltr' id='par_1_23' title="bbox 2080 915 3653 1005">
     <span class='ocr_line' id='line_1_23' title="bbox 2080 915 3653 1005; baseline -0.019 -12"><span class='ocrx_word' id='word_1_177' title='bbox 2080 945 2211 993; x_wconf 90' lang='lat' dir='ltr'><strong>tur:</strong></span> <span class='ocrx_word' id='word_1_178' title='bbox 2247 947 2410 1005; x_wconf 82' lang='lat' dir='ltr'><strong>quam</strong></span> <span class='ocrx_word' id='word_1_179' title='bbox 2433 930 2582 985; x_wconf 88' lang='lat' dir='ltr'><strong>enim</strong></span> <span class='ocrx_word' id='word_1_180' title='bbox 2622 928 2728 983; x_wconf 88' lang='lat' dir='ltr'><strong>illis</strong></span> <span class='ocrx_word' id='word_1_181' title='bbox 2766 928 2855 980; x_wconf 83' lang='lat' dir='ltr'><strong>vix</strong></span> <span class='ocrx_word' id='word_1_182' title='bbox 2896 923 3113 991; x_wconf 85' lang='lat' dir='ltr'><strong>reliquit</strong></span> <span class='ocrx_word' id='word_1_183' title='bbox 3149 921 3391 982; x_wconf 77' lang='lat' dir='ltr'><strong>fortuna,</strong></span> <span class='ocrx_word' id='word_1_184' title='bbox 3430 915 3653 1005; x_wconf 79' lang='lat' dir='ltr'><strong>domum</strong></span> 
     </span>
    </p>
   </div>
   <div class='ocr_carea' id='block_1_24' title="bbox 2078 999 3653 1089">
    <p class='ocr_par' dir='ltr' id='par_1_24' title="bbox 2078 999 3653 1089">
     <span class='ocr_line' id='line_1_24' title="bbox 2078 999 3653 1089; baseline -0.02 -4"><span class='ocrx_word' id='word_1_185' title='bbox 2078 1046 2108 1085; x_wconf 83' lang='lat' dir='ltr'><strong>a</strong></span> <span class='ocrx_word' id='word_1_186' title='bbox 2142 1035 2221 1083; x_wconf 83' lang='lat' dir='ltr'><strong>tot</strong></span> <span class='ocrx_word' id='word_1_187' title='bbox 2243 999 2609 1081; x_wconf 65' lang='lat' dir='ltr'><strong>creditoribus</strong></span> <span class='ocrx_word' id='word_1_188' title='bbox 2633 1017 2936 1089; x_wconf 81' lang='lat' dir='ltr'><strong>bypotheca</strong></span> <span class='ocrx_word' id='word_1_189' title='bbox 2960 1010 3228 1074; x_wconf 68' lang='lat' dir='ltr'><strong>affectam,</strong></span> <span class='ocrx_word' id='word_1_190' title='bbox 3260 1008 3404 1063; x_wconf 82' lang='lat' dir='ltr'><strong>hanc</strong></span> <span class='ocrx_word' id='word_1_191' title='bbox 3434 1002 3532 1059; x_wconf 84' lang='lat' dir='ltr'><strong>sibi</strong></span> <span class='ocrx_word' id='word_1_192' title='bbox 3553 999 3653 1056; x_wconf 86' lang='lat' dir='ltr'><strong>soli</strong></span> 
     </span>
    </p>
   </div>
   <div class='ocr_carea' id='block_1_25' title="bbox 2077 1094 3650 1192">
    <p class='ocr_par' dir='ltr' id='par_1_25' title="bbox 2077 1094 3650 1192">
     <span class='ocr_line' id='line_1_25' title="bbox 2077 1094 3650 1192; baseline -0.022 -13"><span class='ocrx_word' id='word_1_193' title='bbox 2077 1119 2428 1192; x_wconf 81' lang='lat' dir='ltr'><strong>appmpriare</strong></span> <span class='ocrx_word' id='word_1_194' title='bbox 2458 1110 2763 1187; x_wconf 81' lang='lat' dir='ltr'><strong>praetendit,</strong></span> <span class='ocrx_word' id='word_1_195' title='bbox 2800 1109 2926 1162; x_wconf 91' lang='lat' dir='ltr'><strong>licet</strong></span> <span class='ocrx_word' id='word_1_196' title='bbox 2949 1104 3232 1175; x_wconf 86' lang='lat' dir='ltr'><strong>pecuniam</strong></span> <span class='ocrx_word' id='word_1_197' title='bbox 3265 1098 3370 1167; x_wconf 82' lang='lat' dir='ltr'><strong>ipsi</strong></span> <span class='ocrx_word' id='word_1_198' title='bbox 3410 1094 3650 1151; x_wconf 82' lang='lat' dir='ltr'><strong>debitam</strong></span> 
     </span>
    </p>
   </div>
   <div class='ocr_carea' id='block_1_26' title="bbox 2077 1190 3652 1278">
    <p class='ocr_par' dir='ltr' id='par_1_26' title="bbox 2077 1190 3652 1278">
     <span class='ocr_line' id='line_1_26' title="bbox 2077 1190 3652 1278; baseline -0.021 -7"><span class='ocrx_word' id='word_1_199' title='bbox 2077 1190 2339 1278; x_wconf 56' lang='lat' dir='ltr'><strong>escedat;</strong></span> <span class='ocrx_word' id='word_1_200' title='bbox 2384 1211 2511 1264; x_wconf 88' lang='lat' dir='ltr'><strong>dum</strong></span> <span class='ocrx_word' id='word_1_201' title='bbox 2551 1206 2849 1277; x_wconf 84' lang='lat' dir='ltr'><strong>requiritur</strong></span> <span class='ocrx_word' id='word_1_202' title='bbox 2876 1209 2935 1254; x_wconf 88' lang='lat' dir='ltr'><strong>ut</strong></span> <span class='ocrx_word' id='word_1_203' title='bbox 2964 1199 3048 1253; x_wconf 76' lang='lat' dir='ltr'><strong>vel</strong></span> <span class='ocrx_word' id='word_1_204' title='bbox 3071 1206 3372 1265; x_wconf 86' lang='lat' dir='ltr'><strong>emptorem</strong></span> <span class='ocrx_word' id='word_1_205' title='bbox 3406 1190 3565 1245; x_wconf 89' lang='lat' dir='ltr'><strong>ducat</strong></span> <span class='ocrx_word' id='word_1_206' title='bbox 3596 1192 3652 1241; x_wconf 86' lang='lat' dir='ltr'><strong>et</strong></span> 
     </span>
    </p>
   </div>
   <div class='ocr_carea' id='block_1_27' title="bbox 2077 1279 3651 1372">
    <p class='ocr_par' dir='ltr' id='par_1_27' title="bbox 2077 1279 3651 1372">
     <span class='ocr_line' id='line_1_27' title="bbox 2077 1279 3651 1372; baseline -0.02 -10"><span class='ocrx_word' id='word_1_207' title='bbox 2077 1322 2143 1362; x_wconf 81' lang='lat' dir='ltr'><strong>ex</strong></span> <span class='ocrx_word' id='word_1_208' title='bbox 2171 1312 2284 1361; x_wconf 87' lang='lat' dir='ltr'><strong>toto</strong></span> <span class='ocrx_word' id='word_1_209' title='bbox 2317 1302 2489 1372; x_wconf 89' lang='lat' dir='ltr'><strong>pretio</strong></span> <span class='ocrx_word' id='word_1_210' title='bbox 2519 1299 2663 1369; x_wconf 89' lang='lat' dir='ltr'><strong>quod</strong></span> <span class='ocrx_word' id='word_1_211' title='bbox 2692 1311 2848 1352; x_wconf 88' lang='lat' dir='ltr'><strong>suum</strong></span> <span class='ocrx_word' id='word_1_212' title='bbox 2880 1301 2962 1348; x_wconf 89' lang='lat' dir='ltr'><strong>est</strong></span> <span class='ocrx_word' id='word_1_213' title='bbox 2987 1295 3251 1352; x_wconf 87' lang='lat' dir='ltr'><strong>assumat,</strong></span> <span class='ocrx_word' id='word_1_214' title='bbox 3304 1283 3388 1339; x_wconf 88' lang='lat' dir='ltr'><strong>vel</strong></span> <span class='ocrx_word' id='word_1_215' title='bbox 3417 1279 3651 1372; x_wconf 84' lang='lat' dir='ltr'><strong>accipiat</strong></span> 
     </span>
    </p>
   </div>
   <div class='ocr_carea' id='block_1_28' title="bbox 2076 1370 3652 1464">
    <p class='ocr_par' dir='ltr' id='par_1_28' title="bbox 2076 1370 3652 1464">
     <span class='ocr_line' id='line_1_28' title="bbox 2076 1370 3652 1464; baseline -0.019 -11"><span class='ocrx_word' id='word_1_216' title='bbox 2076 1398 2274 1453; x_wconf 74' lang='lat' dir='ltr'><strong>donius</strong></span> <span class='ocrx_word' id='word_1_217' title='bbox 2315 1370 2525 1464; x_wconf 81' lang='lat' dir='ltr'><strong>partem</strong></span> <span class='ocrx_word' id='word_1_218' title='bbox 2571 1390 2779 1445; x_wconf 82' lang='lat' dir='ltr'><strong>credito</strong></span> <span class='ocrx_word' id='word_1_219' title='bbox 2820 1400 2918 1441; x_wconf 89' lang='lat' dir='ltr'><strong>suo</strong></span> <span class='ocrx_word' id='word_1_220' title='bbox 2951 1378 3510 1464; x_wconf 34' lang='lat' dir='ltr'><strong>correspondentema</strong></span> <span class='ocrx_word' id='word_1_221' title='bbox 3546 1370 3652 1426; x_wconf 88' lang='lat' dir='ltr'><strong>Iste</strong></span> 
     </span>
    </p>
   </div>
   <div class='ocr_carea' id='block_1_29' title="bbox 2077 1463 3653 1553">
    <p class='ocr_par' dir='ltr' id='par_1_29' title="bbox 2077 1463 3653 1553">
     <span class='ocr_line' id='line_1_29' title="bbox 2077 1463 3653 1553; baseline -0.018 -9"><span class='ocrx_word' id='word_1_222' title='bbox 2077 1503 2217 1545; x_wconf 26' lang='lat' dir='ltr'><strong>vero.</strong></span> <span class='ocrx_word' id='word_1_223' title='bbox 2236 1463 2536 1542; x_wconf 81' lang='lat' dir='ltr'><strong>ementium</strong></span> <span class='ocrx_word' id='word_1_224' title='bbox 2572 1490 2895 1553; x_wconf 82' lang='lat' dir='ltr'><strong>praesentem</strong></span> <span class='ocrx_word' id='word_1_225' title='bbox 2948 1474 3328 1532; x_wconf 78' lang='lat' dir='ltr'><strong>necessitatem</strong></span> <span class='ocrx_word' id='word_1_226' title='bbox 3372 1481 3470 1538; x_wconf 88' lang='lat' dir='ltr'><strong>pro</strong></span> <span class='ocrx_word' id='word_1_227' title='bbox 3502 1463 3653 1518; x_wconf 84' lang='lat' dir='ltr'><strong>lucro</strong></span> 
     </span>
    </p>
   </div>
   <div class='ocr_carea' id='block_1_30' title="bbox 2078 1554 3651 1650">
    <p class='ocr_par' dir='ltr' id='par_1_30' title="bbox 2078 1554 3651 1650">
     <span class='ocr_line' id='line_1_30' title="bbox 2078 1554 3651 1650; baseline -0.021 -10"><span class='ocrx_word' id='word_1_228' title='bbox 2078 1582 2248 1650; x_wconf 86' lang='lat' dir='ltr'><strong>ducit,</strong></span> <span class='ocrx_word' id='word_1_229' title='bbox 2283 1589 2341 1635; x_wconf 91' lang='lat' dir='ltr'><strong>et</strong></span> <span class='ocrx_word' id='word_1_230' title='bbox 2371 1577 2590 1632; x_wconf 80' lang='lat' dir='ltr'><strong>fortuna</strong></span> <span class='ocrx_word' id='word_1_231' title='bbox 2639 1572 2827 1627; x_wconf 86' lang='lat' dir='ltr'><strong>durior</strong></span> <span class='ocrx_word' id='word_1_232' title='bbox 2867 1579 2971 1625; x_wconf 88' lang='lat' dir='ltr'><strong>est.</strong></span> <span class='ocrx_word' id='word_1_233' title='bbox 3010 1566 3089 1622; x_wconf 91' lang='lat' dir='ltr'><strong>Tu</strong></span> <span class='ocrx_word' id='word_1_234' title='bbox 3137 1574 3320 1620; x_wconf 89' lang='lat' dir='ltr'><strong>autem</strong></span> <span class='ocrx_word' id='word_1_235' title='bbox 3362 1561 3429 1617; x_wconf 90' lang='lat' dir='ltr'><strong>da</strong></span> <span class='ocrx_word' id='word_1_236' title='bbox 3475 1554 3651 1628; x_wconf 71' lang='lat' dir='ltr'><strong>egenti</strong></span> 
     </span>
    </p>
   </div>
   <div class='ocr_carea' id='block_1_31' title="bbox 2078 1649 3655 1742">
    <p class='ocr_par' dir='ltr' id='par_1_31' title="bbox 2078 1649 3655 1742">
     <span class='ocr_line' id='line_1_31' title="bbox 2078 1649 3655 1742; baseline -0.021 -12"><span class='ocrx_word' id='word_1_237' title='bbox 2078 1674 2316 1742; x_wconf 72' lang='lat' dir='ltr'><strong>linguam</strong></span> <span class='ocrx_word' id='word_1_238' title='bbox 2352 1670 2407 1725; x_wconf 86' lang='lat' dir='ltr'><strong>in</strong></span> <span class='ocrx_word' id='word_1_239' title='bbox 2444 1668 2727 1729; x_wconf 77' lang='lat' dir='ltr'><strong>auxilium,</strong></span> <span class='ocrx_word' id='word_1_240' title='bbox 2749 1663 2987 1733; x_wconf 78' lang='lat' dir='ltr'><strong>indicem</strong></span> <span class='ocrx_word' id='word_1_241' title='bbox 3018 1661 3069 1716; x_wconf 91' lang='lat' dir='ltr'><strong>ei</strong></span> <span class='ocrx_word' id='word_1_242' title='bbox 3105 1657 3346 1729; x_wconf 84' lang='lat' dir='ltr'><strong>parando</strong></span> <span class='ocrx_word' id='word_1_243' title='bbox 3369 1649 3655 1717; x_wconf 78' lang='lat' dir='ltr'><strong>indulgen—</strong></span> 
     </span>
    </p>
   </div>
   <div class='ocr_carea' id='block_1_32' title="bbox 399 1742 1970 1834">
    <p class='ocr_par' dir='ltr' id='par_1_32' title="bbox 399 1746 1970 1822">
     <span class='ocr_line' id='line_1_32' title="bbox 399 1746 1970 1822; baseline 0.005 -24"><span class='ocrx_word' id='word_1_244' title='bbox 399 1746 681 1812; x_wconf 78' lang='grc' dir='ltr'><strong>σκευάζων</strong></span> <span class='ocrx_word' id='word_1_245' title='bbox 705 1750 1085 1819; x_wconf 85' lang='grc' dir='ltr'><strong>φιλάνθρωπον</strong></span> <span class='ocrx_word' id='word_1_246' title='bbox 1102 1772 1114 1784; x_wconf 91' lang='grc'><strong>·</strong></span> <span class='ocrx_word' id='word_1_247' title='bbox 1139 1754 1167 1807; x_wconf 86' lang='grc' dir='ltr'>ὁ</span> <span class='ocrx_word' id='word_1_248' title='bbox 1181 1753 1236 1807; x_wconf 79' lang='grc' dir='ltr'><strong>δὲ</strong></span> <span class='ocrx_word' id='word_1_249' title='bbox 1258 1752 1441 1807; x_wconf 85' lang='grc' dir='ltr'><strong>λυπῶν</strong></span> <span class='ocrx_word' id='word_1_250' title='bbox 1460 1754 1737 1822; x_wconf 78' lang='grc' dir='ltr'><strong>πειράσθω</strong></span> <span class='ocrx_word' id='word_1_251' title='bbox 1757 1752 1970 1816; x_wconf 78' lang='grc' dir='ltr'><strong>δικαίας</strong></span> 
     </span>
    </p>
   </div>
   <div class='ocr_carea' id='block_1_33' title="bbox 2080 1742 3654 1834">
    <p class='ocr_par' dir='ltr' id='par_1_33' title="bbox 2080 1742 3654 1834">
     <span class='ocr_line' id='line_1_33' title="bbox 2080 1742 3654 1834; baseline -0.017 -13"><span class='ocrx_word' id='word_1_252' title='bbox 2080 1774 2182 1821; x_wconf 92' lang='lat' dir='ltr'><strong>tem</strong></span> <span class='ocrx_word' id='word_1_253' title='bbox 2211 1764 2239 1831; x_wconf 69' lang='lat'><strong>;‘</strong></span> <span class='ocrx_word' id='word_1_254' title='bbox 2262 1768 2577 1834; x_wconf 89' lang='lat' dir='ltr'><strong>persecutor</strong></span> <span class='ocrx_word' id='word_1_255' title='bbox 2606 1773 2735 1814; x_wconf 80' lang='lat' dir='ltr'><strong>vero</strong></span> <span class='ocrx_word' id='word_1_256' title='bbox 2776 1755 2975 1825; x_wconf 79' lang='lat' dir='ltr'><strong>iustam</strong></span> <span class='ocrx_word' id='word_1_257' title='bbox 3009 1752 3327 1821; x_wconf 73' lang='lat' dir='ltr'><strong>experiatur</strong></span> <span class='ocrx_word' id='word_1_258' title='bbox 3354 1742 3654 1801; x_wconf 83' lang='lat' dir='ltr'><strong>necessita-</strong></span> 
     </span>
    </p>
   </div>
   <div class='ocr_carea' id='block_1_34' title="bbox 397 1836 1970 1919">
    <p class='ocr_par' dir='ltr' id='par_1_34' title="bbox 397 1836 1970 1919">
     <span class='ocr_line' id='line_1_34' title="bbox 397 1836 1970 1919; baseline 0.009 -31"><span class='ocrx_word' id='word_1_259' title='bbox 397 1836 666 1912; x_wconf 81' lang='grc' dir='ltr'><strong>ἁνάγκης,</strong></span> <span class='ocrx_word' id='word_1_260' title='bbox 696 1842 791 1897; x_wconf 70' lang='grc' dir='ltr'><strong>καὶ</strong></span> <span class='ocrx_word' id='word_1_261' title='bbox 827 1843 927 1915; x_wconf 83' lang='grc' dir='ltr'><strong>τῆς</strong></span> <span class='ocrx_word' id='word_1_262' title='bbox 961 1847 1125 1899; x_wconf 79' lang='grc' dir='ltr'><strong>αὐτοῦ</strong></span> <span class='ocrx_word' id='word_1_263' title='bbox 1156 1846 1380 1919; x_wconf 79' lang='grc' dir='ltr'><strong>γνώμης</strong></span> <span class='ocrx_word' id='word_1_264' title='bbox 1417 1846 1780 1919; x_wconf 85' lang='grc' dir='ltr'><strong>ήμεροτέρας,</strong></span> <span class='ocrx_word' id='word_1_265' title='bbox 1815 1846 1970 1916; x_wconf 83' lang='grc' dir='ltr'><strong>ἢπε-</strong></span> 
     </span>
    </p>
   </div>
   <div class='ocr_carea' id='block_1_35' title="bbox 399 1930 1971 2011">
    <p class='ocr_par' dir='ltr' id='par_1_35' title="bbox 399 1930 1971 2011">
     <span class='ocr_line' id='line_1_35' title="bbox 399 1930 1971 2011; baseline 0.005 -30"><span class='ocrx_word' id='word_1_266' title='bbox 399 1930 648 2001; x_wconf 85' lang='grc' dir='ltr'><strong>ριμένειν</strong></span> <span class='ocrx_word' id='word_1_267' title='bbox 689 1935 781 1989; x_wconf 78' lang='grc' dir='ltr'><strong>τὸν</strong></span> <span class='ocrx_word' id='word_1_268' title='bbox 829 1936 1200 2008; x_wconf 86' lang='grc' dir='ltr'><strong>ὠνησόμενον,</strong></span> <span class='ocrx_word' id='word_1_269' title='bbox 1234 1940 1266 2011; x_wconf 82' lang='grc' dir='ltr'><strong>ἢ</strong></span> <span class='ocrx_word' id='word_1_270' title='bbox 1300 1938 1610 2009; x_wconf 75' lang='grc' dir='ltr'><strong>τῆςοίκίας</strong></span> <span class='ocrx_word' id='word_1_271' title='bbox 1657 1937 1821 2007; x_wconf 85' lang='grc' dir='ltr'><strong>μέρος</strong></span> <span class='ocrx_word' id='word_1_272' title='bbox 1848 1938 1971 1990; x_wconf 76' lang='grc' dir='ltr'><strong>ὅσον</strong></span> 
     </span>
    </p>
   </div>
   <div class='ocr_carea' id='block_1_36' title="bbox 323 2023 1969 2098">
    <p class='ocr_par' dir='ltr' id='par_1_36' title="bbox 323 2023 1969 2098">
     <span class='ocr_line' id='line_1_36' title="bbox 323 2023 1969 2098; baseline -0.001 -17"><span class='ocrx_word' id='word_1_273' title='bbox 323 2072 332 2081; x_wconf 95' lang='grc'><strong>.</strong></span> <span class='ocrx_word' id='word_1_274' title='bbox 397 2023 623 2079; x_wconf 75' lang='grc' dir='ltr'><strong>ἀπαιτεί</strong></span> <span class='ocrx_word' id='word_1_275' title='bbox 660 2026 721 2079; x_wconf 84' lang='grc' dir='ltr'><strong>τὸ</strong></span> <span class='ocrx_word' id='word_1_276' title='bbox 746 2027 907 2098; x_wconf 83' lang='grc' dir='ltr'><strong>χρέος</strong></span> <span class='ocrx_word' id='word_1_277' title='bbox 934 2029 1120 2084; x_wconf 79' lang='grc' dir='ltr'><strong>λαϐεῖν</strong></span> <span class='ocrx_word' id='word_1_278' title='bbox 1141 2048 1154 2061; x_wconf 78' lang='grc'><em>’</em></span> <span class='ocrx_word' id='word_1_279' title='bbox 1184 2031 1332 2092; x_wconf 83' lang='grc' dir='ltr'><strong>ὅπως</strong></span> <span class='ocrx_word' id='word_1_280' title='bbox 1368 2029 1737 2098; x_wconf 75' lang='grc' dir='ltr'><strong>θαυμάσωμεν</strong></span> <span class='ocrx_word' id='word_1_281' title='bbox 1769 2030 1861 2081; x_wconf 78' lang='grc' dir='ltr'><strong>καὶ</strong></span> <span class='ocrx_word' id='word_1_282' title='bbox 1908 2029 1969 2081; x_wconf 78' lang='grc' dir='ltr'><strong>σὲ</strong></span> 
     </span>
    </p>
   </div>
   <div class='ocr_carea' id='block_1_37' title="bbox 395 2114 1753 2191">
    <p class='ocr_par' dir='ltr' id='par_1_37' title="bbox 395 2114 1753 2191">
     <span class='ocr_line' id='line_1_37' title="bbox 395 2114 1753 2191; baseline 0.004 -24"><span class='ocrx_word' id='word_1_283' title='bbox 395 2114 493 2184; x_wconf 76' lang='grc' dir='ltr'><strong>τῆς</strong></span> <span class='ocrx_word' id='word_1_284' title='bbox 526 2118 868 2188; x_wconf 78' lang='grc' dir='ltr'><strong>συμμαχίας,</strong></span> <span class='ocrx_word' id='word_1_285' title='bbox 904 2114 1000 2175; x_wconf 58' lang='grc' dir='ltr'><strong>καὶ</strong></span> <span class='ocrx_word' id='word_1_286' title='bbox 1020 2122 1119 2188; x_wconf 79' lang='grc' dir='ltr'><strong>τῆς</strong></span> <span class='ocrx_word' id='word_1_287' title='bbox 1147 2121 1329 2190; x_wconf 80' lang='grc' dir='ltr'><strong>ψήφου</strong></span> <span class='ocrx_word' id='word_1_288' title='bbox 1351 2120 1443 2174; x_wconf 73' lang='grc' dir='ltr'><strong>τὸν</strong></span> <span class='ocrx_word' id='word_1_289' title='bbox 1471 2120 1753 2191; x_wconf 83' lang='grc' dir='ltr'><strong>δικαστήν.</strong></span> 
     </span>
    </p>
   </div>
   <div class='ocr_carea' id='block_1_38' title="bbox 876 2210 1406 2283">
    <p class='ocr_par' dir='ltr' id='par_1_38' title="bbox 876 2210 1406 2283">
     <span class='ocr_line' id='line_1_38' title="bbox 876 2210 1406 2283; baseline -0.004 -16"><span class='ocrx_word' id='word_1_290' title='bbox 876 2220 881 2225; x_wconf 65' lang='grc'><em>’</em></span> <span class='ocrx_word' id='word_1_291' title='bbox 1144 2212 1406 2283; x_wconf 78' lang='lat' dir='ltr'><strong>NONNn.</strong></span> 
     </span>
    </p>
   </div>
   <div class='ocr_carea' id='block_1_39' title="bbox 466 2298 1967 2374">
    <p class='ocr_par' dir='ltr' id='par_1_39' title="bbox 466 2298 1967 2374">
     <span class='ocr_line' id='line_1_39' title="bbox 466 2298 1967 2374; baseline 0.004 -22"><span class='ocrx_word' id='word_1_292' title='bbox 466 2298 541 2355; x_wconf 84' lang='grc' dir='ltr'><strong>Σὺ</strong></span> <span class='ocrx_word' id='word_1_293' title='bbox 573 2298 674 2368; x_wconf 74' lang='grc' dir='ltr'><strong>μὲν</strong></span> <span class='ocrx_word' id='word_1_294' title='bbox 699 2299 803 2372; x_wconf 80' lang='grc' dir='ltr'><strong>τὴν</strong></span> <span class='ocrx_word' id='word_1_295' title='bbox 831 2301 1118 2372; x_wconf 71' lang='grc' dir='ltr'><strong>ἐρωμένην</strong></span> <span class='ocrx_word' id='word_1_296' title='bbox 1151 2304 1393 2372; x_wconf 77' lang='grc' dir='ltr'><strong>ἠρνήσω,</strong></span> <span class='ocrx_word' id='word_1_297' title='bbox 1440 2302 1510 2358; x_wconf 82' lang='grc' dir='ltr'><strong>τὰ</strong></span> <span class='ocrx_word' id='word_1_298' title='bbox 1543 2304 1712 2374; x_wconf 79' lang='grc' dir='ltr'><strong>μείζω</strong></span> <span class='ocrx_word' id='word_1_299' title='bbox 1763 2303 1967 2372; x_wconf 82' lang='grc' dir='ltr'><strong>ποθῶν,</strong></span> 
     </span>
    </p>
   </div>
   <div class='ocr_carea' id='block_1_40' title="bbox 396 2390 1970 2464">
    <p class='ocr_par' dir='ltr' id='par_1_40' title="bbox 396 2390 1970 2464">
     <span class='ocr_line' id='line_1_40' title="bbox 396 2390 1970 2464; baseline 0.002 -19"><span class='ocrx_word' id='word_1_300' title='bbox 396 2390 495 2446; x_wconf 77' lang='grc' dir='ltr'><strong>καὶ</strong></span> <span class='ocrx_word' id='word_1_301' title='bbox 548 2391 686 2461; x_wconf 75' lang='grc' dir='ltr'><strong>πρὸς</strong></span> <span class='ocrx_word' id='word_1_302' title='bbox 720 2392 1026 2463; x_wconf 83' lang='grc' dir='ltr'><strong>ίερωσύνην</strong></span> <span class='ocrx_word' id='word_1_303' title='bbox 1066 2394 1565 2464; x_wconf 77' lang='grc' dir='ltr'><strong>κατεπειγόμενοςο</strong></span> <span class='ocrx_word' id='word_1_304' title='bbox 1613 2393 1725 2463; x_wconf 73' lang='grc' dir='ltr'><strong>ἐγὼ</strong></span> <span class='ocrx_word' id='word_1_305' title='bbox 1777 2395 1835 2451; x_wconf 74' lang='grc' dir='ltr'><strong>δέ</strong></span> <span class='ocrx_word' id='word_1_306' title='bbox 1874 2412 1970 2449; x_wconf 87' lang='grc' dir='ltr'><strong>σου</strong></span> 
     </span>
    </p>
   </div>
   <div class='ocr_carea' id='block_1_41' title="bbox 400 2486 1971 2567">
    <p class='ocr_par' dir='ltr' id='par_1_41' title="bbox 400 2486 1971 2567">
     <span class='ocr_line' id='line_1_41' title="bbox 400 2486 1971 2567; baseline 0.006 -28"><span class='ocrx_word' id='word_1_307' title='bbox 400 2486 502 2557; x_wconf 75' lang='grc' dir='ltr'><strong>τὴν</strong></span> <span class='ocrx_word' id='word_1_308' title='bbox 534 2486 709 2556; x_wconf 79' lang='grc' dir='ltr'><strong>καλὴν</strong></span> <span class='ocrx_word' id='word_1_309' title='bbox 736 2489 914 2560; x_wconf 81' lang='grc' dir='ltr'><strong>κόμην</strong></span> <span class='ocrx_word' id='word_1_310' title='bbox 944 2491 1363 2563; x_wconf 79' lang='grc' dir='ltr'><strong>θαυμάσας-ἀεὶ,</strong></span> <span class='ocrx_word' id='word_1_311' title='bbox 1399 2492 1495 2547; x_wconf 76' lang='grc' dir='ltr'><strong>νῦν</strong></span> <span class='ocrx_word' id='word_1_312' title='bbox 1520 2493 1731 2547; x_wconf 84' lang='grc' dir='ltr'><strong>δέδοικα</strong></span> <span class='ocrx_word' id='word_1_313' title='bbox 1761 2497 1835 2567; x_wconf 86' lang='grc' dir='ltr'><strong>μή</strong></span> <span class='ocrx_word' id='word_1_314' title='bbox 1874 2511 1971 2548; x_wconf 78' lang='grc' dir='ltr'><strong>σου</strong></span> 
     </span>
    </p>
   </div>
   <div class='ocr_carea' id='block_1_42' title="bbox 401 2579 1973 2658">
    <p class='ocr_par' dir='ltr' id='par_1_42' title="bbox 401 2579 1973 2658">
     <span class='ocr_line' id='line_1_42' title="bbox 401 2579 1973 2658; baseline 0.006 -28"><span class='ocrx_word' id='word_1_315' title='bbox 401 2579 777 2651; x_wconf 85' lang='grc' dir='ltr'><strong>παρεμποδὼν</strong></span> <span class='ocrx_word' id='word_1_316' title='bbox 832 2581 1058 2653; x_wconf 86' lang='grc' dir='ltr'><strong>γένηται</strong></span> <span class='ocrx_word' id='word_1_317' title='bbox 1116 2584 1183 2654; x_wconf 78' lang='grc' dir='ltr'><strong>τῇ</strong></span> <span class='ocrx_word' id='word_1_318' title='bbox 1226 2582 1549 2655; x_wconf 77' lang='grc' dir='ltr'><strong>προθυμίᾳ·</strong></span> <span class='ocrx_word' id='word_1_319' title='bbox 1594 2585 1815 2640; x_wconf 74' lang='grc' dir='ltr'><strong>ἐπειδὰν</strong></span> <span class='ocrx_word' id='word_1_320' title='bbox 1862 2585 1973 2658; x_wconf 84' lang='grc' dir='ltr'><strong>γάρ</strong></span> 
     </span>
    </p>
   </div>
   <div class='ocr_carea' id='block_1_43' title="bbox 402 2668 1969 2747">
    <p class='ocr_par' dir='ltr' id='par_1_43' title="bbox 402 2668 1969 2747">
     <span class='ocr_line' id='line_1_43' title="bbox 402 2668 1969 2747; baseline 0.006 -27"><span class='ocrx_word' id='word_1_321' title='bbox 402 2668 518 2739; x_wconf 70' lang='grc' dir='ltr'><strong>ἴδῃς</strong></span> <span class='ocrx_word' id='word_1_322' title='bbox 546 2670 787 2739; x_wconf 84' lang='grc' dir='ltr'><strong>παρόντα</strong></span> <span class='ocrx_word' id='word_1_323' title='bbox 819 2672 911 2725; x_wconf 82' lang='grc' dir='ltr'><strong>τὸν</strong></span> <span class='ocrx_word' id='word_1_324' title='bbox 959 2672 1151 2743; x_wconf 78' lang='grc' dir='ltr'><strong>καιρὸν</strong></span> <span class='ocrx_word' id='word_1_325' title='bbox 1202 2675 1297 2728; x_wconf 75' lang='grc' dir='ltr'><strong>καὶ</strong></span> <span class='ocrx_word' id='word_1_326' title='bbox 1334 2674 1432 2738; x_wconf 76' lang='grc' dir='ltr'><strong>τὰς</strong></span> <span class='ocrx_word' id='word_1_327' title='bbox 1464 2675 1727 2746; x_wconf 79' lang='grc' dir='ltr'><strong>ᾀδομένας</strong></span> <span class='ocrx_word' id='word_1_328' title='bbox 1774 2677 1969 2747; x_wconf 80' lang='grc' dir='ltr'><strong>τρίχας</strong></span> 
     </span>
    </p>
   </div>
   <div class='ocr_carea' id='block_1_44' title="bbox 404 2760 1972 2839">
    <p class='ocr_par' dir='ltr' id='par_1_44' title="bbox 404 2760 1972 2839">
     <span class='ocr_line' id='line_1_44' title="bbox 404 2760 1972 2839; baseline 0.008 -28"><span class='ocrx_word' id='word_1_329' title='bbox 404 2760 707 2830; x_wconf 70' lang='grc' dir='ltr'><strong>μελλούσας</strong></span> <span class='ocrx_word' id='word_1_330' title='bbox 738 2765 948 2829; x_wconf 77' lang='grc' dir='ltr'><strong>πεσεῖν,</strong></span> <span class='ocrx_word' id='word_1_331' title='bbox 972 2763 1271 2834; x_wconf 83' lang='grc' dir='ltr'><strong>δακρύσας,</strong></span> <span class='ocrx_word' id='word_1_332' title='bbox 1293 2762 1471 2835; x_wconf 81' lang='grc' dir='ltr'><strong>οἶμαι,</strong></span> <span class='ocrx_word' id='word_1_333' title='bbox 1495 2766 1557 2819; x_wconf 73' lang='grc' dir='ltr'><strong>τὸ</strong></span> <span class='ocrx_word' id='word_1_334' title='bbox 1583 2766 1750 2830; x_wconf 82' lang='grc' dir='ltr'><strong>πάθος</strong></span> <span class='ocrx_word' id='word_1_335' title='bbox 1775 2769 1972 2839; x_wconf 77' lang='grc' dir='ltr'><strong>οίχήσῃ</strong></span> 
     </span>
    </p>
   </div>
   <div class='ocr_carea' id='block_1_45' title="bbox 400 2850 1971 2929">
    <p class='ocr_par' dir='ltr' id='par_1_45' title="bbox 400 2850 1971 2929">
     <span class='ocr_line' id='line_1_45' title="bbox 400 2850 1971 2929; baseline 0.004 -25"><span class='ocrx_word' id='word_1_336' title='bbox 400 2850 622 2921; x_wconf 77' lang='grc' dir='ltr'><strong>φυγώνο</strong></span> <span class='ocrx_word' id='word_1_337' title='bbox 648 2852 745 2906; x_wconf 69' lang='grc' dir='ltr'><strong>καὶ</strong></span> <span class='ocrx_word' id='word_1_338' title='bbox 771 2852 1029 2925; x_wconf 79' lang='grc' dir='ltr'><strong>ζητήσεις</strong></span> <span class='ocrx_word' id='word_1_339' title='bbox 1061 2854 1179 2909; x_wconf 75' lang='grc' dir='ltr'><strong>ἀνθ’</strong></span> <span class='ocrx_word' id='word_1_340' title='bbox 1216 2856 1429 2927; x_wconf 80' lang='grc' dir='ltr'><strong>ἱερέως,</strong></span> <span class='ocrx_word' id='word_1_341' title='bbox 1465 2858 1696 2927; x_wconf 82' lang='grc' dir='ltr'><strong>νυμφίος</strong></span> <span class='ocrx_word' id='word_1_342' title='bbox 1739 2858 1971 2929; x_wconf 78' lang='grc' dir='ltr'><strong>ὀφθῆναι</strong></span> 
     </span>
    </p>
   </div>
   <div class='ocr_carea' id='block_1_46' title="bbox 399 2943 1974 3020">
    <p class='ocr_par' dir='ltr' id='par_1_46' title="bbox 399 2943 1974 3020">
     <span class='ocr_line' id='line_1_46' title="bbox 399 2943 1974 3020; baseline 0.003 -23"><span class='ocrx_word' id='word_1_343' title='bbox 399 2943 569 3007; x_wconf 85' lang='grc' dir='ltr'><strong>καλός</strong></span> <span class='ocrx_word' id='word_1_344' title='bbox 591 2958 606 2974; x_wconf 77' lang='grc' dir='ltr'><strong><em>ο</em></strong></span> <span class='ocrx_word' id='word_1_345' title='bbox 637 2943 734 2997; x_wconf 56' lang='grc' dir='ltr'><strong>καλ⁸</strong></span> <span class='ocrx_word' id='word_1_346' title='bbox 766 2944 926 3000; x_wconf 80' lang='grc' dir='ltr'><strong>πάλιν</strong></span> <span class='ocrx_word' id='word_1_347' title='bbox 958 2944 1025 3000; x_wconf 81' lang='grc' dir='ltr'><strong>ἂν</strong></span> <span class='ocrx_word' id='word_1_348' title='bbox 1084 2946 1228 3002; x_wconf 76' lang='grc' dir='ltr'><strong>οὕτω</strong></span> <span class='ocrx_word' id='word_1_349' title='bbox 1260 2947 1423 3018; x_wconf 78' lang='grc' dir='ltr'><strong>τύχῃ,</strong></span> <span class='ocrx_word' id='word_1_350' title='bbox 1478 2948 1837 3020; x_wconf 83' lang='grc' dir='ltr'><strong>μνηστεύσεις</strong></span> <span class='ocrx_word' id='word_1_351' title='bbox 1882 2949 1974 3002; x_wconf 86' lang='grc' dir='ltr'><strong>κό-</strong></span> 
     </span>
    </p>
   </div>
   <div class='ocr_carea' id='block_1_47' title="bbox 405 3032 1974 3111">
    <p class='ocr_par' dir='ltr' id='par_1_47' title="bbox 405 3032 1974 3111">
     <span class='ocr_line' id='line_1_47' title="bbox 405 3032 1974 3111; baseline 0.005 -26"><span class='ocrx_word' id='word_1_352' title='bbox 405 3049 506 3104; x_wconf 85' lang='grc' dir='ltr'><strong>ρην</strong></span> <span class='ocrx_word' id='word_1_353' title='bbox 529 3048 545 3063; x_wconf 77' lang='grc' dir='ltr'><strong>ο</strong></span> <span class='ocrx_word' id='word_1_354' title='bbox 584 3034 680 3086; x_wconf 71' lang='grc' dir='ltr'><strong>καὶ</strong></span> <span class='ocrx_word' id='word_1_355' title='bbox 700 3032 794 3088; x_wconf 83' lang='grc' dir='ltr'><strong>τοῦ</strong></span> <span class='ocrx_word' id='word_1_356' title='bbox 824 3036 1005 3106; x_wconf 81' lang='grc' dir='ltr'><strong>γάμου</strong></span> <span class='ocrx_word' id='word_1_357' title='bbox 1041 3038 1308 3108; x_wconf 83' lang='grc' dir='ltr'><strong>παρόντος</strong></span> <span class='ocrx_word' id='word_1_358' title='bbox 1329 3041 1465 3109; x_wconf 85' lang='grc' dir='ltr'><strong>πρὸς</strong></span> <span class='ocrx_word' id='word_1_359' title='bbox 1491 3040 1793 3110; x_wconf 74' lang='grc' dir='ltr'><strong>ἱερωσύνην</strong></span> <span class='ocrx_word' id='word_1_360' title='bbox 1845 3040 1974 3111; x_wconf 84' lang='grc' dir='ltr'><strong>σχή-</strong></span> 
     </span>
    </p>
   </div>
   <div class='ocr_carea' id='block_1_48' title="bbox 401 3125 1972 3200">
    <p class='ocr_par' dir='ltr' id='par_1_48' title="bbox 401 3125 1972 3200">
     <span class='ocr_line' id='line_1_48' title="bbox 401 3125 1972 3200; baseline 0.006 -23"><span class='ocrx_word' id='word_1_361' title='bbox 401 3139 517 3187; x_wconf 75' lang='grc' dir='ltr'><strong>σεις</strong></span> <span class='ocrx_word' id='word_1_362' title='bbox 548 3125 950 3197; x_wconf 86' lang='grc' dir='ltr'><strong>μεταπηδῶντα</strong></span> <span class='ocrx_word' id='word_1_363' title='bbox 982 3127 1074 3181; x_wconf 79' lang='grc' dir='ltr'><strong>τὸν</strong></span> <span class='ocrx_word' id='word_1_364' title='bbox 1115 3128 1296 3200; x_wconf 70' lang='grc' dir='ltr'><strong>ἔρωτα</strong></span> <span class='ocrx_word' id='word_1_365' title='bbox 1329 3147 1344 3164; x_wconf 86' lang='grc'><strong>·</strong></span> <span class='ocrx_word' id='word_1_366' title='bbox 1397 3130 1533 3185; x_wconf 81' lang='grc' dir='ltr'><strong>ἀλλὰ</strong></span> <span class='ocrx_word' id='word_1_367' title='bbox 1576 3132 1785 3186; x_wconf 83' lang='grc' dir='ltr'><strong>παῦσαί</strong></span> <span class='ocrx_word' id='word_1_368' title='bbox 1840 3149 1972 3187; x_wconf 82' lang='grc' dir='ltr'><strong>ποτε</strong></span> 
     </span>
    </p>
   </div>
   <div class='ocr_carea' id='block_1_49' title="bbox 2080 1841 3657 1922">
    <p class='ocr_par' dir='ltr' id='par_1_49' title="bbox 2080 1841 3657 1922">
     <span class='ocr_line' id='line_1_49' title="bbox 2080 1841 3657 1922; baseline -0.016 -11"><span class='ocrx_word' id='word_1_369' title='bbox 2080 1865 2185 1911; x_wconf 92' lang='lat' dir='ltr'><strong>tem</strong></span> <span class='ocrx_word' id='word_1_370' title='bbox 2211 1854 2352 1922; x_wconf 89' lang='lat' dir='ltr'><strong>(ipso</strong></span> <span class='ocrx_word' id='word_1_371' title='bbox 2381 1850 2499 1920; x_wconf 90' lang='lat' dir='ltr'><strong>ejus</strong></span> <span class='ocrx_word' id='word_1_372' title='bbox 2522 1848 2705 1903; x_wconf 87' lang='lat' dir='ltr'><strong>animo</strong></span> <span class='ocrx_word' id='word_1_373' title='bbox 2737 1843 3029 1914; x_wconf 87' lang='lat' dir='ltr'><strong>mitiorem)</strong></span> <span class='ocrx_word' id='word_1_374' title='bbox 3072 1841 3159 1897; x_wconf 85' lang='lat' dir='ltr'><strong>vel</strong></span> <span class='ocrx_word' id='word_1_375' title='bbox 3214 1845 3513 1908; x_wconf 88' lang='lat' dir='ltr'><strong>emptorem</strong></span> <span class='ocrx_word' id='word_1_376' title='bbox 3559 1847 3657 1886; x_wconf 77' lang='lat' dir='ltr'><strong>ex-</strong></span> 
     </span>
    </p>
   </div>
   <div class='ocr_carea' id='block_1_50' title="bbox 2076 1935 3656 2015">
    <p class='ocr_par' dir='ltr' id='par_1_50' title="bbox 2076 1935 3656 2015">
     <span class='ocr_line' id='line_1_50' title="bbox 2076 1935 3656 2015; baseline -0.017 -14"><span class='ocrx_word' id='word_1_377' title='bbox 2076 1943 2377 2015; x_wconf 84' lang='lat' dir='ltr'><strong>spectandi,</strong></span> <span class='ocrx_word' id='word_1_378' title='bbox 2419 1941 2502 1995; x_wconf 89' lang='lat' dir='ltr'><strong>vel</strong></span> <span class='ocrx_word' id='word_1_379' title='bbox 2544 1938 2791 1994; x_wconf 89' lang='lat' dir='ltr'><strong>sumendi</strong></span> <span class='ocrx_word' id='word_1_380' title='bbox 2823 1937 2967 1991; x_wconf 84' lang='lat' dir='ltr'><strong>hanc</strong></span> <span class='ocrx_word' id='word_1_381' title='bbox 3007 1935 3198 1989; x_wconf 86' lang='lat' dir='ltr'><strong>domus</strong></span> <span class='ocrx_word' id='word_1_382' title='bbox 3240 1937 3448 1999; x_wconf 88' lang='lat' dir='ltr'><strong>partem</strong></span> <span class='ocrx_word' id='word_1_383' title='bbox 3491 1936 3656 1993; x_wconf 86' lang='lat' dir='ltr'><strong>quam</strong></span> 
     </span>
    </p>
   </div>
   <div class='ocr_carea' id='block_1_51' title="bbox 2076 2015 3659 2101">
    <p class='ocr_par' dir='ltr' id='par_1_51' title="bbox 2076 2015 3659 2101">
     <span class='ocr_line' id='line_1_51' title="bbox 2076 2015 3659 2101; baseline -0.016 -10"><span class='ocrx_word' id='word_1_384' title='bbox 2076 2035 2319 2091; x_wconf 90' lang='lat' dir='ltr'><strong>debitum</strong></span> <span class='ocrx_word' id='word_1_385' title='bbox 2348 2032 2576 2101; x_wconf 84' lang='lat' dir='ltr'><strong>requirit</strong></span> <span class='ocrx_word' id='word_1_386' title='bbox 2607 2048 2618 2084; x_wconf 91' lang='lat'><strong>:</strong></span> <span class='ocrx_word' id='word_1_387' title='bbox 2652 2038 2711 2085; x_wconf 90' lang='lat' dir='ltr'><strong>ut</strong></span> <span class='ocrx_word' id='word_1_388' title='bbox 2739 2028 3074 2082; x_wconf 84' lang='lat' dir='ltr'><strong>admiremur</strong></span> <span class='ocrx_word' id='word_1_389' title='bbox 3093 2034 3148 2079; x_wconf 89' lang='lat' dir='ltr'><strong>et</strong></span> <span class='ocrx_word' id='word_1_390' title='bbox 3175 2033 3325 2078; x_wconf 89' lang='lat' dir='ltr'><strong>tuum</strong></span> <span class='ocrx_word' id='word_1_391' title='bbox 3348 2015 3659 2089; x_wconf 70' lang='lat' dir='ltr'><strong>praesidium</strong></span> 
     </span>
    </p>
   </div>
   <div class='ocr_carea' id='block_1_52' title="bbox 2075 2108 2732 2196">
    <p class='ocr_par' dir='ltr' id='par_1_52' title="bbox 2075 2108 2732 2196">
     <span class='ocr_line' id='line_1_52' title="bbox 2075 2108 2732 2196; baseline -0.011 -14"><span class='ocrx_word' id='word_1_392' title='bbox 2075 2133 2130 2182; x_wconf 89' lang='lat' dir='ltr'><strong>et</strong></span> <span class='ocrx_word' id='word_1_393' title='bbox 2156 2124 2357 2196; x_wconf 74' lang='lat' dir='ltr'><strong>iudicis</strong></span> <span class='ocrx_word' id='word_1_394' title='bbox 2382 2108 2732 2179; x_wconf 84' lang='lat' dir='ltr'><strong>sententiam.</strong></span> 
     </span>
    </p>
   </div>
   <div class='ocr_carea' id='block_1_53' title="bbox 2625 2204 3136 2265">
    <p class='ocr_par' dir='ltr' id='par_1_53' title="bbox 2625 2204 3136 2265">
     <span class='ocr_line' id='line_1_53' title="bbox 2625 2204 3136 2265; baseline -0.01 0"><span class='ocrx_word' id='word_1_395' title='bbox 2625 2207 2855 2265; x_wconf 77' lang='lat' dir='ltr'><strong>LXVIII.</strong></span> <span class='ocrx_word' id='word_1_396' title='bbox 2880 2204 3136 2263; x_wconf 79' lang='lat' dir='ltr'><strong>NONNO.</strong></span> 
     </span>
    </p>
   </div>
   <div class='ocr_carea' id='block_1_54' title="bbox 2151 2288 3659 2372">
    <p class='ocr_par' dir='ltr' id='par_1_54' title="bbox 2151 2288 3659 2372">
     <span class='ocr_line' id='line_1_54' title="bbox 2151 2288 3659 2372; baseline -0.014 -11"><span class='ocrx_word' id='word_1_397' title='bbox 2151 2304 2233 2361; x_wconf 88' lang='lat' dir='ltr'><strong>Tu</strong></span> <span class='ocrx_word' id='word_1_398' title='bbox 2264 2318 2393 2360; x_wconf 85' lang='lat' dir='ltr'><strong>vero</strong></span> <span class='ocrx_word' id='word_1_399' title='bbox 2419 2317 2583 2372; x_wconf 87' lang='lat' dir='ltr'><strong>quam</strong></span> <span class='ocrx_word' id='word_1_400' title='bbox 2614 2300 2879 2368; x_wconf 81' lang='lat' dir='ltr'><strong>diligebas</strong></span> <span class='ocrx_word' id='word_1_401' title='bbox 2916 2294 3166 2360; x_wconf 89' lang='lat' dir='ltr'><strong>renuisti,</strong></span> <span class='ocrx_word' id='word_1_402' title='bbox 3194 2290 3402 2363; x_wconf 82' lang='lat' dir='ltr'><strong>majora</strong></span> <span class='ocrx_word' id='word_1_403' title='bbox 3433 2288 3659 2357; x_wconf 82' lang='lat' dir='ltr'><strong>cupiens</strong></span> 
     </span>
    </p>
   </div>
   <div class='ocr_carea' id='block_1_55' title="bbox 2077 2378 3659 2458">
    <p class='ocr_par' dir='ltr' id='par_1_55' title="bbox 2077 2378 3659 2458">
     <span class='ocr_line' id='line_1_55' title="bbox 2077 2378 3659 2458; baseline -0.015 -3"><span class='ocrx_word' id='word_1_404' title='bbox 2077 2407 2134 2456; x_wconf 92' lang='lat' dir='ltr'><strong>et</strong></span> <span class='ocrx_word' id='word_1_405' title='bbox 2170 2397 2239 2452; x_wconf 88' lang='lat' dir='ltr'><strong>ad</strong></span> <span class='ocrx_word' id='word_1_406' title='bbox 2280 2393 2653 2452; x_wconf 86' lang='lat' dir='ltr'><strong>sacerdOtium</strong></span> <span class='ocrx_word' id='word_1_407' title='bbox 2702 2401 3024 2458; x_wconf 83' lang='lat' dir='ltr'><strong>properans.</strong></span> <span class='ocrx_word' id='word_1_408' title='bbox 3060 2385 3171 2455; x_wconf 78' lang='lat' dir='ltr'><strong>Ego</strong></span> <span class='ocrx_word' id='word_1_409' title='bbox 3197 2397 3327 2438; x_wconf 89' lang='lat' dir='ltr'><strong>vero</strong></span> <span class='ocrx_word' id='word_1_410' title='bbox 3359 2391 3505 2436; x_wconf 84' lang='lat' dir='ltr'><strong>tuam</strong></span> <span class='ocrx_word' id='word_1_411' title='bbox 3541 2378 3659 2448; x_wconf 87' lang='lat' dir='ltr'><strong>pul-</strong></span> 
     </span>
    </p>
   </div>
   <div class='ocr_carea' id='block_1_56' title="bbox 2079 2472 3660 2549">
    <p class='ocr_par' dir='ltr' id='par_1_56' title="bbox 2079 2472 3660 2549">
     <span class='ocr_line' id='line_1_56' title="bbox 2079 2472 3660 2549; baseline -0.016 -3"><span class='ocrx_word' id='word_1_412' title='bbox 2079 2490 2266 2546; x_wconf 88' lang='lat' dir='ltr'><strong>chram</strong></span> <span class='ocrx_word' id='word_1_413' title='bbox 2298 2498 2510 2541; x_wconf 86' lang='lat' dir='ltr'><strong>comam</strong></span> <span class='ocrx_word' id='word_1_414' title='bbox 2535 2494 2750 2549; x_wconf 85' lang='lat' dir='ltr'><strong>semper</strong></span> <span class='ocrx_word' id='word_1_415' title='bbox 2788 2479 3088 2533; x_wconf 83' lang='lat' dir='ltr'><strong>admiratus</strong></span> <span class='ocrx_word' id='word_1_416' title='bbox 3126 2491 3283 2543; x_wconf 83' lang='lat' dir='ltr'><strong>sum;</strong></span> <span class='ocrx_word' id='word_1_417' title='bbox 3325 2488 3467 2528; x_wconf 91' lang='lat' dir='ltr'><strong>nunc</strong></span> <span class='ocrx_word' id='word_1_418' title='bbox 3495 2472 3660 2526; x_wconf 92' lang='lat' dir='ltr'><strong>timeo</strong></span> 
     </span>
    </p>
   </div>
   <div class='ocr_carea' id='block_1_57' title="bbox 2079 2562 3660 2644">
    <p class='ocr_par' dir='ltr' id='par_1_57' title="bbox 2079 2562 3660 2644">
     <span class='ocr_line' id='line_1_57' title="bbox 2079 2562 3660 2644; baseline -0.013 -7"><span class='ocrx_word' id='word_1_419' title='bbox 2079 2594 2149 2637; x_wconf 87' lang='lat' dir='ltr'><strong>ne</strong></span> <span class='ocrx_word' id='word_1_420' title='bbox 2183 2578 2257 2634; x_wconf 85' lang='lat' dir='ltr'><strong>sit</strong></span> <span class='ocrx_word' id='word_1_421' title='bbox 2298 2576 2391 2631; x_wconf 86' lang='lat' dir='ltr'><strong>tibi</strong></span> <span class='ocrx_word' id='word_1_422' title='bbox 2432 2574 2878 2644; x_wconf 84' lang='lat' dir='ltr'><strong>impedimentum</strong></span> <span class='ocrx_word' id='word_1_423' title='bbox 2920 2569 3051 2624; x_wconf 89' lang='lat' dir='ltr'><strong>voti.</strong></span> <span class='ocrx_word' id='word_1_424' title='bbox 3092 2568 3230 2623; x_wconf 86' lang='lat' dir='ltr'><strong>Cum</strong></span> <span class='ocrx_word' id='word_1_425' title='bbox 3273 2566 3417 2620; x_wconf 92' lang='lat' dir='ltr'><strong>enim</strong></span> <span class='ocrx_word' id='word_1_426' title='bbox 3456 2562 3660 2619; x_wconf 79' lang='lat' dir='ltr'><strong>videris</strong></span> 
     </span>
    </p>
   </div>
   <div class='ocr_carea' id='block_1_58' title="bbox 2054 2661 3657 2743">
    <p class='ocr_par' dir='ltr' id='par_1_58' title="bbox 2054 2661 3657 2743">
     <span class='ocr_line' id='line_1_58' title="bbox 2054 2661 3657 2743; baseline -0.012 -15"><span class='ocrx_word' id='word_1_427' title='bbox 2054 2682 2295 2743; x_wconf 74' lang='lat' dir='ltr'><strong>tempus</strong></span> <span class='ocrx_word' id='word_1_428' title='bbox 2324 2682 2562 2739; x_wconf 64' lang='lat' dir='ltr'><strong>praesens</strong></span> <span class='ocrx_word' id='word_1_429' title='bbox 2590 2664 2738 2721; x_wconf 87' lang='lat' dir='ltr'><strong>illabi</strong></span> <span class='ocrx_word' id='word_1_430' title='bbox 2772 2674 2828 2719; x_wconf 92' lang='lat' dir='ltr'><strong>et</strong></span> <span class='ocrx_word' id='word_1_431' title='bbox 2853 2663 3156 2720; x_wconf 88' lang='lat' dir='ltr'><strong>celebratos</strong></span> <span class='ocrx_word' id='word_1_432' title='bbox 3205 2661 3388 2733; x_wconf 78' lang='lat' dir='ltr'><strong>crines</strong></span> <span class='ocrx_word' id='word_1_433' title='bbox 3408 2671 3657 2721; x_wconf 83' lang='lat' dir='ltr'><strong>casuros,</strong></span> 
     </span>
    </p>
   </div>
   <div class='ocr_carea' id='block_1_59' title="bbox 2074 2747 3660 2833">
    <p class='ocr_par' dir='ltr' id='par_1_59' title="bbox 2074 2747 3660 2833">
     <span class='ocr_line' id='line_1_59' title="bbox 2074 2747 3660 2833; baseline -0.015 -13"><span class='ocrx_word' id='word_1_434' title='bbox 2074 2762 2148 2819; x_wconf 83' lang='lat' dir='ltr'><strong>de</strong></span> <span class='ocrx_word' id='word_1_435' title='bbox 2193 2760 2448 2833; x_wconf 77' lang='lat' dir='ltr'><strong>passione</strong></span> <span class='ocrx_word' id='word_1_436' title='bbox 2487 2756 2696 2822; x_wconf 90' lang='lat' dir='ltr'><strong>dolens,</strong></span> <span class='ocrx_word' id='word_1_437' title='bbox 2737 2755 2920 2820; x_wconf 88' lang='lat' dir='ltr'><strong>credo,</strong></span> <span class='ocrx_word' id='word_1_438' title='bbox 2962 2752 3136 2823; x_wconf 74' lang='lat' dir='ltr'><strong>fugies</strong></span> <span class='ocrx_word' id='word_1_439' title='bbox 3173 2759 3226 2806; x_wconf 91' lang='lat' dir='ltr'><strong>et</strong></span> <span class='ocrx_word' id='word_1_440' title='bbox 3270 2762 3480 2819; x_wconf 73' lang='lat' dir='ltr'><strong>quaeres</strong></span> <span class='ocrx_word' id='word_1_441' title='bbox 3520 2747 3660 2800; x_wconf 83' lang='lat' dir='ltr'><strong>inter</strong></span> 
     </span>
    </p>
   </div>
   <div class='ocr_carea' id='block_1_60' title="bbox 2079 2837 3659 2920">
    <p class='ocr_par' dir='ltr' id='par_1_60' title="bbox 2079 2837 3659 2920">
     <span class='ocr_line' id='line_1_60' title="bbox 2079 2837 3659 2920; baseline -0.015 -7"><span class='ocrx_word' id='word_1_442' title='bbox 2079 2855 2390 2913; x_wconf 83' lang='lat' dir='ltr'><strong>sacerdotes</strong></span> <span class='ocrx_word' id='word_1_443' title='bbox 2417 2850 2698 2920; x_wconf 85' lang='lat' dir='ltr'><strong>speciosus</strong></span> <span class='ocrx_word' id='word_1_444' title='bbox 2743 2862 2974 2916; x_wconf 76' lang='lat' dir='ltr'><strong>sponsus</strong></span> <span class='ocrx_word' id='word_1_445' title='bbox 3012 2843 3200 2900; x_wconf 90' lang='lat' dir='ltr'><strong>videri.</strong></span> <span class='ocrx_word' id='word_1_446' title='bbox 3247 2840 3314 2896; x_wconf 87' lang='lat' dir='ltr'><strong>Et</strong></span> <span class='ocrx_word' id='word_1_447' title='bbox 3360 2854 3572 2903; x_wconf 83' lang='lat' dir='ltr'><strong>rursus,</strong></span> <span class='ocrx_word' id='word_1_448' title='bbox 3611 2837 3659 2893; x_wconf 86' lang='lat' dir='ltr'><strong>si</strong></span> 
     </span>
    </p>
   </div>
   <div class='ocr_carea' id='block_1_61' title="bbox 2081 2929 3656 3014">
    <p class='ocr_par' dir='ltr' id='par_1_61' title="bbox 2081 2929 3656 3014">
     <span class='ocr_line' id='line_1_61' title="bbox 2081 2929 3656 3014; baseline -0.013 -11"><span class='ocrx_word' id='word_1_449' title='bbox 2081 2946 2194 3003; x_wconf 89' lang='lat' dir='ltr'><strong>fors</strong></span> <span class='ocrx_word' id='word_1_450' title='bbox 2220 2944 2423 3009; x_wconf 90' lang='lat' dir='ltr'><strong>tulerit,</strong></span> <span class='ocrx_word' id='word_1_451' title='bbox 2441 2941 2704 3014; x_wconf 71' lang='lat' dir='ltr'><strong>virginem</strong></span> <span class='ocrx_word' id='word_1_452' title='bbox 2726 2939 2819 2995; x_wconf 90' lang='lat' dir='ltr'><strong>tibi</strong></span> <span class='ocrx_word' id='word_1_453' title='bbox 2842 2935 3222 3007; x_wconf 81' lang='lat' dir='ltr'><strong>tlcspondebis,</strong></span> <span class='ocrx_word' id='word_1_454' title='bbox 3265 2945 3317 2988; x_wconf 90' lang='lat' dir='ltr'><strong>et</strong></span> <span class='ocrx_word' id='word_1_455' title='bbox 3357 2929 3656 3001; x_wconf 70' lang='lat' dir='ltr'><strong>aprresenti</strong></span> 
     </span>
    </p>
   </div>
   <div class='ocr_carea' id='block_1_62' title="bbox 2081 3025 3653 3094">
    <p class='ocr_par' dir='ltr' id='par_1_62' title="bbox 2081 3025 3653 3094">
     <span class='ocr_line' id='line_1_62' title="bbox 2081 3025 3653 3094; baseline -0.013 0"><span class='ocrx_word' id='word_1_456' title='bbox 2081 3037 2434 3094; x_wconf 87' lang='lat' dir='ltr'><strong>matrimonio</strong></span> <span class='ocrx_word' id='word_1_457' title='bbox 2463 3048 2705 3088; x_wconf 84' lang='lat' dir='ltr'><strong>amorem</strong></span> <span class='ocrx_word' id='word_1_458' title='bbox 2736 3031 2803 3085; x_wconf 87' lang='lat' dir='ltr'><strong>ad</strong></span> <span class='ocrx_word' id='word_1_459' title='bbox 2845 3029 3208 3085; x_wconf 89' lang='lat' dir='ltr'><strong>sacerdotium</strong></span> <span class='ocrx_word' id='word_1_460' title='bbox 3259 3025 3653 3081; x_wconf 86' lang='lat' dir='ltr'><strong>transilientem</strong></span> 
     </span>
    </p>
   </div>
   <div class='ocr_carea' id='block_1_63' title="bbox 2081 3117 3659 3191">
    <p class='ocr_par' dir='ltr' id='par_1_63' title="bbox 2081 3117 3659 3191">
     <span class='ocr_line' id='line_1_63' title="bbox 2081 3117 3659 3191; baseline -0.008 -6"><span class='ocrx_word' id='word_1_461' title='bbox 2081 3130 2324 3187; x_wconf 83' lang='lat' dir='ltr'><strong>habebis.</strong></span> <span class='ocrx_word' id='word_1_462' title='bbox 2378 3126 2482 3183; x_wconf 90' lang='lat' dir='ltr'><strong>Sed</strong></span> <span class='ocrx_word' id='word_1_463' title='bbox 2514 3124 2744 3180; x_wconf 63' lang='lat' dir='ltr'><strong>tandem</strong></span> <span class='ocrx_word' id='word_1_464' title='bbox 2768 3163 2783 3187; x_wconf 89' lang='lat'><strong>,</strong></span> <span class='ocrx_word' id='word_1_465' title='bbox 2840 3122 3172 3191; x_wconf 78' lang='lat' dir='ltr'><strong>experientia</strong></span> <span class='ocrx_word' id='word_1_466' title='bbox 3203 3121 3392 3175; x_wconf 88' lang='lat' dir='ltr'><strong>doctus</strong></span> <span class='ocrx_word' id='word_1_467' title='bbox 3412 3161 3424 3185; x_wconf 88' lang='lat'><strong>,</strong></span> <span class='ocrx_word' id='word_1_468' title='bbox 3466 3117 3659 3172; x_wconf 85' lang='lat' dir='ltr'><strong>desine</strong></span> 
     </span>
    </p>
   </div>
   <div class='ocr_carea' id='block_1_64' title="bbox 400 3213 1970 3291">
    <p class='ocr_par' dir='ltr' id='par_1_64' title="bbox 400 3213 1970 3291">
     <span class='ocr_line' id='line_1_64' title="bbox 400 3213 1970 3291; baseline 0.007 -24"><span class='ocrx_word' id='word_1_469' title='bbox 400 3213 588 3285; x_wconf 83' lang='grc' dir='ltr'><strong>κύκλῳ</strong></span> <span class='ocrx_word' id='word_1_470' title='bbox 606 3214 925 3286; x_wconf 82' lang='grc' dir='ltr'><strong>φερόμενος,</strong></span> <span class='ocrx_word' id='word_1_471' title='bbox 957 3217 1058 3290; x_wconf 84' lang='grc' dir='ltr'><strong>τὴν</strong></span> <span class='ocrx_word' id='word_1_472' title='bbox 1091 3222 1286 3290; x_wconf 77' lang='grc' dir='ltr'><strong>πεῖραν</strong></span> <span class='ocrx_word' id='word_1_473' title='bbox 1321 3220 1469 3291; x_wconf 76' lang='grc' dir='ltr'><strong>ἔχων</strong></span> <span class='ocrx_word' id='word_1_474' title='bbox 1494 3221 1853 3277; x_wconf 80' lang='grc' dir='ltr'><strong>διδάσκαλον·</strong></span> <span class='ocrx_word' id='word_1_475' title='bbox 1889 3225 1970 3278; x_wconf 87' lang='grc' dir='ltr'><strong>ἶνα</strong></span> 
     </span>
    </p>
   </div>
   <div class='ocr_carea' id='block_1_65' title="bbox 2080 3213 2415 3291">
    <p class='ocr_par' dir='ltr' id='par_1_65' title="bbox 2080 3219 2415 3278">
     <span class='ocr_line' id='line_1_65' title="bbox 2080 3219 2415 3278; baseline -0.012 -1"><span class='ocrx_word' id='word_1_476' title='bbox 2080 3219 2415 3278; x_wconf 84' lang='lat' dir='ltr'><strong>circumferri</strong></span> 
     </span>
    </p>
   </div>
   <div class='ocr_carea' id='block_1_66' title="bbox 400 3301 2199 3379">
    <p class='ocr_par' dir='ltr' id='par_1_66' title="bbox 400 3301 2199 3379">
     <span class='ocr_line' id='line_1_66' title="bbox 400 3301 2199 3379; baseline 0.008 -23"><span class='ocrx_word' id='word_1_477' title='bbox 400 3301 477 3372; x_wconf 79' lang='grc' dir='ltr'><strong>μὴ</strong></span> <span class='ocrx_word' id='word_1_478' title='bbox 500 3302 664 3357; x_wconf 80' lang='grc' dir='ltr'><strong>πάλιν</strong></span> <span class='ocrx_word' id='word_1_479' title='bbox 697 3304 773 3376; x_wconf 80' lang='grc' dir='ltr'><strong>μὴ</strong></span> <span class='ocrx_word' id='word_1_480' title='bbox 800 3309 816 3328; x_wconf 79' lang='grc'>⁶</span> <span class='ocrx_word' id='word_1_481' title='bbox 840 3305 1144 3375; x_wconf 80' lang='grc' dir='ltr'><strong>ύποδόλών,</strong></span> <span class='ocrx_word' id='word_1_482' title='bbox 1166 3310 1260 3364; x_wconf 73' lang='grc' dir='ltr'><strong>καὶ</strong></span> <span class='ocrx_word' id='word_1_483' title='bbox 1284 3311 1394 3366; x_wconf 85' lang='grc' dir='ltr'><strong>σῶν</strong></span> <span class='ocrx_word' id='word_1_484' title='bbox 1428 3311 1712 3368; x_wconf 87' lang='grc' dir='ltr'><strong>σπαλίκων</strong></span> <span class='ocrx_word' id='word_1_485' title='bbox 1732 3314 1973 3379; x_wconf 82' lang='grc' dir='ltr'><strong>ἀκούσω,</strong></span> <span class='ocrx_word' id='word_1_486' title='bbox 2072 3344 2075 3347; x_wconf 95' lang='grc'><strong><em>-</em></strong></span> <span class='ocrx_word' id='word_1_487' title='bbox 2183 3348 2199 3362; x_wconf 84' lang='lat'><strong>-</strong></span> 
     </span>
    </p>
   </div>
   <div class='ocr_carea' id='block_1_67' title="bbox 397 3391 1365 3466">
    <p class='ocr_par' dir='ltr' id='par_1_67' title="bbox 397 3391 1365 3466">
     <span class='ocr_line' id='line_1_67' title="bbox 397 3391 1365 3466; baseline 0.007 -18"><span class='ocrx_word' id='word_1_488' title='bbox 397 3391 492 3448; x_wconf 76' lang='grc' dir='ltr'><strong>καὶ</strong></span> <span class='ocrx_word' id='word_1_489' title='bbox 522 3392 625 3447; x_wconf 83' lang='grc' dir='ltr'><strong>ὅσα</strong></span> <span class='ocrx_word' id='word_1_490' title='bbox 656 3395 752 3449; x_wconf 81' lang='grc' dir='ltr'><strong>νῦν</strong></span> <span class='ocrx_word' id='word_1_491' title='bbox 778 3397 930 3466; x_wconf 80' lang='grc' dir='ltr'><strong>ἡμᾶς</strong></span> <span class='ocrx_word' id='word_1_492' title='bbox 961 3398 1365 3464; x_wconf 83' lang='grc' dir='ltr'><strong>ὲξεπαίδευσεν.</strong></span> 
     </span>
    </p>
   </div>
   <div class='ocr_carea' id='block_1_68' title="bbox 678 3485 1733 3568">
    <p class='ocr_par' dir='ltr' id='par_1_68' title="bbox 678 3485 1733 3568">
     <span class='ocr_line' id='line_1_68' title="bbox 678 3485 1733 3568; baseline 0.011 -29"><span class='ocrx_word' id='word_1_493' title='bbox 678 3485 798 3543; x_wconf 70' lang='lat'><strong>36&#39;.</strong></span> <span class='ocrx_word' id='word_1_494' title='bbox 833 3487 1188 3562; x_wconf 76' lang='lat' dir='ltr'><strong>IEPONrMn</strong></span> <span class='ocrx_word' id='word_1_495' title='bbox 1241 3493 1364 3549; x_wconf 81' lang='grc' dir='ltr'><strong>ΚΑΙ</strong></span> <span class='ocrx_word' id='word_1_496' title='bbox 1410 3493 1733 3568; x_wconf 68' lang='lat' dir='ltr'><strong>causam.</strong></span> 
     </span>
    </p>
   </div>
   <div class='ocr_carea' id='block_1_69' title="bbox 466 3575 1972 3653">
    <p class='ocr_par' dir='ltr' id='par_1_69' title="bbox 466 3575 1972 3653">
     <span class='ocr_line' id='line_1_69' title="bbox 466 3575 1972 3653; baseline 0.009 -22"><span class='ocrx_word' id='word_1_497' title='bbox 466 3575 577 3648; x_wconf 80' lang='grc' dir='ltr'><strong>Τήν</strong></span> <span class='ocrx_word' id='word_1_498' title='bbox 606 3577 883 3650; x_wconf 76' lang='grc' dir='ltr'><strong>ὑμετέραν</strong></span> <span class='ocrx_word' id='word_1_499' title='bbox 916 3579 1111 3649; x_wconf 86' lang='grc' dir='ltr'><strong>σοφίαν</strong></span> <span class='ocrx_word' id='word_1_500' title='bbox 1144 3580 1315 3650; x_wconf 73' lang='grc' dir='ltr'><strong>ἔγνων</strong></span> <span class='ocrx_word' id='word_1_501' title='bbox 1345 3584 1443 3653; x_wconf 72' lang='grc' dir='ltr'><strong>μὲν</strong></span> <span class='ocrx_word' id='word_1_502' title='bbox 1474 3589 1570 3639; x_wconf 52' lang='grc' dir='ltr'><strong>καὶ⁸</strong></span> <span class='ocrx_word' id='word_1_503' title='bbox 1611 3588 1780 3642; x_wconf 82' lang='grc' dir='ltr'><strong>πάλαι</strong></span> <span class='ocrx_word' id='word_1_504' title='bbox 1832 3607 1972 3644; x_wconf 87' lang='grc' dir='ltr'><strong>παν-</strong></span> 
     </span>
    </p>
   </div>
   <div class='ocr_carea' id='block_1_70' title="bbox 296 3666 1971 3755">
    <p class='ocr_par' dir='ltr' id='par_1_70' title="bbox 296 3666 1971 3755">
     <span class='ocr_line' id='line_1_70' title="bbox 296 3666 1971 3755; baseline 0.008 -36"><span class='ocrx_word' id='word_1_505' title='bbox 296 3750 307 3755; x_wconf 9' lang='lat'><strong>&gt;7</strong></span> <span class='ocrx_word' id='word_1_506' title='bbox 392 3666 561 3736; x_wconf 62' lang='grc' dir='ltr'><strong>ταχοῦ</strong></span> <span class='ocrx_word' id='word_1_507' title='bbox 593 3667 672 3739; x_wconf 87' lang='grc' dir='ltr'><strong>τῷ</strong></span> <span class='ocrx_word' id='word_1_508' title='bbox 710 3667 855 3741; x_wconf 86' lang='grc' dir='ltr'><strong>λόγῳ</strong></span> <span class='ocrx_word' id='word_1_509' title='bbox 910 3671 1347 3745; x_wconf 85' lang='grc' dir='ltr'><strong>προλάμπουσαν</strong></span> <span class='ocrx_word' id='word_1_510' title='bbox 1370 3688 1388 3707; x_wconf 77' lang='grc' dir='ltr'><strong><em>ο</em></strong></span> <span class='ocrx_word' id='word_1_511' title='bbox 1425 3675 1521 3728; x_wconf 72' lang='grc' dir='ltr'><strong>καὶ</strong></span> <span class='ocrx_word' id='word_1_512' title='bbox 1569 3675 1630 3730; x_wconf 85' lang='grc' dir='ltr'><strong>δν</strong></span> <span class='ocrx_word' id='word_1_513' title='bbox 1677 3678 1711 3747; x_wconf 86' lang='grc' dir='ltr'><strong>ή</strong></span> <span class='ocrx_word' id='word_1_514' title='bbox 1747 3678 1845 3731; x_wconf 86' lang='grc' dir='ltr'><strong>θέα</strong></span> <span class='ocrx_word' id='word_1_515' title='bbox 1896 3679 1971 3752; x_wconf 77' lang='grc' dir='ltr'><strong>μὴ</strong></span> 
     </span>
    </p>
   </div>
   <div class='ocr_carea' id='block_1_71' title="bbox 392 3756 1972 3841">
    <p class='ocr_par' dir='ltr' id='par_1_71' title="bbox 392 3756 1972 3841">
     <span class='ocr_line' id='line_1_71' title="bbox 392 3756 1972 3841; baseline 0.009 -31"><span class='ocrx_word' id='word_1_516' title='bbox 392 3756 691 3829; x_wconf 74' lang='grc' dir='ltr'><strong>παρέσχεν,</strong></span> <span class='ocrx_word' id='word_1_517' title='bbox 723 3760 758 3831; x_wconf 78' lang='grc' dir='ltr'>ἦ</span> <span class='ocrx_word' id='word_1_518' title='bbox 798 3778 862 3830; x_wconf 85' lang='grc' dir='ltr'><strong>γε</strong></span> <span class='ocrx_word' id='word_1_519' title='bbox 906 3764 1067 3835; x_wconf 84' lang='grc' dir='ltr'><strong>φήμη</strong></span> <span class='ocrx_word' id='word_1_520' title='bbox 1122 3766 1428 3836; x_wconf 77' lang='grc' dir='ltr'><strong>χαρίζεται,</strong></span> <span class='ocrx_word' id='word_1_521' title='bbox 1472 3767 1638 3839; x_wconf 79' lang='grc' dir='ltr'><strong>κοινῷ</strong></span> <span class='ocrx_word' id='word_1_522' title='bbox 1665 3767 1844 3838; x_wconf 84' lang='grc' dir='ltr'><strong>βοῶσα</strong></span> <span class='ocrx_word' id='word_1_523' title='bbox 1870 3788 1972 3841; x_wconf 86' lang='grc' dir='ltr'><strong>κη-</strong></span> 
     </span>
    </p>
   </div>
   <div class='ocr_carea' id='block_1_72' title="bbox 366 3847 1968 3935">
    <p class='ocr_par' dir='ltr' id='par_1_72' title="bbox 366 3847 1968 3935">
     <span class='ocr_line' id='line_1_72' title="bbox 366 3847 1968 3935; baseline 0.011 -35"><span class='ocrx_word' id='word_1_524' title='bbox 366 3888 369 3891; x_wconf 84' lang='grc'>.</span> <span class='ocrx_word' id='word_1_525' title='bbox 397 3847 636 3921; x_wconf 85' lang='grc' dir='ltr'><strong>ρύγματι</strong></span> <span class='ocrx_word' id='word_1_526' title='bbox 666 3852 758 3905; x_wconf 85' lang='grc' dir='ltr'><strong>τὸν</strong></span> <span class='ocrx_word' id='word_1_527' title='bbox 791 3857 1017 3910; x_wconf 83' lang='grc' dir='ltr'><strong>πάππον</strong></span> <span class='ocrx_word' id='word_1_528' title='bbox 1046 3857 1324 3929; x_wconf 80' lang='grc' dir='ltr'><strong>ὑφήγησιν</strong></span> <span class='ocrx_word' id='word_1_529' title='bbox 1353 3859 1534 3929; x_wconf 83' lang='grc' dir='ltr'><strong>νόμων</strong></span> <span class='ocrx_word' id='word_1_530' title='bbox 1587 3862 1968 3935; x_wconf 74' lang='grc' dir='ltr'><strong>ἐπιγραφόμε-</strong></span> 
     </span>
    </p>
   </div>
   <div class='ocr_carea' id='block_1_73' title="bbox 392 3942 1965 4024">
    <p class='ocr_par' dir='ltr' id='par_1_73' title="bbox 392 3942 1965 4024">
     <span class='ocr_line' id='line_1_73' title="bbox 392 3942 1965 4024; baseline 0.008 -31"><span class='ocrx_word' id='word_1_531' title='bbox 392 3956 504 4005; x_wconf 86' lang='grc' dir='ltr'><strong>νον,</strong></span> <span class='ocrx_word' id='word_1_532' title='bbox 535 3942 627 3996; x_wconf 80' lang='grc' dir='ltr'><strong>τδν</strong></span> <span class='ocrx_word' id='word_1_533' title='bbox 657 3944 870 4013; x_wconf 83' lang='grc' dir='ltr'><strong>πατέρα</strong></span> <span class='ocrx_word' id='word_1_534' title='bbox 899 3945 1147 4017; x_wconf 86' lang='grc' dir='ltr'><strong>γλώττης</strong></span> <span class='ocrx_word' id='word_1_535' title='bbox 1167 3948 1350 4020; x_wconf 81' lang='grc' dir='ltr'><strong>χάριτι</strong></span> <span class='ocrx_word' id='word_1_536' title='bbox 1369 3954 1506 4023; x_wconf 80' lang='grc' dir='ltr'><strong>πρὸς</strong></span> <span class='ocrx_word' id='word_1_537' title='bbox 1529 3953 1629 4024; x_wconf 83' lang='grc' dir='ltr'><strong>τὴν</strong></span> <span class='ocrx_word' id='word_1_538' title='bbox 1656 3953 1766 4006; x_wconf 85' lang='grc' dir='ltr'><strong>τῶν</strong></span> <span class='ocrx_word' id='word_1_539' title='bbox 1781 3955 1965 4024; x_wconf 84' lang='grc' dir='ltr'><strong>νόμων</strong></span> 
     </span>
    </p>
   </div>
   <div class='ocr_carea' id='block_1_74' title="bbox 390 4031 1965 4111">
    <p class='ocr_par' dir='ltr' id='par_1_74' title="bbox 390 4031 1965 4111">
     <span class='ocr_line' id='line_1_74' title="bbox 390 4031 1965 4111; baseline 0.009 -26"><span class='ocrx_word' id='word_1_540' title='bbox 390 4031 697 4103; x_wconf 75' lang='grc' dir='ltr'><strong>αὐστηρίαν</strong></span> <span class='ocrx_word' id='word_1_541' title='bbox 728 4035 831 4111; x_wconf 77' lang='grc' dir='ltr'><strong>τὴν</strong></span> <span class='ocrx_word' id='word_1_542' title='bbox 861 4038 1034 4108; x_wconf 80' lang='grc' dir='ltr'><strong>ἀκοήν</strong></span> <span class='ocrx_word' id='word_1_543' title='bbox 1088 4038 1433 4111; x_wconf 81' lang='grc' dir='ltr'><strong>ύποσύροντα</strong></span> <span class='ocrx_word' id='word_1_544' title='bbox 1457 4055 1473 4071; x_wconf 79' lang='grc'><strong>⁸</strong></span> <span class='ocrx_word' id='word_1_545' title='bbox 1509 4042 1605 4096; x_wconf 78' lang='grc' dir='ltr'><strong>καὶ</strong></span> <span class='ocrx_word' id='word_1_546' title='bbox 1653 4043 1719 4097; x_wconf 79' lang='grc' dir='ltr'><strong>ὲκ</strong></span> <span class='ocrx_word' id='word_1_547' title='bbox 1759 4044 1965 4101; x_wconf 89' lang='grc' dir='ltr'><strong>τούτων</strong></span> 
     </span>
    </p>
   </div>
   <div class='ocr_carea' id='block_1_75' title="bbox 390 4120 1964 4202">
    <p class='ocr_par' dir='ltr' id='par_1_75' title="bbox 390 4120 1964 4202">
     <span class='ocr_line' id='line_1_75' title="bbox 390 4120 1964 4202; baseline 0.009 -29"><span class='ocrx_word' id='word_1_548' title='bbox 390 4120 536 4190; x_wconf 79' lang='grc' dir='ltr'><strong>ὑμᾶς</strong></span> <span class='ocrx_word' id='word_1_549' title='bbox 562 4123 735 4177; x_wconf 80' lang='grc' dir='ltr'><strong>πάντα</strong></span> <span class='ocrx_word' id='word_1_550' title='bbox 757 4121 1043 4194; x_wconf 85' lang='grc' dir='ltr'><strong>φέροντας,</strong></span> <span class='ocrx_word' id='word_1_551' title='bbox 1065 4125 1209 4199; x_wconf 70' lang='grc' dir='ltr'><strong>ἅπερ</strong></span> <span class='ocrx_word' id='word_1_552' title='bbox 1229 4129 1428 4184; x_wconf 77' lang='grc' dir='ltr'><strong>ἐκείνοι</strong></span> <span class='ocrx_word' id='word_1_553' title='bbox 1453 4130 1964 4202; x_wconf 75' lang='grc' dir='ltr'><strong>προσλαϐόντες...“</strong></span> 
     </span>
    </p>
   </div>
   <div class='ocr_carea' id='block_1_76' title="bbox 2327 3329 3652 3362">
    <p class='ocr_par' dir='ltr' id='par_1_76' title="bbox 2327 3329 3652 3362">
     <span class='ocr_line' id='line_1_76' title="bbox 2327 3329 3652 3362; baseline -0.009 2"><span class='ocrx_word' id='word_1_554' title='bbox 2327 3346 2341 3361; x_wconf 75' lang='grc' dir='ltr'><strong>ο</strong></span> <span class='ocrx_word' id='word_1_555' title='bbox 2376 3342 2379 3347; x_wconf 86' lang='lat'>&#39;</span> <span class='ocrx_word' id='word_1_556' title='bbox 2456 3346 2470 3360; x_wconf 81' lang='grc' dir='ltr'><strong>ο</strong></span> <span class='ocrx_word' id='word_1_557' title='bbox 2586 3349 2602 3362; x_wconf 78' lang='grc' dir='ltr'><strong><em>ο</em></strong></span> <span class='ocrx_word' id='word_1_558' title='bbox 2718 3346 2731 3360; x_wconf 70' lang='grc' dir='ltr'><strong>α</strong></span> <span class='ocrx_word' id='word_1_559' title='bbox 2846 3344 2860 3358; x_wconf 76' lang='grc' dir='ltr'><strong>ο</strong></span> <span class='ocrx_word' id='word_1_560' title='bbox 2976 3344 2990 3358; x_wconf 72' lang='grc' dir='ltr'><strong>ο</strong></span> <span class='ocrx_word' id='word_1_561' title='bbox 3116 3341 3130 3357; x_wconf 71' lang='grc' dir='ltr'>ι</span> <span class='ocrx_word' id='word_1_562' title='bbox 3244 3339 3261 3355; x_wconf 77' lang='grc' dir='ltr'><strong>ο</strong></span> <span class='ocrx_word' id='word_1_563' title='bbox 3375 3336 3391 3354; x_wconf 77' lang='grc' dir='ltr'><strong>ο</strong></span> <span class='ocrx_word' id='word_1_564' title='bbox 3507 3337 3521 3350; x_wconf 75' lang='grc' dir='ltr'><strong>ο</strong></span> <span class='ocrx_word' id='word_1_565' title='bbox 3619 3329 3652 3350; x_wconf 55' lang='grc' dir='ltr'><strong><em>η</em></strong></span> 
     </span>
    </p>
   </div>
   <div class='ocr_carea' id='block_1_77' title="bbox 2126 3465 3469 3540">
    <p class='ocr_par' dir='ltr' id='par_1_77' title="bbox 2126 3465 3469 3540">
     <span class='ocr_line' id='line_1_77' title="bbox 2126 3465 3469 3540; baseline -0.004 0"><span class='ocrx_word' id='word_1_566' title='bbox 2126 3465 2139 3477; x_wconf 89' lang='grc'><em>’</em></span> <span class='ocrx_word' id='word_1_567' title='bbox 2252 3482 2441 3540; x_wconf 78' lang='lat' dir='ltr'><strong>LXIX.</strong></span> <span class='ocrx_word' id='word_1_568' title='bbox 2479 3481 2892 3540; x_wconf 76' lang='lat' dir='ltr'><strong>HIERONYMO</strong></span> <span class='ocrx_word' id='word_1_569' title='bbox 2936 3481 3023 3537; x_wconf 87' lang='lat' dir='ltr'><strong>ET</strong></span> <span class='ocrx_word' id='word_1_570' title='bbox 3071 3478 3469 3537; x_wconf 81' lang='lat' dir='ltr'><strong>THEODORO.</strong></span> 
     </span>
    </p>
   </div>
   <div class='ocr_carea' id='block_1_78' title="bbox 2144 3574 3650 3645">
    <p class='ocr_par' dir='ltr' id='par_1_78' title="bbox 2144 3574 3650 3645">
     <span class='ocr_line' id='line_1_78' title="bbox 2144 3574 3650 3645; baseline -0.003 -15"><span class='ocrx_word' id='word_1_571' title='bbox 2144 3575 2301 3631; x_wconf 78' lang='lat' dir='ltr'><strong>Haud</strong></span> <span class='ocrx_word' id='word_1_572' title='bbox 2343 3576 2657 3645; x_wconf 80' lang='lat' dir='ltr'><strong>ignorabam</strong></span> <span class='ocrx_word' id='word_1_573' title='bbox 2706 3588 2838 3630; x_wconf 88' lang='lat' dir='ltr'><strong>sane</strong></span> <span class='ocrx_word' id='word_1_574' title='bbox 2877 3574 3194 3643; x_wconf 87' lang='lat' dir='ltr'><strong>sapientiam</strong></span> <span class='ocrx_word' id='word_1_575' title='bbox 3251 3582 3483 3627; x_wconf 83' lang='lat' dir='ltr'><strong>vestram</strong></span> <span class='ocrx_word' id='word_1_576' title='bbox 3528 3586 3650 3641; x_wconf 71' lang='lat' dir='ltr'><strong>quat</strong></span> 
     </span>
    </p>
   </div>
   <div class='ocr_carea' id='block_1_79' title="bbox 2072 3663 3649 3737">
    <p class='ocr_par' dir='ltr' id='par_1_79' title="bbox 2072 3663 3649 3737">
     <span class='ocr_line' id='line_1_79' title="bbox 2072 3663 3649 3737; baseline -0.003 -15"><span class='ocrx_word' id='word_1_577' title='bbox 2072 3667 2230 3737; x_wconf 78' lang='lat' dir='ltr'><strong>longo</strong></span> <span class='ocrx_word' id='word_1_578' title='bbox 2271 3667 2469 3722; x_wconf 82' lang='lat' dir='ltr'><strong>abhinc</strong></span> <span class='ocrx_word' id='word_1_579' title='bbox 2517 3675 2759 3732; x_wconf 88' lang='lat' dir='ltr'><strong>tempore</strong></span> <span class='ocrx_word' id='word_1_580' title='bbox 2796 3666 3026 3720; x_wconf 86' lang='lat' dir='ltr'><strong>aliorum</strong></span> <span class='ocrx_word' id='word_1_581' title='bbox 3072 3665 3420 3721; x_wconf 85' lang='lat' dir='ltr'><strong>sermonibus</strong></span> <span class='ocrx_word' id='word_1_582' title='bbox 3467 3663 3536 3719; x_wconf 88' lang='lat' dir='ltr'><strong>ad</strong></span> <span class='ocrx_word' id='word_1_583' title='bbox 3566 3679 3649 3717; x_wconf 83' lang='lat' dir='ltr'><strong>me</strong></span> 
     </span>
    </p>
   </div>
   <div class='ocr_carea' id='block_1_80' title="bbox 2072 3755 3648 3831">
    <p class='ocr_par' dir='ltr' id='par_1_80' title="bbox 2072 3755 3648 3831">
     <span class='ocr_line' id='line_1_80' title="bbox 2072 3755 3648 3831; baseline -0.003 -18"><span class='ocrx_word' id='word_1_584' title='bbox 2072 3766 2419 3831; x_wconf 83' lang='lat' dir='ltr'><strong>pervenerat.</strong></span> <span class='ocrx_word' id='word_1_585' title='bbox 2450 3755 2616 3825; x_wconf 87' lang='lat' dir='ltr'><strong>Cujus</strong></span> <span class='ocrx_word' id='word_1_586' title='bbox 2647 3756 2693 3812; x_wconf 84' lang='lat' dir='ltr'><strong>si</strong></span> <span class='ocrx_word' id='word_1_587' title='bbox 2732 3773 2835 3811; x_wconf 93' lang='lat' dir='ltr'><strong>non</strong></span> <span class='ocrx_word' id='word_1_588' title='bbox 2873 3757 3095 3827; x_wconf 85' lang='lat' dir='ltr'><strong>prOprio</strong></span> <span class='ocrx_word' id='word_1_589' title='bbox 3132 3758 3331 3812; x_wconf 91' lang='lat' dir='ltr'><strong>intuitu</strong></span> <span class='ocrx_word' id='word_1_590' title='bbox 3369 3758 3520 3812; x_wconf 88' lang='lat' dir='ltr'><strong>testis</strong></span> <span class='ocrx_word' id='word_1_591' title='bbox 3547 3757 3648 3819; x_wconf 83' lang='lat' dir='ltr'><strong>fui,</strong></span> 
     </span>
    </p>
   </div>
   <div class='ocr_carea' id='block_1_81' title="bbox 2073 3848 3645 3919">
    <p class='ocr_par' dir='ltr' id='par_1_81' title="bbox 2073 3848 3645 3919">
     <span class='ocr_line' id='line_1_81' title="bbox 2073 3848 3645 3919; baseline -0.004 -13"><span class='ocrx_word' id='word_1_592' title='bbox 2073 3854 2215 3906; x_wconf 88' lang='lat' dir='ltr'><strong>fama</strong></span> <span class='ocrx_word' id='word_1_593' title='bbox 2242 3850 2391 3906; x_wconf 74' lang='lat' dir='ltr'><strong>recte</strong></span> <span class='ocrx_word' id='word_1_594' title='bbox 2416 3848 2484 3905; x_wconf 88' lang='lat' dir='ltr'><strong>ad</strong></span> <span class='ocrx_word' id='word_1_595' title='bbox 2517 3863 2602 3904; x_wconf 89' lang='lat' dir='ltr'><strong>me</strong></span> <span class='ocrx_word' id='word_1_596' title='bbox 2629 3848 2834 3919; x_wconf 89' lang='lat' dir='ltr'><strong>perlata</strong></span> <span class='ocrx_word' id='word_1_597' title='bbox 2855 3858 2938 3903; x_wconf 94' lang='lat' dir='ltr'><strong>est</strong></span> <span class='ocrx_word' id='word_1_598' title='bbox 2970 3863 3129 3902; x_wconf 88' lang='lat' dir='ltr'><strong>avum</strong></span> <span class='ocrx_word' id='word_1_599' title='bbox 3160 3862 3225 3904; x_wconf 80' lang='lat' dir='ltr'><strong>ex</strong></span> <span class='ocrx_word' id='word_1_600' title='bbox 3267 3848 3445 3904; x_wconf 77' lang='lat' dir='ltr'><strong>ofﬁcio</strong></span> <span class='ocrx_word' id='word_1_601' title='bbox 3474 3849 3645 3919; x_wconf 64' lang='lat' dir='ltr'><strong>legem</strong></span> 
     </span>
    </p>
   </div>
   <div class='ocr_carea' id='block_1_82' title="bbox 2072 3939 3646 4009">
    <p class='ocr_par' dir='ltr' id='par_1_82' title="bbox 2072 3939 3646 4009">
     <span class='ocr_line' id='line_1_82' title="bbox 2072 3939 3646 4009; baseline -0.004 -13"><span class='ocrx_word' id='word_1_602' title='bbox 2072 3947 2522 4006; x_wconf 87' lang='lat' dir='ltr'><strong>monstraturum,</strong></span> <span class='ocrx_word' id='word_1_603' title='bbox 2572 3948 2779 4009; x_wconf 86' lang='lat' dir='ltr'><strong>patrem</strong></span> <span class='ocrx_word' id='word_1_604' title='bbox 2818 3939 2975 3993; x_wconf 88' lang='lat' dir='ltr'><strong>dulce</strong></span> <span class='ocrx_word' id='word_1_605' title='bbox 3020 3948 3430 3993; x_wconf 86' lang='lat' dir='ltr'><strong>conversantem</strong></span> <span class='ocrx_word' id='word_1_606' title='bbox 3470 3939 3646 4009; x_wconf 77' lang='lat' dir='ltr'><strong>legum</strong></span> 
     </span>
    </p>
   </div>
   <div class='ocr_carea' id='block_1_83' title="bbox 2070 4028 3646 4101">
    <p class='ocr_par' dir='ltr' id='par_1_83' title="bbox 2070 4028 3646 4101">
     <span class='ocr_line' id='line_1_83' title="bbox 2070 4028 3646 4101; baseline 0 -16"><span class='ocrx_word' id='word_1_607' title='bbox 2070 4030 2447 4086; x_wconf 86' lang='lat' dir='ltr'><strong>austeritatem</strong></span> <span class='ocrx_word' id='word_1_608' title='bbox 2481 4028 2744 4098; x_wconf 89' lang='lat' dir='ltr'><strong>obsequio</strong></span> <span class='ocrx_word' id='word_1_609' title='bbox 2768 4044 2871 4084; x_wconf 88' lang='lat' dir='ltr'><strong>suo</strong></span> <span class='ocrx_word' id='word_1_610' title='bbox 2906 4029 3176 4101; x_wconf 78' lang='lat' dir='ltr'><strong>mitigare,</strong></span> <span class='ocrx_word' id='word_1_611' title='bbox 3207 4037 3262 4082; x_wconf 90' lang='lat' dir='ltr'><strong>et</strong></span> <span class='ocrx_word' id='word_1_612' title='bbox 3287 4043 3381 4084; x_wconf 78' lang='lat' dir='ltr'><strong>vos</strong></span> <span class='ocrx_word' id='word_1_613' title='bbox 3410 4044 3476 4085; x_wconf 79' lang='lat' dir='ltr'><strong>ex</strong></span> <span class='ocrx_word' id='word_1_614' title='bbox 3526 4031 3646 4085; x_wconf 90' lang='lat' dir='ltr'><strong>istis</strong></span> 
     </span>
    </p>
   </div>
   <div class='ocr_carea' id='block_1_84' title="bbox 2066 4120 3645 4190">
    <p class='ocr_par' dir='ltr' id='par_1_84' title="bbox 2066 4120 3645 4190">
     <span class='ocr_line' id='line_1_84' title="bbox 2066 4120 3645 4190; baseline -0.003 -9"><span class='ocrx_word' id='word_1_615' title='bbox 2066 4123 2249 4181; x_wconf 84' lang='lat' dir='ltr'><strong>omnia</strong></span> <span class='ocrx_word' id='word_1_616' title='bbox 2309 4121 2457 4177; x_wconf 89' lang='lat' dir='ltr'><strong>ferre</strong></span> <span class='ocrx_word' id='word_1_617' title='bbox 2521 4135 2640 4190; x_wconf 79' lang='lat' dir='ltr'><strong>quae</strong></span> <span class='ocrx_word' id='word_1_618' title='bbox 2682 4120 2759 4174; x_wconf 92' lang='lat' dir='ltr'><strong>illi</strong></span> <span class='ocrx_word' id='word_1_619' title='bbox 2821 4132 3265 4190; x_wconf 71' lang='lat' dir='ltr'><strong>pmoccnpantcs</strong></span> <span class='ocrx_word' id='word_1_620' title='bbox 3301 4161 3317 4176; x_wconf 91' lang='lat'><strong>.</strong></span> <span class='ocrx_word' id='word_1_621' title='bbox 3351 4158 3368 4175; x_wconf 93' lang='lat'><strong>.</strong></span> <span class='ocrx_word' id='word_1_622' title='bbox 3416 4162 3431 4177; x_wconf 94' lang='lat'><strong>.</strong></span> <span class='ocrx_word' id='word_1_623' title='bbox 3472 4165 3488 4177; x_wconf 92' lang='lat'><strong>.</strong></span> <span class='ocrx_word' id='word_1_624' title='bbox 3540 4122 3645 4178; x_wconf 86' lang='lat' dir='ltr'><strong>sibi</strong></span> 
     </span>
    </p>
   </div>
   <div class='ocr_carea' id='block_1_85' title="bbox 388 4210 1970 4296">
    <p class='ocr_par' dir='ltr' id='par_1_85' title="bbox 388 4210 1962 4296">
     <span class='ocr_line' id='line_1_85' title="bbox 388 4210 1962 4296; baseline 0.009 -32"><span class='ocrx_word' id='word_1_625' title='bbox 388 4210 695 4282; x_wconf 67' lang='grc' dir='ltr'><strong>ἐνείμαντο.</strong></span> <span class='ocrx_word' id='word_1_626' title='bbox 727 4217 823 4270; x_wconf 89' lang='grc' dir='ltr'><strong>Ὃν</strong></span> <span class='ocrx_word' id='word_1_627' title='bbox 854 4215 947 4272; x_wconf 78' lang='grc' dir='ltr'><strong>οὖν</strong></span> <span class='ocrx_word' id='word_1_628' title='bbox 975 4216 1148 4287; x_wconf 76' lang='grc' dir='ltr'><strong>ἔγνων</strong></span> <span class='ocrx_word' id='word_1_629' title='bbox 1194 4219 1410 4291; x_wconf 83' lang='grc' dir='ltr'><strong>πρῶτον</strong></span> <span class='ocrx_word' id='word_1_630' title='bbox 1444 4221 1523 4293; x_wconf 84' lang='grc' dir='ltr'><strong>τῷ</strong></span> <span class='ocrx_word' id='word_1_631' title='bbox 1572 4221 1736 4294; x_wconf 84' lang='grc' dir='ltr'><strong>λόγῳ,</strong></span> <span class='ocrx_word' id='word_1_632' title='bbox 1767 4223 1863 4278; x_wconf 80' lang='grc' dir='ltr'><strong>νῦν</strong></span> <span class='ocrx_word' id='word_1_633' title='bbox 1894 4226 1962 4296; x_wconf 76' lang='grc' dir='ltr'><strong>τῇ</strong></span> 
     </span>
    </p>
   </div>
   <div class='ocr_carea' id='block_1_86' title="bbox 2080 4210 3643 4296">
    <p class='ocr_par' dir='ltr' id='par_1_86' title="bbox 2080 4212 3643 4286">
     <span class='ocr_line' id='line_1_86' title="bbox 2080 4212 3643 4286; baseline -0.002 -15"><span class='ocrx_word' id='word_1_634' title='bbox 2080 4215 2250 4282; x_wconf 60' lang='lat' dir='ltr'><strong>partiti</strong></span> <span class='ocrx_word' id='word_1_635' title='bbox 2309 4223 2455 4270; x_wconf 89' lang='lat' dir='ltr'><strong>sunt.</strong></span> <span class='ocrx_word' id='word_1_636' title='bbox 2511 4212 2682 4281; x_wconf 83' lang='lat' dir='ltr'><strong>Quem</strong></span> <span class='ocrx_word' id='word_1_637' title='bbox 2730 4214 3077 4268; x_wconf 87' lang='lat' dir='ltr'><strong>sermonibus</strong></span> <span class='ocrx_word' id='word_1_638' title='bbox 3131 4214 3359 4268; x_wconf 85' lang='lat' dir='ltr'><strong>aliorum</strong></span> <span class='ocrx_word' id='word_1_639' title='bbox 3418 4217 3643 4286; x_wconf 71' lang='lat' dir='ltr'><strong>cegnovi</strong></span> 
     </span>
    </p>
   </div>
   <div class='ocr_carea' id='block_1_87' title="bbox 388 4302 1970 4389">
    <p class='ocr_par' dir='ltr' id='par_1_87' title="bbox 388 4304 1960 4389">
     <span class='ocr_line' id='line_1_87' title="bbox 388 4304 1960 4389; baseline 0.009 -33"><span class='ocrx_word' id='word_1_640' title='bbox 388 4304 556 4377; x_wconf 85' lang='grc' dir='ltr'><strong>πείρᾳ</strong></span> <span class='ocrx_word' id='word_1_641' title='bbox 580 4305 790 4376; x_wconf 88' lang='grc' dir='ltr'><strong>μαθὼν,</strong></span> <span class='ocrx_word' id='word_1_642' title='bbox 817 4308 1126 4382; x_wconf 83' lang='grc' dir='ltr'><strong>Εὐδαίμων,</strong></span> <span class='ocrx_word' id='word_1_643' title='bbox 1171 4311 1331 4385; x_wconf 73' lang='grc' dir='ltr'><strong>ἔφην,</strong></span> <span class='ocrx_word' id='word_1_644' title='bbox 1366 4315 1401 4385; x_wconf 87' lang='grc' dir='ltr'><strong>ή</strong></span> <span class='ocrx_word' id='word_1_645' title='bbox 1456 4315 1631 4382; x_wconf 81' lang='grc' dir='ltr'><strong>πόλις,</strong></span> <span class='ocrx_word' id='word_1_646' title='bbox 1664 4318 1722 4371; x_wconf 82' lang='grc' dir='ltr'><strong>ὲν</strong></span> <span class='ocrx_word' id='word_1_647' title='bbox 1746 4311 1779 4389; x_wconf 84' lang='grc' dir='ltr'><strong>ᾖ</strong></span> <span class='ocrx_word' id='word_1_648' title='bbox 1806 4318 1960 4386; x_wconf 85' lang='grc' dir='ltr'><strong>γένος</strong></span> 
     </span>
    </p>
   </div>
   <div class='ocr_carea' id='block_1_88' title="bbox 2080 4302 3644 4389">
    <p class='ocr_par' dir='ltr' id='par_1_88' title="bbox 2080 4302 3644 4375">
     <span class='ocr_line' id='line_1_88' title="bbox 2080 4302 3644 4375; baseline 0.001 -17"><span class='ocrx_word' id='word_1_649' title='bbox 2080 4318 2207 4359; x_wconf 80' lang='lat' dir='ltr'><strong>tunc</strong></span> <span class='ocrx_word' id='word_1_650' title='bbox 2235 4303 2565 4372; x_wconf 79' lang='lat' dir='ltr'><strong>experientia</strong></span> <span class='ocrx_word' id='word_1_651' title='bbox 2595 4302 2716 4356; x_wconf 87' lang='lat' dir='ltr'><strong>novi</strong></span> <span class='ocrx_word' id='word_1_652' title='bbox 2744 4319 2759 4368; x_wconf 87' lang='lat'><strong>;</strong></span> <span class='ocrx_word' id='word_1_653' title='bbox 2789 4302 2981 4368; x_wconf 86' lang='lat' dir='ltr'><strong>Beata,</strong></span> <span class='ocrx_word' id='word_1_654' title='bbox 3013 4304 3259 4372; x_wconf 82' lang='lat' dir='ltr'><strong>inquam,</strong></span> <span class='ocrx_word' id='word_1_655' title='bbox 3290 4306 3419 4358; x_wconf 88' lang='lat' dir='ltr'><strong>urbs</strong></span> <span class='ocrx_word' id='word_1_656' title='bbox 3445 4306 3497 4360; x_wconf 85' lang='lat' dir='ltr'><strong>in</strong></span> <span class='ocrx_word' id='word_1_657' title='bbox 3538 4321 3644 4375; x_wconf 84' lang='lat' dir='ltr'><strong>qua</strong></span> 
     </span>
    </p>
   </div>
   <div class='ocr_carea' id='block_1_89' title="bbox 386 4392 1970 4497">
    <p class='ocr_par' dir='ltr' id='par_1_89' title="bbox 386 4395 1958 4497">
     <span class='ocr_line' id='line_1_89' title="bbox 386 4395 1958 4497; baseline 0.01 -49"><span class='ocrx_word' id='word_1_658' title='bbox 386 4395 530 4450; x_wconf 76' lang='grc' dir='ltr'><strong>οὕτω</strong></span> <span class='ocrx_word' id='word_1_659' title='bbox 572 4400 792 4497; x_wconf 78' lang='grc' dir='ltr'><strong>σεμνὸν,</strong></span> <span class='ocrx_word' id='word_1_660' title='bbox 817 4403 914 4497; x_wconf 77' lang='grc' dir='ltr'><strong>καὶ</strong></span> <span class='ocrx_word' id='word_1_661' title='bbox 944 4405 1075 4468; x_wconf 86' lang='grc' dir='ltr'><strong>παῖς</strong></span> <span class='ocrx_word' id='word_1_662' title='bbox 1100 4406 1165 4461; x_wconf 74' lang='grc' dir='ltr'><strong>ἐκ</strong></span> <span class='ocrx_word' id='word_1_663' title='bbox 1192 4407 1398 4478; x_wconf 75' lang='grc' dir='ltr'><strong>πατρὸς</strong></span> <span class='ocrx_word' id='word_1_664' title='bbox 1422 4406 1520 4477; x_wconf 81' lang='grc' dir='ltr'><strong>τὴν</strong></span> <span class='ocrx_word' id='word_1_665' title='bbox 1548 4408 1727 4481; x_wconf 81' lang='grc' dir='ltr'><strong>ἀρχὴν</strong></span> <span class='ocrx_word' id='word_1_666' title='bbox 1780 4408 1958 4463; x_wconf 87' lang='grc' dir='ltr'><strong>διαδέ-</strong></span> 
     </span>
    </p>
   </div>
   <div class='ocr_carea' id='block_1_90' title="bbox 2080 4392 3716 4497">
    <p class='ocr_par' dir='ltr' id='par_1_90' title="bbox 2080 4392 3716 4470">
     <span class='ocr_line' id='line_1_90' title="bbox 2080 4392 3716 4470; baseline 0.001 -17"><span class='ocrx_word' id='word_1_667' title='bbox 2080 4411 2233 4470; x_wconf 72' lang='lat' dir='ltr'><strong>genus</strong></span> <span class='ocrx_word' id='word_1_668' title='bbox 2265 4406 2372 4451; x_wconf 90' lang='lat' dir='ltr'><strong>tam</strong></span> <span class='ocrx_word' id='word_1_669' title='bbox 2403 4394 2711 4451; x_wconf 77' lang='lat' dir='ltr'><strong>venerabile</strong></span> <span class='ocrx_word' id='word_1_670' title='bbox 2752 4404 2807 4449; x_wconf 91' lang='lat' dir='ltr'><strong>et</strong></span> <span class='ocrx_word' id='word_1_671' title='bbox 2835 4395 2987 4451; x_wconf 79' lang='lat' dir='ltr'><strong>[ilius</strong></span> <span class='ocrx_word' id='word_1_672' title='bbox 3021 4413 3050 4449; x_wconf 87' lang='lat' dir='ltr'><strong>a</strong></span> <span class='ocrx_word' id='word_1_673' title='bbox 3090 4408 3245 4465; x_wconf 83' lang='lat' dir='ltr'><strong>patre</strong></span> <span class='ocrx_word' id='word_1_674' title='bbox 3274 4392 3640 4468; x_wconf 86' lang='lat' dir='ltr'><strong>principatum</strong></span> <span class='ocrx_word' id='word_1_675' title='bbox 3710 4458 3716 4467; x_wconf 53' lang='grc'><strong>,</strong></span> 
     </span>
    </p>
   </div>
   <div class='ocr_carea' id='block_1_91' title="bbox 388 4492 1970 4569">
    <p class='ocr_par' dir='ltr' id='par_1_91' title="bbox 388 4492 1958 4569">
     <span class='ocr_line' id='line_1_91' title="bbox 388 4492 1958 4569; baseline 0.007 -26"><span class='ocrx_word' id='word_1_676' title='bbox 388 4504 543 4557; x_wconf 85' lang='grc' dir='ltr'><strong>χεται</strong></span> <span class='ocrx_word' id='word_1_677' title='bbox 564 4507 579 4521; x_wconf 79' lang='grc' dir='ltr'><strong>ο</strong></span> <span class='ocrx_word' id='word_1_678' title='bbox 609 4492 950 4565; x_wconf 77' lang='grc' dir='ltr'><strong>εὐδαιμόνων</strong></span> <span class='ocrx_word' id='word_1_679' title='bbox 978 4495 1036 4550; x_wconf 73' lang='grc' dir='ltr'><strong>δὲ</strong></span> <span class='ocrx_word' id='word_1_680' title='bbox 1065 4498 1316 4569; x_wconf 83' lang='grc' dir='ltr'><strong>πατέρων</strong></span> <span class='ocrx_word' id='word_1_681' title='bbox 1336 4500 1544 4564; x_wconf 80' lang='grc' dir='ltr'><strong>παῖδες,</strong></span> <span class='ocrx_word' id='word_1_682' title='bbox 1570 4500 1685 4554; x_wconf 80' lang='grc' dir='ltr'><strong>ὅσοι</strong></span> <span class='ocrx_word' id='word_1_683' title='bbox 1714 4499 1810 4553; x_wconf 79' lang='grc' dir='ltr'><strong>τοῦ</strong></span> <span class='ocrx_word' id='word_1_684' title='bbox 1842 4501 1958 4569; x_wconf 76' lang='grc' dir='ltr'><strong>βίον</strong></span> 
     </span>
    </p>
   </div>
   <div class='ocr_carea' id='block_1_92' title="bbox 2080 4492 3640 4569">
    <p class='ocr_par' dir='ltr' id='par_1_92' title="bbox 2080 4495 3640 4569">
     <span class='ocr_line' id='line_1_92' title="bbox 2080 4495 3640 4569; baseline 0.001 -18"><span class='ocrx_word' id='word_1_685' title='bbox 2080 4495 2274 4552; x_wconf 76' lang='lat' dir='ltr'><strong>)btinet</strong></span> <span class='ocrx_word' id='word_1_686' title='bbox 2305 4512 2320 4549; x_wconf 89' lang='lat'><strong>:</strong></span> <span class='ocrx_word' id='word_1_687' title='bbox 2354 4497 2495 4551; x_wconf 87' lang='lat' dir='ltr'><strong>beati</strong></span> <span class='ocrx_word' id='word_1_688' title='bbox 2551 4505 2803 4566; x_wconf 86' lang='lat' dir='ltr'><strong>parentes</strong></span> <span class='ocrx_word' id='word_1_689' title='bbox 2843 4496 3078 4552; x_wconf 73' lang='lat' dir='ltr'><strong>filiorum</strong></span> <span class='ocrx_word' id='word_1_690' title='bbox 3116 4499 3213 4567; x_wconf 90' lang='lat' dir='ltr'><strong>qui</strong></span> <span class='ocrx_word' id='word_1_691' title='bbox 3250 4500 3372 4555; x_wconf 68' lang='lat' dir='ltr'><strong>vitae</strong></span> <span class='ocrx_word' id='word_1_692' title='bbox 3403 4515 3553 4569; x_wconf 87' lang='lat' dir='ltr'><strong>spem</strong></span> <span class='ocrx_word' id='word_1_693' title='bbox 3587 4500 3640 4554; x_wconf 93' lang='lat' dir='ltr'><strong>in</strong></span> 
     </span>
    </p>
   </div>
   <div class='ocr_carea' id='block_1_93' title="bbox 384 4580 1970 4662">
    <p class='ocr_par' dir='ltr' id='par_1_93' title="bbox 384 4580 1961 4662">
     <span class='ocr_line' id='line_1_93' title="bbox 384 4580 1961 4662; baseline 0.01 -30"><span class='ocrx_word' id='word_1_694' title='bbox 384 4580 486 4642; x_wconf 82' lang='grc' dir='ltr'><strong>τὰς</strong></span> <span class='ocrx_word' id='word_1_695' title='bbox 517 4582 741 4648; x_wconf 72' lang='grc' dir='ltr'><strong>ἐλπίδας</strong></span> <span class='ocrx_word' id='word_1_696' title='bbox 790 4585 880 4655; x_wconf 77' lang='grc' dir='ltr'><strong>ἐφ’</strong></span> <span class='ocrx_word' id='word_1_697' title='bbox 907 4590 1043 4658; x_wconf 80' lang='grc' dir='ltr'><strong>ήμῖν</strong></span> <span class='ocrx_word' id='word_1_698' title='bbox 1104 4590 1433 4662; x_wconf 73' lang='grc' dir='ltr'><strong>ἐποιήσαντο</strong></span> <span class='ocrx_word' id='word_1_699' title='bbox 1458 4605 1474 4621; x_wconf 81' lang='grc'><strong><em>⁸</em></strong></span> <span class='ocrx_word' id='word_1_700' title='bbox 1527 4592 1642 4647; x_wconf 83' lang='grc' dir='ltr'><strong>ἀλλ’</strong></span> <span class='ocrx_word' id='word_1_701' title='bbox 1676 4591 1790 4647; x_wconf 74' lang='grc' dir='ltr'><strong>εἴθε</strong></span> <span class='ocrx_word' id='word_1_702' title='bbox 1841 4609 1961 4658; x_wconf 85' lang='grc' dir='ltr'><strong>πως</strong></span> 
     </span>
    </p>
   </div>
   <div class='ocr_carea' id='block_1_94' title="bbox 2080 4580 3640 4662">
    <p class='ocr_par' dir='ltr' id='par_1_94' title="bbox 2080 4585 3640 4660">
     <span class='ocr_line' id='line_1_94' title="bbox 2080 4585 3640 4660; baseline 0.003 -18"><span class='ocrx_word' id='word_1_703' title='bbox 2080 4587 2219 4644; x_wconf 65' lang='lat' dir='ltr'><strong>nobis</strong></span> <span class='ocrx_word' id='word_1_704' title='bbox 2262 4596 2581 4658; x_wconf 88' lang='lat' dir='ltr'><strong>posuerunt.</strong></span> <span class='ocrx_word' id='word_1_705' title='bbox 2615 4585 2832 4643; x_wconf 85' lang='lat' dir='ltr'><strong>Utinam</strong></span> <span class='ocrx_word' id='word_1_706' title='bbox 2870 4587 3149 4644; x_wconf 83' lang='lat' dir='ltr'><strong>vobiscum</strong></span> <span class='ocrx_word' id='word_1_707' title='bbox 3184 4605 3305 4644; x_wconf 90' lang='lat' dir='ltr'><strong>esse</strong></span> <span class='ocrx_word' id='word_1_708' title='bbox 3338 4593 3640 4660; x_wconf 81' lang='lat' dir='ltr'><strong>potuissem</strong></span> 
     </span>
    </p>
   </div>
   <div class='ocr_carea' id='block_1_95' title="bbox 384 4670 1970 4753">
    <p class='ocr_par' dir='ltr' id='par_1_95' title="bbox 384 4670 1955 4753">
     <span class='ocr_line' id='line_1_95' title="bbox 384 4670 1955 4753; baseline 0.01 -29"><span class='ocrx_word' id='word_1_709' title='bbox 384 4670 660 4743; x_wconf 67' lang='grc' dir='ltr'><strong>ἐδυνάμην</strong></span> <span class='ocrx_word' id='word_1_710' title='bbox 688 4676 929 4729; x_wconf 86' lang='grc' dir='ltr'><strong>συνεῖναι</strong></span> <span class='ocrx_word' id='word_1_711' title='bbox 962 4679 1056 4733; x_wconf 83' lang='grc' dir='ltr'><strong>καὶ</strong></span> <span class='ocrx_word' id='word_1_712' title='bbox 1073 4679 1176 4750; x_wconf 82' lang='grc' dir='ltr'><strong>τῆς</strong></span> <span class='ocrx_word' id='word_1_713' title='bbox 1210 4680 1313 4750; x_wconf 79' lang='grc' dir='ltr'><strong>σῆς</strong></span> <span class='ocrx_word' id='word_1_714' title='bbox 1335 4682 1698 4753; x_wconf 77' lang='grc' dir='ltr'><strong>ἐμφορεῖσθαι</strong></span> <span class='ocrx_word' id='word_1_715' title='bbox 1727 4684 1955 4751; x_wconf 80' lang='grc' dir='ltr'><strong>παιδεύ-</strong></span> 
     </span>
    </p>
   </div>
   <div class='ocr_carea' id='block_1_96' title="bbox 2080 4670 3636 4753">
    <p class='ocr_par' dir='ltr' id='par_1_96' title="bbox 2080 4680 3636 4749">
     <span class='ocr_line' id='line_1_96' title="bbox 2080 4680 3636 4749; baseline 0.002 -14"><span class='ocrx_word' id='word_1_716' title='bbox 2080 4697 2125 4737; x_wconf 71' lang='lat' dir='ltr'><strong>ne</strong></span> <span class='ocrx_word' id='word_1_717' title='bbox 2147 4692 2323 4737; x_wconf 88' lang='lat' dir='ltr'><strong>vestra</strong></span> <span class='ocrx_word' id='word_1_718' title='bbox 2350 4680 2455 4735; x_wconf 88' lang='lat' dir='ltr'><strong>frui</strong></span> <span class='ocrx_word' id='word_1_719' title='bbox 2493 4680 2811 4749; x_wconf 84' lang='lat' dir='ltr'><strong>disciplina!</strong></span> <span class='ocrx_word' id='word_1_720' title='bbox 2837 4680 2939 4736; x_wconf 87' lang='lat' dir='ltr'><strong>Sed</strong></span> <span class='ocrx_word' id='word_1_721' title='bbox 2978 4682 3205 4736; x_wconf 89' lang='lat' dir='ltr'><strong>multum</strong></span> <span class='ocrx_word' id='word_1_722' title='bbox 3238 4684 3550 4740; x_wconf 73' lang='lat' dir='ltr'><strong>hominibus</strong></span> <span class='ocrx_word' id='word_1_723' title='bbox 3583 4685 3636 4739; x_wconf 91' lang='lat' dir='ltr'><strong>in</strong></span> 
     </span>
    </p>
   </div>
   <div class='ocr_carea' id='block_1_97' title="bbox 385 4762 1970 4849">
    <p class='ocr_par' dir='ltr' id='par_1_97' title="bbox 385 4762 1953 4849">
     <span class='ocr_line' id='line_1_97' title="bbox 385 4762 1953 4849; baseline 0.011 -37"><span class='ocrx_word' id='word_1_724' title='bbox 385 4776 526 4825; x_wconf 82' lang='grc' dir='ltr'><strong>σεως</strong></span> <span class='ocrx_word' id='word_1_725' title='bbox 555 4778 572 4795; x_wconf 80' lang='grc' dir='ltr'><strong><em>ο</em></strong></span> <span class='ocrx_word' id='word_1_726' title='bbox 602 4762 740 4816; x_wconf 81' lang='grc' dir='ltr'><strong>ἀλλὰ</strong></span> <span class='ocrx_word' id='word_1_727' title='bbox 767 4764 913 4835; x_wconf 82' lang='grc' dir='ltr'><strong>μέγα</strong></span> <span class='ocrx_word' id='word_1_728' title='bbox 953 4769 1071 4833; x_wconf 85' lang='grc' dir='ltr'><strong>τοῖς</strong></span> <span class='ocrx_word' id='word_1_729' title='bbox 1096 4770 1408 4843; x_wconf 78' lang='grc' dir='ltr'><strong>ἀνθρώποις</strong></span> <span class='ocrx_word' id='word_1_730' title='bbox 1435 4775 1517 4836; x_wconf 84' lang='grc' dir='ltr'><strong>εις</strong></span> <span class='ocrx_word' id='word_1_731' title='bbox 1538 4774 1719 4828; x_wconf 87' lang='grc' dir='ltr'><strong>πόθον.</strong></span> <span class='ocrx_word' id='word_1_732' title='bbox 1748 4777 1897 4830; x_wconf 75' lang='grc' dir='ltr'><strong>ἐστὶν</strong></span> <span class='ocrx_word' id='word_1_733' title='bbox 1920 4780 1953 4849; x_wconf 89' lang='grc' dir='ltr'><strong>ή</strong></span> 
     </span>
    </p>
   </div>
   <div class='ocr_carea' id='block_1_98' title="bbox 2080 4762 3638 4849">
    <p class='ocr_par' dir='ltr' id='par_1_98' title="bbox 2080 4769 3638 4846">
     <span class='ocr_line' id='line_1_98' title="bbox 2080 4769 3638 4846; baseline 0.004 -20"><span class='ocrx_word' id='word_1_734' title='bbox 2080 4769 2326 4827; x_wconf 82' lang='lat' dir='ltr'><strong>lesiderio</strong></span> <span class='ocrx_word' id='word_1_735' title='bbox 2353 4779 2437 4827; x_wconf 86' lang='lat' dir='ltr'><strong>est</strong></span> <span class='ocrx_word' id='word_1_736' title='bbox 2464 4771 2721 4841; x_wconf 76' lang='lat' dir='ltr'><strong>p:itria,et</strong></span> <span class='ocrx_word' id='word_1_737' title='bbox 2748 4771 2901 4827; x_wconf 87' lang='lat' dir='ltr'><strong>testis</strong></span> <span class='ocrx_word' id='word_1_738' title='bbox 2920 4783 3006 4827; x_wconf 83' lang='lat' dir='ltr'><strong>est</strong></span> <span class='ocrx_word' id='word_1_739' title='bbox 3037 4773 3255 4845; x_wconf 82' lang='lat' dir='ltr'><strong>Ulysses</strong></span> <span class='ocrx_word' id='word_1_740' title='bbox 3281 4776 3373 4846; x_wconf 87' lang='lat' dir='ltr'><strong>qui</strong></span> <span class='ocrx_word' id='word_1_741' title='bbox 3404 4786 3463 4831; x_wconf 89' lang='lat' dir='ltr'><strong>ut</strong></span> <span class='ocrx_word' id='word_1_742' title='bbox 3491 4777 3638 4833; x_wconf 82' lang='lat' dir='ltr'><strong>Itba-</strong></span> 
     </span>
    </p>
   </div>
   <div class='ocr_carea' id='block_1_99' title="bbox 382 4852 1970 4958">
    <p class='ocr_par' dir='ltr' id='par_1_99' title="bbox 382 4852 1951 4958">
     <span class='ocr_line' id='line_1_99' title="bbox 382 4852 1951 4958; baseline 0.013 -54"><span class='ocrx_word' id='word_1_743' title='bbox 382 4852 584 4958; x_wconf 57' lang='grc' dir='ltr'><strong>’ἱατρίς</strong></span> <span class='ocrx_word' id='word_1_744' title='bbox 615 4869 631 4886; x_wconf 75' lang='grc' dir='ltr'><strong>ο</strong></span> <span class='ocrx_word' id='word_1_745' title='bbox 666 4855 762 4958; x_wconf 75' lang='grc' dir='ltr'><strong>καὶ</strong></span> <span class='ocrx_word' id='word_1_746' title='bbox 789 4857 1004 4958; x_wconf 38' lang='lat' dir='ltr'><strong>pip-ru;</strong></span> <span class='ocrx_word' id='word_1_747' title='bbox 1041 4861 1334 4927; x_wconf 82' lang='grc' dir='ltr'><strong>Ὀδυσσεὺς</strong></span> <span class='ocrx_word' id='word_1_748' title='bbox 1378 4864 1478 4936; x_wconf 80' lang='grc' dir='ltr'><strong>τὴν</strong></span> <span class='ocrx_word' id='word_1_749' title='bbox 1530 4866 1774 4937; x_wconf 72' lang='grc' dir='ltr'><strong>Καλυψὼ</strong></span> <span class='ocrx_word' id='word_1_750' title='bbox 1808 4885 1951 4941; x_wconf 82' lang='grc' dir='ltr'><strong>παρ-</strong></span> 
     </span>
    </p>
   </div>
   <div class='ocr_carea' id='block_1_100' title="bbox 2080 4852 3636 4958">
    <p class='ocr_par' dir='ltr' id='par_1_100' title="bbox 2080 4862 3636 4939">
     <span class='ocr_line' id='line_1_100' title="bbox 2080 4862 3636 4939; baseline 0.007 -24"><span class='ocrx_word' id='word_1_751' title='bbox 2080 4880 2173 4917; x_wconf 73' lang='lat' dir='ltr'><strong>mn</strong></span> <span class='ocrx_word' id='word_1_752' title='bbox 2223 4864 2430 4920; x_wconf 79' lang='lat' dir='ltr'><strong>videret</strong></span> <span class='ocrx_word' id='word_1_753' title='bbox 2471 4862 2706 4935; x_wconf 82' lang='lat' dir='ltr'><strong>Calypso</strong></span> <span class='ocrx_word' id='word_1_754' title='bbox 2752 4865 3028 4936; x_wconf 76' lang='lat' dir='ltr'><strong>despexit.</strong></span> <span class='ocrx_word' id='word_1_755' title='bbox 3069 4868 3295 4939; x_wconf 76' lang='lat' dir='ltr'><strong>Insuper</strong></span> <span class='ocrx_word' id='word_1_756' title='bbox 3322 4885 3431 4924; x_wconf 89' lang='lat' dir='ltr'><strong>non</strong></span> <span class='ocrx_word' id='word_1_757' title='bbox 3473 4869 3636 4926; x_wconf 85' lang='lat' dir='ltr'><strong>licere</strong></span> 
     </span>
    </p>
   </div>
   <div class='ocr_carea' id='block_1_101' title="bbox 387 4939 1970 5032">
    <p class='ocr_par' dir='ltr' id='par_1_101' title="bbox 387 4939 1957 5032">
     <span class='ocr_line' id='line_1_101' title="bbox 387 4939 1957 5032; baseline 0.013 -39"><span class='ocrx_word' id='word_1_758' title='bbox 387 4939 514 5032; x_wconf 84' lang='grc' dir='ltr'><strong>ιδὼν</strong></span> <span class='ocrx_word' id='word_1_759' title='bbox 543 4941 761 5032; x_wconf 23' lang='grc' dir='ltr'><strong>ἶναμτὴν</strong></span> <span class='ocrx_word' id='word_1_760' title='bbox 807 4947 1027 5019; x_wconf 83' lang='grc' dir='ltr'><strong>Ἰθάκην</strong></span> <span class='ocrx_word' id='word_1_761' title='bbox 1067 4951 1360 5025; x_wconf 77' lang='grc' dir='ltr'><strong>θεάσηταιο</strong></span> <span class='ocrx_word' id='word_1_762' title='bbox 1393 4956 1529 5025; x_wconf 74' lang='grc' dir='ltr'><strong>πρὸς</strong></span> <span class='ocrx_word' id='word_1_763' title='bbox 1557 4957 1616 5011; x_wconf 83' lang='grc' dir='ltr'><strong>δὲ</strong></span> <span class='ocrx_word' id='word_1_764' title='bbox 1641 4960 1737 5013; x_wconf 77' lang='grc' dir='ltr'><strong>καὶ</strong></span> <span class='ocrx_word' id='word_1_765' title='bbox 1769 4960 1830 5014; x_wconf 86' lang='grc' dir='ltr'><strong>ού</strong></span> <span class='ocrx_word' id='word_1_766' title='bbox 1867 4939 1957 5014; x_wconf 78' lang='grc' dir='ltr'><strong>θε-</strong></span> 
     </span>
    </p>
   </div>
   <div class='ocr_carea' id='block_1_102' title="bbox 2080 4939 3638 5032">
    <p class='ocr_par' dir='ltr' id='par_1_102' title="bbox 2080 4955 3638 5032">
     <span class='ocr_line' id='line_1_102' title="bbox 2080 4955 3638 5032; baseline 0.004 -22"><span class='ocrx_word' id='word_1_767' title='bbox 2080 4955 2188 5011; x_wconf 86' lang='lat' dir='ltr'><strong>nibi</strong></span> <span class='ocrx_word' id='word_1_768' title='bbox 2224 4957 2440 5010; x_wconf 84' lang='lat' dir='ltr'><strong>videtur</strong></span> <span class='ocrx_word' id='word_1_769' title='bbox 2480 4957 2668 5011; x_wconf 88' lang='lat' dir='ltr'><strong>urbem</strong></span> <span class='ocrx_word' id='word_1_770' title='bbox 2716 4956 2948 5012; x_wconf 86' lang='lat' dir='ltr'><strong>alienam</strong></span> <span class='ocrx_word' id='word_1_771' title='bbox 2984 4960 3086 5015; x_wconf 88' lang='lat' dir='ltr'><strong>sibi</strong></span> <span class='ocrx_word' id='word_1_772' title='bbox 3135 4975 3402 5031; x_wconf 81' lang='lat' dir='ltr'><strong>usurpare</strong></span> <span class='ocrx_word' id='word_1_773' title='bbox 3438 4973 3638 5032; x_wconf 65' lang='lat' dir='ltr'><strong>praeter</strong></span> 
     </span>
    </p>
   </div>
   <div class='ocr_carea' id='block_1_103' title="bbox 386 5031 1970 5138">
    <p class='ocr_par' dir='ltr' id='par_1_103' title="bbox 386 5031 1951 5138">
     <span class='ocr_line' id='line_1_103' title="bbox 386 5031 1951 5138; baseline 0.015 -54"><span class='ocrx_word' id='word_1_774' title='bbox 386 5031 559 5138; x_wconf 36' lang='grc' dir='ltr'><strong>μιτδν.</strong></span> <span class='ocrx_word' id='word_1_775' title='bbox 607 5031 749 5138; x_wconf 79' lang='grc' dir='ltr'><strong>εἶναί</strong></span> <span class='ocrx_word' id='word_1_776' title='bbox 814 5056 905 5110; x_wconf 89' lang='grc' dir='ltr'><strong>μοι</strong></span> <span class='ocrx_word' id='word_1_777' title='bbox 961 5041 1109 5097; x_wconf 78' lang='grc' dir='ltr'><strong>δοκεῖ</strong></span> <span class='ocrx_word' id='word_1_778' title='bbox 1159 5045 1316 5101; x_wconf 87' lang='grc' dir='ltr'><strong>πόλιν</strong></span> <span class='ocrx_word' id='word_1_779' title='bbox 1364 5047 1644 5121; x_wconf 84' lang='grc' dir='ltr'><strong>ἀλλότριον</strong></span> <span class='ocrx_word' id='word_1_780' title='bbox 1670 5051 1825 5123; x_wconf 69' lang='grc' dir='ltr'><strong>παρὰ</strong></span> <span class='ocrx_word' id='word_1_781' title='bbox 1858 5055 1951 5108; x_wconf 72' lang='grc' dir='ltr'><strong>τὸν</strong></span> 
     </span>
    </p>
   </div>
   <div class='ocr_carea' id='block_1_104' title="bbox 2080 5031 3630 5138">
    <p class='ocr_par' dir='ltr' id='par_1_104' title="bbox 2082 5031 3630 5124">
     <span class='ocr_line' id='line_1_104' title="bbox 2082 5031 3630 5124; baseline 0.006 -20"><span class='ocrx_word' id='word_1_782' title='bbox 2082 5052 2314 5106; x_wconf 89' lang='lat' dir='ltr'><strong>ationem</strong></span> <span class='ocrx_word' id='word_1_783' title='bbox 2332 5049 2488 5119; x_wconf 84' lang='lat' dir='ltr'><strong>justi.</strong></span> <span class='ocrx_word' id='word_1_784' title='bbox 2523 5050 2642 5106; x_wconf 88' lang='lat' dir='ltr'><strong>Ideo</strong></span> <span class='ocrx_word' id='word_1_785' title='bbox 2675 5050 2807 5105; x_wconf 86' lang='lat' dir='ltr'><strong>mihi</strong></span> <span class='ocrx_word' id='word_1_786' title='bbox 2849 5066 3069 5108; x_wconf 89' lang='lat' dir='ltr'><strong>servate</strong></span> <span class='ocrx_word' id='word_1_787' title='bbox 3086 5031 3630 5124; x_wconf 42' lang='lat' dir='ltr'><strong>’amicitiampavcte.</strong></span> 
     </span>
    </p>
   </div>
   <div class='ocr_carea' id='block_1_105' title="bbox 379 5128 3630 5226">
    <p class='ocr_par' dir='ltr' id='par_1_105' title="bbox 379 5128 3630 5226">
     <span class='ocr_line' id='line_1_105' title="bbox 379 5128 3630 5226; baseline 0.009 -47"><span class='ocrx_word' id='word_1_788' title='bbox 379 5128 474 5180; x_wconf 79' lang='grc' dir='ltr'><strong>τοῦ</strong></span> <span class='ocrx_word' id='word_1_789' title='bbox 529 5128 740 5184; x_wconf 86' lang='grc' dir='ltr'><strong>δικαίου</strong></span> <span class='ocrx_word' id='word_1_790' title='bbox 797 5137 1219 5207; x_wconf 80' lang='grc' dir='ltr'><strong>σφετερίσασθαι</strong></span> <span class='ocrx_word' id='word_1_791' title='bbox 1276 5140 1475 5211; x_wconf 78' lang='grc' dir='ltr'><strong>λόγον’</strong></span> <span class='ocrx_word' id='word_1_792' title='bbox 1543 5147 1831 5218; x_wconf 76' lang='grc' dir='ltr'><strong>τοιγαροῦν</strong></span> <span class='ocrx_word' id='word_1_793' title='bbox 1903 5149 2147 5223; x_wconf 73' lang='grc' dir='ltr'><strong>σῴζησθέ</strong></span> <span class='ocrx_word' id='word_1_794' title='bbox 2202 5165 2293 5217; x_wconf 92' lang='grc' dir='ltr'><strong>μοι</strong></span> <span class='ocrx_word' id='word_1_795' title='bbox 2352 5144 2423 5198; x_wconf 75' lang='grc' dir='ltr'><strong>τὰ</strong></span> <span class='ocrx_word' id='word_1_796' title='bbox 2479 5144 2682 5214; x_wconf 85' lang='grc' dir='ltr'><strong>συνήθη</strong></span> <span class='ocrx_word' id='word_1_797' title='bbox 2746 5146 2876 5215; x_wconf 83' lang='grc' dir='ltr'><strong>παρ’</strong></span> <span class='ocrx_word' id='word_1_798' title='bbox 2939 5148 3077 5219; x_wconf 79' lang='grc' dir='ltr'><strong>ἐμοῦ</strong></span> <span class='ocrx_word' id='word_1_799' title='bbox 3139 5155 3630 5226; x_wconf 79' lang='grc' dir='ltr'><strong>προσκυνούμενοι,</strong></span> 
     </span>
    </p>
   </div>
   <div class='ocr_carea' id='block_1_106' title="bbox 976 5230 1970 5308">
    <p class='ocr_par' dir='ltr' id='par_1_106' title="bbox 976 5230 1355 5308">
     <span class='ocr_line' id='line_1_106' title="bbox 976 5230 1355 5308; baseline 0.016 -25"><span class='ocrx_word' id='word_1_800' title='bbox 976 5230 1057 5287; x_wconf 83' lang='grc' dir='ltr'><strong>οο.</strong></span> <span class='ocrx_word' id='word_1_801' title='bbox 1076 5232 1355 5308; x_wconf 60' lang='lat' dir='ltr'><strong>armata.</strong></span> 
     </span>
    </p>
   </div>
   <div class='ocr_carea' id='block_1_107' title="bbox 2080 5230 3119 5308">
    <p class='ocr_par' dir='ltr' id='par_1_107' title="bbox 2580 5244 3119 5303">
     <span class='ocr_line' id='line_1_107' title="bbox 2580 5244 3119 5303; baseline 0.007 -4"><span class='ocrx_word' id='word_1_802' title='bbox 2580 5244 2744 5301; x_wconf 76' lang='lat' dir='ltr'><strong>LXX.</strong></span> <span class='ocrx_word' id='word_1_803' title='bbox 2790 5246 3119 5303; x_wconf 58' lang='lat' dir='ltr'><strong>IIEMIEIE.</strong></span> 
     </span>
    </p>
   </div>
   <div class='ocr_carea' id='block_1_108' title="bbox 448 5315 1970 5430">
    <p class='ocr_par' dir='ltr' id='par_1_108' title="bbox 448 5315 1949 5430">
     <span class='ocr_line' id='line_1_108' title="bbox 448 5315 1949 5430; baseline 0.015 -60"><span class='ocrx_word' id='word_1_804' title='bbox 448 5315 823 5430; x_wconf 52' lang='lat' dir='ltr'><strong>Thnl?p.é‘tfpo.v</strong></span> <span class='ocrx_word' id='word_1_805' title='bbox 863 5321 1095 5393; x_wconf 81' lang='grc' dir='ltr'><strong>μέγεθος</strong></span> <span class='ocrx_word' id='word_1_806' title='bbox 1123 5326 1212 5380; x_wconf 79' lang='grc' dir='ltr'><strong>διὰ</strong></span> <span class='ocrx_word' id='word_1_807' title='bbox 1253 5328 1363 5382; x_wconf 84' lang='grc' dir='ltr'><strong>τῶν</strong></span> <span class='ocrx_word' id='word_1_808' title='bbox 1398 5332 1534 5403; x_wconf 84' lang='grc' dir='ltr'><strong>πρὸς</strong></span> <span class='ocrx_word' id='word_1_809' title='bbox 1564 5334 1625 5387; x_wconf 81' lang='grc' dir='ltr'><strong>σὲ</strong></span> <span class='ocrx_word' id='word_1_810' title='bbox 1685 5337 1949 5408; x_wconf 68' lang='grc' dir='ltr'><strong>γραμμά-</strong></span> 
     </span>
    </p>
   </div>
   <div class='ocr_carea' id='block_1_109' title="bbox 2080 5315 3720 5430">
    <p class='ocr_par' dir='ltr' id='par_1_109' title="bbox 2127 5336 3720 5408">
     <span class='ocr_line' id='line_1_109' title="bbox 2127 5336 3720 5408; baseline 0.003 -18"><span class='ocrx_word' id='word_1_811' title='bbox 2127 5336 2379 5394; x_wconf 79' lang='lat' dir='ltr'><strong>Vestram</strong></span> <span class='ocrx_word' id='word_1_812' title='bbox 2429 5337 2860 5408; x_wconf 78' lang='lat' dir='ltr'><strong>magnitudinem</strong></span> <span class='ocrx_word' id='word_1_813' title='bbox 2906 5354 2972 5393; x_wconf 79' lang='lat' dir='ltr'><strong>ex</strong></span> <span class='ocrx_word' id='word_1_814' title='bbox 3008 5339 3204 5395; x_wconf 86' lang='lat' dir='ltr'><strong>litteris</strong></span> <span class='ocrx_word' id='word_1_815' title='bbox 3252 5340 3320 5394; x_wconf 87' lang='lat' dir='ltr'><strong>ad</strong></span> <span class='ocrx_word' id='word_1_816' title='bbox 3354 5350 3405 5396; x_wconf 90' lang='lat' dir='ltr'><strong>te</strong></span> <span class='ocrx_word' id='word_1_817' title='bbox 3449 5341 3629 5396; x_wconf 85' lang='lat' dir='ltr'><strong>missis</strong></span> <span class='ocrx_word' id='word_1_818' title='bbox 3708 5369 3720 5394; x_wconf 77' lang='grc' dir='ltr'><strong>ι</strong></span> 
     </span>
    </p>
   </div>
   <div class='ocr_carea' id='block_1_110' title="bbox 376 5410 1970 5500">
    <p class='ocr_par' dir='ltr' id='par_1_110' title="bbox 376 5410 1945 5499">
     <span class='ocr_line' id='line_1_110' title="bbox 376 5410 1945 5499; baseline 0.013 -37"><span class='ocrx_word' id='word_1_819' title='bbox 376 5423 487 5463; x_wconf 84' lang='grc' dir='ltr'><strong>των</strong></span> <span class='ocrx_word' id='word_1_820' title='bbox 509 5410 653 5477; x_wconf 87' lang='grc' dir='ltr'><strong>ίδὼν,</strong></span> <span class='ocrx_word' id='word_1_821' title='bbox 691 5413 838 5484; x_wconf 77' lang='grc' dir='ltr'><strong>ὑμᾶς</strong></span> <span class='ocrx_word' id='word_1_822' title='bbox 863 5415 961 5485; x_wconf 82' lang='grc' dir='ltr'><strong>μὲν</strong></span> <span class='ocrx_word' id='word_1_823' title='bbox 989 5418 1215 5482; x_wconf 82' lang='grc' dir='ltr'><strong>εἰκότως</strong></span> <span class='ocrx_word' id='word_1_824' title='bbox 1245 5421 1344 5491; x_wconf 84' lang='grc' dir='ltr'><strong>τῆς</strong></span> <span class='ocrx_word' id='word_1_825' title='bbox 1376 5425 1604 5496; x_wconf 83' lang='grc' dir='ltr'><strong>γνώμης</strong></span> <span class='ocrx_word' id='word_1_826' title='bbox 1622 5426 1910 5499; x_wconf 63' lang='grc' dir='ltr'><strong>ἐθαύμασα</strong></span> <span class='ocrx_word' id='word_1_827' title='bbox 1931 5446 1945 5460; x_wconf 94' lang='grc'><strong>·</strong></span> 
     </span>
    </p>
   </div>
   <div class='ocr_carea' id='block_1_111' title="bbox 2080 5410 3631 5500">
    <p class='ocr_par' dir='ltr' id='par_1_111' title="bbox 2080 5431 3631 5500">
     <span class='ocr_line' id='line_1_111' title="bbox 2080 5431 3631 5500; baseline 0.006 -18"><span class='ocrx_word' id='word_1_828' title='bbox 2080 5431 2288 5499; x_wconf 80' lang='lat' dir='ltr'><strong>‘ignovi,</strong></span> <span class='ocrx_word' id='word_1_829' title='bbox 2324 5432 2556 5500; x_wconf 69' lang='lat' dir='ltr'><strong>iureque</strong></span> <span class='ocrx_word' id='word_1_830' title='bbox 2602 5445 2696 5485; x_wconf 86' lang='lat' dir='ltr'><strong>vos</strong></span> <span class='ocrx_word' id='word_1_831' title='bbox 2724 5431 2793 5484; x_wconf 91' lang='lat' dir='ltr'><strong>ob</strong></span> <span class='ocrx_word' id='word_1_832' title='bbox 2826 5446 3022 5487; x_wconf 88' lang='lat' dir='ltr'><strong>sensus</strong></span> <span class='ocrx_word' id='word_1_833' title='bbox 3067 5434 3364 5489; x_wconf 88' lang='lat' dir='ltr'><strong>admiratus</strong></span> <span class='ocrx_word' id='word_1_834' title='bbox 3400 5449 3520 5489; x_wconf 88' lang='lat' dir='ltr'><strong>sum</strong></span> <span class='ocrx_word' id='word_1_835' title='bbox 3564 5452 3631 5491; x_wconf 86' lang='lat' dir='ltr'><strong>ac</strong></span> 
     </span>
    </p>
   </div>
   <div class='ocr_carea' id='block_1_112' title="bbox 377 5500 1970 5615">
    <p class='ocr_par' dir='ltr' id='par_1_112' title="bbox 377 5500 1948 5615">
     <span class='ocr_line' id='line_1_112' title="bbox 377 5500 1948 5615; baseline 0.013 -62"><span class='ocrx_word' id='word_1_836' title='bbox 377 5503 444 5572; x_wconf 77' lang='grc' dir='ltr'><strong>τῇ</strong></span> <span class='ocrx_word' id='word_1_837' title='bbox 470 5500 527 5615; x_wconf 53' lang='grc' dir='ltr'><strong>δὲ</strong></span> <span class='ocrx_word' id='word_1_838' title='bbox 555 5502 841 5615; x_wconf 48' lang='grc' dir='ltr'><strong>Βηρυτίων</strong></span> <span class='ocrx_word' id='word_1_839' title='bbox 866 5508 1166 5615; x_wconf 57' lang='grc' dir='ltr'><strong>συχήδομαι</strong></span> <span class='ocrx_word' id='word_1_840' title='bbox 1211 5513 1364 5567; x_wconf 86' lang='grc' dir='ltr'><strong>πόλει</strong></span> <span class='ocrx_word' id='word_1_841' title='bbox 1398 5517 1481 5568; x_wconf 81' lang='grc' dir='ltr'><strong>ὅτι</strong></span> <span class='ocrx_word' id='word_1_842' title='bbox 1540 5517 1787 5573; x_wconf 74' lang='grc' dir='ltr'><strong>τοιοῦτον</strong></span> <span class='ocrx_word' id='word_1_843' title='bbox 1837 5520 1948 5591; x_wconf 77' lang='grc' dir='ltr'><strong>ἔχει</strong></span> 
     </span>
    </p>
   </div>
   <div class='ocr_carea' id='block_1_113' title="bbox 2080 5500 3628 5615">
    <p class='ocr_par' dir='ltr' id='par_1_113' title="bbox 2080 5522 3628 5594">
     <span class='ocr_line' id='line_1_113' title="bbox 2080 5522 3628 5594; baseline 0.005 -21"><span class='ocrx_word' id='word_1_844' title='bbox 2080 5526 2367 5593; x_wconf 78' lang='lat' dir='ltr'><strong>lerytnrunt</strong></span> <span class='ocrx_word' id='word_1_845' title='bbox 2408 5524 2528 5577; x_wconf 87' lang='lat' dir='ltr'><strong>urbi</strong></span> <span class='ocrx_word' id='word_1_846' title='bbox 2566 5522 2917 5593; x_wconf 79' lang='lat' dir='ltr'><strong>cungratulor</strong></span> <span class='ocrx_word' id='word_1_847' title='bbox 2966 5525 3109 5594; x_wconf 87' lang='lat' dir='ltr'><strong>quod</strong></span> <span class='ocrx_word' id='word_1_848' title='bbox 3142 5526 3248 5580; x_wconf 85' lang='lat' dir='ltr'><strong>tale</strong></span> <span class='ocrx_word' id='word_1_849' title='bbox 3287 5527 3483 5583; x_wconf 84' lang='lat' dir='ltr'><strong>habeat</strong></span> <span class='ocrx_word' id='word_1_850' title='bbox 3527 5527 3628 5581; x_wconf 85' lang='lat' dir='ltr'><strong>sub</strong></span> 
     </span>
    </p>
   </div>
   <div class='ocr_carea' id='block_1_114' title="bbox 377 5590 1970 5691">
    <p class='ocr_par' dir='ltr' id='par_1_114' title="bbox 377 5590 1942 5677">
     <span class='ocr_line' id='line_1_114' title="bbox 377 5590 1942 5677; baseline 0.015 -33"><span class='ocrx_word' id='word_1_851' title='bbox 377 5590 818 5665; x_wconf 77' lang='grc' dir='ltr'><strong>προΰεδλημένον</strong></span> <span class='ocrx_word' id='word_1_852' title='bbox 913 5599 990 5663; x_wconf 84' lang='grc' dir='ltr'><strong>ὡς</strong></span> <span class='ocrx_word' id='word_1_853' title='bbox 1024 5599 1228 5671; x_wconf 80' lang='grc' dir='ltr'><strong>ἀρετῆς</strong></span> <span class='ocrx_word' id='word_1_854' title='bbox 1285 5605 1379 5660; x_wconf 78' lang='grc' dir='ltr'><strong>καὶ</strong></span> <span class='ocrx_word' id='word_1_855' title='bbox 1438 5606 1616 5677; x_wconf 89' lang='grc' dir='ltr'><strong>λόγων</strong></span> <span class='ocrx_word' id='word_1_856' title='bbox 1673 5590 1942 5668; x_wconf 83' lang='grc' dir='ltr'><strong>ποιεῖσθαι</strong></span> 
     </span>
    </p>
   </div>
   <div class='ocr_carea' id='block_1_115' title="bbox 2080 5590 3622 5691">
    <p class='ocr_par' dir='ltr' id='par_1_115' title="bbox 2080 5615 3622 5691">
     <span class='ocr_line' id='line_1_115' title="bbox 2080 5615 3622 5691; baseline 0.001 -20"><span class='ocrx_word' id='word_1_857' title='bbox 2080 5616 2220 5671; x_wconf 61' lang='grc' dir='ltr'><strong>ηςιιιὶε</strong></span> <span class='ocrx_word' id='word_1_858' title='bbox 2248 5615 2582 5686; x_wconf 83' lang='lat' dir='ltr'><strong>propositum</strong></span> <span class='ocrx_word' id='word_1_859' title='bbox 2614 5617 2828 5674; x_wconf 82' lang='lat' dir='ltr'><strong>virtutis</strong></span> <span class='ocrx_word' id='word_1_860' title='bbox 2855 5632 2919 5675; x_wconf 86' lang='lat' dir='ltr'><strong>ac</strong></span> <span class='ocrx_word' id='word_1_861' title='bbox 2947 5618 3270 5691; x_wconf 57' lang='lat' dir='ltr'><strong>eloquentiae</strong></span> <span class='ocrx_word' id='word_1_862' title='bbox 3290 5621 3622 5691; x_wconf 75' lang='lat' dir='ltr'><strong>exemplum,</strong></span> 
     </span>
    </p>
   </div>
   <div class='ocr_carea' id='block_1_116' title="bbox 450 5707 1871 5794">
    <p class='ocr_par' dir='ltr' id='par_1_116' title="bbox 450 5707 1871 5794">
     <span class='ocr_line' id='line_1_116' title="bbox 450 5707 1871 5794; baseline 0.012 -29"><span class='ocrx_word' id='word_1_863' title='bbox 450 5712 467 5731; x_wconf 82' lang='lat'><strong>‘</strong></span> <span class='ocrx_word' id='word_1_864' title='bbox 494 5707 656 5768; x_wconf 86' lang='lat' dir='ltr'><strong>Deest</strong></span> <span class='ocrx_word' id='word_1_865' title='bbox 687 5712 1020 5772; x_wconf 82' lang='lat' dir='ltr'><strong>vocabulum.</strong></span> <span class='ocrx_word' id='word_1_866' title='bbox 1048 5776 1051 5777; x_wconf 23' lang='grc' dir='ltr'><strong>ν</strong></span> <span class='ocrx_word' id='word_1_867' title='bbox 1097 5718 1139 5789; x_wconf 70' lang='grc' dir='ltr'><strong>ξ’</strong></span> <span class='ocrx_word' id='word_1_868' title='bbox 1162 5717 1276 5775; x_wconf 80' lang='lat' dir='ltr'><strong>Non</strong></span> <span class='ocrx_word' id='word_1_869' title='bbox 1310 5720 1500 5794; x_wconf 77' lang='lat' dir='ltr'><strong>legitur</strong></span> <span class='ocrx_word' id='word_1_870' title='bbox 1534 5725 1871 5784; x_wconf 77' lang='lat' dir='ltr'><strong>vocabulum.</strong></span> 
     </span>
    </p>
   </div>
  </div>
