3972 6192
313 238 448 305 ἓῗῖτ

806 346 921 397 ων.
975 337 1387 406 ιιειΓκΡΑτιῼ.

385 440 461 495 Οὐ
510 437 619 508 γὰρ
665 436 839 489 δοκεῖν
885 434 1124 503 ἄριστος,
1172 426 1285 482 ἀλλ’
1332 422 1471 479 εἶναι
1521 422 1661 487 (eis,
1720 417 1885 487 φησὶν

1727 210 2127 278 EPISTOL/E.

2549 185 2679 255 '9'
3421 178 3566 248 2773

2432 314 2667 371 LXXIV.
2698 304 3109 369 PANCRATiO.

2059 411 2176 469 Noli
2213 412 2451 482 optimus
2480 409 2675 471 videri,
2712 408 2805 463 sed
2828 419 2973 468 esse,
3009 402 3086 455 ait
3115 393 3431 467 Aischylus,
3460 389 3558 445 ali-

316 483 616 598 Δία·χύλύςῖ
621 524 866 588 ἐπαινεῖν
912 483 1037 577 τινα
1064 515 1460 587 προελόμενοςο
1496 509 1705 564 τοιοῦτο
1756 507 1887 575 ἡμῖν

2008 521 2147 576 luem
2175 504 2328 559 lauda
2339 517 2396 557 re
2414 501 2515 558 sibi
2539 513 2863 572 pr0ponens.
2887 495 3035 550 Talis
3060 491 3214 546 nobis
3232 483 3555 559 apparuisti,

316 594 586 684 ἀνεφάνης
618 630 631 643 ·
682 612 743 665 οὐ
776 608 933 664 τοῦτο
961 606 1028 677 δὴ
1075 605 1136 658 τὸ
1168 604 1343 658 κοινὸν
1381 602 1543 671 μέχρι
1596 594 1689 650 τοῦ
1740 611 1885 665 παρ-

316 710 454 760 εἶναι
506 704 688 774 φιλίαν
710 701 1040 766 ἐπιδεικνὺς,
1067 698 1185 749 οὶδὲ
1217 693 1430 765 μετρῶῖι
1477 691 1555 761 τῷ
1597 688 1750 759 τόπῳ
1792 689 1891 754 τὴν

318 796 553 858 εὔνοιαν,
573 792 742 865 ἀλλ’ἢ
766 795 1013 865 κρεῖττον
1044 783 1185 846 εἶναι
1214 787 1307 839 καλ⁵
1334 783 1527 838 σαυτὸν
1564 782 1721 852 νικᾷν
1745 781 1894 833 ἐπει-

318 888 588 959 γόμενος·
637 886 861 946 εἰκότως
906 882 1015 953 ἀρα
1078 898 1137 935 σε
1184 879 1284 947 τῆς
1328 876 1468 947 ἐμῆς
1520 871 1759 934 διανοίας
1793 870 1893 923 οὐκ

319 976 462 1041 οἶδεν
497 978 828 1032 ὐποσλέπειν
850 978 883 1046 ὴ
904 975 1067 1047 λήθη.
1106 970 1252 1027 Ἀλλ’·
1278 969 1456 1022 ἔπεισί
1480 968 1532 1021 τί
1556 984 1645 1038 μοι
1665 966 1891 1035 Σωκρα-

317 1070 470 1129 τικὸν
498 1070 583 1124 ἀεὶ
599 1068 802 1136 λέγειν,
833 1065 908 1130 ὡς
937 1066 986 1119 εἱ
1014 1061 1124 1131 ἐγὼ
1153 1058 1500 1134 Παγκράτιον
1543 1055 1745 1125 ἀγνοῶ,
1799 1055 1896 1105 καὶ

319 1160 557 1231 ἐμαυτοῦ
580 1158 962 1228 ἐπιλέλησμαι,
992 1148 1054 1207 οὐ
1080 1137 1299 1225 χορεύει
1342 1150 1493 1220 μένή
1526 1146 1743 1216 γλῶττα
1772 1146 1895 1206 ταῖς

324 1254 572 1325 μούσαις,
607 1250 778 1321 ἀρετὴ
799 1249 855 1302 δὲ
892 1248 1141 1318 καθάπερ
1180 1245 1404 1315 τέμενος
1459 1242 1658 1296 ἄϐατον
1694 1236 1887 1307 κακίᾳ,

319 1346 420 1417 τὴν
472 1344 621 1417 ἱεράν
662 1342 841 1414 ψυχὴν
889 1338 1241 1412 ᾠκειώσατο·
1290 1333 1579 1406 τοιγαροῦν
1623 1329 1895 1399 εὐδαίμων

324 1442 425 1509 μὲν
474 1436 636 1499 αὐτὸς
671 1432 1123 1502 τοιαῦτα,φέρων
1150 1427 1510 1500 γνωρίσματα
1537 1439 1550 1453 ⁸
1590 1423 1685 1477 καὶ
1736 1419 1896 1473 πόλιν

319 1531 487 1591 οἰκεῖς
513 1527 610 1598 τὴν
640 1525 826 1595 κοινὴν
871 1524 983 1577 τῶν
1019 1522 1193 1590 λόγων
1230 1520 1464 1592 μητέρα,
1498 1516 1565 1587 ἢν
1609 1509 1751 1585 ὧραι
1800 1528 1897 1571 πο-

322 1618 512 1671 θοῦσαι
544 1617 685 1671 κατά
708 1616 913 1685 ταύτην
941 1613 1198 1683 ἀλλήλαις
1221 1610 1567 1672 ἐσπείσαντο,
1607 1604 1675 1674 ἢν
1723 1617 1896 1671 προσ-

1992 613 2097 653 non
2160 605 2365 650 tantum
2405 603 2580 649 tamen
2620 591 2743 647 boni
2785 587 2985 659 publici
3038 584 3224 663 zelum.
3275 588 3556 637 ostentans

1991 696 2051 742 ut
2075 685 2371 740 amicitiam
2425 684 2686 754 negligas,
2737 696 2837 736 nec
2875 680 2992 733 loco
3016 685 3165 731 tuam
3216 672 3563 728 circumscri-

1993 780 2126 834 bens
2143 763 2603 839 benevolentiam,
2629 772 2723 826 sed
2748 769 3041 855 [meliorem
3068 782 3188 824 esse
3210 771 3266 819 et
3293 765 3358 819 de
3389 761 3562 831 teipso

1993 874 2253 931 victorem
2289 871 2639 928 contendens.
2686 868 2764 923 Te
2800 866 2853 920 in
2876 865 3040 920 corde
3074 877 3192 918 meo
3224 874 3323 915 nec
3348 855 3564 929 ,poterit

1992 967 2195 1033 oblivio
2238 964 2439 1021 delere.
2494 962 2601 1017 Sed
2653 961 2708 1015 in
2748 966 2929 1014 meme
2965 954 3097 1011 mihi
3145 953 3295 1007 venit
3346 963 3562 1018 semper

1994 1057 2124 1128 quid
2160 1056 2487 1113 socraticum
2536 1054 2718 1132 dicere
2756 1050 2972 1119 meique
3008 1061 3127 1103 sum
3153 1046 3374 1132 oblitus,
3407 1040 3562 1111 quasi

1999 1149 2347 1205 Pancratium
2392 1161 2497 1201 non
2527 1123 2767 1201 noverim
2788 1184 2805 1212 ,
2836 1140 2991 1211 cujus
3032 1138 3211 1204 lingua
3242 1123 3364 1189 c'um
3397 1130 3567 1188 musis

1998 1242 2181 1307 saltat,
2221 1249 2276 1294 et
2314 1239 2487 1294 virtus
2522 1235 2675 1306 quasi
2730 1244 2873 1289 terra
2913 1229 3136 1286 malitia:
3179 1225 3440 1295 impervia
3479 1237 3568 1277 sa-

1996 1346 2145 1387 cram
2194 1329 2404 1386 habitat
2441 1329 2699 1382 animam.
2752 1324 2952 1378 Beatus
2998 1320 3163 1391 igitur
3208 1318 3327 1386 ipse
3365 1316 3456 1385 qni
3492 1320 3569 1367 tot

1999 1421 2167 1477 habes
2198 1434 2318 1474 rara
2350 1428 2405 1474 et
2424 1416 2738 1487 singularia.
2763 1414 2967 1471 Urbem
2987 1411 3202 1467 habitas
3224 1418 3569 1463 communem

1998 1512 2328 1582 eloquentiae
2369 1518 2595 1566 matrem
2637 1510 2689 1564 in
2738 1524 2842 1577 qna
2876 1506 3023 1560 hora:
3070 1503 3314 1573 benigna:
3346 1500 3489 1555 inter
3512 1511 3571 1553 se

2002 1603 2182 1659 fmdus
2215 1605 2478 1669 inierunt,
2505 1616 2667 1670 quam
2704 1598 2935 1654 dulciter
2971 1596 3162 1664 irrigat
3206 1606 3356 1645 mare
3387 1589 3570 1643 Nilus~

322 1710 509 1772 κλύζει
537 1708 728 1779 πράως
779 1708 814 1777 ἡ
844 1681 1108 1766 θάλασσα,
1132 1702 1223 1755 καὶ
1246 1699 1439 1762 Νεῖλος
1476 1691 1895 1762 ἐναγκαλίξεται

2008 1711 2101 1765 que
2123 1697 2263 1751 sicut
2290 1710 2482 1749 amans
2509 1693 2739 1747 amicam
2767 1688 3132 1760 amplectitur,
3154 1693 3209 1739 ct
3236 1699 3300 1739 ex
3330 1681 3571 1749 undique

325 1801 575 1870 καθάπερ
596 1797 849 1870 ἐρωμένῃ
876 1813 942 1848 πε
953 1792 1191 1865 ριχυθείς
1211 1807 1225 1821 ’
1252 1789 1344 1844 καὶ
1368 1785 1709 1856 πανταχόθεν
1754 1782 1894 1854 ἄλση

324 1892 420 1952 καὶ
447 1892 636 1963 δένδρα
659 1894 753 1944 καὶ
772 1890 897 1961 λήῖα
922 1888 1146 1948 καὶτοῖς
1162 1883 1462 1963 ὀφθαλμοῖς
1484 1878 1705 1932 ποικίλα
1721 1892 1896 1946 προσ-

325 1984 545 2039 ϐαλοῦσι
571 1960 843 2052 χάριτες·
898 1980 1017 2033 ἀλλ’
1067 1980 1197 2048 ὑμῖν
1251 1976 1351 2047 μὲν
1382 1960 1495 2043 ’τὴν
1547 1967 1896 2040 εὐδαιμονίαν

324 2073 459 2135 Θεὸς
484 2070 808 2144 ἐπαυξήσει,
841 2071 933 2122 καὶ
965 2068 1158 2140 μισθὸν
1184 2066 1286 2136 τῆς
1332 2063 1536 2135 ἀρετῆς
1569 2059 1897 2131 δωρησάμε-

322 2181 410 2227 νος
432 2181 446 2196 ·
490 2162 719 2233 μετάδος
744 2162 802 2214 δὲ
820 2161 1021 2229 φίλοισι
1057 2162 1171 2235 σοῖς
1196 2157 1297 2227 σῆς
1331 2154 1657 2225 εὐπραξίας,
1687 2154 1799 2215 τοῖς
1832 2153 1897 2204 ἐκ

324 2253 570 2325 γλώττης
586 2254 811 2323 ἀγαθοῖς
838 2252 1150 2322 εὐφραίνων
1187 2249 1358 2319 ἡμᾶς,
1411 2247 1507 2299 καὶ
1550 2243 1783 2313 πέμπων
1816 2242 1896 2294 οτ-

324 2347 480 2400 κοθεν
508 2344 691 2399 οἶκαδε
716 2343 853 2414 πρὸς
875 2344 1020 2413 ἡμᾶς
1043 2342 1112 2395 τά
1127 2341 1254 2411 ποιὴ
1263 2354 1428 2410 ματα.
1464 2336 1539 2389 Οὐ
1562 2335 1671 2407 γάρ
1692 2329 1897 2386 δίκαιον

323 2436 611 2496 λανθάνειν
641 2434 678 2490 ἃ
709 2436 823 2497 τοῖς
891 2431 1149 2502 ἀλλήλοις
1193 2428 1572 2499 ἐπιδειχθέντα
1637 2424 1896 2495 πλείστην

323 2530 460 2591 οἴσει
475 2528 576 2599 τὴν
604 2527 814 2596 ὄνησιν.
1564 2592 1573 2599 .
1679 2512 1684 2518 ’

640 2592 763 2669 ois'.
792 2615 1029 2686 ΓΕΣΣΙῼ
1062 2592 1576 2681 ιΑΤΡοΣοΦιΣτξιζ

402 2708 462 2766 Ὀ
482 2710 579 2782 τὴν
610 2706 901 2777 ἐπιστολὴν
925 2706 1198 2768 ἐπιδιδοὺς
1230 2704 1333 2757 ὐπὸ
1376 2704 1543 2773 μητρὶ
1594 2701 1739 2771 χήρᾳ
1768 2715 1898 2771 τρα-

326 2804 447 2874 φεὶς
498 2801 592 2856 καὶ
639 2800 740 2870 τὴν
801 2798 913 2853 τῶν
961 2794 1275 2864 ἀναγκαίων
1323 2793 1529 2846 ἔνδειαν
1555 2790 1895 2860 αἰτιώμενος,

323 2894 387 2961 δέ
398 2909 470 2955 ως
493 2893 591 2961 οὐχ
618 2889 723 2943 ὐπὸ
750 2888 1001 2960 νεότητος
1019 2887 1298 2957 ἐπαρθεὶς,
1329 2887 1429 2939 οὐκ
1458 2886 1516 2936 ἐν
1552 2882 1772 2954 ἐξουσίᾳ
1804 2882 1898 2936 τοῦ

1998 1785 2171 1851 lucos,
2211 1786 2435 1840 arbores
2476 1793 2531 1839 et
2584 1792 2794 1852 segetes
2822 1778 3021 1853 ~oculis
3058 1778 3241 1835 varias
3290 1775 3575 1844 proferunt

1998 1881 2209 1951 gratiae.
2243 1878 2349 1935 Sed
2383 1879 2537 1933 vobis
2571 1876 2713 1930 Deus
2763 1873 3074 1929 felicitatem
3123 1869 3361 1939 augebit,
3395 1865 3566 1918 virtu-

2001 1970 2180 2037 tisque
2214 1967 2495 2038 praestabit
2537 1963 2866 2020 mercedem.
2892 1961 3113 2015 Amicos
3148 1959 3229 2012 fac
3259 1956 3569 2012 beneﬁcen~

1998 2060 2087 2115 tite
2120 2067 2222 2113 tua:
2253 2058 2566 2126 participes,
2596 2054 2874 2108 la-tilicans
2900 2066 2999 2106 nos
3028 2050 3221 2119 lingua:
3241 2059 3345 2104 tua;
3370 2045 3574 2101 divitiis

1996 2161 2051 2206 et
2081 2150 2275 2205 exinde
2307 2150 2373 2203 ad
2417 2164 2515 2203 nos
2550 2148 2769 2203 mittens
2799 2158 2963 2214 opera
2990 2154 3100 2196 tua.
3135 2140 3254 2194 Non
3308 2139 3452 2194 enim
3491 2136 3573 2191 fas

1998 2244 2091 2296 est‘
2122 2239 2461 2295 abscondere
2508 2254 2568 2293 ea
2612 2254 2732 2308 quae
2773 2236 2895 2291 aliis
2953 2232 3298 2289 manifestata
3339 2228 3572 2285 multum

1998 2331 2226 2387 afferent
2252 2331 2619 2387 commodum.

2242 2607 2454 2663 LXXV.
2496 2606 2745 2664 GESSIO
2778 2602 3030 2661 PERITO
3060 2599 3335 2657 MEDICO.

2072 2700 2173 2768 Qui
2222 2703 2361 2757 hanc
2417 2703 2571 2757 vobis
2609 2701 3065 2770 feretepistolatn
3115 2714 3143 2750 a
3191 2704 3361 2750 matre
3413 2692 3573 2746 vidua

2000 2795 2271 2850 enutritus
2301 2794 2439 2850 etin
2479 2795 2722 2850 omnium
2770 2792 3198 2859 necessariorum
3236 2786 3412 2854 inopia
3440 2786 3576 2838 edn-

2003 2896 2180 2952 catus,
2228 2901 2328 2941 nec
2378 2905 2406 2940 a
2447 2885 2735 2957 iuventute
2780 2893 3020 2945 erectus,
3070 2889 3167 2933 aut
3219 2879 3272 2932 in
3323 2878 3579 2931 libertate

326 2982 586 3051 πράττειν
614 2980 643 3032 δ
664 2996 716 3031 τι
752 2977 896 3031 θέλοι
938 2976 1250 3047 γενόμενος,
1294 2971 1445 3043 παρὰ
1488 2971 1758 3044 ρᾳθυμίαν
1788 2972 1897 3024 ἀπ-

337 3075 347 3084 .
394 3072 404 3081 ι
618 3069 720 3084 οςὶὶ
749 3070 762 3083 ι
955 3069 981 3084 Λ
1020 3067 1044 3078 ι-
1089 3066 1148 3084 It,
1214 3066 1302 3084 κιρ.
1367 3063 1500 3084 Ιημ..
1544 3062 1739 3084 lﬂl‘---.
1809 3063 1897 3084 --μὶ

2008 2977 2217 3044 positus
2239 2977 2430 3046 agendi
2463 2975 2593 3044 quid
2639 2974 2813 3041 vellet,
2850 2973 2918 3027 ad
2951 2961 3220 3042 ignaviam
3262 2968 3574 3024 declinavit.

2106 3068 2116 3084 .
2396 3065 2562 3084 9---.--
2609 3064 2876 3084 _-___g_-___
2926 3061 3109 3084 -.,.,,,,

324 3072 534 3129 ἔκλινεν
560 3087 575 3103 ο
607 3069 720 3125 ἀλλ’
746 3066 1177 3140 ἐπανορθοῦσθαι
1206 3066 1304 3135 τὴν
1331 3063 1501 3136 τύχην
1542 3062 1761 3128 ἐθέλων,
1809 3063 1905 3117 καὶ

325 3161 637 3234 λόγωνέρᾷ,
669 3162 764 3215 καὶ
794 3160 931 3234 πρὸς
957 3157 1058 3230 τὴν
1087 3154 1361 3229 ὑμετέραν
1398 3153 1641 3223 γλῶτταν
1686 3153 1905 3222 ἐπείγε-

323 3271 443 3318 ται·
483 3255 576 3309 καὶ⁵
602 3253 877 3325 ἀρκοῦσαν
896 3249 1149 3322 ἀφορμὴν
1179 3248 1318 3320 πρὸς
1337 3246 1651 3317 εὐσχήμονα
1689 3245 1809 3315 βίον
1839 3245 1901 3310 ἐξ

325 3343 496 3411 αὐτῆς
533 3343 896 3413 ἀρυσάμενος,
931 3341 1006 3403 ὡς
1036 3337 1243 3410 ἀρκοῦν
1269 3339 1424 3392 ἐστιν
1453 3336 1599 3402 ὑμᾶς
1625 3334 1773 3400 ἰδεῖν,
1809 3335 1906 3388 καὶ

326 3436 434 3488 τῶν
461 3432 774 3486 λυπούντων
808 3430 952 3501 ἔχειν
979 3430 1079 3498 τὴν
1106 3427 1282 3493 λύσιν,
1313 3430 1377 3497 τῇ
1403 3427 1537 3496 παρ’
1576 3425 1731 3496 ὐμῶν
1759 3425 1906 3479 διδα-

329 3525 525 3595 σκαλίᾳ
549 3523 647 3586 τὰς
677 3522 812 3591 πρὸς
832 3520 893 3574 τὸ
933 3519 1123 3590 μέλλον
1158 3518 1379 3580 ἐλπίδας
1413 3515 1903 3587 ἐπανορθούμενος·

326 3618 447 3671 ὅθεν
479 3617 575 3688 τὴν
597 3615 868 3687 ὑμετέραν
893 3611 1119 3683 γνώμην
1142 3610 1316 3677 εἰδὼς,
1348 3608 1444 3664 καὶ
1478 3610 1555 3673 ὡς
1614 3607 1906 3680 πρόκεισθε
1936 3683 1955 3691 ς

327 3713 438 3772 τοῖς
464 3707 523 3761 εὐ
558 3706 746 3761 παθεῖν
771 3705 1070 3775 δεομένοις,
1099 3701 1320 3774 θαρρῶν
1346 3701 1475 3772 ὑμῖν
1500 3700 1764 3774 προσάγω
1812 3699 1905 3753 τὸν

326 3801 466 3865 νέον,
498 3799 620 3854 ἀντὶ
647 3799 889 3869 μεγάλης
923 3796 1133 3868 δωρεᾶς
1163 3794 1295 3866 ὐλην
1338 3794 1466 3864 ὐμῖν
1511 3792 1761 3865 χορηγῶν
1808 3792 1903 3847 τοῦ

325 3891 583 3951 δύνασθαι
606 3892 768 3947 πάλιν
786 3890 1127 3960 γεωργῆσαι.

888 3984 1027 4050 oq'.
1053 3979 1362 4050 manune.

398 4076 564 4139 Μόλις
588 4073 736 4143 ἡμᾶς
765 4070 1183 4147 ἀμηχανοῦντας
1236 4066 1552 4139 μετέδαλες,
1584 4067 1803 4140 γράψας
1826 4069 1904 4135 ὼς

330 4170 480 4240 ᾄδειν
500 4165 709 4229 ἐθέλεις
737 4163 1018 4235 ὑμέναιον,
1041 4161 1136 4214 καὶ
1168 4160 1375 4214 παίδων
1397 4159 1647 4227 γενέσθαι
1673 4162 1860 4232 πατήρ
1885 4178 1899 4193 -

326 4256 541 4311 πολλῶν
568 4256 678 4324 γὰρ
727 4249 1106 4320 ἐπιδραμοῦσα
1147 4248 1326 4319 φήμη,
1378 4247 1570 4312 ἀλλους
1609 4247 1905 4320 ἀλλαχόθεν

2013 3067 2118 3121 Sed
2143 3067 2308 3122 sortis
2338 3065 2565 3135 injurias
2602 3064 2880 3133 corrigere
2926 3061 3111 3115 volens
3149 3057 3582 3127 eloquentiaeque

2010 3157 2237 3227 cupidus
2257 3158 2323 3210 ad
2347 3157 2583 3225 linguam
2611 3164 2850 3211 vestram
2878 3152 3133 3222 pellitur;
3162 3158 3216 3206 et
3241 3164 3307 3204 ex
3331 3163 3391 3204 ea
3432 3148 3580 3202 sum-

2007 3252 2239 3307 cientem
2263 3251 2330 3306 ad
2373 3248 2657 3305 honestam
2685 3247 2849 3303 vitam
2880 3262 3100 3304 sumens
3131 3246 3496 3308 occasionem,
3523 3253 3582 3298 ut

2010 3343 2194 3398 videre
2215 3341 2484 3413 poteritis,
2510 3348 2565 3394 et
2591 3338 2943 3396 aﬂlictionum
2968 3337 3127 3391 linem
3153 3335 3427 3397 obtinens,
3482 3348 3579 3386 ve-

2009 3444 2121 3489 stra
2143 3432 2425 3503 disciplina
2451 3447 2581 3487 suas
2603 3446 2725 3501 spes
2745 3429 2921 3499 eriget
2950 3428 3003 3482 in
3036 3426 3298 3482 futurum.
3329 3423 3579 3480 Vestram

2011 3524 2416 3591 dispositionem
2453 3532 2508 3576 et
2552 3523 2603 3575 in
2638 3521 2948 3590 indigentes
2970 3520 3403 3590 compassionem
3456 3532 3581 3573 cum

2010 3614 2145 3666 bene
2185 3613 2449 3674 noverim,
2488 3611 2648 3664 illnm'
2682 3611 2748 3663 ad
2780 3625 2874 3663 vos
2920 3611 3133 3664 mittere
3177 3610 3431 3680 juvenem
3473 3625 3576 3663 non

2012 3703 2201 3767 timeo,
2246 3703 2364 3757 loco
2410 3717 2615 3770 magna:
2650 3702 2914 3755 mercedis
2959 3701 3242 3755 materiam
3280 3709 3339 3754 ut
3385 3700 3580 3754 iterum

2009 3794 2235 3866 possitis
2273 3794 2524 3849 laborare
2555 3789 2840 3864 praestans.

2485 3971 2720 4027 LXXVI.
2753 3968 3091 4026 PHILIPPO.

2076 4065 2295 4121 Consilii
2321 4064 2497 4134 inopia
2518 4065 2920 4129 laborabamns,
2941 4077 3160 4119 omnem
3190 4060 3576 4117 dubitationem

2009 4157 2282 4211 sustulisti
2311 4159 2558 4229 scribens
2588 4168 2638 4212 te
2665 4158 2801 4211 velle
2835 4159 3176 4233 hymenaeum
3212 4168 3409 4209 canere
3438 4152 3576 4205 ﬁlio-

2008 4260 2241 4316 rumque
2307 4255 2514 4323 patrem
2564 4246 2701 4301 ﬁeri.
2763 4244 3053 4300 Multorum
3106 4258 3385 4297 sermones
3437 4242 3578 4295 fatua

324 4350 561 4415 ἐπέγετο
587 4344 779 4411 λόγους
806 4357 820 4373 ·
844 4341 937 4394 καὶ
986 4338 1205 4392 πάντων
1251 4337 1621 4408 διηγουμένων
1648 4338 1900 4392 σιωπῶν-

2013 4349 2356 4404 pnccurrens
2387 4334 2525 4389 alios
2558 4334 2663 4389 alio
2698 4343 2999 4404 sparserat.
3042 4332 3174 4387 Cum
3210 4331 3452 4384 Omnium
3484 4343 3578 4379 an-

323 4453 416 4500 τες
444 4436 604 4504 ἡμεῖς
637 4429 994 4503 ὴκροώμεθα,
1026 4428 1135 4481 τῶν
1158 4427 1445 4498 ὑμετέρων
1480 4425 1803 4495 ἀγνοοῦντες
1835 4428 1905 4483 τὰ

327 4531 579 4600 μέγιστα,
619 4527 842 4587 καὶτοῖς
869 4522 1300 4591 πυνθανομένοις
1340 4520 1558 4584 παίζειν
1597 4521 1904 4586 δοκοῦντες,

322 4620 398 4681 ὡς
425 4617 641 4684 ἀγνοεῖν
672 4613 927 4683 ἐπίτηδες
957 4610 1440 4681 προσποιούμενοι.
1487 4605 1624 4663 Νυνὶ
1680 4609 1738 4663 δέ
1791 4612 1903 4674 τοῖς

321 4710 609 4780 γραφεῖσιν
637 4704 845 4778 ἡσθεὶς,
871 4703 1044 4774 ἡδέως
1070 4703 1136 4759 ἂν
1170 4702 1330 4766 εὐθὺς
1352 4702 1592 4772 Περσεὺς
1638 4702 1905 4773 ἐγενόμην

325 4800 651 4868 ὑπόπτερος,
686 4797 781 4851 καὶ
836 4795 930 4849 τοῦ
967 4794 1235 4861 πελάγους
1266 4792 1573 4861 ὐπερπτὰς,
1620 4791 1716 4845 καὶ
1768 4793 1907 4862 πρὸς

321 4892 467 4961 ὑμᾶς
492 4889 849 4959 ἀφικόμενος,
909 4885 1154 4939 παστάδα
1201 4882 1445 4937 κατεῖδον
1486 4880 1656 4953 ἱερὸν,
1700 4883 1901 4937 statvo
1946 4910 1952 4916 -

324 4982 543 5036 πάντων
570 4979 788 5050 ἥδιστον
813 4976 1020 5046 θέαμα,
1051 4974 1285 5045 νυμφίον
1318 4974 1383 5026 ἐκ
1415 4973 1732 5043 φιλοσοφίας
1763 4975 1900 5045 ἐρω-

319 5065 504 5119 τικόνο
525 5065 618 5118 καὶ
643 5063 827 5118 ὑλικόν
858 5079 946 5124 τις
974 5060 1135 5114 αὐτὸν
1154 5060 1393 5132 ὀνομάζῃ
1420 5060 1725 5130 φιλοσόφως
1758 5063 1895 5116 ἀπο-

319 5156 662 5227 κρινόμενον,
715 5155 791 5219 ὠς
832 5156 1057 5223 κοσμεῖν
1097 5151 1207 5206 ἔδει
1266 5153 1366 5223 τὴν
1410 5153 1646 5225 γένεσιν,
1708 5153 1898 5224 ἔρανον

318 5246 435 5301 ἀνθ’
462 5246 657 5300 ἑαυτοῦ
692 5244 1048 5317 χορηγοῦντα,
1082 5245 1175 5297 καὶ
1208 5243 1276 5296 τὰ
1302 5244 1489 5298 είκότα
1512 5244 1650 5316 πρὸς
1688 5245 1897 5316 ταύτην

320 5337 710 5412 ἀφοσιούμενον
729 5353 743 5369 ’
768 5337 940 5400 ἐάλως
967 5336 1013 5389 δ’
1044 5334 1138 5389 οὐν
1182 5335 1354 5405 ὅμως,
1373 5330 1418 5389 ὧ
1438 5320 1449 5329 ’
1472 5336 1735 5407 βέλτιστε,
1789 5338 1892 5408 ὀψέ

2009 4427 2295 4481 diebamus
2336 4426 2700 4490 narrationes,
2730 4424 3042 4501 silebamus,
3074 4433 3289 4478 tuorum
3320 4422 3580 4489 ignoran-

2009 4526 2092 4570 tes
2126 4516 2383 4587 plurima,
2417 4515 2602 4570 ludere
2647 4516 2965 4569 videbamur
3011 4510 3492 4582 interrogantibus.
3524 4517 3580 4563 et

2008 4609 2370 4679 ignorantiam
2412 4607 2660 4662 consnlto
2691 4608 2915 4677 lingere.
2960 4604 3113 4659 Nunc
3142 4614 3319 4658 autem
3364 4603 3432 4658 iis
3458 4617 3579 4672 qua:

2009 4699 2280 4769 scripsisti
2314 4694 2568 4764 recreati,
2602 4700 2835 4754 libenter
2865 4698 3074 4752 veloces
3108 4694 3290 4750 Persei
3319 4693 3434 4748 alas
3464 4707 3581 4744 nn:-

2009 4802 2319 4856 tuaremur,
2354 4799 2408 4845 et
2435 4806 2583 4846 mare
2605 4789 2975 4845 transilientes
3003 4791 3070 4843 ad
3098 4798 3149 4843 te
3185 4788 3494 4842 veniremus
3523 4791 3581 4836 nt
3621 4787 3633 4798 '

2010 4899 2229 4938 sacrum
2272 4883 2550 4935 videamus
2592 4882 2881 4935 thalamum
2931 4891 2986 4934 et
3030 4879 3175 4949 quod
3214 4876 3454 4932 omnium
3496 4883 3580 4927 est

2004 4975 2463 5045 iucundissimum
2496 4973 2885 5044 spectaculum,
2922 4971 3194 5026 hominem
3229 4982 3297 5021 ex
3334 4966 3580 5039 philoso-

2011 5068 2118 5136 pho
2140 5077 2438 5122 amatorem
2474 5066 2698 5119 factum.
2745 5064 2879 5130 Quis
2905 5062 3051 5116 enim
3097 5074 3341 5115 crassum
3375 5058 3582 5111 diceret

2014 5156 2165 5212 illmn
2195 5158 2284 5227 qui
2312 5157 2590 5226 sapienter
2619 5154 2913 5224 respondet
2946 5152 3245 5206 ornandam
3270 5165 3391 5205 esse
3418 5161 3581 5220 gene-

2014 5252 2285 5305 rationem
2314 5288 2330 5315 ,
2373 5248 2464 5317 qui
2519 5245 2829 5300 convivium
2871 5259 2966 5313 pro
3014 5257 3111 5297 sua
3162 5251 3314 5312 parte
3365 5238 3583 5296 ordinat

2011 5340 2341 5410 conjugique
2366 5338 2543 5394 debita
2581 5337 2775 5392 reddit.
2807 5336 3015 5406 Captus
3048 5350 3127 5403 es,
3176 5350 3210 5391 ο
3235 5331 3560 5388 charissitne

1824 5452 2053 5512 NOTAS.

318 5559 438 5614 dem
460 5555 610 5612 deest
643 5554 695 5607 in
720 5551 905 5626 codice
935 5550 1199 5609 Vaticano
1230 5567 1244 5618 ;
1281 5559 1656 5607 verumtamen
1694 5551 1747 5606 in
1799 5550 2162 5609 Laurentiano
2208 5552 2443 5609 vicissim
2471 5550 2687 5626 ‘desunt
2726 5549 2947 5621 reliquae
2994 5561 3114 5618 qua:
3168 5544 3241 5623 lin
3308 5542 3574 5600 Vaticano

323 5637 621 5699 sequuntur
649 5624 858 5679 omnes.
