3976 6210
512 226 618 295 277
620 225 654 290 9
1818 224 2172 289 PROCOPII
2213 225 2457 285 GAZI‘EI
3626 225 3757 290 ετδο

512 345 571 393 et
598 333 812 390 tandem
848 332 1044 389 novisti
1088 332 1387 388 amantium
1420 333 1683 404 sagittas;
1726 331 1956 403 pulchra
2000 343 2082 384 tua

2196 347 2327 383 ποτε
2365 331 2433 386 τὰ
2454 332 2562 385 τῶν
2586 332 2836 402 ἐρώντων
2868 332 3165 404 μανθάνεις
3215 330 3537 400 τοξεύματα.
3570 334 3641 386 Ἢ
3700 353 3749 388 τε

511 428 773 499 nympha,
809 425 984 490 aiunt,
1030 440 1129 495 per
1170 426 1392 495 gratias,
1442 426 1525 482 ita
1567 438 1625 480 ut
1673 441 1702 479 a
1745 425 2081 495 phiIOSOphia

2200 421 2387 493 νύμφη
2409 424 2573 492 καλὴ,
2601 423 2755 495 φησὶ,
2774 424 2842 493 νὴ
2859 423 2960 487 τὰς
2975 424 3237 495 Χάριτας,
3261 422 3355 476 καὶ
3382 422 3536 490 ἱκανὴ
3556 423 3750 491 φιλοσο-

511 515 781 571 abducere
834 515 1013 570 valeat
1059 526 1384 583 amatorem.
1429 516 1664 571 Tantum
1726 512 1958 571 ﬁliorum
2011 516 2081 571 sis

2197 511 2325 580 φίας
2369 513 2722 583 παρατρέψαι
2759 513 2852 566 τὸν
2903 513 3179 585 ἐραστήν*
3236 512 3375 583 ἀνὴρ
3440 513 3595 581 μόνον
3616 514 3748 580 γίνου

508 616 662 673 pater
692 606 890 659 virtute
921 605 1300 675 genuinorum,
1334 616 1395 661 ut
1431 606 1563 662 dicit
1593 608 1857 663 comoedia
1882 625 1897 674 ;
1922 615 1976 661 et
2005 606 2078 663 ci-

2196 600 2402 654 παίδων
2457 604 2544 655 ἐπ’
2596 604 2764 674 ἀρετῇ
2814 602 3073 675 γνησίων,
3106 605 3138 670 ἠ
3186 604 3451 673 κωμῳδία
3489 603 3748 672 φησί’χαὶ

511 695 619 750 tius
661 710 726 749 ex
775 692 928 749 vobis
970 694 1249 749 videamus
1290 710 1517 764 puerum
1562 695 1651 765 qui
1693 695 1840 749 vultu
1873 705 2081 763 patrem

2193 686 2387 746 θᾶττον
2412 693 2470 758 ἐξ
2511 695 2662 766 ὑμῶν
2695 694 2858 765 ἴδοιμι
2884 695 3068 758 παῖδα,
3102 693 3192 746 διὰ
3218 694 3316 760 τῆς
3359 693 3485 757 θέας
3522 694 3613 748 τὸν
3657 712 3750 747 πα-

511 784 786 859 ρταξιιίοοι,
830 788 1128 856 praesertim
1151 788 1250 856 ipsi
1286 790 1359 843 sit
1390 790 1823 856 mansuetudine,
1862 804 2081 860 magna-

2190 783 2324 854 τέρα
2356 784 2715 853 κηρύττοντά,
2749 785 2949 854 μᾶλλον
3004 785 3275 855 πραότητι
3316 783 3410 835 καὶ
3466 785 3746 853 μεγαλοᾷυ·

511 880 779 944 nitnitale,
806 889 857 933 et
886 878 1005 932 aliis
1033 879 1327 933 virtutibus
1354 879 1684 935 simillimus.

2191 867 2300 946 χέᾳ,
2328 876 2423 928 καὶ
2451 878 2572 939 ταῖς
2613 875 2798 938 ἄλλαις
2829 876 3051 947 ἀρεταῖς
3080 875 3476 944 παραπλήσιον.

925 968 1185 1026 LXXVII.
1227 970 1665 1026 IIIERONYMO.

2658 1008 2663 1011 ς
2716 970 2833 1020 ΟΖ’.
2866 967 3243 1037 ΙΕΡΩΝΥΜῼ.

578 1060 749 1127 Quam‘
772 1076 974 1130 magna
1012 1063 1078 1116 de
1120 1062 1242 1116 Nilo
1285 1065 1491 1129 sentis;
1547 1063 1703 1116 nobis
1751 1063 2000 1116 Occurris
2030 1063 2079 1115 in

2272 1064 2357 1127 Ὠς
2384 1062 2594 1135 μεγάλα
2615 1059 2756 1133 [ἐπὶ]
2810 1060 2886 1130 τῷ
2938 1061 3116 1129 Νείλῳ
3150 1061 3386 1129 φρονεῖς,
3441 1059 3533 1112 καὶ
3575 1060 3740 1124 ἀντεξ-

508 1155 746 1209 medinm
797 1164 973 1224 "agens
1020 1153 1313 1226 Egyptum
1354 1156 1523 1224 quasi'
1556 1156 1756 1211 oblitus
1807 1159 1949 1225 quod
1991 1151 2078 1210 tua

2189 1155 2343 1223 άγεις
2397 1156 2528 1222 ἡμῖν
2566 1154 2645 1215 είς
2695 1153 2857 1221 μέσον
2891 1151 3040 1219 ἄγων
3085 1150 3183 1220 τὴν
3246 1151 3537 1217 Αἴγυπτον,
3576 1150 3739 1221 ὥσπερ

507 1245 828 1301 charissima
869 1245 1161 1317 Egyptus,
1186 1249 1238 1300 in
1283 1257 1604 1316 potestatem
1645 1249 1859 1301 redacta
1897 1248 2074 1301 fuerit.

2186 1246 2420 1316 ἁλούσης
2449 1245 2544 1313 τῆς
2579 1244 2843 1312 φιλτάτης
2886 1245 2966 1305 εἰς
2995 1243 3165 1314 λήθην
3198 1242 3365 1294 ἐλθών
3400 1259 3413 1271 '
3439 1242 3513 1303 ὡς
3544 1242 3636 1294 καὶ
3662 1259 3735 1295 σο-

506 1337 829 1407 Sophisticae
864 1350 992 1392 sunt
1040 1348 1142 1394 tuae
1172 1339 1367 1393 littera:
1410 1324 1717 1410 [astumque
1758 1338 1972 1409 Gorgize
2004 1354 2076 1393 rc-

2187 1337 2413 1406 φιστικὰ
2448 1337 2503 1390 δέ
2533 1353 2625 1389 σου
2662 1337 2729 1389 τὰ
2753 1329 3079 1407 γράμματα,
3102 1335 3308 1388 καὶτὸν
3337 1335 3563 1402 Γοργίου
3592 1334 3734 1400 τόσον

503 1431 709 1486 dolent.
754 1432 812 1488 Si
845 1431 1136 1486 verborum
1178 1438 1395 1487 tuorum
1440 1433 1578 1486 bene
1612 1433 1856 1496 memini,
1904 1431 2073 1487 Nilum

2185 1430 2405 1483 ἐδόκουν
2422 1430 2555 1498 όρᾷν
2588 1430 2602 1481 ι
2630 1427 2750 1480 ὕειν
2778 1428 2885 1499 γὰρ
2918 1428 3006 1480 τὲν
3035 1428 3228 1482 Νεῖλον
3263 1426 3395 1496 ἔφης
3439 1429 3501 1479 ἐκ
3546 1426 3664 1495 γῆς,
3697 1427 3737 1478 εί

502 1524 639 1579 dicis
670 1538 765 1594 per
796 1533 997 1579 terram
1028 1525 1261 1595 irrigare
1292 1535 1347 1581 et
1387 1525 1751 1594 navigabilem
1785 1525 1967 1581 facere
1992 1543 2072 1579 re-

2183 1521 2237 1574 τί
2273 1537 2341 1590 με
2381 1519 2455 1591 μὴ
2476 1520 2585 1572 τῶν
2606 1518 2865 1590 ῥημάτων
2892 1518 3185 1588 παρέλαθε,
3219 1518 3310 1570 καὶ
3337 1516 3548 1587 πλωτὴν
3586 1517 3734 1568 ποιεῖν

502 1617 717 1684 gionem
753 1616 881 1671 olim
915 1616 1307 1685 perviam.Sed
1345 1616 1447 1672 hoc
1476 1616 1606 1686 quid
1624 1617 1690 1670 ad
1729 1627 1779 1671 te
1819 1618 1907 1686 qui
1938 1615 2072 1671 Mer-

2185 1612 2281 1681 τὴν
2299 1610 2469 1663 πάλαι
2507 1610 2706 1680 βατήν’
2732 1609 2864 1663 τιδέ
2902 1625 2965 1678 γε
2998 1609 3154 1661 τοῦτο
3202 1608 3337 1678 πρὸς
3377 1609 3434 1660 σὲ
3492 1608 3588 1674 τὴν
3630 1607 3736 1673 Ἐρ-

501 1708 638 1762 curii
690 1707 883 1763 incolis
932 1707 1118 1763 urbem
1172 1722 1333 1779 quam
1391 1724 1493 1764 nec
1527 1706 1740 1778 Jupiter
1794 1709 2071 1778 pluviosus

2181 1700 2283 1773 μοῦ
2306 1701 2680 1760 κατοικοῦντα,
2708 1702 2773 1771 ἣν
2816 1699 2942 1753 οὔτε
2993 1700 3125 1762 Ζευς
3170 1699 3380 1761 ὑέτειος
3426 1699 3614 1768 ἐφορᾷ,
3651 1698 3728 1749 καὶ

502 1799 697 1867 aspicit
726 1806 781 1853 et
814 1814 975 1868 quam
1007 1800 1395 1869 prazterlabens
1429 1800 1582 1856 Nilus
1610 1800 1665 1855 in
1697 1801 1858 1856 aliam
1882 1801 2072 1858 fertur?

2181 1792 2544 1864 παρατρέχων
2573 1794 2601 1845 ὁ
2629 1792 2822 1855 Νεῖλος
2863 1792 2943 1854 είς
2990 1791 3184 1859 ἑτέραν
3230 1791 3509 1858 ἐπείγεται
3538 1806 3554 1852 ;
3588 1790 3637 1840 τί
3685 1787 3729 1840 δὲ

501 1892 568 1945 Ει
603 1892 733 1960 quid
778 1891 989 1947 fructus
1023 1893 1279 1964 colligere
1316 1894 1604 1949 mentiris?
1632 1891 1759 1949 Nisi
1797 1902 2071 1962 serpentes

2182 1886 2277 1936 καί
2297 1884 2509 1953 ψευδῶς
2535 1882 2905 1953 ὀπωρίζεσθαι
2925 1883 3033 1957 φῄς
3055 1899 3075 1948 ς,
3106 1881 3246 1951 πλὴν
3284 1882 3332 1933 εί
3359 1882 3434 1951 μὴ
3469 1880 3728 1948 τοῦςδφεις

501 1983 753 2052 colligere
782 1984 915 2039 dicis
948 1993 1003 2038 et
1027 1984 1339 2052 scorpiones
1361 2000 1626 2054 omneque
1661 2000 1852 2054 agmen
1893 1985 2071 2039 istius-

2180 1974 2403 2045 ὀπώραν
2437 1976 2648 2038 καλεῖς,
2677 1975 2770 2027 καὶ
2801 1976 3078 2045 σκορπίων
3105 1974 3227 2028 ὅσον
3262 1990 3323 2025 τε
3363 1973 3565 2041 πλῆθος
3587 1989 3600 2002 '
3654 1971 3732 2040 ὑφ’

503 2071 681 2125 modi?
708 2072 946 2135 Quorum
976 2071 1044 2126 ab
1077 2087 1206 2139 uno,
1235 2082 1291 2125 ut
1323 2073 1554 2138 videtur,
1575 2073 1705 2129 olim
1736 2073 2073 2139 vulneratus,

2181 2068 2257 2130 ὧν
2271 2092 2435 2137 τινος,
2453 2075 2527 2138 ὡς
2546 2074 2709 2141 ἔοικε,
2729 2075 2893 2129 πάλαι
2911 2075 3159 2144 πληγεὶς,
3178 2076 3290 2138 καὶ,
3308 2076 3432 2138 Ἰοὺ,
3452 2075 3552 2139 ἰοὺ,
3568 2075 3723 2143 φασὶν,

501 2160 617 2216 Ilo!
659 2162 767 2216 hol
819 2163 1014 2226 aiunt,
1056 2163 1397 2228 clamavisti;
1463 2180 1586 2220 cum
1631 2173 1814 2220 autem
1870 2167 2071 2220 interea

2180 2157 2650 2247 κεκραγὼς,.εἶτα
2707 2163 2909 2233 μεταξὺ
2951 2164 3230 2233 τράπεζαν
3269 2165 3559 2236 τρυφῶσαν
3604 2161 3728 2225 ίδὼν,

503 2267 743 2308 mensam
775 2254 980 2309 lautam
1020 2256 1201 2311 vidisti
1240 2267 1383 2313 totus
1420 2258 1475 2311 in
1521 2260 1676 2312 istam
1723 2259 1903 2313 illatus
1945 2267 2001 2312 et
2028 2260 2073 2314 ei

2179 2255 2297 2316 ὃλος
2321 2255 2407 2309 ἐπ’
2455 2233 2871 2325 αὖτὴνέφέρου,
2891 2254 2968 2324 τῷ
2994 2254 3242 2326 σκορπίῳ
3288 2233 3501 2326 χαίρειν
3543 2253 3685 2317 λέξας
3710 2269 3721 2281 ·

502 2342 775 2411 scorpioni
806 2343 1136 2409 valedicens,
1166 2344 1295 2400 illud
1327 2344 1468 2401 forte
1482 2346 1746 2401 comicum
1771 2348 1818 2402 ei
1853 2347 2072 2403 dixisti:

2178 2343 2334 2397 τουτὶ
2355 2344 2495 2412 τάχα
2517 2361 2620 2396 που
2658 2344 2719 2396 τὸ
2742 2344 2985 2415 κωμικὸν
3016 2345 3152 2416 πρὸς
3184 2344 3372 2399 τοῦτον
3393 2342 3558 2396 εἰπών
3576 2361 3587 2371 ·
3619 2342 3726 2413 Μή·

502 2431 785 2503 Nunquam
820 2435 939 2489 sine
981 2444 1033 2490 te
1073 2446 1322 2494 mortuus
1370 2453 1569 2493 essem.
1624 2438 1748 2494 Haec
1793 2438 2072 2509 Oportebat

2179 2452 2239 2488 τε
2262 2435 2373 2506 γὰρ
2405 2435 2582 2488 θανών
2609 2452 2738 2489 ποτε
2775 2436 2868 2490 σοῦ
2894 2435 3061 2507 χωρὶς
3081 2428 3198 2508 είην
3221 2452 3236 2470 ο
3294 2436 3470 2490 ταῦτα
3523 2434 3727 2502 γράφειν

502 2527 763 2591 scribere,
781 2540 889 2581 non
928 2527 1120 2584 alienis
1151 2530 1459 2607 sese\honis
1491 2530 1734 2597 gloriari.
1765 2531 1872 2587 Nos
1908 2530 2072 2586 silen-

2181 2528 2369 2598 ἐχρῆν,
2398 2527 2500 2581 οὐκ
2524 2527 2825 2599 ἀλλοτρίοις
2845 2528 3071 2596 ἀγαθοῖς
3097 2527 3429 2599 ώραῖζεσθαι
3464 2544 3478 2559 ο
3497 2527 3623 2580 ἀλλά
3648 2526 3730 2579 καὶ

506 2617 565 2669 tii
592 2630 819 2671 accusas
866 2616 1005 2671 nihil
1033 2618 1192 2674 nobis
1221 2620 1425 2675 dicens.
1461 2620 1621 2677 Certe
1654 2623 1810 2692 plura
1839 2622 2076 2679 dicentes

2227 2618 2408 2688 ιωπῆς
2427 2636 2495 2687 με
2523 2618 2731 2690 γράφη,
2766 2618 2931 2688 μηδὲν
2970 2621 3104 2689 ἡμῖν
3141 2620 3203 2676 τὸ
3241 2619 3501 2690 παράπαν
3523 2615 3729 2687 φθεγγό-
3790 2657 3797 2666 .

502 2704 748 2761 invenies
768 2712 822 2759 et
847 2706 1003 2761 nobis
1023 2721 1129 2762 non
1153 2707 1290 2764 dicis
1305 2709 1655 2765 Cothocidem
1674 2727 1794 2766 cum
1821 2713 2072 2782 sophistis

2183 2728 2341 2782 μενος
2361 2728 2377 2745 ·
2428 2708 2464 2784 ἦ
2491 2711 2602 2781 γὰρ
2646 2713 2711 2766 ἂν
2743 2710 2915 2764 πλείω
2955 2711 3210 2780 λέγοντας
3236 2704 3418 2783 εὗρες,
3450 2711 3541 2765 καὶ
3563 2712 3651 2763 οὐκ
3673 2709 3727 2761 ἂν

504 2796 819 2852 irridentem
852 2796 1156 2855 ﬁstularum
1187 2801 1462 2858 affectum.
1493 2803 1646 2870 Vale,
1676 2812 1730 2859 tu
1762 2814 1817 2859 et
1849 2805 1995 2861 ﬁlius
2018 2814 2071 2860 et

2179 2806 2311 2876 ἡμῖν
2339 2804 2399 2858 τὸ
2428 2803 2760 2875 κοθωκίδην“
2788 2803 2944 2874 ἔφης,
2969 2805 3029 2857 τὸ
3067 2804 3175 2858 τῶν
3216 2804 3393 2857 αὐλῶν
3439 2803 3600 2866 πάθος
3635 2803 3726 2864 τοῖς

501 2904 639 2943 uxor
664 2904 681 2944 :
713 2906 882 2962 puero
907 2891 1215 2951 Alexandro
1241 2910 1305 2950 ne
1326 2897 1503 2967 gravis
1532 2897 1625 2961 sis,
1659 2897 2071 2953 adolescentiam

2182 2899 2460 2965 σοφισταῖς
2483 2893 2899 2949 ἐπισκώπτοντα
2916 2910 2943 2945 ·.
2962 2895 3190 2966 ἔρρωσο,
3221 2897 3313 2948 καὶ
3328 2894 3388 2948 τὸ
3423 2894 3625 2949 παιδίον
3649 2892 3726 2946 καὶ

502 2982 766 3040 violenter
805 2994 1069 3042 tractans.

2181 2987 2364 3057 ήγυνή
2385 3001 2399 3016 ⁸
2423 2985 2517 3038 καὶ
2542 2984 2619 3054 τῷ
2647 2985 2797 3037 παιδὶ
2819 2984 3155 3056 Ἀλεξάνδρῳ
3193 2988 3268 3056 μὴ
3286 2987 3463 3058 βαρὺς
3491 2985 3726 3049 ἐπίκεισο,

2104 3042 2153 3101 c
2179 3078 2308 3132 νέαν
2331 3077 2546 3144 ἡλικίαν
2600 3077 2692 3130 ἐπὶ
2741 3076 2872 3128 πολὺ
2895 3076 3232 3146 βιαζόμενος.
3400 3103 3404 3106 ~

946 3163 1233 3220 LXXVIII.
1287 3165 1610 3224 DIODORO.

2732 3168 2862 3223 ou’.
2887 3169 3190 3239 ΔΙΟΔΩΡῼ.

576 3252 865 3310 Famosum
927 3257 1109 3326 accepi
1163 3260 1474 3311 mandatum
1528 3263 1596 3313 de
1638 3273 1761 3327 quo
1810 3274 1931 3313 cum
1972 3260 2076 3328 iam

2253 3258 2328 3312 Τὸ
2360 3256 2797 3328 πολυθρύλλητον
2824 3257 3114 3326 δεξάμενος
3144 3257 3500 3328 πρόσταγμα,
3530 3256 3645 3326 περὶ
3674 3249 3725 3308 οὗ

508 3342 717 3413 pridem
754 3346 940 3399 voc‘em
967 3347 1282 3413 emiseram,
1320 3349 1569 3413 silebam,
1605 3350 1811 3405 oblenti
1844 3367 1947 3406 non
1978 3353 2078 3405 im-

2182 3349 2349 3403 πάλαι
2377 3348 2557 3412 πάσας
2579 3348 2769 3419 ἀφῆκα
2793 3348 2999 3417 φωνὰς,
3031 3348 3238 3418 σιωπὴν
3266 3343 3427 3420 ἦγον,
3454 3349 3513 3401 οὐ
3540 3348 3658 3417 μετὰ
3676 3345 3721 3397 τὸ

506 3452 715 3493 memor
777 3438 1027 3494 beneficii
1080 3455 1255 3509 neque
1319 3441 1563 3496 Gerontii
1630 3458 1798 3497 musae
1854 3443 2076 3499 hacredis

2180 3433 2810 3511 τυχεῖν’ἀμνημονεύσας
2830 3442 2927 3511 τῆς
2951 3441 3188 3512 χάριτος,
3213 3443 3332 3496 οὐδέ
3353 3443 3457 3509 τῆς
3482 3440 3714 3512 Γεροντίου

504 3527 726 3587 oblitus.
780 3526 924 3586 Solis
960 3530 1106 3585 enim
1138 3532 1293 3588 vobis
1318 3547 1634 3589 successum
1665 3535 1894 3604 praebuit
1938 3550 2074 3590 sors.

2186 3532 2392 3602 μούσης
2417 3531 2757 3603 κληρονόμον
2774 3548 2788 3561 ο
2818 3534 2999 3603 μόνοις
3020 3532 3127 3600 γὰρ
3149 3534 3278 3600 ὑμῖν
3297 3533 3355 3584 τὺ
3380 3533 3722 3599 πλεονέκτημα

510 3615 576 3671 Et
610 3617 733 3686 quis
777 3627 992 3688 patrem
1030 3630 1267 3676 vestrum
1312 3637 1435 3677 eum
1478 3622 1673 3678 viderit
1706 3639 1804 3691 per
1837 3639 1934 3679 vos
1974 3639 2080 3679 non

2184 3622 2458 3693 παρέσχεν
2483 3625 2516 3694 ὴ
2545 3623 2681 3693 τύχη
2710 3638 2725 3654 ο
2760 3624 2856 3677 καὶ
2886 3624 2970 3687 τίς
3001 3623 3074 3694 μὴ
3097 3626 3301 3676 ἐκεῖνον
3339 3623 3494 3687 ἰδὼν,
3517 3624 3580 3680 δι’
3604 3620 3725 3691 ὑμῶν

508 3709 799 3764 satiabitur
825 3710 1202 3766 desiderium?
1236 3711 1342 3769 Per
1375 3713 1664 3783 imaginem
1691 3715 1900 3771 ﬁdelem
1925 3717 2078 3786 quasi

2183 3715 2575 3787 ὰποπληρώσει
2603 3717 2695 3769 τὸν
2727 3716 2923 3778 πόθονς
2958 3715 3145 3786 ὥσπερ
3175 3715 3240 3769 δι’
3263 3716 3527 3786 ἀκριϐοῦς
3558 3713 3726 3773 εἰκόνος

505 3801 571 3853 ad
589 3800 851 3872 originale
868 3803 1004 3858 bene
1022 3803 1305 3870 deductus,
1326 3807 1527 3875 gratias
1545 3807 1762 3863 silentio
1784 3789 2075 3873 solvebaml

2184 3805 2324 3877 πρὸς
2352 3805 2413 3859 τὸ
2443 3807 2793 3878 παράδειγμα
2823 3805 3003 3869 καλῶς
3045 3807 3400 3875 ἀναγόμενος,
3450 3808 3614 3876 σιωπῇ
3649 3803 3725 3872 τὴν

508 3904 577 3944 ne
608 3881 831 3961 loquens
881 3893 1094 3948 minora
1134 3903 1259 3950 voto
1285 3897 1559 3961 dicerem;
1594 3905 1649 3951 et
1696 3898 1837 3967 apud
1868 3913 1953 3952 me
1984 3898 2078 3952 tibi

2183 3897 2345 3968 χάριν
2388 3898 2612 3969 ἐτίμων,
2658 3899 2744 3954 ἵνα
2792 3898 2868 3969 μὴ
2896 3898 3092 3966 λέγων,
3134 3899 3354 3951 ἔλαττον
3399 3890 3462 3952 οὗ
3505 3897 3726 3968 βούλομαι

508 3981 775 4038 recensita
811 3984 1050 4041 manebit
1078 3989 1250 4057 gratia
1300 3986 1474 4056 major
1505 4004 1670 4058 quam
1712 3989 1855 4059 apud
1900 4004 2078 4059 regem

2184 3987 2332 4059 τύχω
2369 3986 2775 4057 φθεγξάμενος·
2808 3988 2903 4042 καί
2951 4006 3033 4042 σοι
3073 3988 3311 4042 κείσεται
3345 3989 3504 4059 χάρις
3526 3988 3727 4055 ἀνάγρα-

507 4073 799 4129 Persarum
832 4076 923 4146 qui
957 4077 1062 4132 scit
1090 4077 1363 4133 honorare
1396 4079 1762 4148 proditionem
1795 4088 1850 4134 et
1878 4076 2077 4133 Pausa-

2188 4097 2320 4144 πτος
2346 4082 2482 4152 παρ’
2507 4082 2630 4149 ἐμοὶ
2666 4081 2948 4153 μᾶλλον,ἣ
3001 4082 3154 4150 παρὰ
3210 4082 3401 4153 Πέρσῃ
3439 4080 3635 4149 βασιλεῖ
3662 4095 3726 4129 τι·

510 4167 655 4220 niam
691 4166 971 4222 Medorum
1021 4177 1207 4239 partes
1254 4178 1530 4239 agentem.
1574 4167 1834 4237 Quamvis
1879 4170 2080 4251 optima

2190 4170 2297 4240 μᾷν
2331 4169 2493 4222 εἰδότι
2538 4171 2826 4241 προδοσίαν
2871 4173 2966 4225 καὶ
2996 4173 3310 4226 Παυσανίαν
3346 4173 3670 4242 Μηδίζοντα·
3691 4170 3728 4220 εί

508 4258 753 4339 obtinere
790 4258 947 4325 velis,
986 4259 1395 4328 ocharissime,
1446 4270 1502 4317 et
1539 4261 1793 4331 operibus
1839 4262 2078 4314 animum

2187 4261 2281 4314 καὶ
2304 4260 2371 4314 τὰ
2405 4261 2640 4330 μάλιστα
2692 4265 2877 4333 τυχεῖν
2907 4264 3123 4327 πάντως
3150 4263 3376 4328 ἐθέλων,
3411 4259 3455 4318 ὦ
3500 4262 3726 4332 βέλτιστε.

509 4348 791 4404 ostendisti
822 4349 978 4418 mihi,
1010 4350 1372 4407 miserabilem
1394 4366 1521 4421 erga
1545 4366 1631 4406 me
1651 4350 1879 4406 emisisti
1899 4364 2079 4406 vocem

2158 4396 2163 4425 ,
2190 4350 2285 4405 καὶ
2317 4350 2453 4433 πρὸς
2482 4350 2639 4424 ἔργον
2665 4351 2896 4420 ἐνέγκας
2933 4354 3033 4423 τὴν
3062 4355 3308 4425 γνώμην,
3349 4356 3585 4425 ἐλεεινὴν
3619 4351 3728 4419 ὑπὲρ

507 4448 563 4492 et
604 4451 636 4491 a
677 4446 858 4494 mente
911 4454 1031 4495 mea
1075 4440 1314 4495 maxime
1352 4439 1607 4495 alienam.
1657 4439 1855 4496 Coram
1899 4438 2077 4507 judice

2190 4443 2347 4515 ἡμῶν
2385 4444 2602 4514 ἀφῆκας
2633 4445 2838 4514 φωνὴν,
2861 4447 2957 4499 καὶ
2979 4446 3170 4518 πόρῤω
3190 4447 3309 4500 λίαν
3337 4448 3602 4520 ἡμετέρου
3622 4459 3729 4514 φρο-

509 4527 629 4596 ipso
663 4543 750 4584 me
783 4543 1077 4600 pauperem
1103 4546 1288 4587 vocas.
1320 4531 1530 4598 Quibus
1554 4531 1791 4587 maxime
1828 4530 2079 4602 indigna‘

2186 4535 2457 4605 νήματος·
2492 4535 2643 4611 παρὰ
2672 4534 2944 4608 αὐτῷγάρ
2968 4536 3047 4605 τῷ
3076 4538 3304 4608 δικαστῇ
3340 4537 3589 4609 πτωχοὺς
3610 4532 3730 4604 ἡμᾶς

509 4627 596 4674 tus
632 4633 775 4687 sum,
824 4620 970 4692 quod
1003 4636 1071 4676 ex
1102 4621 1390 4679 altitudine
1426 4621 1785 4692 philos0phize
1829 4620 2079 4676 decidens

2187 4623 2470 4687 ἐνεκάλεις
2498 4637 2513 4652 ο
2546 4624 2634 4693 ἐφ’
2668 4621 2749 4688 οἷς
2789 4625 3149 4696 ἠγανάκτησα
3200 4625 3461 4696 μάλιστα,
3495 4627 3543 4677 εί
3573 4619 3730 4675 τοσοῦ-

511 4719 619 4763 tam
647 4710 854 4768 diviitis
907 4712 1087 4769 inhias
1116 4722 1175 4769 ut
1219 4714 1342 4768 vilia
1373 4713 1708 4784 humiliaque
1752 4714 1919 4769 verba
1959 4727 2081 4782 pro—

2186 4731 2278 4770 τον
2307 4715 2544 4787 κέχηνας
2582 4716 2719 4787 πρὸς
2747 4715 2849 4786 τὴν
2874 4715 3031 4787 ὓλην,
3081 4716 3402 4787 φιλοσοφίας
3432 4716 3593 4787 ὕψους
3631 4716 3732 4768 ὐπο-

432 4828 441 4835 -
509 4799 654 4855 feras
682 4818 699 4866 ;
731 4816 909 4871 neque
954 4819 1132 4860 meam
1172 4805 1494 4876 dignitatem
1524 4804 1842 4877 reSpiciens,
1868 4818 1969 4859 nec
1999 4826 2002 4855 ι

2189 4807 2392 4874 πεσὼν,
2446 4808 2523 4872 ὡς
2577 4809 2877 4880 χρημάτων
2915 4809 3096 4878 χάριν,
3144 4809 3342 4879 ἀγεννῆ
3399 4808 3497 4862 καὶ
3540 4802 3735 4859 ταπεινά

510 4893 905 4961 pientissimum
930 4894 1223 4966 Diogenem
1265 4896 1354 4965 qui
1386 4897 1439 4952 in
1468 4912 1595 4967 pera
1634 4898 1776 4952 nuda
1820 4897 2080 4952 maximas

2191 4899 2669 4972 προσφθέγγεσθαι
2728 4899 2974 4970 ῥήματα.
3004 4899 3112 4953 Καὶ
3149 4900 3287 4970 μήτε
3317 4898 3419 4972 τὴν
3450 4898 3585 4968 ἐμὴν
3608 4892 3736 4958 ἀξίαν

510 4987 726 5044 divitias
754 4989 1010 5059 ponebat.
1032 4991 1101 5045 At
1130 4991 1345 5046 tandem
1378 4990 1622 5060 quamvis
1638 5006 1781 5061 aegre
1800 4990 1897 5045 tias
1929 4989 2080 5053 liber,

2192 4996 2435 5056 σκοπεῖν,
2475 4995 2610 5064 μήτε
2653 4992 2748 5045 τὸν
2800 4991 3110 5061 σοφώτατον
3152 4992 3430 5060 Διογένην,
3464 4990 3524 5043 ὃν
3556 4991 3609 5041 ἐν
3631 4986 3735 5055 ψιλῇ

511 5078 699 5133 orbem
761 5080 1074 5137 universum
1134 5097 1322 5152 parum
1386 5083 1453 5137 ad
1518 5082 1775 5136 virtutem
1838 5080 2081 5136 conferre

2190 5086 2257 5156 τῇ
2292 5087 2447 5155 πήρᾳ
2470 5086 2562 5138 τὸν
2601 5085 2859 5155 μέγιστον
2906 5081 3135 5137 πλοῦτον
3163 5082 3392 5153 ὡρίζετο
3411 5098 3425 5112 ·
3457 5078 3588 5135 ἀλλὰ
3608 5071 3738 5145 γενο]

512 5177 726 5238 Ριηθηεο
2197 5156 2349 5245 μόλις
2372 5175 2678 5248 ἐλεύθερος,
2714 5177 2946 5248 σμικρόν
2968 5193 3022 5231 τι
3053 5176 3240 5248 χρῆμα
3278 5173 3416 5247 πρὸς
3449 5175 3549 5244 τὴν
3573 5168 3742 5241 ἀρετὴν

2194 5270 2291 5338 τὴν
2319 5269 2644 5340 οἰκουμένην
2676 5268 2999 5339 ἡγούμενος.

992 5353 1228 5408 LXXIX.
1274 5351 1661 5411 MARCELLO.

2703 5360 2825 5413 oe'.
2848 5351 3041 5414 MAPK
3053 5358 3252 5429 ΕΛΛῼ.

587 5438 1005 5523 Prmscntiarum
1033 5444 1337 5499 litterarum
1370 5462 1528 5501 causa
1556 5464 1660 5501 non
1690 5447 1784 5500 fuit
1845 5448 2093 5512 audacia,

2270 5451 2390 5505 Τῶν
2424 5451 2710 5518 παρόντων
2752 5452 3101 5522 γραμμάτων
3134 5453 3193 5504 οὐ
3231 5450 3432 5521 θράσος
3458 5449 3644 5511 αἴτιον,
3674 5441 3742 5495 οὗ·

516 5547 618 5589 nec
657 5534 839 5590 decori
885 5538 1132 5595 terminis
1164 5540 1344 5596 standi
1382 5541 1709 5612 ignorantia.
1748 5539 1855 5597 Sed
1882 5542 1961 5596 vir
1990 5542 2086 5597 lico

2198 5543 2253 5597 δὲ
2278 5543 2336 5597 τὸ
2372 5542 2447 5616 μὴ
2479 5543 2660 5614 μένειν
2691 5543 2784 5598 ἐπὶ
2810 5543 2927 5598 τῶν.
2956 5545 3172 5599 οἰκείων
3195 5545 3336 5615 ὅρων
3376 5543 3580 5598 είδὲναι
3607 5559 3619 5571 ·
3653 5533 3742 5591 ἀλλ’

590 5649 612 5673 ⁸
636 5649 711 5706 Ita
743 5648 934 5707 codex.
