3976 6210
225 223 362 288 2781
1640 228 1847 288 ΕΡΙΞἹ

3355 233 3509 300 2732

225 338 366 407 ἀνὴρ
420 333 541 404 Θεῷ
574 350 631 387 τε
662 334 814 403 φίλος
841 335 932 387 καὶ
974 334 1154 406 πάσης
1186 335 1470 401 ἀνάπλεως
1497 340 1718 409 ἀρετῆς,
1745 339 1805 391 ὃν
1837 386 1847 411 ἑ

1953 344 2124 397 u.icus
2152 350 2208 397 et
2228 343 2408 398 omnis
2436 346 2655 398 virtutis
2694 348 2885 416 plcuus
2936 362 3096 418 quem
3162 357 3221 400 ut
3267 348 3509 413 promis-

224 429 285 481 οὐ
314 428 548 481 πέπεικε
592 425 692 488 τὰς
745 427 881 497 πρὸς
933 427 1079 496 ὑμᾶς
1134 428 1460 499 ὑποσχέσεις
1505 432 1802 501 ύπερορᾷν,

1953 432 2102 486 iones
2136 432 2228 486 tibi
2262 432 2436 489 faetas
2462 436 2756 506 negligeret
2787 439 3047 493 inducere
3078 446 3373 508 potuerunt
3404 453 3506 493 nec

225 520 286 572 οὐ
315 519 375 572 τὸ
402 518 496 572 νῦν
523 517 583 584 ἐξ
618 518 897 587 Αἰγύπτου
959 517 1112 587 μόλις
1151 520 1347 584 ἐλθεῖν,
1385 521 1446 573 ού
1478 523 1806 593 φροντιστή-

1953 539 2114 579 ecens
2165 539 2231 577 ex
2272 523 2510 595 Egypto
2566 528 3385 598 adventus,neejueundissima
3416 545 3512 583 so-

230 628 345 683 ριον
375 610 672 679 εὐπρεπὲς,
706 611 767 663 οὐ
792 611 999 680 χειμὼν
1025 612 1439 682 ἀπειλούμενος,
1468 614 1530 666 οὐ
1567 614 1803 679 πέλαγος

1953 616 2117 679 itudo,
2145 630 2245 670 nee
2269 617 2432 670 maris
2465 619 2938 685 impedimentum,
2966 635 3065 674 nec
3093 620 3286 675 itinera
3314 618 3469 687 longa
3490 604 3515 672 :7

145 714 150 719 ’
230 703 486 775 ἐμποδὼν
517 744 533 768 ,
585 703 684 773 οὐχ
730 703 1010 773 ὁδοιπορία
1053 703 1265 774 μακρά,
1315 703 1518 774 ἀρετὴν
1574 704 1631 757 δὲ
1677 703 1808 774 μίαν

1956 721 2081 759 nam
2148 707 2407 763 virtutem
2463 724 2713 773 noscens,
2792 725 2919 769 suas
2992 711 3204 766 scilicet
3282 711 3507 782 implere

231 796 384 860 εἰδὼς
427 796 489 849 τὸ
516 795 759 866 πληροῦν
813 794 961 865 ἔργῳ
996 796 1095 859 τὰς
1146 797 1502 867 ὑποσχέσεις·
1533 797 1626 850 καὶ
1670 797 1809 866 πρὸς

1959 796 2337 862 romissiones,
2366 809 2419 853 et
2445 798 2699 854 omnibus
2719 814 2776 854 se
2803 802 2916 868 pari
2947 803 3106 857 modo
3132 801 3340 856 allinem
3371 818 3508 870 prre-

230 888 476 950 ἆπαντας
528 886 733 957 ὁμοίως
787 886 1033 954 γίνεσθαι
1100 889 1509 959 παραπλήσιον,
1536 889 1658 951 ὅλος
1708 889 1812 960 ὁρᾷ

1953 904 2077 952 νοτε,
2103 890 2169 943 ad
2195 900 2245 944 te
2277 906 2421 945 nunc
2464 899 2608 947 totus
2651 893 2896 962 respicit.
2923 895 3028 950 Sed
3060 903 3113 948 et
3142 896 3423 948 nuntiatur
3445 896 3509 949 ad
3562 880 3585 887 ’

190 979 369 1053 ’πρὸς
428 981 574 1050 ὑμᾶς
614 997 628 1010 ·
680 979 820 1035 ἀλλά
870 982 965 1035 καὶ
1023 981 1221 1036 θᾶττον
1289 983 1426 1036 ἰέναι
1486 986 1620 1055 παρ’
1665 985 1818 1053 ἡμᾶς

1953 993 2028 1033 tos
2058 980 2167 1033 cito
2190 990 2502 1035 venturum.
2540 982 2692 1048 Quod
2725 982 2883 1037 facile
2915 984 3079 1038 credo
3114 985 3509 1053 experientiam

233 1072 660 1139 καταγγέλλεται
685 1087 699 1101 ·
723 1072 818 1125 καὶ
847 1072 1153 1143 πέπεισμαι
1187 1075 1409 1145 ῥᾳδίως,
1442 1076 1505 1128 ὲκ
1533 1075 1644 1128 τῶν
1676 1073 1819 1146 πρὸς

1953 1084 1991 1122 εκ
2031 1071 2490 1139 promissionibus
2540 1073 2632 1127 tibi
2664 1073 2822 1127 factis
2862 1089 3104 1134 sumens.
3139 1074 3399 1144 Superest
3430 1086 3511 1129 ta-

235 1164 380 1234 ὑμᾶς
436 1163 785 1234 ὑποσχέσεων
840 1169 941 1235 τὴν
994 1168 1189 1233 πεῖραν
1241 1165 1455 1217 λαϐὼν·
1514 1165 1818 1220 ὑπόλοιπον

1953 1175 2056 1215 neu
2087 1169 2145 1214 ut
2175 1176 2203 1214 a
2233 1171 2285 1214 te
2315 1163 2652 1228 retineatur;
2681 1176 2733 1219 et
2766 1167 2979 1221 deceret
3017 1166 3160 1219 nolle
3193 1180 3387 1233 cogere
3421 1166 3514 1219 ho-

232 1256 419 1309 τοίνυν
444 1256 571 1325 ὑμῖν
610 1257 929 1329 κρατεῖσθαι
952 1274 967 1288 ·
1003 1261 1098 1310 καὶ
1132 1256 1343 1327 πρέπον
1364 1248 1433 1310 ’ἂν
1461 1256 1546 1326 εἴη
1579 1256 1652 1326 μὴ
1684 1272 1820 1326 κρα-

235 1348 352 1401 τεῖν
377 1346 582 1399 ἐθέλειν
607 1346 773 1417 ἄνδρα
801 1347 971 1417 μηδὲν
1005 1346 1149 1399 οὕτω
1188 1346 1359 1400 δεινὸν
1391 1345 1718 1416 ἡγούμενον,
1750 1344 1823 1407 ὡς

238 1437 336 1507 τὴν
392 1437 485 1490 τοῦ
554 1438 913 1511 παραϐαίνειν
959 1439 1231 1507 ἀνάγκην,
1265 1441 1408 1511 άπερ
1448 1437 1784 1511 ἐπήγγελται
1809 1453 1822 1465 ·

1931 1251 2131 1304 minem
2163 1253 2254 1320 qui
2282 1253 2417 1306 nihil
2450 1263 2554 1307 tam
2586 1256 2902 1310 reformidat
2933 1272 3092 1326 quant
3132 1256 3511 1310 necessitatem

1934 1345 2372 1413 transgrediendi
2400 1361 2521 1412 qua:
2556 1346 2819 1416 imperata
2862 1356 3006 1401 sunt.
3042 1345 3192 1399 Mitte
3240 1361 3369 1413 ergo
3403 1345 3516 1399 eito

1933 1438 2111 1488 virmn
2149 1434 2241 1504 qui
2273 1443 2417 1489 tuam
2452 1438 2503 1489 in
2548 1453 2633 1490 me
2676 1439 3068 1491 humanitatem
3101 1446 3513 1492 commemoret.

242 1529 428 1601 πέμπε
488 1529 666 1582 τοίνυν
718 1531 883 1601 τάχος
950 1532 1041 1586 τὸν
1103 1534 1272 1602 ἄνδρα
1301 1574 1318 1600 ,
1384 1532 1482 1603 τὴν
1532 1532 1804 1603 ὑμετέραν
1846 1528 2260 1600 φιλανθρωπίαν
2295 1530 2428 1603 πρὸς
2457 1532 2603 1601 ἡμᾶς
2630 1531 3035 1602 ἀφηγούμενον.

824 1663 909 1719 Π’,
953 1663 1226 1734 meme.

314 1775 388 1829 Σὺ
430 1775 529 1846 μὲν
551 1775 629 1839 ὡς
648 1775 706 1827 ὲν
735 1774 927 1828 ὀνείδει
956 1775 1147 1829 πενίαν
1173 1775 1503 1847 προσφέρεις
1555 1775 1699 1844 ἐμοὶ,
1725 1775 1821 1829 καὶ
1847 1840 1883 1847 _
1914 1752 1919 1756 ’

2469 1665 2684 1723 LXXX.
2712 1666 2979 1724 SABlNO.

1997 1779 2075 1834 Tu
2107 1792 2237 1833 vero
2311 1778 2441 1832 mihi
2470 1786 2840 1847 paupertatem
2866 1779 2918 1831 iu
2939 1780 3288 1848 opprobrium
3310 1781 3478 1837 vertis
3501 1820 3519 1845 .

247 1840 444 1935 Θηρίον
487 1864 850 1930 ἐξωλέστατον
898 1860 1039 1917 εἷναί
1080 1882 1164 1918 σοι
1203 1840 1262 1917 τὸ
1290 1840 1482 1936 χρῆμα
1525 1840 1690 1917 δοκεῖ·
1726 1866 1823 1918 καὶ

1953 1884 2035 1923 era
2071 1868 2457 1921 exitiosissima
2490 1867 2582 1920 tibi
2608 1882 2727 1921 esse
2757 1867 3008 1921 videntur
3065 1869 3302 1933 divitiae;
3325 1866 3394 1922 'et
3420 1869 3524 1923 hoc

245 1956 307 2008 τὸ
329 1955 392 2026 δὴ
424 1956 701 2026 μέγιστον,
762 1957 906 2027 Ἶρος
958 1956 1070 2023 ἐγὼ
1098 1956 1250 2027 παρὰ
1299 1958 1383 2009 σοὶ
1412 1957 1505 2009 καὶ
1538 1956 1646 2009 τῶν
1687 1956 1821 2008 καθ-

246 2047 464 2116 ημέραν
491 2048 620 2111 ἴσως
642 2026 862 2116 ἐπιδεήξ
882 2064 899 2077 ·
926 2046 1019 2099 καὶ
1042 2046 1093 2098 τί
1123 2026 1232 2118 γάρ
1265 2047 1366 2100 οὐκ
1398 2048 1464 2100 ἂν
1486 2046 1661 2108 εἴποις
1692 2047 1824 2112 ἀρε-

246 2140 348 2208 τῆς
386 2138 520 2207 ὀμοῦ
548 2140 642 2191 καλ¹
668 2137 987 2208 φιλοσοφίας
1021 2138 1419 2205 ὲκπεπτωκὼς,
1455 2138 1622 2190 ἐλεῶν
1658 2138 1758 2208 μὲν
1792 2137 1828 2190 ἆ

249 2246 312 2299 γε
344 2228 646 2299 θαυμάζειν
702 2222 889 2301 ἐχρῆν,
941 2232 1194 2302 μεγάλων
1219 2232 1279 2284 δέ
1304 2249 1465 2283 τινων
1492 2232 1824 2301 ἐστερῆσθαι

250 2320 489 2392 νομίζων
518 2322 608 2375 τὸν
640 2306 845 2392 ὑψηλόν
872 2340 934 2376 τε
963 2323 1056 2377 καὶ
1072 2322 1299 2391 κοῦφον,
1329 2323 1425 2375 καὶ
1456 2322 1529 2392 μὴ
1565 2322 1641 2391 τῷ
1673 2322 1829 2391 βάρει

251 2414 353 2483 τῆς
410 2413 543 2483 ὕλης
592 2414 728 2484 πρὸς
755 2414 825 2468 τά
848 2414 999 2466 κάτω
1044 2414 1376 2484 φερόμενονς
1410 2416 1477 2483 τῇ
1500 2414 1699 2486 γαστρὶ
1720 2413 1830 2483 γάρ

1927 1974 2057 2013 sane
2084 1961 2377 2012 maximum
2406 1975 2421 2021 ;
2448 1958 2564 2009 Irus
2595 1972 2693 2026 ego
2737 1973 2853 2011 sum
2885 1959 3021 2025 apud
3058 1967 3108 2009 te
3140 1968 3189 2011 et
3226 1960 3525 2012 necessitao

1929 2050 2073 2103 libus
2109 2049 2442 2118 quotidianis
2497 2062 2662 2116 prope
2715 2050 2978 2117 indigens.
3031 2047 3166 2113 Quid
3210 2048 3353 2100 enim
3419 2064 3524 2101 non

1929 2140 2140 2194 diceres
2161 2154 2280 2192 cum
2300 2140 2365 2193 de
2387 2139 2591 2191 virtute
2617 2138 2851 2193 simulet
2869 2139 3203 2208 philosophia
3236 2140 3527 2198 excideris.

1930 2235 2201 2288 miserans
2230 2247 2395 2301 super
2420 2247 2485 2285 ea
2540 2247 2661 2299 quae
2691 2241 2877 2286 essent
2930 2232 3280 2294 admiranda,
3316 2229 3525 2300 magnis

1938 2324 2266 2393 quibusdam
2298 2323 2500 2391 privari
2542 2332 2740 2391 putans
2763 2337 2886 2376 eum
2928 2324 3019 2391 qui
3063 2322 3206 2376 altus
3236 2333 3317 2376 est
3355 2331 3410 2375 et
3452 2322 3522 2375 le-

1933 2416 2092 2466 viset
2117 2410 2480 2467 malerialium
2518 2412 2755 2480 pondere
2786 2410 2850 2463 ad
2913 2410 3096 2463 iulium
3144 2426 3248 2464 non
3294 2410 3475 2464 illatus
3506 2411 3527 2464 ί

250 2504 351 2574 τὴν
406 2502 755 2574 εὐδαιμονίαν
811 2502 1061 2574 μετρῶν,
1128 2504 1225 2555 καὶ
1284 2503 1466 2567 δόξαις
1527 2501 1832 2571 ἀνθρώπιον

1953 2503 2284 2557 Felicitatem
2320 2511 2507 2557 ventre
2561 2502 2795 2564 metiris,
2828 2502 3177 2569 opinionibus
3243 2503 3526 2556 hominum

256 2595 676 2669 προσκείμενος,
728 2594 1012 2664 ὲκμιοθοῖς
1063 2595 1164 2665 μὲν
1212 2597 1291 2657 εἰς
1333 2595 1368 2649 ἃ
1402 2596 1475 2665 μὴ
1516 2594 1672 2663 θέμις
1738 2593 1835 2663 τὴν

1953 2596 2154 2649 leditus
2182 2632 2196 2656 .
2226 2594 2498 2647 immistus
2533 2593 2599 2646 iis
2660 2607 2780 2661 qum
2815 2594 2964 2660 loqui
3002 2607 3107 2645 non
3152 2592 3295 2657 licet,
3327 2592 3530 2661 judicia

255 2691 526 2759 γλῶτταν,
565 2689 739 2758 κυκᾷς
770 2687 828 2740 δὲ
857 2688 1280 2758 τάοδικαστήρια
1300 2705 1313 2718 ·
1348 2689 1628 2759 πάρεργον
1658 2687 1713 2738 δέ
1742 2704 1836 2738 σου

1953 2684 2247 2755 perturbas.
2285 2684 2461 2740 Plebis
2499 2682 2711 2753 negotia
2767 2684 3016 2753 negligis,
3087 2684 3316 2737 divitum
3347 2683 3531 2751 pulsas

256 2781 355 2850 τῆς
411 2778 629 2847 ἀπάτης
646 2779 694 2829 οἱ
722 2777 884 2845 δῆμοι
905 2792 918 2805 ·
940 2778 1211 2832 πλουσίων
1245 2778 1301 2830 δὲ
1330 2776 1502 2846 θύρας
1526 2777 1782 2845 ἀράττεις
1810 2790 1823 2804 ·

1953 2775 2173 2830 >5ti:t.Si
2202 2775 2323 2845 quis
2347 2782 2555 2829 tantum
2581 2776 2682 2828 scit
2710 2775 3017 2829 convivium
3050 2782 3342 2843 apponere,
3382 2784 3528 2827 tuum

259 2873 362 2929 κάν
402 2886 485 2932 τις
515 2868 699 2935 ὲστιᾷν
731 2860 836 2918 οἶδε
865 2866 1064 2930 καλῶς.
1118 2870 1348 2920 ἀπεῖπεν
1371 2866 1476 2919 ὑπὸ
1511 2865 1603 2918 σοῦ
1630 2865 1842 2934 θαυμα-

1953 2867 2151 2921 nbtinet
2195 2866 2635 2923 admirationem.
2676 2867 2838 2921 Festa
2885 2867 2985 2921 tibi
3019 2868 3533 2937 inagnilica,vestes

259 2962 488 3031 ζόμενος
508 2975 522 2989 ·
550 2959 711 3030 ἑορτὴ
738 2960 793 3011 δέ
843 2976 938 3012 σου
982 2958 1234 3029 λαμπρὰ,
1282 2956 1445 3027 ἐσθὴς
1476 2956 1715 3025 ποικίλη,
1749 2954 1844 3008 καὶ

1953 2960 2134 3018 ναι-ξω,
2157 2957 2402 3010 incessus
2434 2957 2780 3021 venerabilis,
2806 2968 3060 3026 aspectus
3098 2960 3199 3012 huc
3243 2959 3369 3012 illuc
3396 2957 3533 3011 ι-σιι-

262 3054 495 3126 βάδισμα
526 3052 788 3123 σοϐαρὸν,
819 3053 912 3106 καὶ
949 3052 1166 3123 βλέμμα
1204 3053 1333 3123 τῇδε
1359 3053 1582 3105 κάκεῖσε
1638 3051 1836 3120 χεόμε-

1953 3063 2066 3117 sus.
2103 3047 2319 3117 Ubique
2351 3049 2445 3102 tibi
2477 3064 2664 3113 aures,
2684 3049 2874 3110 Midas.
2912 3049 2956 3101 si
2984 3048 3112 3117 quid
3139 3048 3285 3104 dicat
3315 3048 3534 3102 mulier-

259 3161 386 3199 νον·
450 3145 543 3198 καὶ
588 3145 866 3216 πανταχοῦ
914 3163 995 3198 σοι
1032 3144 1103 3198 τὰ
1130 3138 1263 3207 ὦτα,
1302 3143 1552 3211 καθάπερ
1582 3144 1610 3195 ὁ
1644 3143 1844 3206 Μίδας,

1953 3137 2068 3195 cula
2121 3137 2532 3192 tabernaculum
2573 3147 2723 3192 tuum
2783 3138 3082 3194 admirans.
3116 3137 3220 3194 Sed
3254 3153 3537 3207 nsquequo

262 3236 317 3295 εἴ
344 3235 445 3290 πού
462 3253 515 3288 τι
545 3235 838 3304 φθέγξαιτο
866 3235 1087 3303 γύναιον
1118 3234 1216 3305 τὴν
1245 3234 1344 3304 σὴν
1373 3234 1578 3305 σκηνὴν
1618 3232 1847 3302 ἐκπλητ-

1953 3230 2113 3301 longo
2141 3243 2334 3285 somno
2366 3229 2813 3299 irretitus,quasi
2866 3230 3090 3299 quidam
3135 3230 3434 3302 Endymion
3468 3230 3536 3284 ad

260 3332 513 3402 τόμενον·
538 3331 673 3386 ἀλλά
708 3332 869 3404 μέχρι
886 3332 950 3402 δή
979 3349 1145 3396 τινος,
1180 3331 1334 3403 ὕπνῳ
1367 3330 1564 3402 μακρῷ
1585 3324 1844 3398 πεδηθεὶς

1953 3321 2208 3375 virtutem
2234 3334 2341 3375 non
2369 3324 2612 3390 assurgis
2637 3338 2653 3388 ;
2687 3322 2879 3376 desine
2909 3322 3124 3376 laudem
3155 3322 3220 3375 ad
3235 3321 3551 3389 corporalia-

262 3423 352 3481 οἷά
412 3441 499 3488 τις
560 3424 884 3494 Ἐνδυμίων,
943 3424 1083 3493 πρὸς
1132 3424 1333 3495 ἀρετὴν
1371 3423 1471 3475 οὐκ
1507 3422 1838 3483 ἀνίστασαις

1953 3412 2110 3467 hiare
2133 3423 2187 3467 et
2214 3412 2267 3467 in
2309 3414 2599 3482 temetipso
2635 3426 2916 3466 carcerem
2948 3415 3182 3469 nutrire.
3220 3412 3414 3467 Desine
3438 3428 3539 3465 an-

267 3517 481 3573 Παῦσαι
509 3515 696 3569 λοιπὸν
717 3492 857 3584 πρὸς
878 3513 940 3567 τὸ
969 3492 1250 3582 σωμάτιον
1279 3512 1545 3581 κεχηνὼς,
1571 3511 1668 3563 καὶ
1700 3512 1844 3563 κατά

1954 3519 2048 3559 rea
2076 3506 2377 3569 somniare,
2402 3515 2691 3574 argenteos
2711 3520 2922 3564 montes
2947 3507 3046 3562 tibi
3084 3504 3361 3573 eﬂingere,
3384 3519 3539 3557 men-

268 3610 467 3663 σαυτοῠ
515 3606 731 3676 τρέφων
785 3604 848 3660 τὸ
910 3605 1323 3675 δεσμωτήριον·
1359 3601 1566 3655 παῦσαι
1612 3598 1838 3671 χρυσίον

268 3698 648 3772 ὀνειροπολῶν,
680 3699 777 3752 καὶ
806 3695 1047 3765 ἀργύρου
1076 3693 1281 3764 πλῆθος
1298 3695 1383 3747 ἀεὶ
1414 3692 1840 3767 φανταζόμενος,

270 3790 365 3842 καὶ
414 3786 616 3848 πολλὰς
675 3787 847 3856 ἀρχὰς
878 3788 943 3854 τῇ
964 3783 1171 3853 διανοίᾳ
1203 3781 1542 3852 περινοστῶν
1562 3796 1577 3812 ·
1609 3783 1675 3833 τὰ
1699 3780 1843 3832 ἔνδον

271 3875 360 3933 οἷα
387 3878 576 3949 μηδενὶ
596 3876 703 3929 τῶν
726 3877 894 3944 φίλων
914 3892 929 3907 ·
964 3875 1079 3928 ἀλλ’
1103 3874 1475 3943 αὑτομόλησον
1504 3872 1641 3943 πρὸς
1676 3872 1852 3941 ἡμᾶς,

274 3975 323 4027 εἰ
354 3972 520 4027 δοκεῖ.
549 3970 658 4023 Καὶ
678 3968 777 4040 τὴν
807 3966 993 4037 κοινὴν
1028 3966 1150 4019 θεὸν
1180 3966 1280 4035 τὴν
1312 3962 1503 4018 πενίαν
1534 3963 1853 4034 προσκύνει,

1952 3604 2111 3664 teque
2140 3595 2336 3649 multas
2392 3595 2610 3649 volvere
2664 3598 2986 3667 dignitates.
3049 3597 3311 3651 Interiora
3358 3594 3539 3665 qualia

1949 3685 2083 3740 nulli
2108 3685 2430 3739 amicorum.
2466 3683 2572 3739 Sed
2618 3690 2686 3740 ad
2736 3702 2837 3742 nos
2875 3687 3018 3755 fuge,
3052 3687 3096 3739 si
3147 3687 3242 3739 tibi
3307 3686 3535 3739 vidi-tur.

1949 3777 2306 3833 Communem
2331 3786 2700 3846 paupertatem
2736 3788 2793 3832 ut
2816 3779 2980 3831 Deum
3009 3791 3259 3831 reverere
3276 3786 3327 3829 et
3347 3790 3540 3829 amau-

1964 3879 2072 3924 tem
2108 3883 2363 3939 agnosce.
2410 3869 2529 3924 Tibi
2583 3872 2756 3939 magis
2798 3870 3129 3936 obsequetur
3164 3884 3328 3936 quam
3384 3868 3541 3922 nobis

1965 3970 2129 4030 teque
2156 3961 2334 4017 adhuc
2356 3975 2388 4015 a
2419 3976 2477 4016 se
2508 3972 2751 4017 amatum
2777 3962 2843 4015 iri
2876 3960 3151 4031 promisit.

275 4067 372 4119 καὶ
435 4061 694 4134 φιλοῦσαν
761 4059 1056 4129 ἐπίγνωθι·
1108 4057 1205 4110 καὶ
1266 4055 1375 4125 γὰρ
1405 4055 1464 4108 σὲ
1532 4055 1786 4125 περιέπει
1845 4053 2046 4125 μᾶλλον
2089 4054 2238 4125 ἢπερ
2291 4054 2465 4123 ἡμᾶς,
2504 4054 2598 4107 καὶ
2645 4052 2892 4124 φιλήσειν
2954 4050 3035 4103 ἔτι
3073 4048 3537 4120 κατεπήγγελται.

809 4179 940 4234 nam
988 4177 1309 4248 Δοιιοθει).

351 4298 515 4349 Ὅσον
546 4293 769 4354 ὲλύπεις
794 4290 1069 4361 ἀπαίρων,
1092 4288 1193 4341 οὐκ
1216 4288 1281 4340 ἂν
1306 4286 1511 4356 ἤλπισα
1538 4282 1852 4354 προλαϐὼν,

2404 4173 2639 4231 LXXXI.
2692 4155 3087 4230 non'orneo.

2023 4291 2136 4346 Nisi
2165 4292 2493 4360 experientia
2522 4291 2853 4354 didicissem,
2875 4304 3149 4358 nunquam
3185 4286 3540 4353 credidissem

280 4387 330 4440 εί
365 4385 440 4456 μὴ
473 4384 574 4455 τὴν
602 4385 797 4452 πεῖραν
823 4379 983 4450 ἔσχον
1011 4378 1330 4432 διδάσκαλον
1347 4393 1362 4409 ·
1398 4376 1460 4443 ἐξ
1486 4370 1547 4430 οὗ
1570 4376 1679 4450 γὰρ
1702 4378 1847 4445 ἡμᾶς

1957 4390 2160 4435 tantam
2198 4397 2282 4435 me
2316 4397 2379 4436 ex
2409 4392 2499 4435 tuo
2521 4382 2759 4436 discessu
2790 4380 3132 4435 alllictionem
3162 4389 3537 4448 accepturum.

281 4474 425 4545 ᾤχου
454 4472 792 4535 καταλιπὼν,
814 4471 915 4525 οὐκ
952 4466 1282 4538 ἐπαυσάμην
1336 4465 1474 4536 μετά
1514 4466 1609 4519 σοῦ
1636 4469 1705 4537 τῇ
1730 4466 1850 4520 δια⁶

284 4565 404 4636 vola
428 4547 786 4625 παλινοστῶν,
825 4562 920 4615 και
963 4560 1189 4631 λιμένας
1218 4559 1312 4611 και
1338 4557 1607 4612 θάλατταν
1630 4557 1856 4636 διαγρά-

414 4657 471 4707 tv
491 4652 683 4723 ἐαυτῷ.
703 4654 835 4715 Καὶ,
860 4651 1052 4713 Κλῦθι,
1079 4649 1370 4704 Ποσείδαον
1391 4650 1640 4719 γαιήοχε,
1663 4633 1858 4701 πολλά-

286 4765 374 4810 κις
396 4745 586 4808 εἰπὼν,
604 4743 791 4815 ἠξίουν
805 4743 1008 4814 εὐμενῆ
1032 4759 1115 4795 σοι
1132 4744 1398 4813 παρέχειν
1427 4742 1527 4813 τὴν
1559 4740 1854 4795 θάλατταν·

288 4839 385 4893 καὶ
414 4836 509 4892 τοῦ
541 4835 673 4889 πλοῦ
700 4835 798 4899 τὰς
822 4835 1033 4906 ἡμέρας
1055 4834 1152 4887 ὀπὶ
1175 4834 1285 4887 τῶν
1317 4833 1598 4888 δακτύλων
1627 4833 1854 4887 ἐτίθουν·

288 4929 383 4984 καὶ
406 4927 579 4991 οὕτως
601 4928 718 4992 ὅλος
743 4927 1037 4998 ἐτύγχανον
1073 4927 1226 4998 παρά
1260 4926 1365 4988 σοὶ,
1392 4925 1466 4988 ὡς
1496 4925 1591 4978 καὶ
1622 4923 1858 4977 καλέσαι

190 5063 207 5073 ,
290 5022 414 5078 τινὰ
472 5020 774 5092 πειραθεὶς,
820 5020 1011 5074 ἔλαθον
1047 5020 1307 5084 πολλάκις
1364 5010 1640 5087 Δωρόθεον
1703 5034 1863 5088 προσ·

292 5114 495 5170 ειπών·
528 5114 622 5167 καὶ
648 5116 676 5168 ὀ
709 5113 807 5183 μὲν
834 5113 1019 5180 ἐγέλα,
1064 5114 1175 5182 ἐγὼ
1213 5115 1269 5167 δὲ
1295 5111 1682 5183 διαμαρτάνων
1701 5110 1864 5181 ἠχθό-

299 5221 439 5277 μην·
471 5204 536 5258 σὺ
570 5204 649 5267 δὲ,
710 5204 837 5269 ἴσθι,
875 5204 1113 5275 ἠγνόεις,
1166 5205 1362 5258 ὁπόσον
1406 5205 1538 5273 ἡμῖν
1597 5203 1864 5256 εναπέθου

296 5298 537 5368 φίλτρον.
606 5296 868 5360 Πολλάκις
896 5298 1189 5370 προσιόντα
1220 5296 1345 5371 τι·ιά
1363 5294 1641 5368 πόρρωθεν
1666 5294 1867 5348 θεασά-

301 5401 479 5453 μενος,
505 5384 585 5447 σὲ,
617 5384 693 5454 μὰ
719 5386 845 5449 τοὺς
885 5384 1060 5448 θεοὺς,
1094 5385 1311 5439 ἐδόκουν
1334 5386 1487 5455 ὁρᾷν,
1519 5384 1654 5455 πρὸς
1682 5385 1743 5437 τὸ
1767 5385 1867 5454 τῆς

296 5471 537 5538 διάνοίας
560 5474 830 5546 βούλημα,
861 5476 969 5530 τῶν
993 5475 1290 5546 ὀφθαλμῶν
1327 5477 1525 5547 ῥᾳδίως
1557 5474 1857 5544 ἀπατώμε-

300 5581 422 5618 νον·
471 5565 568 5636 τῆς
591 5565 649 5618 δὲ
672 5565 879 5636 πλάνης
930 5568 1082 5638 μόλις
1137 5570 1514 5639 ἀπήλλαγμαι,
1563 5568 1869 5638 γράμματα

303 5658 592 5730 δεξάμενος
618 5645 773 5729 πάρά
802 5659 919 5724 (τοῦ,
961 5664 1054 5717 καὶ
1082 5660 1425 5729 θεραπεύσας
1460 5662 1549 5715 τὸν
1580 5661 1779 5732 ἔρωτα.

1955 4471 2031 4526 Ex
2067 4487 2176 4541 quo
2204 4470 2395 4525 abiens
2430 4487 2515 4526 uie
2565 4471 2922 4539 dereliquisti,
2958 4486 3064 4525 non
3098 4469 3306 4524 cessavi
3364 4479 3540 4523 tecum

1956 4575 2136 4620 mente
2170 4565 2365 4626 redire.
2393 4573 2584 4635 portus
2618 4572 2674 4617 et
2701 4578 2849 4617 mare
2881 4563 2934 4616 in
2970 4562 3176 4632 nteipso
3201 4561 3540 4627 describens,

1955 4665 2007 4710 et
2037 4656 2243 4709 iteratis
2260 4655 2464 4708 vicibus
2483 4655 2667 4707 dicens
2691 4653 2816 4706 audi
2845 4651 3233 4721 me,Neptuue,
3259 4652 3347 4722 qui
3369 4661 3545 4705 terras

1958 4746 2154 4811 ambis,
2201 4747 2348 4800 illum
2381 4746 2675 4800 secundum
2709 4745 2803 4798 tibi
2851 4759 3000 4798 mare
3053 4745 3182 4799 dare
3229 4744 3541 4814 precabar;

1961 4838 2074 4893 dies
2105 4838 2305 4908 navigii
2340 4837 2592 4892 notabant
2616 4836 2822 4908 digitis,
2846 4846 2903 4892 et
2932 4837 3007 4890 ita
3037 4845 3181 4890 totus
3209 4845 3387 4890 tecum
3419 4851 3542 4889 vcr-

1962 4928 2123 4983 sabar
2179 4938 2241 4984 ut
2278 4927 2324 4983 si
2376 4944 2535 4999 quem
2590 4936 2853 4982 tentarem
2904 4928 3216 4997 appellare,
3253 4941 3396 4997 saepe
3455 4942 3543 4979 me

1965 5020 2123 5074 latuit
2158 5017 2487 5073 Dorotheum
2529 5032 2760 5083 vocare;
2794 5016 3004 5071 ridebat
3037 5017 3146 5079 ille,
3179 5031 3279 5083 ego
3308 5029 3438 5069 vero
3468 5015 3536 5068 de

1965 5127 2151 5168 errore
2184 5110 2449 5167 dolebam.
2495 5108 2552 5163 Si
2601 5110 2838 5178 ignores,
2886 5109 3023 5162 scito
3064 5117 3323 5175 quantum
3359 5107 3413 5159 in
3459 5120 3546 5160 me

1967 5203 2220 5272 philtram
2274 5200 2555 5269 iniecisti:
2611 5214 2760 5267 saepe
2806 5212 2929 5252 cum
2981 5199 3276 5267 aspicerem
3311 5196 3544 5267 aliquem
3616 5188 3637 5199 “

1968 5293 2150 5363 procul
2176 5294 2500 5354 venientem,
2524 5301 2595 5353 te,
2617 5291 2821 5351 hercle,
2844 5288 3030 5340 videre
3054 5290 3329 5359 putabam,
3348 5286 3551 5341 mentis

1969 5384 2245 5438 voluntate
2284 5382 2587 5451 decipiente
2612 5382 2817 5436 oculos.
2866 5380 2946 5432 Ab
2981 5392 3165 5434 errore
3203 5378 3292 5432 vix
3346 5377 3552 5432 liberor

1969 5481 2094 5531 dum
2123 5478 2329 5531 litteras
2353 5486 2490 5541 tuas,
2535 5488 2652 5543 qua:
2690 5471 2949 5529 medelam
2973 5469 3201 5526 alierum
3233 5470 3425 5540 amori,
3456 5484 3549 5523 ae-

1971 5583 2133 5639 ClptO.
