3976 6210
315 310 457 379 2785
561 373 566 377 .

313 511 542 582 ἐχούσης
571 510 663 562 τὸν
686 508 1110 580 παρακείμενον,
1147 507 1389 576 γείτονος
1411 506 1686 560 ἀπέλαυσε
1722 522 1887 576 πονη-

316 602 433 672 ροῦ,
493 602 552 664 ὃς
610 601 832 672 θυρίδας
891 601 1034 654 κατά
1080 599 1176 653 τοῦ
1209 599 1284 671 μὴ
1317 599 1690 670 προσήκοντος
1721 597 1884 668 ψιλοῦ

311 695 637 765 νεωτερίσας
668 695 840 758 τινὰς,
877 695 1010 766 πρὸς
1041 695 1140 764 μὲν
1173 694 1235 748 τὸ
1271 693 1443 764 παρὸν
1473 693 1743 763 ὡμολόγει
1776 710 1884 764 μη-

307 787 397 840 δὲν
431 770 680 856 ἐμποδὼν
705 786 944 846 ἔσεσθαι.
977 786 1178 848 ταύτας
1205 785 1507 855 οἰκοδομεῖν
1536 784 1846 856 βουλομένῳ
1865 802 1881 818 ·

307 877 382 940 ὡς
405 878 460 931 δὲ
480 878 574 930 νῦν
606 880 684 940 είς
714 877 873 949 ἔργον
899 875 1030 948 ἦλθε
1059 880 1087 932 ό
1125 879 1302 944 λόγος,
1345 879 1574 949 κώλυμα
1607 880 1708 942 τάς
1731 881 1883 951 θυρίο

308 969 403 1032 δας
435 969 808 1040 προϐάλλεται
829 988 840 1001 ·
878 970 1067 1042 ῶσπερ
1096 971 1252 1040 δίκην
1274 971 1523 1024 ἀπαιτῶν
1547 972 1627 1025 ὃτι
1658 972 1882 1042 παρεῖδε

308 1061 833 1130 καινοτομούμενοςο
868 1061 1010 1132 δρῶν
1045 1063 1099 1116 δὲ
1131 1065 1244 1126 τοῖς
1283 1063 1511 1127 δικαίοις
1547 1065 1881 1135 πανταχόθεν

307 1153 499 1206 ἑαυτὸν
527 1151 913 1222 ἐξωθούμενον,
965 1155 1319 1224 παρείσδυσιν
1344 1155 1524 1229 ἑαυτῷ
1561 1155 1882 1219 δυναστείας

306 1246 515 1297 ἐπινοεῖ
537 1259 551 1274 ⁸
580 1246 672 1297 καὶ
694 1243 754 1297 τὸ
787 1243 1044 1314 μέγιστον
1072 1245 1263 1315 ἀνδρὸς
1295 1248 1408 1308 τοῖς
1433 1245 1664 1309 δικαίοις
1707 1249 1881 1314 ἐγνω-

305 1336 462 1397 κότος
487 1335 610 1387 ἀεί·
647 1337 726 1396 είς
756 1336 864 1405 γὰρ
884 1336 976 1389 τὸν
1007 1336 1171 1390 πολὺν
1194 1339 1398 1392 ἐκεῖνον
1422 1338 1644 1391 ὠθεῖται
1679 1339 1882 1392 Νεστό-

305 1444 440 1497 ριον,
467 1428 545 1497 τῷ
578 1427 651 1498 μὴ
676 1430 930 1498 παρεῖναι
979 1429 1072 1482 τὸν
1129 1431 1296 1500 ἄνδρα
1330 1431 1548 1503 θαρρῶν
1569 1449 1584 1464 ·
1630 1434 1741 1495 τοῖς
1769 1434 1878 1503 γὰρ

303 1519 450 1588 αύτῷ
492 1521 861 1590 προσήκουσιν
889 1522 968 1582 είς
1005 1522 1321 1592 συμμαχίαν
1343 1524 1706 1594 χρησάμενος.
1733 1521 1892 1596 ὠνὴιῖ

301 1611 380 1672 εἰς
406 1611 566 1662 αὐτόν
589 1628 710 1664 τινα
739 1612 876 1674 πρὸς
910 1613 1249 1681 κακουργίαν
1283 1614 1556 1668 ἐπλάσατο
1588 1615 1649 1668 τὸ
1671 1615 1878 1669 δίκαιον

300 1693 471 1763 ὄνομα
494 1711 506 1723 '
539 1696 634 1749 καὶ
669 1701 806 1767 πρὸς
831 1698 1044 1754 ἀδικίαν
1077 1699 1208 1770 ὕλην
1241 1699 1444 1766 λαϐὼν,
1474 1703 1566 1755 καὶ
1595 1704 1720 1767 τοὺς
1755 1705 1876 1758 κατ’

1729 299 2131 367 EPIS’I‘OLIE.

158 397 165 408 .
206 459 212 465 -
315 422 437 491 ϐείᾳ
465 415 808 489 γνωρίζεται’
842 406 1015 469 οῗκίαν
1042 413 1099 468 δὲ
1129 413 1466 484 κεκτημένος
1494 413 1656 467 τόπον
1680 413 1863 484 ὑψηλὸς

1988 417 2139 471 multi
2166 419 2218 474 in
2244 420 2536 476 solitudine
2575 422 2828 493 degentes
2858 433 3081 496 propter
3119 430 3373 497 pietatem
3406 437 3549 490 cele-

3411 322 3550 390 9786

1988 503 2198 560 bratur.
2231 506 2365 563 Cum
2393 521 2572 565 autem
2602 512 2818 568 domum
2856 518 3191 585 acquisieri-t,
3225 536 3345 590 qua:
3378 523 3556 579 locum

1985 597 2259 652 excelsum
2312 601 2673 671 pr0pinquum
2715 606 2899 672 habet,
2931 608 3114 662 vicino
3177 613 3412 680 quodam
3458 615 3560 669 im-

1986 689 2156 758 probo
2185 691 2372 755 utitur,
2402 708 2524 762 qua:
2559 693 2821 752 fenestras
2848 709 3034 754 contra
3069 701 3158 770 jus
3194 718 3353 758 omne
3400 704 3557 759 ἰηηοο

1985 793 2140 846 vans,
2191 785 2444 850 praesenti
2492 785 2706 854 quidem
2745 797 2988 859 tempore
3028 791 3380 860 profitebatur
3424 797 3556 850 nihil

1985 871 2251 927 obstaculi
2284 876 2398 930 fore
2441 892 2534 932 eas
2589 879 2858 934 aedificare
2907 883 3126 938 volenti.
3175 885 3324 941 Nunc
3373 898 3552 942 autem

1982 975 2105 1014 cum
2137 964 2204 1018 ad
2232 981 2368 1035 opus
2405 982 2586 1023 sermo
2628 971 2865 1037 devenit,
2901 971 3167 1029 fenestras
3200 977 3553 1046 impedimen-

1986 1058 2096 1104 tum
2155 1055 2476 1121 praatendit,
2520 1061 2674 1126 quasi
2713 1059 2975 1128 justitiam
3015 1076 3262 1133 repetens
3291 1070 3433 1136 quod
3466 1069 3554 1122 in-

1983 1155 2189 1199 novans
2218 1143 2306 1211 jus
2347 1147 2778 1214 praetermiserit.
2817 1150 2950 1204 Cum
2989 1166 3116 1206 vero
3159 1156 3554 1212 animadvertat

1985 1245 2044 1286 se
2093 1233 2335 1304 undique
2369 1251 2396 1288 a
2428 1237 2552 1306 jure
2580 1248 2883 1306 extrusum,
2920 1244 2985 1296 ad
3032 1249 3322 1315 potentiam
3365 1249 3553 1303 confu-

1981 1336 2108 1388 gere
2135 1326 2430 1395 excogitat,
2469 1338 2634 1398 atque
2688 1331 2797 1386 imo
2852 1334 2951 1388 viri
2998 1335 3281 1404 cujusdam
3326 1341 3416 1407 qui
3467 1340 3554 1407 jn-

1985 1411 2191 1466 stitiam
2219 1428 2433 1485 semper
2461 1417 2686 1488 diligere
2715 1423 3090 1479 statuit.lllum
3119 1429 3259 1480 enim
3289 1437 3553 1496 praestan-

1981 1501 2252 1557 tissimum
2281 1506 2483 1561 invadit
2519 1508 2856 1577 Nestorium,
2892 1531 2995 1569 non
3043 1517 3234 1572 adesse
3277 1519 3548 1573 hominem

1981 1591 2280 1672 confidens.
2305 1597 2648 1669 Propinquos
2680 1603 2731 1656 in
2778 1605 3037 1659 auxilium
3087 1611 3378 1671 advocans,
3426 1626 3550 1678 pre-

1985 1685 2116 1739 tium
2149 1687 2485 1758 sibialiquod
2515 1692 2580 1746 ad
2611 1695 2910 1749 nocendum
2946 1700 3214 1767 aequitatis
3249 1699 3447 1754 famam
3476 1701 3554 1752 «f-

396 1748 406 1763 .
584 1748 591 1749 κ
699 1748 724 1767 ν.
759 1748 804 1760 κ.
1243 1748 1444 1766 --ν---τνῖ
1477 1748 1566 1755 --π-
1605 1748 1716 1767 -ννι
1755 1748 1855 1758 —-—-

297 1786 464 1840 αὑτοῦ
504 1789 842 1858 πανταχόθεν
881 1789 1136 1852 ἐπαίνους
1163 1791 1470 1846 διαϐάλλειν
1498 1793 1863 1864 πειρώμενος

1981 1773 2166 1841 finxit;
2213 1784 2267 1829 et
2315 1748 2380 1832 ad
2424 1778 2681 1846 injuriam
2715 1748 3180 1857 materiamjcapit
3223 1797 3276 1842 et
3305 1791 3552 1858 preptias

299 1878 436 1930 ά).λά
487 1879 656 1933 ταῦτα
693 1879 879 1950 μαθὼν
906 1882 972 1934 δι’
1007 1883 1181 1952 ὑμῶν,
1219 1884 1456 1937 κωλύσει
1477 1888 1598 1946 ταῖς
1623 1887 1877 1953 ἀπειλαῖς

297 1970 388 2022 τὸν
413 1971 704 2026 ἀδικοῦντα
733 1973 798 2042 δι’
819 1973 1012 2045 ἀνδρὸς
1036 1976 1309 2044 τιμῶντος
1342 1976 1411 2029 τά
1439 1977 1647 2034 δίκαια.

857 2147 1003 2215 nq'.
1041 2137 1292 2203 amem.

370 2227 434 2287 Ὅ
455 2237 554 2304 μὲν
621 2277 634 2291 ,
705 2276 722 2291 .
800 2281 812 2295 .
847 2241 924 2311 (l)
952 2243 1265 2312 χαριεῖσθαι
1295 2247 1362 2316 τῇ
1394 2246 1676 2301 παιδεύσει
1704 2253 1766 2319 τῇ
1805 2251 1870 2321 σῇ

294 2325 352 2378 εί
374 2343 436 2393 γε
467 2328 550 2380 δεῖ
577 2329 885 2398 γράμματα
950 2371 965 2386 .
1028 2371 1046 2387 .
1105 2371 1122 2388 .
1183 2334 1279 2387 καὶ
1311 2335 1484 2390 ταῦτα
1505 2337 1674 2408 δήπου
1698 2340 1872 2408 λέγων

295 2416 524 2469 ἐπὶ·τοῦ
556 2419 788 2488 τράφειν
819 2421 886 2474 ἀν
939 2461 956 2477 .
1028 2464 1046 2478 .
1121 2465 1139 2480 .
1218 2426 1317 2496 τῆς
1364 2427 1462 2497 μὲν
1494 2431 1572 2493 είς
1603 2431 1746 2501 ὑμᾶς
1776 2433 1869 2485 ed—

294 2507 441 2570 νοίας
479 2508 569 2560 τὸν
596 2509 765 2580 ἄνδρα
807 2511 1130 2582 τεθαύμακα
1164 2517 1301 2586 μηδὲ
1343 2518 1434 2571 τὸν
1500 2559 1515 2572 .
1597 2559 1611 2573 .
1696 2562 1710 2574 .
1790 2523 1870 2574 εί-

291 2600 516 2672 δόμενον
547 2601 605 2667 ἐξ
635 2598 708 2656 ὧν
724 2600 865 2657 οῐδεν
893 2606 1020 2675 ὑμῖν
1044 2607 1424 2678 χαριούμενος
1447 2610 1549 2682 τὴν
1575 2611 1631 2664 δὲ
1659 2612 1869 2683 σιωπὴν

293 2693 404 2761 ήγα
479 2734 494 2748 .
565 2735 580 2748 .
653 2735 668 2748 .
741 2695 1046 2766 ἐρυθριῶν·
1077 2698 1172 2752 καὶ
1208 2700 1372 2768 σοφὸν
1401 2700 1539 2771 ἔχων
1564 2704 1866 2781 ἐπιστεῖλαι

299 2785 484 2852 μηδέν.
532 2786 618 2850 Ὠς
645 2787 754 2857 γάρ
822 2789 920 2841 καὶ
976 2790 1226 2844 Πλάτωνι
1251 2792 1326 2861 τῷ
1360 2795 1654 2864 σοφωτάτῳ
1698 2797 1866 2860 δοκεῖ,

289 2872 392 2924 οὐκ
414 2872 555 2925 ἔστιν
585 2875 788 2945 ἀρετὴν
816 2877 1012 2932 εἰδέναι
1043 2897 1095 2932 τι
1125 2879 1198 2949 μὴ
1228 2883 1341 2942 τοῖς
1365 2880 1545 2952 ἔργοις
1575 2883 1709 2953 πρὸς
1736 2885 1867 2956 ἀρε-

290 2962 388 3032 τὴν
411 2964 762 3034 ἐπειγόμενον
782 2982 794 2996 ’
826 2968 853 3019 ὃ
881 2968 937 3020 δὲ
960 2969 1035 3039 μὴ
1064 2970 1209 3023 έστιν
1233 2971 1452 3037 εἰδέναι,
1483 2972 1587 3026 κᾶν
1613 2975 1860 3046 ἐρυθριά-

290 3070 449 3122 σαιμι
480 3056 606 3124 περὶ
655 3057 847 3111 τούτου
894 3060 1264 3130 φθεγγόμενος
1295 3077 1310 3092 ·
1354 3064 1448 3116 καὶ
1489 3065 1661 3117 ταῦτα
1693 3067 1861 3119 ποιῶν
1890 3101 1933 3160 C

285 3143 479 3214 ῶσπερ
518 3145 582 3198 ἂν
603 3147 658 3198 εί
680 3164 764 3209 τις
793 3150 1059 3220 μουσικὴν
1089 3153 1210 3220 μηδ’
1253 3151 1387 3222 ὄναρ
1414 3154 1598 3218 εἰδὼς,
1638 3150 1758 3210 εἶτά
1779 3175 1860 3220 τις

301 3233 530 3303 Ὀρφεὺς
574 3233 714 3293 εἶναι
739 3240 906 3310 λέγοι,
939 3244 1008 3296 τὰ
1034 3244 1196 3314 θηρία
1221 3249 1286 3316 τῇ
1313 3247 1450 3318 λύρᾳ
1485 3251 1856 3320 χειρούμενος

286 3325 399 3378 ἀλλ’
435 3329 609 3383 είδέοι
629 3323 738 3385 τῶν
773 3335 1100 3404 κρουμάτων
1127 3338 1464 3407 ἐφάψασθαι,
1497 3343 1671 3409 γέλως
1695 3345 1859 3408 εὐθὺς

285 3420 313 3470 ὁ
345 3420 579 3490 κόμπος,
643 3425 737 3477 καὶ
773 3429 966 3481 πάντα
996 3429 1062 3498 δὴ
1106 3431 1652 3504 ρᾳδίωςέλέγχεταιο
1693 3441 1857 3495 πόθεν

284 3506 379 3563 οὖν
413 3510 483 3585 [ὃ]
520 3514 592 3584 μὴ
617 3517 838 3584 πέφυκα
859 3519 1008 3586 παρά
1037 3521 1114 3591 τῷ
1133 3524 1211 3592 σῷ
1237 3525 1365 3594 θείῳ
1391 3527 1702 3599 νομίζομαι;
1722 3530 1858 3602 ἔφης

283 3618 336 3654 τι
365 3603 500 3673 πρὸς
529 3604 691 3658 αὐτὸν
721 3607 978 3672 πολλάκις
1004 3611 1154 3680 νόμῳ
1179 3614 1242 3684 δὴ
1265 3615 1446 3682 φιλίας
1466 3621 1855 3691 ἀποσεμνύνων

284 3693 418 3761 ἐμέ·
455 3696 483 3746 ό
517 3695 573 3746 δὲ
606 3696 696 3748 τὸν
737 3697 902 3751 πόθον
933 3699 996 3752 οὐ
1030 3704 1267 3769 σκοπῶν,
1301 3706 1418 3760 ἀλλ’
1447 3711 1511 3762 ἐκ
1533 3712 1642 3764 τῶν
1677 3714 1856 3785 ἔργων

285 3780 424 3836 εἶναι
479 3785 606 3848 τοὺς
641 3786 834 3857 λόγους
881 3791 1161 3860 οἰόμενος,
1215 3797 1438 3852 ἀπαιτεῖ
1486 3780 1738 3869 γενέσθαι
1786 3823 1854 3874 με

282 3874 523 3928 τοιοῦτον
547 3872 656 3930 οἷον
683 3895 750 3946 με
778 3881 889 3942 τοῖς
917 3880 1094 3948 λόγοις
1137 3885 1466 3951 ἀνέπλασας,
1498 3891 1589 3942 καὶ
1627 3891 1722 3944 τοῦ
1757 3894 1851 3946 σοῦ

282 3965 510 4035 ψεύδους
569 3968 662 4024 νῦν
712 3973 942 4038 εὐθύνας
989 3977 1418 4045 εἰσπράττοντα·
1455 3982 1549 4034 καὶ
1590 3983 1853 4054 διελέγχω

284 4075 379 4110 σου
414 4060 536 4122 τοὺς
563 4061 771 4130 λόγους,
795 4065 901 4117 οὐκ
927 4064 1067 4135 ἔχων
1092 4068 1294 4138 ἀρετῆς
1321 4070 1575 4138 γενέσθαι
1595 4073 1853 4127 διδάσκα-

278 4145 399 4208 λος·
450 4148 588 4219 πλὴν
650 4152 838 4223 ἐπειδὴ
886 4155 1023 4222 πρὸς
1063 4156 1121 4208 σέ
1152 4173 1242 4226 μοι
1284 4159 1353 4210 τὰ
1398 4160 1724 4230 γράμματα,
1759 4159 1849 4217 6o-

279 4240 366 4290 κεί
407 4237 468 4309 δὴ
521 4240 682 4294 πάλιν
732 4242 1052 4314 θαυμάζειν,
1107 4246 1197 4301 ἵνα
1261 4248 1335 4320 μὴ
1375 4251 1569 4304 σαυτὸν
1617 4253 1852 4326 simne

273 4326 623 4398 ψευδόμενον.

825 4501 948 4555 ΠΖν.
981 4505 1284 4576 armare.

353 4585 590 4639 ὐϐολοῖν
646 4589 741 4640 τοῦ
802 4591 1091 4658 Εὐριπίδου
1146 4595 1353 4663 ῥακίων
1377 4596 1474 4669 τὴν
1495 4598 1634 4672 ἐμὴν
1662 4603 1840 4659 οἰκίαν

271 4675 532 4746 ἐπλησας,
564 4679 839 4749 ἀδωνάρια
877 4682 1098 4750 πέμψας
1126 4685 1367 4757 ἄρυθμα,
1412 4691 1555 4745 καθά
1581 4709 1664 4744 σοι
1687 4695 1840 4762 φίλον

271 4769 477 4832 καλεῖν,
540 4771 634 4822 καὶ
679 4771 914 4840 βλαῢτας
958 4775 1255 4844 ἀμούσους,
1310 4781 1404 4832 καὶ
1463 4781 1837 4854 ἀφικράτιδας

267 4860 352 4926 ἐφ’
383 4853 470 4921 αἶς
500 4861 548 4912 εί
569 4860 662 4913 καὶ
709 4861 832 4930 μέγ’
880 4864 1164 4932 οίμώξειεν
1195 4868 1223 4922 ό
1251 4871 1555 4940 στρατηγὸς
1589 4853 1836 4946 Ἲφικρά..

266 4963 364 5018 της
419 4950 537 5003 οὐδὲ
584 4952 684 5022 τῆς
729 4954 983 5024 Ἀττικῆς
1008 4957 1304 5026 φερούσαις
1328 4963 1652 5034 τεκμήριον.
1698 4967 1834 5020 Οὐδὲ

265 5036 375 5107 γὰρ
407 5039 569 5110 χάριν
596 5041 835 5106 τινὰ-καὶ
864 5046 1053 5097 πεῖναν
1079 5047 1332 5118 μελίττης
1374 5049 1666 5121 Ὑμηττίου
1695 5072 1836 5126 παρ’

263 5130 500 5198 έχονται,
535 5132 654 5184 οὐδὲ
681 5132 923 5204 βοῶσιτῇ
953 5137 1051 5207 θέᾳ
1079 5139 1482 5213 τὴν·Ἀττικὴν,
1510 5149 1565 5199 ἐν
1639 5150 1836 5218 Μαρα-

261 5218 371 5270 θὼν
411 5219 507 5273 καὶ
539 5220 800 5290 Σαλαμὶς,
823 5224 916 5276 καὶ
945 5224 1140 5295 ἄνδρες
1169 5227 1486 5301 ἐλευθερίας
1516 5218 1616 5286 καῖ
1637 5239 1840 5308 φρονή-

263 5324 432 5376 ματος
494 5309 744 5379 ἐρασταὶ,
776 5313 836 5364 οὐ
868 5313 946 5382 μά
977 5315 1076 5366 Δία
1131 5318 1261 5386 παρ’
1297 5320 1426 5389 ὑμῖν
1475 5325 1652 5395 μούσῃ
1686 5344 1837 5381 τετε-

266 5399 528 5467 ιεσμένοιο
550 5400 616 5454 τὰ
639 5401 746 5472 γὰρ
766 5403 1075 5474 ὑμέτερα...
1099 5407 1213 5459 ἀλλ’
1233 5409 1474 5480 εύστομα
1499 5417 1699 5470 κείσθω
1715 5435 1728 5450 ο
1762 5422 1834 5490 μή

255 5505 308 5544 τι
348 5491 442 5544 καὶ
461 5491 608 5547 λάθω
632 5494 1035 5567 φθεγξάμενος·
1067 5500 1133 5552 τά
1169 5501 1266 5571 μὲν
1304 5505 1372 5558 σά
1401 5505 1549 5577 δῶρα
1582 5511 1825 5566 τοιαῦται

1979 1861 2168 1919 laudes
2193 1867 2430 1936 undique
2465 1884 2722 1940 spargere
2750 1873 2958 1927 nititur.
2992 1873 3097 1928 Sed
3131 1887 3413 1944 postquam
3439 1878 3552 1932 haec

1978 1969 2076 2022 per
2113 1971 2214 2010 nos
2257 1958 2526 2026 didicerit,
2581 1962 2743 2017 minis
2794 1966 3102 2032 prohibebit
3151 1982 3274 2020 eum
3321 1971 3409 2036 qui
3457 1984 3554 2038 per

1981 2044 2156 2097 virum
2195 2045 2336 2114 juris
2359 2049 2903 2108 observantissimum
2937 2056 3188 2125 injuriam
3220 2058 3371 2116 facil.

2470 2141 2762 2200 LXXXVI.
2799 2145 3058 2202 ORIONI.

2045 2220 2138 2280 Ille
2160 2227 2377 2296 quidem
2419 2230 2594 2300 (dicit)
2621 2249 2680 2288 se
2707 2236 3014 2304 disciplinae
3043 2247 3146 2296 tute
3173 2241 3506 2300 tributurum
3531 2287 3547 2312 ,

1973 2319 2018 2371 si
2065 2329 2279 2387 oportet
2328 2323 2530 2393 scripta
2578 2324 2718 2394 (mea
2749 2329 3111 2386 admiratione
3155 2337 3454 2406 prosequi),
3494 2349 3550 2395 et

1974 2410 2088 2462 haec
2146 2411 2332 2467 dicens
2376 2413 2442 2468 de
2490 2415 2627 2487 (tua)
2668 2421 2941 2475 scribendi
2988 2422 3148 2492 (artc,
3203 2440 3306 2480 non
3352 2433 3546 2498 errat).

1975 2497 2160 2554 Virum
2187 2503 2404 2571 quidem
2439 2516 2662 2577 propter
2713 2511 2854 2566 hanc
2893 2512 2946 2566 in
2987 2527 3085 2568 vos
3114 2497 3544 2588 benevolentiam

1973 2593 2201 2648 miratus
2229 2611 2387 2664 sum;
2427 2614 2536 2653 non
2571 2611 2750 2655 autem
2793 2602 2934 2658 illius
2965 2606 3177 2676 (miror)
3209 2612 3545 2676 prudentiam

1970 2681 2022 2735 in
2060 2683 2125 2737 iis
2145 2701 2268 2754 quae
2295 2688 2446 2741 vobis
2469 2690 2680 2745 tribuit.
2704 2692 2934 2749 Silentio
2965 2694 3088 2750 litor
3118 2701 3465 2766 erubescens,
3491 2712 3547 2758 ct
3639 2715 3642 2718 ί

1971 2773 2105 2827 nihil
2134 2777 2351 2844 sapiens
2404 2780 2759 2835 scribendum
2807 2783 3030 2839 habens.
3072 2786 3135 2842 Ut
3163 2789 3307 2844 rnim
3353 2802 3405 2845 et
3448 2793 3546 2846 do-

1969 2865 2211 2922 ctissimo
2239 2867 2448 2925 Platoni
2477 2871 2710 2941 videtur,
2749 2888 2972 2932 noscere
2996 2879 3246 2934 virtutem
3279 2897 3382 2934 non
3415 2882 3544 2939 licet

1968 2958 2016 3010 ei
2042 2959 2133 3028 qui
2168 2975 2274 3014 non
2315 2977 2410 3031 per
2449 2979 2612 3033 opera
2661 2969 2727 3022 ad
2768 2968 3022 3024 virtutem
3073 2983 3339 3041 properat.
3388 2975 3542 3045 Quod

1969 3057 2147 3103 autem
2175 3052 2317 3107 scire
2349 3069 2453 3108 non
2488 3055 2635 3122 licet,
2671 3059 2739 3114 de
2781 3060 2884 3116 hoc
2910 3061 3055 3132 loqui
3086 3078 3175 3118 me
3204 3066 3462 3134 puderet;
3485 3077 3541 3123 et

1965 3140 2016 3193 id
2041 3141 2248 3198 faciens
2272 3144 2469 3200 similis
2495 3161 2696 3216 essem,
2726 3167 2790 3206 ac
2819 3153 2864 3206 si
2899 3154 3023 3223 quis
3056 3157 3317 3211 musicam
3352 3175 3417 3213 ne
3440 3176 3540 3230 per

1962 3235 2230 3288 somnium
2275 3238 2492 3305 quidem
2538 3243 2737 3309 sciens,
2771 3245 2966 3299 deinde
3009 3261 3070 3302 se
3110 3248 3386 3318 Orpheum
3415 3268 3536 3308 esse

1961 3325 2187 3391 diceret,
2229 3326 2374 3383 feras
2438 3329 2552 3401 lyra
2598 3337 3116 3393 mansuefacientem
3157 3357 3173 3406 ;
3215 3352 3268 3396 at
3317 3358 3445 3400 vero
3485 3347 3528 3400 si

1959 3426 2234 3483 oporteret
2259 3419 2620 3477 instrumenta
2668 3425 2959 3497 attingere,
3012 3431 3180 3486 risum
3225 3436 3408 3488 statim
3445 3436 3533 3504 ja-

1959 3506 2166 3559 ctantia
2203 3521 2466 3574 moveret,
2502 3525 2557 3566 et
2580 3515 2760 3568 omnia
2789 3531 2921 3572 sane
2951 3518 3112 3576 facile
3143 3523 3534 3596 redargueret]-

1961 3599 2069 3644 tur.
2101 3590 2218 3646 Non
2252 3595 2414 3664 igitur
2439 3599 2528 3665 qui
2565 3615 2708 3663 sum,
2759 3604 2806 3656 is
2846 3619 2876 3657 a
2909 3615 2998 3660 tuo
3041 3612 3306 3666 avunculo
3338 3615 3530 3670 exiSti-

1957 3697 2096 3736 mor.
2142 3684 2358 3753 Aliquid
2414 3689 2463 3740 ei
2494 3691 2695 3757 saepius
2738 3707 2805 3746 ex
2853 3698 3107 3753 amicitia:
3156 3702 3275 3772 lege
3323 3697 3589 3776 tlixisti,'.

1956 3771 2208 3827 laudandi
2246 3776 2350 3829 mei
2381 3781 2576 3846 gratia.
2608 3778 2701 3835 Ille
2735 3793 2914 3838 autem
2943 3803 3051 3842 non
3078 3771 3316 3848 amorem
3344 3803 3528 3854 consi-

1956 3863 2152 3920 derans
2179 3906 2196 3932 ,
2240 3869 2333 3923 sed
2361 3886 2427 3924 ex
2471 3873 2726 3940 operibus
2764 3879 2925 3932 verba
2953 3893 3075 3936 esse
3108 3882 3250 3938 dicta
3277 3911 3281 3915 ~
3308 3898 3528 3956 putans,

1957 3970 2044 4008 me
2075 3957 2236 4012 talem
2265 3974 2386 4015 esse
2419 3963 2586 4032 exigit
2615 3967 2830 4035 qualem
2869 3985 2954 4026 me
2983 3975 3162 4029 verbis
3189 3975 3442 4035 eﬂinxisti
3472 3994 3529 4038 et

1957 4046 2034 4099 tui
2065 4049 2340 4118 mendacii.
2365 4055 2606 4109 rationes
2636 4068 2997 4126 repetentem.
3016 4062 3129 4118 Tua
3158 4077 3334 4123 autem
3359 4073 3525 4128 verba

1953 4151 2082 4191 sane
2120 4140 2404 4207 redarguo,
2451 4158 2572 4198 cnm
2621 4161 2724 4200 non
2771 4151 2972 4216 possim
3019 4151 3234 4208 virtutis
3272 4159 3530 4227 magister

1952 4229 2087 4284 fieri.
2119 4231 2412 4300 Postquam
2448 4253 2578 4292 vero
2607 4240 2672 4294 ad
2710 4251 2762 4295 te
2802 4258 2935 4298 mea:
2963 4245 3157 4302 litterae
3181 4253 3522 4319 perveniunt,

1951 4321 2166 4376 videtur
2197 4328 2416 4392 quidem
2455 4346 2643 4386 rursus
2675 4335 2882 4403 mirari,
2925 4353 2994 4392 ne
3033 4340 3262 4410 teipsum
3305 4347 3526 4402 menda-

1878 4420 1924 4476 D
1952 4427 2068 4466 cem
2104 4415 2271 4470 fuisse
2302 4417 2691 4486 deprehendas.

2402 4508 2710 4568 LXXXVII.
2743 4516 3064 4576 DIODORO.

2020 4594 2241 4653 Laceris
2288 4601 2564 4671 Euripidis
2607 4609 2866 4674 vestibus,
2914 4629 3034 4681 qua:
3084 4615 3292 4672 duobus
3343 4622 3514 4680 (tholis

1947 4696 2278 4754 emerentur,
2323 4707 2496 4746 meam
2547 4695 2763 4748 domum
2811 4697 3076 4766 implesti,
3116 4721 3343 4762 venerea
3399 4715 3516 4766 sine

1948 4775 2204 4846 rhythmo
2231 4795 2398 4848 Opera
2433 4785 2674 4848 mittens,
2711 4796 2767 4839 ut
2810 4798 2859 4841 te
2898 4804 2960 4842 ea
3009 4808 3203 4849 vocare
3239 4799 3417 4866 juvat,
3459 4814 3510 4857 et

1945 4869 2307 4926 calceamenta
2335 4877 2481 4942 poesi
2514 4879 2779 4938 carentia,
2804 4889 2858 4934 et
2891 4878 3248 4951 Iphicratidas
3284 4891 3352 4944 de
3394 4897 3512 4959 qui-

1944 4959 2045 5012 bus
2077 4962 2241 5016 etiam
2273 4967 2660 5034 ingemuissent
2688 4971 2791 5023 duo
2823 4969 3138 5040 Iphicrates,
3169 4980 3365 5048 quippe
3395 5000 3538 5049 «μιξε-

1943 5053 2139 5107 Atticm
2159 5054 2371 5120 signum
2403 5073 2508 5111 non
2543 5057 2737 5112 ferant.
2764 5059 2880 5114 Non
2905 5065 3046 5116 enim
3068 5068 3298 5134 gratiam
3324 5087 3518 5139 quam-

1942 5145 2064 5196 dam
2103 5155 2156 5199 et
2198 5145 2397 5200 famem
2442 5149 2559 5217 apis
2604 5148 2892 5219 Hymettia:
2933 5166 3342 5223 praestantmec
3370 5166 3513 5218 Atti-

1941 5250 2062 5288 cam
2098 5237 2164 5290 ad
2203 5239 2568 5304 spectaculum
2609 5242 2844 5295 clatnose
2869 5255 3066 5300 vocant
3102 5249 3153 5300 in
3191 5265 3308 5318 quae
3335 5252 3510 5307 Mara—

1943 5328 2071 5382 thon
2095 5339 2148 5382 et
2172 5329 2425 5394 Salamis,
2448 5342 2521 5386 et
2550 5333 2648 5386 viri
2677 5333 2942 5392 libertatis
2969 5349 3022 5392 et
3054 5338 3238 5407 gloria:
3269 5357 3512 5402 amantes

1942 5436 2070 5486 non,
2104 5421 2306 5487 hercle,
2324 5437 2384 5475 ea
2417 5439 2538 5493 qua:
2567 5429 2703 5495 apud
2733 5443 2826 5482 vos
2851 5439 2933 5484 est
2960 5447 3109 5492 musa
3131 5437 3352 5502 perfecti
3377 5438 3510 5496 sint.

1940 5512 2128 5567 Vestra
2169 5515 2446 5571 enimvero
2487 5515 2592 5571 alia
2623 5518 2915 5588 prudenter
2955 5523 3173 5581 silentio
3215 5536 3410 5596 tegam,
3441 5543 3513 5587 no

1765 5605 1993 5663 NOTAE.

329 5677 405 5747 (l)
443 5675 499 5731 In
535 5680 619 5734 his
651 5681 858 5739 lacunis
884 5688 1120 5758 corrupti
1153 5691 1376 5749 madore
1406 5695 1608 5751 codicis
1644 5713 1814 5766 pauca
1848 5707 2009 5759 verba
2041 5703 2342 5784 perierunt.
