3976 6210
465 324 571 387 278
585 353 598 385 ι

1740 309 2098 380 PROCOPII
2142 310 2384 379 GAZ/EI

3573 324 3712 392 2788

468 432 597 501 quid
634 430 835 486 inscius
869 429 1066 484 dicam.
1109 427 1261 482 Talia
1309 434 1436 481 sunt
1474 427 1688 496 quidem
1739 437 1826 482 tua
1869 428 2029 483 dona.

2142 429 2206 482 τὰ
2249 429 2303 482 δὲ
2348 429 2610 501 ἡμέτερα,
2662 431 2766 485 κᾶν
2820 430 2985 496 αύτδς
3040 432 3384 499 ἐπαινέσειας
3446 438 3590 493 οὕτω
3639 445 3707 512 τῇ

468 526 661 580 Nosna
705 537 834 578 vero
882 528 939 577 et
966 523 1079 591 ipse
1103 521 1380 585 laudares,
1431 535 1553 574 cum
1586 522 1721 575 adeo
1749 522 1920 574 ventri
1950 521 2029 574 in-

351 612 357 619 ’
465 616 706 683 dulgeas.
742 611 976 668 Gulosus
1002 613 1147 667 enim
1180 625 1301 665 cum
1339 610 1438 678 sis,
1466 619 1521 665 et
1547 610 1752 665 ventris
1783 610 2032 680 explendi

438 721 649 761 scuram
702 705 923 770 habeas,
970 712 1026 758 et
1057 705 1200 759 escis
1242 718 1494 775 magnam
1547 703 1859 758 felicitatem
1916 718 2031 758 me-

463 797 637 862 tiaris,
677 797 721 850 si
770 796 901 866 quid
940 795 1083 850 forte
1122 796 1346 866 iucundi
1394 805 1621 850 venatus
1652 795 1751 858 sis,
1787 793 2033 863 protinus

463 886 710 941 extendis
750 888 986 955 linguam
1041 894 1101 939 ut
1148 887 1371 955 quidam
1426 885 1558 954 Ajax
1597 884 1870 953 ingentem
1923 883 2034 953 cly-

462 992 645 1046 peum.
676 977 744 1031 Et
779 977 934 1031 testis
961 985 1046 1030 est
1072 977 1203 1031 hora
1232 992 1338 1046 qua
1381 976 1681 1045 placentam
1719 974 1857 1043 apud
1899 973 2033 1029 alios

462 1068 763 1138 abripiens,
796 1075 964 1121 totam
992 1068 1174 1120 statim
1213 1067 1266 1120 in
1300 1082 1363 1121 os
1396 1066 1687 1121 immisisti.

894 1155 1227 1211 LXXXVIII.
1257 1153 1581 1212 CYRIACO.

531 1247 772 1314 Quantas
819 1248 910 1301 filii
961 1248 1204 1318 patribus
1251 1249 1455 1318 gratias
1505 1249 1760 1315 debeant,
1796 1261 1904 1303 non
1938 1252 2032 1317 ap-

470 1340 643 1406 prime
669 1339 809 1393 scire
837 1338 983 1405 licet,
1015 1339 1117 1392 nisi
1169 1339 1293 1406 quis
1333 1348 1388 1393 et
1432 1338 1547 1407 ipse
1598 1338 1829 1393 filiorum
1883 1348 2035 1408 pater

459 1427 566 1491 sit;
590 1442 655 1480 ex
683 1442 748 1480 eo
778 1428 1136 1481 eninmmore
1166 1441 1277 1496 quo
1313 1426 1457 1483 ﬁlios
1485 1428 1870 1497 complectitur
1898 1427 2036 1482 sciet

456 1518 681 1572 omnino
727 1517 916 1585 quales
976 1519 1031 1570 in
1082 1518 1256 1587 ipsum
1307 1518 1510 1573 fuerint
1583 1519 1878 1589 genitores.
1931 1519 2035 1586 Qui

459 1616 641 1660 tamen
677 1608 849 1661 musis
885 1606 1190 1677 indulgent,
1225 1617 1281 1661 et
1318 1617 1446 1663 ante
1471 1609 1903 1677 experimentum
1948 1624 2035 1663 ra-

2132 520 2330 589 γαστρὶ
2353 519 2708 590 χαριζόμενος
2736 537 2751 552 ⁸
2784 520 2967 592 λίχνος
3018 523 3129 596 γάρ
3157 542 3240 589 τις
3261 526 3357 589 ὢν,
3400 530 3497 581 καὶ
3522 528 3589 581 τὸ
3614 547 3712 598 γα-

2133 610 2448 691 στρίζεσθαι
2488 612 2725 683 μελέτην
2778 619 3167 686 πεποιημένος,
3216 616 3308 670 καὶ
3338 617 3588 688 βρώμασι
3612 620 3712 690 τὴν

2135 702 2379 772 μεγάλην
2424 702 2766 774 εὐδαιμονίαν
2826 706 3061 776 μετρῶν,
3090 708 3145 760 εῐ
3189 708 3242 761 τί
3293 725 3397 761 που
3443 707 3712 779 θηράσαις

2131 792 2254 863 ἡδὺ,
2308 793 2613 864 προτείνεις
2668 794 2874 859 εὐθέως
2903 797 3003 866 τὴν
3048 795 3316 866 γλῶτταν,
3355 799 3608 867 καθάπερ
3628 815 3710 862 τις

2130 883 2264 947 Αῖας
2296 883 2393 957 τὴν
2425 884 2668 957 μεγάλην
2722 887 2956 940 ἀσπίδα⁰
2985 888 3080 941 καὶ
3134 887 3348 959 μάρτυς
3370 889 3399 940 ὁ
3429 889 3619 958 καιρὸς
3650 890 3710 941 ὲν

2131 972 2287 1046 ᾧτὸν
2330 977 2640 1032 πλακοῦντα
2690 979 2820 1050 παρ’
2847 981 3049 1052 ἐτέρων
3098 983 3451 1055 άφήρπασας,
3475 982 3594 1034 ὅλον
3614 980 3709 1034 εὖ·
3802 1029 3813 1039 .
3854 988 3861 999 ⁸

2134 1070 2232 1136 θὺς
2267 1070 2646 1141 παραπέμψας
2672 1072 2749 1141 τῷ
2779 1072 3026 1141 στόματι.

2378 1183 2384 1188 -
2607 1174 2635 1233 η
2672 1156 2804 1215 ῐιιν.
2834 1160 3162 1233 ΚΥΡΙΛΚῼ.

2208 1248 2382 1305 Ὅσον
2418 1250 2470 1307 οι
2507 1252 2696 1315 παῖδες
2724 1253 2834 1314 τοῖς
2872 1252 3142 1322 πατράσιν
3157 1248 3426 1320 ὀφείλουσι
3456 1253 3701 1324 χάριτας,

2137 1344 2237 1399 οὐκ
2270 1343 2416 1397 ἔστιν
2446 1342 2641 1397 ειδέναι
2676 1342 2812 1414 πρὸς
2867 1343 3048 1408 ἀξίαν,
3089 1345 3137 1396 εί
3193 1345 3267 1413 μή
3303 1358 3391 1407 τις
3420 1340 3511 1397 καὶ
3541 1346 3737 1427 αὐτὸς,

2140 1435 2350 1489 παίδων
2378 1435 2612 1505 ὑπάρχει
2643 1437 2860 1505 πατὴρ⁸
2899 1435 2961 1488 τό
2999 1451 3059 1487 τε
3088 1433 3196 1505 γὰρ
3241 1433 3300 1501 eg
3336 1430 3403 1507 ἧς
3429 1434 3542 1506 ἔχει
3570 1437 3706 1506 πρὸς

2110 1524 2263 1586 ’τοὺς
2298 1524 2499 1587 παῖδας
2565 1525 2819 1594 στοργῆς,
2870 1524 3073 1578 εἴσεται
3122 1526 3343 1588 πάντως
3391 1528 3531 1579 ποῖοι
3568 1528 3706 1595 πρὸς

2140 1613 2304 1667 αὑτὸν
2343 1614 2591 1685 ὑπῆρξαν
2650 1614 2702 1665 οἱ
2742 1614 3048 1681 φύσαντες·
3093 1614 3231 1687 πλὴν
3263 1616 3376 1668 ὅσοι
3405 1618 3527 1678 ταῖς
3573 1616 3705 1685 μού-

456 1696 602 1750 tione
628 1690 1159 1765 verum‘dijudicant.
1193 1696 1346 1753 Unde
1375 1699 1530 1755 decet
1559 1707 1610 1753 te
1629 1713 1753 1769 erga
1779 1707 2029 1769 parentes

2142 1724 2259 1770 σαις
2284 1706 2619 1771 ἀνάκεινται,
2675 1706 2770 1759 καὶ
2809 1707 2913 1777 πρὸ
2963 1706 3061 1775 τῆς
3102 1708 3296 1777 πείρας
3332 1707 3471 1777 λόγῳ
3495 1706 3705 1779 τάληθῆ

455 1785 619 1839 talem
649 1785 905 1859 esse,qui
934 1786 1074 1842 forte
1113 1789 1234 1857 plus
1269 1804 1428 1859 quam
1495 1790 1678 1845 caeteri
1707 1790 2034 1846 benevolen-

455 1877 545 1933 tite
572 1877 894 1947 largiuntur.
927 1878 1264 1950 Quapropter
1313 1897 1399 1937 me
1424 1883 1491 1937 ad
1534 1885 1673 1938 hanc
1693 1884 2034 1938 scribendam

453 1968 737 2036 epistolam
780 1982 1085 2035 moverunt,
1120 1976 1430 2028 mercedem
1467 1985 1750 2043 paternam
1789 1991 1819 2029 a
1855 1984 1908 2031 te
1954 1991 2030 2031 re.

455 2067 727 2126 petentes,
756 2068 814 2112 ut
860 2073 966 2113 non
1016 2062 1307 2117 erubescas
1363 2062 1523 2117 talem
1576 2079 1696 2119 esse
1734 2064 1945 2134 qualem
1983 2073 2036 2119 te

458 2150 667 2211 volunt,
695 2158 750 2203 et
777 2148 919 2203 Deus
944 2161 996 2204 te
1025 2150 1078 2203 in
1111 2150 1270 2205 flnem
1305 2153 1510 2211 tulerit.
1535 2153 1690 2209 Tunc
1720 2156 1863 2209 enim
1901 2156 2035 2223 ipsis

454 2256 603 2295 mors
643 2241 753 2307 ipsa
786 2240 919 2295 levis
947 2242 1072 2305 erit,
1102 2242 1404 2299 scientibus
1448 2244 1662 2313 qualem
1693 2247 1774 2301 sui
1813 2248 2037 2318 generis

456 2331 778 2400 reliquerint
805 2346 1204 2387 successorem.

453 2518 739 2575 LXXXIX.
764 2518 1136 2577 ZACIIARIIE
1160 2520 1246 2575 ET
1271 2521 1594 2580 PIIILIPPO
1615 2522 2032 2582 FRATRIBUS.

523 2611 622 2674 Qui
655 2626 773 2665 eam
799 2626 898 2688 pro
916 2612 1068 2666 vobis
1084 2615 1293 2681 accepit
1322 2614 1624 2681 epistolam,
1648 2614 1827 2672 Patris
1847 2604 2034 2688 optimi

459 2707 515 2753 et
540 2698 809 2769 justitiam
837 2685 1066 2757 colentis
1090 2711 1143 2757 et
1170 2703 1314 2758 inter
1342 2720 1531 2761 omnes
1563 2704 1740 2774 justos
1773 2685 2033 2765 celebrati

454 2792 595 2846 illius
626 2802 727 2848 est.
778 2795 1027 2860 Quandiu
1074 2796 1328 2853 Mercurii
1362 2800 1615 2867 templum
1676 2798 2036 2869 frequentavit

454 2883 793 2950 adulescens,
837 2897 891 2940 et
933 2896 1138 2942 natura:
1183 2890 1285 2942 vim
1322 2891 1560 2943 oetendit
1587 2899 1641 2945 et
1670 2894 1920 2946 ardorem
1947 2892 2033 2947 in-

454 2976 742 3044 trepidum.
766 2978 830 3032 Et
857 2995 999 3034 nunc
1026 2981 1091 3034 ad
1124 2981 1505 3050 imperatorem
1538 2983 1784 3038 ascendit
1809 2983 2019 3053 legibus

457 3068 678 3122 studere
708 3071 914 3136 volens,
954 3081 1014 3125 ut
1055 3074 1278 3141 prodeat
1304 3082 1510 3137 orator,
1545 3074 1668 3128 vita:
1711 3075 2015 3128 institutum

456 3163 703 3230 corporis
730 3164 911 3232 specie
935 3168 1198 3229 revelatis,
1226 3178 1279 3220 et
1304 3166 1482 3235 lingua
1517 3168 1681 3221 verba
1717 3166 2019 3235 proferens.

454 3249 573 3304 Non
606 3267 737 3307 sane
768 3256 974 3321 justum
1008 3263 1126 3309 erat
1159 3255 1299 3308 illitis
1323 3258 1388 3308 ad
1418 3271 1513 3310 vos
1538 3254 1923 3324 profectionem
1953 3258 2025 3308 si-

456 3340 621 3404 lentio
656 3344 955 3409 praeterire,
997 3345 1109 3412 qui,
1144 3360 1263 3396 cum
1308 3359 1497 3397 omnes
1524 3363 1552 3396 a
1590 3361 1672 3398 me
1710 3346 2028 3398 informatos

456 3436 713 3495 tauquam
751 3430 886 3483 lilios
917 3432 1198 3497 reputetis,
1219 3442 1273 3485 et
1326 3433 1375 3484 in
1419 3433 1566 3485 illum
1607 3448 1712 3487 non
1745 3448 2016 3503 quamque

456 3517 703 3573 obtinere
727 3519 1156 3575 benevolentiam
1181 3523 1532 3578 evliibebitis.

977 3609 1093 3664 XC.
1122 3609 1496 3666 EUDEMONI.

408 3769 412 3773 '
525 3697 949 3751 Celeberrimnm
982 3699 1201 3764 lci-inm,
1230 3716 1351 3754 eum
1391 3704 1483 3768 qui
1526 3704 1665 3770 apud
1705 3717 1804 3756 nos
1854 3703 2018 3758 Italo-

457 3803 576 3841 rum
627 3789 805 3858 lingna
856 3806 976 3845 reos
1009 3793 1272 3858 defendit,
1304 3803 1359 3847 et
1395 3793 1551 3847 bonis
1584 3797 1825 3849 moribus
1860 3799 2034 3866 magis

458 3895 620 3947 quam
655 3882 880 3936 scientia
913 3894 1159 3949 ornatur,
1199 3899 1302 3937 non
1336 3887 1517 3952 putavi
1566 3884 1633 3937 ad
1688 3901 1785 3941 vos
1814 3898 2030 3941 euntem

458 3971 779 4027 mittendum
817 3990 936 4028 esse
962 3974 1197 4028 silentio.
1227 3975 1433 4028 Bonunt
1474 3983 1559 4029 est
1599 3974 1743 4028 enim
1792 3977 2033 4030 absenti-

459 4063 563 4119 bus
591 4065 743 4118 vobis
774 4078 988 4133 semper
1020 4063 1125 4119 l‘rni
1160 4083 1175 4118 :
1212 4064 1408 4132 altera,
1442 4067 1714 4135 inquiunt,
1764 4068 2033 4138 navigatio

458 4162 542 4207 est
576 4169 698 4208 cum
739 4154 1056 4209 absentibus
1088 4172 1183 4224 per
1219 4157 1430 4212 litteras
1461 4159 1794 4213 conversari.
1824 4159 2034 4214 Felices

462 4258 640 4299 tamen
673 4248 1027 4317 quibusjura'
1061 4250 1278 4317 dividis,
1325 4259 1380 4304 et
1434 4260 1536 4304 tum
1584 4254 1724 4317 voci,
1777 4262 2030 4321 tanquam

2133 1799 2499 1869 διακρίνουσιν
2522 1814 2538 1829 °
2573 1798 2695 1851 ὅθεν
2732 1815 2793 1851 σε
2827 1798 3066 1852 τοιοῦτον
3119 1803 3250 1870 περὶ
3291 1801 3418 1863 τοὺς
3449 1801 3706 1863 τεκόντας

2137 1891 2405 1963 προσήκει
2440 1889 2717 1958 γενέσθαι,
2735 1888 2784 1942 οἶ
2810 1890 2950 1959 τάχα
2982 1889 3090 1942 τῶν
3115 1890 3289 1943 ἄλλων
3315 1891 3475 1942 πλέον
3504 1891 3583 1951 είς
3614 1890 3705 1941 εῦ-

2134 1998 2284 2035 νοιαν
2310 1981 2726 2051 συνεισφέρουσι
2746 1994 2761 2012 ο
2791 1981 2872 2034 διό
2905 1996 2972 2049 με
3025 1976 3117 2033 καὶ
3142 1978 3276 2050 πρὸς
3306 1980 3403 2050 τὴν
3427 1981 3704 2050 παροῦσαν

2134 2072 2423 2142 ἐπιστολὴν
2446 2072 2789 2143 κεκινήκασι,
2816 2071 3005 2141 μισθὸν
3033 2071 3313 2134 αἱτοῦντές
3332 2088 3389 2124 σε
3414 2071 3702 2142 πατρικὸν,

2133 2165 2196 2218 τὸ
2229 2164 2304 2235 μὴ
2333 2163 2693 2235 καταισχῦναι
2714 2181 2773 2216 σε
2796 2160 3055 2227 τοιοῦτον,
3082 2156 3191 2215 οἷον
3212 2163 3362 2217 αύτοί
3394 2181 3454 2215 τε
3489 2163 3704 2232 βούλον-

2135 2273 2250 2319 ται,
2294 2254 2391 2308 καὶ
2451 2254 2583 2317 Θεὸς
2640 2256 2720 2318 είς
2773 2256 2946 2324 πέρας
2974 2255 3189 2322 ἐνέγκοι
3210 2266 3225 2285 δ
3247 2255 3366 2307 τότε
3386 2255 3492 2323 γάρ
3521 2254 3709 2315 αὐτοῖς

2136 2345 2232 2399 καὶ
2257 2345 2486 2408 θάνατος
2525 2344 2685 2414 ῥέων,
2736 2346 3125 2415 ἐπισταμένοις
3159 2336 3272 2397 οἷον
3318 2344 3559 2414 διάδοχον
3607 2340 3708 2394 τοῦ

2136 2436 2325 2505 γένους
2355 2436 2640 2489 ἀπέλιπον.
3336 2470 3343 2477 -
3568 2426 3593 2451 ’⁸

2270 2527 2396 2580 ΠΘ’.
2429 2525 2727 2597 ΖΔΧΔΡΙᾼ
2758 2526 2878 2580 ΚΑΙ
2903 2526 3185 2596 ΦΙΛΙΠΠῼ
3213 2524 3563 2581 ΑΔΕΛΦΟΙΣ.

2217 2617 2278 2672 '0
2302 2616 2506 2688 ταύτην
2524 2616 2660 2688 πρὸς
2685 2617 2829 2685 ὑμᾶς
2849 2614 3027 2669 λαϐὼν
3045 2613 3143 2685 τὴν
3164 2615 3472 2682 ἐπιστολὴν,
3500 2614 3709 2682 πατρὸς

2137 2712 2344 2781 ἀγαθοῦ
2378 2711 2588 2780 πέφυκε
2620 2710 2713 2763 τοῦ
2739 2710 2807 2763 τὰ
2829 2710 3041 2780 χρηστὰ
3066 2708 3351 2778 τιμῶντος,
3371 2708 3464 2762 καὶ
3487 2708 3545 2760 ὲν
3570 2708 3706 2760 πᾶσι

2135 2802 2366 2864 δικαίοις
2427 2799 2863 2872 γνωριζομένουο
2906 2800 2989 2862 εἰς
3031 2797 3229 2869 Ἑρμοῦ
3271 2798 3327 2851 δὲ
3381 2798 3639 2867 φοιτήσας
3676 2797 3707 2847 ό

2137 2896 2273 2955 νέος,
2307 2891 2524 2958 φύσεώς
2572 2905 2632 2942 τε
2679 2889 2868 2960 ῥώμην
2912 2888 3243 2953 ἐπεδείξατο,
3286 2889 3377 2942 καὶ
3399 2886 3707 2958 προθυμίαν

2138 2980 2507 3049 ἀοκνοτάτην*
2552 2979 2646 3032 καὶ
2676 2977 2769 3030 νῦν
2803 2976 2938 3047 πρὸς
2976 2976 3203 3046 βασιλέα
3241 2974 3435 3044 ἀνῆλθε
3470 2972 3713 3044 προσλασ

2129 3071 2245 3124 δεῖν
2267 3073 2394 3133 τοὺς
2426 3071 2621 3137 νόμους
2675 3067 3017 3137 βουλόμενος,
3044 3066 3192 3129 ὅπως
3242 3062 3479 3135 προέλθῃ
3521 3066 3705 3133 ῥήτωρ

2130 3163 2228 3232 τὴν
2262 3160 2540 3213 πολιτείαν
2574 3160 2755 3228 φέρων
2783 3157 2860 3226 τῷ
2889 3155 3121 3226 σώματι,
3146 3157 3238 3209 καὶ
3256 3157 3323 3225 τῇ
3345 3155 3558 3224 γλώττῃ
3584 3155 3707 3213 τοὺς

2137 3254 2329 3318 λόγους
2391 3250 2867 3319 προϐεϐλημένος
2897 3248 2976 3312 ςού
3030 3246 3094 3316 δὴ
3119 3246 3323 3299 δίκαιον
3373 3244 3472 3313 τὴν
3515 3243 3705 3296 τούτου

2132 3344 2269 3414 πρὸς
2293 3344 2435 3411 ὑμᾶς
2460 3340 2640 3408 ἄφιξιν
2705 3338 3037 3410 παραδοῦναι
3091 3338 3238 3406 σιγῇ,
3299 3336 3350 3389 οἳ
3406 3335 3533 3396 τοὺς
3576 3326 3703 3402 παρ’

2134 3432 2268 3502 ἐμοῦ
2307 3431 2728 3501 τετελεσμένους
2763 3426 2862 3483 ῖσά
2906 3446 3010 3482 που
3039 3429 3131 3481 καὶ
3153 3427 3348 3489 παῖδας
3375 3424 3702 3495 νομίζοντες,

2132 3523 2225 3576 καὶ
2252 3524 2328 3584 εἰς
2359 3520 2546 3573 τοῦτον
2603 3518 2817 3571 εὔνοιαν
2845 3519 2905 3571 ού
2936 3518 3035 3585 τὴν
3084 3516 3354 3588 τυχοῦσαν
3375 3511 3702 3578 ὲνδείξεσθε.

2665 3614 2736 3675 ις.
2785 3607 3178 3661 ΕΥΔΑΙΜΟΝΙ.

2205 3703 2309 3755 Τὸν
2335 3699 2664 3769 λογιώτατον
2705 3700 2891 3770 Ὶέριον
2924 3699 3015 3751 τὸν
3046 3699 3145 3768 τῆς
3177 3696 3391 3750 Ἰταλῶν
3420 3692 3550 3764 παρ’
3580 3691 3713 3762 ἡμῖν

2133 3794 2579 3864 προϐεϐλημένον
2627 3793 2830 3862 φωνῆς,
2883 3791 2980 3844 καὶ
3004 3789 3225 3860 τρόποις
3264 3787 3487 3855 ἀγαθοῖς
3508 3783 3711 3855 μᾶλλον

2132 3887 2165 3956 ἦ
2219 3884 2442 3954 παιδείᾳ
2489 3881 2881 3952 κοσμούμενον,
2943 3880 3044 3933 οὐκ
3090 3878 3278 3949 ᾠήθην
3301 3877 3411 3931 δεῖν
3442 3875 3542 3945 τὴν
3572 3873 3713 3942 πρὸς

2134 3978 2277 4046 ὑμᾶς
2341 3975 2488 4028 ίόντα
2553 3971 2923 4044 παραπέμψαι
2986 3971 3113 4040 σιγῇ
3139 3984 3154 3999 ο
3213 3967 3374 4020 καλὸν
3432 3966 3537 4032 μὲν
3596 3962 3711 4032 γὰρ

2133 4069 2381 4122 ἀπόντων
2419 4066 2570 4133 ὑμῶν
2620 4063 2914 4117 ἀπολαύειν
2958 4061 3062 4116 ἀεί.
3100 4058 3365 4129 Δεύτερος
3422 4056 3500 4121 δὲ,
3550 4055 3707 4125 φασὶ,

2136 4160 2324 4225 πλοῦς,
2368 4139 2481 4221 τοῖς
2528 4156 2727 4212 ἀποῦσι
2781 4156 2869 4208 διὰ
2919 4153 3264 4223 γράμματων
3310 4147 3661 4219 προσομιλεῖν
3690 4162 3707 4176 ·

2134 4251 2274 4322 πλὴν
2308 4250 2620 4319 εὐδαίμονες
2643 4246 2832 4309 ὅντως,
2877 4240 2957 4308 οἷς
2980 4244 3187 4306 διέπεις
3216 4241 3284 4296 τὰ
3313 4241 3512 4304 δίκαια,
3539 4237 3712 4291 καθὰ-

456 4338 655 4408 tripodi
685 4341 898 4394 cuidam
945 4344 1196 4410 suspensi
1237 4353 1385 4409 sunt,
1427 4352 1475 4397 el
1507 4358 1796 4397 commune
1837 4358 2030 4397 revera

2142 4360 2241 4413 περ
2287 4341 2429 4403 τινὸς
2486 4338 2737 4409 τρίποδος
2792 4338 2891 4407 τῆς
2944 4334 3043 4403 σῆς
3092 4332 3449 4403 ἐξηρτημένοι
3487 4328 3711 4420 ⁸

458 4431 821 4498 spectaculum
868 4433 1137 4500 justitiam
1203 4437 1334 4502 ipsis
1392 4437 1704 4489 redeuntem
1763 4436 2032 4499 videntes,

454 4535 617 4589 quam
654 4525 1185 4593 prmcedenttempus
1238 4525 1678 4580 labefactavernt.
1707 4527 2046 4593 Supervaca-

456 4626 616 4665 ncum
663 4623 844 4667 autem
884 4614 1068 4669 dicere
1101 4626 1149 4670 te
1191 4617 1245 4670 in
1291 4618 1356 4670 iis
1384 4617 1436 4670 in
1475 4616 1675 4685 quibus
1710 4618 1862 4670 vobis
1893 4614 2047 4680 indi-.

458 4709 567 4769 get,
600 4703 737 4757 bene
759 4704 812 4756 in
837 4718 961 4756 eum
988 4715 1233 4758 acturum
1266 4708 1363 4776 qui
1394 4708 1547 4759 vobis
1580 4707 1722 4760 hanc
1750 4705 2036 4774 epistolam

459 4790 723 4843 attulerit.
746 4791 848 4855 Qui
875 4793 1016 4844 enim
1044 4794 1205 4846 vitam
1239 4797 1442 4848 orando
1470 4795 1742 4865 transigit,
1763 4795 2034 4864 quomodo

458 4897 564 4935 non
592 4881 785 4935 honori
818 4882 1041 4937 habebit
1071 4884 1378 4938 orationum
1413 4896 1596 4955 patres
1624 4903 1765 4956 quos
1792 4885 2035 4941 viderit?

458 4974 669 5030 Redeat
738 4974 901 5045 igitur
958 4976 1290 5030 annuntians
1330 4979 1471 5045 quod
1522 4980 1712 5033 audire
1761 4988 2034 5046 optamus,

458 5076 512 5122 te
541 5067 740 5123 famam
779 5065 938 5120 factis
961 5066 1189 5122 vincere
1216 5077 1271 5122 et
1307 5068 1508 5136 majora
1537 5071 1669 5124 dare
1691 5085 1851 5140 quam
1892 5072 2039 5125 acci-

458 5160 673 5230 pientes
707 5158 911 5214 volunt.
984 5214 985 5217 η

956 5248 1098 5306 XCI.
1143 5249 1507 5306 NEPHALIO.

531 5337 614 5393 Tu
657 5340 874 5408 quidem
904 5341 957 5395 in
983 5343 1168 5397 multis
1188 5343 1385 5397 litteris
1409 5342 1643 5411 inopiam
1668 5351 1816 5396 tuam
1862 5342 2032 5409 doles,

459 5443 558 5497 ego
584 5439 759 5484 autem
785 5433 1004 5488 divitias
1032 5444 1088 5489 et
1128 5428 1500 5503 paupertatem
1535 5443 1849 5499 contemno,
1891 5434 2028 5486 mira

460 5526 649 5579 muneri
681 5534 998 5587 paupertate
1027 5523 1256 5579 amictus
1281 5524 1440 5594 (adeo
1485 5523 1729 5594 indigere
1773 5533 1826 5578 et
1857 5522 2031 5576 abun-

455 5616 590 5665 dare
621 5612 891 5667 sententia
923 5614 1073 5680 facit,
1109 5633 1213 5671 non
1246 5618 1467 5686 divitiae)
1520 5617 1844 5685 fortunaque
1899 5614 2030 5669 hinc

454 5714 508 5758 ct
542 5705 664 5758 inde
692 5711 866 5760 actus.
897 5706 1090 5762 Desine
1127 5710 1289 5776 igitur
1316 5709 1728 5777 pusillauiiniter
1754 5707 1899 5791 apud
1924 5720 2024 5762 nos

2142 4435 2237 4486 καὶ
2263 4432 2439 4485 κοινὸν
2468 4430 2637 4491 ὅντως
2664 4428 2843 4499 θέαμα
2873 4426 2971 4495 τὴν
2999 4426 3154 4494 δίκην
3182 4423 3363 4484 αὐτοῖς
3385 4417 3714 4474 ἐπανελθοῦ-

2145 4540 2243 4576 σαν
2300 4521 2535 4592 ὸρῶντες
2581 4521 2646 4589 ἣν
2710 4515 2997 4587 προλαϐὼν
3048 4516 3076 4567 ὁ
3130 4512 3321 4583 χρόνος
3373 4508 3712 4579 ἠμαύρωσε·

2144 4616 2399 4689 περιττὸν
2421 4606 2487 4667 δὲ
2510 4614 2688 4681 λέγειν
2719 4611 2795 4673 ὡς
2826 4605 2883 4662 εὖ
2914 4609 3162 4676 ποιήσεις
3212 4607 3269 4658 ἐν
3295 4599 3377 4666 οἷς
3410 4601 3567 4689 ὑμῶν
3599 4601 3721 4653 δεῖ-

2144 4684 2233 4762 ται
2262 4707 2357 4758 καὶ
2391 4704 2481 4757 τὸν
2502 4704 2598 4774 τὴν
2623 4698 2909 4767 ἐπιστολὴν
2937 4698 3067 4766 ὑμῖν
3094 4695 3457 4764 κομισάμενον
3477 4708 3491 4720 ·
3524 4684 3572 4759 ᾧ
3601 4689 3721 4759 γὰρ

2147 4799 2258 4870 βίος
2288 4800 2334 4849 οἱ
2370 4795 2539 4861 λόγοι,
2573 4793 2689 4854 πῶς
2718 4791 2779 4844 οὐ
2810 4789 3034 4859 τιμήσει
3064 4786 3189 4848 τοὺς
3202 4785 3311 4837 τῶν
3341 4783 3509 4849 λόγων
3542 4780 3723 4833 πατὲ-

2148 4907 2245 4962 ρας
2269 4887 2421 4951 ἱδών;
2450 4885 2631 4955 ἡκέτω
2655 4881 2833 4937 τοίνυν
2849 4878 3123 4947 ἀγγέλλων
3150 4876 3293 4947 άπερ
3310 4874 3526 4927 ἀκούειν
3557 4872 3727 4962 sale.

2148 4980 2312 5049 μεθα,
2346 4976 2421 5037 ὡς
2488 4974 2644 5042 νικᾷς
2705 4973 2771 5039 τῇ
2817 4969 2983 5038 πείρα
3015 4968 3112 5036 τὴν
3151 4966 3361 5034 φήμην,
3406 4961 3502 5016 καὶ
3543 4961 3727 5032 μείζω

2143 5069 2298 5131 δίδως
2331 5067 2477 5137 ἢπερ
2507 5064 2558 5116 οἱ
2587 5061 2955 5132 λαμϐάνοντες
2976 5057 3277 5128 βούλονται.

2242 5270 2247 5276 .
2594 5242 2599 5247 ·
2697 5239 2817 5305 iw.
2840 5233 3167 5303 ΝΗΦΑΛΙῼ.

2216 5338 2288 5392 Σὺ
2329 5338 2427 5407 μὲν
2458 5336 2516 5390 ὲν
2542 5332 2737 5403 πλήθει
2771 5328 3116 5402 γραμμάτων
3165 5324 3264 5395 τὴν
3303 5323 3534 5392 ἀπορίαν
3588 5322 3743 5392 θρηο

2144 5435 2278 5494 νεῖς,
2299 5429 2410 5499 ἐγὼ
2438 5429 2496 5481 δὲ
2519 5427 2588 5479 τὰ
2616 5427 2878 5495 χρήματα
2897 5421 2991 5474 καὶ
3009 5419 3136 5481 τοὺς
3161 5414 3521 5477 πλουτοῦντας
3561 5429 3739 5483 περι-

2148 5520 2350 5592 φρονῶ,
2387 5518 2565 5572 καίτοι
2599 5514 2761 5584 πενίᾳ
2812 5511 3101 5581 θαυμαστῇ
3140 5505 3494 5575 συνεχόμενος
3528 5502 3742 5565 (οὕτως

2144 5612 2252 5683 ἄρα
2304 5611 2365 5663 τὸ
2420 5606 2677 5661 πένεσθαι
2731 5606 2823 5658 καὶ
2878 5601 3125 5654 πλουτεῖν
3175 5594 3432 5668 ὴγνώμη
3464 5596 3635 5683 ποιεῖ,
3668 5593 3741 5645 οὗ

2141 5682 2423 5774 κρήματα)
2452 5698 2600 5770 παρὰ
2650 5696 2750 5765 τῆς
2799 5691 2966 5763 τύχης
2999 5689 3125 5761 τῇδε
3166 5688 3388 5742 κάκεῖσε
3422 5682 3743 5751 zumpt-
