3972 6192
316 332 460 400 2789

1744 333 1871 403 ΕΡΙ
1877 342 2131 404 STOLz’E
2143 391 2158 407 .

3437 362 3581 434 2790

316 469 404 515 νος
429 466 442 480 ·
479 449 769 521 τοιγαροῦν
820 448 1027 503 παῦσαι
1078 448 1434 521 μικροψύχως
1465 451 1598 521 ἡμῖν
1639 450 1853 522 ὀδυρόμε

1962 485 1975 511 ι
2006 454 2332 526 lamentari;
2363 458 2608 532 nihilque
2660 481 2915 539 maguum
2941 482 3152 541 reputa,
3186 476 3289 533 nisi
3327 484 3469 550 quod
3508 488 3576 539 ad

318 556 429 612 νος,
457 544 593 615 μηδὲ
650 543 793 613 μέγα
847 541 1107 613 νομίζων,
1136 544 1275 615 πλὴν
1310 546 1357 597 εἰ
1386 546 1461 617 μή
1491 564 1543 601 τι
1573 546 1729 617 φέρει
1758 548 1853 617 πρί

2007 546 2261 603 virtutem
2313 550 2483 606 ducit.
2547 556 2700 622 Quod
2759 561 2903 615 enim
2955 579 3059 618 non
3115 541 3421 636 hujusutodi
3474 584 3577 644 est,

318 637 523 707 ἀρετήν
549 652 564 666 ο
591 634 620 689 ὅ
638 653 691 688 τι
721 634 828 704 γὰρ
859 635 935 705 μὴ
958 635 1222 701 τοιοῦτον,
1252 636 1530 707 ἀλλότριον
1558 637 1617 690 τέ
1657 640 1773 691 ἐστι
1798 654 1853 691 κε

2001 648 2323 695 extraneum
2350 652 2438 698 est
2470 655 2525 699 et
2563 647 2629 700 ad
2666 664 2908 706 errorem
2947 655 3133 709 trahit.
3168 634 3338 722 Unde,
3372 663 3460 731 qui
3494 634 3583 736 sa:-

318 728 456 798 πρδς
492 727 708 798 ἀπάτην
760 726 1069 795 ἐφέλκεται.
1101 727 1266 782 Ὅθεν
1328 730 1377 781 οἱ
1412 732 1629 799 φρονεῖν
1666 729 1889 796 εἰδότες,

312 818 502 889 ῶσπερ
526 817 647 871 τινά
673 817 844 888 μέθην
880 816 1055 871 ταῦτα
1118 819 1211 873 καί
1275 819 1543 891 φλυαρίαν
1594 820 1903 897 ἀποσεισάέ

316 926 467 979 μενοι
497 910 596 978 τὴν
626 909 729 979 γῆν
760 909 1157 972 καταλιπόντες
1175 912 1243 981 τῇ
1264 912 1355 981 γῇ,
1377 910 1661 982 μεταρσίῳ
1681 910 1877 983 γνώμῃ

2000 729 2177 797 piunt,
2211 746 2299 797 ea,
2327 742 2582 804 tanquam
2626 734 2948 797 ebrietatem
2979 750 3275 814 quamdam
3302 762 3355 805 et
3381 729 3577 821 nugas,

2000 822 2324 884 excutiunt,
2367 831 2575 903 terram
2609 832 2772 883 terrae
2794 826 3212 903 ‘relinquentes,
3261 847 3315 892 et
3359 842 3577 898 sublimi

1998 921 2180 966 mente
2213 913 2408 970 ccelnm
2438 930 2647 986 petunt,
2681 934 2871 976 sensus
2897 933 2951 977 et
2973 928 3255 984 materiam
3285 939 3337 985 et
3369 935 3575 990 erroris

311 1000 667 1072 περιπολοῦσι
716 1001 804 1054 τὸν
858 1001 1127 1072 οὐρανόν·
1186 1000 1283 1064 τὰς
1337 1001 1619 1074 αἰσθήσεις
1645 1002 1740 1055 καὶ
1788 1002 1853 1073 τὴ

2002 1001 2180 1055 locum
2209 1015 2267 1058 ut
2298 1007 2572 1074 quoddam
2606 1023 2806 1064 smvum
2832 1026 2982 1066 mare
3012 1025 3437 1077 transnatantes.

310 1094 444 1163 ὕλην
461 1093 556 1148 καὶ⁸
581 1093 643 1146 τὸ
668 1094 765 1162 τῆς
799 1092 1009 1163 πλάνης
1036 1092 1233 1164 χωρίον
1264 1094 1456 1167 ὥσπερ
1490 1093 1615 1150 τινὰ
1633 1092 1887 1179 ¹χαλεπὴν

307 1184 692 1260 διανηξάμενοι
718 1186 1008 1243 θάλατταν.

833 1304 951 1370 una
1000 1298 1362 1377 ΝΕΣΤΟΡΙῼ.

377 1394 499 1450 Ἔτι
535 1390 725 1467 suae;
756 1396 834 1450 ἔτι
859 1395 957 1466 τῆς
985 1396 1156 1469 τύχης
1197 1397 1325 1471 γίνῃ
1368 1395 1715 1469 βαρύτερος;
1745 1397 1879 1467 ἡμῖν

303 1490 414 1559 γὰρ
448 1492 526 1554 εἰς
557 1490 637 1543 ἔτι
657 1489 753 1543 νῦν
792 1490 1158 1560 ἀπεστέρησε,
1197 1492 1262 1545 σὺ
1307 1489 1364 1544 δὲ
1392 1492 1486 1544 καὶ
1514 1490 1727 1563 μικρῶν
1750 1489 1911 1559 ἡμῖνν

302 1580 609 1651 ἐφθόνησας
666 1580 964 1644 συλλαὸῶν,
1002 1582 1135 1652 μηδὲ
1180 1582 1241 1634 τὸ
1285 1582 1463 1636 κοινὸν
1508 1581 1571 1652 δὴ
1598 1581 1757 1635 τοῦτο
1809 1578 1880 1632 τά

298 1673 409 1725 τῶν
476 1672 644 1742 φίλων
686 1673 1055 1743 μιμούμενος·
1112 1671 1229 1726 ἀλλ’
1285 1671 1397 1741 ἐγὼ
1450 1673 1548 1743 μέν
1574 1690 1631 1725 σε
1686 1670 1879 1742 καὶμὴ

2489 1284 2651 1349 XCII.
2697 1287 3065 1356 NESTORIO.

2061 1382 2249 1440 Adhuc
2282 1384 2453 1440 siles?
2486 1388 2676 1444 Adhuc
2708 1389 2930 1447 fortuna
2973 1395 3036 1448 lis
3064 1396 3320 1463 gravior?
3351 1399 3444 1454 Illo
3470 1417 3568 1458 nos

1991 1490 2160 1543 usque
2204 1477 2383 1531 adhuc
2437 1487 2488 1534 te
2528 1481 2785 1550 privavit,
2819 1494 2874 1538 tu
2906 1501 3034 1542 vero
3072 1497 3128 1543 et
3171 1469 3369 1559 paucas
3412 1494 3567 1550 nobis

1990 1566 2203 1623 invides
2243 1569 2501 1641 syllabas,
2546 1588 2615 1628 ne
2655 1574 2787 1630 illud
2816 1578 3032 1647 quidem
3070 1581 3374 1637 amicorum
3414 1599 3566 1639 com-

1991 1672 2155 1712 mune
2184 1658 2464 1717 invitatus.
2492 1662 2599 1717 Sed
2632 1679 2732 1736 ego
2764 1674 2817 1722 te
2856 1677 2911 1723 et
2937 1684 3043 1723 non
3074 1680 3396 1740 praesentem
3420 1675 3565 1731 desi-

300 1764 545 1834 παρόντα
588 1763 760 1828 ποθῶ,
818 1764 912 1817 καὶ
953 1764 1298 1834 μεμνημένος
1349 1763 1744 1859 εὐφραίνομαιυ
1782 1779 1853 1859 κα

1987 1751 2114 1806 dero
2146 1761 2200 1806 et
2243 1755 2559 1811 recordans]
2581 1756 2755 1822 laetor,
2785 1774 2928 1815 nunc
2953 1775 3076 1817 cum
3106 1764 3449 1820 occasionem
3476 1781 3565 1820 re-

295 1852 391 1907 νῦν
426 1852 618 1922 καιρὸν
648 1850 848 1924 εὑρὼν,
878 1853 978 1906 οὐκ
1000 1848 1116 1906 οἶδα
1145 1853 1373 1923 τιμῆσαι
1399 1852 1579 1923 σιγὴν,
1612 1851 1776 1922 ἡνίκα
1798 1850 1852 1903 δε

1981 1842 2151 1910 perio,
2180 1842 2450 1900 silentium
2492 1861 2708 1903 servare
2755 1851 2960 1918 nescio,
3003 1853 3223 1922 quando
3271 1864 3320 1909 tc
3356 1856 3562 1926 alloqui

293 1957 353 2007 σε
380 1947 667 2016 προσερεῖν
726 1945 1028 2014 ἐπιτήδειον
1063 1958 1078 1974 ⁶
1131 1944 1195 1996 σὺ
1226 1944 1281 1997 δὲ
1315 1944 1366 1997 εῖ
1393 1961 1443 2008 τι
1479 1942 1552 2012 μὴ
1586 1938 1684 1995 καὶ
1714 1940 1875 1995 τοῦτο

289 2033 394 2102 τῆς
427 2014 697 2100 πατρίδος
748 2030 1095 2099 άπήλαυσας,
1156 2030 1218 2084 τὸ
1259 2032 1446 2100 μένειν
1475 2031 1562 2099 ἐφ’
1592 2024 1675 2093 οἷς
1712 2030 1775 2099 δή
1814 2047 1872 2082 σε

243 2164 265 2182 ,
287 2120 483 2193 πρώην
507 2121 824 2186 ἐπαίδευσα,
858 2120 1093 2191 μάλιστα
1130 2121 1229 2190 μὲν
1282 2121 1539 2176 ποθοῦσιν
1560 2121 1824 2191 ἐφίστασο
1850 2136 1864 2152 ·

280 2213 329 2264 εἰ
355 2211 415 2263 δὲ
448 2212 543 2281 μὴ,
579 2209 749 2281 μιμοῦ
781 2211 882 2279 τὴν
935 2209 1065 2265 Θέαν
1093 2213 1207 2275 τοῖς
1236 2213 1530 2284 πράγμασι
1559 2229 1572 2242 ·
1619 2212 1716 2265 καὶ
1750 2210 1870 2264 πεί-

278 2312 401 2362 σεις
431 2299 507 2364 ὡς
533 2300 632 2369 τὴν
662 2299 801 2371 ἐμὴν
826 2299 1177 2356 διδασκαλίαν
1198 2302 1259 2355 τὸ
1286 2306 1385 2374 τῆς
1397 2302 1581 2373 χώρας
1613 2302 1871 2371 οὐδαμῶς

275 2390 505 2459 ἐνίκησε
540 2388 811 2461 βάραθρον
835 2406 849 2420 ο
874 2389 1047 2455 οὕτως
1079 2391 1381 2462 ἐπαίρομαι
1419 2397 1558 2464 πρὸς
1587 2393 1759 2461 ἄνδρα
1791 2392 1869 2446 δι-

270 2474 553 2534 δασκάλου
578 2479 927 2549 φρονήματος
949 2480 1331 2551 ἀντεχόμενος.

605 2593 721 2660 im.
752 2592 1003 2663 ΖΩΣΙΜῼ
1044 2593 1164 2648 ΚΑΙ
1201 2595 1541 2667 ΜΛΚΛΡῘῼ.

342 2703 415 2757 οι
437 2701 563 2771 περὶ
626 2700 719 2755 τὸν
759 2701 1070 2771 σοφώτατον
1108 2704 1360 2759 Βαϐύλαν
1392 2707 1717 2778 ἀφικόμενοι
1782 2709 1865 2764 δι-

277 2796 560 2867 ηγήσαντό
586 2811 692 2881 μοι⁵
707 2794 1005 2867 προθύμως
1040 2798 1183 2870 ἅπερ
1204 2799 1427 2854 ἀκούειν
1462 2802 1561 2870 μὲν
1608 2802 1861 2874 εὔχομαι,

280 2888 412 2959 πρὶν
429 2887 487 2940 δὲ
517 2888 698 2956 λέγειν
725 2889 924 2952 αὐτοὺς
955 2891 1276 2962 ἠπιστάμην
1309 2908 1323 2924 ο
1351 2893 1409 2961 ἐξ
1450 2887 1527 2949 ὧν
1583 2896 1693 2968 γὰρ
1734 2897 1862 2967 ἐμοὶ

278 2976 575 3044 φοιτῶντες
604 2975 702 3046 τὴν
721 2976 851 3046 περὶ
875 2975 1069 3045 λόγους
1096 2980 1352 3051 σπουδὴν,
1385 2981 1709 3056 σωφροσύνη
1742 2986 1862 3055 τρό-

1979 1939 2323 1995 commodum
2369 1951 2472 1998 cst.
2522 1940 2604 1998 Tu
2650 1958 2777 2000 vero
2818 1946 2923 2001 nisi
2972 1956 3030 2002 et
3072 1948 3259 2018 procul
3308 1964 3338 2004 a
3385 1952 3563 2020 patria

1978 2029 2111 2085 illud
2149 2031 2634 2105 rejeceris,uempe
2675 2037 3139 2106 perseverantiam
3169 2041 3222 2095 in
3264 2040 3332 2096 iis
3359 2058 3479 2111 quae
3509 2053 3561 2100 te
3636 2026 3659 2047 ⁸

1975 2119 2105 2175 olim
2139 2123 2421 2189 docebam,
2445 2127 2674 2180 multum
2720 2138 2771 2181 te
2822 2128 3259 2186 desiderantibus
3280 2134 3431 2200 redi;
3469 2134 3561 2191 sin

1977 2223 2189 2276 contra,
2222 2222 2276 2266 at
2320 2212 2512 2268 saltem
2544 2216 2620 2267 tui
2645 2226 2924 2284 aspectum
2959 2219 3174 2276 imitare
3219 2221 3475 2291 actibus;
3501 2234 3557 2280 et

1974 2301 2334 2368 persuadebis
2362 2318 2536 2357 meam
2566 2306 2866 2359 doctrinam
2892 2308 3133 2377 regionis
3155 2310 3421 2374 barathro
3447 2328 3554 2370 non

1974 2404 2097 2444 esse
2138 2391 2339 2445 victam
2377 2410 2390 2446 :
2427 2394 2562 2450 adeo
2585 2395 2638 2448 in
2666 2396 2866 2463 virum,
2900 2400 3143 2469 magistri
3172 2402 3355 2459 studio
3377 2404 3554 2476 reple-

1975 2489 2084 2544 tus,
2116 2480 2363 2537 invebor.

2274 2592 2457 2655 XCIII.
2485 2598 2740 2656 ZOSIS‘IO
2780 2599 2870 2655 ET
2915 2602 3244 2664 MACARIO.

2042 2708 2490 2779 Sapientissimus
2517 2712 2745 2784 Babylas
2767 2728 2890 2769 cum
2918 2715 3023 2771 huc
3047 2717 3377 2789 advenisset,
3408 2737 3549 2777 nun-

1970 2799 2123 2854 tiavit
2157 2800 2285 2855 mihi
2311 2818 2432 2872 quae
2463 2805 2679 2873 quidem
2728 2808 3112 2865 ardentissime
3143 2812 3332 2868 audire
3365 2815 3543 2885 cupio,

1965 2906 2085 2960 qua:
2121 2903 2299 2948 autem
2344 2910 2600 2951 noveram
2626 2908 2915 2968 antequam
2944 2903 3252 2960 diceret.Ex
3296 2921 3357 2962 ea
3397 2909 3542 2965 enim

1965 2999 2174 3038 morum
2220 2986 2487 3053 sapientia
2529 2998 2582 3042 et
2625 2991 2837 3047 caeteris
2873 2993 3164 3050 virtutibus
3215 2998 3412 3068 quibus
3461 3001 3543 3055 di-

275 3078 396 3118 πων
451 3067 546 3119 καὶ
586 3068 708 3128 ταῖς
765 3066 980 3131 λοιπαῖς
1032 3069 1256 3139 ἀρεταῖς
1298 3072 1665 3140 ἐκοσμήσατε,
1697 3073 1853 3143 δῆλον

1963 3070 2118 3130 cendi
2154 3078 2391 3132 studium
2423 3080 2751 3146 adornastis,
2795 3085 3009 3152 quando
3057 3088 3145 3142 ’ad
3173 3066 3258 3145 me
3306 3092 3543 3148 ventita-

274 3150 345 3227 ἧν
366 3157 655 3227 δήπουθεν,
693 3158 770 3221 ὡς
808 3160 904 3212 καὶ
938 3134 1083 3231 πρὸς
1107 3162 1288 3229 νόμων
1318 3134 1478 3233 χάριν
1497 3134 1851 3234 ἀπαίροντες,

1962 3167 2118 3233 batis,
2150 3169 2310 3238 plane
2349 3158 2698 3229 manifestum
2750 3186 2871 3231 erat
2911 3193 3028 3246 vos,
3071 3194 3193 3235 cum
3238 3184 3303 3238 ad
3353 3183 3531 3254 legum

276 3246 491 3311 μενεῖτε
512 3243 677 3297 πάλιν
724 3245 878 3298 αὐτοί
897 3260 912 3275 ο
957 3246 1054 3300 καὶ
1086 3247 1225 3318 πρὸς
1251 3248 1314 3302 τὸ
1344 3252 1594 3321 κρεῖττον
1615 3253 1855 3324 ἀναδρα-

274 3335 397 3401 μεῖν
418 3333 665 3400 γένοισθε
728 3351 832 3388 που
885 3336 1352 3409 φιλονεικότεροι·
1384 3342 1433 3393 εἰ
1460 3340 1517 3396 δὲ
1548 3341 1725 3398 ταῦτά
1762 3357 1853 3414 μοι

266 3422 681 3491 παρασκευάζει
725 3423 825 3494 τὴν
882 3425 1098 3496 ἡδονὴν,
1128 3428 1183 3480 τί
1233 3428 1340 3500 χρὴ
1371 3431 1551 3498 λέγειν
1580 3433 1705 3499 (σὺν
1728 3433 1852 3503 Θεῷ

264 3512 622 3582 δἐἰρήσθω),
670 3512 759 3565 ὅτε
797 3514 1167 3586 δικαστηρίων
1230 3519 1692 3590 προϐεϐλημένων
1752 3523 1851 3578 καὶ

266 3604 504 3673 σὲφρονι
528 3602 744 3675 γλώττῃ
787 3606 853 3675 τῇ
908 3606 1144 3676 εὐνομία
1192 3609 1536 3678 προχέοντες,
1568 3612 1694 3675 τοὺς
1747 3612 1847 3683 μὲν

265 3694 541 3766 ⁴ιςαρόντας
568 3693 851 3764 χειροῦσθε
870 3698 937 3766 τῇ
965 3696 1150 3767 πείρᾳ,
1185 3700 1311 3762 τοὺς
1339 3700 1396 3752 δὲ
1424 3702 1643 3773 μακράν
1673 3703 1846 3757 ἀπόνέ

261 3798 364 3847 τας
407 3787 474 3855 τῇ
515 3786 717 3855 φήμῃ;
765 3785 973 3840 τούτων
1009 3786 1118 3857 γὰρ
1183 3786 1619 3861 θρυλλουμένων,
1646 3794 1844 3865 μικρὸν

264 3873 367 3943 μὲν
383 3874 736 3945 Πολυκράτης
767 3877 846 3939 εἰς
871 3876 1128 3947 εὐτυχίαν
1150 3879 1272 3948 ὲμοί
1287 3896 1300 3911 ο
1322 3881 1475 3935 οὐδὲν
1493 3881 1551 3936 δέ
1581 3900 1673 3953 μοι
1698 3883 1842 3949 δόξει

262 3964 403 4036 μετὰ
430 3965 538 4021 τῶν
565 3966 774 4021 πολλῶν
803 3968 1085 4025 ταλάντων
1110 3971 1139 4023 ό
1169 3972 1420 4039 Κροῖσος.

658 4175 769 4240 ιιΔι.
806 4175 1108 4245 ΖΛΧΛΡΙᾼ
1142 4171 1427 4248 Aac/ten.

324 4263 465 4325 Τοὺς
489 4260 722 4332 ἄγοντας
767 4266 865 4333 τὴν
926 4266 1234 4335 ἐπιστολὴν,
1266 4268 1465 4333 οἵτινες
1516 4271 1614 4341 μέν
1672 4275 1831 4341 εἰσιν,

166 4398 175 4408 .
254 4355 437 4424 ἀγνοῶ
463 4370 479 4386 ο
517 4355 600 4408 ὅτι
629 4355 687 4409 δέ
720 4373 779 4409 σε
834 4356 1224 4428 θαυμάζουσιν,
1278 4361 1512 4426 οἰκείους
1555 4363 1694 4432 ἄγαν
1719 4362 1833 4436 ὁρί-

1959 3273 2200 3314 amorem
2259 3264 2587 3332 transiretis,
2630 3268 2845 3322 eosdem
2880 3284 3098 3339 semper
3151 3288 3436 3331 mansuros
3482 3288 3537 3335 et

1955 3350 2024 3404 ad
2073 3352 2306 3425 meliora
2341 3359 2667 3426 properandi
2704 3374 2918 3430 semper
2962 3362 3271 3432 cupidiores
3300 3366 3532 3425 futuros.

1956 3441 2011 3496 Si
2042 3455 2219 3498 autem
2267 3445 2381 3501 haec
2430 3449 2563 3502 mihi
2597 3451 2853 3520 gaudium
2886 3452 3143 3521 all‘erunt,
3176 3458 3304 3526 quid
3348 3460 3535 3517 dicen-

1953 3532 2079 3585 dum
2110 3542 2191 3587 est
2216 3533 2361 3602 (cum
2390 3536 2498 3591 Deo
2524 3550 2702 3595 autem
2735 3541 2995 3613 dicatur).
3037 3548 3253 3614 quando
3281 3549 3532 3607 tribuna-

1951 3622 2091 3681 libus
2122 3624 2443 3695 designatis,
2474 3632 2783 3698 acquitatem
2812 3636 3043 3701 sapienti
3078 3636 3258 3708 lingua
3301 3653 3531 3711 protun-

1948 3714 2159 3780 dentes,
2183 3727 2479 3796 praesentes
2505 3714 2878 3786 quidem'actu
2912 3725 3193 3796 subigetis,
3231 3728 3373 3785 fama
3396 3747 3529 3791 vero
3619 3740 3623 3744 ’

1945 3804 2203 3861 absentes
2281 3790 2349 3861 et
2396 3809 2645 3877 regiones
2693 3810 3015 3883 longinquas
3061 3817 3525 3881 ineolentes?His

1944 3892 2088 3944 enim
2149 3895 2388 3963 undique
2449 3895 2501 3949 in
2544 3898 2732 3966 vulgus
2774 3903 3000 3970 sparsis,
3050 3921 3240 3976 parum
3298 3913 3519 3981 quidem

1942 3981 2072 4033 mihi
2105 3984 2170 4035 ad
2198 3998 2482 4053 prosperas
2521 4002 2605 4042 res
2627 3988 2973 4061 Polycrates;
3010 3997 3146 4052 nihil
3202 4010 3384 4057 autem
3425 4005 3510 4061 vi-

1941 4071 2160 4127 debitur
2180 4088 2300 4128 cum
2318 4085 2395 4131 tot
2421 4077 2638 4133 talentis
2663 4079 2909 4140 Croesus.

2260 4187 2447 4243 XCIV.
2498 4190 2869 4251 ZACHARIIE
2913 4198 3189 4259 FRATRI.

2008 4278 2108 4343 Qui
2140 4280 2280 4335 hanc
2306 4283 2588 4351 epistolam
2621 4284 2823 4353 ferunt,
2856 4291 3077 4359 quinam
3123 4294 3234 4351 sint
3286 4300 3509 4369 nescio;

1935 4371 2060 4438 quia
2094 4386 2222 4429 vero
2249 4381 2298 4425 te
2331 4374 2621 4440 mirantur,
2650 4391 2911 4445 cognatos
2954 4384 3111 4440 valde
3151 4387 3372 4446 deﬁnio.
3404 4391 3508 4460 Qui

251 4447 417 4516 ξομαι
442 4464 458 4479 ·
490 4441 638 4501 οὗτοι
667 4447 775 4519 γὰρ
799 4448 1001 4512 ἰδόντες
1046 4449 1167 4519 ἐμὲ,
1198 4452 1292 4503 καὶ
1320 4454 1620 4522 συγγενοῦς
1650 4474 1823 4527 χαρα-

1968 4462 2145 4514 uidem
2179 4461 2266 4517 ubi
2296 4478 2380 4517 me
2401 4465 2670 4533 viderunt,
2700 4477 2755 4524 et
2786 4470 2838 4523 in
2875 4476 3197 4541 congeneris
3225 4479 3511 4539 characte-

250 4541 453 4608 κτῆρος
509 4537 752 4603 ἐλθόντες
804 4541 884 4602 εἰς
936 4539 1166 4605 ἔννοιαν,
1216 4541 1365 4595 τοῦθ’
1394 4546 1530 4615 ὅπερ
1568 4542 1638 4617 ἦν
1658 4550 1824 4618 ἐμαν-

247 4630 468 4682 τεύοντο
490 4644 504 4659 ·
537 4628 631 4681 καί
688 4647 740 4682 τι
785 4629 925 4699 πρὸς
953 4632 1180 4696 ἑαυτοὺς
1224 4634 1470 4699 εἰπόντες
1499 4639 1594 4690 καὶ
1626 4640 1821 4710 κριτάς

1929 4554 2006 4608 ris
2033 4553 2393 4622 suspicionem
2421 4568 2704 4623 venerunt,
2738 4560 3161 4639 ideonjecerunt
3191 4573 3335 4638 quod
3352 4583 3504 4642 erat;

1928 4654 1975 4699 el
2010 4645 2252 4699 nonnihil
2276 4635 2420 4701 inter
2463 4649 2723 4719 seilocuti
2756 4635 2924 4724 seque
2951 4666 3139 4715 mutuo
3170 4635 3384 4729 iudices
3420 4668 3503 4721 rei

244 4722 511 4792 ἀλλήλους
554 4723 917 4794 πεποιημένοι
970 4725 1061 4779 τοῦ
1124 4726 1451 4797 πράγματος
1486 4728 1560 4793 ὡς
1591 4731 1819 4801 ἀδελφὸς

1962 4734 2204 4805 ιςίοηιρε,
2225 4750 2309 4789 me
2333 4752 2526 4807 nempe
2555 4722 2893 4798 dilectissimi
2915 4760 3034 4800 esse
3062 4746 3308 4807 fratrem.
3339 4751 3500 4810 Post-

242 4814 338 4867 τοῦ
368 4812 620 4881 φιλτάτου
656 4812 969 4882 καθέστηκα
996 4831 1009 4847 ο
1050 4817 1239 4889 ἐπειδὴ
1266 4819 1402 4889 πρὸς
1437 4821 1564 4889 μίαν
1592 4821 1817 4892 γνώμην

1963 4838 2083 4877 uam
2116 4826 2169 4878 in
2200 4839 2373 4880 meam
2397 4829 2728 4884 sententiam
2765 4832 3031 4889 devenere
3059 4852 3164 4892 una
3197 4854 3495 4898 accurren-

241 4905 522 4975 ἐφέροντο,
583 4904 1022 4974 προσδραμόντες
1079 4908 1215 4978 όμοῦ
1269 4912 1565 4982 προσεῖπόν
1609 4930 1667 4967 τε
1696 4914 1814 4985 ἅμα

1962 4911 2028 4981 is,
2062 4929 2147 4969 me
2173 4916 2336 5001 simul
2357 4916 2725 4986 alloquuntur,
2759 4931 2813 4976 et
2852 4924 3128 4983 benevolis
3157 4930 3330 4986 oculis
3356 4934 3499 5004 aspic

239 4998 335 5050 καὶ
361 4996 645 5065 εὐμενέσιν
696 4995 998 5065 ὀφθαλμοῖς
1052 4998 1422 5055 ὐπεόλέποντο
1443 5018 1456 5032 ·
1509 5003 1601 5056 καί
1635 5020 1694 5056 σε
1722 5005 1812 5058 διὰ

1962 5005 2094 5061 iunt.
2148 4995 2219 5062 Ut
2244 5015 2296 5062 te
2350 5009 2660 5064 omnimoda
2708 5013 3069 5072 admiratione
3117 4995 3494 5094 cumulavere,

238 5088 443 5150 παντὸς
468 5087 791 5158 ἐποιήσαντο
845 5087 1141 5158 θαύματος,
1191 5090 1454 5165 δικαστὴν
1480 5094 1640 5173 όρθὸν
1667 5097 1758 5150 καὶ
1783 5098 1811 5150 ὃ

1962 5099 2154 5152 idicem
2175 5109 2382 5153 ret-tum
2415 5110 2469 5154 et
2492 5117 2653 5169 quam
2688 5106 3129 5173 augustissimum
3159 5111 3497 5182 appellantes

232 5200 286 5235 eo.
315 5178 512 5246 σεμνὸν
534 5177 1028 5251 ὀνομάζοντες,τῆς
1053 5182 1150 5252 μὲν
1175 5183 1332 5249 ἀξίας
1362 5187 1489 5249 ἴσως
1513 5186 1770 5241 ἐλάττονα
1790 5203 1807 5220 ο

231 5268 382 5336 δῆλοι
409 5269 452 5322 δ’
475 5268 569 5323 οὖν
605 5265 745 5340 ἦσαν
775 5271 946 5324 πλείω
984 5272 1161 5340 λέγειν
1203 5276 1500 5343 ἐθέλοντες,
1527 5272 1601 5331 ὧν
1630 5280 1807 5347 ἀπαγ-

229 5360 443 5425 γέλλειν
470 5361 751 5431 ἠδύναντο,
776 5363 876 5434 τὴν
906 5364 1035 5435 περὶ
1070 5365 1128 5418 σὲ
1172 5354 1532 5439 γνώμην⁴τῆς
1560 5370 1807 5442 γλώττης

229 5452 624 5519 ἀποφαίνοντες
679 5455 999 5526 κρείττονα·
1037 5457 1148 5525 ἐγὼ
1212 5459 1267 5511 δὲ
1309 5462 1526 5526 πολλοῖς
1560 5464 1804 5528 ἐπαίνοις

228 5545 288 5611 ἐξ
317 5545 497 5599 αὐτῶν
522 5547 955 5619 στεφανούμενος
978 5565 992 5579 ⁸
1027 5549 1215 5603 ἔπειτα
1251 5552 1359 5622 γὰρ
1398 5553 1466 5606 τά
1494 5554 1617 5607 καθ’
1649 5554 1802 5624 ὑμῶν

226 5636 531 5708 ὶποιούμην
558 5637 810 5709 ἐγκώμια
831 5657 844 5672 ο
874 5640 967 5693 καὶ
999 5640 1190 5708 μισθὸν
1212 5642 1452 5697 αἰτοῦσιν
1478 5644 1683 5699 ἐδίδουν
1702 5646 1800 5717 τὴν

226 5727 512 5801 παροῦσαν
528 5729 840 5801 ἐπιστολήν.

1916 5199 1969 5243 et
2006 5190 2201 5244 merito
2235 5189 2546 5246 inferiorem
2587 5194 2762 5249 locum
2809 5199 3202 5266 possidentem.
3263 5202 3490 5261 Patebat

1916 5290 2095 5335 autem
2127 5296 2219 5336 eos
2245 5281 2399 5351 plura
2434 5282 2567 5337 velle
2594 5285 2775 5341 dicere
2804 5304 2964 5356 quam
2991 5293 3316 5349 annuntiare
3332 5305 3489 5365 pote-

1914 5381 2059 5437 rant,
2103 5387 2254 5426 suam
2282 5374 2347 5427 de
2384 5383 2436 5427 te
2469 5376 2798 5430 sententiam
2828 5378 3007 5448 lingua
3043 5380 3305 5448 majorem
3337 5384 3483 5441 indi-

1913 5474 2119 5517 cantes.
2158 5463 2271 5533 Ego
2304 5479 2428 5518 vero
2456 5466 2733 5521 abiisdcm
2766 5469 2954 5524 multis
2975 5470 3226 5528 laudibus
3255 5488 3485 5535 ornatus

1910 5569 2048 5608 sum.
2083 5552 2285 5609 Deinde
2331 5556 2473 5609 cnim
2500 5566 2741 5611 vestrum
2777 5561 3081 5616 eneomium
3138 5564 3392 5634 agebant,
3424 5575 3482 5623 et

1910 5638 2211 5701 mercedem
2285 5649 2596 5717 petentibus
2653 5651 2845 5707 dabam
2902 5665 3225 5723 praesentem
3278 5658 3479 5729 epistov

1906 5737 1952 5789 In
1961 5752 2033 5789 tn.
