3972 6192
307 353 448 418 2792
459 361 488 392 ⁸

1793 351 2196 411 EPISTULE.

3366 351 3507 412 ΕΓΖθὲ
3529 347 3555 384 ¹³

310 469 404 520 καὶ
431 463 794 534 χαριεστάτην
819 461 1073 530 γλῶσσαν
1107 460 1200 512 καὶ
1249 456 1481 529 ῥέουσαν
1513 456 1607 510 ἐπὶ
1650 455 1882 516 δικαίοις

2020 457 2051 508 d
2086 454 2372 510 sollicitans
2417 455 2677 510 auxilium
2725 472 2822 528 pro
2855 458 3035 528 aliquo
3078 458 3307 527 praemio
3343 458 3558 525 adjiccz

309 556 576 625 ἀκωλύτῳ
620 555 764 625 φορᾷ.
791 552 928 624 πρὸς
959 549 1276 621 συμμαχίαν
1314 547 1527 618 ίκανὴν,
1550 547 1666 599 ἀντ’
1689 546 1882 616 ἐράνου

2014 552 2039 596 τι
2073 543 2180 599 Deo
2204 543 2426 599 charam
2455 554 2509 599 et
2557 547 2836 603 orantibus
2884 549 3178 618 gratiosam
3216 556 3272 601 et
3314 548 3563 617 indigen-

313 649 461 709 τινὸς
491 645 840 711 εἰσενέγκατε
874 659 889 674 ·
951 642 1070 710 Θεῷ
1110 658 1170 694 τε
1211 641 1373 708 φίλην
1403 640 1496 693 καὶ
1524 640 1638 700 τοῖς
1671 635 1883 690 αἰτοῦσι

2014 635 2130 690 ibus
2163 635 2541 705 opitulantem.

315 736 723 810 κεχαρισμένην
752 734 848 788 παῖ⁵
874 734 989 795 τοῖς
1023 725 1304 801 δεομένὶις
1338 727 1640 801 ἀρκοῦσαν.

867 824 993 893 ur.
1045 823 1330 893 ιοΑΝΝῃ.

400 923 460 978 '0
481 921 579 991 τὴν
608 918 888 990 παροῦσαν
928 916 1216 984 ἐπιστολὴν
1258 913 1599 984 ἐπαγόμενος
1649 909 1788 980 ἀνὴρ
1811 907 1888 962 ὣν

313 1015 543 1085 ἀγαθὸς,
565 1013 626 1077 ἐξ
658 1009 869 1072 ἀδικίας
912 1005 1143 1075 ἀδελφοῦ
1175 1005 1273 1075 τὴν
1321 1004 1557 1076 ἀπορίαν
1608 1000 1885 1072 ὀδύρεται·

2505 813 2734 870 XCVIII.
2774 815 3032 871 JOANNI.

2058 906 2161 973 Qui
2212 907 2870 977 prmsentcm-epistolam
2927 908 3163 976 perfert,
3211 913 3294 966 vir
3340 913 3559 980 probus,

1987 1011 2055 1054 ex
2099 997 2363 1066 injuStitia
2412 996 2600 1052 fratris
2641 997 2876 1069 impiam
2920 1000 3262 1057 lamentatur.
3307 1002 3562 1059 Uudead
3633 1017 3636 1020 ‘

315 1110 444 1163 ὅθεν
469 1102 882 1173 καταλαμϐάνει
919 1099 1018 1171 τὴν
1052 1097 1353 1166 Καίσαρος,
1381 1096 1447 1150 ἄν
1475 1112 1580 1166 περ
1606 1088 1718 1156 οἷός
1743 1108 1800 1144 τε
1820 1085 1888 1162 ἦν

2014 1089 2252 1145 ustitiam
2303 1089 2534 1146 Caesaris
2590 1092 2864 1161 confugit,
2918 1093 2962 1147 si
3013 1094 3117 1151 hoc
3169 1091 3328 1152 modo
3386 1097 3566 1150 debita

316 1199 386 1252 τά
445 1193 792 1265 προσήκοντα
845 1187 1204 1259 κομιούμενος
1224 1203 1239 1216 ·
1271 1184 1408 1239 ἀλλά
1450 1182 1735 1236 συλλαϐεῖν
1759 1197 1891 1234 κατ-

1996 1181 2168 1250 possit
2224 1195 2566 1249 recuperare.
2609 1183 2712 1236 Sed
2765 1183 2837 1236 illi
2897 1185 3148 1252 opitulari
3199 1187 3456 1254 dignare.
3511 1188 3564 1239 iu

315 1289 575 1356 ἀξίωσον,
609 1284 736 1346 τοὺς
772 1282 902 1349 παρ’
947 1280 1076 1350 ὑμῖν
1122 1276 1385 1340 δυνατοὺς
1440 1276 1520 1338 είς
1571 1271 1891 1342 συμμαχίαν

2014 1270 2252 1325 iuxilium
2294 1272 2368 1326 illi
2422 1273 2691 1330 sulliciens
2744 1289 2941 1344 parans
2987 1291 3082 1334 eos
3133 1281 3224 1348 qui
3281 1280 3419 1348 apud
3473 1295 3568 1334 vos

318 1379 471 1450 αὐτῷ
520 1373 954 1446 παρασκευάζων
1004 1367 1318 1440 ἀρκοῦσανο
1393 1366 1522 1436 μίαν
1589 1364 1698 1434 γάρ
1777 1362 1890 1432 ἔχει

319 1466 677 1541 παραμυθίας
716 1463 927 1523 ἐλπίδα,
971 1459 1073 1530 τῆς
1121 1459 1186 1512 ἐκ
1207 1457 1316 1511 τῶν
1345 1456 1528 1525 νόμων
1570 1452 1891 1522 ἐπικουρίας

318 1563 530 1631 τυχεῖν,
559 1553 627 1629 ἧς
649 1557 902 1609 πλεῖστον
923 1552 1062 1620 ἄγαν
1093 1549 1458 1620 ἐπεστέρηται
1484 1547 1694 1617 χρόνον,
1725 1560 1894 1612 πονη-

323 1655 549 1726 ρότατον
569 1652 710 1720 ἔχων
747 1647 838 1701 τὸν
867 1645 1116 1712 ἀδελφὸν,
1148 1643 1245 1696 καὶ
1269 1641 1592 1710 καινοτέρας
1618 1635 1894 1697 διαλύσεις

321 1754 412 1806 ἀεὶ
437 1745 829 1818 μηχανώμενον
851 1759 865 1773 ο
891 1742 1014 1795 ὅθεν
1062 1739 1211 1810 αὑτῷ
1236 1738 1336 1810 τὴν
1365 1737 1604 1808 ἀπορίαν
1633 1746 1894 1805 παραμυ-

321 1838 588 1910 (thematis,
617 1837 717 1898 τὰς
748 1833 858 1886 τῶν
882 1831 1250 1902 δικαστηρίων
1291 1828 1540 1892 δαπάνας
1563 1826 1638 1891 ὡς
1670 1824 1897 1880 δυνατὸν

324 1946 394 1982 πε
403 1929 766 2002 ρικόπτοντες.

731 2012 848 2081 ιε’.
889 2011 1169 2083 «alumno
1203 2009 1492 2080 ΑΔΕΛΦῼ.

395 2109 502 2160 Τὸν
553 2105 757 2176 ταύτην
789 2104 919 2175 ὑμῖν
979 2101 1277 2173 κομίζοντα
1321 2100 1422 2172 τὴν
1460 2097 1753 2169 ἐπιστολὴν
1812 2095 1906 2151 καὶ

320 2199 502 2260 ἄλλως
525 2197 624 2266 μὲν
649 2195 901 2258 ἐπόθουν,
931 2193 1029 2262 οὐχ
1057 2192 1259 2263 ἥκιστα
1291 2190 1350 2244 δὲ
1385 2191 1468 2244 ὅτι
1496 2207 1603 2260 περ
1631 2188 1785 2258 ὑμῶν
1817 2188 1902 2239 ἐπ’

319 2289 550 2358 ἀγαθοῖς
600 2287 686 2340 ἀεὶ
721 2283 1098 2355 μεμνημένος·
1128 2282 1280 2345 τέλος
1331 2280 1426 2334 καὶ
1467 2280 1564 2350 τῆς
1589 2278 1726 2347 πρὸς
1760 2279 1905 2348 ὑμᾶς

316 2378 618 2446 ἐπιπολῆς
648 2376 773 2444 ἐμοὶ
809 2375 1032 2442 γέγονεν
1061 2371 1253 2437 αἴτιος,
1299 2371 1470 2424 δεινὸν
1506 2366 1647 2423 εῖναι
1681 2369 1905 2439 φάσκων

319 2476 372 2524 εἰ
402 2469 512 2524 τῶν
541 2467 599 2532 ἐξ
633 2464 765 2536 ἐμοῦ
795 2464 1138 2536 γραμμάτων
1165 2461 1368 2533 ἕρημος
1391 2462 1520 2532 ὑμῖν
1542 2461 1902 2530 ἐπιφαίνοιτο.

321 2563 401 2615 Σὺ
429 2560 486 2612 δέ
511 2557 641 2624 γοῦν
673 2556 801 2626 μίαν
824 2555 953 2625 ἡμῖν
979 2552 1264 2615 ἀντεπὶθες
1285 2551 1591 2621 ἐπιστολὴν,
1621 2550 1716 2604 καὶ
1746 2549 1907 2604 λύσον

318 2655 440 2704 ἔτει
469 2650 702 2719 πέμπτῳ
729 2646 867 2717 μετά
899 2644 1008 2698 τῶν
1039 2641 1399 2714 Πυθαγορίων
1425 2642 1524 2710 τὴν
1552 2640 1764 2711 σιωπήν
1788 2655 1800 2668 ·
1831 2640 1907 2704 ὼς

317 2742 492 2810 ἡμεῖς
533 2739 628 2792 καὶ
661 2737 921 2806 Δωδώνης
951 2733 1202 2806 χαλκεῖον
1243 2731 1567 2802 γεγόναμεν,
1600 2728 1817 2800 κινῆσαι
1848 2745 1906 2782 σε

310 2832 468 2903 «npr
502 2831 691 2898 λόγους
719 2827 1052 2898 βουλόμενοι.

906 2915 985 2967 P'.
1029 2911 1342 2982 ΕΥΑΓΡΙῼ.

414 3010 504 3072 Ὣς
537 3007 827 3070 ποθοῦντος
849 3005 990 3072 ἀγαν
1021 3005 1070 3058 oi
1100 3005 1270 3072 λόγοι,
1301 3002 1395 3056 καὶ
1422 3002 1489 3071 τῇ
1520 2998 1662 3053 κατά
1688 2996 1907 3051 πάντων

1997 1371 2246 1430 potentes
2301 1373 2448 1417 sunt.
2507 1363 2680 1418 Unam
2738 1367 2880 1420 enim
2942 1367 3101 1422 habet
3161 1384 3310 1439 spem
3369 1368 3566 1432 solatii,

1997 1468 2188 1523 nempe
2233 1468 2292 1507 se
2341 1453 2515 1522 legum
2565 1455 2974 1524 opitulationem
3025 1460 3412 1520 obtenturum,
3462 1474 3572 1528 qua

1997 1545 2178 1599 tandiu
2230 1546 2479 1614 privatus
2527 1557 2640 1608 est,
2690 1548 3146 1616 improbissimum
3203 1551 3427 1606 fratrem
3478 1552 3576 1606 ha-

1996 1637 2150 1701 bens,
2184 1637 2274 1706 qui
2306 1637 2550 1705 quotidie
2576 1653 2712 1693 nova
2751 1640 2950 1696 Imdera
2990 1644 3350 1700 machinatur.
3386 1644 3574 1713 Itaque

2001 1727 2148 1784 illius
2206 1738 2503 1800 egestatem
2564 1729 2850 1798 soletnini,
2909 1732 3235 1802 iudiciorum
3300 1737 3572 1806 impensas

2003 1819 2458 1890 quamplurimum
2491 1819 2818 1875 recidentes.

2356 1995 2540 2052 XCIX.
2583 1995 2898 2056 PIIILIPPO
2938 1999 3218 2057 FRATRI.

2078 2089 2210 2144 Eum
2246 2089 2340 2160 qui
2374 2089 2526 2144 vobis
2562 2091 2700 2145 hanc
2737 2090 2938 2158 perfert
2963 2093 3247 2161 epistolam
3277 2105 3331 2149 et
3359 2095 3576 2151 aliunde
3597 2085 3606 2128 ’-

2005 2180 2222 2249 quidem
2275 2180 2459 2251 diligo,
2500 2194 2607 2235 non
2662 2181 2838 2236 minus
2889 2192 3068 2237 autem
3116 2187 3258 2254 quod
3309 2188 3474 2242 vestri
3520 2190 3573 2243 in

2007 2273 2160 2326 bonis
2199 2273 2467 2328 meminit.
2501 2271 2616 2326 lmn
2646 2283 2700 2328 et
2730 2273 2888 2341 hujus
2921 2274 2986 2328 ad
3014 2289 3112 2330 vos
3140 2277 3380 2346 epistola:
3412 2293 3576 2333 causa

2006 2361 2183 2418 factus
2221 2373 2324 2428 est,
2362 2364 2557 2417 mirum
2599 2377 2720 2418 esse
2753 2363 3029 2429 dietitans,
3059 2364 3104 2418 si
3147 2379 3213 2418 ex
3245 2381 3331 2421 me
3370 2366 3577 2420 littera-

2008 2470 2123 2509 rum
2151 2470 2354 2529 vacuus
2386 2469 2568 2509 coram
2616 2454 2767 2510 vobis
2803 2465 3110 2524 appareret.
3140 2456 3220 2512 Tu
3257 2473 3386 2512 vero
3424 2459 3593 2513 nobis.

2009 2561 2172 2600 unam
2209 2545 2423 2601 remitte
2457 2543 2762 2613 epistolam,
2807 2555 2862 2600 et
2903 2549 3094 2615 quinto
3132 2564 3274 2603 anno
3309 2564 3430 2604 cum
3470 2551 3580 2621 Py-

2010 2637 2281 2707 thagoreis
2333 2636 2610 2691 silentium
2664 2636 2833 2692 solve.
2897 2636 3005 2693 Nos
3055 2638 3198 2694 enim
3246 2649 3301 2694 et
3342 2638 3580 2695 Dodonae

2011 2727 2240 2784 alienum
2298 2726 2426 2783 facti
2489 2740 2696 2792 sumus,
2753 2735 2808 2782 te
2861 2729 2928 2784 ad
2984 2730 3147 2786 verba
3209 2745 3428 2786 movere
3485 2746 3586 2786 vo-

2009 2819 2200 2872 lentes.

2571 2887 2642 2974 cf
2675 2916 2999 2974 EVAGRIO.

2079 3003 2217 3060 Sunt
2245 3004 2360 3059 hanc
2383 3007 2551 3063 verba
2597 3019 2850 3079 tanquam
2883 3010 3120 3065 hominis
3149 3011 3371 3064 nimium
3401 3023 3582 3062 aman-

319 3102 460 3170 νίκῃ
503 3095 799 3166 στεφανοῦν
843 3093 1144 3164 ἐγνωκότες
1173 3091 1244 3146 τὰ
1295 3088 1550 3143 παιδικά·
1585 3087 1660 3151 ὡς
1700 3085 1810 3155 γάρ
1845 3085 1902 3135 ἐν

2014 3096 2100 3161 tis,
2127 3104 2182 3151 et
2224 3095 2392 3150 relata
2428 3098 2497 3153 de
2529 3100 2781 3155 omnibus
2819 3099 3044 3154 victoria
3078 3115 3304 3169 puerum
3340 3109 3584 3153 amatum

314 3196 442 3254 τοῖς
475 3193 588 3254 σοῖς
620 3189 941 3260 γράμμασιν
969 3187 1029 3241 ού
1061 3186 1188 3250 τοῦς
1218 3183 1313 3238 νῦν
1347 3184 1506 3252 μόνον
1528 3180 1741 3242 ἐνίκων,
1766 3175 1902 3232 ἀλλά

2014 3202 2275 3246 coronare
2319 3188 2572 3244 volentis.
2605 3188 2661 3244 In
2704 3191 2810 3246 tuis
2847 3190 2992 3244 enim
3026 3191 3223 3246 litteris
3267 3204 3375 3244 non
3422 3190 3594 3244 modo.

315 3284 421 3335 καὶ
451 3284 480 3336 ὃ
508 3283 582 3350 μὴ
607 3280 766 3350 θέμις
797 3281 991 3345 εἰπεῖν,
1013 3267 1119 3332 ’καὶ
1146 3274 1498 3348 Δημοσθένης
1551 3273 1773 3344 ἥττητο,
1805 3269 1900 3324 καὶ

309 3370 658 3438 Θουκυδίδης
680 3365 790 3436 εἶχε
819 3369 886 3420 τὰ
913 3366 1162 3442 δεύτερα,
1187 3366 1284 3418 καὶ
1325 3366 1354 3416 ὁ
1378 3364 1582 3428 γλυκὺς
1622 3363 1902 3432 Ἡρόδοτος

313 3463 474 3530 μετά
493 3459 697 3512 τούτων
727 3459 981 3511 ἐτάττετο
1001 3475 1016 3490 ο
1045 3457 1122 3520 ὡς
1153 3453 1390 3516 τοιοῦτος
1408 3449 1477 3524 ἦν
1503 3455 1562 3505 ἐν
1591 3454 1702 3514 τοῖς
1723 3451 1902 3519 λόγοις

309 3549 617 3619 μειδιάσας
641 3546 780 3616 πρὸς
800 3545 1036 3616 ἐμαυτὸν
1070 3544 1221 3598 ούδέν
1249 3542 1324 3614 (I)
1352 3581 1368 3596 .
1400 3579 1417 3596 .
1456 3581 1471 3596 .
1499 3540 1613 3611 ᾠην
1637 3541 1736 3610 τῆς
1767 3540 1902 3610 ἐρω-

303 3658 407 3701 τος
450 3638 766 3701 δυναστείας
806 3635 1201 3708 σφοδρότερον
1253 3637 1320 3706 τῇ
1350 3633 1459 3704 γὰρ
1501 3633 1667 3703 περὶ.
1711 3670 1726 3684 .
1764 3670 1780 3686 .
1811 3646 1904 3683 το-

301 3744 408 3800 χος
454 3728 482 3779 ὁ
509 3725 763 3795 φίλτατος
787 3723 1050 3795 γεγονὼς,
1081 3723 1316 3796 ἠγνόησέ
1354 3739 1455 3794 μου
1483 3721 1552 3775 τὰ
1578 3720 1900 3792 πράγματα,

306 3819 418 3875 ’καὶ
462 3818 691 3890 παρέχει
715 3811 769 3870 τι
798 3815 1214 3887 παραπλήσιον·
1250 3816 1439 3885 ὥσπερ
1488 3813 1556 3868 ἂν
1606 3813 1660 3866 εῐ
1683 3829 1770 3875 τις
1811 3810 1903 3864 τὸν

313 3910 494 3981 φοξὸν
523 3913 654 3980 παρ’
677 3910 958 3980 Ὅμηρον·
991 3908 1084 3962 καὶ
1116 3908 1172 3961 τί
1205 3907 1316 3977 γάρ
1349 3907 1537 3978 ἕτερον
1563 3906 1597 3975 ἢ
1637 3904 1906 3975 Θερσίτην

314 3999 486 4071 παρὰ
524 3999 633 4053 τῶν
667 3999 940 4070 Ἐλλήνων
977 3999 1034 4062 ἐς
1067 3999 1196 4052 θέαν
1225 3999 1469 4068 ἀπέφηνε
1496 3996 1779 4068 κρείττονα
1811 3994 1906 4048 καὶ

313 4090 499 4146 αὐτοῦ
552 4091 691 4160 τάχα
744 4086 839 4144 τοῦ
887 4089 1122 4163 Νιρέως,
1163 4089 1222 4153 ὃς
1277 4087 1562 4150 κάλλιστος
1614 4086 1752 4158 ἀνὴρ
1801 4085 1906 4139 ὑπὸ

319 4182 498 4234 Ἴλιον
530 4175 730 4250 ἧλθενς
761 4178 920 4249 Ἐμοὶ
961 4178 1019 4231 δὲ
1045 4178 1300 4248 μέγιστος
1345 4177 1564 4241 ἔπαινος
1597 4179 1645 4230 εί
1683 4175 1904 4240 τούτους

313 4268 660 4340 ἀγνοηκέναι
707 4269 920 4340 δοκοίην
942 4309 957 4335 ,
997 4268 1091 4331 οὓς
1129 4266 1280 4340 παρὰ
1301 4285 1333 4320 σ
1357 4309 1372 4324 .
1405 4310 1421 4324 .
1453 4307 1466 4320 .
1504 4267 1868 4337 νενικήκαμεν
1888 4282 1900 4296 ·

309 4365 454 4417 ὅθεν
482 4377 576 4413 σου
610 4361 897 4432 θαυμάσας
928 4360 1029 4432 τὴν
1054 4359 1288 4425 εὖνοιαν,
1313 4360 1440 4422 τοῦς
1460 4359 1650 4428 λόγους
1678 4358 1906 4427 ἀνεστή-

2003 3293 2102 3336 eos
2131 3279 2223 3349 qui
2260 3287 2388 3336 tunc
2431 3281 2690 3350 temporis
2723 3281 3019 3348 exsistunt,
3053 3281 3201 3346 vici;
3231 3281 3324 3336 sed
3354 3287 3410 3336 et
3437 3281 3588 3349 quod

2009 3387 2115 3426 non
2155 3370 2236 3427 Ias
2263 3382 2346 3428 est
2374 3373 2576 3439 dicere,
2610 3372 3002 3428 Demosthenes
3036 3372 3152 3442 ipse
3189 3372 3361 3427 victus
3393 3384 3498 3436 est,
3527 3383 3585 3425 et

2007 3458 2350 3528 Thucydides
2384 3457 2610 3514 inferior
2652 3458 2776 3525 fuit,
2808 3468 2861 3514 et
2895 3460 3078 3515 suavis
3113 3456 3414 3514 Herodotus
3456 3471 3605 3511 cum.

2005 3547 2135 3617 ipsis
2166 3560 2554 3604 annumeratus
2583 3558 2689 3606 est.
2796 3588 2813 3604 .
2925 3585 2939 3604 .
3053 3589 3068 3604 .
3179 3589 3194 3605 .
3307 3585 3325 3602 .
3437 3585 3469 3602 κ
3562 3584 3580 3602 .

2009 4009 2076 4065 Et
2104 4009 2232 4080 quid
2284 4007 2429 4062 aliud
2489 4005 2776 4064 Thersiten
2813 4009 2954 4078 apud
3005 4007 3224 4065 Gmcos
3267 4008 3321 4063 in
3368 4015 3582 4078 specta-

2008 4105 2190 4162 culum
2243 4103 2415 4159 edidit
2461 4099 2740 4156 meliorem
2792 4099 2933 4154 [οι-ιε
2980 4109 3036 4155 ει
3085 4099 3202 4169 ipso
3249 4099 3443 4164 Nereo,
3490 4100 3594 4166 qui»

2007 4195 2409 4266 pulcherrimus
2447 4194 2516 4247 ad
2550 4192 2700 4246 Ilium
2741 4191 2928 4246 venit?
2954 4190 3083 4246 Mihi
3128 4198 3308 4245 autem
3343 4191 3580 4245 maxima

2009 4289 2155 4353 laus,
2186 4287 2232 4341 si
2280 4286 2532 4356 ignorare
2570 4283 2788 4338 viderer
2825 4296 2917 4337 eos
2947 4296 3084 4351 quos
3123 4295 3218 4351 per
3253 4290 3303 4338 te
3331 4281 3581 4335 vicimus.

2018 4379 2170 4436 Unde
2202 4388 2346 4432 tuam
2377 4375 2607 4430 miratus
2629 4374 3084 4440 benevolentiam,
3115 4374 3182 4428 ad
3210 4373 3372 4428 verba
3402 4387 3586 4426 amore

313 4457 434 4524 θην
464 4454 578 4515 τοῖς
600 4453 789 4522 ἔρωσι,
813 4453 957 4523 ἀμφὶ⁵
985 4452 1075 4505 τὸν
1105 4451 1369 4505 Παιανιέα
1410 4449 1902 4520 παραιτησάμενος,

2015 4471 2284 4526 excitatus
2331 4482 2476 4532 sum,
2518 4464 2806 4521 Paeaneum
2869 4464 3212 4532 interrogans
3259 4477 3387 4517 num
3435 4477 3586 4515 amor

308 4548 366 4598 εί
435 4543 602 4605 πόθος
639 4543 963 4613 ἀνθρώπους
1010 4541 1295 4596 ἀναπείθει
1337 4542 1552 4610 λέγειν,
1597 4541 1770 4595 ὁπόσα
1821 4537 1912 4592 καὶ

307 4639 515 4704 λέγειν
572 4633 852 4686 ἐθέλουσι’
913 4635 1006 4687 καὶ
1053 4634 1284 4705 μάλιστα
1330 4633 1395 4705 δὴ
1448 4633 1690 4698 τούτους,
1723 4632 1912 4686 ὁπόσοι

305 4729 506 4795 λόγων
562 4722 950 4793 ἐναδρύνονται
999 4724 1192 4794 ῥώμῃο
1236 4722 1375 4777 ἀλλά
1419 4724 1556 4794 πρὸς
1605 4723 1772 4792 εὐχὴν
1817 4722 1913 4774 καὶ

303 4818 537 4886 ταύτην
585 4816 812 4885 μετρίαν
864 4817 1252 4887 τραπήσομαι,
1302 4815 1591 4884 εὐτυχοίης
1636 4813 1834 4882 λέγων,
1866 4805 1912 4864 ὦ

303 4909 580 4981 φίλτατε,
612 4905 707 4959 καὶ
737 4905 946 4976 νικοίης
976 4906 1104 4969 τοὺς
1137 4907 1356 4976 νόμους,
1388 4905 1560 4959 ὁπόσα
1587 4905 1702 4968 τοῖς
1729 4903 1908 4972 λόγοις

303 5000 643 5068 νενίκηκας.

915 5087 1041 5142 PA'.
1088 5087 1312 5161 NEIAQ.

382 5177 581 5240 Δεινδς
623 5177 731 5247 ἀρα
774 5195 858 5241 τις
897 5175 1044 5250 ἦσθα
1082 5181 1152 5233 τὰ
1185 5169 1402 5250 ’σμικρά
1455 5180 1672 5250 μεγάλα
1709 5185 1906 5249 ποιεῖν,

301 5273 415 5329 καὶ
468 5268 718 5337 γλῶτταν
764 5271 979 5342 ἄμαχον
1021 5273 1080 5325 ἐν
1111 5265 1192 5333 οἷς
1239 5269 1444 5336 ἐθέλεις
1498 5273 1905 5328 ἐνδείκνυσθαι·

297 5362 620 5426 τοσούτους
659 5362 769 5432 γάρ
801 5363 1062 5426 ἐπαίνους
1105 5363 1415 5428 ἀνέπλασας
1447 5365 1570 5419 κατ’
1602 5366 1762 5437 ἐμοῦ,
1814 5367 1910 5418 καὶ

297 5455 502 5516 οὕτως
551 5453 788 5516 εὐκόλως
845 5454 1228 5525 ἀπήγγειλας,
1283 5457 1358 5520 ὡς
1410 5458 1510 5510 ούκ
1555 5457 1621 5510 ἀν
1661 5474 1746 5520 τις
1788 5453 1907 5509 εἷπε

299 5546 528 5622 ῥᾳδίως
557 5544 618 5609 ἐξ
645 5544 906 5616 ἀληθείας
936 5546 1287 5618 όρμώμενος“
1323 5549 1415 5619 καί
1459 5567 1549 5618 μοι
1588 5549 1764 5611 δοκεῖς
1789 5566 1906 5601 τοσ-

2015 4560 2330 4617 hominibus
2391 4559 2616 4615 suadeat
2668 4567 2730 4612 ut
2778 4556 2962 4611 dicant
3011 4568 3347 4625 quaecunque
3402 4551 3609 4606 volunt

2013 4651 2217 4716 dicere,
2255 4650 2552 4719 praesertim
2584 4662 2711 4702 vero
2741 4647 2806 4701 iis
2837 4647 3148 4702 hominibus
3177 4647 3269 4717 qui
3309 4645 3411 4701 sibi
3455 4645 3588 4714 ipsis

2014 4744 2069 4799 in
2122 4742 2409 4797 verborum
2448 4741 2498 4795 vi
2552 4740 2911 4807 complacent.
2967 4740 3074 4794 Sed
3128 4741 3194 4793 ad
3249 4741 3351 4794 hoc
3400 4751 3598 4792 votum.

2011 4847 2224 4903 aequum
2259 4839 2562 4906 convertar,
2591 4839 2806 4900 optans,
2835 4844 2870 4884 ο
2897 4831 3240 4895 charissime,
3290 4838 3349 4883 ut
3402 4829 3589 4883 vincas

2012 4925 2220 4996 legibus
2245 4922 2700 4993 quemadmodum
2736 4922 2921 4978 verbis
2951 4921 3145 4977 vicisti.

2640 5097 2728 5153 CL
2766 5096 2951 5154 NILO.

2079 5187 2292 5246 Pet-itus
2333 5204 2458 5246 eras
2502 5189 2570 5245 de
2615 5191 2799 5258 parvis
2845 5203 3035 5260 magna
3092 5190 3347 5256 faciendi,
3380 5198 3432 5243 et
3479 5188 3588 5253 lin-

2007 5296 2164 5348 gnam
2203 5283 2480 5348 invictam,
2510 5282 2816 5352 ubicunque
2854 5283 3009 5348 velis,
3039 5282 3377 5338 ostendendi.
3431 5280 3592 5335 Tales

2009 5369 2152 5421 enim
2187 5369 2373 5424 laudes
2398 5371 2465 5424 de
2497 5386 2582 5424 me
2609 5371 2858 5426 eﬂiuxisti
2894 5381 2949 5426 ct
2981 5380 3088 5425 tam
3122 5371 3352 5441 ingenue
3379 5386 3587 5424 annuu-

2010 5460 2156 5514 tiasti
2203 5463 2394 5531 quales
2443 5478 2616 5533 neque
2663 5465 2785 5534 quis
2836 5464 2995 5519 facile
3022 5465 3263 5520 dixisset
3307 5464 3586 5518 veritatem

2010 5562 2248 5608 secutus.
2298 5555 2361 5609 Et
2403 5555 2532 5609 mihi
2579 5557 2778 5612 videris
2833 5559 2922 5612 tali
2971 5557 3150 5626 lingua
3195 5555 3414 5621 ell‘undi,
3447 5552 3589 5607 forte

381 5729 471 5799 (I)
500 5728 825 5782 Vocabulum
857 5745 960 5782 non
987 5730 1196 5800 legitur.
1233 5730 1422 5784 Itidem
1459 5732 1507 5783 in
1538 5741 1796 5803 sequente
1825 5731 2014 5788 lacuna
2042 5742 2287 5802 utraque.

643 5823 913 5884 Pn'uOL.
963 5827 1055 5885 (in
1127 5827 1348 5888 LXXX
1365 5825 1404 5884 ι’
1424 5826 1496 5884 II.

3171 5831 3276 5892 87“
