3976 6210
253 331 392 396 2792
409 338 431 365 °

1620 282 1625 291 ’
1691 308 2101 371 ΕΡΙδΤοιίε.

3323 303 3462 368 2702
3482 303 3505 342 ⁸

254 444 299 503 ὦ
341 445 476 503 Ζεῦ·
509 440 574 495 οὐ
625 437 840 510 χρόνον,
873 433 936 486 ού
979 427 1170 485 πολιὰν
1206 425 1469 497 ἐλεεινὴν,
1515 423 1579 480 ού
1614 426 1676 479 τὸ
1722 424 1821 494 τῆς

1948 437 2031 476 ιοιι
2085 431 2330 486 tempus,
2379 435 2485 473 non
2541 434 2707 474 canos
2763 417 3123 481 miserabiles,
3165 432 3270 472 non
3322 419 3555 475 matris,

262 539 461 612 μητρὸς
507 530 777 591 αἰδεσθεὶς
810 523 1193 596 φιλάνθρωπον
1222 520 1424 589 ὄνομα·
1457 517 1571 572 ἀλλ’
1607 517 1709 588 ἢδη
1739 516 1835 569 καὶ

260 606 447 704 βιαίως
490 622 823 694 ἀνατρέψας,
865 619 947 681 είς
995 616 1100 684 γῆν
1160 611 1426 704 κατέϐαλε
1472 621 1533 649 θ’
1578 609 1672 704 καὶ
1733 606 1835 672 λὰξ

256 699 375 779 κατ’
406 719 576 787 αὐτῆς
605 714 884 786 ὲνήλλατο,
933 708 1142 779 βοώσης
1180 701 1294 757 οἷον
1325 701 1493 786 εἰκὸς,
1541 699 1637 754 καὶ
1672 699 1835 752 παῖδα

261 780 562 882 καλούσης·
612 780 707 863 καί.
751 805 804 858 τί
838 802 947 873 γάρ
995 801 1097 853 οὐκ
1132 797 1199 852 άν
1252 797 1398 849 εῐποι
1445 780 1660 865 μήτηρ,
1718 792 1834 859 μετ’

257 908 450 967 ὠδῖνας
499 902 596 954 καὶ
623 895 831 970 τροφὴν
865 894 962 947 καὶ
1000 892 1098 953 τὰς
1131 887 1301 950 καλὰς
1335 884 1552 945 ὲκείνας
1595 882 1834 943 ἐλπίδας,

256 999 480 1053 τοιαῦτα
538 992 691 1063 ποιρά
764 987 859 1042 τοῦ
935 983 1128 1047 παιδὸς
1178 977 1523 1050 ἀνασχομένη
1567 975 1593 1014 ἀ
1647 975 1834 1040 κακά;

260 1086 576 1140 τελευταῖον
629 1080 685 1133 δὲ
748 1078 843 1131 καὶ
892 1078 992 1147 τῆς
1040 1073 1219 1134 οἰκίας
1277 1067 1485 1137 ταύτην
1530 1065 1835 1135 ἀπήλασεν,

1937 514 2096 568 dulce
2153 527 2348 568 nomen
2411 512 2696 566 reveritus.
2750 509 2858 565 Sed
2900 510 3012 580 jam
3070 526 3188 564 eam
3248 500 3518 565 violenter

1937 602 2279 669 subvertens,
2322 601 2374 654 in
2424 610 2622 655 terram
2674 599 2946 669 projecit,
2995 608 3051 654 et
3102 599 3247 654 calce
3298 601 3349 654 in
3390 616 3513 656 eam

1937 695 2168 759 insiluit,
2208 695 2558 757 clamantem,
2610 703 2672 749 ut
2723 696 2936 759 merito,
2984 703 3040 748 et
3095 693 3262 747 lilium
3317 708 3519 747 vocati-

1940 800 2068 845 tem.
2104 788 2240 855 Quid
2278 788 2424 840 enim‘
2456 802 2560 841 non
2596 786 2797 841 diceret
2833 796 3027 851 mater,
3052 795 3173 853 post
3204 795 3390 855 partus
3415 790 3513 840 do-

1939 878 2102 941 lores,
2136 888 2191 930 et
2225 877 2602 930 educationem
2657 884 2710 929 et
2757 876 3008 944 puli-liras
3051 876 3170 930 illas
3211 891 3354 943 Spes,
3389 862 3515 931 talia

1939 988 1967 1023 a
1999 969 2107 1022 lilio
2136 967 2347 1036 p'atiens
2392 966 2550 1020 mala.
2588 965 2827 1033 Denique
2866 974 2919 1018 et
2951 966 3108 1017 domo
3136 981 3252 1018 eam
3286 968 3512 1032 expuiit,

1939 1071 2212 1129 egentem,
2246 1061 2468 1121 nudam,
2505 1048 2829 1111 necessariis
2882 1067 3198 1123 carentem;
3247 1058 3297 1110 id
3350 1074 3513 1110 imum
3597 1106 3611 1133 ‘

1941 1154 2083 1208 forte
2113 1153 2186 1206 illi
2222 1151 2523 1218 indulgens,
2557 1152 2701 1221 quod
2747 1149 2830 1203 sui
2878 1150 3137 1202 societate
3171 1166 3286 1202 eam
3331 1152 3515 1203 Solvit.

1938 1244 2007 1299 Et
2046 1259 2189 1297 nunc
2233 1242 2321 1295 ille
2369 1241 2583 1310 quidem
2632 1239 2827 1292 talibus
2871 1239 3027 1291 malis
3068 1238 3324 1291 exsultat.
3369 1238 3519 1291 Anus

259 1352 570 1423 ἀπήλλαξεο
603 1351 696 1403 καὶ
724 1348 819 1400 νῦν
873 1340 1027 1406 οὗτος
1065 1343 1162 1411 μὲν
1206 1340 1449 1408 ἐντρυφᾷ
1483 1341 1595 1400 τοῖς
1635 1336 1839 1390 τούτων

1948 1347 2149 1401 autem,
2182 1345 2236 1390 et
2277 1335 2481 1404 primas
2535 1333 2841 1387 nobilitates
2884 1331 3022 1398 apud
3075 1345 3173 1384 nos
3217 1345 3430 1398 gerens,
3463 1331 3515 1383 in

257 1421 472 1507 κυέοῖἔν
508 1442 648 1512 γυνὴ
679 1440 733 1493 δὲ
777 1436 975 1507 γραῦς,
1016 1434 1110 1487 καὶ
1138 1432 1206 1485 τὰ
1240 1430 1428 1501 πρῶτα
1474 1428 1716 1500 φέρουσα
1742 1429 1840 1496 τῆς

1948 1426 2191 1481 manibus
2230 1441 2341 1479 sua:
2388 1425 2512 1478 vita:
2560 1440 2707 1492 spem
2757 1424 2935 1476 habet.
2981 1421 3053 1475 Illi
3095 1432 3272 1476 autem
3315 1422 3518 1489 optimo

260 1540 391 1609 παρ’
424 1537 560 1607 ἡμῖν
592 1530 896 1600 εὐγενείας.
930 1530 987 1580 ὲν
1014 1528 1133 1586 ταῖς
1160 1521 1318 1595 χερσὶ
1348 1522 1443 1582 τὰς
1479 1520 1703 1580 ἐλπίδας
1730 1516 1840 1609 ἔχει

1948 1528 1995 1574 et
2027 1518 2185 1588 hujus
2218 1517 2441 1572 miseria
2487 1516 2629 1569 aliud
2668 1515 3019 1569 infortunium
3053 1523 3177 1578 est;
3222 1523 3275 1566 et
3303 1513 3414 1580 jam
3453 1514 3520 1566 ad

257 1601 358 1683 τοῦ
383 1601 531 1698 βίου’
557 1625 635 1695 τῷ
661 1624 717 1677 δὲ
741 1620 966 1693 χρηστῷ
992 1617 1150 1687 τῷδε,
1179 1615 1273 1669 καὶ
1307 1614 1368 1667 τὸ
1407 1610 1609 1679 ταύτης
1647 1608 1840 1671 πάθος,

1948 1609 2222 1677 proprium
2253 1608 2453 1661 vietum
2491 1606 2758 1674 indigens,
2792 1619 2909 1656 eam
2948 1613 3125 1656 tamen
3169 1602 3383 1670 exi-epit
3419 1601 3522 1669 ipsi

258 1694 394 1791 άλλη
425 1694 636 1788 γίνεται
665 1714 922 1784 συμφορά
947 1727 961 1741 ’
990 1713 1083 1764 καὶ
1111 1709 1253 1779 πρὸς
1282 1706 1380 1777 τὴν
1404 1705 1610 1759 οίκείαν
1634 1700 1839 1772 τροφὴν

1948 1702 2223 1754 miseriam
2279 1701 2660 1769 edangentem.
2716 1697 2823 1752 Sed
2884 1694 3250 1750 necessarium
3314 1704 3525 1746 natura)

258 1765 1006 1883 ἀποροῦμενοςξῦιπεδέξατο
1041 1765 1268 1870 ταύτην,
1312 1765 1687 1851 ἐπιτείνουσαν

1949 1794 2187 1845 debitum
2243 1792 2424 1846 solvit.
2481 1788 2548 1845 Et
2603 1805 2745 1844 nunc
2806 1804 2910 1843 una
2971 1789 3210 1841 habitant
3266 1785 3520 1840 solatium

260 1876 411 1974 αύτῷ
441 1876 542 1973 την
597 1900 803 1953 ἔνδειαν
823 1914 838 1930 ο
869 1898 1021 1966 ὅμως
1056 1893 1350 1960 ἀναγκαῖον
1405 1887 1563 1959 χρέος
1593 1883 1792 1939 ἐκτίνει
1818 1895 1840 1924 ε

1950 1886 2167 1938 unicum
2222 1884 2481 1939 habentes
2537 1885 2677 1950 quod
2733 1896 2837 1934 non
2889 1880 3045 1957 plura,
3092 1877 3325 1946 perpessi
3386 1876 3521 1929 sint.

269 1996 337 2061 τῇ
369 1967 560 2058 eoas}
615 1987 706 2041 xui.
743 1984 837 2037 νῦν
887 1983 1124 2037 σύνεισιν
1168 1978 1418 2043 ἀλλήλοις
1470 1975 1599 2046 μίαν
1629 1974 1840 2043 ἔχοντες

1951 1974 2118 2029 Mater
2157 1986 2361 2036 autem,
2402 1982 2583 2037 utpote
2631 1972 2826 2025 mulier
2873 1978 2928 2023 et.
2983 1967 3106 2021 talia
3155 1981 3311 2036 passa
3354 1976 3519 2017 totam

260 2059 623 2152 παραμυθίαν
646 2118 662 2142 ,
688 2078 768 2131 ὅτι
804 2076 875 2145 μὴ
902 2072 1073 2128 πλείω
1106 2069 1476 2124 πεπόνθασιν*
1498 2070 1532 2138 ἡ
1565 2067 1622 2119 δὲ
1656 2068 1840 2136 μήτηρ

1953 2068 2118 2118 vitam
2158 2067 2319 2119 habet
2358 2080 2576 2117 suorum
2616 2064 2875 2115 malorum
2912 2059 3223 2114 meminisse
3254 2068 3302 2111 et
3334 2072 3522 2110 eorum

256 1181 487 1247 άπορονί
534 1171 769 1241 γυμνὴν,
816 1169 926 1220 τῶν
958 1162 1270 1231 ἀναγκαίων
1318 1157 1728 1227 ἐστερημένηνο
1780 1154 1838 1207 ἓν

259 1266 387 1326 ἴσως
426 1261 588 1315 τοῦτο
635 1257 1026 1330 χαρισάμενος,
1066 1254 1151 1306 ὃτι
1201 1248 1296 1304 τοῦ
1355 1250 1592 1301 συνεῖναι
1635 1244 1839 1319 ταύτην

255 2170 346 2227 οἷα
374 2172 552 2240 δήπου
596 2167 755 2237 γυνὴ,
782 2167 877 2219 καὶ
902 2161 1127 2216 τοιαῦτα
1166 2159 1433 2221 παθοῦσα,
1459 2156 1555 2210 ἕνα
1587 2155 1700 2226 βίον
1727 2155 1839 2223 ἔχει

255 2264 316 2315 τὺ
355 2259 673 2332 μεμνῆσθαι
695 2256 804 2309 τῶν
852 2253 1056 2316 ἑαυτῆς
1088 2251 1295 2311 κακῶν,
1333 2249 1428 2301 καὶ
1460 2244 1717 2315 δακρύειν
1746 2243 1841 2295 ἐπὶ

158 2392 183 2407 ρ
257 2357 323 2424 τῇ
357 2328 581 2422 μνημῃ·
615 2347 711 2401 καὶ
754 2348 852 2417 τὴν
878 2345 1046 2415 θηλὴν
1074 2338 1451 2395 ὑποδεικνύειν
1483 2339 1549 2406 τῇ
1597 2335 1721 2406 δίκῃ
1750 2328 1840 2387 οἷα

258 2423 498 2497 πέπονθε
531 2439 888 2512 διηγουμένη.
927 2434 1114 2489 Ταῦτα
1143 2433 1324 2484 τοίνυν
1362 2431 1442 2491 είς
1487 2426 1610 2480 νοῦν
1638 2423 1841 2491 λαϐὼν,

258 2537 354 2607 καί
384 2534 554 2604 μηδὲν
582 2532 728 2603 ἡμᾶς
759 2525 1114 2609 προστιθέναι,
1132 2525 1250 2586 ταῖς
1282 2518 1561 2589 ἀληθείαις
1590 2517 1838 2587 νομίσας,

260 2604 401 2680 ἀ).λά
454 2624 523 2676 τὰ
583 2621 855 2690 κεφάλαια
908 2616 927 2656 ί
975 2604 1134 2686 μόνον
1187 2612 1463 2666 δεικνύναι
1505 2608 1607 2679 τῆς
1671 2604 1841 2661 αὐτοῦ

260 2714 556 2785 πονηρίας,
595 2713 684 2766 διὰ
721 2713 812 2765 τὸν
847 2711 944 2779 τῆς
975 2705 1265 2774 ἐπιστολῆς
1301 2704 1522 2774 καιρὸν,
1567 2700 1840 2771 μέτρησόν

1950 2158 2208 2211 memoria
2257 2156 2582 2225 lacryuiare,
2623 2164 2677 2208 et
2724 2153 3016 2207 mamillam
3055 2151 3337 2203 ostendere
3374 2148 3520 2214 judi-

1946 2248 2098 2301 cibus
2131 2247 2312 2315 qualia
2356 2261 2509 2314 passa
2552 2246 2623 2298 sit
2664 2257 2949 2298 enarrans.
2995 2238 3119 2295 lianc
3156 2255 3314 2305 porro
3345 2249 3523 2292 mente

1946 2339 2165 2407 capiens
2197 2350 2251 2393 et
2283 2354 2599 2407 persuasum
2646 2337 2852 2390 habens
2891 2349 3018 2388 vero
3067 2333 3199 2387 nihil
3246 2347 3343 2384 nos
3383 2330 3522 2399 adji-

1949 2444 2098 2490 cere,
2131 2429 2225 2482 sed
2277 2430 2447 2482 solum
2505 2429 2661 2494 hujus
2700 2425 2920 2479 malitia:
2970 2424 3325 2477 summarium
3358 2420 3522 2473 exhi-

1951 2521 2104 2585 bere,
2142 2530 2289 2574 tuum
2332 2524 2568 2575 studium
2617 2518 2760 2572 illius
2809 2514 3012 2571 malitia
3049 2514 3256 2567 metire.
3293 2511 3360 2565 Et
3401 2518 3524 2563 esto

1952 2615 2072 2668 talis
2103 2614 2315 2682 qualem
2354 2623 2402 2667 te
2432 2627 2552 2667 esse
2584 2611 2724 2665 Deus
2754 2609 2943 2678 exigit,
2976 2615 3033 2662 et
3065 2604 3320 2659 amicitiae
3352 2601 3437 2656 lex
3465 2610 3523 2655 et

1945 2703 2145 2773 injuria
2177 2703 2490 2759 aﬂ'ectorutn
2521 2717 2671 2772 spes.

262 2823 359 2858 σου
385 2806 486 2876 τὴν
515 2800 746 2872 σπουδὴν
769 2799 905 2870 πρὸς
922 2798 1019 2868 τὴν
1045 2796 1254 2849 ἐκείνου
1283 2794 1510 2847 κακίανο
1544 2791 1639 2853 καὶ
1665 2787 1827 2858 γενοῦ
1864 2790 2122 2860 τοιοῦτος,
2169 2786 2280 2847 οἷον
2346 2794 2423 2848 ισὲ
2464 2793 2623 2857 ,Θεὸς
2670 2792 2914 2856 ἀπαιτεῖ,
2961 2789 3055 2842 καὶ
3117 2787 3301 2858 φιλίας
3352 2785 3518 2855 νόμος

262 2901 358 2954 καὶ
384 2901 420 2971 ή
451 2897 557 2951 τῶν
587 2893 954 2964 ἀδικουμένων
987 2888 1162 2952 ἐλπίς.

402 3046 405 3051 ,
812 2981 932 3039 PA'.
972 2978 1294 3050 ΔΩΡΟΘΕῼ.

335 3079 510 3133 Πάλιν
535 3076 815 3138 εὐσεϐείας
846 3072 1058 3143 καιρὸς,
1083 3070 1181 3125 καὶ
1212 3068 1373 3122 πάλιν
1403 3063 1541 3135 πρὸς
1571 3065 1672 3134 τὴν
1700 3062 1839 3132 ὑμε-

260 3170 432 3242 τέραν
490 3169 681 3238 σοφίαν
734 3170 762 3220 ὁ
812 3166 1032 3235 δρόμος.
1072 3162 1264 3232 “⁹Ανήρ
1317 3176 1403 3223 τις
1456 3156 1565 3210 τῶν
1615 3153 1844 3218 ἑαυτοὺς

270 3259 584 3313 ἀναθέντων
633 3255 752 3326 Θεῷ
783 3253 880 3307 καὶ
933 3255 997 3306 ὲκ
1046 3250 1363 3320 φιλοσοφίας
1398 3245 1838 3317 γνωριζομένων,

262 3349 325 3413 ἐξ
363 3348 553 3401 ἀδίκου
597 3342 1076 3413 συκοφαντίας,ὡς
1105 3341 1302 3403 ἔοικεν,
1347 3337 1427 3408 τῷ
1467 3336 1559 3390 τοῦ
1586 3333 1844 3389 δικαστοῦ

262 3438 429 3511 θυμῷ
484 3436 925 3506 περιπέπτωκεν,
960 3432 1035 3493 ὡς
1079 3430 1261 3496 δεξιάν
1311 3429 1554 3497 ἀντάρας
1590 3428 1845 3495 πολέμιον

264 3531 414 3586 κατά
441 3530 551 3583 τῶν
582 3519 1099 3596 ὲξυπηρετουμένων
1134 3522 1241 3582 τοῖς
1264 3520 1451 3587 νόμοις
1473 3533 1489 3549 ⁶
1517 3519 1566 3569 oi
1596 3518 1652 3570 δὲ
1676 3515 1847 3568 ταῦτα

144 3650 157 3663 ~
268 3620 640 3691 μηνύσαντες,
685 3615 755 3668 τά
792 3611 945 3685 παρά
984 3610 1093 3664 τῶν
1139 3609 1311 3663 ἄλλων
1348 3608 1423 3670 ὥς
1454 3622 1618 3675 φασιν
1653 3604 1844 3674 astat;-

267 3728 440 3780 ματα,
489 3708 634 3763 κατὰ
667 3704 858 3758 τούτου
907 3700 1281 3772 μετέστησαν·
1320 3699 1415 3752 καὶ
1458 3698 1672 3769 πλήρης
1714 3697 1742 3748 ὁ
1771 3696 1849 3749 δι-

265 3803 458 3867 κάζων
489 3798 662 3871 θυμοῦ
686 3814 699 3828 °
729 3797 825 3851 καὶ
854 3793 986 3866 πρὸς
1013 3792 1206 3846 ἑαυτὸν
1251 3791 1430 3851 καλεῖ,
1465 3790 1556 3843 καὶ
1600 3789 1737 3859 πρὸς
1770 3804 1850 3841 τι·

1871 2975 1919 3037 C

2334 3012 2341 3019 .
2444 2966 2572 3023 CIV.
2617 2964 3009 3024 DOliO'l'HEO.

2014 3062 2251 3119 Rursum
2287 3061 2505 3133 pietatis
2549 3062 2762 3114 occasio
2791 3067 2843 3112 et
2905 3072 3119 3110 rursum
3169 3052 3231 3107 ad
3278 3065 3517 3108 vestram

1945 3155 2264 3223 sapientiam
2317 3165 2589 3206 recursus.
2648 3148 2743 3203 Vir
2778 3149 2997 3218 quidam
3031 3164 3218 3203 eorum
3269 3147 3357 3215 qui
3409 3146 3522 3200 Deo

1945 3240 2111 3302 vitam
2136 3256 2550 3306 consecravere,
2584 3250 2639 3295 et
2661 3257 2726 3295 ex
2769 3240 3107 3308 philosophia
3154 3237 3521 3299 celebrantur,
3578 3292 3583 3301 _

1949 3340 2151 3409 injusta
2180 3336 2473 3392 calumnia.
2500 3345 2556 3387 ut
2579 3333 2812 3398 videtur,
2849 3334 2901 3386 in
2936 3331 3278 3400 iramjudicis
3309 3329 3523 3394 incidit,

1949 3442 2136 3497 utpote
2165 3429 2255 3497 qui
2313 3427 2589 3480 inimicam
2641 3440 2857 3478 manum
2899 3436 3088 3477 contra
3142 3423 3349 3492 legibus
3396 3421 3526 3475 obe-

1949 3520 2158 3571 dientes
2182 3514 2478 3569 sustulerit.
2503 3513 2605 3579 Qui
2637 3524 2816 3565 autem
2838 3527 2898 3566 ea
2932 3513 3259 3575 indicavere,
3297 3511 3525 3578 injurias

1950 3609 2018 3663 ab
2047 3607 2187 3670 aliis,
2225 3615 2282 3657 ut
2328 3604 2499 3669 aiunt,
2546 3603 2737 3668 factas,
2768 3603 2820 3655 in
2854 3618 2974 3656 eum
3007 3611 3412 3656 converterunt.
3458 3598 3528 3653 Et

1944 3699 2109 3769 judex
2162 3696 2350 3767 plenus
2399 3695 2478 3748 ira
2526 3702 2645 3753 est.
2679 3703 2734 3747 et
2772 3707 2893 3747 eum
2943 3694 3009 3746 ad
3051 3710 3110 3747 se
3148 3704 3322 3755 vocat,
3369 3701 3421 3746 et
3461 3692 3528 3745 ad

1953 3788 2247 3844 vindictam
2278 3786 2558 3841 incitatur.
2587 3786 2759 3840 Adest
2786 3795 3015 3853 tempus,
3037 3786 3079 3837 si
3109 3801 3342 3854 unquam
3370 3785 3527 3848 alias,

267 3894 488 3964 μωρίαν
519 3892 843 3958 ἐπείγεταιο
878 3886 974 3940 καὶ
1015 3884 1252 3954 πάρεστι
1285 3879 1473 3950 καιρὸς
1522 3879 1682 3948 εἰπερ
1722 3876 1840 3929 ποτέ

1951 3878 2383 3934 benevolentiam
2419 3877 2722 3945 requirens.
2763 3876 2976 3945 Appare
3003 3876 3187 3946 igitur,
3222 3885 3287 3931 et.
3313 3884 3526 3929 tuorum

264 3963 484 4038 xuiivﬁv
511 3976 922 4052 φιλανθρωπίαν
944 3974 1145 4059 ζητῶν.
1176 3971 1377 4042 Φάνηθι
1405 3971 1469 4040 δὴ
1497 3968 1587 4022 καὶ
1622 3965 1840 4059 φθέγξαι

1952 3969 2155 4037 aliquid
2212 3967 2451 4037 loquere,
2502 3977 2556 4022 et
2610 3967 2690 4021 ira
2735 3968 2970 4037 judicem
3028 3965 3225 4019 solves.
3271 3963 3329 4020 Si
3395 3964 3528 4032 quid

262 4091 318 4128 τι
366 4072 480 4129 τῶν
517 4073 647 4136 σῶν,
677 4071 773 4125 καὶ
819 4069 920 4139 τῆς
946 4058 1124 4138 ὀργῆς
1168 4062 1509 4133 παραλύσεις
1560 4059 1652 4112 τὸν
1701 4058 1840 4111 δικα-

1954 4061 2098 4117 enim
2165 4063 2416 4120 horrendi
2466 4064 2669 4118 factum
2722 4063 2828 4127 sit,
2894 4060 3037 4139 (ιυρά
3091 4075 3195 4112 non
3245 4068 3363 4123 est,
3400 4072 3527 4111 sen-

265 4168 427 4237 στήν.
462 4128 542 4220 ΫΕί
582 4128 690 4235 γάρ
731 4182 784 4216 τι
823 4128 916 4215 καί
964 4128 1281 4228 πέπρακται
1328 4153 1523 4215 δεινὸν,
1564 4153 1700 4223 ὅπερ
1732 4149 1840 4204 οὐδὲ

1957 4156 2176 4210 tentiam
2234 4157 2286 4210 in
2320 4157 2528 4211 veniam
2562 4162 2849 4215 converte;
2894 4152 2938 4206 si
2968 4128 3110 4205 nihil
3180 4149 3323 4203 aliud
3362 4163 3527 4219 quam

264 4259 518 4325 γέγονεν,
548 4259 624 4319 εἰς
661 4252 991 4322 συγγνώμην
1019 4248 1221 4320 τρέψον
1265 4245 1325 4298 τὸ
1360 4242 1770 4314 ψηφιζόμενονο
1801 4243 1840 4293 ei

1956 4248 2097 4316 quod
2126 4248 2284 4313 dixit,
2323 4263 2444 4301 eum
2473 4248 2696 4302 ostende
2728 4248 3082 4301 lionurantem
3125 4258 3245 4313 qua:
3288 4242 3386 4309 ipsi
3422 4242 3529 4295 cir-

268 4350 445 4419 μηδὲν
474 4350 622 4429 ἄλλο,
643 4349 705 4402 τὸ
731 4345 1114 4417 περικείμενον
1141 4337 1289 4409 αὐτῷ
1315 4337 1498 4407 σχῆμα
1520 4336 1848 4405 τιμήσαντα.

264 4441 480 4513 Φάνηθι
514 4425 522 4429 ”
536 4439 674 4512 μετὰ
705 4438 940 4501 πολλῶν,
990 4435 1038 4487 oi
1084 4432 1219 4503 πρὸς
1248 4430 1347 4500 τὴν
1383 4429 1605 4498 αἴτησιν
1648 4425 1852 4495 τυγχά-

264 4546 458 4585 νουσιν
504 4531 833 4600 εὑπρεπείςο
891 4526 1091 4597 μᾶλλον
1144 4522 1200 4575 δὲ
1228 4520 1323 4573 καὶ
1350 4518 1457 4588 πρὸ
1486 4518 1596 4571 τῶν
1652 4517 1848 4579 ἄλλων,

1958 4334 2248 4403 cumjacet,
2286 4337 2629 4407 dignitatem.
2665 4335 2880 4405 Appare
2913 4350 3016 4387 una
3047 4348 3167 4387 cum
3217 4332 3399 4385 multis
3433 4329 3525 4399 qui

1956 4430 2023 4482 ad
2055 4427 2469 4497 postulationem
2507 4427 2617 4482 sint
2647 4426 2863 4494 idonei;
2897 4427 2978 4480 vel
3008 4424 3187 4494 potiits
3230 4434 3357 4477 ante
3392 4424 3530 4477 alios

1955 4519 2046 4590 qui
2082 4519 2357 4590 proprium
2387 4519 2589 4587 aliquid
2619 4520 2967 4573 contribuere
3007 4518 3236 4572 valeant.
3276 4515 3345 4569 At
3374 4529 3529 4569 certe

263 4617 462 4673 ὀπόσοι
514 4618 710 4670 οίκεῖόν
755 4631 809 4668 τι
852 4614 1063 4678 δόξουσι
1126 4608 1538 4678 συνεισφέρειν·
1589 4604 1704 4659 ἀλλ’
1757 4601 1840 4658 οὖν

1956 4607 2070 4679 ipse
2099 4610 2339 4663 omnium
2370 4609 2556 4663 laudes
2583 4610 2854 4677 accipies;
2883 4618 2940 4661 ut
2981 4618 3033 4662 ct
3066 4607 3273 4676 primus
3299 4616 3351 4658 et
3373 4604 3531 4656 valde

263 4707 437 4774 αὐτὸς
473 4709 691 4764 πάντων
722 4703 951 4775 ἀναδέξῃ
986 4703 1076 4756 τὸν
1107 4700 1355 4754 ἔπαινον·
1387 4698 1463 4760 ὼς
1491 4695 1589 4750 καὶ
1609 4695 1840 4766 πρῶτος,

1954 4701 2237 4769 postulans
2296 4711 2351 4757 et
2404 4703 2645 4771 pulchra:
2719 4699 3110 4755 benevolentia:
3179 4699 3301 4753 aliis
3353 4696 3530 4750 iactus

263 4801 364 4853 κα)⁸
399 4801 525 4856 λίαν
553 4800 783 4867 αἰτήσας
829 4796 925 4849 καὶ
955 4795 1056 4863 τῆς
1092 4792 1265 4862 καλῆς
1307 4788 1723 4862 φιλανθρωπίας
1749 4805 1843 4857 γε·
1947 4794 2244 4863 exemplar.

262 4891 449 4959 γονὼς
476 4895 589 4958 τοῖς
619 4891 798 4953 ἀλλοις
832 4886 1206 4960 παράδειγμα.

631 5122 941 5183 EJUSDEM
972 5120 1289 5178 PROCOPII
1342 5117 1575 5174 GAZEI
1603 5117 2115 5175 FRAGMENTUM.
2155 5121 2230 5174 Ex
2264 5118 2457 5175 codice
2485 5117 2750 5173 Vaticano
2788 5115 2949 5185 1096,
2998 5132 3053 5188 ρ.
3084 5116 3173 5172 6L

284 5251 386 5340 Ἐκ
441 5262 697 5340 τῷν-,είς
750 5260 837 5340 rc:
870 5258 1142 5340 Πρόκᾳου
1162 5252 1504 5340 "015910;:th
1524 5251 1840 5340 ’κεφάλαια

1950 5257 2035 5312 Ero
2090 5256 2340 5324 Procopii
2374 5252 2534 5339 chi
2575 5256 2629 5309 in
2672 5252 2851 5334 Procli
2889 5253 3391 5340 theoiogicpncapita
3439 5265 3519 5304 ic-

337 5320 754 5399 ἀντιρῤήσεων
788 5320 1121 5397 Προκοπίου
1150 5323 1344 5391 Γάζης
1367 5320 1718 5390 ἀντίρῤησις
1748 5339 1840 5376 κε-

340 5402 609 5463 φαλαίου
647 5406 808 5468 ρμς’.

2233 5320 2458 5396 sponsis,
2493 5341 2796 5393 responsum
2825 5324 2882 5377 in
2906 5320 3075 5391 capite
3102 5320 3224 5377 “6.

341 5487 482 5545 Θεία
521 5491 743 5561 πρόοδος
771 5490 1007 5559 ἄναρχος
1043 5487 1138 5540 καὶ
1172 5482 1549 5555 ἀτελεύτητος,
1591 5486 1728 5553 μόνη
1774 5483 1840 5536 ἂν

2021 5483 2210 5536 Divina
2247 5480 2523 5551 processio
2572 5481 2689 5535 sine
2722 5480 2988 5549 principio
3015 5488 3071 5535 et
3109 5479 3227 5536 sine
3271 5479 3377 5535 fine
3411 5477 3526 5533 sola

1571 5602 1804 5659 VARI/IS
1836 5603 2236 5659 LECTIONES.

338 5707 365 5737 ε
411 5702 532 5758 Vat.
578 5702 896 5758 κατέϐαλλε.
1007 5700 1034 5741 ιι
1067 5700 1183 5755 Vat.
1206 5695 1526 5767 ἀνεχομένη.
1645 5708 1667 5735 ε
1713 5695 1831 5751 Vat.
1866 5698 2116 5750 ἐκτείνει.
2202 5694 2219 5733 τ
2258 5695 2377 5749 Vat.
2412 5694 2471 5749 τὸ
2493 5695 2806 5766 κεφάλαιον.
