3976 6210
356 304 540 368 27.2“

1453 301 1802 364 PROCOPII
1843 297 2088 360 ΟΛΖίΕΙ
2128 297 2532 362 EPISTOUE.

3420 301 3604 364 2792‘

352 425 623 472 diceretur
648 429 714 469 ex
747 429 853 467 uno
892 411 1052 466 Patre
1081 412 1358 480 generatio
1404 413 1564 468 unius
1592 412 1735 478 Filii,
1767 420 1823 466 et
1863 425 1928 465 ex

2032 408 2245 477 λέγοιτο
2284 412 2316 482 ἡ
2347 412 2455 465 ἀπὸ
2489 411 2583 466 τοῦ
2617 411 2736 475 ἐνὸς
2770 412 2930 482 μόνου
2972 411 3183 484 ἰητρὸς
3227 412 3478 482 γέννησις
3511 413 3605 466 τοῦ

354 509 542 563 eodem
604 507 886 574 productio
943 506 1109 559 unius
1137 505 1309 558 sancti
1355 505 1589 574 Spiritus
1635 507 1932 560 secundum

352 618 515 670 quam
542 611 764 670 paterna
807 607 863 653 et
892 599 1065 667 prima
1102 599 1184 653 vel
1215 600 1394 667 potius
1425 599 1691 668 principio
1741 614 1934 653 carens

357 692 533 744 unitas
567 691 619 742 in
666 688 984 743 dualitatcm
1032 701 1209 743 eiuota
1260 675 1503 743 in'Filio
1547 698 1841 756 spectatam
1879 699 1934 743 et

360 777 567 846 Spiritu
599 787 812 838 sancto,
847 791 1016 844 usque
1059 775 1123 828 ad
1161 775 1481 831 Trinitatem
1527 780 1699 842 stetit,
1746 793 1933 845 quem-

361 868 655 922 admodum
687 869 764 920 ait
788 865 1092 936 Tlieologus
1119 879 1300 921 uoster
1321 868 1634 938 Gregorius.
1668 868 1760 922 illa
1787 870 1930 923 enim

356 960 469 1014 sola
523 970 716 1013 natura
772 959 952 1013 divina
1017 960 1328 1026 processio,
1381 961 1425 1015 si
1495 970 1674 1015 tamen
1719 970 1932 1030 oportet

359 1061 547 1104 natura
582 1051 786 1114 dicere,
819 1051 1034 1118 quando
1080 1051 1145 1103 de
1187 1053 1690 1119 superuaturalibus
1719 1063 1772 1108 et
1798 1054 1932 1108 divi-

359 1142 440 1194 nis
463 1141 661 1211 agitur.
688 1142 752 1195 Et
783 1142 938 1211 hujus
962 1143 1177 1210 quidem
1207 1145 1532 1213 principium
1558 1143 1763 1213 absque
1785 1147 1932 1213 prin-

353 1235 495 1304 στῑρὶο
541 1235 700 1289 Pater
733 1251 746 1288 :
776 1251 840 1288 ex
865 1236 959 1290 illo
992 1236 1134 1290 enim
1165 1253 1180 1300 ;
1214 1234 1451 1289 medium
1496 1245 1677 1290 autem
1715 1245 1770 1291 et
1816 1237 1930 1306 ipse

354 1326 676 1394 principium
709 1325 878 1379 Filius
910 1343 922 1378 :
961 1340 1061 1394 per
1089 1325 1266 1393 ipsum
1292 1325 1472 1392 enim;
1522 1327 1781 1381 terminus
1835 1342 1932 1381 au-

354 1428 458 1470 tem
492 1416 920 1485 perfectissimus
965 1425 1020 1470 et
1070 1427 1313 1472 aeternus
1363 1415 1604 1487 Spiritus
1651 1427 1925 1474 sanctus:

353 1516 404 1566 in
443 1513 616 1581 ipsum
662 1512 828 1566 enim.
889 1511 1209 1566 Secernitur
1244 1520 1422 1566 autem
1460 1521 1516 1566 et
1547 1511 1614 1565 ab
1642 1511 1766 1565 aliis
1797 1526 1926 1580 pro-
1975 1584 1980 1589 γ

351 1607 691 1660 ecssiouibus
719 1605 836 1669 illa;
865 1621 972 1658 non
1007 1606 1154 1659 enim
1203 1613 1424 1674 separat
1467 1604 1691 1658 omnino
1715 1620 1744 1657 a
1775 1605 1924 1672 priu-

353 1701 496 1768 cipio
524 1716 584 1752 ea
611 1714 730 1774 quae
760 1714 788 1751 a
822 1699 1087 1766 principio
1117 1699 1399 1764 oriuntur;
1433 1696 1526 1751 sed
1559 1697 1782 1751 omnino
1819 1713 1924 1752 non

361 1791 506 1845 foras
533 1790 853 1858 prodeuntia
881 1799 1079 1853 servat,
1109 1805 1201 1858 per
1220 1789 1538 1844 substantia:
1559 1788 1924 1853 identitatem;

357 1899 666 1953 quanquam
701 1892 757 1935 ut
797 1883 1028 1951 propriae
1060 1897 1304 1950 persona:
1332 1883 1599 1950 prodeunt
1629 1901 1643 1936 :
1679 1883 1796 1936 ideo
1821 1899 1927 1936 non

353 1985 511 2042 egerit
563 1975 858 2026 secundum
899 1973 1158 2040 impetum
1195 1973 1574 2027 conversione.
1627 1971 1735 2027 Sed
1788 1973 1968 2050 ultra'

354 2067 494 2120 lianc
526 2080 716 2118 omnes
753 2064 872 2117 alize
911 2064 1288 2132 processioues
1318 2065 1547 2119 invicem
1579 2076 1924 2132 separantur.

352 2158 418 2211 Et
442 2174 623 2211 eorum
647 2158 864 2225 quidem
897 2155 1100 2224 absque
1133 2156 1396 2225 principio
1427 2156 1602 2222 nullo;
1637 2157 1762 2225 quia
1793 2157 1928 2211 nihil

355 2253 474 2302 sine
504 2247 769 2315 principio
793 2256 896 2310 est,
927 2247 1020 2300 sed
1048 2246 1231 2299 omnia
1264 2245 1408 2300 facta
1433 2256 1559 2300 sunt
1589 2263 1616 2300 a
1647 2245 1808 2301 Patre
1833 2263 1930 2313 per

351 2339 571 2404 Filium,
597 2339 832 2406 perfecta
858 2356 887 2394 a
913 2339 1139 2409 Spiritu.
1162 2339 1378 2408 Absque
1411 2342 1518 2395 fine
1575 2355 1678 2394 non
1711 2341 1924 2405 omnis;

353 2435 446 2485 sed
476 2446 650 2501 neque
671 2434 835 2486 etiam
861 2431 1101 2485 omnino.
1129 2431 1327 2486 Eorum
1354 2447 1484 2486 vero
1517 2447 1635 2502 qum
1669 2440 1929 2502 perpetuo

355 2533 475 2588 post
502 2537 658 2576 sumn
695 2521 821 2574 inde
855 2519 1268 2592 productionem
1300 2529 1642 2590 permanent,
1679 2537 1784 2575 una
1811 2523 1931 2591 qui-

355 2615 476 2666 dettl
518 2616 811 2666 secundum
868 2613 1252 2680 substantiam,
1287 2621 1342 2668 et
1377 2613 1487 2682 jam
1525 2615 1762 2682 perfecta
1810 2625 1928 2680 est;

356 2723 529 2776 neque
555 2708 696 2762 enim
719 2708 824 2762 ulla
850 2708 954 2762 alia
979 2709 1117 2763 ultra
1142 2724 1206 2764 ea
1238 2723 1357 2777 quae
1391 2709 1459 2764 ab
1488 2710 1646 2764 initio
1673 2710 1931 2778 producta

355 2807 501 2865 sunt,
553 2800 772 2868 insuper
826 2800 1230 2870 producuntur;
1267 2816 1441 2871 neque
1489 2802 1652 2856 etiam
1701 2816 1764 2855 ea
1809 2816 1929 2871 qua:

357 2891 621 2959 producta
654 2900 780 2945 sunt
811 2894 1126 2948 secundum
1171 2892 1528 2946 Substautiam
1574 2893 1928 2947 mutationem

355 2983 729 3049 exspeclaltlia
763 2997 900 3036 nova
932 2982 1286 3050 productione
1321 2983 1582 3054 indigent.
1620 2983 1712 3037 [Ila
1747 2993 1929 3039 autem

2037 501 2153 562 ἐνὸς
2181 503 2276 554 καὶ
2303 503 2465 572 μόνου
2506 501 2654 567 Υἱοῦ,
2690 503 2787 556 καὶ
2819 502 2927 556 ἀπὸ
2959 501 3054 554 τοῦ
3093 501 3257 555 αὑτοῦ
3307 501 3608 571 πρόϐλησις

2033 595 2129 648 τοῦ
2161 597 2279 660 ἐνὸς
2305 597 2400 650 καὶ
2430 597 2593 667 μόνου
2633 596 2790 664 ἁγίου
2834 594 3150 666 Πνεύματος
3183 591 3304 647 καθ’
3339 593 3406 662 ἣν
3439 595 3472 663 ἡ
3501 610 3608 647 πα-

2034 688 2197 758 τρική
2243 705 2299 740 τε
2342 686 2436 741 καὶ
2466 685 2668 757 ἀρχικὴ
2705 685 2905 756 μᾶλλον
2947 686 3005 738 δὲ
3052 685 3394 756 προόιναρχος
3435 685 3605 754 μονὰς

2035 782 2115 844 εἰς
2149 780 2313 834 δυάδα
2363 779 2649 850 κινηθεῖσα
2693 779 2793 850 τὴν
2839 779 2896 830 ἐν
2932 777 3044 848 Υῑῷ
3090 776 3472 846 θεωρουμένην
3507 777 3605 828 καὶ

2032 873 2337 942 Πνεύματι,
2389 872 2549 942 μέχρι
2593 871 2822 940 Τριάδος
2873 870 3038 940 ἔστη,
3078 869 3331 939 καθάπερ
3369 870 3531 939 φησιν
3573 871 3604 922 6

2034 964 2301 1035 ἡμέτερος
2343 961 2604 1030 Θεολόγος
2652 962 2974 1033 Γρηγόριος.
3005 960 3152 1031 Αὕτη
3205 960 3263 1013 δὲ
3317 962 3411 1014 καὶ
3467 961 3602 1031 μόνη

2033 1057 2153 1110 θεία
2189 1056 2348 1126 φύσει
2383 1055 2630 1125 πρόοδος,
2657 1055 2816 1126 εἴπερ
2845 1054 2926 1107 δεῖ
2952 1055 3132 1122 φύσει
3161 1053 3340 1121 λέγειν
3371 1054 3462 1106 ἐπὶ
3493 1055 3602 1106 τῶν

1995 1205 2002 1211 _
2033 1147 2334 1217 ὑπερφυῶν
2363 1145 2460 1199 καὶ
2488 1145 2648 1198 οείων
2671 1166 2685 1176 ·
2713 1147 2808 1199 καὶ
2839 1146 3043 1220 ταύτης
3068 1145 3208 1217 ἁρχὴ
3243 1146 3340 1216 μὲν
3372 1146 3603 1216 ἄναρχος

2031 1243 2059 1294 6
2113 1244 2323 1309 Πατὴρ,
2376 1238 2437 1306 ἐξ
2489 1238 2655 1292 αὑτοῦ
2699 1237 2841 1308 γάρ·
2898 1237 3131 1307 μεσότης
3177 1237 3234 1290 δὲ
3285 1236 3604 1306 σύναρχοςὸ

2033 1333 2180 1397 Υἱὸς,
2233 1332 2302 1386 δι’
2331 1330 2500 1384 αὐτοῦ
2535 1332 2643 1400 γάρ
2665 1347 2678 1360 ·
2708 1329 2860 1392 τέλος
2901 1328 2956 1381 δὲ
3004 1327 3463 1398 ὑπερτελέστατον
3508 1329 3605 1382 καὶ

2030 1422 2388 1494 ἀτελεύτητον
2445 1423 2506 1476 τὸ
2555 1420 2783 1490 Πνεῦμα
2831 1421 2892 1473 τὸ
2939 1420 3114 1488 ἅγιον,
3150 1421 3230 1483 είς
3279 1420 3411 1474 αὐτὸ
3457 1421 3602 1490 γάρ·

2031 1516 2294 1586 ἐξῄρηται
2319 1515 2375 1568 δέ
2407 1515 2501 1568 καὶ
2533 1514 2642 1568 τῶν
2674 1512 2850 1566 ἄλλων
2881 1513 3122 1584 προόδων
3146 1511 3286 1582 αὕτη
3308 1526 3320 1538 ⁸
3356 1512 3474 1565 οὐδὲ
3495 1514 3605 1583 γὰρ

2031 1608 2312 1678 ἐξίστησιν
2344 1608 2481 1670 ὅλως
2517 1607 2614 1677 τῆς
2659 1605 2834 1676 ἀρχῆς
2873 1607 2938 1660 τὰ
2969 1606 3027 1673 ἐξ
3061 1607 3257 1673 αὐτῆς,
3299 1607 3413 1660 ἀλλ’
3444 1607 3602 1660 ἀνεκ-

2031 1701 2262 1770 φοίτητα
2293 1699 2472 1767 πάντη
2519 1698 2723 1769 ταύτης
2757 1699 2946 1768 τηρεῖ,
2992 1699 3079 1751 διὰ
3127 1698 3225 1768 τὴν
3284 1698 3382 1768 τῆς
3418 1697 3603 1762 ούσίας

2031 1794 2375 1864 ταυτότητά·
2420 1792 2598 1846 εἶκαὶ
2645 1791 2721 1854 ὡς
2767 1792 2874 1846 ἴδια
2914 1793 3184 1863 πρόσωπα
3239 1793 3481 1863 πρόεισι·
3521 1792 3604 1847 διὸ

2031 1886 2151 1938 ούδέ
2180 1888 2278 1956 τῆς
2302 1886 2423 1938 κατ’
2449 1885 2634 1954 ἔφεσιν
2664 1884 3005 1954 ἐπιστροφῆς,
3024 1883 3264 1939 δέονται·
3286 1888 3342 1939 αἱ
3367 1886 3423 1940 δὲ
3453 1887 3603 1958 παρὰ

2031 1980 2238 2047 ταύτην
2269 1981 2444 2032 πᾶσαι
2466 1980 2572 2032 τῶν
2610 1980 2780 2032 ὄντων
2815 1979 3054 2049 πρόοδοι,
3081 1983 3195 2043 τοῖς
3220 1980 3341 2033 οὖσι
3370 1981 3605 2034 συνδιαι-

2034 2069 2282 2137 ροῦνται·
2313 2069 2408 2122 καὶ
2453 2071 2688 2140 ἄναρχος
2722 2070 2820 2136 μέν
2861 2069 3067 2122 τούτων
3104 2070 3350 2141 οὐδεμία,
3383 2072 3465 2125 ὅτι
3507 2072 3605 2125 καὶ

2033 2163 2138 2215 τῶν
2164 2162 2334 2216 ὄντων
2374 2163 2609 2232 ἄναρχον
2634 2163 2806 2227 οὐδὲν,
2837 2163 2975 2216 ἀλλὰ
3006 2165 3185 2217 πάντα
3216 2162 3406 2231 γέγονε
3455 2165 3604 2234 παρὰ

2031 2251 2126 2305 τοῦ
2167 2251 2381 2322 Πατρδς
2415 2251 2504 2304 διὰ
2543 2251 2637 2304 τοῦ
2679 2251 2804 2305 Υίοῦ
2847 2252 3271 2306 συντελεσθέντα
3308 2253 3386 2323 τῷ
3426 2254 3602 2306 Πνεύ-

2037 2361 2199 2413 ματι·
2239 2343 2596 2413 ἁτελεύτητος
2628 2344 2707 2409 δὲ,
2764 2345 2825 2397 ού
2874 2347 3060 2399 πᾶσα·
3093 2344 3218 2398 οὔτε
3263 2346 3370 2416 μὴν
3404 2347 3601 2417 πάντη,

2032 2437 2172 2490 ἀλλὰ
2204 2437 2310 2490 τῶν
2347 2437 2448 2507 μὲν
2500 2437 2687 2492 ἀϊδίων
2731 2439 2869 2508 μετὰ
2898 2439 2996 2510 τὴν
3020 2439 3231 2494 ἐκεῖθεν
3263 2441 3604 2511 παραγωγὴν

2038 2530 2330 2599 μενόντων,
2374 2531 2407 2600 ἡ
2465 2530 2564 2602 μὲν
2608 2529 2728 2584 κατ’
2767 2531 2958 2585 οὐσίαν
3009 2533 3103 2584 καὶ
3149 2531 3215 2602 δὴ
3259 2532 3600 2585 τετέλεσται·

2035 2597 2159 2675 οὔτε
2203 2623 2314 2693 γὰρ
2373 2597 2610 2676 άλλόιττα
2644 2621 2798 2693 παρὰ
2826 2623 2896 2675 τὰ
2937 2623 2998 2689 ἐξ
3036 2597 3214 2693 ἀρχῆς
3256 2623 3602 2693 παραχθέντα

2036 2715 2508 2784 ἐπιπαράγονται·
2555 2712 2668 2766 οὔτ’
2716 2713 2856 2767 αὐτὰ
2893 2714 3077 2767 ἐκεῖνα
3125 2713 3194 2766 τὰ
3233 2714 3599 2784 παραχθέντα.

2034 2807 2131 2878 τὴν
2163 2807 2284 2860 κατ’
2317 2807 2502 2860 ούσίαν
2537 2806 2836 2877 μεταϐολὴν
2872 2807 3233 2876 ὑπομένοντα,
3259 2807 3416 2860 πάλιν
3442 2806 3600 2877 ἄλλης

2036 2898 2380 2967 παραγωγῆς
2430 2898 2673 2951 δέονται·
2731 2899 2765 2968 ἡ
2810 2895 2868 2949 δὲ
2925 2897 3046 2950 κατ’
3094 2897 3382 2967 έλλαμψιν,
3438 2897 3601 2972 ἀίδιος

2037 2965 2247 3041 ἐκεῖθεν
2283 2965 2568 3059 προϐαίνει
2597 2989 2693 3040 καὶ
2744 2965 3124 3057 άτελεύτητος,
3167 2965 3288 3052 τοῖς
3327 2989 3424 3058 μέν
3625 2993 3650 3006 ’·

354 3090 474 3141 qua:
507 3083 589 3127 est
635 3073 931 3127 secundum
973 3074 1448 3141 illuminationem,
1490 3088 1750 3144 perpetuo
1803 3075 1930 3132 inde

2036 3080 2289 3144 τοδότως,
2331 3083 2442 3140 τοῖς
2491 3080 2548 3133 δὲ
2593 3080 2985 3150 δευτεροδότως
3011 3121 3025 3142 ,
3057 3080 3150 3132 καὶ
3198 3080 3456 3148 καθεξῆς·
3495 3080 3598 3133 τῶν

357 3176 410 3215 et
447 3166 565 3219 sine
598 3165 706 3219 [ine
740 3165 1002 3233 procedit,
1037 3165 1104 3221 iis
1153 3167 1370 3236 quidem
1412 3167 1586 3235 primo
1617 3167 1777 3230 dono,
1826 3167 1933 3222 illis

355 3268 534 3309 autem
585 3259 856 3322 secundo,
899 3269 956 3312 et
988 3259 1060 3311 ita
1085 3259 1412 3321 successive,
1443 3258 1642 3312 divinis
1680 3258 1934 3326 splendo-

359 3341 506 3396 ribus
546 3346 839 3396 secundum
889 3347 1088 3398 donum
1128 3345 1536 3413 proﬂuentibus,
1596 3346 1930 3414 singulorum

356 3433 645 3488 ordinibus
671 3443 721 3488 et
758 3436 924 3488 statui
965 3435 1376 3502 proportionate
1421 3451 1590 3504 usque
1638 3437 1704 3488 ad
1743 3450 1931 3490 eorum

345 3523 565 3576 ultima.
609 3523 700 3578 Sic
733 3533 913 3578 autem
945 3535 1000 3579 et
1023 3525 1204 3580 omnia
1251 3527 1317 3580 ad
1341 3527 1557 3580 unicum
1603 3527 1926 3596 principium

357 3615 657 3682 composite
683 3626 1108 3684 convertuntur;
1133 3629 1188 3673 et
1218 3629 1511 3687 perpetuus
1550 3619 1656 3673 illis
1690 3629 1745 3673 et
1773 3629 1931 3672 arter-

358 3721 462 3758 nus
485 3719 551 3759 ex
580 3709 1136 3777 processionibusque
1165 3718 1220 3762 et
1253 3710 1710 3764 conversionibus
1742 3708 1926 3764 circu-

359 3796 442 3850 lus
468 3807 740 3852 servatur.
762 3785 1052 3853 'Processio
1080 3809 1258 3854 autem
1288 3815 1477 3855 eorum
1509 3814 1630 3870 quae
1659 3800 1928 3855 nativitati

357 3895 412 3940 et
441 3888 779 3956 corruptioui
814 3898 869 3942 et
905 3890 1133 3956 tempori
1165 3890 1549 3959 subjiciuntur,
1590 3890 1765 3959 quoad
1812 3891 1932 3944 uni-

355 3993 573 4032 versum
603 3980 820 4048 quidem
845 3991 900 4034 et
923 3981 1036 4049 jam
1063 3983 1298 4049 perfecta
1330 3990 1475 4036 sunt.
1498 3981 1642 4035 intra
1665 3996 1755 4036 sex
1784 3982 1926 4036 enim

356 4071 472 4124 dies
515 4081 661 4124 totus
687 4072 774 4126 hic
825 4073 1096 4128 sensibilis
1160 4077 1391 4129 mundus
1449 4075 1773 4143 adimpletus
1805 4085 1922 4142 est;

355 4160 584 4226 septima
609 4171 788 4214 autem
825 4163 912 4215 die
948 4163 1215 4231 requievit
1244 4164 1384 4219 Deus
1407 4163 1476 4218 ab
1499 4164 1768 4219 universis
1800 4181 1928 4233 ope-

2037 3172 2197 3224 θείων
2222 3170 2676 3240 ἁπαυγασμάτων
2705 3170 3088 3242 προχεομένων
3121 3171 3259 3224 κατά
3301 3171 3598 3241 μετάδοσιν,

2037 3263 2316 3330 ἀναλόγως
2363 3265 2484 3325 ταῖς
2531 3262 2778 3315 ἑκάστων
2815 3260 3031 3326 τάξεσιν
3077 3264 3176 3315 εἴτ’
3217 3263 3312 3315 οὖν
3363 3264 3595 3325 στάσεσι,

2039 3355 2201 3423 μέχρι
2238 3355 2336 3407 καὶ
2377 3354 2486 3407 τῶν
2522 3355 2578 3407 ἐν
2619 3353 2851 3417 ἐκείνοις
2906 3353 3187 3423 ἐσχάτων·
3237 3354 3379 3407 οὕτω
3425 3354 3480 3407 δὲ
3513 3357 3599 3407 καὶ

2036 3439 2214 3492 πάντα
2235 3440 2372 3509 πρὸς
2393 3441 2493 3510 τὴν
2527 3440 2659 3510 μίαν
2681 3441 2856 3511 ἀρχὴν
2885 3442 3225 3504 ἁνατατικῶς
3253 3444 3565 3515 ἐπιστρέφει
3581 3461 3596 3473 ·

2035 3532 2130 3584 καὶ
2184 3534 2212 3584 6
2262 3533 2429 3596 ἀΐδιος
2471 3533 2680 3596 τούτοις
2729 3535 2822 3586 καὶ⁹
2868 3533 3225 3604 ἀτελεύτητος
3259 3535 3314 3588 ἐν
3371 3553 3434 3588 τε
3487 3540 3600 3600 ταῖς

2035 3623 2289 3692 προόδοις
2321 3625 2416 3676 καὶ
2445 3625 2566 3688 ταῖς
2600 3625 2923 3692 ἐπιτροφαῖς
2959 3625 3154 3688 κύκλος
3188 3626 3420 3690 σώζεται
3439 3643 3455 3657 ·
3485 3630 3518 3697 ὴ
3547 3628 3600 3680 δὲ

2033 3716 2144 3768 τῶν
2177 3717 2283 3769 ὑπὸ
2325 3718 2541 3786 γένεσιν
2580 3718 2674 3770 καὶ
2713 3718 2921 3788 φθορὰν
2966 3721 3060 3771 καὶ
3088 3719 3298 3790 χρόνον,
3331 3721 3471 3773 κατὰ
3505 3721 3600 3789 μὲν

2031 3806 2092 3860 τὸ
2121 3807 2374 3875 καθόλου,
2405 3812 2494 3862 καὶ
2525 3811 2624 3882 ήδη
2659 3811 2991 3865 τετέλεσται.
3033 3812 3120 3863 Ἐν
3147 3810 3204 3878 ἐξ
3232 3811 3338 3882 γὰρ
3369 3813 3598 3882 ήμέραις

2034 3897 2256 3968 σύμπας
2291 3901 2320 3952 6
2359 3901 2615 3972 αἰσθητὸς
2661 3904 3130 3973 συμπεπλήρωται
3178 3905 3417 3974 κόσμος·
3455 3907 3513 3957 ὲν
3543 3905 3597 3956 δὲ

2029 3993 2096 4061 τῇ
2150 3991 2352 4062 ἐϐδόμῃ
2417 3995 2765 4047 κατέπαυσεν
2813 3995 2841 4047 6
2887 3995 3021 4058 Θεὸς
3067 3995 3178 4048 ἀπὸ
3235 3997 3453 4049 πάντων
3490 3997 3596 4048 τῶν

2032 4080 2212 4151 ἔργων
2243 4082 2410 4137 αὑτοῦ
2436 4101 2450 4116 ·
2482 4085 2575 4138 καὶ
2616 4086 2801 4138 οὐκέτι
2830 4087 3058 4157 πρόοδος
3081 4088 3243 4142 ἄλλου
3275 4089 3475 4158 κόσμου
3504 4091 3596 4142 καὶ

2030 4172 2112 4224 ἐτι
2149 4173 2518 4243 προσδοκᾶται
2561 4176 2798 4246 πάμπαν
2834 4177 3271 4248 συντελεσθῆναι,
3322 4181 3460 4233 κατὰ
3498 4181 3592 4247 τὴν

356 4251 506 4303 ribus
563 4250 700 4304 suis.
755 4249 940 4318 Neque
983 4251 1093 4320 jam
1146 4251 1368 4308 alterius
1417 4253 1600 4308 mundi
1652 4256 1926 4324 processio

2032 4263 2120 4316 τοῦ
2156 4265 2425 4334 παρόντος
2460 4267 2656 4330 αἰῶνος
2706 4269 3046 4322 συντέλειαν·
3081 4271 3225 4322 κατὰ
3275 4271 3330 4323 δὲ
3364 4271 3426 4323 τὸ
3456 4273 3592 4324 κατὰ

355 4350 704 4408 exspectatur
738 4340 790 4394 in
845 4344 1156 4396 universum
1203 4345 1570 4413 pcrticienda,
1627 4351 1922 4400 secundum

2031 4357 2220 4426 μέρος,
2252 4357 2333 4410 ἔτι
2366 4358 2464 4428 μὲν
2494 4360 2797 4430 ἐνεργεῖται
2832 4361 2978 4414 καθὰ
3007 4361 3222 4433 εῐρηται
3243 4363 3319 4432 τῷ
3348 4363 3588 4433 Σωτῆρι·

353 4431 640 4496 praesentis
670 4433 852 4487 δίρρυιί
878 4433 1299 4503 perfectionem;
1353 4438 1529 4504 quoad
1580 4447 1765 4505 partes
1798 4452 1925 4492 vero

2037 4464 2054 4496 ι
2083 4448 2111 4499 6
2139 4449 2330 4521 Πατήρ
2345 4426 2446 4520 μου
2459 4452 2563 4513 ἓως
2735 4426 3546 4524 ἐργάζεται,κάγὼέργάζομαι”
3568 4475 3586 4506 ι

352 4525 527 4579 adhuc
563 4528 779 4594 quidem
831 4528 1081 4595 efﬁcitur,
1124 4529 1576 4598 quemadmodum
1604 4532 1808 4584 dictum
1841 4540 1924 4585 est

2032 4541 2372 4596 πεπαύσεται
2407 4543 2465 4598 δὲ
2500 4545 2720 4609 πάντως
2762 4547 2856 4599 καὶ
2898 4548 2932 4617 ὴ
2966 4547 3107 4600 κατά
3138 4547 3236 4618 τὴν
3267 4548 3448 4618 κοινὴν
3476 4565 3594 4600 συν-

350 4631 378 4667 a
414 4615 694 4671 Salvatore
734 4636 748 4671 :
786 4637 805 4670 ι
843 4617 1004 4674 Pater
1029 4636 1183 4676 meus
1201 4634 1372 4689 usque
1397 4622 1557 4674 modo
1581 4630 1839 4689 operatur
1868 4630 1924 4676 et

2032 4631 2234 4686 πέλειαν
2253 4648 2268 4664 ·
2298 4636 2392 4688 καὶ
2421 4637 2556 4708 ἄλλη
2597 4637 2900 4708 τηνικαῦτα
2921 4615 3155 4709 πρόοδος
3183 4615 3355 4703 ἔσται,
3380 4615 3498 4693 καθ’
3527 4640 3593 4709 ἦν

348 4720 448 4772 ego
467 4720 683 4773 Operor.
717 4727 738 4759 ι
774 4710 1056 4764 Cessatum
1085 4719 1267 4766 autem
1302 4708 1403 4763 fuit
1427 4710 1923 4779 omninoaproces-

2032 4721 2179 4776 ἔσται
2215 4726 2244 4777 6
2289 4726 2420 4789 Θεὸς
2449 4727 2519 4781 τὰ
2566 4728 2743 4781 πάντα
2795 4731 2853 4782 ἐν
2903 4731 3070 4783 πᾶσι·
3105 4730 3198 4782 καὶ¹
3251 4731 3424 4783 πάντα
3458 4731 3594 4800 πρὸς

349 4797 503 4850 sione
542 4801 837 4854 secundum
889 4816 1230 4856 communem
1277 4803 1702 4873 perfectionem;
1733 4814 1786 4859 et
1815 4804 1920 4859 alia

2032 4814 2189 4868 αὐτὸν
2226 4816 2670 4888 ἐπιστρέφουσιν,
2699 4822 2732 4890 ἡ
2779 4820 2888 4875 τῶν
2916 4821 3054 4874 ὅλων
3095 4822 3590 4891 μεταστοιχείωσις,

352 4895 480 4940 tunc
519 4891 794 4956 processio
858 4894 1000 4959 erit,
1059 4895 1356 4949 secundum
1410 4911 1572 4964 quam
1625 4895 1732 4948 erit
1782 4895 1921 4951 Deus

2032 4905 2123 4957 καὶ
2149 4907 2213 4958 ἐκ
2254 4907 2460 4978 φθορᾶς
2491 4912 2569 4972 είς
2590 4911 2900 4982 ἀφθαρσίαν
2933 4911 3314 4982 μεταποίησις.

347 4980 531 5033 omnia
566 4981 620 5035 in
651 4984 938 5053 omnibus;
973 4995 1028 5044 et
1058 4989 1241 5042 omnia
1273 4989 1340 5043 ad
1371 4989 1544 5058 ipsum
1587 4999 1999 5058 convertentur,
2027 5006 2080 5050 et
2151 5002 2528 5056 universorum
2589 5003 2693 5057 erit
2742 4980 3200 5070 transformatio,
3263 5013 3320 5058 et
3361 5018 3426 5058 ex
3473 5016 3596 5058 (or.

349 5070 600 5139 ruptionc
628 5072 680 5128 in
711 5075 1170 5146 incorruptionem
1198 5078 1541 5136 instauratio.

1055 5257 1370 5314 EXPIJCIT
1404 5258 1583 5360 PA/ﬁS
1606 5263 1922 5322 SECUNDA
1953 5266 2118 5324 ΤΟΜΙ
2153 5263 2566 5324 OCTOGESIMI
2600 5265 2892 5323 SEPTIMI.

889 5428 1242 5606 50ὃὸΧ
1353 5409 1596 5524 tith

2026 5700 2220 5710 ———-————-

2277 5700 2586 5790 "tun-ists.
2627 5767 2689 5776 -
2725 5736 2800 5789 et
2839 5736 2978 5807 typis
3008 5735 3066 5790 L.
3104 5717 3337 5791 mone.
