4264 6444
778 400 900 465 1551

761 608 1682 677 gantur,sanantur,baptizantur.
1742 609 1890 678 quod
1942 626 2127 664 veram
2180 611 2338 665 nobis

762 698 948 753 odoris
968 698 1287 751 suavitatem
1345 696 1580 760 confert,
1614 697 1899 767 Spiritum,
1930 700 2175 769 inquam,
2207 714 2337 754 san-

763 799 933 851 ctum,
967 803 1273 858 nomenque
1313 790 1415 844 hoc
1464 790 1715 859 eiIusum,
1747 794 1987 863 Spiritus
2015 794 2335 849 effusionem

765 882 1035 933 inmunes
1065 881 1491 949 operaturjuxta
1545 882 1679 936 illud
1724 902 1792 937 τι
1843 884 2035 940 Sanati
2084 888 2221 939 estis
2282 895 2335 940 et

766 970 1040 1031 iustilicati
1058 972 1191 1023 estis
1214 971 1268 1024 in
1296 972 1514 1025 nomine
1532 971 1742 1026 Domini
1758 977 1931 1028 nostri
1953 974 2079 1029 .lesu
2102 975 2332 1039 Christi,

760 1072 811 1114 vt
843 1062 895 1115 in
930 1061 1136 1129 Spiritu
1167 1060 1259 1115 Dci
1292 1062 1466 1115 nostri
1501 1064 1541 1116 δ.
1584 1082 1603 1114 ι
1625 1062 1756 1129 Quae
1786 1064 1914 1118 dum
1974 1079 2170 1119 nomen
2231 1067 2333 1119 hoc

764 1162 1003 1220 prastat,
1023 1152 1145 1222 jure
1162 1154 1357 1209 merito
1383 1163 1719 1225 unguentum
1740 1156 1971 1211 eﬂ‘usum
2005 1157 2225 1211 dicitur.

836 1244 1124 1312 Propterea
1154 1243 1561 1300 adolescentqu
1589 1244 1887 1300 dilexerunt
1933 1255 1981 1299 te
2010 1266 2022 1299 :
2050 1245 2240 1318 [νειιε.
2262 1245 2331 1318 5]

762 1341 1038 1386 traxerunt
1075 1343 1123 1387 te
1153 1348 1172 1388 :
1192 1344 1310 1402 post
1353 1343 1400 1387 ιε
1428 1337 1482 1388 in
1529 1338 1745 1391 odorem
1781 1347 2166 1407 unguentorum
2207 1348 2329 1391 luo-

760 1443 874 1479 rum
913 1441 1205 1479 curramus.

803 1500 1088 1585 '(Ircgorii.
1114 1545 1186 1557 —
1215 1515 1350 1582 Quis
1371 1517 1515 1572 enim
1562 1517 1877 1573 istiusmodi
1908 1521 2330 1588 pulchritudinis

756 1620 942 1657 amore
979 1620 1084 1658 non
1117 1606 1387 1674 capietur,
1437 1606 1734 1663 dummodo
1767 1610 2028 1679 praeditus
2062 1613 2134 1667 sit
2168 1616 2330 1666 oculo

756 1709 867 1762 quo
896 1694 1044 1747 cerni
1070 1695 1283 1763 possit?
1304 1693 1613 1750 Traxerunt
1675 1698 1858 1769 itaque
1897 1700 2072 1769 ipsum
2098 1701 2163 1754 ad
2204 1702 2329 1755 red-

2096 407 2445 469 PROCOPII
2484 406 2724 468 GAZASJ

816 515 1176 583 ’Apolliuarii.
1208 513 1521 569 —Nomine
1568 516 1714 570 enim
1747 515 1956 572 Christi
1981 531 2174 574 omnes
2205 535 2333 589 pur-
2367 526 2411 579 Α

2525 517 2973 584 Ἀπολιναρίου.
3005 547 3074 557 --
3106 520 3195 589 Τῷ
3238 524 3347 591 γὰρ
3384 523 3607 589 ὀνόματι
3651 522 3745 576 τοῦ
3781 526 4015 594 Χριστοῦ

2438 606 2823 677 καθαρίζονται
2849 607 3043 672 πάντα,
3071 609 3277 677 ἰῶνται,
3302 611 3677 682 βαπτίζονται,
3702 612 3800 683 τὴν
3827 616 4014 682 ἀληθι-

2437 697 2535 766 νὴν
2570 699 2703 766 ἡμῖν
2732 696 2962 750 εὐωδίαν
2993 698 3345 764 ὲνοικίζονται
3369 717 3381 730 '
3423 702 3571 770 λέγει
3611 702 3669 756 δὲ
3698 704 3760 756 τὸ
3791 705 4015 771 Πνεῦμα

2435 785 2496 838 τὸ
2549 786 2726 855 ἅγιον,
2772 786 2961 840 καὶτὸ
3012 789 3242 858 ἐκχυθὲν
3273 782 3461 861 ’ὄνομα
3506 790 3606 863 τὴν
3653 792 3873 862 ἔκχυσιν
3921 797 4016 850 τοῦ

2436 875 2752 943 Πνεῦματος
2785 876 2878 927 ἐπὶ
2910 876 3113 941 πάντας
3135 879 3451 948 ἐργάζεται,
3486 880 3629 935 κατὰ
3655 881 3736 946 τὸ,
3768 901 3786 933 ι
3829 885 4017 953 Ἡγιὰ-

2437 962 2600 1029 σθητε
2623 965 2716 1015 καὶ
2738 963 3091 1035 ἐδικαιώθητε
3109 966 3166 1018 ὲν
3184 966 3259 1036 τῷ
3277 967 3500 1038 ὀνόματι
3520 968 3613 1021 τοῦ
3637 971 3843 1041 Κυρίου
3859 974 4017 1042 ἡμῶν

2446 1050 2621 1122 Ἰησοῦ
2644 1054 3001 1124 Χριστοῦ,καὶ
3018 1059 3075 1109 ἐν
3096 1057 3174 1126 τῷ
3191 1058 3470 1128 Πνεύματι
3489 1059 3582 1112 τοῦ
3607 1061 3742 1114 Θεοῦ
3763 1064 3793 1130 ἡ
3802 1064 3919 1132 μῶν
3944 1081 3957 1094 ·
3986 1082 4006 1115 ι

2434 1144 2578 1213 ἆπερ
2616 1144 2803 1199 ποιοῦν
2852 1144 3113 1215 τοῦνομα,
3157 1150 3328 1219 μύρον
3355 1151 3580 1213 εἰκότως
3618 1153 3939 1207 ὲκκενωθέν.

2506 1236 2607 1287 Διά
2638 1234 2815 1288 τοῦτο
2869 1234 3141 1300 νεάνιδες
3174 1236 3501 1305 ήγάπησάν
3561 1253 3663 1290 σε·
3692 1236 3711 1309 [
3716 1236 3785 1309 γ’]
3817 1240 4017 1293 εἵλκυ-

2432 1318 2554 1371 σάν
2595 1336 2700 1372 σε·
2733 1322 2930 1374 ὀπίσω
2972 1335 3089 1376 σου
3131 1326 3213 1389 είς
3266 1326 3469 1394 ὀσμὴν
3496 1326 3689 1394 μύρου
3715 1343 3834 1380 σου
3876 1327 4012 1395 δρα-

2428 1410 2683 1479 μοῦμεν.

2502 1502 2855 1571 Γρηγορίου.
2904 1532 2975 1541 -
3028 1505 3124 1565 Τίς
3166 1504 3273 1574 γὰρ
3322 1506 3564 1559 τοιούτου
3613 1506 3845 1569 κάλλους
3919 1508 4011 1558 ἀν-

2432 1593 2682 1663 έραστος,
2718 1597 2766 1645 εἰ
2815 1593 2971 1663 μόνον
3006 1594 3282 1662 ὀρθαλμὺν
3330 1595 3441 1664 ἔχει
3475 1598 3566 1648 τὸν
3603 1597 3902 1649 ὲνατενίσαι
3942 1600 4008 1666 τῇ

2432 1684 2550 1755 ὥρα
2571 1685 2869 1753 δυνάμενον
2898 1703 2911 1750 ;
2946 1686 3218 1739 Είλκυσαν
3253 1683 3348 1739 οὖν
3382 1687 3543 1739 αὐτὸν
3571 1688 3651 1750 εἰς
3688 1689 4006 1755 ἀνταγάπη-

756 1786 1071 1846 amandum,
1104 1785 1181 1839 ait
1222 1786 1370 1840 enim
1416 1785 1696 1857 Sapientia
1732 1806 1747 1843 :
1809 1808 1827 1841 ι
1891 1789 2005 1861 Ego
2037 1791 2325 1859 diligentes
2362 1857 2389 1861 λ
2433 1796 2440 1824 ¹

2324 1838 2325 1841 η
2433 1793 2551 1827 σινο
2581 1778 2744 1844 φησὶν
2790 1777 2899 1845 γὰρ
2932 1780 2965 1847 ὴ
3006 1777 3206 1845 Σοφία·
3249 1798 3268 1829 ι
3322 1778 3464 1846 Ἐγὼ
3486 1781 3611 1842 τοὺς
3656 1780 3756 1850 ἐμὲ
3797 1780 4008 1847 φιλοῦν-

758 1888 851 1927 ⁴ιιιεξ
874 1873 1043 1941 diligo
1067 1873 1110 1927 '.
1154 1894 1173 1925 ι

828 1963 1036 2034 Cyrilli.
1066 1994 1136 2004 -
1168 1965 1619 2023 Adolescentulus
1664 1976 1781 2022 erat
1836 1967 2036 2024 Paulus
2075 1970 2260 2025 dicens
2313 1989 2325 2023 :

763 2070 780 2099 ε
808 2051 1000 2104 Omnia
1019 2066 1239 2120 possunt
1260 2053 1311 2104 in
1342 2066 1408 2106 eo
1424 2053 1514 2120 qui
1542 2068 1629 2107 me
1657 2053 1948 2123 confortat,
1989 2055 2207 2111 Christo
2223 2058 2265 2111 ⁸.
2303 2076 2320 2109 ι

756 2137 982 2207 Pi-Optor
1014 2137 1157 2206 quod
1176 2141 1338 2193 etiam
1379 2139 1570 2194 dilexit
1598 2142 1756 2197 valde
1802 2142 1930 2197 dum
1982 2146 2059 2200 ait
2094 2162 2107 2199 :
2146 2163 2164 2196 ‹
2195 2146 2329 2210 Quis

759 2245 858 2283 nos
895 2227 1215 2297 scpat'abita
1238 2228 1511 2283 charitate
1537 2231 1739 2284 Christi
1772 2232 1833 2286 7?
1864 2250 1882 2283 ι
1917 2232 2199 2298 Quomodo
2228 2250 2327 2288 au-

760 2330 864 2372 tem
897 2320 1075 2387 ipsum
1108 2326 1456 2374 attraxerunt
1492 2321 1629 2375 illa?
1656 2322 1791 2377 Dum
1821 2325 2065 2396 vestigiis
2094 2326 2216 2394 eius
2244 2328 2327 2380 in-

756 2408 1029 2461 sistebant
1088 2418 1144 2462 et
1197 2406 1539 2478 Evangelicis
1595 2412 1890 2480 unguentis
1974 2412 2322 2469 fruebantur.

756 2500 914 2566 Quod
965 2502 1010 2555 si
1047 2515 1358 2565 curremus,
1416 2512 1474 2557 ut
1504 2486 1629 2558 mox
1659 2506 1734 2559 ait
1784 2507 2322 2563 adolescentularum

757 2607 962 2656 seruio,
1021 2611 1041 2643 ι
1083 2600 1206 2663 post
1250 2592 1538 2648 Dominum
1578 2595 1743 2651 Deum
1780 2600 2186 2653 auibulabiinus
2217 2601 2257 2652 ³.
2300 2617 2318 2650 ι

828 2680 1135 2735 Introduxit
1161 2697 1240 2736 me
1260 2684 1424 2737 σταίη
1466 2684 1764 2740 cubiculum
1795 2702 1969 2741 suum.

828 2772 1086 2844 Gregorii.
1117 2804 1186 2815 —
1223 2776 1436 2830 Animae
1466 2779 1687 2847 quidem
1722 2779 1906 2834 adhuc
1933 2781 2168 2851 juvenes
2193 2796 2321 2836 cur-

759 2874 884 2919 runt
914 2868 966 2919 in
999 2865 1223 2921 odorem
1259 2878 1683 2938 unguentorum.
1724 2870 1937 2939 Sponsa
1964 2881 2143 2927 autem
2200 2889 2324 2943 per-

759 2963 898 3009 lecta
955 2956 1100 3010 sicut
1130 2955 1333 3011 Paulus
1384 2957 1756 3013 introducitur
1794 2961 1847 3014 in
1906 2963 2210 3031 penetralia
2269 2972 2323 3017 et

758 3063 984 3114 xcutiunt
1021 3050 1309 3103 caelorum.

831 3141 1095 3211 Origeuis.
1122 3169 1192 3180 —
1214 3138 1487 3209 Loquitur
1516 3141 1581 3196 de
1610 3143 2084 3213 inipenetralibus,
2107 3112 2214 3201 etc.

826 3320 1039 3390 Cyrilli.
1086 3348 1157 3365 --
1191 3318 1433 3389 Regnum
1486 3319 1893 3389 quodammodo
1952 3322 2189 3391 appellat
2240 3322 2327 3377 hic

757 3412 1100 3465 cubiculum.
2066 3468 2079 3474 -

834 3499 971 3555 Nili.
996 3533 1063 3543 --
1086 3501 1408 3557 Cubiculum
1441 3501 1570 3557 dicit
1592 3515 1792 3573 corpus
1814 3501 2151 3558 Douiinicuni
2181 3504 2326 3574 quod

757 3592 1063 3647 introduxit
1122 3594 1278 3649 beata
1354 3594 1539 3648 anima
1607 3593 1719 3649 Deo
1775 3593 1954 3650 Verbo
1999 3595 2326 3651 cobabitans

754 3694 809 3740 et
849 3700 995 3739 nunc
1040 3700 1163 3739 cum
1211 3699 1278 3739 eo
1327 3697 1580 3755 regnans.
1643 3684 1844 3740 Deinde
1874 3687 2019 3755 quod
2066 3700 2163 3756 par
2209 3698 2328 3743 erat

756 3778 864 3845 puti
893 3791 986 3830 eas
1040 3790 1161 3845 qua:
1181 3775 1248 3830 de
1278 3774 1564 3846 Synagoga
1628 3775 1889 3830 videbant
1941 3782 2114 3845 ipsam
2170 3781 2326 3848 quasi

755 3866 1078 3936 gloriantem
1102 3872 1157 3920 et
1204 3864 1441 3934 superbo
1496 3878 1648 3934 gestu
1690 3865 1855 3930 illud,
1895 3864 2203 3920 Introduxit
2247 3884 2328 3921 me

758 3963 916 4016 rexiu
942 3960 1243 4013 cubiculum
1271 3976 1447 4025 suum,
1476 3960 1543 4013 ad
1565 3960 2002 4015 adulescentulas
2022 3961 2323 4031 dicentem;

756 4054 863 4105 hoc
895 4060 1018 4121 apte
1036 4049 1102 4103 ad
1132 4065 1360 4120 scopum
1384 4053 1674 4106 sententia:
1702 4064 2061 4123 cognoscens,
2078 4064 2131 4110 et
2160 4056 2326 4110 obor-

755 4150 865 4193 tam
896 4141 1028 4208 ipsis
1068 4153 1133 4192 ει
1167 4139 1270 4193 hac
1293 4142 1609 4194 narratione
1635 4142 1956 4213 zelotypiam
1982 4144 2323 4213 conjectans,

754 4246 875 4297 qua:
896 4228 1152 4300 ignobilis
1181 4236 1236 4283 et
1260 4231 1415 4298 nigra
1451 4244 1511 4283 se
1542 4228 2032 4287 itlisronveniei‘ile
2067 4234 2328 4289 cubiculo

756 4322 899 4390 regis
945 4318 1223 4389 dignatam
1270 4318 1569 4387 gloriatur;
1614 4321 1780 4389 quod,
1814 4328 1873 4374 ut
1939 4323 2172 4384 aiebam.
2222 4325 2328 4379 illae

755 4414 929 4478 ipsam
998 4408 1401 4478 quodammodo
1448 4411 1877 4479 contempserint
1954 4422 2009 4466 et
2058 4414 2328 4471 irriserint

2357 1857 2404 1917 Β
2433 1884 2532 1928 τας
2567 1868 2789 1934 ἀγαπῶ.
2828 1887 2847 1919 ι

2500 1960 2897 2025 Κυρίλλου.-
2922 1958 3119 2022 Νεᾶνις
3150 1959 3226 2030 (ﬁl
3257 1956 3325 2030 ἦν
3350 1960 3445 2013 κα)⁸
3467 1961 3678 2023 Παῦλος
3699 1978 3715 1993 ο
3745 1981 3763 2011 ι
3802 1961 4006 2025 Πάντα,

2430 2048 2624 2116 λέγων,
2657 2049 2823 2119 ἰσχύω
2871 2050 2929 2102 ἐν
2966 2049 3043 2118 τῷ
3077 2051 3463 2120 ἐνδυναμοῦντί
3497 2070 3563 2121 με
3597 2052 3839 2124 Χριστῷ,
3881 2071 3900 2103 ι
3932 2054 4012 2105 διὸ

2430 2139 2523 2191 καὶ
2553 2138 2670 2191 λίαν
2703 2139 2960 2208 ἠγάπησε
2986 2141 3209 2206 φάσκων
3234 2157 3247 2169 ο
3297 2160 3316 2188 ι
3348 2141 3442 2203 Τίς
3480 2142 3628 2211 ἡμᾶς
3652 2142 3878 2212 χωρίσει
3903 2142 4011 2194 ἀπὸ

2427 2229 2528 2297 τῆς
2569 2231 2788 2299 ἀγάπης
2810 2230 2906 2284 τοῦ
2933 2230 3207 2298 Χριστοῦ;
3236 2250 3255 2282 ι
3296 2229 3413 2293 πῶς
3434 2231 3489 2284 δὲ
3520 2233 3683 2286 αὑτὸν
3719 2234 4007 2295 εἰλκυσανς

2429 2315 2867 2386 ἀκολουθήσασαι
2900 2318 3014 2379 τοῖς
3056 2319 3261 2387 ίχνεσιν
3304 2318 3491 2384 αὑτοῦ,
3519 2321 3615 2372 καὶ
3645 2321 3753 2373 τῶν
3776 2322 4009 2389 εὐαγγε-

2429 2406 2601 2460 λικῶν
2626 2408 3009 2461 ἀπολαύσασαι
3041 2408 3229 2478 μύρων
3250 2424 3264 2439 ’
3291 2409 3308 2428 ⁶
3335 2411 3386 2461 εἰ
3415 2410 3471 2463 δὲ
3503 2411 3847 2480 δραμοῦμεν,
3870 2413 4009 2481 ἔχων

2425 2499 2533 2551 τῶν
2570 2500 2826 2553 νεανίδων
2863 2502 2892 2552 ὁ
2928 2500 3107 2568 λόγος,
3140 2518 3160 2551 ι
3207 2501 3349 2553 κατὰ
3385 2501 3447 2553 τὸ
3474 2503 3649 2554 ὀπίσω
3678 2503 3882 2571 Κυρίου
3912 2502 4008 2556 τοῦ

2426 2589 2565 2643 Θεοῦ
2592 2590 2998 2662 πορευσόμεθα.
3038 2609 3056 2641 ι

2494 2680 2795 2749 Είσήτατέ
2811 2697 2886 2748 με
2912 2683 2943 2734 ό
2966 2680 3270 2745 ,ϐασιλεὺς
3302 2684 3389 2746 είς
3410 2682 3476 2735 τὸ
3500 2682 3765 2751 ταμιεῖον
3797 2685 4003 2741 αὑτοῦ.

2498 2775 2515 2792 “
2556 2773 2903 2841 Γρηγορίου.
2931 2801 3001 2813 --
3025 2774 3091 2824 Al
3110 2773 3207 2840 μὲν
3230 2773 3311 2824 ἑτι
3336 2774 3700 2840 νηπιάζουσαι
3733 2778 4005 2846 προστρέ-

2425 2877 2618 2931 χουσαι
2659 2866 2723 2933 τῇ
2769 2862 2997 2931 εὐωδίᾳ·
3036 2863 3069 2930 ἡ
3105 2862 3161 2914 δὲ
3206 2863 3557 2916 τελειωθεῖσα
3587 2865 3775 2935 νύμφη
3825 2868 3909 2930 εἰς
3939 2869 4008 2922 τὰ

2424 2952 2592 3004 ἄδυτα
2620 2951 2695 3014 ὡς
2731 2954 2760 3004 ὁ
2787 2950 2996 3015 Παῦλος
3028 2953 3307 3020 εἰσάγεται
3337 2955 3433 3007 καὶ
3486 2957 3568 3018 είς
3601 2955 3698 3025 τὴν
3732 2955 4006 3025 βασιλείαν

2422 3041 2531 3092 τῶν
2560 3042 2825 3111 οὐρανῶν.

2511 3132 2863 3201 Ὦριγένους.
2887 3163 2959 3175 -
2990 3134 3195 3202 Ἤγουν
3229 3135 3491 3190 ἀδύνατον
3532 3139 3636 3207 τὴν
3683 3137 4005 3210 ἀξιέραστον

2354 3197 2397 3254 C
2428 3197 2597 3291 λέγει,
2709 3240 2760 3277 τ.
2795 3223 2983 3294 λ.’(⁴ῖ).

2499 3316 2868 3383 ’Κυρίλλοω
2930 3328 2999 3356 -‘-—
3042 3317 3276 3369 ’Ἡντινα
3326 3316 3605 3387 βασιλείαν
3647 3324 3896 3386 ταμιεῖον
3946 3324 4006 3375 ὲν

2425 3406 2541 3467 τοῖς
2568 3406 2803 3475 παροῦσι
2840 3407 3269 3476 προσαγορεύει.
3980 3404 3987 3410 ’

2497 3494 2727 3549 Νείλου
2745 3494 2844 3562 (8).
2867 3526 2936 3537 -
2955 3496 3235 3565 Ταμιεῖον,
3260 3498 3322 3550 τὸ
3353 3498 3510 3568 σῶμα
3532 3500 3681 3568 λέγει
3704 3505 3766 3555 τὸ
3795 3504 4003 3574 Κυρια-

2427 3584 2545 3651 κδν,
2571 3587 2649 3648 είς
2676 3585 2705 3638 ὃ
2731 3588 2983 3655 είσῆκται
3016 3590 3048 3657 ὴ
3084 3589 3333 3658 μακαρία
3361 3590 3509 3659 ψυχὴ
3541 3595 3909 3664 συνοικήσασα
3926 3596 4005 3665 τῷ

2427 3676 2548 3747 Θεῷ
2571 3676 2732 3746 Λόγῳ
2766 3680 2862 3732 καὶ
2889 3679 3366 3749 συμϐασιλεύουσα
3400 3685 3499 3736 σῦν
3537 3686 3715 3754 αὐτῷ·
3758 3690 3839 3749 εἰς
3867 3690 4005 3758 ὅπερ

2428 3768 2623 3822 παθεῖν
2644 3764 2711 3838 ἢν
2727 3769 2872 3829 sine;
2889 3769 2988 3830 τὰς
3010 3769 3116 3821 άπὸ
3133 3770 3229 3840 τῆς
3246 3772 3578 3842 Συναγωγῆς
3599 3775 3812 3841 ὁρώσας
3830 3779 4003 3847 αὐτὴν

2426 3859 2627 3914 ὡσανεὶ
2671 3861 3107 3930 φρυαττομένην,
3141 3864 3235 3914 καὶ
3271 3864 3412 3933 μετὰ
3452 3852 3730 3936 σχήματὸς
3769 3868 4005 3939 σοϐαροῦ

2425 3950 2509 4015 τὸ,
2530 3949 2832 4017 Είσήγαγέ
2841 3967 2918 4017 με
2936 3953 2968 4003 ό
2983 3951 3283 4018 ,βασιλεὺς
3301 3956 3388 4020 είς
3407 3955 3473 4007 τὸ
3504 3957 3768 4025 ταμιεῖον
3793 3961 4003 4023 αὑτοῦ,

2428 4039 2565 4109 πρὸς
2579 4041 2678 4103 τὰς
2693 4041 2938 4103 νεάνιδας
2949 4040 3231 4109 λέγουσανο
3246 4045 3391 4099 τοῦτ’
3411 4047 3695 4112 εὐσκόπως
3713 4053 3778 4119 τῇ
3810 4050 4003 4124 γνώμῃ

2429 4130 2698 4183 συνειδυῖα
2708 4170 2722 4194 ,
2739 4131 2831 4182 καὶ
2846 4130 2945 4200 τὴν
2962 4132 3269 4200 κινηθεῖσαν
3286 4136 3475 4198 αὑταῖς
3487 4139 3550 4188 ὲκ
3563 4138 3656 4191 τοῦ
3668 4138 4005 4209 διηγήματος

2430 4219 2762 4289 ζηλοτυπίαν
2794 4224 3176 4293 στοχασαμένη
3205 4239 3220 4253 ⁸
3250 4225 3429 4278 είτῶν
3462 4228 3703 4291 ἐκείναις
3737 4232 4005 4302 καθηκόν-

2432 4327 2540 4364 των
2568 4312 2838 4377 ταμιείων
2879 4312 2974 4365 τοῦ
3007 4314 3268 4383 βασιλέως
3299 4319 3333 4387 ἡ
3353 4317 3627 4390 δυσμενὴς
3653 4323 3746 4373 καὶ
3775 4323 4007 4392 μέλαινα

2430 4398 2697 4467 ἠξιῶσθαι
2727 4401 2900 4469 αὐχεῖ.
2931 4401 3068 4472 ὅπερ
3100 4398 3255 4455 εἷπον
3292 4404 3358 4458 ἂν
3386 4406 4005 4473 ὲκείναι,ὲξουδενοῦσαι

757 4497 989 4551 candide
1028 4496 1186 4551 fateri
1229 4496 1454 4551 minime
1489 4498 1790 4564 erubescit,
1824 4500 2171 4571 adjungendo
2192 4518 2323 4558 cau-
2355 4517 2401 4571 ι)
2431 4508 2441 4544 ι

2320 4534 2323 4541 ,
2355 4517 2401 4571 D
2431 4491 2602 4560 αὐτὴν
2634 4492 2728 4543 καὶ
2753 4490 3137 4561 χλευάζουσαι,
3170 4495 3327 4548 τοῦτο
3344 4498 3699 4567 εὐγνωμόνως
3723 4503 4004 4571 ὁμολογεῖν

757 4603 873 4640 sani
898 4602 998 4641 cur
1030 4587 1290 4642 benevole
1321 4602 1352 4640 a
1388 4603 1592 4658 sponso
1629 4592 1952 4662 compellata
1990 4595 2085 4650 sit.

832 4765 1178 4820 Exsultemus
1195 4778 1244 4821 et
1268 4767 1510 4822 lazlcmur
1534 4771 1588 4824 in
1628 4781 1697 4825 lc.

830 4855 1652 4926 Ρτοεορίἰ.-Ααοιρεεειιιυιιιτ
1709 4861 1900 4916 dicunt
1960 4878 2175 4931 sponsae
2226 4866 2329 4917 im-

763 4949 965 5016 pertire
985 4947 1372 5015 cognitionem,
1409 4950 1870 5015 quemadmodum
1931 4954 1978 5008 is
2005 4956 2097 5024 qui
2159 4971 2325 5025 supra

765 5045 954 5103 pectus
981 5034 1182 5090 Christi
1209 5037 1461 5093 recubuit
1486 5047 1538 5091 et
1560 5039 1628 5093 ab
1658 5055 1725 5094 eo
1756 5042 1988 5098 dilectus
2049 5045 2149 5098 fuit
2172 5047 2326 5100 theo-

767 5127 964 5193 logiam
993 5126 1282 5179 nobiscum
1308 5129 1760 5184 communicavit.

836 5213 1101 5287 Gregorii.
1136 5246 1205 5256 —
1244 5216 1346 5273 Per
1373 5219 1512 5274 hanc
1534 5223 1860 5275 sententiam
1899 5224 2325 5281 ecclesiasticam

2423 4583 2559 4652 αῦτη
2583 4584 2681 4635 οὐκ
2712 4584 3025 4651 αἰσχύνεται
3049 4601 3063 4615 ο
3101 4588 3237 4655 μετὰ
3260 4587 3352 4641 τοῦ
3384 4591 3730 4658 προστιθέναι
3788 4593 3886 4664 τὴν
3916 4598 4004 4648 αξ-

2422 4677 2564 4740 τίαν,
2581 4673 2675 4727 τοῦ
2697 4676 3191 4747 εὐλόγωςείρῆσθαι
3219 4680 3388 4750 αὐτὴν
3415 4682 3565 4751 παρά
3591 4683 3684 4735 τοῦ
3702 4684 3959 4755 Νυμφίου
3986 4728 4001 4742 .

2510 4766 3022 4835 Ἀταλλιασώμεθα
3060 4771 3160 4822 καί
3191 4773 3617 4841 εὐφρανθῶμεν
3652 4775 3726 4827 ἐν
3754 4778 3877 4831 σοι.

2498 4865 2857 4931 Προκοπίου.
2886 4896 2952 4907 --
2986 4866 3050 4917 Ai
3095 4866 3335 4929 νεάνιδες
3358 4870 3424 4936 τῇ
3452 4868 3642 4940 νύμφῃ
3674 4871 3809 4938 φασί
3831 4886 3845 4900 ·
3892 4874 4005 4926 Με-

2429 4956 2587 5017 τάδος
2616 4956 2715 5023 τῆς
2766 4956 3146 5023 ἐπιγνώσεως·
3183 4956 3439 5029 καθάπερ
3482 4961 3510 5012 ὁ
3541 4964 4003 5030 προσαναπαυσά-

2436 5063 2593 5117 μενος
2630 5046 2708 5116 τῷ
2747 5048 2934 5116 στήθει
2980 5048 3242 5117 Χριστοῦ,
3294 5050 3389 5102 καὶ
3437 5051 3682 5121 φιληθεὶς
3735 5053 3795 5119 ἐξ
3836 5055 4003 5110 αὑτοῦ

2437 5139 2712 5208 μετέδωκε
2750 5140 2848 5208 τῆς
2877 5140 3155 5207 θεολογίας
3195 5142 3346 5211 ἡμῖν.

2504 5232 2857 5300 ΓρηγῸρίου.
2890 5264 2958 5273 -
2997 5233 3071 5302 (9)
3104 5234 3202 5286 Διὰ
3248 5235 3451 5306 ταύτης
3492 5237 3593 5307 τῆς
3645 5238 3855 5309 ῥήσεως
3903 5239 4003 5311 τὴν

832 5395 898 5450 ⁸1
936 5396 1061 5451 Cor.
1104 5412 1175 5463 vn,
1201 5398 1284 5455 ll.
1324 5397 1344 5427 '
1370 5395 1538 5452 Prov.
1582 5414 1703 5463 vni,
1735 5400 1826 5453 l7.
1902 5402 1922 5429 °
1951 5399 2187 5473 Philipp.
2220 5419 2292 5469 iv,
2321 5404 2406 5457 l5.
2485 5405 2504 5434 ⁷
2528 5403 2686 5462 Rom.
2721 5423 2837 5471 nu,
2860 5407 2948 5462 '55.
3024 5412 3045 5443 ⁸
3071 5409 3208 5466 Osee
3238 5427 3313 5479 ιι,
3339 5412 3425 5467 10.

2292 5538 2516 5596 ΝΟΤᾸΞ.

832 5669 1073 5791 (ωιιίωο
1123 5671 1177 5725 iu
1239 5671 1300 5728 C.
1370 5671 1430 5726 Β.
1492 5673 1594 5727 sub
1620 5674 1841 5729 nomine
1873 5674 2120 5748 Gregorii
2148 5679 2317 5732 couti-

832 5756 909 5791 lall
942 5758 1026 5791 lll'.
2115 5786 2121 5791 .

763 5756 1026 5796 ttuautnr.

832 5811 911 5876 l7)
939 5810 1144 5866 Patrol.
1175 5820 1213 5866 t.
1250 5810 1415 5880 XVII,
1450 5814 1557 5867 col.
1586 5812 1713 5877 253,
1750 5815 1871 5869 536.

2510 5680 2585 5744 (8)
2624 5677 2903 5732 Scholium
2942 5696 3177 5804 εεἮιρηε
3206 5687 3464 5756 anonymi
3493 5696 3575 5742 est
3612 5689 3663 5742 in
3686 5688 3749 5743 ϐ.
3775 5689 3835 5742 Β.

2510 5752 2583 5804 [ill
2638 5747 2759 5803 llzcc
2821 5752 2873 5802 in
2925 5752 2985 5804 (Σ.
3066 5754 3209 5804 .sub
3273 5756 3493 5804 nomine
3543 5757 3835 5804 Prnnoniii

2507 5752 2605 5869 (si)l
2638 5747 2759 5803 llzcc
2821 5752 2873 5802 in
2925 5752 2985 5804 C.
3019 5747 3079 5806 B.
3107 5754 3209 5808 sub
3273 5747 3493 5813 nomine
3541 5757 3791 5829 Procopii
3829 5761 4005 5815 conti-

2515 5836 2582 5869 λιιι
2616 5835 2697 5869 ΙΙΓ.

2437 5833 2697 5871 nuuntut‘.
