4264 6444
266 398 397 455 1553

1241 399 1782 460 ΕΟΜΜΕΝΤᾹΒΠ
1824 398 1902 458 ΙΝ
1944 401 2262 462 CANTICA
2287 403 2579 464 CANTIC.

3395 395 3531 464 1554

262 501 720 570 ὲκκλητιαστικὴν
761 501 1078 571 οἰκονομίαν
1113 502 1448 556 ἐκκαλύπτει
1497 509 1525 557 ὁ
1565 507 1720 574 λόγος
1747 525 1759 537 ·
1793 507 1840 558 οἱ
1873 513 1918 566 Α

1839 546 1840 553 η
1873 513 1918 566 Α
1950 510 2310 562 ιιξροιιοιιιίιιιη
2339 511 2576 563 illustrat
2595 509 2794 564 oratio.
2816 509 2982 564 Primi
3010 524 3244 581 namque
3272 511 3523 580 discipuli

256 596 362 663 γὰρ
388 593 598 664 πρῶτοι
635 593 1069 662 μαθητευθέντες
1112 597 1177 664 τῇ
1214 596 1418 667 χάριτι,
1452 598 1544 649 καὶ
1574 599 1838 650 αὐτόπται

259 685 348 736 τοῦ
383 685 560 753 Λόγου
589 686 899 756 γενόμενοι,
937 687 1040 739 οὐκ
1084 685 1149 739 ἂν
1180 689 1391 749 ἑαυτοῖς
1425 689 1484 740 τὸ
1514 688 1719 755 ἀγαθὸν
1749 705 1842 741 πε·-

263 776 540 845 ριὼρισαν,
585 777 720 829 ἀλλὰ
757 781 850 829 καὶ
884 781 995 839 τοῖς
1026 776 1144 844 μετ’
1171 778 1413 840 ἐκείνους
1446 781 1508 830 ἐκ
1554 779 1842 842 διαδόσεως

259 869 355 938 τὴν
383 871 556 939 αὐτὴν
587 872 851 942 ἐποίησαν
875 874 1036 942 χάριν
1060 891 1069 900 ·
1098 873 1187 926 διὰ
1223 873 1380 927 τοῦτο
1417 876 1552 945 πρὸς
1579 875 1678 944 τὴν
1705 874 1842 945 νύμ-

265 979 370 1030 φην
418 967 586 1032 φασὶν
629 967 686 1017 ai
729 967 972 1031 νεάνιδες
1009 967 1107 1038 τὴν
1157 967 1384 1040 πρώτην
1432 969 1519 1021 διὰ
1563 968 1656 1021 τοῦ
1704 969 1845 1022 κατὰ

268 1054 440 1124 στόμα
469 1056 565 1108 τοῦ
601 1057 775 1124 Λόγου
799 1059 1054 1125 γενέσθαι
1083 1059 1192 1110 τῶν
1217 1060 1435 1126 ἀγαθῶν
1466 1058 1846 1129 πληρωθεῖσαν

265 1148 360 1198 καὶ
404 1148 513 1199 τῶν
553 1153 957 1220 κεκρυμμένων
1013 1151 1331 1221 μυστηρίων
1377 1151 1732 1214 ἀξιωθεῖσαν·
1765 1152 1846 1204 ὅτι

265 1238 768 1309 Ἀγαλλιασώμεθα
797 1243 889 1294 καὶ
920 1242 1320 1312 εὐφρανθῶμεν
1348 1245 1404 1296 ἐν
1428 1243 1528 1296 σοί·
1564 1244 1716 1308 κοινὴ
1739 1244 1846 1313 γὰρ

263 1326 421 1396 ημῶν
449 1331 566 1380 ἐστι
607 1331 752 1398 χαρὰ
779 1332 840 1383 τὸ
874 1332 965 1383 σὸν
994 1331 1363 1402 ἀγαλλίασμα.

344 1417 782 1486 Ἀγαπήσωμεν
806 1422 1082 1490 μασθούς
1109 1435 1227 1476 σου
1262 1421 1415 1490 ὑπὲρ
1451 1422 1640 1486 οίνον,
1670 1423 1848 1476 εὐθύ-

263 1523 369 1573 της
398 1509 684 1577 ἠγάπησέ
705 1527 801 1563 σε.

332 1602 778 1665 Προκοντιόυ.-
822 1602 909 1665 Ὠς
942 1603 1164 1673 ἀγαπᾷς
1187 1606 1275 1666 σὺ,
1311 1605 1496 1672 φασὶν,
1533 1604 1678 1672 ὑπὲρ
1711 1598 1852 1656 οἶνον

261 1688 390 1750 τοὺς
433 1687 528 1739 τοῦ
577 1691 818 1759 νυμφίου
863 1695 1128 1762 μαστοὺς,
1167 1694 1308 1747 οὕτω
1355 1696 1481 1756 τοὺς
1529 1695 1657 1756 σοὺς
1691 1695 1854 1763 ἡμεῖς

1945 598 2118 665 gratia
2168 600 2454 653 constituti
2475 611 2526 654 et
2560 601 2760 655 oculati
2795 609 2963 655 testes
2988 599 3148 655 Verbi
3190 601 3392 666 eﬂ'ecti,
3425 616 3529 654 non

1945 689 1998 740 in
2025 690 2334 756 semetipsis
2365 690 2465 744 hoc
2488 691 2690 746 bonum
2715 693 3126 757 conclusernnt,
3154 693 3247 746 sed
3277 704 3329 746 et
3351 702 3531 761 peste-

1945 780 2020 834 ris
2047 796 2142 850 per
2159 781 2502 836 traditionem
2519 784 2763 840 eamdem
2781 787 3011 854 gratiam
3035 788 3528 842 communicat-unt.

1947 867 2160 924 Idcirco
2190 871 2611 928 adolescentulze
2649 875 2718 930 ad
2774 893 3034 946 sponsam
3075 879 3268 932 dicunt
3306 879 3377 932 ob
3403 878 3526 945 pri-

1949 977 2094 1014 mani
2128 977 2222 1017 ore
2250 972 2408 1020 tenus
2466 964 2626 1021 Verbi
2669 968 2830 1024 bonis
2874 971 3152 1038 repletam,
3205 978 3260 1023 et
3317 970 3533 1023 arcanis

1950 1054 2220 1121 mysteriis
2237 1054 2514 1123 dignatam
2535 1075 2548 1111 :
2569 1055 2679 1113 Nos
2697 1060 2857 1114 etiam
2876 1062 3270 1115 exsultabimus
3311 1069 3366 1115 et
3384 1062 3535 1114 ltela-

1951 1145 2135 1199 bimur
2156 1148 2211 1201 in
2244 1157 2314 1204 te.
2342 1148 2459 1206 Tua
2483 1151 2630 1209 enim
2661 1153 2958 1208 exsultatio
2977 1169 3262 1208 commune
3285 1163 3533 1210 nostrum

1952 1237 2211 1306 gaudium
2241 1249 2344 1295 est.

2026 1415 2319 1487 Diligentia
2349 1420 2624 1475 uberatua
2655 1437 2814 1490 super
2831 1424 3009 1478 vinum
3037 1441 3056 1480 :
3125 1426 3389 1480 rectituda
3434 1426 3466 1478 ά
3493 1455 3519 1467 -

1957 1506 2082 1560 luit
2108 1517 2176 1560 te.

2025 1598 2295 1667 Ρνοεορίί.
2352 1628 2419 1640 —-
2470 1599 2623 1657 Sicut
2664 1611 2722 1657 tu
2745 1603 2951 1674 diligis,
3007 1607 3284 1675 inquiunt,
3363 1625 3529 1678 super

1955 1690 2138 1742 vinum
2173 1691 2335 1744 ubera
2369 1693 2578 1760 sponsi,
2603 1694 2683 1747 sic
2721 1703 2775 1747 et
2813 1712 2935 1762 nos,
2956 1697 3034 1750 tui
3057 1699 3383 1764 imitatione,
3412 1711 3527 1764 tua,

263 1780 406 1831 κατὰ
441 1783 676 1851 μίμησιν
739 1787 860 1854 σὴν,
908 1785 975 1837 δι’
1006 1778 1081 1838 ὧν
1115 1789 1241 1850 τοὺς
1282 1789 1510 1856 νηπίους
1543 1791 1602 1841 ἐν
1634 1786 1852 1857 Χριστῷ
1891 1856 1900 1857 7

1485 1805 1510 1851 ς
1543 1791 1602 1841 ἐν
1634 1786 1852 1857 Χριστῷ
1891 1856 1900 1857 7
1957 1779 2158 1848 quibus
2182 1781 2439 1849 parvulos
2463 1781 2516 1833 in
2544 1782 2765 1836 Clu-isto
2818 1784 2958 1839 lacte
2989 1798 3164 1854 potas.

262 1872 408 1938 γάλα
436 1873 702 1937 ποτίζεις.

348 1964 970 2034 Ἀπολιναριόυ.-Διὰ
987 1969 1145 2021 τοῦτο
1167 1969 1310 2039 ὑπὲρ
1343 1969 1690 2040 ἀνθρωπίνην
1717 1971 1853 2036 ἁγα-

262 2055 459 2124 πῶμεν
488 2057 587 2128 τὴν
623 2060 729 2110 τῶν
752 2059 859 2112 σῶν
876 2061 1049 2126 λόγων
1072 2063 1359 2132 ἐπιρροήν·
1380 2065 1461 2114 ὅτι
1484 2080 1542 2114 σε
1572 2065 1858 2131 ἠγάπησεν

262 2150 295 2216 ἡ
329 2149 563 2219 εὐθύτης
591 2153 619 2203 ὁ
664 2152 872 2221 Ἰησοῦς
893 2170 905 2183 ·
935 2153 1001 2206 δι’
1025 2146 1086 2206 οὗ
1118 2154 1227 2226 (16)
1266 2156 1325 2207 τὸ
1361 2156 1576 2208 σκολιὶν
1603 2159 1680 2217 εἰς
1700 2156 1859 2226 ὀρθδν

263 2240 634 2295 ἀπευθύνεται
650 2261 662 2273 ·
691 2244 933 2308 τοιοῦτος
957 2247 985 2297 ὁ
1016 2246 1266 2317 μαθητὴς
1285 2247 1342 2300 ὃν
1361 2251 1549 2318 ἠγάπα
1573 2251 1600 2301 ὁ
1633 2248 1855 2317 Ἰησοῦς.

348 2334 708 2403 Ὠριγ-ἐνους,
737 2367 802 2377 -
841 2339 1052 2405 Ἥγουν
1095 2342 1142 2391 εί
1177 2340 1271 2392 καὶ
1314 2342 1408 2393 νῦν
1447 2342 1511 2393 δι’
1555 2342 1856 2404 ἀσθένειαν,

264 2442 318 2476 κ.
363 2442 412 2478 τ.
439 2426 492 2480 λ.
528 2428 668 2495 (ιι).

333 2516 398 2568 δ’.
428 2516 702 2571 Μέλαινὰ
729 2521 845 2587 ειμι
875 2521 975 2572 καί
1003 2523 1185 2588 καλὴ,
1203 2523 1523 2592 θυγατέρες
1562 2524 1859 2591 Ἰερουσα-

263 2607 389 2674 λήμ
407 2624 421 2638 ο
449 2609 530 2673 ὡς
553 2609 926 2678 σκηνώματα
949 2611 1171 2680 Κηόὰρ,
1195 2614 1275 2676 ὡς
1297 2613 1526 2682 ὄέρῤεις
1553 2616 1857 2684 Σαλομών.

338 2702 587 2754 Νείλου.
618 2733 686 2745 -
715 2703 777 2754 El
821 2705 916 2756 καὶ
949 2705 1181 2774 μέλαινα
1208 2706 1303 2758 νῦν
1343 2709 1475 2776 ὑμῖν
1513 2705 1654 2761 εἶναι
1695 2709 1860 2772 δοκῶ,

269 2795 475 2863 σημεῖά
510 2811 634 2847 τινα
664 2797 762 2866 τῆς
789 2798 1061 2868 προτέρας
1086 2800 1427 2869 ἐπιφέρουσα
1451 2804 1859 2866 καταστάσεως,

269 2885 384 2936 ἴστε
418 2885 500 2936 ὅτι
527 2885 602 2945 ὼς
631 2888 725 2938 ἐπὶ
754 2890 960 2958 σκηνῆς
989 2890 1067 2958 τῷ
1093 2890 1409 2962 Αἰθιοπικῷ
1437 2893 1667 2963 δέρματι
1699 2893 1863 2960 ἐγκέ-

270 2991 512 3044 κριιπται
562 2977 763 3041 κάλλος
802 2981 1111 3050 ἀμήχανον,
1154 2983 1292 3054 ὅπερ
1341 2984 1652 3054 ἀναλάμψει
1686 2986 1743 3037 ἐν
1787 2985 1865 3056 τῷ

270 3084 338 3134 γα
348 3067 496 3136 μικῷ
519 3068 646 3120 λουτ
657 3069 757 3138 ρῷ.

353 3159 716 3229 Ὠριγένους.
732 3191 803 3202 -
825 3163 915 3216 Ἐν
935 3181 1043 3232 γαρ
1061 3165 1170 3235 (12)
1191 3168 1258 3235 τῇ
1283 3165 1638 3237 κολυμϐήθρα
1654 3168 1746 3220 τοῦ
1766 3168 1863 3236 βα-

2009 1960 2716 2035 Apollinarii.—Propterea
2737 1985 2902 2038 supra
2941 1970 3230 2026 humanam
3258 1971 3536 2042 diligimus

1960 2059 2248 2108 verborum
2276 2063 2496 2109 tuorum
2529 2056 2889 2119 afﬂuentiam,
2916 2063 3044 2130 quia
3070 2073 3121 2116 te
3146 2063 3338 2120 dilexit
3371 2069 3535 2121 recti-

1961 2147 2111 2208 ttnlo,
2148 2145 2198 2198 id
2229 2154 2312 2198 est
2335 2143 2519 2200 .Icsus.
2564 2146 2665 2201 Per
2691 2165 2851 2215 quem
2879 2153 3164 2224 obliquum
3199 2158 3252 2211 in
3322 2169 3534 2213 rectum

1959 2235 2246 2304 dirigitur;
2271 2238 2395 2291 talis
2424 2250 2505 2292 est
2527 2238 2832 2312 discipulus
2873 2258 3035 2313 quem
3061 2245 3320 2315 diligebat
3348 2248 3534 2306 Jesus.

2034 2328 2295 2395 Origeuis.
2333 2358 2402 2367 —
2426 2327 2582 2386 Licet
2616 2332 2918 2388 etiamnum
2964 2348 3184 2407 propter
3246 2340 3538 2397 infirmita-

1961 2429 2090 2479 tem,
2119 2428 2223 2472 etc.

2037 2505 2201 2562 Vens.
2229 2509 2280 2562 4.
2326 2508 2501 2580 Nigra
2529 2528 2647 2565 sum
2672 2523 2721 2567 et
2757 2513 3018 2582 formosa,
3058 2519 3189 2586 ﬁlia:
3211 2519 3536 2590 Jerusalem,

1962 2611 2016 2652 ut
2048 2600 2393 2656 tabernacula
2423 2604 2619 2670 Cedar,
2647 2615 2705 2659 ut
2731 2608 2894 2673 pelles
2930 2609 3255 2668 Salomonis.

2035 2690 2247 2745 Nili.—
2268 2692 2378 2748 Etsi
2414 2695 2571 2764 nigra
2601 2712 2745 2750 nunc
2771 2699 2923 2753 vobis
2976 2715 3101 2756 esse
3132 2702 3339 2767 videor,
3385 2707 3539 2775 signa

1963 2783 2210 2851 qumdam
2243 2785 2444 2853 prioris
2470 2796 2650 2842 status
2684 2789 2952 2856 referens,
2989 2795 3187 2849 scitote
3229 2806 3410 2852 tamen
3436 2800 3540 2855 sub

1965 2876 2283 2946 [Etliiopica
2310 2879 2449 2946 pelle
2466 2883 2623 2948 quasi
2643 2881 2747 2936 sub
2764 2883 2954 2936 umbra
2983 2885 3151 2941 latere
3177 2888 3543 2955 pulchritudi-

1965 2985 2091 3022 nem
2127 2969 2528 3037 inimitabilem,
2573 2988 2694 3042 quae
2723 2977 2776 3027 in
2807 2977 3041 3044 nuptiali
3103 2979 3327 3034 lavacro
3357 2983 3541 3040 eluce-

1966 3059 2064 3113 bit.
3347 3060 3350 3063 ’

2044 3147 2311 3218 Origenis.
2373 3183 2413 3191 —
2445 3151 2675 3217 Quando
2705 3158 2853 3208 enim
2888 3172 2974 3212 me
3030 3159 3268 3214 abluerit
3321 3162 3542 3215 lavacro

369 3210 558 3229 *r'a"
592 3210 715 3227 ⁷⁷)-
840 3210 907 3216 —'
947 3210 1834 3237 Ι“”1”ὶ’”1’ἱΙ⁷“’⁹’“Τ”’ἸΤτ’“’“Γ”

269 3253 578 3324 πτίσματος
594 3255 721 3307 ὅταν
739 3273 806 3317 με
827 3255 1006 3309 λούειν
1020 3257 1210 3330 μέλλῃ,
1225 3259 1344 3311 τότε
1365 3259 1534 3328 ἀναόή
1545 3277 1706 3328 σομαι
1727 3260 1864 3329 λαμ-
1893 3210 1937 3268 c

1856 3289 1864 3300 ,
1893 3210 1937 3268 c
1973 3240 2340 3309 baptismatis,
2414 3253 2541 3298 tunc
2573 3245 2866 3299 ascendam
2911 3249 3195 3317 splendida
3225 3266 3254 3304 a
3278 3266 3540 3322 superve-

274 3345 406 3414 πρὰ,
441 3344 540 3414 τὴν
571 3347 956 3411 ὲπισδμὸἅσαν
993 3349 1273 3418 σκοτεινὴν
1304 3351 1565 3420 ποιότητα
1599 3352 1864 3419 ἀπονιψα-

275 3440 432 3507 μένη·
453 3439 530 3496 ὡς
549 3441 643 3491 καὶ
665 3440 808 3508 ὑμᾶς
825 3439 945 3492 τότε
965 3440 1177 3509 ὁρώσας
1203 3440 1530 3510 θαμϐεῖσοαι
1554 3444 1648 3493 καὶ
1663 3443 1860 3508 λέγειν·

272 3530 365 3591 Τίς
402 3529 543 3596 αὕτη
571 3533 604 3598 ἡ
637 3529 1011 3583 ἀναϐαίνουσα
1047 3531 1489 3601 λε).ευκασμένη;
1518 3533 1581 3585 Τί
1603 3529 1695 3586 οὖν
1729 3550 1863 3602 κομ-

275 3622 498 3684 πάζετε,
533 3621 834 3693 θυγατέρες
871 3623 1356 3694 Ἰερουσαλὴμ,ὲπὶ
1379 3629 1443 3696 τῇ
1468 3626 1577 3678 τῶν
1610 3626 1865 3694 πατέρων

273 3715 594 3783 οἰκειότητι,
620 3715 804 3785 ἔργοις
823 3717 1202 3786 ἀρνησάμεναι
1220 3719 1316 3788 τὴν
1336 3718 1649 3790 οἰκειότητα
1661 3717 1863 3782 αὐτῶν,

275 3804 369 3855 καὶ
398 3802 501 3873 τὴν
534 3808 600 3856 ὲκ
651 3804 889 3866 πίστεως
942 3807 1306 3876 ἁπωσάμεναι
1341 3807 1656 3873 δικαίωσινς
1683 3807 1756 3859 Τὸ
1786 3807 1864 3871 δὲ,

273 3897 352 3961 ὡς
383 3896 758 3963 σκηνώματα
789 3897 992 3968 Κηδὰρ
1021 3898 1120 3950 καὶ
1152 3899 1415 3967 δέρῤεις,
1443 3899 1552 3952 τῶν
1591 3901 1686 3953 δύο
1719 3917 1866 3954 ποιοσ

273 3988 451 4055 τήτων
480 3988 578 4048 τὰς
597 3987 910 4056 ἀκρότητας
935 3990 992 4041 ὲν
1025 3985 1112 4046 αἷς
1145 3990 1338 4057 γέγονε
1363 3991 1643 4061 σημαίνει,
1668 3992 1866 4060 ἀρετῆς

274 4074 366 4126 καὶ
420 4075 656 4138 κακίας,
711 4075 814 4142 τὴν
863 4076 964 4144 τῆς
1019 4076 1469 4147 είδωλολατρείας
1529 4079 1867 4148 μελανότητα

279 4165 652 4235 μεταθεμένη,
699 4168 792 4219 καὶ
820 4167 958 4236 καλὴ
989 4169 1258 4239 γενομένη
1289 4170 1364 4232 ὠς
1387 4170 1486 4232 τὰς
1511 4171 1866 4240 Σολομῶντος

274 4260 523 4330 δέρρεις·
558 4261 592 4328 ἢ
625 4261 721 4312 καὶ
769 4258 1108 4329 σκηνώματα
1148 4260 1336 4330 Κηὸἄρ
1389 4262 1515 4324 τοὺς
1562 4263 1670 4314 ἀπὸ
1698 4262 1867 4314 ἐθνῶν

276 4367 442 4420 φησιν
462 4369 474 4380 ·
513 4353 732 4422 δέρρεις
754 4351 811 4403 δὲ
841 4351 1096 4421 Σολομὼν
1125 4355 1253 4415 τοὺς
1290 4352 1350 4417 ἐξ
1381 4351 1652 4406 Ἰουδαίων
1687 4351 1868 4406 συνελ-

276 4444 472 4504 θόντας
506 4445 600 4496 καί
635 4443 1030 4513 προστιθέντας
1063 4446 1131 4513 τῇ
1165 4443 1373 4497 πίστει.

1969 3335 2136 3386 nienti
2164 3336 2506 3390 tenebricosa
2539 3338 2807 3406 qualitate
2867 3341 3083 3405 abluta;
3119 3342 3193 3396 ita
3229 3352 3288 3396 ut
3319 3353 3374 3399 et
3435 3359 3535 3400 vos

1974 3435 2102 3477 tunc
2130 3425 2398 3493 videntes,
2436 3443 2544 3498 prae
2566 3437 2794 3500 stupore
2821 3430 3052 3487 dictura:
3083 3435 3206 3490 sitis
3235 3453 3250 3490 :
3276 3435 3409 3502 Quae
3458 3446 3544 3492 est

1969 3516 2082 3568 lucc
2123 3532 2242 3586 quae
2259 3519 2509 3573 ascendit
2538 3519 2824 3575 dealbata?
2843 3521 2984 3588 Quid
3012 3524 3180 3594 igitur
3202 3526 3539 3596 gloriamini,

1969 3612 2091 3664 lilia).
2144 3610 2473 3678 Jerusalem,
2535 3614 2604 3669 de
2656 3623 2875 3684 patrum
2943 3616 3226 3684 allinitate,
3277 3622 3538 3690 operibus

1970 3712 2230 3772 iwgantes
2255 3718 2443 3757 eorum
2481 3704 2800 3761 aﬂinitatem
2832 3715 2886 3761 et
2910 3723 3031 3763 eam
3073 3723 3194 3778 quae
3221 3725 3289 3764 ex
3321 3711 3424 3766 llde
3449 3720 3536 3766 est

1971 3794 2922 3864 repellentesjustitiam?Cirterum
2979 3800 3139 3863 illud,
3188 3811 3246 3854 ut
3298 3803 3544 3858 taberna-

1968 3886 2087 3939 cula
2150 3886 2323 3940 Cedar
2375 3898 2424 3941 et
2475 3891 2657 3957 pelles,
2717 3893 2948 3946 duarum
3007 3894 3060 3947 in
3095 3895 3296 3964 quibus
3333 3907 3544 3952 versata

1972 3976 2073 4029 fuit
2136 3979 2459 4046 qualitatum
2503 3982 2880 4036 extremitates
2943 3982 3239 4053 signiﬁcat,
3311 3986 3536 4040 virtutis

1971 4069 2192 4139 inquam
2224 4081 2277 4125 et
2299 4071 2448 4137 vitii;
2481 4071 2610 4126 dum
2664 4072 2991 4129 idololatria
3056 4076 3394 4146 nigredinem
3444 4078 3544 4132 de-

1972 4162 2153 4230 posuit
2180 4170 2233 4215 et
2253 4163 2480 4232 pulchra
2511 4166 2687 4220 evasit
2713 4167 2862 4221 velut
2887 4169 3059 4238 pelles
3087 4169 3420 4227 Salomonis.
3442 4170 3538 4227 Vel

1969 4255 2134 4309 etiam
2159 4256 2509 4310 tabernacula
2535 4256 2711 4311 Cedar
2734 4268 2894 4313 vocat
2941 4275 3036 4316 eos
3067 4263 3161 4330 qui
3190 4278 3221 4317 e
3259 4263 3535 4331 gentibus,

1971 4351 2135 4418 pelles
2190 4365 2314 4402 vero
2368 4349 2680 4404 Salomonis
2740 4353 2832 4421 qui
2863 4369 2928 4406 ex
2975 4352 3181 4409 Iudaeis
3211 4355 3428 4410 collecti
3482 4365 3540 4409 et

1973 4442 2092 4495 lidei
2125 4444 2402 4510 aggtegati
2429 4451 2576 4496 sunt.

347 4539 364 4555 ‘
396 4534 807 4602 Θεοδωρήτου.
856 4563 926 4574 -
955 4536 1144 4587 Ἔστιν
1194 4536 1251 4600 ἐξ
1304 4534 1476 4588 ἐθνῶν
1529 4536 1862 4606 Ἐκκλησία,
1901 4543 1944 4596 D

1856 4577 1862 4599 ,
1901 4543 1944 4596 ι)
2045 4530 2374 4586 Theodoreti.
2401 4563 2470 4573 —
2495 4534 2761 4598 Ecclesia,
2793 4549 2824 4588 e
2884 4536 3178 4605 gentilibus
3237 4537 3540 4607 composita

280 4626 518 4696 μέλαινα
561 4628 664 4696 μὲν
712 4627 787 4689 ὡς
841 4625 1237 4696 ὲξηπατημένη
1285 4628 1381 4680 καὶ
1424 4630 1490 4698 τῇ
1537 4629 1718 4698 κρίσει
1757 4629 1866 4680 τῶν

276 4700 488 4788 ἀλόγων
516 4718 982 4790 κατεσποδωμένη
1003 4735 1018 4750 ο
1046 4719 1186 4789 καλὴ
1215 4720 1269 4771 δὲ
1293 4721 1666 4790 περιμένουσα
1690 4738 1748 4773 σε
1778 4723 1866 4775 τὸν

277 4813 336 4877 ἐξ
363 4813 602 4883 οὐρανοῦ
625 4809 829 4882 ἥξοντα
854 4811 946 4865 διὰ
974 4812 1070 4881 τὴν
1096 4813 1120 4863 ὲ
1130 4811 1235 4881 μὴν
1267 4814 1544 4882 σωτηρίαν
1563 4816 1860 4886 Δεσπότην⁸

275 4906 546 4974 δεδήλωκε
579 4904 637 4956 δὲ
667 4903 807 4957 κατὰ
851 4903 1066 4969 ταυτὸν,
1097 4903 1197 4972 τῆς
1240 4903 1560 4967 δυσσεϐείας
1585 4907 1676 4958 τὸν
1705 4907 1868 4976 ζόφον

277 4997 370 5050 καὶ
399 4997 502 5066 τὴν
530 4995 824 5066 δεδομένην
855 4996 960 5048 ὑπὸ
987 4995 1087 5064 τῆς
1113 4996 1260 5058 θείας
1291 4996 1510 5067 χάριτος
1535 4998 1669 5068 αὐτῇ
1693 4998 1861 5070 ὥραν.

361 5256 723 5323 Ὠριγένους.
777 5285 848 5296 —-
899 5255 1062 5323 Λέγει
1110 5255 1168 5308 δὲ
1223 5257 1254 5324 ἡ
1317 5253 1375 5318 ἐξ
1427 5255 1597 5308 ἐθνῶν
1642 5257 1864 5329 Ἐκκλη-

285 5348 388 5411 σία,
428 5367 484 5402 κ.
515 5366 566 5401 τ.
603 5349 654 5401 λ.
683 5349 820 5417 (15).

347 5442 711 5508 Γρηγοριόυ.
747 5470 819 5483 --
857 5442 949 5512 Μὴ
991 5441 1338 5510 θαυμάζετε,
1381 5441 1565 5509 φησὶν,
1595 5443 1676 5495 ὅτι
1705 5443 1865 5496 εὐθύ-

1974 4623 2132 4692 nigra
2162 4630 2268 4687 est,
2300 4632 2570 4692 quatenus
2601 4623 2656 4677 in
2685 4640 2930 4679 errorem
2968 4625 3206 4680 deducta
3233 4633 3289 4681 et
3323 4628 3541 4695 Opinio-

1977 4716 2136 4769 nibus
2203 4715 2612 4770 irrationalibus
2664 4717 2822 4786 quasi
2850 4718 3035 4771 cinere
3070 4732 3368 4787 conspersa
3401 4717 3542 4786 fuit;

1975 4808 2199 4876 pulchra
2266 4815 2469 4871 autem,
2523 4814 2796 4875 quatenus
2827 4815 2880 4861 te
2925 4815 3210 4876 exspectat
3243 4807 3528 4862 Dominum

1974 4901 2065 4969 qui
2096 4912 2312 4968 propter
2343 4915 2514 4952 meatu
2547 4899 2778 4952 salutem
2803 4914 2832 4953 e
2859 4900 2998 4953 coelo
3027 4909 3293 4955 venturus
3325 4916 3408 4956 es.
3459 4901 3536 4956 Ita

1978 5002 2293 5045 autemnon
2323 4991 2500 5044 solum
2559 4991 2852 5059 impietatis
2911 4992 3335 5056 caliginem,sed
3374 4995 3538 5048 etiam

1977 5085 2434 5156 pulchritudinem
2462 5101 2490 5138 a
2518 5086 2690 5156 gratia
2723 5085 2902 5139 divina
2937 5084 3191 5140 Ecclesiae
3220 5101 3540 5140 concessam

1975 5179 2315 5246 signiﬁcavit.

2047 5271 2380 5338 Origenis.——
2402 5269 2524 5323 Haec
2557 5281 2739 5324 autem
2782 5269 2916 5322 dicit
2951 5283 3013 5323 ea
3048 5283 3169 5338 qua:
3198 5283 3263 5323 ex
3289 5270 3543 5337 gentibus

1965 5372 2047 5415 est
2079 5361 2338 5424 Ecclesia,
2380 5369 2486 5414 etc.

2044 5449 2302 5519 Gregorii.
2332 5479 2401 5490 -—
2430 5451 2612 5505 Nolite
2633 5452 2842 5515 mirari,
2876 5453 3070 5522 inquit,
3102 5452 3230 5523 quia
3265 5446 3540 5505 rectitude

1846 5585 2073 5646 NOT/‘E.

351 5673 462 5746 (I07)
495 5672 624 5746 Ilrc
660 5674 712 5746 in
740 5674 908 5746 CLI};
930 5672 1164 5746 Qrigeni
1188 5677 1555 5728 vindicantur.

350 5745 458 5806 (Il)
494 5741 701 5794 I’alrol.
739 5753 776 5795 t.
813 5743 978 5805 XVII,
1007 5741 1113 5797 col.
1142 5745 1268 5799 25“.

349 5814 460 5880 (l2)
499 5812 552 5865 In
579 5815 771 5868 codice
805 5815 1064 5868 Vaticano
1093 5817 1192 5870 sub
1226 5807 1444 5870 nomine
1499 5816 1599 5870 Nili
1659 5817 1854 5872 inscri-

1973 5683 2193 5737 Iiunttlt‘.

2039 5755 2150 5816 (15)
2192 5753 2396 5807 I’atrol.
2438 5761 2472 5806 ι.
2511 5751 2674 5815 XVII,
2711 5752 2814 5807 col.
2839 5750 2963 5806 256.
