4264 6444
695 340 837 403 1559

2023 346 2371 408 PROCOPII
2408 345 2646 405 GAZA'II

3807 346 3945 411 1560

759 452 964 523 Cyriili.
1013 484 1084 493 —
1121 453 1214 508 Vel
1247 455 1349 509 nisi
1400 456 1779 525 preiitentiam
1813 459 2013 529 egeris,
2055 460 2252 529 inquit,
2286 463 2333 518 A
2432 464 2443 514 λ

2286 463 2333 518 Α
2432 460 2757 527 Κυρίλλου.
2795 489 2863 499 -
2897 459 3123 524 Ἥγουν,
3164 458 3213 511 εἰ
3246 456 3322 528 μὴ
3358 458 3719 529 μετανοήσῃς,
3752 462 3946 529 φησὶν,

694 545 964 613 posterior
992 546 1243 616 gentibus
1299 548 1609 617 reperieris,
1658 559 1843 619 utpote
1898 566 2006 605 non
2054 551 2260 606 habens

690 637 904 691 fructus
947 638 1200 707 jostitiaa,
1233 641 1377 708 quod
1409 642 1621 696 steriles
1661 657 1875 711 pascas,
1930 643 2089 713 idque
2136 650 2261 714 post

692 742 882 796 greges
938 744 1076 795 quos
1111 729 1243 783 mihi
1271 733 1689 785 constituerant.

744 814 1081 884 Apollinarii.
1116 816 1367 871 —Juxta
1398 822 1711 890 Symmachi
1776 838 1903 877 vero
1956 824 2255 879 editionem

693 908 1004 961 istiusmodi
1076 925 1296 964 sensum
1333 911 1495 963 habet
1530 927 1542 963 :
1592 910 1653 965 Si
1689 914 1911 967 necdum
1945 917 2117 984 gregis
2155 917 2259 969 mei

692 1001 899 1067 signum
940 1002 1249 1069 cognovisti,
1277 1011 1325 1054 et
1353 1002 1637 1055 secundum
1657 1021 1798 1058 meas
1832 1006 1965 1074 leges
2012 1008 2260 1073 populum

695 1102 842 1142 tuum
879 1092 1162 1160 gubernas,
1189 1092 1458 1162 egrediens
1481 1111 1691 1163 sequere
1735 1113 1950 1165 greges;
1988 1100 2071 1153 sic
2114 1099 2258 1152 enim

697 1198 998 1250 (ognosces
1057 1197 1188 1236 oves
1236 1199 1387 1238 meas
1443 1200 1551 1238 non
1607 1182 1823 1240 Iudaici
1865 1189 2047 1258 gregis
2108 1203 2262 1242 more

697 1270 980 1335 incedere;
1017 1286 1139 1323 nam
1174 1271 1257 1326 sic
1284 1282 1436 1341 pasta
1470 1289 1719 1342 novaque
1744 1284 1835 1328 tua
1868 1291 2086 1344 pecora,
2140 1291 2262 1345 quae

610 1382 613 1387 ~
697 1361 879 1413 haedos
904 1363 1118 1413 vocavit
1141 1375 1394 1430 pascens,
1420 1378 1722 1432 cognosces
1755 1367 1845 1419 uhi
1883 1377 2067 1434 pascat
2096 1366 2260 1420 Chri-

699 1462 838 1517 stus,
864 1453 1030 1522 ctqui
1056 1453 1127 1506 ab
1157 1455 1276 1522 ipso
1312 1460 1628 1523 pascantur,
1662 1457 1969 1525 spiritalem
2011 1458 2264 1527 pulcher-

697 1544 1008 1612 rimumque
1040 1544 1301 1598 habentes
1333 1543 1731 1608 characterem,
1769 1549 2073 1602 secundum
2098 1563 2261 1618 quem

702 1635 924 1703 pulchra
950 1636 1090 1688 inter
1118 1636 1371 1691 mulieres
1406 1636 1576 1691 electa
1608 1644 1691 1691 est
1715 1635 1980 1694 Ecclesia.

766 1897 1033 1968 Origenis.
1068 1930 1134 1940 -—
1166 1900 1337 1955 Porro
1358 1902 1711 1957 celeberrima
1759 1903 1846 1957 illa
1879 1904 2017 1974 apud
2052 1903 2272 1959 Graecos

699 1992 985 2055 sententia,
1021 1990 1190 2046 Nosce
1224 1996 1461 2060 teipsum,
1485 1995 1595 2059 jam
1624 2004 1749 2049 ante
1782 2012 1810 2050 a
1839 1996 2080 2066 sapiente
2117 1995 2273 2050 Salo-

701 2098 859 2135 mone
880 2096 1144 2151 prmcepto
1163 2085 1360 2137 tradita
1389 2094 1493 2148 est,
1535 2095 1637 2139 etc.

770 2172 939 2226 Vens.
970 2174 1021 2228 8.
1077 2174 1240 2243 Equo:
1276 2192 1402 2229 mea:
1435 2177 1487 2229 in
1514 2177 1755 2231 curribus
1798 2175 2097 2231 Pharaonis
2122 2178 2265 2232 assi-

700 2266 878 2318 milavi
904 2279 971 2329 lc,
995 2268 1237 2332 proxima
1266 2283 1399 2320 mea.

773 2354 1036 2425 Gregorii.
1067 2357 1286 2425 --Equa
1320 2357 1410 2410 Dei
1460 2360 1711 2427 opposita
1744 2359 2001 2414 curribus
2032 2359 2272 2414 Pharao—

704 2445 812 2505 nis.
850 2455 931 2499 cst
962 2447 1206 2515 angelica
1228 2445 1471 2512 quzedam
1503 2456 1557 2498 et
1592 2446 1887 2501 invisibilis
1914 2449 2088 2500 virtus
2112 2446 2276 2516 Egy-

702 2539 875 2606 ptiqu
918 2537 1257 2608 demet-gens,
1300 2540 1385 2592 cui
1439 2538 1773 2591 assitnilatur
1830 2539 2009 2591 anima
2058 2540 2274 2593 lavacro

703 2630 941 2698 expiata,
986 2644 1103 2699 qua:
1143 2644 1358 2683 omnem
1401 2644 1621 2683 sensum
1669 2627 2004 2699 Egyptium,
2030 2644 2275 2683 omnem-

708 2737 813 2787 que
836 2720 1195 2789 alienigenam
1228 2719 1490 2773 malitiam
1522 2719 1576 2771 in
1606 2719 1862 2771 curribus
1886 2719 2012 2771 oiim
2045 2718 2274 2770 Pharao-

706 2813 793 2865 nis
824 2824 1137 2879 cxpressam
1170 2810 1329 2880 aquis
1377 2808 1701 2877 submergit.
1743 2807 1878 2861 lluic
1931 2822 2084 2876 equa:
2145 2822 2276 2859 mea:

708 2904 871 2957 modo
905 2904 1198 2957 assimilavi
1228 2911 1300 2955 te.

2360 548 2537 603 ὀπίσω
2563 547 2671 601 τῶν
2724 546 2893 600 ἐθνῶν
2923 547 3195 618 εὐρεθήση
3224 564 3237 577 ’
3282 547 3377 600 ac:
3437 545 3514 617 μὴ
3556 547 3752 618 ἔχουσα
3800 566 3940 620 καρ-

2363 640 2500 702 ποὺς
2548 638 2931 707 δικαιοσύνης,
2985 638 3237 708 ἄκαρπος
3292 637 3549 705 μένουσα,
3610 637 3707 690 καὶ
3764 639 3943 692 όπῑσω

2367 731 2629 799 ποιμνίων
2656 722 2731 782 ὧν
2758 728 2996 799 ἐμαυτὸν
3027 728 3467 796 συνεστησάμην.

2443 823 2881 889 Ἀπολιναριου.
2907 849 2977 863 -
3004 819 3161 872 Κατὰ
3196 819 3255 871 δὲ
3283 819 3381 885 τὴν
3415 818 3629 871 ἔκδοσιν
3662 818 3757 871 τοῦ
3790 820 3939 888 Συμ-

2364 914 2558 983 μάχου,
2591 912 2847 980 τοιαύτην
2901 910 3016 979 ἔχει
3064 909 3164 977 τὴν
3203 908 3451 961 ἔννοιανο
3498 910 3567 961 Et
3614 907 3793 975 μήπω
3834 906 3943 960 τὸν·

2361 1002 2710 1073 χαρακτῆρα
2754 1000 2866 1069 τῆς
2903 1000 3054 1069 ἐμῆς
3100 997 3449 1066 ἐπέγνωκας
3498 999 3777 1075 ποίμνης,
3837 998 3938 1051 καὶ

2360 1094 2511 1148 κατὰ
2530 1096 2754 1162 νόμους
2780 1091 2961 1161 ἐμοὺς
2988 1089 3097 1143 τὸν
3130 1089 3396 1157 σεαυτῆς
3423 1088 3734 1156 ποιμανεῖς
3759 1088 3936 1152 λαὸν,

2360 1185 2699 1249 ἐξελθοῦσα
2723 1184 2849 1248 τοῖς
2874 1181 3173 1251 ποιμνίοις
3207 1180 3522 1234 ἀκολούθει
3549 1196 3565 1212 ο
3603 1178 3800 1241 γνώσει
3829 1180 3941 1248 γὰρ

2361 1277 2555 1338 οὕτως,
2594 1276 2677 1328 ὃτι
2710 1275 2784 1343 μὴ
2812 1273 2955 1326 κατὰ
2983 1273 3085 1342 τὴν
3121 1271 3355 1341 ποίμνην
3383 1270 3484 1340 τὴν
3515 1270 3814 1339 ἰουδαῖκὴν
3854 1270 3942 1340 βα·

2361 1368 2497 1432 δίζει
2543 1365 2790 1437 πρόϐατα
2840 1365 2908 1417 τὰ
2958 1365 3107 1433 ἐμά’
3149 1361 3292 1415 οὕτω
3344 1362 3455 1431 γὰρ
3514 1362 3933 1430 ποιμαινομένη,

2362 1461 2459 1513 καὶ
2488 1458 2558 1511 τὰ
2605 1456 2802 1525 ἑαυτῆς
2840 1454 3009 1524 νεαρὰ
3044 1454 3414 1522 ποιμαίνουσα
3445 1452 3759 1523 θρέμματα,
3792 1452 3936 1521 ᾇπερ

2363 1548 2518 1604 εἶπεν
2539 1549 2781 1621 ἐρίφους,
2818 1545 3001 1616 γνώσῃ
3041 1543 3143 1597 ποῦ
3182 1544 3336 1613 νέμει
3370 1543 3625 1613 Χριστὸς,
3668 1542 3762 1595 καὶ
3792 1541 3937 1604 τινες

2363 1645 2411 1696 οἱ
2444 1642 2536 1695 ὑπ’
2564 1641 2724 1695 αὑτὸν
2746 1638 3057 1708 νεμόμενοι,
3080 1635 3173 1689 τὸν
3200 1635 3566 1705 πνευματικὸν
3593 1633 3806 1703 ἔχοντες
3833 1635 3931 1687 καὶ

2368 1734 2649 1788 κάλλιστον
2678 1728 3026 1801 χαρακτῆρα,
3069 1726 3194 1778 καθ’
3250 1725 3309 1778 ὃν
3341 1725 3478 1796 καλὴ
3527 1729 3583 1779 ἐν
3628 1726 3875 1792 γυναιξὶν
3902 1727 3936 1796 ἡ

2294 1793 2342 1852 Β
2375 1824 2649 1893 ἐξαίρετος
2681 1793 2885 1889 ζλζκκλη
2894 1793 3005 1872 σία.

2457 1914 2812 1984 Ὠριγὲνους.
2842 1941 2913 1953 -
2937 1912 3010 1964 Τὸ
3038 1908 3475 1979 πολυθρύλλητον
3503 1907 3559 1959 δὲ
3592 1908 3721 1978 παρ’
3742 1907 3939 1977 Ἕλλη-

2376 2024 2461 2061 σιν
2491 2005 2806 2074 ἐπίφθεγμα
2842 2002 3203 2071 προείληπται
3236 1996 3537 2067 παραδοθὲν
3562 1995 3641 2064 τῷ
3667 1997 3815 2067 σοφῷ
3846 1997 3941 2049 Σο-

2373 2076 2628 2167 λομῶντι,
2659 2096 2741 2160 τδ,
2779 2093 2969 2147 Γνῶθι
2996 2091 3245 2155 σαυτὸν,
3273 2107 3327 2143 κ.
3356 2105 3409 2143 τ.
3436 2088 3487 2143 λ.
3523 2086 3652 2154 (l7).

2444 2187 2514 2258 η’.
2553 2186 2637 2255 Τῇ
2684 2187 2844 2249 ἵππῳ
2871 2202 2989 2253 μου
3035 2183 3105 2236 ἐν
3146 2182 3369 2250 ἅρμασι
3409 2177 3618 2246 Φαραὼ
3664 2175 3941 2246 ὡμοίωσὰ

2374 2295 2466 2345 σε,
2500 2281 2538 2348 ή
2573 2277 2837 2343 πλησίον
2857 2292 2999 2344 μου.

2446 2370 2795 2441 Γρηγορίου.
2830 2397 2894 2407 --
2934 2367 3165 2425 Ἵππους
3191 2361 3327 2415 Θεοῦ
3369 2360 3797 2429 ἀντιτασσομένη
3828 2361 3939 2421 τοῖς

2376 2464 2583 2533 ἅρμασι
2625 2457 2847 2528 Φαραὼ,
2880 2454 3110 2525 δύναμίς
3155 2470 3240 2515 τις
3268 2451 3537 2521 ἀγγελικὴ
3569 2451 3664 2503 καὶ
3708 2449 3939 2519 ἀόρατος

2374 2550 2845 2615 καταποντίζουσα
2892 2547 2985 2600 τὸν
3020 2544 3315 2612 Αἰγύπτιον
3337 2556 3350 2570 ·
3470 2540 3864 2609 παρεικάζεται
3904 2538 3941 2607 ἡ

2373 2647 2453 2716 τῷ
2477 2642 2688 2714 λουτρῷ
2715 2638 3102 2708 κεκαθαρμένη
3131 2635 3301 2705 ψυχὴ,
3323 2636 3429 2687 πᾶν
3445 2632 3739 2701 Αίγύπτιον
3762 2630 3944 2697 νόημα

2375 2738 2470 2791 καὶ
2529 2737 2709 2787 πᾶσαν
2782 2732 2880 2801 τὴν
2968 2727 3265 2796 ἀλλόφυλον
3329 2725 3529 2780 κακίαν
3602 2725 3715 2784 τοῖς
3789 2720 3942 2774 ὕδασι

2376 2823 2793 2887 κατακλύζουσα
2836 2838 2851 2852 ⁸
2920 2819 3017 2891 τὴν
3077 2815 3171 2873 οὖν
3246 2833 3396 2880 ποτε,
3439 2815 3597 2883 φησὶ,
3644 2811 3945 2881 γενομένην

2378 2921 2436 2971 ὲν
2485 2917 2693 2988 ἅρμασι
2726 2910 2959 2984 Φαραὼ,
3006 2912 3074 2980 τῇ
3122 2909 3273 2978 ἵππῳ
3316 2923 3418 2976 μου
3464 2905 3559 2959 νῦν
3617 2901 3949 2973 παρωμοίω-

2382 3027 2449 3063 σα
2482 3025 2564 3061 σε.

781 3081 990 3150 Cyrilli.
1022 3111 1089 3121 —
1111 3081 1204 3135 Vel
1227 3096 1347 3151 qua!
1376 3084 1665 3151 suscepisti
1697 3082 1854 3137 ﬁdem
1885 3042 2081 3150 meam,
2106 3101 2138 3139 ο
2172 3086 2274 3142 Ec-
2304 3122 2347 3179 ο
2382 3042 2465 3149 Νι

2268 3116 2274 3126 ·
2304 3122 2347 3179 C
2382 3042 2771 3164 Νιὲῖρίλλου.
2801 3122 2870 3170 τ-
2901 3091 3107 3157 Ἥγουν
3150 3084 3421 3179 δεξαμένη
3442 3080 3733 3179 τηνβὲμὴν,
3761 3073 3952 3179 ὧςΕέ-

711 3177 903 3233 rlesia.
933 3175 1200 3243 apostolis
1230 3175 1529 3229 assimilata
1556 3189 1636 3241 es,
1670 3174 1738 3229 de
1765 3177 1967 3245 quibus
1996 3184 2081 3232 est
2110 3178 2276 3233 illud:

718 3287 735 3311 σ
760 3266 1005 3321 Ascendc
1022 3282 1185 3336 super
1200 3281 1372 3336 equos
1387 3275 1533 3331 tuos,
1547 3277 1601 3321 et
1619 3268 1883 3335 equitatio
1910 3278 2000 3323 tua
2017 3271 2240 3324 salus".
2257 3289 2276 3322 ι

716 3357 818 3423 Qui
853 3366 907 3411 et
937 3357 1224 3428 praeparati
1255 3365 1384 3411 sunt
1415 3356 1708 3412 adversum
1747 3373 1948 3415 currus
1978 3360 2284 3429 spiritualis

714 3446 1044 3502 Pharaonis.

791 3541 953 3594 Vens.
990 3540 1044 3594 9.
1069 3539 1241 3607 Quam
1259 3542 1507 3610 speciosa:
1537 3542 1694 3610 facta
1715 3552 1835 3597 sunt
1866 3560 2013 3613 genae
2048 3552 2151 3600 tua:
2172 3554 2279 3598 tan.

717 3647 877 3700 quam
899 3633 1143 3686 turturis.

791 3722 1054 3792 Gregorii.
1101 3752 1167 3766 -—
1211 3722 1348 3778 Cum
1387 3738 1526 3794 equa
1572 3724 1645 3779 sit
1688 3725 1915 3793 lasciva,
1951 3728 2290 3784 continentia

722 3822 957 3876 turturis
982 3835 1100 3875 eam
1135 3818 1419 3873 exornavit
1448 3836 1462 3872 :
1502 3831 1700 3886 equam
1725 3819 2111 3889 enim,inquit,
2149 3820 2293 3877 dice-

723 3916 842 3966 liam
868 3953 883 3975 ,
915 3926 1022 3965 non
1054 3908 1212 3979 quasi
1231 3922 1399 3963 Acamo
1429 3906 1693 3977 frenoque
1719 3922 1859 3978 opus
1889 3911 1983 3974 sit,
2014 3925 2139 3964 nam
2158 3927 2293 3982 pura

720 4007 828 4056 vita
875 4003 971 4056 tibi
1003 4002 1273 4070 congruit.

792 4094 1093 4163 Cyriili.—-—
1122 4090 1221 4147 νει
1261 4091 1643 4147 verecundiam
1684 4108 1819 4163 erga
1854 4108 2123 4164 sponsum
2164 4109 2295 4164 pro-

726 4186 893 4253 ponit.
931 4182 1131 4237 Rubra:
1161 4198 1395 4252 namque
1427 4190 1555 4238 sunt
1584 4183 1820 4237 turturis
1843 4198 2015 4251 gente,
2050 4184 2179 4238 huic
2204 4200 2301 4239 au-

725 4285 833 4329 tent
883 4274 1207 4329 connexioni
1242 4272 1580 4329 contrarium
1611 4272 1818 4329 dictum
1847 4284 1930 4330 est
1948 4290 2046 4345 per
2071 4277 2300 4346 prophe-

2381 3162 2602 3256 κλησξα.
2632 3162 2973 3243 πίστινποίς
3029 3177 3347 3237 ἀποστόλοις
3376 3172 3666 3240 εἰκάσθης·
3711 3171 3838 3239 περὶ
3874 3162 3948 3222 ὧν

2381 3278 2462 3343 τὸ,
2502 3296 2519 3328 ι
2542 3276 2813 3345 Ἑπιϐήσῃ
2840 3272 2938 3326 ἐπὶ
2967 3271 3095 3331 τοὺς
3135 3268 3334 3329 ἵππους
3365 3281 3483 3327 σου,
3512 3264 3607 3315 καὶ
3646 3264 3681 3331 ἠ
3713 3259 3966 3320 ἱππασία,

2386 3388 2478 3425 σου
2529 3365 2797 3437 σωτηρία’
2836 3384 2855 3415 ι
2906 3363 2955 3416 οἳ
2990 3362 3083 3415 καὶ
3126 3361 3267 3413 κατὰ
3312 3358 3421 3411 τῶν
3473 3355 3735 3428 ἁρμάτων
3764 3354 3954 3423 εὐτρε-

2387 3462 2661 3530 πίσθησαν
2699 3457 2792 3510 τοῦ
2821 3454 3012 3523 νοητοῦ
3036 3450 3255 3519 Φαραώ.

2458 3553 2522 3607 θ’.
2586 3550 2644 3606 Τί
2682 3546 3072 3618 ὠραιώθησαν
3120 3543 3403 3612 σιαγόνι-ς
3453 3552 3571 3592 σου
3620 3538 3701 3602 ὡς
3742 3532 3957 3605 τρυτό·

2387 3663 2494 3705 νος
2515 3660 2532 3705 ἶ

2460 3666 2809 3803 ξ’ὶγηγοριου.
2841 3729 2919 3771 ”-
2963 3726 3222 3795 Ἐπείπερ
3274 3724 3441 3783 ἵππος
3491 3719 3811 3781 ἀκόλαστος,
3858 3716 3959 3785 τῆς

2390 3826 2649 3896 τρυγόνος
2685 3823 2856 3890 αὐτὴν
2885 3819 3163 3889 ἐκόσμησε
3195 3815 3551 3886 σωφροσύνην
3579 3829 3593 3844 ·
3633 3812 3799 3863 ἵππον
3849 3809 3960 3879 γὰρ

2394 3916 2567 3982 εἷπον,
2601 3915 2786 3984 φησὶν,
2818 3913 2917 3982 οὐχ
2966 3914 3041 3974 ὡς
3076 3908 3256 3979 κημοῦ
3283 3907 3547 3976 δεομένην
3582 3904 3676 3957 καὶ
3706 3899 3957 3971 χαλινοῦ·

2396 4011 2669 4081 ἐμπρέπει
2697 4009 2805 4077 γὰρ
2833 4008 2866 4074 ἡ
2889 4004 3105 4072 καθαρά
3136 4018 3217 4054 σοι
3241 3999 3373 4068 ζωή.

2467 4102 2786 4168 Κυρίλλου.
2817 4126 2873 4136 -—
2915 4097 3121 4161 Ἥγουν
3147 4090 3242 4160 τὴν
3267 4088 3398 4142 αἰδὼ
3422 4087 3521 4155 τὴν
3550 4084 3685 4155 πρὸς
3713 4083 3804 4134 τὸν
3830 4098 3890 4132 νυ
3901 4098 3965 4147 μ-

2400 4194 2521 4262 φίον
2557 4189 2850 4259 παρίστησι
2880 4185 2968 4239 διὰ
2993 4184 3090 4253 τῆς
3126 4181 3418 4251 τρυγόνος·
3456 4177 3684 4247 ἐρυθραὶ
3725 4173 3833 4241 γὰρ
3867 4174 3965 4239 τῆς

2401 4283 2658 4354 τρυγόνος
2687 4282 2741 4333 αἱ
2781 4277 3028 4344 σιαγόνες
3054 4291 3067 4305 ·
3110 4277 3179 4343 τῇ
3212 4273 3269 4327 δὲ
3305 4272 3593 4337 συναγωγῇ
3626 4263 3960 4354 τούναντίον·

726 4374 831 4416 tam
866 4381 878 4416 :
912 4382 929 4413 ι
968 4363 1159 4418 Facies
1182 4364 1276 4418 tibi
1306 4363 1445 4417 facta
1467 4375 1549 4419 est
1571 4365 1896 4426 meretricis.
1930 4366 2047 4421 sine
2102 4367 2302 4424 rubore

2279 4384 2302 4424 Β
2410 4352 2627 4439 (⁵οψις
2660 4369 2865 4438 πόρνης
2916 4364 3133 4434 ἐγένετό
3167 4380 3248 4416 σοι
3297 4359 3781 4431 ἀπανῃσχύντησας
3829 4352 3963 4424 πρὸς

728 4456 869 4505 theta
900 4468 960 4506 es
991 4452 1055 4505 ad
1083 4467 1270 4507 omnes
1300 4453 1363 4505 “.
1404 4471 1422 4501 ›

801 4544 1243 4615 Origenis.—Sed
1263 4552 1317 4598 et
1332 4544 1575 4599 membra
1596 4544 1851 4601 Ecclesiae
1865 4545 2069 4602 Christi
2084 4563 2298 4618 sponsae

730 4636 934 4691 Paulus
968 4637 1064 4702 ait,
1086 4645 1195 4690 etc.

800 4728 1007 4781 (lolium
1046 4734 1188 4778 tuum
1218 4727 1355 4779 sicut
1386 4734 1592 4794 torques
1621 4723 1804 4797 [Vulg.
1838 4727 2106 4800 monilia].

806 4819 1067 4889 Gregorii.
1087 4848 1156 4857 —-
1186 4816 1397 4871 Laudat
1423 4818 1622 4872 collum
1648 4819 1700 4872 in
1735 4819 1958 4888 ﬁguram
1987 4820 2178 4875 circuli
2200 4838 2298 4893 gy-

730 4919 909 4965 ratum
949 4910 1097 4978 quod
1144 4908 1343 4977 ubique
1395 4909 1450 4962 in
1509 4909 1760 4977 superbis
1811 4926 2077 4980 equorum
2138 4915 2299 4983 pullis

732 5003 850 5059 ﬁeri
894 5004 1162 5057 videmus.
1226 4999 1527 5069 Torquiuut
1593 5003 1739 5055 enim
1810 5004 2024 5058 mentio
2086 5004 2300 5058 indicat

732 5096 1210 5165 circulnm,cnjus
1246 5095 1419 5164 ﬁgura
1472 5094 1526 5148 in
1583 5094 1800 5149 cervice
1849 5102 2071 5149 ostensa
2120 5095 2300 5149 reddit

734 5201 934 5256 equum
980 5186 1161 5255 seipso
1207 5184 1595 5249 decentiorem;
1625 5184 1792 5255 ὅρμος
1850 5194 2033 5239 autem
2084 5187 2301 5255 proprie

735 5280 957 5350 quidem
989 5279 1190 5332 dicitur
1224 5278 1276 5332 in
1305 5278 1438 5331 locis
1466 5276 1754 5330 maritimis
1784 5277 1841 5330 in
1897 5278 2098 5347 quibus
2148 5279 2300 5332 littus

741 5370 1076 5424 intrinsecus
1107 5368 1160 5421 in
1198 5369 1338 5421 lunae
1367 5367 1602 5420 formam
1634 5373 1882 5418 cavatum
1907 5405 1921 5429 ,
1949 5370 2070 5419 sinu
2101 5367 2303 5435 excipit

810 5509 855 5539 “
872 5505 1075 5561 Habac.
1110 5518 1191 5568 ιιι,
1216 5500 1270 5556 8.
1347 5498 1602 5555 “Jerem.
1636 5506 1782 5561 "1,3.
1810 5518 1817 5524 ·

2325 4450 2368 4503 D
2403 4464 2621 4523 πάντας.
2654 4479 2671 4510 ›

2483 4549 2835 4619 Ὠριγένους.
2862 4576 2933 4586 -
2974 4543 3133 4597 Ἀλλὰ
3171 4542 3264 4597 καὶ
3309 4541 3444 4611 μέλη
3466 4537 3702 4609 Χριστοῦ
3733 4535 3967 4603 Ἐκκλη-

2406 4645 2524 4698 σίαν
2553 4642 2771 4710 νύμφης
2799 4640 2827 4691 ὁ
2864 4634 3075 4696 Παῦλός
3108 4650 3294 4703 φησιν,
3327 4649 3379 4684 κ.
3414 4649 3462 4684 τ.
3495 4630 3545 4683 λ.
3583 4629 3715 4700 (18).

2478 4730 2787 4798 Τρὰχηλός
2824 4742 2940 4779 σου
2969 4723 3051 4786 ὠς
3080 4722 3372 4790 όρμίσκοι.

2476 4820 2831 4889 Γρηγοριόυ.
2880 4845 2949 4856 -
3005 4814 3249 4866 Ἐπαινεῖ
3303 4811 3395 4864 τὸν
3446 4807 3714 4879 τράχηλον
3775 4806 3866 4859 τὸν
3912 4807 3973 4859 ὲν

2405 4916 2643 4985 σχήματι
2683 4909 2887 4964 κύκλου
2919 4905 3295 4976 γυρούμενον;
3351 4902 3379 4954 ὃ
3424 4901 3489 4971 δὴ
3534 4901 3661 4970 περὶ
3689 4900 3813 4962 τοὺς
3837 4897 3973 4967 γαύ-

2404 5023 2529 5077 ρους
2576 5004 2684 5056 τῶν
2736 5000 2931 5053 πώλων
2972 4997 3190 5067 ὁρῶμεν
3242 4994 3566 5063 ,γινόμενονο
3618 4995 3650 5061 ἡ
3700 4990 3811 5060 γὰρ
3834 4989 3973 5077 ῌτῶν

2401 5072 2680 5165 όρμίσκων
2741 5090 2929 5161 μνήμη
2984 5088 3075 5139 τὸν
3133 5084 3333 5138 κύκλον
3388 5082 3743 5139 ἐνδείκνυται.
3803 5072 3863 5131 οὗ
3913 5079 3975 5131 τὸ

2407 5192 2591 5259 σχῆμα
2620 5187 2711 5238 ἐπὶ
2740 5184 2835 5236 τοῦ
2863 5183 3089 5252 αὐχένος
3119 5176 3489 5246 δεικνύμενον,
3537 5172 3973 5243 εὐπρεπέστερον

2406 5279 2568 5333 αὑτοῦ
2609 5278 2699 5330 τὸν
2739 5275 2917 5328 πῶλον
2976 5274 3154 5325 ποιεῖ’
3203 5271 3369 5339 ὅρμος
3414 5267 3470 5319 δὲ
3499 5266 3739 5333 λέγεται,
3776 5259 3977 5330 κυρίως

2410 5371 2508 5440 μὲν
2543 5368 2634 5421 ἐπὶ
2662 5366 2768 5419 τῶν
2808 5363 3089 5435 παραλίων
3120 5359 3322 5423 τόπων,
3352 5358 3409 5409 ὲν
3434 5352 3514 5418 οἷς
3548 5356 3582 5425 ἡ
3612 5352 3745 5422 ὄχθη
3792 5349 3883 5403 καὶ
3913 5346 3976 5398 τὸ

2241 5588 2473 5645 NOTAE.

812 5694 924 5766 (Π)
962 5692 1242 5766 Scholium
1270 5690 1400 5745 illud
1432 5687 1574 5766 quod
1627 5685 1791 5766 inﬁC.
1927 5682 2297 5766 subunomin‘e

745 5752 1065 5838 Apollinarii
1102 5752 1481 5825 continuatur,
1514 5760 1659 5829 leges
1685 5756 1891 5812 Patrol.
1922 5765 1962 5811 t.
1991 5752 2155 5810 XVII.
2187 5752 2290 5807 col.

2404 5679 2527 5739 256.
2550 5678 2675 5731 257.
3088 5732 3091 5735 .

2482 5750 2592 5821 (ιε)
2626 5746 2832 5803 Patrol.
2865 5753 2904 5801 ι.
2937 5742 3099 5813 xvu,
3127 5742 3230 5799 col.
3252 5742 3379 5799 257.
