4264 6444
275 412 407 476 ῙΞῧΙ

1204 418 1743 485 ΟΟΜΜΕΝΤΑΠΙΙ
1789 426 1869 486 ΙΝ
1908 429 2224 492 CANTICA
2255 434 2554 495 CANTIC.

3375 434 3513 497 1.362

267 526 419 587 ἐντὸς
450 522 743 593 μονοειδῶς
783 525 1133 581 κοιλανοεῖσα
1154 570 1167 591 ,
1198 531 1524 601 ὑποδέχεται
1555 535 1633 606 τῷ
1675 536 1863 606 κόλπῳ

1968 556 2137 601 mare,
2174 557 2235 593 ac
2268 560 2359 610 per
2396 559 2455 597 se
2487 542 2689 613 quietis
2740 544 3032 597 stationem
3072 544 3272 611 przehet
3320 545 3387 598 iis
3439 550 3535 613 qui

262 615 366 685 τὴν
390 616 671 670 θάλασσαν
694 634 709 649 ⁸
743 619 837 670 καὶ
871 618 1146 671 ἀναπαύει
1170 621 1237 673 δι’
1273 624 1474 692 ἑαυτῆς
1502 627 1627 688 τοὺς
1654 629 1717 679 ἐκ
1758 626 1854 679 τοῦ

263 705 542 772 πελάγους
571 706 983 777 προσπλέοντας
1012 725 1024 735 ·
1065 711 1127 761 ὲκ
1176 714 1494 780 μεταφορᾶς
1543 714 1599 766 δὲ
1632 714 1718 768 διὰ
1758 714 1854 766 τοῦ

266 799 576 867 σχήματος,
606 800 634 851 δ
662 800 1091 870 περιτραχήλιος
1144 804 1350 871 κόσμος
1386 804 1555 873 ὅρμος
1594 804 1809 873 λέγεται
1839 823 1851 835 ·

266 888 341 950 ὡς
372 889 429 940 δὲ
460 891 542 951 εἰς
578 889 781 942 κύκλου
821 891 1011 959 σχῆμα
1044 892 1316 959 κάμπτων
1343 896 1370 945 δ
1401 895 1577 956 πῶλος
1614 896 1708 948 τον
1752 898 1853 948 αύ-

265 980 399 1048 χένα
424 981 563 1049 πρὸς
590 982 689 1043 τὰς
731 981 868 1043 ἰδίας
894 984 1004 1035 τῶν
1043 983 1219 1036 ποδῶν
1250 984 1434 1054 βάσεις
1463 986 1627 1056 ὁρῶν,
1663 986 1734 1038 δι’
1779 980 1856 1038 ὢν

264 1071 626 1141 ἀπρόσκοπόν
682 1090 743 1125 τε
787 1074 880 1125 καὶ
926 1075 1146 1144 ἀσφαλῆ
1202 1078 1439 1129 ποιεῖται
1490 1078 1581 1130 τὸν
1632 1078 1851 1149 δρόμον,

270 1163 413 1229 μήτε
447 1162 525 1230 τῷ
548 1162 684 1232 λίθῳ
714 1166 1089 1232 προσπταίων,
1120 1167 1256 1236 μήτε
1296 1168 1650 1237 κενεμϐατῶν
1691 1170 1751 1221 ἐν
1776 1172 1855 1237 τῷ

268 1250 450 1321 βόθρῳ
470 1269 486 1284 ο
516 1251 745 1306 τοῦτοδὲ
775 1254 837 1306 ού
867 1256 1064 1326 μικρὸν
1091 1259 1170 1319 εἰς
1199 1258 1479 1326 εὐφημίαν
1511 1261 1627 1312 ἐστὶ
1648 1260 1849 1328 ψυχῆς,

261 1344 326 1395 τὸ
356 1345 493 1415 πρὸς
522 1346 725 1417 ἑαυτὴν
760 1346 1019 1415 βλέπεινυ
1065 1350 1157 1402 καὶ
1189 1350 1259 1402 δι’
1303 1352 1602 1418 ἀσφαλείας
1634 1354 1851 1421 ἀπάσης

266 1437 406 1502 πρὸς
431 1438 523 1488 τὸν
552 1438 695 1490 ϐεῖον
723 1440 926 1509 δρόμον
962 1442 1276 1510 ἐπείγεσθαι
1301 1458 1315 1471 ⁸
1349 1445 1396 1495 εἰ
1433 1445 1491 1497 δὲ
1532 1441 1600 1513 ἦν
1644 1446 1724 1497 ἑνὶ
1755 1445 1851 1513 μό‹

262 1544 343 1597 νῳ
374 1531 822 1599 προπικασμένη
851 1532 1124 1601 ὁρμίσκῳ,
1161 1534 1355 1603 ἀτελὴς
1383 1536 1601 1598 πάντως
1628 1537 1656 1588 ὁ
1695 1538 1851 1588 ἔπαι-

261 1630 357 1675 νος
376 1609 466 1683 ἦν,
496 1614 572 1677 ώς
601 1618 664 1668 ού
694 1619 794 1685 τὴν
822 1618 994 1688 αὐτὴν
1025 1624 1118 1673 καὶ
1151 1624 1245 1675 ἐπὶ
1274 1624 1381 1675 τῶν
1402 1625 1605 1676 λοιπῶν
1637 1626 1852 1696 ἀρετῶν

260 1703 367 1772 τὴν
402 1708 718 1775 μαρτυρίαν
750 1708 891 1777 ἔχων
911 1726 926 1739 '
962 1710 1058 1763 νῦν
1082 1712 1138 1765 δὲ
1165 1717 1345 1765 πᾶσαν
1376 1715 1745 1783 συλλαμϐάνει
1773 1715 1851 1785 τῷ

260 1793 411 1864 λόγῳ
433 1796 544 1847 τῶν
572 1799 784 1866 ἀρετῶν
814 1802 913 1869 τὴν
948 1805 1278 1874 μαρτυρίαν,
1325 1806 1359 1875 ἡ
1389 1807 1524 1876 πρὸς
1561 1808 1622 1858 τὸ
1642 1791 1851 1876 πλῆθος

260 1885 374 1937 τῶν
402 1888 690 1956 ὁρμίσκων
724 1892 1007 1957 ὁμοίωσις.

334 1974 615 2044 Διδύμου.
671 2008 744 2018 --
796 1980 1084 2051 Ὀρμίσκοι
1152 1984 1459 2055 (19)γάρ,
1524 1987 1558 2056 ἡ
1637 1986 1853 2057 καθαρᾶ

258 2066 471 2128 πίστις,
525 2069 558 2135 ἡ
589 2068 889 2137 ἀμόλυντος
953 2074 1310 2145 σωφροσύνη,
1341 2078 1372 2129 ό
1412 2078 1653 2148 καθαρὸς
1689 2078 1801 2147 βίος

259 2158 435 2222 fxo-4v
469 2158 603 2211 αὐτὸ
651 2162 839 2232 χρῆμα
893 2163 1096 2233 κόσμος
1145 2166 1315 2233 ἐστὶν,
1365 2167 1566 2221 ἀλλὀὐ
1628 2170 1855 2239 κόσμιον

259 2264 331 2298 πε
344 2249 682 2317 ρικείμενος.

329 2340 662 2404 Κυρίλλου,
710 2371 783 2381 --
835 2344 1000 2410 Λέγει
1050 2344 1322 2414 τράχηλον
1378 2346 1439 2399 τὸ
1487 2348 1853 2403 ὑποτακτικὸν

257 2428 362 2494 τῆς
392 2428 573 2497 ψυχῆς
605 2448 619 2463 ο
658 2432 775 2494 πῶς
810 2434 919 2502 γὰρ
962 2434 1169 2502 κόσμος
1204 2437 1386 2500 καλὸς,
1419 2438 1591 2510 αὐχὴν
1618 2440 1851 2511 μελετήο

259 2535 363 2581 σας
396 2520 585 2589 φέρειν
614 2522 709 2574 τοῦ
744 2524 981 2593 Χριστοῦ
1012 2526 1102 2577 τὸν
1137 2528 1329 2593 ξυγόν;

337 2609 394 2673 ι’,
458 2610 549 2665 ια’.
619 2614 983 2683 ’θμοιώματα
1044 2619 1305 2685 χρυσίου
1357 2619 1703 2689 ποιήσωμέν
1755 2637 1854 2676 σοι

258 2700 410 2768 μετὰ
440 2703 785 2770 στιγμάτων
815 2704 923 2757 τοῦ
968 2706 1256 2773 ἀργυρίου
1288 2724 1301 2739 ο
1337 2708 1447 2774 ἕως
1482 2706 1554 2764 οὗ
1597 2714 1630 2763 ό
1671 2712 1852 2775 ,ϐασι-

256 2788 412 2852 λεὺς
442 2789 514 2839 ἐν
546 2791 866 2843 ἀνακλίσει
890 2794 1097 2847 αὐτοῦ.

348 2882 711 2949 Ὠριγένοιτ.
751 2915 821 2925 -—
850 2885 1023 2939 Τοῦτο
1053 2887 1132 2952 δὲ,
1182 2889 1242 2941 οὐ
1299 2889 1467 2949 πολὺς
1511 2887 1579 2962 ἦν
1607 2892 1728 2945 οὐδὲ
1759 2911 1852 2946 κε-

259 2972 503 3041 χυμένος
528 2975 556 3025 ὁ
585 2974 827 3044 ἄργυρος
854 3015 870 3038 ,
904 2994 959 3029 κ.
987 2995 1037 3031 τ.
1070 2979 1118 3030 λ.
1151 2980 1285 3049 (20).

333 3064 701 3131 Γρηγορίου,
728 3096 805 3105 ---
835 3066 1021 3131 ’Ἄξιον
1049 3069 1103 3123 δὲ
1146 3071 1303 3145 τούτο
1361 3072 1437 3143 μὴ
1476 3077 1856 3148 παραδραμεῖν

260 3152 625 3223 ὰῦεώρητον·
684 3156 737 3209 τί
794 3158 993 3227 δήποτε
1044 3161 1144 3214 οὐκ
1194 3162 1326 3215 αὐτὸ
1383 3164 1445 3216 τὸ
1501 3168 1729 3237 χρυσίον
1774 3172 1854 3232 εἰς

1958 646 1986 682 c
2022 634 2153 684 mari
2223 635 2590 704 adnavigant:
2625 650 2688 688 ex
2734 636 3055 702 metaphora
3100 644 3280 688 autem
3316 646 3531 705 propter

1958 724 2186 789 liguram
2214 737 2595 779 ornamentum
2627 725 2751 779 colli
2786 726 2990 778 dicitur
3023 726 3213 795 ὅρμος.
3247 725 3399 778 Sicut
3431 742 3533 778 au-

1957 821 2063 865 tem
2093 830 2268 881 equus
2294 818 2564 869 cervicem
2606 817 2659 869 in
2706 817 2893 869 orhem
2952 815 3175 871 ﬂectens
3227 818 3291 869 ad
3343 834 3534 869 attines

1957 920 2086 958 suos
2137 922 2355 971 gressus
2404 907 2620 975 aspicit,
2648 924 2755 975 quo
2785 910 2842 959 Iit
2874 916 2932 960 ut
2968 906 3269 960 inoﬂensus
3300 916 3353 959 et
3382 916 3533 961 tutus

1956 995 2027 1045 sit
2075 1010 2296 1060 gressus
2327 996 2472 1064 ejus,
2506 1010 2680 1063 neque
2714 996 2779 1047 ad
2818 997 3051 1061 lapidem
3089 996 3398 1060 ollcndeus,
3438 1012 3534 1050 nc-

1956 1102 2063 1153 que
2087 1087 2138 1138 in
2177 1087 2386 1139 foveam
2423 1097 2624 1140 temere
2678 1087 2929 1139 incidens
2963 1107 2976 1141 :
3010 1088 3079 1139 ita
3112 1104 3210 1141 nec
3265 1090 3365 1141 hoc
3404 1106 3531 1157 par-

1956 1193 2079 1229 Vttltt
2114 1178 2241 1232 facit
2271 1180 2335 1231 ad
2368 1180 2577 1232 laudem
2602 1182 2816 1241 animm,
2841 1195 3037 1247 nempe
3065 1180 3130 1231 ad
3168 1182 3407 1248 seipsam
3446 1197 3529 1234 re-

1952 1271 2183 1335 spicere,
2220 1277 2273 1322 et
2308 1284 2434 1321 cum
2495 1271 2643 1322 omni
2699 1273 2997 1325 securitate
3045 1273 3109 1324 ad
3169 1288 3390 1325 cursum
3443 1274 3530 1326 di-

1952 1362 2134 1414 vinum
2162 1360 2438 1415 festinare.
2466 1360 2519 1415 Si
2543 1371 2722 1414 autem
2754 1363 2844 1415 uni
2871 1364 2970 1416 soli
3008 1363 3311 1417 assimilata
3344 1365 3527 1427 torqui
3617 1402 3622 1408 .

1947 1462 2113 1511 essst,
2174 1453 2292 1505 laus
2331 1454 2557 1504 onuino
2605 1462 2753 1505 esset
2789 1453 3135 1521 itttpa'l'eeta,
3195 1456 3344 1522 quod
3415 1470 3524 1508 non

1952 1543 2091 1596 idem
2132 1543 2352 1596 haberet
2387 1544 2758 1597 testimoniqu
2814 1546 2864 1596 iu
2923 1546 3137 1598 exteris
3168 1546 3473 1599 virtutibus
3510 1564 3523 1597 :

1952 1646 2099 1683 nunc
2148 1641 2326 1684 autem
2360 1631 2609 1684 oratione
2659 1632 3035 1699 complectitur
3071 1648 3232 1687 omne
3267 1635 3527 1686 virtutum

1953 1721 2341 1783 testimonium,
2364 1722 2466 1775 ista
2493 1724 2772 1790 torquium
2805 1724 3136 1777 multitudini
3184 1726 3524 1779 assimilatio.

2034 1981 2265 2050 Didymi.
2294 2012 2362 2022 —
2393 1981 2645 2052 Torques
2678 1985 2823 2039 enim
2879 1995 3005 2040 sunt
3057 2002 3192 2055 pura
3232 1987 3387 2051 ﬁdes,
3421 1989 3525 2041 im-

1956 2076 2226 2127 maculata
2257 2075 2619 2139 continentia,
2653 2078 2852 2129 munda
2880 2080 3012 2132 vita.
3038 2078 3134 2133 Vel
3179 2081 3297 2150 ipsa
3322 2096 3409 2137 res
3432 2097 3527 2151 per

1955 2181 2014 2219 se
2039 2176 2267 2223 ornatus
2294 2176 2399 2233 est,
2430 2168 2526 2225 sed
2560 2183 2669 2223 non
2697 2177 2947 2224 ornatum
2979 2170 3207 2226 addens.

2026 2342 2240 2414 Cyrilli.
2265 2372 2337 2383 —
2364 2342 2504 2397 Dicit
2531 2349 2710 2397 autem
2765 2344 2965 2397 collum
3000 2343 3170 2398 animi
3199 2344 3527 2400 submissio-

1955 2433 2383 2503 nem.qnomodo
2406 2433 2552 2487 enim
2592 2449 2701 2487 non
2727 2434 3017 2502 pulchrum
3041 2442 3421 2490 ornamentum
3454 2437 3526 2491 sit

1952 2526 2195 2580 studiose
2229 2524 2369 2578 ferre
2406 2523 2592 2594 iugum
2633 2524 2838 2578 Christi
2872 2523 2897 2575 ?

2029 2615 2201 2671 Vsus.
2256 2615 2463 2679 10,“.
2509 2614 2899 2670 Similitudines
2941 2617 3065 2669 auri
3120 2616 3378 2685 faciemus
3432 2617 3527 2672 tibi

1954 2708 2228 2762 cumnotis
2257 2708 2486 2777 argenti.
2524 2706 2695 2760 Donec
2712 2721 2804 2761 rex
2830 2708 2885 2760 in
2915 2707 3163 2761 accubitu
3191 2725 3307 2763 suo.

2029 2884 2300 2953 Origenis.
2324 2913 2391 2924 —-
2415 2881 2529 2937 lloc
2573 2889 2773 2946 autem,
2806 2896 2905 2937 nec
2940 2882 3173 2937 multum
3205 2898 3303 2938 nec
3343 2884 3522 2939 fusum

1956 2986 2075 3031 erat
2108 2985 2409 3043 argentum,
2445 2981 2552 3027 etc.

2028 3063 2287 3132 Gregorii.
2313 3090 2381 3101 --
2422 3060 2527 3116 Par
2542 3068 2827 3116 estautem
2846 3061 2948 3114 hoc
2967 3076 3072 3115 non
3109 3063 3527 3131 praetermittere

1960 3156 2444 3212 inconsideratum.
2468 3168 2569 3207 cur
2600 3168 2794 3222 nempe
2827 3168 2932 3207 non
2974 3153 3151 3223 ipsum
3193 3168 3385 3209 aurum
3437 3170 3527 3210 as-

260 3244 475 3311 κὸσμον
523 3244 1020 3314 παραλαμϐάνεται
1056 3288 1071 3313 ,
1141 3249 1278 3303 ἀ).λά
1340 3252 1436 3305 τοῦ
1504 3233 1733 3324 γρυσίου
1786 3259 1855 3311 τὰ

1958 3250 2191 3301 stnnitur
2219 3245 2284 3299 ad
2317 3253 2599 3309 ornatum,
2649 3248 2743 3299 sed
2803 3246 2923 3299 auri
2982 3246 3380 3300 similitudines
3423 3254 3528 3300 :et

261 3333 625 3401 ὀμοιώματα’
667 3337 763 3389 καὶ
791 3338 892 3389 οὐκ
941 3340 1102 3401 αὐτὸς
1134 3341 1163 3392 ὀ
1203 3343 1465 3413 ἄργυρος,
1492 3347 1626 3400 ἀλλὰ
1677 3349 1746 3402 τὰ
1791 3352 1855 3402 ἐκ

260 3428 363 3493 τῆς
397 3424 531 3493 ὕλης
558 3427 783 3495 ταύτης,
814 3428 893 3497 τῷ
932 3430 1242 3499 ὁμοιώματι
1290 3433 1386 3486 τοῦ
1416 3435 1684 3507 ἀργυρίου
1721 3455 1854 3506 συγ-

261 3516 619 3585 κροτούμενα
649 3519 925 3588 στίγματα
949 3536 967 3554 ο
991 3520 1054 3573 τὸ
1077 3522 1258 3575 τοίνυν
1286 3524 1372 3578 διὰ
1398 3526 1557 3579 τοῦτο
1588 3528 1855 3599 δηλούμε-

259 3623 354 3659 νον
387 3606 631 3660 τοιοῦτόν
666 3610 835 3675 ἐστιν,
862 3611 946 3664 ὅτι
976 3613 1009 3681 ἠ
1040 3612 1161 3667 θεία
1188 3615 1348 3681 φύσις
1389 3617 1571 3688 πάσης
1598 3619 1856 3688 ὑπέρκει-

260 3716 353 3751 ται
394 3699 815 3769 καταληπτικῆς
854 3701 1110 3767 διανοίας,
1167 3706 1242 3758 Τὸ
1285 3707 1341 3760 δὲ
1367 3710 1497 3777 περὶ
1523 3710 1691 3779 αὐτῆς
1724 3713 1857 3779 ἡμῖν

260 3791 623 3860 ἐγγινόμενον
650 3792 848 3862 νόημα,
873 3793 1198 3865 ὁμοιώματά
1218 3802 1334 3851 ἐστι
1361 3798 1455 3850 τοῦ
1479 3798 1812 3868 ζητουμένου
1838 3818 1853 3833 ο

260 3883 321 3935 οὖ
353 3883 469 3951 γὰρ
506 3882 637 3934 ait?)
678 3882 951 3937 δείκνυσιν
992 3887 1204 3939 ἐκείνου
1244 3888 1306 3940 τὸ
1342 3884 1500 3953 εἶδος,
1547 3890 1722 3943 ὃοῦτε
1772 3908 1857 3954 τις

258 3969 427 4035 οἶδεν,
458 3972 584 4026 οὕτε
620 3974 747 4028 ἰδεῖν
778 3977 1027 4042 δύναται,
1063 3979 1198 4031 ἀλλὰ
1245 3980 1315 4032 δι’
1360 3981 1625 4049 ἐσόπτρου
1658 3984 1751 4034 καὶ
1790 3982 1857 4036 δι’

260 4066 591 4131 αἰνίγματος
641 4065 884 4135 ἔμφασίν
914 4082 1032 4121 τινα
1084 4075 1416 4139 σκιαγραφεί
1453 4072 1546 4124 τοῦ
1584 4062 1854 4142 ζητουμέ-

261 4173 379 4217 νου,
412 4156 477 4211 ἐκ
509 4173 656 4220 τινος
689 4159 959 4228 εἰκασμοῦ
1005 4164 1128 4221 ταῖς
1171 4162 1371 4231 ψυχαῖς
1402 4166 1715 4233 γινόμενον·
1752 4169 1857 4228 πᾶς

260 4246 318 4298 δὲ
341 4247 503 4313 λόγος
529 4250 640 4300 τών
669 4250 926 4303 τοιούτων
962 4254 1251 4321 νοημάτων
1300 4258 1654 4323 σημαντικὸς,
1708 4275 1860 4325 στιγ-

266 4339 377 4407 μῆς
431 4356 579 4401 τινος
631 4340 875 4410 ἀμεροῦς
925 4343 1156 4415 δύναμιν
1212 4346 1322 4416 ἔχει
1353 4386 1367 4409 ,
1437 4349 1511 4419 μὴ
1564 4350 1857 4418 δυνάμενος

264 4431 512 4500 ἐμφῆναι
554 4432 694 4502 ὅπερ
730 4436 760 4502 ή
805 4434 1016 4487 διάνοια
1053 4437 1300 4504 βούλεται
1332 4457 1345 4470 ·
1391 4440 1465 4502 ώς
1513 4438 1655 4494 εἶναι
1681 4446 1859 4495 πᾶσαν

1957 3354 2062 3390 non
2093 3338 2272 3407 ipsum
2307 3343 2615 3406 argentum,
2654 3336 2748 3389 sed
2778 3351 2901 3403 qua:
2933 3352 2996 3389 ex
3035 3338 3136 3389 hac
3166 3337 3396 3390 materia
3428 3338 3526 3391 im-

1956 3444 2157 3497 presso
2182 3437 2307 3480 sunt
2337 3435 2479 3481 nota:
2509 3428 2627 3480 auri
2670 3425 3047 3479 similitudini.
3077 3426 3234 3492 Quod
3273 3443 3402 3495 ergo
3432 3443 3529 3495 per

1957 3521 2075 3573 ιιωο
2135 3518 2475 3588 signiﬁcatur
2517 3526 2600 3573 est
2646 3517 2957 3585 hujusmodi
2994 3536 3006 3569 :
3040 3516 3279 3571 divinam
3334 3534 3529 3587 nempe

1959 3622 2210 3666 naturam
2245 3610 2510 3666 excedere
2534 3624 2752 3663 omnem
2784 3608 3120 3677 intelligendi
3158 3609 3479 3663 facultatem
3509 3626 3526 3675 ;

1959 3718 2078 3771 qua:
2102 3714 2279 3754 autent
2312 3700 2381 3755 de
2419 3715 2482 3753 ea
2514 3698 2676 3753 nobis
2720 3699 2863 3754 inest
2909 3700 3295 3769 intelligentia.
3332 3701 3529 3755 simili-

1958 3797 2090 3848 tudo
2121 3804 2204 3846 est
2224 3792 2343 3861 ejus
2392 3792 2537 3861 quod
2593 3791 2876 3856 quaeritur.
2928 3789 3046 3844 Non
3108 3793 3251 3845 enim
3288 3793 3531 3847 ostendit

1958 3889 2130 3958 ipsam
2159 3888 2302 3940 illius
2327 3886 2575 3948 formam,
2595 3900 2756 3953 quam
2786 3900 2960 3952 neque
2984 3885 3411 3953 novitquispiam
3429 3900 3531 3940 nec

1958 3978 2138 4029 videre
2175 3982 2370 4046 potest,
2396 3973 2489 4028 sed
2522 3989 2617 4041 per
2641 3975 2925 4043 speculmn
2948 3985 2997 4027 et
3016 3975 3244 4043 aenigma
3268 3975 3533 4029 describit

1960 4068 2249 4137 q’uarmlam
2281 4067 2590 4132 illiusquod
2621 4065 2888 4131 quaeritur
2910 4074 3258 4133 apparentem
3288 4066 3524 4135 speciem

1958 4175 2077 4225 «μιν
2092 4156 2287 4207 animis
2310 4169 2375 4208 ex
2390 4155 2620 4222 quadam
2641 4151 2954 4219 conjectura
2978 4151 3329 4204 inestdlmuis
3350 4162 3527 4203 autem

1959 4246 2137 4298 oratio
2171 4259 2290 4312 qua:
2326 4242 2596 4312 signiﬁcat
2628 4241 2941 4307 huiusmodi
2973 4242 3179 4295 mentis
3214 4242 3533 4307 conceptio-

1962 4353 2078 4395 nes,
2110 4336 2271 4388 habet
2294 4336 2400 4385 vim
2441 4332 2725 4398 cujusdam
2773 4332 2956 4400 puncti
2989 4330 3273 4393 individui,
3302 4347 3405 4383 non
3437 4347 3531 4382 va-

1963 4430 2078 4480 lens
2114 4427 2386 4494 explicare
2413 4424 2462 4477 id
2495 4423 2641 4492 quod
2679 4424 2791 4475 vult
2818 4422 3016 4476 mentis
3047 4422 3330 4490 cogitatio.
3356 4420 3432 4473 Ita
3471 4405 3531 4473 ut

269 4520 369 4589 μὲν
398 4521 641 4573 διάνοιαν
682 4527 1001 4594 κάτω-δέραν
1032 4528 1128 4596 τῆς
1159 4528 1419 4599 ἀληθείας
1450 4535 1854 4603 κατανοήσεως·

1964 4522 2141 4574 Omnis
2165 4518 2385 4586 quidem
2424 4516 2623 4570 mentis
2668 4515 2955 4583 conceptio
2986 4516 3057 4569 sit
3086 4515 3226 4568 inl'ra
3263 4515 3351 4567 Dei
3382 4530 3534 4567 eom-

267 4611 449 4665 πάντα
475 4614 535 4665 δὲ
565 4614 723 4681 λόγον
767 4617 1163 4686 ἑρμηνευτικὸν
1206 4622 1438 4692 στιγμὴν
1470 4624 1729 4694 βραχεῖαν
1773 4626 1860 4678 δο-

266 4708 408 4768 κεῖν,
445 4704 523 4775 μὴ
548 4705 850 4774 δυνάμενον
878 4708 957 4777 τῷ
982 4710 1173 4763 πλάτει
1221 4713 1320 4779 τῇς
1346 4713 1584 4776 διανοίας
1608 4716 1862 4767 ἐπεκτεί-

266 4796 493 4850 νεσϐαιο
526 4794 629 4865 τὴν
663 4792 757 4849 οὖν
800 4797 889 4850 διὰ
925 4797 1035 4851 τῶν
1087 4801 1347 4854 τοιούτων
1402 4803 1663 4871 ῥημάτων
1712 4820 1861 4873 χειρ-

268 4887 674 4955 αγωγουμὲνην
711 4886 891 4960 ψυχὴν
919 4890 1055 4959 πρὸς
1110 4891 1210 4961 τὴν
1251 4892 1359 4945 τῶν
1413 4894 1672 4961 ἀλήπτων
1704 4896 1883 4965 *περί-Δ

270 4993 438 5040 νοιαν,
460 4978 553 5030 διὰ
585 4978 754 5048 μόνης
786 4980 1025 5043 πίστεως
1056 4982 1374 5045 εἰσοικίζειν
1416 4985 1474 5036 ὲν
1515 4986 1682 5056 ἑαυτῇ
1712 4987 1860 5054 λέγει

268 5067 379 5121 δεῖν
402 5071 509 5140 τὴν
532 5070 713 5123 πάντα
738 5071 863 5125 νοῦν
901 5073 1276 5143 ὑπερέχουσαν
1330 5075 1493 5143 φύσιν
1517 5092 1530 5106 ⁸
1582 5079 1675 5130 καὶ
1706 5078 1862 5130 τοῦτό

270 5159 385 5213 ἔστι
411 5161 473 5211 τὸ
506 5160 662 5230 παρά
682 5161 790 5214 τῶν
816 5162 987 5230 φίλων
1022 5164 1314 5233 λεγόμενον
1337 5207 1351 5230 ,
1375 5168 1457 5219 ὅτι
1493 5168 1585 5221 Σοὶ
1624 5171 1864 5240 ποιήσω·

275 5268 395 5320 μεν,
419 5245 468 5303 ὦ
495 5250 672 5321 ψυχὴ,
694 5256 760 5322 τῇ
778 5254 962 5316 καλῶς
987 5259 1122 5326 πρὸς
1140 5258 1231 5310 τὸν
1247 5258 1410 5310 ἵππον
1438 5259 1858 5331 ἀπεικασοείσῃ.

275 5341 579 5413 ίνδάλματά
608 5360 732 5397 τινα
762 5345 867 5415 τῆς
916 5347 1175 5417 ἀληθείας
1206 5351 1303 5403 καὶ
1329 5352 1649 5421 ὁμοιώματα
1668 5366 1683 5381 ⁶
1747 5369 1859 5405 τοι-

272 5433 407 5504 αύτη
438 5434 553 5504 γὰρ
605 5434 701 5487 καὶ
746 5435 841 5489 τοῦ
873 5436 984 5491 τῶν
1031 5439 1204 5507 λόγων
1235 5442 1496 5513 ἀργυρίου
1549 5446 1582 5515 ή
1632 5442 1860 5513 δύναμις

1964 4614 2381 4683 prehensionem
2414 4628 2427 4663 :
2467 4610 2647 4663 omnis
2688 4617 2867 4661 autem
2916 4609 3287 4676 interpretans
3352 4607 3531 4660 oratio

1960 4705 2174 4759 videtur
2201 4718 2325 4756 esse
2357 4702 2537 4753 hrevis
2571 4709 2827 4767 punctus,
2861 4714 2983 4752 eum
3020 4714 3128 4751 non
3166 4698 3342 4768 possit
3366 4698 3532 4752 simul

1958 4795 2173 4852 extendi
2215 4810 2338 4849 cum
2382 4795 2671 4847 latitudine
2720 4794 3090 4863 cogitationis.
3129 4795 3377 4846 Animam
3433 4793 3532 4861 igi-

1959 4901 2066 4952 tur,
2095 4906 2214 4956 quae
2238 4904 2333 4960 per
2351 4888 2666 4955 hujusmodi
2702 4888 2904 4941 mentis
2966 4888 3356 4954 coneeptiones
3413 4892 3535 4937 tau-

1963 4997 2124 5051 quam
2148 4995 2308 5033 manu
2328 4977 2547 5032 ducitur
2572 4980 2638 5032 ad
2663 4994 2851 5031 eorum
2878 4993 2999 5047 qua:
3020 4979 3139 5046 capi
3157 4993 3259 5030 non
3281 4984 3532 5045 possunt.

1962 5071 2342 5141 cogitationem
2409 5066 2571 5131 dicit,
2607 5082 2701 5135 per
2728 5068 2900 5121 solam
2954 5067 3111 5119 tidem
3168 5077 3421 5133 oportere
3466 5064 3532 5117 ad

1963 5178 2115 5215 suam
2134 5160 2486 5214 introducere
2513 5158 2928 5224 habitationem,
2953 5166 3204 5209 naturam
3235 5157 3381 5208 illam
3413 5170 3537 5224 quae

1962 5270 2177 5307 omnem
2202 5259 2424 5319 superat
2452 5250 2885 5318 intelligentiam.
2913 5248 2976 5301 Et
2999 5248 3099 5300 hoc
3119 5257 3200 5301 est
3230 5247 3359 5299 illud
3389 5246 3535 5314 quod

1960 5345 2159 5399 dicitur
2184 5343 2250 5396 ab
2274 5341 2484 5400 amicis.
2510 5341 2652 5403 Tibi,
2685 5356 2718 5394 ο
2742 5342 2945 5401 anima,
2977 5354 3097 5409 qua:
3126 5346 3275 5392 recte
3298 5338 3452 5406 equis
3477 5353 3537 5392 es

1967 5439 2288 5500 assimilata,
2323 5434 2588 5489 faciemus
2615 5434 2866 5503 qttzrdam
2897 5433 3113 5487 virtutis
3164 5431 3459 5487 simulacra
3481 5440 3528 5485 et

1754 5660 1985 5718 NOTAE.

347 5763 459 5831 .19)
499 5762 789 5833 Ὄρμίσκοι
818 5760 1032 5833 ςτῄβίος
1071 5761 1124 5833 in
1148 5760 1300 5833 βαΰ.
1323 5762 1716 5826 continuantur
1742 5757 1845 5815 sub

1952 5758 2102 5816 lmine
2123 5757 2294 5831 Grego

346 5830 457 5903 eo)
504 5830 710 5887 ράιίνοι.
753 5843 789 5887 t.
817 5830 983 5899 xvu,
1014 5832 1120 5887 col.
1141 5831 1267 5887 257.
