4264 6444
717 361 845 422 liti?

2043 368 2394 427 PROCOPI’I
2435 369 2676 428 GAZJEI

3838 360 3972 422 1568

707 477 1213 541 s-nsusolilectat;
1257 479 1336 530 vel
1390 493 1510 531 cum
1557 477 1740 532 fructu
1779 479 1890 548 jam
1926 481 2170 549 perfecto
2231 482 2283 532 in
2319 487 2391 539 Λι

2319 487 2360 539 Λ
2389 480 2579 550 διπλῆς
2608 476 2703 534 οὖν
2727 479 2894 551 οὔσης
2928 483 2987 533 ὲν
3009 480 3087 551 τῷ
3122 482 3310 551 βότρυῖ
3339 480 3439 550 τῆς
3477 477 3853 540 ἀπολαύσεως,
3877 478 3977 544 τῆς

709 580 893 618 tim-ira
940 571 1103 621 silum
1159 577 1241 620 est
1295 578 1567 637 potestate
1637 580 1731 623 aut
1771 571 1894 639 ejus
1956 573 2291 626 comestione

705 658 985 716 de‘ectari.
1032 668 1122 711 aut
1179 658 1230 711 in
1274 661 1541 714 conviviis
1603 663 1728 714 vino
1784 664 2103 718 exhilarari.
2191 665 2292 717 llic

709 764 908 812 sponsi
948 749 1122 800 adhuc
1164 747 1445 802 ﬂorentem
1474 749 1697 804 botrum
1731 752 1976 821 decerpit
2005 795 2018 812 .
2052 755 2289 823 Cyprum

706 843 836 893 vitis
869 840 1054 893 ﬂorem
1100 842 1404 909 appellans.
1455 843 1560 908 Qui
1595 847 1738 898 enim
1770 855 1935 899 natus
1971 856 2056 899 est
2085 850 2241 900 nobis
2273 890 2287 912 ,

710 946 842 998 puer
877 929 1056 992 Jesus,
1101 933 1152 983 in
1191 932 1423 986 diversis
1458 934 1637 1001 ipsum
1711 938 2144 1005 suscipientibus
2207 940 2291 992 di-

708 1037 872 1074 verso
917 1025 1079 1074 "‘0th
1116 1026 1410 1091 proﬁciens
1441 1028 1710 1094 sapientia
1735 1041 1787 1084 et
1817 1038 1978 1083 mtate
2017 1040 2069 1082 et
2118 1032 2292 1098 gratia

709 1127 816 1163 non
854 1111 905 1164 in
939 1114 1194 1168 omnibus
1227 1116 1366 1169 idem
1403 1126 1485 1169 est
1507 1158 1522 1181 ,
1555 1118 1649 1172 sed
1683 1134 1779 1188 pro
1805 1136 2060 1174 mensura
2089 1121 2211 1188 ejus
2239 1122 2290 1172 in

708 1218 817 1271 quo
856 1205 1090 1268 exsistit,
1126 1207 1426 1260 secundum
1454 1210 1811 1276 capacitatem
1845 1211 1994 1265 illius
2015 1211 2106 1279 qui
2142 1211 2291 1264 illum

709 1295 855 1362 capit
887 1293 1010 1348 talis
1042 1305 1287 1363 apparet,
1325 1298 1411 1351 vel
1456 1298 1641 1353 infans
1672 1340 1688 1362 ,
1723 1302 1806 1354 vel
1838 1302 2138 1369 proﬁciens
2165 1342 2181 1364 ,
2208 1303 2290 1356 vel

711 1385 1003 1448 perlectus,
1042 1384 1195 1454 juxta
1249 1395 1502 1440 naturam
1561 1389 1700 1442 bolri
1747 1429 1761 1452 ,
1793 1392 1883 1460 qui
1941 1406 2049 1445 non
2104 1393 2292 1446 eadem

708 1487 924 1538 Sclttpct‘
962 1475 1142 1541 specie
1179 1474 1230 1527 in
1267 1478 1374 1529 vite
1412 1478 1787 1545 conspicitur,
1825 1481 1920 1533 sed
1983 1495 2090 1533 una
2169 1496 2293 1534 cum

712 1573 956 1630 tempore
995 1564 1224 1617 formam
1256 1574 1450 1630 mutat,
1477 1566 1697 1630 ﬂorens,
1723 1570 2293 1640 vernans,perfectus.

712 1661 980 1717 maturus,
1011 1656 1198 1709 vinum
1229 1657 1425 1712 tactus.
1461 1657 1558 1712 llic
1600 1667 1686 1712 est
1721 1675 1852 1730 ergo
1892 1663 2086 1717 botrus
2109 1663 2293 1733 Cypri,

712 1750 903 1805 botrus
945 1753 1131 1805 vinum
1189 1755 1535 1819 promittens,
1575 1756 1815 1808 nondum
1881 1767 2062 1810 autem
2108 1759 2294 1812 vinum

710 1846 1004 1905 exsistens,
1066 1844 1162 1897 sed
1220 1861 1316 1913 per
1344 1845 1529 1901 ﬂorem
1593 1863 1865 1904 nascens:
1929 1865 2055 1919 spes
2115 1860 2293 1904 autem

710 1940 793 1983 est
823 1932 921 1986 ﬂos
974 1933 1042 1987 de
1083 1933 1266 1988 futura
1319 1939 1494 2006 gratia
1534 1936 1691 1992 ﬁdem
1735 1939 1963 1996 faciens.
1995 1941 2293 1997 Odoralum

710 2029 855 2080 enim
887 2028 1126 2082 delectat
1171 2037 1299 2084 ante
1328 2042 1547 2099 gustum
1578 2073 1592 2093 ,
1628 2033 1895 2087 bonorum
1930 2037 2296 2105 exspectatio-

714 2137 781 2173 ne
807 2161 820 2180 .
846 2122 959 2188 spei
983 2123 1281 2190 vaporibus
1311 2125 1477 2176 animi
1513 2140 1716 2178 sensus
1750 2141 2024 2179 recreans.
2051 2129 2298 2194 Ailjectio

712 2221 892 2263 autem
930 2215 1179 2265 voeabnli
1224 2213 1398 2266 θαάάὶ
1465 2216 1742 2284 signiﬁcat
1805 2220 1981 2271 locum
2042 2220 2294 2286 pinguem

713 2303 766 2352 in
819 2318 926 2369 quo
956 2303 1084 2355 vitis
1158 2304 1380 2358 radices
1421 2320 1589 2374 agens
1661 2308 1903 2374 opinnnn
1958 2322 2022 2360 ac
2077 2324 2294 2362 suavem

713 2392 950 2443 fructum
986 2391 1116 2444 edit.
1154 2391 1245 2444 Sic
1285 2395 1428 2446 enim
1486 2396 1577 2461 qui
1635 2395 1701 2448 de
1753 2396 1998 2448 locorum
2049 2399 2298 2451 scr-bunt

714 2481 940 2534 historia
963 2482 1152 2534 dicunt
1208 2491 1410 2535 sortem
1446 2482 1616 2538 Gaddi
1684 2501 1806 2539 esse
1863 2498 2168 2556 appositam
2230 2491 2296 2542 ad

713 2573 1174 2626 alenzlosbotros.
1217 2574 1489 2640 Quoniam
1546 2576 1712 2644 igitur
1767 2579 1858 2647 qui
1923 2581 2023 2646 legi
2084 2583 2295 2634 Domini

712 2663 1046 2715 Voluntatem
1100 2664 1259 2716 habet
1331 2675 1747 2734 congruentem,
1800 2669 1893 2721 diu
1925 2679 1978 2722 et
2006 2682 2170 2722 noctu
2243 2673 2295 2723 in

714 2769 776 2808 ea
809 2755 1078 2808 meditans
1117 2795 1131 2817 ,
1179 2756 1412 2809 eﬂicitur
1484 2759 1647 2810 arbor
1702 2775 1919 2829 semper
1947 2763 2295 2827 germinans,

716 2858 978 2912 aquarum
1009 2844 1299 2899 aﬂlnxibus
1335 2847 1552 2916 pinguis
1604 2850 1864 2916 evadens,
1902 2867 2112 2919 suoque
2159 2862 2296 2907 tem-

716 2951 847 3003 pore
878 2943 1183 3004 opportuno
1213 2937 1448 2990 fructum
1487 2939 1672 2991 ferens
1705 2955 1766 2992 ea
1798 2941 1864 2994 de
1909 2957 2073 2998 causa
2137 2959 2300 3011 spon-

717 3025 763 3077 si
799 3026 952 3078 vinea
996 3027 1048 3078 in
1084 3025 1258 3078 Gaddi
1292 3041 1424 3094 agro
1459 3029 1647 3098 pingui
1715 3030 1856 3084 actis
1913 3034 2188 3086 radicibus
2242 3036 2294 3087 in

2400 573 2498 639 μὲν
2527 574 2591 624 ὲκ
2624 590 2719 625 του
2741 572 2958 635 ἄνθους.
2987 575 3117 626 ὅταν
3160 573 3426 641 εὐφραίνῃ
3467 574 3533 641 τῇ
3566 571 3762 638 εὐωδία
3791 569 3858 620 τά
3893 570 3976 619 αἱς

2397 663 2684 732 σθητήρια,
2715 663 2815 732 τῆς
2845 664 2899 716 δὲ
2923 664 3012 715 δια
3033 663 3128 715 τοῦ
3168 663 3544 724 τελειωθέντος
3586 663 3686 732 ἢδη
3736 657 3972 727 καρποῦ,

2394 757 2522 808 ὅταν
2553 756 2771 824 ὑπάρχῃ
2795 757 2913 807 κατ’
2943 756 3214 821 ἐξουσίαν,
3241 757 3390 825 ῆτῆς
3419 755 3674 823 βρώσεως
3708 768 3977 819 κατατρυ-

2396 846 2582 915 φᾷννῆ
2621 847 2944 914 συμποσίοις
2980 847 3058 916 τῷ
3087 848 3214 917 οἴνῳ
3267 845 3688 916 φαιδρύνεσθαιο
3743 843 3976 896 ἐνταῦθα

2395 939 2428 1006 ἡ
2456 939 2641 1008 νύμφη
2674 938 2755 990 ἔτι
2787 939 2878 989 τὸν
2912 937 3178 991 ἀνθοῦντα
3217 938 3413 1007 βότρυν
3459 939 3830 1005 καρποφορεῖ’
3861 933 3976 986 Κύ-

2395 1047 2532 1096 προν
2565 1031 2661 1100 τὴν
2690 1030 2942 1099 οίνάνθην
2986 1030 3418 1099 κατονομάξουσι
3439 1048 3450 1062 ·
3481 1030 3540 1081 τὸ
3571 1028 3679 1097 γάρ
3719 1026 3976 1094 γεννηθὲν

2397 1123 2527 1193 ἡμῖν
2555 1123 2765 1174 παιδίον
2789 1121 2996 1192 Ἰησοῦς
3021 1124 3078 1174 ἐν
3116 1123 3227 1183 τοῖς
3256 1121 3575 1189 δεξαμένοις
3626 1118 3816 1179 αὑτὸν,
3860 1118 3978 1169 διας-

2397 1214 2576 1283 φόρως
2611 1213 2941 1282 προκόπτων
2971 1213 3136 1281 σοφίᾳ
3166 1213 3260 1265 καὶ
3293 1213 3477 1282 ἡλικίᾳ
3516 1210 3610 1262 καὶ
3641 1211 3845 1278 χάριτι,
3877 1208 3978 1260 οὐκ

2395 1307 2454 1357 ὲν
2487 1308 2650 1358 πᾶσιν
2673 1306 2700 1355 ὁ
2731 1304 2894 1366 αὐτός
2927 1307 3096 1365 ἐστιν,
3143 1305 3278 1356 ἀλλά
3315 1304 3450 1373 πρὸς
3495 1303 3557 1354 τὸ
3600 1303 3796 1370 μέτρον
3849 1302 3905 1351 ὲν
3933 1293 3977 1365 ᾧ

2395 1392 2637 1458 γίνεται·
2670 1390 2848 1452 καθὼς
2886 1393 2952 1444 ἂν
2979 1395 3007 1444 ό
3041 1392 3233 1460 χωρῶν
3266 1393 3580 1460 ἱκανότητος
3628 1391 3748 1458 ἔχῃ,
3800 1389 3976 1441 τοιοῦ-

2397 1502 2487 1546 τος
2515 1485 2786 1550 φαίνεται,
2817 1484 2850 1554 ἢ
2879 1484 3184 1552 νηπιάζων,
3220 1484 3252 1553 ἦ
3287 1484 3631 1553 προκόπτων,
3678 1481 3709 1551 ἢ
3737 1479 3975 1534 τελειού-

2402 1592 2580 1645 μενος,
2615 1575 2756 1627 κατά
2780 1577 2878 1644 τὴν
2906 1575 3000 1628 τοῦ
3042 1576 3266 1645 βότρυος
3313 1574 3507 1642 φύσιν·
3550 1575 3608 1634 ὃς
3655 1573 3714 1625 ού
3745 1573 3972 1625 πάντοτε

2403 1667 2542 1736 μετά
2570 1666 2662 1718 τοῦ
2717 1666 2885 1718 αὐτοῦ
2931 1666 3102 1728 εἴδους
3153 1668 3246 1718 ἐπὶ
3300 1666 3402 1734 τῆς
3449 1665 3694 1733 ἀμπέλου
3740 1664 3969 1733 ὀρᾶταυ

2402 1759 2536 1810 ἀλλά
2564 1759 2657 1810 καὶ
2693 1757 3112 1820 συνεξαλλάσσει
3139 1758 3217 1828 τῷ
3267 1758 3445 1827 χρόνῳ
3489 1756 3550 1808 τὸ
3574 1753 3736 1818 εἶδος.
3773 1752 3971 1814 ἀνθῶν,

2401 1849 2701 1919 κυπρίζων,
2723 1848 3122 1917 τελειούμενος.
3147 1848 3565 1916 πεπαινόμενος,
3593 1843 3731 1908 οἶνος
3759 1843 3978 1912 γινόμε-

2399 1958 2488 2002 νος
2511 1958 2522 1970 ·
2556 1938 2730 2002 οὕτως
2757 1939 2936 1991 τοίνυν
2957 1940 2986 1990 ό
3009 1939 3107 2006 τῆς
3133 1937 3358 2007 Κύπρου
3390 1936 3584 2006 βότρυς
3638 1935 3754 1987 ἐστὶ
3785 1933 3975 2002 βότρυς

2398 2029 2538 2084 οἶνον
2572 2031 3074 2100 ἐπαγγελλόμενος,
3115 2027 3270 2083 οὔπω
3299 2028 3357 2082 δὲ
3388 2025 3550 2090 οἶνος,
3591 2027 3725 2079 ἀλλά
3763 2025 3850 2078 διά
3880 2024 3975 2076 τοῦ

2398 2125 2590 2186 ἄνθους
2617 2123 2898 2193 γινόμενος
2924 2139 2938 2152 ·
2973 2124 3007 2190 ἡ
3030 2122 3088 2174 δὲ
3116 2122 3270 2181 ἐλπὶς
3307 2120 3370 2173 τὸ
3390 2119 3549 2182 ἀνθος
3571 2120 3707 2180 ἐστὶ,
3727 2119 3826 2186 τὴν
3853 2118 3975 2168 ἐσοο

2403 2216 2570 2283 μένην
2594 2215 2752 2282 χάριν
2780 2211 3144 2281 πιστούμενον
3168 2228 3182 2242 ⁸
3205 2211 3305 2282 τὴν
3327 2210 3596 2279 ὄσφρησιν
3615 2208 3725 2277 γὰρ
3746 2206 3975 2276 εὐφραί-

2400 2323 2479 2356 νει
2511 2307 2632 2356 ἀντὶ
2662 2306 2758 2371 τῆς
2787 2301 3027 2370 γεύσεως
3048 2305 3114 2371 τῇ
3143 2300 3443 2370 προσδοκία
3462 2299 3572 2352 τῶν
3603 2297 3845 2365 ἀγαθῶν.
3864 2298 3975 2356 τοῖς

2349 2413 2357 2418 ·
2399 2397 2588 2462 ἀτμοῖς
2617 2395 2724 2445 τῶν
2743 2393 2968 2446 ἐλπίδων
2989 2393 3180 2462 ήδύνον
3198 2391 3265 2443 τά
3290 2392 3387 2460 τῆς
3417 2389 3595 2458 ψυχῆς
3620 2386 3970 2454 αἰσθητήρια·

2399 2490 2432 2556 ἠ
2459 2487 2515 2540 δὲ
2547 2485 2640 2538 τοῦ
2673 2484 2856 2537 Γαδδί
2907 2483 3197 2553 προσθήκη
3245 2481 3503 2550 σημαίνει
3541 2481 3634 2531 τὸν
3679 2478 3838 2528 πίονα
3862 2477 3974 2543 χῶ-

2403 2597 2524 2649 ρον,
2577 2571 2623 2646 ᾧ
2677 2577 2969 2648 ριζωθεῖσα
3022 2574 3350 2645 ἠάμπελος,
3393 2571 3653 2641 εὖτροφον
3703 2569 3799 2621 καὶ
3845 2567 3974 2636 ἡδὺν

2399 2671 2610 2739 καρπὸν
2635 2666 3036 2738 ἀπεργάζεται·
3068 2665 3212 2718 οὕτω
3241 2667 3348 2735 γάρ
3371 2667 3465 2717 καὶ
3489 2667 3537 2716 οἱ
3567 2661 3805 2719 τοπικῶς
3835 2662 3977 2711 ἱστοο

2401 2761 2664 2829 ρήσαντες
2706 2758 2922 2825 λέγουσι
2955 2756 3046 2808 τὸν
3089 2755 3288 2822 κλῆρον
3319 2753 3411 2806 τοῦ
3462 2752 3619 2804 Γαδδὶ
3656 2748 3977 2818 ἐπιτηδείως

2399 2851 2545 2918 ἔχειν
2571 2850 2704 2918 πρὸς
2741 2845 3035 2916 εὐτροφίαν
3067 2844 3307 2913 βοτρύων
3331 2861 3343 2873 ·
3387 2843 3574 2910 ἐπειδὴ
3615 2841 3793 2892 τοίνυν
3834 2842 3862 2891 ὁ
3899 2838 3978 2905 τῷ

2398 2943 2548 3009 νόμῳ
2578 2938 2786 3009 Κυρίου
2837 2937 3130 3006 σύμφωνον
3187 2934 3328 3003 ἔχων
3373 2933 3434 2984 τὺ
3465 2932 3703 2999 θέλημα,
3757 2930 3852 2982 καὶ
3891 2929 3978 2982 δια

2399 3035 2579 3102 πάσης
2601 3030 2794 3092 νυκτός
2844 3045 2905 3080 τε
2953 3027 3048 3079 καὶ
3098 3027 3313 3097 ἡμέρας
3364 3023 3568 3093 ταύτην
3599 3024 3697 3090 τὴν
3748 3021 3979 3090 μελέτην

720 3117 990 3184 proﬁmda
1024 3119 1357 3187 cogitatione
1390 3136 1509 3186 quin
1556 3135 1652 3188 per
1706 3122 1897 3175 divina
1969 3123 2293 3178 documenta
2322 3149 2365 3205 ρ
2402 3147 2404 3155 λ

2322 3149 2365 3205 C
2402 3123 2741 3190 ποιούμενος,
2777 3118 3029 3189 ἀειθαλὲς
3063 3117 3270 3185 γίνεται
3301 3116 3539 3186 δένδρον,
3580 3116 3698 3174 ταῖς
3722 3112 3828 3166 τῶν
3853 3111 3980 3164 ύόἀο

718 3209 978 3277 irrigatur
1013 3217 1066 3264 et
1091 3221 1320 3279 augetur
1353 3210 1639 3266 ﬂorentem
1693 3214 1839 3268 hunc
1890 3227 1943 3268 et
1975 3227 2292 3270 vernantem

719 3298 943 3352 botrum
977 3297 1258 3368 produxit,
1304 3303 1495 3370 sponsi
1559 3303 1748 3356 forma:
1811 3305 2191 3359 assimilatum.
2241 3307 2296 3358 Si

719 3389 864 3440 enim
907 3389 1018 3457 ipse
1047 3389 1266 3458 quidem
1303 3391 1453 3456 vitis,
1495 3407 1594 3446 nos
1660 3401 1842 3446 autem
1915 3395 2208 3462 palmites,
2239 3395 2295 3448 in

722 3479 842 3547 ipso
873 3481 1058 3549 utique
1085 3481 1176 3549 qui
1227 3483 1352 3535 vitis
1380 3490 1462 3536 est
1494 3482 1731 3537 fructum
1765 3483 2013 3542 ferimus.

2399 3231 2505 3266 των
2532 3213 2817 3282 ἐπιρροαῖς
2846 3209 3192 3278 πιαινόμενος
3219 3225 3230 3237 ο
3262 3207 3457 3259 τούτου
3494 3206 3655 3275 χάριν
3699 3205 3793 3257 καὶ
3829 3202 3860 3267 ἡ
3882 3202 3978 3254 τοῦ

2403 3304 2636 3373 νυμφίου
2665 3302 2906 3372 ἄμπελος
2931 3305 2988 3354 ὲν
3016 3299 3092 3370 τῷ
3113 3299 3270 3352 Γαδδὶ
3303 3296 3379 3367 τῷ
3401 3298 3545 3350 πίονι
3574 3298 3722 3364 τόπῳ
3748 3296 3980 3373 ὲρριςω,

2408 3399 2547 3463 μένη
2583 3395 2774 3463 βαθείᾳ.
2824 3396 2887 3462 τῇ
2934 3392 3148 3461 διανοίᾳ
3181 3390 3268 3442 διὰ.
3303 3390 3407 3442 τῶν
3443 3389 3604 3441 θείων
3633 3388 3982 3455 διὸαγμάτων

2408 3485 2786 3555 καταρδομέιη
2826 3485 2920 3537 καὶ
2974 3482 3220 3549 αὔξουσα
3269 3483 3362 3534 τὸν
3413 3479 3616 3549 εὐανθῆ
3655 3479 3844 3530 τοῦτον
3890 3484 3983 3534 καὶ

723 3573 1058 3641 κυπρίζοντα
1093 3573 1289 3642 βότρυν
1316 3575 1597 3643 ἐξήνθησε,
1643 3576 1778 3645 πρὸς
1806 3577 1906 3646 τὴν
1937 3577 2032 3629 τοῦ
2063 3576 2297 3647 νυμφίου
2363 3579 2578 3646 μορφὴν
2633 3575 3005 3646 ὁμοιούμενον.
3038 3576 3101 3628 Et
3126 3574 3233 3645 γάρ
3305 3573 3467 3635 αὐτὸς
3516 3573 3612 3642 μὲν
3641 3574 3675 3642 ἡ
3715 3571 3981 3640 ἄμπελος,

721 3667 883 3735 ἡμεῖς
915 3665 970 3716 δὲ
1000 3665 1064 3717 τὰ
1094 3665 1379 3734 κλήματα,
1410 3668 1469 3719 ἐν
1503 3669 1640 3736 αὐτῇ
1675 3668 1916 3738 δηλονότι
1947 3673 2013 3740 τῇ
2045 3671 2277 3741 ἀμπέλῳ
2298 3669 2774 3739 καρποφορούμεν.

798 3757 934 3810 Nili.
975 3790 1040 3798 ——
1077 3759 1297 3812 Botrum
1326 3761 1508 3830 Cypri,
1543 3765 1622 3813 vel
1657 3761 1936 3817 ﬂorentem
1965 3779 2122 3816 uvam
2149 3778 2307 3818 suum

724 3851 856 3903 dicit
887 3852 1224 3914 l'ratrinelcm,
1290 3853 1372 3905 vel
1431 3870 1496 3906 ex
1545 3854 1727 3926 Cypro
1789 3855 2007 3908 botrum
2047 3857 2306 3909 eximium

724 3943 856 4010 quid
901 3943 1156 3997 fottassis
1219 3943 1321 3996 ista
1391 3945 1560 4011 patria
1611 3947 1664 3997 in
1718 3946 1996 3999 botronnn
2032 3947 2308 4000 fertilitate

721 4035 1018 4086 obtinente.
1071 4033 1260 4088 Utrum
1285 4046 1466 4088 autem
1499 4039 1693 4090 Imt'tttll
1723 4040 1790 4092 de
1830 4054 2032 4108 sponsa
2064 4039 2301 4104 dicatur,

728 4127 1013 4190 posteriori
1071 4128 1341 4180 consentit
1384 4133 1612 4187 sensui;
1651 4132 1850 4182 etenim
1885 4133 1930 4184 si
1989 4131 2302 4184 fratr-uelem

727 4233 885 4268 suum
907 4217 1184 4268 ﬂorentem
1217 4219 1445 4284 appellet
1479 4234 1659 4277 uvam,
1688 4219 1845 4272 istius
1879 4221 2020 4271 nimii
2053 4220 2181 4286 quid
2209 4220 2303 4282 ait,

730 4312 908 4377 ipsum
962 4324 1155 4378 nempe
1193 4309 1320 4362 dum
1373 4311 1550 4364 adiinc
1607 4313 1657 4362 in
1713 4315 2102 4380 apparentibus
2167 4315 2306 4379 peri-

725 4403 868 4454 culis
898 4417 1144 4455 versatur
1173 4445 1186 4466 ,
1229 4417 1544 4456 vernantem
1600 4420 1722 4458 esse
1757 4405 1969 4456 bon-um
2005 4447 2020 4469 ,
2075 4404 2168 4458 sed
2211 4407 2302 4471 qni

729 4509 825 4561 per
859 4509 1007 4561 Spem
1045 4494 1152 4561 jam
1182 4497 1493 4563 conceperit
1525 4511 1677 4548 suam
1718 4497 2105 4563 perfectionem
2172 4498 2298 4549 dum

2478 3765 2718 3815 Νείλου.
2749 3791 2820 3802 -
2851 3761 3054 3830 Βότρυν
3080 3760 3306 3829 Κύπρου
3339 3759 3371 3831 ἢ
3401 3758 3500 3830 τὴν
3537 3755 3805 3810 ἀνθοῦσαν
3832 3755 3983 3823 λέγει

2408 3855 2706 3924 σταφυλὴν,
2739 3854 2772 3922 ἢ
2799 3853 2890 3906 τὸν
2921 3855 2985 3905 ἐκ
3013 3853 3114 3920 τῆς
3141 3851 3369 3922 Κύπρου
3399 3849 3619 3922 βότρυν,
3667 3850 3796 3911 ἴσως
3841 3849 3986 3911 ἐξαί-

2409 3947 2558 4015 ρετόν
2590 3963 2642 3997 τι
2695 3944 2926 4013 ἐχούσης
2985 3943 3085 4012 τῆς
3117 3942 3396 4012 πατρίδος,
3428 3941 3648 4010 εύτοκία⁴
3705 3940 3981 4010 βοτρύων“·

2403 4035 2661 4103 ὁπότερον
2687 4034 2742 4085 δὲ
2767 4033 2971 4084 τούτων
2995 4031 3063 4084 ἂν
3088 4032 3312 4101 λέγηται
3339 4031 3491 4100 παρά
3521 4032 3618 4100 τῆς
3646 4029 3884 4098 νύμφης,
3909 4027 3986 4097 τῷ

2412 4126 2586 4177 ὀπίσω
2613 4124 2824 4194 συνᾴδει
2855 4125 3104 4193 νοήματι·
3130 4125 3224 4174 καὶ
3250 4123 3360 4192 γὰρ
3385 4120 3650 4174 ἀνθοῦσαν
3680 4121 3826 4187 λέγει
3860 4137 3988 4172 στα-

2413 4217 2585 4286 φυλὴν
2606 4217 2697 4268 τὸν
2732 4215 2931 4283 ἑαυτῆς
2965 4215 3270 4284 ἀδελφιδὸν,
3300 4213 3510 4266 τοιοῦτο
3551 4213 3698 4279 λέγει
3723 4228 3736 4241 ·
3771 4213 3852 4264 ὅτι
3883 4213 3987 4272 ἓως

2412 4312 2558 4360 ἐστὶν
2585 4311 2639 4359 ἐν
2677 4311 2784 4370 τοῖς
2810 4308 3030 4360 δοκοῦσι
3065 4307 3475 4378 περιστατικοῖς
3500 4343 3515 4368 ,
3547 4303 3828 4374 κυπρίςων
3869 4305 3986 4355 ἐστὶ

2413 4401 2638 4469 βότρυςο
2687 4401 2826 4469 πλὴν
2865 4400 2972 4452 τῶν
3013 4399 3078 4453 δι’
3131 4399 3344 4461 ἐλπίδος
3392 4398 3848 4466 ἀπεκδεχομένων
3888 4397 3984 4460 τὴν

2408 4491 2595 4541 τούτου
2657 4490 2966 4542 τελείωσινο
3022 4489 3145 4557 ἐμοὶ
3188 4489 3244 4540 δὲ
3309 4489 3404 4540 καὶ
3457 4488 3514 4539 ἐν
3552 4487 3632 4555 τῷ
3699 4485 3847 4539 ἄνθει
3887 4483 3982 4545 ἂν,

730 4585 907 4638 adhuc
946 4587 996 4636 in
1031 4583 1161 4638 ﬂzire
1194 4597 1316 4650 est;
1376 4596 1428 4638 ct
1475 4587 1600 4638 licet
1637 4587 1867 4640 uccdu-n
1902 4591 2294 4649 comestinnis,
2337 4564 2414 4634 υε

2337 4564 2377 4616 υ
2406 4584 2454 4634 εἰ
2482 4584 2572 4633 καὶ
2603 4581 2676 4650 μὴ
2704 4583 2802 4649 τὴν
2831 4583 2894 4632 ἐκ
2922 4580 3021 4648 τῆς
3042 4579 3319 4649 βρώσεως.
3343 4579 3480 4632 ἀλλά
3509 4578 3640 4647 γοῦν
3674 4576 3771 4645 τὴν
3801 4580 3865 4628 ἐκ
3885 4576 3983 4644 τῆς

731 4675 855 4728 boni
897 4685 1071 4727 tamen
1104 4677 1290 4730 odoris
1325 4676 1638 4730 I'rnitionetn
1704 4680 1899 4747 przebet
1931 4719 1944 4739 ,
1976 4690 2027 4730 et
2061 4697 2306 4732 resurre-

731 4770 931 4820 ctionis
985 4769 1184 4820 indicat
1245 4769 1644 4833 ⁸ἱιινηιιιιῐιςιιιειιι
1674 4809 1688 4829 ,
1726 4771 1846 4837 ipso
1881 4773 2012 4822 ﬂore.
2057 4775 2294 4823 I'rnctnm

733 4862 959 4911 latenter
989 4861 1407 4920 sniiinsinuans,
1439 4876 1501 4914 ac
1522 4861 1672 4913 ﬂoris
1709 4863 1926 4915 interim
1959 4863 2128 4916 odore
2158 4865 2300 4916 bono

731 4953 1044 5004 consolans.
1093 4950 1186 5003 list
1219 4953 1361 5002 enim
1403 4951 1453 5004 in
1494 4954 1669 5006 vineis
1729 4954 1968 5022 l'lngaddi
2015 4955 2160 5022 quod
2222 4957 2305 5007 iti-

731 5049 1062 5106 tcrprctalur
1093 5041 1285 5093 oculus
1324 5045 1660 5095 lentationis.
1695 5042 1903 5096 Etenim
1947 5043 2212 5100 Dominus
2248 5049 2300 5100 in

731 5145 893 5180 crure
931 5144 1275 5196 suspensus,
1341 5138 1598 5197 tanquam
1668 5133 1718 5183 in
1790 5133 1912 5183 Ιοιοο
1988 5138 2308 5190 tentationis

732 5221 978 5274 omnium
1020 5222 1195 5274 oculis
1229 5231 1344 5274 erat
1402 5225 1685 5291 expositus
1741 5226 1970 5277 nmltmn
2041 5227 2306 5294 despera-

734 5313 900 5366 tionis
928 5312 1193 5379 objiciens
1228 5314 1585 5377 intuentibus,
1619 5325 1859 5368 attamen
1892 5318 2114 5369 minime
2145 5333 2308 5370 scau-

735 5403 1076 5456 ilalizabatur
1123 5405 1304 5455 anima
1352 5403 1629 5472 perfecta,
1663 5419 1783 5472 qua:
1834 5405 2125 5472 perfectam
2182 5422 2310 5475 erga

739 5493 919 5561 ipsum
975 5493 1206 5545 habeth
1236 5494 1588 5547 dilectionem
1627 5503 1682 5546 et
1740 5511 1810 5548 ex
1876 5498 2160 5564 prophetis
2196 5498 2302 5548 sibi

742 5583 1124 5653 persuadebat,
1167 5586 1268 5638 hoc
1306 5585 1616 5654 oportuisse
1648 5572 1784 5639 ﬁeri.
1838 5585 1950 5638 Etsi
1990 5589 2133 5639 enim
2172 5589 2314 5640 mul-v

744 5687 826 5730 tos
866 5676 948 5728 vel
1001 5675 1162 5728 etiam
1197 5691 1386 5730 omnes
1409 5693 1469 5730 ea
1501 5693 1622 5746 (inte
1675 5679 1871 5731 ﬁebant
1905 5680 2308 5746 perturliarcnt,

748 5786 832 5821 me
867 5780 1046 5821 tamen
1080 5769 1210 5822 nihil
1249 5770 1749 5824 borumeoannovit
1773 5781 1862 5825 aut
1894 5773 2127 5825 titubare
2164 5772 2304 5834 fecit,

2407 4674 2635 4734 εὐωδίας
2663 4675 2891 4742 παρέχει
2916 4673 3238 4728 ἀπόλαυσιν.
3265 4673 3360 4725 καὶ
3384 4672 3484 4740 τὴν
3515 4671 3613 4738 τῆς
3634 4671 3986 4729 ἀναστάσεως

2409 4767 2694 4832 ὑποραίνει
2743 4764 3120 4833 εὐφροσύνην·
3185 4764 3263 4834 τῷ
3327 4762 3477 4815 ἄνθει
3540 4762 3843 4831 λεληθότως
3892 4761 3986 4812 τὸν

2407 4859 2618 4924 καρπὸν
2651 4857 2978 4922 ὑποκυλίων,
3015 4857 3108 4908 καὶ⁹
3132 4859 3196 4924 τῇ
3243 4855 3444 4924 εὐωδίᾳ⁸
3478 4854 3573 4907 τοῦ
3620 4854 3814 4915 ἄνθους
3847 4852 3987 4914 τέως

2409 4924 2903 5018 παραμυθούμενος
2924 4964 2939 4979 ο
2969 4950 3027 4999 ἐν
3060 4947 3347 5015 ἀμπελῶσι
3376 4946 3486 5016 γάρ
3527 4951 3675 4999 ἐστιν
3694 4945 3785 4998 Ἐν
3803 4945 3982 5007 Faciat,

2408 5043 2542 5108 ὅπερ
2574 5039 2956 5110 ἑρμηνεύεται,
2977 5037 3252 5107 ὀφθαλμὸς
3271 5037 3629 5108 πειρατηρίου
3653 5054 3665 5066 ·
3697 5036 3792 5089 καὶ
3829 5038 3933 5106 γὰρ
3957 5037 3986 5088 ὁ

2411 5130 2612 5198 Κύριος
2659 5130 3004 5199 κρεμάμενος
3063 5130 3122 5180 ὲν
3176 5127 3394 5197 σταυρῷ
3431 5128 3505 5189 ὡς
3555 5130 3614 5179 ἐν
3645 5127 3987 5196 πειρατηρίῳ

2407 5224 2519 5281 τοῖς
2543 5221 2794 5272 ἀπάντων
2819 5220 3140 5288 ὀφθαλμοῖς,
3165 5218 3367 5287 πολλὴν
3391 5219 3700 5288 ἀμηχανίαν
3732 5219 3986 5286 παρέχων

2410 5314 2522 5373 τοῖς
2549 5311 2746 5381 ὁρῶσιν
2765 5326 2778 5339 ⁸
2816 5311 2930 5363 ἀλλ’
2959 5312 3061 5363 οὐκ
3083 5309 3501 5398 ἐσκανδαλίζιετο
3549 5311 3582 5379 ἠ
3603 5309 3784 5361 τελεία
3813 5309 3984 5376 ψυχὴ,

2412 5403 2622 5454 τελείαν
2655 5402 2852 5471 ἔχουσα
2879 5403 2978 5472 τὴν
3027 5405 3106 5464 είς
3153 5403 3312 5455 αὑτὸν
3345 5402 3590 5468 ἀγάπην,
3625 5402 3718 5454 καὶ
3763 5402 3826 5452 ἐκ
3874 5401 3985 5451 τῶν

2421 5497 2764 5567 προφητειῶν
2809 5497 3170 5565 πεπεισμένη,
3207 5497 3286 5548 ὃτι
3323 5495 3496 5548 ταῦτα
3545 5495 3652 5546 ἔδει
3705 5493 3982 5561 γενέσθαι’

2416 5591 2508 5642 καί
2538 5589 2645 5657 γὰρ
2679 5587 2926 5649 πολλοὺς,
2965 5589 3150 5655 φησὶν,
3195 5586 3226 5655 ἦ
3257 5587 3348 5637 καὶ
3381 5585 3589 5647 πάντας
3644 5583 3871 5651 ἐτάραξε
3920 5585 3988 5635 τά

2415 5681 2773 5748 γεγενημένα.
2818 5678 2931 5731 ἀλλ’
2965 5678 3115 5730 ούδὶν
3163 5677 3263 5746 ἐμὲ
3311 5676 3517 5729 τούτων
3575 5675 3982 5744 παρεκίνησεν·

2415 5774 2531 5824 οὶέὶ
2581 5772 2822 5824 δεστάσαι
2875 5769 3322 5837 παρεσκεύασεν·
3384 5771 3428 5820 εἰ
3471 5767 3525 5819 δὲ
3581 5767 3672 5819 καὶ
3715 5766 3852 5818 κατά
3887 5765 3984 5834 τὴν
