4264 6444
297 414 437 480 1569

1248 414 1781 476 ΕΟΪιῖΜΕΝΤΑΙὶΙΙ
1826 412 1905 471 IN
1947 407 2264 469 CANTICA
2305 407 2594 468 CANTIC.

3414 407 3549 471 1570

291 527 464 596 ἄλλην
494 527 742 596 ἐκδοχὴν,
778 526 971 598 βότρυς
1005 525 1235 597 Κύπρου
1290 528 1428 591 ἑστὶ,
1459 525 1719 578 σκεπτέον
1770 523 1886 585 πῶς
1915 528 1956 582 Α

1871 540 1886 585 ;
1915 528 1956 582 Α
1988 519 2143 585 Quod
2194 520 2239 572 si
2282 534 2412 573 vero
2446 519 2607 572 etiam
2640 514 2938 571 secundum
2963 515 3123 568 aliam
3165 518 3555 585 expositioni-nt

290 618 394 688 τῆς
430 620 662 690 Κύπρου
715 618 911 689 βότρυς
951 617 1051 680 ὣν,
1094 620 1194 671 οὐκ
1227 619 1285 671 ὲν
1314 614 1879 686 ἀμπελῶσιΚύπρου,

290 711 408 763 ἀλλ’
431 708 688 763 ῈνΓάδδΊ¹
713 711 934 779 λέγεται
964 707 1141 765 εἶναι’
1174 712 1315 782 τάχα
1345 711 1438 765 οὖν
1472 712 1562 765 ὅτε
1595 705 1662 781 ἦν
1684 710 1743 762 έν
1771 710 1882 771 τοῖς

291 798 515 860 κόλποις
543 799 638 853 τοῦ
664 801 899 869 Πατρός,
928 802 1034 873 πρὸ
1054 804 1153 873 τῆς
1171 803 1657 875 ὲνανθρωπήσεως,
1686 802 1881 874 βότρυς

286 885 358 959 ἦν
386 891 486 958 τῆς
509 890 736 961 Κύπρου
766 892 899 955 Θεὸς
930 896 1105 962 Λόγος
1131 896 1207 948 ὥν
1228 914 1242 929 ·
1275 898 1361 950 ὅτε
1381 897 1438 951 δὲ
1460 896 1537 967 τῷ
1574 897 1764 967 κόσμῳ
1792 896 1880 949 διὰ

290 983 495 1049 σαρκὸς
528 982 907 1051 ἐπεδήμησεν.
930 987 988 1035 ὲν
1019 984 1309 1054 ἀμπελῶσι
1353 986 1543 1054 γέγονε
1574 990 1640 1057 τῇ
1684 987 1839 1040 Γαδδί
1860 1003 1875 1019 ⁸

286 1073 348 1123 ὲν
434 1072 483 1123 ot
511 1071 784 1141 ὀφθαλμοὶ
804 1073 897 1126 τοῦ
926 1077 1286 1146 πειρατηρίου
1311 1077 1413 1129 οὐκ
1436 1076 1651 1146 ἔχοντες
1672 1078 1876 1150 ἀκρισῆ

284 1161 388 1229 τὴν
423 1165 521 1232 τῆς
551 1163 811 1231 ἀληθείας
834 1166 1160 1237 κατάληψιν,
1197 1167 1627 1236 δυσδιάγνωστον
1657 1170 1876 1222 ἐποίουν

283 1254 347 1303 τὸ
376 1254 725 1322 φαινόμενον,
758 1258 1065 1326 ἱσορῥεπῶς
1105 1259 1206 1326 τῆς
1244 1260 1482 1321 διανοίας
1530 1261 1615 1329 ἐφ’
1639 1262 1874 1331 ἑκάτερα

285 1344 569 1410 κινούσης,
598 1346 691 1397 ἐπί
714 1363 772 1399 τε
797 1349 894 1417 τὴν
919 1348 1107 1419 θεῖκὴν
1136 1348 1293 1413 ἀξίαν
1319 1350 1406 1402 διά
1430 1350 1489 1402 τὸ
1516 1351 1744 1421 μέγεθος
1766 1352 1874 1403 τῶν

284 1434 605 1503 θαυμάτων,
638 1438 729 1488 ἐπί
756 1454 814 1490 τε
848 1438 949 1508 τὴν
976 1440 1328 1510 ἀνθρωπίνην
1364 1442 1639 1494 εὐτέλειαν
1672 1442 1758 1495 διὰ
1807 1443 1874 1495 τά

283 1524 437 1592 πάθη
458 1541 473 1554 ο
516 1528 653 1592 μετὰ
684 1526 815 1593 γοῦν
847 1526 947 1597 τὴν
966 1529 1244 1598 τοιαύτην,
1275 1531 1333 1584 ἐν
1354 1548 1412 1583 τε
1442 1534 1560 1593 ταῖς
1586 1531 1870 1602 πράξεσιν,

282 1610 341 1661 ἓν
372 1628 432 1662 τε
467 1615 582 1674 τοῖς
624 1614 892 1681 δόγμασιν
944 1617 1131 1679 αὐτοῖς
1176 1619 1463 1689 ἀκρίσειαν
1510 1620 1872 1690 άμιὸόμενος

282 1701 457 1770 αὐτὴν
486 1706 513 1755 ό
545 1706 803 1772 νυμφίος,
836 1707 1039 1775 μᾶλλον
1069 1708 1127 1761 δὲ
1160 1710 1228 1762 τά
1258 1711 1532 1780 προσόντα
1564 1713 1702 1784 αὐτῇ
1739 1730 1870 1783 φησι

286 1794 611 1863 μαρτυρῶν,
638 1793 796 1849 Ἰδοὺ
824 1794 883 1850 εἷ
904 1798 1089 1867 καλὴ,
1109 1800 1202 1853 καὶ
1234 1802 1302 1855 τὰ
1325 1801 1472 1871 ἑξῆς.

359 1973 442 2025 ιδ’.
475 1972 633 2074 Ἰδοὺ
659 1968 718 2026 εἴ
744 1974 926 2041 καλὴ,
950 1978 989 2044 ἠ
1019 1980 1288 2046 πλησίον
1297 1997 1439 2050 μου,
1459 1980 1589 2035 ιδοὺ
1612 1977 1865 2074 almum,

281 2064 583 2130 ὀφθαλμοί
605 2079 725 2117 σου
754 2068 1118 2134 περιστεραί.

352 2155 714 2223 Γρηγορίου.
749 2184 819 2195 --
855 2158 943 2209 ‘Ev
980 2158 1083 2227 μὲν
1112 2162 1226 2224 τοῖς
1252 2161 1544 2230 φθάσασιν,
1592 2165 1761 2219 ἵππου
1786 2184 1869 2221 τι-

278 2245 373 2307 νὸς
395 2247 703 2316 εὐμορφίαν
730 2246 810 2317 τῷ
831 2252 1149 2322 φαινομένῳ
1177 2255 1674 2327 προσεμαρτύρησε
1700 2273 1715 2287 ·
1774 2257 1870 2310 νῦν

276 2337 335 2389 δὲ
356 2337 432 2400 ὡς
460 2338 738 2407 παρθένου
763 2339 949 2392 λοιπὸν
984 2341 1308 2410 ἀποδέχεται
1330 2345 1390 2397 τὸ
1430 2348 1708 2415 ἀναφανὲν
1738 2349 1870 2403 κάλ-

276 2426 397 2490 λος,
451 2429 546 2480 καί
581 2444 750 2497 φησιν
776 2444 791 2461 ο
834 2428 978 2483 Ἰδοὺ
1030 2427 1088 2485 εἷ
1126 2433 1308 2502 καλὴ,
1338 2436 1375 2502 ἡ
1417 2439 1686 2505 πλησίον
1709 2457 1828 2508 μου
1851 2455 1865 2467 ‘

278 2518 531 2571 παιδεύει
564 2519 621 2572 δὶ
670 2519 761 2571 διὰ
807 2519 1016 2574 τούτων
1047 2524 1076 2575 ό
1122 2523 1298 2592 λόγος,
1347 2528 1551 2598 ταύτην
1584 2526 1720 2583 εἶναι
1771 2530 1865 2585 τοῦ

279 2609 516 2671 κάλλους
545 2611 646 2679 τὴν
672 2610 1036 2680 ὲπανάληψιν,
1067 2613 1130 2666 τὸ
1156 2616 1384 2686 πλησίον
1423 2618 1527 2689 τῆς
1576 2620 1669 2674 τοῦ
1700 2621 1866 2675 καλοῦ

276 2700 541 2765 γενέσθαι
591 2701 775 2773 πηγῆς
797 2718 810 2731 ·
843 2705 1109 2773 πρότερον
1146 2706 1248 2775 μὲν
1290 2708 1421 2779 γὰρ,
1448 2713 1634 2779 φησὶν,
1666 2714 1766 2767 οὐκ
1799 2708 1867 2783 ἧς

277 2790 460 2861 καλή*
510 2790 645 2844 διότι
691 2792 786 2843 τοῦ
843 2795 1153 2862 ἀρχετύπου
1198 2799 1426 2864 κάλλους
1461 2803 1866 2868 ἀποξενωθεῖσα

274 2885 343 2949 τῇ
377 2884 594 2953 πονηρᾷ
645 2886 949 2952 γειτνιάσει
1000 2889 1098 2957 τῆς
1127 2892 1325 2955 κακίας
1360 2895 1499 2963 πρὸς
1535 2896 1597 2949 τὸ
1631 2898 1867 2967 εἰδεχθὲς

272 2972 582 3043 ἡλλοιὼθης
602 2990 618 3004 ·
672 2976 961 3030 ἀποστᾶσα
1013 2980 1069 3031 δὲ
1099 2981 1193 3034 νῦν
1223 2983 1321 3051 τῆς
1344 2983 1439 3037 τοῦ
1469 2987 1638 3040 κακοῦ
1670 3005 1865 3041 κοινω-

273 3063 422 3125 νίας,
448 3064 545 3115 καὶ
572 3065 698 3132 ἐμοὶ
726 3067 1081 3138 πλησιάσασα
1100 3072 1180 3141 τῷ
1212 3074 1509 3145 ἀρχετύπῳ
1539 3078 1746 3141 κάλλει,
1771 3080 1865 3133 καὶ

1985 613 2174 664 botrus
2210 610 2369 678 Cypri
2423 611 2495 663 sit
2532 651 2546 673 ,
2610 608 3072 662 cousidcramlmu
3123 609 3396 675 quomodo
3434 626 3557 664 cum

1981 698 2143 769 Cypri
2174 698 2526 752 botrusessct
2554 738 2566 753 .
2607 712 2710 748 non
2745 698 2798 750 in
2862 698 3035 750 vincis
3093 697 3253 767 Cypri
3297 698 3391 752 sed
3448 697 3558 752 Eu-

1982 789 2141 858 gaddi
2181 804 2301 844 esse
2331 788 2580 843 dicitur?
2612 785 2888 864 Furtzysis
2939 788 3127 856 utique
3172 788 3391 856 quando
3442 796 3559 842 erat

1981 882 2036 935 in
2080 881 2202 934 sinu
2252 879 2452 943 Patris,
2500 888 2626 931 ante
2696 879 3151 942 incarnatiom-m,
3190 879 3381 934 botrns
3439 886 3557 932 erat

1980 970 2122 1025 Dens
2149 969 2381 1025 Verbum
2408 971 2679 1024 exsistens
2703 986 2716 1033 ;
2742 970 2962 1039 quando
2987 980 3166 1022 autem
3191 971 3257 1021 ad
3287 972 3548 1023 mundmn

1980 1077 2075 1131 per
2113 1077 2336 1116 carnem
2368 1061 2607 1125 advenit,
2642 1062 2695 1114 in
2724 1062 2897 1114 vineis
2919 1060 3131 1114 exstitit
3162 1059 3333 1114 Gaddi
3376 1062 3556 1127 inqua

1978 1154 2120 1207 oculi
2154 1153 2468 1205 teutationis
2509 1168 2614 1205 non
2649 1153 2916 1207 habentes
2951 1165 3265 1206 accuratam
3297 1154 3554 1206 veritatis

1976 1244 2543 1311 cmnprelmtsioncm,
2577 1260 2698 1296 cum
2734 1244 2826 1312 qui
2854 1245 3149 1311 apparebat
3175 1245 3394 1309 cognitu
3422 1243 3555 1295 dim-

1976 1335 2137 1388 cilem
2174 1333 2495 1394 reddebant,
2535 1334 2664 1386 dum
2702 1348 2858 1387 mens
2885 1335 2953 1386 ad
2989 1344 3220 1403 utraque
3273 1336 3556 1399 aequaliter

1978 1426 2358 1488 inclinarctur,
2396 1426 2460 1477 ad
2498 1424 2736 1477 divinam
2772 1425 3087 1494 dignitatem
3141 1436 3361 1493 propter
3392 1425 3555 1477 inira-

1975 1520 2118 1581 cuia,
2152 1528 2205 1573 et
2246 1520 2311 1571 ad
2366 1520 2659 1571 humanam
2690 1519 2952 1571 vilitatem
2992 1530 3213 1587 propter
3246 1519 3549 1585 passiones.

1975 1610 2272 1679 Postquam
2306 1610 2492 1677 igitur,
2540 1620 2646 1661 tam
2732 1611 2786 1662 in
2831 1611 3089 1676 operibus
3135 1625 3296 1675 quam
3344 1610 3397 1660 in
3450 1608 3555 1660 do-

1973 1701 2175 1753 ctrinis
2218 1699 2378 1753 talem
2416 1700 2535 1767 cjns
2595 1700 2932 1768 diligentiam
2960 1701 3185 1753 alternis
3219 1700 3552 1752 exercuisset.

1976 1806 2234 1860 sponsus,
2280 1792 2454 1859 magis
2488 1806 2550 1843 ea
2582 1806 2702 1858 qua:
2734 1790 2836 1859 ilbi
2870 1790 3121 1852 aderant,
3169 1806 3271 1843 suo
3303 1792 3552 1844 testimo-

1901 1863 1945 1919 Β
1981 1884 2074 1937 nio
2106 1882 2461 1944 confirmans,
2490 1883 2597 1934 ait:
2638 1881 2801 1942 Ecce,
2830 1882 3047 1947 pulchra
3074 1897 3126 1933 es
3147 1920 3161 1942 ,
3204 1890 3313 1933 etc.

2045 1972 2210 2028 VERS.
2251 1972 2335 2026 Η.
2374 1971 2506 2026 Ecce
2528 1971 2753 2041 pulchra
2784 1988 2859 2036 es,
2888 1972 3181 2041 propinqua
3232 1987 3375 2033 mea,
3435 1984 3552 2023 cccc

1969 2065 2191 2137 pulchra
2220 2080 2272 2118 es
2303 2080 2321 2117 :
2375 2064 2515 2115 oculi
2547 2064 2625 2115 tui
2649 2063 2928 2117 columbae.

2042 2154 2297 2225 Gregorii.
2325 2184 2390 2195 —
2435 2154 2491 2207 In
2518 2153 2954 2223 praecedentibus
2986 2151 3207 2220 quidem
3256 2150 3331 2204 illi
3359 2149 3550 2218 cujus-

1969 2249 2090 2303 dam
2116 2249 2241 2315 equi
2276 2258 2637 2316 apparentem
2673 2245 2778 2301 suli
2821 2244 3143 2299 testimonio
3182 2241 3375 2295 tribuit
3426 2242 3547 2307 pul-

1968 2339 2360 2401 chritudinem,
2383 2351 2528 2390 nunc
2551 2352 2678 2389 vero
2712 2347 2971 2404 tanquam
3003 2331 3233 2400 virginis
3254 2330 3322 2386 de
3350 2339 3549 2383 extero

1969 2429 2024 2483 in
2053 2429 2168 2497 ipsa
2202 2434 2547 2481 relucentem
2582 2424 2847 2491 approbat
2896 2430 3238 2476 venustatem
3276 2460 3289 2481 ,
3323 2428 3379 2472 et
3428 2420 3543 2471 ait:

1970 2518 2104 2573 Ecce
2123 2519 2339 2586 pulchra
2361 2534 2436 2581 es,
2455 2517 2745 2584 propinqua
2762 2531 2897 2568 nica.
2918 2513 3085 2567 Docet
3112 2518 3292 2565 autem
3315 2525 3407 2578 per
3435 2511 3549 2564 haec

1969 2613 2147 2667 oratio
2179 2612 2319 2664 hanc
2345 2606 2769 2677 pulchritudinis
2797 2619 2919 2659 esse
2952 2603 3377 2671 resumptionem
3401 2601 3544 2669 quod

1968 2700 2109 2758 fonti
2152 2693 2590 2769 pulchritudinis
2615 2694 2926 2765 propinqua
2951 2692 3093 2745 facta
3113 2690 3199 2744 sit.
3229 2688 3362 2741 Nam
3393 2688 3547 2758 prius

1966 2798 2213 2870 quidem,
2251 2796 2453 2864 inquit,
2491 2806 2600 2846 non
2630 2806 2756 2846 eras
2790 2789 3039 2859 pulchra,
3075 2787 3220 2854 quod
3258 2784 3397 2837 mala
3430 2783 3545 2836 vitii

1968 2884 2559 2958 appropinquatiouea
2611 2881 2873 2950 primaria
2934 2878 3241 2931 abalienata
3299 2876 3548 2947 pulchri-

1967 2980 2155 3034 tudine
2183 3018 2197 3042 ,
2250 2978 2305 3030 in
2342 2973 2750 3029 deformitatem
2783 2970 2956 3024 fueris
2994 2977 3358 3023 commutata.
3392 2965 3549 3022 Nunc

1967 3079 2144 3122 autem
2183 3082 2211 3119 a
2250 3066 2373 3117 mali
2412 3064 2678 3119 societate
2709 3063 2975 3115 recedens
3040 3059 3285 3129 mihique
3336 3073 3542 3129 appro-

274 3154 419 3224 αύτὴ
448 3155 592 3224 καλὴ
615 3158 868 3225 γέγονας,
900 3155 1012 3246 οἷόν
1038 3180 1090 3215 τι
1117 3164 1422 3235 κάτοπτρον
1447 3167 1526 3237 τῷ
1547 3168 1666 3239 eaq»
1690 3186 1864 3240 χαρα-
1893 3187 1936 3246 c

1893 3187 1936 3246 ο
1970 3161 2243 3229 pinquans
2281 3196 2294 3219 .
2346 3155 2644 3225 exemplari
2706 3151 3105 3246 pulchritudini
3155 3152 3268 3246 ipsa
3330 3166 3548 3220 quoque

275 3246 444 3314 κτῆρι
468 3247 899 3315 ἐμμορφωθεῖσα
918 3266 934 3282 ο
955 3245 1075 3304 εἶτα
1102 3254 1367 3322 ἐπισχὼν,
1388 3256 1482 3309 καὶ
1504 3252 1615 3311 οἷον
1631 3260 1688 3312 ἐν
1709 3276 1869 3328 προσ-

273 3336 423 3407 θήκῃ
452 3338 563 3389 τινὶ
594 3339 689 3390 καὶ
711 3341 964 3395 ἐπιτάσει
994 3345 1293 3415 γενομένην
1321 3347 1417 3399 τοῦ
1445 3349 1675 3414 κάλλους
1699 3352 1867 3422 αὐτὴν

273 3426 643 3497 θεασάμενος,
680 3431 845 3484 πάλιν
893 3434 987 3486 τὸν
1018 3435 1183 3489 αὑτὸν
1230 3439 1681 3510 έπαναλάμδανει
1713 3440 1868 3509 λόγον

272 3517 486 3568 εἰπών·
558 3517 709 3571 Ἰδοὺ
767 3516 828 3574 εἴ
859 3524 1053 3588 καλή·
1106 3524 1222 3577 ἀλλ’
1254 3528 1315 3579 ὲν
1351 3526 1427 3597 τῷ
1467 3528 1723 3598 προτέρῳ
1769 3528 1869 3600 τὴν

274 3606 512 3675 πλησίον
540 3606 860 3677 ὠνόμασεν·
896 3611 1132 3667 ενταῦθα
1156 3614 1213 3668 δὲ
1234 3614 1332 3685 τὴν
1365 3617 1429 3669 ἐκ
1473 3617 1568 3671 τοῦ
1607 3619 1870 3687 ὀνόματος
1914 3638 1928 3664 κ

273 3695 391 3747 τῶν
444 3695 603 3749 εἰδῶν
662 3698 1110 3770 γνωριζομένην·
1182 3704 1510 3773 Ὀφθαλμοί
1572 3721 1691 3761 σου
1737 3707 1866 3777 γάρ,

274 3787 417 3855 φησι
439 3826 455 3850 ,
492 3790 881 3856 περιστεραί·
908 3793 1175 3861 πρότερον
1220 3794 1322 3863 μὲν
1354 3795 1464 3861 γὰρ
1487 3796 1575 3848 ὅτε
1609 3796 1685 3866 τῷ
1720 3797 1869 3866 ῐππῳ
1895 3821 1901 3829 ·

273 3876 643 3946 ἀφωμοιώθη,
701 3879 762 3931 ὲν
806 3880 1017 3947 σιαγόνι
1071 3899 1131 3935 τε
1178 3884 1273 3936 καὶ⁸
1310 3885 1612 3955 τραχήλῳό
1646 3886 1867 3950 ἔπαινος

273 3962 343 4037 ἦν
369 3983 385 3996 ο
438 3965 536 4021 νῦν
564 3967 623 4021 δὲ
677 3969 767 4023 ὅτε
802 3970 864 4023 τδ
904 3971 1037 4025 ῐδιον
1087 3974 1259 4045 αὐτῆς
1311 3977 1555 4046 ἀνεφάνη
1587 3977 1804 4043 κάλλος,
1833 3980 1866 4048 ἡ

272 4059 388 4111 τῶν
417 4054 719 4129 ὀφθαλμῶν
739 4060 897 4132 χάρις
923 4065 1359 4135 ὲγκωμιάζεται·
1387 4070 1416 4120 ό
1441 4067 1501 4119 δὲ
1529 4068 1638 4120 τῶν
1670 4068 1867 4135 ὀφθαλ-

278 4150 401 4220 μῶν
421 4152 665 4214 ἔπαινος,
696 4154 756 4206 τὸ
787 4157 1115 4226 περιστερᾶς
1139 4154 1277 4211 εἶναι
1306 4158 1373 4211 τὰ
1391 4158 1617 4227 ὄμματα
1639 4175 1655 4190 ο
1683 4160 1869 4230 ἐπειδὴ

276 4242 419 4311 πρὸς
448 4242 479 4294 ὃ
517 4243 583 4296 ἄν
614 4260 701 4305 τις
747 4244 1055 4317 ἑνατενίσῃ,
1100 4247 1292 4300 τούτου
1330 4250 1545 4318 δέχεται
1588 4251 1647 4302 ὲν
1690 4250 1869 4321 ἑαυτῷ

273 4337 336 4388 τό
366 4336 628 4407 ὁμοίωμα
653 4356 666 4369 ·
711 4340 807 4392 καὶ
841 4340 951 4411 γάρ
977 4358 1142 4409 φασιν
1169 4344 1219 4395 οἱ
1253 4343 1321 4396 τὰ
1352 4344 1573 4398 τοιαῦτα
1619 4346 1869 4413 φυσιολό-

272 4442 393 4492 γων
421 4428 823 4497 ἐπιστήμονες,
878 4429 954 4491 ὡς
1003 4430 1103 4493 τάς
1136 4430 1247 4483 τῶν
1297 4431 1530 4484 εἰδώλων
1561 4432 1869 4499 ἐμπτώσεις

273 4513 572 4583 δεχόμενος
601 4517 629 4567 ό
655 4516 958 4586 ὀφθαλμός,
980 4518 1036 4571 αἲ
1085 4519 1439 4590 τῶν-ὁρατῶν
1484 4521 1864 4591 ἀπορρέουσιν,
1900 4516 1944 4570 D

899 4518 1036 4583 ις,α“ί
1085 4519 1439 4590 τῶν-ὁρατῶν
1484 4521 1864 4591 ἀπορρέουσιν,
1900 4516 1944 4570 D
1975 4542 2157 4581 rerum
2201 4526 2532 4580 naturalium
2570 4565 2583 4586 ,

274 4604 457 4667 οὕτως
494 4606 711 4675 ἐνεργεί
737 4607 838 4675 τὴν
870 4606 995 4677 ὄψιν
1017 4623 1033 4639 ’
1069 4608 1102 4678 ἢ
1136 4610 1333 4679 μηκέτι
1376 4605 1513 4678 αἷμα
1546 4615 1642 4665 καὶ
1668 4612 1868 4681 σάρκα,

274 4697 533 4749 τουτέστι
562 4697 656 4750 τὸν
683 4701 996 4768 σωματικὸν
1024 4700 1158 4770 βίον,
1188 4702 1460 4771 βλέπουσα
1500 4704 1706 4773 νύμφη,
1736 4706 1872 4759 ἀλλά

274 4788 382 4857 τῆς
413 4791 741 4858 σωματικῆς
776 4792 1156 4860 προσπαθείας
1202 4794 1617 4865 ἀπηλλαγμένη,
1644 4798 1873 4860 εἰκότως

275 4883 339 4934 τὸ
364 4881 464 4950 τῆς
498 4884 833 4951 περιστερᾶς
864 4879 1001 4946 εἶδος
1035 4885 1093 4937 ἐν
1117 4888 1233 4947 τοῖς
1268 4887 1513 4957 ὄμμασιν
1544 4888 1689 4958 ἔχειν
1720 4890 1872 4957 λέγε-

276 4989 369 5027 ται
393 4988 406 5001 ·
426 4973 709 5025 τουτέστιν
734 4974 827 5026 τὸν
843 4977 1165 5047 χαρακτῆρα
1185 4978 1285 5048 τῆς
1304 4984 1681 5051 πνευματικῆς
1699 4982 1867 5052 ζωῆς,

275 5063 361 5134 τῷ
391 5062 690 5134 διορατικῷ
714 5066 814 5134 τῆς
839 5066 1018 5136 ψυχῆς
1045 5070 1395 5137 ἐναυγάσασα
1414 5089 1426 5102 ·
1462 5073 1554 5125 καὶ
1583 5074 1810 5141 ἐπείπερ
1843 5078 1870 5128 ὁ

276 5153 525 5223 καθαρὸς
550 5155 722 5225 αὐτῆς
747 5155 1043 5225 ὀφθαλμὸς,
1072 5158 1318 5223 δεκτικὸς
1346 5161 1437 5213 τοῦ
1480 5165 1575 5231 τῆς
1616 5182 1870 5234 περιστε-

282 5251 386 5318 ρᾶς
404 5249 759 5318 χαρακτῆρος
784 5250 1029 5318 γέγονεν,
1056 5252 1220 5323 ἤγουν
1242 5253 1333 5306 τοῦ
1362 5255 1517 5321 ἁγίου
1536 5256 1676 5309 11·.εύ
1687 5274 1873 5326 ματος,

277 5340 369 5391 διά
419 5338 581 5392 τοῦτο
628 5341 800 5409 χωρεῖ
831 5341 1005 5395 καὶτὸ
1050 5341 1145 5400 τοῦ
1186 5344 1418 5412 νυμφίου
1450 5344 1642 5407 κάλλος
1676 5346 1871 5400 θεάσα-

280 5428 407 5481 σθαι
427 5446 440 5458 ·
478 5448 497 5480 ‹
536 5429 728 5493 Οὐδεὶς
755 5431 864 5500 γάρ
890 5431 1110 5485 δύναται
1144 5435 1318 5487 εἰπεῖν
1342 5436 1543 5507 Κύριον
1570 5437 1797 5507 Ἰησοῦν,
1827 5438 1874 5489 εί

282 5515 359 5588 μὴ
390 5518 448 5569 ἐν
478 5518 763 5587 Πνεύματι
793 5520 955 5589 ἁγίῳ.
996 5539 1013 5570 ›

350 5783 397 5817 ¹⁶
433 5783 455 5836 ι
487 5783 620 5840 Cor.
667 5800 764 5845 xu.
804 5786 861 5840 5-

1972 3251 2199 3320 pulchra
2234 3247 2490 3312 evasisti,
2532 3248 2683 3299 velut
2746 3243 3022 3314 quoddam
3077 3244 3363 3313 speculum
3427 3255 3550 3295 meo

1970 3341 2278 3397 characteri
2312 3337 2677 3392 conformata.
2714 3335 2921 3391 Deinde
2950 3350 3074 3388 cum
3109 3349 3168 3387 se
3202 3334 3548 3389 cohibuisset

1969 3444 2024 3489 et
2053 3449 2172 3489 eam
2205 3433 2371 3485 veluti
2404 3433 2456 3485 in
2487 3430 2722 3500 quadam
2794 3427 3074 3483 additione
3126 3435 3177 3481 et
3232 3426 3549 3483 accessione

1971 3525 2375 3593 contemplatus
2403 3532 2549 3577 esset
2577 3520 3030 3592 pulchritudinis,
3059 3535 3252 3573 rursus
3290 3520 3547 3573 eamdem

1970 3617 2167 3686 repetit
2193 3616 2497 3669 orationem
2527 3654 2539 3673 ,
2572 3613 2765 3667 dicens
2796 3630 2809 3666 :
2862 3610 2993 3666 Ecce
3042 3611 3268 3680 pulchra
3298 3628 3375 3666 es.
3442 3610 3546 3666 Sed

1972 3709 2125 3779 prius
2155 3723 2273 3761 eam
2318 3705 2624 3760 nominavit
2657 3704 3022 3772 prepiuquam
3054 3720 3068 3767 ;
3105 3705 3195 3757 hic
3246 3713 3427 3757 autem
3482 3717 3549 3758 ex

1971 3801 2151 3867 Specie
2180 3796 2463 3849 oculorum
2494 3797 2795 3861 cognitam.
2842 3794 2995 3848 Oculi
3022 3794 3165 3847 enim
3202 3794 3299 3860 tui,
3327 3793 3502 3863 inquit
3529 3832 3544 3860 ,

1972 3888 2244 3943 ευίιιηιῡω.
2284 3886 2446 3941 Prius
2474 3887 2618 3940 enim
2664 3884 2887 3954 quando
2915 3900 3058 3954 equo
3082 3885 3182 3937 fuit
3212 3886 3543 3946 assimilata,

1974 3980 2093 4033 laus
2120 3989 2236 4032 erat
2288 3979 2342 4031 in
2394 3978 2617 4031 maxilla
2652 3988 2707 4031 et
2752 3977 2913 4041 collo,
2979 3992 3124 4029 nunc
3182 3986 3362 4031 autem
3423 3991 3547 4029 cum

1969 4071 2089 4138 ejus
2136 4072 2357 4137 propria
2398 4068 2655 4135 apparuit
2698 4068 3075 4135 pulchritudo,
3112 4067 3369 4121 laudatur
3422 4083 3543 4138 gra-

1972 4164 2043 4214 tia
2068 4163 2188 4229 ejus
2222 4161 2528 4213 oculorum.
2561 4158 2705 4211 Laus
2737 4169 2917 4211 autem
2945 4158 3065 4227 ejus
3091 4160 3375 4214 oculorum
3403 4162 3547 4230 quod

1972 4254 2082 4307 sint
2125 4253 2271 4306 oculi
2324 4252 2613 4314 columbzc,
2676 4251 2942 4318 siquidem
3003 4251 3056 4303 in
3095 4251 3242 4319 quod
3293 4255 3418 4321 quis
3456 4254 3551 4306 de-

1973 4346 2151 4398 lixerit
2199 4344 2415 4407 oculos,
2450 4343 2573 4410 ejus
2612 4343 2665 4394 in
2723 4356 2781 4394 se
2832 4342 3063 4410 suscipit
3106 4343 3545 4397 similitudinem.

1972 4436 2219 4491 Tradunt
2247 4436 2390 4489 enim
2422 4434 2513 4502 qui
2548 4440 2679 4487 sunt
2710 4433 2916 4502 praediti
2970 4434 3198 4486 scientia
3232 4432 3545 4500 hujnsmodi

2645 4524 2790 4593 quod
2871 4525 3065 4576 oculus
3124 4525 3545 4577 simulacrorum

1973 4620 2316 4672 incursiones
2375 4633 2442 4671 ex
2514 4617 2677 4669 rebus
2738 4615 3167 4684 aspectabilibus
3226 4626 3546 4669 emanautes

1970 4712 2251 4778 excipiens
2286 4752 2299 4774 ,
2363 4710 2434 4763 ita
2484 4707 2684 4761 formet
2736 4708 3025 4760 visionem.
3064 4707 3228 4778 igitur
3269 4724 3376 4761 non
3429 4724 3549 4762 am-

1973 4804 2117 4872 plins
2152 4802 2217 4853 ad
2245 4816 2463 4853 carnem
2495 4806 2550 4852 et
2576 4801 2905 4865 sanguinem
2931 4837 2946 4861 ,
2990 4798 3093 4852 hoc
3125 4810 3205 4852 cst
3259 4802 3323 4852 ad
3370 4800 3541 4853 vitam

1975 4893 2312 4960 corporalem
2345 4904 2542 4958 sponsa
2569 4889 2891 4957 respiciens,
2931 4890 3023 4943 sed
3057 4904 3085 4941 a
3116 4905 3377 4958 corporea
3415 4890 3545 4944 εισι·-

1976 4983 2154 5035 ctione
2184 4983 2435 5045 liberata,
2468 4982 2661 5033 merito
2706 4980 2970 5033 columba:
3000 4981 3233 5048 speciem
3285 4982 3336 5033 in
3372 4984 3547 5035 oculis

1977 5064 2180 5127 habere
2208 5074 2427 5135 dicitur,
2476 5074 2577 5125 hoc
2615 5083 2698 5125 cst
2742 5082 3110 5125 characterem
3144 5072 3265 5125 vitae
3290 5074 3547 5143 spiritalis

1976 5164 2281 5234 perspicaci
2308 5164 2475 5216 animi
2528 5162 2787 5216 facultate
2850 5161 3133 5215 illustrari.
3176 5160 3238 5215 Et
3288 5164 3545 5231 quoniam

1977 5270 2147 5325 purus
2175 5255 2294 5323 ejus
2329 5255 2521 5306 oculus
2550 5268 2723 5322 capax
2757 5252 2931 5307 factus
2956 5261 3040 5307 est
3072 5254 3409 5308 characteris
3450 5268 3547 5306 co-

1978 5349 2191 5409 lumbae,
2210 5364 2331 5400 nem
2343 5364 2403 5415 pe
2422 5346 2664 5415 Spiritus
2681 5348 2879 5410 sancti,
2900 5358 3184 5416 propterea
3197 5348 3360 5400 etiam
3378 5361 3544 5415 capax

1975 5446 2058 5492 est
2088 5439 2494 5507 contemplandi
2546 5439 2733 5507 sponsi
2791 5439 3277 5506 pulchritudinem.
3314 5458 3332 5490 ι
3379 5438 3545 5493 Nemo

1981 5533 2124 5583 cutim
2153 5539 2333 5598 potest
2358 5531 2539 5584 dicere
2581 5530 2863 5584 Dominum
2896 5527 3103 5596 Jcsum,
3126 5531 3232 5586 nisi
3262 5531 3313 5584 in
3340 5530 3549 5603 Spiritu

1981 5629 2173 5673 sancto
2202 5621 2264 5672 ¹⁶.
2316 5640 2332 5668 ι
