4264 6444
739 466 876 532 1575

2074 466 2430 528 PROCOPII
2464 469 2709 531 GAZJEI

3881 483 4015 549 l5'7ti

656 630 662 636 .
727 587 786 631 et
825 584 1015 647 postea
1050 576 1183 632 illud
1228 595 1243 632 :
1286 576 1477 631 Lectus
1524 584 1703 631 noster
1750 584 2052 643 umtrosus,
2102 594 2306 648 corpus

3466 557 3497 575 -ρ

2428 582 2493 635 ἸΙ
2517 583 2694 649 κλίνη
2720 581 2888 652 ἡμῶν
2908 584 3185 652 σύσκιοςη
3202 587 3261 640 τὸ
3280 587 3438 658 σῶμα
3465 588 3713 657 λέγοντες
3728 592 3788 645 τὸ
3814 599 3959 647 κοινςτι

730 672 976 726 dicentes
1006 683 1297 724 commune
1330 670 1384 722 in
1416 683 1530 737 quo
1570 670 1926 737 requiescunt
1976 669 2161 731 ambo,
2203 670 2317 723 sci-

735 761 861 815 licet
891 761 1037 815 Deus
1063 759 1303 814 Verbum
1330 766 1387 813 et
1418 758 1600 811 anima
1630 759 1787 813 beata
1812 777 1825 825 ;
1855 768 2086 814 cavente
2117 773 2321 827 sponso

737 868 806 906 ne
848 852 965 921 ipsa
1012 852 1108 906 tnb
1142 853 1235 906 dio
1274 862 1611 919 moraretur,
1667 869 1735 907 ne
1768 869 1962 907 rursus
2002 870 2070 908 ex
2115 854 2320 922 injuria

735 943 1014 998 radiorum
1047 942 1181 996 solis
1210 944 1425 998 adversi
1459 946 1661 999 veteris
1687 946 1993 1015 nigredinis
2021 948 2319 1017 quidquam

737 1044 1045 1105 pateretur.
1075 1036 1392 1091 Secundum
1440 1038 1603 1091 aliam
1635 1054 1765 1094 vero
1819 1040 2319 1109 interpunctioncm

733 1127 818 1180 sic
862 1127 1198 1197 intelligetur
1232 1144 1296 1182 ac
1349 1130 1396 1184 si
1434 1145 1638 1200 sponsa
1673 1132 1820 1184 dicat
1860 1150 1872 1185 :
1916 1129 1960 1185 Ο
1993 1148 2221 1201 sponse,
2264 1140 2322 1184 tu

733 1217 885 1271 solus
913 1234 1040 1272 vere
1068 1219 1270 1275 diceris
1312 1221 1541 1289 pulcher
1570 1230 1626 1276 et
1653 1221 1955 1288 formosus,
2002 1239 2108 1277 non
2139 1223 2322 1277 adsci-

680 1368 681 1371 η
735 1306 1044 1371 titiam,sed
1067 1310 1374 1363 naturalem
1401 1310 1615 1366 habens
1637 1312 2201 1380 pulclwitudinemAt
2230 1313 2321 1367 ubi

736 1393 975 1448 lectulus
1020 1412 1243 1465 quoque
1305 1406 1495 1453 noster
1556 1398 1737 1454 factus
1784 1418 1844 1456 es
1892 1412 1946 1456 et
2005 1404 2321 1465 umbrosus,

739 1499 930 1552 puram
962 1486 1182 1552 quidem
1216 1488 1426 1541 habens
1459 1488 1688 1543 formam
1739 1491 1997 1555 dcitatis,
2033 1494 2128 1547 sed
2177 1508 2324 1547 eam-

737 1576 857 1629 dem
913 1578 1249 1632 obumbrans
1295 1578 1466 1633 foriiia
1520 1583 1695 1645 servi;
1727 1590 1784 1635 et
1822 1586 1974 1649 quasi
2013 1586 2118 1638 sub
2170 1588 2323 1641 vcla-

743 1675 924 1720 mento
955 1668 1142 1723 carnis
1177 1684 1298 1738 qua:
1325 1671 1543 1739 quidem
1577 1673 1887 1729 divinitatis
1934 1677 2155 1745 propria
2192 1688 2324 1731 sunt

736 1770 994 1825 nperans,
1043 1761 1139 1814 sed
1188 1762 1410 1830 cognitu
1462 1762 1705 1819 difﬁcilis
1748 1766 2046 1823 cxsistcns.
2101 1778 2324 1838 propter

737 1857 1114 1916 tegumentum
1146 1850 1398 1917 corporis
1423 1852 1567 1920 quod
1603 1868 1665 1905 ea
1693 1868 1816 1921 qua:
1859 1854 2089 1907 miriﬁce
2139 1868 2323 1925 patra-

740 1947 793 1990 ta
824 1951 950 1993 sunt
978 1940 1147 1993 abdit.

810 2028 1078 2101 Origenis.
1106 2061 1176 2074 -
1198 2030 1355 2087 Nunc
1400 2048 1605 2103 sponsa
1639 2035 1876 2103 primum
1912 2037 2027 2091 visa
2057 2049 2142 2094 est
2167 2055 2327 2096 accu-

741 2122 919 2177 ratius
954 2124 1267 2193 inspexisse
1315 2128 1509 2195 sponsi
1543 2126 2032 2197 pulchritudinem,
2063 2140 2170 2186 etc.

1426 2300 1553 2355 iAP.
1600 2300 1665 2355 ΙΙ.

1426 2300 1438 2317 “
1537 2340 1553 2355 .
1600 2300 1665 2355 ΙΙ.

810 2390 978 2447 νεεδ.
1012 2391 1063 2444 l.
1106 2389 1216 2460 Ego
1248 2390 1350 2459 ﬂos
1377 2300 1574 2461 c2225,
1608 2391 1781 2446 lilium
1809 2393 2149 2448 convallium.

827 2562 1040 2633 Cyrilli.
1104 2594 1173 2604 —
1221 2562 1509 2635 Tanquam
1571 2577 1792 2637 recepto
1857 2570 1971 2640 jam
2032 2574 2325 2628 desursum

742 2654 948 2718 imbre,
993 2653 1254 2726 editoque
1310 2656 1532 2711 virtutis
1589 2666 1778 2725 partu,
1835 2663 2038 2733 agresti
2099 2679 2159 2718 se
2207 2664 2324 2720 ﬂnri

751 2759 957 2812 sponsa
991 2756 1323 2814 comparat:
1373 2752 1730 2821 ostenditque
1770 2762 2109 2825 quantopere
2150 2758 2329 2825 prosit

742 2835 944 2890 Christi
979 2836 1270 2903 adventus,
1325 2841 1601 2910 siquidem
1640 2846 1812 2900 valles
1850 2862 2072 2917 quoque
2120 2849 2320 2904 semini

745 2928 970 2981 cuilibet
1018 2929 1255 2998 ineptas,
1299 2929 1532 2988 ﬂoribus
1558 2935 1831 3003 ejusmodi
1883 2938 2075 3007 plenas
2109 2950 2324 2995 narrat.

746 3016 960 3070 Etenim
989 3034 1049 3072 se
1090 3020 1289 3074 vallem
1333 3021 1595 3092 appellat,
1638 3035 1930 3096 propterea
1972 3030 2119 3099 quod
2157 3044 2187 3084 a
2217 3030 2327 3086 da:-

745 3108 998 3163 mouibus
1022 3109 1153 3164 olim
1182 3110 1376 3166 incolis
1394 3112 1653 3182 depressa
1688 3114 1893 3173 fuerat.

821 3311 1083 3366 Philonis.
1109 3342 1182 3354 —
1204 3311 1331 3368 llaec
1358 3312 1495 3367 dicit
1524 3329 1771 3385 sponsa;
1812 3316 2022 3370 audivit
2069 3318 2218 3372 enim
2255 3320 2325 3374 ab

744 3401 887 3454 Isaia
921 3419 934 3455 :
966 3420 984 3450 ι
1022 3400 1271 3455 Exsultet
1297 3402 1539 3468 deserta,
1575 3419 1633 3458 et
1660 3403 1854 3458 ﬂoreat
1888 3412 1947 3457 ut
1981 3406 2155 3459 lilium
2186 3409 2228 3439 "
2252 3427 2268 3457 ι
2307 3421 2324 3471 ;

746 3501 802 3547 et
822 3508 854 3547 a
876 3493 1109 3547 Domino
1141 3511 1156 3547 :
1194 3513 1214 3545 ι
1246 3493 1603 3548 Considerate
1629 3494 1741 3548 lilia
1771 3496 1886 3566 agri
1906 3496 1989 3550 “z
2023 3516 2042 3549 ι
2066 3496 2329 3553 Dominus

748 3586 933 3639 dicere
982 3583 1220 3637 intendit
1266 3588 1491 3654 eos-qui
1525 3601 1696 3655 super
1727 3594 1930 3640 terram
1966 3594 2095 3642 sunt
2144 3589 2327 3646 lideles

750 3686 873 3745 post
916 3686 1145 3729 mortem
1196 3675 1507 3731 ﬂorescere.
1566 3677 1761 3731 Lilium
1821 3679 1970 3733 enim
1998 3682 2326 3736 convallium

751 3775 1025 3821 mortuum
1051 3767 1322 3836 designat.

820 3858 946 3914 llaec
971 3874 1172 3929 sponsa
1205 3860 1275 3913 de
1324 3860 1618 3930 semetipsa
1653 3860 1911 3916 edisserit
1936 3861 2169 3919 dicens:
2210 3864 2322 3935 Ego

754 3959 1048 4020 postquam
1105 3947 1210 4001 fuit
1254 3950 1309 4000 in
1358 3948 1502 4002 lecto
1562 3959 1755 4003 nostro
1804 3965 2043 4019 sponsus
2095 3968 2329 4023 corpore

692 4024 695 4027 V
746 4039 1109 4093 obumbratus
1138 4079 1155 4103 ,
1189 4038 1283 4107 qui
1331 4037 1625 4092 ardilicavit
1663 4039 1768 4093 sibi
1807 4040 2031 4094 domum
2094 4058 2180 4096 me
2213 4042 2326 4097 vir-

751 4139 926 4183 tutum
957 4130 1138 4185 eedris
1161 4139 1386 4200 tegens;
1412 4129 1557 4183 facta
1591 4146 1736 4197 sum,
1769 4132 1967 4202 inquit,
2002 4132 2102 4187 llos
2128 4133 2327 4188 odori—

753 4220 903 4277 I'erus
935 4228 989 4275 et
1036 4236 1206 4289 purus
1259 4221 1693 4289 splendidusque
1722 4237 1787 4275 ex
1832 4222 2068 4276 humana
2104 4234 2323 4291 natura,

750 4314 806 4367 in
857 4313 1147 4367 latitudine
1189 4314 1395 4382 campi,
1440 4313 1708 4382 elegantia
1760 4314 1984 4381 coloris,
2036 4324 2091 4369 et
2137 4315 2325 4372 odoris

751 4402 1078 4472 fragrantia,
1100 4403 1317 4456 ceteris
1341 4400 1571 4456 ﬂoribus
1598 4403 1955 4469 antecellens,
1985 4404 2155 4458 lilium
2181 4422 2325 4460 nun-

750 4502 1012 4562 cupatum
1063 4492 1421 4546 continentia:
1471 4493 1763 4561 splendore
1809 4508 2165 4551 corruscaus.
2222 4495 2325 4551 Hic

2422 673 2481 725 ὲν
2525 665 2571 739 ᾧ
2628 674 2963 727 ἀνεπαύοντο
3017 676 3342 747 ἀμφότεροι,
3380 678 3408 730 ὃ
3439 696 3498 731 τε
3526 680 3658 743 Θεὸς
3712 682 3888 751 Λόγος
3916 686 4015 738 καὶ

2422 774 2457 833 η
2485 765 2733 841 μακαρία
2758 764 2901 837 ψυχή
2925 782 2937 795 ·
2969 766 3288 835 φειδομένου
3328 768 3421 821 τοῦ
3474 772 3708 841 νυμφίου
3747 771 4013 844 ὕπαιθρον

2423 856 2592 925 αὐτὴν
2628 856 2807 926 ἔχειν⁸
2872 858 2947 928 μὴ
2998 857 3161 910 πάλιν
3221 859 3279 925 ἐξ
3328 861 3589 930 ἐπηρείας
3636 862 3730 915 τοῦ
3763 865 4012 917 ἐναντίου

2422 947 2575 1018 ἡλίου
2626 949 2847 1011 ἀκτῖνος
2882 949 3031 1022 πάθῃ
3075 968 3130 1003 τι
3174 953 3272 1020 τῆς
3324 954 3559 1016 παλαιᾶς
3606 954 4009 1027 μελανότητοςο

2422 1052 2567 1093 κατα
2619 1038 2675 1092 δὲ
2718 1038 2818 1109 τὴν
2870 1040 3066 1110 ἑτέραν
3116 1041 3400 1109 διαίρεσιν,
3450 1043 3594 1096 οὕτω
3637 1043 4008 1113 νοηθήσεται·

2420 1128 2625 1182 ὡσανεὶ
2643 1131 2743 1201 τῆς
2762 1130 2978 1201 νύμφης
2996 1130 3282 1203 λεγούσης,
3329 1134 3427 1197 ὅτι,
3443 1130 3508 1187 Ὠ
3531 1134 3749 1204 νυμφίε,
3769 1136 3833 1189 σὺ
3850 1139 4012 1206 μόνος

2422 1217 2491 1271 ἂν
2520 1220 2738 1284 ἐνδίκως
2771 1222 2952 1289 λέγοιο
2982 1222 3143 1285 καλὸς
3170 1226 3264 1276 καί
3316 1241 3379 1292 γε
3423 1225 3643 1295 ὡραῖος,
3677 1226 3753 1296 μὴ
3784 1228 4014 1298 ἐπίκτη-

2421 1328 2538 1376 τον,
2573 1310 2709 1380 ἀλλά
2733 1312 2958 1379 φυσικὸν
2984 1312 3123 1382 ἔχων
3158 1314 3216 1365 τὸ
3243 1313 3456 1376 κάλλος·
3489 1317 3579 1366 καὶ
3606 1315 3739 1385 προς
3769 1315 3924 1387 κλίνῃ
3954 1317 4012 1371 δὲ

2426 1404 2582 1475 ἡμῶν
2598 1405 2912 1475 γενόμενος,
2930 1407 3124 1477 ὡραῖος
3154 1403 3203 1458 εί
3230 1408 3320 1459 καὶ
3341 1408 3581 1470 σύσκιος,
3609 1408 3706 1477 τὴν
3742 1408 3839 1477 μὲν
3860 1408 4011 1461 θείαν

2424 1496 2522 1564 τῆς
2541 1496 2794 1563 Θεότητος
2816 1498 2906 1547 καὶ
2933 1495 3211 1566 ἀκραιφνῆ
3238 1497 3474 1565 μορφὴν,
3492 1497 3585 1548 καὶ
3606 1495 3681 1559 ὡς
3702 1496 3807 1548 ὑπὸ
3828 1513 4011 1566 παρα-

2426 1585 2737 1652 πετάσματι
2790 1586 2855 1653 τῇ
2893 1585 3087 1655 σαρκὶ,
3131 1586 3371 1653 ἐνεργῶν
3398 1586 3498 1653 μὲν
3540 1584 3607 1637 τὰ
3635 1585 3730 1654 τῆς
3758 1585 4011 1655 θεότητος

2425 1676 2568 1727 ἴδια·
2617 1676 2698 1727 διὸ
2737 1674 3072 1741 διὰγνωστος
3126 1676 3184 1728 δὲ
3227 1676 3524 1745 γενόμενος
3548 1674 3636 1728 διὰ
3661 1676 3761 1745 τὴν
3784 1677 4014 1744 ἐπικρέ-

2428 1782 2668 1818 πτουσαν
2721 1763 2789 1817 τά
2841 1765 3238 1835 ἐπιτελούμενα
3290 1765 3608 1836 παραδόξως
3636 1764 3731 1819 τοῦ
3757 1764 4012 1835 σώματος

2426 1872 2497 1908 πε
2503 1856 2741 1927 ριϐολήν.

2511 2031 2871 2100 Ὡριγένους.
2921 2060 2992 2070 -
3050 2028 3166 2083 Νῦν
3209 2030 3355 2084 ἔοικε
3404 2031 3667 2103 πρότερον
3711 2032 4011 2104 ἑνεωρακέ-

2428 2142 2518 2179 ναι
2564 2122 2888 2195 τρανότερον
2940 2139 3001 2176 τε
3053 2121 3151 2177 τοῦ
3189 2122 3425 2194 νυμφίου
3484 2122 3731 2193 κάλλειή
3792 2123 4007 2196 νύμφη,

2427 2234 2483 2269 κ.
2512 2232 2564 2270 τ.
2596 2214 2646 2267 λ.
2684 2213 2822 2284 (25).

3035 2304 3287 2360 ΚΕΦΑΛ.
3332 2303 3407 2357 B'.

2495 2404 2566 2451 α’.
2609 2396 2758 2467 Ἐγὼ
2812 2395 2998 2463 ἄνθος
3045 2396 3152 2450 τοῦ
3197 2395 3432 2461 πεδίου,
3486 2397 3696 2467 κρίνον
3728 2395 3847 2451 τῶν
3884 2414 4010 2451 κει-

2423 2489 2645 2545 itidem.

2498 2586 2826 2654 Κυρίλλου.
2859 2611 2925 2624 --
2973 2584 3061 2648 Ὠς
3086 2584 3363 2656 δεξαμένη
3393 2587 3426 2655 ἡ
3452 2584 3639 2656 νύμφη
3681 2586 3774 2639 τὸν
3801 2584 4008 2644 ἀνωθεν

2427 2679 2603 2744 ὑετδν,
2624 2680 2720 2732 καὶ
2754 2680 2990 2733 τεκοῦσα
3010 2679 3110 2749 τὴν
3161 2678 3382 2747 ἀρετὴν,
3416 2678 3566 2731 ἄνθει
3602 2678 3802 2749 ἑαυτὴν
3829 2695 4009 2747 παρα-

2425 2769 2613 2825 ϐάλλει
2645 2769 2830 2822 πεδίου
2850 2786 2863 2799 θ
2890 2769 3136 2822 δείκνυσι
3156 2766 3214 2820 δὲ
3246 2769 3370 2821 ὅσον
3399 2766 3682 2837 ὠφέλησεν
3707 2770 3738 2837 ἡ
3761 2768 3854 2820 τοῦ
3877 2769 4011 2835 Χρι-

2428 2857 2556 2909 στοῦ
2596 2856 2883 2926 ἐπιδημία,
2920 2857 3053 2908 ὅπου
3079 2872 3143 2923 γε
3172 2855 3267 2908 καὶ
3294 2856 3395 2919 τάς
3418 2854 3668 2919 κοιλάδας
3689 2856 3790 2920 τάς
3822 2857 4011 2911 ἀνεπι-
4079 2920 4086 2927 _

2424 2947 2673 3015 τηδείους
2726 2947 2861 3017 πρὸς
2910 2946 2946 3001 ἃ.
2995 2945 3415 3017 παντασπόρον,
3489 2947 3748 3001 τοιούτων
3800 2947 4011 3018 μεστὰς

2424 3036 2630 3104 ίέδειξεν
2656 3037 2866 3091 ἀνθέων
2889 3055 2903 3068 ο
2927 3037 3150 3091 κοιλάδα
3196 3036 3305 3108 γὰρ
3344 3038 3493 3106 λέγει
3535 3037 3634 3108 τὴν
3683 3038 4010 3091 ἀποκοιλαν-

2428 3126 2614 3181 θεῖσαν
2695 3127 2803 3180 ἀπὸ
2856 3126 2965 3180 τῶν
3014 3128 3356 3198 οἰκησάντων
3410 3128 3584 3199 αὐτὴν
3646 3127 3814 3181 πάλαι
3888 3128 4011 3182 δαι-

2351 3260 2398 3321 c
2436 3219 2633 3321 μόνων.

2498 3312 2787 3376 Φίλωνος.
2841 3341 2911 3352 -
2948 3310 3136 3364 Ταῦτά
3160 3326 3325 3380 φησιν
3383 3312 3417 3381 ἡ
3481 3310 3673 3380 νύμφη
3731 3307 4012 3361 ἀκούσασα

2430 3402 2582 3472 παρά
2623 3402 2869 3468 Ἦσαῒου,
2904 3422 2922 3451 ε
2950 3402 3328 3470 Ἀγαλλιάσθω
3352 3401 3580 3472 ἔρημος,
3608 3400 3703 3455 καὶ
3728 3402 3804 3465 ὡς
3830 3400 4013 3468 κρίνον

2428 3488 2694 3545 ἀνθείτω’
2729 3510 2747 3541 ι
2779 3493 2872 3544 καὶ
2901 3490 3060 3562 παρά
3095 3491 3188 3544 τοῦ
3224 3491 3454 3562 Κυρίου,
3490 3509 3509 3542 ι
3548 3475 3911 3561 Κατμμάθέτε
3948 3490 4015 3542 τὰ

2428 3582 2589 3651 κρίνα
2619 3582 2713 3635 τοῦ
2752 3582 2927 3653 ἀγροῦ
2948 3600 2962 3614 ο
2988 3582 3175 3652 »λέγει
3204 3583 3249 3637 δ’
3281 3584 3348 3637 ἂν
3378 3586 3406 3636 ό
3425 3582 3630 3655 Κύριος
3659 3584 3751 3637 ἐπὶ
3787 3582 3893 3651 γῆς
3917 3600 4014 3650 γε-

2428 3670 2666 3738 γονέναι,
2722 3672 2800 3735 ὼς
2855 3671 3167 3742 ἀνθήσωσιν
3217 3674 3267 3724 οἱ
3309 3673 3493 3724 πιστοὶ
3532 3674 3629 3726 καὶ
3673 3674 3731 3727 ἐν
3765 3672 3841 3743 τῷ
3870 3672 4012 3745 ᾄδῃο

2426 3762 2587 3817 τοῦτο
2600 3762 2712 3834 γὰρ
2738 3763 2999 3817 κοιλάδων
3024 3764 3210 3836 κρίνον
3238 3765 3266 3818 ὅ
3305 3765 3423 3818 ἑστι
3454 3765 3668 3835 νεκρός.

2500 3855 2830 3923 Γρηγορίου
2860 3854 2995 3926 (26).
3028 3886 3095 3897 -
3122 3853 3310 3909 Ταῦτα
3359 3857 3392 3925 ἡ
3437 3856 3625 3927 νύμφη
3655 3856 3782 3924 περὶ
3812 3854 4015 3926 ἑαυτῆς

2425 3942 2765 4012 διεξέρχεται
2789 3942 3025 4010 λέγουσα
3045 3959 3059 3971 ⁸
3099 3941 3246 4010 Ἐγὼ
3274 3940 3412 4012 μετὰ
3478 3942 3541 3994 τδ
3572 3939 3829 4008 γενέσθαι
3860 3943 3917 3994 ὲν
3944 3943 4012 4011 τῇ

2429 4034 2590 4105 κλίνῃ
2616 4034 2773 4103 ⁴ίλμών
2796 4034 2886 4087 τὸν
2915 4034 3152 4103 νυμφίον
3209 4032 3611 4087 συσκιασθέντα
3655 4032 3733 4102 τῷ
3775 4032 4011 4101 σώματι,

2425 4122 2488 4186 ὃς
2538 4122 2891 4193 ᾠκοδόμησεν
2944 4124 3003 4175 ἐν
3023 4122 3200 4193 ἑαυτῷ
3253 4122 3346 4176 τὸν
3379 4118 3531 4176 οἷκον
3587 4122 3709 4191 ἐμὲ,
3751 4124 3870 4183 ταῖς
3901 4120 4013 4173 τῶν

2425 4212 2641 4284 ἀρετῶν
2696 4212 2908 4283 κέδροις
2967 4213 3253 4285 ὠρόφωσε,
3320 4214 3537 4281 γέγονε,
3588 4214 3796 4280 φησιν,
3850 4210 4013 4273 ἄνθος

2428 4305 2666 4377 εὖοσμόν
2694 4322 2753 4359 τε
2785 4306 2880 4360 καὶ
2908 4306 3150 4377 καθαρὸν
3180 4307 3276 4359 καὶ
3320 4305 3598 4376 λαμπρὸν,
3628 4306 3693 4358 ὲκ
3719 4305 3819 4373 τῆς
3850 4307 3907 4357 ἐν
3932 4303 4010 4375 τῷ

2429 4397 2620 4452 πλάτει
2639 4396 2995 4467 ἀνθρωπίνης
3023 4395 3241 4464 φύσεως
3301 4395 3395 4449 τοῦ
3425 4394 3634 4459 πεδίου,
3666 4394 3919 4463 εύχροίας
3949 4410 4010 4446 τε

2427 4488 2523 4541 καὶ
2557 4487 2809 4554 εὐωδίας,
2836 4487 2949 4541 τῶν
2972 4486 3178 4542 λοιπῶν
3206 4486 3413 4540 ἀνθέων
3428 4486 3707 4555 διαφέρον,
3734 4484 3764 4537 δ
3790 4484 4011 4553 λέγεται

748 4592 936 4638 autem
975 4598 1205 4651 campus
1235 4585 1657 4651 comparatione
1691 4584 1913 4639 verticis
1945 4587 2185 4642 caelestis
2212 4588 2323 4641 val-

2429 4580 2637 4650 κρίνον,
2667 4581 2769 4650 τὴν
2803 4578 2904 4649 τῆς
2963 4578 3321 4651 σωφροσύνης
3356 4577 3755 4647 ἀπαστράπτον
3785 4592 4011 4646 μαρμα-

752 4672 817 4726 lis
845 4672 1184 4735 nominatur,
1227 4674 1285 4725 in
1325 4688 1434 4743 quo
1469 4674 1608 4729 bene
1635 4676 1781 4729 culta
1819 4692 1885 4730 ex
1934 4678 2044 4731 imo
2076 4679 2234 4734 vallis
2264 4680 2318 4733 in

748 4762 917 4814 altum
962 4762 1237 4827 educitur,
1271 4763 1418 4817 sicut
1448 4763 1553 4817 l'ert
1587 4774 1783 4821 natura
1812 4767 1909 4820 lilii
1940 4784 2049 4837 quo
2076 4770 2237 4824 etiam
2264 4770 2317 4825 in

749 4852 967 4908 sublimi
1010 4868 1111 4907 sua
1148 4854 1225 4908 illi
1263 4862 1479 4910 constet
1513 4857 1886 4926 pulchritudo,
1921 4867 2138 4914 terrena
2167 4876 2320 4915 com-

748 4943 1006 4996 mistione
1036 4944 1259 4998 minime
1284 4945 1508 5014 polluta,
1543 4962 1645 5001 nec
1668 4949 1791 5003 vita:
1820 4950 1993 5018 spinis
2021 4966 2050 5004 a
2070 4952 2322 5021 malignis

748 5032 1043 5087 virtutibus
1093 5033 1385 5100 sutl‘ocata,
1416 5050 1555 5104 quas
1585 5037 1785 5092 diaboli
1829 5038 1969 5094 tilias
1999 5042 2164 5095 tacite
2190 5041 2324 5095 insi-

748 5123 957 5175 nuavit.

822 5382 956 5437 Nili.
986 5416 1059 5428 —
1089 5384 1284 5439 Lilium
1322 5388 1558 5457 seipsam
1604 5395 1783 5449 vocat,
1831 5387 1912 5441 vel
1956 5388 2099 5454 quod
2135 5389 2316 5443 decori

748 5472 821 5527 sit
868 5476 1105 5530 vallibus
1165 5486 1389 5546 propter
1440 5478 1714 5531 actionum
1774 5492 1869 5531 seu
1924 5479 2317 5548 cogitationum

747 5563 1111 5620 humilitatem
1156 5570 1239 5623 sic
1277 5570 1597 5633 nominatis,
1641 5569 1696 5622 in
1746 5569 1992 5639 utrisque
2039 5570 2320 5639 splendide

817 5708 864 5740 "
897 5708 1001 5763 lsa.
1045 5727 1206 5778 xxxv,
1239 5713 1293 5765 l.
1367 5714 1413 5745 '°
1458 5713 1648 5768 Ilatth.
1680 5730 1755 5779 vt,
1780 5714 1873 5768 33.

2428 4671 2637 4740 ρυγὴνο
2692 4670 2757 4722 τδ
2798 4670 2981 4722 πεδίον
3027 4669 3189 4723 τοῦτο
3256 4668 3542 4739 συγκρίσει
3598 4667 3699 4738 τῆς
3752 4666 4011 4736 οὐρανίας

2426 4760 2614 4830 ἁψῖδος
2642 4760 2829 4823 κοιλάς
2885 4760 3213 4831 ὀνομάζεται
3232 4776 3247 4791 ο
3277 4762 3333 4813 ὲν
3357 4753 3403 4827 ᾧ
3433 4761 3465 4828 ἡ
3503 4756 3889 4827 γεωργηθεῖσα
3916 4773 4012 4809 και

2424 4848 2536 4913 λῶς
2560 4850 2625 4902 ἐκ
2665 4848 2763 4902 τοῦ
2817 4849 3001 4903 κοίλου
3053 4849 3189 4919 πρὸς
3218 4848 3281 4901 τδ
3305 4847 3444 4919 ὕψος
3487 4846 3778 4912 ἐκδίδοται,
3808 4844 3885 4909 ὡς
3912 4845 4010 4899 καὶ

2424 4940 2522 4994 τοῦ
2547 4940 2733 5011 κρίνου
2754 4941 2788 5011 ἠ
2808 4940 3000 5009 φύσιςο
3022 4941 3100 5003 ὡς
3126 4939 3192 4993 ἂν
3226 4942 3284 4991 ὲν
3314 4939 3577 5010 μετεώρῳ
3607 4937 3846 5009 καθαρὸν
3866 4938 4005 5009 αὐτῇ

2423 5032 2658 5103 διαμένῃ
2685 5031 2747 5084 τὸ
2773 5032 2971 5095 κάλλος
2998 5034 3064 5103 τῇ
3083 5030 3223 5102 πρὸς
3253 5030 3354 5100 τὴν
3388 5031 3495 5100 γῆν
3533 5028 3787 5099 ἐπιμιξία
3809 5028 3884 5099 μὴ
3910 5046 4008 5099 μο-

2425 5122 2738 5192 λυνόμενον,
2802 5121 2938 5190 μηδὲ
2983 5139 3046 5173 συ
3057 5121 3428 5191 μπνιγόμενον
3459 5121 3583 5182 ταῖς
3612 5118 3881 5181 ἀκάνθαις
3907 5116 4007 5171 τοῦ

2427 5212 2569 5284 βίου,
2636 5212 2759 5273 ταῖς
2793 5215 3057 5281 πονηραῖς
3105 5211 3441 5281 δυνάμεσιν·
3484 5209 3550 5273 ἃς
3601 5208 3698 5263 τοῦ
3753 5207 4004 5263 διαϐόλου

2426 5301 2737 5370 θυγατέρας
2765 5302 2904 5353 κατά
2938 5302 2999 5354 τὸ
3031 5302 3370 5371 σιωπόμενον
3392 5301 3639 5371 ᾐνίξατο.

2496 5394 2736 5446 Νείλου.
2768 5423 2839 5433 -—
2870 5394 3073 5463 Κρίνον
3134 5394 3358 5463 ἑαυτὴν,
3391 5395 3582 5463 φησιν,
3617 5392 3649 5461 ἢ
3678 5390 3769 5444 διὰ
3805 5390 3867 5444 τὸ
3906 5394 4009 5460 ὲμο

2428 5485 2660 5555 πρέπειν
2700 5486 2819 5546 ταῖς
2869 5485 2957 5538 διά
2983 5486 3347 5550 ταπεινότητα
3378 5483 3684 5554 πράξεωνῆ
3718 5483 4008 5553 νοημάτων

2428 5576 2638 5640 κοίλαις
2696 5575 3149 5652 ὀνομαζομέναις,
3223 5577 3457 5647 φαιδρῶς
3508 5578 3564 5630 ὲν
3598 5574 3882 5645 ἑκατέροις
3908 5590 4008 5630 κι-

2264 5809 2494 5867 ΝΟΤΔΕ.

814 5899 932 5970 (εδ)
967 5898 1171 5954 emt.
1207 5912 1246 5958 l.
1283 5901 1449 5971 xvu,
1482 5905 1586 5958 col.
1617 5904 1741 5960 sua.

2489 5904 2602 5973 (‘26)
2626 5906 2910 5975 Anonyma
2939 5915 3068 5961 sunt
3092 5905 3145 5959 in
3175 5905 3231 5959 l2.
3267 5906 3321 5959 IS.
