4264 6444
317 377 447 440 1581

1265 378 1794 440 COMMENTARII
1834 377 1916 437 IN
1951 377 2265 439 CANTICA
2307 379 2596 440 CANTIC.

3432 382 3563 444 1582

305 507 404 549 τας
438 485 702 548 ὄιεξόδηυς
737 482 840 535 τῶν
897 483 1129 536 ὑδάτων
1170 503 1187 532 ι
1224 486 1320 552 οὐχ
1350 485 1533 551 ὅμοιον
1558 484 1612 536 δὲ
1638 484 1879 546 ἀεννάοις
1913 495 1951 545 Λ
1985 501 1989 532 :

1913 495 1951 545 Λ
1985 497 2247 552 aquarum
2276 487 2341 536 ".
2376 505 2392 534 ι
2430 484 2544 538 Non
2575 494 2754 538 autem
2786 486 2964 539 simile
2987 496 3070 539 cst
3101 494 3431 557 percnnilinc
3459 500 3565 548 ctr-

310 576 738 647 περιρρεόμενοι
797 573 952 624 ὕδασι
991 571 1330 635 ποτίζεσθαι,
1362 575 1452 623 καὶ
1490 573 1757 633 ἐπινοίαις
1790 573 1879 622 ἀν-

309 666 616 734 θρωπίναις
642 667 698 715 ἐν
751 662 1109 731 κολυμϐήθρᾳ
1163 661 1509 730 συναχθεῖσιν
1561 661 1882 728 ἀρδεύεσθαι

309 757 485 807 ῦοασι·
513 755 572 805 τὸ
610 753 708 821 μὲν
736 754 842 818 γάρ
893 752 987 801 τὸν
1031 752 1280 820 οὐράνιον
1333 751 1586 818 σημαίνει
1616 751 1793 816 λόγον,
1825 749 1884 799 τὸ

305 848 482 914 δὲτὴν
540 845 890 912 ἀνθρωπίνην
941 842 1330 894 διδασκαλίαν
1387 840 1557 892 ἔπειθ’
1605 841 1792 908 ὥσπερ
1824 839 1884 890 τὸ

310 937 483 1002 μῆλον
539 933 1013 1003 ἐμπεριεχομένην
1049 933 1126 1002 τῷ
1153 932 1386 1000 δέρματι
1455 931 1736 999 φυλάττων
1789 931 1885 996 τὴν

311 1028 564 1084 εὐωδίαν.
596 1028 690 1078 καὶ
730 1027 823 1076 ἐπὶ
844 1025 904 1076 τὸ
934 1026 1038 1090 ἔξω
1069 1023 1234 1092 αὐτὴν
1266 1023 1587 1080 διαδίδωσιν,
1624 1021 1765 1074 οὕτω
1791 1023 1886 1072 καὶ

308 1121 340 1184 ἡ
373 1117 566 1182 θεότης
623 1113 990 1182 ὲνεκρύπτετο
1016 1112 1092 1180 τῷ
1126 1112 1339 1177 σώματι
1365 1128 1378 1140 ·
1406 1111 1553 1178 ὅμως
1601 1109 1695 1177 τὴν
1739 1108 1888 1178 ἐνέρ-

305 1226 463 1275 γειαν
489 1206 736 1266 διεδίδου,
765 1207 856 1257 καὶ
883 1205 977 1256 ἐπὶ
1011 1204 1106 1255 τοῦ
1144 1203 1249 1265 ἔξω
1282 1203 1607 1269 φαινομένου
1637 1201 1882 1268 σαρκίουο

308 1299 441 1351 σκιά
462 1299 516 1350 δὲ
542 1300 598 1350 ἐν
702 1295 1052 1363 ἐπεθύμησεν
1105 1293 1328 1346 καθίσαι
1374 1296 1405 1362 ἡ
1440 1291 1663 1360 Νύμφη.
1698 1291 1886 1359 ἐπειδὴ

310 1391 516 1458 μᾶλλον
543 1391 607 1440 ὲκ
640 1389 749 1440 τῶν
795 1388 1010 1455 φύλλων
1046 1387 1080 1453 ἡ
1111 1386 1236 1438 σκιὰ
1297 1385 1538 1452 πέφυκεν
1582 1386 1654 1444 ὡς
1707 1383 1799 1435 ἐπὶ
1831 1383 1892 1433 τὸ

306 1482 562 1534 πλεῖστον
592 1479 860 1548 γίνεσθαι,
885 1480 966 1546 τῷ
1000 1481 1364 1548 συγκραιφνεί
1382 1479 1479 1546 τῆς
1504 1476 1612 1528 τῶν
1643 1476 1890 1527 πετάλων

308 1574 582 1633 ὲνώσεως,
612 1575 712 1640 τὴν
743 1573 977 1642 ἡλιακὴν
1024 1572 1220 1624 ἀκτῖνα
1269 1569 1754 1638 ἀποτειχείζουσα·
1792 1567 1892 1618 ὅσα

307 1664 403 1718 οἷν
436 1665 578 1717 κατὰ
633 1665 798 1730 φύσιν
855 1664 953 1731 τῆς
983 1663 1401 1732 ἀνθρωπότητος
1436 1661 1681 1713 ἐπετέλει
1715 1661 1743 1711 ὁ
1784 1661 1893 1711 Κν-

308 1773 500 1825 ριακυς
526 1755 817 1824 ἄνθρωπος
843 1753 1042 1805 ἐσθίων
1067 1755 1161 1805 καὶ
1198 1754 1390 1808 πίνων,
1426 1753 1516 1802 κει)⁷
1546 1752 1644 1802 ὅσα
1678 1750 1890 1817 φύσεως

1988 574 2282 625 cumﬁuuiu
2314 577 2468 640 aquis
2505 578 2676 641 potari
2707 585 2757 628 ct
2791 577 3045 628 humanis
3076 579 3564 638 adinwntiouihns

1989 664 2040 714 in
2090 665 2297 730 piScitia
2349 666 2558 718 coactis
2605 667 2765 734 aquis
2838 669 3100 735 irrigari:
3140 669 3273 722 illud
3330 690 3564 742 nan-quc

1986 757 2264 809 caelestem
2290 771 2621 817 sermonem,
2654 759 2753 809 hoc
2782 773 2910 810 vero
2940 761 3232 813 huma1iam
3255 765 3562 817 ιΙοι-Ιγίιιεηη

1988 849 2276 915 signiﬁcat.
2329 849 2534 901 Deinde
2568 849 2696 915 quia
2733 853 2953 913 malum,
3007 853 3406 906 circnuulatam
3441 871 3569 906 cor-

1991 940 2094 988 tice
2137 937 2458 990 custodiens
2509 938 2698 991 odoris
2733 943 3078 1002 suavitatem,
3119 943 3264 996 illam
3300 946 3434 998 foris
3464 947 3568 999 dif-

1990 1028 2164 1078 fundit
2208 1046 2220 1080 :
2261 1028 2339 1081 sic
2392 1031 2555 1081 etiam
2608 1031 2864 1082 divinitas
2926 1047 3157 1100 corpore
3227 1037 3564 1100 alidehatnr,

1992 1119 2125 1170 foris
2161 1127 2340 1172 tamen
2373 1122 2535 1172 etiam
2574 1123 2626 1174 in
2665 1138 2832 1176 carne
2867 1135 3219 1191 apparentem
3253 1143 3406 1179 suam
3438 1145 3567 1196 μου,

1990 1211 2153 1262 debat
2185 1211 2572 1265 ellicacitatem.
2631 1211 2832 1266 Umbra
2895 1231 3057 1282 porro
3117 1219 3170 1270 in
3227 1236 3330 1287 qua
3377 1221 3567 1271 si-durn

1993 1299 2205 1367 Sponsa
2252 1303 2580 1356 desideravit
2616 1310 2759 1372 (cum
2791 1315 2846 1356 ut
2873 1308 3164 1374 plurimum
3193 1325 3256 1362 ex
3294 1309 3437 1362 foliis
3471 1329 3566 1377 pn-

1995 1395 2103 1446 tius
2163 1409 2323 1462 quam
2385 1396 2604 1447 aliunde
2637 1396 2824 1448 umbra
2879 1396 2991 1449 ﬁeri
3032 1407 3195 1464 amet,
3261 1402 3387 1453 dum
3439 1405 3569 1454 τίη-ἰ-

1992 1486 2240 1538 dantium
2279 1485 2448 1539 densa
2482 1487 2876 1554 conjunctione
2924 1489 3176 1543 foliorum
3217 1495 3448 1544 solareui
3481 1511 3566 1545 ra-

1993 1577 2140 1627 dium
2174 1578 2354 1644 arcet)
2383 1618 2397 1636 ,
2430 1589 2557 1630 sunt
2579 1593 2640 1631 ea
2665 1595 2787 1648 qua;
2821 1578 3134 1635 Dominicus
3169 1582 3330 1634 homo
3371 1599 3568 1637 seruu-

1993 1665 2118 1716 dum
2175 1675 2420 1716 naturain
2471 1665 2765 1719 humanam
2819 1667 3151 1736 perficiebat,
3183 1671 3480 1723 comedens
3515 1681 3570 1724 ct

1997 1751 2189 1803 liihens
2228 1759 2280 1803 et
2337 1767 2673 1820 quaecunque
2725 1763 2885 1806 erant
2932 1769 3096 1822 opera
3149 1768 3401 1821 natura,
3438 1759 3566 1826 quia

303 1845 372 1918 ἧν
399 1847 574 1916 ἕργα’
619 1845 808 1912 ἐπειδὴ
861 1845 1000 1913 μετά
1054 1861 1198 1906 τινος
1257 1842 1522 1910 ὡφελείας
1573 1841 1745 1892 ἐποίει
1797 1841 1890 1891 καὶ
1923 1860 1963 1912 η

1882 1858 1890 1890 ’.
1923 1860 1963 1912 η
1993 1852 2114 1888 cuin
2149 1837 2326 1905 aliqua
2364 1839 2600 1890 utilitate
2653 1839 2816 1892 etiam
2867 1839 2981 1894 haec
3025 1842 3213 1896 obibat
3256 1845 3472 1897 modum
3511 1847 3566 1898 in

843 1943 904 1994 οὑ
979 1935 1077 2003 τῆς
1094 1933 1327 2002 ὀρέξεως
1352 1933 1410 1984 τὸ
1429 1932 1729 1999 ἄπληστον,
1755 1931 1892 1983 ἀλλὰ

304 2031 405 2098 τῆς
435 2030 624 2098 χρείας
660 2027 948 2094 γινώσκων
978 2025 1038 2077 τὸ
1069 2024 1342 2092 αῦταρκες
1370 2041 1383 2055 ο
1426 2023 1636 2093 καρπὸς
1667 2024 1774 2090 γὰρ
1796 2020 1890 2073 τοῦ

308 2119 486 2186 μή).ου
535 2120 589 2169 αἱ
621 2120 738 2169 κατ’
771 2115 974 2185 ἀρετὴν
1010 2115 1262 2184 πράξεις,
1297 2114 1356 2176 ὃς
1384 2117 1476 2166 καὶ
1505 2114 1708 2181 γλυκὺς
1730 2112 1888 2178 γεγέ-

305 1937 480 1989 ταῦτα
521 1936 740 2004 μέτρον,

307 2225 466 2278 νηται
490 2210 547 2259 ὲν
573 2208 652 2276 τῷ
677 2207 915 2277 λάρυγγι
948 2208 1118 2276 αὐτῆς
1141 2223 1154 2238 ο
1189 2209 1287 2274 τὴν
1341 2207 1441 2274 τῆς
1466 2205 1643 2275 ψυχῆς
1695 2203 1888 2273 αἴσθη-

303 2317 393 2353 σιν
427 2300 704 2368 εὐφράνας
732 2303 796 2368 τῇ
829 2301 1040 2368 χρηστῇ
1074 2298 1328 2364 ποιότητι
1362 2299 1457 2360 τῆς
1488 2296 1750 2364 γεύσεως·
1778 2295 1888 2363 ἔχει

301 2393 360 2443 δὲ
397 2393 532 2458 πρὸς
565 2393 629 2459 τῇ
653 2389 817 2459 man
849 2390 1022 2459 ταύτῃ
1059 2388 1284 2458 θεωρίᾳ,
1320 2388 1414 2440 καὶ
1464 2385 1810 2456 δογματικὴν
1832 2386 1891 2436 τὸ

306 2484 498 2549 ῥητόν.
553 2483 612 2532 Ei
641 2482 748 2550 γὰρ
806 2482 961 2531 σκιὰν
1018 2479 1190 2548 ἔχειό
1231 2479 1390 2547 νόμος
1435 2478 1541 2529 τῶν
1594 2475 1889 2544 μελλόντων

303 2570 554 2636 ἀγαθῶν.
590 2574 682 2622 καὶ
713 2570 828 2620 ἔστι
850 2569 970 2619 τινὰ
1003 2569 1111 2619 τῶν
1141 2567 1443 2636 μελλόντων
1465 2583 1478 2596 ο
1515 2567 1576 2618 τὸ
1624 2565 1679 2616 δὲ
1733 2563 1888 2632 σῶμα

305 2659 570 2728 Χριστοῦ,
595 2659 688 2726 ἀφ’
716 2655 774 2711 οὗ
803 2659 893 2709 καὶ
916 2659 949 2727 ἡ
985 2658 1112 2709 σκιὰ
1139 2659 1571 2726 παρυφίσταται,
1601 2657 1657 2706 ὲν
1673 2658 1740 2724 τῇ
1762 2657 1888 2724 σκιᾷ

303 2752 401 2803 τοῦ
432 2752 618 2815 νόμου.
646 2749 843 2812 Καλῶς
868 2750 1118 2800 ἐκάθισεν
1141 2751 1173 2818 ὴ
1203 2749 1409 2816 Νύμφη
1429 2764 1443 2777 ·
1488 2750 1585 2799 οὐκ
1611 2748 1774 2800 αὑτὸν
1797 2749 1889 2798 τὸν

303 2842 470 2906 νόμον
506 2840 737 2892 ποιοῦσα
768 2840 1092 2908 σωματικῶς
1119 2879 1132 2902 ,
1157 2841 1292 2891 ἀλλὰ
1314 2840 1378 2891 τὰ
1401 2839 1460 2902 ἐξ
1503 2838 1667 2891 αὑτοῦ
1695 2855 1890 2906 σημαι-

301 2933 537 2999 νόμενα·
575 2931 820 2999 ἀργοῦσι
852 2930 949 2998 μὲν
979 2931 1085 2982 τῶν
1108 2930 1357 2982 τυπικῶν
1383 2929 1884 2997 παραγγελμάτων·

305 3022 508 3088 ἀργίαν
547 3021 654 3086 γάρ
688 3023 719 3088 ἡ
755 3009 974 3081 κάθισιξ
1001 3019 1276 3088 σημαίνει,
1309 3018 1400 3070 τοῦ
1434 3018 1650 3088 καρποῦ
1677 3018 1732 3069 δὲ
1755 3019 1888 3069 ἁποο

304 3113 550 3165 λαύουσα
598 3112 874 3172 πλουσίως
937 3113 1029 3163 καὶ
1077 3111 1253 3176 τούτῳ
1307 3113 1740 3180 ἑνευωχουμένη,
1795 3109 1890 3162 καὶ

1999 1926 2064 1979 iis
2089 1943 2194 1979 non
2228 1928 2547 1996 cupiditatis
2587 1928 3061 1984 immoderantiam
3097 1934 3190 1986 sed
3222 1937 3570 1989 necessitatis

1995 2017 2372 2073 sufﬁcientiam
2402 2021 2603 2072 sciens.
2628 2019 2863 2073 Fructus
2893 2024 3038 2074 enim
3075 2024 3199 2076 mali
3234 2037 3356 2078 sunt
3405 2043 3567 2094 opera

1993 2113 2253 2163 virtutum
2279 2112 2370 2179 qui
2402 2118 2456 2164 et
2483 2111 2660 2164 dulcis
2698 2111 2874 2166 factus
2901 2124 2983 2166 est
3019 2115 3072 2166 in
3106 2125 3325 2182 gutture
3359 2117 3565 2184 ipsius;

1993 2199 2194 2267 optima
2223 2199 2487 2266 qualitate
2511 2208 2704 2268 gustus
2735 2201 3016 2254 oblectans
3043 2221 3054 2254 :
3084 2212 3277 2272 praeter
3304 2209 3565 2259 moralem

1993 2296 2172 2342 autem
2233 2289 2373 2342 hanc
2417 2292 2932 2360 contemplationem
2981 2295 3142 2346 etiam
3193 2294 3563 2362 dogmaticain

1992 2383 2295 2436 doctrinam
2336 2383 2421 2436 hic
2459 2394 2649 2437 textus
2680 2387 2926 2438 continet
2953 2425 2966 2447 .
3008 2389 3276 2455 siquidem
3317 2391 3563 2443 umbram

1993 2475 2150 2528 habet
2199 2477 2280 2528 lex
2320 2476 2630 2531 futurorum
2686 2480 2953 2532 honorum
2991 2481 3054 2542 ",
3081 2491 3132 2532 ct
3163 2493 3281 2533 sunt
3317 2483 3563 2550 quadam

1993 2564 2183 2616 umbra
2235 2565 2580 2626 futurorum,
2633 2578 2832 2632 corpus
2883 2581 3009 2616 vero
3057 2568 3261 2621 Christi
3295 2585 3322 2620 a
3352 2585 3462 2637 quo
3512 2579 3567 2624 ct

1993 2657 2186 2706 umbra
2214 2655 2427 2708 exsistit
2455 2656 2506 2707 in
2534 2656 2720 2707 umbra
2744 2657 2894 2725 legis.
2917 2656 3150 2711 Pulchre
3181 2662 3321 2715 sedit
3354 2660 3564 2728 Sponsa

1994 2761 2101 2797 non
2143 2745 2311 2813 ipsum
2362 2747 2530 2814 legem
2581 2746 2784 2799 faciens
2818 2749 3198 2816 corporaliter,
3235 2751 3326 2803 sed
3360 2766 3480 2818 qua!
3513 2755 3566 2802 iii

1991 2852 2050 2889 ea
2083 2835 2499 2903 significantur;
2525 2852 2727 2890 vacans
2751 2837 2970 2905 quidem
3002 2841 3200 2908 lypicis
3236 2842 3430 2892 edictis
3451 2850 3567 2902 (va-

1991 2929 2258 2980 cationem
2284 2927 2426 2980 enim
2449 2928 2621 2980 sessio
2648 2927 2942 2998 designat),
2977 2929 3069 2982 sed
3107 2928 3375 2982 fructibus
3404 2931 3564 2982 abun-

1991 3019 2186 3070 danter
2211 3017 2398 3070 fruens
2429 3020 2616 3084 eisque
2647 3031 2704 3070 se
2727 3032 3008 3079 recreans,
3040 3027 3154 3070 tnni
3187 3020 3415 3084 olfactu,
3449 3031 3564 3074 tum

1990 3118 2174 3180 gustu,
2213 3124 2337 3163 cum
2373 3109 2735 3163 delectatione
2768 3117 2932 3177 atque
2969 3111 3262 3176 l'ruitione;
3310 3116 3434 3180 quia
3459 3115 3563 3168 cibi

303 3205 599 3273 ὀσφρήσει,
648 3205 742 3257 καὶ
796 3203 1005 3270 γεύσει,
1061 3205 1154 3255 καὶ
1181 3202 1370 3272 τέρψει
1423 3203 1517 3255 καὶ
1571 3200 1885 3254 ἀπολαύσει·
1917 3186 1962 3246 C

1877 3186 1962 3246 ἐ
1993 3203 2209 3272 quidem
2257 3210 2471 3270 gustus.
2524 3201 2903 3254 delectationis
2955 3215 3084 3254 vero
3137 3202 3561 3258 instrumentum

309 3297 504 3366 ἐπειδὴ
537 3298 749 3366 τροφῆς
778 3298 880 3366 μὲν
915 3299 947 3364 ἠ
980 3294 1169 3364 γεῦσις
1203 3295 1454 3365 ὖργανον,
1481 3294 1723 3363 τέρψεως
1747 3294 1778 3362 ή
1803 3293 1893 3344 δσ-

307 3405 535 3457 φρησις-

395 3477 840 3547 Ὠριγένους.-
865 3479 1114 3548 Ἔπρεπε
1149 3481 1215 3548 τῇ
1241 3478 1465 3549 Νύμφῃ,
1501 3496 1554 3532 κ.
1586 3497 1636 3531 τ.
1674 3480 1722 3534 λ.
1757 3479 1890 3549 (‘28).

385 3573 675 3632 Φίλωνος.
710 3598 776 3609 -
811 3570 1019 3635 Ἤγουν
1076 3570 1206 3621 υίῶν
1250 3569 1358 3622 τῶν
1393 3570 1658 3622 Ἰουδαίων
1707 3572 1891 3638 φησιν,

308 3665 452 3716 κατὰ
479 3663 537 3714 τὸ
563 3662 754 3723 ιΥἱοὺς
779 3663 971 3730 ὲγέννη
983 3680 1100 3723 sai,»
1126 3661 1219 3724 οὓς
1243 3662 1315 3723 ὡς
1338 3663 1622 3730 ἀκάρπους
1650 3664 1738 3713 καὶ
1764 3661 1893 3725 ξύλα

306 3753 523 3822 δρυμοῦ
583 3757 1048 3821 προσωνόμασεν⁸
1087 3746 1160 3804 ὢν
1197 3754 1256 3803 ὲν
1303 3753 1456 3820 μέσῳ
1507 3754 1648 3804 κατὰ
1709 3753 1888 3819 σάρκα

308 3845 546 3913 Χριστὸς
576 3885 589 3906 ,
629 3847 720 3896 ατε
778 3841 1137 3911 μετασχηκὼς
1167 3844 1396 3911 αἵματος
1429 3845 1523 3894 καὶ
1555 3842 1778 3910 σαρκὸς,
1820 3837 1894 3894 ὧν

305 3938 372 3988 τὸ
391 3936 560 4005 μῆλον
583 3933 748 3986 εἰκὼν
777 3934 833 3984 ὲν
867 3933 1046 3999 ἑαυτῷ
1081 3933 1246 4002 φέρον
1267 3933 1327 3984 τὸ
1355 3931 1583 4000 ἐρυθρὸν
1628 3933 1718 3983 καὶ
1771 3933 1894 3982 λευ-

307 4028 430 4088 κὸν,
465 4026 556 4078 καὶ
583 4026 682 4094 μὲν
714 4027 806 4076 καὶ
834 4024 1148 4086 εύωδιὰζον.

395 4227 845 4294 Ἀπολιναρίου.
877 4255 944 4266 -
987 4226 1119 4278 Τότε
1180 4225 1234 4277 δὲ
1282 4225 1496 4295 ἀληθῶς
1546 4228 1895 4294 γλυκαίνεται

305 4322 379 4375 τά
402 4324 502 4390 τῆς
530 4319 708 4388 ψυχῆς
743 4334 846 4386 μου
883 4317 1242 4387 αἰσθητήρια,
1270 4319 1400 4371 ὅταν
1433 4319 1580 4387 ἡμᾶς
1625 4321 1758 4390 πρὸς
1805 4322 1896 4372 τὸν

305 4417 376 4467 ὲκ
397 4413 511 4466 τῶν
532 4411 858 4481 πειρασμῶν
883 4410 1126 4479 φλογμὸν
1149 4412 1181 4479 ὴ
1214 4409 1310 4462 τοῦ
1339 4411 1510 4479 μήλου
1545 4413 1672 4464 σκιὰ
1696 4412 1843 4464 διατε
1856 4429 1897 4462 ι-

1993 3304 2074 3347 est
2097 3295 2380 3346 odoratus.

2068 3478 2329 3549 Origenis.
2362 3507 2429 3519 -—
2471 3478 2703 3533 Decebat
2733 3481 3028 3548 Sponsam,
3062 3488 3168 3532 etc.

2065 3569 2398 3622 PIu'lonis.-—
2423 3567 2516 3623 Vel
2551 3585 2644 3639 per
2687 3570 2828 3625 ﬁlios
2855 3569 3074 3624 Judaaos
3110 3572 3385 3640 intelligit,
3412 3572 3565 3640 juxta

1995 3661 2125 3714 illud
2164 3680 2176 3713 :
2221 3679 2238 3710 ι
2264 3661 2431 3714 Filios
2461 3661 2621 3727 genui
2657 3662 2742 3726 ";
2776 3678 2794 3710 ι
2830 3677 2969 3729 quos
2999 3661 3160 3714 etiam
3195 3671 3453 3728 tanquam
3488 3663 3570 3714 in-

1997 3752 2290 3821 frngiferos
2322 3755 2459 3822 ligna
2507 3754 2658 3806 silva~
2688 3753 3000 3822 appellavit.
3031 3769 3263 3822 quorum
3307 3755 3359 3807 in
3389 3755 3571 3807 medio

1998 3845 2296 3898 secundum
2334 3858 2554 3897 carnem
2590 3843 2863 3903 Christus,
2898 3854 3084 3911 utp0te
3136 3844 3408 3912 particeps
3440 3859 3570 3897 san-

1998 3935 2178 4003 guinis
2211 3943 2262 3988 et
2293 3939 2496 3995 carnis,
2536 3951 2765 4004 quorum
2817 3936 2996 4003 imago
3043 3942 3129 3988 est
3179 3934 3381 3988 malum
3428 3936 3482 3988 in
3515 3951 3572 3988 se

1998 4028 2254 4080 ruborem
2290 4037 2343 4079 ct
2375 4029 2668 4080 candorem
2709 4029 2908 4088 ferens,
2943 4041 3041 4080 nec
3075 4041 3183 4079 non
3225 4026 3414 4080 odoris
3447 4043 3573 4080 sua-

1999 4129 2240 4172 Vitatem.

2069 4229 2407 4296 Apollinarii.
2455 4261 2521 4270 -—
2557 4230 2708 4282 Tunc
2758 4238 2940 4282 autem
2988 4243 3116 4282 vero
3159 4227 3351 4280 dulces
3399 4229 3572 4282 reddit

2000 4322 2163 4372 animi
2230 4335 2462 4380 sensus,
2523 4319 2741 4389 quando
2798 4334 2897 4372 nos
2968 4326 3158 4370 contra
3217 4318 3570 4372 tentationuut

1999 4420 2189 4464 aestum
2214 4410 2454 4464 defendit
2475 4428 2541 4465 ne
2563 4427 2589 4462 a
2616 4412 2707 4464 tali
2731 4411 2844 4466 sole
2867 4411 3178 4463 aduramur.
3201 4408 3369 4461 Aliter
3391 4419 3570 4462 autem

306 4505 460 4575 χίσῃ,
488 4503 565 4564 ὡς
589 4502 663 4572 μὴ
685 4501 789 4553 ὑπὸ
843 4501 938 4553 τοῦ
985 4499 1226 4553 τοιούτου
1279 4500 1431 4569 ἡλίου
1490 4501 1851 4567 συγκαίεσθαι
1877 4519 1891 4533 ο
1929 4515 1972 4569 ι)

1880 4519 1891 4533 ·
1929 4515 1972 4569 ι)
2001 4515 2108 4552 non
2147 4515 2438 4568 possumus
2491 4502 2593 4554 sub
2623 4502 2814 4554 umbra
2872 4501 3001 4568 ligni
3059 4501 3183 4551 vita!
3231 4497 3564 4567 refrigerari,

304 4597 412 4649 οὐκ
459 4594 576 4646 ἐστι
601 4594 657 4645 δὲ
682 4592 861 4653 ἄλλως
889 4591 966 4652 ὡς
988 4591 1092 4643 ὑπὸ
1125 4592 1223 4660 τὴν
1256 4590 1415 4642 σκιὰν
1459 4591 1554 4642 τοῦ
1588 4591 1749 4656 ξύλου
1796 4592 1896 4659 τῆς

307 4686 460 4754 ζωῆς
489 4682 785 4751 -ἀναψύξαι
821 4698 834 4711 ·
869 4683 942 4750 μὴ
966 4683 1062 4748 τῆς
1093 4682 1397 4749 ἐπιθυμίας
1430 4684 1564 4750 προς
1612 4682 1770 4734 τοῦτο
1797 4685 1894 4752 τὴν

304 4776 494 4845 ψυχὴν
511 4775 714 4842 ἀναγού
722 4791 841 4843 σης.

379 4886 424 4939 δ’
433 4930 447 4943 .
476 4886 846 4956 Βισαγάτετέ
871 4903 947 4954 με
976 4889 1062 4950 εις
1091 4883 1259 4940 οἶκτον
1287 4889 1389 4940 τοῦ
1423 4890 1610 4941 οἴνου.

395 4999 754 5068 Ὠριγένους.
786 5029 850 5037 -
883 4997 1072 5051 Ταῦτα
1107 5001 1266 5066 πρὸς,
1299 5017 1353 5052 κ.
1379 5017 1425 5051 τ.
1461 4999 1512 5051 λ.
1551 5001 1680 5067 (‘23).

384 5091 744 5157 Γρητυρίου.
777 5119 848 5129 -—
879 5089 948 5141 Ἦ
981 5090 1096 5150 πῶς
1146 5092 1333 5158 τρέχει
1358 5090 1448 5140 τὸν
1483 5089 1645 5142 καλὸν
1694 5091 1893 5158 δρόμον

306 5185 407 5235 καὶ
470 5183 615 5234 θεῖον
643 5185 676 5250 ἡ
703 5181 882 5243 καλῶς
910 5183 976 5250 τῇ
1010 5181 1164 5249 ἵππῳ
1214 5182 1644 5249 παρεικασοείσα
1709 5183 1853 5250 φυλή
1879 5201 1890 5244 ;

305 5275 425 5333 τοίς
461 5273 570 5341 γάρ
600 5272 913 5340 ἔμπροσθεν
943 5273 1396 5340 έπεκτεινομένη,
1420 5274 1518 5324 οὐκ
1549 5274 1796 5341 ἀρκεῖται
1818 5274 1895 5341 τῷ

305 5365 408 5432 τῆς
449 5362 646 5428 σοφίας
683 5361 921 5432 κρατῆρι
945 5379 956 5392 ·
990 5363 1107 5414 ἀλλ’
1135 5365 1212 5422 εἰς
1243 5363 1414 5428 αὐτὴν
1467 5364 1563 5432 τὴν
1597 5363 1755 5432 ληνον
1799 5366 1892 5416 τοῦ

383 5525 430 5554 ³*
474 5523 653 5577 Eccle.
683 5542 741 5587 ιι,
765 5525 816 5575 6.

893 5525 939 5554 ’⁸
965 5524 1106 5576 Psal.
1139 5524 1245 5586 I,5.
1319 5525 1363 5553 "
1388 5523 1488 5574 lsa.
1522 5541 1558 5584 t,
1592 5525 1647 5578 ἱ).

2005 4592 2107 4644 nisi
2144 4591 2473 4645 desiderium
2499 4607 2564 4645 eo
2591 4593 2832 4644 animum
2866 4591 3174 4645 adduxerit.

2077 4892 2241 4946 Vatis.
2275 4893 2327 4946 4.
2363 4891 2690 4946 lntroducite
2725 4909 2803 4946 me
2831 4894 2883 4944 in
2918 4893 3128 4946 domum
3159 4895 3284 4947 vini.

2075 5003 2336 5071 Origenis.
2375 5033 2442 5041 —
2477 5002 2598 5056 Ilaec
2634 5002 2723 5063 ad,
2759 5012 2862 5056 etc.

2077 5095 2696 5162 (.‘regorii.0quoiiiodo
2735 5096 2799 5147 ad
2838 5097 3082 5149 divinum
3124 5112 3346 5151 cursum
3382 5113 3573 5168 prope-

2005 5195 2084 5236 rat
2111 5185 2287 5236 aniiua
2315 5199 2433 5250 qua!
2461 5191 2604 5237 recte
2626 5186 2775 5252 prius
2797 5200 2947 5252 equa:
2970 5187 3271 5238 assimilata
3293 5197 3375 5240 est
3394 5187 3417 5240 ?
3438 5186 3571 5241 Nam

2003 5279 2066 5328 ad
2103 5277 2378 5328 anteriora
2408 5291 2465 5326 se
2493 5278 2792 5331 extendens
2821 5293 2927 5330 non
2963 5289 3044 5331 est
3075 5288 3327 5332 cuntcnla
3363 5289 3573 5333 crateie

2003 5368 2301 5435 sapientia‘,
2345 5367 2436 5418 sed
2483 5369 2535 5419 in
2593 5369 2825 5436 ipsomct
2889 5373 3149 5423 torculari
3189 5371 3300 5424 vini
3352 5371 3569 5442 mystici

1845 5639 2075 5695 NOTAE.

385 5764 496 5829 (9r),
531 5761 737 5814 Ρηιτυι.
777 5770 816 5813 ι.
854 5760 1015 5816 ΧΝΙΙ.
1041 5765 1121 5812 ι’ωΙ
1170 5763 1297 5814 ΞἨ.

2073 5760 2182 5822 (-29)
2223 5758 2421 5812 I’atruf.
2451 5769 2486 5812 ι.
2533 5758 2692 5823 XVII,
2728 5763 2834 5815 col.
2869 5761 2993 5818 261.
