4264 6444
739 400 871 463 1607

798 512 1137 581 Apotlinarii.
1178 540 1247 551 -—
1274 511 1365 564 γει
1397 512 1560 564 etiam
1597 524 1814 563 murum
1834 519 1993 563 vocat
2028 510 2301 562 hominem
2336 517 2376 566 Α

733 602 1069 660 interiorem,
1131 600 1466 652 antemurale
1534 612 1661 649 vero
1717 598 2088 660 exteriorem,
2151 597 2295 665 quod

730 693 921 760 Aquila
976 692 1029 741 in
1081 691 1293 742 arcanis
1318 688 1509 753 edidit,
1546 688 1602 742 in
1636 703 1745 757 quo
1775 696 1827 740 et
1874 687 2149 741 orationes
2185 686 2297 740 fieri

730 781 881 848 jubet
907 778 1185 833 Christus.

802 893 1060 962 Gregorii.
1093 923 1160 932 —
1208 890 1402 944 Nullus
1428 906 1606 958 neque
1642 889 1767 942 talis
1792 888 2170 948 surreetionis.
2208 904 2300 941 ne-

731 1001 836 1055 que
866 985 992 1037 talis
1012 999 1207 1037 cursus
1230 981 1353 1034 finis
1382 984 1487 1034 erit
1511 997 1526 1044 ;
1557 996 1770 1048 semper
1796 981 1939 1032 enim
1965 980 2297 1049 surgendum

732 1088 785 1129 et
818 1076 885 1129 ad
933 1074 1100 1128 Deum
1152 1073 1539 1127 accedentibus
1592 1087 1871 1137 nunquam
1919 1072 2239 1124 cessandum
2284 1088 2296 1121 :

730 1168 1165 1233 quotiescunque
1213 1164 1380 1232 igitur
1436 1163 1573 1216 dicit
1619 1181 1631 1216 :
1685 1160 1855 1227 Surge
1894 1171 1941 1213 et
1971 1161 2104 1223 veni,
2140 1160 2300 1213 toties

733 1256 799 1309 ad
848 1257 900 1308 id
945 1257 1089 1322 quod
1120 1264 1207 1308 est
1237 1255 1433 1308 melius
1462 1253 1799 1308 ascendendi
1858 1251 2197 1314 facultatem,
2241 1264 2296 1304 ιιι

730 1363 795 1400 ει
824 1346 1049 1415 pulchra
1082 1346 1172 1398 liat
1203 1345 1506 1412 pulchrior;
1548 1354 1599 1398 et
1625 1345 1780 1412 juxta
1808 1343 2153 1412 Apostolum,
2181 1344 2301 1407 ejus

732 1438 1023 1506 imaginem
1058 1454 1087 1489 a
1130 1437 1301 1505 gloria
1347 1435 1772 1490 transformetur
1822 1437 1876 1488 in
1923 1435 2173 1504 gloriam.
2211 1434 2302 1488 Sic

729 1544 859 1597 ergo
889 1542 1009 1579 cmn
1042 1534 1188 1579 esset
1223 1526 1473 1580 columba
1510 1527 1578 1581 iis
1608 1542 1730 1593 quae
1762 1527 1915 1593 prius
1944 1532 2090 1577 recte
2120 1540 2299 1593 gesse-

732 1629 836 1679 rat,
868 1619 1224 1671 nihilominus
1253 1633 1372 1671 eam
1401 1633 1595 1671 rursus
1632 1619 1784 1684 jubet
1815 1616 1930 1669 fieri
1966 1617 2296 1679 columbam,

731 1726 827 1779 per
859 1711 1396 1763 transformatinuem
1436 1708 1489 1761 in
1532 1709 1582 1760 id
1615 1709 1763 1775 quod
1808 1716 1891 1762 est
1942 1708 2136 1761 melius
2170 1725 2183 1760 :
2223 1707 2299 1759 ait

729 1802 875 1853 enim
909 1818 921 1852 :
969 1800 1122 1864 Veni,
1156 1809 1211 1851 tu
1261 1799 1377 1868 ipsa
1415 1799 1670 1852 columba
1700 1814 1840 1861 Ἴθι),
1874 1813 1983 1852 non
2020 1798 2130 1866 jam
2182 1812 2298 1849 ant-

2042 396 2387 458 PROCOPII
2430 399 2474 456 G
2486 396 2668 458 AZIEI

3836 390 3971 456 1608

2492 505 2917 571 Ἄπολιναρίυυ.
2948 532 3006 540 —-
3046 504 3112 553 Ἢ
3146 502 3236 554 καὶ
3271 502 3548 571 τείχισμα.
3582 504 3673 555 τὸν
3700 504 3849 566 ἐντὸς
3880 506 3976 557 ἄν·

2404 598 2621 668 θρωπον
2647 612 2659 624 ·
2694 594 3058 663 προτείχισμα
3113 592 3167 644 δὲ
3226 593 3315 644 τὸν
3344 591 3519 656 ἐκτὸς,
3563 593 3700 662 ὅπερ
3742 593 3973 657 Ἀκύλας

2403 689 2461 738 ὲν
2489 686 2827 756 ἁποκρύφοις
2861 683 3155 735 ἐκδέδωκεν
3182 701 3192 712 ·
3229 684 3285 735 ὲν
3322 674 3365 749 ᾧ
3394 684 3484 734 καὶ
3511 683 3605 745 τὰς
3635 682 3798 752 εὐχὰς
3832 684 3980 754 ἔνερ-

2402 777 2614 845 γεῖσθαι
2648 775 2861 828 κελεύει
2888 774 3142 845 Χριστός.

2474 888 2824 955 Γρηγοριόυ.
2869 916 2938 925 -
2968 885 3105 938 υῦτε
3154 887 3252 955 τῆς
3304 888 3559 954 τοιαύτης
3609 888 3980 949 ἀναστάσεως,

2400 984 2522 1036 οὔτε
2553 984 2646 1035 τοῦ
2687 984 2932 1035 τοιούτου
2975 982 3177 1052 δρόμου
3204 982 3375 1050 πέρας
3414 983 3558 1034 ἐστίν
3590 997 3603 1009 ·
3650 983 3737 1036 ἀεί
3784 999 3843 1034 τε
3873 983 3981 1050 γὰρ

2402 1074 2722 1127 ἀνίστασθαι
2760 1074 2887 1142 χρὴ,
2917 1075 3012 1126 καὶ
3076 1073 3345 1143 μηδέποτε
3398 1074 3478 1142 τῷ
3524 1072 3643 1144 Θεῷ
3691 1074 3981 1139 προσεγγί-

2404 1163 2593 1225 Cavea;
2636 1162 2926 1214 παύεσθαι.
2975 1162 3197 1225 Ὁσάκις
3236 1158 3329 1215 οὖν
3361 1161 3508 1230 λέγει
3545 1163 3627 1215 τό*
3662 1162 3982 1228 Ἀνάστηθι

2404 1254 2499 1306 καὶ
2533 1254 2695 1318 ἐλθὲ,
2729 1254 3055 1315 τοσαυτάκις
3084 1255 3182 1323 τῆς
3215 1255 3351 1323 πρὸς
3375 1255 3435 1306 τὸ
3460 1257 3712 1323 κρεῖττον
3742 1255 3978 1308 ἀναστά-

2404 1362 2540 1405 σεως
2574 1346 2672 1414 τὴν
2713 1344 2940 1413 δύναμιν
2997 1344 3240 1397 δίδωσιν·
3288 1344 3363 1406 ὡς
3411 1346 3475 1397 ἐκ
3530 1345 3699 1414 καλῆς
3726 1346 3980 1413 γενέσθαι

2403 1436 2591 1503 καλὴν,
2642 1438 2735 1488 καὶ
2786 1439 2927 1490 κατὰ
2963 1436 3054 1488 τὸν
3096 1436 3418 1489 ’Δπόστολον
3442 1437 3539 1507 τὴν
3586 1438 3754 1503 αὐτὴν
3795 1439 3980 1491 εἰκόνα

2404 1528 2510 1580 ἀπὺ
2537 1527 2693 1596 δόξης
2739 1529 2819 1587 είς
2868 1527 3025 1592 δόξαν
3055 1527 3531 1597 μεταμορφοῦσθαι
3559 1545 3571 1556 ·
3617 1528 3760 1581 οὕτω
3804 1529 3980 1581 τοίνυν

2402 1619 2735 1689 περιστερὰν
2763 1616 2927 1673 οὖσαν
2962 1622 3017 1673 ἐν
3052 1623 3164 1683 τοῖς
3212 1620 3775 1689 προκατορθωμένοις,
3827 1620 3981 1672 οὐδὲν

2404 1709 2566 1783 ἦττον
2620 1712 2944 1783 περιστερὰν
3007 1712 3172 1780 αὐτὴν
3225 1713 3385 1766 πάλιν
3440 1712 3529 1766 διὰ
3588 1711 3688 1780 τῆς
3743 1712 3879 1778 πρὸς
3917 1712 3982 1765 τὸ

2406 1808 2653 1873 κρεῖττον
2732 1804 3207 1873 μεταμορφώσεως
3262 1802 3516 1871 γενέσθαι
3561 1803 3932 1856 διακελεύεται
3962 1819 3975 1831 ο

733 1894 874 1959 plins
917 1891 982 1944 ad
1035 1892 1368 1945 trahentium
1423 1892 1666 1945 studium
1709 1890 1995 1954 intuendo,
2031 1889 2123 1945 sed
2168 1905 2293 1955 pro—
2334 1872 2417 1946 Β]

2334 1872 2369 1924 η
2403 1872 2549 1962 λέγει
2595 1872 2739 1963 γὰρς
2779 1872 3176 1964 δεῦροίσεαυτῇ
3226 1895 3525 1965 περιστερά
3568 1911 3691 1963 μου,
3730 1894 3980 1947 τοῦτέστι

734 1984 908 2050 μιίιιιιι
941 1982 1270 2035 desiderium
1313 1982 1379 2035 ad
1418 1980 1471 2035 id
1523 1981 1667 2049 quod
1706 1982 1903 2035 melius
1958 1990 2040 2036 cst
2101 1980 2293 2034 ducem

733 2072 1004 2127 habendo.
1032 2072 1163 2125 \‘eni
1195 2073 1361 2135 enim,
1395 2072 1594 2140 inquit,
1633 2086 1727 2139 per
1776 2072 2122 2140 temetipsum
2166 2085 2295 2139 pro-

732 2166 867 2233 priis
907 2164 1336 2233 cogitationibus
1366 2165 1699 2216 confirmans
1748 2162 2101 2231 cupiditatem
2144 2161 2211 2214 ad
2245 2160 2295 2213 id

731 2256 874 2325 quod
921 2263 1006 2308 est
1048 2255 1359 2316 honestum,
1392 2268 1500 2306 non
1531 2253 1767 2307 ducente
1804 2254 2155 2306 necessitate.
2195 2252 2299 2304 Dn-

736 2348 887 2400 tnino
939 2347 1082 2399 enim
1116 2354 1267 2398 caret
1303 2345 1477 2398 virtus
1508 2354 1562 2398 et
1611 2356 1694 2398 est
1733 2344 2035 2397 voluntaria
2070 2382 2083 2407 ,
2130 2353 2183 2395 et
2230 2342 2299 2395 ab

734 2439 882 2491 omni
914 2438 1242 2492 necessitate
1278 2438 1446 2491 libera
1477 2456 1490 2491 :
1525 2439 1628 2491 etsi
1668 2440 1719 2490 in
1765 2439 1881 2506 lege
1911 2435 2061 2489 fuisti
2088 2434 2298 2489 exerci-

733 2540 870 2596 tata,
893 2544 927 2584 o
958 2531 1160 2593 anima,
1194 2540 1247 2582 et
1294 2544 1392 2598 per
1428 2527 1697 2583 fenestras
1721 2529 2076 2597 prophetieas
2114 2527 2295 2592 splen-

735 2623 898 2675 dores
932 2620 1216 2685 asiiexisti,
1268 2636 1339 2675 ne
1388 2635 1609 2674 maneas
1662 2621 1896 2690 amplius
1950 2620 2054 2673 sub
2107 2619 2299 2671 umbra

735 2712 875 2764 muri
914 2711 1123 2780 legalis,
1156 2711 1249 2765 sed
1299 2710 1365 2763 ad
1402 2721 1634 2781 petram,
1689 2711 1741 2764 id
1787 2718 1873 2765 est
1924 2708 2298 2779 Erangelium,

735 2802 803 2853 ab
842 2800 945 2854 hoc
978 2798 1177 2853 transi.
1212 2797 1370 2853 l’ctra
1404 2798 1551 2853 enim
1592 2799 1896 2867 propinqua
1931 2806 2016 2852 est
2051 2807 2302 2849 autenm-

735 2892 860 2955 rali,
892 2891 1332 2960 quandoquidem
1365 2891 1449 2944 lex
1483 2891 1585 2944 fttit
1611 2890 1953 2943 antemurale
1985 2889 2107 2953 lidei
2140 2902 2302 2941 evan-

735 2983 921 3047 gelicae
956 2990 1010 3036 et
1042 2981 1149 3035 sibi
1185 2981 1330 3035 inter
1369 2994 1429 3035 se
1472 2979 2059 3053 cohaerentpdogmata
2091 2986 2149 3030 ut
2182 2990 2305 3046 quae

735 3075 935 3126 virtute
971 3078 1102 3126 sunt
1152 3072 1458 3141 propinqua
1491 3085 1507 3124 :
1559 3071 1661 3125 nisi
1711 3072 1855 3140 quod
1896 3077 2047 3138 petra
2082 3068 2302 3137 quidem

736 3174 823 3218 est
874 3163 1161 3233 spiritalis,
1210 3177 1401 3216 murus
1433 3171 1616 3215 autem
1659 3169 1743 3215 est
1798 3169 2097 3213 terrenus:
2152 3167 2304 3227 petra

737 3344 1053 3405 tentiarum,
1081 3351 1136 3397 et
1179 3343 1337 3411 juxta
1365 3342 1673 3412 apostolum
1707 3341 1788 3395 lex
1841 3350 1927 3394 est
1974 3339 2302 3409 spiritualis,

741 3448 865 3486 nam
901 3434 994 3503 qui
1025 3433 1105 3486 sic
1130 3432 1304 3503 legem
1330 3434 1563 3499 excepit,
1584 3432 1935 3499 spiritualiter
1968 3431 2072 3504 sub
2094 3441 2304 3500 tegmen

737 3533 907 3594 νειιοιιι
997 3522 1335 3593 Evangeliea:
1365 3524 1371 3529 ’
1400 3523 1658 3591 recipitur
1713 3536 1835 3591 quae
1917 3528 2002 3575 cst
2061 3521 2305 3589 proxima

738 3626 1012 3683 corporali
1043 3613 1476 3683 propugnaculo.
1503 3611 1640 3666 Cum
1673 3609 1909 3664 Verbum
1940 3611 2019 3663 sic
2045 3610 2094 3663 ei
2122 3610 2302 3664 accla-

743 3713 948 3760 masset
976 3719 1071 3773 per
1099 3704 1370 3759 fenestras
1401 3702 1695 3773 respondet
1718 3704 1970 3756 columba
2014 3703 2306 3770 splendore

740 3795 1223 3864 iutelligentiarum
1266 3794 1591 3859 illuminata,
1638 3803 1692 3847 et
1722 3803 1930 3863 petram
1974 3794 2305 3863 intelligens,

741 3902 863 3955 qua!
886 3895 969 3941 est
996 3885 1276 3947 Christus.
1304 3887 1380 3937 ait
1410 3904 1423 3939 :
1465 3885 1692 3939 Ostende
1722 3886 1850 3937 mihi
1908 3884 2098 3952 [aciem
2139 3894 2305 3948 tuum,

744 3991 854 4030 non
881 3976 1118 4045 amplius
1150 3990 1243 4043 per
1292 3979 1513 4044 antiqua
1561 3976 1850 4047 aenigmata
1890 3976 2148 4043 loquens;
2210 3977 2305 4028 sed

744 4078 803 4121 ut
836 4083 1056 4138 possunt
1093 4068 1301 4132 videre,
1338 4069 1413 4122 ita
1462 4068 1691 4137 teipsum
1730 4067 1861 4121 mihi
1905 4082 2022 4136 aper
2040 4076 2091 4120 te
2126 4074 2306 4120 osten-

740 4160 830 4220 de.
889 4170 948 4214 ut
990 4161 1094 4215 sint
1140 4160 1283 4213 intra
1316 4168 1368 4213 te
1402 4168 1610 4227 petram
1664 4159 2067 4228 Evangelicam,
2119 4157 2307 4210 relicto

743 4253 880 4321 legis
914 4254 1271 4316 antemurali;
1321 4254 1367 4305 si
1407 4252 1554 4305 enim
1597 4265 1699 4304 vox
1724 4264 1846 4316 quat
1886 4250 2157 4303 emittitur
2211 4263 2306 4316 per

745 4344 1009 4397 fenestras
1037 4350 1123 4397 est
1143 4343 1277 4396 adeo
1305 4341 1555 4395 amabilis
1584 4378 1599 4403 ,
1642 4350 1849 4407 quanto
1886 4339 2058 4409 magis
2086 4352 2149 4392 ea
2182 4352 2301 4407 qua:

745 4436 801 4485 lit
838 4434 973 4486 facie
1001 4433 1068 4485 ad
1096 4432 1323 4486 facient?

2411 1986 2607 2055 μηκέτι
2636 1983 2770 2054 πρὸς
2794 1984 2891 2054 τὴν
2915 1984 3022 2037 τῶν
3059 1983 3447 2051 ἐφελκομένων
3476 1983 3692 2052 βλέπειν
3722 1980 3978 2049 σπουδὴν,

2406 2076 2519 2129 ἀλλ’
2557 2077 2749 2144 ὁδηγὸν
2802 2078 2935 2144 πρὸς
2973 2076 3033 2128 τὸ
3083 2077 3329 2143 κρεῖττον
3376 2074 3474 2143 τὴν
3521 2074 3652 2127 ἰδίαν
3686 2072 3980 2142 ἐπιθυμίαν

2406 2168 2546 2236 ἔχειν
2573 2183 2588 2199 ·
2617 2166 2776 2235 δεῦρο
2804 2166 2931 2236 γὰρ,
2965 2164 3116 2236 φησὶ,
3150 2166 3348 2236 σεαυτῇ
3384 2166 3496 2225 τοῖς
3536 2162 3680 2226 ίδίοις
3708 2162 3983 2232 λογισμοῖς

2404 2258 2501 2324 τὴν
2550 2258 2684 2325 πρὸ..
2743 2256 2805 2307 τὸ
2855 2254 3015 2307 καλὸν
3077 2252 3385 2322 προθυμίαν
3434 2253 3823 2325 ὲπιρῤιῖισασα·
3880 2255 3983 2305 οὐκ

2407 2348 2653 2416 ἀνάγκης
2706 2346 3166 2415 καθηγουμένης·
3218 2346 3515 2400 ἀδέσποτον
3561 2344 3671 2416 γὰρ
3734 2347 3767 2415 ὴ
3811 2346 3981 2416 ἀρετὴ

2408 2442 2497 2492 καί
2526 2438 2790 2502 ἑκούσιον,
2824 2438 2916 2491 καὶ
2951 2438 3193 2506 ἀνάγκης
3237 2438 3417 2508 πάσης
3448 2436 3727 2509 ἐλεύθερον
3748 2453 3763 2468 ·
3804 2440 3895 2490 καὶ
3932 2442 3982 2490 εί

2410 2528 2778 2598 ἐγυμνάσθης,
2812 2522 2858 2580 ὦ
2887 2526 3057 2597 ψυχὴ,
3088 2527 3165 2597 τῷ
3189 2529 3357 2599 νόμῳ,
3382 2528 3433 2581 εί
3469 2528 3564 2590 τὰς
3584 2527 3672 2581 διὰ
3704 2527 3813 2581 τῶν
3846 2545 3982 2598 προ-

2409 2616 2653 2687 φητικῶν
2678 2616 2908 2686 θυρίδων
2933 2617 3105 2684 αὐγὰς
3133 2619 3197 2687 τῇ
3222 2617 3433 2688 διανοίᾳ
3460 2617 3736 2681 τεθέασαι,
3781 2620 3982 2686 μηκέτι

2408 2708 2513 2758 ὑπὸ
2551 2706 2646 2775 τὴν
2668 2706 2763 2759 τοῦ
2791 2706 3014 2778 νομικοῦ
3048 2706 3231 2777 τοίχου
3273 2706 3433 2761 σκιὰν
3465 2708 3594 2778 μένε
3621 2724 3634 2738 ·
3666 2709 3760 2761 ἐπὶ
3798 2710 3856 2761 δὲ
3881 2710 3984 2778 τὴν

2413 2800 2639 2869 πέτραν,
2696 2799 2819 2868 ἥτις
2862 2799 2982 2853 ἐστὶ
3027 2800 3086 2851 τὸ
3121 2800 3473 2866 Εὑαγγέλιον.
3512 2800 3621 2853 ἀπὸ
3661 2801 3851 2854 τούτου
3882 2817 3983 2870 με-

2409 2890 2641 2959 τάϐηθι·
2690 2890 2871 2961 ἔχεται
2914 2890 3023 2961 γὰρ
3064 2891 3097 2957 ἡ
3135 2890 3308 2961 πέτρα
3349 2891 3444 2944 τοῦ
3483 2891 3939 2962 προτειχίσματος
3966 2906 3982 2921 ⁵

2412 2978 2598 3048 ἐπειδὴ
2646 2978 2745 3049 τῇς
2793 2979 3153 3049 εὐαγγελικῆς
3205 2979 3441 3043 πίστεως
3484 2983 3513 3033 6
3549 2982 3711 3050 νόμος
3763 2981 3987 3051 προτείο

2413 3084 2586 3136 χισμα
2614 3068 2823 3135 γέγονε,
2847 3070 2939 3123 καὶ
2974 3071 3156 3140 ἔχεται
3195 3071 3443 3141 ἀλλήλων
3469 3073 3537 3126 τὰ
3570 3072 3813 3142 δόγματα
3839 3090 3986 3141 γειτο

2368 3224 2374 3234 .
2413 3159 2612 3210 νιῶντα
2642 3159 2783 3211 κατὰ
2809 3160 2906 3229 τὴν
2933 3159 3162 3230 δύναμιν
3188 3177 3204 3192 ο
3240 3161 3378 3233 πλὴν
3403 3162 3485 3215 ὅτι
3520 3164 3861 3234 πνευματικὴ
3885 3163 3986 3232 μὲν

734 3205 938 3308 autemr
961 3205 1273 3322 evangelica
1317 3266 1427 3306 non
1470 3250 1635 3305 habet
1684 3251 1909 3304 carnale
1961 3205 2303 3302 lututnrseno
2338 3222 2377 3272 c
2414 3252 2446 3318 ἡ
2479 3256 2674 3319 πέτρα,
2710 3205 2890 3319 χοϊκός
2917 3251 2975 3303 δὲ
3004 3253 3033 3303 6
3064 3205 3305 3321 rretxauji
3335 3205 3758 3321 συμπέπλασται
3788 3205 3861 3307 τὺ,

2414 3252 2446 3318 ἡ
2479 3256 2674 3319 πέτρα,
2710 3250 2890 3319 χοῖκδς
2917 3251 2975 3303 δὲ
3004 3253 3033 3303 6
3064 3254 3242 3321 τεῖχος
3261 3244 3305 3319 ᾧ
3335 3251 3758 3321 συμπέπλασται
3788 3254 3849 3307 τὺ
3877 3272 3984 3307 σω-

2416 3340 2645 3407 ματικὸν
2686 3343 2781 3393 καὶ
2829 3340 3028 3408 γεῶδες
3056 3357 3069 3371 ·
3125 3345 3159 3411 ἡ
3210 3341 3265 3395 δὲ
3308 3343 3639 3415 εὖαγγελικὴ
3681 3345 3877 3416 πέτρα,
3927 3345 3992 3398 τὸ

2413 3430 2691 3501 σαρκῶδες
2723 3431 2829 3484 τῶν
2860 3435 3147 3503 νοημάτων
3182 3434 3354 3503 πηλὸν
3382 3436 3483 3489 οὐκ
3510 3436 3625 3506 εχει
3654 3442 3678 3468 ί
3723 3440 3816 3490 καὶ
3845 3439 3989 3491 κατὰ

2410 3523 2503 3575 τὸν
2537 3523 2833 3577 ἀπόστολον
2863 3524 3096 3588 Παῦλον,
3148 3528 3177 3579 6
3205 3527 3369 3595 νόμος
3410 3529 3772 3598 πνευματικός
3800 3532 3948 3583 ἑστιν
3974 3549 3985 3560 ·

2411 3614 2439 3665 6
2477 3612 2587 3682 γὰρ
2610 3613 2780 3676 οὕτως
2829 3615 3188 3684 ἐκλαμϐάνων
3233 3618 3325 3669 τὸν
3371 3619 3532 3688 νόμον
3580 3621 3987 3691 πνευματικῶς.

2416 3701 2521 3752 ὑπὸ
2547 3702 2647 3770 τὴν
2703 3704 2913 3770 σκέπην
2968 3704 3067 3773 τῆς
3100 3705 3465 3774 εὐαγγελικῆς
3494 3708 3703 3775 γίνεται
3759 3710 3985 3778 πέτρας.

2414 3795 2513 3860 τὴν
2539 3793 2805 3861 ἐχομένην
2837 3792 2930 3845 τοῦ
2960 3797 3277 3864 σωματικοῦ
3316 3799 3798 3869 προτειχίσματος.
3841 3801 3988 3854 Ταῦ-

2415 3900 2482 3935 τα
2518 3883 2605 3935 διὰ
2628 3883 2734 3936 τῶν
2761 3884 2995 3954 θυρίδων
3020 3886 3112 3940 τοῦ
3142 3887 3299 3955 λόγου
3333 3889 3724 3960 ὲμῦοήσαντος,
3758 3894 3989 3961 ἀποκρί-

2416 3990 2563 4026 νεται
2612 3977 2645 4043 ἡ
2703 3976 3003 4045 περιστερὰ
3058 3978 3568 4049 ήπεριλαμφθεῖσα
3606 3981 3693 4035 διὰ
3746 3983 3847 4053 τῆς
3877 3985 3987 4037 τῶν

2415 4064 2700 4133 νοημάτων
2732 4065 2927 4134 αὐγῆς,
2962 4070 3053 4119 καὶ
3079 4068 3177 4137 τὴν
3205 4071 3411 4139 πέτραν
3445 4074 3683 4133 νοήσασα
3724 4074 3816 4128 τὸν
3849 4077 3986 4145 Χρι-

2419 4156 2562 4218 στὸν,
2595 4156 2688 4209 καί
2715 4173 2846 4224 φησι
2866 4172 2881 4187 ο
2913 4157 3120 4220 Δεῖξόν
3151 4176 3252 4228 μοι
3277 4162 3390 4225 τὴν
3420 4163 3567 4230 ὄψιν
3590 4179 3706 4217 σου
3731 4181 3745 4193 ·
3790 4168 3985 4236 μηκέτι

2415 4248 2503 4299 διὰ
2545 4248 2652 4300 τῶν
2702 4248 2946 4300 παλαιῶν
2988 4252 3321 4320 αἰνιγμάτων
3362 4252 3768 4324 διαλεγόμενος”
3823 4256 3893 4319 ὼς
3926 4257 3985 4308 δὲ

2420 4336 2551 4388 ίδείν
2582 4335 2840 4406 δύναμαι.
2882 4337 3052 4404 δεῖξόν
3103 4356 3191 4409 μοι
3248 4343 3446 4395 σαυτὸν
3491 4346 3749 4414 ἐμφανῶς
3795 4346 3870 4410 ὡς
3918 4347 3982 4401 ἂν

2418 4428 2567 4489 ἐντός
2596 4446 2691 4481 σου
2724 4430 2966 4499 γένωμαι
3000 4433 3098 4505 τῆς
3136 4433 3498 4505 εὐαΠελικῆς
3536 4437 3763 4503 πέτρας,
3809 4456 3981 4493 καταο

743 4526 977 4581 λιποῦσα
1006 4527 1071 4579 τὸ
1089 4527 1185 4579 τοῦ
1210 4528 1377 4598 νόμου
1405 4526 1769 4596 προτείχισμα
1793 4540 1808 4555 ο
1834 4524 1883 4575 εξ
1913 4526 2017 4592 γὰρ
2046 4524 2085 4592 η
2103 4523 2190 4576 διὰ
2212 4522 2318 4574 τῶν
2360 4522 2586 4592 θυρίδων
2618 4522 2769 4593 φωνὴ
2795 4521 2965 4587 οὓτως
2994 4527 3141 4577 ἐστὶν
3173 4528 3429 4596 ὲρασμία,
3506 4530 3657 4594 πόσῳ
3716 4532 3914 4601 μᾶλλον
3945 4536 3981 4604 ἠ

744 4619 882 4669 κατὰ
913 4618 1196 4688 πρόσωπον
1222 4635 1237 4681 ;

818 4732 957 4791 Nili.
984 4765 1053 4774 —
1083 4735 1140 4788 in
1174 4737 1605 4806 prmccdentibus
1655 4742 1826 4809 ipsam
1876 4743 2121 4795 excitans
2177 4742 2302 4794 licet
2340 4746 2381 4799 D

744 4826 1271 4894 nonsignifleaverit
1321 4829 1521 4895 locum,
1580 4829 1645 4883 ad
1702 4847 1860 4901 quem
1922 4833 2094 4902 ipsam
2126 4833 2309 4885 venire

745 4920 910 4988 jussit
946 4936 958 4970 ι
998 4933 1143 4971 nunc
1187 4933 1401 4972 rursum
1453 4931 1607 4975 vocat
1666 4924 1836 4993 ipsam
1888 4924 2073 4987 etiam,
2131 4924 2309 4978 locum

746 5009 1082 5063 declarans:
1148 5025 1269 5063 cum
1336 5011 1482 5063 enim
1553 5022 1772 5082 rogaret
1831 5013 2101 5079 Sponsum
2148 5032 2160 5066 :
2217 5012 2316 5066 Ubi

748 5101 941 5167 pascis,
966 5100 1055 5151 ubi
1095 5101 1301 5155 cubas?
1333 5115 1461 5155 tunc
1491 5118 1595 5155 noo
1639 5104 1921 5173 respondit
1962 5121 1973 5153 :
2032 5119 2179 5157 nunc
2212 5118 2311 5155 no-

748 5204 865 5245 tum
909 5192 1023 5260 ipsa
1056 5190 1184 5245 facit
1219 5192 1393 5246 locum
1437 5208 1671 5262 past-utr,
1723 5210 1789 5249 ne
1837 5195 1979 5263 quod
2033 5197 2145 5262 ipsa
2177 5195 2315 5247 dixit

754 5285 907 5335 fieret
959 5282 1115 5351 quasi
1179 5283 1517 5337 circumdata
1575 5286 1626 5337 in
1679 5286 1938 5354 gregibus
1991 5285 2256 5339 sodalium
2298 5302 2311 5339 :

760 5373 909 5437 Veni,
947 5374 1156 5438 dicens,
1196 5375 1246 5426 in
1301 5383 1615 5440 tegumenta
1646 5387 1830 5444 petra},
1863 5373 2003 5442 quod
2041 5373 2312 5441 significat

752 5462 1052 5525 Christum,
1085 5465 1137 5516 in
1168 5479 1274 5532 qua
1310 5465 1595 5532 vestigium
1621 5464 1840 5517 malitiae
1874 5478 2099 5532 serpens
2132 5466 2311 5517 facere

754 5568 860 5607 non
890 5562 1086 5621 potest,
1117 5562 1175 5606 ut
1212 5556 1266 5607 in
1301 5564 1614 5624 legumento
1649 5555 1815 5623 hujus
1842 5566 2006 5622 petra:
2046 5564 2311 5623 protecta,

749 5645 961 5699 Nullum
1016 5644 1135 5713 ipso
1179 5646 1357 5713 capiat
1406 5646 1461 5698 in
1521 5656 1705 5698 mente
1752 5645 2037 5712 vestigium
2096 5645 2314 5697 malitia:

755 5738 1013 5789 virtutum
1049 5738 1485 5790 adversariorum
1517 5757 1530 5789 :
1569 5738 1664 5792 sed
1698 5748 1753 5790 et
1794 5738 1951 5803 juxta
2002 5738 2313 5803 proxnurale

752 5829 927 5899 ipsum
970 5837 1145 5895 vocat,
1180 5830 1251 5883 ibi
1279 5829 1468 5884 audire
1493 5831 1683 5885 volens
1714 5828 1927 5881 dntccm
1957 5825 2077 5892 ejus
2097 5840 2307 5893 vocem,

2482 4740 2719 4792 Νείλου.
2756 4768 2820 4777 -
2864 4737 2951 4789 Ἐν
2993 4740 3105 4800 τοῖς
3151 4739 3257 4806 πρὸ
3299 4740 3502 4793 τούτων
3549 4742 3859 4812 ἀναστήσας
3884 4746 3985 4797 αὐ-

2412 4833 2529 4901 τὴν,
2567 4832 2685 4882 ἐπεὶ
2721 4829 2795 4899 μὴ
2828 4831 3070 4899 ὲσήμανε
3122 4832 3283 4883 τόπον
3318 4830 3445 4884 ἔνθα
3477 4834 3631 4902 ἥκειν
3665 4834 3833 4905 αὐτὴν
3861 4836 3985 4889 ἐκέ-

2416 4922 2597 4984 λευσε,
2629 4920 2722 4973 νῦν
2758 4920 2921 4973 πάλιν
2955 4921 3109 4973 καλεῖ
3134 4921 3301 4991 αὐτὴν
3344 4925 3438 4976 καί
3466 4924 3556 4977 τὸν
3579 4923 3740 4977 τόπον
3770 4926 3980 4997 δηλῶν·

2419 5015 2541 5066 ἐπεὶ
2575 5013 2682 5081 γὰρ
2713 5009 2780 5081 ἦν
2805 5013 3127 5081 ὲρωτήσασα
3158 5012 3249 5065 τὸν
3285 5014 3556 5083 Νυμφίον,
3591 5017 3714 5070 Ποῦ
3753 5020 3987 5087 uomat-

2423 5122 2568 5168 νεις,
2607 5103 2723 5155 ποῦ
2757 5100 3057 5168 κοιτάζεις,
3089 5106 3180 5156 καὶ
3203 5105 3301 5158 οὐκ
3332 5106 3661 5175 ἁπεκρίνατο
3700 5108 3842 5170 τότε,
3892 5109 3989 5162 νῦν

2421 5194 2676 5263 γνωρίζει
2708 5194 2798 5244 τὶν
2826 5194 2986 5246 τόπον
3016 5195 3154 5265 αὐτῇ
3181 5196 3276 5264 τῆς
3316 5198 3486 5265 νομῆς
3509 5214 3523 5227 ·
3558 5198 3644 5251 ἵνα
3680 5199 3817 5269 ὅπερ
3846 5201 3992 5253 ὲκεί-

2422 5302 2484 5354 νη
2544 5284 2694 5350 ἔλεγε
2743 5284 2968 5350 γένηται
3015 5283 3088 5345 ὼς
3131 5283 3567 5353 περιϐαλλομένη
3624 5285 3712 5338 ἐπ’
3764 5287 3990 5353 ἀγέλαις

2424 5378 2684 5446 ἑταίρων·
2737 5375 2885 5427 ’κλει
2915 5376 3087 5442 λέγων
3134 5379 3222 5427 ἐπὶ
3269 5377 3443 5447 σκέπῃ
3483 5378 3584 5447 τῆς
3631 5379 3835 5449 πέτρας
3889 5380 3989 5449 τῆς

2424 5466 2796 5535 σημαινούσης
2852 5467 3118 5534 Χριστόνο
3174 5468 3258 5536 ἐφ’
3287 5464 3355 5538 ἧς
3398 5469 3539 5538 ἴχνος
3570 5470 3761 5533 κακίας
3811 5473 3839 5523 6
3870 5472 3991 5539 ὖφις

2417 5557 2642 5624 ποιῆσαι
2690 5557 2748 5611 οὐ
2780 5556 3031 5609 δύναται·
3066 5559 3152 5610 ἵνα
3204 5561 3587 5630 σχεπαζομένη
3616 5565 3676 5614 ἐν
3708 5567 3771 5634 τῇ
3810 5567 3989 5637 σκέπῃ

2413 5647 2615 5717 ταύτης
2645 5648 2742 5715 τῆς
2769 5649 2970 5715 πέτρας
2996 5649 3161 5716 μηδὲν
3192 5651 3328 5719 αὐτῇ
3360 5650 3578 5720 δέξηται
3600 5655 3657 5706 ὲν
3678 5652 3754 5723 τῷ
3777 5654 3988 5724 διανοη·

2413 5740 2551 5808 τικῷ
2586 5738 2734 5808 παρᾶ
2760 5738 2866 5789 τῶν
2903 5741 3297 5809 ἀντικειμένων
3326 5742 3608 5811 δυνάμεων
3642 5748 3787 5815 [χνος
3820 5762 3989 5816 πονηο

2414 5832 2562 5899 pix,"
2603 5831 2693 5882 καὶ
2730 5830 2962 5899 ἐχόμενα
2990 5830 3043 5884 δὲ
3074 5831 3168 5885 τοῦ
3211 5835 3665 5906 προτειχίσματος
3696 5837 3864 5909 αὐτὴν
3891 5855 3993 5892 και
