4264 6444
235 428 370 495 ισοξ)

1197 422 1725 486 COMMENTARII
1765 421 1842 479 ΙΝ
1867 421 2182 481 CANTICA
2213 424 2502 482 CANTIC.

3353 419 3488 487 1610

231 543 333 602 λεί,
369 540 488 590 ἐκεῖ
519 535 839 604 βουλόμενος
893 531 1122 585 ἀκοῦσαι
1170 529 1256 580 διὰ
1299 529 1396 596 τῆς
1435 527 1618 596 ἡδείας
1649 524 1816 591 αὐτῆς
1847 530 1891 585 Α

1803 530 1891 585 τΑ
1918 533 1969 577 et
2009 525 2262 578 decoram
2321 527 2439 594 ejus
2492 525 2685 578 faciem
2741 540 3087 596 cognoscere.
3139 527 3250 582 Vox
3307 541 3487 593 autem

232 633 440 699 φωνῆς,
471 631 566 682 καὶ
597 629 930 694 κατανοῆσαι
961 625 1020 675 τὸ
1051 623 1250 690 ὡραῖον
1288 621 1454 686 αὐτῆς
1489 619 1807 687 πρόσωπον.

232 723 392 791 Φωνὴ
426 722 480 774 δὲ
509 719 660 788 ἡδεῖα
696 720 862 778 ἐστιν,
896 713 1101 782 ἠθικῶς
1135 712 1254 781 μὲν,
1287 712 1474 779 σεμνοὶ
1519 709 1666 776 λόγοι
1723 704 1812 757 καὶ

231 818 394 885 χάριν
428 813 663 872 διδόντες
697 811 807 870 τοῖς
835 805 1095 860 ἀκούουσι
1123 819 1133 831 ·
1173 800 1515 870 δογματικῶς
1546 798 1622 860 δὲ,
1657 799 1688 864 ἡ
1721 795 1812 847 τοῦ

230 911 290 961 ιν
323 902 544 973 σταυρῷ
574 900 806 971 βοῶντος
841 895 1063 966 λῃστοῦ,
1102 912 1120 945 ι
1148 889 1435 961 Μνήσθητί
1463 905 1584 958 μου,
1623 885 1811 955 Κύριε,

229 1001 360 1051 ὅταν
397 997 556 1066 ἔλθῃς
589 996 648 1046 ὲν
695 992 762 1060 τῇ
792 986 1053 1058 ξβασιλεία
1093 1001 1208 1037 σου.
1255 1002 1272 1034 ι
1317 981 1480 1033 Ὅθεν
1529 977 1663 1047 πρὸς
1720 977 1816 1044 μὲν

231 1098 333 1164 τὴν
378 1089 713 1158 Ἐκκλησίαν
735 1085 921 1154 φησὶν,
973 1081 1044 1134 ἸΙ
1070 1075 1239 1148 φωνή
1279 1090 1395 1128 σου
1429 1071 1598 1139 ἡδεῖα
1639 1069 1818 1139 βοῶσα

229 1187 320 1241 διὰ
366 1185 470 1252 τῆς
499 1181 755 1250 ἀπαρχῆς
807 1177 898 1230 τοῦ
938 1172 1138 1247 λῃστοῦ
1183 1172 1263 1236 τὸ,
1297 1169 1645 1235 Μνήσθητι·
1683 1166 1818 1235 πρὸς

228 1279 285 1330 δὲ
317 1279 418 1345 τὴν
435 1272 768 1340 Συναγωγὴν
794 1270 894 1340 τὴν
921 1267 1208 1334 λέγουσαν,
1237 1263 1612 1331 Σταύρωσον,
1636 1259 1701 1328 ἣν
1728 1256 1820 1309 καὶ

234 1366 408 1434 μισεῖ,
453 1362 589 1432 φησὶ
626 1360 716 1415 διὰ
760 1357 856 1412 τοῦ
904 1357 1218 1427 προφήτουο
1258 1351 1356 1420 ὀψὲ
1410 1350 1590 1418 φωνην
1648 1346 1821 1413 αὐτῆς

229 1453 492 1516 ὠλόλυξε,
549 1471 568 1502 ι
597 1453 707 1505 Καὶ
750 1451 952 1502 ἔδωκεν
993 1445 1080 1499 ἐπ’
1113 1444 1214 1514 ἐμὲ
1253 1444 1353 1512 τὴν
1399 1441 1583 1510 φωνὴν
1627 1437 1820 1505 αὐτῆς,

197 1550 320 1607 ,διὰ
403 1547 564 1599 τοῦτο
635 1543 876 1610 ἐμίσησα
943 1538 1148 1607 αὑτήν·
1213 1554 1233 1588 ι
1313 1535 1483 1601 Ὄψις
1531 1529 1598 1583 δέ
1654 1530 1823 1582 ἐστιν

229 1642 442 1708 ὡραία,
477 1639 511 1706 ἡ
543 1638 606 1688 ὲκ
652 1636 753 1704 τῆς
807 1631 1090 1703 εἰρηνικῆς
1122 1625 1509 1686 καταστάσεως
1557 1619 1820 1690 γαληνιὰ-

1914 614 2090 668 dulcis
2123 617 2404 671 moraliter
2433 618 2649 684 quidem
2678 625 2806 672 sunt
2845 619 2975 672 serii
3008 635 3292 674 sermones
3317 632 3370 675 ct
3394 630 3485 691 qui

1920 707 2148 775 gratiam
2179 709 2419 777 prmhent
2466 709 2850 774 audientibus;
2897 709 3202 779 dogmatice
3233 727 3365 767 vcro
3390 730 3492 775 vos

1925 797 2155 849 latronis
2181 798 2232 849 in
2261 811 2425 851 cruce
2456 800 2751 854 clamantis
2799 821 2810 855 :
2869 821 2886 852 ‹
2921 801 3189 857 Memento
3222 807 3347 867 mei,
3381 807 3488 860 Do,

1920 887 2320 955 mine,quando
2344 890 2632 944 venerisin
2667 908 2888 962 regnum
2913 903 3067 948 tuum
3098 895 3161 949 ".
3200 915 3216 946 ›
3245 896 3399 952 Unde
3430 901 3496 960 ad

1920 980 2218 1036 Ecclesium
2259 980 2476 1050 quidem
2525 983 2639 1037 ait:
2691 983 2798 1036 Vox
2858 996 2949 1038 tua
3003 986 3197 1054 dulcis,
3254 989 3499 1044 clamans

1919 1088 2015 1141 per
2048 1072 2314 1142 primitias
2360 1074 2588 1129 latronis
2625 1074 2755 1128 illud
2789 1073 3051 1129 Memento
3078 1093 3095 1128 :
3130 1079 3194 1131 ad
3247 1079 3491 1150 Synago-

1920 1178 2039 1233 gam
2067 1179 2196 1218 vero
2226 1165 2498 1220 dicentem
2528 1167 3009 1236 Cruciﬁge,~quam
3050 1175 3105 1222 et
3130 1169 3266 1229 odit,
3306 1170 3497 1227 dicens

1924 1269 2018 1322 prr
2048 1255 2364 1324 prophetam
2399 1275 2412 1310 :
2445 1271 2568 1310 sero
2603 1272 2702 1311 vox
2731 1258 2852 1327 ejus
2890 1259 3138 1321 ululavit,
3190 1275 3205 1310 ι
3251 1260 3313 1313 Ει
3344 1261 3496 1318 dedit

1921 1359 2083 1414 super
2113 1361 2198 1400 me
2226 1361 2412 1400 vocem
2439 1363 2614 1413 suam,
2643 1349 2764 1402 ideo
2809 1349 2954 1402 odivi
3018 1366 3137 1407 eam
3167 1349 3232 1403 δ’.
3299 1369 3317 1402 ο
3385 1340 3500 1408 Fa-

1923 1439 2024 1491 cies
2054 1448 2226 1490 autem
2258 1447 2334 1491 est
2384 1439 2596 1501 decora,
2633 1454 2755 1509 qua}
2787 1455 2852 1496 ex
2901 1440 3130 1509 paciﬁco
3165 1451 3309 1496 statu
3345 1452 3497 1500 tran-

1923 1526 2093 1595 quillo
2131 1527 2346 1580 exsistit
2389 1525 2669 1583 :Ostende
2715 1528 2850 1582 mihi
2879 1545 3029 1599 ergo,
3065 1531 3263 1600 inquit,
3301 1533 3495 1593 faciem

1928 1625 2101 1683 tuam,
2126 1625 2178 1672 ct
2203 1619 2440 1674 auditam
2470 1620 2600 1674 mihi
2635 1620 2719 1674 fac
2745 1636 2930 1676 vocem
2958 1631 3131 1686 tuam,
3163 1631 3218 1678 et
3251 1625 3498 1681 moribus

231 1734 437 1796 ζουσαο
473 1729 654 1794 Δεῖξόν
715 1744 804 1795 μοι
844 1723 959 1786 οῦν,
1019 1722 1222 1790 φησὶν,
1253 1718 1349 1788 τὴν
1397 1717 1518 1786 ὄψιν
1568 1731 1682 1778 σου,
1732 1715 1825 1767 καὶ

1816 1732 1825 1766 ι
1929 1715 1980 1761 et
2009 1709 2188 1764 verbis
2220 1711 2283 1764 ad
2313 1711 2572 1779 placitum
2595 1727 2775 1766 meum
2801 1721 3088 1780 exornata,
3121 1723 3175 1768 et
3195 1717 3500 1784 pulchritu-

233 1818 530 1876 ἁκούτισόν
585 1833 653 1885 με
687 1815 785 1885 τὴν
837 1812 1024 1883 φωνήν
1075 1827 1167 1862 σου
1197 1825 1210 1840 ο
1265 1808 1358 1861 καὶ
1387 1806 1507 1877 ἡθει
1541 1805 1634 1857 καὶ
1683 1804 1826 1871 λόγῳ
1855 1877 1896 1885 “

1815 1820 1826 1855 ι
1927 1799 2107 1853 dinem
2144 1815 2370 1869 operum
2409 1811 2464 1855 et
2493 1817 2680 1856 curam
2715 1803 3028 1872 dogmatum
3070 1816 3499 1868 consentaneam

235 1912 376 1980 πρὸς
402 1909 546 1978 ἐμὴν
579 1877 932 1974 ξιοσμουμένη
968 1877 1282 1972 ἀρέσκειαν,
1327 1899 1423 1952 καὶ
1465 1895 1656 1957 κάλλος
1685 1895 1826 1965 πρά·-
1855 1877 1900 1935 Β

1817 1925 1826 1935 -
1855 1877 1900 1935 Β
1927 1890 2226 1956 exhibens;
2258 1892 2302 1947 si
2333 1893 2457 1962 quis
2484 1907 2614 1948 vero
2645 1893 2844 1949 dixerit
2890 1911 3107 1955 murum
3159 1898 3354 1968 legem,
3401 1913 3501 1954 an-

235 2003 376 2066 ξεων
417 2000 514 2052 καὶ
554 1997 875 2066 ἐπιμέλειαν
927 1994 1212 2061 δογμάτων
1274 1989 1563 2058 σύμφωνον
1629 1987 1830 2038 ἐπιδει-

1817 2013 1830 2027 .
1931 1983 2196 2036 temuralc
2237 1983 2391 2038 decet
2415 2000 2543 2039 esse
2574 1985 2744 2053 legem
2782 1989 3106 2053 naturalem,
3146 1990 3302 2058 juxla
3335 2007 3501 2062 quam

236 2093 488 2162 κνυμὲνη
581 2093 630 2142 εἰ
672 2090 729 2142 δέ
779 2105 861 2146 τις
889 2086 1019 2156 εἴπῃ
1051 2087 1228 2153 τεῖχος
1269 2082 1361 2134 τὸν
1395 2081 1575 2151 νόμον,
1607 2078 1828 2148 προτεί-

1821 2104 1828 2116 .
1931 2084 2013 2126 est
2044 2084 2214 2143 petra.
2251 2075 2368 2129 Prze
2398 2077 2514 2145 lege
2548 2078 2690 2131 enim
2723 2078 2888 2144 dicta,
2935 2079 3018 2134 lex
3067 2084 3334 2136 naturalis
3367 2085 3505 2138 vici-

237 2147 418 2255 χισμα
463 2147 556 2236 ¹τὸν
592 2180 824 2249 φυσικὸν
867 2147 1213 2248 ἐρεῖν-νόμον,
1253 2166 1317 2226 οῦ
1345 2147 1581 2242 ἐχόμενὰ
1618 2147 1765 2223 ἐστιν
1797 2171 1829 2239 ἡ

1819 2188 1829 2239 ι
1933 2165 2056 2218 nior
2080 2176 2162 2220 est
2189 2167 2290 2235 legi
2318 2168 2544 2233 Christi,
2579 2171 2628 2222 in
2670 2185 2778 2238 quo
2823 2171 2915 2239 qui
2954 2173 3118 2226 vitam
3154 2189 3309 2231 suam
3344 2178 3503 2233 insti-

237 2280 459 2346 πέτρα·
522 2274 727 2344 μᾶλλον
778 2272 888 2341 γὰρ
935 2268 1029 2323 τοῦ
1085 2266 1249 2338 ῥητοῦ
1304 2266 1468 2335 νόμου
1522 2264 1550 2316 ὁ
1607 2261 1831 2330 φυσικὸς

235 2367 634 2438 πλησιαίτερος
662 2364 760 2426 ὣν,
809 2361 1069 2431 τυγχάνει
1100 2354 1338 2428 Χριστοῦ
1365 2371 1377 2383 ·
1417 2356 1473 2407 ὲν
1509 2346 1553 2420 ᾧ
1585 2352 1832 2404 πολιτευ-

238 2463 471 2528 σάμενοι
516 2459 566 2509 οἱ
614 2456 760 2523 ἁγίοι
819 2451 1197 2523 εὐηρέστησαν
1251 2447 1330 2519 τῷ
1376 2444 1526 2517 Θεῷ·
1578 2444 1835 2513 φυσικαῖς

235 2553 444 2622 ὁρμαῖς
467 2548 706 2617 γνῶντες
733 2545 794 2598 τὸ
821 2545 1032 2597 δίκαιον
1059 2558 1072 2572 ·
1108 2541 1202 2596 καὶ
1230 2538 1541 2593 διδάσκαλοι
1573 2535 1682 2587 τῶν
1703 2534 1839 2586 καθο

237 2641 491 2709 ηκόντων
547 2638 704 2690 αὐτοὶ
753 2637 969 2696 ἑαυτοῖς
1037 2632 1320 2701 γενόμενοι
1356 2643 1371 2660 ο
1417 2628 1513 2681 καὶ
1549 2628 1577 2678 ὁ
1629 2623 1838 2686 Παῦλος

233 2734 290 2794 δὲ
316 2750 476 2802 φησι,
509 2749 528 2782 ι
563 2731 746 2800 Νόμος
770 2728 826 2780 δὲ
858 2724 1214 2796 παρεισῆλθε,
1249 2742 1266 2774 ι
1315 2721 1416 2790 τὴν
1474 2718 1708 2788 ἀρχαίαν
1745 2717 1840 2770 καὶ

235 2825 338 2892 τὴν
384 2823 627 2891 ὑστάτην
698 2819 831 2890 μίαν
883 2813 1049 2870 οὖσαν
1105 2813 1483 2884 μεσολαϐήσας
1536 2808 1835 2862 πολιτείαν.

323 2911 688 2980 Ὧριτένυυς.
714 2939 780 2951 -
806 2906 1070 2960 Βούλεται
1101 2904 1200 2974 τὴν
1228 2903 1424 2972 ψυχὴν,
1456 2918 1509 2954 κ.
1534 2916 1586 2952 τ.
1613 2899 1665 2952 λ.
1700 2897 1841 2967 ('59).

313 3009 398 3057 ιε’.
460 3001 726 3054 Πιάσατε
782 2996 930 3065 ἡμῖν
983 2993 1300 3055 ἀλώπεκας
1346 2989 1591 3059 μικροὺς
1628 2988 1841 3055 ἀφανί-

240 3095 460 3157 ζοντας
510 3086 876 3158 ἀμπελῶνας
912 3101 926 3114 ο
987 3083 1087 3137 καὶ
1133 3085 1188 3135 οὶ
1245 3081 1499 3150 ἄμπελοι
1547 3077 1714 3146 ἡμῶν
1742 3094 1843 3130 xv-

237 3183 581 3252 πρίζουσιν.

1935 2260 2159 2308 tuerunt
2189 2255 2361 2310 sancti
2393 2258 2715 2325 placuerunt
2754 2257 2880 2324 Deo,
2923 2264 3268 2319 naturalibus
3303 2265 3504 2321 instin-

1936 2344 2115 2400 ctihus
2161 2345 2212 2399 id
2243 2347 2386 2416 quod
2425 2348 2634 2416 justum
2679 2360 2761 2404 est
2792 2364 3158 2420 agnoscentes
3189 2363 3243 2410 et
3289 2358 3508 2427 ipsimet

1937 2431 2190 2491 doctores
2239 2452 2429 2491 eorum
2467 2453 2588 2508 qua:
2638 2454 2696 2493 se
2750 2440 3010 2495 decerent
3068 2443 3219 2501 facti.
3272 2446 3414 2512 Quin
3452 2459 3507 2504 et

1941 2525 2140 2580 Paulus
2180 2528 2254 2580 ait
2293 2545 2306 2580 :
2347 2547 2363 2578 ι
2406 2528 2514 2583 Lex
2551 2539 2730 2585 autem
2764 2533 3094 2588 subintravit
3148 2536 3228 2598 ",
3285 2557 3302 2588 ι
3351 2547 3508 2592 ante-

1938 2631 2100 2684 quam
2143 2626 2197 2670 et
2232 2618 2587 2672 novissimam
2619 2636 2739 2690 quae
2772 2635 2878 2675 una
2913 2631 2997 2676 est
3045 2623 3398 2694 intercipiens
3423 2629 3506 2691 vi.

1940 2708 2101 2760 vcndi
2133 2708 2419 2763 rationem.

2016 2890 2280 2961 Origem's.
2316 2920 2379 2930 -
2408 2893 2535 2948 Vult
2568 2896 2829 2963 animam,
2864 2907 2971 2952 etc.

2013 2979 2177 3033 Vens.
2215 2983 2299 3036 15.
2334 2982 2516 3052 Capite
2551 2987 2698 3038 nobis
2732 2988 2904 3054 vulpes
2934 3005 3124 3056 parvas
3176 3007 3295 3060 qua:
3326 2991 3509 3046 demo.-

1946 3071 2147 3124 liuntur
2202 3075 2418 3138 vineas;
2460 3085 2510 3129 et
2543 3077 2702 3131 vinea:
2745 3088 2940 3133 nostris
2978 3080 3187 3148 ﬂorent.

313 3239 678 3341 I‘pnroplov.
737 3300 808 3311 —
842 3268 925 3322 Τὰ
960 3266 1432 3338 προγεγραμμένα
1476 3265 1572 3334 τῆς
1601 3263 1836 3330 Νύμφης
1862 3239 1905 3299 C

1827 3239 1905 3323 εί)
2009 3253 2268 3326 Gregorii.
2293 3287 2363 3297 —
2388 3256 2649 3314 Praedicta
2699 3270 2829 3316 sunt
2859 3259 3095 3331 Sponsa:
3143 3262 3421 3333 loquentis
3454 3274 3511 3327 et

239 3367 533 3432 εἰπούσης,
577 3360 674 3415 καλ¹
704 3361 805 3430 τῆς
861 3359 1030 3429 εὐχῆς
1063 3361 1235 3429 αὐτῆς
1270 3357 1403 3427 πρὸς
1437 3356 1529 3408 τὸν
1585 3353 1836 3419 Νυμφίον

241 3452 741 3518 κατευοξωθείσης.
772 3450 1003 3504 Μέλλων
1037 3449 1200 3510 αὐτὸς
1229 3448 1419 3500 ἑαυτὸν
1446 3445 1662 3515 ἐμφανῆ
1707 3442 1840 3495 καθ-

246 3548 429 3615 ιστᾷν,
499 3543 719 3611 πρῶτον
746 3542 874 3603 τοὺς
904 3539 1171 3610 θηρευτὰς
1213 3537 1497 3607 παρορμᾷ.
1529 3536 1638 3586 εἴτε
1672 3537 1840 3600 ἀγγε-

241 3639 409 3700 λικὰς
439 3651 596 3696 τινας
626 3633 908 3700 δυνάμεις,
942 3631 1051 3684 εῐτε
1084 3630 1178 3681 καὶ
1206 3627 1560 3688 ἀποστόλους,
1582 3625 1714 3694 πρὸς
1745 3623 1842 3692 τὴν

243 3728 359 3779 τῶν
403 3723 712 3778 ἀλωπέκων
744 3721 943 3791 ἄγραν,
996 3718 1057 3772 αἴ
1101 3716 1245 3777 τινές
1297 3718 1436 3767 εἰσιν
1476 3710 1843 3766 ἀποστατικαὶ

240 3815 532 3883 δυνάμεις,
563 3811 652 3863 διὰ
679 3810 739 3862 τὸ
762 3807 978 3878 δολερὸν
1008 3806 1149 3859 οῦτω
1191 3802 1677 3872 κατονομασθεῖσαι
1698 3817 1712 3830 ·
1753 3817 1842 3868 μι-

245 3907 420 3975 κροὶ-ς
475 3904 577 3972 μὲν
618 3903 783 3963 ὄντας
817 3901 916 3969 ἤδη
961 3897 1283 3967 τῇηδυνάμει
1327 3895 1425 3963 τῆς
1482 3895 1702 3963 χάριτος
1751 3890 1845 3943 τοῦ

247 3993 516 4064 Χριστοῦ,
553 3989 945 4059 ἁφανιστικοὺς
982 3988 1041 4039 δὲ
1075 3985 1185 4037 τῶν
1210 3984 1552 4053 ἀμπελώνων
1578 3981 1847 4051 ὑπάρχονσ

246 4103 350 4148 τας
376 4101 388 4113 ·
417 4084 495 4145 ὡς
528 4080 734 4152 μηκέτι
758 4080 851 4130 τὸν
901 4074 1202 4146 ἀμπελῶνα
1230 4073 1330 4142 τὴν
1363 4070 1712 4141 ἀνθρωπίνην
1745 4067 1846 4134 φύ-

251 4193 339 4229 σιν
365 4173 432 4226 δι*
485 4170 670 4226 αὐτῶν
710 4169 847 4238 πρὸς
892 4165 1210 4236 κυπρισμὸν
1259 4162 1355 4215 καὶ
1399 4160 1641 4232 βοτρύων
1677 4157 1848 4228 φορὰν

251 4260 671 4334 ἐμποδίζεσθαι,
703 4257 806 4312 εἴτ’
847 4253 942 4310 οῦν
990 4257 1091 4326 τὴν
1138 4251 1413 4321 διαγωγὴν
1444 4250 1546 4320 τῆς
1591 4249 1849 4318 ἐναρέτου

1939 3355 2124 3400 votum
2151 3363 2312 3402 suum
2344 3350 2409 3402 ad
2447 3349 2721 3419 Sponsum
2770 3353 3079 3422 dirigentis.
3115 3352 3214 3409 ﬂic
3265 3355 3511 3425 seipsum

1941 3445 2126 3505 aperte
2172 3449 2520 3503 ostensurus,
2557 3443 2796 3510 primum
2829 3444 3021 3497 incitat
3050 3452 3362 3508 venatores.
3397 3448 3515 3502 sive

1949 3527 2230 3595 angelicas
2257 3528 2520 3596 quasdam
2550 3531 2804 3598 virtutes,
2852 3534 2967 3588 sive
3007 3534 3173 3587 etiam
3212 3538 3513 3604 apostolos,

1945 3617 2012 3670 ad
2047 3618 2291 3686 vulpium
2325 3620 2665 3676 venationem
2700 3623 2843 3691 (qua:
2876 3632 3004 3678 sunt
3034 3626 3263 3680 virtutes
3288 3636 3515 3693 aposta-

1942 3708 2085 3773 ticaz,
2119 3717 2340 3778 propter
2367 3711 2550 3764 dolum
2596 3714 2677 3767 sic
2707 3714 3021 3776 nominatae,
3063 3729 3184 3782 qua:
3233 3722 3361 3768 sunt
3391 3716 3518 3785 qui-

1945 3799 2067 3854 dem
2113 3815 2293 3869 parvaa
2325 3802 2504 3869 quoad
2535 3804 2794 3859 virtutem
2845 3805 3034 3873 gratiae
3065 3805 3294 3870 Christi,
3325 3808 3516 3860 demo-

1946 3892 2156 3946 liuntur
2184 3901 2363 3946 autem
2398 3895 2652 3963 vineas);
2696 3911 2767 3950 ne
2801 3897 3036 3965 amplius
3069 3897 3251 3959 vinea,
3283 3896 3521 3951 humana

1948 3991 2141 4037 natura
2175 3998 2270 4052 per
2305 3984 2428 4037 illos
2476 3985 2809 4054 impediatur
2849 4003 2958 4056 quo
2994 3988 3176 4042 minus
3227 3986 3416 4042 ﬂoreat
3466 3998 3523 4042 et

1947 4073 2136 4127 botros
2167 4072 2336 4138 ferat;
2383 4075 2500 4130 sive
2542 4092 2607 4130 ex
2642 4078 2845 4133 virtute
2882 4079 3048 4134 vitam
3087 4080 3364 4138 instituat.
3405 4079 3521 4134 Hoc

1948 4163 2093 4216 enim
2139 4162 2282 4217 facto
2337 4164 2446 4218 duo
2497 4168 2552 4220 in
2601 4183 2661 4222 se
2710 4168 2940 4223 inviceu.
2983 4179 3318 4236 transeunt;
3375 4171 3521 4225 Deus

1949 4267 2185 4322 namque
2232 4255 2286 4306 in
2321 4256 2503 4310 anima
2537 4257 2804 4322 nascitur,
2850 4269 2904 4312 et
2936 4259 3179 4314 vicissim
3235 4261 3417 4315 anima
3466 4262 3519 4314 in

253 4352 536 4413 πολιτείας
557 4366 571 4378 ·
609 4348 803 4401 τούτου
833 4346 943 4415 γὰρ
972 4342 1289 4414 γενομένου,
1337 4341 1647 4413 μεταχωρεῖ
1670 4337 1737 4391 τὰ
1758 4337 1851 4390 δύο

1838 4354 1851 4389 ›
1954 4341 2123 4396 Deum
2171 4344 2388 4414 migrat.
2410 4339 2561 4400 Vidit
2609 4347 2776 4416 igitur
2807 4348 2862 4401 in
2894 4349 3092 4404 virtute
3138 4350 3385 4418 jubentis
3432 4366 3522 4405 se-

253 4449 334 4504 είς
373 4443 587 4511 ἄλληλα
609 4454 625 4469 ³
656 4441 686 4492 ὃ
713 4455 776 4491 τε
806 4437 918 4506 γὰρ
943 4435 1077 4496 Θεὸς
1125 4435 1185 4486 ὲν
1225 4435 1290 4502 τῇ
1319 4431 1465 4501 ψυχῇ
1496 4432 1728 4497 γίνεται,
1759 4429 1854 4482 καὶ

1836 4430 1854 4482 ι
1953 4434 2237 4502 metipsam
2309 4450 2338 4488 a
2403 4451 2544 4492 noxa
2601 4437 2844 4493 ferarum
2918 4440 3108 4494 harum
3164 4450 3520 4510 expurgatam

253 4538 419 4591 πάλιν
455 4537 538 4597 εις
570 4534 667 4585 τὸν
696 4529 831 4583 Θεὸν
868 4531 902 4598 ἡ
935 4527 1082 4623 ψυχὴ
1124 4523 1542 4623 pupulis-cat:
1584 4519 1721 4623 sitiet:
1759 4517 1851 4620 οῦν
1877 4564 1930 4623 D

1839 4540 1851 4573 ρ
1877 4564 1930 4623 D
1956 4537 2177 4591 sponsa,
2210 4539 2331 4593 qua!
2369 4527 2512 4580 sicut
2545 4529 2674 4582 vitis
2739 4527 3026 4584 ahundans
3047 4567 3062 4592 ,
3125 4532 3312 4585 statim
3360 4532 3523 4586 etiam

254 4629 313 4677 ὲν
340 4627 408 4694 τῇ
432 4624 669 4689 δυνάμει
700 4616 794 4672 τοῦ
833 4614 1192 4676 κελεύσαντος
1225 4611 1442 4681 ἑαυτὴν,
1479 4608 1584 4678 τῆς
1628 4609 1692 4660 ὲκ
1741 4608 1850 4662 τῶν
1877 4608 1926 4623 ⁸³

1838 4608 1926 4660 ιν
1959 4614 2126 4669 tradit
2166 4630 2225 4669 se
2270 4617 2521 4686 agricolae
2550 4619 2643 4687 qui
2707 4619 2854 4688 scpis
2899 4621 3286 4676 intermedium
3339 4621 3522 4690 parie-

257 4718 469 4786 θηρίων
491 4713 672 4782 λύμης
707 4709 915 4762 τούτων
945 4704 1388 4774 κεκαθαρμένην,
1433 4703 1466 4770 ἠ
1501 4700 1578 4762 ὡς
1606 4699 1852 4768 ἄμπελος

1840 4717 1852 4762 ;
1957 4709 2066 4756 tem
2119 4706 2326 4760 solvit:
2368 4723 2543 4776 neque
2573 4711 2720 4764 enim
2769 4711 3003 4780 amplius
3053 4722 3270 4767 arcetur
3319 4713 3524 4781 pariete

257 4809 570 4862 εὐθύνουσα
606 4803 840 4871 Νῦμφη,
897 4798 993 4852 καὶ
1044 4797 1208 4858 εὐθὺς
1267 4793 1482 4845 δίδωσιν
1528 4790 1725 4861 ἑαυτὴν
1771 4789 1851 4858 τῷ

1690 4809 1725 4860 ιν
1771 4789 1851 4858 τῷ
1959 4791 2112 4861 legis,
2145 4811 2252 4863 quo
2278 4799 2456 4854 minus
2490 4814 2613 4853 cum
2642 4801 2954 4855 desiderato
2987 4803 3374 4872 conjungatur.

253 4900 496 4973 γεωργῷ
550 4898 612 4951 τὸ
655 4894 973 4964 μεσότοιχον
1030 4889 1123 4942 τοῦ
1186 4883 1444 4956 φραγμοῦ
1473 4883 1714 4937 λύσαντιο
1746 4883 1844 4934 οὐκ
1883 4882 1964 4936 ἔτι
2001 4886 2111 4958 γὰρ
2136 4889 2213 4958 τῷ
2243 4890 2404 4961 τοίχῳ
2433 4890 2525 4944 τοῦ
2558 4893 2723 4962 νόμου
2750 4893 2886 4964 πρὸς
2912 4893 3009 4963 τὴν
3072 4896 3364 4965 συνάφειαν
3424 4893 3521 4948 τοῦ

256 4995 604 5064 ποθουμένου
629 4987 1043 5057 διατειχίζεται,
1070 4983 1208 5039 ἀλλά
1231 4998 1364 5051 φησι
1397 4978 1528 5050 (40).

327 5091 461 5151 Τοῖς
495 5088 599 5154 τῆς
643 5081 978 5150 Ἐκκλησιας
1007 5078 1297 5147 τροφίμοις
1327 5074 1629 5144 προτάσσει
1673 5071 1856 5123 λοιπὸν

1835 5089 1856 5123 ν
2026 5074 2160 5128 Nili.
2198 5102 2263 5112 -
2305 5075 2572 5128 Caeterum
2606 5075 2720 5129 hac
2757 5074 3004 5145 pratcipit
3044 5076 3300 5131 Ecclesia:
3342 5077 3519 5130 alum-

257 5185 371 5246 τοῖς
396 5181 481 5232 ἔτι
532 5177 596 5228 τὸ
629 5174 791 5234 ἄνθος
833 5168 1301 5237 ἐπιδεικνυμένοις
1344 5165 1445 5233 τῆς
1483 5163 1708 5235 ἀρετῆς.
1763 5163 1857 5214 καὶ

1835 5163 1857 5211 ‘t
1955 5165 2061 5224 nis.
2094 5165 2268 5218 adhuc
2298 5165 2516 5219 virtutis
2565 5165 2749 5221 ﬂorem
2792 5167 3229 5229 ostendentibus,
3273 5177 3324 5222 et
3353 5170 3445 5238 qui
3490 5185 3519 5220 a

260 5271 588 5340 δυναμένοις
653 5262 897 5332 εὐχερῶς
944 5259 1269 5328 ἀδικηθῆναι
1321 5256 1428 5308 ὑπὸ
1479 5255 1585 5307 τῶν
1633 5254 1854 5306 παθῶνο

1841 5270 1854 5284 ο
1955 5257 2304 5326 passionibus
2364 5256 2481 5309 laedi
2541 5255 2700 5310 facile
2760 5268 3037 5326 possunt:
3091 5275 3200 5313 non
3252 5260 3395 5313 enim
3437 5262 3520 5313 sic

259 5367 358 5434 οὐχ
416 5361 564 5414 οῦτω
619 5357 729 5426 γὰρ
780 5351 1139 5423 ἁνδρυνθεῖσα
1197 5350 1494 5419 βλάπτεται
1542 5349 1573 5417 ἡ
1615 5347 1858 5415 ἄμπελος

1837 5364 1858 5410 ς
1957 5345 2141 5397 adulta
2169 5344 2293 5398 vitis
2328 5343 2579 5408 latditur,
2596 5347 2740 5398 sicut
2767 5361 2829 5399 ea
2861 5364 2980 5415 quae
3010 5349 3061 5401 in
3095 5349 3381 5417 principiis
3410 5351 3521 5417 pri-

261 5422 429 5519 tbcntv
460 5422 779 5520 προοιμίοις
813 5422 1276 5511 επίιὸουλευομὲνη
1301 5458 1313 5471 ’
1348 5441 1421 5502 ὼς
1453 5439 1559 5510 γὰρ
1596 5441 1628 5507 ἡ
1661 5438 1856 5492 ἀνθοῦ-

1839 5468 1856 5479 -
1957 5437 2059 5489 mis
2093 5436 2550 5502 circumvenitur;
2580 5437 3038 5508 quemadmodum
3079 5453 3271 5506 nempe
3320 5438 3523 5492 ﬂoreas

1546 5578 1590 5609 ⁸³
1616 5576 1771 5630 Rom.
1807 5593 1856 5640 ι’,
1893 5576 1982 5628 ΕΞΟ.

1789 5671 2015 5726 ΝΟΤᾹῖ.

317 5597 370 5627 ⁸³
408 5594 548 5648 Luc.
595 5585 870 5651 xxm,4‘2.
946 5580 1213 5636 "Jerem.
1256 5581 1442 5643 xnt'S.

333 5766 447 5830 (59)
478 5758 692 5836 tjatrot.
727 5764 768 5809 ι.
794 5749 960 5836 XV”.
989 5749 1265 5836 cel-3631.
1291 5747 1418 5836 ρρδε

670 5811 978 5895 sequuntur
1020 5821 1072 5873 in
1117 5818 1180 5872 C.
1218 5819 1275 5872 Β.
1325 5817 1428 5873 Sub
1469 5816 1690 5872 nomine
1745 5813 1849 5867 Nili
1894 5811 2289 5866 inscribuntur.

494 5929 775 5989 I'anL.
821 5923 938 5982 Gn.
978 5917 1333 5980 LXXXVII.
3093 5903 3165 5972 εί
