4264 6444
222 386 360 451 161⁵1

1172 394 1703 455 COMMENTARII
1732 394 1809 453 ΙΝ
1835 392 2149 455 ΕΑΝΤῘΕΛ
2183 396 2471 457 (ΣᾹΝΤΙΕ.

3356 389 3490 457 1618

222 498 497 567 συλλαϐήν
523 541 534 550 .
585 498 811 569 ἐζήτουν
860 502 966 570 γἰρ
1006 503 1171 555 αὐτὸν
1207 505 1301 557 ἐπὶ
1346 504 1443 574 τὴν
1477 505 1664 574 κοίτην
1699 521 1821 573 μου,
1855 509 1899 564 Α

1810 546 1821 564 ,
1855 509 1899 564 Α
1931 522 2057 559 rens
2096 520 2220 558 eum
2257 507 2349 574 qui
2389 506 2609 573 latebat
2643 504 2747 559 sub
2775 504 3042 574 caligine;
3100 512 3227 557 tunc
3267 504 3486 570 quidem

222 590 363 643 ὥστε
391 590 596 656 γνῶναι
623 592 705 654 τίς
736 594 794 643 ἐν
824 593 973 656 νυξὶν
1004 597 1035 663 η
1067 596 1248 658 οὐσία,
1272 595 1438 648 ποθεν
1466 596 1707 665 ἔρχεται,
1739 599 1813 659 εἰς

220 681 274 732 τί
304 682 636 749 καταλήγει,
669 683 725 734 ἐν
772 684 877 735 τίνι
905 684 1018 753 ἔχει
1045 684 1105 737 τὸ
1133 681 1292 746 εἶναι,
1336 686 1448 738 ἀλλ’
1490 687 1585 754 οὐχ
1631 682 1807 757 εὖρον.

224 769 359 825 Εἶτὰ
400 788 587 842 φησιν,
622 773 888 827 Ἐκάλεσα
934 776 1098 828 αὑτὸν
1117 777 1206 827 τὸν
1235 778 1696 845 ἁκατανόμαστον
1738 778 1813 838 ὼς

226 864 355 933 ἐνῆν
387 863 730 933 ὀνομάζουσα
765 866 861 919 καὶ
891 867 991 919 οὐκ
1044 869 1322 935 ἐπήκουσέ
1372 886 1500 938 μον·
1530 869 1589 921 οὐ
1616 870 1724 938 γὰρ
1752 864 1819 937 ἦν

224 956 489 1023 ὀνόματος
523 955 825 1027 ἔμφασιςὴ
868 959 1272 1029 χαθικνουμένη
1318 960 1410 1013 τοῦ
1446 960 1780 1029 ζητουμένου
1802 976 1816 990 ο

226 1046 350 1099 τότε
381 1046 560 1099 τοίνυν
593 1047 791 1116 ἔγνων,
824 1050 908 1104 ὅτι
943 1049 1043 1118 τῆς
1094 1052 1571 1123 μεγαλοπρεπείας
1610 1052 1707 1119 τῆς
1736 1052 1820 1103 δό-

228 1136 327 1203 ξης
356 1138 455 1207 τῆς
499 1140 813 1211 ἁγιωσύνης
842 1142 1010 1195 αὐτοῦ
1045 1143 1145 1195 οὐκ
1174 1142 1291 1195 ἐστι
1330 1143 1528 1212 πέρας.
1555 1142 1718 1195 Ὅθεν
1740 1142 1820 1195 δι-

226 1229 511 1297 ανίστησιν
539 1232 742 1301 ἑαυτὴν
764 1233 858 1285 καὶ
882 1232 1170 1300 περιπολεί
1203 1236 1268 1302 τῇ
1293 1233 1502 1303 διανοίᾳ
1526 1234 1622 1303 τὴν
1648 1235 1819 1302 ὑπερ-

229 1321 460 1388 κόσμιον
487 1321 671 1390 φύσιν,
717 1324 784 1392 ἢν
828 1324 1061 1377 ἐκάλεσε
1110 1325 1289 1389 πόλιν,
1336 1326 1393 1377 ἐν
1534 1326 1698 1394 ἀρχαι
1730 1325 1822 1377 καὶ

229 1414 557 1483 κυριότητες
590 1417 684 1467 καὶ
711 1417 759 1468 οἱ
787 1418 907 1479 ταῖς
932 1417 1207 1482 ἐξουσίαις
1239 1418 1671 1485 ἀποτεταγμένοι
1693 1416 1819 1487 Θρό-

228 1520 335 1567 νοι,
372 1505 409 1574 ἧ
441 1522 501 1558 τε
536 1506 648 1560 τῶν
676 1509 1022 1579 ἐπουρανίων
1051 1510 1355 1580 πανήγυρις
1378 1526 1388 1539 ·
1409 1510 1437 1561 ὃ
1463 1509 1523 1560 τὸ
1552 1508 1651 1577 τῆς
1688 1509 1822 1560 πλα-

228 1594 383 1656 τείας
406 1594 762 1665 διασημαίνει
786 1599 1048 1668 ὀνόματι·
1082 1600 1157 1669 μὴ
1193 1599 1428 1669 εὑροῦσα
1461 1598 1516 1651 δέ
1551 1602 1608 1652 ἐν
1639 1601 1821 1661 αὐτοῖς

230 1685 295 1737 τὸ
326 1686 688 1756 ποθούμενον,
723 1690 845 1743 καθ’
887 1691 1087 1759 ἐαντὴν
1109 1691 1424 1758 ἐλογίσατο·
1468 1690 1541 1761 μὴ
1586 1692 1695 1758 ἄρα
1719 1692 1821 1744 κᾶν

231 1778 471 1840 ἐκείνοις
498 1779 703 1849 ληπτόν
732 1782 847 1834 ἐστι
883 1782 944 1834 τὸ
972 1784 1102 1852 παρ’
1129 1782 1263 1851 ἐμοῦ
1304 1782 1665 1850 ἀγαπώμενον
1691 1800 1701 1811 ·
1734 1782 1820 1835 διὰ

232 1869 290 1921 δὲ
323 1872 425 1938 τῆς
467 1872 679 1939 σιωπῆς
730 1873 1117 1940 ἐνδειξαμένου
1154 1873 1215 1925 τὸ
1259 1873 1664 1943 ἀκατάληπτον,
1712 1874 1820 1926 πᾶν

228 1962 295 2011 τὸ
326 1962 724 2031 εὑρισκόμενον
765 1966 965 2031 ἀφεῖσα
1006 1964 1159 2034 μόλις
1193 1965 1336 2032 ἔγνω
1373 1965 1434 2017 τὸ
1466 1964 1817 2033 ζητούμενον,

227 2052 306 2111 ὡς
338 2054 398 2103 ἐν
425 2052 504 2120 τῷ
538 2052 613 2121 μὴ
636 2054 987 2123 εὑρίσκεσθαι
1022 2055 1072 2108 τί
1098 2058 1268 2120 ἐστιν,
1300 2058 1382 2108 ὅτι
1412 2056 1529 2107 ἐστὶ
1554 2054 1818 2120 γινώσκε-

229 2159 343 2195 ται.
396 2144 490 2195 Διὸ
536 2160 723 2212 φησιν,
749 2146 882 2199 Ὅτε
930 2147 1128 2215 μικρὸν
1178 2147 1455 2216 παρῆλοον
1508 2147 1614 2200 ἀπὸ
1641 2147 1822 2213 πάσης

233 2234 491 2297 κτίσεως,
544 2238 723 2288 πᾶσαν
777 2238 981 2303 ἀφεῖσα
1016 2238 1435 2307 καταληπτικὴν
1483 2238 1695 2306 ἔφοδον,
1752 2240 1819 2307 τῇ

236 2326 422 2377 πίστει
454 2326 546 2379 τὸν
576 2327 944 2398 ἀγαπώμενον
969 2325 1124 2399 εὖρον
1150 2347 1161 2359 ·
1189 2331 1256 2383 δι’
1285 2326 1349 2400 ἧς
1381 2331 1542 2383 αὒτδν
1569 2331 1662 2383 καὶ
1696 2345 1826 2397 κρα-

230 2417 412 2485 τὴσω,
450 2417 556 2480 ἕως
588 2418 655 2471 ἂν
684 2421 834 2482 ἐντὸς
875 2422 1101 2491 γένηται
1135 2422 1227 2473 τοῦ
1269 2423 1403 2491 ἐμοῦ
1440 2421 1714 2490 ταμιείου,
1746 2421 1824 2470 εἵ-

231 2524 365 2559 τουν
396 2508 627 2579 καρδίας
649 2528 663 2541 ο
694 2511 725 2580 ἢ
768 2512 889 2564 τότε
921 2513 1132 2578 γίνεται
1159 2514 1380 2583 δεκτικὴ
1415 2514 1513 2580 τῆς
1544 2513 1694 2574 Θείας
1726 2513 1824 2563 αὑ-

232 2602 333 2654 τοῦ
386 2604 745 2672 ἐνοικήσεως,
794 2604 923 2655 ὅταν
971 2603 1099 2673 ἔλθη
1156 2604 1291 2672 πρὸς
1345 2605 1441 2673 τὴν
1492 2604 1824 2656 κατάστασιν

233 2695 461 2765 ἐκείνην
492 2697 549 2747 ἐν
648 2695 709 2749 τὸ
733 2699 856 2750 κατ’
882 2699 1055 2769 ἀρχὰς
1083 2696 1150 2769 ἦν
1177 2700 1266 2751 ὅτε
1298 2698 1572 2765 emacem
1602 2698 1705 2749 ὑπὸ
1727 2696 1826 2764 τῆς

235 2789 620 2857 συλλαϐούσης
674 2796 913 2862 μητρός·
946 2794 1067 2862 ἥτις
1110 2793 1321 2861 ἐστὶνή
1363 2795 1554 2861 πρώτη
1592 2790 1690 2858 τῆς
1733 2805 1825 2841 συ-

236 2881 491 2939 στάσεως
530 2886 689 2952 ἡμῶν
718 2888 890 2939 αἰτία.

1924 596 2185 649 habebam
2222 596 2568 650 dilectionem
2628 597 2680 650 iu
2726 610 2848 650 eum
2902 595 2993 664 qui
3032 594 3489 657 desiderabatur;

1925 688 2165 757 idipsum
2208 698 2389 742 autem
2416 688 2563 756 quod
2585 687 2919 759 diligebatur
2950 687 3206 741 evolaltat
3236 696 3286 737 ut
3320 685 3370 738 id
3398 702 3491 753 ap-

1924 780 2259 850 prehendere
2301 794 2409 834 non
2470 789 2699 846 possent
2752 780 3143 847 cogitationes.
3181 777 3492 841 Qumrehaua

1922 870 2066 925 enim
2099 870 2272 939 ipsum
2304 870 2357 923 in
2403 869 2546 923 lecto
2580 885 2700 924 meo
2728 881 2895 925 noctu
2937 880 2995 923 ut
3028 884 3248 923 nossem
3279 884 3401 938 qua:
3424 869 3495 920 sit

1921 961 2042 1029 ejus
2072 960 2334 1021 essentia,
2367 958 2512 1013 unde
2565 960 2811 1029 incipiat.
2845 976 2955 1029 quo
2988 960 3224 1023 desinat,
3262 962 3315 1012 in
3361 973 3495 1027 quo-

1926 1067 2049 1105 nam
2084 1066 2239 1105 suam
2268 1050 2463 1105 habeat
2498 1052 2800 1105 essentiam
2834 1068 2848 1104 :
2881 1050 2974 1104 sed
3025 1065 3133 1104 non
3167 1051 3372 1103 inveni.
3400 1051 3499 1101 De-

1924 1143 2069 1206 inde,
2095 1141 2318 1205 Vocavi,
2338 1142 2536 1210 inquit,
2567 1143 2842 1212 ipsumqni
2868 1157 2974 1196 non
3003 1150 3179 1212 potest
3199 1141 3496 1201 nominari,

1923 1231 2101 1299 quoad
2136 1232 2251 1286 ﬁeri
2286 1242 2503 1300 poterat
2556 1248 2679 1286 eum
2710 1234 3039 1288 nominans:
3078 1239 3131 1286 et
3169 1248 3277 1285 non
3327 1232 3498 1284 obau—

1921 1323 2055 1376 divit
2100 1338 2184 1377 me
2229 1339 2241 1375 ε
2281 1338 2387 1376 non
2410 1324 2557 1376 enim
2592 1335 2709 1377 erat
2739 1323 2982 1377 nominis
3016 1320 3344 1391 significatio
3378 1334 3499 1389 (pne

1922 1414 2255 1481 pertingeret
2295 1428 2470 1481 usque
2509 1412 2575 1465 ad
2634 1413 2685 1466 id
2747 1411 2895 1480 quod
2942 1412 3315 1481 quarrebatnr.
3358 1409 3495 1462 Tum

1926 1505 2089 1571 igitur
2139 1505 2369 1572 cognovi
2392 1502 2539 1573 quod
2572 1504 3017 1573 magniﬁcentiae,
3051 1504 3257 1574 gloriae,
3295 1503 3499 1555 sant-ti-

1924 1599 2050 1650 tatis
2079 1595 2202 1663 ejus
2239 1608 2343 1646 non
2407 1601 2488 1648 est
2534 1593 2681 1648 ﬁnis.
2725 1592 2879 1647 Unde
2906 1594 3113 1647 excitat
3145 1593 3497 1660 semetipsaut

1922 1693 1977 1739 et
2028 1687 2143 1739 obit
2202 1686 2535 1755 cogitatione
2598 1701 2762 1755 super
2821 1686 3152 1738 mundanam
3208 1692 3501 1746 naturam,

1923 1793 2086 1849 quam
2152 1788 2313 1831 vocat
2383 1776 2695 1841 civitatem,
2746 1778 2801 1830 in
2869 1792 2975 1846 qua
3047 1783 3174 1831 sunt
3231 1776 3503 1845 principa-

1923 1882 2012 1926 tus
2076 1883 2129 1926 et
2196 1872 2637 1937 dmuinationes,
2692 1887 2755 1925 ac
2822 1872 3182 1941 potestatibus
3242 1870 3504 1938 assignati

1925 1963 2123 2025 throni,
2172 1972 2246 2017 'et
2285 1963 2589 2016 cmlestium
2654 1971 2978 2025 conventus,
3021 1977 3181 2031 quem
3236 1961 3505 2030 signiﬁcat

1926 2056 2143 2107 nomine
2187 2056 2395 2121 plateae.
2440 2052 2555 2106 Non
2593 2053 2875 2106 inveniens
2918 2052 2989 2105 ibi
3040 2052 3317 2117 dilectum,
3364 2052 3503 2119 apud

1925 2161 1984 2198 se
2011 2144 2285 2213 rogitabat
2315 2141 2491 2196 :Num
2518 2142 2657 2197 forte
2680 2144 2847 2197 etiam
2886 2143 2938 2196 in
2968 2144 3081 2196 illis
3112 2142 3503 2212 comprehendi

1927 2244 2105 2305 potest
2140 2235 2271 2286 illtnl
2302 2236 2445 2304 quod
2479 2250 2506 2286 a
2540 2250 2624 2287 me
2644 2234 2896 2303 diligitur
2920 2234 2938 2286 ?
2964 2233 3101 2286 Cum
3132 2242 3311 2287 autem
3348 2233 3509 2286 silen-

1935 2329 2010 2381 tio
2063 2326 2400 2379 iudicassent
2451 2333 2671 2394 captum
2714 2342 2930 2380 omnem
2996 2341 3283 2396 superare,
3317 2325 3508 2379 re'ieto

1937 2421 2196 2469 universo
2249 2418 2393 2484 quod
2449 2416 2854 2478 inveniebatur,
2922 2417 3009 2469 vix
3066 2415 3316 2485 cognovit
3362 2414 3509 2483 quod

1933 2509 2302 2576 quaerebatur.
2337 2507 2494 2575 quasi
2531 2508 2581 2559 in
2616 2522 2680 2559 eo
2698 2508 2840 2575 quod
2880 2520 2985 2559 non
3013 2508 3351 2560 inveniretur
3378 2506 3508 2574 quid

1932 2608 2103 2661 esset,
2128 2609 2574 2665 cegnoseeretur.
2601 2596 2898 2666 Propterea
2930 2598 3061 2651 dicit
3089 2616 3101 2651 :
3128 2596 3361 2663 Quando
3382 2612 3511 2664 pau-

1932 2696 2101 2748 lulum
2133 2698 2423 2764 pertransii
2463 2695 2530 2748 ab
2578 2695 2727 2747 omni
2758 2706 3006 2749 creatura
3041 2709 3256 2749 omnem
3316 2694 3501 2747 dimit-

1929 2793 2051 2841 tens
2100 2789 2646 2855 eompreheusibilent
2693 2789 2834 2841 viam
2885 2804 2948 2842 ac
3004 2788 3291 2848 rationem,
3330 2785 3507 2838 inveni

1932 2875 2033 2929 lide
2048 2877 2327 2941 dilectum,
2370 2895 2464 2946 per
2497 2895 2657 2948 quam
2693 2881 2865 2949 ipsum
2891 2880 3057 2931 etiam
3086 2879 3300 2942 tenebo,
3341 2878 3517 2929 donec

237 2972 412 3026 fuerit
481 2976 629 3030 intra
653 2994 831 3032 meum
864 2979 1143 3041 conclave,
1176 2979 1290 3031 sive
1332 2992 1449 3039 eor,
1481 2975 1625 3045 quod
1652 2984 1780 3029 tunc
1808 2974 1862 3027 lit
1900 2966 2071 3042 capax
2120 2972 2318 3026 dirime
2374 2972 2492 3040 ejus
2534 2972 2915 3033 habitationis,
2944 2972 3179 3037 quando.
3196 2970 3416 3023 redierit
3446 2970 3511 3022 ad

236 3069 395 3121 illum
430 3077 634 3123 statum
669 3073 724 3125 in
750 3088 859 3140 quo
892 3084 1008 3128 erat
1038 3073 1106 3126 ab
1166 3073 1324 3127 initio
1356 3069 1578 3142 quando
1632 3071 1733 3125 fuit
1793 3070 2112 3123 ellietumah
2133 3084 2194 3125 ea
2215 3076 2386 3123 matre
2410 3083 2529 3139 qum
2564 3068 2835 3137 concepit,
2877 3080 2998 3136 qua:
3019 3075 3101 3121 est
3122 3067 3293 3135 prima
3346 3082 3513 3121 causa

234 3169 450 3213 nostra:
475 3162 916 3216 constitutionis.

309 3254 560 3306 Νείλου.
588 3284 656 3295 --
690 3255 1071 3319 Καταστάσεις
1109 3255 1309 3322 ἑαυτῆς
1336 3257 1390 3306 ἐν
1427 3249 1513 3316 αἶς
1544 3252 1761 3320 ἐγένετο
1794 3252 1824 3317 ἡ
1854 3250 1897 3310 C

235 3344 452 3414 Νύμφη
496 3344 767 3412 διηγεῖται
793 3348 885 3398 τὸν
916 3348 1088 3414 Λόγον
1115 3346 1352 3415 ζητοῦσα
1390 3346 1484 3399 καὶ
1518 3345 1613 3414 τὴν
1639 3343 1838 3396 τελειό-

234 3452 382 3503 τητα
416 3436 513 3488 καὶ
545 3436 643 3503 τὴν
696 3439 756 3489 ἐν
810 3438 1112 3506 τελειότητι
1162 3439 1437 3506 ἑπομένην
1465 3452 1479 3467 ·
1529 3435 1625 3489 καὶ
1665 3433 1839 3487 ταῦτὰ

238 3544 379 3595 φησι
412 3527 555 3595 πρὸς
584 3527 684 3596 τὴν
717 3526 828 3580 τῶν
858 3528 1067 3580 λοιπῶν
1095 3524 1366 3596 ὠφέλειαν
1386 3546 1397 3558 ·
1422 3527 1735 3579 διδάσκουσι
1756 3526 1837 3577 ὃτι

236 3618 345 3670 οὐκ
372 3617 492 3670 ἐστι
529 3618 670 3686 μετὰ
709 3619 1074 3681 ἀναπαύσεως
1117 3618 1386 3689 ζητοῦντα
1413 3619 1474 3669 τὸ
1503 3616 1839 3687 ποθούμενον

237 3709 433 3776 εὑρεῖν
454 3726 468 3739 ·
497 3709 735 3778 ἀσκήσει
760 3709 870 3778 γὰρ
895 3710 1003 3763 τῶν
1025 3710 1226 3772 καλῶν,
1264 3708 1513 3781 ῥᾳστώνη
1546 3709 1804 3778 πολέμιον
1821 3723 1833 3738 '

236 3799 302 3851 τὺ
330 3799 467 3866 γὰρ,
526 3799 658 3853 Ἐπί
697 3799 814 3867 τὴν
843 3802 1055 3867 κοίτην
1081 3818 1202 3869 μου
1246 3801 1316 3852 ἐν
1359 3800 1540 3862 νυξὶν
1580 3799 1839 3866 ἐζήτησα

238 3893 317 3944 ὃν
348 3890 680 3959 ἠγάπησεν
706 3893 744 3959 ἡ
774 3891 947 3960 ψυχή
982 3909 1122 3960 μου,
1154 3890 1393 3945 τοιοῦτόν
1424 3894 1603 3950 ἐστιν.
1636 3890 1837 3943 ὡσανεὶ

238 3983 342 4053 τῆς
374 3982 617 4051 Νύμςης
648 3982 1016 4053 διηγουμένης
1046 3986 1165 4039 ταῖς
1200 3984 1461 4046 νεάνισιν,
1504 3984 1586 4035 ὅτι
1613 3982 1839 4053 ἐνόμισα

240 4073 456 4142 κοῦφον
487 4069 629 4127 εἶναι
669 4075 766 4127 καὶ
787 4074 1037 4145 εὐχερὲς,
1070 4075 1130 4127 τὸ
1160 4074 1465 4144 κτήσασθαι
1496 4076 1595 4144 τὴν
1637 4075 1839 4147 ἀρετὴν

241 4170 342 4220 καὶ
362 4167 469 4235 τὴν
510 4167 707 4234 σοφίαν
753 4166 1149 4220 οἰκειώσασθαι
1169 4184 1183 4197 ·
1214 4167 1311 4220 καὶ
1342 4167 1571 4237 ἐζήτουν
1603 4167 1664 4218 οὐ
1700 4168 1839 4236 μετὰ

241 4259 439 4321 πόνου,
472 4257 593 4310 ἀλλ’
620 4258 928 4327 ἀνειμένως
950 4257 1045 4310 καὶ
1075 4257 1357 4328 ῥᾳθύμως,
1386 4260 1479 4311 καὶ
1508 4258 1620 4320 τοῖς
1651 4274 1835 4326 σωμα-

241 4352 421 4411 τικοῖς
454 4349 532 4411 ὠς
557 4348 720 4422 κλίνῃ
748 4349 1253 4417 ἐπαναπαυομὲνη·
1284 4348 1469 4418 ἐπειδὴ
1506 4349 1565 4400 δέ
1612 4350 1645 4419 ἡ
1676 4347 1840 4417 ζήτηο

245 4460 333 4505 σις
362 4441 509 4510 αὕτη
538 4442 640 4509 τῆς
671 4440 1031 4511 καταλήψεως
1060 4442 1302 4509 ἠστόχει,
1332 4441 1627 4510 μετέϐαλον
1664 4443 1755 4493 ἐπὶ
1781 4442 1839 4494 τὸ

244 4531 591 4602 ἐργάζεσθαι
627 4530 728 4601 τὴν
777 4532 981 4602 ἀρετήν
1004 4549 1019 4564 ο
1064 4532 1147 4585 διὸ
1180 4528 1353 4594 εἷπον,
1394 4532 1837 4601 Ἀναστήσομιιι

243 4622 349 4687 δὴ,
383 4622 485 4675 καὶ
514 4621 586 4675 τὰ
610 4623 800 4683 λοιπὰ,
848 4622 1227 4676 καταλιποῦσα
1254 4623 1354 4691 τὴν
1403 4622 1612 4691 κλίνην,
1643 4623 1735 4675 ἐπὶ
1762 4623 1839 4691 τῷ

243 4714 314 4766 δι’
350 4713 534 4783 ἔργων
568 4712 903 4783 ποιήσασθαι
927 4714 1028 4783 τὴν
1070 4715 1332 4785 ζήτησιν·
1369 4714 1484 4767 ἀλλ’
1526 4714 1648 4767 οὐδὲ
1680 4713 1839 4767 τοῦτό

250 4820 319 4872 με
353 4804 496 4871 πρὸς
516 4803 620 4872 τὴν
652 4801 873 4872 εὕρεσιν
904 4804 1182 4875 ὡδήγησε.
1213 4805 1342 4857 Δέον
1386 4806 1493 4877 γὰρ
1535 4805 1841 4876 ἐργαζομέ-

246 4912 347 4962 νης
380 4895 452 4947 τὲ
480 4894 584 4962 τῆς
613 4893 819 4964 ἀρετῆς
846 4895 1054 4965 κρύψαι
1085 4898 1178 4949 τὸν
1218 4896 1401 4959 πόνον,
1451 4896 1838 4950 ἐπιδεικτιῶσα

245 4984 443 5038 τοῦτον
494 4983 851 5052 ἐδημοσίευον
890 4986 950 5036 ἐν
984 4986 1287 5048 πλατείαις.
1330 4986 1423 5039 καὶ
1464 4987 1711 5055 ἀγοραῖς.
1749 4986 1841 5037 τὸν

248 5074 566 5144 ἀνθρώπων
610 5075 835 5129 ἔπαινον
861 5076 1181 5148 θηρωμένη.
1227 5078 1317 5129 Διὸ
1338 5076 1445 5127 οὐδ’
1470 5077 1642 5139 οὕτως
1661 5076 1841 5146 εὑρεῖν

248 5166 558 5235 δεδύνημαι
589 5182 601 5194 ’
637 5166 795 5219 οὐδὲν
825 5166 935 5236 γὰρ
983 5168 1228 5219 συντελεῖ
1258 5168 1393 5235 πρὸς
1436 5168 1533 5233 τὴν
1566 5168 1671 5219 τῶν
1699 5169 1839 5233 ἁγα-

252 5255 364 5307 nam
400 5255 599 5323 κτῆσιν
643 5255 831 5317 πόνος,
877 5256 1008 5306 ὅταν
1067 5255 1207 5322 μετὰ
1256 5253 1561 5322 φιλοδοξίας
1605 5253 1841 5322 γίνηται.

266 5346 413 5398 Ἀλλ’
441 5347 575 5398 ὅταν
605 5342 791 5410 εὗρον
821 5346 1018 5410 αὐτὴν
1045 5346 1101 5397 ol
1142 5346 1411 5411 φύλακες
1447 5348 1498 5396 ul
1531 5344 1850 5410 τηροῦντες

254 5439 325 5489 ἐν
357 5435 433 5503 τῇ
466 5436 645 5488 πόλει
668 5451 683 5466 ⁸
709 5427 856 5487 οὗτοι
898 5434 953 5487 δὲ
1001 5435 1108 5487 εἰσὶ
1155 5433 1508 5503 λειτουργικὰ
1562 5432 1852 5500 πνεύματα

254 5524 619 5581 διακονοῦντα
643 5528 709 5595 τῇ
744 5525 993 5595 σωτηρίᾳ
1020 5524 1127 5578 τῶν
1150 5522 1478 5593 ἀνθρώπιον,
1503 5524 1622 5594 ἤτοι
1644 5524 1851 5591 διοικη-

260 5633 341 5669 σει
378 5613 475 5667 τοῦ
510 5613 631 5683 βίου
682 5614 1002 5681 ἐφεστῶτα·
1036 5616 1129 5666 καὶ
1168 5614 1539 5682 ἐρωτηθέντες
1587 5614 1713 5681 περὶ
1756 5612 1846 5664 τοῦ

260 5706 662 5773 ἀγαπωμένου,
712 5707 892 5771 σιωπῇ
942 5703 1225 5771 παρῆλθον
1253 5702 1421 5769 αὐτὴν
1453 5704 1526 5761 ὡς
1571 5702 1671 5753 οὐκ
1693 5702 1849 5766 ἀξίαν

266 5798 653 5866 ἁποκρίσεως’
711 5797 771 5846 ix
809 5796 905 5864 τῆς
948 5796 1301 5868 ἀποστρογὴς
1351 5794 1727 5867 atoxaaejrtvq
1776 5794 1847 5859 ὡς

1864 4575 1917 4633 D

2009 3247 2139 3303 Nili.
2173 3247 2442 3303 —Status
2473 3263 2601 3302 suos
2622 3250 2675 3302 in
2701 3249 2902 3318 quibus
2922 3257 3136 3304 versata
3177 3249 3273 3303 fuit
3302 3250 3515 3319 Sponsa

1939 3349 2334 3395 commemorat
2374 3339 2606 3394 Verbum
2644 3355 2900 3409 qtnercns
2922 3357 2985 3396 ac
3019 3341 3430 3411 perlectionem,
3462 3353 3516 3395 et

1941 3431 1993 3484 in
2031 3429 2366 3497 perfectione
2397 3431 2742 3484 mansionem
2773 3450 2787 3485 :
2831 3441 2997 3501 atque
3030 3433 3145 3485 haec
3184 3433 3249 3486 ad
3282 3433 3518 3503 reliquo-

1941 3537 2060 3575 rum
2092 3522 2223 3574 dicit
2254 3522 2570 3584 utilitatem,
2609 3521 2813 3576 doeens
2843 3522 2960 3575 ﬁeri
2996 3538 3103 3576 non
3142 3539 3304 3594 posse
3366 3537 3422 3577 ut
3462 3526 3515 3579 in

1938 3614 2121 3683 quiete
2152 3628 2402 3681 qna’rens
2462 3614 2589 3683 quis
2633 3614 3006 3668 desideratum
3054 3617 3313 3671 inveniat.
3350 3616 3521 3672 Exer-

1939 3705 2188 3758 eitationi
2263 3706 2409 3758 enim
2477 3708 2738 3759 virtutunt
2806 3706 3025 3761 inimica
3085 3708 3313 3763 desidia.
3382 3710 3517 3763 Illud

1938 3799 2082 3851 enim
2116 3813 2129 3849 :
2170 3796 2232 3849 In
2268 3797 2457 3849 lectulo
2514 3813 2628 3850 meo
2658 3799 2712 3850 in
2742 3799 2977 3851 nocribus
3002 3800 3219 3866 qutrsioi
3250 3816 3400 3867 quem
3439 3802 3522 3853 di-

1940 3890 2066 3943 lexit
2106 3890 2285 3941 anima
2309 3904 2421 3940 mea
2458 3926 2472 3949 ,
2502 3896 2583 3941 est
2636 3888 2797 3943 istius
2834 3890 2977 3943 tuodi
3010 3905 3073 3942 at:
3106 3892 3150 3945 si
3192 3891 3402 3957 Sponsa
3443 3892 3521 3944 die-

1940 3988 2092 4034 ceret
2138 3978 2566 4033 adolescentulis
2599 3996 2610 4032 :
2651 3981 3031 4034 existimabam
3088 3982 3257 4035 levem
3300 3998 3422 4037 esse
3456 3998 3525 4036 ae

1942 4074 2159 4127 facilem
2187 4071 2409 4125 virtutis
2441 4071 2843 4140 possessionem
2871 4081 2925 4126 et
2967 4073 3250 4142 sapientiae
3296 4074 3523 4128 faenilia-

1940 4164 2178 4227 ritatem,
2211 4172 2265 4217 et
2295 4162 2525 4232 quasivi
2558 4176 2668 4216 non
2722 4178 2847 4217 cum
2879 4164 3089 4229 labore,
3130 4165 3223 4218 sed
3269 4166 3519 4231 remisse,

1940 4270 2003 4308 ac
2028 4256 2081 4308 in
2110 4253 2273 4308 rebus
2319 4251 2597 4322 corporeis
2630 4258 2891 4319 tanquam
2929 4252 2984 4306 in
3033 4253 3173 4306 lecto
3201 4252 3517 4321 quiescens.

1942 4346 2047 4398 Sed
2076 4360 2201 4398 eum
2229 4343 2477 4412 quaesitio
2513 4343 2615 4396 ista
2665 4342 3159 4413 comprehensione
3180 4344 3516 4406 aberrasset.

1940 4452 2206 4491 conversa
2268 4450 2388 4490 sum
2419 4434 2486 4488 ad
2536 4434 2756 4489 virtutis
2815 4435 3228 4503 operationem:
3260 4434 3521 4504 quocirca

1942 4530 2088 4585 dixi:
2120 4528 2417 4597 Exsurgam
2445 4536 2746 4589 ποικίλοις..
2775 4526 3095 4597 relinquens
3119 4527 3317 4581 lectum
3347 4536 3403 4580 ut
3428 4542 3522 4597 per

1942 4634 2107 4689 opera
2142 4618 2422 4672 instituam
2446 4616 2854 4687 inquisitionem
2887 4616 3019 4671 :sed
3064 4632 3167 4671 nec
3195 4616 3298 4671 hoc
3335 4631 3420 4669 me
3453 4615 3519 4669 ad

1942 4706 2590 4769 inventionem,adduxit.
2631 4704 2862 4761 Docebat
2887 4706 3033 4760 enim
3065 4720 3128 4760 ea
3151 4721 3274 4776 qua:
3305 4705 3522 4759 virtutis

1944 4809 2070 4853 sunt
2094 4806 2410 4867 operantem
2446 4797 2787 4853 abscondere
2822 4798 3065 4853 laborem
3099 4815 3114 4864 ;
3149 4796 3244 4853 sed
3269 4799 3415 4851 hunc
3437 4812 3535 4851 os-r

1944 4901 2159 4944 lculans
2193 4888 2464 4957 publicavi
2499 4888 2553 4943 in
2573 4889 2789 4958 plateis,
2819 4897 2872 4943 et
2903 4888 2955 4941 in
2989 4887 3147 4950 foris,
3181 4888 3391 4942 lattdem
3423 4888 3521 4941 lto-

1942 4982 2149 5035 tninum
2182 4990 2391 5032 venata.
2418 4978 2596 5044 Quare
2621 4995 2719 5034 nee
2746 4981 2825 5034 sie
2856 4981 3103 5034 invenire
3133 4980 3281 5050 potui
3328 4997 3342 5033 :
3382 4980 3517 5034 nihil

1943 5070 2088 5125 enim
2124 5069 2337 5123 confert
2367 5072 2433 5123 ad
2464 5072 2727 5124 bonorum
2764 5074 3174 5139 possessionem
3205 5072 3359 5124 labor
3387 5086 3514 5124 eum

1945 5162 2315 5215 ostentatione
2343 5159 2538 5214 factus.
2565 5161 2671 5213 Sed
2701 5162 2922 5227 quando
2950 5164 3255 5215 invenerunt
3282 5178 3394 5214 eam
3426 5178 3519 5214 cn—

1948 5251 2121 5305 stodes
2154 5253 2244 5319 qui
2297 5252 2669 5305 circumierunt
2708 5253 2760 5305 in
2796 5254 3051 5314 civitate;
3100 5253 3152 5305 hi
3184 5260 3369 5306 autem
3406 5262 3539 5307 sunt

1948 5340 2403 5396 administratorii
2434 5340 2688 5409 spiritus.
2732 5342 2823 5409 qui
2862 5341 3027 5395 saluti
3074 5339 3354 5392 hominum
3388 5340 3520 5392 suh-

1948 5429 2198 5492 veniunt,
2220 5428 2333 5481 sive
2352 5428 2748 5496 gubernationi
2766 5428 2889 5481 vita:
2911 5438 3153 5497 praesunt
3180 5444 3194 5493 ;
3218 5438 3271 5480 et
3299 5429 3523 5481 interro-

1949 5519 2059 5587 gati
2094 5518 2163 5572 de
2198 5518 2395 5573 dilecto
2425 5519 2596 5587 ipsam
2632 5520 2778 5573 velut
2806 5534 3074 5589 responso
3123 5518 3400 5588 indignam
3444 5520 3521 5572 si-

1954 5610 2122 5663 ientio
2158 5608 2616 5679 pertransieruut,
2642 5625 2705 5663 ex
2743 5610 2843 5662 hac
2897 5610 3183 5663 aversione
3220 5608 3523 5675 conjieiens

1954 5700 2264 5755 istiusmodi
2296 5717 2640 5769 nequaquam
2684 5702 2789 5755 illis
2820 5702 3034 5769 placere
3061 5716 3077 5766 ;
3107 5709 3412 5768 opportune
3431 5715 3525 5751 c0-

1954 5795 2140 5868 fuerit
2168 5807 2237 5850 ne
2279 5793 2492 5847 inutilia
2528 5793 2822 5855 laboraret,
2858 5808 3030 5861 neque
3067 5792 3285 5846 \irtutis
3317 5791 3525 5860 asperi-
