4294 6438
269 485 333 534 ἐν
396 481 474 550 τῷ
547 481 1114 552 ίῐασιλ.εύσει,ἶὶύριος
1169 485 1224 535 ὲν
1292 485 1406 554 ὖρει
1477 485 1643 549 Σιιῖινς

266 575 386 634 τοῖς
445 572 618 624 ἔθνεσι
684 574 744 624 τὸ
796 576 1118 641 συμπόσιον,
1167 578 1261 627 καὶ
1307 577 1366 628 τὸ
1418 575 1516 644 τῆς
1561 575 1860 637 ἀθανασίας

267 664 470 726 ποτὸν,
536 665 667 734 περὶ
709 658 769 717 οῦ
836 681 999 733 φησιν
1049 668 1078 719 6
1149 666 1398 730 Παῦλος·
1459 688 1476 718 ι
1522 666 1861 737 Προσεληλύ-

269 757 403 809 θατε
462 756 598 809 Σιὼν
648 758 764 827 ὄρει
821 761 913 810 καὶ
978 759 1127 811 πόλει
1164 759 1298 811 Θεοῦ
1359 759 1556 822 ζῶντος
1591 761 1860 829 Ἰερουσαο

269 846 387 916 λὴμ
420 848 748 917 ἐπουρανίῳ.
783 869 801 900 ι
839 850 928 902 Ί⁴ζν
973 843 1055 910 οἷς
1101 851 1150 901 οἱ
1201 851 1309 904 ἀπὸ
1347 848 1466 902 τῶν
1514 849 1705 903 ἐθνῶν
1741 866 1861 902 κατ·

270 939 594 1009 αξιούμενοι
633 941 742 991 τῶν
785 940 1149 1007 ἐπαγγελιῶν,
1193 943 1430 994 σείονται
1453 941 1860 1008 εὐφροσύνην,

269 1032 375 1084 καὶ
416 1035 651 1084 πίοντιιι
681 1033 788 1099 τῆς
819 1032 1078 1102 ἀληθινῆς
1109 1029 1279 1086 οἶνον
1321 1033 1589 1103 ἀμπέλου.
1641 1034 1774 1103 Περὶ
1803 1025 1864 1085 οὗ

269 1125 300 1173 6
331 1125 520 1194 Σωτὴρ
551 1123 768 1191 ἔλεγεν·
812 1125 888 1176 tib
925 1124 998 1194 μὴ
1028 1126 1136 1176 πίω
1166 1124 1316 1186 αὑτὴ,
1357 1125 1459 1186 ἓως
1503 1125 1569 1176 ἂν
1599 1123 1707 1175 πίω
1725 1123 1866 1175 αὐτὸ

273 1213 466 1264 καινὸν
500 1213 618 1281 μεθ’
650 1213 808 1281 ὑμῶν
832 1217 886 1266 ἐν
907 1216 972 1280 τῇ
1001 1213 1250 1283 βασιλεία
1273 1215 1380 1265 τῶν
1406 1213 1670 1282 οὐρανῶν.
1707 1211 1868 1264 Ἀλλὰ

272 1307 372 1355 καὶ
416 1304 732 1371 χρίσονται
779 1305 1006 1372 μῦρον,
1052 1305 1236 1358 οὐκέτι
1285 1307 1375 1356 τόν
1424 1305 1721 1375 ἀρραϐῶνα
1772 1303 1864 1356 τοῦ

276 1398 587 1467 πνεύματος
609 1397 924 1467 ληψόμενοι,
945 1399 1060 1450 ἀλλ’
1077 1399 1238 1450 αὑτοῦ
1258 1399 1352 1450 τοῦ
1378 1398 1740 1470 πληρώματος
1767 1398 1868 1466 τῆς

273 1487 536 1558 θεότητος
570 1489 890 1557 μεθέξοντες
918 1489 1010 1543 τοῦ
1043 1487 1174 1541 Υἱοῦ
1209 1489 1302 1542 τοῦ
1336 1490 1492 1543 Θεοῦ.
1532 1491 1644 1542 Οὔκ
1684 1492 1746 1542 ἐκ
1783 1491 1869 1557 μὲ-

279 1597 412 1648 ρους
445 1580 523 1631 ἔτι
550 1582 935 1647 γινώσκοντες,
959 1585 1052 1636 καὶ
1076 1585 1140 1634 ἐκ
1175 1584 1372 1652 μέρους
1405 1581 1866 1653 προφητεύοντες,

274 1672 396 1723 ἀλλ’
438 1673 501 1723 ἐκ
546 1673 638 1724 τοῦ
674 1673 884 1726 τελείου
943 1675 1159 1744 μέτοχοι
1185 1676 1469 1743 γενόμενοι
1499 1675 1595 1727 τοῦ
1635 1674 1870 1744 Χριστοῦ

276 1763 355 1822 ὡς
409 1766 504 1813 καὶ
567 1763 763 1824 αὐτοὺς
825 1764 1209 1833 ἀποφανθῆναι
1269 1766 1557 1834 χριστοῦς,
1617 1764 1751 1815 Θεοῦ
1811 1781 1869 1814 τε

1388 373 1930 432 cotuizsxraan
1968 373 2046 432 nt
2087 345 2372 432 ιεςιωι.

3393 371 3534 434 2210

1725 485 1870 536 Ἐκῖῐ
1900 496 1940 551 Α
1977 486 2173 554 pra-ter
2203 484 2238 536 S
2267 501 2422 536 onem
2468 485 2631 536 alium
2668 501 2678 536 :
2719 490 2768 536 in
2811 499 2916 551 quo
2959 494 3310 552 regnaturum
3353 485 3528 540 Domi-

1969 588 2093 624 num
2131 571 2410 624 asseruit?
2443 571 2514 622 Ηιί
2564 571 2821 640 gentibus
2871 573 3210 634 convivium,
3265 582 3535 643 potusque

1967 662 2056 714 ille
2096 661 2442 724 immortalis,
2476 662 2542 714 de
2579 679 2687 730 quo
2713 663 2968 731 lloquens
3008 664 3300 731 Apostolus
3327 705 3340 718 .
3377 685 3394 716 ι
3431 668 3535 720 Ac-

1965 753 2164 820 cedite,
2207 753 2403 821 inquit,
2431 754 2494 804 ad
2530 761 2769 806 montem
2803 753 2956 816 Sion,
2999 764 3053 808 et
3087 757 3276 810 urbem
3325 756 3415 810 Dei
3463 759 3531 808 vi-

1965 846 2167 909 ventis,
2205 846 2486 897 cmlestem
2519 842 2825 896 Jerusalem
2857 845 2920 908 “,
2960 863 2976 895 ι
3019 847 3160 899 inter
3188 861 3310 911 eos,
3346 847 3439 918 qui
3469 847 3538 902 de

1966 935 2196 1004 gen'ium
2239 948 2468 986 mimum
2498 935 2644 1002 digiti
2683 934 3144 1003 prontissionilms
3178 936 3344 990 habiti
3381 947 3535 997 sunt.

1970 1030 2148 1082 bibent
2175 1039 2222 1083 et
2262 1031 2364 1098 ipsi
2405 1031 2672 1089 In'liliunt,
2720 1029 2892 1083 bibent
2921 1040 2968 1082 el
3001 1046 3141 1084 verm
3181 1031 3305 1085 vitis
3358 1034 3536 1086 viuum

1970 1123 2123 1184 illud,
2157 1122 2303 1192 quod
2347 1139 2403 1176 se
2437 1139 2542 1175 non
2576 1123 2728 1190 prius
2756 1122 3078 1185 bibitur-um,
3112 1123 3288 1175 donec
3336 1098 3536 1177 uerunt

1970 1228 2092 1266 cum
2126 1213 2394 1282 apostolis
2423 1213 2476 1265 in
2511 1228 2676 1280 regno
2702 1213 2967 1266 caelorum
2995 1223 3255 1276 sumeret,
3283 1212 3540 1269 Christus

1970 1305 2258 1356 allirmavit
2286 1303 2350 1358 ".
2387 1301 2667 1373 Unguento
2711 1318 2842 1357 vero
2873 1313 2924 1357 et
2963 1305 3065 1372 ipsi
3103 1314 3380 1372 ungentur,
3432 1321 3538 1360 non

1965 1399 2078 1466 jam
2121 1399 2349 1467 spiritus
2384 1400 2710 1450 arrabonem
2752 1397 3055 1464 accepturi,
3093 1406 3185 1450 sed
3221 1400 3541 1450 ‹·ιιιιιιιΙ;ιιίεο

1971 1489 2122 1543 sione
2151 1487 2270 1555 ejus
2302 1487 2630 1548 divinitatis,
2683 1503 2804 1554 quae
2833 1496 2916 1540 est
2963 1487 3014 1538 in
3052 1485 3142 1539 Dei
3183 1486 3337 1549 Filio,
3369 1488 3545 1554 panti-

1971 1581 2124 1648 cipes
2159 1578 2354 1640 futuri;
2390 1593 2497 1630 non
2527 1592 2590 1628 ex
2627 1585 2781 1646 parte
2814 1576 2988 1629 adhuc
3033 1589 3450 1643 cognoscentes.
3485 1583 3540 1630 ct

1971 1685 2034 1723 ex
2079 1680 2230 1740 parte
2265 1669 2662 1738 prophetantes
2695 1667 2772 1732 ⁶³;
2805 1666 2897 1719 sed
2942 1667 2994 1718 in
3045 1677 3217 1718 totum
3260 1669 3332 1719 ita
3378 1667 3540 1719 Chri-

1976 1770 2061 1814 sto
2095 1759 2344 1828 petituri,
2379 1765 2515 1811 utet
2547 1757 2746 1810 ιίιτίειὶ
2784 1759 2885 1818 illi,
2917 1772 2971 1810 et
3010 1757 3102 1810 lilii
3139 1756 3255 1820 Dei,
3283 1759 3546 1815 Incredes-

277 1855 456 1916 υἱοὺς,
500 1855 594 1906 καὶ
641 1854 1016 1924 κληρονόμους
1047 1855 1210 1919 Θεοῦ,
1255 1856 1348 1908 καὶ
1393 1855 1867 1924 συγκληρονόμους

1899 1841 1941 1899 Β
1969 1867 2094 1921 que,
2131 1860 2291 1920 atque
2319 1850 2480 1901 etiam
2521 1850 2723 1903 Christi
2758 1850 3070 1903 colueretles
3105 1851 3442 1920 appellentur
3467 1851 3538 1907 °‘.

278 1944 542 2015 Χριστοῦ.
581 1947 738 2000 Κατὰ
770 1947 827 2000 δὲ
856 1948 980 2009 τοὺς
1017 1949 1145 2018 περὶ
1171 1949 1268 2016 τῆς
1295 1947 1590 2016 ἐπιδημίας
1616 1946 1869 2017 εἰρῆσθαι

278 2035 561 2102 λέγοντας,
589 2036 727 2102 ὅρος
761 2037 858 2105 μὲν
889 2037 922 2105 ἠ
957 2036 1256 2105 Ἐκκλησία
1284 2031 1417 2089 οὖσα
1450 2038 1866 2104 σκοπευτηριον,

194 2171 208 2186 ,
279 2127 376 2177 καὶ
407 2126 600 2193 ὅρασις
651 2126 897 2194 εἰρήνης,
930 2126 1016 2178 διὰ
1081 2126 1142 2177 τὸ
1203 2125 1310 2176 τῶν
1340 2125 1625 2194 δογμάτων
1669 2125 1867 2194 ὑψηλὸν

279 2218 378 2267 καὶ
401 2216 511 2266 τῶν
552 2215 742 2284 ψυχῶν
774 2216 834 2268 τὸ
884 2217 1189 2286 ἀτάραχον·
1222 2213 1386 2276 οἶνος
1429 2219 1484 2270 δὲ
1521 2216 1613 2268 καὶ
1650 2216 1864 2285 μῦρον,

281 2305 474 2374 σαφῶς
503 2305 566 2357 τὺ
616 2305 879 2374 μυστικὸν
923 2307 1155 2375 χρίσμα,
1189 2305 1283 2358 καὶ
1312 2306 1373 2358 τὸ
1427 2306 1693 2374 σωτήριον
1727 2301 1864 2374 αἷμα

280 2396 653 2468 παρέστησεν.
694 2398 901 2468 Γράφει
946 2398 1053 2468 γὰρ
1082 2399 1176 2452 καὶ
1221 2400 1250 2450 6
1289 2398 1556 2468 μακάριος
1592 2397 1862 2467 Ἰιυάννηςο

285 2507 303 2537 ι
338 2489 450 2539 Καὶ
481 2489 642 2556 ὑμεῖς
683 2489 890 2558 χρίσμα
934 2488 1083 2558 ἔχετε
1135 2489 1243 2540 ἀπὸ
1276 2488 1370 2540 τοῦ
1413 2489 1586 2554 ἁγίου.
1626 2509 1642 2539 ι
1681 2488 1866 2558 Τούτῳ

279 2579 394 2648 γὰρ
427 2582 478 2632 οἱ
519 2580 910 2649 βαπτιζόμενοι
946 2581 1216 2649 χρίονται,
1256 2579 1527 2648 σύμϐολον
1567 2581 1658 2633 τοῦ
1706 2597 1870 2648 μετα-

279 2672 473 2740 λαχείν
501 2672 596 2725 τοῦ
629 2672 776 2725 θείου
831 2673 1149 2742 Ιινεύματος
1175 2673 1236 2725 τὺ
1279 2675 1486 2742 χρίσμα
1531 2673 1865 2741 ποιούμενοι.

278 2761 438 2813 ,Ἀλλ’
466 2762 590 2813 ἐπεὶ
635 2761 838 2813 τούτων
864 2761 1080 2825 ἀνάξιος
1115 2763 1330 2832 Ἰσραήλ
1351 2779 1364 2792 ·
1391 2763 1654 2831 Παράδος
1688 2764 1864 2827 αὐτὰ,

281 2851 446 2918 φησὶ,
475 2851 595 2914 τοῖς
637 2853 902 2914 ἔθνεσιν,
953 2851 1143 2922 ὥσπερ
1173 2871 1256 2915 τις
1303 2855 1772 2925 παρακαταθήκην
1815 2859 1871 2908 ἐν

285 2941 578 3010 μυστηρίῳ
642 2941 1003 3011 παραδίδωσι.
1054 2939 1145 2992 Διὸ
1209 2943 1303 2993 καὶ
1362 2942 1717 3010 θαυμαστὰ,
1779 2943 1872 2994 καὶ

275 3032 530 3099 βουλὴν
563 3033 826 3101 ἀρχαῖαι·
862 3032 1048 3101 ἔλεγεν
1073 3035 1099 3083 ὁ
1143 3035 1430 3104 προφήτης
1466 3036 1622 3089 αὐτα.

358 3192 435 3243 υῦ
462 3193 570 3259 γὰρ
600 3191 789 3257 ὥσπερ
811 3193 837 3242 ὁ
857 3191 1024 3243 πάλαι
1053 3190 1211 3259 νόμος
1245 3191 1312 3243 δι’
1336 3192 1585 3260 ἀγγέλων
1615 3193 1869 3262 λαληθεὶς

285 3282 444 3350 ἐδόθη
480 3285 626 3351 μόνῳ
657 3282 733 3350 τῷ
766 3282 1006 3352 Ἰσραὴλ,
1045 3283 1182 3336 ἀλλά
1210 3283 1442 3352 Χριστὸς
1474 3286 1582 3337 τῶν
1625 3286 1796 3338 ἐθνῶν
1836 3289 1868 3354 ἡ

285 3373 608 3442 προσδοκία·
633 3373 775 3423 κατὰ
792 3371 871 3424 τό·
910 3390 928 3422 ι
963 3373 1071 3424 Καὶ
1091 3372 1174 3424 ἐπ’
1207 3373 1356 3442 αὐτῷ
1373 3373 1501 3443 ἔθνη
1519 3374 1812 3427 ἐλπιοῦσιν.
1845 3393 1864 3424 ι

286 3465 366 3516 Τὸ
378 3464 432 3516 δὲ
453 3462 608 3526 αὐτὸ,
634 3465 824 3533 φησὶν,
843 3460 973 3533 ἦθος
988 3464 1018 3515 6
1044 3465 1329 3534 προφήτης
1350 3463 1614 3534 ἐφύλαξεν
1635 3482 1647 3496 -
1667 3464 1741 3526 ὡς
1764 3465 1873 3534 γὰρ

288 3555 788 3625 παραμυθούμενος
831 3555 954 3619 τοὺς
1002 3555 1061 3620 ἐξ
1093 3556 1344 3626 Ἰσραὴλ,
1391 3559 1484 3610 καὶ
1534 3557 1645 3609 τῶν
1696 3556 1874 3610 ἄλλων

285 3648 463 3702 ἐθνῶν
489 3648 641 3714 ἔλεγε
669 3647 769 3716 τὴν
805 3647 1080 3701 ἀπώλειαν
1108 3647 1516 3716 διικνουμένων,
1545 3646 1630 3699 διὰ
1658 3646 1874 3700 πάντων

287 3737 386 3791 τοῦ
420 3738 555 3790 Θεοῦ
585 3737 846 3791 δεικνύων
890 3737 989 3808 τὴν
1034 3739 1311 3808 πρόνοιαν.
1331 3738 1659 3808 Ὧλιγῶρουν
1690 3738 1797 3808 γὰρ
1826 3739 1875 3792 οι

287 3831 350 3895 ἐξ
381 3829 615 3898 Ἰσραὴλ,
645 3831 920 3898 συνεχέσιν
953 3830 1192 3899 ἐλέγχοις
1221 3831 1313 3882 καὶ
1336 3829 1610 3891 παιδείαις
1639 3829 1876 3898 ὁρῶντες

288 3924 476 3983 αὐτοῖς
523 3922 874 3990 ἐπικείμενον
902 3923 993 3974 τὸν
1021 3923 1176 3986 Θεὸν,
1204 3924 1266 3974 οὐ
1297 3921 1706 3991 φιλανθρωπίας
1737 3921 1874 3975 Θεοῦ

285 4013 467 4066 ταῦτα
521 4013 803 4075 δοκοῦντες
837 4015 1130 4084 τεκμήρια,
1164 4013 1264 4082 τῆς
1312 4013 1368 4064 δὲ
1420 4012 1556 4074 ιδίας
1601 4012 1876 4075 ἀπωλείας

287 4101 566 4170 ἐνθὴκηνί
610 4105 669 4154 ἐν
716 4103 999 4174 ἐλευθερίᾳ
1029 4104 1235 4171 διάγειν
1265 4103 1334 4156 τὰ
1364 4103 1490 4172 ἔθνη
1539 4104 1874 4172 νομίζοντες,

286 4190 366 4250 ὡς
397 4188 463 4240 ἂν
491 4188 568 4257 μὴ
593 4187 721 4240 ὅντα
746 4189 851 4241 ὑπὸ
873 4190 1025 4243 Θεόν.
1054 4190 1205 4260 Μηδὲ
1229 4191 1337 4260 γὰρ
1360 4191 1515 4261 δίκην
1558 4192 1756 4254 αὐτοὺς
1781 4193 1848 4258 ἐφ
1865 4192 1879 4214 ’

287 4273 373 4343 οἷς
410 4278 802 4348 ἐπλημμέλουν
837 4280 1285 4350 εἰσπράττεσθαι.
1346 4280 1504 4333 Οὕτω
1537 4281 1632 4333 καὶ
1665 4279 1760 4334 νῦν
1789 4280 1877 4334 διὰ

284 4378 402 4428 τῶν
454 4372 841 4441 χρηστοτὲρων
876 4372 974 4438 τὴν
1003 4373 1083 4436 είς
1114 4373 1363 4434 ἃπαντας
1401 4373 1732 4443 κηδεμονίαν
1759 4371 1880 4443 ἐδή-

1971 1942 2190 2007 Verum,
2218 1942 2263 1995 si
2297 1957 2392 1995 eos
2423 1941 2700 2005 audimus,
2738 1942 2829 2010 qui
2863 1941 2928 1994 ad
2961 1942 3389 1995 incarnationem
3441 1942 3545 1995 ista

1967 2034 2240 2096 referunt;
2280 2048 2372 2102 per
2402 2043 2628 2085 montem
2659 2033 2900 2101 quidem,
2940 2033 3239 2086 Eeclesiam
3280 2033 3540 2103 designa-

1969 2125 2078 2188 vit,
2118 2139 2239 2194 quae
2277 2137 2335 2178 ct
2381 2126 2624 2192 specula,
2661 2137 2708 2177 et
2760 2125 2912 2194 pacis
2965 2126 3120 2188 \isio,
3169 2136 3391 2193 propter
3449 2127 3548 2177 du-

1967 2227 2204 2288 gmatum
2267 2217 2646 2282 altitudinem,
2687 2217 3100 2286 animarumque
3167 2219 3400 2285 quietem
3457 2235 3550 2270 vo-

1968 2319 2124 2364 catur
2174 2325 2189 2363 :
2249 2323 2343 2378 per
2396 2309 2571 2362 viuum
2628 2316 2808 2363 autem
2859 2319 2911 2364 et
2969 2319 3284 2377 unguentum
3315 2349 3330 2372 ,
3363 2312 3552 2379 mysti-

1969 2416 2086 2453 cam
2121 2401 2454 2461 unctionem,
2484 2409 2536 2454 et
2565 2401 2856 2454 salutarem
2902 2402 3240 2468 sanguinem.
3273 2401 3361 2454 Sic
3400 2403 3544 2455 enim

1972 2491 2110 2560 apud
2146 2489 2408 2545 Joannem
2438 2493 2601 2544 etiam
2637 2492 2868 2560 legimus
2907 2509 2918 2544 :
2960 2511 2977 2543 ι
3017 2491 3078 2545 Ει
3109 2507 3204 2546 vos
3233 2495 3547 2547 unctionem

1974 2580 2188 2634 habetis
2250 2595 2277 2632 a
2323 2589 2519 2634 sancto
2554 2582 2619 2634 ".
2681 2600 2700 2631 ι
2753 2580 2856 2634 Ista
2908 2583 3050 2636 enim
3104 2584 3193 2651 qui
3238 2584 3550 2653 tinguuntur,

1975 2671 2276 2731 liniuntur;
2335 2680 2596 2738 tanquam
2646 2672 2956 2740 symbolum
3006 2672 3174 2724 divini
3225 2675 3453 2739 spiritus
3496 2673 3551 2726 in

1973 2775 2028 2811 se
2062 2758 2218 2813 effusi
2247 2761 2560 2812 unctionem
2592 2757 2819 2814 faciant.
2863 2759 3074 2824 Quibus
3111 2760 3391 2830 indignum
3426 2778 3550 2815 cum

1974 2867 2031 2903 se
2061 2850 2377 2918 pru'stiterit
2405 2847 2595 2908 Israel,
2643 2865 2752 2901 non
2807 2851 2966 2902 aliter
3019 2866 3181 2919 quam
3219 2852 3310 2920 qui
3362 2853 3552 2904 arcani

1973 2939 2176 3010 aliquid
2217 2939 2442 2993 alterius
2477 2941 2600 2994 lidei
2634 2943 2947 3005 committit,
2981 2942 3187 2996 tradere
3221 2943 3326 2996 ista
3382 2944 3550 3012 genti-

1974 3035 2067 3085 bus
2099 3033 2362 3100 praecipit.
2390 3032 2568 3100 Atque
2595 3031 2712 3085 ha-c
2745 3033 2964 3101 quidem
2997 3043 3148 3099 sunt,
3173 3049 3294 3104 qua:
3323 3033 3557 3086 admira-

1899 3158 1946 3221 ο
1978 3122 2128 3181 bilia,
2167 3136 2288 3190 qua:
2319 3121 2600 3174 consilium
2629 3122 2928 3190 antiquum.
2957 3123 3220 3191 propheta
3243 3124 3554 3192 appellavit.

2045 3212 2208 3284 319
2240 3210 2425 3280 Neque
2460 3213 2628 3274 enim,
2656 3221 2714 3264 ut
2751 3221 2906 3268 vetus
2943 3214 3032 3268 illa
3070 3216 3388 3284 angelorum
3427 3231 3560 3270 voce

1975 3305 2316 3372 promulgata
2374 3303 2482 3366 lex,
2536 3303 2636 3356 soli
2691 3303 2998 3358 lsraelilico
3030 3307 3232 3375 pepnlo
3263 3306 3389 3360 data
3438 3317 3560 3374 est;

1975 3392 2068 3445 sed
2095 3400 2178 3446 est
2206 3391 2463 3445 Christus
2495 3390 2612 3460 ipse
2637 3392 2882 3461 gentium
2910 3393 3253 3462 exspectatio
3278 3412 3292 3460 ;
3319 3394 3372 3449 in
3398 3411 3559 3466 quem

1975 3482 2256 3553 Scriptura
2288 3490 2428 3537 teste
2463 3482 2530 3544 “,
2568 3491 2698 3537 sunt
2736 3497 2930 3538 omnes
2975 3491 3166 3554 gentes
3232 3499 3558 3555 speratum.

1975 3575 2118 3631 Idem
2159 3585 2368 3641 autem,
2409 3575 2585 3638 aiunt,
2623 3575 2900 3644 ingenium
2952 3576 3317 3648 eumdemque
3352 3593 3560 3633 morem

1977 3665 2239 3736 prepheta
2271 3665 2516 3720 retinuit.
2550 3665 2622 3720 Ut
2651 3665 2796 3720 enim
2837 3680 2962 3720 cum
2992 3665 3267 3723 Israelitas
3298 3669 3561 3724 consola-

1976 3764 2148 3819 retur,
2179 3755 2414 3810 aliarum
2441 3753 2608 3808 etiam
2647 3756 2891 3826 gentium
2917 3755 3203 3812 interitum
3237 3758 3458 3830 attigit;
3505 3768 3565 3811 ut

1976 3846 2071 3899 Dei
2129 3845 2184 3900 in
2243 3845 2503 3914 omnibus
2554 3845 2951 3914 providentiam
2985 3846 3324 3901 ostenderet.
3363 3846 3565 3903 Gentes

1975 3935 2121 3990 cutim
2157 3934 2435 3997 lsraclitaa,
2473 3935 2526 3987 in
2553 3949 2693 4004 quas
2725 3933 2892 3989 Deum
2922 3935 3099 4006 plagis
3130 3946 3182 3990 et
3213 3935 3566 3990 animadver-

1978 4025 2228 4080 sionibus
2271 4025 2534 4078 continue
2583 4023 2905 4078 incumbere
2955 4026 3275 4088 cernebant,
3315 4025 3560 4096 neglige-

1979 4120 2142 4182 hant;
2169 4131 2268 4172 nec
2298 4115 2498 4170 divinae
2532 4116 2635 4170 ista
2672 4116 3035 4172 humanitatis
3058 4131 3182 4172 esse
3212 4126 3562 4188 argumenta,

1979 4208 2074 4264 sed
2110 4222 2224 4263 sua:
2263 4205 2339 4260 ita
2383 4206 2625 4261 libertati
2661 4206 2922 4275 relinqui,
2960 4206 3106 4276 quod
3163 4207 3253 4262 Dei
3283 4222 3418 4262 cura
3452 4223 3561 4262 non

1979 4304 2320 4368 regerentur,
2358 4312 2461 4352 nec
2511 4311 2608 4351 eos
2658 4297 2954 4367 attingeret
2987 4298 3255 4352 scelerum
3293 4298 3558 4362 vindicta,

1979 4390 2412 4444 arbitrabantur.
2448 4385 2540 4440 Sic
2568 4387 2681 4456 jam
2719 4402 2815 4456 per
2857 4387 3104 4453 meliora,
3140 4397 3328 4442 curam
3385 4403 3445 4443 se
3493 4389 3562 4443 de

284 4461 489 4514 λωσεν.
527 4461 601 4513 Οὐ
631 4461 740 4532 γὰρ
765 4465 875 4524 τοῖς
903 4461 1080 4515 ἔθνεσι
1112 4462 1284 4517 ταῦτα
1323 4463 1658 4534 περινοστῶν
1687 4465 1716 4517 6
1744 4480 1867 4533 προ·

1909 4489 1951 4544 ι)
1981 4479 2236 4533 omnibus
2268 4478 2472 4533 habere
2495 4477 2788 4548 signiﬁcat.
2817 4475 3003 4547 Neque
3033 4478 3176 4532 enim
3207 4476 3277 4532 de
3307 4478 3563 4548 gentibus

286 4553 472 4622 φήτης
501 4553 846 4622 ἀπήγγελλεν
871 4570 884 4582 ·
923 4553 1059 4608 ἀλλὰ
1079 4556 1205 4616 τοὺς
1229 4554 1512 4618 Ἰουδαίους
1537 4555 1788 4609 ἐπαίδευε
1809 4556 1876 4609 τὰ

290 4644 437 4711 μετά
489 4645 779 4707 πλείστους
828 4646 1167 4716 γενησόμενα
1217 4646 1474 4716 χρόνους,
1519 4647 1878 4715 πιστούμενος

285 4737 433 4790 αὐτὰ
463 4736 550 4788 δια
573 4735 684 4788 τῶν
706 4737 830 4789 ὅσον
859 4736 1013 4790 οὔπω
1031 4741 1413 4808 γενησομένων
1433 4739 1526 4792 ὑπ’
1559 4739 1878 4809 Ἀσσυρίων.

288 4826 421 4888 ῐΙῶς
469 4826 526 4878 δὲ
573 4827 822 4892 τεύξεται
875 4830 1083 4880 τούτων
1135 4829 1205 4882 τά
1248 4829 1308 4894 ἐξ
1355 4829 1528 4901 ἀρχῆς
1558 4829 1878 4894 ἀσεϐοῦντα,

289 4918 634 4988 παρίστησιν
660 4920 789 4989 ἔθνη
817 4920 906 4972 διὰ
939 4920 1176 4991 Χριστοῦ
1209 4921 1447 4989 φυγόντα
1475 4921 1572 4990 τῆς
1607 4919 1880 4974 εἰδωλολα-

287 5012 489 5082 τρείας
535 5014 643 5066 τὸν
687 5015 968 5077 θάνατον,
1002 5014 1087 5083 ἐφ’
1111 5006 1156 5081 ᾧ
1191 5014 1258 5067 ἂν
1283 5015 1426 5068 αὑτά
1467 5031 1548 5076 τις
1583 5015 1877 5084 ἐδάκρυσεν

287 5103 498 5166 ὄνειδος
523 5103 713 5174 ἔχοντα
744 5105 843 5175 τὴν
874 5100 1266 5159 ἁσέόειαν.Ἦν
1303 5106 1359 5158 δὲ
1387 5103 1451 5158 τὸ
1484 5105 1749 5172 δάκρυον
1772 5104 1880 5155 τῶν

281 5195 380 5250 διὰ
403 5195 821 5266 φιλανθρωπίαν
836 5197 934 5266 τὴν
957 5195 1065 5250 τῶν
1089 5196 1360 5250 τοσούτων
1381 5195 1570 5265 ψυχῶν
1591 5195 1882 5248 ἀποκλαιο-

289 5288 476 5358 μένων
525 5285 807 5341 ἀπώλειαν
857 5289 960 5341 ὑπὸ
988 5287 1082 5340 τοῦ
1113 5288 1362 5341 διαϐόλου
1391 5289 1785 5358 γεγενημένην,
1821 5288 1878 5349 ὃς

349 5445 394 5475 ⁸³
430 5443 594 5515 Iiebr_.
623 5460 716 5505 xu,
745 5443 834 5498 22.
914 5447 956 5476 ⁸³
997 5445 1187 5500 Matth.
1220 5463 1364 5507 xxvr.
1399 5449 1490 5515 29,

284 5532 370 5576 χι,
408 5515 506 5577 1ος
562 5513 722 5567 Ront.
764 5531 851 5578 xv,
887 5516 975 5571 12.

1569 5449 1611 5478 ⁸³
1646 5450 1662 5503 l
1705 5449 1830 5504 Cor.
1865 5464 1978 5509 χιιι,
2052 5447 2107 5500 9.

1977 4571 2080 4625 ista
2111 4569 2288 4624 obiter
2336 4575 2596 4638 evagatus
2640 4566 2903 4636 prapheta
2941 4566 3166 4633 retulit;
3201 4565 3319 4630 sed,
3365 4577 3424 4621 ut
3468 4584 3563 4637 per

1975 4677 2059 4724 ea,
2097 4675 2219 4730 qua:
2247 4659 2315 4714 ab
2348 4659 2587 4729 Assyriis
2615 4657 2844 4728 jamjam
2874 4661 3167 4724 instarent,
3203 4660 3272 4714 de
3307 4659 3412 4721 his,
3441 4675 3564 4728 quae

1980 4751 2141 4820 longo
2185 4762 2376 4819 postea
2408 4758 2656 4818 tempore
2685 4748 2870 4803 futura
2917 4759 3125 4812 essent,
3157 4748 3361 4805 Judieis
3399 4751 3558 4804 tidem

1978 4842 2200 4894 faceret.
2233 4840 2500 4894 Caeterum
2521 4839 2866 4893 demonstrat
2893 4854 3001 4908 qua
3037 4840 3247 4892 ratione
3267 4848 3458 4910 gentes
3493 4841 3561 4892 ab

1981 4932 2137 4984 initio
2190 4930 2454 5000 impietati
2498 4931 2570 4982 ita
2608 4930 2825 4996 deditae,
2856 4943 2915 4984 ut.
2960 4930 3232 5000 ejusmodi
3263 4931 3560 5002 opprobrio

1980 5024 2199 5072 notatas
2234 5017 2432 5070 merito
2462 5017 2590 5085 quis
2624 5016 2880 5086 lacrymis
2911 5025 3301 5085 prosequatur,
3339 5019 3440 5071 ista
3471 5033 3565 5086 per

1979 5107 2261 5161 Christum
2291 5104 2614 5160 idololatriae
2639 5117 2806 5161 morte
2828 5107 3065 5160 devitata
3099 5108 3374 5176 adeptum:
3406 5119 3558 5164 sunt.

1980 5197 2234 5265 Intelligit
2298 5204 2478 5248 autem
2551 5212 2648 5250 eos
2710 5197 3071 5266 Iacrymarum
3144 5197 3400 5259 nomine.
3467 5201 3561 5268 qui

1979 5287 2464 5342 commiseratione
2495 5287 2780 5350 commoti,
2826 5295 2901 5340 tot
2935 5289 3243 5342 animarum
3278 5289 3560 5342 interitum

2187 5447 2229 5476 “
2263 5447 2421 5500 Rom.
2457 5461 2572 5509 vnt,
2612 5447 2695 5501 l7.
2781 5448 2825 5478 ⁸⁸
2863 5446 2876 5499 Ι
2908 5445 3068 5501 Joan.
3104 5463 3164 5509 ιι,
3192 5446 3282 5502 20.
3367 5446 3411 5476 “
3451 5447 3559 5500 lsa.

1576 5629 1810 5684 VARM‘Z
1857 5625 2257 5684 LECTIONES.

370 5725 385 5763 ί
424 5739 514 5788 π).
538 5720 744 5776 ἕνεκεν.
