4294 6438
774 343 918 406 2219

2079 340 2429 400 I'liOCOPlI
2475 340 2717 399 GAZKEI

3898 337 4048 401 2220

774 457 979 521 desque
1008 450 1228 507 Iudaeos
1265 450 1539 520 usurpari.
1572 450 1709 504 Cum
1741 449 1901 519 327
1924 450 2070 504 enim
2106 452 2174 506 iis
2210 450 2351 507 Deus
2379 460 2426 517 Α
2455 454 2470 502 ε

2379 460 2426 517 Α
2455 451 2632 514 ϐολον,
2667 452 2763 504 καὶ
2804 453 2930 515 τοὺς
2972 451 3293 520 ἀγνώμονας
3337 452 3645 513 Ἰουδαίους.
3668 450 4051 511 ’Λπειλοῦντος

776 546 1079 610 minitetur,
1122 544 1504 614 quijustt'tiam
1536 558 1640 597 non
1669 540 1991 607 didicerunt,
2027 556 2089 596 ea
2120 543 2355 611 prophe-

776 640 864 693 ta},
898 646 1020 701 quae
1065 632 1132 684 ab
1184 630 1569 685 incredulitate
1605 628 1919 683 Iudaeorum
1963 631 2208 699 proiecta
2247 637 2351 695 est,

776 723 831 775 in
879 720 1320 776 recordationem
1376 722 1526 777 subit
1574 721 1870 791 ignoratio.
1930 719 2021 776 Dei
2080 721 2352 791 siquidem

776 810 981 875 Filius,
1033 810 1212 865 Patris
1255 809 1550 874 brachium,
1583 824 1694 880 quo
1719 816 1916 864 cuncta
1967 808 2155 864 ell'ecta
2205 819 2351 874 sunt,

774 904 1077 972 appellatus
1104 903 1173 967 9⁵,
1210 902 1441 971 ideoque
1481 902 1802 956 incarnatus
1854 911 1912 954 ut
1945 909 2106 955 terra:
2148 902 2355 958 incolas

774 1011 870 1064 per
899 995 1057 1050 ﬁdem
1087 995 1439 1064 justiticaret,
1464 1010 1527 1049 ea
1552 1010 1675 1065 qua:
1709 1001 1962 1048 naturam
1999 1002 2053 1048 et
2086 995 2354 1049 rationem

771 1090 1125 1151 exsuperant,
1164 1081 1228 1134 ad
1265 1081 1572 1136 divinitatis
1606 1097 1718 1137 sure
1751 1082 2129 1151 probationem
2164 1098 2361 1153 opera-

774 1173 955 1228 batur.
1009 1174 1248 1242 Indeque
1297 1185 1382 1229 est
1433 1175 1580 1244 quod
1632 1174 1815 1229 aiebat
1859 1194 1872 1230 :
1927 1192 1945 1225 ι
1986 1174 2042 1228 Si
2074 1190 2184 1230 non
2217 1175 2358 1230 facio

770 1280 936 1331 opera
966 1264 1144 1319 Patris
1191 1265 1319 1330 mei,
1350 1266 1517 1319 nolite
1567 1263 1701 1317 mihi
1733 1266 1958 1320 credere
1985 1267 2051 1320 ".
2112 1285 2130 1318 ›
2185 1265 2358 1321 Caute-

772 1372 889 1408 mm
954 1364 1318 1427 pnetcrquam
1378 1357 1564 1426 quod,
1622 1358 1717 1427 qui
1770 1358 2027 1412 videbant
2089 1367 2144 1413 et
2198 1358 2361 1414 duce-

773 1452 1010 1513 bantur,
1076 1465 1177 1501 non
1244 1448 1574 1513 credebant,
1644 1446 2047 1502 Samaritanum
2108 1451 2183 1513 ⁸⁷,
2253 1450 2361 1503 dte-

772 1540 1127 1601 moniacum,
1193 1539 1554 1593 temulentum
1618 1539 1704 1603 ³⁸,
1772 1538 2020 1609 iabrique
2088 1540 2257 1594 (ilium
2315 1540 2361 1573 ⁹⁹

769 1633 1170 1689 contumeliose
1214 1635 1506 1688 vocabant.
1545 1635 1660 1688 lmo
1704 1642 1758 1689 et
1794 1635 2031 1691 servatis
2080 1637 2337 1703 gentibus

769 1742 895 1780 cum
918 1726 1038 1781 zelo
1068 1726 1362 1795 ﬂagrarent
1396 1725 1670 1793 improbo,
1714 1726 1830 1794 igne
1871 1725 2056 1795 potius
2098 1699 2360 1794 consumi:

2460 543 2569 613 γὰρ
2608 544 2701 597 τοῦ
2744 543 2881 597 Θεοῦ
2928 546 3042 607 τοῖς
3079 543 3162 612 μὴ
3210 542 3587 612 μανθάνουσι
3623 542 4048 607 δικαιοσύνην.

2464 637 2541 695 εἰς
2570 634 2884 705 ἀνάμνησιν
2913 637 2942 687 ό
2967 635 3253 704 προφήτης
3291 629 3423 703 ἦλθε
3469 633 3568 702 τῆς
3608 633 3703 685 τοῦ
3737 632 3953 703 Ἰσραὴλ
3988 630 4052 695 ἐξ

2461 724 2742 787 ἀπειθείας
2764 724 3008 792 ἀγνοίας.
3027 725 3082 777 Ὀ
3103 724 3201 793 μὲν
3217 723 3325 791 γὰρ
3351 722 3445 775 τοῦ
3469 722 3604 775 Θεοῦ
3629 722 3756 785 Υἱὸς
3770 723 4054 791 βραχίων

2462 815 2752 882 λεγόμενος
2778 814 2870 868 τοῦ
2896 814 3157 885 Πατέρος,
3184 813 3250 867 δι’
3274 807 3336 867 οὗ
3360 814 3427 866 τὰ
3461 817 3638 868 πάντα
3668 813 3888 882 γέγονε,
3913 829 3981 865 σα
3991 830 4053 881 ρ-

2462 907 2661 969 κωοεὶς
2698 907 2782 959 ἵνα
2811 905 3079 979 δικαιώσῃ
3117 907 3241 968 τοὺς
3280 904 3371 957 ἐπὶ
3399 906 3499 973 τῆς
3523 906 3629 974 γῆς
3660 905 3749 958 διὰ
3780 905 4047 967 πίστεως.

2462 999 2529 1050 τὰ
2560 999 2700 1067 ὑπὲρ
2737 1000 2899 1065 φύσιν
2933 1006 3026 1051 καὶ
3058 997 3215 1065 λόγον
3242 996 3557 1067 εἰργάζετο,
3593 997 3682 1051 διὰ
3704 997 3930 1061 τούτων,
3968 998 4052 1059 ὡς

2462 1090 2595 1154 Θεὸς
2620 1091 2704 1160 εἴη
2724 1133 2737 1156 ,
2766 1092 2999 1154 δεικνύς.
3034 1092 3233 1161 Διόπερ
3268 1092 3537 1159 ἐψασκεν·
3580 1110 3598 1141 ‹
3632 1091 3693 1143 ΕΞ
3718 1090 3781 1142 οὐ
3805 1090 3946 1142 ποιῶ
3977 1091 4051 1142 τὰ

2464 1182 2602 1253 ἔργα
2648 1181 2741 1235 τοῦ
2780 1183 3021 1253 Πατὲρος
3054 1201 3179 1254 μου,
3217 1183 3293 1253 μὴ
3343 1182 3629 1236 πιστεύετέ
3679 1198 3792 1251 μοι.
3826 1200 3844 1231 ι
3884 1182 3957 1235 Oi
3990 1183 4053 1235 δὲ

2463 1273 2695 1343 ὁρῶντες
2748 1273 2839 1326 καὶ
2881 1273 3291 1343 διδασκόμενοι,
3322 1273 3456 1343 πρὸς
3500 1273 3577 1340 τῷ
3627 1273 3701 1342 μὴ
3746 1271 4048 1337 πιστεύει-κ,

2466 1366 2832 1436 Σαμαρείτην,
2852 1366 2947 1418 καὶ
2969 1366 3329 1435 δαιμονῶντα,
3346 1366 3441 1419 καὶ
3461 1366 3712 1435 μέθυσον,
3731 1367 3830 1417 καὶ
3853 1366 4047 1417 τέκτοη

2468 1472 2558 1518 νος
2582 1456 2812 1510 ἐκάλουν
2845 1456 2979 1510 υἱόν.
3017 1456 3345 1525 Σωζομένων
3374 1456 3429 1508 δὲ
3461 1455 3568 1509 τῶν
3600 1455 3789 1513 ἐθνῶν,
3819 1454 4051 1523 πονηρῷ

2467 1548 2750 1617 καιόμενοι
2779 1549 2946 1619 ζήλῳ,
2978 1550 3377 1616 πυρίκαυστοι
3400 1547 3656 1615 γενέσθαι
3696 1546 3893 1615 μᾶλλον
3919 1544 4053 1615 ἤθε-

2468 1641 2579 1701 λον,
2605 1639 2636 1708 ἢ
2669 1637 2842 1693 ταῦτα
2875 1639 3094 1709 βλέπειν
3122 1640 3425 1710 σωζόμενα.
3458 1638 3628 1691 Τοῦτο
3658 1638 3714 1690 δὲ
3738 1640 3832 1690 καὶ
3860 1638 3951 1690 ἐπὶ
3977 1639 4047 1704 τῇ

2469 1731 2562 1784 τοῦ
2617 1730 2870 1800 Σωτῆρος
2924 1732 3179 1800 γεννήσει
3235 1729 3561 1784 πεπονθέναι
3597 1730 3763 1799 φησιν
3796 1727 3993 1789 αὐτοὺς
4022 1727 4052 1778 ὁ

770 1830 936 1886 quam
988 1806 1044 1869 in
1082 1815 1303 1870 easdem
1336 1822 1589 1868 servatas
1625 1814 1828 1869 intueri
1864 1815 2159 1871 malebant.
2197 1814 2351 1881 Quod
2382 1822 2466 1881 B1

2102 1824 2159 1871 ιι·
2197 1814 2351 1881 Ουοά
2382 1822 2429 1881 Β
2458 1822 2767 1893 προφήτης,
2806 1825 2889 1876 ὅτι
2927 1822 3142 1876 παιδίον
3180 1822 3443 1892 ἐγεννήθη
3485 1823 3617 1892 ἡμῖν
3654 1819 3798 1881 Υἱός.

772 1907 827 1960 in
858 1906 979 1978 ipso
998 1905 1301 1961 Salvatoris
1328 1912 1455 1959 ortu
1478 1919 1672 1974 passos
1694 1921 1841 1969 esse,
1868 1907 1993 1976 quia
2028 1922 2165 1976 puer
2196 1916 2354 1962 natus

768 2007 916 2055 esset
948 1999 1107 2078 nobis
1138 1999 1331 2062 Filius,
1362 1998 1630 2067 propheta
1664 1999 1992 2069 signiﬁcavit
2031 2002 2070 2055 ⁸.

838 2091 966 2146 Inde
996 2085 1298 2161 est'igitur,
1332 2091 1498 2159 quod,
1533 2105 1802 2146 conversa
1844 2091 1912 2145 ad
1957 2091 2176 2147 Patrem
2222 2108 2351 2147 ora-

767 2185 937 2245 tione.
995 2184 1246 2239 eumdem
1300 2184 1377 2237 sic
1430 2184 1771 2252 alloquitur:
1814 2182 2355 2248 Dominc,excelsum

768 2274 1043 2328 brachium
1077 2282 1249 2339 tuum,
1285 2282 1335 2327 et
1366 2273 1688 2335 nesciebant,
1732 2275 1860 2342 quia
1906 2275 2167 2329 nimirum
2231 2287 2353 2331 tan-

769 2381 933 2435 quam
986 2363 1265 2435 vulgarem
1320 2364 1558 2432 aliquem
1634 2363 1912 2416 hominem
1972 2364 2351 2434 despicerent,

768 2470 932 2524 quem
962 2454 1031 2508 ab
1060 2454 1323 2524 operibus
1373 2468 1708 2522 cognoscere
1750 2452 2073 2508 debuerant.
2131 2455 2200 2509 At
2238 2455 2354 2525 jam

767 2545 1097 2609 erubescent,
1152 2545 1362 2613 adjicit,
1425 2545 1547 2612 ejus
1600 2558 1629 2596 a
1666 2553 1841 2598 morte
1893 2547 2353 2602 resurrettionem

770 2637 984 2704 intuiti;
1013 2652 1124 2706 quo
1172 2645 1417 2706 tempore
1464 2635 1694 2705 pecunia
1728 2635 1994 2692 militibus
2042 2649 2353 2703 numerata,

768 2744 838 2782 ne
866 2729 932 2781 ad
965 2742 1156 2781 omnes
1187 2729 1265 2781 rei
1303 2726 1444 2780 fama
1483 2727 1814 2796 perveniret,
1849 2727 2115 2798 impedire
2147 2729 2352 2785 frustra

769 2821 949 2873 conati
992 2827 1141 2875 sunt.
1177 2817 1495 2872 Erubescent
1545 2833 1762 2873 rursum
1806 2821 1891 2873 vel
1936 2829 2052 2874 tum
2086 2822 2351 2887 maxime,

771 2925 896 2964 cum
925 2910 978 2963 in
1020 2908 1200 2963 Patris
1225 2908 1401 2979 gloria
1436 2908 1743 2963 venientem
1776 2908 2146 2964 intuebuntur
2173 2928 2186 2976 ;
2225 2927 2349 2965 cum

773 3002 972 3071 Sponsi
1032 3002 1311 3065 thalamo,
1362 3002 1480 3055 solo
1532 3009 1748 3069 patrum
1809 3002 2034 3057 nomine
2091 3007 2349 3073 (quorum

771 3100 929 3147 erant
961 3092 1374 3160 promissiones,
1418 3101 1472 3145 et
1504 3091 1797 3161 legislatio,
1827 3100 1880 3147 et
1916 3094 2368 3164 testamentum),-

2538 2087 2627 2141 Διὸ
2676 2087 2813 2158 πρὸς
2854 2087 2945 2140 τὸν
2976 2087 3197 2158 Πατέρα
3251 2090 3415 2158 φησιν
3436 2090 3463 2140 ό
3497 2089 3813 2158 προφήτης·
3841 2088 4043 2154 Κύριε,

2462 2179 2700 2246 ὑψηλός
2737 2195 2853 2233 σου
2876 2182 2909 2231 o'
2944 2180 3236 2248 βραχίων,
3272 2179 3371 2232 καὶ
3394 2181 3505 2247 οὐχ
3534 2178 3807 2247 ᾔδεισαν.
3856 2178 3947 2241 Ὠς
3978 2177 4049 2249 δὴ

2464 2265 2647 2319 κοινοῦ
2680 2284 2822 2330 τινος
2856 2268 3235 2337 ὑπερορῶντες
3268 2268 3581 2338 ἀνθρώπου,
3612 2267 3700 2320 διὰ
3725 2266 3830 2320 τῶν
3852 2268 4043 2337 ἔργων

2463 2357 2626 2410 αὐτὸν
2684 2359 3072 2425 ἐπιγινώσκειν
3129 2358 3459 2427 ὀφείλοντες.
3494 2359 3718 2420 Γνόντες
3766 2358 3823 2411 δῖε
3875 2356 4049 2411 αὐτοῦ

2462 2448 2560 2517 τὴν
2591 2450 2655 2501 ἐκ
2677 2449 2885 2519 νεκρῶν
2913 2449 3238 2516 ἀναϐίωσιν,
3260 2451 3804 2519 αἱσχυνθήσονται,
3834 2451 3922 2503 ὅτε
3945 2452 4047 2503 καὶ

2464 2540 2702 2612 ἀργύρια
2728 2542 2888 2595 ἱκανὰ
2922 2544 3033 2605 τοῖς
3059 2541 3419 2613 στρατιώταις
3449 2542 3679 2606 ἔδωκαν,
3729 2540 3804 2601 ὡς
3851 2541 3918 2594 ἂν
3965 2541 4051 2610 μὴ

2464 2632 2633 2683 πᾶσιν
2680 2631 2950 2685 ἔκπυστον
2997 2632 3243 2704 γένηται.
3276 2632 3806 2700 Αίσχυνθέξσονται
3855 2632 3910 2685 δὲ
3948 2635 4053 2685 καὶ

2463 2721 2539 2774 ὅτ’
2578 2722 2646 2774 ἂν
2668 2722 2852 2776 ἴδωσιν
2882 2724 3045 2777 αὑτὸν
3075 2724 3370 2794 ἐρχόμενον
3393 2728 3450 2776 ἐν
3489 2726 3552 2794 τῇ
3592 2723 3719 2793 δέξῃ
3744 2723 3837 2776 τοῦ
3872 2724 4055 2777 Πατέ-

2463 2832 2579 2884 ρος,
2609 2816 2695 2867 ὅτε
2728 2818 2816 2866 καὶ
2832 2814 2923 2868 τοῦ
2956 2816 3244 2885 νυμφῶνος
3270 2816 3608 2869 ἐκκ)είονται
3664 2818 3711 2868 οἱ
3778 2815 3869 2867 διὰ
3917 2816 4054 2877 τοὺς

2462 2906 2705 2976 πατέρας
2730 2909 3103 2976 τετιμημένοι.
3140 2905 3328 2960 Αὐτῶν
3348 2905 3456 2975 γὰρ
3485 2907 3539 2958 αἱ
3567 2905 3915 2972 ἐπαγγελίαι,
3948 2906 4054 2959 καὶ

2462 2999 2494 3067 ἡ
2532 2998 2843 3067 νομοθεσία,
2878 2998 3024 3068 καὶὴ
3057 2998 3314 3068 διαθήκη,
3356 2998 3451 3050 νῦν
3473 2997 3529 3049 δὲ
3556 2997 3649 3049 καὶ
3679 3002 3802 3049 τότε
3826 3001 3893 3049 τὰ
3914 2997 4054 3067 ἔθνη

2461 3088 2804 3154 ζηλώσουσι
2887 3090 3019 3158 πυρὶ
3102 3088 3178 3159 τῷ
3245 3088 3448 3158 αἰωνίῳ
3521 3088 4051 3157 παραπεμπόμενοι.

771 3183 1237 3238 commendabiles
1269 3182 1652 3238 exeludcntur.
1697 3182 1853 3237 Nunc
1882 3193 2091 3251 autem,
2137 3192 2192 3239 et
2223 3193 2351 3238 tunc
2381 3182 2423 3238 C

2381 3182 2423 3238 C
2467 3181 2673 3233 «Αὐτοὶ
2735 3179 2865 3250 γὰρ,
2911 3180 3063 3250 φησι,
3116 3178 3517 3250 παρεζήλωσάν
3552 3196 3620 3248 με
3644 3180 3734 3230 ἐπ’
3789 3180 3849 3230 οὐ
3898 3179 4048 3249 Θεῷ,

771 3277 937 3331 etiam
985 3283 1175 3344 gentes
1236 3274 1654 3338 tantulabuntur,
1724 3289 1850 3329 cum
1910 3275 2024 3345 igni
2087 3285 2353 3345 perpetuo

774 3366 1079 3422 tradentur.
1113 3383 1131 3417 t
1176 3366 1280 3435 Ipsi
1313 3366 1485 3429 enim,
1524 3365 1803 3432 scribitur,
1840 3367 1907 3421 ad
1947 3368 2352 3422 aemulationem

774 3474 863 3513 me
895 3466 1333 3528 provocat-erunt
1382 3458 1436 3511 in
1479 3471 1545 3511 eo
1586 3457 1735 3528 quod
1765 3473 1876 3513 non
1904 3467 2023 3514 erat
2060 3459 2228 3526 Deus,
2256 3459 2353 3516 sed

774 3562 871 3604 cos
893 3549 1011 3618 ipse
1039 3549 1093 3602 in
1120 3562 1230 3602 non
1270 3555 1430 3618 gente
1467 3548 1775 3617 provocabo
1808 3550 1849 3603 ⁸.
1904 3566 1923 3600 ι
1964 3546 2212 3604 Postulat
2253 3564 2353 3602 au-

776 3648 885 3694 tem
938 3641 1203 3711 propheta
1255 3653 1286 3692 a
1345 3639 1474 3704 Deo,
1528 3647 1586 3694 ut
1623 3640 1705 3696 eis
1763 3640 1880 3710 ipse
1926 3655 2114 3695 secum
2169 3655 2351 3709 pacem

775 3733 1063 3802 largiatur.
1094 3730 1172 3799 Ita
1196 3732 1345 3787 enim
1377 3731 1707 3786 cumulatam
1757 3739 1812 3787 et
1867 3731 2165 3802 perfectam
2216 3746 2246 3785 a
2297 3740 2353 3787 te

778 3825 1031 3896 gratiam,
1062 3823 1260 3892 inquit,
1296 3822 1581 3886 inibimus,
1617 3822 1711 3891 qui
1736 3826 1905 3877 tantis
1931 3837 1961 3876 a
1991 3831 2043 3877 te
2067 3822 2349 3878 beneﬁciis

776 3931 875 3985 per
908 3921 1089 3984 patres
1117 3914 1292 3969 ail‘ecti
1336 3929 1548 3969 sumus.
1584 3912 1771 3969 Potest
1798 3921 1852 3969 et
1887 3913 2034 3969 istud
2073 3913 2143 3968 ad
2172 3929 2232 3969 se
2259 3930 2350 3970 re-

777 4006 970 4061 tulisse
1002 4007 1265 4076 propheta
1305 4006 1499 4073 videri,
1529 4007 1688 4076 quasi
1743 4006 1885 4061 inter
1923 4007 2095 4061 multa
2146 4006 2241 4062 Dei
2294 4008 2348 4063 in

776 4111 837 4151 se
876 4096 1159 4159 beneﬁcia,
1189 4102 1245 4151 et
1297 4097 1441 4151 istud
1487 4111 1706 4166 quoque
1745 4096 2141 4165 permaximum
2183 4096 2350 4167 proli-

775 4196 975 4254 teatur,
1012 4188 1061 4244 si
1093 4188 1241 4255 genti
1305 4187 1420 4242 sive
1468 4201 1650 4254 pacem
1695 4186 1767 4242 ab
1812 4188 2004 4242 eodem
2053 4187 2347 4257 impetret;

770 4285 927 4346 Juxta
972 4277 1101 4333 illud
1143 4294 1155 4331 :
1200 4296 1218 4328 ι
1268 4275 1559 4333 Justilicati
1601 4277 1769 4348 328
1801 4275 1969 4346 igitur
2001 4292 2069 4332 ex
2112 4276 2218 4333 ﬁde
2251 4292 2349 4347 pa-

773 4371 1192 4425 cem'habemus
1229 4368 1373 4438 apud
1419 4368 1613 4435 Deum,
1656 4383 1754 4439 per
1801 4367 2094 4425 Dominum
2123 4377 2177 4425 et
2227 4367 2349 4424 Sal-

773 4471 1013 4516 vatorem
1036 4460 1219 4516 Iesum
1254 4460 1526 4517 Christum
1546 4460 1587 4516 ³.
1631 4478 1649 4512 ι
1683 4460 1841 4527 Quod
1867 4469 2016 4517 certe
2038 4476 2163 4517 cum
2198 4464 2347 4518 acci-

2456 3273 2612 3341 κάγὼ
2644 3264 3025 3343 παραζηλώσω
3052 3274 3249 3334 αὐτοὺς
3299 3272 3392 3325 ἐπὶ
3417 3272 3515 3323 οὐκ
3532 3271 3695 3325 ἔθνει.
3728 3290 3746 3322 ο
3791 3270 3960 3339 Ὑπὲρ
3991 3271 4054 3325 δὲ

2453 3365 2659 3418 τούτων
2691 3366 2834 3419 αίτεῖ
2859 3364 2951 3418 τὸν
2973 3365 3105 3418 Θεὸν
3135 3365 3163 3416 ὁ
3222 3363 3509 3434 προφήτης
3546 3363 3647 3434 τὴν
3712 3363 3851 3433 πρὸς
3881 3363 4051 3416 αὑτὸν

2453 3455 2702 3523 εἰρήνην
2734 3455 2945 3518 τούτοις
2967 3454 3511 3526 δωρήσασθαι.οὖτω
3542 3453 3652 3523 γὰρ
3678 3454 3867 3525 πλήρη
3895 3455 4053 3525 παρὰ

2456 3549 2550 3601 σοῦ
2585 3549 2682 3620 τὴν
2734 3548 2893 3619 χάριν
2923 3547 3229 3618 ληψόμεθα,
3265 3547 3501 3601 τοσαῦτα
3529 3547 3622 3600 διὰ
3643 3547 3769 3609 τοὺς
3795 3549 4050 3617 πατέρας

2453 3641 2827 3710 τετιμημένοι.
2855 3641 2963 3693 Καὶ
2984 3656 3047 3693 πε
3058 3641 3110 3710 pi.
3136 3639 3329 3693 ἑαυτοῦ
3353 3639 3411 3693 δὲ
3433 3638 3591 3692 τοῦτο
3613 3639 3761 3709 λέγοι
3782 3638 3848 3693 ἂν
3873 3641 3903 3691 ὁ
3918 3656 4052 3711 προ.

2453 3734 2631 3805 φήτης
2657 3733 2961 3804 ὁμολογῶν⁹
2982 3733 3059 3796 ὡς
3082 3733 3283 3796 πολλὰς
3303 3731 3456 3802 παρὰ
3480 3731 3575 3785 σοῦ
3607 3732 3789 3784 λαϐὼν
3819 3732 4049 3803 εὐεργε-

2453 3823 2595 3887 σίας,
2625 3824 2831 3894 ταύτην
2861 3826 3126 3896 μεγίστην
3171 3824 3491 3895 ὁμολογήσω
3519 3823 3618 3894 τὴν
3650 3823 3785 3894 πρὸς
3836 3822 3898 3876 σὲ
3949 3822 4049 3876 τοῦ

2453 3916 2640 3979 ἔθνους
2676 3915 2946 3985 εἰρήνην.
3002 3917 3163 3972 Κατὰ
3208 3917 3303 3969 τόο
3341 3936 3360 3969 t
3395 3916 3792 3978 Δικαεωθέντες
3838 3914 3933 3968 οὖν
3981 3916 4049 3969 ἐκ

2452 4008 2689 4070 πίστεως
2720 4009 2945 4079 εἰρήνην
2974 4009 3173 4079 ἔχομεν
3198 4009 3337 4079 πρὸς
3368 4011 3461 4061 τὸν
3508 4008 3640 4061 Θεὸν
3692 4007 3780 4060 διὰ
3805 4007 3901 4059 τοῦ
3930 4008 4045 4059 Κυ-

2452 4099 2570 4170 ρίου
2618 4099 2775 4171 ἠμῶν
2827 4102 2920 4153 καὶ
2946 4100 3201 4172 Σωτῆρος
3230 4100 3436 4167 Ἰησοῦ
3474 4101 3755 4168 Χριστοῦ.
3799 4120 3818 4152 ι
3872 4095 3949 4155 Ub
3979 4099 4049 4167 δὴ

2451 4190 2753 4257 γεγονότος.
2780 4192 2973 4259 κτῆσις
3001 4189 3240 4259 ἐσόμεθα
3265 4192 3361 4244 καὶ⁸
3383 4192 3583 4262 κλῆρος
3636 4189 3798 4257 Θεοῦ,
3825 4191 4050 4244 οὐδένα

2450 4278 2645 4334 ἄλλον
2687 4280 2928 4349 ειδότες,
2980 4283 3057 4353 τῷ
3105 4283 3183 4353 σῷ
3236 4283 3389 4355 νόμῳ
3444 4284 3756 4355 πειθόμενοι
3808 4285 4044 4352 λέγοντι·

2458 4389 2477 4424 ι
2505 4371 2710 4445 Κύριον
2738 4373 2828 4427 τὸν
2844 4374 2980 4427 Θεόν
3010 4391 3107 4428 σου
3137 4376 3559 4446 προσκυνήσεις,
3588 4376 3683 4429 κιιῖ⁵
3713 4376 3864 4446 αὖτῷ
3896 4376 4046 4447 μόνῳ

2450 4464 2828 4536 λατρεύσεις.»
2855 4467 3020 4536 Δέγοι
3048 4467 3093 4521 δ’
3116 4467 3183 4522 ἂν
3202 4468 3453 4536 εἰρήνην
3478 4467 3573 4521 καὶ
3594 4468 3685 4521 τὸν
3716 4469 3846 4539 περὶ
3865 4464 3928 4523 οὗ
3950 4468 4046 4521 λέο

769 4552 931 4616 «ερτίι,
971 4552 1028 4606 in
1063 4552 1154 4606 Dei
1189 4558 1393 4607 sortem
1428 4559 1483 4607 et
1527 4553 1929 4621 possessionem
1962 4552 2349 4622 transibimus,
2376 4543 2465 4606 D1

2091 4552 2349 4622 sibimus,
2376 4543 2431 4603 D
2457 4553 2665 4622 λεκται,
2694 4571 2713 4605 t
2747 4554 2920 4619 Αὐτὸς
2942 4555 3054 4627 γάρ
3078 4557 3229 4609 ἐστιν
3262 4557 3296 4627 ή
3330 4558 3523 4628 εἰρήνη
3548 4556 3726 4628 ἡμῶν.
3768 4578 3786 4609 ι

768 4639 1188 4695 ηαιιωηηαιὶιιηι
1240 4650 1599 4711 agnoscentes,
1636 4642 1731 4697 sed
1788 4642 1989 4697 divina:
2036 4641 2164 4713 legi,
2217 4657 2338 4713 qua:
2375 4642 2668 4700 Dominum
2705 4644 2873 4699 Deum
2903 4645 3155 4712 adorare,
3187 4646 3349 4717 eique
3399 4648 3502 4702 soli
3569 4649 3780 4703 servire
3851 4647 4019 4717 praeci

770 4732 848 4799 pit
895 4731 949 4796 ⁸,
1002 4733 1342 4790 obedientes.
1379 4734 1574 4788 Pacem
1620 4749 1814 4791 rursus
1846 4742 1901 4790 et
1963 4748 2089 4790 eum
2162 4734 2414 4802 fortasse,
2457 4735 2526 4794 de
2550 4752 2662 4808 quo
2699 4757 2712 4793 :
2751 4757 2771 4791 ι
2810 4737 2933 4808 Ipse
2964 4738 3113 4793 enim
3149 4745 3233 4794 est
3261 4754 3365 4809 pax
3403 4746 3593 4794 nostra
3623 4741 3676 4805 ⁸,
3721 4757 3741 4791 ι
3784 4738 4043 4809 legimus.

770 4825 1083 4896 appellavit.

840 4915 1067 4982 Deinde,
1106 4915 1253 4986 quod
1287 4918 1466 4971 omnia
1514 4917 1795 4972 reddidisti
1836 4917 1996 4983 dixit,
2028 4919 2098 4976 de
2145 4934 2343 4988 pecca-

769 5018 950 5065 torum
1000 5010 1202 5079 ptenis.
1255 5025 1395 5080 quas
1441 5010 1604 5081 digne
1659 5011 2030 5081 pertulerunt,
2094 5012 2346 5067 nonnulli

766 5101 1097 5170 intelligunt.
1126 5101 1239 5157 Illis
1268 5103 1438 5165 enim,
1471 5103 1646 5169 aiunt,
1681 5103 1880 5159 merito
1907 5103 2067 5160 nobis
2099 5102 2343 5170 inﬂictis,

768 5208 892 5247 eum
922 5200 979 5246 tu
1006 5191 1166 5248 nobis
1197 5193 1348 5257 dato,
1374 5194 1466 5265 qui
1498 5196 1653 5251 solus
1679 5195 1807 5251 odio
1836 5205 1930 5251 tuo
1953 5195 2187 5252 liberare
2213 5210 2340 5265 pos-

768 5288 863 5341 sit.
915 5282 1152 5343 Ratione
1204 5287 1474 5358 siquidem
1534 5282 1762 5344 dominii
1810 5291 1990 5344 omnia
2045 5297 2139 5343 tua
2195 5297 2344 5344 sunt.

2522 4915 2596 4971 Τδ
2623 4915 2699 4980 δὲ,
2734 4914 2931 4969 πάντα
2952 4916 3061 4985 γὰρ
3089 4915 3401 4982 ἀπέδωκας
3429 4913 3594 4985 ἡμῖν,
3625 4915 3757 4984 φασί
3784 4933 3927 4980 τινες
3948 4917 4047 4987 δη-

2453 5006 2581 5061 λοῦν
2603 5008 2704 5076 τὴν
2731 5008 2853 5060 κατ’
2874 5005 3031 5071 ἀξίαν
3058 5006 3169 5059 τῶν
3209 5006 3630 5077 ἁμαρτημάτων
3657 5004 3817 5076 δίκην
3855 5007 4042 5071 αὐτοῖς

2453 5097 2807 5169 ἐπαχθεῖσαν.
2855 5096 3109 5150 Ἐκείνων
3141 5095 3250 5167 γὰρ
3295 5096 3520 5159 δικαίως
3547 5105 3575 5145 ιι
3609 5095 3743 5166 ἡμῖν
3769 5095 4043 5165 ἐπαχθέν-

2447 5208 2576 5256 των,
2606 5190 2693 5254 at;
2720 5190 2811 5245 τὸν
2846 5190 3006 5259 μόνον
3041 5188 3352 5254 ἀπαλλάξαι
3397 5188 3498 5258 τῆς
3550 5188 3688 5258 πρὸς
3738 5188 3799 5241 σὲ
3841 5187 4045 5259 δυσμε-

2456 5283 2605 5345 νείας
2632 5282 2950 5354 δυνάμενον.
2979 5280 3144 5352 Λόγῳ
3175 5282 3274 5353 μὲν
3294 5289 3317 5319 ι’
3340 5279 3653 5344 δεσποτείας
3670 5278 3910 5334 ἅπαντα
3933 5280 4038 5335 σά.

834 5469 887 5504 ⁸⁸
925 5468 1058 5523 Luc.
1096 5484 1134 5533 l,
1166 5467 1255 5521 5|.
1287 5463 1511 5520 "Joan.
1535 5481 1587 5526 ι.
1608 5467 1697 5521 '57.
1731 5466 1776 5497 ’τ
1800 5464 1958 5520 Joan.
1993 5484 2087 5527 vn.
2113 5465 2392 5533 20;.Ioan.
2418 5480 2530 5531 vni,

2339 5481 2392 5520 η.
2418 5480 2536 5531 vni,
2568 5466 2658 5529 48,
2680 5464 2772 5519 52.
2824 5464 2870 5497 "
2908 5463 3097 5517 Matth.
3132 5478 3209 5526 ιι,
3238 5462 3341 5527 i9;
3378 5462 3513 5517 Luc.
3536 5459 3741 5533 ulla.
3792 5460 3842 5493 ⁹⁹
3864 5457 4035 5533 Mare.

768 5555 845 5608 vt,
871 5541 926 5595 5.
1002 5540 1018 5571 ¹
1062 5535 1166 5593 lsa.
1204 5552 1293 5611 Ix,
1319 5537 1372 5590 6.
1454 5535 1653 5594 'Deut.
1692 5550 1866 5604 mut,
1905 5537 1997 5591 2t.
2073 5538 2092 5569 ³
2126 5536 2367 5600 Rom..v,
2408 5536 2460 5589 i.
2535 5538 2557 5567 δ
2586 5535 2746 5592 Deut.
2784 5549 2867 5604 vt,
2906 5536 3012 5604 13;
3040 5533 3235 5589 Matth.
3277 5549 3352 5601 tv,
3380 5534 3469 5590 10.

3556 5533 3578 5565 ⁸
3604 5530 3808 5603 Ephes.
3839 5545 3902 5597 tt,
3948 5529 4037 5585 η.

2073 5652 2309 5710 ῩΑΒΙΑΞ
2343 5650 2749 5710 LECTIONES.

837 5751 864 5792 tt
895 5746 955 5796 .i.
994 5744 1083 5799 τσ.
1113 5743 1265 5813 φασί.
1346 5752 1366 5780 τ
1395 5744 1455 5796 λ.
1490 5744 1575 5797 ἴσ.
1609 5744 1738 5814 γάρ.
