4294 6438
250 378 393 441 2221

1367 372 1900 435 CUMMENTARII
1955 367 2027 429 ιλ
2072 371 2269 429 13AM
2282 373 2355 429 λι.

3377 360 3522 433 2222

250 494 470 545 Γένοιτο
495 491 551 544 δὲ
588 490 675 543 διὰ
710 488 951 559 Χριστοῦ
984 488 1080 541 οιαὶ
1124 487 1501 558 λυτρωθέντας
1550 490 1693 558 ἡμᾶς
1748 492 1843 559 τῆς

1948 485 2166 539 [tinam
2206 503 2331 538 \‘cl‘tt
2366 494 2418 537 ct
2458 502 2554 535 nos
2589 500 2681 552 per
2716 483 2996 534 Christum
3039 498 3066 533 ιι
3110 484 3314 549 peccati
3356 501 3520 535 mem:

246 587 310 636 ἐν
346 583 643 653 ἁμαρτίαις
686 580 1054 649 νεκρώσεως.
1078 579 1358 631 οἱκείωσιν
1393 580 1542 645 ἔχειν
1573 582 1673 647 τὴν
1720 580 1839 648 σὴν,

246 676 342 727 ὅτε
388 674 484 726 καὶ
506 672 666 726 τίνων
703 670 1051 741 ἐρῤύσθημεν
1086 670 1309 731 εἰδότες,
1350 669 1545 723 ἄλλον
1597 673 1707 722 οὐκ
1753 671 1841 723 ἔτι

243 766 621 834 γνωσόμεθα.
645 764 709 815 Οι
734 763 790 815 δὲ
816 765 837 792 ³
860 765 927 832 τῇ
958 761 1216 832 στερήσει
1236 760 1334 829 τῆς
1354 758 1597 827 ζωτικῆς
1611 760 1843 813 612mm-

244 858 450 923 mirnq
499 854 884 924 ἐμμείναντες,
928 853 1023 905 καὶ
1070 854 1466 919 νεκρωθέντες
1518 851 1715 905 διάτὰι
1766 851 1842 922 τῷ

244 948 391 1013 Θεῷ,
410 945 871 1017 μὲνουσινοῦτως,
889 945 989 997 οὐκ
1006 944 1220 1014 ἔχοντες
1234 944 1423 1007 ίασιν,
1442 945 1628 1014 μηδενὶ
1644 943 1749 995 τῶν
1765 944 1839 996 ἱᾶ-

246 1038 378 1092 σθαι
401 1036 719 1106 δυναμένων
741 1034 1132 1105 πνευματικῶν
1149 1032 1486 1087 διδασκάλων
1507 1032 1839 1103 πειθόμενοι.

247 1130 345 1181 Διὸ
378 1128 703 1199 φειδόμενος
742 1126 947 1191 αὐτῶν,
972 1124 1307 1179 ἀπολέσθαι
1358 1126 1713 1192 πεποίηκας,
1767 1124 1842 1194 μὴ

243 1220 550 1291 παριδὼνιι
600 1221 659 1271 ἐν
708 1219 878 1288 κακίᾳ
946 1217 1137 1287 χρόνον
1168 1215 1427 1285 ὲπιζῆσαι
1481 1216 1839 1286 μακρότερον,

242 1313 321 1375 ὡς
361 1313 428 1365 ἂν
454 1312 531 1383 μὴ
566 1311 784 1383 χείρους
813 1304 947 1362 ὦσιν
977 1311 1036 1362 ὲν
1058 1312 1171 1371 τοῖς
1199 1311 1297 1377 τῆς
1322 1308 1599 1378 ἁμαρτίας
1644 1309 1839 1377 γεννήο

245 1420 441 1475 μασιν,
481 1404 557 1466 ὡς
605 1404 700 1456 ἐπὶ
731 1403 828 1455 τοῦ
876 1399 1265 1470 κατακλυσμοῦ
1315 1400 1385 1453 τά
1436 1405 1518 1469 ρκ’
1548 1399 1841 1469 συνέτεμεν

241 1496 367 1567 ἐτη,
396 1496 488 1549 καὶ
509 1495 577 1547 τά
602 1502 653 1546 o'
684 1494 751 1547 τὰ
779 1493 865 1545 διὰ
892 1490 986 1545 τοῦ
1026 1492 1291 1560 παρόντος
1322 1489 1589 1561 εἰρημένα
1627 1491 1843 1561 προφή.

240 1605 364 1650 του,
406 1585 714 1656 συμφώνως
744 1580 828 1647 οἷς
875 1586 903 1637 ὁ
958 1583 1042 1646 νζ¹
1079 1583 1227 1650 λέγει
1279 1581 1513 1652 ψαλμός·
1557 1600 1575 1633 ι
1612 1582 1840 1652 ’Ἄνδρες

241 1680 499 1747 αἱμάτων
514 1676 609 1729 καὶ
634 1674 801 1727 δόλιοι
820 1675 882 1726 οὐ
916 1674 990 1743 μὴ
1021 1672 1386 1744 ἠμισεύσουσι
1417 1672 1515 1734 τὰς
1537 1672 1774 1742 ἡμέρας.
1815 1690 1833 1722 ι

242 1773 359 1824 Καὶ
380 1770 545 1823 πάλιν
567 1785 583 1801 ’
620 1787 637 1819 ι
684 1767 778 1835 Μὴ
798 1767 1084 1836 ἀναγάγῃς
1115 1783 1181 1835 με
1216 1768 1275 1818 ἐν
1314 1764 1502 1834 ἡμίσει
1537 1763 1779 1833 ἡμερῶν.
1814 1783 1833 1814 ι

1952 578 2213 647 tedetupti
2264 577 2541 630 consortio
2592 584 2685 628 tuo
2734 577 3024 643 potiantur,
3058 574 3147 641 qui
3181 574 3367 637 etiam,
3404 592 3524 643 qm—

1953 673 2183 723 linsnatn
2215 670 2425 723 liberati
2479 683 2671 720 sumus
2720 667 2941 718 minime
2990 666 3326 735 ignorantes,
3356 669 3523 718 alium

1951 760 2184 829 amplius
2216 777 2319 813 non
2368 774 2550 813 sumus
2588 758 2840 828 agnituri.
2894 758 2996 822 Qui
3045 758 3189 810 enim
3240 759 3293 812 in
3343 758 3524 828 priva-

1952 854 2097 904 tione
2124 852 2302 905 vitalis
2326 852 2557 920 justitia:
2604 853 2989 911 immorantur,
3038 850 3254 919 Deoque
3305 860 3525 920 propter

1950 953 2172 1013 peccata
2202 946 2398 998 mortui
2425 956 2570 1007 sunt,
2607 946 2683 998 ita
2707 944 2786 997 illi
2820 944 2943 997 ideo
2974 953 3195 997 manent
3231 944 3521 1013 deplorati,

1949 1036 2095 1103 quod
2129 1037 2297 1091 nullis
2327 1036 2704 1104 spiritualihus
2764 1036 3004 1098 medicis,
3054 1034 3257 1101 quibus
3293 1035 3525 1095 sanandi

1952 1125 2189 1182 facultas
2244 1127 2457 1190 fueral,
2518 1126 2957 1201 obtemperantes
3009 1142 3128 1181 esse
3186 1126 3521 1179 voluerunt:

1951 1219 2185 1290 indeque
2212 1230 2317 1283 est,
2342 1220 2487 1289 quod
2515 1234 2746 1287 parcens
2777 1218 2880 1278 cis,
2902 1219 3071 1284 perire
3102 1218 3278 1286 fecisti
3318 1219 3522 1281 intulit,

1949 1312 2044 1380 qui
2074 1320 2285 1380 tempus
2330 1311 2397 1365 ad
2452 1311 2679 1364 sceleris
2732 1309 3215 1379 atiipliticalionem
3250 1325 3357 1362 non
3394 1324 3523 1377 pro-

1950 1405 2180 1469 duxisti,
2206 1421 2272 1458 ne
2288 1405 2337 1458 ei
2365 1415 2420 1458 et
2449 1405 2551 1472 ipsi
2577 1402 2880 1456 deteriores
2911 1400 3261 1456 cumulaudis
3288 1404 3527 1471 peccatis

1949 1498 2247 1553 evaderent
2283 1516 2295 1550 :
2334 1506 2388 1549 ut
2445 1511 2570 1549 cum
2627 1495 2679 1547 in
2710 1495 2917 1547 diluvio
2956 1494 3059 1547 120
3088 1510 3283 1556 annos,
3317 1505 3369 1547 et
3404 1494 3527 1548 illos

1950 1590 2148 1643 deinde
2198 1588 2286 1651 το,
2348 1585 2510 1655 cujus
2571 1594 2760 1639 noster
2797 1585 2883 1637 hic
2919 1588 3182 1653 propheta
3241 1584 3524 1643 meminit.

1949 1678 2437 1744 contraxit;juxta
2464 1677 2606 1747 quod
2640 1676 2849 1745 psalmo
2895 1690 3037 1737 I.\'ll,
3085 1674 3138 1728 in
3193 1675 3307 1729 lucc
3363 1678 3525 1732 verba

1952 1771 2188 1838 legitur:
2226 1787 2243 1820 ι
2284 1767 2395 1822 Viri
2444 1768 2773 1838 sanguinum
2814 1777 2867 1820 et
2898 1766 3095 1828 dolosi,
3133 1782 3242 1821 non
3272 1768 3527 1823 dimidia-

242 1862 407 1924 Τινὲς
431 1862 488 1914 δέ
526 1876 660 1929 φασι
689 1857 953 1913 δύνασθαι
992 1859 1133 1910 νοεῖν
1162 1855 1417 1923 νεκροὺς
1447 1856 1542 1907 καὶ
1572 1853 1665 1917 οὒς
1690 1856 1843 1924 inre:-

1951 1864 2079 1915 bnut
2103 1862 2221 1915 dies
2250 1876 2382 1916 suos
2411 1860 2452 1913 ‘.
2517 1880 2534 1912 ι
2572 1861 2637 1913 Iit
2670 1876 2888 1913 rursum
2920 1878 2932 1912 :
2986 1876 3004 1907 ι
3044 1857 3123 1913 Ne
3178 1875 3404 1915 revoces
3440 1878 3527 1914 me

244 1972 339 2023 ρεν
370 1956 399 2006 ὁ
430 1950 689 2022 Χριστος,
750 1950 826 2014 ὡς
864 1950 956 2002 τὸν
987 1950 1238 2018 Λάζαρον
1265 1964 1276 1976 ·
1305 1946 1395 2010 οὓς
1418 1946 1519 2000 οὐκ
1544 1946 1609 1999 ἂν
1652 1947 1836 2017 ἕτερος

238 2046 590 2111 ἀνέστησεν
622 2043 839 2110 ἱατρός.
874 2042 1053 2106 Ὅπερ
1113 2041 1221 2092 ἔδει
1253 2038 1561 2091 σκοποῦντα
1622 2038 1709 2089 τὸν
1738 2037 1839 2089 Ἰσ-

243 2135 407 2207 ραὴλ,
428 2135 564 2187 Θεὸν
587 2132 925 2203 ὁμολογῆσαι
951 2132 993 2184 Χ
1008 2131 1213 2200 ριστὸν.
1230 2128 1400 2183 Τοῦτο
1415 2129 1471 2180 δὲ
1489 2128 1565 2198 μὴ
1582 2128 1835 2197 ποιήσας,

237 2228 541 2284 ἀπώλετο.
560 2226 706 2295 Πλὴν
723 2225 825 2279 οὐκ
836 2225 1024 2294 ἄρδην.
1049 2223 1327 2278 Σέσωσται
1340 2220 1449 2288 γὰρ
1462 2220 1522 2273 τὸ
1538 2220 1837 2290 κατάλειμ-

243 2336 345 2389 μα.
363 2318 477 2370 Πᾶν
505 2317 561 2370 δὲ
596 2316 787 2385 ἄρσεν
825 2313 1005 2367 αὐτῶν
1031 2313 1172 2375 ἐστι,
1203 2311 1265 2363 τὸ
1304 2312 1605 2380 ἡγούμενον
1626 2310 1832 2379 τάγμα.

238 2411 317 2464 Τὸ
338 2410 449 2480 γὰρ
464 2409 647 2477 ἇρῤεν
660 2410 877 2478 ἡγεῖται
892 2404 985 2459 τοῦ
1010 2404 1236 2476 θήλεως.
1260 2405 1441 2466 Είποις
1453 2404 1497 2455 δ’
1515 2403 1579 2455 ἂν
1602 2404 1696 2455 καὶ
1711 2403 1835 2465 τοὺς

238 2505 300 2556 ὲν
332 2502 549 2555 συνέσει
568 2504 633 2570 τῇ
652 2500 747 2552 τοῦ
766 2500 931 2569 νόμου
946 2500 1228 2558 νεανικοὺς
1244 2500 1383 2550 κατὰ
1404 2496 1467 2548 τὸ
1498 2493 1836 2564 προφητικὸν

237 2598 333 2649 τό·
370 2593 723 2665 ιῐορεύσομαι
754 2592 891 2662 πρὸς
915 2592 1045 2654 τοὺς
1086 2590 1306 2659 ἁδροὺς,
1333 2590 1426 2641 καὶ
1454 2588 1673 2657 λαλήσω
1700 2588 1834 2658 πρὸς

244 2686 472 2748 αἰτούς.
520 2685 633 2738 Καὶ
706 2685 817 2736 ἰδοὺ
873 2680 1221 2752 ὁμοθυμαδὸν
1266 2678 1597 2748 συνέτριψαν
1648 2678 1833 2744 ζυγὲν,

236 2776 539 2847 διέρῤηξαν
569 2775 825 2843 δεσμούς.
872 2772 1131 2825 Τοιοῦτον
1165 2772 1260 2824 καὶ
1311 2771 1371 2823 τό
1403 2788 1415 2801 ·
1459 2790 1477 2822 ι
1511 2770 1647 2822 Οὐαὶ
1678 2770 1828 2840 ὑμῖν,

240 2869 603 2939 Γραμματεῖς
636 2867 732 2919 καὶ
790 2866 1077 2934 Φαρισαῖοι
1131 2862 1472 2933 ὑποκριταί·
1508 2880 1526 2912 ι
1580 2855 1660 2922 οἷς
1691 2862 1835 2912 αἰτεῖ

239 2958 658 3029 προστεθῆναι
722 2956 906 3013 κακά.
942 2956 1016 3010 Οὐ
1050 2956 1211 3025 μόνον
1238 2954 1351 3024 γὰρ
1379 2954 1480 3023 τῆς
1512 2953 1648 3025 πρὸς
1701 2953 1833 3005 Θεὸν

236 3054 505 3117 ἐξέπεσον
536 3053 889 3120 οἰκειότητος,
923 3049 990 3102 δι’
1023 3042 1097 3101 ὧν
1120 3049 1199 3110 είς
1239 3047 1402 3101 αὐτὸν
1436 3046 1826 3116 ὲπαρῲνησαν,

1946 1953 2000 2005 iu
2050 1952 2281 2005 dimidio
2334 1951 2544 2006 dierum
2594 1951 2909 2003 meorum".
2960 1968 2979 2001 ι
3019 1951 3185 2003 Aiunt
3226 1966 3354 2003 vero
3386 1968 3524 2004 non-

1947 2045 2074 2098 nulli
2106 2059 2203 2099 eos
2233 2044 2400 2099 etiam
2433 2043 2519 2096 hic
2548 2056 2713 2112 posse
2754 2051 2992 2097 mortuos
3035 2043 3287 2111 intelligi,
3320 2044 3435 2113 qui.
3469 2054 3526 2097 ut

1944 2134 2209 2197 Lazarus,
2245 2143 2434 2189 essent
2462 2149 2491 2187 a
2520 2134 2741 2188 Christo
2781 2134 2835 2186 in
2872 2149 3037 2186 Vllillll
3076 2137 3351 2200 revocati;
3384 2150 3524 2204 quos

1943 2228 2071 2296 quia
2137 2227 2323 2281 nullus
2368 2227 2632 2279 suscitare
2685 2226 2916 2279 medicus
2982 2227 3289 2295 potuisset,
3356 2228 3421 2280 ad
3473 2226 3525 2281 id

1946 2317 2198 2373 lsraelcm
2227 2318 2530 2379 advertere.
2556 2328 2610 2372 ct
2638 2317 2917 2371 (Lln-istum
2951 2318 3202 2372 conliteri
3231 2319 3487 2374 debuisse
3508 2358 3523 2381 ,

1942 2412 2088 2478 quod
2115 2426 2237 2465 cum
2269 2409 2448 2464 facere
2470 2410 2762 2470 noluisset,
2785 2412 2973 2478 νειμ-ιε
3000 2411 3246 2478 exceptis
3274 2414 3527 2481 (serrane

1942 2501 2089 2556 enim
2139 2501 2384 2570 reliquid:
2417 2500 2687 2571 aliqum“)
2749 2501 2926 2571 ipsum
2988 2503 3228 2569 periisse.
3296 2501 3527 2557 Masculi

1944 2607 2112 2664 p0rro
2145 2594 2386 2657 nomine,
2417 2593 2695 2661 principes
2736 2602 2792 2647 et
2836 2592 3006 2647 duces
3057 2593 3180 2647 ideo
3230 2594 3523 2655 intellexit,

1940 2685 2085 2755 quod
2128 2683 2344 2738 femina:
2376 2682 2571 2738 debeat
2595 2684 2866 2737 masculus
2895 2685 3127 2739 anteire.
3157 2685 3317 2740 Dicas
3344 2696 3394 2739 ct
3429 2689 3527 2741 hos

1942 2778 2131 2838 ctiam,
2170 2775 2263 2845 qui
2300 2776 2556 2841 consilio,
2589 2785 2645 2829 et
2678 2776 2813 2845 legis
2847 2778 3225 2847 intelligentia,
3264 2790 3524 2850 tanquam

1936 2864 2167 2933 juvenes
2200 2866 2397 2919 robore
2438 2864 2727 2934 pollerent,
2758 2864 2919 2933 juxta
2963 2867 3344 2936 propheticum
3394 2870 3526 2922 illud

1940 2955 2239 3025 significari
2281 2954 2495 3025 :329
2545 2953 2749 3009 Vadam
2802 2957 2868 3009 ad
2924 2958 3217 3026 primores,
3254 2969 3307 3013 et
3339 2961 3522 3015 dicant
3606 3004 3610 3008 .

1938 3048 2019 3103 eis
2052 3066 2065 3100 :
2105 3047 2174 3101 Et
2210 3062 2339 3102 ecce
2376 3048 2711 3102 unanimiter
2741 3049 3123 3103 contriveruut
3149 3051 3364 3120 juguui,
3393 3070 3528 3106 con-

235 3143 382 3195 ἀλλᾶ
430 3143 525 3194 καὶ
568 3143 690 3203 ταῖς
738 3143 802 3193 ὲκ
835 3139 947 3191 τῶν
998 3137 1280 3207 πολεμίων
1329 3135 1613 3189 ἀπώλοντο
1671 3151 1814 3205 συμ-

1940 3136 2217 3207 fregerunt
2240 3137 2459 3192 vincula
2481 3138 2524 3191 '.
2560 3156 2579 3188 ι
2612 3135 2744 3192 Tale
2767 3148 2853 3193 est
2876 3146 2928 3193 et
2957 3139 3089 3193 illud
3128 3158 3139 3191 :
3171 3159 3189 3192 ι
3224 3142 3314 3195 V.e
3342 3146 3522 3207 vobis,

240 3235 466 3302 φοραῖς.
514 3231 654 3293 Τοὺς
707 3231 765 3282 δὲ
792 3229 1049 3296 ἇρῤενας
1081 3226 1364 3295 ῥηθέντας,
1414 3225 1508 3277 καὶ
1536 3223 1830 3289 ἐνδόξους

238 3325 529 3386 ἐκάλεσεν,
552 3322 625 3387 ὡς
640 3323 749 3374 τῶν
772 3320 977 3373 λοιπῶν
1001 3320 1395 3389 ὑπερέχοντας,
1418 3315 1608 3385 ὥσπερ
1637 3310 1837 3369 οὖνκαὶ

238 3417 423 3477 κακὰ,
442 3415 512 3468 τά
535 3414 839 3468 κακωτικά.
859 3413 945 3475 Ὦς
961 3412 1042 3476 τὸ,
1076 3429 1093 3462 ι
1125 3412 1183 3463 Ὀ
1206 3410 1406 3474 κτίζων
1423 3410 1589 3463 κακά.
1604 3409 1743 3462 »Καὶ
1758 3408 1835 3470 τὸ,

244 3530 267 3563 ι
299 3511 417 3563 υύκ
435 3509 551 3563 ἐστι
572 3508 744 3563 κακία
763 3510 824 3560 ἐν
860 3507 1035 3571 πόλει,
1061 3506 1129 3575 ἢν
1152 3504 1356 3575 Κύριος
1375 3504 1478 3555 οὐκ
1502 3504 1781 3571 ἐποίησεν.
1814 3522 1831 3552 ι

1944 3228 2150 3284 Scriba!
2176 3242 2230 3283 et
2285 3229 2550 3284 Phariami
2598 3230 2684 3292 '°,
2726 3247 2744 3280 ι
2778 3238 2887 3285 etc.
2954 3230 3157 3286 Deinde
3204 3234 3349 3287 mala
3398 3236 3525 3289 addi

1944 3319 2220 3388 postulat:
2250 3334 2357 3372 non
2390 3318 2565 3373 solum
2592 3320 2738 3373 enim
2771 3318 2864 3374 Dei
2885 3319 3280 3389 familiaritate,
3308 3340 3529 3396 propter

1944 3412 2337 3466 Contumeliam
2374 3426 2538 3480 quam
2582 3412 2686 3479 ipsi
2722 3412 3047 3479 intulerunt,
3070 3417 3531 3482 exciderunt,scd

1946 3505 2114 3558 variis
2144 3503 2309 3557 etiam
2360 3502 2601 3559 hostium
2647 3502 2867 3572 injuriis
2906 3507 3145 3573 graviter
3184 3508 3368 3561 alllieti
3402 3524 3527 3579 per-

239 3607 451 3662 ierunt.
509 3604 781 3659 Masculus
826 3617 1071 3667 rursum,
1129 3600 1279 3670 quod
1329 3599 1585 3669 superius
1629 3598 1788 3663 dixit,
1830 3598 2050 3655 eosdem
2125 3616 2248 3656 esse
2311 3600 2597 3671 gloriosos,
2646 3602 2906 3670 tauquam
2966 3602 3194 3672 reliquis
3276 3606 3525 3675 superio-

238 3720 336 3759 res
372 3721 386 3757 :
418 3712 477 3757 ut
509 3702 653 3755 mala
675 3700 866 3763 etiam,
902 3714 1024 3769 qum
1056 3694 1323 3752 inferendi
1360 3694 1489 3749 mali
1548 3694 1865 3749 facultatem
1908 3695 2168 3761 habeant,
2242 3697 2478 3765 appellat
2508 3714 2523 3762 ;
2553 3696 2713 3763 cujus
2751 3697 2968 3765 generis
3015 3706 3099 3750 cst
3143 3697 3317 3752 illud:
3365 3718 3383 3750 ι
3422 3702 3525 3767 Qui

236 3797 455 3853 creavit
497 3795 643 3848 mala
693 3794 758 3845 “.
800 3810 819 3843 ι
852 3792 920 3845 Et
959 3790 1093 3845 illud
1132 3808 1146 3844 :
1185 3808 1203 3840 ι
1244 3787 1365 3843 Νοιι
1399 3796 1484 3843 est
1532 3789 1736 3842 malum
1778 3787 1833 3840 in
1877 3787 2118 3851 civitate,
2146 3789 2291 3859 quod
2320 3804 2431 3844 non
2475 3787 2667 3845 fecerit
2704 3790 2970 3846 Dominus
3008 3792 3074 3845 ¹².
3111 3809 3129 3842 ι

308 3887 492 3955 ις-ιθ’.
530 3887 729 3953 Κύριε,
749 3884 819 3937 ἐν
835 3883 1039 3950 θλίψει
1062 3879 1453 3950 ἐμνήσθημέν
1467 3896 1607 3934 σου’
1627 3880 1698 3933 ἐν
1713 3880 1841 3933 θλι-

236 3988 348 4053 ψει
370 3976 555 4050 μικρᾷ
578 3979 618 4045 ή
636 3974 881 4030 παιδεία
914 3990 1031 4028 σου
1055 3972 1221 4041 ἡμῖν.
1243 3971 1350 4026 Kal
1374 3971 1518 4026 ὡσεὶ
1537 3970 1841 4024 ὠδίνουσα

236 4070 460 4142 ἐγγίζει
477 4069 586 4123 τοῦ
602 4065 825 4129 τεκεῖν,
860 4062 1079 4118 καὶέπὶ
1106 4060 1181 4131 τῇ
1210 4062 1375 4115 ὠδῖνι
1391 4059 1581 4127 αὐτῆς
1593 4060 1839 4129 ἐκέκρα-

241 4168 379 4232 ξεν,
404 4163 597 4227 οὕτως
633 4156 1001 4227 ἐγενήθημεν
1021 4154 1103 4220 τῷ
1139 4151 1425 4223 ἀγαπητῷ
1449 4170 1590 4217 σου,
1621 4170 1676 4206 κ.
1706 4169 1755 4205 τ.
1786 4152 1836 4204 λ.

331 4254 554 4310 Ὠσανεὶ
584 4250 869 4319 παροῦσαν
893 4250 994 4317 τὴν
1021 4246 1255 4301 καθόλου
1278 4244 1461 4315 κρίσιν
1486 4246 1516 4297 ὁ
1545 4246 1837 4316 προφήτης

241 4351 416 4424 ὀρῶν,
455 4347 551 4401 καὶ
598 4344 679 4415 τῷ
708 4343 804 4397 τοῦ
835 4341 975 4395 Θεοῦ
1010 4338 1425 4411 παριστάμενος
1460 4337 1685 4408 βήματι,
1712 4336 1845 4390 ποτὲ

246 4444 352 4513 μὲν
390 4438 823 4509 ἐξομολογεῖται,
847 4434 979 4487 ποτὲ
1020 4432 1078 4484 δὲ
1135 4430 1396 4492 ἱκετεύει,
1428 4430 1561 4482 ποτὲ
1596 4429 1652 4483 δὲ
1681 4431 1844 4499 εὐχα-

243 4533 448 4605 ριστεῖ.
485 4530 596 4583 Καὶ
631 4526 764 4580 ποτὲ
824 4525 930 4595 μὲν
973 4521 1271 4589 καταλέγει
1303 4520 1403 4584 τὰς
1450 4522 1516 4575 ἐκ
1559 4520 1698 4574 Θεοῦ
1731 4522 1844 4582 τοῖς

239 4625 481 4692 ἀγαθοῖς
514 4618 771 4690 ἀμοιϐάς,
804 4619 941 4672 ποτέ
964 4614 1142 4676 δὲτὰς
1168 4614 1289 4666 κατ’
1324 4612 1508 4666 αὐτῶν
1553 4613 1844 4679 καταλέγει

2021 3881 2186 3938 Vens.
2208 3882 2394 3936 lli-i9.
2420 3880 2662 3947 Domine,
2685 3883 2737 3935 in
2762 3884 3042 3952 afﬂictione
3058 3885 3322 3941 recordati
3345 3904 3527 3943 sumus

1945 3980 2064 4031 tui:
2109 3980 2165 4031 in
2196 3978 2544 4032 tribulatione
2588 3996 2753 4047 parva
2806 3978 3057 4033 doctrina
3109 3989 3201 4034 tua
3250 3985 3422 4064 nobis‘
3457 3984 3528 4037 Et

1944 4070 2083 4123 sicut
2119 4072 2422 4139 parturiens
2468 4073 2855 4139 appropinquat
2888 4071 2958 4123 ad
2995 4082 3231 4139 partum,
3266 4082 3315 4126 et
3338 4075 3394 4127 in
3424 4076 3524 4128 do-

1947 4160 2058 4215 lore
2095 4177 2193 4215 suo
2226 4164 2450 4228 clamat,
2494 4164 2571 4217 sic
2620 4163 2754 4231 facti
2800 4178 2985 4218 sumus
3034 4164 3228 4227 dilecto
3272 4176 3384 4231 tuo,
3416 4176 3522 4222 etc.

2017 4251 2137 4307 Non
2178 4254 2336 4309 aliter
2361 4270 2525 4324 quam
2579 4255 2624 4310 si
2680 4270 2922 4325 presens
2957 4253 3228 4323 judicium
3278 4260 3526 4315 omnimn

1943 4346 2222 4402 intueatur
2266 4349 2555 4417 propheta,
2589 4359 2807 4418 stetque
2848 4356 2977 4403 ante
3007 4349 3184 4419 ipsum
3221 4348 3313 4405 Dei
3350 4352 3527 4405 tribu-

1944 4438 2054 4505 nal,
2086 4438 2382 4508 aliquando
2405 4439 2628 4510 quidem
2659 4441 3032 4507 confessione,
3070 4443 3366 4512 aliquando
3391 4459 3526 4498 vero

1946 4528 2224 4597 precibus,
2250 4530 2546 4602 aliquando
2573 4531 2737 4586 etiam
2760 4533 3060 4601 gratiarum
3084 4535 3303 4590 actione
3328 4536 3524 4591 utitur.

1946 4621 2057 4675 lmo
2085 4635 2217 4677 vero
2248 4623 2581 4692 quandoque
2610 4624 2810 4678 collata
2844 4625 2897 4677 in
2929 4624 3106 4680 bonos
3146 4641 3176 4679 a
3222 4626 3330 4682 Deo
3354 4628 3524 4683 bene-

238 4714 548 4785 τιμωρίας,
586 4714 769 4763 πάντα
825 4707 1124 4761 παιδεύων
1188 4706 1337 4776 ἡμᾶς
1389 4703 1533 4775 άπερ
1576 4705 1738 4767 αὐτὸς
1777 4706 1841 4757 ὲκ

1949 4712 2091 4777 ficia,
2126 4713 2457 4783 quandoque
2502 4714 2669 4768 etiam
2704 4718 2974 4770 malorum
3014 4732 3205 4786 pcenas
3238 4730 3523 4781 recenset;

239 4811 341 4865 τοῦ
378 4808 699 4877 Πνεύματος
732 4803 1103 4859 ἐπαιδεύετο.
1159 4804 1328 4872 Φησὶν
1357 4798 1449 4855 οὖν
1489 4802 1565 4865 ὡς
1593 4803 1682 4855 ὅτε
1718 4819 1841 4853 και-

216 4886 342 4977 pb;
364 4905 454 4976 ἦν,
485 4906 586 4973 τὴν
621 4903 817 4971 στενὴν
861 4901 954 4954 καὶ
986 4899 1358 4969 τεθλιμμένην
1408 4899 1548 4967 ὑπὲρ
1593 4896 1703 4951 τῶν
1742 4896 1843 4965 τῆς

241 5000 537 5061 εὐσεϐείας
582 4995 810 5065 ἀγώνων
864 4993 1159 5056 ὁδεύοντες,
1213 4991 1318 5044 ὑπὸ
1348 4990 1447 5059 τῆς
1498 4991 1597 5059 σῆς
1655 4989 1839 5043 ὲδυναυ

246 5092 507 5165 μούμεθα
555 5090 824 5160 μνήμης,
848 5087 925 5151 ὥς
945 5105 1006 5140 τε
1040 5085 1244 5153 λέγειν.
1282 5085 1616 5155 Θλιόόμενοι,
1638 5084 1750 5137 ἀλλ’
1775 5084 1835 5136 οὐ

246 5182 774 5255 στενοῄωρούμενοι.
804 5181 1160 5249 Διωκόμενοι,
1189 5177 1302 5231 ἀλλ’
1324 5177 1424 5231 οὐκ
1445 5176 1838 5246 ἐγκαταλειπό-

245 5293 428 5349 μενοι.
456 5270 957 5342 Καταϐαλλόμενοι,
980 5270 1094 5324 ἀλλ’
1113 5271 1216 5324 οὐκ
1238 5267 1440 5322 ἀπολλύ
1451 5285 1622 5338 μενοι.
1642 5266 1839 5322 Ἐπαί-

242 5368 434 5422 ΰευεν
478 5363 587 5437 γὰρ
634 5363 784 5434 ἡμᾶς
836 5361 875 5429 ἡ
928 5360 1155 5429 θλίψις,
1186 5358 1394 5422 εἰδότας
1428 5359 1510 5412 ὅτι
1553 5359 1612 5411 ὃν
1651 5357 1842 5428 ἀγαπᾷ

320 5543 345 5575 ⁸
378 5540 527 5596 Psal.
564 5553 672 5603 Liv,
715 5536 807 5591 Ἃ.

254 5607 298 5637 ¹¹
334 5612 437 5667 lsa.
478 5626 602 5676 ην,
644 5610 697 5663 ’1.
774 5610 819 5640 ¹³
858 5607 1025 5662 Amos
1068 5621 1127 5661 ιιι
1159 5647 1175 5672 ,
1204 5606 1259 5660 6.

917 5538 936 5568 '
971 5534 1114 5590 Psal.
1171 5546 1222 5588 Cl
1250 5576 1265 5599 ,
1298 5534 1391 5589 25.
1421 5535 1443 5566 ⁸
1477 5534 1582 5591 lsa.
1635 5550 1690 5601 ι,
1744 5534 1852 5603 22;
1886 5535 2042 5590 Rom.
2082 5550 2157 5598 Ix,
2194 5535 2284 5589 ‘27.

1948 4811 2007 4857 ut
2051 4818 2154 4860 nos
2189 4804 2299 4859 illis
2329 4805 2609 4869 omnibus,
2659 4806 2805 4861 sicut
2834 4807 2985 4875 prius
3020 4823 3050 4861 ιι
3082 4806 3288 4876 Spiritu
3347 4807 3527 4863 fuerat

1943 4895 2179 4960 edoctus,
2213 4896 2443 4951 erudiat.
2474 4896 2640 4967 330
2687 4896 2777 4951 Sic
2822 4898 2990 4968 igitur
3028 4900 3315 4965 loquentes
3362 4900 3528 4954 indu-

1943 4988 2020 5040 cit
2047 5004 2062 5041 :
2093 4988 2228 5043 Cum
2268 5003 2389 5043 sese
2419 4989 2740 5044 obtulerunt
2770 4998 3038 5058 tempora,
3070 4990 3211 5043 viam
3235 5001 3523 5059 angustam

1945 5088 2000 5134 et
2041 5081 2224 5134 tritam
2267 5096 2365 5150 pro
2400 5081 2681 5153 religionis
2722 5082 3122 5137 certaminibus
3173 5083 3527 5137 ambulante;

1946 5180 2160 5227 tantum
2195 5174 2272 5227 tui
2299 5174 2667 5227 recordatione
2712 5173 3011 5243 potuimus.
3056 5183 3116 5228 ut
3162 5189 3265 5229 nos
3295 5173 3527 5228 aﬂlietcs

1947 5264 2166 5334 quidem
2200 5264 2394 5329 fuisse,
2426 5264 2519 5320 sed
2567 5276 2676 5321 non
2728 5279 3060 5336 oppressos;
3115 5266 3526 5337 persecutione-3

1948 5371 2165 5427 passos,
2201 5358 2296 5413 sed
2326 5372 2433 5413 non
2484 5356 2816 5421 derelictos;
2861 5356 3126 5429 dejectos,
3158 5358 3250 5413 sed
3298 5372 3404 5411 non
3444 5357 3528 5409 in.

2385 5538 2405 5570 '
2433 5534 2638 5593 Jerem.
2680 5552 2733 5602 ν,
2772 5537 2825 5592 5.
2931 5535 2973 5568 ¹⁶
3004 5535 3196 5593 Matth.
3228 5548 3401 5602 mn,
3434 5518 3519 5587 l3;

1532 5717 1769 5775 VARUE
1804 5719 2210 5781 LECTIONES.

320 5830 345 5863 ι
377 5820 621 5895 τσ,γάρ,
704 5820 723 5858 ί
750 5837 841 5888 γρ.
880 5819 1274 5891 ἁμαρτήματα.
1356 5829 1382 5857 ιι
1418 5816 1726 5889 παραδούς,
