4294 6438
298 339 443 404 2225

1418 335 1947 400 COMMENTARH
1988 336 2065 395 ΙΝ
2105 337 2385 394 ῘΞᾹΙᾹΜ.

3401 326 3543 388 2226

294 474 479 526 μικρᾳ
505 456 921 525 παιδευόμεθα,
960 455 1095 509 Θεοῦ
1135 455 1233 523 τὴν
1270 454 1441 526 ὀργὴν
1478 453 1875 525 συγκεραννύν-

1982 458 2115 514 tare,
2152 464 2272 518 qua:
2313 449 2477 502 rehus
2517 446 2793 516 proslieris
2821 451 2871 499 et
2908 444 2970 497 ad
3005 442 3336 496 voluntatem
3376 442 3546 495 ﬂueti-

299 565 392 608 τος
429 549 592 601 πᾶσιν
641 548 884 617 ἡμέρως.
943 547 1031 613 Ἐξ
1085 547 1308 616 ἀγάπης
1341 548 1449 616 ἄρα
1482 546 1562 605 τὸ.
1604 546 1876 611 Πρόσθες

298 636 530 701 αὐτοῖς,
562 636 689 706 ἔφη,
716 636 888 690 κακά.
910 636 1239 706 Προαιρέσει
1266 637 1374 704 γὰρ
1410 636 1645 705 ἀκάρπῳ
1659 634 1876 687 λυσιτε-

299 727 536 790 λούντως
579 729 793 797 ἀνάγκη
848 728 1236 798 προσφέρεται.
1295 726 1549 779 Τοιοῦτον
1581 729 1640 778 τό
1667 742 1679 755 ·
1718 742 1738 776 ι
1792 727 1876 776 Ἐν

300 818 469 888 κημῷ
504 819 597 871 καὶ
628 818 833 888 χαλινῷ
883 820 981 882 τὰς
1036 819 1294 885 σιαγόνας
1325 819 1502 872 αὐτῶν
1534 817 1718 885 ἇγξεις
1770 817 1877 869 τῶν

304 910 383 979 μὴ
437 908 767 977 ἐγγιζόντων
821 912 957 978 πρὸς
993 910 1070 962 σέ.
1111 929 1129 961 ι
1173 909 1315 961 Ἀλλ’
1364 910 1462 977 οὐχ
1489 910 1672 979 ἡμεῖς,
1721 908 1874 976 φησι,

303 1000 427 1051 κατ’
453 999 689 1059 ἐκείνους
721 1000 816 1052 ἐπὶ
843 999 922 1069 τῷ
951 997 1236 1068 ἀγαπητῷ
1262 1014 1377 1053 σου
1406 1000 1725 1068 διετέθημεν
1754 997 1874 1066 υἱῷ·

300 1091 457 1159 δίκην
491 1091 549 1142 δὲ
606 1092 808 1160 μᾶλλον
857 1090 1196 1158 ώδινούσης
1252 1091 1529 1157 γυναικὸς,
1568 1090 1677 1141 τῶν
1707 1087 1877 1141 ταῦτα

300 1180 628 1249 τολμώντων
686 1180 1107 1251 κατεῦοήσαμεν
1156 1180 1252 1250 τὴν
1300 1179 1480 1249 ψυχὴν
1531 1178 1875 1248 ὀδυνώμενοι.

301 1272 560 1335 Τοιοῦτος
610 1273 839 1336 Ἡσαΐας
887 1272 1061 1339 βοῶν·
1119 1291 1136 1323 ι
1185 1273 1373 1341 Ὑμεῖς
1412 1272 1467 1325 δὲ
1499 1271 1878 1339 προσαγαγετε

298 1357 428 1418 ὧδε.
459 1364 563 1415 υἱοὶ
590 1363 801 1431 ἄνομοι,
833 1364 1057 1434 σπέρμα
1110 1362 1315 1433 μοιχῶν
1366 1364 1460 1415 καὶ
1504 1362 1728 1432 πόρνης.
1793 1362 1878 1413 Ἑν

299 1454 407 1507 τίνι
439 1457 875 1526 ὲνετρυφὴσατε,
903 1458 995 1509 καὶ
1031 1458 1120 1507 ἐπὶ
1168 1456 1274 1507 τίνι
1308 1456 1558 1524 ὴνοξξατε
1611 1454 1672 1506 τὸ
1707 1458 1879 1522 στόμα

302 1546 494 1614 ὑμῶν;
536 1566 553 1597 ι
615 1548 748 1616 Περὶ
791 1543 867 1600 ὧν
902 1547 1104 1615 ἔφασκε
1141 1548 1233 1598 καὶ
1284 1546 1477 1598 Διὸίδ·
1528 1564 1546 1596 ι
1585 1545 1877 1613 Σκοτισοή-

303 1652 491 1688 σονται
532 1637 580 1687 οἱ
603 1636 868 1705 ὀφθαλμοῖ
903 1636 1083 1689 αὐτῶν
1105 1634 1197 1686 τοῦ
1229 1634 1302 1704 μὴ
1330 1633 1568 1703 βλέπειν,
1611 1652 1629 1684 ι
1662 1633 1754 1684 καὶ
1790 1633 1880 1683 τὸν

300 1724 471 1779 νῶτον
509 1727 688 1778 αὐτῶν
711 1726 799 1787 διὰ
837 1727 1039 1789 παντὸς
1085 1724 1427 1795 σύγκαμψον.
1468 1724 1623 1785 Τινὲς
1660 1723 1717 1775 δὲ
1758 1724 1882 1776 01ιύ

300 1819 416 1884 ψιν
460 1821 718 1885 μικρὰν,
770 1819 871 1889 τὴν
926 1819 1001 1889 μὴ
1048 1818 1331 1889 χωροῦσαν
1384 1818 1463 1879 εἰς
1517 1815 1653 1885 ἔργα
1715 1814 1879 1881 φασὶν

1982 1829 2159 1875 strum
2192 1818 2283 1869 "i
2320 1838 2337 1869 ι
2380 1816 2453 1871 De
2481 1818 2565 1871 his
2588 1825 2642 1871 et
2664 1817 2755 1870 illa
2782 1826 2911 1870 sunt
2944 1814 3167 1869 Davidis

300 1909 562 1978 ἀπειλήν.
594 1909 999 1979 Φιλανορώπως
1020 1910 1129 1981 γὰρ
1160 1907 1372 1962 ἀπειλεῖ
1399 1908 1552 1970 θεὸς,
1591 1904 1739 1974 φόϐῳ
1774 1905 1880 1956 τῶν

305 2000 498 2053 κακῶν
520 2002 776 2073 ἀπεῖρξαι
808 2002 1155 2071 βουλόμενος.
1210 2000 1283 2053 Οὐ
1337 2000 1485 2069 μισεῖ
1532 1997 1640 2066 γὰρ
1667 1997 1727 2049 τὸ
1753 1998 1882 2049 ἴδιον

307 2092 557 2161 πλάσμα,
588 2094 711 2146 οὐδὲ
772 2094 1090 2163 παρήγαγεν
1126 2100 1149 2138 1
1178 2091 1251 2153 ὠς
1284 2090 1349 2143 ἂν
1390 2089 1788 2158 τιμωρήσηται.
1823 2088 1882 2138 Εἰ

305 2180 418 2252 γὰρ
437 2177 506 2251 ἦν
535 2182 796 2246 τοιοῦτος,
834 2184 958 2253 ἐνῆν
992 2180 1141 2251 αὑτῷ
1166 2182 1258 2233 καὶ
1284 2180 1459 2248 σιωπῇ
1488 2177 1585 2247 τὴν
1611 2178 1882 2247 τιμωρίαν

301 2272 661 2341 ἐργάζεσθαι.
698 2273 811 2327 Νῦν
849 2273 907 2326 δὲ
934 2272 1127 2337 σώζειν
1167 2270 1365 2323 ἐθέλων
1399 2269 1741 2339 προαπειλεῖ.

1978 541 2123 595 tibus
2161 538 2502 593 ohliteratur.
2546 536 2656 590 Nos
2709 536 2853 589 enim
2896 550 3060 601 parra
3095 532 3269 585 erudit
3312 532 3544 601 aﬁlictio,

1976 631 2192 701 quoties
2231 630 2368 684 iram
2417 630 2528 684 Deo
2562 626 2986 681 mansuetudine
3021 635 3327 694 temperare
3352 625 3405 677 in
3433 639 3545 676 om-

1980 737 2077 777 nes
2124 722 2307 775 libuit.
2357 723 2453 775 Est
2498 720 2665 790 igitur
2712 717 3105 771 heuevolentia:
3143 724 3197 769 ct
3239 713 3547 773 charitatis,

1978 812 2123 881 quod
2161 814 2234 867 cis
2265 811 2409 865 mala
2429 812 2594 879 adjici
2622 808 2884 878 propheta
2914 807 3249 874 postulavit;
3283 819 3408 858 cum
3430 802 3550 855 nul-

1978 907 2085 961 lius
2120 905 2291 975 frugis
2320 904 2590 959 voluntati
2619 903 2830 958 utiliter
2860 901 2977 969 ipsa
2997 900 3077 953 vis
3112 898 3336 953 accedat
3366 912 3551 951 neces

1980 999 2178 1056 sitatis.
2216 996 2502 1052 Taleillud
2532 1005 2611 1051 est
2646 1013 2659 1047 :
2708 1014 2724 1046 ι
2760 994 2816 1047 In
2849 1008 3007 1047 camo
3031 1000 3085 1046 et
3119 991 3272 1045 freno
3302 990 3551 1043 maxillas

1978 1106 2167 1147 eorum
2200 1089 2538 1157 constringe,
2573 1088 2667 1156 qui
2697 1100 2805 1140 non
2835 1084 3223 1155 approximant
3270 1080 3337 1135 ad
3372 1090 3423 1134 te
3450 1081 3546 1132 ".r

1979 1187 2049 1237 Λι
2078 1198 2197 1247 nos,
2228 1182 2325 1246 ait,
2367 1188 2426 1233 ut
2468 1179 2566 1244 illi,
2604 1191 2951 1247 nequaquam
2988 1177 3042 1228 in
3078 1174 3332 1227 dilutum
3383 1171 3552 1225 ﬁlium

1982 1285 2133 1330 tuum
2166 1287 2360 1329 sumus
2382 1270 2593 1334 affecti;
2615 1270 2748 1341 quin
2778 1269 2961 1338 potius
2990 1266 3341 1334 parturientis
3377 1263 3554 1317 instar

1983 1365 2246 1427 mulieris,
2287 1363 2407 1419 illos
2496 1364 2586 1434 qui
2685 1365 2782 1418 ista
2878 1363 3056 1416 conati
3155 1368 3316 1420 sunt,
3358 1368 3555 1422 magno

1982 1457 2148 1511 animi
2188 1455 2375 1509 dolore
2408 1451 2773 1507 vociferantes
2819 1450 3122 1519 arguimus.
3156 1447 3339 1501 Talem
3382 1460 3550 1515 agno-

1982 1560 2102 1599 scas
2132 1545 2353 1606 Isaiam,
2390 1542 2480 1597 uhi
2523 1544 2599 1596 ita
2636 1542 2891 1595 inclamat
2928 1557 2940 1592 :
2980 1559 2999 1591 ι
3038 1538 3148 1593 Vos
3182 1546 3362 1616 autem
3395 1550 3554 1590 acce-

1981 1639 2092 1693 dite
2118 1639 2249 1700 huc,
2276 1636 2393 1697 lilii.
2420 1650 2607 1690 semen
2636 1633 3013 1688 adulterorum
3043 1639 3097 1686 et
3128 1630 3461 1686 fornicariac.
3495 1629 3554 1681 In

1982 1743 2091 1797 quo
2119 1741 2218 1781 vos
2252 1725 2493 1781 deliciati
2536 1724 2715 1780 estis?
2752 1731 2807 1779 et
2847 1725 2900 1777 in
2922 1738 3032 1793 quo
3056 1721 3350 1792 aperuistis
3380 1734 3442 1773 os
3467 1734 3556 1773 re-

3213 1830 3227 1866 :
3267 1831 3285 1864 ι
3321 1811 3557 1866 Ohtenc-

1981 1911 2207 1965 brentur
2229 1924 2420 1964 eorum
2455 1908 2597 1961 oculi
2650 1923 2717 1961 ne
2753 1907 3002 1970 videant;
3034 1905 3195 1976 332
3237 1913 3290 1959 et
3332 1904 3555 1957 dorsum

1981 2016 2170 2056 eorum
2206 2015 2423 2070 semper
2451 2000 2677 2053 incurva
2710 1999 2775 2053 ".
2812 2017 2829 2050 ι
2873 1997 3108 2064 Quidam
3144 2009 3275 2050 vero
3315 1994 3557 2065 aﬂlictio-

1982 2108 2095 2146 nem
2130 2108 2374 2160 parvam,
2402 2106 2497 2147 eas
2525 2099 2739 2145 tantum
2778 2091 2955 2144 minas
2980 2090 3314 2157 intelligunt,
3346 2101 3467 2157 qum
3489 2084 3555 2138 ad

1982 2197 2120 2252 opus
2162 2196 2337 2253 usque
2362 2196 2470 2237 non
2497 2190 2801 2235 excurrunt
2828 2198 2840 2233 :
2863 2195 2984 2235 cum
3026 2194 3124 2249 pro
3160 2192 3257 2231 sua
3294 2178 3346 2230 in
3380 2174 3558 2228 homi-

1984 2291 2082 2331 nes
2124 2276 2506 2332 benevolentia
2550 2276 2652 2330 hoe
2693 2285 2901 2348 tantum
2953 2273 3081 2339 ﬁne,
3128 2281 3185 2326 ut
3210 2286 3305 2327 eos
3340 2286 3369 2324 a
3399 2268 3558 2322 malis

298 2373 512 2431 arceat,
551 2364 693 2421 Deus
733 2365 1038 2419 minitetur.
1082 2361 1197 2415 Non
1231 2364 1373 2415 enim
1408 2376 1565 2414 suum
1604 2360 1719 2428 ipse
1762 2362 1875 2415 odit
1915 2363 2269 2435 ﬁgmentum;
2302 2381 2497 2434 neque,
2534 2375 2590 2418 ut
2616 2366 2933 2426 ulciscatur,
2965 2364 3017 2417 in
3084 2363 3259 2416 lucem
3337 2358 3556 2419 educit;

299 2456 449 2520 quod
480 2459 748 2527 alioquin,
779 2461 825 2515 si
857 2462 986 2517 talis
1016 2470 1182 2528 esset,
1205 2458 1380 2515 cidem
1408 2458 1489 2514 vel
1519 2472 1624 2512 non
1650 2463 2007 2528 praunonenti
2037 2463 2247 2517 liceret.
2280 2462 2346 2515 At
2373 2475 2519 2515 nunc
2595 2460 2771 2518 minas
2839 2457 3142 2527 prtemittit,
3217 2462 3275 2507 ut

299 2565 364 2604 se
400 2552 534 2607 velle
572 2554 785 2608 doceat.

398 2646 552 2699 Ἐπεὶ
588 2646 769 2699 τοίνυν
808 2649 939 2716 φησὶ
992 2649 1057 2701 τὰ
1091 2648 1332 2718 ἡμέτερα
1380 2646 1600 2701 τοιαῦτα
1642 2648 1884 2714 γέγονεν,

299 2745 381 2807 ὡς
407 2743 495 2797 διὰ
524 2744 775 2813 μεγάλων
799 2743 1080 2813 τιμωριῶν
1109 2742 1169 2793 τὸ
1191 2742 1348 2811 χρέος
1381 2741 1707 2803 ὲκτιννύναι,
1728 2741 1884 2810 χρεία

300 2836 411 2889 τοῦ
445 2835 561 2888 σοῦ
595 2835 908 2903 ἀγαπητοῦ
941 2835 1037 2896 sit;
1068 2838 1353 2903 συμφορὰς
1402 2835 1534 2902 ἡμῖν
1578 2832 1885 2895 διαλύοντος

301 2928 512 2999 χάριτι.
561 2928 677 2995 Ἀφ’
708 2922 769 2981 οὗ
804 2927 912 2997 γὰρ
946 2928 1084 2979 κατὰ
1126 2927 1222 2997 τὴν
1248 2927 1581 2996 προφητείαν
1613 2929 1645 2996 ἡ
1681 2927 1884 2995 παρθέ-

300 3038 394 3083 νος
418 3019 638 3087 λέγεται
669 3018 973 3080 τετοκέναι,
1000 3018 1277 3087 πανταχοῦ
1312 3018 1641 3087 εὐαφόρμως
1670 3034 1880 3087 μνημο-

300 3110 453 3165 νεύει
482 3110 576 3163 τοῦ
603 3110 839 3163 παιδίου.
873 3110 936 3162 ΟΞ
964 3110 1020 3161 δὲ
1054 3109 1305 3176 λέγοντες
1332 3110 1395 3160 ἐκ
1425 3107 1701 3177 φιλοθεϊας
1730 3107 1882 3175 γενέ-

230 3251 237 3257 .
303 3205 434 3258 σθαι
457 3201 538 3268 τῷ
554 3203 839 3271 ἀγαπητῷ
866 3202 961 3255 τοῦ
984 3202 1124 3255 [Ιατὲ
1134 3219 1221 3271 ρος
1245 3203 1381 3271 ὅπερ
1405 3202 1707 3255 ὠδίνουσα
1727 3202 1885 3269 γυνὴ,

303 3295 609 3363 ἐμμένουσι
637 3297 704 3362 τῇ
732 3295 932 3364 τροπῇ,
959 3292 1255 3358 σωτηρίας
1296 3292 1547 3357 λέγοντες
1581 3290 1891 3356 πνεύματα

302 3385 501 3441 τὲκεῑν
532 3385 657 3451 τοῖς
702 3385 800 3437 ἐπὶ
846 3382 957 3452 τῆς
1005 3382 1150 3451 τῆς·
1194 3385 1331 3452 ὅπερ
1361 3381 1621 3452 ἁρμόττει
1677 3382 1891 3452 προφή-

305 3493 453 3540 ταις,
497 3475 821 3537 ἀποστόλοις
868 3491 926 3528 τε
974 3476 1070 3526 καὶ
1121 3473 1559 3541 εὐαγγελισταῖς.
1619 3472 1731 3541 Τῇς
1782 3472 1891 3540 γὰρ

304 3568 459 3630 θείας
508 3566 897 3637 μυσταγωγίας
956 3566 1164 3620 ἄνωθεν
1206 3565 1565 3628 πλουτοῦντες
1606 3565 1674 3619 τὰ
1722 3564 1890 3633 σπέρ-

306 3678 481 3733 ματα,
510 3663 621 3723 τοῖς
648 3659 748 3713 ἐπὶ
770 3658 880 3725 τῆς
911 3658 1023 3727 γῆς
1070 3657 1307 3726 πνεῦμα
1346 3657 1646 3725 σωτηρίας
1695 3655 1892 3719 ἐξέτε-

304 3770 443 3816 ator,
492 3753 591 3822 τὴν
630 3753 688 3804 ὲν
738 3750 1011 3818 πνεύματι
1044 3749 1287 3816 δηλονότι
1326 3747 1696 3802 διδασκαλίαν.
1737 3746 1893 3800 Φίλον

302 3845 419 3913 γὰρ
469 3846 536 3914 τῇ
592 3843 779 3913 Γραφῇ
832 3841 1069 3909 πνεῦμα
1103 3840 1289 3893 καλεῖν
1318 3840 1433 3892 ἐσθ’
1462 3842 1552 3893 ὅτε
1581 3839 1681 3902 τάς
1730 3856 1893 3891 τινων

307 3936 662 4007 συγγραφὰς,
692 3933 837 3987 κατὰ
866 3934 925 3987 τό
945 3950 958 3963 ο
999 3952 1017 3984 ι
1057 3932 1389 4002 Δοκιμάζετε
1418 3932 1487 3985 τὰ
1527 3931 1816 4001 πνεύματα
1846 3931 1893 3983 ει

306 4029 385 4080 ἐκ.
408 4025 503 4078 τοῦ
537 4023 685 4077 Gelon
727 4023 884 4077 εἰσίν.
918 4042 937 4074 ι
976 4032 999 4059 ι
1031 4022 1314 4093 Πνεύματι
1341 4022 1447 4092 γὰρ
1467 4021 1607 4091 ἁγιῳ
1630 4021 1690 4074 τὸ
1719 4021 1894 4091 σωτή-

309 4133 431 4188 ριον
451 4117 715 4186 κήρυγμα
742 4114 986 4182 λέγεται,
1017 4111 1269 4182 κοσμικῷ
1297 4112 1375 4175 δὲ,
1406 4110 1475 4164 τὰ
1504 4111 1680 4180 τούτῳ
1723 4110 1892 4181 μαχό-

309 4225 475 4279 μενα.
508 4206 600 4259 Διό
632 4222 799 4275 φησιν
821 4206 850 4257 ό
871 4204 1082 4267 Παῦλος
1102 4217 1115 4231 ⁸
1144 4222 1163 4256 ι
1211 4204 1400 4272 Ἡμεῖς
1423 4202 1479 4255 δὲ
1513 4202 1574 4254 οὐ
1595 4202 1656 4256 τὸ
1676 4200 1895 4270 πνεῦμα

305 4298 408 4351 τοῦ
440 4298 651 4367 κόσμου
679 4296 873 4349 τούτου
910 4295 1197 4365 ἐλάϐομεν,
1233 4294 1367 4347 ἀλλὰ
1402 4294 1464 4345 τὸ
1486 4292 1702 4362 πνεῦμα
1732 4293 1794 4345 τὸ
1831 4293 1895 4344 ἐκ

306 4392 409 4445 τοῦ
437 4390 596 4443 Θεοῦ.
633 4408 652 4441 ι
688 4388 933 4457 Πνεῦμα
964 4386 1143 4439 τοίνυν
1176 4386 1494 4454 σωτηρίας,
1526 4384 1586 4435 τὸ
1612 4383 1897 4451 εὐαγγελι-

307 4482 409 4536 κδν
456 4481 686 4535 ἐκάλεσε
721 4481 987 4550 κήρυγμα
1020 4477 1118 4547 τὴν
1144 4475 1362 4530 αἰώνιον
1401 4475 1547 4545 ζωὴν
1577 4473 1890 4545 προξενοῦν.

3343 2469 3494 2512 serva
3506 2468 3559 2505 ΓΟ

2055 2667 2323 2734 Quoniam
2355 2665 2540 2733 igitur,
2578 2664 2671 2727 ait,
2709 2676 2774 2716 eo
2818 2676 2904 2715 res
2948 2668 3149 2714 nostrae
3198 2655 3515 2711 reciderent
3545 2695 3558 2717 ,

1987 2768 2044 2812 ut
2073 2758 2283 2828 magnis
2323 2755 2630 2810 ultiouihus
2675 2751 2922 2806 debitum
2959 2750 3117 2803 nohis
3151 2746 3406 2801 luendum
3440 2744 3511 2799 sit
3547 2763 3559 2796 :

1983 2849 2173 2901 dilecto
2206 2858 2316 2913 tuo,
2368 2846 2461 2916 qui
2500 2844 2670 2914 gratis
2718 2842 3063 2896 calamitates
3113 2846 3333 2892 nostras
3372 2837 3559 2896 tollat.

1982 2957 2119 3011 aptis
2144 2948 2247 2995 cst.
2304 2938 2499 2992 Statim
2542 2936 2687 2991 enim
2723 2950 2787 2989 ex
2816 2949 2947 3003 quo,
2985 2932 3285 2989 secundum
3330 2928 3594 3000 prophe—.

1988 3033 2140 3094 tiam,
2170 3030 2321 3096 virgo
2356 3026 2630 3097 peperisse
2658 3026 2842 3078 audita
2864 3032 2969 3088 est,
3012 3030 3317 3093 opportune
3360 3018 3565 3088 ubique

1991 3119 2143 3189 pueri
2188 3118 2520 3170 mentionem
2550 3115 2697 3169 facit.
2741 3116 2808 3167 Λι
2841 3114 2932 3182 qui
2965 3128 3023 3167 se
3057 3111 3373 3165 divinitatis
3407 3123 3564 3163 amo.-

1995 3227 2050 3264 re
2082 3209 2273 3262 dilecto
2296 3205 2477 3261 Patris
2515 3208 2692 3261 instar
2732 3205 2978 3259 mulieris
3004 3203 3350 3273 parturientis
3394 3201 3566 3256 fuisse

1993 3303 2200 3365 dicunt,
2234 3300 2409 3353 eidem
2445 3299 2704 3369 loquendi
2742 3300 2928 3370 ligurte
2958 3299 3247 3359 insistunt,
3285 3296 3414 3349 dum
3453 3297 3564 3362 spi-

1993 3394 2152 3445 ritum
2185 3391 2376 3445 salutis
2408 3392 2497 3453 iis,
2528 3389 2622 3461 qui
2652 3398 2782 3445 sunt
2812 3391 2866 3443 iu
2898 3400 3060 3455 terra,
3098 3390 3361 3458 peperisse
3385 3404 3445 3443 se
3479 3388 3566 3441 in-

1996 3485 2216 3551 ferunt;
2265 3483 2411 3553 quod
2460 3483 2739 3553 prophetis
2771 3468 2942 3552 ipsis,
2979 3483 3359 3553 apostolisque
3402 3489 3569 3550 atque

1994 3577 2129 3631 adeo
2157 3574 2512 3646 evangelistis
2535 3576 2811 3640 convenit,
2843 3576 2936 3645 qui
2975 3574 3171 3629 divina:
3214 3573 3570 3644 mystagogite

1996 3668 2298 3725 seminibus
2330 3682 2569 3735 superne
2626 3668 2805 3731 dilati,
2840 3668 2909 3722 iis
2942 3667 3035 3737 qui
3059 3674 3188 3722 sunt
3217 3668 3441 3719 interra
3476 3682 3567 3718 sa-

1996 3762 2121 3814 lutis
2159 3759 2428 3827 spiritum,
2462 3760 2516 3814 id
2544 3767 2628 3814 est
2659 3759 2961 3828 spiritalem
2989 3760 3321 3820 doctrinam,
3357 3772 3568 3826 peperc-

1996 3860 2137 3905 runt.
2172 3850 2267 3905 Est
2288 3852 2433 3906 enim
2463 3850 2762 3921 Scriptura:
2794 3850 3075 3913 usitatum,
3101 3857 3161 3904 ut
3199 3848 3567 3919 quorumdam

1997 3942 2293 4011 aliquando
2346 3944 2572 4012 scripta,
2610 3937 2838 4009 spiritus
2882 3942 3252 4010 appellatione
3292 3940 3568 4009 dignetur,

1996 4029 2155 4097 quale
2184 4030 2414 4085 estillud
2442 4032 2454 4082 ζ
2490 4048 2509 4081 ι
2538 4027 2773 4082 Prohate
2791 4029 3021 4098 spiritus
3036 4043 3182 4081 anex
3201 4020 3310 4080 Deo
3336 4024 3566 4081 sunt‘h

1998 4120 2173 4191 Opera
2228 4121 2501 4192 siquidem
2552 4118 2798 4189 Spiritus
2850 4119 3027 4173 sancti
3073 4118 3255 4174 editur
3310 4118 3572 4172 salutaris

1997 4213 2346 4284 praedicatio;
2368 4210 2627 4265 mundani
2648 4219 2850 4272 autem,
2875 4226 2998 4279 qua:
3020 4210 3148 4265 huic
3174 4210 3568 4275 adversantur;

2000 4305 2143 4359 unde
2166 4312 2296 4358 sunt
2329 4311 2383 4358 et
2417 4303 2509 4357 illa
2547 4302 2703 4356 Pauli
2744 4320 2757 4356 :
2797 4320 2816 4353 ‹
2846 4300 3152 4355 Nosautetn
3185 4300 3439 4369 spiritum
3471 4299 3572 4351 hu-

1995 4396 2085 4466 jus
2112 4394 2301 4450 mundi
2334 4410 2442 4449 non
2469 4394 2804 4463 accepimus,
2835 4393 2928 4448 sed
2971 4393 3224 4462 spiritum
3253 4395 3345 4462 qui
3375 4408 3439 4445 ex
3466 4391 3573 4446 Deo

2000 4496 2085 4541 est
2121 4488 2189 4541 ι’.
2226 4505 2244 4536 ι
2274 4485 2429 4540 Patet
2474 4486 2659 4554 itaque
2692 4484 2939 4552 spiritum
2974 4485 3167 4538 salutis
3202 4484 3572 4551 evangelieani

308 4573 471 4635 Τινὲς
506 4571 564 4624 δέ
597 4588 762 4640 φασιν
793 4570 891 4639 τὴν
918 4571 982 4621 ὲκ
1006 4570 1104 4636 τῆς
1131 4565 1365 4635 ἀπειλῆς
1398 4565 1666 4629 ὠφέλειαν
1696 4565 1895 4634 ἐμφαί-

2004 4576 2148 4631 illam
2184 4574 2650 4646 medicationem,
2670 4588 2789 4643 quae
2814 4574 2979 4627 vitam
3010 4582 3267 4627 :eternam
3292 4574 3572 4637 conciliat,

305 4680 449 4717 νειν.
492 4657 589 4724 Ὦς
620 4660 829 4729 ἀγαθὸν
852 4660 961 4730 γὰρ
993 4658 1216 4730 σπέρμα
1242 4656 1349 4710 τὸν
1394 4656 1512 4709 σὸν
1535 4657 1725 4723 φόϐον
1746 4654 1903 4719 δεξά-

312 4773 493 4825 μενοι,
517 4755 611 4807 καὶ
639 4752 829 4806 τοῦτον
859 4750 1323 4821 κυοφορήσαντες,
1353 4750 1411 4801 ὲν
1429 4746 1606 4817 καιρῷ
1634 4745 1711 4817 τῷ
1728 4748 1904 4801 δέοντι

230 4884 235 4887 λ
310 4848 626 4914 σωτηρίαν
655 4844 1128 4915 ὲκαρπωσάμεοα.
1158 4843 1277 4894 Ἔτι
1316 4840 1423 4909 γὰρ
1452 4835 1601 4893 οὖσιν
1642 4842 1772 4909 ἡμῖν
1810 4840 1905 4892 ἐπὶ

309 4940 420 5011 γῆς
452 4938 646 5007 καιρὸν
686 4937 979 5007 μετανοίας
1022 4935 1263 5005 ἐχαρίσω
1289 4974 1304 4997 ,
1365 4934 1439 5005 μὴ
1488 4931 1801 5003 προανελὼν
1834 4934 1901 5002 τῇ

312 5032 437 5083 κατ’
467 5028 627 5094 ἀξίαν
652 5031 797 5100 δίκῃ,
818 5028 934 5083 ἀλλ’
979 5026 1165 5089 ἐνδοὺς
1205 5027 1591 5096 ὲπιστραφεῖσι
1642 5024 1902 5094 σωθῆναι.

312 5124 433 5176 Καὶ
463 5121 664 5188 νεκροὶ
694 5122 867 5187 ὄντες
897 5123 1011 5183 τοῖς
1041 5117 1479 5187 παραπτώμασι,
1531 5116 1627 5169 νῦν
1662 5116 1902 5183 erepan-

309 5219 549 5286 σόμεθα
578 5216 652 5279 ὡς
682 5216 790 5268 ἀπὸ
818 5210 1473 5285 μνημείων,ἀντιλήψεως
1514 5210 1769 5279 τυχόντες
1808 5211 1905 5278 τῆς

311 5306 475 5377 παρὰ
510 5306 626 5359 σοῦ.
667 5303 789 5373 Ὑφ’
930 5302 1233 5366 τελοῦντες,
1278 5302 1772 5371 ἀγαλλιασόμεθα
1799 5302 1905 5353 τῶν

311 5398 509 5453 κακῶν
540 5398 719 5468 ἔργων
760 5396 1154 5465 ἁπεσχημένοι.
1206 5394 1309 5449 Τὸν
1342 5395 1433 5446 σὸν
1481 5393 1591 5462 γὰρ
1637 5394 1783 5446 ἔλεον
1830 5393 1905 5457 ὡς

397 5552 442 5586 ’⁸
470 5554 618 5609 Psal.
677 5572 827 5618 xm,
875 5555 927 5619 9.
1010 5559 1052 5588 "
1098 5557 1201 5613 lsa.
1259 5574 1392 5624 LVII,
1452 5563 1506 5626 '5,
1546 5564 1597 5618 4.

1679 5564 1721 5593 ¹⁷
1774 5561 1915 5614 l‘sal.
1960 5576 2146 5625 ωινιιι,
2196 5560 2287 5614 9L

2002 4665 2330 4735 appellasse.
2354 4665 2519 4718 Aiunt
2551 4680 2684 4719 vero
2719 4667 2993 4730 nonnulli,
3016 4680 3158 4731 eam,
3190 4681 3311 4735 qua:
3327 4680 3388 4719 ex
3415 4664 3574 4718 niiuis

2002 4758 2200 4821 oritur,
2227 4756 2516 4810 utilitatem
2545 4756 3170 4828 signiticari.'l‘anquam
3196 4756 3341 4811 enim
3366 4771 3571 4822 semen,

2002 4849 2278 4918 inquiunt,
2309 4857 2504 4900 metum
2533 4856 2683 4901 tuum
2706 4850 3005 4919 complexi,
3037 4859 3092 4903 et
3121 4866 3185 4904 eo
3206 4858 3573 4919 prtegnantes.

2004 4940 2200 4994 idoneo
2250 4946 2497 5008 tempore
2529 4939 2759 4994 salutem
2801 4942 3172 5009 percepimus.
3219 4938 3353 4993 Nam
3398 4940 3576 4993 adhuc

2003 5031 2058 5085 in
2097 5039 2241 5086 terra
2266 5031 2594 5100 degentibus
2634 5033 2933 5102 pcenitendi
2960 5033 3196 5101 spatium
3245 5033 3573 5101 prorogasti,

2004 5137 2128 5177 cum
2155 5122 2321 5177 dilata
2360 5133 2536 5177 morte
2576 5123 2759 5192 justas
2793 5124 2861 5179 de
2909 5124 3063 5178 nobis
3096 5139 3283 5193 pmnas
3320 5134 3435 5176 tum
3466 5138 3575 5175 non

2006 5214 2323 5283 sumpsisti;
2365 5213 2459 5267 sed
2513 5216 2871 5285 resipiscendi
2919 5225 3152 5285 tempus;
3198 5226 3253 5268 ut
3306 5231 3573 5278 setvares.

2005 5303 2303 5358 indulsisti.
2347 5304 2449 5369 Qui
2490 5307 2643 5374 prius
2675 5321 2804 5375 ergo
2852 5314 3080 5375 propter.
3121 5313 3343 5374 peccata
3383 5308 3576 5359 mortui

2006 5409 2237 5456 eramus,
2277 5408 2423 5448 nunc
2463 5406 2720 5465 tanquam
2766 5398 2831 5451 de
2880 5395 3039 5466 333
3084 5395 3454 5451 monumentis
3498 5412 3578 5449 re-

2368 5562 2407 5592 "
2452 5561 2654 5615 lJoan.
2692 5578 2766 5624 tv,
2803 5562 2847 5615 Ι.
2931 5560 2971 5589 ¹²¹
3008 5556 3025 5610 l
3061 5556 3186 5611 Cor.
3227 5572 3284 5619 tt,
3316 5556 3398 5607 12.

1651 5681 1728 5734 VA
1744 5681 1879 5734 ΝΛΞ
1920 5680 2089 5735 LFAI'i
2103 5678 2318 5737 ltiNES.

391 5777 419 5817 J
449 5768 537 5824 ἴσ.
570 5772 628 5819 Α.
664 5770 745 5832 εἰς
772 5769 910 5845 φῶς.
992 5782 1013 5807 ι
1049 5773 1135 5827 ϊσ.
1168 5774 1323 5826 liv.
