4294 6438
729 423 865 492 2231
2030 434 2381 498 PROCOPII
2411 436 2652 497 GAZJ-Zl

3843 425 3986 492 2232

730 554 799 590 uo
837 534 1130 599 inducitur,
1153 549 1261 590 non
1289 538 1745 594 excandescentis
1776 541 1941 595 animi
1963 541 2303 598 all'ectionem
2332 548 2380 606 Α
2407 548 2426 599 i

2287 559 2303 597 ι
2332 548 2380 606 Α
2407 545 2565 615 ἡμῶν
2596 544 3061 616 πλημμεληθέντα
3087 544 3246 616 δίκην
3280 543 3664 614 ὀφειλομένην,
3688 542 3754 611 ἦν
3786 542 3983 606 ἐπάγει

732 624 840 693 (est
864 626 1010 677 enim
1043 628 1518 693 perturbationum
1551 643 1749 699 expers
1782 630 1967 701 Deus),
1993 632 2089 687 sed
2118 649 2309 702 pinnas

728 716 975 785 peccatis
1004 719 1211 772 nostris
1239 718 1455 773 debitas
1484 721 1768 791 intelligit;
1817 736 1955 791 quas
1983 739 2091 777 non
2121 724 2173 776 in
2208 722 2309 775 ad-

731 821 924 872 venas,
960 809 1054 863 sed
1080 811 1133 861 in
1168 818 1324 864 terra:
1352 812 1702 877 habitatores,
1737 814 1829 884 qui
1864 816 2155 884 praesentis
2181 826 2305 868 tan-

729 908 847 954 tum
889 901 1077 955 sa‘culi
1117 902 1396 972 voluptate
1434 898 1710 968 delectati,
1765 906 1915 959 omni
1968 905 2109 973 ejus,
2161 905 2305 974 quod

731 990 977 1043 futurum
1025 1001 1135 1055 est,
1186 1009 1282 1061 spe
1320 993 1553 1062 abjecta,
1597 1014 1615 1045 ι
1658 995 1897 1049 Edamus
1926 1002 1980 1049 et
2030 995 2305 1059 bibamus,

729 1081 1033 1147 cras_enim
1066 1083 1333 1136 morimur
1359 1084 1425 1149 ’°,
1471 1104 1490 1137 ι
1540 1086 1795 1154 inquiunt
1830 1103 1843 1139 :
1877 1085 2079 1155 quibus
2112 1099 2303 1141 eorum

729 1171 891 1238 plane
915 1172 1231 1228 contrarius
1254 1182 1337 1228 est
1358 1176 1602 1242 animus,
1627 1177 1718 1244 qui
1749 1187 1806 1231 ut
1832 1176 2057 1231 advenae
2075 1176 2128 1230 in
2155 1184 2303 1232 terra

729 1274 1043 1317 versantur.
1086 1262 1360 1320 Caeterum
1407 1283 1532 1323 cum
1566 1283 1740 1337 poena:
1784 1269 2139 1333 inducentur,
2176 1276 2305 1322 tunc

731 1367 920 1422 aperta
964 1359 1094 1410 tient
1121 1358 1465 1428 singulorum
1487 1360 1722 1431 ﬂagitia;
1750 1377 1870 1429 qua:
1896 1360 2003 1415 Deo
2034 1360 2306 1430 patienter

729 1455 785 1499 et
813 1447 1003 1501 leviter
1025 1459 1241 1518 agente,
1277 1451 1836 1507 adltucoccultantur.
1852 1452 2135 1507 Neminem
2156 1451 2329 1517 enim,

729 1552 853 1590 cum
890 1540 973 1592 ira
1011 1541 1312 1606 inducetur,
1350 1544 1524 1599 latere
1569 1547 1793 1613 poterit,
1844 1546 2117 1614 justitiam
2160 1559 2303 1610 esse,

730 1642 851 1693 qua:
883 1643 1109 1696 operum
1141 1633 1464 1700 pravitatem
1494 1635 1828 1697 ulciscatur;
1860 1635 2213 1705 quantumvis
2242 1647 2306 1686 ea

732 1717 884 1783 prius
924 1718 1224 1787 ignoretur.
1263 1722 1400 1777 Illud
1427 1723 1592 1777 etiam
1629 1723 1696 1778 de
1720 1724 1877 1779 vobis
1911 1723 2154 1778 futurum
2194 1729 2297 1786 est,

2406 638 2465 689 οὐ
2507 637 2643 707 πρὸς
2669 637 2794 701 τοὺς
2819 636 3236 705 παροικοῦντας,
3260 636 3397 690 ἀλλά
3429 633 3859 695 κατοικοῦντας
3882 630 3982 682 ἐπὶ

2406 727 2517 795 τῆς
2547 728 2681 797 γῆς,
2740 730 2788 780 oi
2831 728 2925 781 τοῦ
2962 730 3231 799 παρόντος
3268 728 3463 790 αίῶνος
3518 727 3676 795 μόνον
3724 724 3830 778 sisi.
3883 724 3985 784 τὰς

2406 820 2543 891 πρὸς
2566 820 2627 872 τὸ
2662 819 2853 887 μέλλον
2879 819 3101 882 ἐλπίδας
3134 821 3353 883 ἁπάσας
3385 818 3770 888 ἀπειρηκότες,
3801 815 3987 881 λέγον-

2406 927 2530 973 τες·
2560 929 2577 961 ι
2613 911 2883 978 Φάγωμεν
2910 910 3005 962 καὶ
3044 910 3290 979 πίωμεν·
3345 907 3539 980 αὔριον
3593 908 3703 975 γὰρ
3749 904 3987 974 ἀποθνή-

2409 1018 2629 1069 σκομεν.
2676 1020 2693 1051 ι
2750 995 2847 1063 Οἷς
2898 1002 3116 1054 ἐναντία
3148 1000 3256 1053 τῶν
3300 999 3714 1070 παροικούντων
3764 997 3856 1049 ἐπὶ
3885 997 3986 1064 τῆς

2408 1094 2509 1162 γῆς
2541 1094 2573 1162 ἡ
2595 1092 2857 1155 διάθεσις.
2884 1093 2995 1161 Τῆς
3017 1093 3073 1146 δὲ
3100 1093 3257 1158 δίκης
3290 1091 3645 1161 ἐπαχθείσης,
3666 1090 3733 1143 τὰ
3755 1090 3984 1143 ἑκάστου

2406 1180 2555 1234 κακά
2589 1179 2831 1249 πρόδηλα
2885 1179 3134 1246 γίνεται,
3184 1178 3327 1250 ἅπερ
3380 1177 3870 1249 μακροθιδμοῦντος
3905 1175 3987 1227 ἔτι

2404 1268 2499 1322 τοῦ
2532 1268 2668 1322 Θεοῦ
2700 1268 3163 1335 συγκαλύπτεται.
3193 1269 3333 1321 nam
3357 1268 3464 1338 γάρ
3492 1267 3652 1335 δῆλον
3691 1264 3987 1333 ἐπαγομέ-

2404 1377 2517 1428 νης
2548 1358 2731 1428 ὀργῆς
2768 1358 2842 1422 ὡς
2876 1360 2906 1429 ἡ
2939 1359 3063 1426 δίκη
3103 1357 3357 1427 πονηρῶν
3391 1360 3507 1410 ἐστι
3534 1357 3787 1427 πράξεων
3811 1372 3986 1421 τιμω-

2407 1449 2519 1519 ρὸς,
2554 1451 2601 1501 εἰ
2628 1448 2718 1501 καὶ
2762 1448 2955 1515 πρώην
2983 1446 3292 1500 ἐλάνθανον.
3345 1445 3517 1501 Τοῦτο
3552 1443 3643 1497 καὶ
3699 1443 3782 1510 ἐφ’
3831 1440 3989 1507 ὑμῶν

2407 1539 2587 1603 ἔσται,
2609 1539 2764 1608 φησι,
2788 1539 3067 1592 θυσάντων
3096 1538 3163 1589 τὰ
3192 1538 3357 1589 τέκνα
3380 1538 3490 1598 τοῖς
3518 1534 3838 1600 δαιμονίοις.
3876 1531 3987 1582 Καὶ

2405 1625 2547 1693 αὕτη
2579 1625 2759 1677 τοίνυν
2784 1625 2939 1693 ὑμῶν
2969 1626 3006 1690 ἡ
3033 1622 3109 1691 γῆ
3150 1624 3522 1694 κατηγορήσει
3559 1620 3829 1691 δεξαμένη
3867 1620 3989 1672 τού-

2408 1734 2517 1769 των
2558 1717 2629 1769 τὰ
2661 1718 2901 1784 αἵματα.
2932 1717 3041 1769 Καὶ
3066 1715 3235 1769 ταῦτα
3260 1716 3358 1782 μὲν
3394 1709 3561 1770 οὗτοι.

731 1811 827 1872 ait,
865 1810 957 1879 qui
999 1814 1138 1867 lilios
1178 1821 1395 1868 vestros
1433 1814 1724 1870 dmmoniis
1764 1815 2071 1871 mactastis.
2103 1814 2169 1869 Et
2202 1826 2300 1866 vos
2340 1808 2507 1879 igitur
2547 1809 2661 1877 ipsa
2702 1808 2990 1863 accusabit
3014 1818 3319 1876 terra,qu:e
3373 1806 3687 1878 sanguinem
3738 1803 3985 1861 ipsorum

731 1903 1027 1972 exceperit.
1064 1904 1243 1974 Atque
1269 1904 1385 1960 btec
1407 1906 1624 1974 quidem
1662 1906 1760 1961 illi.

1322 1994 1475 2049 CAP.
1501 1993 1717 2049 XXVII.

805 2083 970 2138 Vens.
1002 2084 1157 2137 1-H.
1188 2084 1283 2138 Die
1324 2086 1419 2139 illa
1469 2085 1677 2139 inducet
1720 2085 1860 2141 Deus
1899 2085 2135 2157 gladium
2179 2101 2304 2138 san-

730 2186 891 2237 ctum,
912 2187 959 2227 et
990 2192 1237 2245 magnum
1267 2186 1317 2231 et
1341 2179 1573 2232 validum
1603 2194 1757 2246 super
1803 2188 2085 2247 serpentem
2114 2178 2305 2231 draco-

731 2285 845 2321 nem
879 2268 1357 2336 fugientem,super
1384 2270 1666 2325 draconem
1697 2270 1966 2326 colubrum
2006 2263 2301 2333 sinuosum,

728 2372 776 2417 et
801 2362 1077 2430 inter/idet
1110 2371 1419 2430 serpentem,
1452 2372 1561 2418 etc.

799 2534 901 2600 Qui
927 2545 1105 2590 autem
1135 2536 1241 2591 ista
1268 2537 1335 2592 de
1363 2540 1834 2594 consummatione
1856 2538 1963 2594 dici
1989 2539 2295 2596 voluerunt.

727 2633 783 2680 ct
825 2625 890 2679 ad
922 2626 1188 2693 judicium
1224 2627 1381 2693 illud,
1409 2628 1557 2698 quod
1591 2629 1644 2683 in
1680 2644 1741 2683 ca
1780 2634 2021 2685 futurum
2070 2636 2174 2692 est,
2208 2644 2297 2683 rc-

728 2715 881 2779 lerri,
918 2716 1299 2784 signiﬁcarunt
1344 2716 1460 2775 lore
1489 2728 1567 2782 ut,
1624 2719 1734 2775 illis
1778 2720 2109 2789 adimpletis,
2152 2734 2298 2773 mors

728 2804 847 2873 ipsa
880 2807 993 2875 (qui
1027 2807 1256 2863 ultimus
1282 2815 1367 2862 est
1392 2810 1634 2863 omnium
1670 2809 1866 2880 hostis)
1897 2809 2294 2864 conﬁceretur:

728 2898 916 2966 itaque
953 2898 1078 2953 inde
1118 2915 1261 2964 esse,
1293 2901 1437 2969 quod
1468 2903 1521 2954 in
1558 2901 1677 2970 ipso
1714 2918 1896 2955 rerum
1925 2903 2166 2955 omnium
2203 2916 2296 2953 cx-

729 3003 922 3054 iremo,
963 2990 1469 3062 consummatisil'ue
1515 2994 1772 3047 omnibus
1821 2994 1896 3060 (id
1941 2994 2083 3049 enim
2127 2994 2179 3046 in
2216 2992 2298 3044 die

726 3082 825 3135 illa
864 3084 1157 3153 signiﬁcat)
1196 3086 1437 3155 gladium
1483 3097 1723 3139 sanciunt
1756 3085 1967 3154 (durum
2009 3085 2165 3139 aiunt
2211 3085 2293 3137 in-

731 3181 997 3242 terpretes
1037 3175 1257 3245 reliqui)
1292 3185 1340 3228 et
1385 3175 1619 3231 validum
1670 3177 1805 3231 Deus
1851 3179 1919 3232 sit
1958 3176 2294 3239 induc-turns,

728 3267 820 3334 qui
869 3269 921 3322 in
969 3270 1181 3325 nullum
1230 3270 1397 3325 alium
1438 3272 1681 3326 inductus
1723 3288 1991 3329 mensum
2041 3272 2291 3343 maligni-

730 3358 863 3413 tatis
897 3358 1018 3427 ejus
1052 3361 1374 3415 servabatur
1404 3381 1418 3416 :
1452 3362 1687 3432 qualiter
1729 3370 1783 3418 et
1829 3364 1877 3417 ei
1922 3363 2171 3434 contigit,
2202 3363 2293 3430 qui

728 3446 997 3502 Adamum
1044 3448 1098 3504 in
1145 3449 1401 3519 paradiso
1450 3453 1842 3523 supplantavit,
1882 3468 2056 3523 eoque
2105 3452 2295 3523 gradu,

728 3552 890 3607 quem
910 3532 1035 3595 erat
1071 3540 1213 3611 apud
1240 3539 1411 3597 Deum
1444 3552 1794 3607 consecutus,
1831 3543 2164 3598 deturbavit.
2200 3543 2297 3597 Ille

727 3632 1011 3695 nimirum,
1053 3633 1122 3688 de
1172 3649 1280 3703 quo
1327 3636 1589 3691 scribitur
1625 3653 1640 3692 :
1676 3635 1803 3690 Erat
1848 3644 2028 3691 autem
2073 3652 2297 3706 serpens

738 3723 1197 3790 prudentissimus
1260 3724 1424 3797 338
1502 3726 1802 3782 bestiarum
1869 3728 2111 3781 omnium
2180 3742 2298 3796 quae

685 3843 688 3847 ~
728 3823 857 3868 sunt
890 3814 943 3867 in
982 3824 1123 3871 terra
1155 3817 1235 3882 ³¹;
1275 3835 1294 3867 ι
1332 3817 1444 3882 ille,
1471 3818 1714 3887 inquam,
1749 3819 1836 3886 qni
1874 3818 2065 3887 primis
2097 3833 2296 3888 paren-

727 3904 898 3967 tibus,
933 3912 987 3958 et
1023 3919 1210 3958 eorum
1253 3908 1573 3975 posteritate
1609 3923 1706 3977 per
1752 3907 1996 3963 fraudem
2031 3909 2293 3979 deceptis,

728 3997 1113 4060 percommode
1171 4011 1381 4064 serpens
1433 3996 1554 4052 ideo
1607 3997 1923 4052 nominatus
1976 4007 2095 4063 est,
2151 3998 2295 4067 quod

727 4084 877 4137 humi
911 4100 1123 4153 repere,
1149 4084 1544 4157 hominumque
1570 4088 1800 4157 pedibus
1827 4089 2073 4144 insidiari
2101 4091 2293 4155 soleat,

731 4182 789 4228 ut
858 4175 1063 4245 injecto
1113 4192 1323 4233 veneno
1350 4179 1416 4232 de
1444 4187 1593 4233 recta
1625 4180 1691 4233 ad
1725 4180 1890 4236 Deum
1919 4181 2001 4235 via
2038 4182 2291 4251 depellat.

729 4284 749 4317 ι
787 4263 908 4336 Ipse
938 4267 1083 4321 enim
1117 4274 1363 4323 conteret
1404 4276 1569 4338 caput
1602 4278 1780 4333 tuum,
1814 4269 1890 4323 ait
1929 4269 2195 4325 Dominus
2224 4272 2291 4332 ³¹,

723 4366 774 4413 et
820 4366 875 4410 tu
924 4356 1047 4426 ejus
1101 4359 1364 4413 ealeaneo
1417 4359 1789 4416 insidiabcris.
1834 4380 1851 4411 ι
1901 4359 2079 4415 Moses
2130 4359 2294 4431 igitur

724 4445 971 4502 fraudem
1006 4447 1127 4516 ejus
1162 4448 1421 4504 recitasse
1458 4458 1774 4515 contentus,
1809 4450 1938 4520 quid
1989 4465 2112 4504 eum
2158 4466 2292 4520 sup-

722 4539 868 4607 plicii
904 4550 1149 4592 maneret
1183 4541 1550 4608 praetermisit,
1581 4542 1727 4609 quod
1776 4556 1919 4596 nunc
1952 4556 1978 4593 a
2027 4541 2288 4611 praplieta

718 4630 963 4685 docetur.
1026 4628 1189 4699 Virga
1252 4630 1344 4685 Dei
1408 4633 1573 4700 igitur
1632 4642 1819 4700 recta,
1878 4643 1933 4687 et
1989 4633 2370 4719 disciplinaeD

720 4721 956 4785 idonea;
1007 4721 1239 4790 legimus
1278 4723 1423 4776 enim
1462 4740 1475 4775 :
1519 4742 1536 4774 ι
1577 4722 1741 4792 Virga
1790 4723 2110 4779 directionis
2143 4724 2291 4792 virga

721 4813 872 4881 regni
925 4814 1002 4865 tui
1058 4812 1154 4867 ³⁸ι
1206 4832 1224 4862 ι
1263 4814 1391 4875 illis,
1429 4814 1521 4883 qui
1572 4824 1921 4883 peccatorum
1969 4816 2291 4869 medicinam

721 4902 1038 4967 admittunt,
1068 4903 1133 4956 ad
1169 4905 1570 4957 correctionem
1603 4913 1816 4958 servata
1844 4912 1947 4958 est.
1983 4905 2049 4957 At
2083 4920 2290 4971 serpens

722 5001 870 5047 totus
906 4992 1109 5061 ubique
1139 4995 1422 5054 sinuosus.
1453 5007 1508 5047 et
1555 5008 1778 5063 pravus,
1812 4994 1961 5047 humi
2005 4994 2201 5049 deinde
2236 4996 2289 5047 in

718 5089 965 5135 ventrem
1003 5089 1057 5136 et
1096 5092 1287 5150 pectus
1339 5098 1554 5151 repens,
1595 5084 1951 5152 omniumque
1983 5085 2161 5139 calces
2195 5085 2289 5135 ob-

720 5184 972 5234 servans,
1011 5181 1143 5240 post
1188 5172 1483 5242 impiorum
1535 5182 1778 5227 omnium
1818 5172 2119 5237 interitum,
2159 5175 2290 5226 duro

718 5259 802 5314 illi
849 5271 896 5314 et
931 5278 1142 5331 magno,
1186 5263 1462 5331 validoque
1500 5265 1675 5332 gladio
1717 5264 1901 5334 (quem
1938 5264 2289 5333 Septuaginta

726 5357 916 5402 notant.
946 5351 1291 5422 interpretes)
1318 5353 1598 5416 tradetur;
1629 5354 1788 5424 cujus
1818 5355 2038 5408 nomine
2068 5356 2289 5409 verbum

724 5436 816 5493 Dei
852 5440 1041 5497 vivens
1072 5454 1125 5500 et
1150 5442 1361 5506 eﬂicax,
1398 5451 1451 5496 et
1480 5443 1723 5511 quolibet
1770 5444 1950 5513 gladio
1997 5445 2218 5514 ancipiti
2248 5445 2293 5475 ³³
2392 5448 2420 5499 δ

2392 5448 2564 5500 ὄντων
2602 5448 2700 5518 τὴν
2749 5448 3047 5503 ὑπόστασιν
3100 5448 3377 5515 ἀφανίζων
3406 5445 3592 5513 αὑτοῦ,
3622 5445 3883 5515 καὶπρὸς
3924 5448 4001 5501 τὸ

795 5614 837 5646 ⁸⁸
869 5616 971 5671 Isa.
1005 5633 1141 5685 χιιι,
1170 5618 1263 5680 lii;
1300 5618 1470 5674 lCnr.
1512 5636 1599 5682 xv,
1634 5621 1720 5673 5:2.
1797 5622 1838 5652 ⁵⁸
1875 5621 2013 5676 Gen.
2052 5639 2129 5684 ιιι,
2168 5625 2218 5677 t.

2294 5624 2336 5655 "
2370 5625 2500 5678 ibid.
2539 5625 2623 5680 15.
2687 5628 2731 5658 ³³
2762 5625 2906 5682 Psal.
2942 5641 3085 5687 μιν,
3131 5626 3181 5679 7.

2991 1978 3242 2031 ΚΕΦΑΛ.
3273 1979 3420 2044 KQ".

2480 2079 2642 2128 a-ta'.
2696 2071 2775 2138 Τῇ
2802 2071 2991 2139 ἡμέρᾳ
3019 2070 3222 2136 ἐκείνῃ
3248 2068 3456 2133 ἐπάξει
3490 2071 3523 2123 ὀ
3555 2068 3699 2132 Θεὸς
3727 2068 3841 2133 τὴν
3879 2068 3987 2137 μά-

2406 2180 2622 2236 χαιραν
2643 2161 2754 2229 τὴν
2774 2163 2967 2231 ἁγίαν,
2991 2160 3086 2211 καὶ
3112 2158 3224 2224 τὴν
3236 2158 3527 2227 μεγάλην,
3554 2158 3649 2211 καί
3674 2159 3789 2223 τὴν
3815 2160 3989 2226 ισχυο

2397 2258 2517 2327 par
2551 2254 2650 2307 ἐπὶ
2696 2253 2801 2307 τὸν
2848 2250 3146 2318 δράκοντα
3183 2249 3290 2302 τὸν
3333 2249 3474 2318 ὅφιν
3500 2249 3798 2318 φεύγοντα
3822 2265 3835 2277 ο
3886 2247 3990 2303 ἐπὶ

2404 2347 2510 2397 τὸν
2535 2343 2832 2412 δράκοντα
2865 2339 3002 2408 ὅφιν
3024 2337 3298 2400 σκολιὸν,
3328 2340 3427 2390 καί
3462 2336 3671 2390 ἀνελεῖ
3694 2337 3800 2389 τὸν
3840 2336 3990 2403 δρά-

2404 2451 2609 2495 κοντα,
2643 2451 2697 2486 κ.
2738 2451 2788 2485 τ.
2817 2431 2866 2485 λ.

2474 2530 2537 2580 Οἱ
2581 2526 2638 2578 δὲ
2691 2524 2818 2594 περὶ
2870 2522 2971 2591 τῆς
3032 2520 3341 2584 συντελείας
3372 2520 3624 2591 εἰρῆσθαι
3656 2518 3851 2581 ταῦτα,
3887 2518 3985 2571 καὶ

2399 2620 2500 2689 τῆς
2534 2619 2624 2671 ἐπὶ
2649 2616 2823 2688 ταύτῃ
2852 2614 3171 2685 νομίσαντες
3204 2614 3461 2684 κρίσεως,
3505 2614 3730 2680 ἔφασαν,
3764 2611 3837 2674 ὡς
3861 2612 3985 2665 τού-

2400 2729 2506 2764 των
2539 2707 2993 2763 ἐπιτελεσθέντων
3038 2706 3265 2775 ἔσχατος
3313 2704 3505 2775 ἐχθρὸς
3565 2703 3983 2774 καταργεῖταιὸ

2402 2803 2651 2864 θάνατος.
2692 2799 2782 2851 Διὸ
2841 2799 2933 2851 ἐπὶ
2986 2797 3130 2851 τέλει
3165 2796 3273 2849 τῶν
3309 2796 3465 2860 ὅλων,
3499 2796 3593 2849 καὶ
3625 2798 3765 2863 μετά
3800 2796 3982 2847 πάντα

2400 2894 2577 2965 (τοῦτο
2607 2892 2715 2962 γάρ
2753 2892 2867 2944 ἐστι
2888 2888 2970 2953 τὸ,
2990 2887 3063 2955 τῇ
3094 2887 3277 2956 ᾑμέρᾳ
3307 2886 3754 2958 ἑκείνῃ)ἑπάεει
3777 2889 3809 2939 ὁ
3833 2886 3984 2951 Θειίς

2398 2986 2515 3052 τὴν
2535 2986 2839 3053 μάχαιραν
2860 2980 2972 3048 τὴν
2992 2980 3170 3050 ἁγίαν
3208 2981 3304 3034 καὶ
3337 2980 3453 3048 τὴν
3490 2980 3748 3048 ίσχιιρὰν
3788 2978 3917 3047 μήτε
3956 2989 3981 3016 ε

2397 3078 2453 3131 δὲ
2480 3076 2573 3130 τοῦ
2604 3074 2720 3142 τὴν
2788 3073 2967 3142 ἁγίαν
3003 3070 3320 3141 (σκληρὰν
3362 3070 3633 3135 ἐξέδωκαν
3684 3069 3735 3121 oi
3775 3068 4000 3133 λοιποὶ),

2397 3170 2518 3238 ἥτις
2551 3167 2741 3238 μηδενὶ
2773 3164 2882 3217 τῶν
2934 3163 3110 3219 ἄλλων
3164 3162 3495 3232 ἐπαχθεῖσα
3544 3163 3792 3233 ἐτηρεῖτο
3823 3160 3841 3198 ί
3877 3160 3982 3230 τῆς

2398 3259 2565 3315 αὐτοῦ
2602 3254 2824 3323 κακίας,
2854 3255 3129 3323 ἀναλόγως
3172 3255 3249 3323 τῷ
3276 3256 3366 3307 τὺν
3408 3253 3576 3324 Ἀδάμ
3604 3254 3661 3306 ὲν
3694 3252 3772 3323 τῷ
3802 3270 3983 3323 παρα-

2399 3352 2561 3419 δείσῳ
2594 3349 2925 3410 σκελίσαντι,
2949 3347 3044 3400 καὶ
3068 3345 3307 3408 στάσεως
3328 3343 3686 3399 καταϐαλόντι
3702 3344 3801 3414 τῆς
3827 3342 3984 3411 παρά

2398 3442 2475 3512 τῷ
2496 3441 2635 3512 Θεῷ.
2679 3440 2812 3509 Περὶ
2866 3430 2927 3492 οὗ
2978 3436 3168 3506 φησὶν,
3199 3455 3217 3487 ι
3266 3436 3325 3489 ’0
3357 3436 3415 3489 δὲ
3442 3435 3567 3503 ὗςρις
3598 3430 3667 3505 ἦν
3697 3432 3985 3505 φρονιμώιο

2400 3551 2558 3606 τερος
2615 3534 2833 3588 πάντων
2884 3528 2993 3583 τῶν
3039 3527 3244 3599 θηρίων
3286 3527 3394 3581 τῶν
3424 3529 3515 3581 ἐπὶ
3542 3528 3643 3597 τῆς
3678 3528 3799 3596 γῆς.
3841 3545 3859 3575 ι
3919 3527 3985 3578 ’0

2404 3628 2541 3698 μετά
2593 3626 2718 3688 τοὺς
2778 3623 3231 3694 πρωτοπλάστους
3289 3621 3383 3675 καὶ
3430 3621 3558 3683 τοὺς
3607 3618 3667 3684 ἐξ
3707 3619 3885 3672 αὐτῶν
3909 3619 3984 3672 δι’

2399 3719 2614 3787 ἀπάτης
2640 3714 2796 3778 ἑλὼν,
2833 3712 3125 3785 προσφυῶς
3158 3712 3293 3781 ὄφις
3342 3711 3549 3782 ῥηθεὶς,
3593 3710 3669 3773 ὡς
3702 3710 3888 3781 ἕρπων
3917 3727 3985 3763 τε

2399 3810 2576 3882 χαμαὶ
2609 3808 2704 3863 καὶ
2729 3809 2838 3869 τοῖς
2868 3805 2975 3859 τῶν
3002 3803 3304 3873 ἀνθρώπων
3339 3803 3645 3873 ἐφεδρεύων
3689 3804 3871 3862 ποσὶν,
3900 3804 3985 3866 ὡς

2400 3903 2467 3957 ἂν
2494 3903 2674 3964 αὐτοῖς
2706 3902 2797 3953 τὸν
2831 3900 2908 3952 Div
2939 3898 3191 3968 ἐμϐαλὼν
3223 3897 3323 3967 τῆς
3373 3897 3540 3967 ὀρθῆς
3583 3896 3677 3950 καὶ
3724 3896 3858 3966 πρὸς
3890 3898 3986 3949 τὸν

2400 3995 2535 4048 Θεὸν
2562 3993 2802 4062 ἀγούσης
2836 3989 3135 4045 καταϐάλοι
3174 3990 3419 4060 πορείας.
3454 4009 3473 4039 ι
3515 3989 3686 4051 Αὐτὸς
3725 3988 3832 4057 γάρ
3858 4006 3987 4051 σου,

2401 4088 2553 4157 φησι,
2609 4085 2841 4155 τηρήσει
2896 4085 2921 4123 ⁸
2984 4082 3250 4150 κεφαλὴν,
3293 4083 3387 4136 καὶ
3416 4082 3481 4133 σὺ
3511 4082 3769 4151 τηρήσεις
3807 4080 3987 4134 αὐτοῦ

2399 4177 2661 4247 πτέρναν.
2702 4195 2719 4225 ο
2758 4176 2961 4245 Μωσῆς
2992 4174 3090 4245 μὲν
3117 4169 3210 4226 οὖν
3232 4171 3330 4243 τὴν
3360 4172 3419 4238 ἐξ
3456 4171 3620 4230 αὐτοῦ
3646 4173 3803 4239 μόνον
3836 4173 3979 4225 άπά-

2396 4285 2497 4339 την
2530 4267 2720 4332 εἰπὼν,
2749 4265 2847 4337 τὴν
2881 4267 3143 4337 μένουσαν
3184 4264 3344 4319 αὑτὸν
3371 4262 3527 4333 δίκην
3561 4263 3883 4333 παρέλιπεν,
3914 4267 3988 4333 ἣν

2394 4362 2423 4413 ὁ
2450 4358 2642 4429 παρὼν
2687 4359 2975 4428 προφήτης
3032 4356 3295 4422 ἐδίδαξεν.
3334 4354 3395 4408 'II
3444 4355 3543 4423 μὲν
3576 4351 3669 4409 οὗν
3716 4354 3808 4407 τοῦ
3838 4355 3989 4407 Θεοῦ

2397 4451 2592 4522 ῥάϐδος
2633 4448 2815 4502 εὐθεῖά
2867 4466 2950 4511 τις
3000 4442 3133 4502 οὖσα
3172 4448 3265 4501 καὶ
3313 4446 3654 4515 παιδευτικὴ,
3686 4448 3828 4500 κατὰ
3880 4449 3991 4499 τόε

2403 4560 2420 4593 ι
2469 4540 2693 4603 Ῥάϐδος
2724 4540 3038 4607 εὐθύτητος,
3070 4539 3102 4608 ἡ
3146 4538 3336 4609 ῥάϐδος
3367 4540 3463 4605 τῆς
3493 4537 3768 4607 βασιλείας
3808 4554 3934 4599 σου,
3966 4559 3988 4592 ι

2394 4636 2506 4695 τοῖς
2536 4633 2728 4701 ἰάσιμα
2756 4632 3103 4702 ἡμαρτηκόσι
3134 4631 3434 4701 τετήρηται
3488 4629 3625 4699 πρὸς
3665 4628 3991 4697 διόρθωσιν.

2409 4719 2469 4774 Ὀ
2496 4720 2551 4772 δὲ
2580 4719 2759 4791 [ὄφις]
2820 4720 2940 4781 ὅλος
3000 4718 3067 4771 δι’
3112 4718 3235 4771 ὅλου
3289 4718 3576 4787 καμπύλος
3624 4717 3717 4771 καὶ
3758 4717 3993 4781 σκολιὸς

2393 4811 2578 4880 ἕρπων
2603 4827 2662 4863 τε
2688 4809 2862 4879 χαμαὶ
2887 4809 2979 4860 ἐπὶ
3006 4808 3212 4860 κοιλίαν
3230 4807 3323 4861 καὶ
3350 4806 3545 4876 στῆθος
3567 4808 3659 4861 καὶ
3680 4807 3775 4869 τάς
3792 4807 3992 4860 ἀπάν-

2392 4920 2501 4955 των
2536 4902 2773 4971 πτέρνας
2816 4902 3022 4970 τηρῶν,
3059 4901 3198 4970 μετά
3236 4902 3361 4962 τοὺς
3389 4900 3607 4963 ἀσεϐεῖς
3641 4900 3871 4962 πάντας,
3915 4904 3994 4971 τῇ

2390 4992 2632 5060 σκληρᾷ
2674 4993 2765 5045 καὶ
2791 4992 3030 5060 μεγάλῃ
3090 4992 3188 5044 καὶ
3234 4989 3453 5060 ἰσχυρᾷ
3489 4992 3750 5059 μαχαίρᾳ
3788 5007 3985 5060 παρα.-

2389 5084 2696 5153 δοθήσεται,
2723 5085 2788 5153 ῆν
2818 5083 3024 5152 ἔφασαν
3049 5084 3099 5135 οἱ
3149 5084 3579 5153 Ἐϐδομήκοντα·
3618 5083 3684 5136 δι’
3713 5078 3778 5152 ἦς
3811 5084 3842 5133 ὁ
3876 5084 3994 5136 ’τοῦ

2390 5177 2527 5230 Θεοῦ
2568 5176 2892 5245 σημαίνεται
2919 5175 3075 5243 λόγος
3095 5177 3123 5228 ὁ
3157 5176 3262 5239 ζῶν
3290 5178 3379 5228 καὶ
3408 5176 3635 5245 ἐνεργὴς
3665 5176 3757 5227 καὶ
3783 5173 3980 5242 τομώ-

2388 5286 2544 5337 τερος
2572 5268 2711 5336 ὑπὲρ
2737 5269 2915 5320 πᾶσαν
2936 5268 3217 5339 μάχαιραν
3246 5268 3517 5335 δίστομον,
3556 5267 3613 5328 ὃς
3634 5265 3707 5327 ὡς
3737 5266 3995 5335 ἐναντίῳ

2390 5354 2470 5420 τῷ
2499 5355 2780 5424 δράκοντι
2839 5355 3080 5409 ἐπελθὼν
3135 5358 3375 5411 ἀνεῖλεν
3415 5356 3443 5395 ⁸³
3494 5356 3657 5424 φασὶν
3687 5353 3879 5415 αὑτὸν,
3926 5357 3991 5416 ἐξ

3270 5625 3312 5659 ³⁵
3353 5624 3515 5681 Hebr.
3550 5640 3623 5693 tv,
3660 5625 3746 5684 12.

2011 5734 2240 5788 νΛΙὶΙιΕ
2287 5735 2687 5791 LECTIONES.

796 5833 818 5866 ι
844 5820 927 5887 70,
959 5822 1097 5886 ὰνςι-
1187 5823 1269 5877 ίλ
1338 5824 1419 5877 ι’σ.
1453 5826 1633 5907 μέτρα·

1741 5830 1759 5855 ⁵
1794 5829 1874 5881 id.
1917 5830 2063 5904 ιειρή
2102 5842 2212 5874 σου.
2265 5828 2627 5901 hci-c.6261“;

4233 4043 4235 4105 l
